4098 6330
263 355 328 420 l3
1079 346 1176 409 DE
1215 341 1796 406 THEOPHYLACTI
1837 339 2108 402 GESTIS
2149 339 2244 400 ΕΤ
2285 334 2658 398 SCRIPTIS.
3483 328 3551 393 14

263 469 571 550 marginis
621 483 754 529 ora.
811 467 932 528 Aut
969 465 1282 526 alterutro
1313 470 1484 524 certe
1524 461 1588 522 in
1634 461 1775 522 loro
1827 459 2132 520 mendum
2166 455 2356 519 cubat
2392 476 2407 514 :
2440 458 2550 517 aut
2601 471 2682 515 ex
2734 451 2899 531 ipsis
2946 448 3265 524 numeris,
3330 449 3555 510 unarii

261 573 766 652 transpositione
824 568 1086 640 vitiatis,
1130 564 1453 645 profectus
1487 578 1668 624 error
1702 569 1838 634 est;
1906 569 2182 619 numero
2241 552 2496 616 scilicet
2550 553 2624 613 61
2664 551 2876 632 posito
2935 566 3049 629 pro
3105 550 3206 624 16,
3251 556 3362 611 aut
3439 565 3551 607 ut

260 687 381 752 pro
412 648 544 731 nix.
603 667 935 730 Praedictas
993 662 1456 742 TheOphylacti
1493 659 1811 737 Epistolas
1841 675 1920 718 ex
1977 653 2108 716 alio
2144 670 2260 715 ms.
2291 651 2512 714 codice
2547 650 2957 714 bibliothecae
2987 648 3297 712 Medicam
3333 655 3554 727 postea

260 745 670 843 deprompsit
735 763 1026 824 Andreas
1074 758 1375 821 Schottus
1411 779 1427 818 :
1465 757 1544 817 ab
1580 771 1790 832 eoque
1831 758 2124 832 acceptas
2180 749 2434 828 primus
2493 749 2715 811 Graece
2764 746 2940 827 typis
3007 745 3214 808 edidit
3264 747 3552 843 Joannes

257 841 596 923 Meursius
639 855 940 936 Lugduni
974 858 1356 917 Batavorum
1397 867 1569 914 anno
1605 852 1785 921 1617,
1823 848 1988 919 in-h,
2034 864 2196 927 quas
2242 847 2467 908 Latine
2525 860 2871 907 conversas
2900 861 2935 906 a
2963 843 3315 906 Vincentio
3350 841 3550 903 Mari-

259 960 448 1020 nario
495 955 841 1017 Valentino
878 962 1131 1032 praestat
1189 949 1603 1014 Coloniensis
1655 946 2050 1010 Bibliotheca
2096 947 2355 1007 Patrum
2413 951 2589 1004 temo
2619 941 2738 1004 XV
2771 946 2838 1003 et
2879 939 3344 1018 Lugdunensis
3378 945 3554 999 tomo

262 1057 501 1116 XVIII.
541 1057 972 1116 Numerantur
999 1065 1149 1111 vero
1174 1047 1470 1126 quinque
1495 1062 1694 1124 supra
1726 1044 2134 1124 septuaginta
2169 1066 2184 1104 :
2217 1043 2283 1104 in
2318 1041 2562 1123 quibus
2594 1047 2873 1102 attamen
2906 1038 3144 1119 aliqua:
3174 1037 3558 1100 desideran-

258 1161 388 1220 tur,
423 1168 570 1230 quas
597 1150 909 1211 Vaticano
954 1163 1034 1208 ex
1067 1146 1291 1208 codice
1322 1144 1688 1206 aﬂ‘eruntur
1718 1161 1751 1204 a
1801 1140 2106 1204 Baronio.

341 1252 464 1311 Pro
500 1264 617 1309 sua
687 1245 1013 1308 sententia
1070 1248 1529 1323 argumentum
1588 1241 1785 1303 variis
1819 1257 1898 1302 ex
1932 1237 2227 1316 epistolis
2268 1235 2621 1300 Annalium
2685 1252 2920 1314 parens
2994 1235 3264 1298 instruit
3307 1235 3384 1295 ad
3444 1250 3560 1295 an-

265 1365 422 1409 num
454 1347 630 1406 1071.
668 1345 816 1404 Ηιρο
855 1342 1029 1404 enim
1088 1339 1410 1402 habentur
1447 1338 1636 1400 verba
1689 1337 1759 1399 in
1791 1334 2064 1416 epistola
2101 1351 2248 1414 qum
2282 1333 2531 1396 decima
2566 1333 2845 1412 septima
2877 1333 3190 1394 Vaticano
3220 1331 3288 1393 in
3332 1330 3558 1393 codice

260 1450 667 1515 numeratur,
696 1441 780 1502 ad
826 1438 1032 1519 ﬁlium
1068 1438 1612 1501 Sebastocratoris
1646 1438 1786 1497 data
1824 1459 1839 1497 :
1877 1455 1905 1490 α
1949 1434 2082 1496 Oro
2139 1432 2362 1511 igitur,
2399 1439 2460 1494 et
2500 1431 2603 1494 bis
2636 1430 2872 1494 litteris
2923 1439 3228 1509 tanquam
3285 1445 3559 1508 corpore

258 1539 538 1619 supplex
587 1536 963 1616 procumbo,
999 1543 1066 1597 ut
1130 1534 1496 1597 miserearis
1546 1532 1943 1596 felicissima)
1976 1532 2306 1611 quondam
2343 1528 2674 1600 Ecclesia),
2707 1545 2902 1606 quam
2954 1527 3561 1592 Christianissimus

259 1637 375 1698 ille
408 1635 690 1708 Borises,
720 1632 1148 1712 Bulgarorum
1173 1648 1309 1703 rex,
1342 1646 1536 1710 unam
1569 1637 1631 1692 et
1661 1631 1864 1709 ipsam
1897 1648 1930 1692 e
1969 1637 2216 1708 septem
2245 1628 2579 1692 catholicis
2601 1627 2983 1691 aadiiicavit:
3021 1634 3087 1690 tu
3119 1641 3384 1688 renova.
3427 1646 3456 1680 ››
3480 1657 3560 1669 -

259 1754 294 1790 α
333 1733 490 1794 Cum
524 1733 588 1791 iu
623 1747 719 1804 ea,
756 1724 1072 1791 Baronius
1104 1728 1218 1802 ait,
1251 1727 1497 1790 mentio
1529 1729 1632 1790 tiat
1665 1725 1910 1789 Borisis
1963 1726 2390 1806 Bulgarorum
2445 1726 2649 1804 regis,
2688 1725 2803 1804 qui
2840 1725 3027 1795 vixit,
3062 1733 3132 1786 ut
3163 1726 3442 1787 Zonaras
3495 1729 3564 1783 et

255 1828 374 1892 alii
408 1830 789 1900 ostendunt,
832 1833 977 1902 post
1010 1833 1271 1887 centum
1325 1825 1385 1908 (a
1415 1824 1644 1888 Photio
1688 1832 1749 1886 et
1781 1821 2056 1903 lgnatio)
2089 1840 2318 1893 annos,
2364 1840 2597 1902 nempe
2649 1823 2773 1883 sub
2804 1821 3176 1902 Nicephoro
3228 1820 3441 1883 Phoca
3495 1829 3560 1882 et

256 1929 518 1987 Joanne
586 1926 862 1986 Zimisce
920 1922 1426 2000 imperatoribus
1476 1921 1600 2003 (vel
1662 1921 1740 1983 ab
1770 1939 1942 1984 anno
1974 1924 2088 1984 9'71
2122 1923 2200 1984 ad
2241 1939 2484 1984 annum
2529 1923 2672 1994 973,
2711 1929 2777 1983 ιιι
2814 1921 3211 1984 Dufresnius
3243 1917 3559 2004 adnotat).

259 2022 452 2098 plane
485 2031 771 2099 apparet,
811 2036 936 2082 non
973 2029 1128 2082 tunc
1158 2022 1370 2099 ipsum
1404 2020 1653 2082 vixisse
1684 2019 1806 2080 sub
1835 2019 2079 2082 Basilio
2110 2018 2539 2101 (Macedone),
2569 2020 2681 2082 sed
2718 2021 2911 2100 longe
2946 2025 3091 2099 post
3122 2018 3234 2082 illa
3267 2027 3561 2098 tempora

253 2117 810 2197 TheOphylactum
846 2117 1275 2197 Bulgarorum
1319 2117 1659 2197 praefuisse
1696 2115 2000 2178 Ecclesia)
2037 2116 2628 2195 archiepiSCOpum,
2675 2118 2796 2180 Sed
2830 2126 2894 2180 et
2923 2133 3070 2180 cum
3105 2116 3283 2179 etibi
3321 2116 3563 2178 memi-

258 2216 360 2277 nit
392 2216 471 2276 (le
529 2213 827 2276 ecclesiis
867 2214 946 2277 ab
998 2215 1228 2276 eodem
1265 2230 1415 2292 rege
1451 2223 1639 2274 antea
1697 2213 2055 2290 aedificetis,
2097 2224 2159 2278 et
2188 2224 2330 2294 post
2362 2216 2639 2278 multum
2673 2215 2954 2295 spatium
3000 2215 3316 2296 temporis
3363 2232 3560 2278 unam

258 2333 345 2377 ex
399 2314 557 2376 illlis
615 2315 897 2376 dirutam
932 2314 1239 2394 preponit
1286 2312 1780 2388 restituendam,
1812 2316 1997 2392 plane
2055 2315 2478 2387 demonstrat,
2521 2317 2712 2392 longe
2748 2322 2966 2390 postea
3016 2311 3096 2374 ab
3152 2328 3231 2375 eo
3265 2321 3559 2391 tempore

258 2411 567 2474 eumdem
612 2410 1168 2490 'l‘heOphylactum
1201 2409 1543 2472 claruisse.
1573 2432 1603 2467 α
1641 2411 1912 2490 Sapiens
1956 2428 2147 2473 nemo
2182 2411 2403 2486 fuerit,
2436 2411 2554 2490 qui
2594 2409 3153 2490 TheOphylactum
3189 2425 3318 2471 non
3349 2426 3560 2472 remo-

263 2517 409 2571 veat
439 2509 516 2569 ab
539 2525 676 2571 aavo
710 2507 1047 2572 Photiano.

346 2609 404 2669 5.
443 2609 652 2670 Vitam
688 2610 902 2686 ipsum
935 2609 1150 2689 egisse
1222 2609 1450 2672 statuit
1521 2612 1862 2688 Baronius,
1921 2609 2047 2671 sub
2108 2608 2421 2672 Michaele
2457 2609 2573 2671 VII
2608 2610 2808 2681 Duce,
2843 2614 2905 2670 et
2956 2607 3325 2686 Nieephoro
3367 2608 3560 2668 Boto-

265 2705 467 2779 niata,
503 2712 564 2766 et
597 2704 831 2768 Alexio
869 2707 1226 2770 Comneno.
1282 2708 1632 2787 Imperium
1670 2710 1918 2790 primus
1948 2710 2323 2788 auspicatus
2353 2716 2448 2772 est
2484 2723 2654 2771 anno
2697 2708 2875 2782 1071,
2909 2705 3071 2770 alter
3116 2708 3296 2780 1078,
3329 2707 3562 2767 tertius

264 2805 449 2878 1081,
481 2804 558 2863 ad
599 2820 841 2864 annum
867 2821 1080 2883 usque
1113 2806 1290 2868 1118.
1326 2808 1603 2869 Primam
1643 2807 1839 2870 refert
1861 2807 2335 2887 Theophylacti
2384 2805 2725 2886 epistolam
2769 2806 2849 2868 ad
2894 2805 3160 2868 Marium
3192 2804 3566 2884 imperatri-

249 2917 433 2995 .cem,
468 2898 806 2961 Michaelis
840 2901 1056 2974 Ducas,
1091 2919 1162 2963 ac
1188 2911 1408 2982 postea
1446 2905 1798 2967 Botoniatse
1835 2923 2133 2969 uxorem.
2165 2905 2520 2985 Epistulam
2548 2903 2728 2966 addit
2755 2902 3074 2966 decimam
3103 2901 3387 2976 tertiam,
3417 2921 3564 2985 quin

261 3000 409 3060 (lata
447 2996 686 3076 legitur
719 2995 802 3056 ad
853 3000 1166 3059 Joannem
1213 3001 1476 3074 Ducam,
1511 3003 1836 3064 sororium
1881 3004 2296 3083 imperatoris
2336 3025 2355 3063 :
2387 3003 2453 3063 in
2488 3018 2698 3082 eaque
2754 2999 2889 3062 haec
2952 3000 3274 3062 habentur
3342 3001 3560 3072 verba,

265 3115 301 3152 Il
328 3096 666 3166 Caeterum,
708 3111 748 3156 0
771 3093 1171 3159 fortunatum
1206 3100 1528 3161 Ducarum
1560 3118 1793 3181 genus,
1824 3111 1988 3163 recta
2035 3101 2256 3164 omnia
2276 3108 2339 3163 et
2370 3100 2638 3162 honesta
2671 3099 2739 3159 in
2775 3105 2833 3160 te
2863 3097 3326 3176 complectens,
3349 3096 3417 3159 in
3447 3096 3566 3158 hac

267 3190 433 3253 mihi
488 3191 772 3253 bonitate
833 3193 1128 3272 persiste.
1197 3217 1227 3252 ι
1287 3197 1485 3258 Addit
1569 3199 1762 3260 etiam
1837 3201 2178 3277 epistolam
2246 3209 2534 3264 octavam
2574 3242 2592 3272 ,
2664 3197 2771 3258 ubi
2848 3197 2944 3257 sic
3005 3199 3087 3257 ait
3153 3195 3568 3286 Theophyla-

266 3296 419 3352 ctus
456 3311 526 3349 τι
562 3289 762 3352 Vides
795 3294 1126 3370 quomodo
1167 3303 1295 3357 tam
1330 3294 1517 3359 facile
1558 3297 2006 3360 colendissimi
2047 3297 2356 3362 Comneni
2393 3292 3118 3376 sigillumsubversum
3150 3302 3247 3355 est
3283 3293 3362 3354 ab
3418 3293 3568 3372 ipso

267 3386 630 3447 Comueno.
669 3410 698 3444 ι

351 3484 578 3563 Itaque
602 3482 913 3549 afﬁrmare
944 3503 1211 3550 necesse
1245 3497 1364 3564 est,
1398 3498 1465 3552 ut
1498 3493 1819 3556 Baronius
1849 3496 1936 3558 ait
1969 3497 2212 3559 ibidem
2245 3511 2426 3557 num.
2459 3494 2697 3567 XVIII,
2732 3491 3288 3571 TheOphylactum
3322 3490 3565 3572 ipsum,

267 3580 595 3659 Bulgaria
676 3581 1280 3664 archiepisc0pum,
1360 3603 1502 3650 eam
1550 3589 1954 3656 iunctionem
2027 3592 2523 3654 administrasse
2608 3589 2730 3653 hoc
2816 3598 3150 3668 tempore,
3215 3604 3349 3668 quo
3427 3589 3569 3650 sive

265 3676 489 3746 Docte,
553 3677 691 3739 sive
751 3679 1062 3743 Comneni
1128 3684 1695 3767 ConstantinOpoli
1757 3690 2186 3772 imperabant.
2247 3687 2407 3752 Viro
2465 3686 2849 3750 doctissimo
2905 3702 3100 3748 nemo
3153 3703 3284 3749 non
3350 3686 3566 3766 porri-

264 3780 379 3850 gat
443 3790 698 3835 manus.

457 3871 757 3978 Hujusce
809 3882 1024 3978 tamen
1093 3879 1640 3957 temporisveluti
1701 3885 2032 3964 periodos,
2067 3886 2308 3966 quibus
2352 3891 2417 3947 et
2457 3884 2617 3946 vixit
2654 3891 2718 3946 et
2745 3883 2968 3946 ﬂoruit
3010 3882 3567 3963 Theophylactus,

264 3965 401 4026 sibi
439 3968 564 4028 visi
614 3975 766 4030 sunt
798 3970 1070 4034 deﬁnire
1129 3978 1499 4041 accuratius
1551 3998 1741 4058 posse
1807 3983 2245 4064 bibliographi
2285 3981 2720 4061 scriptoresve
2767 3981 3189 4061 posteriores.
3225 3980 3569 4060 Philippus

263 4064 572 4170 Bebba-us
605 4065 675 4127 in
712 4083 829 4129 sua
872 4070 950 4129 ad
1009 4071 1474 4137 Bellarminum
1543 4079 2011 4143 Dissertatione
2063 4081 2374 4142 historica
2415 4105 2428 4143 :
2464 4103 2493 4137 α
2531 4080 2806 4142 Circiter
2840 4096 3083 4141 annum
3121 4080 3274 4140 1071
3311 4077 3572 4140 vivebat

266 4159 574 4271 (inquit),
613 4172 902 4271 tempore
940 4171 1177 4271 summi
1219 4173 1538 4248 pontiﬁcis
1577 4175 1929 4241 Alexandri
1967 4181 2020 4240 II
2051 4187 2113 4240 et
2143 4179 2418 4241 Romani
2453 4178 2767 4257 Diagenis
2821 4178 2924 4259 (ab
2955 4193 3129 4239 anno
3166 4177 3324 4239 1068
3362 4177 3572 4256 impe-

534 4261 962 4366 temporibus,
1000 4266 1244 4366 utejus
1275 4285 1355 4366 ex
1401 4271 1717 4350 Epistolis
1769 4287 2045 4340 constat.
2083 4278 2389 4341 Pervenit
2421 4293 2688 4358 quoque
2724 4277 2799 4338 ad
2832 4257 3280 4356 pontiﬁcatum
3315 4278 3567 4356 Grego-

265 4353 355 4466 Lii
395 4353 503 4466 γη
554 4363 618 4466 et
677 4355 1027 4466 imperium
1090 4363 1440 4443 Nicephori
1495 4370 1925 4436 Botoniatae...
1970 4376 2115 4449 Quo
2158 4385 2376 4437 autem
2421 4353 2656 4437 abierit
2692 4353 2888 4449 anno,
2925 4390 3189 4450 prorsus
3231 4353 3484 4453 ignoro.
3538 4398 3568 4429 υ

263 4449 516 4560 Eadem
553 4456 1015 4564 transcripsere
1083 4466 1278 4524 verba
1313 4465 1671 4544 Dupinius,
1706 4480 1768 4533 et
1804 4473 2161 4535 Casimirus
2193 4473 2530 4545 Oudinus,
2565 4479 2626 4533 et
2657 4472 2979 4550 Georgius
3013 4449 3313 4532 Matthias
3353 4473 3564 4534 Koui-

261 4549 427 4655 gius
491 4549 582 4617 in_
616 4549 1015 4616 Bibliotheca
1073 4569 1279 4620 valere
1336 4574 1396 4624 et
1453 4582 1642 4639 nova,
1701 4588 1739 4634 ιι,
1794 4568 1879 4628 Th

1951 4570 2356 4650 )phylactum
2409 4569 2713 4631 ﬂoruisse
2773 4549 3045 4642 aientes,
3108 4566 3233 4630 sub
3287 4567 3569 4646 impera-

262 4646 531 4754 toribus
562 4648 850 4754 Romano
876 4652 1196 4754 Diogene,
1239 4658 1554 4721 Michaela
1591 4664 1766 4724 Duca
1797 4674 1858 4726 et
1889 4646 2254 4746 Nicephoro
2288 4667 2649 4727 Botoniata.
2694 4686 2724 4722 in
2757 4664 2916 4739 Qum
2969 4666 3196 4745 utique
3243 4665 3432 4728 verba
3464 4667 3565 4727 vi-

261 4752 402 4805 tam
435 4749 580 4822 ejus
613 4749 1003 4813 concludere
1042 4753 1351 4817 videntur
1387 4757 1556 4820 intra
1591 4760 1887 4840 ejusdem
1923 4763 2282 4827 Botoniataa
2313 4763 2648 4842 regnantis
2687 4771 3001 4840 tempora.

306 4845 492 4954 ulmo
522 4844 740 4954 potius
783 4847 1165 4954 sub—Alexio
1197 4855 1526 4918 Comneno
1554 4875 1737 4920 suam
1772 4861 1986 4940 egisse
2020 4860 2239 4934 vitam,
2270 4859 2512 4921 infulas
2573 4869 2861 4938 gestasse
2901 4859 3299 4940 Bulgarlcas,
3335 4878 3407 4924 ac
3436 4861 3570 4941 [IV]

262 4939 515 5050 Litteris
552 4941 855 5050 floruisse
892 4946 1475 5050 TheOphylactum,
1511 4955 1774 5019 adnotat
1805 4939 2075 5021 Carolus
2109 4958 2509 5020 Dufresnius
2552 4960 2649 5020 Du
2688 4959 2900 5036 Cauge
2935 4957 3002 5019 in
3039 4960 3212 5021 notis
3241 4962 3321 5022 ad
3363 4939 3572 5024 Anum

265 5037 892 5102 Comneuaelibrum
934 5061 1045 5104 vm
1078 5046 1425 5109 Alexiados
1466 5072 1484 5109 :
1520 5074 1549 5104 α
1589 5052 2404 5134 FloruitTheophylactus,
2439 5055 2779 5134 inquiens,
2817 5055 3048 5116 Alexio
3082 5056 3416 5118 Comneno
3451 5059 3570 5120 im-

267 5147 568 5212 perante,
597 5153 726 5199 non
762 5156 914 5201 vero
959 5143 1083 5204 sub
1118 5140 1407 5208 Romano
1452 5149 1766 5228 Diagene,
1800 5161 1910 5214 aut
1966 5153 2281 5216 Michaele
2321 5156 2515 5224 Duco,
2557 5162 2622 5216 ut
2674 5153 2813 5214 vult
2860 5154 3181 5216 Barouius
3217 5177 3232 5215 :
3272 5158 3447 5235 quod
3486 5175 3566 5220 ex

265 5237 488 5313 ipsius
527 5238 834 5316 Epistolis
862 5257 893 5299 a
925 5242 1217 5305 Meursio
1258 5245 1454 5307 editis
1507 5251 1659 5308 satis
1705 5259 1976 5312 constat.
2010 5252 2299 5324 Quarum
2341 5252 2635 5331 quaedam
2672 5251 2749 5312 ad
2783 5250 3143 5313 Adrianum
3197 5255 3410 5316 Alexii
3445 5254 3572 5316 ira-

264 5341 464 5401 trem,
500 5335 939 5414 Nicephorum
971 5340 1400 5405 Melissenum
1455 5347 1792 5420 Caesarem,
1833 5350 2219 5427 Gregorium
2254 5350 2652 5420 Taronitam,
2688 5348 3126 5428 Nicephorum
3155 5352 3568 5426 Briennium,

263 5433 492 5492 Alexii
531 5450 980 5505 consocerum,
1011 5445 1071 5499 et
1103 5438 1267 5499 alios
1303 5458 1383 5502 ex
1436 5443 1748 5506 Alexiana
1789 5455 1849 5507 et
1883 5449 2208 5510 Comnena
2255 5447 2498 5508 familia
2538 5447 2865 5526 principes
2926 5450 3184 5526 scriptae
3223 5463 3393 5512 sunt.
3436 5452 3570 5514 Una

267 5537 470 5589 etiam
504 5532 582 5590 ad
631 5530 966 5594 Nicolaum
1002 5535 1425 5611 patriarcham
1469 5561 1483 5597 :
1527 5563 1551 5594 ιο
1589 5541 1780 5619 hujus
1826 5545 2114 5606 nominis
2149 5548 2456 5618 Tertium,
2490 5547 2602 5625 qui
2641 5550 2864 5606 sedem
2904 5545 3572 5627 ConstantinOpolita-

270 5641 425 5685 nam
475 5629 878 5703 conscendit,
913 5632 1096 5693 Anna
1151 5634 1480 5697 Comnena
1541 5647 1703 5699 teste
1759 5639 1888 5699 libr

1956 5659 1992 5700 x
2024 5643 2393 5713 Alexiados,
2450 5645 2833 5714 ἐπινεμήσεως
2896 5647 3135 5716 ἑϐδόμης
3189 5646 3343 5709 ἔτους
3371 5653 3567 5719 ,ςιιπζμ

269 5719 632 5880 indictione;
688 5728 978 5880 geptima,
1005 5745 1171 5788 anno
1228 5749 1343 5792 sex
1369 5731 1699 5795 millesimo
1761 5736 2262 5816 quingentesimo
2319 5744 2722 5819 nonagesimo
2783 5745 3089 5817 secundo,
3122 5763 3264 5806 mra)
3319 5745 3573 5807 scilicet

270 5833 371 5878 vu
401 5837 568 5880 Raris
648 5826 787 5880 ΟΛ.

270 5826 568 5896 vulgaris
611 5826 787 5882 108's.
