4098 6330
601 365 670 437 1⁵
1410 359 1635 423 BERN.
1679 358 1945 419 Μιιιιμν]
1984 356 2076 418 DE
2117 356 2401 418 RUBEIS
2438 358 2943 424 DISSERTATIO
3546 330 3549 335 '
3799 368 3860 431 16

2185 500 2298 561 lll.

602 644 759 708 Cum
816 639 1092 702 Baronio
1127 637 1319 696 senm
1378 633 1697 714 Antonius
1742 632 2005 711 Pagius,
2055 633 2596 714 Theophylactitm
2636 637 2819 697 etiam
2851 637 2963 700 sub
3010 639 3323 703 Michaele
3356 642 3531 703 Daca
3579 645 3855 706 eLNice-

678 724 885 804 pltare
915 717 1262 804 Batoniata
1290 715 1565 804 vixisse.
1588 713 1751 792 Ejus
1789 713 2255 804 argumentatio
2292 713 2697 804 expenditur,
2733 735 2867 796 qum
2896 720 3172 804 sumitur
3199 739 3283 804 ea;
3314 720 3475 804 libro
3505 724 3721 801 Regia}
3752 728 3858 787 ln-

682 790 1067 885 Stitutinnis.
1110 797 1256 855 Haec
1279 883 1285 885 Α
1309 792 1516 885 eadem
1546 790 1830 885 tempora
1858 790 2098 885 indicat
2149 790 2419 885 epistola
2450 794 2531 853 ad
2558 790 2868 885 Joannem
2885 798 3119 885 [totum
3144 790 3645 885 philosophum":
3677 806 3858 885 στήῃς

678 882 859 942 varia
891 882 1024 959 fata
1057 883 1286 936 narrat
1319 873 1503 932 Anna
1538 872 1875 935 Comnena.
1912 872 2499 951 Chronograpltiam
2527 877 2899 954 conﬁrmant
2933 876 3074 938 alim
3106 872 3410 959 epistola:

677 1012 737 1069 7.
779 1009 949 1068 Hanc
984 1003 1369 1077 scriptorum
1402 998 1816 1073 discordiam,
1846 999 2093 1060 tametsi
2127 995 2359 1070 levem,
2403 1000 2751 1064 conciliare
2782 1010 2894 1065 aut
2929 1004 3197 1067 omnino
3232 1005 3458 1067 tollere
3490 1007 3855 1084 splendidis

602 1104 875 1167 vetustis
915 1100 1355 1163 monumentis
1402 1115 1529 1161 non
1583 1098 1753 1168 licet,
1788 1111 1935 1175 qum
1965 1095 2170 1157 lucem
2213 1094 2479 1159 afferant
2510 1098 2591 1160 ad
2629 1099 2922 1179 ejusdem
2964 1100 3424 1180 TheOphytacti
3461 1102 3854 1184 chronogra-

598 1200 812 1278 phiam
864 1196 1344 1261 accuratissime
1396 1191 1842 1273 digerendam.
1876 1192 1997 1253 Pro
2032 1190 2205 1254 virili
2259 1196 2583 1274 agendum
2618 1196 2780 1257 mihi
2812 1204 2930 1274 est,
2968 1206 3036 1259 ut
3079 1197 3219 1277 ejus
3255 1197 3445 1260 vitam
3499 1201 3749 1277 agentis
3784 1218 3857 1264 ac

594 1296 882 1360 ﬂorentis
940 1304 1249 1373 tempora,
1290 1292 1500 1372 quoad
1566 1288 1703 1353 ﬁeri
1760 1289 2143 1370 diligentius
2184 1291 2439 1370 poterit,
2489 1291 2857 1370 proximius
2887 1294 3223 1373 attingam,
3259 1293 3403 1357 luce
3437 1296 3850 1373 potissimum

594 1398 984 1476 prmlucente
1014 1391 1475 1473 Epistolarum,
1499 1391 1637 1454 sive
1671 1407 1830 1470 quas
1864 1389 2179 1453 Baronius
2212 1388 2438 1463 edidit,
2474 1388 2614 1450 sive
2650 1405 2811 1469 quas
2844 1390 3013 1469 typis
3048 1388 3327 1469 vulgavit
3366 1392 3716 1456 Meursius.
3760 1394 3845 1456 ll-

596 1494 708 1556 lud
762 1500 974 1555 autem
1005 1490 1071 1552 in
1106 1491 1289 1552 lucro
1318 1489 1543 1566 fuerit,
1576 1488 1751 1569 quod
1783 1488 2041 1551 easdem
2105 1502 2221 1549 nos
2260 1486 2577 1566 Epistolas
2610 1486 3055 1567 decerpentes,
3089 1498 3224 1551 tum
3256 1489 3467 1570 ipsius
3498 1489 3845 1572 TheOpliy-

599 1591 737 1653 lacti
772 1597 949 1669 gesta
988 1588 1171 1665 plura
1205 1585 1372 1648 scitu
1405 1586 1601 1666 digna
1630 1584 2100 1661 enarrabimus,
2133 1593 2268 1645 tum
2303 1584 2495 1645 etiam
2520 1584 2919 1647 adducemus
2962 1602 3091 1648 non
3136 1603 3363 1666 pauca,
3392 1604 3538 1667 qum
3568 1606 3669 1650 res
3708 1589 3851 1670 ejus

591 1688 709 1752 ἃ)νί
740 1683 1485 1761 Constantinopolitanas
1520 1681 1868 1744 illustrant.

670 1811 697 1844 (ι
734 1786 847 1847 His
881 1798 1033 1864 ergo
1068 1799 1146 1843 ex
1175 1779 1485 1857 Epistolis
1523 1778 1739 1862 (verba
1774 1786 1926 1841 sunt
1955 1776 2217 1841 Antonii
2247 1776 2523 1856 Pagiiad
2555 1794 2797 1840 annum
2833 1779 3002 1853 1071,
3054 1797 3236 1842 num.
3271 1779 3447 1858 XIII)
3482 1782 3853 1862 Ducangius

589 1899 925 1965 perperam
972 1878 1237 1943 deducit
1277 1876 1833 1957 TheOphylactum
1883 1892 2010 1938 non
2068 1875 2192 1938 sub
2220 1873 2534 1938 Michaele
2572 1878 2766 1951 Duce,
2796 1879 2907 1939 sed
2941 1876 3064 1939 sub
3095 1876 3327 1941 Alexio
3366 1880 3697 1941 Comneno
3729 1880 3850 1942 ﬂo-

588 1985 798 2048 ruisse
836 2003 854 2043 :
886 1997 1032 2042 cum
1072 1996 1149 2040 ex
1209 1975 1374 2039 libro
1407 1976 1496 2036 De
1551 1973 1956 2037 institutione
2015 1972 2192 2051 regia
2231 1980 2479 2035 constet
2522 1972 3075 2053 TheOphylactum
3133 1976 3324 2037 etiam
3375 1975 3500 2037 sub
3534 1976 3850 2041 Michaele

585 2083 759 2145 Duca
794 2077 1069 2141 vixisse.
1099 2076 1451 2149 nQuaanam
1482 2070 2023 2153 argumentationi
2056 2087 2135 2134 ex
2165 2070 2576 2134 Institutione
2614 2074 2791 2152 regia
2819 2089 2854 2136 a
2886 2073 3078 2153 Pagin
3108 2075 3503 2154 depromptae
3543 2075 3638 2138 vis
3672 2076 3850 2154 insit,

589 2175 973 2241 accuratiori
1007 2190 1201 2253 opera
1231 2170 1728 2250 disquirendum
1763 2176 1883 2230 est.

659 2277 720 2336 8.
756 2275 949 2336 Liber
996 2277 1406 2349 nuncupatus
1437 2276 1533 2331 est
1565 2277 1709 2349 Πρὸς
1736 2278 2257 2349 Πορφυρογέννητον

2222 2296 2257 2331 ιν
2287 2278 2729 2342 Κωνστανττνον,
2762 2267 2845 2330 ad
2875 2266 3363 2330 Constantinum
3397 2268 3840 2351 Porphyroge-

579 2373 805 2434 uitam.
841 2372 899 2429 Is
925 2366 1258 2429 Michaelis
1294 2368 1488 2427 Ducas
1518 2373 1579 2427 et
1610 2366 1847 2440 Mariae,
1882 2384 1960 2428 ex
1999 2366 2242 2428 Alaniae
2264 2383 2381 2428 seu
2412 2367 2640 2429 Iberiaa
2671 2364 2931 2444 regibus
2954 2374 3128 2441 satas,
3159 2364 3332 2429 ﬁlius
3358 2374 3513 2437 erat,
3538 2384 3708 2430 anno
3730 2369 3853 2431 cir-

578 2469 738 2532 citer
769 2464 921 2529 10715
952 2471 1163 2526 natus.
1196 2465 1657 2541 Desponsatam
1688 2462 1897 2524 eidem
1920 2464 2229 2526 Helenam
2261 2462 2521 2525 Roberti
2556 2461 2894 2524 Guiscardi
2919 2462 3135 2537 ﬁliam,
3170 2471 3429 2525 narrant
3462 2464 3843 2543 scriptores:

580 2574 642 2626 et
675 2579 917 2626 annum
972 2562 1125 2623 1077
1155 2557 1377 2622 deﬁnit
1413 2561 1624 2641 Lupus
1671 2561 2108 2639 Protospalha.
2142 2562 2291 2623 Hmc
2326 2560 2583 2638 abrupit
2624 2558 3041 2621 connubialia
3075 2567 3250 2638 pacta
3293 2559 3695 2639 NicepbOrus
3730 2562 3849 2622 Bo-

580 2661 844 2733 toniata,
880 2659 991 2739 qui
1052 2672 1222 2720 anno
1284 2657 1438 2718 1078
1488 2657 1825 2734 usurpavit
1862 2656 2236 2735 imperium,
2270 2657 2585 2719 Michaele
2626 2656 2989 2731 deturbate,
3030 2656 3435 2737 remissaque
3488 2659 3561 2719 ad
3599 2669 3842 2736 patrem

578 2758 851 2831 Helena,
890 2772 1035 2834 qua:
1090 2752 1744 2832 Constantinopolim,
1799 2753 1909 2815 ubi
1963 2754 2363 2817 adolesceret
2406 2762 2465 2817 et
2504 2753 2915 2816 excoleretur
2965 2753 3033 2815 in
3082 2754 3255 2828 aula,
3296 2757 3565 2817 adducta
3613 2754 3842 2820 fuerat.

578 2859 651 2919 In
682 2852 1074 2917 monasterio
1122 2849 1423 2912 Studensi
1487 2849 1721 2912 reclusi
1758 2852 2029 2930 agebant
2089 2850 2357 2913 Michael
2415 2857 2476 2913 et
2537 2866 2701 2913 uxor
2747 2850 2973 2925 Maria,
3008 2859 3070 2912 et
3117 2852 3582 2913 Constantinus
3620 2852 3843 2915 ﬁlius:

578 2952 929 3016 cumidem
973 2948 1270 3027 Michael,
1304 2948 1594 3011 detonsis
1629 2950 1906 3028 capillis,
1936 2950 2173 3029 Ephesi
2227 2947 2635 3027 metrOpolita
2667 2948 3122 3022 renuntiatur;
3160 2965 3231 3010 ac
3260 2948 3552 3022 Mariam,
3588 2949 3845 3012 calcatis

576 3050 881 3114 Ecclesiae
912 3048 1187 3127 legibus,
1222 3061 1489 3107 uxorem
1524 3048 1855 3109 Botoniata
1886 3047 2011 3109 sibi
2094 3044 2457 3126 copulavit;
2497 3043 2773 3125 ejusque
2807 3043 3014 3106 ﬁlium
3055 3045 3549 3107 CODStantinum
3586 3046 3846 3129 reduxit

575 3146 643 3210 in
706 3147 1037 3225 palatium.
1076 3142 1443 3229 'lmperium
1485 3152 1837 3223 occupante
1888 3143 2118 3207 Alexio
2173 3144 2505 3205 Comneno
2564 3157 2733 3202 anno
2768 3140 2921 3203 1081
2974 3141 3189 3204 dictus
3224 3150 3320 3204 est
3379 3142 3843 3205 Constantinus

577 3265 607 3300 ei
644 3244 958 3329 particeps
984 3242 1265 3320 imperii,
1303 3263 1331 3297 υ
1369 3248 1436 3301 ιιι
1474 3240 1561 3300 ait
1586 3245 1768 3304 Anna
1800 3241 2125 3304 Comnena
2160 3240 2195 3300 li

2226 3254 2324 3301 )ro
2379 3258 2451 3300 ιιι
2481 3238 2846 3312 Αιθωίαᾱοε,
2877 3260 2905 3296 ‹‹
2937 3248 3131 3316 atque
3164 3238 3324 3301 adeo
3351 3239 3561 3301 rubris
3580 3238 3844 3301 cothur-

574 3341 676 3402 nis
707 3348 1019 3402 etcorona
1052 3336 1393 3417 Augustali
1416 3338 1734 3412 utebatur,
1759 3348 1818 3401 et
1847 3356 2081 3401 nomen
2113 3337 2252 3418 ejus
2283 3354 2427 3401 cum
2450 3336 2657 3397 Alexii
2690 3337 2949 3398 nomine
2976 3334 3554 3416 proclamabatur.»
3588 3337 3667 3398 At
3691 3353 3843 3399 vero

577 3459 605 3494 ι
644 3437 843 3497 Maria
876 3434 1154 3497 excessit
1183 3434 1440 3513 palatio,
1485 3435 1913 3515 migravit‘que
1950 3435 2014 3496 in
2048 3436 2218 3497 aedes
2251 3453 2283 3495 a
2326 3433 2746 3496 Constantino
2775 3433 3204 3495 Monomacho
3239 3434 3627 3515 imperatore
3678 3450 3839 3496 con-

575 3543 849 3597 structas
870 3548 1068 3611 prepe
1099 3534 1413 3611 templum
1445 3533 1660 3612 magni
1698 3534 1996 3613 martyris
2016 3530 2301 3610 Georgii,
2328 3548 2471 3609 quae
2507 3530 2729 3609 lingua
2752 3529 3002 3610 vulgari
3025 3531 3345 3611 Mangana
3372 3529 3503 3593 dici
3533 3530 3744 3592 solent
3769 3547 3782 3591 :
3808 3552 3838 3585 ι

573 3632 685 3693 ubi
720 3630 1049 3709 reliquum
1078 3630 1223 3689 vitm
1262 3629 1430 3690 inter
1471 3629 1997 3692 sanctimoniales
2029 3630 2271 3706 exegit,
2312 3628 2573 3705 vitaque
2611 3626 2869 3689 mortali
2908 3625 3277 3690 functa'est.

652 3730 803 3790 Haec
835 3727 1051 3789 Marim
1105 3725 1229 3787 fata
1284 3726 1592 3789 describit
1630 3727 1819 3805 Regia
1850 3728 1913 3786 in
1958 3725 2363 3786 Institutione
2410 3722 2967 3803 TheOphylactus;
2999 3726 3173 3786 unde
3225 3723 3554 3802 colligitur
3602 3723 3836 3801 primo,

573 3843 738 3905 Opus
771 3825 943 3885 istud
981 3823 1247 3884 nonnisi
1273 3824 1396 3885 sub
1441 3822 1668 3886 Alexio
1700 3827 2030 3886 Comneno
2082 3823 2439 3900 imperante
2497 3822 2832 3900 vulgatum
2878 3836 2912 3882 a
2960 3822 3443 3901 Theephylacto
3476 3820 3685 3883 fuisse
3720 3842 3733 3880 :
3768 3836 3840 3881 ac

572 3924 806 3983 deinde
850 3918 1117 3981 Antonii
1156 3918 1328 3994 Pagii
1386 3919 2014 3997 argumentationem
2052 3918 2380 3989 infirmari,
2416 3918 2639 3980 eadem
2679 3934 2757 3978 ex
2793 3918 2994 3997 Regia
3026 3918 3439 3980 Institutione
3469 3916 3839 3997 conjectan-

571 4020 678 4087 tis,
708 4016 1012 4077 ﬂoruisse
1045 4015 1595 4093 TheOphylactum
1625 4016 1749 4076 sub
1776 4013 2084 4077 Michaele
2112 4015 2309 4076 Duca.
2348 4015 2553 4075 Verba
2582 4022 2733 4075 sunt
2764 4015 2974 4093 capite
3007 4017 3044 4075 7
3075 4016 3267 4093 partis
3298 4016 3519 4094 primm
3551 4036 3567 4076 :
3606 4036 3636 4071 ei
3663 4015 3835 4089 Quid

570 4114 697 4194 ipsi
734 4112 1002 4195 (Μαι-ἔω)
1038 4110 1243 4191 gloria
1276 4111 1482 4190 regni,
1521 4128 1664 4191 quae
1700 4129 1843 4174 cum
1878 4113 2107 4186 omnia,
2144 4119 2213 4173 ut
2247 4113 2334 4174 ait
2376 4111 2727 4191 Apostolus
2761 4115 2805 4185 ζ,
2838 4112 3275 4174 arbitraretur
3307 4123 3616 4184 stercora,
3650 4111 3835 4174 Chri-

571 4222 743 4273 stum
779 4209 989 4271 solum
1024 4208 1393 4271 luet-ifacere
1424 4211 1659 4289 elegit;
1692 4231 1721 4273 ξι
1756 4226 1887 4290 quo
1920 4219 1979 4271 et
2002 4221 2189 4286 erepti

2216 4263 2219 4270 ,
2248 4210 2325 4270 de
2364 4216 2566 4270 morte
2604 4210 2840 4284 carnis,
2866 4218 2963 4288 τὴν
2986 4220 3045 4272 ὲν
3077 4218 3226 4290 αὐτῷ
3255 4218 3638 4291 κρυπτομένεν
3663 4218 3834 4288 ζωήν,

568 4304 997 4369 absconditam
1030 4307 1094 4366 in
1124 4305 1263 4383 ipso
1296 4306 1489 4368 vitam
1518 4306 1751 4367 amavit
1789 4328 1804 4367 ;
1847 4314 1907 4369 et
1935 4308 2029 4369 sic
2078 4322 2401 4366 summum
2455 4305 2650 4384 regiae
2693 4308 2958 4386 quidem
2992 4307 3329 4385 dignitatis
3362 4307 3692 4385 fastigium
3739 4325 3840 4370 re-

571 4405 815 4483 putavit
882 4405 1270 4477 barathrum,
1307 4403 1695 4467 humilitatis
1756 4416 1967 4467 autem
2024 4421 2171 4484 qum
2227 4404 2586 4465 secundum
2636 4403 2962 4466 Christum
3020 4413 3139 4476 est,
3173 4405 3629 4468 celsitudinem
3683 4422 3835 4467 vere

570 4499 915 4563 ccelestem.
949 4500 1129 4563 Adeo
1174 4509 1244 4562 ut
1299 4501 1504 4580 magis
1540 4518 1666 4563 una
1704 4518 1781 4564 ex
1819 4507 1990 4577 parte
2050 4500 2362 4562 mirabilis
2400 4501 2693 4563 videatur
2726 4509 2895 4563 tanta
2942 4502 3231 4571 mutatio,
3268 4511 3329 4563 et
3361 4520 3439 4564 ex
3473 4502 3597 4565 alia
3633 4504 3835 4581 magis

571 4597 869 4678 perfecta)
910 4598 1013 4675 ιν]
1052 4597 1264 4676 ipsius
1297 4598 1671 4659 mutationis
1704 4614 1996 4659 summus
2031 4599 2287 4676 gradus.
2321 4598 2417 4658 Ad
2454 4598 2809 4659 solitariam
2853 4616 2915 4657 se
2951 4600 3301 4678 transferre
3341 4600 3556 4673 vitam,
3601 4610 3694 4661 ἐπὶ
3744 4609 3838 4666 τὸν

574 4709 790 4778 μονήρη
829 4706 945 4776 βίον
988 4704 1382 4775 μετενεχθῆναι
1415 4694 1648 4774 puellis
1684 4693 1902 4754 multis
1928 4693 2192 4771 contigit

2230 4715 2243 4753 :
2280 4694 2392 4755 sed
2430 4696 2631 4773 magis
2667 4694 3101 4767 muliebriter,
3136 4696 3245 4755 sed
3284 4695 3566 4758 mollius.
3592 4700 3832 4761 Verum

571 4796 733 4858 adeo
764 4794 1086 4857 ferventer
1121 4810 1461 4871 pauperem
1495 4791 1780 4853 evasisse
1810 4791 2070 4869 spiritu,
2105 4791 2308 4852 solius
2326 4789 2536 4852 felicis
2571 4790 2783 4852 Marias
2809 4791 3101 4851 studium
3132 4789 3255 4853 fuit
3279 4799 3341 4853 et
3373 4795 3777 4857 exercitatio.
3808 4820 3833 4849 η

570 4892 784 4955 Alexii
819 4891 1129 4953 Comneni
1160 4898 1445 4969 tempora
1475 4892 1616 4951 sine
1650 4887 1852 4949 dubio
1897 4888 2118 4950 definit
2152 4888 2254 4948 hic
2289 4886 2506 4948 Mariae
2537 4904 2568 4947 e
2615 4887 2853 4964 palatio
2894 4904 3216 4963 recessus,
3249 4889 3353 4950 hic
3388 4890 3684 4970 ejusdem
3733 4912 3838 4956 ac-

570 5005 793 5052 cessus
826 4988 902 5049 ad
931 4988 1416 5049 monasterium.

652 5088 749 5146 Ad
785 5085 954 5147 idem
998 5093 1317 5163 pertinent
1350 5083 1655 5145 Comneni
1700 5083 2070 5161 imperium,
2115 5101 2257 5162 quas
2316 5101 2710 5164 sequuntur.
2785 5085 3139 5164 Corporeas
3193 5088 3599 5150 Constantini
3646 5088 3832 5151 dotes

572 5182 843 5245 eximias
881 5178 1157 5245 celebrat
1186 5179 1703 5258 Theopbylactus
1736 5180 1941 5258 capite
1974 5181 2031 5253 Ιι,
2068 5182 2417 5261 ipsumque
2446 5191 2856 5259 repraesentat
2890 5204 2917 5237 α
2957 5183 3359 5245 insilientem
3398 5184 3459 5245 in
3503 5203 3766 5265 equum,
3804 5212 3830 5242 ››

574 5290 631 5339 (ιι
668 5303 694 5334 ‹‹
724 5280 967 5341 crebris
1010 5287 1419 5341 exercentem
1456 5294 1597 5337 sese
1640 5278 1964 5352 cursibus,
2014 5304 2039 5334 »
2080 5291 2138 5339 et
2192 5303 2219 5335 α
2289 5282 2349 5341 in
2389 5280 2844 5340 venationibus
2897 5282 3375 5344 antevolantem
3439 5285 3730 5347 comites.
3802 5314 3828 5341 υ

569 5379 716 5438 litae
742 5377 1056 5437 eademin
1095 5394 1292 5453 12llt'f0
1329 5376 1452 5453 iam
1487 5377 1798 5451 septcnni,
1834 5379 1965 5436 ade:
1999 5396 2123 5455 que
2161 5379 2349 5438 vitam
2385 5385 2611 5456 agente
2647 5378 2811 5437 circa
2843 5395 3082 5438 annum
3136 5379 3312 5451 1082,
3377 5378 3589 5441 laudat
3648 5386 3831 5445 Anna

569 5477 894 5534 timnnena
933 5473 1054 5534 sub
1100 5472 1361 5533 initium
1400 5472 1545 5532 libri
1585 5490 1651 5531 ιιι
1683 5473 2070 5534 Alerindos:
2113 5500 2139 5531 ‹‹
2178 5479 2319 5536 Erat
2346 5493 2419 5537 ea
2454 5476 2815 5553 justissima
2866 5477 3081 5538 matris
3115 5496 3289 5551 cura,
3336 5478 3668 5557 inquiens.
3713 5498 3832 5558 pro

572 5586 775 5649 puero
808 5569 1175 5631 festiv.tatis
1215 5579 1274 5630 et
1310 5570 1644 5647 elegantiae
1670 5571 2085 5637 admirabilis.
2124 5574 2334 5634 adhuc
2390 5574 2765 5651 septcnni...
2813 5574 3013 5653 Cujus
3056 5577 3335 5635 suavitas
3377 5578 3515 5636 sive
3554 5575 3834 5657 loquen-

572 5667 675 5731 tis.
717 5666 856 5726 sive
893 5666 1187 5726 ludorum
1229 5683 1463 5745 genere
1502 5667 1874 5745 variriqnos
1938 5668 2179 5730 ferebat
2238 5681 2409 5733 tetas.
2477 5687 2709 5748 remis
2770 5671 3119 5731 scitissime
3179 5673 3522 5743 moventis,
3574 5673 3831 5753 judicio

572 5762 1029 5839 Spectantium,
1066 5767 1541 5843 camparatione
1580 5780 1752 5823 omni
1784 5768 2075 5842 superior
2116 5780 2267 5829 erat.
2315 5796 2338 5821 ι»

646 5889 933 5958 ‘I‘liilipp.
966 5906 1046 5957 III,
1090 5892 1142 5945 8.
