4098 6330
281 390 347 457 17
1109 392 1209 456 DE
1249 386 1833 453 THEOPHYLAC’I‘I
1872 368 2144 445 casus
2183 383 2279 442 ET
2313 381 2680 442 SClllP'i‘lS.
3514 375 3582 440 18

357 514 622 596 Regiam
666 533 821 596 ergo
847 532 1031 580 suam
1065 515 1551 577 Institutionem
1603 502 2034 570 Constantino
2094 499 2406 562 obtulerit
2467 495 3018 576 TheOphylactus,
3078 494 3311 596 Alexio
3374 495 3581 596 impe-

263 590 509 676 ‘rantev:
545 615 714 694 quod
743 590 1007 676 inficias
1049 613 1242 675 iverit
1275 628 1491 674 nemo.
1528 605 1784 669 Atinde
1817 611 1886 665 ut
1911 601 2147 680 Pagius
2194 607 2651 679 argumentum
2685 602 3031 694 promeret,
3071 610 3203 673 quo
3237 590 3585 694 'l’heOphy-

281 710 516 773 iactum
551 690 682 792 jam
722 721 906 776 antea
941 719 1001 774 et
1037 712 1161 774 sub
1191 710 1509 774 Michaele
1545 711 1717 769 Duca
1746 700 2050 766 ﬂoruisse
2080 701 2428 768 suaderet,
2469 697 2601 758 hinc
2641 695 2739 756 illi
2778 693 3050 757 fortasse
3122 692 3369 755 indicia
3424 690 3575 753 fue-

279 818 458 870 runt.
497 791 630 871 Sibi
671 828 950 890 namque
986 833 1013 866 α
1050 809 1392 871 notissima
1422 829 1449 861 »
1483 803 1692 866 fuisse
1717 803 1801 864 ait
1839 799 2160 878 Bulgarus
2200 798 2407 878 capite
2446 798 2506 860 6.
2556 820 2583 850 α
2617 799 2995 855 ornamenta
3031 793 3246 854 omnis
3288 791 3577 871 generis.

277 904 348 964 in
378 923 604 968 eorum
635 908 758 970 vita
788 908 1120 984 rebusque
1160 906 1360 986 gestis
1394 902 1742 973 elucentia,
1803 915 2085 977 quorum
2138 915 2170 960 e
2206 895 2526 976 sanguine
2587 900 2766 954 satus
2798 899 2934 953 erat
2994 914 3022 948 ii
3059 891 3525 952 Constantinus
3561 909 3575 949 :

275 1003 386 1064 avi
416 1003 667 1065 scilicet
718 1004 1124 1067 Constantini
1162 1005 1379 1076 Ducas,
1420 999 1638 1082 quiab
1660 1014 1832 1061 anno
1865 997 2020 1059 1059
2055 995 2267 1058 tenuit
2318 989 2676 1072 imperium
2722 990 2799 1052 ad
2837 1007 3082 1050 annum
3119 1005 3333 1066 usque
3396 988 3580 1061 1067,

277 1108 345 1160 et
407 1100 744 1164 Michaelis
779 1105 971 1165 Ducas
1009 1100 1235 1182 patris.
1265 1102 1455 1162 Hunc
1488 1114 1640 1160 vero
1675 1097 1950 1177 ejusque
1983 1102 2160 1174 gesta
2202 1091 2266 1152 in
2311 1089 2587 1168 imperio
2654 1087 2740 1149 ita
2772 1085 3183 1149 commendat
3223 1086 3580 1165 'l‘heOphy-

279 1192 513 1271 lactus,
554 1205 622 1260 ut
651 1217 720 1261 se
754 1217 899 1261 cum
934 1216 1012 1260 eo
1046 1197 1198 1260 satis
1235 1198 1478 1260 indicet
1510 1204 1834 1258 versatum
1873 1209 2017 1255 esse
2057 1213 2070 1252 :
2109 1212 2136 1245 α
2176 1187 2610 1250 Divinissimo
2653 1185 2812 1264 patri
2846 1195 2986 1258 tuo,
3020 1184 3366 1265 inguiens.
3434 1201 3582 1263 qum

276 1292 542 1358 virtutis
577 1295 828 1373 species
855 1297 1146 1359 animum
1183 1313 1312 1359 non
1348 1294 1770 1356 devinxerat?
1804 1294 1932 1352 Aut
1983 1291 2240 1353 cuinam
2273 1289 2329 1350 is
2371 1287 2561 1350 alteri
2588 1286 2687 1349 vel
2732 1285 2800 1348 in
2866 1285 3292 1346 humanitatis
3356 1285 3579 1346 studio

279 1389 544 1466 primas,
585 1391 682 1453 vel
720 1393 785 1454 in
818 1410 1015 1455 sacrm
1045 1393 1358 1455 doctrinm
1397 1397 1691 1452 accurata
1722 1387 2168 1467 exquisitione
2202 1385 2578 1448 concessit?
2625 1383 2743 1446 Cui
2783 1389 2987 1444 totum
3019 1382 3375 1461 imperium
3413 1380 3584 1443 nihil

273 1487 405 1548 fuit
445 1487 653 1563 aliud,
694 1491 820 1551 nisi
859 1491 1005 1552 libri
1040 1499 1102 1552 et
1134 1489 1631 1551 dissertationes
1656 1488 1994 1549 doctorum
2044 1486 2428 1559 hominum;
2460 1493 2523 1546 et
2556 1492 2667 1546 aut
2698 1481 2986 1562 proferre
3021 1481 3239 1562 ipsum
3290 1500 3369 1544 ex
3404 1499 3580 1554 sese,

276 1593 392 1644 aut
423 1584 504 1646 ab
536 1585 665 1647 alio
699 1589 923 1649 audire
960 1586 1272 1667 quiddam
1314 1604 1394 1649 ex
1440 1583 1827 1663 antiquitate
1857 1582 2024 1646 scitu
2066 1584 2363 1663 dignum.
2403 1605 2430 1640 »
2460 1581 2752 1646 Celebrat
2820 1581 3013 1642 etiam
3054 1582 3582 1643 cumulatissime

275 1680 511 1744 laudes
546 1683 787 1754 Marite,
826 1686 966 1747 sive
993 1684 1293 1764 degentis
1321 1683 1389 1744 in
1427 1681 1853 1752 monasterio,
1895 1683 2034 1744 sive
2060 1683 2240 1760 prius
2267 1679 2728 1758 imperatricis,
2765 1687 2820 1741 et
2860 1683 3174 1755 Augustas
3218 1679 3279 1740 in
3319 1679 3578 1750 throno,

276 1798 613 1861 suumque
647 1782 854 1844 tilium
891 1784 1388 1847 Constantinum
1428 1790 1551 1844 tam
1613 1779 1931 1843 laudabili
1966 1798 2120 1842 cura
2151 1778 2585 1849 instituentis,
2626 1786 2692 1839 ut
2727 1799 2757 1834 α
2798 1778 3020 1856 plures
3055 1787 3204 1839 nato
3239 1777 3584 1856 magistros

273 1876 699 1955 imposuerit,
723 1897 1007 1959 quorum
1033 1880 1147 1943 alii
1181 1897 1252 1942 os
1295 1880 1643 1959 ﬁngerent,
1686 1879 2110 1957 linguamque
2155 1876 2513 1938 formarent
2547 1877 2691 1955 ejus
2727 1897 2744 1950 ;
2779 1874 2890 1937 alii
2948 1875 3334 1955 subigerent
3382 1875 3586 1937 disci-

279 1972 610 2050 plinarum
642 1978 983 2056 praseeptis
1019 1979 1336 2050 animum,
1381 1978 1674 2039 historiae
1711 1976 1826 2054 alii
1862 1975 2156 2038 notitiam
2192 1975 2547 2046 traderent,
2587 1998 2613 2030 »
2641 1981 2712 2038 ut
2747 1973 3028 2054 legimus
3065 1974 3275 2052 capite
3309 1975 3408 2035 13.
3447 1975 3582 2036 Hos

271 2070 447 2132 inter
478 2081 772 2136 numerat
801 2093 870 2138 se
895 2076 1420 2157 Theophylactus
1457 2099 1470 2137 :
1508 2100 1536 2131 α
1572 2076 1777 2155 Regia:
1810 2074 2253 2136 lnstitutionis
2314 2074 2813 2143 munusculum,
2852 2071 3193 2152 inquiens,
3229 2074 3431 2135 affero
3464 2073 3581 2134 tibi

270 2166 704 2248 irrequisitus
741 2182 801 2233 et
837 2171 1247 2236 voluntarius
1289 2173 1594 2252 magister
1625 2182 1776 2233 tuus
1819 2161 1871 2246 ς’

1965 2179 2270 2252 πυροῦμαι
2315 2180 2425 2252 γὰρ
2487 2177 2567 2250 τῷ
2605 2179 2905 2250 ὀνόματι...
2942 2179 3222 2244 Βασιλέως
3259 2179 3583 2251 καθηγητὴς

274 2275 794 2346 προσκαλούμενος,
833 2293 861 2325 κ
899 2271 1165 2332 exsulto
1198 2287 1480 2350 namque
1520 2277 1582 2332 et
1615 2268 1863 2349 glorior

1965 2270 2299 2341 momine,
2361 2261 2537 2348 quod
2578 2267 2993 2346 imperatoris
3061 2279 3421 2348 praeceptor
3470 2287 3583 2348 ap-

274 2365 505 2441 peller.
546 2389 574 2422 ι)
612 2366 762 2428 Filii
792 2383 947 2448 ergo
979 2367 1392 2430 Constantini
1439 2375 1794 2446 prmceptor
1831 2384 1866 2429 a
1916 2365 2231 2429 Michaele
2265 2375 2327 2430 et
2367 2365 2567 2427 Maria
2625 2365 3009 2444 parentibus
3045 2365 3582 2447 'l‘heOphylactus

270 2460 569 2524 delectus
594 2463 1116 2545 designatusque
1152 2464 1433 2527 videtur.
2692 2498 2695 2500 ·

356 2560 418 2619 9.
455 2561 606 2623 Haec
634 2565 859 2624 eadem
891 2569 1191 2641 tempora
1227 2562 1470 2625 indicat
1502 2559 1643 2642 ejus
1672 2562 1949 2642 epistola
1981 2578 2128 2640 quas
2158 2561 2330 2622 inter
2383 2561 2789 2623 Meurs‘ianas
2825 2568 3208 2625 numeratur
3267 2562 3368 2637 ιι5,
3433 2563 3578 2626 data

270 2663 354 2735 τῷ
392 2667 672 2739 φιλοσόφῳ
711 2669 887 2741 κυρίῳ
923 2669 1184 2742 Ἰωάννῃ,
1239 2658 1492 2722 domino
1526 2661 1768 2722 Joanni
1820 2660 1888 2740 pl

1961 2659 2232 2739 ’osopho.
2291 2659 2349 2720 Is
2399 2666 2497 2720 est
2538 2659 2827 2721 Joannes
2865 2657 3094 2734 Italus,
3120 2659 3236 2739 qui
3277 2659 3358 2721 ab
3391 2662 3579 2723 Anna

272 2757 607 2819 Comnena
656 2759 822 2821 libro
859 2778 896 2822 v
932 2759 1288 2822 ‘Alcwiados
1315 2768 1437 2821 κατ’
1472 2766 1666 2839 ἐξοχὴν
1700 2765 1882 2821 vocat

1959 2757 2230 2831 'ltalus,
2262 2763 2487 2837 utpote
2529 2774 2609 2818 ex
2644 2757 2828 2820 Italia
2890 2758 3241 2820 oriundus.
3299 2760 3391 2820 De
3430 2757 3577 2836 ipso

273 2860 477 2936 agunt
521 2855 859 2918 Conradus
885 2858 1224 2919 Gesnerus
1260 2859 1325 2918 in
1355 2856 1755 2920 Bibliotheca
1803 2853 2177 2930 universali,
2216 2853 2577 2917 Casimirus
2639 2854 2952 2916 Oudinus
3002 2855 3092 2916 De
3141 2856 3580 2936 scriptoribus

268 2949 750 3028 ecclesiasticis,
802 2954 1127 3016 Antonius
1163 2954 1396 3034 Pagius
1432 2953 1507 3016 ad
1536 2971 1778 3015 annum
1811 2950 1990 3025 1083,
2022 2961 2091 3014 ut
2124 2959 2390 3014 caeteros
2421 2953 2930 3030 printer-mittam.
2988 2952 3330 3015 Michaelis
3378 2954 3577 3016 Pselli

271 3045 649 3126 discipulus
690 3049 969 3127 primum
1009 3049 1158 3125 fuit,
1192 3050 1433 3114 deinde
1464 3049 1770 3124 aamulus,
1813 3049 2266 3130 philosophica
2295 3049 2672 3112 eruditione
2731 3049 3160 3113 clarissimus.
3227 3050 3582 3132 TheOphy-

271 3142 420 3206 lacti
453 3147 531 3208 ad
566 3147 781 3225 ipsum
823 3150 1015 3212 verba
1037 3157 1190 3212 sunt
1219 3171 1293 3210 ενα
1330 3150 1606 3228 Nosjam
1642 3149 1847 3212 multo
1877 3147 2112 3210 abhinc
2136 3156 2454 3227 tempore,
2496 3165 2712 3225 neque
2746 3147 2993 3222 vidisti,
3033 3166 3247 3227 neque
3283 3149 3348 3212 in
3377 3149 3575 3213 rebus

273 3245 670 3307 necessariis
709 3244 954 3310 favisti.
996 3271 1026 3306 ii
1061 3250 1227 3310 Tum
1262 3249 1407 3329 ejus
1447 3249 1954 3329 philosophiam,
1990 3270 2018 3304 α
2050 3246 2239 3326 cujus
2282 3245 2587 3311 ultimum
2609 3245 2740 3326 jam
2776 3247 3117 3310 scanderat
3149 3244 3514 3328 fastigium,
3544 3272 3574 3307 »

275 3338 578 3418 impense
606 3341 849 3416 laudat.
894 3367 923 3401 α
959 3346 1164 3411 Nobis
1198 3353 1443 3420 autem,
1478 3348 1592 3418 ait,
1633 3363 1856 3426 puram
1890 3345 2097 3416 illam,
2133 3353 2195 3406 et
2231 3343 2543 3423 utrinque
2573 3350 2974 3407 constantem
3009 3343 3408 3408 invictorum
3446 3346 3576 3408 im-

275 3449 671 3518 peratorum,
719 3451 1085 3522 παραμίλλων
1130 3451 1423 3522 βασιλέων,
1476 3443 1893 3513 benevolenti

1063 3470 1085 3504 ν
1130 3451 1423 3522 βασιλέων,
1476 3443 2007 3513 benevolentiam
2039 3443 2307 3505 assidue
2347 3442 2610 3504 exhibe.
2654 3466 2681 3498 η

351 3533 580 3597 Varias
614 3539 754 3599 itali
796 3540 970 3602 vices
993 3558 1066 3602 ac
1098 3540 1222 3606 fata
1259 3543 1481 3620 paucis
1518 3558 1831 3617 memoro,
1862 3549 1932 3603 ut
1967 3539 2264 3620 epistola)
2289 3540 2363 3602 ad
2415 3541 2632 3619 ipsum
2667 3540 2830 3603 data:
2887 3551 3145 3619 tempus
3180 3543 3570 3611 innotescat.

275 3630 366 3692 Ex
398 3633 587 3694 Anna
612 3634 940 3698 Comnena
969 3637 1112 3701 loco
1134 3625 1327 3702 citato
1359 3640 1786 3714 addiscimus,
1817 3639 2034 3720 jurgia
2069 3639 2353 3702 movisse
2386 3637 2607 3719 ipsum
2666 3646 2890 3702 contra
2949 3638 3266 3717 Psellum,
3330 3662 3410 3705 ex
3473 3645 3575 3708 his

271 3726 776 3793 admirationem
808 3733 936 3796 sibi
966 3744 1029 3798 et
1081 3736 1381 3814 plausum
1442 3754 1852 3816 comparasse
1884 3754 2014 3799 non
2071 3736 2284 3800 solum
2336 3735 2568 3816 plebis,
2607 3754 2832 3798 verum
2866 3737 3060 3800 etiam
3127 3749 3500 3820 magnatum
3555 3762 3572 3801 :

268 3825 492 3890 favore
545 3830 826 3908 potitum
860 3848 1006 3896 esse
1043 3835 1380 3898 Michaelis
1416 3839 1607 3900 Ducas
1639 3835 2070 3915 imperatoris,
2109 3835 2382 3897 missum
2416 3832 2610 3920 etiam
2645 3833 2725 3895 ab
2756 3850 2834 3897 eo
2867 3851 3044 3897 anno
3089 3836 3350 3900 circiter
3419 3842 3577 3904 1073

266 3925 348 3992 ad
413 3926 640 3988 urbem
703 3931 1165 4007 Epidamnum,
1225 3934 1364 3995 sive
1426 3935 1883 4013 Dyrrachium,
1949 3941 2019 3996 ut
2067 3940 2294 3994 contra
2344 3930 2619 3993 bellicos
2673 3933 3204 3996 Normannorum
3257 3935 3326 3998 in
3388 3939 3576 4005 Italia

271 4023 893 4104 motusinvigilaret
920 4051 934 4089 :
962 4031 1075 4091 sed
1109 4031 1310 4093 veluti
1351 4031 1431 4094 de
1468 4032 1842 4110 proditione
1892 4031 2287 4102 incusatum,
2350 4027 2606 4109 fugisse
2667 4030 2937 4092 Romam
2976 4054 2990 4092 :
3029 4032 3223 4095 citius
3285 4044 3572 4101 attamen

266 4129 640 4183 revocatum
668 4122 1331 4206 ConstantinOpolim,
1358 4127 1587 4209 ibique
1614 4152 1642 4193 ί(
1673 4129 2110 4208 principatum
2127 4125 2556 4207 professionis
2593 4125 3065 4206 phil050phicm
3099 4154 3129 4188 ν
3156 4132 3568 4200 obtinuisse:

263 4216 430 4280 hanc
495 4219 682 4281 illum
744 4222 959 4300 egisse
1002 4226 1290 4305 denique
1328 4243 1613 4300 scenam,
1646 4227 1854 4289 donec
1883 4227 2142 4301 Alexio,
2179 4224 2294 4306 qui
2351 4241 2524 4288 anno
2560 4225 2711 4288 1081
2789 4228 3142 4305 capessivit
3189 4231 3569 4310 imperium,

262 4321 345 4378 de
381 4319 580 4395 impia
619 4319 908 4382 doctrina
962 4333 1335 4402 suspectus,
1395 4326 1473 4387 ad
1540 4327 1845 4390 Ecclesiae
1906 4323 2186 4386 tribunal
2248 4322 2506 4386 delatus
2546 4332 2667 4398 est,
2694 4370 2708 4381 .
2738 4341 3093 4404 percussus
3132 4330 3567 4408 anathemate,

261 4431 335 4475 ac
360 4413 417 4475 si
457 4438 485 4470 α
522 4417 1139 4498 metempsychosim
1181 4443 1209 4479 ιν
1244 4421 1598 4497 docuisset,
1633 4449 1662 4482 «
1721 4421 2131 4488 venerabiles
2164 4429 2617 4485 contemneret
2683 4431 3057 4488 sanctorum
3126 4428 3469 4510 imagines,
3538 4459 3566 4491 ιο

260 4509 564 4591 aliosque
606 4513 934 4593 vulgasset
970 4534 1250 4582 errores.

340 4606 482 4666 1am
519 4607 761 4709 colligo
796 4610 1203 4709 superiorem
1240 4615 1710 4698 Theophylacti
1745 4617 2084 4696 epistolam
2119 4619 2329 4683 datam
2359 4635 2489 4682 non
2521 4637 2669 4684 esse
2704 4620 3023 4686 Alexiano
3057 4631 3386 4706 tempore;
3425 4631 3560 4709 [Vl]

260 4700 478 4803 datam
516 4720 677 4803 vero
698 4705 826 4768 dici
861 4707 1126 4784 debere,
1166 4730 1313 4774 cum
1348 4715 1548 4777 Italus
1575 4715 1790 4778 adhuc
1814 4725 1988 4778 esset
2024 4717 2526 4796 imperatoribus
2571 4727 2902 4798 acceptus.
2965 4729 3027 4782 et
3084 4700 3559 4803 imperatorum

259 4795 786 4863 benevolentiam
825 4803 1170 4883 impetrare
1203 4810 1690 4892 Theophylacto
1721 4822 1960 4893 posset.
1986 4795 2165 4888 QuOs
2190 4831 2311 4894 ego
2341 4795 2765 4893 imperatores
2803 4795 3244 4883 intellexerim
3277 4826 3567 4890 Michae-

261 4895 395 4997 iein
426 4899 689 4997 Ducam,
725 4910 787 4961 et
818 4903 1082 4964 Mariam
1113 4900 1482 4987 eonjugem.
1519 4911 1741 4972 Fuerit
1787 4930 1942 4975 vero
1977 4914 2114 4992 ipsa
2149 4913 2352 4975 Maria
2386 4915 2793 4991 imperatrix,
2855 4926 2916 4976 et
2959 4918 3367 4997 Nicephorus
3428 4927 3559 4987 Bo-

262 4992 505 5056 toniata
532 4995 885 5100 imperator
926 5023 940 5061 :
983 5019 1138 5065 sane
1171 5023 1318 5067 cum
1353 5006 2040 5089 haec'l‘heOphylactus
2075 5012 2414 5086 scriberet,
2450 5030 2519 5074 se
2571 5035 2599 5069 (ι
2638 5013 2768 5093 jam
2837 5015 3044 5078 multo
3097 4992 3338 5083 abhinc
3399 5030 3562 5100 tem.

260 5107 418 5171 pore
455 5113 483 5146 ιο
508 5109 650 5197 non
675 5093 886 5197 visum
921 5099 1001 5159 ab
1034 5101 1194 5163 italo
1219 5103 1467 5178 aiebat;
1499 5115 1567 5168 ut
1603 5105 1752 5169 hinc
1785 5125 2048 5170 sumere
2083 5109 2403 5172 indicium
2458 5110 2653 5173 liceat
2706 5111 3005 5190 imperii,
3067 5117 3244 5197 quod
3279 5096 3557 5187 Michael

259 5197 417 5250 tunc
444 5190 926 5256 administraret
957 5197 1034 5257 ad
1071 5215 1315 5260 annum
1354 5220 1562 5283 usque
1600 5205 1775 5278 1078,
1808 5222 1941 5284 quo
1990 5208 2327 5269 Botoniata
2362 5209 2702 5272 successit.

341 5285 439 5349 10.
476 5285 1078 5399 Chronographiam
1120 5300 1456 5360 continuat
1489 5300 1783 5379 ejusdem
1823 5304 2025 5379 prima
2061 5304 2338 5381 epistola
2365 5303 2446 5365 ad
2481 5307 2759 5368 Mariam
2805 5311 3307 5390 imperalricem,
3366 5319 3560 5399 cujus

258 5396 564 5497 excerpta
608 5386 928 5497 Duronius
986 5392 1253 5497 enxhibet
1297 5398 1374 5497 ad
1423 5416 1665 5497 annum
1712 5401 1889 5476 1071,
1953 5419 2132 5463 num.
2198 5404 2370 5464 XVI.
2415 5404 2621 5465 Verba
2682 5419 2835 5467 sunt
2873 5386 2958 5468 ξς(
3019 5386 3362 5477 Descendo
3426 5386 3565 5497 igi-

261 5489 366 5542 tur
394 5482 842 5590 a-dDulgaros,
879 5505 943 5548 re
998 5490 1779 5570 ConstantinOpolitanus,
1820 5499 2103 5574 hospitio
2163 5500 2762 5580 Bulgarus,cariem
2823 5505 3161 5588 situmque
3219 5482 3558 5590 redolehs,

262 5586 332 5639 ut
401 5579 500 5640 illi
562 5580 831 5685 pellium
884 5588 1229 5685 pedorem.
1302 5618 1328 5647 »
1397 5593 1671 5656 [lenibat
1714 5596 1963 5659 scilicet
2025 5597 2099 5656 ad
2170 5579 2354 5658 suam
2417 5597 2771 5661 Ecclesium
2840 5603 2902 5663 in
2936 5579 3333 5685 Bul'gariam,
3382 5579 3558 5678 unde

257 5686 527 5738 venerat
561 5675 1227 5762 Constantinopolim.
1267 5691 1482 5770 Pergit
1547 5709 1698 5756 vero
1732 5716 1746 5754 :
1784 5717 1812 5750 ‹‹
1845 5695 1996 5757 Haec
2029 5696 2249 5775 itaque
2280 5694 2476 5758 senili
2508 5713 2619 5759 ore
2653 5708 2877 5764 sancto
2909 5675 3188 5783 imperio
3227 5675 3558 5792 tuojoca‘ti

256 5789 515 5836 sumus.
559 5798 587 5830 ι

346 5871 640 5934 Titulum
676 5872 1113 5953 impcratricis
1145 5885 1348 5949 tenuit
1389 5888 1592 5951 Maria
1638 5890 1762 5953 sub
1793 5892 2111 5957 Michacle
2155 5894 2354 5973 Duce,
2389 5893 2601 5974 primo
2637 5896 2779 5977 ejus
2815 5898 2976 5976 viro,
3017 5902 3362 5985 tenuitque
3417 5916 3558 5986 past
