4098 6330
592 329 662 394 19
1394 333 1618 396 BERN.
1657 335 1922 398 MAR”!
1962 337 2059 399 DE
2095 338 2383 401 RUBEIS
2428 341 2934 407 DISSERTATIO
3769 346 3841 411 20

586 460 834 505 annum
855 444 1027 515 1078,
1073 445 1578 524 subNicephoro
1611 447 1970 520 Botoniata,
2005 451 2117 530 qui
2151 452 2276 513 sibi
2333 471 2471 515 eam
2518 456 2846 532 capulavit
2895 471 3165 517 uxorem
3228 479 3242 515 :
3296 455 3466 517 unde
3526 457 3650 518 sub
3708 457 3840 522 haec

585 550 873 617 tempora
907 540 1114 601 datam
1151 542 1311 603 hanc
1340 560 1371 603 a
1405 542 1885 622 TheOphylacto
1911 547 2273 624 epistolam,
2301 560 2570 612 constat.
2600 553 2665 612 tn
2696 557 2916 630 eajam
2946 568 3173 614 senem
3204 560 3382 612 vocat
3411 568 3579 624 sese,
3626 553 3687 613 id
3729 563 3826 616 est

583 637 786 697 aetatis
811 637 940 715 jam
978 647 1336 714 provectae:
1369 647 1430 700 et
1461 638 1593 701 haec
1624 641 1765 719 ejus
1797 643 2037 716 senilis,
2075 653 2184 704 aut
2228 654 2379 706 tetas
2409 655 2702 723 provecta
2731 646 2945 724 ipsum
2988 648 3132 708 sine
3189 647 3390 709 dubio
3420 647 3681 709 exhibet
3711 650 3837 712 sub

584 733 919 795 Botoniata
956 743 1019 794 et
1059 733 1369 795 Michaele
1430 738 1599 797 Duca
1630 737 1862 799 litteris
1892 756 1963 800 ac
1986 740 2296 817 dignitate
2333 743 2688 803 ﬂorentem.
2723 743 2898 803 Alias
2953 742 3268 805 Baronius
3301 744 3481 803 affert
3541 745 3833 822 ejusdem

583 831 892 910 epistolas
920 832 994 893 ad
1026 847 1266 893 annum
1300 834 1477 908 1073,
1517 852 1550 896 a
1579 852 1754 896 num.
1789 837 2144 909 LXXXIII,
2177 836 2415 915 quibus
2447 838 2718 900 indicari
2749 849 2920 918 putat
2964 840 3176 918 gentis
3205 841 3616 904 Crabatorum
3661 841 3832 902 irru-

583 929 864 1004 ptiones,
895 945 1058 1007 quae,
1099 928 1368 991 testibus
1399 931 1758 1011 Nicephoro
1789 931 2121 1003 Briennio,
2159 942 2220 996 et
2252 935 2654 1013 Cumpalata,
2684 944 2745 997 et
2783 938 3050 1012 Zonara,
3085 961 3113 992 α
3149 938 3337 998 tertio
3363 953 3533 998 anno
3560 937 3818 1014 imperii

581 1024 966 1106 (Michaelis)
989 1027 1353 1106 Bulgariam
1385 1044 1697 1107 occupare
1716 1045 2015 1109 aggressa
2057 1038 2177 1100 est,
2213 1047 2284 1094 ac
2316 1033 2604 1112 quaedam
2634 1033 2773 1094 loca
2801 1034 2992 1112 cepit.
3033 1057 3062 1090 ››
3091 1034 3302 1096 Satius
3333 1032 3556 1109 fuerit,
3609 1034 3825 1097 virum

580 1124 1032 1186 doctissimum
1066 1126 1144 1185 de
1179 1125 1276 1186 his
1308 1128 1672 1188 consulere.

2149 1302 2250 1362 IV.

577 1453 874 1533 Florebat
933 1454 1065 1514 sine
1106 1452 1294 1533 dubio
1343 1453 1458 1514 sub
1500 1453 1727 1515 Alexio
1786 1454 2103 1533 Comnena
2140 1455 2543 1531 imperatore.
2605 1452 2903 1533 Ejusdem
2950 1453 3409 1533 TheOphyiacti
3440 1455 3711 1532 epistola
3745 1453 3832 1517 ad
3913 1481 3917 1522 ξ

655 1532 1077 1609 Nicephorum
1107 1532 1511 1612 Melissenum
1544 1533 1869 1603 (ἴωσι-ειη,
1905 1533 2015 1594 ubi
2063 1531 2138 1593 de
2196 1533 2628 1612 imperatoris,
2653 1531 2788 1592 ‘aut
2845 1531 3275 1605 Constantini,
3330 1543 3443 1594 aut
3474 1531 3831 1596 ’Michaeiis

652 1621 869 1670 morte.
904 1613 1058 1672 Item
1096 1611 1177 1671 ad
1200 1612 1578 1691 Gregorium
1607 1612 2029 1674 Camaterum.

657 1755 754 1812 1t.
795 1749 917 1811 Sed
952 1748 1157 1816 Alexii
1187 1749 1495 1811 Comneni
1529 1749 1908 1827 imperium,
1947 1739 2304 1812 anno'1081
2355 1750 2707 1827 inceptum,
2746 1749 3038 1828 attigisse
3071 1749 3654 1828 Theophylactum,
3684 1751 3813 1829 jam

571 1847 813 1908 evincit
845 1845 984 1925 ejus
1012 1846 1206 1924 Regia
1235 1846 1594 1918 Institutio,
1628 1845 1750 1910 sub
1785 1845 2017 1908 eodem
2051 1849 2344 1926 Augusto
2375 1849 2453 1907 ad
2482 1846 2970 1908 Constantinum
3008 1841 3634 1924 Porphyrogenitum
3671 1865 3827 1908 nun-

572 1951 824 2020 cupata,
864 1950 933 2002 ut
957 1941 1408 2003 adnotavimus
1444 1959 1621 2004 num.
1646 1942 1707 2003 8.
1741 1944 1895 2004 Rem
1927 1942 2077 2004 facit
2100 1943 2433 2006 indubiam
2465 1943 2740 2019 epistola
2797 1943 2965 2003 inter
3004 1939 3408 2004 Meursianas
3443 1943 3651 2015 tertia,
3685 1943 3823 2005 data

571 2038 823 2099 domino
845 2037 1109 2103 Nicoiao
1135 2040 1542 2115 patriarchae,
1569 2039 1680 2118 qui
1716 2039 1936 2101 sedem
1963 2039 2735 2115 Constantinopolitanam
2758 2054 2929 2099 anno
2965 2037 3121 2099 1081s
3149 2039 3551 2113 conscendit,
3577 2040 3820 2100 tenuit—

572 2151 702 2214 que
736 2135 813 2196 ad
849 2151 1090 2196 annum
1134 2136 1545 2199 undecimum
1581 2136 1798 2198 saeculi
1834 2137 2232 2199 duodecimi.
2268 2135 2503 2196 Recole
2544 2135 2709 2196 dicta
2756 2151 2934 2196 num.
2967 2137 3028 2196 6.

655 2232 752 2292 12.
791 2231 1075 2306 Epistula
1109 2232 1184 2292 12
1213 2230 1294 2291 ad
1326 2231 1627 2295 Cwsarem
1657 2232 1794 2297 data
1829 2243 1948 2298 est.
1985 2231 2668 2309 Nicephorumnempe
2699 2228 3130 2318 Melissennm
3165 2251 3179 2287 :
3216 2251 3245 2285 α
3281 2231 3391 2308 qui
3422 2231 3500 2291 ab
3533 2231 3825 2293 exercitu

572 2326 920 2406 imperator
946 2325 1369 2404 proclamatus
1394 2325 1630 2405 (verbis
1655 2334 1800 2388 utor
1829 2326 2246 2391 Dufresniiin
2275 2329 2616 2390 Stemmate
2648 2327 3127 2389 Comnenorum
3168 2343 3348 2390 num.
3375 2327 3480 2406 1V)
3517 2336 3824 2405 potestate

576 2423 806 2485 uxoris
837 2421 1144 2485 Eudocim
1185 2421 1394 2494 fratri,
1436 2420 1660 2482 Alexio
1692 2423 2045 2492 Comneno.
2071 2423 2250 2488 ultro
2293 2424 2508 2496 cessit,
2537 2422 2804 2486 Caesaris
2839 2422 3024 2485 titulo
3061 2429 3432 2484 contentus.
3485 2447 3514 2480 ι
3542 2424 3822 2486 Caesarea

575 2519 890 2597 dignitate
923 2519 1198 2582 donatus
1233 2524 1325 2579 est
1361 2535 1472 2578 νιιι
1507 2516 1773 2596 Aprilis,
1805 2517 1961 2580 feria
2001 2538 2036 2579 v
2075 2519 2494 2583 hebdomadis
2525 2518 2853 2583 Paschalis
2879 2534 3049 2580 anno
3074 2518 3251 2588 1082,
3317 2520 3728 2598 excessitque
3787 2536 3823 2582 θ

575 2617 704 2681 vita
745 2617 851 2679 die
884 2635 1019 2677 xvn
1053 2615 1452 2686 Novembris,
1481 2616 1839 2684 indictione
1868 2633 2007 2689 xnt,
2039 2633 2209 2680 anno
2241 2617 2480 2682 Christi
2503 2615 2696 2685 not.
2730 2616 2818 2676 Ea
2852 2613 3072 2693 itaque
3111 2612 3385 2692 epistola
3414 2624 3556 2692 post
3581 2632 3822 2677 annum

575 2712 732 2779 1082
759 2729 794 2773 a
825 2710 1304 2791 TheOphylacto
1338 2710 1596 2783 scripta.

655 2833 806 2897 Hinc
840 2833 902 2892 in
937 2832 1156 2893 eadem
1197 2829 1516 2893 habentur
1544 2829 1733 2892 verba
1766 2851 1782 2890 :
1810 2854 1837 2886 α
1875 2830 2098 2892 Amnis
2129 2832 2224 2893 tui
2258 2829 2673 2910 imperatoris
2726 2835 3024 2901 mortem,
3059 2826 3245 2906 cujus
3279 2827 3639 2888 sanctitatis
3688 2827 3820 2888 vir-

572 2939 746 2992 tutos
777 2944 1001 2989 omnes
1034 2934 1090 2988 et
1127 2927 1360 3006 gratias
1394 2944 1513 3007 ego
1543 2925 1686 3003 ipse
1717 2925 2055 3005 potissima
2114 2943 2258 2989 sum
2293 2934 2622 3004 expertus,
2652 2925 2825 2985 unde
2855 2924 3116 3002 planctu
3147 2923 3384 3000 dignus
3418 2929 3478 2984 et
3514 2931 3822 3000 perpetuo

573 3025 754 3088 luctu
797 3023 954 3088 mihi
983 3023 1094 3084 ille
1136 3025 1420 3098 videtur,
1458 3022 1514 3084 si
1544 3019 1740 3085 alicui
1785 3022 1968 3085 alteri
2003 3023 2240 3086 etiam:
2278 3024 2480 3096 illam,
2513 3025 2807 3102 inquam,
2863 3021 2931 3083 in
2966 3021 3330 3098 expeditam
3365 3021 3563 3085 animi
3614 3037 3824 3099 prom-

571 3123 959 3202 ptitudinem
997 3123 1303 3200 accipies.
1339 3143 1370 3181 »
1403 3122 1696 3196 Quonam
1725 3120 1805 3182 de
1830 3120 2215 3199 imperatore
2249 3120 2370 3181 vita
2408 3120 2627 3180 functo
2660 3132 2875 3180 sermo
2905 3118 3031 3188 ﬁat,
3066 3132 3192 3178 non
3233 3115 3322 3177 ila
3376 3117 3817 3194 perspicuum.

569 3221 736 3300 Num
799 3218 995 3283 fuerit
1048 3217 1510 3282 Constantinus
1570 3216 2187 3300 Porphyrogenitus,
2242 3215 2579 3279 Michaelis
2639 3225 2700 3276 et
2746 3212 2965 3276 Marias
3029 3212 3226 3286 ﬁlius,
3299 3212 3415 3289 qui
3460 3215 3539 3275 ab
3580 3210 3820 3274 Alexio

573 3319 903 3385 Comneno
936 3315 1533 3395 particepsimperii
1565 3315 1786 3378 dictus
1807 3332 1931 3390 εει,
1959 3317 2153 3378 Anna
2197 3317 2523 3378 Comnena
2558 3321 2720 3376 teste
2749 3312 2915 3374 libro
2947 3330 3020 3372 ιιι
3070 3309 3444 3386 Alexiados,
3497 3334 3526 3369 α
3583 3327 3822 3375 corona

572 3413 916 3490 Augustali
967 3413 1290 3488 utebatur,
1323 3424 1386 3475 et
1436 3429 1669 3475 nomen
1704 3410 2023 3485 ejuscum
2081 3411 2295 3473 Alexii
2347 3411 2609 3474 nomine
2652 3407 3288 3489 proclamabaturi'»
3343 3408 3579 3469 Eadem
3634 3412 3818 3469 Anna

570 3508 739 3569 libro
779 3527 840 3578 vi
872 3525 1026 3570 suos
1059 3522 1308 3571 enarrat
1371 3508 1613 3571 natales
1651 3524 1822 3570 anno
1878 3508 2136 3570 circiter
2197 3509 2376 3575 1083.
2444 3507 2705 3584 sibique
2764 3506 3057 3566 futurum
3092 3521 3403 3583 sponsum
3437 3504 3612 3567 addit
3641 3505 3816 3567 desi-

573 3615 836 3682 gnatum
869 3605 1073 3668 fuisse
1097 3607 1614 3682 Constantinum,
1647 3608 1952 3668 etambos
1981 3607 2258 3684 publicis
2299 3605 2366 3664 in
2425 3601 3001 3667 acclamationibus
3062 3601 3444 3680 conjunctos
3481 3623 3495 3662 :
3558 3622 3590 3658 «
3627 3602 3814 3675 Quod

571 3703 727 3762 satis
765 3703 954 3782 longo
986 3713 1298 3782 tempore,
1331 3704 1441 3778 ait,
1477 3715 1557 3764 tta
1593 3721 1737 3764 esse
1768 3703 2030 3775 factum,
2065 3719 2100 3764 a
2141 3701 2514 3781 parentibus
2547 3699 2928 3778 caeterisque
2963 3699 3205 3777 smpius
3237 3698 3486 3760 audivi.
3523 3722 3551 3755 ι)
3585 3701 3814 3759 Emor-

570 3797 767 3859 tualis
809 3799 949 3876 ejus
984 3817 1195 3860 annus
1233 3816 1363 3864 non
1398 3800 1796 3862 innotescit".
1829 3807 1889 3860 at
1920 3799 2134 3877 ipsum
2166 3798 2288 3859 vita
2323 3795 2614 3858 functum
2650 3804 2789 3874 post
2828 3812 3071 3856 annum
3115 3793 3271 3856 1081i
3304 3796 3588 3856 indicant
3621 3799 3819 3856 Anna)

568 3895 762 3956 verba
805 3916 821 3955 :
863 3913 1073 3976 neque
1112 3895 1315 3957 solida
1368 3913 1590 3958 eorum
1621 3896 1897 3959 narratio
1927 3904 2048 3967 est,
2081 3896 2191 3974 qui
2223 3905 2546 3955 mortuum
2578 3899 2875 3954 asserunt
2899 3908 3070 3951 anno
3110 3891 3286 3965 1081,
3321 3893 3384 3953 in
3421 3890 3816 3971 Dyrrachino

570 3991 821 4068 ιιι-ωηο,
849 3992 1023 4069 quod
1061 4008 1093 4053 a
1123 3993 1404 4055 Roberto
1441 3992 1797 4054 Guiscardo
1826 3992 2243 4054 commissum
2279 3990 2427 4052 fuit.
2478 3991 2699 4067 Itaque
2737 3987 2898 4048 datae
2937 4005 2966 4046 ιι
3006 3988 3488 4066 'l‘beophvlacto
3522 3988 3818 4050 euistolm

571 4097 829 4166 tempus
860 4087 988 4166 jam
1033 4088 1328 4151 sublucet

654 4211 875 4270 Fuerit
905 4210 1249 4274 defunctus
1283 4212 1625 4288 imperator
1661 4213 1768 4276 ille
1801 4214 2068 4276 Michae.
2105 4214 2334 4287 Ducas,
2373 4221 2548 4291 pater
2573 4212 3002 4286 Constantini,
3039 4228 3074 4273 a
3133 4213 3464 4273 Botoniata
3506 4210 3814 4273 deturba-

573 4320 703 4376 tus.
741 4308 983 4386 Ephesi
1019 4308 1421 4387 metmpolita
1453 4312 1741 4372 detonsis
1775 4312 2025 4390 capillis
2057 4310 2326 4382 electus,
2390 4310 2453 4371 in
2488 4311 2947 4372 monasterium
2981 4315 3196 4386 postea
3258 4309 3592 4381 secedens,
3648 4310 3816 4386 [V11]

571 4405 710 4464 suis
748 4404 1042 4466 manibus
1084 4403 1403 4479 laborans,
1443 4424 1828 4486 semperque
1859 4408 2212 4468 honorifice
2249 4407 2507 4469 habitus
2538 4406 2616 4468 ab
2645 4405 2892 4467 Alexio.
2926 4405 3213 4485 Hujusce
3248 4405 3626 4484 imperantis
3657 4415 3816 4468 tem-

574 4517 752 4578 pore,
779 4499 903 4561 vita
930 4500 1174 4562 ωσι-ιδιὶ
1209 4502 1506 4578 migravit
1540 4519 1552 4561 :
1585 4504 1755 4564 unde
1788 4503 1998 4564 adhuc
2034 4502 2328 4572 efﬁcitur,
2365 4521 2504 4565 eam
2538 4501 2998 4580 Theophylacti
3038 4501 3377 4580 epistolam
3410 4504 3487 4565 ad
3519 4502 3812 4567 Alexiani

573 4597 828 4673 imperii
868 4597 1271 4674 procedentis
1313 4604 1599 4674 tempora
1634 4599 1981 4676 pertinere.
3434 4597 3439 4601 ’

657 4717 757 4779 13.
791 4719 1054 4778 Domino
1087 4718 1394 4796 Gregorio
1432 4717 1757 4780 Camatero
1818 4721 2054 4797 scripta
2103 4720 2343 4799 legitur
2397 4717 2670 4798 epistola
2725 4727 2928 4780 sexta.
2985 4720 3135 4780 Haec
3197 4719 3515 4781 habentur
3551 4741 3566 4780 :
3608 4741 3637 4774 α
3672 4719 3808 4780 Non

577 4815 748 4878 enim
820 4813 1346 4891 archiepisc0pus
1401 4813 1565 4892 (ipse
1625 4831 1854 4892 nempe
1909 4815 2456 4896 Tbeophylactus)
2525 4816 2664 4877 viro
2706 4815 2798 4875 illi
2843 4814 3221 4894 (Camatero)
3256 4815 3532 4895 ignovit,
3567 4817 3812 4878 circum

574 4928 766 4987 quem
806 4910 975 4971 varia
1011 4909 1416 4985 imperatoris
1447 4909 1855 4988 negetiorum
1890 4911 2190 4973 examina
2213 4913 2340 4974 alto
2393 4928 2663 4974 susurro
2697 4929 2952 4990 semper
3010 4913 3512 4974 immurmurant
3551 4935 3566 4974 :
3603 4915 3698 4965 καὶ
3741 4912 3813 4965 τὰ

574 5013 706 5084 παρ’
747 5013 948 5082 ἑτέρων
978 5011 1286 5083 γράμματα
1311 5013 1704 5082 παρενόχλημα
1730 5015 1829 5084 οὐχ
1880 5009 2072 5086 ἦττον,
2103 5016 2134 5084 ἢ
2180 5034 2192 5062 ε

2196 5016 2238 5068 τὸ
2271 5017 2402 5070 αὐτὸ
2440 5017 2676 5088 γράφειν
2707 5017 2939 5087 ἑτέροις,
2972 5016 3034 5069 et
3094 5009 3202 5070 cui
3236 5011 3513 5071 aliorum
3581 5009 3814 5071 litteras

578 5119 704 5163 non
745 5100 1056 5161 minorem
1093 5097 1448 5160 molestiam
1481 5101 1780 5172 aﬂ‘erunt,
1806 5119 1997 5180 quam
2029 5105 2107 5166 ad
2140 5104 2298 5166 alios
2331 5107 2655 5168 scribendi
2695 5123 2956 5167 munus.
2997 5130 3024 5163 »
3054 5106 3423 5187 Injunctum
3481 5109 3815 5172 Camatero

578 5195 903 5258 secretarii
941 5211 1174 5256 munus
1206 5195 1616 5274 intelligitur.

659 5316 787 5376 Hac
817 5313 896 5375 de
931 5331 994 5375 re
1030 5312 1159 5393 agit
1191 5316 1366 5379 Anna
1401 5315 1719 5377 Comnena
1756 5317 1918 5379 libro
1968 5337 2030 5378 ix
2083 5319 2453 5393 Alexiados,
2520 5329 2861 5399 antequam
2917 5337 3238 5382 sacrarum
3291 5330 3507 5382 contra
3553 5323 3810 5386 Sarace-

576 5429 697 5474 nos
723 5410 1212 5489 expeditionum
1248 5410 1584 5475 historiam
1613 5415 2048 5492 aggrediatur,
2080 5432 2225 5493 quie
2255 5432 2424 5477 anno
2464 5417 2620 5477 1096
2647 5417 3028 5494 inceperunt
3064 5435 3078 5473 :
3137 5441 3164 5473 «
3220 5418 3569 5497 Scribaque
3607 5419 3808 5482 advo-

575 5518 752 5570 catur
783 5526 928 5569 cum
967 5507 1226 5580 tabulis,
1265 5508 1596 5587 inquiens,
1635 5510 1988 5589 Gregorius
2023 5513 2416 5584 Camaterus,
2452 5513 2611 5572 inid
2645 5511 2832 5574 ofﬁcii
2871 5530 3079 5592 nuper
3109 5515 3349 5576 ascitus
3398 5515 3565 5592 apud
3595 5516 3803 5595 impe—

577 5615 875 5666 ratorem.
913 5626 942 5658 »
975 5606 1110 5666 Hoc
1140 5605 1340 5684 igitur
1370 5615 1656 5684 tempore
1692 5617 1753 5670 et
1780 5610 1971 5671 vitam
2004 5607 2229 5687 agebat
2260 5616 2320 5668 et
2373 5609 2690 5671 scribebat
2720 5609 3262 5690 TheOpbylactus.
3327 5615 3412 5673 Ad
3470 5613 3816 5692 lugotbetm

577 5701 954 5854 ldignitatem
993 5700 1432 5855 illiumnpostea
1490 5703 1837 5783 imperator
1869 5706 2082 5768 evexit
2112 5727 2129 5780 ;
2165 5707 2430 5786 ipsique
2457 5707 2767 5785 Gregorio
2796 5709 3117 5770 Comatrro
3146 5711 3471 5789 logothctw
3497 5712 3808 5794 inscripta

603 5796 812 5855 ruitur
852 5797 1059 5855 enisto
1088 5811 1120 5855 a
1238 5842 1249 5854 .

603 5796 812 5874 (igitur
852 5796 1120 5875 cpistola
1155 5796 1249 5855 '11.
