4098 6330
278 329 339 396 91
1106 333 1204 395 DE
1243 326 1819 394 THEOPHYLACTI
1866 328 2136 392 GES’I‘IS
2178 331 2271 390 ET
2312 329 2679 391 SCRII’I‘IS.
3522 320 3597 384 22

284 656 521 730 Alltqit
577 654 766 713 etiam
813 652 1108 714 sreculum
1139 650 1599 736 duodecimum,
1652 669 1724 736 nc
1761 653 2127 736 septimani
2154 645 2432 729 ejusdem
2463 641 2683 736 {ae-culi
2703 634 3133 736 'annuin,.quo
3181 627 3592 736 ‘Boe‘rnundus

364 721 773 797 Normarmus
806 735 873 793 in
908 731 1283 808 Bulgariam
1326 732 1598 809 irrupit,
1644 721 1987 808 Dufresnio
2042 721 2418 810 adnotante.
2477 722 2618 810 Viri
2658 721 3006 810 ciarjssimi
3033 721 3383 810 sent-entia
3424 733 3591 810 con-

361 814 679 891 ﬁrmatur.
714 800 1404 891 EjusdemvBoemuntIi
1449 800 1847 891 captivitatis
1905 810 2140 891 mentio
2193 807 2262 867 in
2304 800 2714 884 epistola'ad
2764 800 3151 879 Gregorium
3191 800 3591 858 Taranitam.

366 888 666 952 Eamdem
690 888 1258 971 chronographum
1278 890 1423 951 alia:
1461 888 1836 969 conﬁrmant
1868 888 2177 968 epistola.

371 1040 468 1101 iis.
526 1036 923 1116 Dignissima
986 1034 1553 1097 animadversione
1612 1035 1895 1098 occurrit
1948 1032 2225 1112 epistola
2259 1033 2361 1107 65,
2394 1031 2699 1111 magistro
2746 1028 3001 1091 domino
3053 1026 3301 1085 Joanm'
3353 1024 3593 1085 Panta-

282 1140 482 1200 chncc.
548 1132 1015 1211 TheOphylacti
1081 1131 1272 1194 verba
1335 1142 1486 1195 sunt
1530 1156 1545 1193 :
1589 1156 1617 1189 ιι
1685 1134 1926 1197 Cuncta
1981 1141 2242 1207 autem,
2303 1131 2370 1193 in
2429 1131 2674 1210 quibus
2722 1127 2955 1191 Achris
3017 1132 3337 1197 versatur,
3404 1124 3596 1201 plena

286 1233 557 1294 horrent
604 1238 803 1302 metu,
844 1237 905 1291 et
972 1230 1171 1291 Moeri
1226 1230 1432 1310 regio.
1488 1233 1600 1292 Est
1633 1230 1904 1293 enim‘M

1979 1247 2118 1293 :rus
2158 1229 2374 1308 portio
2411 1226 2742 1301 Achridis,
2777 1243 2926 1305 qum
2957 1233 3112 1304 παρὰ
3146 1230 3243 1284 τοῦ
3274 1229 3470 1283 δούλου
3501 1230 3597 1283 καὶ

284 1330 624 1393 ἀποστάται),
666 1346 700 1390 a
740 1343 932 1390 servo
957 1337 1020 1389 et
1046 1335 1338 1407 apostata
1374 1328 1571 1390 variis
1610 1329 1671 1390 in
1708 1329 1985 1406 praedam
2020 1326 2401 1389 incursibus
2433 1333 2727 1388 vexatur.
2761 1326 2836 1387 Et
2869 1325 3115 1401 Bagora
3149 1338 3337 1383 mons
3374 1326 3496 1390 est,
3530 1328 3595 1379 et

289 1426 437 1504 ipse
476 1426 861 1499 immensus,
903 1434 965 1488 et
1000 1425 1172 1487 inter
1204 1425 1585 1504 Bulgaricos
1622 1434 1684 1487 et
1717 1424 2158 1505 Dyrrachinos
2213 1430 2467 1485 montes
2510 1422 2894 1501 interjectus
2933 1419 3249 1499 assurgit,
3285 1418 3399 1498 qui
3434 1426 3595 1497 παρᾶ

285 1534 387 1585 τοῦ
423 1534 718 1602 ἀντάρωυ,
754 1540 787 1584 a
824 1529 1103 1601 tyranno
1135 1521 1585 1585 custoditur...
1622 1520 2086 1595 Pansebnstus,
2121 1528 2187 1584 et
2218 1519 2475 1584 militiai
2515 1519 2820 1599 princeps
2858 1518 3169 1580 dominus
3203 1514 3477 1578 Michael
3514 1515 3596 1577 ab

285 1622 681 1699 imperatore
742 1619 985 1682 missus
1046 1627 1165 1692 est,
1225 1619 1350 1681 sub
1399 1636 1532 1699 quo
1589 1620 1828 1698 selecta
1882 1619 2171 1682 virorum
2246 1634 2816 1698 corporacogere,
2854 1623 2915 1680 et
2965 1615 3032 1677 in
3096 1616 3272 1678 hunc
3302 1613 3594 1681 scelera-

283 1723 451 1791 tum,
499 1723 578 1795 τῷ
619 1725 963 1794 καθάρματι,
1025 1732 1095 1777 se
1129 1715 1352 1792 praalio
1385 1732 1720 1794 Opponere
1760 1717 2062 1780 statuit...
2097 1718 2218 1780 Hic
2258 1724 2475 1779 autem
2516 1714 2871 1794 imperium
2915 1713 3200 1776 ambit...
3239 1729 3457 1792 neque
3488 1711 3596 1772 hic

283 1813 671 1892 imperatori
706 1812 984 1891 obsequi
1022 1812 1341 1892 illiusque
1373 1829 1520 1875 esse
1558 1831 1787 1876 servus
1814 1812 2056 1894 dignus
2086 1814 2424 1877 videbitur
2449 1812 2638 1891 jugo.
2687 1836 2715 1867 ι
2762 1810 3036 1873 Michael
3074 1817 3480 1872 memoratus
3514 1827 3596 1870 ex

282 1930 525 1989 genere
563 1916 881 1975 Ducarum
914 1920 1033 1988 est,
1096 1913 1161 1973 in
1201 1930 1427 1974 eorum
1454 1913 1814 1975 Stommatis
1862 1918 2037 1992 parte
2087 1909 2285 1973 altera
2354 1927 2533 1971 num.
2581 1910 2724 1971 VIII
2786 1926 2820 1970 ιι
2881 1906 3239 1969 Dul'resnio
3295 1906 3589 1969 recensi-

282 2018 392 2072 tus
423 2033 438 2071 :
476 2011 588 2090 qui
627 2032 656 2067 ι
703 2011 768 2072 in
804 2027 1035 2089 omnes
1062 2009 1221 2085 fere,
1254 2028 1417 2090 quas
1444 2010 1710 2073 Alexius
1737 2010 1907 2083 iniit,
1944 2008 2260 2071 militares
2292 2005 2758 2093 expeditiones
2781 2013 3074 2079 secutus,
3120 2005 3187 2067 in
3218 2004 3304 2066 iis
3336 2002 3595 2067 fortiter

283 2128 354 2169 se
377 2108 609 2187 gessit.
650 2130 679 2165 ιι

363 2230 438 2290 in
471 2230 655 2293 Notis
696 2231 778 2293 ad
812 2230 1159 2295 Aiexiados
1196 2232 1433 2295 librum
1466 2251 1563 2295 xu
1595 2233 1770 2295 hunc
1802 2228 2277 2310 Theophylacti
2311 2228 2527 2292 locum
2562 2225 3275 2307 expendenslaudatus
3308 2232 3538 2288 auctor
3573 2246 3590 2282 :

292 2346 318 2380 ι
356 2326 780 2393 Boemundus
813 2329 1232 2400 describitur,
1260 2329 1503 2408 inquit,
1546 2331 1659 2409 qui
1706 2329 1939 2391 Alexio
1971 2329 2161 2391 ﬁdem
2196 2335 2259 2390 et
2304 2326 2677 2389 clientelam
2716 2344 2866 2389 cum
2901 2333 3306 2389 sacramento
3342 2324 3594 2403 profes-

282 2438 402 2484 sus
434 2431 568 2485 erat
596 2446 611 2485 :
647 2440 862 2501 quue
900 2425 1287 2504 posthabito,
1326 2426 1395 2487 in
1427 2425 1839 2505 imperatoris
1870 2425 2059 2497 ﬁnes,
2095 2432 2395 2503 apostolo
2418 2432 2477 2485 et
2502 2423 2887 2505 fadifragus
2922 2421 3157 2499 factus,
3184 2422 3530 2501 irruperat.
3560 2446 3589 2479 »

288 2520 472 2582 Hanc
503 2522 868 2584 Boemundi
902 2522 1335 2599 irruptionem
1366 2523 1430 2585 in
1472 2523 1810 2601 Illyricum
1846 2532 1907 2584 et
1948 2520 2016 2583 in
2050 2522 2424 2602 Bulgariam
2461 2528 2723 2584 narrant
2755 2521 2965 2583 Latini
3000 2522 3380 2599 scriptores.
3416 2537 3593 2583 eant-

286 2636 421 2697 que
455 2636 602 2681 cum
633 2636 808 2683 anno
836 2621 992 2681 1107
1018 2620 1296 2699 illigant.
1331 2620 1755 2683 Fuluherium
1800 2622 2267 2683 Carnotensem
2311 2616 2522 2680 refero
2559 2618 2629 2680 in
2665 2618 3096 2697 Expeditione
3120 2616 3592 2697 Hierosolymi-

293 2723 470 2789 tana,
504 2734 649 2792 quae
689 2715 860 2778 inter
884 2716 1079 2779 Gesta
1116 2718 1226 2779 Dei
1253 2735 1373 2797 per
1402 2718 1690 2779 Francos
1722 2726 1955 2792 exstat,
1996 2740 2024 2773 σι
2054 2718 2106 2780 Α
2139 2715 2544 2790 Brundusio,
2609 2716 3051 2796 inquientem,
3123 2716 3460 2798 navigavit
3521 2716 3591 2777 in

286 2812 662 2893 Bulgariam
694 2812 895 2896 (anno
931 2814 1108 2891 1107)
1141 2822 1203 2875 et
1234 2813 1542 2877 Avalonis
1573 2823 1826 2893 portum
1859 2814 2180 2894 applicuit
2224 2835 2256 2873 :.
2291 2806 2656 2876 Avalonem
2686 2812 2817 2876 cito
2848 2814 3046 2893 cepit,
3086 2823 3147 2876 et
3178 2813 3434 2877 obsedit
3462 2816 3595 2875 Du-

284 2909 561 2972 racium.
602 2932 631 2967 τι
673 2912 925 2972 Annam
962 2911 1357 2973 Comnenam
1390 2911 1665 2974 consule
1700 2915 1769 2974 in
1809 2911 2164 2974 Alexiados
2211 2910 2381 2974 libro
2412 2930 2535 2974 xu.

374 3033 473 3096 15.
511 3033 660 3096 Haec
690 3034 748 3095 si
782 3051 930 3096 vera
963 3035 1048 3095 sit
1079 3033 1412 3118 Dufresnii
1456 3035 1939 3116 interpretatio,
1982 3036 2181 3100 vitam
2220 3035 2437 3116 egisse
2471 3030 3032 3118 TheOphylactum
3067 3037 3312 3100 evxncit
3344 3037 3587 3101 saeculo

290 3139 555 3210 inceptu
587 3132 985 3194 duodecimo
1020 3153 1035 3192 :
1065 3116 1241 3212 quod
1277 3132 1441 3195 alios
1474 3150 1702 3197 omnes
1741 3133 2010 3197 latuisse
2042 3134 2303 3198 videtur
2333 3116 2713 3215 scriptores.
2751 3116 2981 3198 Veram
3018 3138 3162 3217 ejus
3197 3136 3590 3216 interpreta-

293 3236 546 3290 tionem
578 3226 908 3301 existimo,
937 3244 1212 3307 eamque
1250 3229 1546 3308 pluribus
1582 3231 1917 3294 confirmo.
1955 3232 2197 3295 Servus
2224 3230 2484 3295 dicitur.
2506 3233 2956 3308 Boemundus,
2990 3235 3169 3313 quod
3225 3252 3399 3297 anno
3432 3237 3591 3298 1091

284 3341 439 3386 cum
472 3326 552 3387 ad
586 3323 827 3386 bellum
866 3341 1118 3388 sacrum
1152 3336 1411 3405 accepta
1441 3344 1631 3391 cruce
1677 3328 2004 3406 profectus
2036 3335 2159 3403 est,
2190 3352 2218 3387 α
2255 3328 2589 3393 Godefridi
2632 3330 2936 3401 consilio,
2998 3329 3148 3395 fecit
3205 3330 3584 3414 homagium

292 3418 961 3498 Alexioimperatori,
1020 3431 1085 3485 et
1149 3423 1479 3485 ﬁtlelitatis
1537 3424 1834 3486 exhibuit
1882 3424 2355 3504 juramentum,
2398 3450 2427 3482 ν
2468 3435 2539 3488 ut
2592 3428 2680 3487 ait
2710 3429 3076 3491 Bernardus
3109 3430 3586 3495 'I‘hesaurarius

287 3516 381 3578 De
409 3518 830 3597 (inquisitione
868 3521 1080 3581 Terra:
1121 3529 1353 3582 sancta
1384 3521 1590 3598 capite
1625 3523 1721 3584 1'1.
1758 3525 1999 3585 Eadem
2034 3520 2274 3584 habent
2306 3523 2449 3603 ejus
2501 3524 2787 3588 historiae
2835 3526 3211 3607 scriptores,
3275 3538 3337 3591 et
3396 3535 3583 3593 Anna

287 3615 621 3677 Comnena
655 3614 823 3679 libro
849 3633 916 3680 x.
954 3617 1027 3679 In
1059 3616 1190 3687 alio
1253 3618 1609 3695 consimili,
1643 3619 1819 3699 quod
1873 3635 2048 3683 anno
2082 3620 2240 3684 1108
2274 3622 2494 3684 emisit
2532 3624 2981 3700 Boemundus,
3007 3627 3381 3707 juramento
3416 3630 3589 3709 apud

288 3710 689 3774 Comnenam
749 3711 817 3775 in
849 3713 976 3776 ﬁne
1007 3714 1156 3775 libri
1192 3732 1313 3775 xm
1345 3715 1682 3793 proﬁtetur
1709 3733 1856 3781 sese
1890 3738 1919 3773 κ
1949 3714 2177 3781 lizium
2206 3715 2542 3782 hominem
2572 3721 2810 3800 sceptri
2855 3723 2950 3785 tui
2983 3722 3125 3788 fore
3160 3747 3175 3787 :
3209 3725 3334 3789 hoc
3366 3733 3487 3798 est,
3522 3735 3591 3787 ut

294 3807 529 3887 loquar
570 3809 840 3884 clarius,
880 3827 1143 3872 servum
1168 3830 1238 3871 ac
1265 3812 1624 3875 subditum.
1666 3836 1695 3869 ))

374 3927 545 3991 Hinc
573 3945 724 3991 vero
756 3936 1042 4006 apostata
1074 3929 1309 4001 dictus,
1360 3947 1477 3993 seu
1504 3930 1861 4024 juramentt
1896 3936 2197 4014 violator,
2232 3956 2381 4002 cum
2432 3941 2593 4003 ﬁnes
2626 3942 2886 4021 imperii
2927 3961 3098 4007 anno
3126 3948 3284 4010 1107
3317 3948 3583 4011 invasit.

293 4025 515 4097 Ipsum
549 4026 741 4086 etiam
775 4026 854 4088 de
885 4026 1135 4088 ambitu
1195 4027 1903 4107 Constantinopolitani
1963 4033 2228 4113 imperii
2281 4048 2662 4116 suspectum
2723 4056 2894 4119 smpe
2961 4042 3221 4106 laudata
3258 4047 3591 4109 Comnena

291 4121 548 4183 incusat
614 4121 777 4183 libro
830 4140 876 4183 ι
931 4122 1149 4185 citato.
1213 4126 1300 4185 lta
1370 4124 1675 4188 videlicet
1735 4129 1841 4189 sui
1904 4131 2103 4208 patris
2165 4132 2482 4198 vindicias
2543 4136 2769 4216 agebat
2832 4138 2995 4219 ipsa,
3036 4143 3225 4222 cujus
3259 4144 3470 4219 dolos,
3526 4156 3591 4207 et

292 4219 587 4317 traudes,
621 4234 693 4281 ac
727 4217 1194 4299 impedimenta
1227 4223 1430 4284 sacris
1464 4230 1684 4287 contra
1715 4226 2065 4291 Saracenos
2100 4230 2639 4310 expeditionibus
2675 4217 2975 4317 apposita
3037 4217 3250 4303 Latini
3293 4217 3590 4305 referunt

291 4312 672 4393 scriptores.
1491 4325 1494 4327 λ

372 4434 473 4499 10.
528 4434 895 4541 [V_III]_Jam
951 4439 1509 4541 anteaacciderat,
1550 4444 2024 4521 Boemundum,
2084 4456 2527 4520 renuntiatum
2552 4458 2917 4523 Antiochia)
2959 4461 3346 4541 principem,
3380 4485 3408 4520 α
3438 4484 3586 4527 cum

289 4529 926 4639 ﬂumen-Euphratis
958 4536 1311 4639 transiens,
1345 4538 1655 4639 intrasset
1691 4544 2228 4624 Mes0potamiam
2267 4552 2357 4631 (ut
2394 4554 2481 4617 ait
2516 4529 2998 4618 Thesaurariu's
3061 4529 3267 4637 capite
3321 4529 3486 4639 102),
3525 4572 3588 4623 et

288 4630 845 4737 appropinquaret
883 4633 1281 4737 meletinam,
1317 4630 2280 4720 insidiiscujusdamadmirati,
2310 4654 2671 4716 'I‘urcorum
2719 4630 3404 4737 Danismani,captum
3442 4630 3586 4722 esse

290 4725 443 4788 etin
483 4726 765 4829 vinculis
809 4731 1208 4829 conjectum.
1251 4756 1280 4788 ι
1339 4734 1486 4797 Haec
1541 4752 1714 4798 anno
1775 4738 2036 4804 circiter
2068 4745 2227 4808 1100
2259 4751 2696 4829 contigerunt,
2760 4725 3120 4817 Romualdo
3177 4725 3587 4821 Salernitanu

290 4829 478 4929 teste.
512 4824 1027 4929 Interepistolas
1059 4829 1465 4894 Meursiauas
1513 4844 1720 4898 exstat
1752 4838 2059 4901 vicesima
2085 4851 2266 4906 sexta
2296 4824 2791 4927 Theophylacti,
2829 4848 3141 4928 Gregorio
3166 4854 3431 4929 prwsidi
3457 4859 3589 4917 Ta-

288 4918 539 5031 ronitw;
581 4920 1098 5031 Eadem'prostat
1146 4929 1317 5031 apud
1348 4930 1696 5031 Beronium
1739 4935 1814 4996 ad
1846 4952 2090 4998 annum
2116 4942 2293 5017 1073,
2329 4918 2507 5005 num'.
2542 4918 2676 5017 XC,
2730 4918 3044 5025 inscripta
3071 4918 3335 5011 Seoasto
3364 4952 3582 5031 Paga-

289 5013 474 5125 εξςιηο
497 5013 750 5125 domino
783 5017 1071 5125 Nicolao,
1097 5025 1207 5085 sed
1269 5025 1495 5089 mutila
1530 5028 1597 5091 in
1661 5031 1787 5093 ﬁne
1821 5053 1837 5093 :
1872 5033 2048 5097 unde
2106 5013 2397 5102 eamdem
2442 5041 2600 5105 viris
2639 5043 2899 5107 duobus
2943 5013 3203 5109 dederit
3236 5013 3582 5125 epistolam

290 5110 1064 5220 Theophylactus._Cave,
1098 5137 1179 5181 ne
1216 5121 1392 5185 viros
1423 5123 1709 5188 illustres
1746 5128 1964 5206 plures
1998 5135 2386 5214 confundas,
2437 5141 2555 5220 qui
2602 5143 2927 5205 Tarom’tw
2971 5155 3033 5203 et
3074 5110 3430 5209 Pacariam'
3461 5150 3583 5213 hoc

288 5222 429 5318 mvo
466 5211 1118 5318 cognnominabantur.
1165 5219 1377 5282 Primo
1411 5221 1552 5283 loco
1588 5224 1900 5287 militares
1958 5232 2309 5315 utriusque
2364 5211 2823 5316 expeditiones
2886 5242 3187 5318 praadicat
3222 5246 3285 5305 in
3324 5211 3583 5309 Colchi-

289 5308 435 5368 dem
470 5315 533 5369 et
568 5309 839 5372 Pontum
872 5322 1089 5375 contra
1116 5316 1381 5380 Turcas.
1417 5321 1582 5381 Tum
1620 5340 1772 5385 vero
1807 5327 1887 5387 de

1964 5308 2307 5395 'rancis.sic
2331 5335 2419 5395 ait
2505 5357 2535 5391 et
2568 5338 2646 5397 At
2680 5355 2834 5400 vero
2879 5308 3158 5419 ἐι›ράιγγο;,
3191 5352 3219 5403 ὁ
3250 5351 3342 5403 τὸν
3372 5353 3582 5426 τράχη-

287 5409 382 5467 λον
410 5413 552 5479 τέως
589 5416 872 5488 σιδήρεος.
916 5413 1200 5475 Francus
1234 5417 1486 5480 cervice
1521 5420 1798 5497 ferreus,
1837 5443 1899 5487 nt

1964 5449 2011 5489 ιυ
2047 5428 2261 5506 tepida
2291 5448 2437 5494 cera
2500 5432 2762 5496 mollior
2800 5409 3082 5512 exsistit,
3137 5449 3199 5501 et
3252 5409 3458 5503 mult'o
3482 5409 3582 5507 “te

293 5511 550 5614 pectore
576 5507 823 5614 adorat,
849 5519 909 5569 et
944 5529 1056 5589 per
1089 5524 1147 5574 te
1178 5520 1702 5593 potentissimum
1734 5534 2029 5587 nostrum
2067 5526 2522 5604 imperatorem
2553 5549 2972 5614 summopere
3010 5507 3272 5599 veretur
3306 5547 3368 5601 et
3399 5541 3578 5609 colit.

288 5598 460 5674 Quid
494 5618 623 5713 no:
653 5615 751 5667 est
780 5603 1098 5684 futurum,
1133 5628 1281 5673 cum
1311 5612 1498 5675 illum
1549 5617 1662 5677 tibi
1695 5620 1983 5700 supplici
2014 5598 2433 5690 veneratione
2472 5630 2693 5693 videas
2751 5598 2835 5693 ad
2886 5641 2993 5694 tua
3042 5651 3252 5713 genus
3304 5598 3583 5703 obvolu;

290 5704 501 5761 tum...
570 5702 1021 5815 Taronitarnm
1073 5707 1388 5773 voluntati
1437 5721 1497 5815 et
1556 5717 1814 5779 statutis
1878 5730 2170 5783 coactum
2232 5722 2535 5804 obsequi,
2574 5735 2768 5807 atque
2834 5732 2912 5792 ab
2954 5702 3427 5811 hisvtyrannica
3458 5752 3579 5815 0p-

294 5812 587 5868 pressum
633 5799 715 5875 vi,
763 5808 827 5862 ut
854 5802 1078 5866 saltent
1120 5822 1303 5869 suam
1341 5808 1549 5888 ipsius
1616 5810 2002 5894 libertatem,
2066 5799 2529 5898 imperatorum
2586 5799 2789 5905 gratia
2845 5799 3337 5893 demereatur...
3414 5799 3576 5897 Tuis
