4098 6330
581 375 652 441 93
1384 371 1608 430 BERN.
1652 365 1919 430 MABHI
1963 366 2057 427 DE
2099 363 2199 425 RU

2214 364 2332 424 BEl
2345 363 2384 423 S
2416 359 2834 422 DISSERTAT
2843 355 2920 415 10
3756 345 3829 413 Ἃ

583 489 948 571 potentibus
984 485 1277 547 manibus
1295 484 1540 543 Turcus
1573 478 2034 540 constrictus...
2071 471 2472 552 pasciscitur,
2502 476 2567 530 ut
2602 470 2916 529 Fraucum
2944 471 3165 568 nostro
3193 462 3567 541 imperatori
3605 471 3830 542 poten-

584 564 836 651 iis’simo
868 592 1039 645 esset
1079 580 1454 642 traditurus.
1497 599 1526 634 »
2945 564 2948 568 '

662 677 1258 760 CaptumaTurcis
1315 675 1762 736 Boemundum
1833 671 1962 731 hinc
1994 669 2148 730 satis
2211 667 2522 729 indicant.
2593 665 2810 760 Narrat
2861 666 3074 760 autem
3130 655 3826 760 TheOphylactusLde

582 752 878 843 libertate
914 777 1055 856 ejus
1089 772 1437 837 obtinenda
1467 777 1676 833 actum
1711 788 1878 840 esse,
1915 791 1942 824 α
2015 769 2473 844 imperatorum
2525 759 2723 840 gratia
2774 780 2788 820 :
2824 781 2860 856 in
2911 756 3043 835 jam
3104 752 3277 816 enim
3308 754 3425 856 ab
3471 770 3640 815 anno
3675 753 3826 856 1091

585 892 850 939 consors
885 851 1144 948 imperii
1186 867 1547 930 declaratus
1583 864 1792 926 fuerat
1823 865 2100 924 Joannes
2134 863 2505 922 Comnenns
2564 875 2708 926 cum
2759 855 2991 916 Alexio
3033 861 3232 931 patre.
3307 851 3582 913 Videtur
3635 851 3829 912 etiam

585 972 896 1044 indicare,
929 969 1009 1030 ob
1055 965 1262 1026 varias
1323 963 1402 1024 de
1468 962 1694 1022 Turcis
1754 960 1980 1021 relatas
2007 956 2331 1030 victorias,
2361 948 2546 1017 facile
2581 956 2820 1014 'l‘urcas
2851 950 3028 1029 ipsos
3064 949 3129 1010 in
3168 948 3230 1008 id
3267 964 3728 1018 consensuros,
3760 956 3830 1008 ut

589 1069 817 1132 Alexio
848 1063 1220 1142 imperatori
1254 1061 1576 1122 traderent
1609 1057 2080 1128 Boemundum,
2112 1073 2304 1134 quem
2343 1053 2669 1132 captivum
2705 1049 3030 1111 tenebant.
3064 1046 3283 1108 Refert
3319 1048 3638 1109 Reinerus
3671 1046 3825 1108 Rei-

584 1166 846 1228 neccius
880 1163 943 1223 in
977 1159 1272 1222 Historia
1318 1151 1634 1225 orientali,
1701 1153 1863 1212 libro
1919 1170 2011 1226 ix,
2045 1153 2251 1229 capite
2307 1152 2406 1224 38,
2471 1175 2500 1207 α
2543 1148 2848 1210 Alexium
2911 1149 3393 1224 imperatorem,
3429 1144 3531 1207 cui
3569 1163 3831 1223 semper

583 1259 1004 1324 Boemundus
1028 1263 1368 1332 suspectus
1394 1260 1548 1322 erat,
1584 1267 1662 1312 ne
1720 1266 1867 1312 eum
1930 1268 1964 1312 e
2027 1265 2222 1328 regno
2265 1246 2645 1326 expelleret,
2680 1244 3017 1322 pecuniam
3051 1263 3209 1306 ccnx
3253 1243 3534 1304 millium
3573 1243 3828 1322 Byzan-

582 1358 895 1430 tinorum,
931 1351 1339 1416 creberrimis
1394 1348 1831 1427 legationibus
1892 1347 2341 1427 epistolarum,
2404 1342 2720 1404 obtulisse
2765 1342 3130 1404 Donimano
3174 1339 3309 1419 (qui
3378 1340 3832 1405 Boemundum

582 1453 906 1531 captivum
962 1449 1194 1536 fecerat
1247 1443 1660 1524 tenebatque)
1712 1452 2034 1525 quatenus
2102 1444 2316 1521 ipsum
2378 1439 2824 1502 Boemundum
2887 1457 3026 1503 sua)
3088 1441 3488 1520 manciparet
3544 1441 3778 1504 ditioni
3812 1483 3830 1510 ,

582 1549 811 1611 volens
849 1564 994 1609 eum
1020 1541 1397 1607 autaaterno
1431 1541 1693 1615 exsilio,
1759 1547 1870 1602 aut
1928 1546 2239 1618 perpetua
2306 1537 2716 1600 damnatione
2771 1537 3028 1614 punire.
3083 1563 3110 1595 ι
3166 1539 3291 1599 Res
3352 1554 3504 1599 vero
3562 1538 3835 1616 contigit

583 1647 797 1708 aliter.
834 1648 926 1706 Ad
957 1644 1088 1706 haec
1123 1643 1350 1721 utique
1387 1638 1681 1701 alludere
1715 1637 1976 1699 videtur
2001 1635 2548 1716 TheOphylactus,
2601 1634 2716 1715 qui
2747 1643 2954 1696 tamen
3007 1652 3080 1697 ea
3131 1636 3274 1713 plus
3311 1635 3516 1698 nimio
3552 1636 3838 1716 amplifi-

585 1749 705 1810 cat,
736 1758 980 1818 proque
1014 1738 1210 1819 genio
1239 1737 1536 1816 votisque
1570 1732 1921 1813 composita
1945 1740 2179 1796 narrat.
2216 1734 2433 1795 Datam
2459 1749 2612 1812 ergo
2645 1732 2803 1794 hanc
2836 1731 2978 1811 ejus
3015 1732 3354 1812 epistolam
3387 1750 3556 1795 anno
3581 1733 3837 1796 circiter

587 1840 743 1900 1100
765 1839 892 1917 jam
919 1837 1125 1899 vides.

667 1935 953 2014 Cercyrw
985 1951 1102 1995 seu
1135 1931 1424 2010 Corcyra:
1456 1933 1751 2011 episcopo
1783 1930 2017 2008 scripta
2052 1935 2146 1991 est
2175 1927 2447 2007 epistola
2482 1929 2585 2002 22,
2616 1927 2725 1988 ubi
2764 1927 2894 1990 haec
2931 1925 3251 1989 habentur
3296 1950 3309 1989 :
3367 1951 3396 1985 α
3427 1931 3557 1994 Nos
3617 1936 3831 1990 autem

586 2041 829 2109 tetanos
884 2016 1568 2112 Σεναχηρεὶμ³Ᾰσσύριος,
1624 2026 2061 2090 Sennacberib
2120 2027 2204 2088 AS

2221 2024 2428 2105 syrius
2494 2023 2705 2098 elisit;
2767 2033 2829 2088 ὃν
2861 2037 2892 2105 ὴ
2940 2036 3081 2105 μέση
3105 2036 3213 2090 τῶν
3243 2035 3506 2103 ποταμῶν
3527 2037 3658 2106 ἡμῖν
3683 2035 3839 2106 ἀμείιι

585 2138 771 2193 λικτον
799 2137 1220 2202 ὲπαπέστειὶεν,
1264 2143 1458 2205 quem
1499 2124 1958 2202 Mesopotamia
2001 2123 2188 2186 nobis

2224 2138 2524 2201 aSperum
2558 2121 2795 2185 emisit.
2839 2146 2866 2179 ιο
2899 2125 3088 2186 Hunc
3127 2142 3161 2186 e
3213 2127 3676 2202 Mesoriotamia
3733 2126 3839 2188 ecl-

587 2227 954 2288 venientem
987 2231 1204 2286 contra
1275 2223 1611 2300 Bulgaros,
1651 2219 1840 2282 facile
1899 2220 2349 2282 Boemundum
2409 2218 2870 2282 intellexerim.
2934 2222 3299 2283 Bernardus
3365 2222 3835 2284 'l‘hesaurarius

587 2322 729 2386 loco
755 2322 970 2396 citato,
993 2321 1198 2394 capite
1232 2319 1371 2393 103,
1405 2319 1499 2379 sic
1531 2318 1619 2379 ait
1655 2339 1672 2377 :
1716 2340 1745 2374 «
1779 2315 2219 2396 Bojamundus
2255 2323 2396 2394 post
2452 2314 2820 2395 hascvgratia
2851 2317 2966 2378 Dei
3014 2333 3049 2378 a
3088 2317 3458 2379 carceribus
3526 2317 3835 2382 liberatus

591 2418 713 2499 (vel
763 2435 931 2481 anno
972 2419 1150 2490 1102,
1181 2415 1281 2479 vel
1315 2416 1506 2477 etiam
1539 2415 1715 2490 110b,
1744 2422 1811 2475 ut
1833 2413 1982 2476 aliis
2033 2414 2310 2492 aliisque
2348 2413 2604 2493 placet),
2636 2415 2995 2492 gaudenter
3041 2415 3122 2477 ab
3152 2415 3576 2478 Antiochenis
3609 2433 3832 2480 susce-

587 2525 736 2593 ptus
769 2524 882 2579 est.
918 2517 1066 2594 Ipse
1089 2513 1360 2592 aliique.
1396 2520 1783 2591 congregato
1819 2511 2132 2586 exercitu,
2164 2519 2572 2575 transeuntes
2608 2511 3023 2589 Euphratem,
3073 2512 3150 2574 ad
3195 2512 3604 2576 obsidionem
3637 2513 3839 2576 Carm

585 2613 770 2675 urbis
806 2609 1070 2690 profecti
1106 2619 1281 2674 sunt.
1309 2612 1420 2672 Est
1449 2618 1665 2671 autem
1718 2610 1933 2682 Carra,
1989 2608 2126 2670 sive
2173 2611 2420 2682 Carras,
2453 2608 2756 2673 civitas...
2798 2609 2865 2671 in
2898 2610 3443 2687 Mesopotamia...
3485 2610 3832 2674 Christiani

589 2708 969 2790 fugerunt...
1001 2709 1438 2788 Bojamundus
1465 2705 1765 2784 Apuliam
1803 2706 2060 2768 venit...
2097 2708 2342 2771 Interea
2367 2706 2807 2787 Bojamundus
2833 2705 3026 2786 (anno
3079 2707 3257 2786 1107)
3305 2714 3490 2770 nacto
3522 2707 3645 2768 sibi
3675 2721 3838 2769 tem-

586 2823 769 2887 pore,
801 2805 1030 2870 ulcisci
1066 2803 1294 2868 volens
1326 2803 1604 2883 injurias
1631 2819 1793 2882 quas
1828 2819 1940 2881 per
1972 2802 2179 2866 varias
2228 2803 2502 2867 insidias
2538 2804 2679 2884 ipse
2704 2821 2848 2868 cum
2881 2804 3020 2865 suis
3079 2802 3324 2884 aliique
3363 2803 3711 2868 Christiani
3759 2801 3838 2864 ab

587 2905 821 2966 Alexio
889 2904 1302 2978 imperatore,
1366 2901 1574 2980 primo
1638 2899 2178 2979 peregrinationis
2233 2903 2592 2981 procinctu,
2656 2907 2948 2981 perpessi
3005 2898 3289 2971 fuerant.
3327 2919 3474 2965 cum
3512 2900 3833 2964 militibus

590 3016 757 3080 quos
789 3000 867 3062 de
895 2998 1093 3061 Gallis
1119 2997 1538 3071 conduxerat,
1573 3004 1636 3059 et
1666 2999 1843 3058 omni
1871 2994 2235 3075 Apulorum
2267 2997 2582 3070 exercitu,
2627 3004 2841 3077 parata
2901 2999 3098 3061 classe
3126 3000 3494 3070 maritima,
3527 2998 3839 3060 Constan-

593 3095 936 3174 tinopolim
966 3095 1216 3159 tendit:
1251 3102 1315 3159 et
1340 3114 1454 3175 per
1486 3095 1678 3159 urbes
1714 3094 1978 3182 imperii
2027 3094 2377 3158 maritimas
2429 3096 2781 3170 transiens,
2843 3105 3104 3182 cunctas
3156 3094 3330 3159 ferro
3395 3094 3743 3174 p0putatus
3776 3100 3839 3156 et

584 3194 764 3274 igne,
797 3193 1044 3272 ingenti
1083 3193 1291 3271 praeda
1348 3192 1587 3256 ditatus
1641 3201 1812 3256 est...
1876 3193 2168 3272 Cumque
2223 3194 2575 3257 Duracium
2608 3194 3031 3274 pervenisset,
3066 3195 3413 3272 imperator
3451 3191 3833 3271 Bojamundi

587 3290 840 3354 viribus
873 3291 1161 3364 territus,
1204 3308 1420 3370 pacem
1457 3309 1602 3353 cum
1636 3307 1715 3354 eo
1748 3309 1858 3370 per
1890 3291 2134 3371 legatos
2196 3292 2582 3370 composuit.
2641 3313 2672 3351 »
2725 3293 2856 3354 Hac
2915 3290 2995 3353 de
3048 3290 3460 3353 rellatissime
3494 3291 3626 3368 agit
3652 3292 3840 3350 Anna

592 3389 918 3452 Comnena
947 3387 1016 3449 in
1046 3386 1393 3449 Αιθπίοάοσ
1431 3387 1614 3450 libris
1650 3406 1747 3457 xu
1778 3394 1840 3450 et
1871 3406 2017 3449 xm.
2057 3388 2172 3450 His
2201 3388 2360 3450 belli
2408 3388 2692 3451 motibus
2742 3388 2979 3451 elisum
3038 3407 3104 3450 se
3140 3387 3470 3464 elisosque
3504 3402 3659 3448 suos
3689 3383 3841 3447 Bul-

590 3503 775 3559 μοι-οδ
801 3487 889 3547 ait
915 3485 1435 3565 TheOpbylactus
1456 3485 1534 3547 ab
1568 3508 1594 3542 α
1627 3486 1893 3565 Assyrio
1915 3484 2418 3560 Sennacheribo,
2445 3508 2475 3547 ι
2496 3483 2740 3548 scilicet
2765 3485 3166 3555 Boemundo,
3205 3506 3233 3538 σι
3269 3500 3348 3544 ex
3378 3479 3835 3558 Mesopotamia

592 3584 873 3655 emisso;
911 3606 940 3641 ι
978 3591 1317 3662 prepterea
1341 3585 1515 3662 quod
1554 3583 1619 3644 in
1645 3583 2110 3661 Mesopotamia
2138 3600 2174 3645 a
2203 3583 2433 3645 Turcis
2461 3591 2707 3661 captus,
2767 3582 2976 3645 victus
3009 3581 3200 3642 etiam
3261 3580 3340 3641 ab
3364 3579 3633 3652 eisdem,
3699 3583 3841 3654 post

593 3680 948 3744 libertatem
983 3682 1052 3743 in
1091 3681 1575 3759 Me50potamia,
1611 3682 1762 3743 inde
1799 3680 1868 3741 iu
1898 3679 2198 3758 Apuliam
2229 3694 2533 3740 reversus
2567 3683 2689 3751 est,
2739 3674 3140 3755 collectoque
3199 3675 3489 3736 exercitu
3522 3672 3588 3734 in
3620 3670 3838 3750 Illyri-

591 3794 738 3842 cum
774 3777 988 3849 rediit,
1019 3784 1080 3840 et
1111 3777 1177 3839 in
1211 3777 1601 3855 Bulgariam,
1632 3777 1788 3866 igne
1814 3776 2118 3854 ferroque
2139 3774 2365 3839 omnia
2401 3773 2769 3852 p0pulatus.

673 3874 767 3936 Ad
803 3875 933 3939 Ι]ωο
969 3883 1257 3955 tempora
1290 3882 1534 3954 spectat
1567 3862 1840 3954 epistola
1883 3877 1972 3944 l1.
2004 3872 2087 3934 ad
2122 3872 2444 3934 dominum
2505 3868 2888 3934 Theodulum
2915 3867 3476 3948 metropolitanum
3513 3862 3843 3927 Thessala-

591 3973 924 4033 m‘emsem.
978 3969 1081 4034 Sic
1138 3972 1226 4034 ait
1283 3990 1436 4037 vero
1492 3972 2073 4051 TheOphylactus:
2142 3972 2209 4031 αἶ

2222 3971 2344 4032 Non
2371 3968 2634 4048 quidem
2664 3968 2945 4048 ignoras,
2992 3974 3075 4038 τίς
3114 3975 3262 4028 ἐστιν
3293 3966 3448 4034 οὗτος
3475 3973 3503 4025 ὁ
3535 3970 3630 4024 ἀπ’
3667 3969 3840 4040 ἀρχῆς

591 4077 929 4146 ἀποστάτης,
960 4080 1059 4133 καὶ
1094 4078 1499 4149 τραχηλαστὴς,
1529 4081 1558 4131 ὁ
1594 4077 1691 4133 τοῦ
1716 4079 1923 4150 κόσμου
1959 4079 2209 4149 τύραννος

2219 4097 2247 4142 :.
2295 4069 2443 4148 quis
2479 4067 2598 4129 iste
2635 4066 2743 4136 sit,
2807 4065 2920 4147 qui
2954 4083 2988 4127 a
3022 4064 3343 4142 principio
3376 4061 3500 4123 fuit
3529 4068 3837 4137 apostata,

593 4167 980 4243 superhiens
1011 4165 1301 4243 etferox,
1337 4168 1533 4231 totius
1567 4169 1792 4232 mundi
1828 4178 2165 4249 tyrannus.
2194 4168 2425 4230 Contra
2444 4165 2615 4226 hunc
2639 4163 2904 4242 quidem
2937 4172 2994 4224 te
3034 4178 3356 4230 vocamus,
3389 4176 3427 4222 o
3459 4157 3567 4220 Dei
3601 4157 3793 4218 homo
3822 4178 3836 4217 :

595 4272 657 4326 et
691 4266 934 4325 utinam
955 4264 1084 4343 jam
1123 4266 1376 4328 eveniat
1416 4264 1626 4338 nobis,
1655 4269 1726 4328 ut
1758 4266 2059 4328 omnibus
2094 4265 2273 4327 illius
2311 4264 2453 4341 [IX]
2515 4259 2855 4340 tyrannide
2909 4261 3154 4339 pressis
3213 4265 3274 4319 et
3315 4257 3504 4329 fusis,
3552 4261 3663 4316 tua
3719 4269 3842 4332 Ope

596 4360 900 4441 planctus
933 4370 995 4423 et
1033 4363 1323 4426 mmroris
1356 4363 1545 4426 ﬁnem
1570 4363 1901 4443 possimus
1933 4361 2221 4441 aliquem
2270 4359 2595 4422 invenire.
2653 4380 2680 4412 ι)
2720 4356 3166 4418 Boemundum
3207 4355 3444 4434 passim
3491 4353 3690 4415 Graeci
3729 4366 3841 4412 vo-

596 4459 818 4520 cabant
851 4482 877 4515 ε
913 4475 948 4520 a
980 4457 1448 4540 principiojam
1486 4469 1860 4541 apostatam.
1899 4484 1927 4515 υ
1960 4465 2141 4521 Anna
2173 4459 2494 4522 Comnena
2528 4455 2692 4517 libro
2729 4473 2793 4527 x,
2827 4452 2937 4514 ubi
2967 4454 3046 4514 de
3078 4452 3448 4532 juramento
3481 4446 3838 4512 Boemundi

595 4556 726 4635 agit
762 4577 777 4616 :
816 4577 843 4613 α
877 4556 995 4618 Vel
1031 4557 1207 4635 quod
1242 4557 1458 4629 homo,
1492 4557 1735 4636 inquit,
1770 4559 1848 4620 ad
1885 4557 2225 4636 religionis
2284 4562 2724 4632 contemptum
2783 4551 3118 4624 educatus,
3155 4558 3219 4610 et
3264 4547 3462 4629 longo
3493 4565 3618 4610 usu
3657 4545 3842 4624 quasi

596 4651 873 4731 quadam
909 4659 1133 4722 natura
1173 4653 1498 4732 perjurus,
1534 4654 1885 4715 ridiculum
1920 4661 2175 4732 putaret
2220 4653 2674 4732 injuramento
2705 4649 3140 4728 tergiversari.
3173 4670 3202 4704 »
3231 4647 3336 4711 Ait
3374 4645 3568 4708 etiam
3598 4644 3842 4707 ibidem

597 4749 904 4824 Sangeles
944 4748 1017 4809 ad
1062 4750 1426 4826 Augustum
1464 4769 1480 4808 :
1529 4770 1558 4804 at
1591 4749 1748 4811 Cum
1779 4765 1813 4809 a
1849 4749 2106 4828 proavis
2141 4748 2499 4828 perjurium
2541 4754 2601 4810 et
2633 4745 2878 4818 dolum,
2931 4745 3103 4806 velut
3140 4742 3577 4806 hmreditatem
3611 4757 3843 4821 quum-

598 4843 745 4905 dam
781 4845 1216 4922 Bojarnundus
1250 4843 1590 4923 acceperit,
1629 4845 1863 4905 mirum
1891 4844 2070 4906 valde
2103 4845 2158 4905 si
2202 4852 2597 4926 permaneat.
2626 4868 2654 4900 ι
2689 4844 2816 4906 Cur
2847 4860 2999 4906 vero
3047 4843 3102 4905 is
3133 4843 3395 4912 dicitur,
3429 4840 3544 4918 qui
3576 4861 3605 4898 α
3641 4839 3849 4902 cervi—

599 4957 734 5001 cem
784 4939 1109 5013 extulerit,
1139 4965 1168 5000 »
1198 4949 1258 5002 et
1285 4962 1314 4998 α
1353 4940 1574 5002 mundi
1615 4949 1928 5020 tyrannus
1962 4952 2153 5006 esset.
2183 4965 2211 4998 »
2245 4944 2426 5004 Anna
2453 4942 2776 5003 Comnena
2803 4942 3030 5003 eodem
3065 4939 3204 5003 loco
3232 4939 3512 5001 declarat
3555 4961 3570 5000 :
3603 4960 3634 4996 α
3675 4936 3848 4999 Reli-

601 5035 814 5112 gionis
844 5037 950 5099 ille
978 5037 1268 5115 quidem,
1295 5037 1625 5117 inquiens,
1652 5036 2102 5099 etvindicandi
2144 5039 2400 5100 Domini
2430 5038 2713 5118 sepulcri
2750 5037 2986 5100 larvam
3011 5039 3350 5118 cupiditati
3379 5035 3800 5116 superposuit
3827 5035 3857 5093 ε’

601 5143 898 5194 caeterum
932 5152 1046 5213 per
1076 5134 1263 5195 istam
1295 5134 1697 5197 occasionem
1730 5136 1905 5196 omni
1967 5135 2159 5199 modo
2221 5137 2614 5205 decreverat,
2651 5135 3080 5215 principatum
3128 5136 3254 5198 sibi
3286 5135 3570 5215 aliquem
3605 5131 3845 5196 alicubi

609 5245 851 5300 parare.
881 5231 1010 5291 Nec
1034 5230 1470 5303 dubitaturus,
1531 5231 1586 5292 si
1657 5233 1940 5295 secunda
2001 5235 2272 5312 spiraret
2323 5249 2478 5294 aura
2529 5232 2830 5304 fortuna},
2892 5234 3250 5295 Romanum
3309 5235 3526 5311 ipsum
3567 5230 3845 5310 c0gitare

608 5325 867 5399 solium,
895 5333 956 5386 et
987 5325 1215 5391 Alexio
1247 5335 1512 5391 extruso
1566 5345 1636 5389 se
1693 5329 2147 5409 imperaturem
2196 5329 2429 5394 facere.
2478 5355 2505 5388 υ
2558 5333 2650 5393 Ita
2708 5331 3157 5394 Boemundum
3206 5331 3565 5412 pingebant
3617 5329 3844 5403 ﬁrmi.

606 5422 843 5499 quibus
873 5423 1248 5485 adhaerescit
1279 5424 1834 5503 Theophylactus.

685 5521 777 5581 Ad
831 5522 1050 5583 eadem
1110 5519 1316 5582 refero
1367 5522 1628 5584 demum
1672 5532 1955 5600 tempora
2008 5527 2343 5603 epistolam
2396 5528 2494 5601 17,
2540 5527 2827 5604 Cercym
2886 5526 3205 5606 episcopo.
3273 5528 3421 5588 Htec
3471 5525 3841 5587 habentur:

604 5635 636 5672 α
677 5615 889 5678 Gratia
950 5615 1032 5676 sit
1096 5617 1685 5679 misericordiarnm
1737 5621 1941 5690 Patri,
2010 5629 2070 5680 et
2127 5623 2255 5683 Deo
2323 5623 2522 5683 totius
2582 5621 3086 5696 consolationis;
3135 5646 3163 5680 ιο
3217 5623 3529 5701 quoniam
3581 5633 3638 5684 ὲν
3676 5629 3851 5694 οὕτως

602 5721 838 5792 ἡμέραις
864 5727 1148 5794 πονηραῖς,
1168 5723 1264 5778 καὶ
1288 5726 1349 5776 ὲν
1382 5728 1593 5792 καιροῖς
1619 5724 1855 5794 ἀφίλοις,
1891 5728 1985 5780 καὶ
2014 5724 2217 5797 θηριώδ

2228 5745 2325 5792 εσι,
2370 5718 2470 5780 his
2515 5717 2749 5782 diebus
2803 5719 3010 5793 malis,
3054 5737 3124 5781 ac
3167 5721 3573 5799 temporibus
3617 5717 3846 5783 inimio

605 5812 695 5872 cis
743 5819 804 5873 et
854 5811 1030 5886 feris,
1084 5819 1254 5874 tuam
1302 5813 1698 5876 sanctitatem
1760 5814 1942 5876 nobis
1977 5825 2234 5894 paterna
2301 5817 2647 5881 dilectione
2698 5815 3043 5882 cinctam...
3110 5817 3459 5880 indulsit...
3518 5817 3588 5880 Ut
3637 5834 3847 5899 neque
