4098 6330
267 373 342 435 25
1089 378 1187 438 DE
1228 380 1814 444 THEOPHYLACTI
1857 382 2129 453 GES'EIS
2169 382 2265 443 ΕΤ
2309 382 2480 466 SCill
2495 381 2662 444 P'l'iS
3072 443 3075 447 ,
3485 378 3561 440 26

267 477 576 548 incursus
616 485 911 578 hostiles,
947 507 1159 569 neque
1192 491 1510 555 immensa
1553 503 1858 572 potestas,
1891 492 2254 577 furensque
2311 515 2493 558 V13...
2528 513 2630 558 me
2667 495 2839 573 turpi
2870 494 3238 580 deprimant
3273 496 3485 556 ruina.
3524 519 3555 554 ιο

260 581 434 644 Satis
471 582 631 644 mihi
675 582 926 660 videor,
982 586 1558 668 chronographiani
1627 591 1959 655 Dufresnii
2020 593 2388 657 illustrasse
2455 601 2516 657 et
2585 593 3062 657 confirmasse:
3120 591 3284 672 quin
3335 593 3553 655 vocari

264 679 336 741 in
387 677 661 742 dubium
692 691 910 761 queat,
933 683 1487 765 TheOphylactnm
1529 706 1854 751 sacrarum
1895 692 2388 769 expeditionum
2423 700 2645 756 contra
2690 693 3066 757 Saracenos,
3101 697 3163 754 et
3191 691 3555 753 Boemundi

267 775 334 836 in
370 776 529 838 ﬁnes
563 777 818 858 imperii
864 779 1176 842 irruentis
1216 786 1641 864 temporibus,
1704 787 1943 849 saculo
1979 789 2372 852 duodecimo
2405 788 2684 868 incepto,
2721 787 2916 850 vitam
2968 789 3204 867 egisse.
3239 789 3384 862 Quo
3413 797 3556 850 tan-

267 872 414 1030 dgm
451 874 573 936 vita
611 875 749 955 ipse
787 877 1157 957 migraverit
1215 898 1410 956 anno,
1468 883 1982 963 incompertum;
2041 894 2456 963 compertum
2481 901 2660 960 vero,
2693 885 3196 963 septuagenario
3250 885 3559 961 majorem

267 983 304 1030 ο
359 987 536 1030 lisse.

266 983 536 1039 ODIlSSE.

1869 1154 1973 1214 Vl.

266 1277 566 1375 Quir-nam
598 1281 1049 1375 Τπζιεορὴῃιασιξ
1068 1285 1315 1375 patria.
1351 1303 1454 1375 an“
1482 1285 2103 1375 Constantinopolis,
2141 1313 2225 1375 an
2246 1295 2536 1375 Euripus
2584 1295 2832 1356 Euboea:
2858 1298 2887 1356 ?
2935 1295 3287 1368 Diaconum
3318 1293 3444 1375 egit
3491 1294 3563 1375 in

349 1360 586 1455 Magna
621 1360 905 1455 Ecclesia
930 1361 1109 1455 urbis
1138 1365 1347 1455 regia.
1404 1365 1671 1455 Quando
1729 1360 2205 1455 promotus-md
2257 1360 2585 1452 Bulgaria
2632 1363 3283 1455 archiepiscopatum.
3341 1360 3560 1435 Sacris

350 1439 583 1501 litteris
615 1459 687 1499 ac
716 1439 1525 1528 hamanioribnsﬂorebat.
1574 1446 1660 1507 De
1693 1439 1946 1512 munere
1982 1444 2336 1517 abdicando
2371 1439 2634 1516 irritum
2664 1439 2876 1516 votum
2908 1439 3073 1536 ejus'.

352 1589 450 1650 17.
496 1590 588 1652 De
620 1590 820 1669 patria
851 1590 1344 1674 TheOphylacti,
1381 1595 1593 1675 deque
1627 1602 2012 1665 muneribus
2061 1604 2241 1683 regia
2273 1622 2342 1667 ιιι
2389 1606 2547 1667 urbe
2586 1604 2811 1678 obitis,
2855 1622 2928 1667 ac
2959 1604 3038 1667 de
3096 1611 3386 1681 tempore
3424 1620 3558 1685 quo

265 1686 585 1763 Bulgaria
637 1688 1170 1770 archiepiscopus
1229 1695 1642 1757 renuntiatus
1692 1707 1812 1772 est,
1864 1702 2076 1781 deque
2128 1701 2488 1766 litterarum
2531 1702 2897 1779 praestantia
2953 1702 3279 1782 agendum
3329 1703 3549 1768 modo.

266 1783 1057 1864 Constantinopolitanum
1094 1790 1294 1868 patria
1323 1788 1738 1870 frequentius
1787 1795 2000 1874 ipsum
2030 1794 2382 1874 scriptores
2406 1794 2752 1858 affirmant.
2787 1796 2859 1857 ld
2899 1811 3059 1858 sane
3086 1794 3441 1858 deductum
3478 1813 3562 1860 ex

273 1879 482 1958 prima
511 1882 651 1962 ejus
680 1884 756 1944 ad
785 1884 1050 1945 Mariam
1110 1885 1591 1963 imperatricem
1637 1889 1917 1970 epistola
1955 1893 2128 1972 apud
2181 1892 2533 1956 Baronium
2569 1893 2647 1956 ad
2686 1910 2930 1955 annum
2966 1894 3142 1956 1071.
3187 1891 3290 1954 Ait
3323 1892 3499 1956 enim
3543 1915 3561 1958 :

267 2003 299 2034 σι
348 1978 682 2041 Descendo
717 1979 915 2059 igitur
960 1983 1037 2044 ad
1073 1982 1408 2062 Bulgaros,
1445 2003 1513 2046 re
1546 1984 2338 2068 Constantinopolitanus,
2386 1989 2673 2068 hOSpitio
2704 1988 3052 2070 Bulgarus.
3094 2012 3123 2045 ν

350 2073 627 2138 Michael
687 2076 1065 2155 Lequienus
1125 2078 1300 2140 inter
1347 2079 1876 2160 archiepiscopos
1928 2089 2362 2151 Achridenses
2403 2097 2577 2151 torno
2627 2088 2678 2149 ll
2736 2089 2803 2150 in
2853 2087 3115 2150 Oriente
3157 2087 3557 2164 Christiano,

265 2168 404 2233 hac
453 2172 643 2234 verba
701 2169 889 2234 refert
940 2188 1024 2235 ex
1091 2191 1207 2236 ms.
1273 2176 1495 2253 Regia
1547 2176 1955 2242 bibliotheca
2011 2181 2310 2243 lnzliculo
2348 2202 2362 2241 :
2396 2202 2425 2237 α
2463 2175 2991 2257 TheOphylactus
3059 2197 3136 2241 ex
3215 2179 3490 2259 Euripo.
3529 2205 3558 2238 ιι

271 2269 515 2330 Vocem
553 2267 717 2332 hanc
760 2269 1111 2349 geographi
1172 2273 1493 2352 pracipue
1526 2274 1892 2338 attribuunt
1951 2274 2147 2335 maris
2193 2273 2514 2353 angustiis
2564 2273 2873 2337 Achaiam
2927 2275 3101 2336 inter
3153 2282 3217 2337 et
3247 2275 3557 2338 Euboeam

267 2366 580 2441 insulam,
615 2366 808 2445 vulgo
835 2368 1076 2429 Stretto
1133 2367 1202 2430 di
1259 2369 1689 2451 Negroponte.
1746 2375 1965 2436 Tanta
2012 2372 2143 2435 illa
2188 2379 2365 2446 sunt,
2413 2378 2482 2434 ut
2543 2369 2657 2433 illa
2717 2378 2915 2449 ponte
2949 2371 3270 2450 jungatur
3325 2370 3433 2433 isti
3479 2371 3560 2434 ad

268 2466 640 2529 Chalcidem
676 2467 900 2528 urbem
934 2483 948 2529 :
1000 2471 1172 2530 unde
1203 2468 1414 2532 dictus
1463 2471 1657 2533 etiam
1712 2472 2002 2550 Euripus
2034 2467 2466 2533 Chalcidicus.
2531 2471 2604 2530 ln
2640 2469 3078 2548 geographico
3117 2469 3557 2533 Ecclesiarum

267 2563 742 2643 episc0palium
774 2564 997 2630 Indice
1028 2567 1200 2645 apud
1244 2567 1570 2631 Labbeum
1625 2576 1687 2630 et
1734 2569 2145 2632 Harduinum
2195 2566 2264 2628 in
2326 2563 2721 2627 Collectione
2763 2564 3221 2638 conciliorum,
3276 2565 3564 2645 Euripus

265 2662 586 2740 accipitur
619 2677 734 2741 pro
774 2661 1095 2738 Chalcide,
1132 2685 1161 2721 α
1197 2681 1344 2744 qua
1382 2673 1478 2728 est
1516 2665 1582 2728 in
1618 2666 1887 2746 Euripo,
1923 2665 2061 2727 sive
2090 2664 2158 2724 in
2194 2663 2457 2725 Eubaa.
2495 2683 2526 2718 ι
2560 2663 2654 2722 An
2689 2677 2844 2741 ergo
2877 2661 3079 2740 patria
3108 2659 3559 2724 Chalcidensis

267 2759 394 2821 dici
437 2760 662 2823 debeat
712 2759 1274 2841 TheOphylactus?
1321 2766 1400 2824 At
1444 2765 1778 2845 quomodo
1829 2781 1900 2826 se
1945 2780 2013 2824 re
2053 2757 2849 2838 ConstantinOpolitanum
2903 2759 3282 2821 vocaverit?
3331 2759 3558 2821 Aduo-

268 2865 507 2920 lantem
564 2858 936 2922 Cluverium
997 2858 1325 2938 legimus:
1389 2871 1531 2940 post
1600 2862 1838 2940 primas
1901 2859 2048 2921 illas
2109 2858 2303 2921 maris
2362 2855 2743 2936 angustias,
2805 2872 2972 2936 quas
3053 2853 3562 2933 Hellespontum

268 2963 523 3032 vocam,
579 2957 819 3019 Stretto
867 2955 959 3018 de’
1001 2957 1410 3034 Dardanelli,
1481 2959 1726 3040 porrigi
1795 2967 2057 3022 tenuem
2123 2951 2473 3034 quemdam
2542 2951 2890 3030 Euripum,
2957 2957 3306 3032 antequam
3366 2950 3565 3014 latius

266 3072 519 3136 aquor,
553 3055 798 3117 dictum
863 3057 1233 3135 Pr0pontis,
1293 3058 1722 3138 exspatiatur,
1779 3073 1852 3118 ac
1897 3053 2115 3116 denuo
2154 3051 2222 3111 in
2275 3054 2517 3111 erctum
2584 3055 2764 3110 coeat
2810 3048 2935 3110 sub
2965 3049 3232 3111 nomine
3265 3048 3562 3127 Bospori.

265 3156 371 3215 An
431 3153 642 3230 potius
707 3152 844 3216 loco
894 3154 962 3215 in
1018 3153 1242 3234 aliquo
1295 3155 1374 3218 ad
1448 3156 1620 3218 hunc
1683 3153 1999 3231 Euripum
2067 3148 2314 3211 natales
2370 3144 2899 3226 TheOphylactus
2963 3145 3315 3208 habuerit?
3377 3145 3563 3209 Ratio

266 3249 544 3314 fortasse
577 3260 839 3329 apparet
875 3249 1396 3324 convenientior,
1428 3253 1511 3315 ob
1550 3267 1740 3331 quam
1774 3250 2101 3330 appellare
2132 3264 2280 3310 sese
2313 3263 2380 3309 re
2415 3239 3211 3320 Constantinopolitanum
3250 3245 3565 3326 potuerit.

266 3349 516 3424 Quidni
564 3365 717 3411 vero
763 3347 1020 3410 tandem
1058 3348 1141 3409 ita
1191 3365 1337 3409 sese
1389 3346 1815 3427 appellaverit
1867 3347 1951 3409 ab
2003 3344 2326 3407 diutinam
2377 3344 2442 3405 in
2494 3344 2656 3405 urbe
2720 3341 2899 3420 regia
2951 3343 3562 3418 commorationem,

273 3446 384 3508 ubi
420 3445 664 3507 litteras
699 3443 1024 3514 didicerit,
1065 3461 1136 3506 ac
1166 3445 1360 3506 etiam
1414 3442 1737 3523 professor
1778 3442 2100 3517 docuerit,
2142 3440 2402 3521 aliaque
2447 3439 2687 3502 obierit
2743 3454 2921 3502 sacra
2971 3435 3244 3501 munia?
3271 3440 3428 3502 Rem
3465 3457 3568 3504 sa-

273 3545 409 3608 tius
446 3542 604 3604 mihi
644 3550 764 3612 est.
799 3541 864 3602 in
900 3541 1115 3604 medio
1143 3540 1542 3622 relinquere.

360 3644 457 3706 18.
507 3636 713 3705 Citato
750 3640 817 3702 in
851 3638 1149 3702 lndiculo
1183 3662 1211 3696 α
1246 3638 1452 3702 fuisse
1483 3639 1725 3718 legitur
1768 3638 2010 3712 rhetor,
2049 3645 2110 3699 et
2142 3634 2388 3715 Magna
2424 3633 2730 3698 Ecclesia
2807 3634 3146 3710 diaconus,
3183 3644 3212 3697 ὁ
3258 3643 3447 3716 ῥήτωρ
3477 3642 3557 3698 ὢν

270 3748 373 3805 καὶ
397 3748 648 3810 διάκονος
674 3743 778 3815 τῆς
800 3744 1060 3815 Μεγάλης
1089 3744 1439 3816 Ἐκκλησῑας.
1481 3760 1509 3794 ι>
1543 3724 1798 3799 Sacram
1838 3753 1888 3797 ω

1932 3751 2040 3796 em
2107 3735 2355 3796 Sancta
2391 3731 2671 3809 SOphia,
2717 3731 3097 3811 patriarcha
3139 3732 3387 3808 sedem,
3433 3749 3550 3796 vo-

272 3837 457 3901 citari
500 3853 534 3896 a
567 3835 804 3898 Gracis
856 3833 1276 3896 consuevisse
1316 3833 1636 3896 ecclesiam
1688 3832 2311 3908 Constantinianam,
2348 3840 2411 3892 et
2459 3831 2758 3909 Magnam
2789 3829 3144 3892 Ecclesium
3186 3829 3566 3895 Constanti-

271 3935 553 3998 nianam.
604 3933 888 4011 itemque
921 3933 1216 4009 Maynam
1265 3932 1617 3993 Ecclesium
1673 3930 2198 4003 Theodosianam,
2242 3936 2304 3990 et
2349 3929 2648 4006 Magnam
2678 3925 3030 3988 Ecclesiam
3063 3927 3563 4002 Justinianeam,

272 4033 386 4110 [Χ]
437 4049 509 4093 ac
551 4031 811 4092 demum
869 4029 1167 4108 Magnam
1223 4029 1576 4097 Ecclesium
1627 4029 1773 4091 sine
1803 4029 2076 4110 adjecto,
2111 4027 2371 4089 adnotat
2431 4023 2830 4089 Dufresnius
2881 4025 2946 4087 in
2996 4024 3565 4108 Constantinopoli

276 4130 672 4200 Christiana,
709 4126 874 4189 libro
921 4145 1016 4200 ιιι,
1054 4144 1088 4188 a
1123 4144 1301 4188 num.
1342 4145 1413 4187 ιι.

359 4226 456 4286 19.
512 4225 607 4286 Ad
665 4223 1288 4301 archiepiSCOpatum
1351 4223 1547 4285 totius
1600 4223 1948 4304 Bulgarica
2029 4221 2333 4285 Ecclesia
2398 4228 2663 4284 evectus
2720 4227 2839 4284 est.
2924 4221 3116 4284 Vocat
3171 4239 3241 4284 se
3304 4220 3446 4300 ipse
3500 4223 3566 4286 in

275 4318 548 4398 epistola
576 4318 677 4394 73,
714 4317 794 4379 ad
841 4318 1204 4381 Michaclem
1249 4319 1707 4396 Pantechnam,
1758 4320 2168 4400 imperatoris
2254 4319 2582 4381 medicum
2613 4367 2629 4394 ,
2665 4341 2694 4374 α
2736 4318 2935 4381 totius
2979 4318 3298 4396 Bulgaria
3351 4319 3568 4383 archi-

273 4416 660 4497 episc0pum
698 4437 713 4476 :
757 4439 785 4473 ν
818 4423 879 4477 et
926 4416 988 4477 in
1021 4416 1292 4489 epistola
1333 4419 1390 4490 6,
1422 4418 1504 4478 ad
1541 4419 1920 4500 Gregorium
1954 4419 2378 4492 Camaterum,
2411 4415 2687 4495 appellat
2732 4432 2878 4478 sese
2919 4438 2950 4474 κ
2987 4415 3564 4498 archiepisc0pum

272 4513 343 4576 in
374 4513 536 4575 urbe
569 4511 875 4574 Achride.
919 4536 946 4568 η

353 4612 531 4674 Hanc
561 4610 939 4688 dignitatern
997 4613 1259 4691 quando
1309 4614 1691 4687 obtinuerit,
1745 4613 2090 4692 perspicua
2141 4611 2600 4675 desiderantur
2657 4619 3105 4687 monumenta,
3143 4629 3291 4691 qua
3322 4612 3564 4695 patefa-

272 4708 466 4771 ciant.
512 4706 752 4770 lufulas
779 4715 1061 4786 gestasse
1088 4707 1228 4772 sine
1262 4711 1463 4773 dubio
1489 4710 1767 4785 videtur,
1792 4727 1938 4773 cum
1967 4708 2307 4790 epistolam
2339 4709 2906 4772 scriberetJoanni
2938 4708 3148 4790 (Italo)
3175 4710 3562 4791 philosopho

275 4806 446 4868 inter
485 4805 891 4868 Meursianas
939 4807 1500 4888 quadragesimam
1533 4809 1852 4886 quintam.
1890 4810 2116 4872 Datam.
2143 4806 2317 4867 illam
2356 4823 2457 4878 eo,
2493 4823 2624 4886 quo
2653 4806 3226 4885 ConstantinOpoli
3297 4807 3566 4871 ﬂorebat

277 4911 562 4980 tempore
622 4900 1043 4981 philosophus
1093 4904 1228 4979 ille,
1270 4922 1341 4967 ac
1393 4905 1891 4984 imperatoribus
1925 4913 2140 4984 gratus
2192 4911 2351 4979 erat,
2415 4901 2713 4965 Michaeli
2765 4902 3019 4967 scilicet
3068 4920 3142 4967 ac
3173 4906 3411 4978 Maria,
3453 4908 3566 4969 ad-

279 4999 648 5061 notavimus
692 5017 869 5062 num.
903 5001 962 5072 9,
997 5001 1168 5064 unde
1202 5003 1325 5064 sub
1364 5001 1509 5082 ipso
1548 5002 1885 5077 Michaele,
1920 5005 2032 5083 qui
2066 5005 2137 5064 ad
2185 5019 2434 5064 annum
2474 5017 2684 5082 usque
2725 5002 2884 5066 1078
2922 5003 3135 5066 tenuit
3171 5003 3551 5082 imperium,

274 5095 681 5174 Bulgaricam
708 5095 1229 5177 Theophylactus
1261 5099 1716 5162 administrare
1752 5101 1947 5181 coepit
1977 5099 2366 5162 Ecclesiam.

359 5196 430 5257 In
472 5193 624 5269 alia,
662 5210 855 5275 quam
905 5197 1222 5260 Baronius
1256 5197 1472 5271 refert,
1508 5198 1591 5260 ad
1637 5201 1912 5263 Mariam
1957 5199 2426 5277 imperatricem
2457 5198 2757 5276 epistola,
2793 5215 2940 5262 cum
2983 5216 3053 5261 se
3088 5221 3115 5255 α
3154 5199 3560 5262 descendere

280 5307 358 5354 au
395 5291 733 5368 Bulgaros,
766 5309 832 5353 re
861 5293 1672 5372 ConstantinOpolitanum,
1702 5303 1817 5358 sed
1853 5295 2134 5374 hospitio
2167 5297 2518 5374 Bulgarum
2555 5319 2583 5352 »
2619 5295 2887 5373 scribat,
2920 5305 3095 5358 certo
3125 5295 3255 5376 jam
3285 5304 3560 5370 constat,

279 5404 352 5449 ea
393 5397 530 5450 tum
567 5387 840 5466 potitum
871 5387 1076 5449 fuisse
1111 5389 1444 5469 dignitate.
1480 5392 1639 5455 Cum
1674 5409 1825 5456 vero
1870 5393 2110 5456 ibidem
2158 5411 2228 5456 se
2277 5394 2562 5472 appellet
2613 5414 2843 5472 senem,
2883 5396 2950 5458 id
3001 5403 3098 5458 est
3130 5395 3559 5472 provectioris

273 5487 478 5547 atatis
515 5483 869 5558 hominem,
901 5485 1116 5564 colligi
1148 5486 1331 5550 facile
1370 5497 1601 5566 potest,
1640 5507 1764 5551 non
1811 5508 2033 5568 parum
2068 5491 2292 5553 eadem
2331 5492 2394 5553 in
2434 5492 2748 5571 dignitate
2783 5501 3154 5573 eodemque
3186 5494 3253 5554 in
3289 5510 3562 5554 munere

274 5577 680 5655 insumptum
729 5574 934 5638 fuisse
994 5581 1322 5657 temporis.
1386 5582 1694 5654 Scriptam
1723 5584 1888 5662 epist

1945 5588 2084 5663 lam,
2139 5599 2206 5654 ut
2264 5592 2511 5654 tardius
2572 5593 2880 5656 constitui
2942 5593 3154 5665 liceat,
3200 5593 3563 5670 imperante

274 5674 642 5753 Nicephoro
697 5673 1052 5748 Botoniata,
1102 5677 1180 5737 ab
1229 5695 1438 5756 eoque
1490 5679 1623 5758 jam
1655 5680 1780 5742 sibi
1846 5690 1987 5756 post
2033 5699 2276 5745 annum
2337 5686 2496 5748 1078
2542 5686 2841 5766 copulata
2890 5686 2954 5745 in
3005 5700 3276 5745 uxorem
3311 5683 3548 5757 Maria,

271 5767 686 5832 ostendimus
717 5786 894 5833 num.
929 5773 1026 5833 10.
1065 5774 1372 5854 Adeoque
1401 5783 1547 5838 ante
1572 5794 1813 5838 annum
1845 5779 2020 5850 1078,
2056 5779 2267 5842 adhuc
2299 5781 2661 5863 imperante
2695 5781 3014 5850 Michaele
3059 5784 3252 5855 Duce,
3286 5778 3549 5843 collatas

273 5862 757 5947 Theogzbylacto
794 5866 1029 5932 infulas
1071 5870 1678 5954 archiepiSCOpales,
1714 5875 2062 5938 dicendum
2101 5876 2390 5941 videtur.
