4098 6330
558 358 628 422 27
1370 356 1574 419 BERN
1634 354 1901 439 manta
1939 356 2037 417 DE
2072 357 2176 418 eu

2199 357 2357 417 BElS
2396 356 2899 418 DISSEH'I‘ATIO
3743 349 3817 414 28

634 474 734 537 20.
774 473 1154 538 Litterarum
1190 472 1551 553 prastantia
1581 472 1846 536 ﬂorebat
1882 495 1898 533 :
1930 473 2191 553 egitque
2223 473 2549 536 rhetorem
2586 480 2733 534 ante
2790 472 3116 549 indeptam
3160 469 3565 550 dignitatem.
3609 464 3819 529 Sacris

558 568 775 645 ipsum
807 569 872 631 in
907 569 1275 648 disciplinis
1309 568 1662 647 plurimum
1705 568 2017 641 valuisse,
2056 568 2221 631 bene
2276 570 2500 644 multa,
2561 586 2709 648 qua
2751 566 2915 631 infra
2965 568 3364 629 recensenda
3409 572 3587 637 sunt,
3646 563 3826 626 evin-

560 673 713 727 cunt
751 666 1047 742 praclara
1101 666 1242 747 ejus
1300 684 1517 745 opera.
1562 665 1685 727 Sed
1717 667 1911 727 etiam
1957 666 2332 728 liberalibus
2382 667 2670 745 apprime
2708 668 3036 727 excultum
3071 664 3307 725 litteris
3358 664 3640 741 produnt
3673 658 3819 739 ejus

564 763 892 839 Epistola,
926 780 996 825 ac
1037 764 1209 825 varia
1253 780 1378 853 qua
1423 762 1673 825 referta
1719 769 1893 834 sunt,
1927 762 2235 825 eruditio.
2268 764 2601 825 Accedunt
2631 763 2968 824 Institutio
2996 762 3191 840 Regia
3214 759 3295 821 ad
3318 758 3822 853 Constantinum

560 857 1197 938 Porphyrogenitum,
1246 844 1309 923 et
1346 860 1568 923 Oratio
1616 859 1698 921 ad
1730 857 2026 921 Alexium
2056 859 2437 920 Comncnum
2461 858 2837 937 Augustum,
2872 875 2944 920 ac
2980 858 3270 937 denique
3304 846 3369 917 in
3408 852 3822 918 Carminibus

565 954 918 1032 pangendis
958 956 1211 1034 peritia,
1245 973 1523 1037 quorum
1558 957 1703 1036 ipse
1738 953 2031 1016 meminit
2066 954 2132 1016 in
2187 952 2461 1034 epistola
2488 956 2569 1016 2ο
2614 953 2697 1016 ad
2737 955 3255 1019 Mermcntlarum
3289 953 3679 1033 episcopum,
3713 949 3821 1009 in-

562 1050 799 1131 quiens
845 1072 923 1110 ια
960 1054 1095 1115 Hoc
1143 1054 1407 1134 quidem
1469 1056 1641 1135 quod
1707 1053 1921 1115 solum
1963 1050 2183 1123 habui,
2250 1049 2543 1113 iambicis
2600 1052 2900 1114 versibus
2960 1050 3212 1129 expuli,
3272 1049 3507 1111 multas
3560 1048 3823 1109 interim

558 1145 803 1225 elﬂgias
852 1154 1057 1217 totum
1097 1168 1210 1229 per
1260 1168 1499 1214 annum
1546 1152 1888 1215 concinere
1940 1158 2221 1213 coactus.
2266 1171 2294 1203 »
2325 1148 2494 1208 Hinc
2540 1165 2691 1209 vero
2724 1148 2810 1210 ob
2850 1148 3311 1218 eruditionem,
3366 1162 3492 1225 qua
3531 1143 3822 1214 ﬂorebat,

563 1252 713 1304 nato
743 1245 1186 1319 Constantino,
1227 1246 1563 1309 Michaelis
1603 1250 1797 1309 Duca
1825 1254 1888 1309 et
1922 1246 2138 1308 Maria
2168 1244 2327 1315 ﬁlio,
2366 1251 2721 1323 praceptor
2758 1245 3143 1324 designatus
3176 1244 3530 1322 datusque.

644 1339 747 1402 21.
795 1341 971 1417 Sape
1004 1343 1374 1403 memoratis
1409 1360 1488 1404 ex
1532 1341 1839 1423 Epistolis
1870 1342 2291 1413 addiscimus,
2324 1341 2411 1403 ita
2443 1340 2716 1404 Achride
2749 1342 2816 1403 in
2877 1342 3178 1422 Bulgaria
3224 1340 3440 1420 egisse
3484 1334 3831 1415 'l‘heophy-

569 1434 834 1509 laetum,
877 1443 946 1499 ut
985 1438 1223 1516 regiam
1257 1440 1323 1500 in
1361 1439 1584 1501 urbem
1619 1439 1975 1501 identidem
2014 1440 2378 1515 ventitaret,
2415 1438 2555 1511 sive
2608 1439 2866 1518 negotia
2942 1454 3061 1500 sua
3112 1444 3641 1517 pertractaturus,
3692 1432 3830 1493 sive

569 1533 905 1595 invisurus
956 1534 1145 1596 etiam
1215 1536 1607 1614 discipulum
1700 1536 2053 1618 principem
2086 1580 2102 1609 ,
2146 1536 2421 1616 ejusque
2478 1544 2741 1597 matrem
2790 1535 3079 1607 Mariam,
3118 1542 3226 1596 aut
3268 1541 3642 1611 regnantem
3686 1544 3830 1589 cum

565 1629 1070 1708 imperatoribus
1116 1633 1431 1695 Michaele
1472 1642 1532 1695 et
1565 1633 2086 1703 Botoniata,-'aut
2127 1632 2196 1693 in
2238 1631 2629 1695 monasterio
2675 1632 3018 1712 degentem
3052 1633 3175 1693 sub
3203 1632 3435 1693 Alexio
3469 1631 3829 1710 Comneno.

567 1726 883 1802 Tempore
920 1728 1327 1805 procedente,
1370 1730 1777 1809 Bulgaricum
1815 1732 2029 1791 minus
2066 1728 2191 1808 ipsi
2227 1728 2547 1803 placuisse
2589 1729 2969 1801 incolatum,
3017 1729 3225 1808 prodit
3276 1728 3415 1807 ejus
3444 1724 3719 1805 epistola
3753 1720 3834 1782 ad

563 1820 873 1883 Joannem
920 1842 1209 1901 magnum
1258 1825 1680 1900 domesticum,
1739 1828 1908 1906 apud
1961 1826 2304 1888 Baronium
2362 1825 2441 1887 ad
2507 1842 2749 1886 annum
2807 1826 2986 1901 1071,
3055 1842 3233 1887 num.
3270 1824 3450 1894 XXI,
3533 1821 3663 1884 ubi'
3702 1820 3835 1881 hac

568 1915 892 1980 habentur
926 1940 941 1981 :
984 1943 1012 1975 α
1048 1923 1184 1983 Νοη
1221 1922 1435 1984 servio
1467 1923 1656 1985 diviti
1692 1925 1953 2004 regina,
1993 1924 2381 2001 mundaque
2415 1930 2476 1984 et
2510 1922 2814 2001 pulchra,
2860 1934 3053 2002 atque
3094 1924 3256 1984 adeo
3291 1920 3524 1983 Veneri
3568 1935 3785 1981 aurea
3818 1935 3833 1974 :

571 2016 684 2077 sed
715 2016 921 2077 servis
946 2017 1274 2094 barbaris,
1299 2020 1987 2103 impurisfmtidasque
2027 2022 2225 2101 pelles
2247 2017 2656 2082 olentibus...
2708 2020 2949 2083 Solvite
2982 2038 3082 2082 me
3116 2021 3232 2081 hac
3274 2020 3449 2097 turpi
3500 2018 3832 2089 servitute,

572 2113 685 2190 qui
722 2114 1015 2191 potestis.
1050 2139 1080 2171 ι

654 2209 967 2271 Eumdem
1007 2212 1216 2289 ipsius
1245 2214 1533 2276 animum
1568 2215 1809 2278 iudicat
1842 2210 2114 2295 epistola
2160 2219 2328 2281 inter
2360 2218 2762 2283 Meursianas
2807 2218 2914 2293 21,
2965 2217 3040 2279 ad
3085 2216 3419 2277 Anenium.
3467 2214 3573 2275 Ait
3610 2210 3786 2274 enim
3819 2231 3835 2271 :

576 2321 605 2354 α
638 2301 855 2362 Meum
892 2302 1053 2364 mihi
1095 2306 1417 2367 somnium
1474 2326 1815 2370 enarras...
1872 2328 1968 2373 me
2009 2312 2074 2372 in
2115 2315 2325 2377 media
2361 2315 2663 2395 Bulgaria
2701 2315 3005 2375 barbaros
3046 2322 3107 2375 et
3142 2310 3420 2374 rusticos
3454 2326 3664 2371 mores
3690 2326 3837 2371 cre-

574 2396 735 2457 dens
775 2397 1030 2460 imitari.
1068 2401 1318 2479 Inspice
1372 2404 1573 2477 enim,
1610 2416 1922 2485 quantum
1968 2426 2089 2486 ego
2146 2413 2529 2475 rusticitatis
2581 2421 2641 2474 et
2679 2411 2956 2473 feritatis
2997 2418 3311 2472 craterem
3354 2408 3694 2481 ebiberim,
3722 2405 3841 2484 qui

574 2504 843 2560 τοσούτων
875 2508 1015 2563 ἑτῶν
1034 2510 1143 2563 τῶν
1169 2510 1268 2582 τῆς
1286 2512 1479 2582 σοφίας
1512 2516 1734 2586 χωρίων
1754 2516 2087 2588 ἀποδημῶν,
2146 2516 2192 2572 ι(

2225 2519 2235 2571 t
2279 2509 2468 2572 annis
2510 2508 2904 2587 asapientia
2936 2508 3095 2571 locis
3162 2506 3416 2569 absum.
3450 2527 3481 2563 ι
3514 2505 3667 2567 Vota
3698 2502 3843 2584 ejus

575 2594 757 2657 irrita
794 2593 999 2659 fuere.

2130 2774 2268 2842 VII.

574 2919 871 3011 Ecclesia
890 2921 1240 3011 Bulgaria:
1261 2925 1372 3011 sub
1396 2926 1647 3011 regibus
1681 2930 1971 3011 propriis
2006 2930 2286 3011 initium.
2330 2930 2413 3011 De
2434 2932 2587 3011 jure
2611 2931 2678 3011 in
2707 2931 2910 3011 ipsam
2943 2929 3287 3011 contentio
3313 2930 3629 3011 Romanas
3664 2944 3835 3011 pon-

660 2999 856 3089 tiﬁces
891 2999 1159 3089 inte—rae
1190 2999 1519 3089 episcopos
1549 2999 1960 3089 Byzantinos.
2029 3009 2281 3069 Τῆνοηο
2318 2999 3032 3089 Constantinopolitano
3062 3028 3192 3068 non
3228 3009 3532 3070 obnoxia.
3564 2999 3844 3067 Subacta

655 3080 987 3166 a_‘-Gra_cis
1058 3080 1547 3163 imperatoribus
1601 3080 1958 3165 provincia,
2017 3088 2523 3166 autocephaliam
2606 3080 2814 3150 servat
2884 3089 3207 3161 Ecclesia,
3290 3105 3537 3166 eamque
3594 3094 3847 3166 tutatur

662 3159 1161 3250 Theophylactus
1226 3173 1451 3223 contra
1516 3159 1676 3244 jura
1740 3166 2174 3245 Stauropegii.
2233 3159 2529 3230 Marinus
2584 3167 2984 3241 emendatus,
3062 3159 3328 3246 itemque
3387 3159 3663 3228 Joannes
3721 3163 3845 3225 Lo-

657 3253 935 3301 moerus.

659 3364 1138 3459 22.Bulgarica
1162 3382 1466 3463 regionis,
1503 3383 1611 3445 ubi
1662 3384 2184 3464 Theorihylactus
2230 3383 2580 3448 Ecclesiam
2636 3386 3087 3447 moderabatur
3122 3383 3677 3462 archiepiscOpus,
3718 3398 3844 3446 n0-

581 3494 727 3539 men
763 3494 795 3538 a
830 3479 1085 3556 papulis
1122 3478 1471 3553 profectum
1513 3490 1631 3553 est,
1658 3484 1767 3561 qui
1803 3482 2065 3561 Bulgari
2098 3484 2487 3545 vocabantur
2533 3498 2564 3543 a
2609 3481 2813 3544 fluvio
2843 3482 3071 3560 Bulga,
3108 3480 3248 3544 sive
3290 3482 3499 3560 Volgo.
3537 3481 3845 3543 Pluribus

582 3574 947 3643 remotioris
979 3574 1097 3636 avi
1128 3576 1605 3654 irruptionibus
1625 3594 1845 3639 eorum
1878 3580 1941 3641 in
1966 3581 2121 3641 ﬁnes
2157 3576 2417 3656 imperii
2451 3579 2923 3656 pratermissis,
2944 3579 3085 3655 [XI]
3114 3576 3351 3639 iterum
3382 3592 3552 3638 anno
3582 3576 3844 3656 septimi

580 3670 798 3732 saculi
833 3672 1309 3749 septuagesimo
1334 3683 1555 3736 octavo
1590 3676 1958 3736 Danubium
1991 3685 2477 3744 transmeantes,
2514 3674 2803 3735 Thracia
2832 3673 2965 3735 loca
3004 3680 3404 3750 occuparunt
3444 3694 3459 3733 :
3514 3672 3843 3753 bellisque

585 3776 803 3830 postea
838 3766 1163 3838 confectis,
1201 3770 1564 3832 institutum
1598 3790 1866 3850 regnum
1907 3773 2294 3851 ampliavere
2319 3772 2600 3834 subactis
2637 3771 3011 3849 provinciis,
3038 3788 3185 3851 qua
3225 3772 3501 3849 imperio
3542 3772 3851 3833 Constan-

587 3866 1009 3943 llthpOlilanO
1056 3866 1381 3945 parebant,
1422 3870 1608 3933 Dacia
1690 3871 2150 3933 mediterranea
2186 3882 2248 3933 et
2278 3870 2567 3949 Ripensi,
2609 3870 2828 3933 Masia
2863 3870 3183 3946 ulteriori,
3232 3869 3549 3959 Dardania
3584 3878 3644 3931 et
3678 3872 3852 3932 Pra-

586 3962 735 4035 vali,
778 3964 1082 4025 secunda
1118 3965 1511 4029 Macedonia
1544 3977 1740 4046 parte,
1774 3985 1845 4030 ac
1876 3977 2048 4045 parte
2092 3970 2457 4031 Pannonia.

670 4060 887 4121 Deleta
920 4061 982 4121 in
1016 4062 1189 4123 hisce
1222 4063 1597 4141 regionibus
1630 4066 1986 4129 Christiana
2021 4068 2174 4129 ﬁdes
2201 4066 2433 4127 mansit
2468 4067 2605 4136 diu,
2643 4085 2853 4146 usque
2887 4066 3135 4129 scilicet
3170 4067 3247 4129 ad
3282 4066 3617 4145 Bogorim,
3656 4082 3838 4129 nova

593 4155 906 4235 Bulgaria
938 4176 1149 4236 regem
1178 4202 1194 4231 ,
1241 4161 1352 4237 qui
1405 4176 1573 4222 anno
1602 4163 1717 4225 861
1768 4181 1947 4226 sacro
1978 4164 2352 4241 baptismate
2393 4164 2954 4241 Constantinopoli
3004 4165 3265 4226 ablutus
3299 4174 3421 4236 est,
3461 4181 3835 4243 nomenque

589 4255 859 4314 mutavit
914 4254 979 4315 in
1032 4254 1433 4327 Michaelem,
1484 4274 1613 4336 quo
1665 4259 1857 4321 etiam
1893 4266 2233 4322 vocabatur
2291 4260 2639 4340 imperator
2674 4263 3067 4335 Gracorum,
3104 4260 3378 4323 Michael
3410 4260 3643 4329 tertius
3684 4263 3840 4323 Por-

592 4350 1084 4429 phymgeuitus.
1141 4352 1494 4429 EpiscOpos
1545 4361 1605 4415 et
1663 4356 2073 4434 presbyteros
2123 4358 2501 4420 catechistas
2560 4376 2865 4435 accepere
2924 4357 3187 4435 Bulgari
3238 4376 3273 4420 a
3324 4357 3630 4420 Romanis
3692 4365 3756 4420 et
3812 4375 3849 4419 ει

591 4448 901 4509 Francis:
946 4447 1019 4509 ad
1070 4463 1313 4526 eosque
1378 4458 1627 4512 exstant
1685 4452 1981 4514 Nicolail
2032 4454 2270 4515 summi
2305 4454 2627 4534 pontiﬁcis
2670 4456 2751 4516 de
2813 4454 3007 4518 rebus
3066 4456 3218 4518 ﬁdei
3268 4456 3692 4534 moribusque
3738 4456 3854 4519 Rs-

592 4562 846 4622 sponsa,
893 4562 1062 4605 anno
1115 4545 1369 4606 circiter
1416 4547 1535 4607 866
1588 4550 1753 4609 data.
1813 4549 1955 4609 Hac
2000 4550 2086 4610 ibi
2128 4551 2443 4612 habentur
2482 4551 2562 4613 de
2619 4552 2999 4629 patriarcha,
3052 4570 3245 4632 quem
3285 4553 3410 4615 sibi
3453 4552 3737 4616 ordinari
3776 4569 3849 4615 ac

599 4643 825 4719 pratici
910 4642 1209 4717 Optabant
1274 4660 1451 4705 num.
1511 4662 1714 4704 Lxxu.
1781 4668 1809 4701 α
1844 4647 2235 4723 Requisistis
2268 4690 2285 4715 ,
2341 4647 2395 4706 si
2461 4645 2649 4710 liceat
2696 4649 2761 4709 in
2810 4648 2995 4710 vobis
3038 4651 3471 4727 patriarcham’
3508 4650 3851 4715 ordinari:

596 4740 708 4799 sed
740 4740 816 4799 de
847 4738 963 4799 hoc
1010 4739 1169 4799 nihil
1204 4739 1534 4801 dcﬁnitive
1568 4744 1958 4819 respondere
1993 4760 2359 4820 possumus,
2398 4744 2779 4823 priusquam
2814 4744 3001 4824 legati
3042 4747 3269 4820 nostri,
3308 4760 3473 4826 quos
3509 4748 3845 4810 vobiscum

599 4834 933 4907 mittimus,
990 4835 1228 4895 reversi
1281 4834 1600 4898 fuerint...
1654 4839 1805 4899 Nam
1855 4840 2107 4900 interim
2159 4842 2539 4920 epiSCOpum
2599 4843 2945 4906 habetote:
3000 4852 3281 4919 etcum,
3325 4846 3566 4908 divina
3625 4846 3849 4923 gratia

601 4933 1020 5006 incremento,
1060 4933 1501 4995 Christianitas
1558 4934 1644 4995 ibi
1689 4934 1884 4997 fuerit
1938 4937 2218 5013 dilatata,
2252 4949 2312 5001 et
2358 4940 2649 5017 episcopi
2690 4958 2803 5020 per
2846 4941 3139 5017 singulas
3187 4941 3509 5003 Ecclesias
3544 4944 3849 5018 ordinati,

601 5036 749 5091 tunc
780 5030 1116 5109 eligendus
1150 5040 1245 5091 est
1278 5032 1444 5091 inter
1475 5048 1585 5093 eos
1622 5050 1791 5094 unus
1817 5035 1955 5112 qui,
1994 5035 2045 5093 si
2070 5052 2197 5098 non
2230 5038 2612 5115 patriarcha,
2643 5046 2812 5101 certe
2861 5036 3391 5117 archiepiscopus
3422 5040 3853 5118 appellandus

601 5134 716 5197 est,
751 5128 826 5187 ad
873 5147 1063 5205 quem
1101 5145 1325 5187 omnes
1363 5139 1767 5192 concurrant.
1810 5154 1839 5187 ι)

678 5223 779 5283 23.
830 5226 913 5282 De
946 5223 1205 5300 juribus
1252 5223 1315 5283 in
1364 5224 1712 5286 Ecclesiam
1751 5228 2057 5306 Bulgaria
2080 5238 2219 5292 orta
2273 5230 2353 5292 lis
2405 5239 2501 5293 est
2543 5233 2867 5294 Romanos
2919 5232 3090 5294 inter
3156 5240 3219 5295 et
3265 5231 3857 5313 Constantinopoii-

602 5329 805 5381 tauos.
851 5321 1065 5381 Soluta
1108 5329 1320 5381 Octava
1354 5322 1744 5384 mcumenica
1791 5325 2065 5402 synodo,
2098 5336 2315 5390 contra
2357 5328 2651 5391 Photium
2686 5329 3030 5404 celebrata,
3085 5331 3165 5392 dc
3216 5331 3541 5409 pradictis
3588 5332 3852 5410 jurihus

600 5434 767 5477 anno
814 5420 931 5477 869
975 5427 1181 5478 actum
1220 5427 1338 5480 est.
1387 5420 1587 5481 Graci
1634 5422 1919 5499 judices,
1955 5426 2201 5485 tametsi
2252 5425 2553 5499 recusati,
2608 5426 2991 5487 sententiam
3049 5427 3258 5489 tulere
3292 5444 3306 5484 :
3345 5449 3375 5484 α
3422 5426 3846 5507 Bulgarorum

607 5514 863 5586 patriam
938 5516 1001 5575 in
1056 5516 1417 5577 Gracorum
1466 5526 1771 5593 potestate
1823 5520 2067 5583 dudum
2113 5520 2320 5584 fuisse
2385 5522 2519 5593 (eas
2580 5539 2811 5600 nempe
2852 5522 3245 5601 provincias,
3304 5524 3547 5603 quibus
3606 5542 3847 5588 novum

607 5612 914 5688 Bulgaria
962 5630 1227 5691 regnum
1276 5615 1831 5691 constituebatur],
1879 5627 1939 5681 et
1985 5622 2236 5683 Gracos
2276 5619 2645 5682 sacerdotes
2681 5619 2985 5683 habuisse
3036 5631 3271 5683 sancta
3304 5621 3610 5683 Ecclesia
3671 5624 3848 5685 Con-

603 5709 1203 5786 stantinopolitana,
1243 5738 1269 5768 »
1302 5713 1595 5792 adeoque
1628 5733 1771 5777 cum
1809 5740 1835 5773 α
1890 5719 1967 5779 ab
2010 5735 2083 5779 ea
2128 5716 2438 5797 (Ecclesia
2488 5717 3165 5797 Constantinopoleos)
3221 5734 3333 5795 per
3400 5718 3849 5797 paganismum

604 5806 994 5881 recessisset,
1033 5825 1199 5871 nunc
1237 5828 1344 5890 per
1376 5811 1933 5877 Christianismum
1974 5816 2183 5879 eidem
2228 5814 2478 5879 restitui
2506 5814 2769 5880 debere.
2802 5841 2827 5872 »
2870 5818 3099 5879 Contra
3153 5816 3484 5878 decretum
3525 5812 3847 5878 interces-
