  <div class='ocr_page' id='page_1' title='image "/cluster/home/n/w/nwhite01/storage/ocr_20150623/123/pst.000005714384/022.png"; bbox 0 0 4098 6330; ppageno 0'>
   <div class='ocr_carea' id='block_1_1' title="bbox 260 334 3546 403">
    <p class='ocr_par' dir='ltr' id='par_1_1' title="bbox 260 334 3546 403">
     <span class='ocr_line' id='line_1_1' title="bbox 260 334 3546 403; baseline -0.002 0"><span class='ocrx_word' id='word_1_1' title='bbox 260 338 335 403; x_wconf 78' lang='grc'><strong>2.)</strong></span> <span class='ocrx_word' id='word_1_2' title='bbox 1087 340 1183 399; x_wconf 90' lang='lat' dir='ltr'><strong>DE</strong></span> <span class='ocrx_word' id='word_1_3' title='bbox 1224 336 1807 397; x_wconf 75' lang='lat' dir='ltr'><strong>THEOPIIYLACTI</strong></span> <span class='ocrx_word' id='word_1_4' title='bbox 1846 336 2119 397; x_wconf 81' lang='lat' dir='ltr'><strong>GESTIS</strong></span> <span class='ocrx_word' id='word_1_5' title='bbox 2162 339 2254 397; x_wconf 76' lang='grc' dir='ltr'><strong>ΕΤ</strong></span> <span class='ocrx_word' id='word_1_6' title='bbox 2298 337 2670 399; x_wconf 74' lang='lat' dir='ltr'><strong>SCRIl’TlS.</strong></span> <span class='ocrx_word' id='word_1_7' title='bbox 3471 334 3546 398; x_wconf 82' lang='lat'><strong>3‘0</strong></span> 
     </span>
    </p>
   </div>
   <div class='ocr_carea' id='block_1_2' title="bbox 257 449 3557 531">
    <p class='ocr_par' dir='ltr' id='par_1_2' title="bbox 257 449 3557 531">
     <span class='ocr_line' id='line_1_2' title="bbox 257 449 3557 531; baseline -0 -18"><span class='ocrx_word' id='word_1_8' title='bbox 257 463 481 514; x_wconf 90' lang='lat' dir='ltr'><strong>serunt</strong></span> <span class='ocrx_word' id='word_1_9' title='bbox 532 450 721 531; x_wconf 87' lang='lat' dir='ltr'><strong>legati</strong></span> <span class='ocrx_word' id='word_1_10' title='bbox 770 452 1035 514; x_wconf 82' lang='lat' dir='ltr'><strong>Adriani</strong></span> <span class='ocrx_word' id='word_1_11' title='bbox 1072 451 1127 513; x_wconf 86' lang='lat' dir='ltr'><strong>ll</strong></span> <span class='ocrx_word' id='word_1_12' title='bbox 1181 450 1449 511; x_wconf 78' lang='lat' dir='ltr'><strong>Romani</strong></span> <span class='ocrx_word' id='word_1_13' title='bbox 1509 449 1851 527; x_wconf 80' lang='lat' dir='ltr'><strong>pontificis.</strong></span> <span class='ocrx_word' id='word_1_14' title='bbox 1914 452 2307 529; x_wconf 80' lang='lat' dir='ltr'><strong>EpiscOpum</strong></span> <span class='ocrx_word' id='word_1_15' title='bbox 2376 450 2833 530; x_wconf 72' lang='lat' dir='ltr'><strong>designaverat</strong></span> <span class='ocrx_word' id='word_1_16' title='bbox 2920 450 3238 530; x_wconf 75' lang='lat' dir='ltr'><strong>Bulgaris,</strong></span> <span class='ocrx_word' id='word_1_17' title='bbox 3291 450 3557 513; x_wconf 85' lang='lat' dir='ltr'><strong>nomine</strong></span> 
     </span>
    </p>
   </div>
   <div class='ocr_carea' id='block_1_3' title="bbox 254 545 3557 627">
    <p class='ocr_par' dir='ltr' id='par_1_3' title="bbox 254 545 3557 627">
     <span class='ocr_line' id='line_1_3' title="bbox 254 545 3557 627; baseline -0.001 -15"><span class='ocrx_word' id='word_1_18' title='bbox 254 550 667 625; x_wconf 84' lang='lat' dir='ltr'><strong>Silvestrum,</strong></span> <span class='ocrx_word' id='word_1_19' title='bbox 730 550 902 612; x_wconf 82' lang='lat' dir='ltr'><strong>idem</strong></span> <span class='ocrx_word' id='word_1_20' title='bbox 953 550 1280 611; x_wconf 82' lang='lat' dir='ltr'><strong>Adrianus</strong></span> <span class='ocrx_word' id='word_1_21' title='bbox 1328 567 1341 605; x_wconf 89' lang='lat'><strong>:</strong></span> <span class='ocrx_word' id='word_1_22' title='bbox 1403 558 1463 609; x_wconf 91' lang='lat' dir='ltr'><strong>at</strong></span> <span class='ocrx_word' id='word_1_23' title='bbox 1510 549 1879 610; x_wconf 64' lang='lat' dir='ltr'><strong>Graecorum</strong></span> <span class='ocrx_word' id='word_1_24' title='bbox 1934 546 2125 607; x_wconf 90' lang='lat' dir='ltr'><strong>donis</strong></span> <span class='ocrx_word' id='word_1_25' title='bbox 2176 545 2465 617; x_wconf 83' lang='lat' dir='ltr'><strong>adducti,</strong></span> <span class='ocrx_word' id='word_1_26' title='bbox 2524 547 3088 627; x_wconf 86' lang='lat' dir='ltr'><strong>archiepiscopum</strong></span> <span class='ocrx_word' id='word_1_27' title='bbox 3146 564 3456 625; x_wconf 86' lang='lat' dir='ltr'><strong>accepere</strong></span> <span class='ocrx_word' id='word_1_28' title='bbox 3520 564 3557 608; x_wconf 74' lang='grc' dir='ltr'><strong>ιι</strong></span> 
     </span>
    </p>
   </div>
   <div class='ocr_carea' id='block_1_4' title="bbox 252 642 3550 725">
    <p class='ocr_par' dir='ltr' id='par_1_4' title="bbox 252 642 3550 725">
     <span class='ocr_line' id='line_1_4' title="bbox 252 642 3550 725; baseline -0.001 -18"><span class='ocrx_word' id='word_1_29' title='bbox 252 646 498 707; x_wconf 67' lang='lat' dir='ltr'><strong>Basilio</strong></span> <span class='ocrx_word' id='word_1_30' title='bbox 530 646 918 725; x_wconf 80' lang='lat' dir='ltr'><strong>imperatore</strong></span> <span class='ocrx_word' id='word_1_31' title='bbox 954 658 1015 708; x_wconf 87' lang='lat' dir='ltr'><strong>et</strong></span> <span class='ocrx_word' id='word_1_32' title='bbox 1044 644 1393 724; x_wconf 76' lang='lat' dir='ltr'><strong>patriarcha</strong></span> <span class='ocrx_word' id='word_1_33' title='bbox 1423 644 1695 725; x_wconf 87' lang='lat' dir='ltr'><strong>lgnatio.</strong></span> <span class='ocrx_word' id='word_1_34' title='bbox 1731 646 1862 705; x_wconf 84' lang='lat' dir='ltr'><strong>Hac</strong></span> <span class='ocrx_word' id='word_1_35' title='bbox 1892 644 1970 704; x_wconf 90' lang='lat' dir='ltr'><strong>de</strong></span> <span class='ocrx_word' id='word_1_36' title='bbox 2005 660 2074 703; x_wconf 89' lang='lat' dir='ltr'><strong>re</strong></span> <span class='ocrx_word' id='word_1_37' title='bbox 2107 642 2354 703; x_wconf 77' lang='lat' dir='ltr'><strong>litteras</strong></span> <span class='ocrx_word' id='word_1_38' title='bbox 2390 642 2531 721; x_wconf 82' lang='lat' dir='ltr'><strong>lege</strong></span> <span class='ocrx_word' id='word_1_39' title='bbox 2568 644 2922 713; x_wconf 81' lang='lat' dir='ltr'><strong>Pontiﬁcis,</strong></span> <span class='ocrx_word' id='word_1_40' title='bbox 2959 642 3253 724; x_wconf 88' lang='lat' dir='ltr'><strong>querelis</strong></span> <span class='ocrx_word' id='word_1_41' title='bbox 3304 642 3550 721; x_wconf 87' lang='lat' dir='ltr'><strong>plenas,</strong></span> 
     </span>
    </p>
   </div>
   <div class='ocr_carea' id='block_1_5' title="bbox 250 738 3551 823">
    <p class='ocr_par' dir='ltr' id='par_1_5' title="bbox 250 738 3551 823">
     <span class='ocr_line' id='line_1_5' title="bbox 250 738 3551 823; baseline -0.001 -22"><span class='ocrx_word' id='word_1_42' title='bbox 250 740 329 801; x_wconf 91' lang='lat' dir='ltr'><strong>ad</strong></span> <span class='ocrx_word' id='word_1_43' title='bbox 364 743 673 804; x_wconf 90' lang='lat' dir='ltr'><strong>Basilium</strong></span> <span class='ocrx_word' id='word_1_44' title='bbox 712 752 773 805; x_wconf 92' lang='lat' dir='ltr'><strong>et</strong></span> <span class='ocrx_word' id='word_1_45' title='bbox 803 747 879 805; x_wconf 90' lang='lat' dir='ltr'><strong>ad</strong></span> <span class='ocrx_word' id='word_1_46' title='bbox 926 742 1271 823; x_wconf 87' lang='lat' dir='ltr'><strong>Ignatium.</strong></span> <span class='ocrx_word' id='word_1_47' title='bbox 1302 759 1475 804; x_wconf 92' lang='lat' dir='ltr'><strong>anno</strong></span> <span class='ocrx_word' id='word_1_48' title='bbox 1513 742 1626 803; x_wconf 79' lang='lat'><strong>871</strong></span> <span class='ocrx_word' id='word_1_49' title='bbox 1660 742 1860 812; x_wconf 89' lang='lat' dir='ltr'><strong>datas,</strong></span> <span class='ocrx_word' id='word_1_50' title='bbox 1902 738 2071 817; x_wconf 75' lang='lat' dir='ltr'><strong>apud</strong></span> <span class='ocrx_word' id='word_1_51' title='bbox 2123 740 2472 801; x_wconf 87' lang='lat' dir='ltr'><strong>Baronium</strong></span> <span class='ocrx_word' id='word_1_52' title='bbox 2509 786 2523 810; x_wconf 93' lang='lat'><strong>,</strong></span> <span class='ocrx_word' id='word_1_53' title='bbox 2571 748 2636 799; x_wconf 92' lang='lat' dir='ltr'><strong>et</strong></span> <span class='ocrx_word' id='word_1_54' title='bbox 2672 740 3106 819; x_wconf 70' lang='lat' dir='ltr'><strong>conciliorum</strong></span> <span class='ocrx_word' id='word_1_55' title='bbox 3141 740 3551 803; x_wconf 87' lang='lat' dir='ltr'><strong>collectores.</strong></span> 
     </span>
    </p>
   </div>
   <div class='ocr_carea' id='block_1_6' title="bbox 252 836 3240 917">
    <p class='ocr_par' dir='ltr' id='par_1_6' title="bbox 252 836 3240 917">
     <span class='ocr_line' id='line_1_6' title="bbox 252 836 3240 917; baseline 0.002 -21"><span class='ocrx_word' id='word_1_56' title='bbox 252 836 563 899; x_wconf 83' lang='lat' dir='ltr'><strong>Photiano</strong></span> <span class='ocrx_word' id='word_1_57' title='bbox 598 838 948 899; x_wconf 87' lang='lat' dir='ltr'><strong>schismate</strong></span> <span class='ocrx_word' id='word_1_58' title='bbox 977 838 1277 899; x_wconf 76' lang='lat' dir='ltr'><strong>effectum</strong></span> <span class='ocrx_word' id='word_1_59' title='bbox 1312 846 1433 911; x_wconf 91' lang='lat' dir='ltr'><strong>est,</strong></span> <span class='ocrx_word' id='word_1_60' title='bbox 1473 844 1541 897; x_wconf 92' lang='lat' dir='ltr'><strong>ut</strong></span> <span class='ocrx_word' id='word_1_61' title='bbox 1572 854 1605 898; x_wconf 93' lang='lat' dir='ltr'><strong>a</strong></span> <span class='ocrx_word' id='word_1_62' title='bbox 1640 838 1950 898; x_wconf 77' lang='lat' dir='ltr'><strong>Romanis</strong></span> <span class='ocrx_word' id='word_1_63' title='bbox 1982 837 2207 898; x_wconf 88' lang='lat' dir='ltr'><strong>avulsa</strong></span> <span class='ocrx_word' id='word_1_64' title='bbox 2252 846 2539 897; x_wconf 84' lang='lat' dir='ltr'><strong>maneret</strong></span> <span class='ocrx_word' id='word_1_65' title='bbox 2580 838 2859 899; x_wconf 89' lang='lat' dir='ltr'><strong>Ecclesia</strong></span> <span class='ocrx_word' id='word_1_66' title='bbox 2895 837 3240 917; x_wconf 70' lang='lat' dir='ltr'><strong>Bulgariaa.</strong></span> 
     </span>
    </p>
   </div>
   <div class='ocr_carea' id='block_1_7' title="bbox 328 934 3550 1014">
    <p class='ocr_par' dir='ltr' id='par_1_7' title="bbox 328 934 3550 1014">
     <span class='ocr_line' id='line_1_7' title="bbox 328 934 3550 1014; baseline 0.001 -20"><span class='ocrx_word' id='word_1_67' title='bbox 328 934 429 996; x_wconf 56' lang='grc' dir='ltr'><strong>ΞΑ.</strong></span> <span class='ocrx_word' id='word_1_68' title='bbox 478 934 737 997; x_wconf 90' lang='lat' dir='ltr'><strong>Throno</strong></span> <span class='ocrx_word' id='word_1_69' title='bbox 777 934 1495 1012; x_wconf 85' lang='lat' dir='ltr'><strong>Constantinopolitano</strong></span> <span class='ocrx_word' id='word_1_70' title='bbox 1558 936 1818 1011; x_wconf 89' lang='lat' dir='ltr'><strong>parebat</strong></span> <span class='ocrx_word' id='word_1_71' title='bbox 1883 934 2415 1013; x_wconf 79' lang='lat' dir='ltr'><strong>archiepiscopus</strong></span> <span class='ocrx_word' id='word_1_72' title='bbox 2460 935 2601 1014; x_wconf 84' lang='lat' dir='ltr'><strong>ejus</strong></span> <span class='ocrx_word' id='word_1_73' title='bbox 2664 936 2977 1013; x_wconf 74' lang='lat' dir='ltr'><strong>regionis.</strong></span> <span class='ocrx_word' id='word_1_74' title='bbox 3042 937 3251 998; x_wconf 66' lang='lat' dir='ltr'><strong>.‘Etate</strong></span> <span class='ocrx_word' id='word_1_75' title='bbox 3314 934 3550 999; x_wconf 85' lang='lat' dir='ltr'><strong>Leonis</strong></span> 
     </span>
    </p>
   </div>
   <div class='ocr_carea' id='block_1_8' title="bbox 250 1030 3549 1112">
    <p class='ocr_par' dir='ltr' id='par_1_8' title="bbox 250 1030 3549 1112">
     <span class='ocr_line' id='line_1_8' title="bbox 250 1030 3549 1112; baseline -0.001 -17"><span class='ocrx_word' id='word_1_76' title='bbox 250 1032 598 1109; x_wconf 77' lang='lat' dir='ltr'><strong>Sapientis,</strong></span> <span class='ocrx_word' id='word_1_77' title='bbox 640 1032 753 1111; x_wconf 77' lang='lat' dir='ltr'><strong>qui</strong></span> <span class='ocrx_word' id='word_1_78' title='bbox 809 1049 982 1094; x_wconf 90' lang='lat' dir='ltr'><strong>anno</strong></span> <span class='ocrx_word' id='word_1_79' title='bbox 1026 1033 1147 1095; x_wconf 88' lang='lat'><strong>886</strong></span> <span class='ocrx_word' id='word_1_80' title='bbox 1185 1031 1536 1109; x_wconf 86' lang='lat' dir='ltr'><strong>capessivit</strong></span> <span class='ocrx_word' id='word_1_81' title='bbox 1581 1030 1959 1109; x_wconf 87' lang='lat' dir='ltr'><strong>imperium,</strong></span> <span class='ocrx_word' id='word_1_82' title='bbox 1989 1042 2367 1110; x_wconf 74' lang='grc' dir='ltr'><strong>αὐτοκέφαλος</strong></span> <span class='ocrx_word' id='word_1_83' title='bbox 2399 1035 2627 1103; x_wconf 83' lang='lat' dir='ltr'><strong>evasit,</strong></span> <span class='ocrx_word' id='word_1_84' title='bbox 2687 1034 2927 1112; x_wconf 82' lang='lat' dir='ltr'><strong>suique</strong></span> <span class='ocrx_word' id='word_1_85' title='bbox 2967 1033 3167 1112; x_wconf 87' lang='lat' dir='ltr'><strong>juris,</strong></span> <span class='ocrx_word' id='word_1_86' title='bbox 3211 1034 3504 1095; x_wconf 89' lang='lat' dir='ltr'><strong>utverisi</strong></span> <span class='ocrx_word' id='word_1_87' title='bbox 3534 1064 3549 1077; x_wconf 89' lang='lat'><strong>-</strong></span> 
     </span>
    </p>
   </div>
   <div class='ocr_carea' id='block_1_9' title="bbox 252 1128 3549 1210">
    <p class='ocr_par' dir='ltr' id='par_1_9' title="bbox 252 1128 3549 1210">
     <span class='ocr_line' id='line_1_9' title="bbox 252 1128 3549 1210; baseline -0 -19"><span class='ocrx_word' id='word_1_88' title='bbox 252 1129 479 1192; x_wconf 90' lang='lat' dir='ltr'><strong>milius</strong></span> <span class='ocrx_word' id='word_1_89' title='bbox 526 1131 852 1193; x_wconf 80' lang='lat' dir='ltr'><strong>existimat</strong></span> <span class='ocrx_word' id='word_1_90' title='bbox 901 1131 1271 1210; x_wconf 87' lang='lat' dir='ltr'><strong>Lequienus</strong></span> <span class='ocrx_word' id='word_1_91' title='bbox 1313 1131 1377 1192; x_wconf 91' lang='lat' dir='ltr'><strong>in</strong></span> <span class='ocrx_word' id='word_1_92' title='bbox 1428 1128 1684 1192; x_wconf 77' lang='lat' dir='ltr'><strong>Oriente</strong></span> <span class='ocrx_word' id='word_1_93' title='bbox 1734 1129 2125 1203; x_wconf 84' lang='lat' dir='ltr'><strong>Christiano,</strong></span> <span class='ocrx_word' id='word_1_94' title='bbox 2167 1140 2340 1192; x_wconf 85' lang='lat' dir='ltr'><strong>torno</strong></span> <span class='ocrx_word' id='word_1_95' title='bbox 2386 1132 2465 1203; x_wconf 89' lang='lat' dir='ltr'><strong>ll,</strong></span> <span class='ocrx_word' id='word_1_96' title='bbox 2512 1131 2575 1191; x_wconf 91' lang='lat' dir='ltr'><strong>in</strong></span> <span class='ocrx_word' id='word_1_97' title='bbox 2634 1130 2926 1192; x_wconf 79' lang='lat' dir='ltr'><strong>Ecclesia</strong></span> <span class='ocrx_word' id='word_1_98' title='bbox 2963 1130 3300 1207; x_wconf 86' lang='lat' dir='ltr'><strong>Lychnidi.</strong></span> <span class='ocrx_word' id='word_1_99' title='bbox 3339 1130 3549 1191; x_wconf 68' lang='lat' dir='ltr'><strong>Verba</strong></span> 
     </span>
    </p>
   </div>
   <div class='ocr_carea' id='block_1_10' title="bbox 250 1222 3545 1306">
    <p class='ocr_par' dir='ltr' id='par_1_10' title="bbox 250 1222 3545 1306">
     <span class='ocr_line' id='line_1_10' title="bbox 250 1222 3545 1306; baseline 0.002 -27"><span class='ocrx_word' id='word_1_100' title='bbox 250 1222 395 1300; x_wconf 75' lang='lat' dir='ltr'><strong>ejus</strong></span> <span class='ocrx_word' id='word_1_101' title='bbox 453 1224 651 1284; x_wconf 67' lang='lat' dir='ltr'><strong>affero</strong></span> <span class='ocrx_word' id='word_1_102' title='bbox 694 1246 707 1284; x_wconf 90' lang='lat'><strong>:</strong></span> <span class='ocrx_word' id='word_1_103' title='bbox 750 1247 777 1278; x_wconf 74' lang='grc' dir='ltr'><strong><em>α</em></strong></span> <span class='ocrx_word' id='word_1_104' title='bbox 823 1223 941 1285; x_wconf 84' lang='lat' dir='ltr'><strong>Hic</strong></span> <span class='ocrx_word' id='word_1_105' title='bbox 1001 1241 1156 1287; x_wconf 86' lang='lat' dir='ltr'><strong>vero</strong></span> <span class='ocrx_word' id='word_1_106' title='bbox 1227 1222 1652 1301; x_wconf 88' lang='lat' dir='ltr'><strong>Bulgarorum</strong></span> <span class='ocrx_word' id='word_1_107' title='bbox 1722 1222 2071 1300; x_wconf 78' lang='lat' dir='ltr'><strong>primarius</strong></span> <span class='ocrx_word' id='word_1_108' title='bbox 2133 1230 2407 1289; x_wconf 88' lang='lat' dir='ltr'><strong>antistes</strong></span> <span class='ocrx_word' id='word_1_109' title='bbox 2475 1226 3242 1306; x_wconf 72' lang='lat' dir='ltr'><strong>ConstantinOpOIitanze,</strong></span> <span class='ocrx_word' id='word_1_110' title='bbox 3277 1226 3545 1305; x_wconf 84' lang='lat' dir='ltr'><strong>quidem</strong></span> 
     </span>
    </p>
   </div>
   <div class='ocr_carea' id='block_1_11' title="bbox 248 1318 3544 1401">
    <p class='ocr_par' dir='ltr' id='par_1_11' title="bbox 248 1318 3544 1401">
     <span class='ocr_line' id='line_1_11' title="bbox 248 1318 3544 1401; baseline 0.002 -22"><span class='ocrx_word' id='word_1_111' title='bbox 248 1318 412 1391; x_wconf 87' lang='lat' dir='ltr'><strong>sedi,</strong></span> <span class='ocrx_word' id='word_1_112' title='bbox 454 1320 756 1380; x_wconf 84' lang='lat' dir='ltr'><strong>Romanis</strong></span> <span class='ocrx_word' id='word_1_113' title='bbox 793 1320 1205 1397; x_wconf 81' lang='lat' dir='ltr'><strong>pontiﬁcibus</strong></span> <span class='ocrx_word' id='word_1_114' title='bbox 1235 1318 1474 1383; x_wconf 82' lang='lat' dir='ltr'><strong>frustra</strong></span> <span class='ocrx_word' id='word_1_115' title='bbox 1516 1318 2046 1396; x_wconf 85' lang='lat' dir='ltr'><strong>reclamantibus,</strong></span> <span class='ocrx_word' id='word_1_116' title='bbox 2082 1324 2409 1385; x_wconf 85' lang='lat' dir='ltr'><strong>obnoxius</strong></span> <span class='ocrx_word' id='word_1_117' title='bbox 2450 1322 2886 1401; x_wconf 78' lang='lat' dir='ltr'><strong>primumfuit</strong></span> <span class='ocrx_word' id='word_1_118' title='bbox 2931 1347 2945 1384; x_wconf 90' lang='lat'><strong>:</strong></span> <span class='ocrx_word' id='word_1_119' title='bbox 2983 1325 3268 1386; x_wconf 87' lang='lat' dir='ltr'><strong>subinde</strong></span> <span class='ocrx_word' id='word_1_120' title='bbox 3326 1334 3544 1386; x_wconf 89' lang='lat' dir='ltr'><strong>autem</strong></span> 
     </span>
    </p>
   </div>
   <div class='ocr_carea' id='block_1_12' title="bbox 247 1416 3538 1497">
    <p class='ocr_par' dir='ltr' id='par_1_12' title="bbox 247 1416 3538 1497">
     <span class='ocr_line' id='line_1_12' title="bbox 247 1416 3538 1497; baseline 0.001 -18"><span class='ocrx_word' id='word_1_121' title='bbox 247 1427 648 1495; x_wconf 78' lang='grc' dir='ltr'><strong>αὐτοκέφαλος,</strong></span> <span class='ocrx_word' id='word_1_122' title='bbox 688 1418 873 1478; x_wconf 89' lang='lat' dir='ltr'><strong>suive</strong></span> <span class='ocrx_word' id='word_1_123' title='bbox 901 1417 1071 1497; x_wconf 89' lang='lat' dir='ltr'><strong>juris</strong></span> <span class='ocrx_word' id='word_1_124' title='bbox 1110 1418 1306 1480; x_wconf 89' lang='lat' dir='ltr'><strong>evasit</strong></span> <span class='ocrx_word' id='word_1_125' title='bbox 1335 1439 1351 1484; x_wconf 84' lang='lat'><strong>:</strong></span> <span class='ocrx_word' id='word_1_126' title='bbox 1384 1435 1529 1480; x_wconf 90' lang='lat' dir='ltr'><strong>cum</strong></span> <span class='ocrx_word' id='word_1_127' title='bbox 1574 1416 2007 1495; x_wconf 86' lang='lat' dir='ltr'><strong>Bulgarorum</strong></span> <span class='ocrx_word' id='word_1_128' title='bbox 2056 1418 2487 1497; x_wconf 83' lang='lat' dir='ltr'><strong>principibus,</strong></span> <span class='ocrx_word' id='word_1_129' title='bbox 2520 1419 2636 1497; x_wconf 89' lang='lat' dir='ltr'><strong>qui</strong></span> <span class='ocrx_word' id='word_1_130' title='bbox 2683 1421 3015 1497; x_wconf 81' lang='lat' dir='ltr'><strong>perpetuis</strong></span> <span class='ocrx_word' id='word_1_131' title='bbox 3047 1419 3234 1481; x_wconf 88' lang='lat' dir='ltr'><strong>bellis</strong></span> <span class='ocrx_word' id='word_1_132' title='bbox 3276 1422 3538 1483; x_wconf 70' lang='lat' dir='ltr'><strong>Grmcos</strong></span> 
     </span>
    </p>
   </div>
   <div class='ocr_carea' id='block_1_13' title="bbox 246 1516 3543 1597">
    <p class='ocr_par' dir='ltr' id='par_1_13' title="bbox 246 1516 3543 1597">
     <span class='ocr_line' id='line_1_13' title="bbox 246 1516 3543 1597; baseline 0.001 -21"><span class='ocrx_word' id='word_1_133' title='bbox 246 1517 671 1590; x_wconf 86' lang='lat' dir='ltr'><strong>lacessebant,</strong></span> <span class='ocrx_word' id='word_1_134' title='bbox 698 1533 825 1578; x_wconf 92' lang='lat' dir='ltr'><strong>non</strong></span> <span class='ocrx_word' id='word_1_135' title='bbox 867 1516 1184 1578; x_wconf 87' lang='lat' dir='ltr'><strong>arrideret</strong></span> <span class='ocrx_word' id='word_1_136' title='bbox 1221 1516 1654 1579; x_wconf 89' lang='lat' dir='ltr'><strong>Ecclesiarum</strong></span> <span class='ocrx_word' id='word_1_137' title='bbox 1693 1532 1963 1577; x_wconf 89' lang='lat' dir='ltr'><strong>suarum</strong></span> <span class='ocrx_word' id='word_1_138' title='bbox 2000 1518 2257 1594; x_wconf 85' lang='lat' dir='ltr'><strong>negotia</strong></span> <span class='ocrx_word' id='word_1_139' title='bbox 2289 1517 2461 1595; x_wconf 87' lang='lat' dir='ltr'><strong>apud</strong></span> <span class='ocrx_word' id='word_1_140' title='bbox 2492 1516 2880 1597; x_wconf 78' lang='lat' dir='ltr'><strong>Byzantinos</strong></span> <span class='ocrx_word' id='word_1_141' title='bbox 2922 1516 3205 1578; x_wconf 74' lang='lat' dir='ltr'><strong>tractari.</strong></span> <span class='ocrx_word' id='word_1_142' title='bbox 3243 1517 3310 1577; x_wconf 79' lang='lat' dir='ltr'><strong>ld</strong></span> <span class='ocrx_word' id='word_1_143' title='bbox 3367 1518 3543 1597; x_wconf 85' lang='lat' dir='ltr'><strong>quod</strong></span> 
     </span>
    </p>
   </div>
   <div class='ocr_carea' id='block_1_14' title="bbox 245 1611 3546 1697">
    <p class='ocr_par' dir='ltr' id='par_1_14' title="bbox 245 1611 3546 1697">
     <span class='ocr_line' id='line_1_14' title="bbox 245 1611 3546 1697; baseline 0 -22"><span class='ocrx_word' id='word_1_144' title='bbox 245 1614 464 1675; x_wconf 84' lang='lat' dir='ltr'><strong>Leone</strong></span> <span class='ocrx_word' id='word_1_145' title='bbox 502 1614 826 1690; x_wconf 91' lang='lat' dir='ltr'><strong>Sapiente,</strong></span> <span class='ocrx_word' id='word_1_146' title='bbox 884 1613 1109 1675; x_wconf 87' lang='lat' dir='ltr'><strong>Basilii</strong></span> <span class='ocrx_word' id='word_1_147' title='bbox 1162 1612 1541 1674; x_wconf 77' lang='lat' dir='ltr'><strong>Macedonis</strong></span> <span class='ocrx_word' id='word_1_148' title='bbox 1604 1612 1765 1682; x_wconf 86' lang='lat' dir='ltr'><strong>lilio,</strong></span> <span class='ocrx_word' id='word_1_149' title='bbox 1812 1611 2205 1692; x_wconf 85' lang='lat' dir='ltr'><strong>imperatore</strong></span> <span class='ocrx_word' id='word_1_150' title='bbox 2244 1613 2602 1692; x_wconf 77' lang='lat' dir='ltr'><strong>contigisse</strong></span> <span class='ocrx_word' id='word_1_151' title='bbox 2639 1629 2809 1676; x_wconf 92' lang='lat' dir='ltr'><strong>reor.</strong></span> <span class='ocrx_word' id='word_1_152' title='bbox 2854 1614 2980 1688; x_wconf 86' lang='lat' dir='ltr'><strong>Qui</strong></span> <span class='ocrx_word' id='word_1_153' title='bbox 3028 1632 3176 1676; x_wconf 93' lang='lat' dir='ltr'><strong>cum</strong></span> <span class='ocrx_word' id='word_1_154' title='bbox 3207 1617 3546 1697; x_wconf 78' lang='lat' dir='ltr'><strong>Turcaset</strong></span> 
     </span>
    </p>
   </div>
   <div class='ocr_carea' id='block_1_15' title="bbox 245 1709 3543 1792">
    <p class='ocr_par' dir='ltr' id='par_1_15' title="bbox 245 1709 3543 1792">
     <span class='ocr_line' id='line_1_15' title="bbox 245 1709 3543 1792; baseline -0.001 -17"><span class='ocrx_word' id='word_1_155' title='bbox 245 1713 545 1775; x_wconf 76' lang='lat' dir='ltr'><strong>inﬁdeles</strong></span> <span class='ocrx_word' id='word_1_156' title='bbox 579 1712 741 1775; x_wconf 85' lang='lat' dir='ltr'><strong>alios</strong></span> <span class='ocrx_word' id='word_1_157' title='bbox 775 1712 1054 1792; x_wconf 91' lang='lat' dir='ltr'><strong>populos</strong></span> <span class='ocrx_word' id='word_1_158' title='bbox 1101 1712 1166 1774; x_wconf 85' lang='lat' dir='ltr'><strong>in</strong></span> <span class='ocrx_word' id='word_1_159' title='bbox 1207 1711 1635 1791; x_wconf 86' lang='lat' dir='ltr'><strong>Bulgarorum</strong></span> <span class='ocrx_word' id='word_1_160' title='bbox 1680 1719 1939 1790; x_wconf 79' lang='lat' dir='ltr'><strong>gentem</strong></span> <span class='ocrx_word' id='word_1_161' title='bbox 1992 1710 2409 1785; x_wconf 90' lang='lat' dir='ltr'><strong>concitasset,</strong></span> <span class='ocrx_word' id='word_1_162' title='bbox 2444 1709 2513 1771; x_wconf 91' lang='lat' dir='ltr'><strong>in</strong></span> <span class='ocrx_word' id='word_1_163' title='bbox 2554 1727 2746 1771; x_wconf 88' lang='lat' dir='ltr'><strong>causa</strong></span> <span class='ocrx_word' id='word_1_164' title='bbox 2779 1710 2904 1772; x_wconf 83' lang='lat' dir='ltr'><strong>fuit</strong></span> <span class='ocrx_word' id='word_1_165' title='bbox 2950 1721 3020 1773; x_wconf 93' lang='lat' dir='ltr'><strong>ut</strong></span> <span class='ocrx_word' id='word_1_166' title='bbox 3054 1712 3316 1790; x_wconf 91' lang='lat' dir='ltr'><strong>Bulgari</strong></span> <span class='ocrx_word' id='word_1_167' title='bbox 3376 1709 3543 1773; x_wconf 92' lang='lat' dir='ltr'><strong>inito</strong></span> 
     </span>
    </p>
   </div>
   <div class='ocr_carea' id='block_1_16' title="bbox 246 1806 3542 1889">
    <p class='ocr_par' dir='ltr' id='par_1_16' title="bbox 246 1806 3542 1889">
     <span class='ocr_line' id='line_1_16' title="bbox 246 1806 3542 1889; baseline 0 -19"><span class='ocrx_word' id='word_1_168' title='bbox 246 1809 525 1870; x_wconf 90' lang='lat' dir='ltr'><strong>consilio</strong></span> <span class='ocrx_word' id='word_1_169' title='bbox 560 1812 635 1870; x_wconf 80' lang='lat' dir='ltr'><strong>ad</strong></span> <span class='ocrx_word' id='word_1_170' title='bbox 678 1811 1001 1872; x_wconf 77' lang='lat' dir='ltr'><strong>Romanos</strong></span> <span class='ocrx_word' id='word_1_171' title='bbox 1038 1808 1369 1887; x_wconf 75' lang='lat' dir='ltr'><strong>pontifices</strong></span> <span class='ocrx_word' id='word_1_172' title='bbox 1402 1808 1871 1881; x_wconf 90' lang='lat' dir='ltr'><strong>concesserint,</strong></span> <span class='ocrx_word' id='word_1_173' title='bbox 1906 1806 2143 1869; x_wconf 79' lang='lat' dir='ltr'><strong>auxilii</strong></span> <span class='ocrx_word' id='word_1_174' title='bbox 2197 1807 2349 1869; x_wconf 91' lang='lat' dir='ltr'><strong>inde</strong></span> <span class='ocrx_word' id='word_1_175' title='bbox 2404 1808 2665 1886; x_wconf 90' lang='lat' dir='ltr'><strong>petendi</strong></span> <span class='ocrx_word' id='word_1_176' title='bbox 2723 1808 2948 1887; x_wconf 86' lang='lat' dir='ltr'><strong>gratia.</strong></span> <span class='ocrx_word' id='word_1_177' title='bbox 2991 1811 3155 1869; x_wconf 86' lang='lat' dir='ltr'><strong>Tum</strong></span> <span class='ocrx_word' id='word_1_178' title='bbox 3202 1810 3542 1889; x_wconf 82' lang='lat' dir='ltr'><strong>Byzantini</strong></span> 
     </span>
    </p>
   </div>
   <div class='ocr_carea' id='block_1_17' title="bbox 248 1904 3540 1987">
    <p class='ocr_par' dir='ltr' id='par_1_17' title="bbox 248 1904 3540 1987">
     <span class='ocr_line' id='line_1_17' title="bbox 248 1904 3540 1987; baseline 0.001 -22"><span class='ocrx_word' id='word_1_179' title='bbox 248 1904 644 1982; x_wconf 65' lang='lat' dir='ltr'><strong>patriarchae,</strong></span> <span class='ocrx_word' id='word_1_180' title='bbox 700 1914 768 1966; x_wconf 86' lang='lat' dir='ltr'><strong>ut</strong></span> <span class='ocrx_word' id='word_1_181' title='bbox 820 1922 931 1967; x_wconf 91' lang='lat' dir='ltr'><strong>eos</strong></span> <span class='ocrx_word' id='word_1_182' title='bbox 962 1906 1041 1966; x_wconf 89' lang='lat' dir='ltr'><strong>ab</strong></span> <span class='ocrx_word' id='word_1_183' title='bbox 1080 1905 1195 1967; x_wconf 90' lang='lat' dir='ltr'><strong>hac</strong></span> <span class='ocrx_word' id='word_1_184' title='bbox 1236 1904 1541 1966; x_wconf 72' lang='lat' dir='ltr'><strong>afﬁnitate</strong></span> <span class='ocrx_word' id='word_1_185' title='bbox 1595 1905 2025 1975; x_wconf 84' lang='lat' dir='ltr'><strong>deterrerent,</strong></span> <span class='ocrx_word' id='word_1_186' title='bbox 2072 1904 2275 1967; x_wconf 90' lang='lat' dir='ltr'><strong>satius</strong></span> <span class='ocrx_word' id='word_1_187' title='bbox 2326 1906 2660 1967; x_wconf 89' lang='lat' dir='ltr'><strong>duxerunt</strong></span> <span class='ocrx_word' id='word_1_188' title='bbox 2709 1922 2941 1968; x_wconf 91' lang='lat' dir='ltr'><strong>eorum</strong></span> <span class='ocrx_word' id='word_1_189' title='bbox 2970 1907 3540 1987; x_wconf 81' lang='lat' dir='ltr'><strong>archiepiscopum</strong></span> 
     </span>
    </p>
   </div>
   <div class='ocr_carea' id='block_1_18' title="bbox 245 2000 3537 2083">
    <p class='ocr_par' dir='ltr' id='par_1_18' title="bbox 245 2000 3537 2083">
     <span class='ocr_line' id='line_1_18' title="bbox 245 2000 3537 2083; baseline -0 -20"><span class='ocrx_word' id='word_1_190' title='bbox 245 2001 591 2080; x_wconf 83' lang='lat' dir='ltr'><strong>omnigena</strong></span> <span class='ocrx_word' id='word_1_191' title='bbox 637 2001 1046 2063; x_wconf 88' lang='lat' dir='ltr'><strong>immunitate</strong></span> <span class='ocrx_word' id='word_1_192' title='bbox 1082 2003 1347 2071; x_wconf 87' lang='lat' dir='ltr'><strong>donare,</strong></span> <span class='ocrx_word' id='word_1_193' title='bbox 1382 2000 1673 2063; x_wconf 87' lang='lat' dir='ltr'><strong>abdicata</strong></span> <span class='ocrx_word' id='word_1_194' title='bbox 1705 2017 2109 2081; x_wconf 82' lang='lat' dir='ltr'><strong>quacunque</strong></span> <span class='ocrx_word' id='word_1_195' title='bbox 2142 2000 2210 2063; x_wconf 91' lang='lat' dir='ltr'><strong>in</strong></span> <span class='ocrx_word' id='word_1_196' title='bbox 2266 2000 2585 2082; x_wconf 62' lang='lat' dir='ltr'><strong>Bulgaria:</strong></span> <span class='ocrx_word' id='word_1_197' title='bbox 2614 2002 2939 2065; x_wconf 89' lang='lat' dir='ltr'><strong>Ecclesias</strong></span> <span class='ocrx_word' id='word_1_198' title='bbox 2966 2003 3465 2083; x_wconf 87' lang='lat' dir='ltr'><strong>jurisdictione.</strong></span> <span class='ocrx_word' id='word_1_199' title='bbox 3510 2028 3537 2062; x_wconf 76' lang='grc' dir='ltr'><strong>ιι</strong></span> 
     </span>
    </p>
   </div>
   <div class='ocr_carea' id='block_1_19' title="bbox 243 2097 3541 2182">
    <p class='ocr_par' dir='ltr' id='par_1_19' title="bbox 243 2097 3541 2182">
     <span class='ocr_line' id='line_1_19' title="bbox 243 2097 3541 2182; baseline 0.002 -23"><span class='ocrx_word' id='word_1_200' title='bbox 243 2099 413 2160; x_wconf 83' lang='lat' dir='ltr'><strong>Huic</strong></span> <span class='ocrx_word' id='word_1_201' title='bbox 463 2112 611 2169; x_wconf 81' lang='lat' dir='ltr'><strong>vero</strong></span> <span class='ocrx_word' id='word_1_202' title='bbox 676 2098 1164 2176; x_wconf 80' lang='lat' dir='ltr'><strong>arcliiepisc0po</strong></span> <span class='ocrx_word' id='word_1_203' title='bbox 1239 2097 1668 2177; x_wconf 83' lang='lat' dir='ltr'><strong>Bulgarorum</strong></span> <span class='ocrx_word' id='word_1_204' title='bbox 1748 2098 2018 2161; x_wconf 79' lang='lat' dir='ltr'><strong>obnoxii</strong></span> <span class='ocrx_word' id='word_1_205' title='bbox 2096 2100 2255 2161; x_wconf 92' lang='lat' dir='ltr'><strong>olim</strong></span> <span class='ocrx_word' id='word_1_206' title='bbox 2313 2109 2501 2162; x_wconf 90' lang='lat' dir='ltr'><strong>erant</strong></span> <span class='ocrx_word' id='word_1_207' title='bbox 2547 2118 2660 2162; x_wconf 87' lang='lat' dir='ltr'><strong>sex</strong></span> <span class='ocrx_word' id='word_1_208' title='bbox 2707 2102 3141 2182; x_wconf 78' lang='lat' dir='ltr'><strong>metrOpolitae</strong></span> <span class='ocrx_word' id='word_1_209' title='bbox 3197 2119 3270 2165; x_wconf 92' lang='lat' dir='ltr'><strong>ac</strong></span> <span class='ocrx_word' id='word_1_210' title='bbox 3315 2103 3541 2166; x_wconf 77' lang='lat' dir='ltr'><strong>decem</strong></span> 
     </span>
    </p>
   </div>
   <div class='ocr_carea' id='block_1_20' title="bbox 243 2194 3538 2277">
    <p class='ocr_par' dir='ltr' id='par_1_20' title="bbox 243 2194 3538 2277">
     <span class='ocr_line' id='line_1_20' title="bbox 243 2194 3538 2277; baseline 0.002 -22"><span class='ocrx_word' id='word_1_211' title='bbox 243 2196 682 2274; x_wconf 84' lang='lat' dir='ltr'><strong>episcopatus,</strong></span> <span class='ocrx_word' id='word_1_212' title='bbox 722 2205 940 2271; x_wconf 77' lang='lat' dir='ltr'><strong>postea</strong></span> <span class='ocrx_word' id='word_1_213' title='bbox 987 2194 1415 2273; x_wconf 82' lang='lat' dir='ltr'><strong>metr0politaa</strong></span> <span class='ocrx_word' id='word_1_214' title='bbox 1444 2201 1719 2273; x_wconf 89' lang='lat' dir='ltr'><strong>septem,</strong></span> <span class='ocrx_word' id='word_1_215' title='bbox 1762 2197 2169 2277; x_wconf 82' lang='lat' dir='ltr'><strong>totidemque</strong></span> <span class='ocrx_word' id='word_1_216' title='bbox 2231 2198 2551 2277; x_wconf 86' lang='lat' dir='ltr'><strong>episcOpi.</strong></span> <span class='ocrx_word' id='word_1_217' title='bbox 2594 2198 3003 2277; x_wconf 88' lang='lat' dir='ltr'><strong>Lequienum</strong></span> <span class='ocrx_word' id='word_1_218' title='bbox 3059 2199 3335 2262; x_wconf 90' lang='lat' dir='ltr'><strong>consule</strong></span> <span class='ocrx_word' id='word_1_219' title='bbox 3398 2199 3538 2262; x_wconf 86' lang='lat' dir='ltr'><strong>loco</strong></span> 
     </span>
    </p>
   </div>
   <div class='ocr_carea' id='block_1_21' title="bbox 243 2285 1807 2355">
    <p class='ocr_par' dir='ltr' id='par_1_21' title="bbox 243 2285 1807 2355">
     <span class='ocr_line' id='line_1_21' title="bbox 243 2285 1807 2355; baseline -0.01 0"><span class='ocrx_word' id='word_1_220' title='bbox 243 2294 467 2355; x_wconf 83' lang='lat' dir='ltr'><strong>citato.</strong></span> <span class='ocrx_word' id='word_1_221' title='bbox 615 2335 619 2343; x_wconf 77' lang='lat'><strong>.</strong></span> <span class='ocrx_word' id='word_1_222' title='bbox 1781 2285 1807 2311; x_wconf 79' lang='lat'><strong>&#39;</strong></span> 
     </span>
    </p>
   </div>
   <div class='ocr_carea' id='block_1_22' title="bbox 318 2390 3541 2473">
    <p class='ocr_par' dir='ltr' id='par_1_22' title="bbox 318 2390 3541 2473">
     <span class='ocr_line' id='line_1_22' title="bbox 318 2390 3541 2473; baseline 0.001 -22"><span class='ocrx_word' id='word_1_223' title='bbox 318 2392 423 2453; x_wconf 74' lang='lat'><strong>25.</strong></span> <span class='ocrx_word' id='word_1_224' title='bbox 470 2390 585 2451; x_wconf 82' lang='lat' dir='ltr'><strong>His</strong></span> <span class='ocrx_word' id='word_1_225' title='bbox 648 2396 865 2452; x_wconf 86' lang='lat' dir='ltr'><strong>ornata</strong></span> <span class='ocrx_word' id='word_1_226' title='bbox 932 2390 1296 2472; x_wconf 74' lang='lat' dir='ltr'><strong>pnnlegiis</strong></span> <span class='ocrx_word' id='word_1_227' title='bbox 1340 2390 1622 2454; x_wconf 85' lang='lat' dir='ltr'><strong>Ecclesia</strong></span> <span class='ocrx_word' id='word_1_228' title='bbox 1685 2391 2025 2473; x_wconf 83' lang='lat' dir='ltr'><strong>Bulgarica</strong></span> <span class='ocrx_word' id='word_1_229' title='bbox 2088 2392 2269 2453; x_wconf 89' lang='lat' dir='ltr'><strong>stetit</strong></span> <span class='ocrx_word' id='word_1_230' title='bbox 2318 2391 2444 2452; x_wconf 91' lang='lat' dir='ltr'><strong>sub</strong></span> <span class='ocrx_word' id='word_1_231' title='bbox 2502 2391 2764 2471; x_wconf 87' lang='lat' dir='ltr'><strong>regibus</strong></span> <span class='ocrx_word' id='word_1_232' title='bbox 2820 2392 3103 2473; x_wconf 84' lang='lat' dir='ltr'><strong>prepriis</strong></span> <span class='ocrx_word' id='word_1_233' title='bbox 3159 2394 3237 2455; x_wconf 78' lang='lat' dir='ltr'><strong>ad</strong></span> <span class='ocrx_word' id='word_1_234' title='bbox 3295 2409 3541 2455; x_wconf 89' lang='lat' dir='ltr'><strong>annum</strong></span> 
     </span>
    </p>
   </div>
   <div class='ocr_carea' id='block_1_23' title="bbox 240 2488 3539 2569">
    <p class='ocr_par' dir='ltr' id='par_1_23' title="bbox 240 2488 3539 2569">
     <span class='ocr_line' id='line_1_23' title="bbox 240 2488 3539 2569; baseline -0.001 -19"><span class='ocrx_word' id='word_1_235' title='bbox 240 2506 455 2569; x_wconf 92' lang='lat' dir='ltr'><strong>usque</strong></span> <span class='ocrx_word' id='word_1_236' title='bbox 490 2490 665 2563; x_wconf 83' lang='lat'><strong>1018,</strong></span> <span class='ocrx_word' id='word_1_237' title='bbox 704 2504 835 2568; x_wconf 87' lang='lat' dir='ltr'><strong>quo</strong></span> <span class='ocrx_word' id='word_1_238' title='bbox 864 2488 1146 2549; x_wconf 90' lang='lat' dir='ltr'><strong>Basilius</strong></span> <span class='ocrx_word' id='word_1_239' title='bbox 1181 2498 1241 2550; x_wconf 88' lang='lat' dir='ltr'><strong>et</strong></span> <span class='ocrx_word' id='word_1_240' title='bbox 1287 2490 1755 2553; x_wconf 85' lang='lat' dir='ltr'><strong>Constantinus</strong></span> <span class='ocrx_word' id='word_1_241' title='bbox 1809 2490 2091 2569; x_wconf 86' lang='lat' dir='ltr'><strong>imperio</strong></span> <span class='ocrx_word' id='word_1_242' title='bbox 2141 2488 2869 2567; x_wconf 86' lang='lat' dir='ltr'><strong>Constantinopolitano</strong></span> <span class='ocrx_word' id='word_1_243' title='bbox 2915 2488 3337 2569; x_wconf 88' lang='lat' dir='ltr'><strong>subjecerunt</strong></span> <span class='ocrx_word' id='word_1_244' title='bbox 3384 2489 3539 2551; x_wconf 91' lang='lat' dir='ltr'><strong>Bul-</strong></span> 
     </span>
    </p>
   </div>
   <div class='ocr_carea' id='block_1_24' title="bbox 243 2584 3541 2666">
    <p class='ocr_par' dir='ltr' id='par_1_24' title="bbox 243 2584 3541 2666">
     <span class='ocr_line' id='line_1_24' title="bbox 243 2584 3541 2666; baseline -0 -18"><span class='ocrx_word' id='word_1_245' title='bbox 243 2604 460 2665; x_wconf 74' lang='lat' dir='ltr'><strong>garos,</strong></span> <span class='ocrx_word' id='word_1_246' title='bbox 495 2586 661 2648; x_wconf 89' lang='lat' dir='ltr'><strong>hanc</strong></span> <span class='ocrx_word' id='word_1_247' title='bbox 711 2586 795 2648; x_wconf 89' lang='lat' dir='ltr'><strong>ob</strong></span> <span class='ocrx_word' id='word_1_248' title='bbox 836 2601 1094 2647; x_wconf 89' lang='lat' dir='ltr'><strong>causam</strong></span> <span class='ocrx_word' id='word_1_249' title='bbox 1138 2587 1337 2665; x_wconf 83' lang='lat' dir='ltr'><strong>prior,</strong></span> <span class='ocrx_word' id='word_1_250' title='bbox 1382 2588 1495 2666; x_wconf 92' lang='lat' dir='ltr'><strong>qui</strong></span> <span class='ocrx_word' id='word_1_251' title='bbox 1554 2605 1771 2649; x_wconf 89' lang='lat' dir='ltr'><strong>rerum</strong></span> <span class='ocrx_word' id='word_1_252' title='bbox 1821 2602 2140 2648; x_wconf 90' lang='lat' dir='ltr'><strong>summam</strong></span> <span class='ocrx_word' id='word_1_253' title='bbox 2187 2584 2476 2661; x_wconf 77' lang='lat' dir='ltr'><strong>gerebat,</strong></span> <span class='ocrx_word' id='word_1_254' title='bbox 2531 2584 2750 2647; x_wconf 89' lang='lat' dir='ltr'><strong>dictus</strong></span> <span class='ocrx_word' id='word_1_255' title='bbox 2791 2584 3337 2665; x_wconf 82' lang='lat' dir='ltr'><strong>Bulgaroctonus.</strong></span> <span class='ocrx_word' id='word_1_256' title='bbox 3376 2586 3541 2647; x_wconf 75' lang='lat' dir='ltr'><strong>Prte-</strong></span> 
     </span>
    </p>
   </div>
   <div class='ocr_carea' id='block_1_25' title="bbox 238 2681 3538 2763">
    <p class='ocr_par' dir='ltr' id='par_1_25' title="bbox 238 2681 3538 2763">
     <span class='ocr_line' id='line_1_25' title="bbox 238 2681 3538 2763; baseline 0 -19"><span class='ocrx_word' id='word_1_257' title='bbox 238 2682 419 2755; x_wconf 74' lang='lat' dir='ltr'><strong>fecti,</strong></span> <span class='ocrx_word' id='word_1_258' title='bbox 472 2683 565 2745; x_wconf 84' lang='lat' dir='ltr'><strong>rei</strong></span> <span class='ocrx_word' id='word_1_259' title='bbox 624 2682 1186 2744; x_wconf 89' lang='lat' dir='ltr'><strong>administratores</strong></span> <span class='ocrx_word' id='word_1_260' title='bbox 1244 2682 1547 2761; x_wconf 62' lang='lat' dir='ltr'><strong>publica),</strong></span> <span class='ocrx_word' id='word_1_261' title='bbox 1605 2684 1671 2746; x_wconf 92' lang='lat' dir='ltr'><strong>in</strong></span> <span class='ocrx_word' id='word_1_262' title='bbox 1730 2683 2098 2763; x_wconf 88' lang='lat' dir='ltr'><strong>Bulgariam</strong></span> <span class='ocrx_word' id='word_1_263' title='bbox 2163 2681 2627 2744; x_wconf 87' lang='lat' dir='ltr'><strong>mittebantur:</strong></span> <span class='ocrx_word' id='word_1_264' title='bbox 2700 2700 2983 2762; x_wconf 90' lang='lat' dir='ltr'><strong>quorum</strong></span> <span class='ocrx_word' id='word_1_265' title='bbox 3038 2683 3419 2758; x_wconf 82' lang='lat' dir='ltr'><strong>improbitas</strong></span> <span class='ocrx_word' id='word_1_266' title='bbox 3472 2684 3538 2745; x_wconf 92' lang='lat' dir='ltr'><strong>in</strong></span> 
     </span>
    </p>
   </div>
   <div class='ocr_carea' id='block_1_26' title="bbox 238 2780 3538 2865">
    <p class='ocr_par' dir='ltr' id='par_1_26' title="bbox 238 2780 3538 2865">
     <span class='ocr_line' id='line_1_26' title="bbox 238 2780 3538 2865; baseline -0.001 -20"><span class='ocrx_word' id='word_1_267' title='bbox 238 2798 435 2845; x_wconf 82' lang='lat' dir='ltr'><strong>causa</strong></span> <span class='ocrx_word' id='word_1_268' title='bbox 465 2780 611 2854; x_wconf 85' lang='lat' dir='ltr'><strong>fuit,</strong></span> <span class='ocrx_word' id='word_1_269' title='bbox 646 2788 716 2842; x_wconf 91' lang='lat' dir='ltr'><strong>ut</strong></span> <span class='ocrx_word' id='word_1_270' title='bbox 748 2780 871 2841; x_wconf 85' lang='lat' dir='ltr'><strong>sub</strong></span> <span class='ocrx_word' id='word_1_271' title='bbox 905 2780 1148 2842; x_wconf 87' lang='lat' dir='ltr'><strong>Isaacio</strong></span> <span class='ocrx_word' id='word_1_272' title='bbox 1180 2780 1235 2841; x_wconf 89' lang='lat' dir='ltr'><strong>ll</strong></span> <span class='ocrx_word' id='word_1_273' title='bbox 1266 2780 1535 2859; x_wconf 80' lang='lat' dir='ltr'><strong>Angelo,</strong></span> <span class='ocrx_word' id='word_1_274' title='bbox 1570 2782 1682 2862; x_wconf 88' lang='lat' dir='ltr'><strong>qui</strong></span> <span class='ocrx_word' id='word_1_275' title='bbox 1723 2780 2045 2845; x_wconf 87' lang='lat' dir='ltr'><strong>moderari</strong></span> <span class='ocrx_word' id='word_1_276' title='bbox 2079 2780 2426 2858; x_wconf 89' lang='lat' dir='ltr'><strong>imperium</strong></span> <span class='ocrx_word' id='word_1_277' title='bbox 2460 2796 2633 2865; x_wconf 85' lang='lat' dir='ltr'><strong>anno</strong></span> <span class='ocrx_word' id='word_1_278' title='bbox 2662 2781 2819 2843; x_wconf 76' lang='lat'><strong>1185</strong></span> <span class='ocrx_word' id='word_1_279' title='bbox 2870 2782 3085 2858; x_wconf 81' lang='lat' dir='ltr'><strong>ccepit,</strong></span> <span class='ocrx_word' id='word_1_280' title='bbox 3120 2780 3538 2860; x_wconf 81' lang='lat' dir='ltr'><strong>Bulgaricum</strong></span> 
     </span>
    </p>
   </div>
   <div class='ocr_carea' id='block_1_27' title="bbox 237 2875 3540 2958">
    <p class='ocr_par' dir='ltr' id='par_1_27' title="bbox 237 2875 3540 2958">
     <span class='ocr_line' id='line_1_27' title="bbox 237 2875 3540 2958; baseline -0.002 -14"><span class='ocrx_word' id='word_1_281' title='bbox 237 2895 518 2958; x_wconf 84' lang='lat' dir='ltr'><strong>regnum</strong></span> <span class='ocrx_word' id='word_1_282' title='bbox 550 2878 1037 2949; x_wconf 88' lang='lat' dir='ltr'><strong>instauraretur,</strong></span> <span class='ocrx_word' id='word_1_283' title='bbox 1093 2896 1223 2940; x_wconf 85' lang='lat' dir='ltr'><strong>rem</strong></span> <span class='ocrx_word' id='word_1_284' title='bbox 1284 2880 1819 2955; x_wconf 84' lang='lat' dir='ltr'><strong>promoventibus</strong></span> <span class='ocrx_word' id='word_1_285' title='bbox 1863 2881 2051 2941; x_wconf 89' lang='lat' dir='ltr'><strong>Petro</strong></span> <span class='ocrx_word' id='word_1_286' title='bbox 2095 2885 2157 2938; x_wconf 91' lang='lat' dir='ltr'><strong>et</strong></span> <span class='ocrx_word' id='word_1_287' title='bbox 2201 2877 2421 2939; x_wconf 85' lang='lat' dir='ltr'><strong>Hasan</strong></span> <span class='ocrx_word' id='word_1_288' title='bbox 2469 2875 2809 2951; x_wconf 82' lang='lat' dir='ltr'><strong>fratribus,</strong></span> <span class='ocrx_word' id='word_1_289' title='bbox 2858 2876 3038 2954; x_wconf 85' lang='lat' dir='ltr'><strong>regio</strong></span> <span class='ocrx_word' id='word_1_290' title='bbox 3088 2894 3169 2939; x_wconf 82' lang='lat' dir='ltr'><strong>ex</strong></span> <span class='ocrx_word' id='word_1_291' title='bbox 3216 2877 3540 2957; x_wconf 89' lang='lat' dir='ltr'><strong>sanguine</strong></span> 
     </span>
    </p>
   </div>
   <div class='ocr_carea' id='block_1_28' title="bbox 240 2973 3536 3055">
    <p class='ocr_par' dir='ltr' id='par_1_28' title="bbox 240 2973 3536 3055">
     <span class='ocr_line' id='line_1_28' title="bbox 240 2973 3536 3055; baseline -0 -17"><span class='ocrx_word' id='word_1_292' title='bbox 240 2979 426 3038; x_wconf 83' lang='lat' dir='ltr'><strong>satis.</strong></span> <span class='ocrx_word' id='word_1_293' title='bbox 464 2975 816 3055; x_wconf 90' lang='lat' dir='ltr'><strong>Utramque</strong></span> <span class='ocrx_word' id='word_1_294' title='bbox 878 2980 1102 3054; x_wconf 84' lang='lat' dir='ltr'><strong>regum</strong></span> <span class='ocrx_word' id='word_1_295' title='bbox 1152 2974 1471 3053; x_wconf 80' lang='lat' dir='ltr'><strong>Bulgariae</strong></span> <span class='ocrx_word' id='word_1_296' title='bbox 1514 2976 1753 3038; x_wconf 92' lang='lat' dir='ltr'><strong>scriem</strong></span> <span class='ocrx_word' id='word_1_297' title='bbox 1807 2973 2200 3037; x_wconf 87' lang='lat' dir='ltr'><strong>Dufresnius</strong></span> <span class='ocrx_word' id='word_1_298' title='bbox 2254 2973 2520 3035; x_wconf 87' lang='lat' dir='ltr'><strong>exhibet</strong></span> <span class='ocrx_word' id='word_1_299' title='bbox 2573 2980 2713 3052; x_wconf 93' lang='lat' dir='ltr'><strong>post</strong></span> <span class='ocrx_word' id='word_1_300' title='bbox 2762 2974 3068 3037; x_wconf 86' lang='lat' dir='ltr'><strong>Familias</strong></span> <span class='ocrx_word' id='word_1_301' title='bbox 3116 2974 3536 3053; x_wconf 77' lang='lat' dir='ltr'><strong>Byzantinus.</strong></span> 
     </span>
    </p>
   </div>
   <div class='ocr_carea' id='block_1_29' title="bbox 240 3070 3543 3151">
    <p class='ocr_par' dir='ltr' id='par_1_29' title="bbox 240 3070 3543 3151">
     <span class='ocr_line' id='line_1_29' title="bbox 240 3070 3543 3151; baseline -0.001 -15"><span class='ocrx_word' id='word_1_302' title='bbox 240 3073 463 3136; x_wconf 81' lang='lat' dir='ltr'><strong>Altera</strong></span> <span class='ocrx_word' id='word_1_303' title='bbox 517 3074 640 3135; x_wconf 89' lang='lat' dir='ltr'><strong>sub</strong></span> <span class='ocrx_word' id='word_1_304' title='bbox 680 3072 794 3133; x_wconf 91' lang='lat' dir='ltr'><strong>hac</strong></span> <span class='ocrx_word' id='word_1_305' title='bbox 840 3072 1009 3132; x_wconf 91' lang='lat' dir='ltr'><strong>serie</strong></span> <span class='ocrx_word' id='word_1_306' title='bbox 1070 3088 1319 3151; x_wconf 85' lang='lat' dir='ltr'><strong>regum,</strong></span> <span class='ocrx_word' id='word_1_307' title='bbox 1352 3073 1418 3133; x_wconf 92' lang='lat' dir='ltr'><strong>in</strong></span> <span class='ocrx_word' id='word_1_308' title='bbox 1468 3072 1836 3134; x_wconf 89' lang='lat' dir='ltr'><strong>clientelam</strong></span> <span class='ocrx_word' id='word_1_309' title='bbox 1870 3073 2175 3132; x_wconf 69' lang='lat' dir='ltr'><strong>Romanas</strong></span> <span class='ocrx_word' id='word_1_310' title='bbox 2206 3072 2385 3133; x_wconf 89' lang='lat' dir='ltr'><strong>sedis</strong></span> <span class='ocrx_word' id='word_1_311' title='bbox 2428 3072 2629 3133; x_wconf 90' lang='lat' dir='ltr'><strong>rediit</strong></span> <span class='ocrx_word' id='word_1_312' title='bbox 2669 3070 2961 3134; x_wconf 77' lang='lat' dir='ltr'><strong>Ecclesia</strong></span> <span class='ocrx_word' id='word_1_313' title='bbox 3023 3072 3362 3151; x_wconf 86' lang='lat' dir='ltr'><strong>Bulgarica</strong></span> <span class='ocrx_word' id='word_1_314' title='bbox 3416 3074 3543 3135; x_wconf 88' lang='lat' dir='ltr'><strong>sub</strong></span> 
     </span>
    </p>
   </div>
   <div class='ocr_carea' id='block_1_30' title="bbox 240 3166 3527 3250">
    <p class='ocr_par' dir='ltr' id='par_1_30' title="bbox 240 3166 3527 3250">
     <span class='ocr_line' id='line_1_30' title="bbox 240 3166 3527 3250; baseline 0.002 -20"><span class='ocrx_word' id='word_1_315' title='bbox 240 3170 631 3232; x_wconf 82' lang='lat' dir='ltr'><strong>Innocentio</strong></span> <span class='ocrx_word' id='word_1_316' title='bbox 665 3168 775 3229; x_wconf 85' lang='lat' dir='ltr'><strong>Ill.</strong></span> <span class='ocrx_word' id='word_1_317' title='bbox 802 3166 925 3229; x_wconf 87' lang='lat' dir='ltr'><strong>Sed</strong></span> <span class='ocrx_word' id='word_1_318' title='bbox 960 3184 1126 3228; x_wconf 86' lang='lat' dir='ltr'><strong>novo</strong></span> <span class='ocrx_word' id='word_1_319' title='bbox 1160 3176 1385 3229; x_wconf 77' lang='lat' dir='ltr'><strong>exorto</strong></span> <span class='ocrx_word' id='word_1_320' title='bbox 1418 3167 1860 3247; x_wconf 72' lang='lat' dir='ltr'><strong>ampliatoque</strong></span> <span class='ocrx_word' id='word_1_321' title='bbox 1902 3168 2144 3230; x_wconf 70' lang='lat' dir='ltr'><strong>Serviaa</strong></span> <span class='ocrx_word' id='word_1_322' title='bbox 2188 3184 2414 3246; x_wconf 86' lang='lat' dir='ltr'><strong>regno,</strong></span> <span class='ocrx_word' id='word_1_323' title='bbox 2460 3168 2892 3233; x_wconf 90' lang='lat' dir='ltr'><strong>minutionem</strong></span> <span class='ocrx_word' id='word_1_324' title='bbox 2930 3172 3138 3248; x_wconf 90' lang='lat' dir='ltr'><strong>primo</strong></span> <span class='ocrx_word' id='word_1_325' title='bbox 3188 3189 3373 3250; x_wconf 88' lang='lat' dir='ltr'><strong>passa</strong></span> <span class='ocrx_word' id='word_1_326' title='bbox 3405 3184 3527 3247; x_wconf 89' lang='lat' dir='ltr'><strong>est,</strong></span> 
     </span>
    </p>
   </div>
   <div class='ocr_carea' id='block_1_31' title="bbox 237 3263 1507 3343">
    <p class='ocr_par' dir='ltr' id='par_1_31' title="bbox 237 3263 1507 3343">
     <span class='ocr_line' id='line_1_31' title="bbox 237 3263 1507 3343; baseline -0.004 -14"><span class='ocrx_word' id='word_1_327' title='bbox 237 3284 311 3329; x_wconf 89' lang='lat' dir='ltr'><strong>ac</strong></span> <span class='ocrx_word' id='word_1_328' title='bbox 342 3269 608 3329; x_wconf 91' lang='lat' dir='ltr'><strong>demum</strong></span> <span class='ocrx_word' id='word_1_329' title='bbox 640 3263 1248 3343; x_wconf 74' lang='lat' dir='ltr'><strong>Turcarumjugun.</strong></span> <span class='ocrx_word' id='word_1_330' title='bbox 1286 3263 1507 3325; x_wconf 85' lang='lat' dir='ltr'><strong>subiit.</strong></span> 
     </span>
    </p>
   </div>
   <div class='ocr_carea' id='block_1_32' title="bbox 326 3362 3529 3447">
    <p class='ocr_par' dir='ltr' id='par_1_32' title="bbox 326 3362 3529 3447">
     <span class='ocr_line' id='line_1_32' title="bbox 326 3362 3529 3447; baseline 0.003 -24"><span class='ocrx_word' id='word_1_331' title='bbox 326 3369 601 3444; x_wconf 84' lang='lat' dir='ltr'><strong>Eo,q&#39;uo</strong></span> <span class='ocrx_word' id='word_1_332' title='bbox 640 3363 936 3442; x_wconf 86' lang='lat' dir='ltr'><strong>Bulgaria</strong></span> <span class='ocrx_word' id='word_1_333' title='bbox 959 3362 1332 3441; x_wconf 73' lang='lat' dir='ltr'><strong>Byzantinis</strong></span> <span class='ocrx_word' id='word_1_334' title='bbox 1383 3362 1645 3441; x_wconf 87' lang='lat' dir='ltr'><strong>parebat</strong></span> <span class='ocrx_word' id='word_1_335' title='bbox 1703 3362 2231 3441; x_wconf 90' lang='lat' dir='ltr'><strong>imperatoribus,</strong></span> <span class='ocrx_word' id='word_1_336' title='bbox 2270 3380 2547 3442; x_wconf 87' lang='lat' dir='ltr'><strong>eamque</strong></span> <span class='ocrx_word' id='word_1_337' title='bbox 2605 3365 3147 3428; x_wconf 90' lang='lat' dir='ltr'><strong>administrabant</strong></span> <span class='ocrx_word' id='word_1_338' title='bbox 3191 3368 3529 3447; x_wconf 85' lang='lat' dir='ltr'><strong>Byzantini</strong></span> 
     </span>
    </p>
   </div>
   <div class='ocr_carea' id='block_1_33' title="bbox 241 3457 3536 3545">
    <p class='ocr_par' dir='ltr' id='par_1_33' title="bbox 241 3457 3536 3545">
     <span class='ocr_line' id='line_1_33' title="bbox 241 3457 3536 3545; baseline 0.002 -26"><span class='ocrx_word' id='word_1_339' title='bbox 241 3461 553 3538; x_wconf 71' lang='lat' dir='ltr'><strong>prmfecti,</strong></span> <span class='ocrx_word' id='word_1_340' title='bbox 624 3470 911 3538; x_wconf 86' lang='lat' dir='ltr'><strong>tempore</strong></span> <span class='ocrx_word' id='word_1_341' title='bbox 976 3458 1239 3520; x_wconf 90' lang='lat' dir='ltr'><strong>sedebat</strong></span> <span class='ocrx_word' id='word_1_342' title='bbox 1299 3457 1825 3536; x_wconf 86' lang='lat' dir='ltr'><strong>&#39;l&#39;heophylactus</strong></span> <span class='ocrx_word' id='word_1_343' title='bbox 1878 3458 2437 3539; x_wconf 88' lang='lat' dir='ltr'><strong>archiepiscopus.</strong></span> <span class='ocrx_word' id='word_1_344' title='bbox 2484 3464 2677 3525; x_wconf 88' lang='lat' dir='ltr'><strong>Suam</strong></span> <span class='ocrx_word' id='word_1_345' title='bbox 2733 3463 2875 3541; x_wconf 90' lang='lat' dir='ltr'><strong>ipse</strong></span> <span class='ocrx_word' id='word_1_346' title='bbox 2922 3473 3336 3543; x_wconf 74' lang='grc' dir='ltr'><strong>αὑτοκεφαλιαν</strong></span> <span class='ocrx_word' id='word_1_347' title='bbox 3364 3469 3536 3545; x_wconf 82' lang='lat' dir='ltr'><strong>[XII]</strong></span> 
     </span>
    </p>
   </div>
   <div class='ocr_carea' id='block_1_34' title="bbox 239 3552 3533 3643">
    <p class='ocr_par' dir='ltr' id='par_1_34' title="bbox 239 3552 3533 3643">
     <span class='ocr_line' id='line_1_34' title="bbox 239 3552 3533 3643; baseline 0.003 -25"><span class='ocrx_word' id='word_1_348' title='bbox 239 3564 510 3619; x_wconf 89' lang='lat' dir='ltr'><strong>strenue</strong></span> <span class='ocrx_word' id='word_1_349' title='bbox 539 3565 783 3617; x_wconf 88' lang='lat' dir='ltr'><strong>tutatus</strong></span> <span class='ocrx_word' id='word_1_350' title='bbox 842 3562 936 3616; x_wconf 89' lang='lat' dir='ltr'><strong>est</strong></span> <span class='ocrx_word' id='word_1_351' title='bbox 969 3564 1187 3615; x_wconf 91' lang='lat' dir='ltr'><strong>contra</strong></span> <span class='ocrx_word' id='word_1_352' title='bbox 1221 3552 1401 3614; x_wconf 90' lang='lat' dir='ltr'><strong>urbis</strong></span> <span class='ocrx_word' id='word_1_353' title='bbox 1462 3553 1659 3632; x_wconf 62' lang='lat' dir='ltr'><strong>regia;</strong></span> <span class='ocrx_word' id='word_1_354' title='bbox 1690 3554 2099 3630; x_wconf 89' lang='lat' dir='ltr'><strong>patriarchas.</strong></span> <span class='ocrx_word' id='word_1_355' title='bbox 2147 3558 2303 3618; x_wconf 83' lang='lat' dir='ltr'><strong>Rem</strong></span> <span class='ocrx_word' id='word_1_356' title='bbox 2356 3559 2623 3622; x_wconf 89' lang='lat' dir='ltr'><strong>exhibet</strong></span> <span class='ocrx_word' id='word_1_357' title='bbox 2654 3576 2915 3623; x_wconf 87' lang='lat' dir='ltr'><strong>omnem</strong></span> <span class='ocrx_word' id='word_1_358' title='bbox 2950 3562 3228 3639; x_wconf 88' lang='lat' dir='ltr'><strong>epistola</strong></span> <span class='ocrx_word' id='word_1_359' title='bbox 3260 3563 3402 3643; x_wconf 85' lang='lat' dir='ltr'><strong>ejus</strong></span> <span class='ocrx_word' id='word_1_360' title='bbox 3431 3567 3533 3639; x_wconf 71' lang='lat'><strong>27,</strong></span> 
     </span>
    </p>
   </div>
   <div class='ocr_carea' id='block_1_35' title="bbox 237 3648 3537 3739">
    <p class='ocr_par' dir='ltr' id='par_1_35' title="bbox 237 3648 3537 3739">
     <span class='ocr_line' id='line_1_35' title="bbox 237 3648 3537 3739; baseline 0.004 -29"><span class='ocrx_word' id='word_1_361' title='bbox 237 3650 321 3710; x_wconf 85' lang='lat' dir='ltr'><strong>ad</strong></span> <span class='ocrx_word' id='word_1_362' title='bbox 344 3648 716 3713; x_wconf 80' lang='lat' dir='ltr'><strong>Michaelem</strong></span> <span class='ocrx_word' id='word_1_363' title='bbox 771 3649 1181 3711; x_wconf 83' lang='lat' dir='ltr'><strong>Chalcedonis</strong></span> <span class='ocrx_word' id='word_1_364' title='bbox 1231 3650 1615 3726; x_wconf 80' lang='lat' dir='ltr'><strong>episcopum.</strong></span> <span class='ocrx_word' id='word_1_365' title='bbox 1662 3652 1762 3711; x_wconf 87' lang='lat' dir='ltr'><strong>Sic</strong></span> <span class='ocrx_word' id='word_1_366' title='bbox 1808 3651 1896 3711; x_wconf 90' lang='lat' dir='ltr'><strong>ait</strong></span> <span class='ocrx_word' id='word_1_367' title='bbox 1942 3651 2105 3713; x_wconf 89' lang='lat' dir='ltr'><strong>ille:</strong></span> <span class='ocrx_word' id='word_1_368' title='bbox 2145 3674 2173 3709; x_wconf 78' lang='grc' dir='ltr'><strong>α</strong></span> <span class='ocrx_word' id='word_1_369' title='bbox 2210 3652 2390 3716; x_wconf 91' lang='lat' dir='ltr'><strong>Solas</strong></span> <span class='ocrx_word' id='word_1_370' title='bbox 2442 3654 2713 3734; x_wconf 83' lang='lat' dir='ltr'><strong>quidem</strong></span> <span class='ocrx_word' id='word_1_371' title='bbox 2758 3656 3186 3720; x_wconf 90' lang='lat' dir='ltr'><strong>ecclesiarum</strong></span> <span class='ocrx_word' id='word_1_372' title='bbox 3240 3675 3400 3739; x_wconf 85' lang='lat' dir='ltr'><strong>Opes</strong></span> <span class='ocrx_word' id='word_1_373' title='bbox 3454 3662 3537 3723; x_wconf 88' lang='lat' dir='ltr'><strong>ab</strong></span> 
     </span>
    </p>
   </div>
   <div class='ocr_carea' id='block_1_36' title="bbox 240 3748 3537 3829">
    <p class='ocr_par' dir='ltr' id='par_1_36' title="bbox 240 3748 3537 3829">
     <span class='ocr_line' id='line_1_36' title="bbox 240 3748 3537 3829; baseline 0.003 -18"><span class='ocrx_word' id='word_1_374' title='bbox 240 3750 563 3829; x_wconf 85' lang='lat' dir='ltr'><strong>improbis</strong></span> <span class='ocrx_word' id='word_1_375' title='bbox 606 3749 1014 3811; x_wconf 83' lang='lat' dir='ltr'><strong>exactoribus</strong></span> <span class='ocrx_word' id='word_1_376' title='bbox 1059 3756 1334 3825; x_wconf 87' lang='lat' dir='ltr'><strong>ereptas,</strong></span> <span class='ocrx_word' id='word_1_377' title='bbox 1373 3764 1541 3826; x_wconf 74' lang='lat' dir='ltr'><strong>aegre</strong></span> <span class='ocrx_word' id='word_1_378' title='bbox 1584 3765 1738 3809; x_wconf 91' lang='lat' dir='ltr'><strong>sane</strong></span> <span class='ocrx_word' id='word_1_379' title='bbox 1787 3766 1856 3809; x_wconf 90' lang='lat' dir='ltr'><strong>se</strong></span> <span class='ocrx_word' id='word_1_380' title='bbox 1902 3748 2133 3810; x_wconf 91' lang='lat' dir='ltr'><strong>tulisse</strong></span> <span class='ocrx_word' id='word_1_381' title='bbox 2173 3773 2186 3809; x_wconf 88' lang='lat'><strong>:</strong></span> <span class='ocrx_word' id='word_1_382' title='bbox 2220 3771 2250 3806; x_wconf 72' lang='grc' dir='ltr'><strong><em>ι</em></strong></span> <span class='ocrx_word' id='word_1_383' title='bbox 2284 3758 2345 3810; x_wconf 93' lang='lat' dir='ltr'><strong>at</strong></span> <span class='ocrx_word' id='word_1_384' title='bbox 2411 3752 2887 3829; x_wconf 90' lang='lat' dir='ltr'><strong>permissurum</strong></span> <span class='ocrx_word' id='word_1_385' title='bbox 2941 3756 3241 3828; x_wconf 90' lang='lat' dir='ltr'><strong>minime,</strong></span> <span class='ocrx_word' id='word_1_386' title='bbox 3290 3766 3361 3819; x_wconf 92' lang='lat' dir='ltr'><strong>ut</strong></span> <span class='ocrx_word' id='word_1_387' title='bbox 3399 3776 3537 3822; x_wconf 75' lang='lat' dir='ltr'><strong>sum</strong></span> 
     </span>
    </p>
   </div>
   <div class='ocr_carea' id='block_1_37' title="bbox 228 3845 3536 3932">
    <p class='ocr_par' dir='ltr' id='par_1_37' title="bbox 228 3845 3536 3932">
     <span class='ocr_line' id='line_1_37' title="bbox 228 3845 3536 3932; baseline 0.002 -24"><span class='ocrx_word' id='word_1_388' title='bbox 228 3848 379 3927; x_wconf 87' lang='lat' dir='ltr'><strong>jura</strong></span> <span class='ocrx_word' id='word_1_389' title='bbox 442 3848 744 3910; x_wconf 74' lang='lat' dir='ltr'><strong>Ecclesiae</strong></span> <span class='ocrx_word' id='word_1_390' title='bbox 791 3846 1213 3907; x_wconf 78' lang='lat' dir='ltr'><strong>violarentur.</strong></span> <span class='ocrx_word' id='word_1_391' title='bbox 1269 3846 1454 3919; x_wconf 88' lang='lat' dir='ltr'><strong>Quod</strong></span> <span class='ocrx_word' id='word_1_392' title='bbox 1500 3846 1757 3918; x_wconf 88' lang='lat' dir='ltr'><strong>accidit,</strong></span> <span class='ocrx_word' id='word_1_393' title='bbox 1815 3845 1916 3906; x_wconf 92' lang='lat' dir='ltr'><strong>his</strong></span> <span class='ocrx_word' id='word_1_394' title='bbox 1988 3846 2203 3908; x_wconf 91' lang='lat' dir='ltr'><strong>verbis</strong></span> <span class='ocrx_word' id='word_1_395' title='bbox 2261 3857 2525 3911; x_wconf 88' lang='lat' dir='ltr'><strong>narrat:</strong></span> <span class='ocrx_word' id='word_1_396' title='bbox 2571 3872 2599 3905; x_wconf 84' lang='lat'><strong>«</strong></span> <span class='ocrx_word' id='word_1_397' title='bbox 2634 3850 2877 3912; x_wconf 91' lang='lat' dir='ltr'><strong>Cittaba</strong></span> <span class='ocrx_word' id='word_1_398' title='bbox 2951 3853 3378 3932; x_wconf 89' lang='lat' dir='ltr'><strong>(inquiens),</strong></span> <span class='ocrx_word' id='word_1_399' title='bbox 3438 3869 3536 3920; x_wconf 84' lang='lat' dir='ltr'><strong>est</strong></span> 
     </span>
    </p>
   </div>
   <div class='ocr_carea' id='block_1_38' title="bbox 235 3940 3531 4031">
    <p class='ocr_par' dir='ltr' id='par_1_38' title="bbox 235 3940 3531 4031">
     <span class='ocr_line' id='line_1_38' title="bbox 235 3940 3531 4031; baseline 0.003 -24"><span class='ocrx_word' id='word_1_400' title='bbox 235 3944 509 4022; x_wconf 79' lang='lat' dir='ltr'><strong>quidam</strong></span> <span class='ocrx_word' id='word_1_401' title='bbox 545 3942 661 4004; x_wconf 78' lang='lat' dir='ltr'><strong>l0ci</strong></span> <span class='ocrx_word' id='word_1_402' title='bbox 698 3941 1037 4015; x_wconf 86' lang='lat' dir='ltr'><strong>terminus,</strong></span> <span class='ocrx_word' id='word_1_403' title='bbox 1076 3959 1113 3999; x_wconf 92' lang='lat' dir='ltr'><strong>a</strong></span> <span class='ocrx_word' id='word_1_404' title='bbox 1136 3948 1355 4001; x_wconf 86' lang='lat' dir='ltr'><strong>nostro</strong></span> <span class='ocrx_word' id='word_1_405' title='bbox 1384 3940 1938 4020; x_wconf 76' lang='lat' dir='ltr'><strong>archiepiscopum</strong></span> <span class='ocrx_word' id='word_1_406' title='bbox 1966 3942 2279 4005; x_wconf 85' lang='lat' dir='ltr'><strong>diversus.</strong></span> <span class='ocrx_word' id='word_1_407' title='bbox 2312 3968 2340 4000; x_wconf 70' lang='grc' dir='ltr'><strong>ιι</strong></span> <span class='ocrx_word' id='word_1_408' title='bbox 2375 3946 2497 4024; x_wconf 88' lang='lat' dir='ltr'><strong>(Ita</strong></span> <span class='ocrx_word' id='word_1_409' title='bbox 2536 3945 2786 4008; x_wconf 89' lang='lat' dir='ltr'><strong>scilicet</strong></span> <span class='ocrx_word' id='word_1_410' title='bbox 2825 3947 2894 4009; x_wconf 90' lang='lat' dir='ltr'><strong>in</strong></span> <span class='ocrx_word' id='word_1_411' title='bbox 2926 3949 3147 4010; x_wconf 90' lang='lat' dir='ltr'><strong>Latina</strong></span> <span class='ocrx_word' id='word_1_412' title='bbox 3202 3952 3531 4031; x_wconf 89' lang='lat' dir='ltr'><strong>interpre-</strong></span> 
     </span>
    </p>
   </div>
   <div class='ocr_carea' id='block_1_39' title="bbox 234 4040 1852 4129">
    <p class='ocr_par' dir='ltr' id='par_1_39' title="bbox 234 4040 1852 4117">
     <span class='ocr_line' id='line_1_39' title="bbox 234 4040 1852 4117; baseline 0.001 -16"><span class='ocrx_word' id='word_1_413' title='bbox 234 4044 520 4115; x_wconf 88' lang='lat' dir='ltr'><strong>tatione;</strong></span> <span class='ocrx_word' id='word_1_414' title='bbox 586 4040 696 4101; x_wconf 90' lang='lat' dir='ltr'><strong>sed</strong></span> <span class='ocrx_word' id='word_1_415' title='bbox 766 4040 981 4101; x_wconf 62' lang='lat' dir='ltr'><strong>Graece</strong></span> <span class='ocrx_word' id='word_1_416' title='bbox 1009 4082 1025 4108; x_wconf 87' lang='lat'><strong>,</strong></span> <span class='ocrx_word' id='word_1_417' title='bbox 1085 4050 1149 4116; x_wconf 84' lang='grc' dir='ltr'><strong>τῇ</strong></span> <span class='ocrx_word' id='word_1_418' title='bbox 1181 4046 1488 4117; x_wconf 74' lang='grc' dir='ltr'><strong>καθ’ὴμῶν</strong></span> <span class='ocrx_word' id='word_1_419' title='bbox 1520 4049 1852 4117; x_wconf 70' lang='grc' dir='ltr'><strong>ἁρχιεπισκθ</strong></span> 
     </span>
    </p>
   </div>
   <div class='ocr_carea' id='block_1_40' title="bbox 1918 4040 3536 4129">
    <p class='ocr_par' dir='ltr' id='par_1_40' title="bbox 1918 4042 3536 4129">
     <span class='ocr_line' id='line_1_40' title="bbox 1918 4042 3536 4129; baseline 0.008 -28"><span class='ocrx_word' id='word_1_420' title='bbox 1918 4052 1935 4120; x_wconf 58' lang='lat'><strong>5</strong></span> <span class='ocrx_word' id='word_1_421' title='bbox 1982 4049 2354 4121; x_wconf 72' lang='grc' dir='ltr'><strong>διαφέρουσα,</strong></span> <span class='ocrx_word' id='word_1_422' title='bbox 2420 4042 2505 4104; x_wconf 85' lang='lat' dir='ltr'><strong>ad</strong></span> <span class='ocrx_word' id='word_1_423' title='bbox 2566 4054 2861 4106; x_wconf 86' lang='lat' dir='ltr'><strong>nostrum</strong></span> <span class='ocrx_word' id='word_1_424' title='bbox 2912 4048 3536 4129; x_wconf 81' lang='lat' dir='ltr'><strong>archiepiscopatum</strong></span> 
     </span>
    </p>
   </div>
   <div class='ocr_carea' id='block_1_41' title="bbox 230 4132 3536 4220">
    <p class='ocr_par' dir='ltr' id='par_1_41' title="bbox 230 4132 3536 4220">
     <span class='ocr_line' id='line_1_41' title="bbox 230 4132 3536 4220; baseline 0.003 -20"><span class='ocrx_word' id='word_1_425' title='bbox 230 4140 614 4219; x_wconf 80' lang='lat' dir='ltr'><strong>pertinens).</strong></span> <span class='ocrx_word' id='word_1_426' title='bbox 655 4160 682 4192; x_wconf 78' lang='lat'>«</span> <span class='ocrx_word' id='word_1_427' title='bbox 716 4138 788 4197; x_wconf 87' lang='lat' dir='ltr'><strong>ln</strong></span> <span class='ocrx_word' id='word_1_428' title='bbox 828 4152 961 4215; x_wconf 91' lang='lat' dir='ltr'><strong>quo</strong></span> <span class='ocrx_word' id='word_1_429' title='bbox 1002 4132 1192 4215; x_wconf 89' lang='lat' dir='ltr'><strong>(loco)</strong></span> <span class='ocrx_word' id='word_1_430' title='bbox 1238 4152 1384 4196; x_wconf 91' lang='lat' dir='ltr'><strong>cum</strong></span> <span class='ocrx_word' id='word_1_431' title='bbox 1430 4136 1773 4197; x_wconf 84' lang='lat' dir='ltr'><strong>monachus</strong></span> <span class='ocrx_word' id='word_1_432' title='bbox 1808 4138 2119 4214; x_wconf 87' lang='lat' dir='ltr'><strong>templum</strong></span> <span class='ocrx_word' id='word_1_433' title='bbox 2169 4149 2231 4203; x_wconf 92' lang='lat' dir='ltr'><strong>et</strong></span> <span class='ocrx_word' id='word_1_434' title='bbox 2273 4142 2627 4202; x_wconf 90' lang='lat' dir='ltr'><strong>sacrarium</strong></span> <span class='ocrx_word' id='word_1_435' title='bbox 2679 4152 3100 4220; x_wconf 83' lang='lat' dir='ltr'><strong>construeret,</strong></span> <span class='ocrx_word' id='word_1_436' title='bbox 3136 4149 3383 4209; x_wconf 85' lang='lat' dir='ltr'><strong>anobis</strong></span> <span class='ocrx_word' id='word_1_437' title='bbox 3417 4153 3536 4212; x_wconf 84' lang='lat' dir='ltr'><strong>im-</strong></span> 
     </span>
    </p>
   </div>
   <div class='ocr_carea' id='block_1_42' title="bbox 226 4237 1844 4321">
    <p class='ocr_par' dir='ltr' id='par_1_42' title="bbox 226 4238 1844 4321">
     <span class='ocr_line' id='line_1_42' title="bbox 226 4238 1844 4321; baseline 0.002 -22"><span class='ocrx_word' id='word_1_438' title='bbox 226 4238 498 4318; x_wconf 85' lang='lat' dir='ltr'><strong>peditus</strong></span> <span class='ocrx_word' id='word_1_439' title='bbox 530 4248 643 4299; x_wconf 87' lang='lat' dir='ltr'><strong>est.</strong></span> <span class='ocrx_word' id='word_1_440' title='bbox 697 4247 763 4301; x_wconf 82' lang='grc' dir='ltr'>ὐ</span> <span class='ocrx_word' id='word_1_441' title='bbox 798 4248 860 4314; x_wconf 43' lang='grc' dir='ltr'><strong>δὲ,</strong></span> <span class='ocrx_word' id='word_1_442' title='bbox 890 4248 1299 4319; x_wconf 82' lang='grc' dir='ltr'><strong>σταυροπήγιον</strong></span> <span class='ocrx_word' id='word_1_443' title='bbox 1338 4248 1743 4321; x_wconf 77' lang='grc' dir='ltr'><strong>πατριαρχικὺν</strong></span> <span class='ocrx_word' id='word_1_444' title='bbox 1785 4248 1844 4302; x_wconf 86' lang='grc' dir='ltr'><strong>λα</strong></span> 
     </span>
    </p>
   </div>
   <div class='ocr_carea' id='block_1_43' title="bbox 1912 4237 3530 4321">
    <p class='ocr_par' dir='ltr' id='par_1_43' title="bbox 1912 4237 3530 4320">
     <span class='ocr_line' id='line_1_43' title="bbox 1912 4237 3530 4320; baseline 0.005 -19"><span class='ocrx_word' id='word_1_445' title='bbox 1912 4247 1990 4311; x_wconf 78' lang='lat' dir='ltr'><strong>bv,</strong></span> <span class='ocrx_word' id='word_1_446' title='bbox 2036 4237 2154 4316; x_wconf 89' lang='lat' dir='ltr'><strong>qui</strong></span> <span class='ocrx_word' id='word_1_447' title='bbox 2218 4240 2661 4316; x_wconf 86' lang='lat' dir='ltr'><strong>patriarchico</strong></span> <span class='ocrx_word' id='word_1_448' title='bbox 2723 4242 2879 4320; x_wconf 84' lang='lat' dir='ltr'><strong>jure</strong></span> <span class='ocrx_word' id='word_1_449' title='bbox 2964 4260 3215 4305; x_wconf 75' lang='lat' dir='ltr'><strong>crucem</strong></span> <span class='ocrx_word' id='word_1_450' title='bbox 3282 4247 3351 4307; x_wconf 85' lang='lat' dir='ltr'><strong>in</strong></span> <span class='ocrx_word' id='word_1_451' title='bbox 3416 4248 3530 4309; x_wconf 87' lang='lat' dir='ltr'><strong>illo</strong></span> 
     </span>
    </p>
   </div>
   <div class='ocr_carea' id='block_1_44' title="bbox 229 4335 3531 4415">
    <p class='ocr_par' dir='ltr' id='par_1_44' title="bbox 229 4335 3531 4415">
     <span class='ocr_line' id='line_1_44' title="bbox 229 4335 3531 4415; baseline 0.004 -21"><span class='ocrx_word' id='word_1_452' title='bbox 229 4336 531 4415; x_wconf 79' lang='lat' dir='ltr'><strong>afﬁgens,</strong></span> <span class='ocrx_word' id='word_1_453' title='bbox 579 4335 741 4395; x_wconf 87' lang='lat' dir='ltr'><strong>dixit</strong></span> <span class='ocrx_word' id='word_1_454' title='bbox 773 4353 841 4397; x_wconf 91' lang='lat' dir='ltr'><strong>se</strong></span> <span class='ocrx_word' id='word_1_455' title='bbox 890 4335 978 4397; x_wconf 89' lang='lat' dir='ltr'><strong>ita</strong></span> <span class='ocrx_word' id='word_1_456' title='bbox 1024 4352 1190 4415; x_wconf 91' lang='lat' dir='ltr'><strong>opus</strong></span> <span class='ocrx_word' id='word_1_457' title='bbox 1245 4336 1612 4399; x_wconf 70' lang='lat' dir='ltr'><strong>inchoasse.</strong></span> <span class='ocrx_word' id='word_1_458' title='bbox 1651 4337 1765 4398; x_wconf 88' lang='lat' dir='ltr'><strong>Ille</strong></span> <span class='ocrx_word' id='word_1_459' title='bbox 1798 4346 2011 4399; x_wconf 90' lang='lat' dir='ltr'><strong>autem</strong></span> <span class='ocrx_word' id='word_1_460' title='bbox 2045 4352 2081 4396; x_wconf 88' lang='lat' dir='ltr'><strong>a</strong></span> <span class='ocrx_word' id='word_1_461' title='bbox 2125 4335 2313 4397; x_wconf 91' lang='lat' dir='ltr'><strong>nobis</strong></span> <span class='ocrx_word' id='word_1_462' title='bbox 2359 4335 2795 4399; x_wconf 88' lang='lat' dir='ltr'><strong>nihilominus</strong></span> <span class='ocrx_word' id='word_1_463' title='bbox 2852 4344 3531 4407; x_wconf 72' lang='lat' dir='ltr'><strong>excommunicationis</strong></span> 
     </span>
    </p>
   </div>
   <div class='ocr_carea' id='block_1_45' title="bbox 228 4430 3533 4513">
    <p class='ocr_par' dir='ltr' id='par_1_45' title="bbox 228 4430 3533 4513">
     <span class='ocr_line' id='line_1_45' title="bbox 228 4430 3533 4513; baseline 0.004 -22"><span class='ocrx_word' id='word_1_464' title='bbox 228 4430 517 4492; x_wconf 74' lang='lat' dir='ltr'><strong>vinculis</strong></span> <span class='ocrx_word' id='word_1_465' title='bbox 548 4438 645 4491; x_wconf 91' lang='lat' dir='ltr'><strong>est</strong></span> <span class='ocrx_word' id='word_1_466' title='bbox 683 4431 1005 4510; x_wconf 81' lang='lat' dir='ltr'><strong>alligatus.</strong></span> <span class='ocrx_word' id='word_1_467' title='bbox 1048 4433 1355 4505; x_wconf 56' lang='lat' dir='ltr'><strong>Quaenam</strong></span> <span class='ocrx_word' id='word_1_468' title='bbox 1388 4434 1562 4495; x_wconf 88' lang='lat' dir='ltr'><strong>enim</strong></span> <span class='ocrx_word' id='word_1_469' title='bbox 1593 4434 1763 4495; x_wconf 91' lang='lat' dir='ltr'><strong>inter</strong></span> <span class='ocrx_word' id='word_1_470' title='bbox 1798 4433 2110 4513; x_wconf 83' lang='lat' dir='ltr'><strong>Bulgaros</strong></span> <span class='ocrx_word' id='word_1_471' title='bbox 2159 4434 2569 4511; x_wconf 89' lang='lat' dir='ltr'><strong>participatio</strong></span> <span class='ocrx_word' id='word_1_472' title='bbox 2633 4442 2697 4497; x_wconf 88' lang='lat' dir='ltr'><strong>et</strong></span> <span class='ocrx_word' id='word_1_473' title='bbox 2745 4439 3126 4501; x_wconf 88' lang='lat' dir='ltr'><strong>communio</strong></span> <span class='ocrx_word' id='word_1_474' title='bbox 3178 4459 3316 4501; x_wconf 86' lang='lat' dir='ltr'><strong>cum</strong></span> <span class='ocrx_word' id='word_1_475' title='bbox 3346 4443 3533 4505; x_wconf 81' lang='lat' dir='ltr'><strong>Con-</strong></span> 
     </span>
    </p>
   </div>
   <div class='ocr_carea' id='block_1_46' title="bbox 228 4529 1846 4624">
    <p class='ocr_par' dir='ltr' id='par_1_46' title="bbox 228 4529 1846 4607">
     <span class='ocr_line' id='line_1_46' title="bbox 228 4529 1846 4607; baseline 0.004 -20"><span class='ocrx_word' id='word_1_476' title='bbox 228 4529 817 4605; x_wconf 83' lang='lat' dir='ltr'><strong>stantinopolitano</strong></span> <span class='ocrx_word' id='word_1_477' title='bbox 884 4530 1280 4607; x_wconf 87' lang='lat' dir='ltr'><strong>patriarcha,</strong></span> <span class='ocrx_word' id='word_1_478' title='bbox 1340 4541 1846 4595; x_wconf 76' lang='grc' dir='ltr'><strong>Κωνσταντινουπό]</strong></span> 
     </span>
    </p>
   </div>
   <div class='ocr_carea' id='block_1_47' title="bbox 1912 4529 3530 4624">
    <p class='ocr_par' dir='ltr' id='par_1_47' title="bbox 1912 4540 3530 4624">
     <span class='ocr_line' id='line_1_47' title="bbox 1912 4540 3530 4624; baseline 0.007 -33"><span class='ocrx_word' id='word_1_479' title='bbox 1912 4559 1976 4605; x_wconf 66' lang='grc' dir='ltr'><strong>υς</strong></span> <span class='ocrx_word' id='word_1_480' title='bbox 2039 4540 2363 4613; x_wconf 82' lang='grc' dir='ltr'><strong>πατριάρχῃ</strong></span> <span class='ocrx_word' id='word_1_481' title='bbox 2416 4541 2557 4611; x_wconf 81' lang='grc' dir='ltr'><strong>μήτε</strong></span> <span class='ocrx_word' id='word_1_482' title='bbox 2604 4545 2942 4615; x_wconf 81' lang='grc' dir='ltr'><strong>χειροτονίας</strong></span> <span class='ocrx_word' id='word_1_483' title='bbox 3007 4547 3096 4599; x_wconf 76' lang='grc' dir='ltr'><strong>ἐπ’</strong></span> <span class='ocrx_word' id='word_1_484' title='bbox 3147 4552 3289 4624; x_wconf 77' lang='grc' dir='ltr'><strong>αὐτῇ</strong></span> <span class='ocrx_word' id='word_1_485' title='bbox 3340 4554 3530 4611; x_wconf 68' lang='grc' dir='ltr'><strong>δίκαια</strong></span> 
     </span>
    </p>
   </div>
   <div class='ocr_carea' id='block_1_48' title="bbox 227 4625 3526 4714">
    <p class='ocr_par' dir='ltr' id='par_1_48' title="bbox 227 4625 3526 4714">
     <span class='ocr_line' id='line_1_48' title="bbox 227 4625 3526 4714; baseline 0.007 -39"><span class='ocrx_word' id='word_1_486' title='bbox 227 4625 439 4693; x_wconf 62' lang='grc' dir='ltr'><strong>ἕλοντι,</strong></span> <span class='ocrx_word' id='word_1_487' title='bbox 481 4625 724 4714; x_wconf 46' lang='grc' dir='ltr'><strong>ᾖᾳχούσῃ</strong></span> <span class='ocrx_word' id='word_1_488' title='bbox 769 4626 862 4679; x_wconf 82' lang='grc' dir='ltr'>τὸν</span> <span class='ocrx_word' id='word_1_489' title='bbox 897 4628 1347 4714; x_wconf 23' lang='grc' dir='ltr'>Αὰρχιεπίσκοπον</span> <span class='ocrx_word' id='word_1_490' title='bbox 1381 4630 1779 4697; x_wconf 80' lang='grc' dir='ltr'><strong>αὐτοκέφαλον,</strong></span> <span class='ocrx_word' id='word_1_491' title='bbox 1853 4630 1979 4701; x_wconf 80' lang='grc' dir='ltr'><strong>μήτ’</strong></span> <span class='ocrx_word' id='word_1_492' title='bbox 2033 4628 2163 4684; x_wconf 76' lang='grc' dir='ltr'>ἄλλο</span> <span class='ocrx_word' id='word_1_493' title='bbox 2219 4647 2272 4681; x_wconf 85' lang='grc' dir='ltr'><strong>τι</strong></span> <span class='ocrx_word' id='word_1_494' title='bbox 2332 4629 2710 4704; x_wconf 77' lang='grc' dir='ltr'><strong>διαδεξαμένῳ</strong></span> <span class='ocrx_word' id='word_1_495' title='bbox 2752 4634 2898 4688; x_wconf 83' lang='grc' dir='ltr'><strong>κατὰ</strong></span> <span class='ocrx_word' id='word_1_496' title='bbox 2937 4636 3145 4708; x_wconf 78' lang='grc' dir='ltr'><strong>ταύτης</strong></span> <span class='ocrx_word' id='word_1_497' title='bbox 3186 4644 3526 4714; x_wconf 81' lang='grc' dir='ltr'><strong>προνόμιον;</strong></span> 
     </span>
    </p>
   </div>
   <div class='ocr_carea' id='block_1_49' title="bbox 226 4712 3529 4811">
    <p class='ocr_par' dir='ltr' id='par_1_49' title="bbox 226 4712 3529 4811">
     <span class='ocr_line' id='line_1_49' title="bbox 226 4712 3529 4811; baseline 0.007 -39"><span class='ocrx_word' id='word_1_498' title='bbox 226 4714 338 4790; x_wconf 88' lang='lat' dir='ltr'><strong>qui</strong></span> <span class='ocrx_word' id='word_1_499' title='bbox 368 4713 624 4773; x_wconf 81' lang='lat' dir='ltr'><strong>nullum</strong></span> <span class='ocrx_word' id='word_1_500' title='bbox 639 4716 753 4794; x_wconf 86' lang='lat' dir='ltr'><strong>jus</strong></span> <span class='ocrx_word' id='word_1_501' title='bbox 791 4712 1216 4777; x_wconf 82' lang='lat' dir='ltr'><strong>ordinationis</strong></span> <span class='ocrx_word' id='word_1_502' title='bbox 1254 4719 1324 4779; x_wconf 86' lang='lat' dir='ltr'><strong>in</strong></span> <span class='ocrx_word' id='word_1_503' title='bbox 1355 4737 1425 4778; x_wconf 87' lang='lat' dir='ltr'><strong>ea</strong></span> <span class='ocrx_word' id='word_1_504' title='bbox 1451 4720 1657 4789; x_wconf 88' lang='lat' dir='ltr'><strong>habet,</strong></span> <span class='ocrx_word' id='word_1_505' title='bbox 1690 4720 1792 4779; x_wconf 83' lang='lat' dir='ltr'><strong>sui</strong></span> <span class='ocrx_word' id='word_1_506' title='bbox 1815 4720 1994 4799; x_wconf 84' lang='lat' dir='ltr'><strong>juris</strong></span> <span class='ocrx_word' id='word_1_507' title='bbox 2024 4718 2507 4799; x_wconf 81' lang='lat' dir='ltr'><strong>archiepiscopo</strong></span> <span class='ocrx_word' id='word_1_508' title='bbox 2531 4722 2847 4802; x_wconf 82' lang='lat' dir='ltr'><strong>subjecta;</strong></span> <span class='ocrx_word' id='word_1_509' title='bbox 2880 4735 2938 4785; x_wconf 84' lang='lat' dir='ltr'><strong>et</strong></span> <span class='ocrx_word' id='word_1_510' title='bbox 2959 4724 3204 4789; x_wconf 82' lang='lat' dir='ltr'><strong>nullam</strong></span> <span class='ocrx_word' id='word_1_511' title='bbox 3232 4712 3437 4811; x_wconf 77' lang='lat' dir='ltr'><strong>super</strong></span> <span class='ocrx_word' id='word_1_512' title='bbox 3457 4754 3529 4795; x_wconf 82' lang='lat' dir='ltr'><strong>ea</strong></span> 
     </span>
    </p>
   </div>
   <div class='ocr_carea' id='block_1_50' title="bbox 226 4814 1787 4901">
    <p class='ocr_par' dir='ltr' id='par_1_50' title="bbox 226 4814 1787 4901">
     <span class='ocr_line' id='line_1_50' title="bbox 226 4814 1787 4901; baseline 0.008 -31"><span class='ocrx_word' id='word_1_513' title='bbox 226 4814 685 4874; x_wconf 83' lang='lat' dir='ltr'><strong>auctoritatem</strong></span> <span class='ocrx_word' id='word_1_514' title='bbox 715 4814 905 4875; x_wconf 87' lang='lat' dir='ltr'><strong>aliam</strong></span> <span class='ocrx_word' id='word_1_515' title='bbox 940 4833 1371 4897; x_wconf 85' lang='lat' dir='ltr'><strong>quamcunque</strong></span> <span class='ocrx_word' id='word_1_516' title='bbox 1405 4821 1787 4901; x_wconf 84' lang='lat' dir='ltr'><strong>acceperit.»</strong></span> 
     </span>
    </p>
   </div>
   <div class='ocr_carea' id='block_1_51' title="bbox 314 4908 3524 5004">
    <p class='ocr_par' dir='ltr' id='par_1_51' title="bbox 314 4908 3524 5004">
     <span class='ocr_line' id='line_1_51' title="bbox 314 4908 3524 5004; baseline 0.008 -36"><span class='ocrx_word' id='word_1_517' title='bbox 314 4908 697 4987; x_wconf 87' lang='lat' dir='ltr'><strong>Notumjus</strong></span> <span class='ocrx_word' id='word_1_518' title='bbox 727 4908 919 4983; x_wconf 84' lang='lat' dir='ltr'><strong>illud,</strong></span> <span class='ocrx_word' id='word_1_519' title='bbox 952 4916 1427 4993; x_wconf 86' lang='lat' dir='ltr'><strong>stauropegium</strong></span> <span class='ocrx_word' id='word_1_520' title='bbox 1455 4918 1729 4991; x_wconf 90' lang='lat' dir='ltr'><strong>dictum,</strong></span> <span class='ocrx_word' id='word_1_521' title='bbox 1762 4932 1892 4995; x_wconf 94' lang='lat' dir='ltr'><strong>quo</strong></span> <span class='ocrx_word' id='word_1_522' title='bbox 1933 4913 2308 4992; x_wconf 68' lang='lat' dir='ltr'><strong>patriarchas</strong></span> <span class='ocrx_word' id='word_1_523' title='bbox 2337 4914 2655 4990; x_wconf 91' lang='lat' dir='ltr'><strong>Orientis,</strong></span> <span class='ocrx_word' id='word_1_524' title='bbox 2696 4922 3164 5004; x_wconf 88' lang='lat' dir='ltr'><strong>unusquisque</strong></span> <span class='ocrx_word' id='word_1_525' title='bbox 3199 4926 3373 4991; x_wconf 89' lang='lat' dir='ltr'><strong>intra</strong></span> <span class='ocrx_word' id='word_1_526' title='bbox 3418 4933 3524 4995; x_wconf 91' lang='lat' dir='ltr'><strong>sui</strong></span> 
     </span>
    </p>
   </div>
   <div class='ocr_carea' id='block_1_52' title="bbox 229 5004 3529 5108">
    <p class='ocr_par' dir='ltr' id='par_1_52' title="bbox 229 5004 3529 5108">
     <span class='ocr_line' id='line_1_52' title="bbox 229 5004 3529 5108; baseline 0.007 -41"><span class='ocrx_word' id='word_1_527' title='bbox 229 5004 712 5108; x_wconf 77' lang='lat' dir='ltr'><strong>patriarchatus</strong></span> <span class='ocrx_word' id='word_1_528' title='bbox 765 5006 949 5078; x_wconf 86' lang='lat' dir='ltr'><strong>fines,</strong></span> <span class='ocrx_word' id='word_1_529' title='bbox 998 5013 1237 5085; x_wconf 66' lang='lat' dir='ltr'><strong>prmia</strong></span> <span class='ocrx_word' id='word_1_530' title='bbox 1286 5030 1413 5073; x_wconf 70' lang='lat' dir='ltr'><strong>sua:</strong></span> <span class='ocrx_word' id='word_1_531' title='bbox 1458 5014 1666 5074; x_wconf 87' lang='lat' dir='ltr'><strong>crucis</strong></span> <span class='ocrx_word' id='word_1_532' title='bbox 1714 5012 2052 5091; x_wconf 72' lang='lat' dir='ltr'><strong>deﬁxione,</strong></span> <span class='ocrx_word' id='word_1_533' title='bbox 2111 5012 2424 5075; x_wconf 90' lang='lat' dir='ltr'><strong>ecclesias</strong></span> <span class='ocrx_word' id='word_1_534' title='bbox 2481 5018 2839 5093; x_wconf 62' lang='lat' dir='ltr'><strong>praisertim</strong></span> <span class='ocrx_word' id='word_1_535' title='bbox 2900 5025 3316 5100; x_wconf 90' lang='lat' dir='ltr'><strong>monasticas,</strong></span> <span class='ocrx_word' id='word_1_536' title='bbox 3379 5047 3529 5108; x_wconf 69' lang='lat' dir='ltr'><strong>quas</strong></span> 
     </span>
    </p>
   </div>
   <div class='ocr_carea' id='block_1_53' title="bbox 228 5101 3528 5207">
    <p class='ocr_par' dir='ltr' id='par_1_53' title="bbox 228 5101 3528 5207">
     <span class='ocr_line' id='line_1_53' title="bbox 228 5101 3528 5207; baseline 0.003 -43"><span class='ocrx_word' id='word_1_537' title='bbox 228 5101 771 5207; x_wconf 65' lang='lat' dir='ltr'><strong>exstruebantur,</strong></span> <span class='ocrx_word' id='word_1_538' title='bbox 814 5118 935 5207; x_wconf 82' lang='lat' dir='ltr'><strong>suo</strong></span> <span class='ocrx_word' id='word_1_539' title='bbox 971 5104 1272 5183; x_wconf 77' lang='lat' dir='ltr'><strong>regimini</strong></span> <span class='ocrx_word' id='word_1_540' title='bbox 1316 5108 1699 5189; x_wconf 86' lang='lat' dir='ltr'><strong>subjiciunt,</strong></span> <span class='ocrx_word' id='word_1_541' title='bbox 1757 5110 2071 5173; x_wconf 89' lang='lat' dir='ltr'><strong>ordinarii</strong></span> <span class='ocrx_word' id='word_1_542' title='bbox 2123 5111 2411 5189; x_wconf 86' lang='lat' dir='ltr'><strong>episcopi</strong></span> <span class='ocrx_word' id='word_1_543' title='bbox 2459 5119 2772 5184; x_wconf 89' lang='lat' dir='ltr'><strong>potestate</strong></span> <span class='ocrx_word' id='word_1_544' title='bbox 2820 5126 3067 5181; x_wconf 86' lang='lat' dir='ltr'><strong>semota</strong></span> <span class='ocrx_word' id='word_1_545' title='bbox 3104 5140 3119 5178; x_wconf 87' lang='lat'><strong>:</strong></span> <span class='ocrx_word' id='word_1_546' title='bbox 3156 5139 3371 5201; x_wconf 88' lang='lat' dir='ltr'><strong>quove</strong></span> <span class='ocrx_word' id='word_1_547' title='bbox 3402 5101 3528 5207; x_wconf 71' lang='lat' dir='ltr'><strong>By-</strong></span> 
     </span>
    </p>
   </div>
   <div class='ocr_carea' id='block_1_54' title="bbox 228 5198 3526 5305">
    <p class='ocr_par' dir='ltr' id='par_1_54' title="bbox 228 5198 3526 5305">
     <span class='ocr_line' id='line_1_54' title="bbox 228 5198 3526 5305; baseline 0.008 -44"><span class='ocrx_word' id='word_1_548' title='bbox 228 5198 485 5305; x_wconf 74' lang='lat' dir='ltr'><strong>zantini</strong></span> <span class='ocrx_word' id='word_1_549' title='bbox 519 5199 792 5305; x_wconf 82' lang='lat' dir='ltr'><strong>aliorum</strong></span> <span class='ocrx_word' id='word_1_550' title='bbox 827 5201 1016 5305; x_wconf 79' lang='lat' dir='ltr'><strong>etiam</strong></span> <span class='ocrx_word' id='word_1_551' title='bbox 1058 5203 1557 5305; x_wconf 79' lang='lat' dir='ltr'><strong>patriarcharum</strong></span> <span class='ocrx_word' id='word_1_552' title='bbox 1590 5205 1757 5270; x_wconf 83' lang='lat' dir='ltr'><strong>infra</strong></span> <span class='ocrx_word' id='word_1_553' title='bbox 1790 5208 2099 5270; x_wconf 75' lang='lat' dir='ltr'><strong>dimceses</strong></span> <span class='ocrx_word' id='word_1_554' title='bbox 2144 5208 2236 5268; x_wconf 93' lang='lat' dir='ltr'><strong>uti</strong></span> <span class='ocrx_word' id='word_1_555' title='bbox 2275 5208 2623 5271; x_wconf 88' lang='lat' dir='ltr'><strong>audebant.</strong></span> <span class='ocrx_word' id='word_1_556' title='bbox 2659 5213 2851 5274; x_wconf 88' lang='lat' dir='ltr'><strong>Suam</strong></span> <span class='ocrx_word' id='word_1_557' title='bbox 2886 5220 3133 5280; x_wconf 91' lang='lat' dir='ltr'><strong>tutatur</strong></span> <span class='ocrx_word' id='word_1_558' title='bbox 3173 5198 3526 5305; x_wconf 50' lang='lat' dir='ltr'><strong>TheOphju</strong></span> 
     </span>
    </p>
   </div>
   <div class='ocr_carea' id='block_1_55' title="bbox 228 5295 2541 5385">
    <p class='ocr_par' dir='ltr' id='par_1_55' title="bbox 228 5295 2541 5385">
     <span class='ocr_line' id='line_1_55' title="bbox 228 5295 2541 5385; baseline 0.006 -30"><span class='ocrx_word' id='word_1_559' title='bbox 228 5295 443 5358; x_wconf 84' lang='lat' dir='ltr'><strong>lactus</strong></span> <span class='ocrx_word' id='word_1_560' title='bbox 479 5296 1016 5373; x_wconf 85' lang='lat' dir='ltr'><strong>autocephaliam,</strong></span> <span class='ocrx_word' id='word_1_561' title='bbox 1046 5300 1193 5379; x_wconf 90' lang='lat' dir='ltr'><strong>jure</strong></span> <span class='ocrx_word' id='word_1_562' title='bbox 1235 5304 1409 5365; x_wconf 91' lang='lat' dir='ltr'><strong>omni</strong></span> <span class='ocrx_word' id='word_1_563' title='bbox 1445 5306 1840 5385; x_wconf 75' lang='lat' dir='ltr'><strong>staurOpegii</strong></span> <span class='ocrx_word' id='word_1_564' title='bbox 1877 5304 2219 5385; x_wconf 79' lang='lat' dir='ltr'><strong>Byzantini</strong></span> <span class='ocrx_word' id='word_1_565' title='bbox 2247 5306 2541 5368; x_wconf 88' lang='lat' dir='ltr'><strong>excluso.</strong></span> 
     </span>
    </p>
   </div>
   <div class='ocr_carea' id='block_1_56' title="bbox 304 5392 3521 5485">
    <p class='ocr_par' dir='ltr' id='par_1_56' title="bbox 304 5392 3521 5485">
     <span class='ocr_line' id='line_1_56' title="bbox 304 5392 3521 5485; baseline 0.01 -32"><span class='ocrx_word' id='word_1_566' title='bbox 304 5395 413 5454; x_wconf 78' lang='lat'><strong>26.</strong></span> <span class='ocrx_word' id='word_1_567' title='bbox 464 5392 772 5468; x_wconf 60' lang='lat' dir='ltr'><strong>Epistolas</strong></span> <span class='ocrx_word' id='word_1_568' title='bbox 802 5411 1067 5455; x_wconf 82' lang='lat' dir='ltr'><strong>sensum</strong></span> <span class='ocrx_word' id='word_1_569' title='bbox 1096 5405 1509 5479; x_wconf 86' lang='lat' dir='ltr'><strong>mentemque</strong></span> <span class='ocrx_word' id='word_1_570' title='bbox 1562 5402 2025 5482; x_wconf 84' lang='lat' dir='ltr'><strong>TheOphylacti</strong></span> <span class='ocrx_word' id='word_1_571' title='bbox 2076 5402 2347 5464; x_wconf 91' lang='lat' dir='ltr'><strong>minime</strong></span> <span class='ocrx_word' id='word_1_572' title='bbox 2380 5414 2719 5468; x_wconf 90' lang='lat' dir='ltr'><strong>assecutus</strong></span> <span class='ocrx_word' id='word_1_573' title='bbox 2772 5416 2869 5471; x_wconf 93' lang='lat' dir='ltr'><strong>est</strong></span> <span class='ocrx_word' id='word_1_574' title='bbox 2912 5413 3197 5477; x_wconf 88' lang='lat' dir='ltr'><strong>Joannes</strong></span> <span class='ocrx_word' id='word_1_575' title='bbox 3224 5418 3521 5485; x_wconf 83' lang='lat' dir='ltr'><strong>Morinus</strong></span> 
     </span>
    </p>
   </div>
   <div class='ocr_carea' id='block_1_57' title="bbox 226 5489 3523 5595">
    <p class='ocr_par' dir='ltr' id='par_1_57' title="bbox 226 5489 3523 5595">
     <span class='ocr_line' id='line_1_57' title="bbox 226 5489 3523 5595; baseline 0.01 -44"><span class='ocrx_word' id='word_1_576' title='bbox 226 5492 319 5595; x_wconf 63' lang='lat' dir='ltr'><strong>pe</strong></span> <span class='ocrx_word' id='word_1_577' title='bbox 351 5489 574 5595; x_wconf 48' lang='grc' dir='ltr'><strong>εαξνὶξ</strong></span> <span class='ocrx_word' id='word_1_578' title='bbox 611 5489 1362 5595; x_wconf 78' lang='lat' dir='ltr'><strong>ordinationibus,parte</strong></span> <span class='ocrx_word' id='word_1_579' title='bbox 1394 5517 1467 5595; x_wconf 81' lang='lat' dir='ltr'><strong>n,</strong></span> <span class='ocrx_word' id='word_1_580' title='bbox 1499 5499 1671 5560; x_wconf 76' lang='lat' dir='ltr'><strong>inter”</strong></span> <span class='ocrx_word' id='word_1_581' title='bbox 1701 5501 2183 5575; x_wconf 83' lang='lat' dir='ltr'><strong>adnotationes,</strong></span> <span class='ocrx_word' id='word_1_582' title='bbox 2220 5518 2402 5563; x_wconf 91' lang='lat' dir='ltr'><strong>num.</strong></span> <span class='ocrx_word' id='word_1_583' title='bbox 2441 5503 2577 5577; x_wconf 69' lang='lat' dir='ltr'><strong>M7,</strong></span> <span class='ocrx_word' id='word_1_584' title='bbox 2626 5506 2689 5566; x_wconf 93' lang='lat' dir='ltr'><strong>in</strong></span> <span class='ocrx_word' id='word_1_585' title='bbox 2729 5510 2851 5570; x_wconf 80' lang='lat' dir='ltr'><strong>line</strong></span> <span class='ocrx_word' id='word_1_586' title='bbox 2884 5527 2899 5572; x_wconf 88' lang='lat'><strong>:</strong></span> <span class='ocrx_word' id='word_1_587' title='bbox 2928 5532 2957 5567; x_wconf 78' lang='grc' dir='ltr'><strong>α</strong></span> <span class='ocrx_word' id='word_1_588' title='bbox 2995 5512 3523 5595; x_wconf 84' lang='lat' dir='ltr'><strong>Theophylactus</strong></span> 
     </span>
    </p>
   </div>
   <div class='ocr_carea' id='block_1_58' title="bbox 225 5586 3508 5688">
    <p class='ocr_par' dir='ltr' id='par_1_58' title="bbox 225 5586 3508 5688">
     <span class='ocr_line' id='line_1_58' title="bbox 225 5586 3508 5688; baseline 0.009 -38"><span class='ocrx_word' id='word_1_589' title='bbox 225 5592 291 5688; x_wconf 81' lang='lat' dir='ltr'><strong>in</strong></span> <span class='ocrx_word' id='word_1_590' title='bbox 329 5586 953 5688; x_wconf 32' lang='lat' dir='ltr'><strong>epistola-quadam,</strong></span> <span class='ocrx_word' id='word_1_591' title='bbox 989 5590 1326 5673; x_wconf 88' lang='lat' dir='ltr'><strong>inquiens,</strong></span> <span class='ocrx_word' id='word_1_592' title='bbox 1375 5594 1590 5669; x_wconf 82' lang='lat' dir='ltr'><strong>refert,</strong></span> <span class='ocrx_word' id='word_1_593' title='bbox 1643 5603 1987 5676; x_wconf 87' lang='lat' dir='ltr'><strong>quemdam</strong></span> <span class='ocrx_word' id='word_1_594' title='bbox 2036 5600 2424 5663; x_wconf 86' lang='lat' dir='ltr'><strong>monachum</strong></span> <span class='ocrx_word' id='word_1_595' title='bbox 2468 5602 2534 5663; x_wconf 93' lang='lat' dir='ltr'><strong>in</strong></span> <span class='ocrx_word' id='word_1_596' title='bbox 2567 5604 2834 5669; x_wconf 70' lang='lat' dir='ltr'><strong>dumcesi</strong></span> <span class='ocrx_word' id='word_1_597' title='bbox 2868 5626 2986 5671; x_wconf 91' lang='lat' dir='ltr'><strong>sua</strong></span> <span class='ocrx_word' id='word_1_598' title='bbox 3019 5586 3388 5688; x_wconf 73' lang='lat' dir='ltr'><strong>ecclesiam,</strong></span> <span class='ocrx_word' id='word_1_599' title='bbox 3436 5636 3508 5681; x_wconf 92' lang='lat' dir='ltr'><strong>se</strong></span> 
     </span>
    </p>
   </div>
   <div class='ocr_carea' id='block_1_59' title="bbox 225 5682 3515 5786">
    <p class='ocr_par' dir='ltr' id='par_1_59' title="bbox 225 5682 3515 5786">
     <span class='ocr_line' id='line_1_59' title="bbox 225 5682 3515 5786; baseline 0.008 -38"><span class='ocrx_word' id='word_1_600' title='bbox 225 5683 472 5786; x_wconf 81' lang='lat' dir='ltr'><strong>inscio,</strong></span> <span class='ocrx_word' id='word_1_601' title='bbox 514 5682 951 5786; x_wconf 67' lang='lat' dir='ltr'><strong>mdiﬁcandam</strong></span> <span class='ocrx_word' id='word_1_602' title='bbox 996 5691 1394 5786; x_wconf 82' lang='lat' dir='ltr'><strong>suscepisse:</strong></span> <span class='ocrx_word' id='word_1_603' title='bbox 1428 5694 1538 5753; x_wconf 78' lang='lat' dir='ltr'><strong>sed</strong></span> <span class='ocrx_word' id='word_1_604' title='bbox 1586 5694 1739 5772; x_wconf 89' lang='lat' dir='ltr'><strong>quia</strong></span> <span class='ocrx_word' id='word_1_605' title='bbox 1794 5696 1913 5758; x_wconf 85' lang='lat' dir='ltr'><strong>hoc</strong></span> <span class='ocrx_word' id='word_1_606' title='bbox 1959 5706 2180 5759; x_wconf 88' lang='lat' dir='ltr'><strong>contra</strong></span> <span class='ocrx_word' id='word_1_607' title='bbox 2212 5715 2497 5763; x_wconf 88' lang='lat' dir='ltr'><strong>canones</strong></span> <span class='ocrx_word' id='word_1_608' title='bbox 2528 5704 3016 5782; x_wconf 82' lang='lat' dir='ltr'><strong>aggrederetur,</strong></span> <span class='ocrx_word' id='word_1_609' title='bbox 3071 5682 3515 5786; x_wconf 82' lang='lat' dir='ltr'><strong>prohibuisse.</strong></span> 
     </span>
    </p>
   </div>
   <div class='ocr_carea' id='block_1_60' title="bbox 222 5781 3520 5887">
    <p class='ocr_par' dir='ltr' id='par_1_60' title="bbox 222 5781 3520 5887">
     <span class='ocr_line' id='line_1_60' title="bbox 222 5781 3520 5887; baseline 0.006 -37"><span class='ocrx_word' id='word_1_610' title='bbox 222 5781 440 5850; x_wconf 84' lang='lat' dir='ltr'><strong>donec</strong></span> <span class='ocrx_word' id='word_1_611' title='bbox 469 5784 958 5862; x_wconf 73' lang='lat' dir='ltr'><strong>staurOpegium</strong></span> <span class='ocrx_word' id='word_1_612' title='bbox 992 5784 1480 5865; x_wconf 85' lang='lat' dir='ltr'><strong>patriarchicum</strong></span> <span class='ocrx_word' id='word_1_613' title='bbox 1509 5792 1887 5871; x_wconf 77' lang='lat' dir='ltr'><strong>accepisset.</strong></span> <span class='ocrx_word' id='word_1_614' title='bbox 1924 5818 1952 5851; x_wconf 59' lang='grc' dir='ltr'><strong>μ</strong></span> <span class='ocrx_word' id='word_1_615' title='bbox 1978 5796 2113 5857; x_wconf 83' lang='lat' dir='ltr'><strong>imo</strong></span> <span class='ocrx_word' id='word_1_616' title='bbox 2148 5804 2367 5859; x_wconf 87' lang='lat' dir='ltr'><strong>contra</strong></span> <span class='ocrx_word' id='word_1_617' title='bbox 2402 5798 2824 5877; x_wconf 84' lang='lat' dir='ltr'><strong>patriarchale</strong></span> <span class='ocrx_word' id='word_1_618' title='bbox 2857 5781 3520 5887; x_wconf 39' lang='lat' dir='ltr'><strong>ConstantinOpclita;</strong></span> 
     </span>
    </p>
   </div>
  </div>
