4098 6330
565 373 630 442 31
1383 379 1608 441 BERN.
1650 378 1915 440 MARIAE‘.
1954 377 2053 440 DE
2091 364 2377 440 tiUBEts
2421 370 2941 436 DISSERTATIO.
3728 369 3802 435 32

564 507 721 552 num
751 492 1252 571 stauropegium,
1279 491 1455 571 quod
1488 489 1839 553 monachus
1868 491 1974 551 ille
2000 487 2290 569 iactabat,
2336 487 2693 550 canonibus
2739 493 2801 548 et
2839 482 3145 547 Ecclesiae
3187 499 3322 546 sure
3358 480 3799 561 autocephalia

566 589 696 666 agit
721 587 1243 668 archiepiscOpus
1272 587 1609 672 Bulgaria.

645 683 1044 763 Singularem
1102 684 1439 764 quamdam
1507 682 1835 762 potestatis
1903 681 1969 742 in
2043 677 2340 759 Bulgaria
2409 676 2889 755 praarogativam
2960 673 3444 754 Theophylacto
3512 673 3801 736 tribuere

567 779 822 842 videtur
854 782 1132 842 Joannes
1164 781 1512 843 Lonicerus
1543 797 1578 839 e
1614 779 1968 840 Lutherana
1997 786 2168 840 secta
2201 778 2264 835 in
2291 771 2664 835 Prmfatione
2716 772 2790 834 ad
2852 770 3362 838 Commentarios
3408 773 3476 832 in
3527 777 3805 850 quatuor

573 872 910 949 pt-Ophetas
945 871 1248 943 minores,
1285 871 1590 950 inquiens
1625 893 1638 930 :
1682 895 1707 923 α
1749 872 1930 930 Hunc
1967 869 2241 946 (scilicet
2266 867 2839 946 TheOphylactum)
2870 866 3190 945 Bulgariaa
3241 865 3528 944 regionis
3596 864 3804 928 archi-

569 965 945 1041 episcOpum
987 967 1337 1040 exstitisse,
1353 967 1764 1046 principeque
1786 965 2080 1044 ﬂoruisse
2105 968 2411 1042 potentia,
2444 967 2765 1044 peroratio
2791 980 3145 1043 exegeseos
3173 965 3238 1024 in
3258 963 3505 1026 Nahum
3524 962 3809 1042 prophe-

569 1066 694 1118 tam
721 1060 955 1138 arguit.
1006 1061 1121 1124 Ubi
1180 1061 1551 1140 parwnesim
1594 1061 1920 1138 principes
1974 1071 2442 1122 concernentem
2504 1061 2569 1124 in
2629 1079 2698 1122 se
2760 1061 2900 1139 ipse
2965 1078 3077 1120 ceu
3120 1060 3475 1137 principem
3534 1059 3740 1121 vertit.
3775 1082 3804 1115 υ

568 1152 833 1214 lndicati
883 1155 1002 1216 loci
1050 1156 1236 1218 verba
1277 1165 1475 1219 sunt:
1512 1178 1542 1213 α
1584 1157 1729 1217 Haec
1766 1157 1981 1218 omnia
2041 1157 2363 1235 principes
2433 1157 2798 1228 audientes,
2856 1155 3212 1233 cogitemus
3274 1156 3478 1214 Deum
3519 1153 3805 1234 judicem

569 1249 774 1310 nostri
823 1249 889 1310 in
947 1250 1268 1328 subjectos
1320 1251 1507 1314 nobis
1563 1252 1828 1313 atfectus
1878 1251 2455 1333 dispositionisque
2510 1260 2795 1315 nostrae:
2846 1251 3166 1331 velleque,
3217 1258 3287 1312 ut
3326 1267 3439 1311 nos
3488 1251 3808 1313 mansueti

570 1343 774 1406 simus
811 1363 955 1423 erga
982 1348 1496 1425 obtemperantes
1546 1347 1757 1422 nobis,
1810 1355 1880 1410 ut
1923 1350 2082 1410 adeo
2137 1348 2299 1411 nihil
2345 1349 2558 1428 asperi
2613 1348 2747 1410 illis
2797 1348 3239 1429 injunganms.
3293 1371 3320 1403 ››
3375 1347 3806 1426 Principibus,

569 1443 943 1522 quicunque
980 1444 1126 1519 sint,
1161 1443 1292 1507 haec
1325 1444 1467 1507 sine
1505 1445 1704 1508 dubio
1749 1446 2091 1524 parmnesis
2146 1445 2452 1509 convenit
2490 1464 2503 1506 :
2552 1463 2694 1524 quae
2744 1453 2955 1506 tamen
3017 1446 3080 1505 in
3138 1444 3619 1523 Tlieophylacto
3677 1460 3804 1506 non

569 1538 757 1600 aliam
791 1541 1118 1618 potestatis
1173 1542 1653 1621 praerogativam
1708 1542 1966 1617 indicat,
2015 1541 2138 1604 nisi
2187 1541 2826 1620 archicpiscopalem,
2895 1549 2955 1601 et
3009 1540 3271 1618 quidem
3318 1557 3352 1601 a
3401 1540 3593 1618 regite
3631 1539 3808 1601 urbis

567 1632 798 1698 throno
824 1635 1391 1715 independentem,
1424 1646 1493 1701 ut
1527 1636 1968 1701 enarravimus
1997 1656 2177 1703 num.
2205 1639 2306 1701 25.
2353 1638 2414 1698 Si
2451 1636 2607 1717 quid
2645 1636 2924 1716 amplius
2955 1635 3319 1714 susmcatus
3365 1635 3558 1696 fuerit
3618 1636 3809 1698 Loui-

567 1745 781 1806 cerus,
815 1729 1060 1793 fallitur
1083 1731 1365 1813 egregie.

2103 1905 2274 1968 VIII.

571 2047 1144 2130 Archiepiscopaiis
1198 2048 1515 2128 Bulgaria?
1563 2051 1934 2130 jurisdictio
1983 2051 2256 2130 primum
2318 2048 2512 2111 veluti
2564 2067 2746 2128 vaga,
2809 2061 2938 2110 tum
2985 2046 3276 2130 Achridoe
3338 2048 3473 2108 sedi
3537 2062 3808 2130 anncg-a.

653 2124 947 2189 Achridis
977 2124 1153 2188 urbis
1175 2124 1346 2206 situs
1365 2139 1424 2190 et
1454 2124 1767 2191 con'ditor.
1808 2124 2036 2191 Bellici
2058 2131 2124 2190 in
2152 2128 2520 2206 Bulgariam
2552 2124 2777 2196 motus.
2821 2127 3271 2206 Theophylacti
3317 2135 3620 2203 tempore.
3677 2124 3809 2202 By-

648 2208 1049 2266 zantinorum
1079 2216 1449 2267 lea-actarum
1477 2207 1875 2285 improbitas.
1913 2206 2292 2269 Sollicitudo
2335 2208 2466 2288 ejus
2498 2207 2946 2268 ecclesiastica.

648 2351 748 2412 27.
795 2351 1067 2412 Condito
1099 2350 1414 2430 Bulgaria)
1472 2369 1672 2430 regno
1705 2354 1927 2433 ibique
1962 2352 2304 2416 constituta
2335 2353 2458 2413 sub
2490 2370 2637 2432 rege
2675 2352 2904 2432 Bogori
2943 2349 3229 2414 Ecclesia
3259 2349 3616 2429 Bulgarica,
3647 2354 3815 2411 certa

571 2463 643 2508 ac
673 2449 788 2508 tixa
821 2463 946 2506 non
1003 2455 1136 2530 erat
1183 2447 1648 2529 archiepiscopi
1703 2451 1934 2523 sedes;
1986 2450 2097 2510 sed
2152 2447 2442 2528 regimen
2481 2447 3032 2527 archiepiscOpale
3081 2446 3249 2521 aliis,
3297 2454 3490 2526 atque
3523 2444 3666 2507 aliis
3704 2461 3816 2523 pro

576 2552 740 2604 nutu
796 2544 1439 2628 regumdemandari
1484 2554 1905 2608 consueverat
1963 2545 2361 2608 diversarum
2426 2545 2861 2608 Ecclesiarum
2920 2545 3272 2622 episcOpis.
3327 2543 3400 2605 In
3447 2561 3566 2606 ms.
3615 2541 3818 2622 Regio

572 2639 916 2700 Parisiensi
953 2639 1244 2703 lndiculo
1276 2641 1724 2719 episcoporum
1762 2642 2256 2704 Achridensium
2286 2641 2456 2719 apud
2491 2641 2923 2720 Lequienum,
2952 2638 3480 2718 postGahrielem
3517 2638 3814 2717 aliosque

570 2753 682 2796 sex
714 2735 1232 2816 archiepiscopos
1278 2738 1622 2820 Bulgariae,
1667 2739 1963 2816 sequitur
2011 2739 2347 2817 Philippus
2391 2756 2570 2801 num.
2601 2739 2761 2812 Vlll,
2826 2761 2852 2792 α
2902 2736 3014 2815 qui
3050 2735 3290 2799 dicitur
3331 2733 3677 2814 Lychnidaa
3716 2751 3819 2796 se-

570 2830 766 2906 disse,
799 2849 942 2911 qum
966 2833 1268 2913 deinceps
1305 2834 1597 2896 Achrida.
1635 2859 1662 2890 η
1692 2836 1868 2896 Hanc
1932 2836 2138 2898 caueri
2172 2833 2643 2913 archiepiscopi
2675 2843 2944 2896 tenuere
2976 2834 3225 2908 sedem,
3279 2831 3568 2909 itemque
3608 2829 3818 2893 Theo-

576 2924 933 3004 phylactus.
979 2929 1056 2990 Se
1107 2936 1284 2990 vocat
1333 2929 1471 3008 ipse
1506 2930 1573 2991 in
1624 2930 1892 3008 epistola
1943 2933 2005 3002 6,
2049 2933 2131 2994 ad
2175 2931 2553 3010 Gregorium
2598 2933 3024 3003 Camaterum,
3065 2952 3094 2987 α
3141 2926 3698 3007 archiepisc0pum
3750 2926 3817 2989 in

580 3022 738 3083 urbe
776 3022 1070 3084 Acbrida.

651 3117 751 3178 28.
816 3121 884 3179 In
944 3118 1210 3196 epistola
1260 3120 1382 3195 65,
1438 3121 1519 3183 ad
1571 3121 1941 3199 magistrum
1997 3121 2310 3187 dominum
2359 3130 2666 3189 Joannem
2720 3127 3143 3188 Pantechnam
3191 3123 3286 3186 sic
3346 3125 3424 3185 ait
3468 3143 3543 3184 :a
3583 3125 3821 3186 Cuncta

577 3225 815 3288 autem,
859 3214 927 3276 in
981 3218 1216 3293 quibus
1260 3218 1482 3279 Achris
1518 3228 1827 3292 versatur,
1876 3220 2060 3297 plena
2102 3228 2361 3284 horrent
2397 3233 2564 3285 metu
2601 3233 2704 3285 :et
2736 3224 2932 3285 Moeri
2972 3222 3174 3300 regio,
3225 3230 3321 3283 est
3353 3221 3820 3289 enimMocrus

572 3313 870 3374 Achridis
931 3316 1539 3392 portio.»Civitatis
1601 3305 1998 3378 conditorem
2049 3319 2381 3399 situmque
2445 3320 2739 3398 patefacit
2802 3325 2982 3381 Anna
3046 3318 3374 3381 Comnena
3443 3317 3569 3379 sub
3626 3317 3816 3378 finem

575 3418 742 3480 lihri‘
789 3439 880 3480 xu
930 3420 1274 3482 Alexiados
1324 3442 1344 3482 :
1383 3444 1410 3477 α
1468 3423 1750 3502 Drymon
1790 3422 1929 3493 (seu
1977 3421 2238 3500 Drinus)
2290 3421 2517 3491 amnis,
2559 3420 2891 3499 inquiens,
2944 3431 3130 3497 caput
3181 3427 3371 3495 atque
3433 3416 3636 3493 [XIII]
3694 3415 3820 3475 cri-

574 3515 790 3592 ginem
825 3533 856 3575 a
894 3517 1277 3595 Lychnitide
1309 3517 1495 3580 trahit
1537 3518 1769 3596 palude
1813 3537 1828 3576 :
1873 3536 2062 3596 quam
2101 3518 2323 3596 lingua
2356 3535 2525 3578 nunc
2554 3515 2621 3578 in
2655 3515 3011 3577 barbariem
3045 3515 3449 3580 degenerans
3489 3509 3824 3573 Arhridcm

575 3622 754 3673 vocat
794 3629 829 3679 a
865 3613 1057 3689 priori
1098 3614 1532 3691 appellatione
1575 3614 1785 3675 Macri
1835 3615 2002 3692 regis
2050 3614 2326 3693 Bulgari.
2377 3613 2515 3690 ejus
2547 3615 2656 3691 qui
2712 3613 2948 3673 deinde
3019 3611 3268 3671 Samuel
3302 3608 3660 3685 appellatus
3699 3614 3817 3666 est.

571 3708 826 3770 Floruit
857 3709 912 3770 is
943 3710 1438 3787 imperatoribus
1474 3711 1894 3793 Constantino
1947 3721 2006 3772 et
2057 3710 2294 3772 Basilio
2331 3708 2900 3788 I'orpliyrogenitis
2933 3707 3212 3785 (decimo
3261 3706 3528 3767 cadente
3561 3702 3820 3775 saeculo,

574 3820 646 3866 ac
678 3804 946 3866 ineunte
982 3801 1376 3886 undecimo),
1411 3806 1671 3884 quando
1708 3805 1892 3866 istam
1929 3804 2224 3884 paludem
2257 3807 2548 3868 derivare
2588 3805 3062 3880 exhaurireque
3095 3819 3440 3880 aggressus
3476 3809 3593 3872 est,
3630 3826 3657 3855 »
3700 3806 3820 3862 etc.

571 3900 797 3980 Itaque
829 3899 1456 3975 Achris,adnotante
1512 3900 1862 3963 Dufresnio
1908 3902 1974 3963 in
2029 3901 2197 3964 notis
2246 3904 2321 3964 ad
2377 3910 2675 3983 quartum
2737 3897 3078 3961 Alexiados
3130 3898 3389 3972 librum,
3446 3898 3511 3958 in
3558 3897 3820 3959 sublimi

572 3996 737 4059 colle
777 3997 1018 4060 eminet
1048 4014 1245 4077 prope
1289 3996 1524 4072 lacum,
1561 3997 1730 4060 unde
1795 4000 2078 4078 Drynus,
2112 4015 2232 4060 seu
2271 4000 2552 4078 Drymon
2585 3998 3086 4076 septentrionem
3122 4012 3350 4056 versus
3388 3991 3613 4054 eﬁluit.

655 4117 744 4178 Eo
801 4115 871 4176 in
903 4116 1065 4189 loco,
1091 4133 1222 4195 quo
1260 4116 1492 4179 Achris
1511 4125 1634 4189 est,
1669 4123 1894 4192 putant
1926 4115 2222 4177 nonnulli
2262 4117 2662 4194 Lychnidum
2705 4116 2909 4193 primo
2941 4115 3294 4185 exstitisse,
3353 4124 3572 4193 postea
3611 4112 3816 4174 Bede-

573 4213 801 4287 rinam,
853 4215 1114 4275 demum
1173 4213 1454 4276 Primam
1509 4213 1963 4285 Iustinianum,
2017 4229 2049 4272 a
2113 4212 2484 4274 Justiuiano
2548 4213 2934 4289 imperatore
2991 4211 3248 4273 dictam.
3318 4210 3550 4271 Vicino
3611 4210 3825 4288 potius

577 4309 644 4370 in
698 4319 896 4374 tractu
952 4321 1217 4374 censent
1261 4312 1399 4384 alii,
1452 4309 1776 4373 conditam
1829 4326 1863 4370 a
1899 4309 2184 4381 Mochro,
2243 4327 2358 4369 seu
2390 4308 2714 4382 Samuele,
2755 4308 3179 4385 Bulgarorum
3215 4323 3363 4385 rege
3425 4295 3822 4378 Christiano,

575 4409 780 4472 fuisse
817 4412 1182 4474 Achridem.
1221 4413 1409 4472 Suam
1442 4406 1862 4483 amplissimis
1898 4407 2252 4486 privilegiis
2284 4405 2708 4467 Justinianam
2766 4411 3030 4465 auxerat
3062 4405 3358 4466 laudatus
3414 4403 3824 4464 Justinianus

579 4508 908 4583 Augustus
944 4509 1009 4569 in
1055 4508 1306 4570 novella
1339 4527 1446 4579 xv,
1481 4506 1720 4585 quibus
1768 4505 2014 4567 minuta
2053 4502 2285 4570 mansit
2317 4500 2918 4572 'l‘hessalonicensis
2954 4499 3264 4561 antistitis
3312 4499 3578 4577 pristina
3615 4499 3825 4579 juris-

578 4602 800 4663 dictio.
863 4603 1264 4681 Lequienum
1319 4604 1460 4666 loco
1520 4603 1734 4676 citato,
1768 4608 1831 4664 et
1886 4603 2068 4663 Joan.
2109 4601 2360 4661 Petrum
2391 4600 2469 4661 de
2502 4598 2811 4678 Ludewig
2841 4599 2904 4659 in
2940 4600 3085 4660 Vita
3120 4597 3500 4672 Iustiniani,
3525 4597 3824 4677 aliosque

580 4698 926 4778 scriptores
957 4700 1248 4762 consule.
1703 4720 1706 4721 '

656 4823 755 4882 29.
795 4825 988 4883 Suam
1049 4821 1571 4901 TheOpliylactus
1644 4820 1993 4883 Ecclesiam
2053 4819 2511 4883 Acbridensem
2550 4866 2568 4893 ,
2625 4837 2695 4881 ac
2759 4820 3125 4880 universam
3195 4816 3821 4896 archiepiscopalem

573 4916 1095 4998 jurisdictionem
1134 4934 1211 4980 eo
1259 4919 1731 4981 administravit
1773 4927 2084 4995 tempore,
2146 4934 2276 4995 quo
2305 4916 2654 5000 Normanni
2690 4915 3038 4994 principes,
3077 4915 3395 4977 Robertus
3428 4913 3827 4976 Guisrardus

579 5020 642 5075 et
695 5016 1104 5077 Boemundus
1144 5016 1314 5078 filius
1348 5016 1679 5096 Illyricum
1747 5024 1810 5077 et
1867 5015 2228 5093 Bulgariam
2275 5014 2473 5074 armis
2543 5013 2952 5074 infestarunt.
3017 5015 3172 5074 Nota
3224 5019 3397 5084 sunt,
3463 5028 3608 5090 quas
3655 5009 3824 5070 bella

581 5113 780 5188 gessit
831 5114 1148 5174 Robertus
1206 5103 1284 5173 ab
1343 5130 1511 5176 anno
1555 5115 1703 5175 1081
1750 5115 1823 5174 ad
1877 5129 2119 5174 annum
2170 5111 2325 5172 1085
2368 5110 2534 5186 apud
2588 5110 2936 5188 scriptores
2993 5111 3267 5174 Graecos.
3338 5115 3400 5168 et
3455 5109 3729 5178 Siculos,
3766 5116 3830 5168 et

586 5207 892 5269 Venetos.
939 5207 1217 5282 lrruptio
1270 5209 1630 5271 Boemundi
1691 5209 1766 5270 ad
1815 5225 2053 5269 annum
2109 5208 2259 5268 1101
2317 5208 2614 5284 pertinet,
2667 5224 2796 5283 quo
2830 5229 2856 5261 α
2892 5208 3129 5283 Bagora
3178 5207 3555 5267 monsintcr
3589 5205 3827 5281 Bulga-

591 5303 756 5365 ricos
801 5310 863 5364 et
923 5305 1349 5383 Dyrrachinos
1409 5314 1656 5368 montes
1713 5307 2111 5387 interjcctus,
2175 5325 2204 5361 »
2265 5305 2408 5381 ipso
2469 5303 2948 5382 ’l‘beOphylncto
3005 5310 3164 5362 teste
3215 5301 3282 5362 in
3340 5302 3612 5378 epistola
3665 5302 3744 5361 65
3795 5318 3829 5362 a

581 5420 614 5456 α
659 5407 953 5478 tyranno,
1007 5425 1033 5457 η
1100 5401 1339 5464 scilicet
1372 5402 1768 5476 Boemundu,
1824 5427 1851 5459 α
1906 5402 2265 5464 tenebatur.
2320 5424 2348 5457 ν
2393 5399 2558 5460 Hinc
2615 5415 2766 5460 vero
2816 5399 3058 5461 Latinis
3097 5416 3166 5460 ac
3204 5399 3577 5459 Latinorum
3610 5403 3832 5460 contra

585 5498 930 5559 Saracenos
963 5499 1486 5574 expeditionibus
1533 5499 1858 5560 infensum
1918 5501 2054 5562 suis
2093 5498 2155 5559 in
2205 5497 2499 5576 epistolis
2536 5497 2771 5571 praebet
2822 5513 2992 5558 sese.

666 5619 782 5680 Sed
818 5628 888 5683 et.
920 5621 1178 5682 Croatos
1213 5622 1571 5699 Bulgariam
1611 5623 1732 5683 sub
1763 5621 2073 5684 Michaele
2129 5621 2303 5680 Duca
2343 5619 2636 5695 Augusto
2676 5617 3102 5694 depOpulatos
3158 5632 3324 5685 esse,
3377 5613 3832 5677 adnotavimus

587 5734 761 5776 nuru.
827 5719 922 5777 10.
960 5719 1186 5780 Contra
1239 5720 1586 5791 Dalmatas,
1649 5719 1760 5796 qui
1799 5718 2034 5782 saaculo
2072 5736 2136 5778 xx
2183 5715 2519 5778 desinente
2575 5715 2744 5799 ciere
2812 5713 3026 5776 turbas
3079 5715 3568 5783 meditabantur,
3628 5729 3832 5790 expe-

590 5811 899 5874 ditionem
946 5814 1226 5891 suscepit
1271 5814 1535 5877 Alexius
1563 5818 1922 5878 Comncnus
1959 5833 1972 5874 :
2023 5815 2208 5892 isque
2250 5832 2278 5868 α
2319 5810 2817 5890 Philippopolim
2853 5809 3172 5882 invectus,
3211 5834 3237 5865 ιθ
3275 5816 3339 5872 nt
3371 5810 3457 5871 ait
3504 5807 3833 5872 Comneua
