4098 6330
592 300 666 366 39
1410 284 1634 348 BERN.
1681 282 1946 347 mare
1988 282 2086 344 DE
2126 277 2413 343 RUBEIS
2452 272 2958 339 DISSERTATIO
3259 248 3265 251 ⁷
3770 270 3843 345 to

590 429 729 472 nem
759 410 1034 477 servant,
1066 401 1346 464 excitant
1378 400 1571 462 bonas
1595 405 1788 471 artes,
1847 396 2064 476 quovis
2106 400 2387 470 sumptu,
2423 389 2643 469 quovis
2678 388 2932 467 prwmio
2978 386 3247 467 faciunt,
3303 396 3377 450 ut
3407 407 3541 471 qua
3565 402 3846 455 veterum

592 505 848 571 Graecia:
883 500 1144 561 Patrum
1168 504 1567 557 monumenta
1597 492 2020 565 celebrantur,
2062 499 2116 551 et
2141 490 2254 552 hac
2280 498 2459 549 (etate
2491 485 2740 548 minime
2759 484 3198 548 desideremus.
3245 509 3273 543 ››

678 604 726 663 Ε
756 599 1020 679 regione
1054 594 1253 657 Graeci
1291 600 1503 653 textus
1539 598 1777 668 prostat
1806 589 2024 651 Latina
2057 587 2292 656 versio,
2326 600 2516 663 quam
2566 586 2910 646 Montanus
2978 583 3377 663 recognovit,
3453 583 3847 649 lectionibus

598 698 818 767 variis,
849 710 1008 775 quas
1040 692 1158 753 iste
1184 690 1546 769 conjecerat
1584 687 1651 750 in
1684 686 2068 765 marginem,
2092 685 2160 747 in
2208 682 2431 745 Latina
2467 680 2772 742 versione
2804 680 3178 758 assumptis.
3218 682 3606 744 Parisiensis
3639 683 3849 747 editor

598 790 784 869 siglis
810 789 938 847 illis
968 785 1290 845 iudicatur
1321 784 1371 843 Ι.
1400 785 1468 844 Ρ.
1503 798 1646 861 quae
1676 780 1741 842 in
1772 778 1988 860 Operis
2013 780 2220 839 fronte
2253 777 2719 857 inspiciuntur.
2770 776 2927 856 Ejus
2964 777 3321 841 oscitantiaa
3355 779 3612 858 insigne
3663 778 3850 843 affert

598 884 966 962 exemplum
1019 880 1351 943 Simouius
1409 896 1487 941 ex
1550 877 1772 939 Latina
1830 873 2361 954 interpretatione
2421 873 2539 935 loci
2600 872 2937 952 cujusdam
3004 872 3068 934 in
3108 874 3337 953 El0gio
3387 876 3588 937 sancti
3621 876 3845 938 Marci.

598 980 794 1046 (ἰτωοί
828 987 1065 1050 textus,
1097 977 1207 1056 qui
1252 973 1689 1053 Sophronium
1711 980 2035 1035 auctorem
2072 969 2216 1033 habt

2240 978 2283 1041 ι,
2316 970 2507 1033 verba
2536 978 2687 1031 sunt
2721 991 2736 1031 :
2770 979 2883 1035 Καὶ
2912 981 2981 1051 τῇ
3014 979 3316 1051 Ἐκκλησίᾳ
3345 981 3849 1052 ἀναγνωσοησόμε-

598 1102 686 1141 νον
715 1085 1041 1146 αὐθεντίσας
1071 1082 1303 1147 ἐξέδωκε
1345 1095 1359 1109 ·
1398 1088 1544 1151 quas
1587 1070 1673 1132 ita
1706 1070 1932 1132 Latine
1965 1075 2328 1140 vertuntur,
2352 1078 2535 1147 atque
2562 1067 2861 1129 Ecclesiae
2890 1087 3029 1129 cum
3054 1068 3306 1130 lectoris
3337 1067 3644 1150 dignitate
3673 1072 3845 1132 Mar-

595 1192 739 1238 cum
766 1174 1058 1255 praefecit
1102 1174 1353 1232 Petrus.
1389 1169 1734 1248 lgnorasse
1768 1167 1978 1229 editor
2008 1166 2120 1227 ille
2158 1165 2435 1234 videtur,
2465 1162 2707 1243 praefati
2765 1166 2961 1243 elogii
2992 1164 3191 1233 Graeci
3218 1173 3544 1227 auctorem
3572 1165 3850 1245 Sophro-

597 1272 781 1333 nium
814 1286 1005 1331 unam
1039 1265 1435 1345 impendisse
1485 1280 1773 1343 Operam,
1830 1273 1900 1326 ut
1928 1264 2140 1325 Greece
2189 1260 2563 1323 transferret
2594 1261 2791 1323 sancti
2821 1261 3203 1340 Hieronymi
3279 1261 3512 1323 librum
3553 1262 3641 1322 De
3688 1263 3849 1324 viris

597 1366 984 1430 illustribus.
1020 1365 1215 1425 Porro
1240 1361 1685 1441 Hieronymus
1712 1361 1779 1423 in
1814 1360 2041 1423 Latino
2071 1375 2194 1421 suo
2229 1358 2418 1433 Marci
2490 1357 2721 1437 Elogio
2752 1359 2845 1419 sic
2898 1358 2987 1419 ait
3024 1375 3038 1419 :
3102 1356 3271 1437 quod
3312 1357 3761 1440 (Evangelium
3814 1377 3849 1422 α

596 1465 809 1525 Marco
876 1457 1213 1541 scriptum)
1268 1477 1408 1520 cum
1452 1458 1682 1521 Petrus
1736 1456 2044 1532 audisset,
2097 1455 2446 1537 probavit:
2502 1455 2888 1518 etEcclesiis
2922 1454 3249 1534 legendum
3304 1475 3422 1517 sua
3469 1458 3849 1519 auctoritate

598 1560 792 1623 dedit.
823 1562 1014 1622 Hunc
1037 1560 1225 1621 etiam
1257 1574 1522 1620 sensum
1565 1555 1910 1633 SOphrouii
1950 1565 2166 1618 textus
2194 1552 2497 1631 exprimit
2528 1575 2542 1613 :
2579 1557 2837 1616 Petrum
2872 1570 3129 1631 nempe,
3159 1573 3276 1615 sua
3307 1564 3586 1617 utentem
3618 1562 3846 1615 aucto-

594 1660 809 1729 ritate,
841 1656 1143 1719 Ecclesiae
1165 1655 1491 1734 legendum
1518 1653 1712 1716 Marci
1750 1653 2174 1733 Evangelium
2206 1649 2449 1711 dedisse
2488 1671 2508 1708 :
2555 1650 2821 1712 minime
2859 1667 3034 1725 vero,
3060 1653 3347 1714 Marcum
3378 1652 3678 1712 Ecclesice
3709 1668 3847 1712 cum

596 1752 852 1813 lectoris
913 1750 1224 1829 dignitate
1284 1766 1317 1811 a
1374 1750 1558 1811 Petro
1612 1748 1977 1828 praefectum
2035 1765 2187 1808 esse.
2245 1743 2546 1821 Sphalma
2597 1754 2693 1807 est
2744 1744 2919 1808 nulla
2954 1748 3140 1809 venia
3185 1747 3480 1826 dignum;
3548 1745 3845 1826 Sphalma

598 1846 868 1909 alterum
902 1849 1068 1908 addo
1098 1862 1240 1926 ego,
1267 1843 1438 1924 quod
1475 1842 1542 1904 in
1572 1844 1799 1924 Elogio
1829 1844 2026 1906 sancti
2091 1841 2358 1905 Joannis
2410 1842 2683 1920 apostoli
2733 1850 2796 1903 et
2848 1843 3265 1924 evangelista;
3321 1844 3622 1906 occurrit.
3684 1843 3848 1906 Scri—

603 1953 812 2023 pserat
863 1944 1302 2023 Hieronymus
1361 1940 1449 2000 De
1517 1940 1676 2001 ciris
1739 1939 2101 2002 illustribus
2167 1938 2375 2018 capite
2429 1940 2493 2011 9,
2547 1938 2872 2019 Epistolas
2938 1939 3094 2002 duas
3150 1942 3422 2003 Joannis
3493 1939 3847 2019 presbyteri

595 2040 897 2102 asseri....
929 2040 1047 2100 etsi
1072 2036 1367 2099 nonnulli
1408 2044 1638 2115 putent
1696 2053 1804 2097 eas
1860 2054 2004 2098 esse
2044 2036 2316 2097 Joannis
2352 2034 2763 2115 evangelista.
2799 2036 3170 2101 Discrimen
3209 2038 3473 2101 alterius
3529 2039 3605 2102 ab
3643 2039 3845 2100 altero

594 2141 841 2201 Joanne
906 2136 1192 2198 retinens
1254 2132 1681 2212 Saphronius,
1741 2134 1955 2195 Graece
2008 2142 2212 2194 verter

2228 2140 2302 2203 Bt,
2345 2141 2593 2195 Ἰωάννου
2644 2141 3042 2214 πρεσϐυτέρου,
3078 2144 3141 2196 et
3199 2142 3450 2197 Ἰωάννου
3482 2139 3578 2196 τοῦ
3613 2142 3846 2211 εὐαγγε-

594 2241 776 2297 λιστου
806 2258 821 2273 ο
857 2235 970 2296 sed
998 2232 1169 2294 hunc
1199 2231 1484 2292 Graecum
1514 2236 1755 2290 textum
1793 2247 2123 2308 perperam
2156 2232 2541 2296 Parisiensis
2570 2234 2777 2297 editor
2805 2235 3023 2297 Latine
3056 2235 3364 2311 reddidit,
3394 2236 3666 2297 Joannis
3695 2254 3847 2316 apo-

595 2331 745 2393 stoli
776 2340 833 2392 et
863 2329 1132 2391 Joannis
1170 2324 1582 2405 ecangelistw,
1631 2341 1701 2386 ac
1734 2326 1788 2385 si
1822 2326 2147 2404 apostolus
2187 2336 2250 2389 et
2279 2331 2658 2409 evangelista
2690 2332 2821 2394 duo
2858 2330 3068 2394 forent
3112 2334 3380 2395 Joannis
3439 2332 3701 2396 nomine
3729 2349 3843 2413 ap-

600 2427 841 2506 pellati.
884 2427 954 2486 ln
988 2424 1276 2485 editione
1314 2424 1555 2482 Veneta
1589 2419 1913 2482 sublatum
1937 2427 2242 2485 mendum
2267 2436 2387 2488 est.

674 2549 858 2608 Joau.
891 2544 1193 2607 Albertus
1228 2543 1563 2605 Fabricius
1591 2549 1775 2606 sexto
1810 2544 2142 2607 volumine
2170 2545 2575 2609 Bibliothecae
2637 2547 2889 2620 Graece,
2930 2566 3069 2630 pag.
3102 2549 3244 2619 288,
3299 2548 3384 2610 ait
3418 2561 3435 2611 ':
3474 2572 3501 2605 «ι
3540 2548 3849 2613 Combeﬁ-

599 2644 737 2705 sius
800 2643 1097 2717 miratur,
1142 2641 1693 2721 Theophylactum
1751 2641 1819 2701 in
1876 2641 2217 2703 Parisiensi

2233 2661 2259 2703 s
2323 2645 2633 2708 editionis
2695 2647 2883 2710 titulo
2919 2648 3152 2717 vocari,
3185 2657 3276 2709 τὸν
3305 2659 3365 2710 ἐν
3395 2656 3572 2725 ἁγίοις
3627 2654 3846 2726 Πατέρα

594 2740 772 2810 ἡμῶν.
836 2742 1017 2803 Certe
1076 2739 1141 2800 in
1176 2741 1459 2801 Romana
1496 2738 1657 2801 nihil
1701 2739 1879 2802 aliud
1912 2749 2006 2802 est
2051 2758 2212 2822 quan

2228 2749 2652 2819 ΙΘεοφυ).ἀκτου
2720 2755 3157 2824 ἀρχιεπισκόπου
3215 2756 3552 2826 Bonl-rapta;
3582 2755 3846 2827 ἑρμηνεία

596 2850 680 2911 εις
734 2850 805 2905 τὰ
864 2852 1110 2919 τέσσαρα
1182 2848 1514 2916 Εὑαγγέλια.
1575 2864 1593 2895 ι
1654 2839 1777 2901 Sed
1840 2840 1970 2900 11ωο
2022 2841 2214 2902 eaden

2227 2858 2243 2900 ι
2301 2842 2515 2917 verba,
2583 2854 3018 2925 prmtereaque
3090 2846 3279 2922 nihil,
3341 2853 3590 2923 praestat
3644 2845 3845 2909 editio

599 2941 1007 3002 Parisiensis.
1072 2940 1456 3002 Combetisio
1514 2954 1668 3001 vero
1726 2937 2088 3015 imponitur
2149 2941 2318 3015 quod
2370 2958 2582 3018 neque
2636 2944 3011 3013 somniavit,
3068 2943 3130 3005 id
3168 2960 3369 3005 unum
3429 2946 3568 3004 suis
3618 2942 3688 3004 in
3736 2960 3846 3005 re-

597 3037 866 3097 censitis
936 3036 1310 3097 auctoribus
1369 3034 1769 3097 Bibliotheca
1830 3034 2095 3096 Patrum
2158 3035 2649 3097 concionatoriw
2704 3038 3032 3115 inquienti
3087 3059 3103 3100 :
3153 3061 3179 3095 α
3224 3039 3423 3101 Miror
3482 3040 3595 3118 qui
3650 3056 3849 3119 agno-

601 3134 836 3206 verint,
873 3150 997 3194 non
1032 3133 1272 3195 veritos
1328 3141 1681 3202 prienotare
1713 3130 1856 3210 ejus
1913 3126 2219 3208 opusculi

2231 3146 2304 3189 lm
2364 3131 2661 3213 aliquod,
2699 3142 2806 3196 Τοῦ
2849 3145 2905 3196 ὲν
2947 3142 3124 3211 ἁγίοις
3181 3144 3399 3215 Πατρὸς
3450 3144 3607 3215 ἡμῶν
3646 3146 3849 3217 Θεοφο-

601 3239 827 3304 λάκτου,
852 3229 1080 3299 Sancti
1098 3230 1311 3291 Patris
1330 3229 1537 3289 nostri
1562 3226 2033 3307 Theophylacti.
2055 3250 2084 3281 »
2109 3227 2640 3292 Prmnotationem
2678 3232 3089 3311 reprehendit
3112 3233 3531 3295 Combeﬁsius
3558 3236 3850 3313 opusculi

599 3327 897 3408 alicujus,
931 3345 1059 3389 non
1099 3328 1481 3388 l'arisiensis
1512 3327 2135 3388 Commentariorum
2179 3327 2245 3386 in
2279 3326 2623 3406 Evangelia
2655 3329 2961 3390 editionis
2999 3350 3013 3388 :
3048 3332 3375 3411 opusculi,
3418 3332 3707 3410 inquam,
3760 3333 3847 3393 De

602 3427 777 3502 regia
807 3424 948 3486 sine
974 3423 1173 3485 dubio
1205 3423 1647 3496 Institutione,
1677 3424 1930 3502 pridem
1989 3424 2162 3501 typis
2218 3424 2372 3485 editi
2431 3441 2463 3485 a
2502 3428 2687 3487 Petro
2720 3429 2992 3491 Possino
3032 3430 3155 3491 sub
3180 3430 3366 3491 titulo
3411 3440 3518 3493 Τοῦ
3554 3440 3608 3491 ὲν
3667 3439 3845 3507 ἁγίοις

598 3530 815 3600 ῐιατρὸς
839 3530 995 3602 ἡμῶν
1026 3528 1430 3599 Θεοφυὶάκτου,
1465 3531 1584 3583 etc.
1626 3522 1734 3581 Ait
1771 3521 1883 3584 ille
1909 3525 2100 3584 etiam
2139 3524 2205 3584 in

2240 3520 2579 3601 marginali
2616 3523 3026 3588 adnotatione
3060 3530 3134 3588 ad
3164 3528 3457 3606 ejusdem
3494 3528 3844 3606 TheOphy-

597 3616 744 3680 lacti
772 3618 1099 3681 homiliam
1132 3620 1201 3679 in
1229 3618 1781 3679 Prwsentationem
1807 3619 2098 3697 Deiparw
2133 3619 2434 3697 Virginis,
2469 3616 2538 3679 in
2576 3620 2881 3683 mantissa
2912 3622 3065 3683 tomi
3106 3624 3241 3685 Vlll
3277 3623 3673 3686 Bibliotheca?
3691 3643 3846 3684 con-

597 3716 963 3775 cionatoriae
992 3734 1013 3776 :
1047 3737 1075 3771 ε
1113 3712 1667 3792 Sapientissimum
1726 3715 2325 3796 (Theophylactum)
2377 3724 2437 3777 et
2493 3715 2624 3778 haec
2677 3718 2887 3795 prodit
2921 3706 3128 3781 oratio
3165 3741 3181 3783 :
3213 3721 3458 3782 utinam
3496 3738 3611 3782 nec
3640 3722 3847 3784 sancti

597 3810 721 3871 alia
755 3813 1133 3892 abrogarent
1164 3811 1462 3871 titulum!
1501 3833 1529 3865 »

2180 4000 2255 4061 Χ.

600 4142 1196 4236 [ΧνΙΙῌῘειΙιοᾷαε
1223 4162 1283 4236 _a
1348 4144 1802 4236 Theophylacto
1855 4158 2103 4236 seruata
2133 4152 2201 4210 in
2232 4151 2765 4236 Commentariis:
2808 4152 2986 4215 breve
3034 4152 3273 4217 scilicet
3312 4157 3379 4217 in
3423 4159 3852 4236 compendium

682 4226 912 4315 passim
952 4224 1266 4315 redigente
1294 4234 1576 4315 sanctum
1604 4224 1908 4315 Joannem
1948 4230 2478 4315 Chrysostomum.
2536 4233 2834 4315 Parciore
2880 4251 3066 4293 manu
3109 4238 3377 4296 aliorum
3432 4224 3675 4315 colligit
3724 4244 3847 4301 ali-

687 4301 943 4393 guando
964 4303 1411 4393 expositiones.
1441 4301 2102 4393 Allegoriisabundat;
2124 4326 2255 4393 quae
2291 4326 2372 4367 an
2408 4328 2613 4393 oinnes
2651 4313 2725 4371 ab
2762 4314 2900 4390 ipso
2929 4316 3223 4391 profecta:
3251 4317 3400 4388 sint,
3433 4335 3513 4375 an
3538 4301 3843 4393 insititia’,

679 4382 1050 4461 inquiritur.
1083 4383 1314 4460 Aliqua
1356 4392 1502 4443 sunt
1536 4388 1806 4461 proprio
1838 4398 2031 4445 marte
2069 4382 2309 4465 scripta
2341 4408 2360 4445 :
2392 4389 2749 4449 Graecorum
2781 4382 3452 4473 Ejus'wci'theologiam
3482 4397 3702 4457 tradit.

689 4544 790 4604 3'7.
840 4541 1392 4623 TheOphylactum
1428 4542 1566 4602 suis
1597 4542 1663 4602 in
1700 4542 2190 4607 Commentariis
2222 4548 2290 4609 in
2320 4550 2665 4629 Evangelia
2698 4552 3031 4632 redegisse
3064 4553 3127 4615 in
3164 4555 3617 4632 compendium
3650 4555 3852 4621 fusio-

612 4657 716 4703 res
778 4636 1049 4699 Joannis
1105 4637 1545 4714 Cbrysostomi
1595 4655 1821 4700 aureas
1869 4643 2330 4719 enarrationes,
2385 4665 2509 4709 una
2565 4660 2625 4709 et
2684 4650 3095 4711 consentiens
3129 4662 3223 4712 est
3254 4650 3845 4734 bibliograpborum

600 4734 1108 4797 animadversio.
1166 4734 1383 4795 Sixtus
1434 4735 1739 4796 Senensis
1793 4736 1857 4797 in
1911 4737 2302 4800 Bibliotheca
2330 4753 2572 4813 sancta,
2611 4744 2775 4807 libro
2804 4764 2889 4819 ιν,
2931 4747 3025 4808 sic
3063 4747 3151 4807 ait
3186 4769 3201 4808 :
3235 4770 3263 4805 α
3294 4750 3363 4809 In
3406 4750 3540 4811 divi
3574 4751 3849 4833 Chryso-

602 4832 795 4929 sgtomi
848 4831 1127 4929 lectione
1186 4830 1299 4891 diu
1338 4831 1746 4910 multumque
1778 4842 2064 4894 versatus
2116 4850 2186 4896 ac
2214 4839 2513 4915 detritus,
2543 4842 2780 4921 redegit
2820 4844 2888 4904 in
2922 4844 3100 4905 breve
3139 4853 3198 4904 et
3242 4854 3530 4926 apertum
3562 4830 3846 4929 compen-

600 4927 793 5000 dium,
822 4928 1004 5007 juxta
1058 4926 1425 4987 historicam
1487 4928 1998 5006 intelligentiam,
2042 4932 2361 5011 quidquid
2401 4936 2798 4999 admirabilis
2838 4939 2945 5001 ille
2984 4944 3166 5003 Pater
3216 4961 3293 5003 ex
3327 4960 3527 5005 aureo
3558 4926 3844 5018 suo—ore.

605 5025 801 5085 veluti
857 5041 941 5084 ex
996 5022 1558 5085 abundantissimo
1592 5028 1795 5098 fonte,
1832 5025 1895 5085 in
1930 5031 2334 5104 exponendis
2366 5034 2716 5111 Scripturis
2752 5039 2988 5098 sanctis
3019 5038 3356 5113 effuderat,
3407 5046 3848 5118 prietermissis

610 5122 764 5181 locis
808 5120 1259 5193 communibus,
1295 5121 1359 5179 in
1399 5123 1636 5199 quibus
1671 5122 1773 5183 ille
1811 5124 2016 5200 plenis
2050 5124 2438 5205 eloquentia)
2468 5129 2628 5191 velis
2661 5148 3005 5195 excurrere
3039 5137 3400 5197 consuevit.
3439 5162 3468 5194 ››

688 5238 852 5297 .[linc
892 5253 1037 5297 vero
1071 5239 1137 5297 in
1173 5236 1505 5297 codicibus
1542 5239 1996 5318 manuscriptis
2028 5242 2295 5321 inscript

2234 5244 2484 5321 ptiones
2508 5243 2888 5324 hujusmodi
2928 5257 3152 5325 prtesto
3184 5258 3336 5312 sunt
3362 5275 3375 5313 :
3397 5262 3848 5331 Θεοφυλέκτου...

602 5339 871 5410 Ἐπιτομὴ
898 5342 1004 5395 τῶν
1041 5342 1127 5394 τοῦ
1148 5342 1541 5412 Χρυσοστὸμου
1593 5341 1969 5415 Ἐξηγητικῶν
2005 5350 2082 5411 εἰς
2111 5352 2171 5401 τὸ
2195 5367 2220 5400 κ

2236 5352 2336 5403 ατὰ
2368 5351 2582 5403 Λουκᾶν
2619 5352 2970 5420 Εὖαγγέὶιον,
3011 5347 3530 5426 Theophylacti...
3556 5352 3854 5431 Compen-

605 5429 774 5489 dium
807 5432 1403 5491 Commentariorum
1440 5432 1871 5508 Chrysostomi
1906 5436 1971 5495 in
2001 5437 2408 5515 Evangelium
2442 5439 2781 5499 secundum
2825 5440 3075 5504 Lucam.
3124 5446 3236 5504 \‘el
3288 5452 3559 5526 Ἐπιτομὴ
3579 5429 3853 5528 τῶν-Ἐξ-

603 5538 890 5605 ηγητικῶν
930 5538 1011 5601 εἰς
1041 5538 1102 5590 τὸ
1137 5538 1279 5591 κατὰ
1309 5537 1589 5591 Ματθνῑον
1616 5538 1980 5608 Εὑαγγέλιον,,
2018 5533 2221 5612 Epito:

2234 5552 2305 5594 ne
2356 5536 2959 5599 Commentariorum
3026 5539 3523 5623 (sabintellige,
3581 5550 3852 5613 Joannis

603 5624 1054 5703 Chrysostomi)
1086 5625 1153 5686 in
1190 5624 1597 5703 Etangelium
1626 5626 1935 5690 Matthazi.

681 5720 777 5781 38.
828 5722 945 5779 Sed
984 5722 1140 5782 alios
1176 5721 1392 5792 etiam,
1436 5723 1722 5800 parciore
1756 5725 2019 5803 quidem
2057 5745 2271 5805 manu,
2321 5729 2669 5809 scriptores
2715 5732 3233 5814 interpretesque
3264 5745 3554 5799 vetustos
3598 5740 3676 5801 ab
3710 5739 3854 5819 ipso
