4098 6330
236 383 295 447 ιι
504 425 506 428 .
1057 370 1155 431 DE
1192 364 1777 431 TIIEOPIIYLACTI
1820 363 2097 425 GESTIS
2136 362 2233 425 ET
2273 362 2641 427 SCRIPTIS.
3446 368 3516 432 42

234 495 571 570 decerptos
607 483 957 566 aliquando
1019 481 1251 553 fuisse,
1309 478 1583 540 dubium
1644 472 1902 535 nullum
1937 488 2080 532 esse
2138 472 2329 535 debet
2365 493 2381 532 :
2414 488 2559 533 cum
2604 469 3011 553 perantiquis
3059 471 3122 534 in
3178 472 3510 554 aliquibus

234 568 512 660 Catenis,
546 584 891 648 adnotante
926 578 1216 641 Simonio
1258 592 1397 654 pag.
1432 573 1571 643 ΙιΟΟ,
1628 570 1813 650 plura
1845 568 2281 638 oﬂ‘endantur,
2335 588 2483 647 quae
2522 569 2829 631 similiter
2883 570 3054 647 apud
3095 570 3513 653 TheOphyla-

233 693 400 749 ctum
435 687 806 747 occurrunt.
851 673 1473 740 Commentariorum
1517 670 1659 749 ejus
1691 669 1760 729 in
1807 665 2219 745 Evangelium
2270 667 2542 727 Joannis
2600 665 2788 728 affert
2840 666 3142 729 laudatus
3182 666 3517 733 Simonius

232 782 543 851 codicem,
576 779 676 840 his
716 774 1099 853 inscriptum
1124 769 1339 832 verbis
1376 786 1389 829 :
1435 776 1739 846 Ἐρμηνεία
1791 790 1850 827 το

1923 770 2083 839 ἁγίου
2142 789 2247 842 μου
2288 772 2560 826 δεσπότου
2619 773 2715 827 καὶ
2762 772 3029 828 αὐθέντου
3080 778 3515 848 μακαριωτάτου

230 876 665 950 ἁρχιεπισκόπου
724 869 896 943 κυροῦ
948 867 1358 936 Θεοφυλάκτου,
1390 863 1712 917 συντεθεῖσα
1763 865 1827 950 ἐξ(
1868 860 2145 931 διαφόρων
2188 860 2365 928 ἁγίων
2418 862 2499 927 εἰς
2544 863 2610 949 rb
2647 863 2793 916 κατὰ
2846 862 3109 936 Ἰωάννην
3154 864 3514 935 Εὐαγγέλιον,

236 945 683 1044 [interpretatio
719 958 925 1019 sancti
952 956 1191 1018 domini
1233 954 1352 1013 mei
1383 962 1440 1013 et
1470 948 1960 1043 auctoris'beati
1992 952 2464 1031 archiepiscopi
2504 945 2747 1015 domini
2782 955 3259 1033 Theophylacti,
3294 959 3514 1039 con/e-

232 1072 327 1123 cta
361 1079 439 1121 ea:
470 1057 738 1119 diversis
778 1062 1144 1115 sanctorum
1175 1049 1497 1129 operibus,
1534 1049 1603 1109 in
1633 1047 2049 1125 Evangelium
2090 1049 2299 1109 sancti
2323 1050 2618 1112 Joannis.
2657 1050 2951 1113 Titulum
2998 1054 3209 1113 sancti
3250 1060 3312 1115 et
3348 1052 3519 1116 beati

233 1164 651 1235 praenotatum
685 1171 719 1216 a
761 1155 981 1216 Graaco
1025 1148 1289 1209 librario
1322 1147 1759 1208 animadverte
1795 1165 1811 1206 :
1846 1159 1919 1206 ac
1958 1145 2163 1222 disce,
2204 1146 2660 1227 hujuscemodi
2694 1149 2920 1211 titulos
2955 1150 3022 1212 in
3063 1150 3290 1213 oculos
3323 1153 3515 1215 etiam

210 1253 553 1316 Francisci
610 1246 1007 1320 Combeﬁsii,
1065 1245 1183 1325 qui
1238 1244 1496 1307 codices
1545 1241 1877 1315 lustrabat,
1930 1242 2224 1307 incidere
2276 1245 2595 1325 potuisse,
2630 1261 2701 1309 ac
2742 1262 2850 1308 eas
2887 1254 3194 1326 prteterea
3231 1265 3423 1312 voces
3458 1255 3518 1307 tv

226 1359 423 1431 ἁγίοις.
464 1350 623 1412 Vide
656 1366 722 1410 n.
751 1349 856 1410 36.

298 1448 400 1510 39.
451 1444 803 1525 Allegoriis
836 1440 1362 1522 TheOphylactus
1399 1438 1705 1499 abundat.
1735 1436 2072 1500 Iudicium
2104 1436 2227 1502 fert
2259 1439 2809 1518 OEcolampadius
2837 1456 2951 1504 sua
2990 1442 3052 1504 in
3086 1440 3467 1505 Prmfalione
3497 1466 3514 1505 :

226 1570 253 1603 α
288 1548 362 1608 In
396 1544 753 1624 allegoriis,
818 1540 1159 1621 inquiens,
1210 1539 1332 1601 etsi
1384 1554 1515 1600 non
1566 1536 1815 1615 ubique
1851 1534 2131 1611 solidus,
2164 1536 2502 1617 jucundus
2551 1546 2765 1602 tamen
2806 1546 2927 1603 est.
2973 1562 3003 1597 κν
3052 1538 3153 1602 Sic
3193 1540 3389 1603 etiam
3428 1542 3517 1603 ait

222 1643 440 1705 Sixtus
473 1639 787 1705 Senensis
822 1641 963 1701 loco
994 1637 1188 1699 citato
1241 1656 1284 1697 :-
1310 1656 1339 1691 κ
1399 1633 1763 1713 Allegorias
1797 1648 2088 1714 quoque,
2124 1650 2273 1697 cum
2310 1642 2421 1699 aut
2467 1636 2709 1710 nullas,
2762 1644 2873 1699 aut
2906 1654 3080 1699 raras
3112 1636 3285 1715 apud
3320 1639 3517 1717 Chry-

222 1747 586 1803 sostomum
616 1736 1001 1810 invenisset,
1048 1750 1129 1796 ex
1164 1730 1437 1795 aliorum
1471 1729 1957 1793 commentariis
2004 1729 2361 1810 supplevit,
2406 1740 2469 1796 et
2501 1733 2641 1796 suis
2683 1732 2845 1797 locis
2878 1733 3215 1814 aptissime
3267 1750 3519 1798 accom-

224 1835 535 1897 modavit.
580 1859 609 1892 ι)

300 1931 397 1993 Ex
430 1930 527 1993 his
568 1929 915 2009 irrepsisse
954 1927 1300 2007 plerasque
1340 1923 1409 1985 in
1459 1928 1703 1986 textum
1738 1941 1817 1985 ex
1851 1926 2121 1991 sclioliis
2157 1926 2647 2008 marginalibus,
2696 1927 2957 2006 putabat
2993 1926 3333 1992 Simonins
3368 1925 3515 1989 loco

228 2028 471 2107 sapius
504 2027 720 2101 citato,
758 2042 896 2106 pag.
932 2024 1072 2087 392.
1104 2024 1182 2082 V.
1217 2038 1278 2101 g.
1312 2020 1435 2082 sub
1466 2018 1730 2081 initium
1764 2021 2216 2089 Commentarii
2249 2044 2444 2106 super
2480 2026 2871 2098 Matthwum,
2907 2032 3194 2107 quatuor
3231 2024 3515 2101 legimus

223 2123 577 2204 Evangelia
614 2122 853 2202 scripta
904 2136 1075 2196 esse,
1114 2141 1143 2174 α
1182 2116 1284 2179 vel
1341 2115 1493 2179 ideo
1542 2117 1697 2196 quia
1749 2128 2031 2198 quatuor
2080 2123 2354 2186 virtutes
2390 2122 2801 2192 universales
2850 2140 2931 2184 ex
2972 2121 3071 2185 eis
3112 2122 3512 2185 discimus...

222 2223 433 2302 Atque
466 2222 660 2284 etiam
693 2220 818 2282 alia
851 2221 1125 2291 ratione,
1155 2221 1497 2293 prOpterea
1530 2214 1705 2293 quod
1737 2214 1860 2279 ista
1892 2220 2120 2282 mundi
2156 2226 2309 2283 sunt
2341 2219 2740 2283 columnae...
2780 2221 2853 2282 Et
2876 2219 3001 2282 alia
3036 2219 3187 2281 item
3236 2218 3516 2289 ratione,

221 2318 532 2398 quoniam
583 2326 867 2397 quatuor
922 2315 1054 2378 haec
1106 2309 1653 2389 complectuntur,
1709 2312 2033 2393 dogmata,
2090 2325 2431 2398 praecepta,
2495 2316 2706 2378 minas
2764 2322 2828 2379 et
2912 2314 3512 2394 pollicitationes.»

219 2414 419 2496 Atqui
463 2431 642 2488 vero,
702 2414 996 2478 Simonio
1029 2416 1215 2485 teste,
1276 2408 1481 2471 codex
1537 2409 1720 2473 adest
1772 2413 1841 2475 in
1884 2410 2238 2477 Parisiensi
2274 2413 2476 2493 Regia
2516 2411 2946 2488 Bibliotheca,
3005 2412 3116 2474 ubi
3166 2412 3514 2493 allegorica

219 2512 384 2574 ratio
415 2512 615 2576 altera
661 2528 733 2575 ac
765 2511 954 2574 tertia
987 2508 1446 2572 desiderantur
1483 2528 1499 2567 :
1541 2514 1602 2569 et
1632 2507 1813 2571 adest
1844 2509 2038 2584 alius,
2075 2510 2143 2572 in
2184 2527 2316 2589 quo
2359 2528 2478 2572 nec
2516 2510 2718 2589 prima
2751 2526 2870 2572 nec
2906 2510 3091 2573 tertia
3136 2523 3512 2582 occurrunt,

218 2614 592 2695 legiturque
632 2611 828 2674 altera
866 2617 1143 2673 tantum.
1193 2608 1713 2688 Manuscriptum
1776 2607 1844 2668 in
1915 2605 2348 2685 evangelistas
2402 2604 2857 2687 Theophylacti
2909 2607 3257 2685 Prologum
3290 2606 3417 2667 vidi
3455 2616 3518 2666 et

218 2728 364 2791 ego,
406 2728 487 2774 ex
528 2710 820 2773 Cassareo
851 2706 1345 2769 Vindobonensi
1401 2706 1626 2769 codice
1674 2703 2100 2783 descriptum,
2160 2702 2229 2766 in
2285 2722 2418 2784 quo
2471 2704 2785 2784 allegoria
2827 2722 2910 2766 ex
2961 2713 3246 2784 quatuor
3286 2705 3517 2765 mundi

220 2807 511 2888 partibus
553 2807 898 2882 desumpta
932 2820 1063 2865 non
1098 2802 1392 2865 habetur.
1435 2804 1625 2865 Hunc
1659 2806 1969 2863 memorat
2014 2801 2303 2865 codicem
2361 2802 2698 2864 Nesselius
2731 2801 2797 2862 in
2840 2799 3173 2879 Catalogo,
3211 2808 3389 2879 parte
3427 2819 3513 2872 IV,

216 2922 280 2969 n.
316 2905 462 2967 271.
502 2904 681 2965 Hauc
732 2900 1024 2963 eamdem
1076 2899 1581 2979 praetermittunt
1610 2896 1988 2978 allegoriam
2026 2898 2256 2962 Veneti
2296 2897 2558 2962 codices
2591 2896 2908 2961 Marciani
2949 2897 3105 2970 duo,
3143 2896 3517 2961 tricesimus

214 3018 287 3066 ac
320 3001 692 3065 tricesimus
745 3000 993 3080 primus
1037 3016 1051 3058 :
1095 2999 1391 3078 adeoque
1432 2994 1811 3067 huiusmodi
1871 2992 2199 3075 allegorias
2243 2994 2642 3075 multiplices
2678 2995 2749 3057 in
2803 2995 2926 3060 hoc
2958 2993 3102 3058 loco
3140 3003 3205 3058 et
3250 2995 3319 3058 in
3364 2996 3518 3059 aliis

212 3106 538 3177 suspectae
567 3097 883 3160 evadunt.
914 3094 1162 3169 Quidni
1192 3109 1347 3156 vero
1384 3092 1464 3155 de
1494 3091 1792 3155 codicum
1844 3094 2062 3171 potius
2093 3094 2596 3175 imperfectione
2628 3101 2740 3158 aut
2773 3094 3190 3158 mutilatione
3229 3114 3314 3160 ex
3347 3097 3521 3160 osci-

217 3196 421 3259 tantia
481 3195 843 3258 scribarum
900 3193 1369 3272 suspicandum
1426 3189 1667 3253 fuerit?
1712 3192 1981 3255 Rectum
2044 3193 2400 3271 pendet-ex
2437 3202 2734 3255 accurata
2766 3200 3177 3259 vetustorum
3228 3193 3516 3274 plurium

214 3294 544 3369 codicum,
578 3301 642 3355 et
676 3294 861 3355 bona;
896 3299 1086 3363 notas,
1110 3290 1461 3371 judicium.

294 3392 399 3455 1ιο.
448 3392 525 3454 In
564 3389 743 3453 hisce
776 3389 1274 3453 Commentariis
1326 3386 1467 3449 suis
1519 3402 1649 3449 non
1685 3401 1885 3467 pauca
1938 3390 2266 3445 auctorem
2318 3384 2587 3464 prOprio
2623 3391 2823 3448 marte
2856 3384 3246 3461 inseruisse,
3285 3393 3396 3450 aut
3447 3388 3517 3448 in

218 3489 514 3568 ipsarum
572 3489 1105 3567 interpretatione
1167 3483 1677 3557 Scripturarum,
1733 3488 1843 3543 aut
1896 3482 1961 3543 in
2006 3480 2311 3544 vindiciis
2369 3489 2557 3545 recta;
2608 3472 2759 3543 fidei
2810 3484 3155 3545 adversum
3212 3485 3515 3555 haereses,

213 3603 379 3666 quas
410 3585 901 3666 Opportunitate
934 3585 1075 3646 data
1122 3587 1434 3646 memorat
1471 3596 1544 3643 ac
1580 3578 1840 3655 refellit,
1867 3578 2303 3641 dubitandum
2336 3594 2467 3643 non
2493 3587 2611 3641 est.
2652 3579 2819 3642 Hinc
2853 3580 3047 3643 etiam
3082 3582 3517 3645 Combetisius

213 3684 281 3746 in
319 3700 462 3746 suae
496 3678 904 3743 Bibliotheca
930 3680 1425 3743 concionetoriw
1455 3675 1835 3741 auctoribus
1868 3674 2215 3738 recensitis
2248 3674 2553 3737 admonet
2583 3675 2849 3753 [XVIII]
2878 3678 3060 3755 plura
3092 3694 3163 3739 se
3193 3695 3270 3739 ex
3307 3678 3519 3741 Theo-

216 3779 525 3861 phylacto
553 3778 917 3841 inseruisse
948 3778 1163 3841 eidem
1197 3774 1641 3849 Bibliothecte,
1696 3794 1724 3829 α
1767 3772 1878 3835 ubi
1917 3773 2272 3852 praesertim
2313 3773 2410 3837 vel
2447 3774 2895 3855 Chrysostomi
2934 3778 3264 3858 expositio
3303 3779 3513 3851 deest,

216 3879 315 3943 vel
367 3880 513 3958 ipse
561 3876 849 3940 abundat
889 3899 917 3933 ιο
947 3876 1480 3954 archiepiscopus
1520 3871 1864 3953 Bulgariae.
1918 3870 2285 3938 Peculiarés
2328 3870 2593 3935 demum
2625 3872 2909 3952 aliquas,
2949 3894 3096 3955 quas
3128 3877 3300 3957 apud
3340 3878 3518 3941 cm-

210 3991 322 4039 cos
356 3975 798 4046 invaluerant,
836 3973 1057 4035 minus
1095 3972 1162 4034 in
1202 3971 1529 4050 theologia
1574 3969 1894 4049 probatas,
1958 3966 2372 4046 amplectitur
2414 3968 2749 4029 doctrinas
2785 3992 2800 4030 :
2836 3981 3185 4054 movetque
3247 3984 3513 4037 contro-

210 4073 465 4136 versias
498 4076 683 4135 aetate
721 4085 839 4131 sua
878 4069 1192 4151 vigentes.
1225 4068 1596 4147 Specimina
1630 4065 1929 4128 dabimus
1969 4062 2157 4125 infra.

1807 4259 1913 4320 ΧῘ.

207 4412 751 4497 Commentariun:
796 4411 867 4472 in
916 4413 1075 4497 Acta
1120 4411 1805 4497 apostolorumAGravcc
1842 4424 1919 4497 _et
1955 4412 2179 4497 La_tinc
2208 4414 2494 4497 vulgavit
2527 4412 2918 4497 Laurentius
2953 4417 3241 4497 Si/‘anius
3274 4442 3293 4481 :
3334 4422 3518 4485 codi-

290 4489 767 4574 ces,__ed_itio_ncs
796 4509 867 4552 ac
904 4489 1215 4574 specimen
1254 4496 1489 4574 operis.
1532 4490 1997 4574 Christophoro
2018 4493 2299 4574 Porsena
2320 4489 2693 4574 interprete,
2729 4493 2977 4574 prodiit
3008 4489 3513 4564 Commentarius

289 4573 362 4633 in
403 4568 744 4649 Epistolas
775 4568 981 4649 sancti
1008 4569 1199 4633 Pauli
1244 4568 1358 4632 sub
1408 4571 1661 4631 nomine
1694 4568 2050 4646 Athanasii,
2072 4570 2315 4635 scilicet
2349 4568 2799 4636 Aleiandrini.
2835 4573 3127 4636 Latinam
3162 4580 3515 4641 versionem

290 4648 768 4733 recognoscant
792 4648 1141 4733 Lonicerus
1176 4659 1233 4733 et
1278 4651 1635 4717 Montanus,
1652 4668 1725 4710 ac
1751 4652 2225 4733 ATheophylacto
2264 4670 2423 4733 opus
2451 4652 2849 4733 adjudicant.
2900 4654 3155 4716 Tribuit
3190 4656 3357 4719 illud
3393 4659 3513 4719 Ln-

290 4727 506 4792 tinius
539 4727 885 4809 4thanasio
918 4729 1230 4809 Byzantio
1273 4750 1292 4787 :
1322 4746 1456 4809 quae
1486 4730 1801 4790 sententia
1838 4727 2166 4809 refutatur
2198 4727 2483 4809 codicum
2519 4727 2795 4793 maxime
2825 4736 3233 4796 auctoritate.
3283 4738 3510 4801 Editio

287 4807 778 4871 Graeco-Latina
809 4805 1229 4870 Londinensis
1261 4830 1280 4877 ,-
1319 4805 1512 4888 deque
1550 4810 1688 4887 ipso
1732 4805 2197 4872 Commentario
2229 4806 2576 4891 judicium.

289 4959 393 5020 ιιι.
447 4960 545 5019 Ex
579 4957 803 5020 codice
834 4956 991 5020 olim
1039 4956 1310 5019 Joannis
1359 4954 1680 5029 Sambuci,
1726 4964 1945 5035 postea
1985 4958 2275 5021 Caesareo
2320 4960 2843 5035 Vindobonensi,
2880 4964 2992 5040 qui
3029 4966 3202 5044 apud
3241 4969 3510 5031 Lambe-

210 5054 390 5115 cium
426 5052 632 5134 _libro
665 5072 701 5115 v
734 5058 1113 5116 numeratur
1167 5052 1310 5125 222,
1360 5053 1602 5132 prodiit
1674 5054 2151 5132 Theophylacti,
2210 5054 2500 5118 Achridos
2533 5056 2603 5118 in
2646 5056 2957 5137 Bulgaria
3012 5062 3509 5146 archiepiscopi,

218 5150 574 5231 Expositio
610 5152 680 5212 in
713 5150 869 5211 Acta
899 5148 1359 5230 apostolorum,
1394 5150 1611 5213 Greece
1643 5159 1704 5211 et
1748 5151 1998 5224 Latine,
2042 5152 2264 5214 studio
2296 5160 2357 5215 et
2403 5169 2597 5232 Opera
2631 5155 2963 5217 Laurentii
3003 5157 3233 5221 Sifanii
3274 5163 3515 5225 Pruns-

213 5244 401 5322 feldi,
440 5248 503 5308 J.
559 5247 629 5309 U.
670 5248 768 5321 D.,
803 5248 1082 5311 Colonia:
1105 5247 1279 5327 apud
1305 5246 1573 5308 hwredes
1609 5247 1880 5311 Arnoldi
1925 5248 2332 5312 Birckmanni
2362 5270 2527 5312 anno
2580 5250 2755 5328 1567,
2796 5253 2908 5315 fol.
2951 5255 3249 5320 Praefatio
3278 5258 3514 5341 legitur

212 5342 308 5406 Ad
344 5343 604 5405 nobiles
640 5353 696 5403 et
738 5362 1073 5423 generosos
1120 5344 1485 5424 magniﬁcos
1542 5346 1736 5420 viros,
1792 5347 2077 5408 dominos
2128 5348 2417 5409 Marcum
2454 5356 2509 5409 et
2542 5350 2855 5411 Joannem
2887 5353 3216 5432 Fuggeros
3244 5359 3511 5436 fratres,

209 5441 489 5503 Antonii
510 5439 703 5519 ﬁlios,
738 5441 1147 5521 Kirchbergw
1176 5450 1234 5503 et
1284 5441 1749 5507 Weissenborni
1779 5444 2080 5506 barones.

289 5540 541 5601 Praeter
588 5537 761 5602 hunc
791 5538 1393 5614 Vindobonensem,
1450 5548 1759 5604 memorat
1811 5542 2180 5606 Bernardus
2236 5544 2767 5610 Montfauconius
2816 5551 3187 5616 Mediccum
3227 5557 3515 5618 Lauren-

212 5637 820 5723 tianumocodicem,
865 5640 929 5701 in
986 5638 1376 5701 Bibliotheca
1426 5638 1949 5702 bibliothecarum
2001 5659 2149 5702 mss.
2206 5640 2438 5717 Nullus
2472 5644 2642 5723 apud
2704 5645 3196 5729 bibliographos
3227 5634 3511 5721 occurrit

212 5733 371 5797 mihi
406 5734 613 5806 alius,
651 5736 763 5815 qui
797 5735 1100 5798 eumdem
1140 5743 1390 5814 prmstet
1427 5738 1959 5801 Commentarium
1994 5761 2013 5799 :
2055 5757 2172 5802 nec
2208 5740 2416 5805 ullum
2456 5744 2742 5823 reperire
2774 5763 2845 5808 se
2881 5748 3174 5826 potuisse
3207 5749 3272 5812 in
3307 5752 3508 5832 Regia

215 5832 577 5897 Parisiensi
610 5833 1031 5902 Bibliotheca,
1070 5834 1400 5895 Simonins
1444 5842 1732 5897 testatur.

596 5939 861 6002 Ριτκοι..
906 5942 1022 6001 tia.
1070 5939 1355 6002 CXXIII.

3092 5954 3132 6013 2
