4098 6330
625 394 697 462 ιτς
1435 396 1664 460 BERN.
1707 394 1980 457 MARUE
2016 395 2114 457 DE
2156 392 2442 456 RUBEIS
2487 390 2993 455 DISSERTATIO
3804 379 3874 447 ιι

715 505 999 570 Latinam
1037 510 1279 569 tantum
1315 505 1663 569 editionem
1694 504 1797 566 his
1825 501 2223 565 Possevinus
2260 500 2471 564 vernis
2504 507 2808 565 memorat
2842 518 2907 563 in
2939 500 3276 586 Apparatu
3308 513 3516 571 sacra,
3559 500 3733 558 tomo
3764 492 3820 556 ll
3854 512 3871 553 :

633 626 663 660 α
697 601 1148 666 Enarrationes
1192 617 1346 665 vero
1378 602 1441 663 in
1474 604 1627 664 Acta
1662 598 2182 677 apostolorum...
2220 598 2440 660 Latine
2474 596 2774 677 Philippo
2814 598 3120 659 Montano
3152 602 3212 657 et
3246 592 3604 657 Laurentio
3631 588 3875 654 Sifanio

631 692 1119 784 interpretibus,
1150 715 1318 779 anno
1345 700 1521 773 1570,
1562 697 1851 760 Basileae.
1893 721 1919 753 ι
1951 696 2222 758 Fallitur
2263 696 2360 757 vir
2389 696 2641 760 doctus.
2697 691 3089 759 Basileensis
3124 691 3254 754 hinc
3283 690 3435 753 anni
3476 690 3631 753 1570
3676 688 3875 751 editio

632 795 914 870 in-folio,
948 810 1091 878 quae
1122 794 1358 875 prodiit
1389 815 1469 857 ea:
1501 795 1756 875 ofﬁcina
1797 794 2201 872 Hervagiana
2245 810 2366 872 per
2399 791 2740 855 Eusebium
2783 790 3216 870 Episcopium,
3268 803 3397 850 non
3429 784 3877 864 complectitur

631 894 842 957 solum
894 894 1351 957 Enarrationes
1406 893 1858 974 Tlteopltylacti
1896 892 1964 954 in
2022 890 2181 953 Acta
2225 890 2684 970 apostolorum,
2725 905 2950 952 verum
3011 886 3200 947 etiam
3244 882 3755 947 Commentarios
3809 883 3881 946 in

633 989 976 1070 Evangelia
1006 997 1067 1052 et
1111 992 1179 1052 in
1227 989 1554 1071 Epistolas
1608 989 1839 1061 Pauli,
1882 995 1943 1053 et
2001 988 2069 1051 in
2118 996 2390 1067 quatuor
2422 988 2770 1066 prophetas
2800 985 3094 1058 minores,
3130 1000 3202 1045 ac
3254 982 3393 1044 loco
3457 988 3781 1059 postremo
3811 979 3878 1042 in

631 1088 787 1150 Acta
840 1083 1297 1167 apostolOrum.
1337 1086 1431 1149 Ad
1476 1083 1760 1165 Philippi
1793 1082 2091 1151 Montani
2131 1101 2345 1147 curam
2386 1100 2777 1162 aperamque
2838 1100 2963 1144 una
2996 1086 3241 1161 spectat
3275 1078 3775 1141 Enarrationum
3809 1075 3873 1138 in

632 1184 977 1265 Evangelia
1010 1193 1071 1249 et
1099 1185 1164 1246 in
1199 1183 1518 1263 Epistolas
1557 1182 1741 1247 Pauli
1796 1180 2159 1262 recognitio
2200 1189 2263 1243 et
2294 1182 2662 1246 emendatio
2698 1204 2712 1242 :
2753 1180 2867 1242 sed
2902 1197 3071 1243 unus
3118 1187 3214 1242 est
3255 1174 3879 1241 Commentariorum

632 1302 696 1347 ιη
731 1282 1074 1365 praphetas
1108 1284 1426 1361 interpres
1456 1286 1736 1348 Joannes
1766 1282 2120 1346 Lonicerus
2157 1305 2170 1343 :
2205 1299 2275 1344 ac
2305 1281 2501 1343 unius
2533 1280 2725 1341 etiam
2767 1277 3097 1340 Laurentii
3133 1274 3355 1338 Sifanii
3390 1275 3613 1335 Latina
3663 1270 3881 1335 versio

633 1381 1125 1462 Expositionum
1157 1380 1226 1442 in
1253 1380 1477 1444 eadem
1498 1380 1944 1460 apostolorum
1978 1384 2153 1443 Acta.
2182 1378 2615 1442 Hincibidem
2647 1375 2873 1438 titulus
2907 1382 3002 1438 est
3037 1398 3050 1436 :
3092 1370 3539 1454 Theophylacli
3560 1368 3884 1449 Bulgaria!

629 1476 1098 1557 archiepiscopi
1130 1476 1611 1557 Explicatio'nes
1643 1479 1710 1540 in
1746 1476 1904 1542 Acta
1932 1476 2388 1556 apostolorum,
2426 1475 2669 1536 concise
2712 1492 2783 1533 ac
2822 1471 3096 1534 breviter
3132 1490 3211 1532 ex
3244 1470 3547 1532 Patribus
3580 1465 3880 1540 collecta,

630 1574 975 1639 Laurentio
1017 1573 1264 1655 Sifanio
1307 1573 1715 1655 Prunsfeldio
1752 1576 1815 1637 Ι.
1856 1575 1925 1637 U.
1959 1562 2035 1635 D.
2072 1577 2442 1654 interprete.

710 1674 1035 1737 Collectus
1067 1690 1146 1733 ex
1178 1672 1477 1735 Patribus
1510 1671 2023 1736 Commentarius
2054 1671 2295 1733 dicitur
2329 1695 2341 1733 :
2377 1672 2639 1752 ipsique,
2664 1670 2926 1750 proprio
2949 1667 3359 1758 appellantur
3383 1665 3646 1730 nomine
3670 1663 3877 1744 Chry-

628 1778 962 1843 sostomus,
1003 1768 1335 1847 Didymus,
1366 1768 1655 1844 Severus,
1688 1769 2084 1843 Severianus,
2123 1768 2424 1849 Cyrillus.
2464 1768 2802 1847 Prologus,
2843 1768 2953 1846 qui
2996 1765 3369 1844 praemissus
3400 1764 3580 1843 Operi
3617 1768 3881 1838 prostat,

630 1866 804 1930 idem
840 1873 937 1930 est
966 1883 1037 1928 ac
1065 1867 1334 1929 Joannis
1365 1865 1810 1945 Chrysostomi
1871 1866 2177 1946 prologus
2214 1886 2229 1925 :
2268 1866 2438 1928 unde
2492 1880 2656 1943 Opus
2694 1861 3171 1942 hujuscemodi,
3207 1861 3381 1941 quod
3430 1859 3507 1922 ab
3552 1860 3695 1939 ipso
3726 1876 3879 1922 san-

632 1964 920 2027 ctissimo
982 1963 1119 2025 viro
1177 1961 1571 2043 abjudicavit
1629 1964 1961 2037 Erasmus,
2018 1964 2378 2043 genuinum
2435 1961 2659 2041 prohat
2710 1960 2920 2040 ipsius
2979 1958 3443 2038 TheOphylacti
3504 1957 3879 2022 auctoritas.

633 2059 1073 2124 Praefationem
1107 2058 1375 2137 consule
1411 2057 1633 2122 Savilii
1688 2067 1748 2122 et
1794 2054 2286 2122 Montfanconii.
2314 2060 2637 2124 Minorem
2690 2058 3071 2121 adhibuisse
3107 2057 3625 2137 TheOphylactus
3656 2057 3724 2120 in
3768 2055 3885 2121 hac

633 2152 1119 2220 elucubratione
1152 2156 1579 2235 diligentiam,
1606 2170 1676 2217 ac
1705 2156 1950 2218 caneris
1980 2155 2044 2216 in
2064 2156 2575 2230 Commentariis,
2605 2155 2783 2218 visus
2816 2162 2905 2216 est
2930 2154 3245 2217 Richardo
3264 2154 3557 2220 Simonio
3585 2176 3600 2216 :
3626 2170 3698 2217 ac
3727 2170 3883 2219 sane

634 2245 803 2317 inter
833 2256 1099 2318 Catenas
1135 2251 1347 2331 potius
1402 2253 1772 2314 collocanda
1806 2253 2080 2327 videtur,
2123 2253 2186 2315 in
2218 2252 2454 2333 quibus
2480 2252 2889 2315 diversorum
2921 2250 3165 2313 scholia
3189 2250 3611 2331 colliguntur.
3648 2252 3883 2314 Codice

636 2352 852 2413 Graeco
885 2368 1045 2412 usus
1078 2358 1171 2415 est
1227 2348 1511 2413 Siianius
1561 2348 1817 2425 mutilo,
1866 2350 2227 2429 erratisque
2258 2356 2542 2413 scatente
2581 2371 2595 2409 :
2632 2348 2903 2428 ipsaque
2936 2348 3078 2411 loca
3122 2347 3349 2411 mutila
3378 2355 3441 2412 et
3472 2358 3773 2426 corrupta
3810 2364 3883 2411 ac

634 2447 829 2509 dubia
870 2447 1110 2509 indicat
1157 2445 1266 2510 ille
1301 2448 1367 2509 in
1400 2446 1713 2527 margine,
1748 2462 1896 2526 qum
1944 2448 2249 2525 supplere
2299 2455 2408 2509 aut
2450 2445 2773 2526 corrigere
2836 2445 3086 2517 studet,
3137 2443 3447 2506 lectorum
3500 2443 3763 2506 utilitati
3814 2448 3883 2506 ut

633 2546 1026 2609 consuleret.
1073 2546 1311 2608 Novam
1356 2546 1519 2608 sacri
1571 2551 1784 2607 textus
1824 2545 2191 2607 versionem
2226 2542 2517 2605 adhibuit
2552 2565 2566 2603 :
2606 2542 3000 2622 adhibetque
3053 2542 3117 2601 in
3154 2558 3262 2603 ora
3309 2539 3615 2619 marginis
3654 2540 3883 2604 lectio-

637 2662 753 2708 nes
786 2641 1128 2717 variantes,
1164 2659 1325 2721 quas
1362 2659 1438 2704 ex
1473 2641 1775 2704 versione
1810 2641 2057 2720 vulgata
2091 2640 2311 2713 sumit,
2352 2640 2639 2719 itemque
2673 2639 2941 2711 Erasmi,
2978 2647 3040 2700 et
3070 2638 3428 2701 Sebastiani
3471 2637 3878 2710 Castalionis,

635 2759 705 2805 ac
747 2738 1070 2820 Theodori
1104 2740 1303 2800 Bezze.
1341 2737 1507 2799 Hinc
1542 2752 1692 2799 vero
1724 2737 1848 2799 sub
1902 2736 2157 2798 initium
2190 2739 2404 2814 Operis
2456 2736 2588 2799 haec
2622 2735 2705 2797 ad
2744 2736 3068 2799 Lectorem
3100 2734 3663 2799 Admonitiuncula
3716 2736 3883 2817 legi-

636 2830 737 2899 tur
770 2860 785 2898 :
820 2858 849 2892 α
878 2833 1343 2897 Admonendus
1374 2834 1625 2908 Lector,
1661 2831 1775 2895 ubi
1806 2832 2061 2895 diversa
2094 2833 2161 2894 in
2196 2838 2484 2916 margine
2512 2835 2838 2899 translatio
2875 2836 3167 2917 apposita
3199 2844 3334 2909 est;
3375 2853 3489 2915 per
3538 2838 3607 2899 γ.
3650 2835 3883 2917 Vulga-

634 2946 785 3009 tam,
824 2952 935 3014 per
964 2935 1046 2995 E.
1078 2931 1353 3004 Erasmi,
1390 2948 1501 3011 per
1531 2930 1600 2993 C.
1653 2929 2058 3005 Castalionis,
2095 2949 2207 3009 per
2242 2932 2320 2992 B.
2358 2933 2538 2994 Bezaa
2584 2933 2948 2997 versionem
2994 2932 3341 3013 signiﬁcari
3381 2950 3395 2995 :
3428 2934 3751 2997 diversam
3799 2931 3880 2995 ab

639 3032 738 3093 his
775 3028 1103 3094 Laurentii
1136 3016 1358 3091 Sifanii
1392 3026 1767 3105 interpretis
1801 3042 1970 3088 esse.
2008 3048 2037 3084 »
2078 3027 2215 3089 Jam
2266 3027 2457 3093 habet
2488 3029 2842 3093 catholicus
2896 3032 3141 3103 Lector,
3178 3036 3247 3091 ut
3298 3032 3352 3092 si
3394 3030 3552 3110 quid
3603 3026 3909 3092 furfuris

638 3126 997 3205 irrepserit,
1034 3140 1225 3188 nosse
1254 3121 1419 3186 illud
1458 3130 1653 3203 queat
1682 3121 1942 3211 sibique
1973 3131 2211 3185 caveat.

716 3227 816 3286 Ιι2.
866 3216 1357 3286 Commentarios
1414 3222 1481 3284 in
1543 3218 1871 3301 Epistolas
1919 3222 2128 3283 sancti
2186 3222 2377 3284 Pauli
2436 3221 2655 3284 Graeco
2688 3240 2767 3285 ex
2816 3223 3034 3286 codice
3078 3222 3300 3286 Latine
3356 3222 3479 3285 sub
3511 3224 3880 3303 pontiﬁcatu

639 3322 819 3385 Pauli
852 3322 934 3391 ll,
963 3337 1133 3383 anno
1168 3319 1343 3392 1&69,
1390 3317 1718 3380 transtulit
1758 3318 1827 3379 F.
1868 3317 2372 3397 Christophorus
2404 3322 2711 3395 Porsena,
2762 3323 3118 3396 Romanus,
3155 3322 3337 3385 Prior
3386 3324 3629 3387 Sanctia
3680 3323 3883 3401 [XIX]

642 3420 940 3485 ﬂamina».
977 3434 1048 3480 ac
1078 3415 1247 3496 typis
1284 3416 1501 3483 Romae
1530 3415 1809 3493 vulgavit
1840 3431 2008 3481 anno
2054 3414 2229 3494 M77,
2280 3417 2645 3498 dicavitque
2686 3417 2862 3481 Sixto
2900 3420 2982 3479 IV
3019 3418 3307 3497 pontiﬁci
3347 3419 3646 3494 maxime,
3695 3419 3883 3484 titulo

639 3519 970 3582 Athanasii
1024 3516 1222 3580 veluti
1260 3518 1567 3591 auctoris,
1604 3518 1863 3595 praeﬁxo
1897 3516 2407 3581 Commentariis.

717 3616 818 3677 A3.
855 3617 1151 3677 Porsenaa
1206 3613 1799 3690 interpretationem
1848 3614 2221 3693 recognovit
2267 3613 2549 3674 Joannes
2608 3612 2986 3687 Lonicerus,
3032 3612 3553 3692 recognitamque
3600 3612 3883 3695 vulgavit

642 3712 763 3775 sub
792 3711 1050 3774 nomine
1096 3709 1559 3790 Theophylacti.
1597 3712 1808 3792 Hujus
1840 3729 2006 3786 esse,
2040 3727 2168 3774 non
2198 3708 2531 3772 Athanasii
2560 3706 2982 3771 Alexandrini
3016 3707 3236 3781 fetum,
3274 3711 3598 3773 conﬁrmat
3636 3712 3881 3775 Erasmi

640 3808 1036 3893 auctoritate,
1074 3816 1132 3869 et
1182 3805 1446 3868 Joannis
1477 3806 1686 3882 Fabri,
1742 3815 1806 3870 et
1833 3808 2117 3870 Joannis
2165 3804 2439 3869 Beraldi.
2483 3826 2511 3859 α
2548 3804 2756 3865 Hasce
2813 3803 3260 3884 Theophylacti
3288 3805 3356 3866 in
3399 3806 3671 3867 Paulum
3705 3806 3884 3869 Com-

641 3907 979 3971 mentarios
1014 3905 1243 3985 (inquit
1293 3907 1359 3966 in
1404 3904 1782 3968 Praefatione
1814 3907 1889 3968 ad
1941 3907 2234 3970 Amicum
2272 3903 2617 3983 Lectorem)
2668 3902 2827 3966 falso
2880 3905 3188 3967 hactenus
3240 3904 3595 3969 Athanasio
3651 3906 3886 3969 inscri-

641 4011 810 4081 ptos,
852 4003 1151 4065 Erasmus
1186 4004 1249 4063 in
1276 4002 1412 4064 suis
1444 4004 1986 4067 Annotationibus
2020 4023 2217 4084 super
2244 4004 2353 4069 illo
2394 4007 2571 4068 Pauli
2603 4007 2679 4068 ad
2710 4008 3052 4083 Romanos,
3099 4008 3225 4084 Qui
3252 4008 3738 4087 prcedestinatus
3764 4020 3881 4081 est,

649 4106 790 4164 luce
846 4102 1155 4175 lucidius,
1188 4119 1258 4164 ac
1297 4119 1445 4164 vero
1497 4104 1715 4165 verius
1746 4113 2105 4168 attestatur.
2142 4128 2168 4160 n
2214 4104 2459 4165 Erasmi
2492 4102 2741 4166 scilicet
2793 4104 2926 4165 ha-c
2970 4112 3064 4165 est
3096 4108 3418 4168 sententia
3460 4107 3600 4168 loco
3632 4108 3823 4170 citato
3865 4128 3880 4169 :

650 4222 676 4253 α
718 4199 828 4260 His
866 4198 1074 4261 verbis
1102 4200 1362 4277 (cogniti
1387 4218 1508 4278 pro
1548 4201 1716 4260 Filio
1758 4202 1895 4281 Dei)
1935 4203 2135 4262 utitur
2169 4204 2482 4278 interpres
2514 4201 2757 4279 operis,
2791 4198 2955 4261 falso
2988 4202 3279 4279 inscripti
3310 4202 3658 4265 Athanasio
3690 4226 3705 4264 :
3736 4222 3885 4268 cum

646 4298 708 4357 id
761 4296 931 4375 quod
974 4303 1170 4361 antea
1212 4295 1719 4375 suspicabamur,
1756 4312 1899 4359 mox
1950 4298 2180 4360 collato
2219 4300 2438 4361 Graeco
2482 4296 2861 4375 Latinoque,
2898 4298 3334 4376 comperimus
3366 4316 3509 4363 esse
3535 4299 3883 4380 Theophy-

647 4394 813 4455 lacti.
854 4416 882 4450 »

728 4491 934 4555 Verba
967 4495 1335 4570 sequuntur
1388 4489 1652 4551 JOannis
1706 4488 1890 4553 Fabri
1928 4513 1942 4551 :
1980 4512 2009 4548 α
2054 4492 2173 4554 Hic
2202 4492 2391 4556 etiam
2436 4490 3002 4573 (Theophylactus)
3031 4493 3097 4553 in
3120 4493 3305 4558 Pauli
3340 4496 3667 4574 Epistolas
3700 4499 3887 4561 Com-

655 4586 959 4647 mentarla
993 4583 1436 4663 scripsit,qute
1460 4586 1784 4647 transtulit
1806 4586 2673 4664 ChristophorusPorsena...
2702 4590 2825 4651 sub
2853 4589 3014 4654 falso
3049 4593 3265 4667 titulo,
3294 4595 3484 4674 quasi
3525 4597 3656 4658 sint
3684 4598 3885 4659 Atha-

652 4680 813 4745 nasii
843 4681 1289 4745 Alexandrini.
1322 4682 1461 4757 Qua
1486 4700 1550 4743 re
1578 4682 1761 4744 multi
1800 4684 2051 4762 decepti
2086 4680 2375 4759 fuerunt,
2422 4687 2597 4764 quod
2650 4692 2710 4748 et
2753 4685 2911 4748 mihi
2942 4690 3289 4769 contigisse
3321 4692 3606 4771 ingenue
3628 4692 3829 4756 fateor
3867 4714 3883 4754 :

652 4792 769 4836 nec
803 4792 1014 4838 meum
1046 4774 1235 4837 etiam
1270 4776 1710 4837 emendassem
1756 4791 2062 4851 errorem,
2098 4776 2220 4838 nisi
2252 4780 2401 4841 dum
2432 4797 2512 4842 ex
2556 4781 2793 4843 Grmcis
2825 4788 2887 4845 et
2912 4784 3151 4846 Latinis
3180 4785 3509 4849 codicibus
3543 4787 3694 4852 hinc
3729 4790 3887 4854 inde

651 4872 1009 4935 collectis...
1067 4873 1241 4935 aliud
1275 4874 1709 4948 invenissem;
1737 4874 1883 4936 licet
1920 4891 2173 4955 semper
2196 4875 2537 4939 dubitarim
2562 4922 2579 4952 ,
2612 4885 2942 4957 prOpterea
2976 4883 3148 4961 quod
3193 4883 3496 4959 Basilius,
3531 4886 3889 4967 Gregorius

651 4988 911 5052 quoque
959 4973 1294 5050 Nyssenus
1344 4973 1411 5033 in
1460 4972 1563 5035 his
1598 4973 1772 5035 citati
1803 4972 2073 5036 iuerint.
2114 4996 2141 5029 ι
2177 4973 2357 5035 Paria
2403 4974 2663 5035 demum
2703 4972 2893 5036 habet
2928 4977 3239 5039 Beraldus
3278 5000 3294 5041 :
3347 5002 3377 5037 α
3415 4981 3887 5044 Commentario

642 5058 785 5128 haec
816 5068 884 5127 in
911 5066 1099 5128 Pauli
1128 5066 1475 5146 Epistolas,
1508 5068 1840 5147 inquiens,
1880 5087 2025 5149 quas
2060 5071 2306 5151 aliquot
2336 5070 2466 5148 jam
2511 5086 2714 5132 annos
2753 5070 2874 5134 sub
2901 5072 3231 5137 Athanasii
3286 5078 3547 5142 nemine
3596 5095 3666 5142 ac
3696 5077 3889 5141 titulo

654 5172 803 5226 sunt
832 5162 1229 5238 circumlata,
1281 5162 1541 5243 quidam
1590 5164 2068 5245 Theophylacto
2118 5167 2443 5229 vindicant
2471 5175 2535 5229 et
2576 5176 2893 5231 asserunt.
2935 5172 3064 5233 Nec
3095 5173 3344 5247 dubito,
3402 5176 3561 5254 quin
3620 5178 3889 5255 Optimis

656 5259 1009 5321 rationibus
1042 5268 1441 5333 moveantur,
1482 5260 1888 5351 potissimum
1914 5264 2026 5339 qui
2060 5263 2272 5325 Graeca
2314 5262 2627 5341 legerunt.
2658 5285 2687 5320 »
2721 5264 2886 5327 Hinc
2916 5266 3136 5330 Latina
3164 5271 3381 5349 Operis
3413 5272 3888 5351 interpretatio,

654 5354 792 5415 sive
823 5370 1007 5432 quam
1037 5356 1405 5433 recognovit
1441 5357 1816 5431 Lonicerus,
1857 5360 1990 5421 sive
2022 5377 2211 5439 quam
2246 5360 2489 5439 primus
2519 5358 2880 5424 confecerat
2912 5366 3211 5434 Porsena.
3244 5366 3366 5428 sub
3394 5368 3653 5431 nomine
3675 5368 3890 5433 Theo-

655 5448 932 5531 phylacti
968 5451 1135 5528 typis
1168 5453 1673 5531 excusafprodiit
1720 5455 2012 5533 pluribus
2050 5456 2115 5517 in
2151 5457 2304 5519 locis

652 5637 659 5641 η
736 5540 955 5609 Latina
991 5546 1283 5609 Louiceri
1310 5549 1509 5611 editio
1552 5558 1663 5612 aut
1714 5552 2069 5631 recOgnitio
2120 5554 2325 5613 lucem
2380 5553 2623 5617 vidisse
2677 5556 2913 5620 dicitur
2952 5558 3227 5621 Parisiis
3272 5580 3434 5623 anno
3486 5564 3663 5640 1542,
3716 5564 3887 5633 in-8.

656 5643 1053 5705 Posteriores
1084 5645 1214 5705 vidi
1266 5645 1505 5721 plures.
1540 5648 1717 5710 Hanc
1753 5650 1940 5712 novis
1991 5650 2162 5711 curis
2195 5650 2271 5713 ad
2316 5653 2601 5717 codicem
2648 5656 2960 5732 Graacum,
3001 5658 3113 5737 qui
3164 5661 3317 5721 olim
3359 5662 3602 5724 Erasmi
3649 5661 3887 5737 fuerat,

656 5737 929 5843 contulit
966 5756 1135 5843 anno
1176 5742 1330 5843 t5§2
1378 5742 1713 5843 Philippus
1755 5746 2131 5820 Montanus;
2172 5765 2439 5829 eamque
2475 5752 2762 5831 vulgavit
2803 5763 2863 5817 et
2919 5733 3055 5834 ipse
3090 5758 3211 5819 sub
3245 5759 3505 5823 nomine
3535 5733 3888 5843 TheOphy;

644 5833 800 5899 lecti
832 5837 1131 5917 plurimis
1170 5838 1238 5901 in
1271 5838 1428 5904 locis
1462 5842 1880 5907 emendatam.
1920 5847 2398 5926 Nuncupatoria
2460 5850 2601 5924 ejus
2632 5850 2912 5929 Epistola
2943 5833 3039 5914 Ad
3093 5854 3499 5918 reverendam
3524 5860 3587 5921 in
3633 5833 3889 5923 σίν-πίω
