4098 6330
246 426 321 496 45
1046 428 1148 491 DE
1184 420 1771 490 THEOPHYLACTI
1809 420 1862 487 Θ

1916 418 2083 486 STIS
2121 420 2220 484 ΕΤ
2257 418 2625 485 SCRIPTIS.
3462 420 3534 487 ιθ

245 543 505 608 Patrem
528 544 602 607 D.
646 532 945 607 ‘Carolum
969 562 1003 602 ο
1074 540 1243 619 Croy
1292 536 1786 599 Tornacensium
1810 536 2197 617 episcopum,
2234 538 2375 599 dan
2410 542 2506 599 est
2556 534 2819 597 Lutetia
2852 554 2878 596 e
2910 533 3091 597 domo
3122 541 3233 597 tua
3272 536 3523 609 Torna-

245 643 425 708 censi
460 642 592 708 XII
652 641 971 715 Octobris,
1018 654 1183 699 anno
1235 635 1491 698 Domini
1528 651 1727 715 supra
1754 633 2149 695 millesimum
2180 634 2697 715 quinquagesimo
2746 632 3017 701 secundo
3078 653 3097 694 :
3156 633 3269 696 u‘bi
3294 635 3532 716 supple

240 740 818 821 quingentesimum.
857 737 1001 798 Huic
1032 734 1124 795 ibi
1155 731 1480 795 habentur
1517 753 1531 793 :
1583 754 1612 788 α
1656 731 1773 795 Per
1796 730 2037 793 amicos
2069 731 2405 810 exemplar
2434 730 2952 795 vetustissimum
2985 729 3359 813 (Gnaeum),
3393 750 3529 813 quo

245 856 407 902 usus
433 837 740 901 fderati).
780 838 1112 908 Erasmus,
1136 830 1270 911 jam
1305 828 1563 892 tandem
1592 847 1737 893 sum
1768 835 1999 891 nactus
2034 849 2048 889 :
2083 828 2156 889 ad
2194 828 2368 908 quod
2402 843 2530 891 non
2565 828 2711 891 sine
2742 826 2996 908 magnis
3046 827 3381 893 laboribus
3409 830 3532 893 La-

242 933 380 998 tina
425 938 669 1009 nostra,
704 931 978 996 inﬁnitis
1016 944 1179 1009 pene
1215 926 1402 998 locis,
1438 935 1537 989 σὺν
1562 933 1683 1008 Θεῷ
1714 934 1784 990 ut
1816 928 2184 1007 potuimus,
2228 928 2461 991 sedulo
2493 928 3015 993 emendavimus.
3060 950 3090 985 »

330 1029 689 1094 Basileensi
740 1038 887 1093 utor
934 1030 1227 1095 editione
1272 1031 1423 1095 anni
1469 1028 1646 1103 1551s,
1686 1024 1969 1089 in-folio.
2023 1028 2093 1089 In
2144 1024 2521 1090 Prasfatione
2548 1027 2625 1090 ad
2666 1027 2999 1089 Lectorem
3052 1024 3139 1088 ita
3177 1024 3386 1088 fertur
3449 1025 3531 1088 de

241 1127 575 1207 prioribus
605 1126 1021 1191 versionibus
1042 1127 1367 1209 judicium
1399 1150 1413 1191 :
1448 1151 1478 1186 «
1507 1129 1833 1199 Porsenna,
1859 1122 1981 1185 viri
2020 1124 2288 1196 eruditi,
2313 1131 2381 1188 ut
2412 1124 2671 1204 Opinor,
2698 1132 2760 1186 et
2796 1122 3170 1203 eloquentis
3196 1121 3526 1192 versione,

238 1233 310 1289 ut
349 1222 617 1287 multum
645 1244 684 1286 α
713 1222 952 1288 ercis
994 1224 1370 1300 discedente,
1420 1240 1501 1287 ne
1545 1223 1752 1286 dicam
1798 1218 2181 1302 plerumque
2229 1220 2594 1298 dissidente,
2630 1229 2699 1285 ut
2734 1222 2995 1303 qum‘sit
3048 1218 3530 1300 paraphrastica

242 1327 461 1402 potius
492 1330 685 1404 atque
718 1319 910 1387 etiam
946 1325 1224 1389 nimium
1254 1325 1480 1397 libera,
1513 1329 1736 1402 utpote
1781 1336 1929 1401 quas
1970 1319 2355 1400 plerumque
2416 1320 2635 1401 adjicit
2681 1336 2829 1402 quas
2864 1318 2935 1381 in
2979 1317 3222 1381 Graecis
3257 1334 3389 1380 non
3418 1317 3527 1380 ha-

236 1422 496 1497 bentur,
527 1429 588 1483 et
623 1428 840 1483 contra
891 1420 1226 1502 plerisque
1279 1421 1343 1483 in
1373 1418 1534 1482 locis
1567 1417 1938 1497 complures
1975 1435 2201 1482 versus
2234 1436 2504 1500 prorsus
2532 1421 2806 1494 omittat,
2843 1436 2992 1501 quas
3024 1426 3239 1483 tamen
3285 1420 3353 1483 in
3402 1434 3526 1482 no-

237 1525 375 1581 stro
404 1536 523 1581 ms.
567 1519 789 1582 codice
838 1522 1084 1594 Graeco,
1110 1536 1319 1599 eoque
1352 1524 1720 1596 pervetusto
1748 1523 1967 1595 aperte
1991 1516 2407 1580 continentur
2439 1536 2452 1581 :
2486 1518 2692 1595 illius,
2748 1516 3040 1598 inquam,
3100 1517 3343 1581 omissa
3377 1534 3524 1579 ver-

236 1614 448 1689 sione,
484 1615 784 1679 Loniceri
824 1616 1039 1695 potius
1082 1614 1682 1695 interpretationem
1727 1611 2152 1693 arripuimus,
2189 1632 2462 1696 eamque
2492 1614 2729 1694 passim
2765 1615 2875 1676 ubi
2918 1614 3281 1677 tolerabilis
3322 1624 3518 1688 esset,

233 1711 651 1775 retinuimus.
690 1735 717 1769 n
758 1714 903 1775 Hac
938 1710 1085 1786 alia,
1114 1729 1261 1792 quae
1297 1709 1647 1790 prtemittit,
1690 1708 1891 1772 aﬂ’ero
1936 1709 2077 1789 ejus
2112 1710 2303 1775 verba
2338 1732 2352 1771 :
2383 1735 2411 1770 α
2447 1714 2577 1775 Nos
2608 1711 2811 1775 Grasci
2873 1711 3145 1781 codicis,
3192 1726 3325 1792 quo
3358 1727 3526 1775 usus

231 1814 371 1878 erat
425 1807 778 1889 aliquando
825 1810 901 1871 D.
959 1810 1308 1884 Erasmus,
1352 1808 1543 1870 ﬁdem
1601 1822 1793 1884 quam
1856 1807 2193 1884 potuimus
2245 1809 2783 1891 diligentissime,
2852 1825 2968 1889 pro
3022 1819 3241 1872 nostra
3295 1811 3518 1890 quali-

230 1922 496 1987 cunque
528 1904 968 1969 mediocritate
1040 1906 1249 1968 secuti
1283 1922 1540 1981 sumus,
1573 1902 1701 1967 nisi
1730 1902 1939 1968 sicubi
1973 1906 2185 1969 scriba
2213 1906 2602 1970 dormitasse
2638 1906 2992 1970 videretur.
3039 1907 3521 1971 Perabsurdum

233 2000 411 2063 enim
473 1999 696 2074 fuerit,
750 2005 832 2063 ub
882 2019 995 2080 ine
1026 2002 1302 2098 scribam
1336 2000 1611 2063 nimium
1640 2000 1806 2063 bona
1843 2000 1963 2063 ﬁde
1996 2004 2323 2084 amplecti,
2353 2005 2475 2069 hoc
2515 2012 2634 2080 est,
2680 2022 2809 2067 una
2846 2016 2992 2068 cum
3034 2004 3195 2083 ipsis
3229 2005 3459 2067 erratis
3502 2028 3517 2066 ε

231 2100 407 2181 quod
446 2098 803 2163 Lonicerus
839 2099 1079 2180 smpius
1116 2098 1442 2163 factitasse
1469 2098 2003 2177 deprehenditur.
2044 2124 2073 2159 ιθ
2114 2104 2278 2165 Tum
2310 2119 2466 2166 vero
2499 2098 2933 2181 Sphalmatum
2967 2119 3115 2181 quas
3144 2103 3520 2166 emendavit

229 2196 590 2274 specimina
633 2195 897 2259 exhibet
941 2219 956 2259 :
999 2212 1225 2277 quasve
1273 2204 1609 2276 praeterea,
1654 2207 1724 2259 ut
1775 2196 1979 2260 nitida
2018 2215 2090 2263 ac
2126 2199 2307 2262 utilis
2340 2200 2545 2263 editio
2588 2197 2778 2275 foret,
2828 2201 3184 2280 praestanda
3238 2201 3519 2275 censuit,

229 2294 577 2375 diligenter
610 2303 880 2359 enarrat.
917 2295 1086 2357 Illud
1125 2311 1341 2375 Operm
1373 2295 1658 2375 pretium
1710 2293 1908 2358 fuerit
1942 2314 2142 2360 unum
2190 2298 2728 2371 animadvertere,
2777 2298 3105 2378 Vulgarem
3139 2300 3209 2360 in
3242 2299 3517 2361 Paulino

228 2403 413 2457 textu
434 2396 802 2471 versionem,
851 2414 975 2477 qua
1001 2397 1247 2476 passim
1280 2398 1493 2460 utitur
1538 2394 1857 2470 Ecclesia,
1891 2397 2024 2476 fere
2079 2396 2158 2459 ab
2199 2396 2339 2475 ipso
2397 2398 2704 2459 Montano
2766 2405 3097 2471 retentam,
3159 2397 3293 2459 nisi
3315 2396 3521 2460 sicubi

231 2497 681 2577 Theophylacti
707 2498 1159 2579 interpretatio
1182 2496 1358 2561 illam
1385 2500 1716 2562 immutare
1746 2492 2016 2575 coegerit
2038 2514 2056 2562 ;
2082 2493 2256 2573 quod
2282 2498 2557 2561 attamen
2598 2492 2767 2555 haud
2807 2493 3050 2574 ubique
3075 2493 3513 2557 observatum.

228 2592 300 2654 In
338 2593 500 2657 hanc
538 2596 893 2658 editionem
933 2603 1221 2674 prostant
1266 2596 1474 2659 Latini
1509 2594 1743 2659 Lalinii
1780 2590 2305 2657 Observationes.

306 2692 406 2756 Us.
434 2690 618 2756 idem
656 2694 949 2758 Latinius
985 2712 1157 2759 anno
1190 2696 1368 2771 1557,
1410 2711 1541 2775 quo
1591 2717 1619 2753 tt
1654 2695 1898 2764 Roma),
1932 2689 1967 2752 3
2001 2690 2211 2752 Nonas
2270 2689 2565 2751 Octobris
2601 2714 2627 2747 ιι
2663 2689 3023 2767 Epistolam
3056 2689 3243 2753 dabat
3276 2688 3360 2750 ad
3384 2691 3516 2750 An-

225 2789 445 2851 dream
490 2792 810 2869 Masium:
864 2816 891 2849 α
942 2795 1053 2866 Ea,
1119 2795 1358 2873 inquit,
1402 2810 1547 2870 quas
1587 2788 2051 2870 TheOphylacti
2094 2786 2358 2849 nomine
2402 2788 2470 2848 in
2518 2786 2709 2848 Pauli
2738 2787 3069 2867 Epistolas
3102 2790 3277 2851 edita
3317 2796 3469 2851 sunt
3499 2833 3515 2858 ,

226 2902 359 2951 non
391 2887 554 2968 ejus,
597 2888 712 2950 sed
764 2886 1102 2952 Athanasii
1149 2889 1481 2971 cujusdam
1521 2887 1829 2968 Byzantii
1878 2886 2191 2959 monachi,
2246 2885 2357 2965 qui
2400 2885 2695 2946 trecentis
2746 2895 2892 2948 ante
2940 2898 3227 2949 nostram
3274 2896 3519 2950 atatem

222 2986 411 3048 annis
467 2984 713 3057 ﬂoruit,
764 2986 950 3063 plane
979 3003 1124 3050 esse
1180 2985 1484 3068 (Sirletus
1516 2985 1970 3065 conﬁrmavit),
2023 2984 2306 3064 atquein
2345 2997 2420 3045 ea
2464 2999 2532 3045 re
2593 3000 2724 3046 non
2763 2984 2957 3047 modo
2991 2993 3205 3048 tecum
3244 2985 3514 3057 sentire,

224 3084 343 3165 qui
385 3083 724 3148 Athanasii
773 3084 1038 3147 nomine
1071 3100 1183 3147 eos
1218 3084 1725 3149 Commentarios
1766 3083 1922 3147 citas
1970 3099 1983 3142 :
2043 3084 2153 3145 sed
2189 3099 2336 3144 cum
2382 3081 2465 3143 iis
2514 3083 2736 3155 etiam,
2771 3083 2885 3164 qui
2933 3081 3238 3164 plurimis
3280 3086 3520 3150 abhinc

224 3181 416 3245 annis
473 3180 997 3245 constantissime
1032 3198 1267 3245 nomen
1315 3180 1483 3245 illud
1529 3187 1934 3263 agnoverunt
1965 3196 2241 3258 semper,
2276 3188 2337 3242 et
2365 3178 2549 3243 libris
2588 3180 3038 3245 describendis
3072 3186 3364 3268 prmponi
3405 3202 3515 3248 cu-

227 3286 473 3344 rarunt.
510 3302 541 3337 ι

306 3377 478 3456 [XX]
514 3375 729 3442 Novus
760 3383 986 3442 auctor
1020 3377 1542 3457 Expositionum,
1575 3376 1657 3438 de
1688 3376 1932 3456 quibus
1972 3376 2249 3457 agimus,
2298 3374 2671 3440 obtruditur
2718 3377 3113 3444 Athanasius
3156 3382 3516 3449 monachus

228 3476 598 3557 Byzantius,
635 3476 749 3556 qui
781 3475 1085 3539 trecentis
1114 3483 1262 3536 ante
1305 3473 1539 3536 Latinii
1566 3481 1813 3537 aetatem
1848 3475 2038 3537 annis
2080 3472 2398 3545 ﬂoruerit,
2432 3473 2675 3537 saeculo
2710 3474 2962 3539 scilicet
3000 3479 3192 3541 tertio
3234 3480 3515 3547 decimo.

223 3574 373 3649 Quo
414 3574 509 3637 vir
561 3572 979 3636 doctissimus
1017 3571 1338 3635 adductus
1398 3578 1723 3635 momento
1752 3569 1975 3646 fuerit,
2013 3578 2081 3633 ut
2114 3568 2445 3651 sequioris
2476 3569 2679 3633 (etatis
2725 3571 3083 3638 Athanasio
3113 3575 3516 3658 adjudicaret

225 3687 419 3752 opus,
466 3687 595 3734 non
646 3672 1021 3733 innotescit.
1058 3669 1222 3746 Quis
1276 3685 1429 3733 vero
1472 3670 1586 3733 ille
1626 3668 1822 3732 fuerit
1846 3669 2232 3733 Athanasius
2271 3668 2623 3733 monachus
2676 3671 3076 3751 Byzantius?
3113 3675 3287 3737 Varii
3341 3678 3515 3758 apud

225 3768 593 3832 Fabricium
631 3769 699 3831 in
732 3768 1130 3832 Bibliotheca
1164 3766 1391 3831 Greca
1424 3783 1502 3829 eo
1532 3767 1795 3831 nomine
1843 3766 2146 3848 appellati
2207 3768 2559 3830 occurrunt
2596 3769 2949 3849 scriptores
3008 3772 3213 3836 Grmci
3249 3795 3264 3834 :
3300 3778 3513 3855 neque

230 3867 409 3929 nllus
460 3874 691 3946 praesto
729 3872 850 3941 est,
883 3867 991 3929 cui
1028 3865 1363 3943 prasdictos
1399 3864 1906 3929 Commentarios
1946 3863 2254 3927 ascribas.
2319 3863 2565 3927 Smculo
2635 3866 2786 3928 XIII
2852 3867 3192 3933 desinente
3249 3869 3517 3937 ﬂorebat

226 3963 644 4039 Athanasius,
678 3962 839 4027 Gani
880 3960 1257 4036 monachus,
1292 3970 1521 4043 etpost
1584 3963 1973 4041 Gregorium
2036 3961 2345 4041 Cyprium
2378 3962 2560 4025 urbis
2618 3963 2812 4045 regias
2873 3967 3249 4043 patriarcha.
3325 3971 3511 4051 Opu-

232 4060 567 4125 sculorum
602 4061 770 4143 ejus,
804 4076 954 4141 quas
983 4060 1148 4123 bene
1191 4059 1592 4136 multasunt,
1625 4062 1984 4142 catalogum
2016 4060 2681 4125 exhibentFabricius
2713 4069 2776 4125 et
2812 4064 3119 4129 Oudinus
3158 4084 3170 4127 :
3202 4068 3267 4131 in
3299 4086 3515 4152 eoque

227 4161 470 4239 operis,
503 4160 583 4223 de
617 4176 748 4241 quo
779 4162 1058 4241 agimus,
1117 4158 1365 4221 mentio
1423 4159 1625 4222 nulla.
1667 4159 1974 4241 Ejusdem
2022 4155 2196 4220 fetus
2228 4175 2373 4221 esse
2427 4157 2721 4223 laudatus
2754 4161 3058 4225 Oudinus
3091 4173 3269 4245 putat
3333 4168 3515 4231 Com-

223 4259 566 4321 mentarios
586 4259 655 4320 in
683 4258 986 4333 Psalmos,
1011 4273 1176 4339 quos
1208 4255 1331 4318 sub
1369 4258 1633 4320 nomine
1658 4255 1996 4320 Athanasii
2028 4255 2455 4322 Alexandrini
2485 4258 2769 4339 vulgavit
2810 4260 3361 4329 Montfauconius.

306 4354 480 4429 Quid
512 4356 686 4435 quod
719 4355 1200 4435 Theophylact'o
1225 4352 1543 4433 Bulgariae
1571 4354 2057 4435 archiepiSCOpo
2082 4369 2249 4431 Opus
2272 4353 2447 4434 quod
2482 4354 2547 4417 in
2581 4354 2854 4420 dubium
2889 4369 3177 4437 vocatur,
3210 4371 3515 4427 constan—

226 4453 482 4521 tissime
511 4450 874 4525 attribuunt
907 4470 1059 4514 mss.
1094 4454 1361 4528 codices~
1396 4452 1767 4533 perantiqui
1798 4460 1861 4516 et
1892 4454 2077 4519 bona:
2126 4464 2313 4518 notas.
2348 4456 2651 4521 Cod’icem
2687 4462 2935 4523 Erasmi
2986 4480 3277 4529 memoro
3318 4469 3516 4531 alios-

226 4571 361 4635 que
424 4570 459 4615 a
528 4554 777 4618 Joanne
826 4552 1030 4616 Fabro
1087 4570 1430 4634 expensos.
1472 4555 1658 4635 Apud
1715 4552 2127 4617 Lambecinm
2191 4554 2356 4617 libro
2410 4557 2459 4615 V
2525 4565 2652 4619 tres
2679 4569 3103 4625 numerantur
3160 4564 3303 4641 221,
3365 4568 3509 4639 222,

223 4652 371 4727 2'23,
404 4652 471 4716 in
518 4653 757 4734 quibus
791 4651 1249 4715 Commentarii
1278 4651 1341 4712 in
1376 4650 1695 4730 Epistolas
1734 4667 1959 4714 omnes
2009 4652 2187 4713 Pauli
2235 4653 2719 4734 TheOphylacto
2782 4668 3002 4720 nostro
3061 4664 3504 4727 ascribuntur.

226 4750 444 4814 Codex
474 4767 623 4812 vero
652 4750 768 4811 2°21
799 4767 987 4809 manu
1020 4746 1248 4809 Leonis
1282 4748 1356 4810 de
1408 4746 1614 4811 Rhaul
1644 4755 1944 4812 exaratus
1978 4748 2101 4810 fuit
2140 4768 2345 4810 mense
2393 4750 2707 4831 Augusto,
2748 4753 3096 4818 indictione
3134 4760 3230 4834 II,
3267 4761 3511 4825 Christi

226 4864 396 4911 anno
444 4846 620 4910 1139.
657 4848 830 4909 Inter
886 4848 1143 4910 codices
1201 4863 1355 4910 mss.
1398 4845 1805 4909 bibliothecas
1849 4847 2033 4925 Regii
2072 4848 2499 4909 'l‘aurinensis
2559 4848 2879 4925 Alhenmi,
2914 4858 3088 4916 tomo
3124 4857 3169 4929 Ι,
3222 4869 3513 4937 prostant

230 4964 418 5010 num.
446 4946 565 5009 273
583 4944 706 5007 sub
738 4945 965 5007 eodem
1004 4942 1455 5024 Theophylacti
1487 4942 1777 5005 Achridae
1820 4946 1887 5003 in
1926 4943 2229 5022 Bulgaria
2256 4946 2723 5025 archiepiscopi
2756 4948 3019 5012 nomine
3048 4951 3513 5020 Commentario

217 5045 299 5107 in
324 5042 568 5123 aliquot
598 5040 732 5103 dici
776 5040 965 5103 Pauli
1010 5040 1383 5120 Epistolas:
1416 5041 1858 5121 adnotantque
1905 5042 2143 5104 indicis
2175 5052 2498 5115 auctores,
2538 5067 2565 5099 «
2607 5046 2993 5110 Procemium
3060 5051 3125 5112 in
3155 5054 3507 5131 Epistolam

230 5142 501 5222 primam
535 5140 612 5201 ad
647 5138 1021 5203 Corinthios
1050 5138 1230 5225 abeo
1262 5139 1432 5219 quod
1468 5146 1564 5201 est
1598 5137 1661 5199 in
1696 5139 1927 5212 Editis,
1967 5140 2150 5203 valde
2189 5142 2520 5205 diversum
2555 5159 2699 5205 esse
2737 5166 2751 5204 :
2790 5170 2815 5201 ι)
2858 5147 3035 5225 quod
3072 5150 3313 5213 ibidem
3340 5152 3507 5217 inte-

228 5256 415 5321 grum
452 5236 808 5317 proferunt.
837 5235 1095 5299 Similes
1122 5224 1545 5299 adnumerant
1578 5236 1831 5298 codices
1861 5236 2078 5316 plures
2113 5237 2467 5312 Simonius,
2506 5224 3199 5310 CasimirusOudinus
3230 5249 3504 5332 aliique,

230 5337 506 5418 Regium
539 5334 997 5410 Parisiensem,
1036 5337 1517 5415 Augustanum,
1554 5335 2451 5408 Bavarico-Monachiensem,
2489 5339 2905 5419 Anglicanos,
2943 5360 3025 5409 ac.
3060 5345 3507 5413 Florentinum

229 5435 621 5498 Mediceum.
646 5432 812 5496 Satis
851 5432 984 5495 haec
1008 5438 1177 5502 sunt,
1216 5431 1582 5495 utdubium
1614 5448 1805 5494 omne
1840 5432 1918 5493 de
1951 5448 2255 5510 germano
2286 5441 2549 5497 auctore
2584 5438 2975 5503 excutiatur.

310 5532 411 5595 b5.
450 5532 749 5595 Nondum
799 5530 970 5609 typis
1030 5531 1288 5592 GNBCUS
1332 5536 1544 5592 textus
1586 5527 1931 5608 prodierat.
1991 5530 2224 5591 Lucem
2294 5529 2395 5591 hic
2441 5548 2518 5592 ex
2571 5533 2793 5596 codice
2849 5554 2967 5599 ms.
3030 5542 3506 5610 Arundelliano

228 5629 509 5709 aliisque
558 5628 815 5691 duobus
871 5627 1363 5690 Oxoniensibus
1420 5626 1582 5689 vidit
1636 5626 1914 5689 Londini
1980 5642 2150 5689 anno
2187 5628 2367 5702 1636,
2436 5628 2792 5709 fol.,juxla
2825 5653 3014 5698 curas
3078 5656 3149 5701 ac
3207 5642 3501 5707 studium

233 5726 584 5809 Augustini
626 5724 1275 5807 Lindselii,episc0pi
1306 5726 1827 5800 Herefordensis,
1883 5742 2078 5807 quem
2133 5728 2399 5789 sustulit
2446 5745 2619 5792 mors
2650 5739 2798 5795 ante
2856 5735 3236 5801 editionem.
3270 5744 3502 5807 Addita

229 5836 327 5889 est
364 5849 396 5887 e
429 5824 697 5905 regione
721 5826 941 5905 Latina
980 5827 1220 5902 versio,
1254 5843 1422 5905 quas,
1457 5835 1523 5888 ut
1582 5828 1867 5895 editores
1910 5826 2312 5905 profitentur,
2360 5851 2385 5884 ι‹
2424 5837 2517 5891 est
2565 5829 2833 5908 quidem
2871 5832 3150 5915 Philippi
3184 5826 3499 5914 Montani,

231 5938 458 5989 verum
488 5919 728 6002 ubique
760 5917 919 5987 adeo
956 5940 987 5985 a
1023 5922 1211 5988 nobis
1257 5924 1665 6003 interpolata,
1700 5930 1892 6003 atque
1932 5922 2004 5984 ad
2041 5924 2412 5987 Graecorum
2457 5928 2790 5989 veritatem
2826 5942 3139 6005 revocata,
3194 5945 3259 5996 nt
3294 5939 3345 5999 si
3393 5956 3505 6017 per
