4098 6330
607 347 672 413 47
1416 337 1638 399 BERN.
1678 332 2076 402 MARI/EeDE
2108 324 2403 392 'RUBEIS
2441 326 2949 390 DISSERTATIO
3786 323 3858 389 48

605 477 831 539 eperas
894 453 1385 538 typographicas
1426 449 1739 522 licuisset,
1773 447 2144 526 importune
2209 442 2718 514 festinabundas,
2750 440 2965 502 minus
3012 436 3271 500 tmdium
3301 435 3488 511 foret,
3523 451 3706 501 novm
3737 452 3856 515 po-

601 535 729 622 tius
766 535 1148 627 condendae;
1180 551 1241 613 id
1275 547 1447 629 quod
1480 544 2024 610 committentibus
2051 541 2351 621 liquebit.
2400 564 2428 597 ιο
2476 543 2621 602 Haec
2659 555 2846 619 porro
2887 553 3098 611 causa,
3146 535 3489 598 adnotante
3535 535 3852 611 Simonio,

600 654 771 735 quod
801 652 868 714 in
890 649 1005 713 hac
1039 657 1320 713 veterum
1370 642 1969 724 interpretationum
2010 637 2472 718 recognitione,
2504 637 2737 698 menda
2778 635 2963 715 plura
2992 632 3215 697 relicta
3244 632 3395 707 sint,
3430 631 3670 712 quibus
3724 630 3856 695 illm

600 754 1676 925 scﬁixﬁiioremTheOphylacti
1722 841 1790 903 in
1860 839 1962 901 his
2021 836 2537 908 Commentariis,
2573 853 2764 916 quam
2798 837 2865 898 in
2896 833 3173 906 caneris,
3229 832 3636 910 diligentiam
3678 846 3855 891 com-
3908 802 3909 805 Ἴ

602 948 857 1010 mendat
887 944 1188 1008 laudatus
1221 942 1571 1005 Simonius.
1604 943 1873 1018 Parerga
1894 936 2153 1011 desunt,
2192 951 2405 1013 neque
2461 932 2837 1012 frequentes
2890 935 3236 993 occurrunt
3284 927 3635 1008 allegorias.
3691 931 3849 989 Pas-

600 1046 721 1106 sim
744 1043 1242 1125 Chrysostomus
1275 1039 1621 1102 deﬂoratur
1649 1058 1665 1097 :
1701 1035 1977 1116 ejusque
2035 1048 2218 1095 nome

2239 1048 2271 1093 [1
2342 1032 2736 1110 quandoque
2770 1028 3072 1102 occurrit,
3113 1037 3141 1089 ὁ
3175 1036 3463 1106 Μακάριος
3510 1035 3791 1107 Ἰωάννης,
3828 1036 3857 1088 ὁ

600 1150 899 1220 πάμμεγας
932 1148 1203 1218 Ἰωάννης,
1230 1147 1257 1198 ὁ
1292 1148 1350 1198 ἐν
1377 1143 1552 1211 ἁγίοις
1588 1141 1862 1211 Ἰωάννης.
1894 1130 2015 1194 Sed
2043 1128 2206 1192 alios

2240 1128 2433 1190 etiam
2463 1127 2810 1204 scriptores
2847 1131 3131 1188 vetustos
3169 1124 3506 1203 decerptos
3540 1140 3705 1197 esse,
3743 1128 3858 1186 do-

602 1246 699 1301 cet
728 1237 1069 1316 inscriptio
1101 1233 1343 1297 codicis
1382 1231 1497 1293 222
1526 1230 1696 1311 apud
1720 1228 2128 1293 Lambecium
2178 1245 2194 1285 :
2225 1223 2652 1302 Expositio...
2692 1222 2951 1283 collecta
2982 1239 3063 1282 ea:
3092 1220 3295 1282 sancti
3333 1221 3601 1282 Joannis
3644 1221 3853 1300 Chry-

601 1333 854 1394 sostomi
880 1331 1265 1409 aliorumque
1296 1337 1573 1389 veterum
1602 1327 1866 1389 Patrum
1896 1322 2219 1404 operibus.
2261 1320 2610 1383 ereticos
2649 1317 2979 1398 passim_in
3015 1318 3117 1381 his
3142 1316 3632 1381 Commentariis
3666 1318 3851 1382 inse-

598 1430 816 1510 quitur
844 1425 1383 1506 TheOphylactus,
1418 1442 1485 1488 ac
1516 1423 1907 1504 theologicae
1951 1422 2318 1484 Graecorum
2350 1416 2673 1479 doctrinas
2703 1414 2914 1477 tradit.

2133 1590 2274 1652 XII.

597 1756 1117 1823 Commentarium
1143 1754 1210 1815 in
1240 1750 1561 1831 Epistolas
1600 1751 1954 1831 canonicos,
1994 1750 2100 1831 qui
2126 1765 2239 1809 nec
2262 1746 2507 1831 Latine,
2534 1765 2646 1811 nec
2663 1749 2891 1831 ‘ercg
2912 1748 3070 1831 vidit
3102 1749 3404 1813 hactenus
3454 1747 3671 1831 iugem,
3703 1764 3855 1831 con-

674 1842 874 1901 tinent
906 1834 1146 1898 codices
1178 1826 1671 1917 Vindobonenses
1705 1847 1776 1887 ac
1810 1829 2226 1917 Ifarisienses.
2258 1827 2492 1917 Mutila
2516 1828 2790 1917 prodiit,
2832 1829 3148 1917 Lonicero
3186 1831 3469 1917 curante,
3490 1826 3849 1917 Expositio

674 1922 743 1980 in
801 1924 1072 1992 quatuor
1127 1912 1469 2002 prophetas
1498 1910 1793 1981 minores,
1826 1907 2038 1967 Latine
2100 1907 2408 1996 translata
2452 1929 2472 1968 :
2529 1905 2713 1986 Cujus
2738 1908 3046 2048 delectum
3084 1907 3401 1987 supplevit
3478 1905 3844 1982 Christoph.

681 1996 990 2048 Henricus
1047 1990 1447 2048 Ritmeierus.
1477 1986 1732 2048 Codices
1775 1988 2030 2048 Venetus
2073 1987 2439 2048 Marcianus
2471 1994 2525 2047 et
2599 1975 2794 2048 Vindo
2843 1987 3092 2048 onensis
3143 1987 3605 2048 expositionem
3632 1985 3844 2045 conti-

677 1975 990 2057 Hen‘ricus
1047 1975 1447 2053 Ritmeierus.
1477 1986 1732 2048 Codices
1775 1975 2030 2048 Venetus
2073 1987 2439 2048 Marcianus
2471 1994 2525 2047 et
2599 1975 3092 2066 Vindobonensis
3143 1975 3845 2066 impositionem_conti-

672 2083 823 2135 nent
852 2074 920 2135 in
947 2071 1215 2151 quinque
1248 2068 1517 2151 minores
1546 2066 1888 2151 prophetas
1923 2084 1943 2123 :
1991 2082 2151 2151 opus
2186 2066 2525 2151 integrum,
2582 2064 2783 2127 codea:
2826 2063 3676 2140 Bavarico-Monachiensis,
3709 2063 3851 2127 Ma-

671 2156 786 2217 ria:
813 2143 1239 2231 impératr'icis
1248 2146 1443 2227 jussu
1472 2143 1919 2207 concinnatum
1951 2161 1990 2201 a
2023 2143 2507 2221 Theophylacto.

673 2301 771 2361 ιιδ.
818 2294 1086 2360 Codices
1132 2288 2013 2361 Cmsareo—Vindobonenses,
2072 2302 2239 2367 quos
2270 2303 2438 2365 smpe
2485 2287 3009 2361 memoravimus,
3059 2285 3203 2359 220,
3263 2284 3380 2345 221
3449 2287 3510 2345 et
3539 2282 3690 2358 222,
3724 2281 3851 2345 sub

596 2391 1063 2473 TheOphylacti
1098 2388 1359 2451 nomine
1405 2386 1898 2448 Commentarios
1945 2390 2242 2462 praestant
2300 2387 2367 2444 in
2406 2383 2733 2463 Epistolas
2791 2383 3151 2445 canonicos.
3188 2378 3572 2443 Parisiensis
3605 2377 3849 2442 codicis

598 2491 992 2555 mentionem
1025 2486 1263 2565 ingerit
1296 2482 1589 2544 Labbeus
1640 2481 1707 2542 in
1757 2479 1935 2544 Nova
1992 2480 2391 2542 Bibliotheca
2458 2498 2604 2542 mss.
2674 2481 2985 2543 librorum
3031 2484 3208 2553 parte
3250 2496 3323 2553 ιι,
3365 2480 3392 2554 §
3456 2479 3682 2556 1,pag.
3742 2476 3845 2539 80.

599 2590 781 2651 Alius
817 2584 1090 2648 occurrit
1140 2582 1205 2642 in
1239 2578 1695 2658 Supplemento
1724 2595 1786 2650 x,
1815 2595 1951 2656 pag.
1977 2579 2113 2638 386.
2138 2577 2430 2638 Nondum
2458 2583 2783 2653 premente
2815 2576 2995 2655 prelo
3030 2572 3171 2636 sive
3208 2574 3430 2637 Latine
3460 2573 3600 2636 sive
3627 2572 3845 2635 Grtece

595 2696 903 2747 excusum
949 2694 1111 2756 Opus
1142 2682 1261 2738 est.

667 2779 767 2841 1‘7.
801 2778 1046 2838 Joanne
1074 2771 1383 2834 Lonicero
1421 2770 1770 2848 interprete
1804 2776 1863 2830 et
1896 2774 2180 2841 curante,
2208 2768 2431 2831 Latina
2462 2769 2808 2848 Expositio
2836 2770 2903 2831 in
2957 2776 3236 2850 quatuor
3268 2766 3610 2849 prophetas
3642 2766 3850 2845 [XXI]

599 2877 897 2943 minores,
921 2867 1506 2941 Habacuc,Jonam,
1528 2864 1773 2929 Nahum
1792 2872 1848 2925 et
1881 2862 2121 2940 Oscam,
2144 2865 2315 2945 typis
2329 2866 2977 2930 Francofurtensibus
3011 2865 3251 2946 prodiit
3273 2882 3443 2928 anno
3462 2864 3641 2938 1531s,
3667 2863 3843 2927 in-8.

599 2968 988 3031 Posteriores
1026 2963 1167 3026 alia)
1214 2959 1516 3023 confectas
1540 2968 1689 3021 sunt
1721 2960 2045 3022 editiones
2094 2962 2337 3039 plures.
2375 2963 2446 3024 In
2481 2961 2856 3026 Prmfatione
2911 2963 2991 3025 ad
3040 2965 3397 3038 Lectorem,
3440 2979 3585 3043 quas
3615 2960 3844 3023 eodem

596 3083 762 3129 anno
788 3062 938 3126 1534
968 3068 1174 3122 notata
1208 3066 1322 3130 est,
1360 3058 1709 3119 Lonicerus
1746 3063 1954 3119 narrat
1984 3072 2001 3119 ξ
2035 3077 2067 3113 α
2105 3058 2209 3119 Fr.
2237 3060 2557 3138 Angelum
2595 3062 2988 3134 Lucensem,
3021 3058 3167 3121 Divi
3204 3059 3468 3121 Antonii
3502 3056 3839 3132 vicarium,

597 3164 1066 3239 ῆβιόλιοερυλάκα,
1099 3155 1165 3215 in
1228 3150 1715 3232 prmclarissima
1752 3152 1990 3215 Veneta
2032 3150 2439 3232 bibliotheca,
2484 3157 2949 3237 Theophylacti
3000 3158 3067 3218 in
3120 3163 3397 3235 quatuor
3424 3155 3618 3219 hosce
3649 3159 3843 3229 paulo

596 3266 739 3317 ante
776 3258 1300 3317 commemoratos
1338 3248 1674 3327 prOphetas
1710 3257 1999 3327 ἐξηγήσεις
2027 3250 2484 3315 describendas
2523 3254 2810 3328 dedisse,
2850 3253 3334 3333 descriptasque
3367 3269 3511 3315 cum
3542 3260 3846 3333 autogra-

596 3352 723 3429 pho
754 3348 1181 3412 contulisse...
1218 3344 1489 3405 Proinde
1522 3344 1682 3423 grati
1730 3351 1947 3420 erunt,
1973 3345 2213 3426 inquit,
2268 3348 2497 3427 Angeli
2527 3348 2723 3428 hujus
2768 3348 3076 3428 angelicas
3141 3348 3363 3423 menti,
3395 3349 3505 3429 qui
3557 3348 3838 3429 aliquam

601 3447 822 3510 saltem
858 3446 957 3505 his
983 3461 1060 3505 ex
1097 3440 1656 3504 lucubrationibus
1693 3442 2057 3505 animorum
2104 3460 2373 3507 suorum
2418 3444 2810 3525 voluptatem
2860 3446 3136 3524 capient.
3188 3468 3218 3501 η
3252 3447 3502 3508 Veneto
3563 3445 3843 3509 Canoni-

597 3560 815 3608 eorum
846 3540 1257 3621 Regularium
1289 3538 1580 3600 coenobio
1612 3538 1735 3601 sub
1780 3539 1974 3603 titulo
2006 3540 2216 3604 Sancti
2250 3539 2516 3603 Antonii
2551 3540 2931 3619 prmsidebat
2969 3542 3261 3621 Angelus
3291 3543 3630 3606 Lucensis.
3675 3544 3843 3607 Insi-

598 3657 785 3721 gnem
815 3654 995 3701 suam
1041 3638 1132 3699 ibi
1190 3635 1645 3699 bibliothecam
1696 3636 2015 3699 locaverat
2065 3637 2437 3700 Dominicus
2470 3636 2837 3711 Grimanus,
2895 3636 3252 3715 patriarcha
3302 3638 3745 3719 Aquileiensis
3773 3656 3845 3704 ac

597 3741 660 3802 ὃ.
687 3740 757 3799 R.
894 3734 1255 3808 cardinalis,
1294 3733 1597 3796 incendio
1630 3742 1848 3811 postea
1876 3742 2343 3815 consumptam.

674 3837 767 3895 De
798 3833 1037 3895 codicis
1093 3829 1346 3894 defectu
1379 3830 1674 3907 queritur
1706 3831 2056 3894 Lonicerus
2094 3854 2109 3895 :
2154 3831 2292 3907 «Qu

2217 3829 2389 3907 Quod
2423 3831 2590 3892 Osee
2625 3836 2797 3893 vates
2827 3839 3120 3910 ἀκέφαλος,
3150 3840 3393 3913 λάγαρος
3428 3840 3524 3895 καὶ
3576 3841 3835 3915 μείουρος

599 3930 705 3993 sit.
744 3929 876 3993 Sub
927 3929 1187 3991 initium
1239 3926 1441 4007 igitur
1463 3944 1496 3988 e
1525 3926 1758 3989 Graecis
1782 3926 2012 3989 Bibliis
2043 3945 2190 4008 quas
2213 3928 2499 4001 deerant,
2550 3926 2907 4007 adjecimus
2938 3928 3212 4008 (scilicet
3245 3936 3439 4008 caput
3463 3929 3744 4007 primum
3780 3937 3843 3994 et

601 4027 817 4105 priora
848 4027 1069 4087 decem
1122 4030 1432 4087 commata
1481 4022 1751 4084 secundi
1789 4021 2065 4103 capitis.)
2097 4023 2167 4084 In
2205 4024 2420 4085 medio
2460 4023 2514 4084 si
2548 4040 2673 4100 qua
2699 4024 3025 4099 deessent,
3058 4024 3234 4087 idem
3256 4024 3555 4101 fecimus,
3588 4034 3650 4089 et
3676 4036 3846 4091 aste-

602 4126 752 4187 riscl
782 4124 815 4157 ⁸
846 4122 876 4159 ’ί
908 4122 1309 4184 indicabunt.
1347 4120 1442 4182 Ab
1478 4119 1823 4182 undecimo
1860 4120 2067 4200 capite
2099 4122 2164 4183 in
2190 4120 2378 4183 ﬁnem
2414 4138 2648 4199 usque,
2683 4118 2896 4181 blattis
2925 4120 3257 4200 tineisque
3289 4139 3589 4185 corrosus
3616 4124 3847 4202 periit:

603 4235 802 4300 quare
871 4225 1242 4281 contextum
1300 4215 1647 4295 prOphetae,
1686 4216 1801 4295 qui
1831 4216 2039 4280 cuivis
2080 4234 2160 4279 ex
2185 4216 2412 4279 Bibliis
2474 4216 2709 4279 obvius
2768 4232 2911 4277 esse
2969 4222 3204 4295 potest,
3236 4223 3372 4280 tum
3406 4218 3846 4299 etiam.iuter-

604 4318 853 4379 mittere
892 4316 1111 4377 visum.
1132 4322 1250 4376 est.
1278 4336 1308 4372 ιο

680 4412 1013 4475 Deiectum
1040 4413 1208 4474 hunc
1240 4411 1427 4474 bonis
1472 4411 1701 4474 avibus
1738 4410 1957 4493 aliqua
1988 4429 2068 4473 ex
2099 4419 2272 4488 parte
2297 4410 2627 4491 supplevit
2660 4410 3027 4492 ChristOph.
3060 4414 3385 4477 Henricus
3421 4412 3846 4492 Bitmeierus,

605 4510 716 4588 qui
757 4509 1302 4572 Commentarium
1344 4508 1420 4569 ad
1455 4508 1714 4569 initium
1747 4510 1972 4586 capitis
2008 4510 2277 4570 secundi
2317 4510 2500 4581 Osee,
2529 4510 2745 4571 Graece
2771 4526 2855 4570 ex
2885 4510 3255 4591 apographo
3285 4513 3383 4573 Jo.
3417 4511 3695 4574 Andreas
3726 4513 3851 4576 Bo-

609 4606 691 4665 sii
726 4622 800 4665 ex
837 4606 1056 4666 codice
1112 4604 1567 4683 Argentinensi
1602 4605 2026 4681 descriptum,
2058 4622 2200 4665 cum
2242 4605 2542 4685 versione
2573 4612 2770 4666 suaet
2802 4608 2973 4668 notis
3015 4606 3219 4668 edidit
3250 4606 3634 4670 Helmstadii
3665 4608 3845 4683 1702,

607 4704 665 4763 ι.
700 4704 789 4763 Ita
820 4701 1128 4764 disoimus
1166 4703 1244 4763 ab
1272 4703 1519 4762 Joanne
1546 4699 1805 4763 Alberto
1830 4700 2144 4763 Fabricio.

698 4798 799 4859 1:8.
846 4799 1163 4876 Integram
1197 4798 1260 4858 in
1288 4797 1552 4859 eosdem
1597 4804 1875 4875 quatuor
1908 4796 2248 4875 prophetas
2272 4795 2608 4875 Exegesim
2634 4794 2923 4856 continet
2951 4796 3285 4860 Marcianas
3309 4798 3572 4862 Veneta)
3601 4800 3849 4867 biblio-

608 4894 808 4956 thecae
855 4895 1081 4969 codex,
1108 4911 1178 4955 ac
1214 4895 1483 4972 insuper
1527 4893 1596 4955 in
1629 4893 1979 4957 Michaaam.
2033 4893 2287 4955 Folium
2326 4893 2604 4967 primum
2641 4890 2866 4967 partim
2923 4891 3203 4954 lacerum
3250 4907 3385 4967 est;
3414 4897 3588 4975 quod
3617 4898 3851 4978 utique

608 4989 982 5052 dolendum.
1020 4989 1263 5051 Similis
1293 4997 1389 5050 est
1412 4987 2267 5051 Ceesareo-Vindobonensis
2331 4988 2535 5051 codex
2564 4988 2683 5049 216
2733 4990 2905 5066 apud
2982 4990 3418 5066 Lambecium,
3479 5010 3610 5072 quo
3662 4995 3855 5058 Com-

614 5088 907 5149 mentarii
938 5086 1353 5149 continentur
1383 5086 1446 5148 in
1472 5087 1717 5157 Oscam,
1748 5086 2072 5160 Habacuc,
2110 5088 2360 5159 Jonam,
2392 5086 2636 5149 Nahum
2668 5096 2727 5146 et
2754 5087 3099 5150 Michceam.
3138 5088 3390 5151 Codicis
3418 5091 3650 5155 titulus
3692 5099 3791 5155 est
3831 5112 3846 5156 :

627 5193 914 5277 ’EEﬁyBa-t;
934 5195 1012 5256 εἰς
1038 5193 1162 5257 τοῦς
1198 5192 1262 5263 ιβ’
1288 5193 1598 5264 προφήτας,
1638 5184 1706 5244 in
1742 5184 2065 5273 duodecim
2108 5202 2245 5263 pro;

2231 5184 2447 5263 phetas
2505 5203 2527 5241 :
2583 5200 2663 5244 ex
2706 5199 2837 5262 quo
2874 5205 2903 5239 α
2944 5192 3208 5262 apparet
3246 5185 3654 5264 (Lambecius
3704 5190 3849 5271 ait),

613 5280 1158 5361 'l‘heOphylactum
1188 5298 1413 5343 omnes
1447 5280 1788 5342 duodecim
1826 5281 2163 5359 prophetas
2197 5282 2480 5343 minores
2505 5278 2996 5343 Commentariis
3028 5281 3169 5342 suis
3200 5281 3587 5348 illustrasse.
3617 5308 3646 5343 ι

690 5380 1016 5456 lntegrum
1074 5394 1238 5455 opus
1296 5376 1745 5439 comulectitur
1780 5375 2594 5440 Bavarico-Mouachiensis
2627 5375 2858 5439 codex.
2895 5376 3372 5441 Commentaria
3404 5380 3474 5442 in
3506 5380 3649 5458 ipso
3692 5399 3852 5461 pro-

613 5474 1095 5554 stantsequenli
1121 5475 1350 5536 ordine
1382 5498 1396 5535 :
1430 5476 1507 5535 In
1536 5473 1777 5553 Oscam.
1800 5474 2121 5549 Habacuc,
2150 5476 2397 5547 Jonam,
2418 5473 2687 5545 Nahum,
2719 5472 3067 5550 Michteam,
3096 5474 3500 5554 Sophoniam,
3531 5478 3852 5560 Aggamm,

611 5570 1009 5637 Zachariam.
1074 5568 1469 5635 Malachiam.
1500 5570 1991 5645 Joelem,Amos,
2028 5570 2311 5635 Abdiam.
2353 5573 2556 5651 Caput
2600 5572 2880 5652 primum
2913 5574 3081 5635 Osee
3130 5584 3305 5639 caret
3365 5580 3852 5658 commentario,

614 5665 899 5744 itemque
960 5666 1225 5728 secundi
1256 5662 1483 5745 capitis
1525 5682 1767 5728 comma
1825 5667 2123 5742 primum.
2160 5670 2232 5731 In
2257 5670 2671 5747 expositione
2727 5671 2955 5748 capitis
2993 5690 3056 5733 ιν
3109 5672 3333 5736 lacuna
3378 5684 3551 5755 patet
3588 5684 3678 5755 a7
3708 5680 3852 5743 3nd

604 5778 859 5829 comma
920 5768 1192 5825 sextum.
1252 5763 1527 5826 Perfecta
1573 5770 1722 5825 sunt
1770 5780 1840 5827 ac
1888 5764 2136 5845 integra
2195 5773 2518 5846 postrema
2576 5766 2698 5832 tria
2746 5769 2952 5848 capita
2984 5788 3103 5848 xu,
3138 5789 3259 5834 xm
3284 5780 3344 5837 et
3374 5792 3512 5851 xw,
3534 5792 3682 5840 cum
3706 5778 3851 5842 suis
