4098 6330
642 291 703 356 51
1460 285 1678 351 BERN.
1721 283 1988 346 ΜΑΠΙᾸΞ
2027 282 2126 344 ΠΕ
2160 282 2260 345 [ω

2277 280 2447 342 BEIS
2486 278 2986 341 DISSERTATIO
3823 272 3895 339 53

719 399 973 476 Quibus
1039 402 1171 460 hinc
1229 396 1650 460 hebdomadis
1677 407 1755 457 act
1782 394 2014 458 diebus
2046 393 2341 473 legantur
2365 390 2723 468 evangelia,
2765 389 2997 452 ducent
3028 387 3267 466 Typica
3305 392 3366 448 et
3403 385 3712 448 Canunta.
3751 383 3888 446 Du-

642 494 958 561 t'rcsnium
990 492 1258 562 consule
1287 492 1358 558 in
1373 491 1714 560 Glossario
1750 491 1990 563 Gnaeo.
2031 491 2103 552 In
2136 489 2361 552 eadem
2397 485 2700 551 undecim
2737 483 3098 565 evangelia,
3121 483 3397 548 tetidem
3421 481 3611 546 etiam
3635 486 3889 544 exstant

646 591 932 656 homilim
959 590 1372 669 Theophanis
1431 589 1718 653 Ceramei
1756 587 1924 667 apud
1961 584 2474 666 bibliographos.

718 689 822 754 50.
855 692 1003 753 Haec
1032 686 1412 761 scribebam.
1444 704 1592 749 cum
1617 687 1844 750 incidit
1876 687 1942 749 in
1981 701 2210 747 manus
2250 678 3128 747 Cmsareu-Vindobonensis
3153 676 3398 741 codicis
3418 672 3884 757 apugraphum,

638 789 818 866 quod
857 785 1154 848 undecim
1178 783 1465 864 prmfatas
1491 785 1779 849 continet
1811 786 1935 849 sub
1973 781 2437 863 Theophylacti
2470 781 2736 844 nomine
2759 777 3086 843 humilius.
3125 775 3415 854 Scriptus
3438 774 3676 853 legitur
3695 780 3886 836 Mm

643 891 1139 962 ιπτακισχιλιαστῷ
1168 891 1384 962 δεκάτῳ
1408 893 1666 966 πέμπτῳ,
1694 908 1822 962 μην.
1841 887 2044 961 Ἰουνιῳ
2072 895 2180 960 κη’,
2204 898 2261 940 at

2265 896 2370 940 tuo
2442 878 2622 952 7015,
2671 890 2875 938 mense
2904 875 3130 964 Iunio,
3185 872 3286 936 die
3330 873 3434 942 28.
3472 872 3535 934 id
3568 877 3666 933 est
3704 874 3883 944 anno

645 978 881 1042 Christi
915 981 1094 1044 1507.
1125 979 1306 1044 Illico
1334 980 1496 1045 facta
1545 979 1844 1058 diligenti
1884 995 2028 1042 cum
2080 975 2542 1056 TheOphylacti
2596 972 3077 1038 Commentariis
3107 973 3180 1035 in
3203 978 3480 1052 quatuor
3548 967 3887 1049 Evangelia

641 1073 1010 1151 collatione,
1071 1077 1412 1155 perspicue
1457 1083 1766 1155 certoque
1797 1073 2086 1138 innotuit
2130 1089 2210 1136 ex
2250 1071 2354 1135 his
2390 1073 2471 1135 de
2506 1071 2704 1136 verbo
2739 1071 2817 1133 ad
2851 1071 3119 1136 verbum
3153 1084 3262 1131 eas
3292 1067 3706 1147 transcriptas
3735 1081 3883 1129 esse

640 1170 942 1235 homilias
988 1188 1235 1248 omnes,
1270 1181 1587 1254 postrema
1614 1180 1790 1252 parte
1823 1172 2110 1236 homilire
2130 1171 2490 1234 undecimae
2518 1175 2806 1246 excepta.

715 1270 840 1332 Res
881 1270 969 1332 ita
1001 1286 1070 1334 se
1095 1271 1304 1333 habet.
1357 1265 1707 1334 Undecima
1763 1271 1875 1333 illa
1943 1267 2215 1336 humilia
2244 1268 2471 1350 incipit
2505 1284 2540 1330 a
2586 1273 2644 1342 7.
2682 1268 2757 1329 15
2814 1264 3046 1345 capitis
3077 1280 3195 1326 ni
3225 1259 3701 1335 Joannis,Cum
3731 1272 3882 1342 ergo

632 1365 1068 1444 prandissent,
1123 1366 1278 1430 dicit
1323 1369 1567 1430 Simoni
1598 1367 1788 1430 Petro
1845 1369 2050 1431 Iesus.
2094 1368 2399 1448 Sequitur
2454 1363 2921 1445 Theuphyiacti
2957 1359 3322 1441 Expositio,
3359 1359 3582 1422 eadem
3615 1375 3883 1435 prorsus

636 1481 782 1542 quas
805 1464 868 1526 in
903 1466 1381 1529 Commentario
1428 1467 1514 1528 ad
1555 1483 1766 1547 usque
1791 1472 1846 1541 Ῡ.
1883 1467 1985 1539 23,
2028 1467 2134 1529 Sin
2164 1482 2300 1527 eum
2325 1465 2466 1532 volo
2496 1481 2745 1524 manere
2768 1461 2963 1523 donec
2991 1459 3260 1532 ueniam,
3305 1456 3458 1537 quid
3485 1454 3568 1517 ad
3594 1458 3700 1518 te?
3731 1456 3884 1519 Illuc

636 1577 786 1624 vero
812 1561 878 1623 in
912 1563 1386 1626 Commentario
1418 1562 1512 1627 sic
1563 1563 1805 1627 desinit
1834 1563 2160 1644 expositio
2212 1586 2227 1624 :
2274 1585 2306 1620 cz
2329 1560 2459 1624 Alii
2491 1567 2703 1622 autem
2731 1557 3071 1631 afﬁrmant,
3130 1554 3306 1634 quod
3341 1561 3638 1616 mortuus
3672 1551 3879 1616 fuerit

630 1658 939 1738 (Joannes
975 1659 1093 1734 :)et
1125 1661 1295 1741 quod
1322 1660 1504 1736 dicit,
1530 1660 1637 1724 Sic
1667 1679 1804 1722 eum
1831 1661 1970 1724 uolo
2005 1662 2276 1733 manere,
2330 1657 2703 1736 intelligunt
2733 1655 2900 1719 sicut
2928 1654 3328 1733 interpretati
3361 1667 3609 1715 sumus.
3645 1652 3882 1714 Omnes

632 1754 983 1832 upiniunes
1025 1755 1336 1830 diximus,
1367 1775 1450 1821 ne
1481 1775 1678 1838 quam
1705 1759 2005 1839 ignorent
2037 1757 2338 1821 studiusi.
2373 1753 2573 1817 Nobis
2605 1760 2820 1816 autem
2868 1750 3100 1831 placet,
3139 1756 3212 1813 ut
3243 1751 3453 1810 Donec
3496 1748 3743 1809 ueniam
3777 1746 3884 1810 in-

631 1850 985 1931 telligatur,
1024 1853 1191 1916 sicut
1228 1854 1707 1936 Chrysostumo,
1743 1856 1966 1919 divino
1992 1863 2057 1918 ‘et
2083 1871 2281 1918 auneo
2313 1852 2411 1914 illi
2444 1851 2565 1925 ori,
2600 1850 2883 1925 videtur,
2916 1864 3045 1910 non
3068 1847 3148 1909 de
3191 1846 3316 1908 vita
3356 1844 3508 1907 :sed
3541 1843 3715 1925 quod
3749 1858 3882 1907 non

630 1948 716 2008 sit
739 1947 1114 2027 jungendus
1148 1951 1406 2014 Petro.»
1433 1953 1583 2014 Post
1606 1951 1738 2015 haec
1761 1959 2124 2032 sequuntur
2149 1956 2456 2014 commata
2494 1945 2826 2028 Evangelii
2863 1953 3183 2026 postrema
3213 1944 3368 2018 duo,
3402 1943 3526 2004 Hie
3563 1949 3656 2003 est
3692 1940 3883 2005 disci-

627 2041 824 2122 pulus
855 2045 1121 2123 [XXIII]
1150 2048 1282 2119 ille,
1307 2053 1454 2120 etc.,
1506 2064 1578 2110 ac
1605 2047 1784 2112 hisce
1837 2047 2050 2111 verbis
2108 2047 2336 2127 incipit
2378 2043 2842 2124 Theuphylacti
2911 2041 3389 2121 interpretatio,
3426 2040 3692 2114 «Quare
3725 2055 3882 2103 cum

633 2138 854 2202 nullus
884 2141 1420 2220 evangelistarum
1436 2143 1605 2206 alius
1635 2144 1717 2207 de
1741 2162 1811 2206 se
1842 2145 1983 2225 ipso
2007 2143 2366 2222 perhiberet
2390 2140 2857 2214 testimonium,
2889 2137 2996 2202 hic
3012 2138 3092 2200 de
3123 2154 3194 2200 se
3223 2137 3371 2217 ipso
3399 2143 3690 2207 testatur,
3716 2144 3879 2199 etc.»

711 2238 861 2300 Hinc
900 2255 1050 2301 vero
1083 2249 1402 2318 postrema
1430 2240 1875 2317 Expusitiunis
1891 2243 2247 2322 parslonge
2279 2239 2495 2302 differt
2527 2237 2594 2300 in
2627 2236 2927 2311 humilia;
2962 2251 3236 2316 eamque
3263 2234 3633 2312 praecedunt
3666 2232 3880 2314 plura,

631 2351 774 2410 quas
804 2335 870 2397 in
901 2336 1373 2400 Commentario
1404 2337 1878 2402 desiderantur.
1913 2339 2010 2401 Ab
2033 2337 2166 2400 illis
2195 2336 2432 2411 verbis,
2466 2335 2600 2396 Alii
2631 2343 2838 2394 autem
2867 2331 3212 2412 afﬁrmant,
3243 2330 3474 2409 incipit
3509 2331 3884 2410 discrepan-

633 2431 1227 2511 tia.Nempe,«Alii
1256 2443 1470 2496 autem
1502 2433 1814 2498 afﬁrmant
1841 2458 1868 2492 »
1902 2434 2140 2515 (Latina
2173 2434 2468 2496 versione
2503 2439 2670 2502 utor,
2707 2446 2900 2510 quam
2926 2428 3158 2490 doctus
3195 2427 3579 2503 peritusque
3613 2425 3876 2506 lingua-

630 2543 772 2588 rum
801 2527 1242 2605 orientalium,
1271 2531 1636 2595 consudalis
1673 2548 1885 2609 meus,
1913 2530 2281 2594 Bonifacius
2316 2530 2609 2593 Finettus
2631 2525 2989 2605 adornavit)
3033 2548 3062 2582 ιι
3089 2543 3237 2588 eum
3273 2526 3530 2604 pruprie
3559 2525 3884 2590 obdormi-

628 2626 799 2687 visse
824 2669 840 2696 ,
878 2642 997 2688 seu
1030 2635 1352 2691 mortuum
1403 2644 1571 2690 esse.
1612 2628 1862 2691 Etenim
1890 2637 2032 2708 post
2076 2625 2512 2693 Domitianum
2550 2623 2890 2702 imperavit
2947 2624 3153 2685 Nerva
3209 2637 3453 2685 annum
3492 2638 3721 2697 unum,
3763 2624 3878 2704 qui

625 2716 938 2778 Joannem
970 2733 1050 2779 ex
1083 2717 1293 2783 insula
1323 2719 1538 2783 Patmo
1580 2729 1970 2795 revocatum,
2002 2722 2296 2801 permisit
2328 2721 2613 2785 habitare
2646 2719 3046 2799 Ephesi.Hic
3075 2736 3222 2782 cum
3253 2717 3432 2781 solus
3458 2735 3541 2781 ex
3573 2721 3876 2784 omnibus

627 2810 970 2890 discipulis
1005 2820 1336 2891 superstes
1370 2816 1805 2891 remansisset,
1839 2834 2116 2897 cumque
2164 2819 2529 2900 scripsisset
2588 2816 3040 2898 Evangelium,
3068 2817 3137 2879 in
3174 2833 3324 2896 pace
3355 2815 3630 2896 quievit.
3673 2838 3704 2875 ι
3736 2819 3875 2894 Qua

628 2914 708 2974 de
747 2929 814 2974 re
851 2912 1113 2974 Eusebii
1161 2913 1602 2976 testimonium
1632 2914 1975 2978 adducitur
2006 2917 2072 2979 in
2102 2918 2407 2980 Historiae
2442 2915 2682 2978 Eccles.
2710 2913 2880 2978 libro
2915 2933 3005 2988 ιιι,
3043 2913 3250 2993 capite
3284 2915 3315 2974 1
3351 2922 3414 2975 et
3443 2915 3547 2989 31,
3589 2913 3876 2997 itemque

624 3006 979 3087 Polycratis
1009 3008 1438 3087 Ephesiorum
1471 3011 1759 3090 episcopi
1799 3009 1967 3089 apud
1993 3012 2205 3090 ipsum
2237 3011 2597 3077 Eusebium
2637 3009 2803 3074 libro
2837 3029 2900 3088 v,
2935 3012 3142 3090 capite
3169 3009 3271 3085 21s,
3308 3025 3381 3073 ac
3410 3011 3672 3075 demum
3708 3011 3870 3094 Hip-

628 3104 833 3182 polyti
871 3106 1167 3178 Romani,
1229 3124 1346 3169 seu
1379 3107 1779 3181 Portuensis,
1814 3107 1882 3170 in
1911 3107 2226 3186 opusculo
2254 3107 2343 3171 De
2367 3109 2824 3191 praedicatione
2871 3118 2930 3171 et
2983 3107 3162 3171 obitu
3192 3108 3655 3188 apostolorum,
3700 3108 3873 3189 quod

627 3201 915 3282 vulgavit
948 3204 1254 3284 notisque
1281 3205 2511 3290 illustravitFranciscusCombeﬁsius.
2557 3207 2634 3268 Hi
2675 3223 2899 3270 omnes
2933 3205 3053 3268 vita
3079 3204 3316 3283 Ephesi
3353 3206 3665 3287 migrasse
3687 3209 3874 3271 Juan-

629 3314 774 3360 nem
807 3305 1145 3362 testantur.
2087 3382 2090 3390 λ
3737 3302 3742 3305 ’

703 3395 850 3456 Haec
911 3395 1104 3457 trium
1139 3396 1397 3457 testium
1455 3397 1625 3460 dicta
1677 3397 1923 3460 ibidem
1955 3397 2021 3460 in
2055 3397 2320 3460 humilia
2382 3398 2624 3478 excipit
2662 3398 3212 3478 interpretatioin
3260 3399 3600 3480 Evangelii
3630 3399 3867 3474 locum,

625 3489 809 3566 Quod
836 3492 892 3552 si
910 3509 1044 3551 eum
1072 3492 1211 3553 uolo
1241 3509 1510 3566 manere,
1542 3507 1688 3571 qum
1727 3493 2037 3556 tribuitur
2067 3494 2364 3567 Caesarie,
2386 3496 2682 3576 Gregorii
2718 3496 3107 3559 Nazianzeni
3141 3494 3359 3571 fratri,
3391 3498 3453 3558 in
3485 3496 3868 3572 Quastioni-

624 3588 740 3648 bus
770 3587 905 3648 sive
935 3587 1213 3668 Dialogis
1245 3608 1308 3653 ιγ
1327 3587 1595 3651 derebus
1625 3591 1948 3668 gravibus.
1979 3592 2269 3653 Prostant
2300 3592 2364 3654 hi
2411 3592 2479 3655 in
2515 3593 2935 3673 Lugdunensi
2964 3593 3359 3656 Bibliotheca
3394 3596 3672 3670 Patrum,
3709 3601 3756 3656 t.
3791 3595 3865 3656 V.

624 3686 693 3748 in
746 3686 872 3747 ﬁne
929 3685 1168 3763 dialogi
1221 3703 1292 3747 ιιι
1335 3687 1466 3749 ὴωο
1520 3688 1888 3764 habentur,
1946 3704 2090 3767 quas
2137 3697 2286 3750 sunt
2334 3691 2558 3752 eadem
2624 3688 2688 3752 in
2748 3690 3017 3752 humilia
3052 3715 3064 3752 :
3105 3715 3131 3746 α
3173 3692 3513 3765 Quomodo
3566 3693 3750 3753 Petro
3791 3693 3868 3754 de

622 3784 870 3843 Joanne
931 3782 1325 3861 evangelista
1355 3783 1509 3847 dicit
1546 3784 1888 3859 Dum‘inus,
1946 3783 2132 3860 Quod
2169 3787 2226 3848 si
2251 3787 2509 3848 voluero
2537 3788 2740 3866 ipsum
2775 3805 3043 3863 manere,
3091 3786 3286 3849 donec
3319 3790 3584 3861 veniam,
3609 3787 3762 3867 quid
3790 3787 3874 3850 ad

622 3879 807 3943 te?id
847 3881 1016 3959 quod
1042 3881 1303 3957 indicat,
1330 3884 1543 3962 ipsum
1578 3885 1793 3946 vivere
1822 3897 2029 3964 usque
2053 3885 2129 3946 ad
2166 3881 2381 3946 saeculi
2407 3882 3051 3944 consummationem.
3084 3883 3273 3944 RESP.
3319 3883 3458 3960 Ipse
3487 3884 3768 3947 Joannes
3800 3883 3868 3948 in

631 3978 982 4055 Evangelio
1018 3996 1136 4040 suo
1170 3979 1233 4040 id
1271 3981 1435 4043 circa
1470 3981 1661 4043 ﬁnem
1690 3981 2060 4054 declaravit,
2119 3979 2342 4042 dicens
2376 3997 2390 4041 :
2423 3979 2510 4040 Et
2528 3999 2666 4042 cum
2701 3979 3077 4054 dixissetsi,
3110 3979 3231 4043 hoc
3254 3987 3349 4042 est
3374 3982 3583 4054 Petro,
3616 4001 3871 4062 sequere

621 4093 712 4132 me
749 4095 766 4132 :
799 4092 1134 4136 conversus
1162 4086 1370 4136 autem
1399 4068 1649 4152 Petrus,
1683 4085 1840 4139 etc.:
1880 4077 2408 4157 quandoquidem
2435 4078 2608 4139 enim
2639 4078 2814 4157 ipsus
2844 4078 3162 4155 piscantes
3198 4078 3575 4154 offenderat,
3613 4082 3868 4143 Petrum

621 4172 956 4231 admonuit
1020 4178 1088 4232 ut
1126 4189 1194 4233 se
1234 4180 1636 4252 sequeretur.
1687 4173 2182 4236 Vulebatautem
2216 4175 2328 4235 ille
2366 4181 2428 4236 et
2461 4173 2981 4252 condiscipulum
3015 4190 3142 4236 una
3165 4190 3309 4236 cum
3332 4175 3491 4252 ipsis
3524 4176 3868 4253 proﬁcisci,

621 4266 906 4346 dicitque
941 4268 1017 4329 ad
1051 4271 1273 4331 Iesum
1321 4293 1333 4332 :
1373 4271 1662 4346 Domine,
1727 4269 1826 4332 hic
1857 4281 2064 4332 autem
2117 4269 2310 4350 quid?
2338 4271 2542 4343 Quem
2591 4268 2883 4331 indicare
2943 4268 3166 4332 volens
3189 4272 3406 4344 Jesus,
3439 4272 3674 4334 debere
3693 4275 3867 4351 apud

623 4379 790 4426 mare
826 4380 1083 4427 manere
1118 4364 1203 4446 (in
1242 4366 1616 4447 piscatione)
1646 4367 1856 4445 inquit
1903 4369 2010 4429 :Si
2039 4367 2296 4430 voluero
2321 4368 2528 4448 ipsum
2549 4385 2797 4430 manere
2833 4367 2930 4448 (ad
2965 4367 3372 4449 piscandum)
3399 4369 3594 4432 donec
3624 4371 3874 4435 ueniam

621 4462 782 4523 (sive
811 4465 934 4524 huc
980 4464 1309 4544 revertar),
1341 4465 1491 4544 quid
1518 4466 1600 4527 ad
1633 4469 1776 4528 te?»

702 4585 952 4664 Dialogi
988 4589 1124 4648 loco
1187 4587 1376 4649 citato
1411 4588 1476 4649 in
1516 4589 1910 4650 Bibliotheca
1946 4593 2194 4650 Patrum
2227 4589 2503 4651 Cmsario
2537 4589 2938 4658 tribuuntur,
2995 4605 3174 4668 «quo
3214 4599 3499 4671 tempore
3532 4611 3563 4656 a
3599 4591 3872 4657 secretis

623 4692 778 4757 erat,
812 4689 874 4744 et
898 4683 1456 4760 Constantinopoli
1491 4685 1728 4747 docens
1770 4686 2000 4765 viginti
2027 4700 2230 4746 annos
2262 4683 2796 4756 commorabatur.
2824 4704 2852 4736 »
2880 4681 2947 4741 In
2993 4679 3264 4744 humilia
3288 4686 3383 4748 sic
3414 4685 3650 4765 legitur
3679 4708 3694 4747 :
3719 4697 3866 4751 Kai-

624 4793 808 4859 σὰριος
841 4788 1137 4861 ἐρωτηθεὶς
1160 4791 1215 4841 ἐν
1246 4789 1818 4850 Κωνβταντιωυπύλιι
1857 4793 1947 4844 ἐπὶ
1986 4790 2242 4860 συκρέτοι.

2288 4786 2597 4856 (σεκρέτου)
2637 4787 2766 4857 περὶ
2795 4787 3009 4854 τούτου,
3044 4783 3358 4846 Caesarius
3431 4787 3869 4862 interrogatus

621 4878 691 4940 de
715 4883 826 4940 hoc
856 4878 1157 4957 privatim
1189 4887 1246 4938 ct
1274 4879 1701 4956 familiariter,
1724 4878 2072 4958 respondit.
2098 4881 2239 4940 νυοί

2252 4894 2301 4938 BS
2336 4875 2462 4943 illm
2498 4886 2864 4957 ὲπισικρίτου,
2897 4896 3014 4948 seu
3052 4893 3438 4962 ὲπισεκρέτου,
3469 4882 3870 4962 cunjunrtim

622 4984 917 5053 sumptae,
942 4975 1489 5049 secretarium,vel
1526 4995 1562 5034 a
1605 4978 1857 5037 secretis
1896 4977 2255 5054 signiﬁcant
2296 4985 2399 5038 :at
2428 4988 2646 5041 nostro
2678 4982 2739 5042 ιη
2792 4981 3014 5046 codice
3041 4984 3417 5062 disjunctim
3466 4981 3868 5053 scribuntur,

621 5091 690 5133 ac
726 5070 1086 5148 signiﬁcant
1136 5079 1402 5144 secreto,
1435 5089 1547 5132 seu
1571 5072 1899 5149 privatim,
1934 5082 1992 5132 et
2031 5075 2456 5152 familiariter,
2485 5076 2828 5139 scitissime
2881 5080 3227 5141 adnotante
3289 5081 3477 5141 Petro
3531 5075 3872 5140 Lambecio

625 5167 788 5228 libro
822 5185 910 5238 iv,
946 5185 1087 5244 pag.
1119 5168 1220 5236 3‘7,
1258 5167 1367 5228 ubi
1404 5177 1649 5236 metere,
1684 5186 1825 5246 quas
1863 5178 2249 5248 sequuntur,
2303 5171 2492 5232 verba
2524 5173 2830 5253 corrigit:
2864 5192 2934 5237 ac
2961 5193 3127 5252 opus
3177 5175 3365 5249 illud,
3401 5174 3597 5236 veluti
3633 5169 3876 5254 εει]πῖ-

623 5281 774 5324 num
817 5265 1067 5325 Caesarii
1098 5264 1321 5335 fetum,
1350 5263 1544 5326 multa
1569 5266 2252 5327 vindicateruditione.

698 5364 796 5423 51.
833 5365 929 5423 An
974 5380 1122 5424 vero
1187 5364 1316 5424 haec
1349 5364 1870 5442 Theophylactus
1911 5366 2366 5428 Commentario
2409 5383 2529 5429 suo
2559 5369 2622 5428 in
2653 5370 2957 5430 Joannem
2987 5370 3267 5430 secunda
3294 5385 3486 5429 manu
3519 5366 3866 5442 addiderit,

622 5473 1021 5538 suorumque
1043 5462 1658 5523 Commentariorum
1701 5462 1765 5523 in
1808 5464 2145 5543 Evangelia
2188 5476 2395 5544 partes
2430 5467 2594 5542 illas,
2638 5468 2701 5529 in
2738 5470 2977 5548 quibus
3006 5469 3215 5547 agitur
3253 5469 3330 5530 de
3390 5467 3866 5529 resurrectione

621 5555 905 5623 Domini,
936 5558 1002 5616 in
1038 5559 1336 5619 undecim
1387 5560 1718 5635 praedictas
1779 5558 2078 5622 homilias
2114 5565 2472 5642 redegerit?
2499 5566 2746 5625 Pronus
2778 5565 2948 5626 feror
2983 5573 3047 5626 ut
3075 5566 3390 5643 judicem,
3439 5563 3864 5641 posteriorem

618 5651 988 5731 quempiam
1022 5655 1310 5717 Grtecum
1367 5662 1500 5717 tum
1535 5657 1846 5719 Homilies
1881 5658 1944 5718 in
1967 5659 2251 5720 undecim
2289 5663 2604 5738 evangelia
2641 5664 2951 5724 matutina
2985 5663 3492 5725 Resurrectiunis
3532 5679 3610 5732 ex
3643 5662 3867 5724 Theo.

617 5745 897 5829 phylacti
957 5750 1449 5816 Commentariis
1503 5755 2011 5834 transcripsisse,
2063 5768 2194 5820 tum
2245 5769 2626 5838 postremam
2665 5761 3001 5825 invectain
3039 5761 3331 5841 ejusdem
3381 5759 3849 5840 TheOpbvlacti
