4098 6330
255 327 328 392 53
1077 321 1178 384 DE
1215 315 1810 393 THEOPHYLACTI
1841 313 2116 377 GESTIS
2158 311 2253 374 ET
2295 307 2667 371 SCRIPTIS.
3467 296 3553 363 δι

261 441 474 500 locum
510 434 1013 517 interpolatione
1049 434 1357 496 auxisse.
1389 434 1508 495 Pro
1548 446 1726 493 more
1760 444 1880 490 suo
1929 429 2249 508 Bulgarus
2283 421 2824 501 archiepiscopus
2853 415 3064 517 varias
3092 413 3376 517 aliorum
3419 417 3560 495 cpi-

259 538 496 600 niones
551 513 743 604 refert
790 536 857 598 in
888 532 1386 607 Commentario,
1418 548 1492 594 ac
1526 527 1779 608 praefert
1809 523 1908 587 eis
1953 523 2228 587 Joannis
2258 516 2728 600 Chrysostomi‘
2761 514 3272 594 expositionem.
3319 513 3554 576 Contra

262 650 508 698 morem
533 633 708 697 hunc
744 631 1050 703 inseruit,
1082 647 1153 693 ac
1189 628 1466 703 addidit,
1499 625 1751 691 scilicet
1775 622 2226 697 interpolator,
2256 615 2635 681 testimonia
2667 612 2966 684 Eusebii,
2989 618 3052 675 et
3075 609 3457 692 Polycratis,
3498 618 3560 672 et

263 730 601 812 Hippolyti
633 729 713 792 de
749 736 951 791 morte
1005 726 1276 788 Joannis
1337 721 1764 803 evangelista)
1801 741 1816 780 :
1859 734 2227 804 novamque
2284 715 2536 780 invexit
2589 710 2852 812 Caesarii
2907 707 3552 812 interpretationem.

261 805 429 891 Tum
471 805 624 891 vero
651 825 1162 890 conﬁrmationis
1209 824 1350 887 loco
1386 823 1648 885 adnotat
1687 842 1701 881 :
1741 818 1809 882 iu
1841 815 2069 880 multis
2100 812 2348 894 pluries
2382 826 2634 880 errasse
2669 805 3036 887 discipulos
3076 805 3249 866 circa
3281 805 3560 865 interro-

259 908 551 1007 gationes
596 925 842 994 Christi
874 931 932 985 et
963 923 1434 1002 responsiones.
1461 919 1674 998 Atque
1731 918 2023 980 demum
2057 910 2443 991 opinionem
2501 909 2704 980 illam,
2735 922 2951 1007 quam
2987 902 3320 1007 superius
3353 899 3565 1007 Tbeo-

259 995 607 1104 phylactus
644 995 1134 1093 memoraverat,
1172 1025 1235 1080 et
1265 1016 1329 1079 in
1378 995 1592 1084 medio
1625 1013 2002 1094 reliquerat,
2049 1011 2128 1074 de
2159 1009 2422 1078 Joanne
2477 1002 2884 1104 evangelista
2923 1000 3001 1064 ad
3031 995 3564 1062 aununtiandum

262 1101 507 1182 Christi
564 1120 913 1181 adventum
972 1132 1119 1179 cum
1187 1112 1458 1176 Henoch
1484 1121 1546 1175 et
1572 1111 1713 1175 Elia
1759 1109 1931 1174 inter
1965 1109 2150 1172 vivos
2203 1111 2561 1175 asservato,
2597 1110 2787 1170 vocat
2807 1101 2885 1165 ad
2927 1116 3206 1164 examen
3241 1113 3563 1175 :eamque

263 1216 509 1281 refellit
546 1216 754 1296 ipsius
799 1215 1070 1279 Joannis
1111 1211 1582 1276 testimonioin
1615 1207 2008 1290 Apocalypsi
2045 1206 2258 1285 capite
2313 1223 2406 1278 xl,
2437 1207 2497 1278 ᾗ.
2532 1202 2570 1265 3
2608 1209 2669 1264 et
2704 1214 2922 1280 seqq.,
2987 1197 3103 1261 ubi
3145 1195 3423 1296 duorum
3458 1209 3565 1256 so-

264 1291 605 1384 lummodo
639 1313 893 1374 testium
943 1310 1190 1374 mentio
1231 1317 1347 1372 est.
1388 1309 1536 1377 Hac
1565 1323 1721 1370 sane
1759 1305 2192 1369 methoduma
2220 1299 2712 1381 TbeOphylacto
2761 1294 3296 1360 constantissime
3329 1291 3563 1355 obser-

263 1418 474 1475 vatam
510 1409 782 1472 minime
816 1408 1105 1486 sapiunt.
2604 1467 2607 1469 _

345 1510 672 1570 Postrema
705 1517 1076 1587 sequuntur
1106 1502 1451 1586 Evangelii
1484 1503 1849 1567 secundum
1874 1497 2542 1564 Joannemcommata
2558 1489 2693 1554 duo
2722 1512 2737 1551 :
2779 1490 2906 1552 Hic
2923 1497 3014 1550 est
3049 1485 3410 1587 discipulus
3431 1485 3566 1587 ille,

258 1604 378 1686 qui
417 1581 842 1668 testimonium
865 1603 1157 1684 perhibet
1179 1600 1252 1664 de
1273 1581 1397 1677 his,
1428 1610 1552 1666 etc.
1578 1597 1831 1669 Gravis,
1867 1615 1939 1661 ac
1969 1593 2203 1665 solida,
2239 1597 2302 1654 et
2326 1588 2644 1686 historica
2675 1586 2745 1649 in
2781 1581 3569 1686 commentarionlegitur

259 1681 714 1783 interpretatio
749 1723 764 1763 :
809 1681 1126 1770 Joannem
1159 1703 1239 1769 de
1267 1701 1491 1778 seipso
1543 1695 1892 1778 perhibere
1933 1687 2413 1763 testimonium,
2446 1701 2596 1750 cum
2623 1684 2686 1749 id
2709 1685 2982 1763 [XXIV]
3005 1681 3574 1783 evangelistarum

262 1780 678 1878 alius—egerit
703 1815 895 1861 nemo
932 1817 946 1862 :
995 1805 1397 1879 postremum
1439 1795 1675 1868 fuisse,
1714 1791 1831 1875 qui
1860 1786 2296 1868 Evangelium
2326 1784 2669 1860 scriberet,
2695 1799 2731 1846 a
2767 1783 3029 1847 Christo
3065 1780 3421 1850 excitatum
3455 1799 3473 1842 :
3503 1786 3569 1842 et

263 1893 435 1958 hanc
465 1895 550 1958 ob
582 1908 844 1961 causam
895 1914 1066 1977 saepe
1117 1894 1495 1969 dilectionis
1540 1891 1948 1959 meminisse,
1982 1903 2117 1968 qua.
2142 1880 2362 1964 ipsum
2405 1881 2679 1944 divinus
2728 1879 3040 1960 Magister
3076 1878 3331 1941 ratione
3365 1893 3570 1977 percu-

262 1989 415 2055 liari
469 1993 775 2072 dignatus
819 1976 1059 2057 fuerat.
1114 1992 1262 2057 Alia
1295 2000 1396 2055 est
1442 1989 1774 2072 expositio
1805 1987 1876 2062 in
1912 1980 2189 2052 homilia
2248 1997 2395 2060 quae
2439 1977 2726 2043 violenta
2767 1977 2958 2040 ~salis
3012 1976 3316 2040 videtur:
3354 1976 3569 2055 «E30,

262 2087 641 2168 discipulus
679 2089 788 2152 ille
821 2106 856 2152 a
887 2089 1165 2152 Domino
1197 2081 1502 2163 dilectus,
1539 2094 1601 2149 et
1632 2087 1747 2168 qui
1781 2081 2081 2150 recubuit
2107 2096 2310 2160 super
2341 2086 2571 2160 pectus
2620 2077 3067 2148 Dominicum,
3122 2074 3440 2170 confirmo
3467 2090 3570 2136 me

264 2199 417 2245 esse
448 2181 833 2247 moriturum
865 2183 1052 2265 juxta
1093 2188 1342 2248 naturai
1395 2182 1773 2263 legem.Vel
1812 2181 2001 2245 aliter
2051 2197 2063 2241 :
2109 2177 2225 2240 ille
2253 2176 2332 2240 ab
2362 2174 2683 2255 apostolis
2747 2173 3162 2254 prmdicatus,
3225 2173 3404 2253 quod
3439 2186 3579 2236 non

265 2286 446 2342 esset
495 2281 871 2356 moriturus,
908 2281 964 2342 is
989 2281 1128 2361 ipse
1166 2287 1287 2357 est,
1321 2280 1436 2362 qui
1486 2279 1934 2350 testimonium
1993 2273 2294 2360 perhibet
2330 2272 2410 2337 de
2464 2270 2594 2335 his.
2634 2294 2663 2328 ιν
2702 2268 3274 2353 Interpretationis
3336 2284 3575 2332 conve-

267 2375 589 2440 nientiam
624 2393 815 2440 nemo
838 2377 1050 2441 videat
1078 2378 1299 2445 ullam.
1337 2379 1582 2465 Cretera
1614 2384 1768 2440 sunt
1798 2379 1866 2439 in
1899 2372 2371 2442 commentario
2407 2372 2671 2453 egregie
2691 2369 2976 2446 dicta,'et
3008 2369 3237 2439 latiore
3267 2383 3576 2432 sermone

269 2474 592 2554 exposita.
631 2476 793 2538 Sunt
843 2491 1000 2538 vero
1033 2474 1227 2553 levia,
1265 2493 1413 2556 quas
1442 2475 1765 2539 habentur
1799 2475 1862 2537 in
1908 2472 2206 2545 bomilia,
2241 2487 2313 2534 ac
2366 2469 2552 2532 humi
2605 2474 2868 2548 repunt,
2929 2471 3289 2550 paucisque
3353 2465 3582 2531 verbis

271 2571 942 2654 comprehenduntur.
977 2574 1213 2635 Fetura
1243 2573 1447 2636 Graeci
1493 2573 1832 2654 cujusdam
1860 2569 2287 2646 'recentioris,
2323 2570 2388 2632 ni
2418 2565 2525 2632 fall
2565 2585 2635 2644 .r,
2674 2566 2955 2631 maxime
2995 2574 3286 2647 apparet.

1837 2743 1997 2808 XIV.

273 2907 628 2972 Romilium
651 2907 720 2968 in
748 2906 1186 2969 adorationem
1210 2904 1579 2968 veneranda
1603 2905 1814 2966 crucis
1848 2902 2050 2966 medio
2086 2903 2497 2981 Jejuniorum
2539 2905 2822 2983 tempore
2846 2900 3062 2983 Graec
3089 2909 3146 2983 et
3177 2898 3411 2983 Latine
3429 2897 3576 2983 Avul-

404 2989 534 3050 aoit
571 2986 847 3048 Iacobus
906 2985 1244 3048 Gretserus
1286 2985 1460 3047 :alia
1482 2984 1816 3048 inlsanctte
1849 2983 2077 3045 Maria:
2125 2977 2684 3044 Prwsentationem
2707 2984 2775 3046 in
2803 2981 3035 3056 templo
3076 2979 3302 3042 Latine
3339 2977 3509 3041 edita
3539 2999 3578 3038 a

404 3005 534 3050 amt
571 3005 847 3048 Jacoom
906 3005 1244 3048 Gretserus
1286 3005 1816 3048 zonam-sanctae
1849 3005 2077 3045 manu:
2125 3005 2684 3044 rrwsentauonem
2707 3005 2775 3046 in
2803 3005 3035 3056 tempto
3076 3005 3302 3042 Latine
3339 3005 3509 3041 σαιιιι
3539 3005 3575 3038 a

355 3005 710 3129 g‘ranrt'sco
761 3064 1168 3144 Combe/icio.
1196 3066 1580 3144 Fragmenta
1626 3062 1910 3143 epistola:
1953 3061 2035 3122 ad
2090 3061 2431 3126 Nicolaum
2477 3060 2819 3144 diaconum
2848 3071 2922 3144 Aet
2959 3060 3376 3144 constrisium
3393 3059 3575 3144 apud

357 3145 811 3207 Leunclavium
835 3147 902 3208 in
930 3139 1087 3207 Jure
1131 3139 1678 3208 Graeco-Romano
1734 3166 1753 3204 :
1787 3144 2040 3221 integra
2069 3159 2219 3201 vero
2249 3150 2459 3204 exstat
2482 3141 2555 3208 in
2589 3141 2804 3204 codice
2840 3139 3337 3221 Vindobonensi.
3359 3219 3367 3221 _
3393 3140 3572 3202 Vocis

358 3250 396 3369 ἶ
423 3227 797 3368 οαέιεινίεἰὶυ
832 3224 1206 3367 ezlcplicatio.
1246 3225 1326 3286 In
1360 3224 1571 3286 eadem
1628 3217 2040 3285 continentur
2066 3223 2247 3282 varia
2292 3239 2426 3300 quae
2483 3221 2659 3310 apud
2689 3220 3174 3300 bibliographos
3209 3217 3578 3303 distingue-

403 3323 488 3366 an
518 3323 598 3369 ur
628 3322 868 3369 onuscu
897 3323 956 3364 a.

403 3314 598 3369 antur
628 3314 956 3386 opuscula.

357 3452 466 3516 52.
506 3449 599 3512 Ad
626 3450 776 3527 alia,
820 3468 968 3532 qum
997 3451 1160 3514 sacri
1192 3452 1560 3529 argumenti
1585 3457 1738 3513 sunt
1763 3447 2109 3529 Opuscula,
2145 3447 2548 3509 recensenda
2589 3463 2963 3510 sermonem
2997 3453 3333 3509 converto.
3364 3447 3588 3510 Homi-

277 3549 440 3614 liam
472 3547 543 3610 in
566 3545 1004 3610 adorationem
1038 3545 1413 3609 venerandae
1445 3547 1657 3612 crucis
1680 3545 1884 3615 medio
1914 3547 2326 3628 Iejuniorum
2358 3554 2664 3625 tempore,
2721 3544 3077 3625 descripsit
3112 3562 3193 3608 ex
3240 3544 3584 3607 Bavarico—

275 3644 731 3709 Monacbiensi
760 3645 981 3708 codice
1035 3645 1316 3708 Jacobus
1378 3645 1756 3718 Gretserus,
1825 3643 2052 3705 Latine
2088 3642 2307 3717 vertit,
2351 3641 2776 3722 vulgavitque
2809 3643 3030 3704 Graece
3057 3647 3122 3703 et
3152 3640 3378 3703 Latine
3406 3649 3584 3703 tome

274 3745 334 3807 Il
370 3744 462 3804 De
493 3751 714 3804 sancta
774 3760 983 3817 cruce,
1016 3759 1086 3804 ac
1116 3743 1316 3804 etiam
1361 3742 1534 3805 notis
1584 3739 1958 3803 illustravit.
1994 3741 2280 3802 Aduolat
2314 3739 2486 3801 idem
2545 3739 2900 3802 Gretserus
2939 3739 3112 3802 libro
3141 3757 3186 3814 ι,
3223 3734 3431 3818 capite
3463 3741 3566 3812 67,

279 3841 481 3903 tertia
505 3839 836 3902 Dominica
884 3837 1391 3917 Quadragesimw
1432 3855 1621 3918 agere
1645 3840 1900 3903 Graecos
1933 3838 2108 3902 diem
2143 3838 2412 3916 festum,
2439 3855 2574 3919 quo
2606 3855 2866 3903 crucem
2903 3838 3303 3901 adorandam
3341 3855 3584 3918 prepo-

279 3945 454 4000 nunt
486 3953 563 4000 eo
594 3935 726 3999 fere
782 3939 976 3998 modo
1042 3953 1173 4016 quo
1217 3937 1421 4000 Latini
1464 3955 1721 4001 crucem
1762 3939 1841 3999 ad
1873 3938 2328 4001 adorationem
2368 3937 2514 4017 ipso
2573 3938 3032 4001 sacratissima;
3062 3938 3453 4000 Paras:-eves
3478 3937 3588 4000 die

279 4043 651 4115 exponunt.
703 4035 994 4098 Rituales
1044 4037 1417 4098 Graecorum
1480 4035 1680 4099 libros
1734 4037 2235 4110 aifert,Librum
2273 4037 2498 4099 Sancti
2529 4037 2704 4099 Saba:
2753 4046 2814 4098 et
2864 4038 3201 4100 Triodium
3233 4059 3252 4097 :
3300 4038 3588 4117 citalque

277 4136 646 4214 Georgium
683 4136 1002 4198 Codinum
1032 4134 1493 4214 curopalatam,
1531 4145 1591 4196 et
1624 4139 1842 4198 Patres
1880 4151 2164 4214 quorum
2203 4134 2497 4198 homiliae
2527 4134 2596 4196 in
2633 4133 2754 4198 hoc
2789 4134 3032 4197 festum
3059 4141 3338 4209 exstant,
3383 4135 3591 4214 Chry-

277 4243 679 4306 sostomum,
715 4233 1181 4312 Sephronium,
1210 4234 1628 4296 Theodorum
1669 4235 2015 4307 Studitam,
2070 4236 2468 4297 Germanum
2527 4234 2959 4314 patriarcham
2988 4236 3588 4315 ConstantinOpol.,

279 4332 730 4404 Pbilotheum,
756 4323 1199 4411 Xiphilinum,
1226 4331 1806 4411 TheOphylactum.
1848 4331 2142 4411 Simplici
2167 4348 2324 4395 voce
2356 4331 2721 4412 appellatur
2759 4335 2934 4413 apud
2964 4333 3294 4396 .Codinum
3325 4358 3590 4414 σταυρο-

277 4441 694 4512 προσκύνησις.
728 4431 863 4491 Hoc
898 4445 1068 4490 anno
1099 4429 1254 4490 1753
1311 4428 1676 4492 celebratur
1726 4431 1834 4492 die
1890 4430 1962 4492 1ῑι
1996 4431 2240 4508 Martii,
2275 4431 2448 4512 stylo
2481 4431 2732 4495 scilicet
2767 4433 3007 4506 veteri;
3035 4434 3225 4512 juxta
3243 4434 3591 4515 Gregoriu-

280 4547 439 4593 nam
483 4547 640 4592 vero
673 4527 1173 4596 correctionem,
1208 4527 1314 4589 die
1354 4528 1434 4588 25
1465 4527 1763 4607 ejusdem
1819 4530 2086 4591 mensis.

361 4627 660 4692 Homilia
686 4628 755 4687 in
794 4636 1022 4687 sancta:
1053 4627 1276 4688 Mariw
1311 4626 1878 4686 Prwsentationem
1905 4628 1969 4688 in
1996 4626 2252 4706 templo,
2289 4629 2513 4693 Latine
2561 4629 2894 4704 translata,
2935 4636 3152 4692 exstat
3190 4631 3364 4710 apud
3401 4632 3556 4695 Com

280 4724 794 4788 beﬁsiumtomo
827 4725 972 4784 Vlll
1003 4723 1406 4785 Bibliotheca:
1439 4723 1933 4784 σοηοὶοηαιονίιε
1978 4725 2039 4785 in
2075 4727 2407 4789 mantissa.
2439 4731 2507 4790 ln
2547 4728 2897 4808 opusculo,
2931 4729 3036 4791 cui
3073 4729 3589 4804 titulus,Recen-

280 4825 400 4888 siti
433 4830 730 4883 auctores
763 4819 1166 4882 Bibliotheca:
1197 4821 1466 4881 Patrum
1493 4822 2007 4895 concionem-rite,
2051 4823 2236 4883 edito
2306 4824 2574 4886 Parisiis
2613 4825 2792 4900 1662,
2828 4825 2925 4886 sic
2947 4825 3036 4887 ait
3071 4826 3370 4889 laudatus
3405 4829 3594 4890 Com-

280 4922 607 4985 befisius:
666 4923 944 4981 «Praeter
999 4920 1258 4997 vulgata
1291 4918 1759 4998 'l‘beophylacti
1802 4920 2015 4996 Opera
2057 4920 2233 4983 venit
2271 4922 2341 4983 in
2375 4939 2633 4991 manus,
2681 4940 2830 4985 cum
2888 4941 3054 5001 pene
3091 4925 3166 4984 ad
3207 4924 3594 4990 umbilicum

282 5025 594 5099 vergeret
627 5017 1017 5079 Bibliotheca
1048 5019 1182 5080 hmo
1217 5017 1480 5078 Patrum
1509 5018 2012 5091 concionatoria,
2050 5034 2128 5078 ex
2163 5034 2282 5080 ms.
2349 5021 2573 5082 codice
2611 5022 2686 5080 V.
2725 5022 2806 5082 cl.
2858 5020 3208 5099 itaphaelis
3266 5019 3596 5084 Dufresne

285 5127 386 5183 τοῦ
425 5124 762 5198 μακαρίτου,
789 5117 993 5176 oratio
1024 5115 1203 5177 illius
1231 5115 1483 5176 erudita
1510 5114 1745 5192 piaque
1777 5114 2102 5175 insanctw
2135 5115 2359 5177 Marica
2407 5119 2961 5194 prwsentationem
2984 5121 3051 5180 in
3085 5121 3338 5198 tempto,
3368 5121 3595 5186 multis

289 5233 371 5278 eo
403 5219 794 5292 argumento
829 5213 1059 5274 merito
1109 5212 1528 5290 praeferenda,
1564 5228 1756 5290 quam
1814 5215 2145 5288 postremo
2179 5228 2291 5288 per
2318 5213 2691 5274 mantissam
2749 5217 3340 5292 repraesentandam
3394 5217 3593 5280 duxi-

283 5329 466 5376 mus.
496 5335 528 5367 ι
552 5308 706 5387 Ejus
734 5309 923 5371 etiam
955 5310 1143 5371 verba
1178 5327 1302 5370 non
1349 5308 2259 5388 praeterierim,quaelegimus
2288 5309 2353 5371 in
2389 5311 2888 5376 Praefatiuncula
2919 5317 2993 5376 ad
3037 5316 3409 5376 mantissam
3435 5318 3592 5380 tomi

289 5410 435 5472 VIll
473 5407 883 5468 Bibliotheca:
923 5408 1438 5482 concionatoriae,
1475 5431 1503 5466 ε(
1533 5410 1713 5480 Sero,
1757 5407 2153 5486 inquientis,
2209 5409 2497 5470 advectis
2537 5428 2617 5471 ex
2666 5411 2875 5484 Italia,
2944 5412 3066 5475 viri
3106 5413 3185 5474 cl.
3241 5395 3594 5492 itaphaelis

288 5503 632 5571 Tronchet
668 5502 1014 5576 Dufresne,
1056 5505 1577 5584 Bnrdvgaleusis,
1611 5514 1706 5568 τοῦ
1746 5515 2080 5585 μακαρίτου,
2123 5506 2298 5566 curis
2331 5524 2400 5567 ac
2435 5508 2723 5584 solertia,
2749 5526 2903 5572 mss.
2941 5512 3182 5573 Grmcis
3230 5512 3594 5589 codicibus,

293 5623 422 5670 nec
453 5603 708 5682 paucis,
744 5619 860 5664 nec
897 5604 1318 5677 spernendis;
1354 5621 1427 5667 ac
1457 5606 1610 5667 dum
1639 5607 1781 5683 ejus
1822 5604 2240 5666 bibliothecae
2273 5601 2621 5666 licitationi
2647 5607 2978 5687 calal0gus
3013 5610 3185 5688 typis
3224 5612 3591 5685 mandatur,

290 5705 657 5767 immatura
717 5697 1028 5761 hactenus
1105 5700 1284 5788 libris
1349 5701 1673 5764 teneriore
1734 5701 1948 5783 ipsius
1976 5699 2400 5781 prole;facta
2469 5706 2888 5782 prOpensius,
2926 5723 3267 5785 generosae
3298 5707 3600 5790 conjugis

304 5796 722 5862 immanitate
754 5796 1101 5860 aclibcrali
1167 5798 1417 5872 indole,
1474 5816 1698 5871 eorum
1743 5800 2056 5878 tantisper
2103 5798 2311 5877 cepia,
2360 5801 2642 5863 occurrit
2678 5803 2842 5865 inter
2881 5805 3025 5867 alia.
3067 5851 3080 5867 .
3123 5851 3135 5865 .
3177 5852 3188 5866 .
3234 5849 3246 5863 .
3301 5805 3603 5868 luculen-
