4098 6330
632 361 705 425 55
1454 357 1676 417 BERN.
1720 355 1986 418 MAR”!
2028 356 2126 417 DE
2170 355 2454 418 RUBEIS
2497 355 3004 419 DISSERTATIO
3804 355 3873 419 56

631 481 737 535 tus
772 470 926 533 satis
952 466 1303 546 multisque
1335 478 1412 526 eo
1442 468 1822 543 argumento
1850 462 2177 541 productis
2217 463 2474 542 gravior
2513 468 2949 544 undequnque
2977 465 3276 524 tractatus
3311 461 3401 544 (in
3419 464 3871 527 Prasentatto-

630 587 764 630 nem
799 565 1075 644 Virginis
1105 565 1390 643 Deipara
1410 562 1479 622 in
1497 559 1772 640 templo).
1807 560 2125 639 libuitque
2186 561 2282 621 vel
2323 577 2435 638 per
2479 559 2878 634 mantissam,
2913 558 3205 621 omnium
3257 559 3547 636 cumulo,
3594 560 3865 642 jamque

628 663 704 726 ad
737 661 1117 725 umbilicum
1151 659 1451 738 perducta
1480 657 1874 720 Bibliotheca
1905 672 2042 718 mea
2072 655 2578 734 concionatoria},
2611 654 2717 716 hic
2751 655 3044 718 reddere.
3069 678 3095 711 ι)

705 760 807 822 53.
843 758 975 820 Sub
1019 753 1480 833 archiepiscopi
1548 753 1992 833 Theophylactt'
2050 749 2314 814 nomine
2361 758 2567 814 exstat
2606 752 2673 814 in
2732 751 3124 815 bibliotheca
3192 751 3864 818 CasareooVindobo-

564 880 570 886 -
633 854 819 918 nensi
854 851 1023 931 apud
1053 851 1458 914 Lambecium
1494 849 1658 912 libro
1689 849 1830 924 v,in
1861 849 2080 911 codice
2109 849 2182 908 22

2248 895 2252 917 ,
2280 855 2593 927 Προσλαλιὰ
2622 857 2731 910 τινὶ
2751 856 2860 910 τῶν
2886 856 3052 912 αὑτοῦ
3105 859 3369 929 ὀμιλιτῶν
3422 858 3551 931 περὶ
3579 853 3658 914 ὧν
3695 861 3866 927 ἐγκα-

627 959 843 1012 λουνται
863 955 1108 1018 Δατίνοι,
1145 947 1516 1009 Dissertatio
1562 946 1702 1026 (seu
1734 942 2137 1025 Alloquium)
2179 943 2262 1004 ad
2291 942 2611 1024 quemdam
2640 963 2903 1006 suorum
2937 946 3360 1025 familiarium
3391 947 3464 1009 de
3483 948 3565 1010 iis
3589 947 3778 1010 rebus
3792 945 3866 1007 ob

625 1063 775 1124 quas
805 1044 1019 1106 Latini
1047 1043 1343 1104 aGracis
1398 1039 1966 1121 reprehenduntur.
2013 1062 2042 1096 α
2076 1039 2399 1113 Meminit,
2443 1039 2659 1118 inquit
2700 1039 3104 1115 Lambecius,
3134 1041 3331 1123 hujus
3369 1042 3865 1104 Dissertationis

628 1143 753 1204 Leo
773 1140 1046 1202 Allatius
1066 1139 1231 1201 libro
1254 1157 1299 1198 ιι
1316 1139 1397 1198 De
1421 1137 1719 1199 Ecclesia
1735 1133 2158 1198 Occidentalis
2175 1143 2232 1197 et
2246 1135 2594 1196 Orientalis
2611 1146 2944 1215 perpetua
2965 1139 3401 1210 consensione,
3419 1157 3486 1199 ca
3498 1139 3624 1216 pite
3644 1141 3738 1212 10,
3758 1140 3864 1215 92,

623 1235 724 1298 his
770 1236 982 1297 verbis
1016 1253 1031 1296 :
1069 1231 1566 1313 Theophylactus
1609 1232 1926 1310 Bulgaria
1963 1231 2488 1310 archiepiscopus
2641 1233 2901 1309 scripsit
2928 1231 3011 1292 ad
3043 1233 3377 1296 Nicolaum
3433 1233 3766 1294 diaconum
3805 1248 3868 1296 et

621 1343 1032 1400 castrensem.
1093 1329 1204 1409 qui
1263 1337 1482 1408 postea
1527 1327 1651 1390 fuit
1705 1329 2054 1391 Melesoba
2096 1327 2465 1405 episcopus,
2527 1329 2891 1390 Tractatum
2952 1327 3026 1389 de
3089 1328 3412 1391 erroribus
3453 1329 3856 1392 Latinorum.

624 1428 924 1506 Ejusdem
955 1424 1344 1505 Colloquium
1364 1426 1599 1501 [XXV]
1623 1431 1828 1486 exstat
1859 1423 1931 1485 de
1961 1421 2470 1485 accusationibus
2497 1421 2867 1484 Latinorum
2892 1424 2958 1486 in
2989 1423 3376 1487 bibliotheca
3401 1425 3697 1487 Bavarica
3723 1473 3738 1485 .
3780 1473 3795 1488 .
3841 1472 3860 1490 .

620 1526 715 1584 An
772 1522 950 1584 aliud
993 1521 1077 1584 sit
1104 1520 1182 1584 ab
1222 1538 1325 1597 eo,
1365 1538 1560 1600 quem
1589 1518 1672 1581 ad
1715 1519 2048 1584 Nicolaum
2097 1518 2359 1597 scripsit
2415 1525 2751 1583 tractatum
2810 1521 3159 1600 expedient
3190 1519 3377 1584 illius
3441 1521 3859 1585 bibliotheca

617 1631 968 1682 curatores.
997 1641 1026 1674 ι

695 1716 998 1796 Epistola
1027 1715 1110 1776 ad
1138 1715 1467 1780 Nicolaum
1497 1713 1831 1777 diaconum
1865 1714 2216 1795 fragmenta
2249 1715 2562 1778 nonnulla
2615 1715 2806 1778 refert
2838 1716 3202 1780 Demetrius
3261 1724 3718 1794 unomatonus,
3752 1735 3853 1782 ar-

618 1811 1067 1890 chiepisCOpus
1103 1810 1436 1890 Bulgaria,
1461 1811 1525 1873 in
1553 1811 1692 1873 suis
1721 1812 2259 1891 Responsionibus
2290 1810 2372 1872 ad
2401 1813 2885 1876 Constantinum
2907 1813 3285 1890 Cabasilam,
3318 1814 3864 1895 archiepiscopum

615 1907 980 1984 Dyrrachii,
1015 1907 1183 1987 apud
1219 1905 1679 1990 Leunclavium
1728 1907 1795 1968 in
1833 1909 1994 1968 Jure
2017 1907 2232 1969 Graco
2261 1909 2564 1984 Romano,
2634 1909 2798 1972 libro
2859 1927 2919 1985 ν,
2952 1928 3091 1990 pag.
3136 1909 3276 1972 318.
3319 1913 3468 1974 Hac
3529 1929 3679 1975 vero
3731 1911 3865 1976 fra-

616 2013 872 2081 gmenta
904 1983 1132 2064 iisdem
1166 2019 1235 2064 ac
1257 2001 1521 2064 totidem
1548 1983 1758 2064 verbis
1783 2002 1849 2063 in
1883 2001 2178 2080 pradicta
2202 1983 2668 2069 DissertatiOne
2695 1983 3275 2072 liabenturiGrace
3303 2009 3864 2088 inscribiturupoc-

617 2105 798 2173 λαλιὰ,
823 2097 1208 2179 Atloquium,
1243 2115 1361 2161 seu
1386 2097 1774 2177 Colloquium
1811 2119 1832 2159 :
1878 2097 2048 2160 unde
2079 2100 2158 2162 ab
2197 2115 2275 2162 eo
2313 2116 2442 2163 non
2479 2101 2717 2176 diﬂ'ert,
2742 2104 2916 2182 quod
2949 2104 3244 2166 Bavarica
3279 2103 3668 2168 bibliotheca
3705 2104 3856 2170 Col-

617 2192 893 2273 loquium
925 2201 1165 2256 servat.
1206 2195 1351 2255 Hac
1383 2192 1694 2254 discimus
1727 2193 1943 2255 omnia
1976 2211 2054 2255 ex
2093 2197 2458 2276 apographo
2492 2205 2852 2276 pranotata
2881 2200 3387 2277 Dissertationis,
3429 2202 3603 2282 quod
3637 2219 3717 2264 ex
3747 2217 3862 2266 co-

616 2292 756 2375 dice
794 2291 1287 2354 V’indobonensi
1326 2290 1749 2370 descriptum,
1780 2292 2359 2375 transmissumque
2392 2293 2721 2367 Venetias,
2767 2295 3047 2358 vidimus
3082 2304 3141 2356 et
3171 2298 3623 2376 expendimus.

694 2389 794 2452 ὃῐι.
826 2392 1038 2453 Graca
1071 2389 1288 2470 aperis
1319 2388 1657 2468 inscriptio
1691 2389 1862 2467 apud
1927 2390 2312 2452 Chomatenr

2240 2406 2418 2462 num,
2467 2389 2601 2452 hac
2631 2398 2727 2453 est
2766 2412 2781 2452 :
2833 2398 2976 2469 Πρὸς
3009 2397 3275 2452 Νικόλαον
3296 2398 3568 2465 διάκονον,
3603 2398 3698 2454 καὶ
3729 2417 3858 2454 καν-

617 2497 876 2566 στρίσιον.
918 2487 1181 2548 Latinus
1215 2486 1534 2564 interpres
1578 2486 1793 2562 vertit,
1825 2485 1906 2546 ad
1937 2486 2266 2550 Nicolaum
2301 2486 2631 2546 diaconum
2681 2495 2739 2546 et
2770 2497 3171 2560 castrensem,
3206 2495 3528 2564 postrema
3552 2487 3668 2550 hac
3703 2504 3854 2552 voce

617 2583 777 2646 male
793 2592 852 2644 et
867 2583 1083 2662 inepte
1107 2582 1429 2645 translata.
1457 2585 1681 2646 Petrus
1697 2583 1978 2646 Pithaus
2015 2584 2076 2645 in
2109 2584 2570 2644 Dissertatione
2589 2582 2661 2643 de
2687 2583 2956 2644 historia
2973 2585 3416 2644 controversia
3430 2586 3855 2663 processionis

610 2680 892 2759 Spiritus
914 2679 1144 2754 sancti,
1174 2678 1554 2740 vertendum
1585 2678 1924 2754 admonet,
1961 2680 2434 2740 canistrarium.
2465 2679 2641 2740 Verti
2701 2680 2890 2740 etiam
2944 2687 3172 2757 potest,
3215 2681 3645 2754 canstrisium,
3685 2687 3852 2743 recte

616 2785 884 2854 utroque
907 2774 1117 2836 modo.
1152 2774 1335 2853 Apud
1375 2774 1689 2837 Codinum
1713 2774 1880 2838 inter
1905 2775 2331 2838 ecclesiastica
2352 2773 2578 2847 oﬂicia,
2608 2777 2672 2836 in
2698 2775 2983 2837 secundo
3001 2776 3301 2855 quinario
3325 2776 3593 2838 habetur
3627 2785 3655 2837 ὁ
3718 2802 3850 2838 καν-

615 2881 878 2952 στρῑσιος,
903 2883 984 2944 εἰς
1015 2881 1076 2932 τὸ
1106 2879 1421 2950 κανστρῖον,
1452 2878 1546 2933 καὶ
1571 2881 1651 2943 εἰς
1674 2880 1736 2932 τὸ
1773 2879 2064 2934 ἀλλάσσειν
2089 2880 2182 2932 τὸν
2214 2880 2233 2934 ὀ

2230 2879 2506 2950 ιρχιερέα,
2543 2871 2932 2932 Canstrisius
2969 2873 3246 2932 canistro
3269 2874 3612 2952 pra/crtus
3645 2880 3758 2947 est,
3790 2881 3848 2933 et

613 2967 992 3047 patriarcha
1016 2966 1160 3028 dum
1199 2977 1394 3028 vestes
1423 2976 1646 3043 mutat,
1679 2969 1894 3030 servit.
1929 2971 1999 3030 ln
2033 2969 2201 3030 notis
2240 2968 2426 3030 docet
2459 2967 2637 3046 plura
2704 2969 2977 3030 Goarius
3014 2992 3028 3030 :
3067 2993 3095 3025 α
3131 2979 3514 3049 Κανστρὴσιος
3550 2984 3833 3048 quoque,

615 3080 864 3126 necnon
900 3071 1272 3142 καστρίνσιος,
1304 3072 1364 3126 et
1399 3073 1762 3144 καστρήνσιος
1791 3064 2102 3143 scriptum
2137 3079 2233 3140 ref

2229 3063 2441 3136 ieries,
2475 3071 2538 3124 et
2574 3079 2687 3142 pro
2723 3064 2914 3125 variis
2946 3066 3182 3128 Graecis
3215 3063 3712 3136 characteribus,
3745 3082 3847 3126 va-

614 3159 706 3221 rie
738 3176 999 3240 quoque
1033 3159 1254 3221 Latine
1289 3160 1606 3222 redditum
1637 3159 2069 3240 (canstresius,
2101 3160 2502 3233 castrinsius,
2562 3161 2996 3241 castrensius).
3033 3163 3274 3224 Sensus
3309 3145 3698 3240 requiratur,
3735 3158 3844 3221 ubi

614 3255 715 3316 vix
746 3256 927 3336 juvat
951 3255 1294 3317 character.
1322 3264 1686 3334 Κανστρίσιον
1716 3265 1822 3318 ἀπὸ
1840 3263 1933 3317 τοῦ
1967 3263 2232 3332 κανστρίοι

2230 3281 2254 3315 υ
2286 3254 2526 3316 dictum
2567 3254 2758 3317 video
2795 3274 2806 3315 :
2837 3255 3060 3336 (quod)
3096 3258 3289 3336 panis
3341 3256 3652 3319 benedicti
3717 3257 3848 3317 lam

565 3387 575 3438 ς
613 3371 761 3427 cem,
813 3352 909 3414 vel
949 3352 1163 3430 potius
1186 3354 1390 3415 thuris
1413 3353 1715 3426 arculam,
1746 3355 1841 3416 vel
1877 3351 2158 3432 denique
2187 3351 2534 3413 canistrum
2567 3352 2957 3431 recipiendis
2985 3353 3355 3431 patriarcha
3389 3354 3676 3416 vestibus
3709 3353 3851 3414 ido-

613 3467 809 3510 neum
849 3450 1252 3528 interpretor.
1297 3474 1323 3506 »

693 3545 921 3608 Utilem
974 3547 1140 3609 addo
1177 3547 1395 3609 Jacobi
1450 3547 1732 3609 Gretseri
1778 3547 2293 3609 observationem
2337 3570 2416 3608 τι(
2455 3549 2944 3610 Boueﬁdius-in
2982 3552 3132 3612 Jure
3209 3567 3330 3612 suo
3383 3549 3695 3613 Orientali
3748 3565 3852 3610 vo-

613 3654 709 3706 cat
747 3653 1145 3718 castrensem,
1174 3644 1360 3706 male.
1396 3645 1563 3706 Nihil
1606 3644 1776 3708 enim
1811 3643 1931 3705 loci
1967 3648 2306 3705 castrensis
2343 3646 2404 3706 in
2446 3646 2728 3708 Ecclesia
2772 3655 2832 3709 et
2883 3647 3343 3710 ecclesiasticis
3376 3647 3628 3709 ofﬁciis.
3669 3647 3848 3709 Dici-

613 3751 718 3801 tur
753 3757 907 3819 ergo
944 3742 1345 3815 canstrisius,
1380 3741 1566 3820 quasi
1600 3741 1940 3812 canistrius
1971 3755 2004 3800 a
2035 3741 2336 3800 canistro.
2379 3742 2496 3800 Jus
2549 3741 2606 3802 ei
2639 3753 2770 3804 erat
2830 3754 2911 3816 εἰς
2947 3752 3008 3804 τὸ
3037 3752 3356 3824 κάνστριον,
3388 3743 3602 3821 inquit
3657 3742 3846 3804 Codi-

611 3854 759 3907 nus.
795 3838 863 3899 in
894 3839 1241 3901 canistrum
1272 3847 1365 3900 καὶ
1400 3848 1480 3909 εἰς
1506 3845 1565 3898 τὸ
1591 3845 1881 3901 ἀλλάσσειν
1904 3844 1992 3896 τὸν
2022 3845 2229 3915 ἀρχιερι

2230 3844 2326 3897 ἐα⁶
2365 3836 2554 3897 etiam
2591 3854 2829 3900 munus
2864 3844 3019 3912 erat,
3050 3837 3492 3917 patriarcham,
3539 3855 3658 3898 seu
3712 3837 3848 3916 epi-

610 3949 899 4010 scolmm,
935 3936 1194 4013 quando
1221 3940 1432 3996 vestes
1465 3934 1529 3994 in
1575 3953 1639 3995 re
1677 3933 1894 3994 divina
1929 3933 2289 4009 peragenda
2346 3933 2671 3995 mutanda
2706 3945 2909 4011 erant,
2941 3936 3240 4015 adjuvare
3274 3943 3334 3997 et
3393 3933 3688 4004 induere,
3727 3951 3852 3996 una

610 4046 752 4089 cum
783 4030 1275 4091 hieromemnone
1311 4031 1463 4107 [alio
1499 4028 1776 4102 officiali,
1812 4029 2137 4089 canstrisii
2163 4030 2501 4109 adjutore].
2542 4033 2762 4111 itaque
2799 4035 3123 4095 canstrion
3157 4032 3317 4094 nihil
3362 4031 3539 4094 aliud
3598 4031 3854 4093 videtur

613 4123 716 4186 hic
747 4141 918 4200 esse,
953 4141 1142 4206 quam
1200 4125 1592 4197 vestiarium,
1629 4141 1744 4185 seu
1781 4125 1958 4185 locus
2013 4124 2287 4188 vestium
2335 4144 2658 4189 sacrarum
2694 4148 2709 4186 :
2746 4135 2807 4190 et
2844 4128 2984 4208 ipse
3039 4129 3415 4189 canstrisius
3457 4126 3618 4189 nihil
3674 4125 3848 4190 aliud

609 4238 803 4300 quam
847 4221 901 4283 is
933 4222 1047 4300 qui
1083 4222 1250 4284 inter
1291 4221 1600 4299 palatinas
1632 4220 1976 4298 dignitates
2008 4219 2365 4297 appellatur
2394 4225 2756 4284 vestiarius.

683 4320 782 4381 55.
818 4319 887 4380 In
923 4320 1143 4381 eadem
1177 4318 1258 4379 ad
1279 4317 1610 4380 Nicolaum
1633 4315 1964 4378 diaconum
1995 4327 2052 4378 et
2089 4320 2494 4380 canstrisium
2529 4319 2848 4398 Epistola,
2874 4321 3011 4382 sive
3043 4321 3525 4394 Dissertationc,
3558 4319 3698 4380 sive
3730 4318 3849 4379 Al~

610 4415 942 4487 locutione,
975 4415 1111 4477 sive
1145 4414 1494 4492 Colloquio,
1530 4413 1612 4474 iis
1636 4413 1900 4475 omnino
1933 4431 2240 4491 expressa
2279 4414 2491 4477 verbis
2540 4413 2847 4493 leguntur
2876 4415 3262 4496 Argumenta
3293 4415 3508 4477 omnia
3547 4413 3852 4474 adversus

608 4511 1066 4586 processionem
1093 4511 1373 4589 Spiritus
1405 4510 1607 4570 sancti
1645 4528 1723 4570 ea
1754 4509 1940 4570 Patre
1971 4509 2282 4587 Filioque,
2309 4529 2452 4588 qua
2482 4509 2662 4571 affert
2695 4527 2838 4572 cum
2860 4513 2998 4572 suis
3017 4510 3537 4574 Refutationibus
3560 4511 3850 4571 Joannes

615 4610 874 4680 Beccus,
911 4606 1259 4684 patriarcha
1292 4605 2064 4684 ConstantinOpolitanus,
2096 4608 2163 4667 in
2215 4604 2513 4667 Oratione
2553 4608 2579 4665 1
2621 4606 2692 4666 de
2719 4608 2949 4668 unione
2975 4606 3424 4680 Ecclesiarum,
3467 4607 3635 4685 apud
3671 4603 3849 4664 Alla-

613 4702 773 4764 tium
809 4711 978 4764 tomo
1013 4705 1034 4764 1
1074 4703 1324 4764 Gracia
1356 4701 1741 4776 orthodoxa,
1787 4720 1819 4763 a
1853 4719 1992 4780 pag.
2032 4703 2170 4763 215.
2212 4701 2377 4763 Hinc
2419 4700 2684 4763 minime
2731 4702 3155 4765 dubitandum
3214 4710 3323 4765 aut
3379 4701 3850 4780 suSpicandum

612 4801 1035 4875 imposterum
1085 4797 1162 4858 de
1197 4798 1438 4859 unitate
1469 4796 1710 4875 aperis,
1749 4799 1919 4876 quod
1953 4797 2260 4859 hactenus
2302 4799 2381 4859 ob
2420 4798 2627 4859 varios
2661 4798 2997 4876 praedictos
3045 4801 3291 4874 titulos,
3326 4797 3656 4878 Epistola,
3691 4799 3850 4861 Dis-

608 4895 995 4968 sertationis,
1039 4903 1092 4955 et
1132 4894 1447 4974 Colloquii
1478 4893 1542 4956 in
1578 4893 1758 4972 plura
1797 4897 2113 4973 Opuscula
2160 4894 2688 4957 distribuebatur.

2159 5069 2268 5129 XV-

613 5233 634 5256 σι
677 5208 866 5294 Regia.
896 5207 1224 5294 Institutio
1269 5229 1304 5294 »_
1327 5206 1411 5294 ad
1439 5201 1914 5294 Constantinum
1949 5214 2560 5294 Porphyrogenitum
2600 5218 2810 5277 Grave
2847 5228 2902 5276 et
2935 5217 3152 5277 Latine
3184 5217 3348 5276 edita
3381 5236 3420 5275 α
3453 5217 3641 5276 Petro
3677 5217 3843 5275 Pos-

685 5287 845 5372 sino.
888 5295 939 5373 et
975 5285 1192 5373 oratio
1223 5284 1304 5373 uti
1332 5287 1626 5373 {Herium
1665 5289 2038 5373 Qomnenum
2071 5284 2508 5372 imperatorem
2537 5297 2601 5356 in
2625 5298 2832 5355 codice
2855 5296 3650 5357 Bavarice-Manachicnsi.
3680 5298 3842 5356 Car~

685 5365 850 5421 mina
888 5362 1120 5422 inedita
1153 5374 1206 5422 ct
1246 5365 1548 5444 Epistola
1588 5385 1625 5424 α
1659 5368 1932 5431 Baro-nio
1969 5384 2022 5431 et
2055 5362 2334 5435 Meursio
2375 5375 2660 5453 vulgata.
2702 5375 2905 5451 Opera
2937 5374 3128 5436 dubia
3158 5385 3214 5434 ct
3238 5375 3676 5452 supposititia.

837 5517 926 5572 Ad
963 5514 1362 5576 humanioris
1401 5519 1768 5582 litteratura
1797 5523 2060 5586 claseem
2094 5535 2401 5604 spectant,
2434 5546 2578 5606 quae
2609 5536 2991 5606 sequuntur,
3029 5529 3488 5606 'l‘heophg'lacti
3532 5528 3838 5592 lucubra-

606 5607 838 5702 tiones.
876 5607 1083 5666 Primo
1118 5608 1254 5668 loco
1285 5609 1537 5686 Regiam
1569 5614 2034 5677 l’nstitutioncm
2069 5638 2372 5685 recenseo
2404 5625 2485 5684 ad
2520 5626 3002 5686 Constantinum
3036 5624 3677 5702 Porphyrogeuitum,
3721 5629 3846 5687 Mi-

605 5698 842 5803 chaelis
875 5703 954 5763 ιν
998 5705 1182 5767 Duca
1218 5707 1954 5787 imperatoris,et.\lai'im
1987 5738 2060 5778 ex
2095 5720 2416 5782 literarum
2454 5722 2769 5796 sanguine
2820 5725 2996 5801 regio
3032 5732 3182 5783 seta
3222 5722 3447 5783 ﬁlium.
3488 5722 3846 5785 Praeclaris-

613 5811 848 5861 ssmum
882 5815 1042 5880 Opus
1078 5819 1317 5879 primus
1356 5810 1420 5870 in
1465 5807 1671 5871 lucem
1702 5818 1910 5873 emisit
1955 5815 2173 5878 Petrus
2210 5819 2515 5881 I'nssinus
2546 5839 2622 5882 ex
2659 5820 3039 5885 bibliotheca
3089 5822 3463 5883 l’lerentina
3522 5823 3838 5884 Medicae.
