4098 6330
262 390 329 453 57
619 415 626 421 ’
1089 390 1187 453 DE
1225 387 1814 453 THEOPHYLACTI
1848 386 2121 449 GESTIS
2152 388 2250 449 ET
2290 385 2661 450 SCRIPTIS.
3472 378 3546 442 58

264 512 331 566 ut
364 502 668 565 admonet
703 501 771 563 in
806 502 1093 580 Epistola
1124 500 1600 580 nuncupatoria
1630 500 1710 562 ad
1772 496 2176 561 Ludovicum
2209 499 2352 559 XlV
2390 495 2613 559 Galliae
2636 500 2700 555 et
2765 495 3068 556 Navarraa
3113 505 3332 569 regem
3377 487 3560 551 Chri'

263 598 764 673 stianissimum,
798 596 971 678 typis
1001 596 1225 678 Regiis
1256 597 1740 661 Parisiensibus
1775 596 1955 665 1651,
1992 593 2156 655 ίη-Ιι.
2195 596 2417 656 Latina
2444 592 2664 656 versio
2696 591 2943 671 prodiit
2982 590 3051 652 in
3087 585 3556 669 Lugdunensis

278 695 696 758 Bibliothecaa
724 697 980 757 Patrum
1017 702 1189 758 tomo
1222 694 1465 769 XVIII,
1499 709 1770 773 eamque
1808 692 2041 754 iterum
2078 708 2223 754 cum
2264 690 2485 753 Grmco
2517 695 2701 752 textu
2735 686 3026 768 vulgavit
3083 683 3455 749 Bandurius
3486 684 3557 744 in

260 794 543 873 Imperio
582 791 921 855 Orientali.
956 792 1129 855 Duas
1162 791 1232 853 in
1265 799 1477 873 partes
1507 790 1817 853 tribuitur
1849 806 2038 867 opus,
2063 788 2522 867 Panegyricam
2552 788 2861 866 priorem,
2894 784 3157 848 alteram
3191 781 3548 844 Parwneli-

261 908 422 951 cam.
470 890 613 963 Quo
646 897 939 969 tempore
972 906 1111 951 eam
1141 889 1671 970 TheOphylactus
1714 885 2076 965 scripserit,
2104 885 2394 947 diximus
2442 901 2623 946 num.
2661 884 2721 944 8.

342 987 609 1063 [XXVI]
636 984 963 1047 Orationis
992 984 1074 1045 ad
1099 986 1393 1048 Alexium
1420 986 1799 1048 Comnenum
1832 985 2270 1062 imperatorem
2291 982 2582 1043 meminit
2602 979 2867 1041 Latinus
2890 977 3188 1040 Latinius
3213 976 3277 1037 in
3303 974 3555 1037 Biblio-

259 1084 441 1147 theca
486 1102 673 1145 sacra
735 1086 1034 1165 profana,
1073 1084 1183 1146 ubi
1220 1084 1300 1146 de
1335 1083 1817 1165 Theophylacto
1852 1083 2008 1162 agit,
2047 1080 2149 1141 his
2188 1079 2402 1141 verbis
2438 1101 2452 1140 :
2499 1102 2529 1135 α
2566 1080 2786 1140 Exstat
2820 1076 2963 1155 ejus
2998 1074 3219 1137 Oratio
3252 1074 3329 1134 ad
3366 1089 3556 1134 eum-

253 1181 406 1243 dem
448 1181 752 1243 Alexium
790 1198 804 1242 :
840 1189 1037 1260 atque
1102 1181 1187 1243 ita
1247 1180 1640 1243 Laurentius
1701 1178 1991 1243 Sifanius
2028 1192 2108 1238 ex
2138 1176 2388 1237 Joanne
2424 1176 2743 1237 Sambuco
2776 1172 3040 1250 scripsit
3074 1172 3138 1231 in
3177 1168 3552 1249 praefatione

257 1277 867 1341 Commentariorum
897 1276 1360 1356 TheOpliylacti
1398 1278 1465 1339 in
1496 1276 1656 1337 Acta
1684 1275 2144 1358 apostolorum.
2172 1295 2202 1328 ιο
2230 1272 2692 1351 Apographum
2730 1275 2862 1347 pra;
2900 1265 3199 1328 manibus
3224 1264 3454 1338 habeo,
3475 1280 3557 1325 ex

256 1374 483 1437 codice
518 1372 1311 1437 Bavarico-Monachiensi
1352 1373 1772 1461 descriptum,
1806 1370 1981 1453 quod
2028 1370 2252 1432 Latine
2273 1368 2467 1431 vertit
2502 1366 2799 1429 laudatus
2852 1361 3248 1437 consodalis,
3290 1360 3552 1423 Bonifa-

256 1469 405 1531 cius
436 1469 759 1531 Finettus.

342 1564 723 1643 Composuit
756 1563 1206 1645 panegyricam
1243 1561 1406 1625 hanc
1438 1561 1814 1625 Orationem
1840 1568 2064 1624 auctor
2093 1568 2233 1640 post
2272 1560 2515 1623 bellum
2553 1558 2955 1639 Scythicum,
2986 1556 3342 1637 pluresque
3368 1554 3436 1616 in
3473 1568 3551 1615 eo

255 1667 614 1740 reportatas
646 1659 726 1721 ab
757 1660 985 1722 Alexio
1013 1660 1403 1738 imperatore
1435 1657 1763 1720 victorias.
1804 1658 1955 1720 Late
2002 1658 2312 1721 describit
2361 1657 2527 1720 illud
2590 1661 2775 1718 Anna
2826 1656 3160 1719 Comnena
3205 1660 3341 1715 toto
3385 1650 3553 1712 libro

254 1777 350 1823 vn
381 1756 749 1828 Alexiados,
790 1773 861 1819 ac
889 1757 1011 1819 sub
1052 1757 1317 1818 initium
1350 1754 1760 1835 insequentis
1798 1754 1939 1816 libri
1974 1774 2110 1830 VIII,
2160 1756 2268 1816 ubi
2297 1756 2575 1834 Augusti
2628 1754 3003 1831 ingressum
3039 1752 3306 1829 Regiam
3344 1748 3409 1809 in
3445 1766 3555 1810 ur-

253 1858 404 1921 bem
436 1856 654 1931 refert,
693 1879 721 1912 α
768 1855 944 1917 omni
1000 1854 1219 1916 laetitia
1255 1862 1315 1915 et
1374 1851 1809 1933 gratulatione
1845 1873 1875 1908 »
1908 1854 2327 1915 celebratum.
2362 1853 2609 1914 Eodem
2661 1851 2727 1913 in
2778 1849 2947 1911 libro
3000 1867 3089 1910 vu
3124 1847 3432 1927 legimus,
3471 1845 3552 1906 ad

254 1954 595 2027 Alexium,
629 1952 739 2031 qui
776 1951 1076 2031 augendo
1110 1958 1327 2012 contra
1356 1947 1622 2028 Scythas
1648 1949 1965 2011 exercitui
2001 1965 2261 2027 Operam
2296 1946 2508 2023 dabat,
2544 1947 2806 2011 venisse
2835 1971 2863 2006 at
2894 1947 3217 2009 Flandriaa
3246 1942 3549 2006 comitem

254 2052 642 2126 Robertum,
674 2059 734 2125 ἐξ
777 2056 1172 2129 Ἰεροσολύμων
1197 2054 1662 2127 ἐπανερχόμενον,
1692 2048 1872 2107 Jeros

1933 2044 2124 2124 lymis
2154 2052 2609 2106 revertentem.
2651 2067 2681 2102 »
2726 2043 3037 2107 Hancille
3073 2039 3551 2119 peregrinatio-

256 2163 409 2207 nem
447 2153 821 2225 susceperat
852 2144 1174 2207 decennio
1209 2152 1353 2206 ante
1397 2160 1607 2205 sacras
1636 2142 2116 2221 expeditiones,
2148 2156 2321 2201 anno
2352 2138 2603 2215 scilicet
2640 2141 2819 2215 1085,
2862 2157 2895 2201 a
2928 2156 3054 2219 qua
3096 2136 3390 2200 nondum
3444 2152 3547 2197 re-

254 2240 491 2301 ducem
523 2238 730 2302 fuisse
759 2256 929 2301 anno
959 2240 1111 2301 1089
1144 2247 1366 2301 auctor
1394 2246 1489 2299 est
1525 2236 1809 2316 Majerus
1841 2235 2005 2297 libro
2034 2255 2129 2310 Ill,
2165 2236 2336 2316 apud
2372 2234 2799 2299 Dufresnium
2844 2236 2914 2299 in
2964 2237 3134 2299 notis
3193 2234 3269 2297 ad
3312 2233 3554 2294 librum

256 2353 352 2401 vu
380 2334 749 2398 Alexiados.
787 2337 1010 2414 Itaque
1044 2342 1187 2413 post
1231 2350 1473 2396 annum
1515 2334 1671 2396 1089
1723 2334 1916 2396 ﬁnem
1979 2333 2203 2397 habuit
2269 2333 2513 2396 bellum
2570 2333 2972 2413 Scythicum,
3008 2351 3220 2413 eoque
3256 2339 3550 2409 tempore

256 2433 502 2511 scripta
534 2431 889 2512 Panegyris
928 2447 961 2492 a
995 2431 1505 2510 'l‘heOphylacto.
2002 2454 2005 2457 ν
2257 2426 2263 2431 ’

343 2530 417 2591 1η
482 2547 555 2592 ea
608 2531 741 2592 haec
790 2530 931 2610 ejus
978 2528 1166 2591 verba
1207 2538 1360 2590 sunt
1397 2551 1409 2589 :
1442 2538 1505 2591 Tt
1536 2538 1612 2610 μὴ
1634 2538 1724 2593 τὸν
1762 2538 1961 2609 βασιλά

1939 2539 1993 2595 Ea
2018 2539 2132 2593 υἱὸν
2158 2538 2253 2593 καὶ
2283 2537 2513 2608 βασιλέα
2552 2539 2866 2609 γνωρίζεις,
2904 2546 3022 2589 cur
3068 2544 3297 2606 regem
3356 2524 3557 2604 ﬁlium

255 2645 394 2689 non
430 2628 758 2689 renuntias
783 2645 1011 2706 regem,
1054 2634 1196 2689 ἀλλὰ
1230 2634 1439 2705 ἀναδύη
1473 2635 1573 2703 τὴν
1606 2636 1873 2706 ποθουμέκ

1943 2636 2330 2709 ρὰνάρῤηνσινς
2375 2626 2487 2689 sed
2515 2626 2935 2690 desideratam
2975 2626 3287 2687 detractas
3326 2640 3561 2682 renun-

260 2727 591 2788 tiationem
614 2727 679 2788 in
713 2742 925 2805 regem
953 2728 981 2785 ‘I
1011 2724 1175 2786 Satis
1210 2724 1342 2787 haec
1374 2725 1659 2785 indicant
1691 2726 2009 2786 Joannem
2063 2723 2355 2785 nondum
2389 2742 2421 2784 a
2449 2731 2624 2802 patre
2648 2724 2875 2785 Alexio
2906 2732 3317 2801 assumptum
3349 2719 3557 2785 fuisse

257 2820 334 2881 in
367 2818 766 2881 consortium
806 2817 1089 2893 imperii.
1122 2818 1194 2879 Id
1230 2833 1380 2879 vero
1411 2814 1647 2877 factum
1679 2832 1852 2878 anno
1892 2820 2072 2893 1091,
2104 2829 2173 2882 ut
2207 2817 2399 2883 habet
2433 2820 2691 2900 Pagins,
2724 2836 2870 2881 cum
2902 2828 3181 2896 quatuor
3217 2817 3325 2881 ille
3353 2835 3559 2881 annos

261 2926 456 2979 natus
490 2922 659 2979 esset
700 2939 714 2978 :
749 2914 924 2979 unde
953 2930 1121 2979 anno
1154 2914 1412 2978 circiter
1448 2914 1604 2978 1090
1634 2916 1939 2981 encomio
1977 2933 2099 2982 suo
2124 2916 2424 2981 Alexium
2451 2916 2910 2997 imperatorem
2958 2916 3311 2979 celebravit
3339 2914 3562 2977 Theo-

139 3022 148 3030 '
262 3013 633 3093 phylactus.

342 3112 444 3173 57.
483 3115 670 3188 Apud
706 3109 1030 3173 Labbeum
1065 3108 1130 3173 in
1162 3110 1343 3176 Nova
1374 3104 1769 3178 Bibliotheca
1797 3132 1946 3175 mss.
1984 3123 2160 3194 parte
2195 3131 2281 3187 ιν,
2320 3129 2465 3193 pag.
2493 3113 2634 3187 137,
2671 3112 2876 3175 codex
2901 3113 3150 3190 Regius
3178 3116 3561 3172 recensetur

258 3225 414 3272 cum
453 3207 899 3289 Theophylacti
926 3206 1246 3287 Bulgaria:
1279 3210 1754 3293 archiepiscopi
1781 3212 2070 3274 versibus
2120 3210 2573 3272 consolatoriis
2608 3210 2677 3271 in
2728 3208 3116 3270 calamitate.
3184 3206 3561 3269 Carminum

258 3306 521 3386 utique,
554 3324 700 3387 quas
748 3306 887 3384 ipso
948 3307 1279 3379 cecinerit,
1350 3310 1651 3371 meminit
1718 3310 1785 3371 in
1843 3329 1876 3372 e

1944 3311 2119 3371 stola
2182 3308 2355 3369 inter
2404 3307 2810 3369 Meursianas
2842 3307 3315 3384 2οτῊμυνάμην
3357 3312 3562 3383 στίχοις

261 3414 538 3487 ίαμσείοις
568 3412 767 3476 πολλὰς
798 3413 1045 3480 ἐλεγείας
1076 3410 1207 3485 ᾇσαι
1238 3413 1306 3466 δι’
1334 3413 1459 3467 ὅλου
1495 3415 1743 3469 ἐναντίου
1779 3433 1847 3487 με

1939 3419 2423 3488 ιταναγκάσαντος,
2459 3408 2835 3489 propulsavi
2863 3406 3249 3469 carminibus
3276 3405 3557 3467 iambicis

256 3504 496 3563 multas
530 3502 759 3580 elegias
781 3520 905 3581 per
947 3519 1184 3562 annum
1217 3520 1441 3563 canere
1472 3512 1752 3565 coactus.

342 3597 781 3679 Epistolarum
829 3599 1117 3677 denique
1150 3599 1408 3661 codices
1436 3600 1568 3660 duo
1597 3600 1733 3661 noti
1766 3607 1943 3676 sunt,
1976 3600 2324 3663 Vaticanus
2361 3608 2424 3663 et
2457 3601 2885 3663 Florentinus
2918 3600 3280 3663 Mediceus.
3303 3601 3401 3660 Ex
3436 3601 3559 3661 isto

259 3694 733 3774 'l‘heOphylacti
772 3693 1081 3773 Epistolas
1111 3696 1190 3756 75
1257 3696 1474 3757 Greece
1505 3697 1913 3774 prodierunt,
1945 3706 2212 3759 curante
2272 3701 2523 3761 Joanne
2558 3700 2874 3774 Meursio,
2910 3698 3217 3777 Lugduni
3284 3698 3555 3759 Batavo-

258 3808 407 3853 rum
439 3791 617 3865 1617,
656 3789 816 3864 in-le,
846 3808 915 3852 ac
947 3791 1172 3853 Latine
1205 3792 1276 3853 in
1299 3791 1681 3855 Coloniensi
1722 3801 1783 3855 et
1810 3795 2235 3873 Lugdunensi
2261 3799 2517 3858 Patrum
2540 3796 2994 3870 Bibliothecis,
3020 3798 3375 3876 interprete
3407 3796 3562 3857 Vin-

256 3889 481 3951 centio
515 3888 894 3958 Marinerio,
936 3887 1311 3950 Valentino.
1351 3890 1658 3951 Vaticano
1696 3892 1760 3951 in
1789 3892 2011 3953 codice
2045 3901 2324 3967 exstant,
2348 3896 2625 3956 Baronio
2658 3902 2845 3967 teste,
2880 3894 3190 3972 Epistulae
3221 3894 3555 3973 quinqua-

254 3990 440 4071 ginta
476 4003 731 4059 novem,
761 4004 907 4066 quae
932 3987 1264 4050 Latinitate
1300 4004 1335 4049 a
1357 3988 1594 4050 Jacobo
1626 3988 1971 4051 Sirmondo
2001 3991 2253 4052 donatae
2283 3994 2575 4053 nondum
2613 3992 2825 4054 lucem
2854 3993 3186 4064 viderunt,
3211 3990 3551 4069 aliquibus

257 4093 325 4148 et
358 4085 729 4165 aliquarum
760 4082 1137 4163 fragmentis
1165 4084 1481 4162 exceptis,
1528 4102 1676 4165 quas
1701 4084 2015 4148 Baronius
2053 4086 2237 4150 affert
2284 4088 2363 4150 ad
2393 4105 2637 4151 annum
2674 4090 2823 4151 1071
2847 4097 2907 4152 et
2937 4090 3115 4152 1073.
3141 4088 3375 4152 Recole
3408 4105 3555 4168 quae

257 4181 573 4259 superius
602 4180 770 4243 dicta
800 4188 948 4242 sunt
983 4197 1163 4243 num.
1201 4179 1239 4241 le

344 4277 681 4341 Pollicitus
713 4277 925 4339 fuerat
956 4277 1250 4339 Labbeus
1286 4278 1354 4340 in
1384 4278 1565 4343 Nova
1609 4280 2006 4343 Bibliotheca
2057 4299 2205 4344 mss.
2253 4280 2565 4345 librorum
2606 4288 2782 4362 parte
2816 4301 2915 4359 ιιι,
2947 4298 3090 4361 pag.
3130 4283 3271 4354 102,
3306 4306 3333 4338 ‹‹
3370 4297 3536 4343 com-

259 4384 639 4455 paraturum
668 4391 737 4436 se
770 4375 1051 4435 Grmcam
1084 4374 1446 4443 editionem
1475 4377 2125 4454 Lugdune-Batavam
2159 4382 2430 4443 Joannis
2458 4382 2734 4444 Meursii
2792 4399 2939 4443 cum
2999 4398 3119 4443 ms.
3160 4380 3409 4453 codice,
3454 4388 3549 4441 at-

258 4488 393 4553 que
420 4471 1020 4549 interpretationem
1048 4471 1379 4534 editurum
1409 4490 1444 4535 a
1471 4476 1544 4534 Β.
1580 4477 1648 4536 Ρ.
1683 4476 1921 4541 Jacobo
1967 4478 2310 4540 Sirmondo
2361 4479 2492 4558 jam
2533 4478 2712 4540 olim
2774 4478 3224 4540 concinnatam
3258 4502 3271 4550 ;
3315 4501 3343 4533 »
3378 4478 3554 4556 quod

257 4572 406 4648 ipse
434 4574 542 4630 aut
574 4574 774 4629 morte
807 4575 1195 4647 prmventus,
1238 4574 1349 4631 aut
1378 4570 1784 4649 gravioribus
1822 4575 2103 4654 negotiis
2144 4572 2505 4653 implicitus
2538 4576 2809 4638 minime
2842 4574 3169 4655 prasstitit.
3203 4575 3459 4635 Utinam
3487 4573 3553 4635 id

262 4665 484 4747 perﬁci
520 4664 869 4745 aliquando
908 4672 1125 4744 queat.
2874 4672 2877 4681 ‘

346 4786 553 4849 58.111
594 4791 893 4847 veterum
926 4785 1181 4846 Patrum
1216 4783 1634 4848 Bibliothecis
1664 4785 2098 4866 fragmentum
2135 4795 2375 4867 prostat
2408 4788 2533 4851 sub
2573 4789 2839 4852 nomine
2902 4789 3397 4869 TheOphylacti,
3456 4789 3556 4852 in-

257 4885 576 4963 scriptum
617 4884 706 4942 De
737 4884 876 4944 risu
899 4890 955 4941 et
992 4882 1577 4959 vociferationibus.
1611 4886 1865 4945 Prmstat
1913 4886 2078 4947 illud
2144 4886 2603 4965 Lugdunensis
2635 4885 3035 4949 Bibliotheca
3089 4887 3346 4949 Patrum
3387 4897 3432 4950 t.
3475 4889 3549 4959 ν,

260 4998 411 5063 pag.
464 4979 639 5040 1211s.
674 4981 939 5057 Nempe,
974 5000 1003 5034 ‹‹
1035 4977 1211 5051 Quin
1262 4988 1323 5039 et
1376 4979 1549 5040 hunc
1600 4997 1842 5042 morem
1900 4984 2291 5057 introduxit,
2323 4986 2437 5065 qui
2504 4984 2697 5047 hodie
2733 4985 3008 5056 obtinet,
3036 4983 3211 5063 quod
3248 4985 3315 5045 in
3340 4984 3555 5061 splen-

258 5079 439 5143 didis
472 5090 660 5158 atque
691 5066 1095 5140 solemnibus
1136 5076 1599 5139 festivitatibus
1634 5081 1765 5142 Deo
1802 5088 1865 5142 et
1895 5089 2264 5143 sanctorum
2296 5082 2727 5144 recordationi
2756 5083 2821 5144 ﬁt
2859 5082 3255 5144 contumelia
3289 5098 3401 5159 per
3429 5079 3546 5144 fm-

257 5178 379 5240 das
408 5176 786 5250 cantilenas,
812 5182 872 5236 et
899 5174 1093 5249 risus,
1124 5184 1183 5235 et
1210 5176 1471 5235 insanos
1505 5174 1838 5247 clamores,
1876 5178 2116 5257 quibus
2153 5179 2465 5240 adhibitis
2494 5179 2698 5241 sancti
2749 5180 2975 5259 hymni
3010 5186 3374 5240 cantantur.
3401 5178 3551 5241 Plii-

261 5276 488 5354 lippus
531 5271 824 5334 Labbeus
872 5272 938 5332 in
974 5288 1089 5333 sua
1122 5272 1193 5332 ad
1229 5271 1696 5333 Bellarminum
1726 5274 1805 5335 de
1837 5275 2268 5353 scriptoribus
2323 5276 2789 5338 ecclesiasticis
2850 5276 3162 5338 historica
3230 5275 3552 5338 Disserta-

259 5374 445 5433 tione
479 5370 572 5431 sic
610 5369 696 5430 ait
731 5391 745 5429 :
794 5393 820 5423 «
862 5369 1016 5448 Ejus
1048 5369 1873 5446 [TheophylactiBulgarice
1918 5374 2413 5451 archiepiscopi]
2466 5372 2818 5435 alteriusve
2852 5372 3351 5451 'l‘heOpbylacti,
3384 5371 3551 5435 forte

254 5472 657 5537 Simocattce,
713 5465 1063 5526 dicendum
1098 5464 1181 5525 sit
1220 5462 1648 5543 fragmentum
1686 5468 1769 5526 De
1801 5470 1941 5529 risu
1969 5479 2024 5527 et
2055 5469 2627 5548 vociferationibus
2662 5470 2727 5531 in
2754 5469 2942 5530 festis
2979 5477 3382 5539 sanctorum,
3414 5488 3551 5528 am-

254 5567 438 5644 bigo.
482 5587 510 5620 »
544 5567 635 5624 De
669 5561 1151 5640 TheOphylac-to
1185 5561 1519 5624 Simocatta
1589 5566 1974 5643 diligentius
2027 5566 2155 5644 agit
2197 5568 2386 5627 Joan.
2425 5567 2729 5629 Albertus
2786 5565 3123 5628 Fabricius
3186 5565 3249 5623 iu
3314 5562 3553 5625 Biblio-

255 5669 434 5725 theca
466 5661 688 5724 Graeca
722 5658 1056 5722 volumine
1086 5660 1194 5733 Vl,
1232 5666 1537 5737 notatque
1608 5660 1907 5724 ﬂoruisse
1968 5663 2185 5740 ipsum
2241 5666 2541 5725 extremis
2600 5665 2891 5727 Hcraclii
2938 5662 3349 5741 imperatoris
3402 5669 3552 5721 tem—

250 5761 528 5842 poribus
552 5778 625 5820 (ιο
660 5757 972 5835 deinceps.
1034 5758 1150 5817 Pro
1187 5756 1678 5835 archiepiscolio
1714 5758 1976 5820 demum
2002 5758 2321 5836 Bulgarim
2345 5761 2673 5840 judicium
2729 5766 2852 5826 l'crt
2901 5761 3207 5824 laudatus
3258 5756 3551 5820 Labbcus

251 5868 320 5925 in
356 5857 720 5933 Addcndis,
744 5882 766 5913 (ι
796 5854 1304 5935 Archiepiscopo
1328 5854 1691 5919 Arhiidano
1728 5858 1963 5936 potiUs,
2005 5856 2338 5937 inquiens,
2374 5878 2568 5939 quam
2599 5856 3392 5941 caeterisThCOpbylactis,
3422 5856 3551 5918 fra-
