4098 6330
674 341 747 407 59
1516 334 1744 398 BERN.
1783 332 2050 395 ΜΔΒΙΒ
2091 331 2188 396 DE
2227 329 2514 393 RUBEIS
2553 326 3063 394 DISSERTATIO
3843 321 3920 392 ϐο

674 457 1001 532 gmentum
1035 447 1197 512 ιιιυά
1245 449 1748 530 adjudicandum
1794 465 2059 522 censeo,
2093 448 2270 526 quod
2322 447 2386 509 in
2442 444 2857 509 Bibliothecis
2914 445 3236 519 Veterum
3280 444 3536 506 Patrum
3588 441 3916 510 occurrit:

673 548 845 626 Quin
874 555 930 608 et
975 547 1138 608 hunc
1172 565 1402 608 morem
1437 545 1806 608 introduxit
1846 570 1874 604 ι
1907 553 2026 608 etc.
2059 543 2392 608 iudicium
2421 559 2540 623 ego
2568 542 2989 621 suspendam.

753 644 1060 705 Memorat
1092 642 1260 705 idem
1289 641 1577 707 Labbeus
1608 641 2036 722 fragmentum
2065 639 2242 702 aliud
2277 639 2740 720 TbeOphylacti
2795 639 2869 701 de
2899 639 3252 718 Nicepharo
3304 639 3680 720 confessore,
3717 637 3916 701 veluti

673 739 1088 802 Bibliothecis
1125 742 1374 805 Patrum
1407 739 1722 801 inscrtum
1757 761 1772 801 :
1804 737 1972 818 quod
2033 737 2143 817 (ait
2178 735 2512 799 Fabricius
2563 737 2628 800 in
2688 736 3169 816 TbeOphylacto
3215 732 3576 805 Simocatta)
3612 753 3920 814 nusquam

676 837 945 914 reperio.
987 839 1284 896 Sanctum
1319 835 1751 914 Nicephorum
1780 834 2196 913 patriarcham
2235 833 3016 912 Constantinopolitanum
3069 827 3383 910 intellige,
3427 833 3546 912 qui
3577 832 3659 894 ob
3698 849 3901 894 sacra-

675 951 812 995 rum
847 934 1201 1012 imaginum
1235 934 1476 998 cultum
1513 935 1580 997 in
1620 933 1920 998 exsilium
1953 931 2208 1012 pulsus,
2236 931 2360 993 vita
2390 929 2686 1008 migravit
2719 929 3017 1007 [XXVII]
3049 945 3219 996 anno
3249 926 3395 991 828.
3423 931 3514 991 De
3544 929 3687 1006 ipso
3714 935 3918 1006 agunt

672 1029 958 1092 Bollandi
987 1031 1465 1094 continuatores
1504 1032 1580 1094 ad
1622 1031 1796 1093 diem
1833 1048 1947 1091 xm
1972 1028 2179 1092 Martii
2213 1049 2229 1102 ;
2262 1043 2476 1106 neque
2507 1025 2794 1087 indicant
2817 1025 3154 1104 quidpiam
3189 1024 3364 1104 quod
3396 1021 3916 1102 Theophylactus

668 1121 745 1181 de
767 1138 846 1182 eo
883 1123 1237 1198 scripserit.

749 1217 1138 1279 Possevinus
1188 1217 1330 1296 ejus
1364 1218 1574 1295 Opera
1612 1219 1676 1280 in
1704 1215 2040 1298 Apparatu
2067 1233 2248 1276 sacro
2281 1232 2631 1278 recensens
2665 1223 2839 1279 tomo
2872 1217 2954 1290 ll,
3001 1216 3100 1279 sic
3149 1217 3238 1279 ait
3273 1235 3286 1278 :
3323 1239 3352 1274 α
3381 1215 3832 1278 Commentarii
3852 1230 3916 1275 et

670 1313 1120 1375 Enarrationes
1149 1314 1215 1374 in
1243 1315 1606 1394 prophetas,
1634 1314 1853 1393 juncta
1887 1311 2318 1392 explicatione
2351 1312 2417 1373 in
2446 1312 2827 1375 Psalterium
2861 1311 3149 1390 Davidis,
3178 1320 3357 1375 erant
3394 1329 3547 1373 mss.
3584 1311 3649 1373 in
3687 1310 3924 1373 biblio-

671 1410 845 1472 theca
878 1410 1827 1488 imperialiIViennmAustrize.»
1848 1414 1936 1474 Ne
1964 1411 2263 1488 cuiquam
2295 1405 2514 1470 fucum
2549 1409 2679 1470 hinc
2701 1407 2934 1471 faciant
2958 1410 3148 1472 verba
3174 1455 3190 1483 ,
3223 1409 3732 1472 animadvertere
3752 1423 3918 1485 opus

667 1511 785 1578 est,
833 1505 1103 1566 indicari
1129 1505 1412 1568 codicem
1437 1507 1556 1568 216
1582 1508 1752 1585 apud
1792 1505 2198 1569 Lambecium
2233 1501 2399 1567 libro
2434 1523 2489 1576 ν,
2534 1505 2602 1570 in
2642 1520 2775 1584 quo
2834 1505 3044 1584 primo
3079 1514 3427 1569 occurrunt
3475 1504 3792 1584 Bulgaria:
3818 1519 3923 1564 ar-

664 1599 1060 1677 chiepiscOpi
1091 1599 1553 1678 TheOphylacti
1591 1604 2051 1682 Expositiones
2087 1602 2158 1662 in
2187 1600 2457 1680 quinque
2482 1604 2852 1682 prophetas,
2891 1603 3124 1682 utique
3182 1603 3478 1676 minores,
3509 1599 3748 1670 Oscam,
3782 1599 3916 1661 Ha-

659 1695 877 1770 bacuc,
910 1696 1158 1769 Ionam,
1192 1697 1436 1760 Nahum
1474 1707 1531 1758 et
1564 1699 1907 1761 Michteam.
1942 1703 2184 1762 Prostat
2244 1694 2481 1761 deinde
2523 1717 2556 1760 a
2587 1699 2703 1762 fol.
2736 1698 2880 1774 218,
2931 1699 3276 1778 Nicephori
3320 1695 3678 1758 Blemmidte
3719 1713 3917 1774 expo-

659 1792 808 1852 sitio
841 1792 910 1879 in
937 1791 1318 1855 Psalterium
1340 1794 1639 1864 Davidis;
1667 1804 1730 1860 et
1751 1813 1786 1859 a
1805 1796 1915 1859 fol.
1947 1798 2089 1873 356,
2116 1796 2407 1880 ejusdem
2432 1795 2786 1858 Blemmidw
2831 1797 3145 1876 expositio
3183 1798 3252 1858 in
3278 1793 3704 1875 Appendicem
3733 1791 3920 1854 Psal-

662 1889 811 1949 terii
828 1887 1140 1962 Davidici,
1179 1906 1405 1967 nempe
1445 1893 1514 1954 in
1551 1893 1834 1957 Cantica.
1869 1896 2100 1960 Caveat
2137 1913 2318 1977 ergo,
2361 1894 2477 1980 qui
2532 1892 2864 1955 Possevini
2912 1893 3101 1954 verba
3145 1893 3397 1972 legerit,
3440 1881 3532 1954 'ne
3574 1887 3919 1968 TheOphy-

662 1984 825 2046 iacto
858 1993 1079 2048 nostro
1111 1987 1305 2047 ullam
1334 1989 1401 2049 in
1423 1989 1702 2050 Psalmos
1736 1993 1817 2071 (a)
1852 2005 1914 2055 et
1937 1994 2200 2057 Cantica
2237 1990 2708 2072 expositionem
2745 1989 3042 2050 ascribat.
3833 2067 3838 2072 .

744 2083 812 2144 In
844 2084 1084 2145 Veneta
1117 2084 1326 2144 Sancti
1360 2085 1552 2148 Marci
1610 2088 2002 2154 Bibliotheca
2042 2095 2253 2154 codex
2309 2094 2517 2176 exstat
2548 2102 2726 2148 num.
2775 2086 2856 2145 26
2917 2084 2985 2146 in
3045 2100 3176 2164 quo
3208 2091 3350 2163 post
3397 2082 3912 2148 Commentarios

667 2176 1127 2258 TheOphylacti
1164 2181 1231 2239 in
1269 2182 1541 2260 quinque
1574 2187 1924 2264 prophetas
1964 2190 2256 2258 minores,

2303 2182 2564 2265 prostaf,
2593 2191 2839 2261 Νικήτου
2867 2190 3170 2244 ἐπισκόπου
3205 2190 3303 2257 τῆς
3332 2187 3724 2259 μητροπόλεως
3759 2185 3914 2238 Ναυ-

663 2283 1202 2358 πάκτουσῠνταγμα,
1262 2281 1496 2342 Νἰεειω
1575 2284 1858 2362 episcopi
1923 2286 2281 2364 metropolel

2298 2303 2338 2344 is
2396 2280 2718 2360 Naupacti
2766 2280 3107 2357 Syntagma
3154 2277 3225 2338 in
3288 2275 3699 2354 Evangelium
3747 2272 3916 2336 Mat-

666 2378 829 2450 thtei,
868 2379 1195 2443 collectum
1259 2383 1574 2461 praecipue
1604 2401 1683 2445 ea:
1717 2385 2349 2464 interpretationibus
2412 2381 2843 2460 Chrysostomi
2890 2378 3282 2457 aliorumque
3328 2376 3744 2438 diversorum.
3782 2374 3906 2437 Sed

664 2490 874 2552 neque
928 2480 1392 2556 Chrysostomi,
1456 2497 1667 2558 neque
1722 2487 2014 2544 veterum
2079 2483 2353 2544 aliorum
2410 2482 2832 2558 interpretum
2879 2475 3142 2539 nomina
3195 2473 3674 2552 exprimuntur,
3722 2479 3791 2534 ut
3843 2470 3917 2534 in

662 2570 916 2634 Catenis
986 2574 1119 2635 ﬁeri
1146 2576 1330 2637 solet.
1399 2577 1781 2639 Prommium
1853 2577 2280 2656 incipit:'Eoe

2293 2605 2308 2640 ι
2345 2588 2440 2656 μὲν
2479 2586 2626 2655 ἡμᾶς
2665 2584 2739 2654 μὴ
2766 2580 2975 2636 δεῖσθαι
3004 2579 3106 2650 τῆς
3133 2578 3242 2633 ἀπὺ
3268 2577 3380 2632 τῶν
3403 2578 3752 2649 γραμμάτων
3769 2578 3911 2650 βοη-

661 2672 830 2737 θείας.
877 2668 1054 2729 Idem
1113 2677 1206 2731 est
1264 2686 1406 2732 cum
1450 2688 1526 2733 eo
1566 2672 1738 2752 quod
1772 2673 2024 2736 Catenae
2077 2684 2440 2736 sanctorum
2473 2674 2727 2735 Patrum
2766 2670 2834 2732 in
2874 2666 3301 2748 Evangelium
3352 2668 3710 2730 secundum
3756 2670 3919 2735 Mat-

659 2763 893 2826 thmum
935 2768 1328 2842 praemissum
1367 2768 1601 2847 legitur
1635 2769 1696 2830 in
1722 2771 2045 2849 Symbolis
2085 2773 2450 2834 Grmcorum
2483 2774 2735 2832 Patrum
2761 2784 2793 2830 a
2824 2771 3010 2830 Petro
3045 2765 3317 2828 Possino
3353 2763 3631 2844 vulgatis
3663 2773 3837 2831 lomo
3858 2769 3913 2834 ι.

671 2861 792 2922 Sed
839 2878 984 2941 quae
1045 2864 1278 2924 Catena
1325 2865 1444 2925 hoc
1483 2864 1621 2926 loco
1658 2867 1994 2945 sequitur,
2026 2869 2290 2930 omnino
2313 2868 2520 2930 ditfert
2551 2883 2586 2929 a
2623 2869 3060 2946 Syntagmate.
3101 2865 3172 2926 In
3201 2861 3477 2943 hujusce
3527 2863 3720 2925 initio
3752 2861 3920 2930 non-

662 2956 838 3017 nulla
871 2967 1236 3032 occurrunt,
1269 2977 1412 3039 quae
1441 2969 1591 3021 sunt
1621 2976 1884 3038 prorsus
1913 2962 2135 3026 eadem
2175 2981 2318 3026 cum
2348 2964 2828 3044 Theophylacti
2863 2961 3367 3024 Commentario.
3401 2961 3548 3035 Quo
3569 2977 3640 3026 se
3674 2981 3776 3026 res
3802 2964 3921 3030 ba-

659 3052 802 3116 bcat
833 3057 1042 3126 modo,
1081 3055 1369 3132 patefacit
1397 3063 1538 3118 nota
1572 3059 1787 3119 Graiae
1817 3058 2052 3137 scripta
2084 3059 2151 3121 in
2192 3061 2485 3138 ejusdem
2519 3061 2769 3124 codicis
2804 3057 2969 3124 folio
2997 3058 3098 3130 ὅτι,
3127 3074 3349 3139 quam,
3383 3060 3585 3122 veluti
3614 3061 3781 3125 scitu
3813 3062 3919 3126 di-

658 3153 1052 3228 gnissimam,
1083 3155 1298 3215 Greece
1335 3160 1396 3215 et
1432 3154 1646 3214 Latine
1673 3154 1841 3235 juris
1869 3155 2106 3232 publici
2139 3155 2347 3221 fecere
2372 3159 2617 3221 clariss.
2651 3157 2934 3222 editores
2969 3155 3200 3220 Greca
3250 3157 3396 3219 Divi
3426 3158 3630 3221 Marci
3659 3158 3914 3227 Biblio-

657 3249 843 3308 theca:
872 3249 934 3310 in
983 3249 1124 3328 ejus
1154 3249 1396 3311 codicis
1431 3251 1831 3312 recensione.
1862 3252 2080 3315 Latina
2111 3253 2557 3334 interpretatio
2586 3263 2726 3317 est:
2767 3256 2844 3317 In
2887 3253 3027 3318 alio
3063 3252 3225 3315 libro
3281 3254 3493 3318 inveni
3542 3265 3914 3333 praesentem

658 3347 1114 3422 expositionem
1143 3346 1254 3406 sub
1276 3348 1524 3408 nomine
1549 3347 1863 3426 Bulgaria:
1901 3351 2202 3428 episcopi,
2235 3349 2472 3413 scilicet
2525 3350 2766 3413 domini
2813 3349 3263 3430 Theophylacti
3295 3371 3314 3410 :
3346 3368 3478 3429 qua
3502 3347 3711 3413 autem
3773 3362 3917 3417 erat

658 3441 727 3502 in
757 3441 864 3502 illo
898 3441 1082 3514 libro,
1118 3462 1251 3502 cum
1282 3444 1392 3503 hac
1418 3445 1817 3506 conveniebat
1848 3447 2035 3506 initio
2063 3449 2389 3526 prcecipue
2419 3468 2439 3508 :
2467 3464 2819 3525 progressu
2872 3463 3025 3508 vero
3073 3445 3498 3526 discrepabat.
3561 3447 3772 3524 Quare
3805 3467 3917 3512 ar-

657 3536 887 3610 bitror,
919 3538 1076 3599 hanc
1107 3540 1424 3616 Naupacti
1477 3543 1766 3620 episcopo
1792 3541 2239 3622 adjudicatam,
2286 3545 2394 3621 qui
2439 3544 2634 3621 plura
2664 3552 2986 3603 mutuatus
3017 3543 3145 3621 fuit
3187 3563 3225 3604 a
3263 3546 3314 3605 Τ
3315 3543 3750 3624 heophylacto,
3783 3547 3915 3608 sive

659 3632 1102 3712 Chrysostomo
1142 3658 1161 3694 :
1194 3635 1688 3716 quandoquidem
1729 3648 1786 3698 et
1821 3641 2144 3716 posterior
2178 3648 2452 3716 tempore
2479 3639 2610 3716 fuit
2644 3637 3131 3716 Theophylacto.
3167 3640 3306 3699 Jam
3344 3647 3536 3717 patet,
3573 3641 3912 3721 aliquibus

661 3729 744 3798 in.
765 3732 1101 3796 codicibus
1139 3737 1216 3794 Ex
1233 3735 1590 3813 positiones
1620 3744 1906 3812 prostare
1941 3735 2063 3798 sub
2094 3735 2353 3798 nomine
2379 3731 2868 3812 TheOphylacti,
2895 3750 3223 3811 perperam
3253 3733 3732 3799 sciliceteidem
3758 3755 3918 3816 sup-

656 3831 920 3907 positas.

741 3928 982 3988 Auctor
1010 3928 1440 4007 Syntagmatis
1476 3931 1537 3991 in
1580 3937 1726 3992 nota
1760 3931 1994 3992 dicitur
2031 3930 2284 3992 Nicetas
2317 3929 2647 4006 episcopus
2673 3924 3089 4004 metropoleos
3110 3925 3454 4007 Naupacti.
3484 3929 3672 4008 Apud
3698 3932 3913 3995 Mont-

655 4021 1025 4084 iauconium
1069 4026 1130 4085 in
1175 4025 1566 4088 Bibliotheca
1594 4027 2127 4088 Bibliothecarum
2157 4044 2302 4088 mss.
2351 4031 2522 4088 tomo
2557 4027 2606 4099 1,
2641 4041 2786 4103 pag.
2815 4026 2914 4096 27,
2954 4026 3076 4086 col.
3119 4026 3179 4097 2,
3216 4043 3503 4106 sequens
3534 4027 3773 4108 legitur
3807 4032 3910 4094 in-

656 4119 922 4194 scriptio
956 4120 1122 4180 inter
1166 4122 1418 4183 codices
1451 4123 1688 4200 regina;
1718 4125 1959 4186 Suecite
1993 4125 2055 4184 in
2102 4125 2400 4185 Vaticana
2435 4146 2447 4183 :
2490 4123 2724 4185 Nicetw
2787 4122 3066 4200 episcopi
3105 4127 3458 4201 nuncupati
3493 4129 3810 4205 expositio
3843 4132 3916 4192 in

650 4225 927 4293 quatuor
954 4216 1354 4295 Evangelia;
1405 4220 1510 4279 ubi
1559 4235 1774 4281 vocem
1808 4222 2160 4299 nuncupati
2192 4221 2460 4298 positam
2493 4234 2606 4296 pro
2637 4218 2981 4297 Naupacti,
3028 4219 3366 4281 verisimili
3399 4223 3771 4300 conjectura
3791 4227 3909 4288 ad-

656 4322 874 4374 notant
910 4312 1143 4375 laudati
1191 4315 1531 4376 Marcianis
1566 4316 1799 4376 Venetae
1835 4315 2234 4378 Bibliotheca:
2268 4316 2578 4378 editores.
2630 4315 2918 4394 Hujusce
2972 4314 3210 4376 Nicetes
3253 4319 3684 4395 metrOpoleos
3742 4325 3914 4386 Nau-

655 4412 813 4489 pacti
849 4412 1132 4490 episc0pi
1171 4413 1405 4473 mentio
1442 4413 1611 4475 nulla
1642 4415 1811 4491 apud
1848 4414 2218 4477 Michaelem
2256 4413 2654 4494 Lequienum
2714 4413 2781 4473 in
2840 4412 3093 4472 Oriente
3154 4411 3542 4490 Christiano,
3591 4425 3764 4481 tomo
3824 4419 3907 4495 ll,

656 4509 778 4568 col.
807 4511 918 4569 198
949 4517 1007 4570 et
1036 4527 1216 4587 seqq.
1251 4510 1316 4570 in
1343 4511 1563 4572 eadem
1595 4515 1895 4589 Naupacti
1927 4515 2206 4575 Ecclesia
2242 4530 2254 4572 :
2292 4529 2500 4590 neque
2540 4511 2800 4579 mirum,»
2840 4526 2987 4571 cum
3041 4511 3246 4571 series
3283 4529 3508 4575 eorum
3567 4516 3909 4596 episcopo-

664 4621 801 4663 rum
836 4606 1078 4680 integra
1116 4605 1544 4666 desideretur.
1581 4607 2060 4684 TheOphylarto
2087 4609 2492 4686 synchronus
2534 4608 2797 4669 ﬂorebat
2830 4608 3083 4667 Nicetes
3124 4609 3481 4685 Serrarum,
3525 4622 3743 4691 postea
3776 4617 3912 4680 He-

665 4700 903 4772 raclea},
942 4700 1310 4776 episcOpus.
1347 4702 1437 4763 Ad
1472 4701 1642 4762 hunc
1673 4703 1811 4764 d‘ata
1839 4714 1931 4763 est
1960 4704 2726 4784 ejusdemTheophylacti
2766 4720 2930 4765 nona
2969 4705 3138 4765 inter
3167 4707 3570 4773 Meursianas
3597 4712 3907 4791 epistola,

661 4797 928 4868 scilicet,
966 4805 1054 4874 Τῷ
1083 4807 1388 4878 διδασκάλῳ
1419 4810 1590 4879 κυρίῳ
1615 4809 1846 4880 Νικήτᾳ,
1871 4810 1946 4879 τῷ
1972 4811 2079 4864 τῶν
2101 4811 2279 4881 Eappa

2291 4803 2432 4864 v.18
2493 4809 2587 4864 est
2655 4803 2763 4881 qui
2818 4801 3063 4863 scholia
3121 4804 3378 4883 scripsit
3440 4809 3502 4869 in
3563 4810 3909 4880 Orationes

658 4889 1176 4968 sanctiGregorii
1223 4894 1630 4956 Nazianzeni.
1684 4900 1976 4961 Landatee
2020 4900 2276 4976 epistola

2293 4917 2309 4961 ὲ
2370 4899 2571 4978 prima
2633 4900 2822 4961 verba
2866 4907 3020 4962 sunt
3056 4923 3068 4964 :
3105 4914 3261 4967 Καὶό
3305 4912 3400 4965 τοῦ
3432 4914 3775 4982 Εὐαγγελίου
3806 4918 3911 4987 τῆς

662 4996 917 5064 ἀληθείας
952 4997 1251 5069 ἐξηγητὴς,
1285 4993 1494 5053 Etiam
1531 5008 1619 5067 tu,
1655 4998 1763 5074 qui
1791 4997 2116 5076 Evangelii
2171 5001 2280 5056 vet

2289 4998 2476 5058 'itatis
2529 4999 2841 5073 interpres
2899 5001 3136 5079 fueras,
3187 5001 3511 5062 mendacio
3572 5006 3907 5066 convictus

665 5102 749 5151 es,
788 5093 905 5144 etc.
949 5087 1038 5144 An
1075 5104 1226 5164 ergo
1273 5090 1813 5152 Commentarium
1844 5091 1937 5152 vel
1973 5094 2268 5154 Catenam
2301 5092 2365 5153 in
2401 5093 2749 5170 Evangelia
2801 5097 3186 5172 scripserit?
3217 5098 3519 5158 Catenam
3586 5099 3907 5162 Possinus

663 5177 719 5236 ei
757 5179 1056 5251 attribuit,
1092 5198 1280 5259 quam
1307 5184 1370 5242 in
1412 5185 1725 5263 Symbolis
1761 5188 2040 5264 vulgavit
2074 5195 2245 5248 tomo
2283 5191 2358 5249 Il.
2388 5192 2466 5250 At
2511 5189 2751 5266 primus
2788 5193 2987 5266 enim,
3021 5194 3135 5272 qui
3164 5193 3226 5252 in
3264 5193 3492 5254 eodem
3548 5209 3743 5270 opere
3807 5215 3910 5260 re-

663 5284 959 5334 censetur
1005 5278 1167 5338 inter
1190 5288 1481 5341 auctores
1512 5295 1784 5360 quorum
1810 5287 2146 5348 sementim
2170 5287 2587 5360 deﬂorantur,
2642 5287 2890 5349 Nicetes
2918 5298 3032 5350 est.
3064 5289 3457 5368 Hujusmodi
3515 5289 3907 5356 Catenarnm

662 5370 1105 5446 compilatores
1137 5375 1543 5454 frequentius
1577 5380 1831 5442 obscuri
1869 5391 2041 5444 sunt.

741 5469 971 5571 Mirum
1007 5487 1140 5571 non,
1163 5473 1379 5541 fuerit,
1423 5478 1481 5534 in
1517 5479 1922 5554 Syntagmate
1960 5480 2262 5556 superius
2294 5483 2484 5545 citato
2545 5499 2885 5547 occurrere
2949 5501 3077 5548 non
3137 5503 3359 5564 pauca,
3413 5505 3557 5566 quas
3596 5505 3740 5550 cum
3794 5507 3911 5571 ge-

667 5565 864 5626 nuino
905 5567 1360 5647 'l‘heOphylacti
1402 5574 1866 5635 Commentario
1899 5579 2290 5639 conveniunt
2324 5598 2336 5640 :
2381 5580 2481 5642 vel
2516 5581 3263 5662 enimTheOphylactum
3309 5586 3686 5664 decerpebat
3719 5565 3912 5653 Nice-

697 5718 1182 5802 ἶίαλξιιζιροριιδίξιςῐι
1224 5728 1634 5802 Εςηῃιςῃρηιειιίιι-ιῃ
1680 5733 1957 5802 inediturn
1997 5733 2044 5781 in
2094 5734 2310 5782 Psalmos

2291 5750 2310 5782 ς
2356 5741 2597 5788 memorat
2629 5736 2679 5788 C.
2729 5737 2783 5787 Β.
2821 5736 3000 5791 [Iasius
3048 5741 3105 5790 ad
3150 5736 3360 5790 Paulum
3402 5735 3673 5789 [Varenum
3723 5752 3770 5802 ρ-
3814 5740 3909 5795 489

669 5779 745 5844 (in
769 5779 985 5836 editione
1007 5779 1167 5838 nostra
1196 5792 1406 5850 col.88fl,
1438 5798 1538 5841 not.
1577 5793 1650 5843 55.
1680 5779 2053 5858 TonnlIXl’lll.
2081 5779 2404 5848 [iniri—Pista:
