4098 6330
228 342 290 408 δι
1081 341 1183 404 DE
1215 340 1804 407 THEOPHYLACTI
1841 339 2119 404 GESTIS
2157 337 2253 399 ΕΤ
2294 330 2678 397 SCRIPTIS.
3433 319 3517 400 63

226 467 318 523 tas
360 458 501 534 ille,
528 452 643 539 q'ui
672 454 967 538 sequiori
1001 461 1182 521 atate
1217 455 1408 519 vitam
1434 455 1684 537 agebat,
1711 455 1810 524 vel
1843 454 2033 528 ambo
2062 467 2271 526 unum
2313 451 2634 528 Joannem
2668 433 3307 544 (Ξὴι-γδοειοωιιιιξ-ίξι
3342 448 3520 544 ξιοπζ

227 531 967 636 υθηάὶυὰιὶθᾶίεὲὺδηι.
1010 554 1082 616 Id
1106 553 1300 617 etiam
1349 570 1386 618 a
1408 531 1594 634 Petro
1627 552 1904 635 Possino
1929 545 2460 642 observatum,in
2482 544 2749 642 Catena,
2790 552 2985 618 αυδω
3021 531 3285 642 mmo}
3329 531 3520 623 ,ίΧΡίι

225 652 456 727 edidit,
479 654 622 717 sine
645 652 787 715 ullo
813 650 1182 714 collectoris
1217 654 1511 728 nomine,
1543 668 1737 742 quem
1761 667 1831 713 se
1871 639 2629 731 nescireinPrafatione
2656 643 2973 742 testatur,
3013 648 3092 742 eo
3122 639 3336 742 quiafK
3369 642 3522 742 OPf'

225 751 315 815 ria
338 723 628 820 titulum,
674 752 1094 814 rnbramento
1126 752 1344 813 minus
1375 723 1584 815 tenaci
1611 727 2093 820 cuncinnatum,"
2120 728 2450 819 nullaOpe
2479 735 2746 817 assequi
2784 729 3093 814 potuerit.
3130 723 3510 813 siAnimad-

225 846 417 910 vertit
475 864 625 910 vero
656 891 674 922 ,
713 870 742 903 α
804 864 951 926 qua
988 843 1265 927 plurima
1296 847 1704 926 compilator,
1761 845 2143 925 quicunque
2188 846 2309 914 est,
2366 834 2668 900 attribuit
2707 831 3217 934 ,Chrysostomo,
3254 839 3330 934 ea
3379 819 3520 934 fere

222 945 398 1025 apud
424 919 1314 1026 Theophylactum—reperiri,
1348 919 1742 1016 sententiam
1781 919 1839 1005 si
1871 919 2179 1022 spectes:
2227 953 2376 1003 nam
2413 933 2628 1003 verba,
2677 919 3521 1029 quantumanimadj‘erli.

224 1015 483 1119 semper
511 1015 764 1105 diversa
789 1049 966 1105 sunt.
986 1015 1324 1105 Interdum
1342 1039 1671 1122 cepiosior
1689 1015 2033 1103 noster-est
2057 1033 2334 1116 (scilicet
2359 1032 2614 1096 Catena
2638 1023 2912 1104 auctor).
2945 1021 3141 1087 etiam
3169 1017 3277 1081 ubi
3302 1015 3527 1122 'I‘heov
3553 1089 3565 1100 ,

223 1137 595 1218 phylactum
629 1139 703 1202 in
729 1139 1028 1218 pauciora
1069 1146 1251 1220 cegat
1286 1162 1301 1201 :
1335 1138 1391 1200 si
1424 1119 1638 1200 tamen
1701 1134 2262 1216 TheOphylactum
2323 1126 2658 1208 [XXVIII]
2692 1122 2858 1186 vidit
2908 1133 3224 1197 unquam,
3267 1119 3330 1176 et
3388 1125 3522 1222 non

223 1236 444 1314 potius
509 1254 590 1299 ex
636 1238 891 1311 eodem,
956 1240 1130 1302 unde
1194 1236 1716 1315 TheOphylactus
1797 1241 1969 1299 totus
2051 1225 2594 1312 pendet,hausit
2661 1224 2801 1302 ipse
2859 1233 3126 1300 quoque
3189 1224 3524 1278 communi

221 1334 576 1417 utriusque
605 1335 808 1421 fonte,
836 1334 1326 1416 Chrysostomo.
1367 1358 1398 1393 ι

1780 1461 1939 1526 XVI.

229 1575 282 1639 1"
281 1575 685 1667 heaphoylaeti
738 1573 1295 1667 doctrinapapila
1322 1575 1634 1667 nonnulla
1676 1575 1998 1667 pecuiigri
2050 1569 2335 1665 examine
2374 1567 2819 1667 discussaiac

302 1634 1029 1734 inin-sanetam”
1053 1634 1391 1732 masta;
1412 1634 1782 1719 ’έῖἑὲῐαῦηί
1807 1634 2184 1734 dmum
2212 1657 2554 1728 sumptum.
2572 1634 3083 1734 dgitpra'cipuej
3098 1635 3174 1730 de
3199 1634 3524 1734 ροςαεεφςο

303 1715 894 1818 ἰηαιξιριίσῖἀεὰριο
943 1715 1196 1818 j'jtgnio
1255 1715 2087 1818 Sab'bdtiJSuﬂ‘ocaior-um
2137 1746 2332 1818 σεται,⁸
2587 1715 2870 1818 damnat,
2923 1715 3527 1818 oindicaiur'ingtl-

304 1792 770 1954 aiuzzalotinia
784 1792 1738 1891 homines;licemini
1761 1792 2162 1894 patriarcha,
2192 1820 2248 1871 et
2284 1792 2635 1869 Demetrius
2674 1792 3120 1870 Chomatenua,
3189 1792 3516 1872 Bulgaria

299 1909 414 1952 arc
465 1906 849 1972 toptscopua.

304 2019 409 2080 59.
445 2018 590 2080 Hac
621 2019 832 2097 Opera
867 2019 1359 2101 Theophylacti,
1393 2038 1541 2101 qua
1562 2021 1879 2084 hactenus
1935 2016 2414 2089 recensuimus,
2453 2007 2711 2074 tametsi
2744 2007 3046 2087 praclara
3100 2001 3260 2074 sint,
3319 1998 3529 2101 navis

225 2123 508 2177 attamen
535 2114 871 2194 aliquibus
909 2132 982 2180 ac
1018 2098 1178 2180 vitio
1205 2134 1336 2180 non
1370 2098 1613 2183 carent.
1673 2122 1815 2182 Non
1869 2135 1978 2180 eas
2027 2115 2407 2179 divinorum
2469 2105 2901 2188 Eloquiorum
2956 2098 3529 2180 interpretationes

226 2209 556 2291 intelligo,
582 2227 746 2291 quas
782 2212 1130 2291 peritiores
1165 2215 1560 2294 interpretes
1607 2214 2010 2279 accuratiore
2055 2211 2359 2278 examine
2388 2200 2724 2270 discusses
2757 2217 2888 2265 non
2948 2197 3222 2280 probant
3272 2195 3400 2258 vel
3433 2210 3535 2254 re-

219 2308 489 2390 jiciunt,
522 2306 726 2372 veluti
758 2307 1045 2374 historia
1072 2327 1292 2388 sacra,
1318 2293 1614 2376 autsacri
1649 2313 1987 2390 scriptoris
2022 2309 2226 2372 menti
2279 2305 2504 2369 minus
2564 2315 2914 2365 consonas.
2973 2293 3294 2374 Intelligo
3331 2307 3534 2372 pecu-

228 2405 422 2468 liores
460 2404 774 2468 doctrina
805 2422 1086 2482 errores,
1145 2406 1220 2471 in
1260 2424 1431 2488 quos
1461 2408 1740 2490 impegit
1772 2410 1886 2472 ille
1911 2410 2050 2470 sive
2083 2421 2199 2485 pro
2231 2403 2511 2466 humana
2543 2395 2944 2470 inﬁrmitate,
3010 2395 3151 2456 sive
3208 2406 3326 2471 pro
3356 2403 3533 2490 com:-

227 2502 416 2566 muni
447 2517 594 2566 cum
641 2504 783 2564 suis
837 2504 1198 2583 gentilibus
1250 2484 1680 2586 p'rajudicio.‘
1721 2507 1857 2570 Sed
1900 2484 2100 2570 etiam
2161 2501 2369 2581 capita
2421 2497 2732 2561 doctrina
2792 2492 3090 2575 quadam
3161 2495 3314 2553 sunt
3355 2484 3532 2586 apud

226 2600 447 2678 ipsum
469 2646 486 2673 ,
507 2615 800 2680 quorum
832 2600 984 2675 alia,
1016 2583 1299 2680 partium
1325 2583 1549 2665 studio
1583 2611 1862 2677 semoto,
1897 2609 2120 2666 contra
2149 2599 2442 2679 vigentes
2471 2596 2642 2658 inter
2669 2595 2926 2657 Gracos
2946 2587 3304 2667 Opiniones
3335 2583 3533 2650 tradi-

226 2695 348 2771 dit,
380 2695 756 2772 illustravit,
793 2697 1189 2773 vindicavit:
1240 2699 1365 2762 alia
1398 2699 1630 2762 docuit
1671 2697 2230 2772 luculentissima,
2273 2694 2536 2772 insigne
2581 2690 2661 2754 de
2697 2691 2935 2756 Graeca
2982 2683 3294 2748 Ecclesia
3361 2687 3534 2744 recta

227 2791 354 2857 ﬁde
422 2793 869 2857 testimonium
903 2794 1253 2874 perhibens
1279 2795 1629 2857 adversum
1668 2796 2090 2874 posteriores,
2127 2807 2274 2872 qua
2303 2787 2381 2852 in'
2406 2789 2761 2852 Occidente
2799 2790 3042 2847 exorta
3090 2787 3267 2855 sunt,
3329 2779 3534 2842 hare-

223 2905 336 2954 aas
375 2889 893 2953 Lutheranorum
919 2898 983 2955 et
1007 2889 1538 2955 Calvinistarum.
1569 2891 1666 2956 Ex
1702 2890 2052 2972 utriusque
2085 2885 2314 2950 classis
2328 2881 2740 2956 documentis
2757 2895 2958 2961 pauca
2986 2876 3358 2958 seligimus,
3384 2891 3537 2953 qua
3615 2966 3621 2972 .

226 2986 351 3052 hoc
389 2987 528 3050 loco
557 2987 945 3050 illustranda
977 2994 1154 3052 sunt.
3402 3041 3406 3046 ,

305 3087 408 3148 De
444 3101 622 3148 sacra
654 3086 1033 3150 Latinorum
1069 3087 1388 3150 oblatione
1412 3086 1482 3147 in
1509 3086 1748 3166 azymis
1782 3084 1996 3165 deque
2007 3081 2264 3164 jejunio
2295 3077 2582 3152 Sabbati.
2639 3074 2926 3155 aliisque
2987 3072 3227 3135 ritibus
3295 3071 3535 3134 mitius

219 3199 298 3247 ac
321 3182 705 3262 benignius,
739 3200 934 3263 quam
964 3191 1350 3248 caterorum
1369 3183 1491 3247 avi
1515 3183 1623 3246 sui
1651 3199 1725 3246 ac
1757 3181 2092 3261 sequioris
2119 3180 2518 3245 Gracorum,
2553 3173 2766 3253 ipsius
2825 3167 3295 3249 Τὴθορὶιγιεοιί
3343 3167 3534 3247 judi'

223 3282 405 3344 cium
432 3287 561 3343 est.
598 3280 847 3343 Saculo
874 3281 1179 3343 Ecclesia
1213 3281 1589 3353 undecimo,
1615 3296 1747 3360 quo
1773 3280 1913 3358 ipse
1947 3274 2196 3340 natales
2217 3271 2480 3354 habuit,
2510 3286 2582 3332 ac
2606 3269 2805 3331 vitam
2847 3266 3003 3346 egit,
3040 3265 3400 3346 ﬂoruitque
3425 3263 3539 3330 lit-

227 3379 389 3441 teris
423 3383 489 3439 et
524 3377 976 3456 dignitatibus,
1010 3378 1453 3439 miserandum
1491 3376 1974 3457 infandumque
2016 3367 2292 3435 Michael
2335 3367 2714 3436 Cerularius
2771 3363 3130 3446 patriarcha
3170 3361 3542 3428 Constanti-

231 3473 685 3550 nopolitanus,
720 3488 865 3535 cum
892 3474 1106 3538 Leone
1143 3471 1461 3552 Bulgaria
1497 3472 1987 3553 archiepiscOpo
2022 3471 2420 3545 Achridano,
2457 3478 2520 3532 et
2562 3470 2782 3532 Niceta
2813 3469 3149 3529 Pectorato
3196 3463 3536 3538 monacho,

228 3571 711 3631 instauraverat
740 3569 1022 3634 schisma
1055 3586 1067 3630 :
1103 3569 1534 3650 ejusdemque
1568 3569 1892 3636 conﬂandi
1925 3567 2334 3646 fovendique
2377 3583 2608 3630 causas
2647 3563 3064 3637 obtendebat,
3106 3563 3541 3625 consecratio-

225 3684 370 3729 nem
404 3669 476 3730 in
499 3669 762 3747 azymis,
775 3667 1099 3749 jejunium
1119 3668 1401 3754 Sabbati,
1436 3668 1894 3748 auﬂ'ocatorum
1918 3684 2114 3739 esum,
2143 3664 2556 3744 aliorumque
2589 3663 2832 3724 rituum
2863 3660 3337 3723 diversitatem.
3379 3657 3544 3723 Nul-

230 3765 352 3828 lam
390 3765 528 3827 imo
554 3765 922 3839 schismatis
956 3765 1380 3844 promovendi
1411 3781 1673 3827 causam
1719 3763 1884 3826 hanc
1913 3779 2084 3837 esse,
2117 3761 2524 3839 apertissima
2559 3757 3026 3838 Theonhylacti
3057 3756 3383 3821 sententia
3415 3761 3539 3818 est.

307 3865 498 3927 Hanc
527 3868 734 3942 aperit
793 3873 856 3927 et
901 3866 1184 3928 vindicat
1215 3865 1285 3926 in
1320 3863 1618 3944 Epiuola
1647 3865 1730 3926 ad
1761 3860 2097 3927 Nicolaum
2126 3857 2466 3921 diaconum
2497 3866 2555 3918 et
2591 3857 3029 3928 constrisium,
3083 3873 3276 3936 quam
3319 3856 3541 3918 Grace

227 3959 553 4024 habemus
594 3980 678 4022 ex
716 3961 940 4024 codice
974 3959 1838 4035 Casareo-Vindobonensi,
1875 3961 2219 4024 Latinitate
2254 3961 2555 4022 donatam
2579 3958 2978 4021 a'Bonifacio
3001 3959 3279 4020 Finetto.
3314 3958 3545 4019 Diaco-

227 4073 358 4121 nus
395 4057 516 4120 ille
559 4067 890 4136 rogaverat
915 4057 1496 4139 TheOphylactum,
1533 4057 2008 4128 utLatinorum
2049 4060 2220 4120 circa
2283 4075 2385 4117 re:
2430 4056 2889 4118 ecclesiasticas
2943 4073 3196 4117 errores
3240 4055 3541 4130 breviter,

224 4164 544 4235 quantum
567 4155 712 4233 fieri
737 4164 970 4235 potest,
1007 4155 1342 4234 refellant.
1374 4178 1402 4212 α
1442 4153 1798 4231 Quoniam,
1837 4155 2189 4237 inquiebas
2232 4157 2449 4236 (verba
2481 4154 2882 4232 suntipsius
2911 4152 3435 4234 TheOphylacti),
3480 4161 3546 4216 et

227 4255 422 4319 multi
469 4264 648 4325 sunt,
684 4267 747 4318 et
775 4256 853 4318 ad
885 4257 1118 4317 scindei
1170 4255 1262 4317 las
1290 4253 1618 4317 Ecclesia:
1649 4254 1824 4318 haud
1857 4258 2178 4319 modicam
2209 4256 2340 4322 vim
2370 4255 2632 4318 habent.
2666 4258 2796 4318 Nos
2829 4261 3072 4329 tamen,
3107 4257 3229 4317 etsi
3275 4253 3548 4330 multos,

225 4355 363 4417 imo
387 4353 530 4416 fere
557 4370 781 4415 omnes
813 4354 897 4414 ita
930 4352 1123 4414 sentit
1155 4374 1171 4413 ξ
1207 4353 1533 4428 novimus,
1570 4353 2048 4432 haudquaquam
2071 4356 2154 4416 ita
2194 4357 2522 4418 sentimus
2553 4377 2567 4415 :
2594 4371 2807 4434 neque
2838 4354 3072 4416 multos
3106 4370 3333 4432 eorum
3361 4371 3548 4418 erro—

227 4467 332 4514 res
362 4466 519 4514 esse
550 4451 1026 4528 COgnoscimus,
1047 4467 1106 4511 m
1147 4451 1434 4530 {natales
1465 4450 1680 4530 quiad
1697 4450 1845 4512 disci

1936 4449 2138 4513 lendas
2166 4452 2479 4514 Ecclesias
2512 4451 2642 4512 sint
2671 4451 2889 4513 idonei
2911 4469 2923 4512 :
2943 4459 3065 4513 οὔτε
3089 4460 3296 4530 σχίζειν
3315 4460 3554 4532 Ἐκκλη.

227 4559 354 4622 σίας
391 4558 750 4629 δυνάμενα.»
778 4552 1044 4612 Errores
1090 4550 1672 4630 Latinorum,quos
1702 4551 2018 4614 diaconus
2055 4550 2415 4618 incusabat,
2437 4549 2645 4628 pergit
2670 4548 2783 4610 ille
2817 4564 3076 4610 narrare
3111 4566 3123 4610 :
3161 4570 3191 4604 α
3221 4551 3292 4611 In
3323 4549 3557 4613 multis.

227 4646 514 4726 quidem
551 4646 854 4708 videntur
893 4646 1100 4708 Latini
1142 4663 1381 4708 errare.
1420 4646 1744 4709 Videlicet
1777 4664 1999 4728 azyma
2025 4646 2657 4727 oﬂ'erunt,jejunant
2691 4647 2760 4708 in
2785 4647 3087 4716 Sabbato,
3134 4646 3544 4726 jejuniorum

218 4745 372 4810 dies
413 4751 572 4805 ante
598 4743 973 4805 Passionem
1008 4759 1133 4805 non
1168 4743 1338 4805 sicut
1365 4759 1480 4805 nos
1515 4754 1882 4818 numerant,
1908 4747 2298 4809 clericorum
2335 4745 2749 4810 matrimonia
2793 4745 3187 4818 dissolvunt,
3223 4745 3542 4810 laicorum

229 4859 388 4904 vero
459 4839 1037 4903 indiscriminatim
1091 4842 1469 4918 permittunt
1506 4863 1518 4900 :
1555 4841 1779 4904 barbas
1844 4868 1847 4896 ‹

2046 4853 2299 4921 γελάσειν
2377 4853 2621 4922 μέλλεις,
2659 4862 2739 4906 ne
2812 4844 3050 4924 rideas)
3117 4844 3352 4906 radunt
3411 4860 3541 4906 non

226 4942 448 5001 solum
481 4935 646 5010 alii,
674 4937 788 5000 sed
837 4936 1027 4998 etiam
1064 4937 1180 5016 qui
1214 4939 1378 5000 sacri
1409 4947 1561 5000 sunt
1593 4940 1844 5001 ordinis
1882 4960 1897 4998 :
1933 4945 1995 4999 et
2029 4937 2263 5001 horum
2298 4954 2531 5000 manus
2563 4939 2915 5018 splendent
2947 4938 3234 5014 annulis,
3274 4946 3548 5001 vestem-

226 5053 358 5115 que
389 5033 864 5097 sacerdotalem
917 5033 1136 5096 ferunt
1162 5035 1393 5098 sericis
1432 5037 1740 5099 intextam
1787 5035 2198 5108 staminibus,
2237 5037 2561 5115 variisque
2585 5036 2914 5099 coloribus
2946 5046 3234 5100 ornatam
3267 5058 3290 5099 :
3320 5038 3453 5100 imo
3485 5046 3550 5099 et

225 5149 464 5197 carnes
501 5131 877 5202 comedunt,
919 5138 980 5192 et
1013 5132 1365 5194 Dominum
1396 5135 1743 5196 adorantes
1776 5135 1852 5197 ad
1886 5140 2122 5195 terram
2159 5135 2617 5212 procumbunt.
2659 5156 2689 5191 ι»

310 5230 789 5294 Animadverte
818 5230 1013 5292 verba
1042 5229 1178 5303 illa,
1205 5250 1282 5292 ne
1321 5232 1576 5301 rideas;
1614 5249 1686 5294 ac
1713 5240 1850 5295 tuto
1892 5231 2153 5309 collige,
2183 5231 2531 5311 plerasque
2576 5231 2960 5312 hujusmodi
3016 5239 3237 5294 contra
3281 5233 3553 5296 Latinos

211 5327 694 5396 accusationes
720 5327 860 5387 risu
899 5327 1127 5406 dignas
1164 5327 1649 5408 TheOphylacto
1684 5331 1854 5391 visas
1884 5345 2053 5390 esse.
2088 5330 2425 5392 iudicium
2460 5331 2603 5410 ejus
2635 5331 2854 5409 accipe
2882 5351 2896 5392 :
2922 5355 2950 5387 α
2983 5334 3308 5409 Ego,vero
3341 5341 3401 5392 et
3430 5333 3549 5396 ho-

232 5444 408 5496 rum,
445 5423 596 5503 (qui
636 5424 945 5486 dicuntur
969 5431 1267 5502 errores,)
1312 5427 1476 5489 alios
1513 5437 1772 5506 οὺδεμίας
1805 5439 1850 5489 ὲτ

1937 5439 2170 5507 τροφῆς,
2207 5427 2456 5490 nullius
2515 5427 3020 5499 emendationis;
3054 5430 3221 5492 alios
3258 5447 3408 5491 vero
3445 5456 3554 5506 μισ

227 5533 416 5607 τριας,
442 5519 794 5582 mediocris
823 5521 1120 5602 indigere
1157 5531 1353 5602 puto;
1388 5542 1581 5603 quam
1608 5527 1661 5604 si
1697 5526 1846 5604 quis
1884 5525 2186 5602 perﬁciat,
2224 5525 2494 5603 aliquod
2557 5526 2852 5604 quidem,
2902 5527 3015 5588 sed
3055 5527 3381 5589 modicum
3422 5529 3545 5590 Ec-

229 5622 457 5686 clesiae
490 5619 890 5682 beneﬁcium
925 5620 1299 5698 impendat;
1334 5620 1390 5682 si
1425 5639 1576 5684 vero
1614 5622 1674 5683 id
1699 5621 2005 5684 obtinere
2041 5636 2168 5684 non
2205 5622 2435 5702 possit,
2498 5638 2630 5684 non
2670 5623 2755 5686 sit
2820 5623 2940 5686 hoc
3006 5625 3177 5686 inter
3236 5624 3554 5688 Ecclesia

227 5721 473 5785 damna
509 5717 1048 5797 computandum.
1092 5740 1121 5774 »

309 5819 416 5880 60.
482 5817 638 5877 Late
682 5814 937 5877 disserit
964 5813 1036 5875 de
1066 5813 1378 5879 oblatione
1427 5817 1492 5879 in
1520 5817 2007 5901 azymis,deque
2039 5818 2578 5910 Sabbatijeiunio.
2600 5818 3140 5899 Improbatistud,
3165 5819 3353 5887 acilli
3381 5837 3549 5901 pra-
