4098 6330
690 385 760 452 63
1019 435 1035 454 κ
1536 381 1758 444 BERN.
1803 380 2067 442 MARL‘E
2112 378 2207 440 DE
2248 376 2535 439 RUBEIS
2577 367 3083 437 DISSERTATIO
3856 354 3926 421 64

688 496 1026 561 ferendum
1056 503 1273 559 censet
1304 496 1494 559 ritum
1518 492 2003 554 consecrationis
2035 491 2098 553 in
2120 492 2507 571 fermentata.
2543 488 2618 548 At
2643 486 2899 547 demum
2925 504 2954 538 α
2984 478 3312 557 reliquum
3347 484 3464 550 est,
3494 476 3563 535 ut
3587 471 3931 571 admonea-

690 611 858 668 mus,
882 592 1118 671 inquit,
1151 592 1443 671 vulgares
1464 598 1714 653 nostros
1743 566 2398 666 homines,q'uotquot
2430 583 2639 646 zelum
2680 580 2943 680 quidem
2974 573 3377 680 haben_t,lsed
3406 586 3532 680 non
3568 566 3933 680 secundum

689 666 1061 763 scientiam;
1096 666 1311 765 quive,
1343 686 1512 765 quod
1547 684 1805 763 gravius
1838 690 1958 757 est,
1981 700 2059 745 ex
2087 698 2252 743 caeco
2283 680 2613 741 suiamore
2636 674 2867 738 Christi
2900 688 3131 778 corpus
3163 670 3532 778 dilacerant.
3562 687 3590 720 ι»
3619 666 3928 778 Aitetiam

688 784 953 857 [XXIX]
996 801 1009 842 :
1046 754 1071 839 Ic
1113 754 1245 842 Non
1277 754 1469 858 igitur
1500 754 1711 859 neque
1760 754 2014 858 propter
2054 792 2299 856 azyma,
2332 792 2541 854 neque
2583 767 3217 852 propterjejunium,
3244 762 3477 829 durius
3513 776 3631 822 nos
3670 754 3930 820 habebi-

689 894 828 936 mus
864 894 1008 955 erga
1049 872 1475 936 inflexibilem'
1498 876 1705 952 gentis
1737 873 2171 950 pertinaciam.
2196 894 2225 927 η
3408 956 3418 967 .
3522 952 3533 967 .
3848 948 3860 959 .

772 952 1136 1033 Ρθιενῖοδεθε
1198 971 1445 1055 ευῑεοὶη
1489 970 1720 1031 ritibus
1752 969 2011 1031 Latinos
2065 966 2393 1045 appellat:
2440 983 2653 1045 neque
2701 973 2912 1028 tamen
2961 965 3199 1061 Graecae
3247 956 3458 1061 gentis
3498 952 3911 1061 duritiem

690 1083 799 1128 eos
834 1066 1163 1143 approbat.
1195 1052 1496 1127 Haec—alia
1537 1065 1679 1144 ejus
1716 1064 1902 1125 verba
1938 1063 2146 1125 refero
2195 1086 2208 1124 :
2252 1085 2281 1118 «ι
2310 1065 2529 1140 Neque
2564 1061 2837 1123 multum
2874 1058 3093 1130 refert,
3127 1055 3206 1118 de
3244 1052 3492 1115 caneris
3525 1052 3925 1153 enumeratis

691 1156 998 1241 (ritibus),
1052 1176 1217 1238 quos
1287 1159 1407 1235 ipsi
1445 1159 1465 1239 (
1509 1142 1736 1238 Latini)
1769 1176 1838 1221 se
1888 1160 2225 1221 observare
2280 1158 2583 1228 fatentes,
2646 1156 2907 1236 (praeter
2949 1152 3417 1253 suﬂ'ocatorutn.
3451 1162 3619 1251 esum
3665 1142 3927 1253 {huius

690 1240 862 1317 enim
898 1273 975 1316 ne
1004 1270 1234 1316 nomen
1271 1256 1539 1332 quidem
1598 1254 2130 1333 prudentioribus
2164 1252 2412 1315 Latinis
2445 1251 2790 1315 ferendum
2825 1250 3191 1319 videtur...)
3236 1242 3456 1306 multis
3488 1240 3925 1346 irremissibi-

691 1350 839 1411 liter
873 1366 1129 1429 peccare
1163 1349 1487 1412 videntur.
1510 1332 1801 1424 Quorum
1833 1349 2244 1412 sermonibus
2278 1366 2406 1412 non
2438 1349 2778 1415 assentire.
2812 1344 3097 1408 hominis
3130 1347 3247 1415 est,
3281 1347 3351 1403 ut
3396 1343 3576 1443 puto,
3608 1334 3691 1443 in
3722 1332 3930 1443 eccle-

690 1446 942 1507 siastica
990 1444 1260 1506 historia
1308 1446 1671 1519 exercitati;
1723 1446 1835 1524 qui
1900 1445 2093 1522 probe
2132 1445 2334 1520 novit,
2403 1462 2533 1509 non
2597 1460 2833 1507 omnen
2896 1438 3439 1504 consuetudinem
3497 1434 3576 1496 ad
3607 1430 3929 1539 Eccle'sias

688 1541 1068 1603 scindendas
1103 1542 1311 1605 valere
1369 1543 1529 1605 :sed
1584 1544 1646 1603 id
1710 1550 1977 1617 tantum,
2020 1542 2193 1631 quod
2253 1542 2569 1621 dogmatis
2627 1539 3073 1603 diversitatem
3145 1532 3365 1596 infert.
3407 1529 3928 1636 Consuetudines

688 1644 900 1698 autem
935 1638 1245 1710 diversas,
1288 1646 1396 1700 aut
1451 1638 1639 1699 etiam
1689 1655 1833 1716 quae
1862 1621 2401 1716 apud’praeclaros
2453 1635 2851 1715 hosjudices
2916 1633 3189 1713 (Graecos
3250 1625 3645 1733 morosiores
3690 1621 3928 1733 carpit)

691 1738 893 1794 errata
932 1740 1099 1806 sunt,
1137 1741 1305 1795 ortas
1344 1751 1487 1796 esse
1539 1734 1696 1795 alias
1728 1750 1805 1794 ex
1854 1733 2089 1811 pietate
2124 1740 2184 1793 et
2239 1732 2584 1813 religione,
2628 1739 2698 1794 ut
2732 1746 2909 1793 sacra
2950 1728 3315 1807 pavimenta
3365 1720 3646 1825 osculari
3684 1719 3927 1800 (neque

691 1826 861 1888 enim
898 1828 1248 1890 Satanicam
1293 1827 1466 1889 illam
1524 1827 1909 1890 calumniam
1941 1826 2373 1903 admittimus,
2421 1825 2595 1906 quod
2651 1823 2858 1886 Latini
2893 1820 3253 1900 imaginum
3306 1820 3792 1919 venerationem
3830 1831 3931 1919 re-

690 1922 991 1999 spuant);
1050 1922 1208 1985 alias
1261 1941 1412 1986 vero
1456 1941 1535 1987 ex
1593 1924 1859 2001 provida
1920 1923 2197 2005 quadam
2263 1919 2746 2001 dispensatione
2812 1918 2894 1981 ob
2950 1915 3411 1984 infirmitatem,
3445 1908 3723 1972 fortasse
3773 1908 3931 1988 qui-

689 2016 834 2075 dem
893 2016 1143 2095 animm,
1202 2019 1317 2082 sed
1371 2026 1541 2082 certe
1600 2019 1932 2098 corporis;
2007 2027 2077 2082 ut
2132 2019 2306 2099 quod
2373 2015 2669 2079 monachi
2730 2016 2796 2076 in
2869 2009 3351 2074 inﬁrmitatibus
3419 2020 3645 2069 carnes
3708 2019 3929 2067 come-

689 2109 860 2172 danL
913 2132 943 2167 »

767 2221 868 2283 61.
916 2223 1312 2289 Calumniam
1360 2225 1563 2302 illam,
1617 2244 1808 2305 quam
1868 2228 2241 2289 Satam’cam
2276 2234 2474 2299 vocat,
2510 2222 2895 2301 excogitavit
2942 2220 3323 2298 invexitque
3398 2217 3791 2320 Cerularius.

689 2318 1142 2382 suﬂ'ocatorum
1165 2339 1345 2389 esum
1367 2323 1538 2402 quod
1568 2324 1814 2398 attinet,
1846 2324 2268 2398 Humbertus,
2294 2323 2485 2385 Silva)
2535 2320 2836 2383 Candidaz
2864 2319 2924 2379 S.
2946 2318 3020 2378 R.
3054 2317 3126 2377 E.
3162 2311 3532 2385 cardinalis,
3565 2309 3801 2373 Leonis
3826 2305 3922 2368 IX

694 2432 869 2491 papaa
919 2416 1543 2496 Constantinopolim
1601 2419 1895 2497 legatus,
1954 2420 2245 2497 ejusdem
2297 2416 2611 2481 Cerularii
2652 2423 2965 2491 tempore,
2999 2410 3351 2473 testabatur
3396 2410 3584 2489 juxta
3621 2409 3926 2467 Romanas

694 2510 996 2572 Ecclesia)
1076 2513 1510 2591 disciplinam,
1575 2537 1604 2570 α
1681 2532 1935 2595 gravem
2001 2514 2439 2593 paenitentiam
2520 2510 2765 2592 imponi
2830 2509 2912 2570 iis
2987 2507 3101 2587 qui
3155 2506 3401 2585 absque
3462 2510 3787 2608 extremo-
3819 2518 3931 2608 pe-

690 2605 897 2667 riculo
952 2609 1115 2681 vitae,
1169 2609 1482 2686 sanguine
1550 2612 1994 2684 vescebantur,
2059 2610 2155 2671 vel
2216 2627 2303 2688 qu

2311 2626 2612 2688 ocunque
2671 2604 3033 2677 morticine,
3101 2610 3208 2663 aut
3274 2598 3630 2680 przefocato.
3672 2619 3699 2653 ι)
3759 2597 3927 2658 Hinc

689 2699 1207 2779 TheOphylactus
1263 2703 1496 2775 aiebat,
1544 2703 2003 2767 suﬂ‘ocatorum
2066 2722 2146 2768 ne
2200 2704 2466 2784 quidem
2540 2718 2774 2766 nomen
2821 2697 3356 2778 prudentioribus
3408 2694 3661 2759 Latinis
3701 2693 3927 2755 feren-

688 2794 842 2857 dum
906 2797 1132 2858 videri.

766 2894 817 2952 Α
848 2892 1119 2969 pristino
1168 2895 1379 2973 rigore
1420 2914 1743 2959 recessum
1796 2906 1891 2960 est
1931 2920 1946 2959 :
1984 2899 2290 2977 quoniam
2333 2918 2363 2954 α
2407 2894 2515 2957 ubi
2555 2892 2837 2955 Ecclesia
2887 2891 3173 2972 gentium
3223 2891 3321 2971 (ut
3379 2889 3467 2953 ait
3499 2889 3913 2966 Augustinus

685 2981 849 3045 libro
890 3004 1077 3046 xxxii
1107 2988 1341 3049 Contra
1372 2991 1675 3051 Faustum
1711 2994 2149 3066 Manichteum,
2187 2994 2391 3070 capite
2428 2993 2523 3067 13)
2564 2990 2708 3052 talis
2740 2990 2961 3051 effecta
2997 2996 3115 3061 est,
3155 2995 3222 3049 ut
3248 2988 3315 3047 in
3359 3004 3432 3049 ea
3466 2985 3688 3048 nullus
3714 2984 3927 3045 Israe-

687 3077 795 3139 lita
827 3082 1099 3146 carnalis
1129 3086 1606 3163 appareahjam
1643 3088 1761 3149 hoc
1794 3088 2198 3151 Christianus
2240 3104 2367 3150 non
2402 3087 2695 3148 observat
2733 3084 2930 3164 (quod
2970 3084 3195 3163 utique
3252 3083 3328 3145 ad
3371 3090 3627 3160 tempus
3656 3079 3923 3159 jussum

682 3173 938 3255 fuerat),
976 3188 1045 3238 ut
1076 3180 1318 3253 turdos,
1363 3182 1456 3242 vel
1493 3182 1871 3245 minutiores
1925 3186 2206 3248 aviculas
2239 3201 2364 3246 non
2387 3184 2673 3261 attingat,
2707 3181 2837 3242 nisi
2894 3196 3165 3259 quarum
3190 3177 3459 3259 sanguis
3495 3177 3745 3239 effusus
3775 3184 3872 3237 est
3903 3190 3918 3236 :

683 3275 792 3331 aut
826 3268 1105 3346 leporem
1147 3287 1271 3332 non
1306 3272 1474 3347 edat,
1508 3275 1562 3335 si
1599 3282 1789 3337 manu
1818 3279 2124 3341 acervice
2163 3294 2531 3356 percussus,
2569 3277 2748 3341 nullo
2782 3283 3048 3338 cruento
3088 3275 3355 3337 vulnere
3406 3274 3660 3336 occisus
3690 3281 3789 3334 est
3835 3292 3849 3332 :
3886 3294 3919 3329 ι

686 3362 1039 3441 Scriptores
1077 3366 1423 3443 polemicos
1454 3368 1570 3430 hac
1600 3370 1678 3431 de
1704 3389 1769 3433 re
1792 3370 2196 3436 luculentius
2230 3382 2571 3437 tractantes
2598 3374 2890 3437 consule.
3243 3439 3250 3445 _

761 3460 863 3521 62.
905 3461 1188 3522 Gentiles
1249 3479 1400 3523 suos
1460 3466 1668 3544 pergit
1725 3466 1968 3529 ibidem
2023 3469 2552 3550 TheOphylactus
2616 3471 2827 3532 latiori
2891 3485 3191 3532 sermone
3244 3467 3599 3542 adhortari,
3640 3473 3709 3529 ut
3767 3467 3923 3531 odia

685 3556 1007 3633 deponant
1050 3574 1120 3619 ac
1168 3558 1427 3621 nimiam
1480 3563 1810 3639 duritiem,
1846 3566 2158 3627 unitatem
2221 3568 2496 3644 diligant
2530 3567 2857 3628 catholicaa
2890 3566 3215 3634 Ecclesiae,
3264 3580 3535 3643 eamque
3566 3580 3693 3625 non
3754 3563 3922 3625 dila-

676 3646 902 3711 cerent
947 3653 1028 3713 ob
1061 3652 1352 3716 innoxias
1381 3656 1816 3735 discrepantes
1850 3662 2386 3736 consuetudines,
2425 3665 2522 3725 vel
2558 3665 2745 3729 etiam
2790 3664 2872 3724 ob
2912 3679 3185 3736 errores,
3220 3663 3274 3722 si
3306 3662 3421 3739 qui
3453 3672 3702 3733 essent,
3751 3677 3920 3740 quos

687 3747 1033 3808 condonari
1080 3756 1278 3811 satius
1335 3762 1452 3813 est.
1489 3756 1673 3816 Mens
1704 3755 1926 3817 eadem
1981 3757 2138 3818 olim
2170 3756 2378 3821 fuerat
2436 3760 2601 3820 Petri
2657 3758 3043 3820 Antiocheni
3084 3756 3477 3835 patriarchae,
3517 3757 3587 3818 in
3639 3756 3920 3834 epistola

688 3842 765 3902 ad
821 3842 1194 3904 Michaelem
1259 3846 1865 3929 Cerularium,quaa
1920 3853 2135 3915 Graece
2167 3869 2238 3914 ac
2294 3856 2519 3917 Latine
2571 3862 2773 3917 exstat
2828 3855 2998 3933 apud
3035 3853 3431 3916 Cotelerium
3493 3852 3559 3914 in
3608 3852 3916 3918 Ecclesia:

685 3934 917 3999 Graeca:
947 3938 1393 4016 Monumentis,
1429 3950 1578 4006 tom.
1622 3947 1701 4007 Il.
1737 3948 2069 4009 lncusatos
2109 3951 2472 4013 Latinorum
2509 3951 2669 4013 ritus
2696 3949 3024 4030 expendit,
3062 3958 3123 4011 et
3164 3949 3252 4010 ait
3283 3966 3461 4012 num.
3502 3948 3582 4011 VI
3622 3970 3637 4010 :
3680 3974 3705 4003 α
3740 3950 3917 4024 Quid

684 4031 856 4093 enim
888 4034 964 4094 ad
998 4051 1136 4108 nos,
1170 4036 1225 4096 si
1273 4039 1601 4115 pontifices
1639 4042 1891 4105 barbam
1928 4044 2177 4119 radant,
2234 4053 2295 4107 et
2342 4048 2408 4109 in
2465 4047 2723 4125 signum
2786 4045 3309 4123 desponsationis
3341 4061 3487 4107 cum
3543 4051 3762 4106 sancta
3799 4046 3915 4107 Dei

686 4128 969 4189 Ecclesia
1004 4142 1223 4207 gerant
1265 4137 1631 4197 annulum?
1663 4141 1788 4200 Nos
1829 4156 2090 4220 quoque
2142 4158 2335 4221 supra
2387 4154 2575 4221 caput
2635 4144 2939 4206 Geraram
3000 4140 3348 4221 (coronam)
3404 4140 3755 4204 facimus...
3792 4144 3920 4206 Sed

683 4230 744 4284 et
802 4224 924 4300 ipsi
989 4241 1219 4288 aurum
1276 4239 1621 4308 gestamus,
1686 4234 1799 4313 qui
1854 4235 2065 4299 amicti
2122 4238 2326 4301 simus
2381 4239 2794 4311 chirothecis,
2865 4236 3215 4317 manipulis
3255 4243 3320 4299 et
3376 4236 3563 4300 stolis
3600 4254 3763 4301 auro
3822 4239 3922 4302 in-

684 4319 998 4382 tertextis.
1063 4344 1093 4376 »
1828 4358 1829 4361 η

762 4434 907 4511 Agit
945 4452 1119 4497 num.
1154 4438 1261 4500 VII
1292 4440 1369 4502 de
1403 4443 1689 4507 carnium
1728 4464 1843 4511 esu
1884 4449 2055 4529 apud
2082 4449 2474 4512 monachos:
2514 4469 2541 4502 α
2576 4445 2763 4521 Quod
2793 4450 3032 4517 autem,
3064 4443 3319 4523 inquit,
3352 4444 3601 4524 polluta
3638 4448 3916 4512 mandu-

683 4538 825 4591 cent
858 4530 1368 4613 ipsi,eorumque
1399 4541 1689 4602 monachi
1720 4544 1911 4605 edant
1941 4562 2219 4617 carnem,
2252 4546 2503 4622 adipem
2532 4543 2866 4621 porcinum
2900 4558 2917 4617 ;
2947 4541 3058 4603 illa
3082 4557 3345 4621 quoque
3377 4542 3694 4618 invenias,
3723 4546 3917 4610 modo

682 4622 1113 4701 indagaveris,
1140 4632 1305 4705 apud
1338 4633 1648 4710 quosdam
1685 4654 1718 4697 e
1745 4641 1977 4700 nostris
2013 4641 2174 4702 fieri.
2224 4663 2251 4695 »
2656 4670 2657 4673 η

764 4720 887 4817 Pro
929 4720 1305 4791 fermentato
1354 4744 1513 4805 pane
1558 4731 1865 4794 acerrime
1908 4743 2301 4814 pugnaverat
2332 4752 2401 4796 1n
2441 4738 2717 4813 epistola
2766 4734 2843 4795 ad
2912 4732 3322 4796 Dominicum
3359 4735 3757 4799 Gradensem
3801 4755 3917 4817 pa-

680 4814 1038 4891 triarcham,
1075 4836 1217 4897 qum
1256 4820 1395 4883 loco
1427 4824 1615 4887 citato
1666 4830 1831 4904 apud
1875 4829 2267 4894 Cotelerium
2306 4840 2569 4911 prostat.
2628 4830 2699 4892 In
2762 4830 2876 4892 hac
2904 4845 3052 4891 vero
3109 4830 3186 4891 ad
3222 4831 3630 4895 Cerularium
3687 4834 3782 4897 sic
3802 4814 3919 4898 'ait

684 4927 859 4972 num.
892 4914 1008 4972 XV
1048 4937 1062 4976 :
1122 4937 1151 4971 ε(
1198 4916 1482 4989 ρυωεῐὶο
1515 4921 1593 4982 de
1642 4924 1964 5003 azymis...
2005 4945 2229 4991 eversa
2264 4938 2385 5005 est,
2422 4929 2549 4991 uisi
2584 4929 2895 4990 canonico
2945 4926 3097 4988 huic
3146 4927 3337 4990 effato
3373 4927 3633 5010 (Latini)
3669 4930 3914 5009 innixi,

689 5009 898 5069 Visum
937 5021 1023 5071 est
1077 5014 1356 5075 omnibus
1400 5019 1694 5080 utendum
1748 5040 1874 5083 esse
1924 5026 2201 5106 antiquis
2252 5025 2849 5098 consuetudinibus,
2888 5024 3221 5103 antiquam
3282 5026 3456 5103 apud
3510 5042 3580 5086 se
3619 5038 3918 5091 asserant

678 5121 1050 5183 azymorum
1086 5109 1516 5173 traditionem.
1553 5136 1582 5171 »
1621 5116 1821 5188 Quam
1860 5122 2081 5201 utique
2129 5133 2443 5186 vetustam
2497 5141 2640 5185 esse
2692 5122 2899 5184 Latini
2948 5120 3240 5201 probant,
3298 5138 3368 5182 ac
3401 5122 3609 5199 ipsius
3646 5122 3914 5188 Domini

680 5202 875 5261 nostri
908 5204 1062 5264 Jesu
1098 5204 1329 5266 Christi
1356 5209 1651 5289 exemplo
1676 5213 2005 5287 ﬁrmatam.
2041 5220 2107 5280 Id
2143 5221 2543 5282 inficiabatur
2578 5218 3017 5279 Antiochenus
3055 5238 3071 5290 ;
3120 5234 3341 5279 verum
3377 5217 3441 5277 id
3479 5217 3711 5280 lubens
3756 5219 3918 5284 fate-

680 5302 782 5357 tur
822 5296 1355 5378 TheOphylactus,
1398 5312 1467 5365 ut
1527 5307 1692 5369 infra
1744 5310 2115 5377 dicendum.
2176 5320 2281 5379 Ait
2338 5318 2448 5379 ille
2502 5316 2765 5378 demum
2824 5332 3000 5375 num.
3058 5314 3222 5375 XVII
3263 5337 3276 5375 :
3315 5338 3343 5371 α
3384 5316 3575 5388 Vide,
3634 5316 3913 5381 honora-

680 5390 922 5492 tissime
961 5393 1239 5469 domine,
1274 5402 1598 5475 quomodo
1641 5420 1891 5479 eorum,
1929 5426 2073 5487 quas
2104 5428 2139 5473 a
2195 5415 2435 5475 nostris
2500 5420 2863 5492 peccantur,
2908 5428 3037 5473 non
3070 5413 3516 5485 attendentes,
3573 5422 3683 5475 aut
3713 5416 3911 5479 etiam

675 5486 1129 5592 cont-liventes;
1168 5494 1387 5573 majori
1421 5514 1569 5562 cura
1600 5515 1929 5564 sermones
1975 5523 2169 5568 vanos
2199 5511 2576 5581 serimus,ct
2606 5510 2810 5570 aliena
2846 5508 3097 5570 curiose
3131 5518 3606 5586 perscrutamur
3643 5532 3657 5569 :
3699 5534 3727 5567 ιο
3760 5530 3915 5592 quea

676 5580 771 5688 vel
808 5584 1085 5688 innoxiae
1111 5596 1257 5647 sunt
1293 5599 1553 5653 vetusta:
1578 5600 2087 5662 consuetudines
2125 5608 2272 5687 :1ch
2310 5610 2358 5669 si
2396 5610 2550 5688 quid
2591 5608 2727 5669 vitii
2757 5606 3213 5679 contraxerint,
3250 5623 3376 5667 non
3416 5605 3574 5666 illud
3615 5580 3907 5688 unquam

672 5677 1373 5838 admisitGllomnlualaut
1410 5688 1841 5838 (Iccidcntalis
1896 5677 2197 5764 Ecclesia.
2240 5677 2829 5769 Prudentissimum
2867 5702 3031 5766 Petri
3086 5677 3437 5765 consilium
3495 5677 3749 5768 utinam
3783 5726 3913 5785 prae

672 5789 795 5838 ocu
829 5792 881 5837 ls
971 5794 1107 5838 raacl
1171 5799 1222 5838 1n
1254 5791 1415 5838 leant

671 5773 881 5839 oculis
912 5776 1107 5840 Graeci
1149 5780 1456 5843 habeant!
