4098 6330
264 392 340 457 65
1124 388 1224 451 DE
1263 384 1844 449 THEOPHYLACTI
1883 385 2157 448 GESTIS
2196 388 2292 450 ET
2334 388 2702 455 SCRIPTIS.
3494 395 3565 459 66

345 500 586 565 Eadem
616 499 742 562 fuit
780 498 1095 562 Demetrii
1152 498 1556 571 Chomalcni,
1595 494 2021 559 Achridensis
2086 496 2151 558 in
2192 498 2495 577 Bulgaria
2530 497 3038 579 archiepisc0pi,
3106 498 3434 564 sententia
3488 500 3557 564 in

265 598 547 680 epistola
577 599 653 661 ad
699 597 1195 663 Constantinum
1246 594 1605 657 Cabasilam
1656 592 2225 672 archiepiscopum
2270 596 2654 674 metropolis
2710 596 3075 673 Dyrrachii,
3113 598 3345 674 [XXX]
3382 596 3555 675 apud

262 694 733 758 Leunclavium
771 695 833 758 in
872 697 1032 757 Iure
1083 692 1301 755 erco
1341 693 1641 765 Romano,
1684 690 1943 752 librorv.
1976 690 2329 751 Ecclesiam
2364 708 2548 752 suam
2580 692 3079 754 administrabat
3114 692 3561 756 Chomatenus

260 792 455 855 tertio
506 794 761 855 decimo
810 790 1073 854 sasculo.
1117 791 1177 851 Is
1222 798 1317 851 est
1348 790 1463 868 qui
1510 786 1855 849 Theodoro
1908 787 1967 847 II
2000 786 2275 865 Angelo,
2326 787 2739 865 imperatoria
2786 788 3075 868 insignia
3129 797 3273 868 post
3305 799 3557 869 captam

256 907 293 952 a
336 892 581 954 Latinis
617 890 1144 953 Thessalonicam
1176 887 1538 966 arripienti,
1573 900 1743 947 anno
1773 884 1952 959 1222,
1985 884 2283 947 diadema
2322 886 2667 964 imposuit,
2708 903 2823 964 pro
2854 905 2989 950 sum
3020 887 3329 951 Ecclesiaa
3365 895 3559 952 auto-

257 990 555 1069 cephalia
596 988 720 1051 sibi
761 990 870 1068 jus
924 988 1249 1049 asciscens
1299 983 1654 1065 queslibet,
1714 980 2121 1060 ubicunque,
2166 982 2261 1044 vcl
2309 985 2838 1063 (uiuendocunque
2903 1002 3089 1064 reges
3146 986 3241 1047 vel
3279 984 3560 1065 impera-

261 1094 441 1150 tores
475 1086 789 1164 ungendi.
842 1084 1245 1164 Lequienum
1300 1081 1568 1144 consule
1635 1078 1698 1139 in
1748 1076 2276 1155 Archiepiscopis
2342 1078 2881 1143 Acbridensibus.
2920 1082 3556 1161 Interrogationibus

258 1184 568 1247 Cabasilae
597 1184 758 1246 circa
796 1184 1169 1244 Latinorum
1203 1185 1405 1241 errata
1444 1174 1795 1252 respondet
1829 1173 1938 1234 ille
1968 1174 2155 1251 juxta
2217 1184 2501 1238 mentem
2563 1176 3065 1258 Theophylacti.
3100 1178 3313 1241 Verba
3347 1188 3500 1242 sunt
3532 1204 3549 1243 :

257 1304 288 1337 α
330 1284 421 1342 Ex
456 1279 771 1342 sententia
805 1280 992 1361 hujus
1046 1276 1506 1357 sapientissimi
1569 1273 1800 1352 scripti
1830 1268 2029 1350 (quod
2084 1278 2185 1333 est
2238 1272 2709 1351 TheOphylacti
2756 1272 3032 1351 epistola
3084 1273 3161 1336 ad
3206 1274 3546 1336 Nicolaum

254 1376 605 1438 diaconum
653 1384 715 1436 et
747 1374 1187 1448 canstrisium,
1220 1373 1405 1451 cujus
1444 1370 1661 1450 aliqua
1713 1366 2078 1430 afferuntur
2110 1368 2489 1456 fragmenta)
2526 1370 2748 1431 videre
2795 1379 2891 1431 est
2928 1392 2943 1431 :
2981 1371 3047 1432 in
3105 1370 3285 1433 omni
3327 1379 3548 1451 gente,

253 1491 407 1553 quae
462 1472 694 1536 Christi
759 1472 1281 1547 prmdicationem
1339 1469 1721 1546 susceperit,
1751 1476 1827 1541 ὡς
1880 1475 2164 1545 ἐλάχιστα,
2211 1483 2403 1547 quam
2445 1466 2712 1528 minime
2766 1484 3017 1530 morum
3076 1465 3375 1546 ipsorum
3429 1474 3551 1529 de-

251 1572 468 1634 fectus
504 1571 573 1653 (si
611 1571 724 1651 qui
756 1568 999 1651 essent)
1033 1569 1473 1633 observandas
1515 1584 1738 1630 esse...
1773 1563 2311 1645 quandoquidem
2343 1581 2545 1623 mores
2581 1582 2710 1623 non
2749 1582 2880 1625 eam
2916 1565 3041 1625 vim
3078 1564 3309 1625 habent
3349 1564 3424 1626 ab
3458 1566 3543 1626 iis

253 1666 601 1731 dicellmdi
632 1685 816 1747 quam
837 1667 1133 1745 dogmata
1181 1662 1506 1745 perversa.
1550 1663 1733 1725 Unde
1785 1678 2000 1742 neque
2048 1667 2419 1723 consecrata
2482 1677 2515 1722 a
2578 1661 2824 1722 Latinis
2864 1676 3114 1740 azyma,
3152 1677 3367 1739 neque
3406 1660 3541 1723 hmo

252 1762 689 1843 suscipientia
735 1768 797 1824 et
826 1760 1143 1824 sacriﬁcio
1194 1758 1543 1821 servientia
1604 1774 1829 1821 eorum
1884 1775 2056 1832 vasa,
2120 1762 2183 1819 et
2246 1763 2738 1835 consequenter
2784 1774 2999 1837 neque
3056 1773 3270 1819 sacras
3312 1772 3542 1819 eorum

252 1858 483 1936 stolas,
515 1876 729 1940 neque
752 1856 1134 1939 hujusmodi
1168 1856 1533 1937 quidpiam,
1566 1858 1977 1919 immundum
2014 1854 2473 1935 pollutamque
2508 1852 3057 1916 existimabimus.
3107 1876 3138 1912 ιο

1782 2039 1973 2106 XVII.

246 2199 514 2263 Sacram
546 2196 1023 2260 Eucharistiam
1055 2196 1123 2258 in
1152 2212 1371 2273 azyma
1402 2211 1571 2275 pane
1603 2193 2050 2275 institutam}
2085 2190 2340 2254 Christo
2368 2193 2673 2275 Domino,
2721 2204 2898 2275 docet
2932 2195 3438 2275 Theophquctus
3470 2198 3540 2259 in

337 2275 611 2359 epistola
639 2277 721 2338 ad
754 2275 1086 2359 Nicolaum
1117 2270 1480 2359 diaconum.
1513 2270 1794 2359 _Itemque
1830 2273 1927 2359 in.
1954 2270 2440 2359 Commentariis
2485 2272 2569 2334 ad
2595 2273 2965 2359 Matthaum
2998 2270 3369 2359 etALucam._
3392 2277 3540 2339 Non

333 2348 715 2419 adversatur
758 2357 827 2417 in
857 2353 1319 2415 Commentario
1365 2353 1449 2414 ad
1493 2348 1827 2431 Joannem,
1856 2348 1985 2431 ubi
2030 2348 2357 2412 Christum
2411 2371 2593 2413 suum
2617 2354 2993 2431 praecenisse
3055 2354 3300 2418 Pascha
3327 2353 3534 2421 docet.

332 2436 542 2497 Locus
578 2434 885 2515 Matthwi;
904 2443 1253 2515 corruptus
1290 2432 1359 2493 in
1392 2429 1715 2515 aliquibus
1756 2427 2079 2489 codicibus
2124 2448 2145 2487 :
2193 2427 2637 2511 corruptionis
2678 2434 2885 2511 origo.
2928 2432 3293 2515 Corruptus
3349 2436 3537 2499 etiam

330 2517 607 2595 fortasse
640 2514 816 2575 locus
850 2513 1059 2577 Marci
1091 2507 1120 2572 ἱ
1142 2511 1252 2591 qui
1284 2507 1909 2572 tamen—vindicatur.

338 2664 441 2728 63.
492 2666 564 2727 In
599 2680 672 2727 ea
711 2662 1096 2745 quaestione,
1130 2678 1279 2742 quae
1306 2662 1561 2723 Graecos
1609 2658 1777 2724 inter
1808 2674 1880 2722 ac
1918 2658 2183 2722 Latinos
2231 2657 2466 2739 agitur,
2491 2674 2642 2717 num
2690 2674 2921 2718 canam
2959 2656 3218 2736 legalem
3251 2658 3532 2737 legitimo

250 2770 534 2840 tempore
587 2760 881 2824 Christus
937 2758 1247 2819 Dominus
1298 2757 1643 2838 peregerit,
1702 2776 1775 2818 uc
1823 2756 2195 2835 mysterium
2255 2754 2750 2816 eucharisticum
2785 2753 3137 2832 confecerit
3186 2755 3257 2816 in
3314 2773 3535 2833 azyma

244 2876 443 2940 parte,
482 2857 719 2919 Graecis
769 2855 907 2919 suis
970 2855 1349 2917 adversatur
1418 2853 1967 2934 Theophylactus,
2017 2848 2321 2929 favetque
2377 2848 2648 2910 Latinis.
2703 2849 2863 2910 Jesu
2916 2848 3179 2923 Christi,
3228 2866 3532 2928 azymum

246 2954 321 3017 in
353 2969 588 3033 corpus
635 2968 831 3015 suum
878 2949 1388 3025 transmutantis,
1453 2949 1846 3029 exemplum,
1897 2964 2030 3028 quo
2077 2965 2275 3011 suum
2328 2945 2538 3009 Latini
2586 2944 2783 3007 ritum
2844 2944 3206 3022 vindicant,
3267 2947 3351 3009 iis
3402 2948 3533 3010 eri-

249 3065 409 3129 pere
464 3047 665 3113 Graeci
743 3047 1141 3110 conabantur
1213 3045 1410 3121 olim,
1477 3045 1806 3125 hodieque
1879 3052 2244 3119 conantur,
2303 3043 2506 3106 variis
2580 3056 2698 3119 pro
2766 3042 2965 3119 genio
3039 3043 3532 3121 Opinationibus

245 3146 557 3210 invectis.
2236 3200 2237 3203 η

336 3242 643 3306 Meletius
680 3239 946 3320 quidam
981 3238 1047 3302 in
1094 3252 1396 3302 sermone
1434 3238 1523 3299 De
1552 3256 1821 3319 azymis,
1857 3238 1969 3318 qui
2004 3236 2128 3300 sub
2160 3235 2734 3327 nomineloannis
2784 3236 3167 3301 Damasceni
3200 3237 3373 3319 apud
3408 3241 3529 3302 Le-

244 3340 568 3423 quienum
587 3344 847 3418 prostat,
880 3344 1057 3399 tomo
1078 3338 1129 3410 l,
1156 3337 1512 3409 contendit,
1547 3358 1577 3394 α
1608 3340 1861 3416 Agnum
1888 3332 2626 3416 paschalemcomedere
2649 3333 2895 3414 absque
2921 3334 3199 3412 panibus
3222 3334 3528 3401 {armenti

246 3436 631 3511 expertibus
662 3436 920 3498 Iudaeos
969 3434 1417 3509 consuevisse,
1455 3456 1484 3490 ι)
1519 3448 1915 3515 azymosque
1977 3432 2379 3513 ejuscemodi
2424 3447 2622 3509 panes
2682 3446 2816 3493 non
2874 3432 3205 3494 adhibitos
3258 3449 3405 3495 esse
3437 3435 3519 3495 ad

250 3550 546 3597 mensam
581 3556 610 3591 α
647 3540 794 3596 ante
826 3531 1142 3595 decimam
1174 3531 1467 3609 quintam
1506 3532 1703 3604 diem,
1742 3554 1771 3587 ι
1814 3549 1870 3590 v.
1903 3548 1966 3609 g.
1998 3547 2032 3591 a
2062 3527 2270 3591 media
2307 3536 2492 3589 nocte
2524 3535 2983 3607 computatam,
3017 3528 3265 3591 mensis
3300 3530 3533 3609 primi.

244 3632 324 3694 In
358 3631 529 3694 hunc
560 3630 829 3710 impegit
860 3646 1168 3700 errorem,
1206 3629 1505 3691 Mosaicae
1551 3628 1714 3707 legis
1764 3626 2137 3705 praescripto
2169 3623 2313 3685 sine
2363 3624 2567 3685 dubio
2608 3625 2983 3701 adversum,
3028 3626 3257 3688 Petrus
3294 3627 3525 3689 Antio¢

247 3728 502 3790 chenus
539 3726 894 3807 patriarcha
929 3728 994 3788 in
1021 3725 1293 3805 epistola
1324 3726 1399 3787 ad
1436 3724 1851 3787 Dominicum
1902 3721 2301 3785 Gradensem
2350 3719 2521 3798 apud
2556 3719 2952 3783 Cotelerium
2996 3723 3060 3783 in
3098 3724 3528 3786 Monumentis

244 3823 558 3887 Ecclesia:
585 3824 840 3895 Graece,
879 3832 1049 3885 tomo
1080 3824 1159 3885 ll.
1196 3821 1338 3884 Alia
1368 3821 1524 3884 inita
1563 3821 1688 3897 via,
1716 3820 1855 3884 bini
1876 3826 2175 3882 auctores
2206 3816 2540 3896 anonymi,
2573 3834 2741 3896 quos
2771 3816 2839 3879 in
2870 3818 3271 3881 Bibliotheca
3306 3837 3531 3882 recen-

246 3929 351 3986 set
380 3921 651 3984 Photius
690 3921 832 3983 cod.
867 3920 1033 3983 CXV
1065 3926 1129 3982 et
1157 3918 1374 3993 CXVI,
1411 3917 1739 3996 putabant,
1776 3940 1804 3973 α
1838 3915 2169 3980 Christum
2202 3913 2555 3976 Dominum
2597 3913 2667 3975 in
2697 3921 2987 3976 extrema
3034 3914 3146 3976 illa
3180 3933 3359 3978 ccena
3392 3933 3525 3979 non

247 4016 618 4080 comedisse
666 4015 908 4077 Pascha
965 4014 1355 4092 legitimum.
1410 4036 1439 4071 ιν
1474 4012 1639 4075 Hinc
1670 4014 1807 4074 sive
1840 4011 1980 4088 ille,
2010 4011 2153 4073 sive
2209 4010 2317 4072 isti
2373 4009 2495 4071 sibi
2533 4010 2839 4072 videntur
2886 4011 3279 4074 concludere
3330 4028 3527 4091 posse

247 4128 486 4194 panem
516 4110 728 4186 illum,
762 4126 957 4190 quem
996 4110 1064 4172 in
1089 4126 1263 4173 coena
1302 4109 1572 4189 mystica
1607 4108 1903 4171 Christus
1950 4109 2273 4183 adhibuit,
2308 4124 2611 4188 azymum
2645 4124 2773 4170 non
2804 4106 3040 4171 fuisse.
3076 4110 3375 4171 Fuerunt
3408 4110 3524 4173 alii
3628 4128 3633 4137 λ

242 4212 540 4283 demum,
574 4224 739 4289 quos
774 4206 1163 4287 Euthymius
1196 4206 1559 4286 Zigabenus
1596 4215 1858 4268 secutus
1890 4214 1989 4271 est
2021 4230 2036 4270 :
2072 4208 2426 4282 Christum,
2462 4206 2861 4286 inquientes,
2916 4228 2945 4262 «
2982 4222 3113 4268 uno
3147 4207 3253 4267 die
3286 4207 3527 4271 Pascha
3596 4232 3599 4235 ·

245 4304 598 4368 Iudaicum
637 4304 1088 4376 antevertisse,
1134 4322 1164 4358 ιο
1226 4302 1467 4381 dieque
1533 4302 1725 4363 tertia
1773 4301 2036 4381 decima,
2082 4323 2212 4365 non
2275 4315 2505 4385 quarta
2559 4302 2823 4376 decima,
2858 4302 3226 4382 paschalem
3278 4320 3521 4381 agnum

245 4417 526 4479 vespere
560 4399 987 4462 manducasse
1042 4414 1189 4461 cum
1246 4397 1515 4460 lactucis
1548 4400 1937 4479 agrestibus,
1973 4409 2035 4464 et
2094 4402 2369 4482 azymis,
2404 4417 2475 4463 ac
2520 4400 2773 4473 stando,
2819 4406 2882 4461 et
2936 4398 3202 4461 baculos
3236 4401 3524 4464 tenendo

243 4513 385 4575 prm
424 4495 760 4570 manibus;
805 4512 932 4576 qua
966 4512 1142 4558 omna
1191 4502 1466 4573 peracta,
1523 4512 1937 4560 communem
1986 4515 2246 4577 panem,
2303 4517 2422 4560 seu
2468 4499 2918 4579 fermentatum
2969 4497 3195 4560 denuo
3243 4496 3515 4562 allatum

244 4609 445 4667 esse;
484 4614 513 4649 α
548 4593 615 4654 in
650 4609 862 4673 eoque
895 4592 1395 4654 eucharisticum
1432 4592 1817 4671 mysterium
1860 4594 2258 4657 instituisse.
2309 4617 2338 4651 ι)

331 4691 481 4752 Haec
508 4690 716 4769 rejicit
751 4692 966 4752 omnia
1006 4689 1529 4770 TheOphylactus
1562 4688 1627 4750 in
1667 4688 1921 4752 laudata
1946 4693 2022 4753 ad
2068 4690 2405 4754 Nicolaum
2437 4691 2785 4753 diaconum
2832 4694 2893 4752 et
2924 4688 3341 4753 canstrisium
3381 4691 3525 4772 epi-

244 4788 437 4851 stola.
472 4786 1016 4850 Luculentissima
1077 4788 1220 4867 ejus
1280 4789 1471 4849 verba
1502 4795 1694 4849 sunt:
1732 4811 1762 4845 «
1812 4787 1997 4862 Quod
2042 4787 2273 4850 attinet
2327 4788 2407 4850 ad
2469 4788 2773 4860 Latinos;
2807 4801 2936 4847 non
2990 4800 3108 4847 nos
3154 4786 3287 4850 illis
3327 4805 3520 4867 prave

241 4883 826 4963 interpretabimur
876 4876 1158 4963 primum
1201 4884 1373 4945 diem
1416 4884 1811 4963 Azymorum
1848 4905 1863 4945 :
1912 4884 2204 4947 dicentes
2257 4902 2398 4946 eam
2431 4902 2578 4947 esse
2628 4884 2946 4946 decimam
2984 4884 3254 4959 mensis,
3289 4886 3357 4947 in
3392 4902 3523 4966 qua

242 4981 627 5044 sumebatur
649 4980 1209 5061 agnus.Novimus
1236 4982 1409 5043 enim
1448 4997 1481 5044 a
1520 4981 1661 5061 lege
1687 4980 1958 5059 primam
1986 4981 2385 5059 Azymorum
2419 4981 2619 5054 diem,
2646 4990 2748 5064 τὴν
2786 4986 2849 5043 ιε’
2884 4989 3099 5061 ἡμέραν
3122 5034 3138 5060 ,
3175 4981 3350 5044 diem
3389 4983 3520 5046 diri

243 5076 536 5156 quintam
585 5075 925 5154 decimam;
975 5076 1041 5139 in
1076 5094 1197 5155 qua
1235 5075 1486 5139 scilicet
1529 5076 1856 5139 illucescit
1894 5088 2023 5135 nox
2054 5073 2474 5136 comestionis
2515 5076 2857 5154 paschalis,
2892 5087 2989 5155 νὺξ
3031 5087 3345 5158 ὲπιφώσκει
3405 5086 3510 5158 τῆς

242 5177 349 5233 τοῦ
384 5180 572 5251 πάσχα
601 5179 880 5251 βρώσεως.
918 5196 947 5230 ι
977 5173 1293 5235 Nimirum
1344 5189 1639 5253 vespera,
1670 5180 1779 5236 aut
1812 5190 1860 5234 nl

1902 5190 1943 5234 x
1988 5178 2108 5245 est,
2144 5190 2290 5252 qum
2321 5174 2493 5237 diem
2528 5186 2821 5256 quartam
2850 5174 3179 5244 decimam
3210 5179 3515 5257 complet,

242 5276 313 5330 et
344 5268 601 5329 inchoat
621 5268 932 5331 decimam
963 5268 1481 5350 quiatam,juxta
1508 5286 1757 5334 morem
1788 5267 1930 5331 dies
1962 5272 2381 5349 computandi
2416 5290 2451 5334 a
2479 5290 2745 5353 vespera
2774 5278 2850 5340 ad
2885 5292 3242 5358 vesperam.
3276 5298 3307 5333 ct
3334 5275 3518 5339 Unde

240 5371 312 5425 et
342 5364 605 5444 quidam
654 5381 735 5427 ex
766 5365 968 5427 sacris
1028 5366 1268 5429 nostris
1330 5365 1713 5429 doctoribus
1749 5364 1882 5446 (qui
1930 5365 2009 5428 ab
2062 5366 2206 5446 ipso
2250 5369 2441 5431 etiam
2480 5360 2938 5452 Chrysostomo
2969 5374 3037 5436 in
3093 5389 3214 5436 suo
3243 5372 3321 5434 ad
3353 5374 3519 5435 Mat-

241 5462 485 5524 thaaum
539 5462 1021 5547 Commentario
1054 5461 1413 5540 laudatur),
1448 5478 1785 5543 exponens
1811 5479 1974 5536 eam,
2016 5481 2161 5543 quae
2191 5466 2271 5529 ab
2321 5469 2721 5548 evangelista
2753 5470 2993 5533 dicitur
3018 5471 3233 5551 prima
3262 5489 3517 5549 azymo-

235 5577 412 5632 rum,
444 5558 558 5635 ait,
592 5559 860 5639 primam
892 5576 1265 5641 azymorum
1289 5578 1325 5623 a
1354 5560 1652 5623 Matthan
1681 5559 1994 5642 appellari
2055 5561 2252 5636 diem,
2288 5580 2436 5643 qum
2478 5567 2716 5645 Azyma
2764 5568 3086 5645 praecedit,
3116 5569 3383 5647 [XXXI]
3409 5579 3518 5647 πρὸ

237 5663 636 5735 τῶνἈζύμων
661 5704 678 5729 ,
738 5656 951 5718 sciens
998 5656 1261 5736 quidem
1290 5656 1399 5718 cui
1429 5655 1563 5718 diei
1596 5672 1834 5720 nomen
1887 5660 2063 5723 istud
2118 5659 2221 5722 lex
2254 5660 2645 5741 imponeret,
2682 5672 2743 5727 at
2780 5666 3122 5729 insinuans
3153 5685 3324 5732 novo
3353 5686 3516 5749 quo-

238 5757 390 5818 dem
433 5768 638 5815 sensu
680 5751 800 5816 hoc
834 5752 914 5815 ab
942 5753 1343 5832 evangelista
1378 5753 1620 5816 dictum
1654 5771 1822 5818 esse.

321 5871 353 5910 α
406 5851 638 5931 Neque
694 5866 846 5923 vero
879 5866 998 5914 nos
1050 5848 1511 5915 aﬂirmabimus
1547 5868 1561 5912 :
1598 5851 1926 5920 Christum
1974 5861 2081 5918 aut
2117 5856 2323 5936 legale
2357 5856 2592 5936 pascha
2633 5874 2761 5923 non
2818 5858 3193 5941 perfecisse,
3249 5876 3315 5926 ut
3358 5864 3512 5928 inde
