4098 6330
614 349 686 423 ετ
1465 337 1690 413 ﬁERN.
1729 342 1835 409 MA
1845 339 2008 409 ΜΕ
2038 336 2149 408 DE
2170 334 2468 407 RUBEIS
2504 339 3009 408 DISSERTATIO
3796 335 3887 402 σε

614 476 989 549 azymorum
1027 479 1220 527 usum
1272 446 1653 526 non‘iuisse
1711 451 2062 522 in7feramus
2100 458 2251 521 :‘vel
2294 450 2645 537 perfecisse
2703 456 2993 538 quidem,
3041 453 3156 519 sed
3204 456 3353 519 ante
3404 456 3693 538 tempus,
3721 474 3885 541 quo

620 564 1009 629 fut-mentum
1049 558 1616 632 exterminabatur,
1652 563 1721 618 ut
1749 562 1902 619 tunc
1936 555 2126 617 etiam
2159 554 2344 634 panis
2374 554 2793 617 fermentatus
2821 550 3254 615 inveniretur.
3296 553 3443 615 Heio
3474 552 3646 615 enim
3685 567 3884 619 non-

618 657 783 725 nuiii
818 654 1009 721 nimis
1042 657 1340 720 audacter
1370 654 1700 717 dixerunt.
1734 655 1870 716 Non
1904 652 2105 732 igitur
2148 650 2398 731 aliquid
2445 658 2699 722 eorum,
2725 664 2870 731 quas
2923 649 3027 711 ita
3060 647 3229 711 dicta
3286 652 3462 719 sunt,
3494 664 3725 714 rursus
3789 648 3882 714 in

599 756 904 820 .r'nedium
934 753 1190 817 afferam
1222 772 1257 810 τ’
1277 768 1489 831 neque
1517 748 1690 812 enim
1714 748 1865 811 licet
1898 749 2201 828 mysteria
2234 748 2518 810 veritatis
2552 747 2886 809 mendacio
2918 746 3426 809 conﬁrmare.....
3455 746 3617 821 Qum
3652 746 3885 827 igitur

612 852 931 920 Sententia
984 858 1121 912 mea
1154 852 1296 911 est?
1325 850 1473 911 Haec
1510 846 1755 910 scilicet
1788 867 1804 906 :
1839 844 2185 923 Dominum
2239 846 2465 909 Iesum
2497 845 2822 907 Christum
2859 844 3221 908 comedisse
3275 843 3531 919 pascha,
3564 853 3623 907 tv
3673 848 3886 925 καιρῧ

614 962 710 1016 καὶ
739 960 834 1015 the
872 959 909 1029 ἡ
958 955 1074 1028 ὥρα
1142 952 1382 1020 ἐγένετο,
1413 960 1534 1006 suo
1565 950 1872 1021 tempore,
1907 945 2141 1004 etcum
2190 940 2230 1003 b

2264 959 2345 1006 ira
2374 941 2523 1019 fuit,
2556 946 2976 1023 praeparatum
3005 955 3040 1002 a
3082 938 3422 1019 discipulis
3471 946 3533 1003 et
3590 939 3882 1014 domino

612 1041 863 1121 60mm,
901 1056 1045 1110 κατὰ
1071 1056 1133 1109 τὸ
1158 1054 1284 1117 ἔθος
1307 1048 1531 1122 δηλαδὴ,
1548 1050 1655 1100 ’καὶ
1680 1046 1781 1101 οὐκ
1806 1044 2006 1109 ἄλλως,
2044 1034 2230 1100 videli

2256 1046 2345 1102 cet
2367 1039 2551 1119 juxta
2609 1045 3020 1113 consuetum,
3052 1043 3113 1099 et
3147 1051 3274 1099 non
3298 1036 3509 1099 aliter.
3540 1036 3874 1117 Alioquin

611 1144 957 1207 novitatem
1012 1144 1188 1207 illam
1242 1141 1604 1202 adnotasset
1646 1133 2173 1215 Evangelium....
2205 1132 2584 1201 Comedisse
2616 1144 2829 1198 autem
2873 1132 3103 1213 pascha
3136 1131 3336 1213 legale
3373 1134 3577 1213 prius,
3615 1134 3878 1198 deinde

611 1248 670 1301 et
703 1241 1076 1321 mysterium
1110 1239 1210 1301 sui
1249 1232 1563 1316 paschalis
1596 1231 1935 1293 tradidisse
1968 1226 2310 1309 discipulis
2341 1240 2421 1289 ex
2459 1239 2648 1321 pane,
2685 1222 2798 1321 qui
2845 1232 2997 1285 tunc
3029 1223 3329 1321 inventus
3369 1230 3491 1321 est.
3553 1228 3771 1303 Εὕρητο
3800 1231 3877 1287 δι

607 1318 909 1407 magna
968 1324 1193 1409 ἀξυμος,
1218 1334 1528 1395 inventus
1560 1336 1655 1392 est
1674 1334 1896 1391 autem
1929 1326 2111 1407 panis
2158 1339 2450 1407 azymus.
2487 1342 2518 1381 ι
2544 1318 3097 1402 ThQOphylactum
3129 1319 3255 1383 sibi
3284 1336 3362 1381 ex
3394 1320 3706 1383 diametro
3736 1322 3872 1385 ad-

610 1432 970 1488 tersantem
1001 1429 1204 1491 (irasci
1238 1427 1493 1491 habent.

687 1522 785 1588 δι,
832 1524 977 1586 Haec
1024 1527 1245 1587 eadem
1292 1541 1470 1586 mens
1508 1530 1605 1585 est
1643 1521 1935 1603 ejusdem
1984 1537 2056 1584 ac
2100 1518 2420 1584 sententia
2470 1516 2535 1580 in
2572 1516 3061 1581 Commentariis
3109 1515 3186 1579 ad
3223 1516 3589 1580 Matthwum
3628 1523 3691 1581 et
3719 1516 3866 1579 Lu-

608 1639 761 1683 cam.
798 1621 1009 1683 Adero
1039 1623 1338 1699 primum,
1382 1635 1526 1701 quas
1547 1618 1686 1699 ejus
1719 1616 2035 1681 habentur
2070 1615 2259 1681 verba
2288 1615 2367 1680 ad
2397 1620 2586 1695 caput
2609 1631 2764 1677 xxvi
2789 1613 3091 1687 Matthaai,
3123 1632 3181 1684 ν.
3218 1614 3319 1676 20.
3356 1635 3386 1671 α
3433 1616 3688 1695 Vespere
3726 1635 3863 1679 au-

607 1708 921 1797 tem‘facto
956 1714 1397 1787 discumbebat,
1431 1724 1550 1779 etc.
1589 1718 1677 1777 Ex
1709 1713 1829 1777 hoc
1875 1721 2097 1792 putant
2136 1712 2420 1793 quidam,
2454 1711 2629 1794 quod
2663 1710 2784 1775 hoc
2812 1728 2979 1774 anno
3016 1727 3144 1773 non
3176 1714 3526 1775 comederit
3560 1712 3863 1778 Christus

613 1814 867 1893 pascha.
908 1815 1139 1875 Dieant
1212 1814 1409 1886 enim,
1464 1812 1637 1891 quod
1682 1810 1922 1873 stantes
1959 1808 2391 1873 ‘comedebant
2446 1823 2737 1889 agnum:
2789 1805 3078 1870 Christus
3131 1816 3345 1870 autem
3400 1810 3861 1887 recumbebat;

608 1910 803 1990 igitur
858 1911 1087 1990 pascha
1121 1925 1243 1971 non
1278 1909 1579 1971 comedit.
1622 1906 1909 1969 Dicimus
1950 1905 2191 1985 itaque,
2231 1904 2407 1986 quod
2448 1906 2625 1984 prius
2660 1894 2889 1981 pascha
2927 1902 3179 1984 (legale)
3213 1914 3387 1967 stans
3438 1907 3790 1969 comederit
3836 1928 3857 1969 :

607 2007 843 2070 deinde
868 2006 1244 2070 recumbens
1286 2004 1546 2077 tradidit
1581 2019 1773 2065 suum
1812 2007 2301 2065 sacramentum.
2340 2026 2368 2060 ιο
2402 2004 2680 2065 Mentem
2722 2002 2849 2081 jam
2887 2017 3066 2062 suam
3103 2004 3307 2080 aperit
3345 2020 3357 2063 :
3394 2004 3607 2066 minus
3639 2012 3858 2069 tamen

607 2120 677 2165 se
711 2102 988 2181 peritum
1020 2102 1342 2181 prasbetin
1383 2100 1753 2182 Iudaeorum
1789 2098 2100 2161 moribus.
2137 2097 2421 2180 Magistri
2483 2115 2706 2162 eorum
2740 2100 2991 2171 docent,
3026 2115 3261 2177 agnum
3300 2117 3455 2163 suos
3488 2101 3855 2165 comedisse

605 2203 869 2269 stantes,
901 2203 962 2259 et
992 2214 1136 2259 cum
1173 2196 1416 2261 baculis
1452 2208 1583 2274 prae
1628 2195 1927 2258 mani-bus
1958 2211 2033 2257 ea
2075 2202 2259 2256 nocte
2313 2210 2438 2273 qua
2484 2211 2562 2256 ex
2606 2194 2884 2273 Egypto
2940 2194 3285 2270 profecturi
3326 2204 3543 2271 erant;
3577 2197 3854 2261 minime

607 2308 760 2355 vero
817 2292 1179 2355 subsecutis
1210 2293 1611 2373 temporibus
1662 2291 1825 2354 ritus
1857 2306 1967 2354 eos
2016 2290 2344 2353 observari
2384 2290 2713 2365 debuisse,
2746 2307 2960 2369 neque
3016 2292 3235 2372 peragi
3294 2292 3642 2374 hodieque.
3678 2294 3850 2358 Vide

607 2390 881 2451 Leonem
922 2387 1351 2451 Mutinensem
1404 2396 1577 2468 parte
1620 2406 1689 2451 ιιι
1742 2389 1831 2449 De
1860 2389 2094 2451 ritibus
2153 2385 2587 2461 Hebraei-um,
2637 2387 3033 2452 antoriium
3072 2388 3141 2449 in
3187 2388 3521 2468 Synagoga
3568 2387 3853 2453 Iudaica

607 2486 809 2565 capite
839 2486 937 2560 18,
979 2486 1337 2547 Simoninm
1376 2487 1441 2547 in
1471 2477 1765 2549 Historia
1793 2486 2020 2548 critica
2057 2486 2138 2549 N.
2174 2486 2241 2547 T.
2280 2494 2453 2547 tomo
2487 2486 2593 2559 IV,
2628 2484 2829 2563 capite
2860 2484 2962 2560 28,
2995 2500 3134 2566 pag.
3166 2486 3311 2561 398,
3346 2493 3407 2548 et
3444 2486 3849 2568 Lequienum

607 2584 1065 2650 Dissertatione
1093 2602 1157 2644 v1
1185 2584 1654 2654 Damascenica,
1684 2600 1868 2654 num.
1899 2582 2264 2645 XXXVIII.

617 2701 619 2704 ‘
685 2682 779 2743 Ad
810 2698 1055 2744 comma
1112 2685 1185 2743 Π
1216 2682 1598 2759 praecedens
1638 2681 1771 2743 haec
1830 2685 1984 2747 sunt
2020 2676 2533 2743 luculentissima
2578 2676 3045 2758 TheOphylacti
3083 2678 3275 2743 verba
3327 2678 3396 2744 in
3429 2679 3654 2746 Latina
3700 2699 3850 2747 ver-

604 2776 812 2850 sione,
850 2795 1039 2858 quam
1081 2795 1201 2841 suo
1236 2795 1316 2841 ex
1346 2778 1565 2841 codice
1634 2778 1854 2841 (ἱρωοο
1897 2774 2315 2840 concinnabat
2354 2773 2899 2853 OEcolampadius
2935 2796 2951 2837 :
2988 2799 3017 2835 α
3049 2776 3267 2839 Prima
3305 2783 3511 2840 autem
3542 2777 3643 2841 dic
3685 2780 3852 2862 Axy-

602 2892 844 2935 morum
885 2887 1276 2935 accesserunt
1306 2872 1634 2954 discipuli.
1674 2874 1947 2936 Primam
1991 2875 2381 2951 Azymorum
2412 2869 2586 2932 diem
2623 2877 2820 2945 vocat,
2853 2888 2999 2951 quin
3046 2872 3214 2935 diem
3264 2875 3653 2955 Azymorum
3687 2896 3843 2959 pre-

603 2970 789 3035 sedit.
821 2972 897 3034 Ut
926 2972 1019 3035 sic
1048 2973 1253 3035 dicam
1282 2995 1299 3034 :
1329 2971 1568 3048 Quinta
1591 2969 2222 3035 feria‘manducaturi
2253 2973 2431 3033 erant
2462 2966 2718 3056 pascha,
2750 2976 2890 3046 post
2917 2986 3106 3050 quam
3141 2972 3451 3053 sequitur”
3468 2976 3839 3042 Parasceve.

600 3068 807 3129 Prima
837 3070 1223 3146 Azymorum
1257 3061 1599 3131 vocabatur
1628 3069 1694 3129 in
1727 3068 1893 3148 lege,
1925 3084 2003 3130 eo
2031 3066 2203 3146 quod
2230 3063 2465 3125 festum
2496 3062 2844 3143 incipiebat
2877 3082 2910 3127 a
2944 3083 3231 3146 vespera,
3259 3086 3387 3150 qua
3419 3074 3848 3137 vescebantur

600 3164 868 3244 azymis.
931 3166 1246 3228 Dominus
1301 3166 1500 3246 igitur
1565 3165 1759 3229 mittit
1814 3164 2175 3243 discipulos
2218 3160 2469 3242 quinta,
2507 3176 2701 3241 quam
2754 3162 3041 3225 nominat
3098 3166 3514 3246 evangelista,
3567 3172 3845 3250 primam

594 3259 973 3339 bymorum
1002 3281 1021 3322 :
1046 3264 1198 3341 quia
1238 3262 1438 3342 prima
1471 3277 1736 3341 veSpera
1762 3268 1893 3325 erat
1935 3259 2039 3341 (at.
2075 3265 2219 3322 ante
2248 3258 2519 3337 primam
2554 3274 2885 3335 vesperam
2922 3264 3074 3339 erat)
3107 3279 3233 3341 qua
3276 3266 3590 3346 (vespera)
3622 3283 3842 3331 come-

599 3357 831 3418 debant
879 3374 1209 3436 azyma....
1266 3359 1486 3422 Voluit
1538 3366 1752 3421 autem
1810 3357 2046 3437 pascha
2089 3355 2415 3435 perﬁcere,
2476 3372 2555 3418 ne
2608 3353 2730 3434 legi
2805 3358 3172 3420 contrarius
3214 3377 3359 3422 esse
3418 3361 3772 3432 videretur.
3807 3388 3836 3425 ιι

598 3454 781 3516 Paria
843 3462 994 3516 sunt
1033 3473 1177 3535 quae
1236 3458 1420 3519 docet
1478 3457 1555 3519 ad
1617 3464 1805 3536 caput
1860 3474 2005 3518 xxii
2062 3457 2269 3526 Lucae,
2337 3470 2397 3513 ν.
2469 3454 2508 3512 7
2588 3473 2603 3513 :
2668 3472 2696 3507 α
2773 3453 2948 3515 Venit
2995 3461 3203 3514 autem
3251 3453 3382 3516 dies
3426 3454 3832 3535 Azymorum.

597 3550 779 3611 Nunc
816 3556 1027 3613 autem
1079 3569 1272 3632 quem
1308 3552 1490 3615 nobis
1525 3552 1691 3615 dicat
1740 3552 1904 3614 diem
1930 3551 2332 3630 Azymorum,
2368 3548 2742 3610 dicendum.
2802 3548 2982 3610 Diem
3020 3550 3219 3629 igitur
3250 3552 3640 3632 Azymorum
3680 3554 3837 3619 dicit

597 3644 894 3724 quintum
940 3668 955 3708 :
1006 3648 1084 3709 ad
1143 3648 1330 3727 cujus
1387 3664 1715 3725 vesperam
1767 3648 1999 3727 pascha
2062 3643 2529 3708 immolandum
2578 3654 2697 3705 est.
2759 3645 2964 3725 Igitur
3021 3649 3336 3711 Dominus
3387 3647 3551 3714 forte
3606 3652 3839 3731 quinto

598 3738 754 3819 (die)
800 3757 984 3805 mane
1016 3742 1212 3804 mittit
1264 3741 1649 3823 discipulos.
1707 3766 1739 3803 ι
1790 3743 2249 3807 Luculentiora
2302 3739 2437 3803 haec
2488 3747 2663 3815 sunt,
2699 3758 2889 3821 quam
2925 3745 3098 3822 quod
3149 3748 3606 3810 commentario
3659 3748 3843 3814 indi-

597 3842 803 3915 geant.

674 3935 773 3995 65.
820 3936 956 3999 Non
997 3935 1182 3998 aliam
1216 3937 1535 4001 insedisse
1565 3944 1841 4000 mentem
1875 3936 2383 4015 archiepiscOpo,
2423 3940 2639 3996 contra
2678 3940 2871 4015 atque
2899 3935 3100 3999 Graeci
3140 3944 3385 4015 putant,
3429 3942 3640 4020 capite
3671 3962 3837 4012 xvm

596 4029 883 4103 Joannis,
918 4051 976 4095 ν.
1020 4031 1118 4107 28,
1160 4050 1273 4108 pro
1325 4042 1497 4097 certo
1536 4043 1993 4113 compertoque
2037 4032 2263 4095 habeo.
2298 4029 2502 4093 Verba
2558 4038 2709 4092 sunt
2742 4048 2757 4092 :
2797 4054 2825 4087 α
2864 4031 2952 4093 Et
2986 4034 3115 4113 ipsi
3166 4051 3296 4097 non
3345 4038 3736 4105 introierunt
3767 4045 3835 4107 in

596 4129 986 4207 praetorium,
1026 4138 1099 4189 ut
1150 4145 1281 4189 non
1339 4131 1947 4205 contaminarentur,
1992 4130 2101 4191 sed
2144 4137 2216 4191 ut
2269 4129 2723 4191 manducarcnt
2774 4130 3032 4207 pascha.
3091 4132 3262 4206 Quid
3314 4143 3529 4199 autem
3584 4146 3705 4209 est.
3762 4151 3835 4204 ut

600 4222 983 4285 comcdcrcnt
1018 4226 1302 4304 pascha?
1335 4225 1499 4289 Sane
1536 4224 1852 4290 Dominus
1894 4226 2060 4289 illud
2106 4225 2256 4289 fecit
2290 4227 2494 4304 prima
2536 4230 2949 4305 Azymorum.
3003 4226 3121 4289 Vel
3161 4228 3362 4309 igitur
3390 4232 3834 4316 intelligamus

596 4337 712 4398 per
746 4321 996 4395 Pascha,
1035 4320 1271 4383 festum
1312 4330 1559 4401 septem
1604 4323 1855 4385 dierum
1892 4346 1906 4385 :
1944 4324 2039 4387 vel
2084 4325 2255 4403 quod
2305 4324 2426 4403 ipsi
2482 4321 2752 4403 quidem
2787 4324 3237 4389 manducaturi
3291 4338 3475 4393 erant
3526 4331 3595 4394 in
3648 4336 3835 4397 Para-

596 4431 781 4478 sceve
818 4416 1043 4495 pascha
1073 4433 1087 4477 :
1125 4417 1266 4497 ipse
1293 4426 1509 4481 autem
1541 4419 1855 4482 Dominus
1885 4437 2019 4483 uno
2053 4421 2162 4485 die
2194 4421 2526 4498 praevenit,
2562 4420 2685 4499 (vel
2722 4437 2853 4485 uno
2887 4422 2992 4486 die
3027 4431 3173 4488 ante
3208 4428 3468 4491 tradidit
3508 4430 3693 4507 illud,
3728 4442 3837 4512 πρὸ

599 4521 728 4590 μιᾶς
773 4521 906 4575 αὐτό
958 4515 1263 4593 παρέδωκε)
1297 4533 1629 4578 reservans
1659 4518 1761 4578 sui
1800 4518 2190 4580 occisionem

2223 4517 2291 4579 in
2316 4519 2683 4592 Parasceve,
2715 4513 2974 4598 quando
3004 4529 3067 4584 et
3098 4522 3253 4586 olim
3303 4524 3423 4589 fuit
3456 4528 3685 4606 pascha
3715 4531 3835 4610 (vel

597 4608 856 4686 quando
888 4616 949 4671 et
985 4620 1166 4671 vetus
1198 4610 1381 4672 ﬁebat
1408 4612 1660 4689 pascha,
1694 4622 1783 4675 ὅτε
1810 4624 1907 4677 καὶ
1936 4623 1997 4676 τὸ
2025 4623 2215 4680 παλαιὲ

1198 4610 1381 4672 ﬁebat
1408 4612 1660 4689 pascha,
1694 4622 1783 4675 ὅτι
1810 4624 1907 4677 καὶ
1936 4623 1997 4676 τὸ
2025 4623 2257 4680 παλαιὸν
2274 4625 2490 4693 ἐγένετο
2511 4627 2742 4697 πάσχα).
2780 4646 2798 4680 ι

677 4727 867 4825 Vocis
893 4726 1225 4825 Paschalis
1254 4728 1397 4790 dum
1436 4736 1610 4825 sunt,
1643 4745 1807 4810 quas
1858 4732 2091 4810 promit
2139 4733 2683 4815 TheOphylactus,
2736 4739 3335 4820 interpretationes.
3374 4748 3461 4809 Ac
3496 4747 3733 4825 primo,
3774 4752 3826 4813 si

597 4837 741 4883 cum
782 4821 1023 4925 .ludaais
1058 4838 1291 4925 agnum
1325 4824 1684 4925 paschalem
1724 4825 2020 4890 Christus
2062 4829 2373 4893 Dominus
2424 4833 2815 4909 comederit;
2849 4835 3173 4901 Paschatis
3216 4821 3511 4919 nomine,
3540 4847 3715 4925 quod
3761 4854 3831 4912 ut

596 4919 1027 4993 comederent,
1074 4918 1283 5021 iudici
1345 4920 1647 5021 cavebant
1672 4940 1753 4986 ne
1811 4925 2423 5003 contaminarentur,
2478 4930 2747 4993 victima:
2790 4933 3117 5012 paschales
3176 4918 3616 5019 intelligendas
3648 4954 3827 5021 sunt,

595 5024 1033 5123 qun-septem
1076 5015 1310 5123 diebus
1340 5016 1773 5123 ofl’erebantur
1829 5022 2193 5123 intemplo.
2237 5026 2301 5089 Si
2341 5029 2573 5107 pascha
2606 5032 2863 5108 proprie
2921 5033 3189 5111 dictum,
3222 5036 3289 5098 id
3350 5015 3447 5102 est
3496 5056 3647 5103 esus
3678 5015 3824 5123 agni

598 5110 885 5214 intelligi
910 5109 1159 5214 debeat,
1199 5111 1546 5175 dicendum
1574 5123 1859 5214 est,una
1889 5118 1995 5181 die
2036 5121 2317 5214 J‘udmos,
2355 5124 2452 5185 vel
2516 5126 2848 5199 pontiﬁces
2900 5137 2961 5192 et
3001 5109 3315 5209 primores
3351 5136 3582 5214 pascha
3611 5109 3825 5202 distu-

597 5205 754 5312 lisse
803 5204 885 5312 ad
910 5206 1326 5312 .Parasccvcr‘i
1368 5230 1390 5312 .-
1423 5216 1484 5271 et
1515 5228 1645 5274 uno
1678 5212 1783 5279 die
1814 5223 1988 5293 ante,
2032 5208 2193 5281 illud
2225 5223 2524 5301 [XXXII]
2560 5226 2913 5288 comedisse
2942 5204 3295 5306 Christum,
3331 5204 3589 5312 quando
3623 5241 3822 5311 vetus,

594 5302 716 5405 hoc
772 5309 867 5405 est
905 5297 1248 5405 legit-imum
1286 5304 1496 5405 ﬂebat,
1536 5322 1608 5371 ac
1660 5311 1793 5373 ﬁeri
1847 5315 2077 5394 utique
2127 5316 2421 5381 debebat.
2492 5297 2661 5382 Ilinc
2720 5322 3185 5405 TheOphylacti
3241 5297 3435 5392 verba
3481 5331 3602 5394 hoc
3637 5297 3825 5397 modd

594 5398 867 5505 legenda
921 5404 1071 5505 sunt
1112 5399 1304 5505 :{psc
1358 5401 1662 5505 Dominus
1720 5426 1845 5469 uno
1894 5408 1994 5471 die
2045 5421 2189 5472 ants
2258 5412 2545 5489 tradidit,
2601 5426 2658 5477 ct
2697 5398 2957 5481 comedit
2992 5398 3259 5501 'pascha
3328 5427 3678 5505 (reservans
3726 5434 3827 5493 sui

596 5495 969 5650 gctzjisioncm
1026 5496 1095 5558 in
1158 5496 1523 5581 Parasccce)
1596 5505 1845 5583 quando
1898 5516 1953 5569 et
2013 5520 2190 5571 vetus
2250 5512 2430 5591 ﬁebat
2486 5516 2745 5595 pascha,
2801 5533 2871 5578 ac
2946 5495 3107 5582 illud
3166 5495 3375 5584 facere
3445 5526 3822 5591 debuissent

639 5608 673 5650 u
724 5607 821 5650 aii.

639 5607 821 5653 [10$].

677 5684 1021 5797 Perspicua
1064 5697 1261 5797 patet,
1305 5707 1429 5754 non
1468 5692 1746 5797 priorem
1781 5699 2214 5781 solummodo,
2253 5725 2473 5770 verum
2510 5709 2700 5771 etiam
2740 5713 2999 5775 alteram
3033 5714 3631 5796 interpretationem
3674 5739 3820 5785 cum

592 5782 1003 5848 Eucharistiai
1060 5786 1126 5849 in
1163 5804 1387 5869 azymo
1445 5808 1605 5871 pane
1640 5793 2050 5863 institutione
2108 5806 2485 5869 consistere.
2526 5808 2737 5888 Longe
2772 5826 3047 5890 namque
3080 5782 3823 5895 hmc'posterior—tiiﬂeit
