4098 6330
202 430 286 493 69
1081 420 1180 483 DE
1217 413 1811 482 THEOPHYLACTI
1846 411 2119 475 GESTIS
2162 413 2260 475 ET
2297 413 2669 481 SCRIPTIS.
3429 415 3495 480 70

196 540 291 605 ab
334 555 408 605 ea
437 533 809 602 Grecorum
842 532 1223 614 opinatione
1269 530 1349 593 de
1398 526 1652 592 Christo
1702 525 2061 606 legitimum
2107 524 2341 603 pascha
2392 524 2855 605 prmveniente.
2888 539 2960 586 ac
2990 526 3070 586 ad
3123 539 3323 602 panes
3370 524 3472 587 fer

202 643 533 703 mentatos
576 643 719 715 post
772 634 911 713 ejus
960 628 1469 694 celebrationem
1527 626 1874 688 redeunte.
1938 623 2072 682 lmo
2124 622 2416 701 legitimo
2469 632 2760 701 tempore
2803 622 3037 700 pascha
3078 638 3274 685 suum
3328 621 3482 685 cele-

202 735 423 800 bravit
446 732 561 796 ille
593 738 887 809 tempore
949 727 1123 807 quod
1155 725 1365 789 Judmi
1395 723 1497 787 vel
1522 739 1749 787 eorum
1787 718 2118 800 pontiﬁces
2151 735 2221 781 ac
2255 720 2571 807 primores
2607 735 2733 782 non
2769 728 3113 781 servarunt
3147 742 3161 781 :
3195 721 3493 797 adeoque

204 832 399 895 locus
461 846 591 903 non
629 837 764 903 erat
817 835 887 889 ut
924 824 1003 887 ad
1052 820 1476 885 fermentatos
1531 836 1728 897 panes
1790 818 2031 879 rediret
2096 816 2419 880 Christus.
2476 818 2808 880 Posterior
2852 816 2989 878 haec
3029 817 3494 894 interpretatio

208 928 421 1009 magis
453 926 775 1006 placuisse
805 920 1290 998 TheOphylacto
1326 916 1607 979 videtur.
1642 916 1794 976 Eam
1820 915 1944 993 jam
1996 913 2339 977 tradiderat
2368 914 2439 977 in
2471 912 2956 976 Commentario
2988 914 3070 975 ad
3100 915 3491 991 Matthaeum,

207 1027 423 1105 capite
466 1043 649 1099 xxvs,
701 1042 759 1086 v.
798 1023 899 1084 59.
938 1044 966 1077 α
1016 1019 1113 1081 Ad
1170 1015 1482 1097 Caipham
1513 1016 1763 1077 ducunt
1800 1016 2054 1088 Jesum,
2090 1014 2426 1094 inquiens,
2460 1031 2605 1077 nam
2661 1012 2771 1075 ille
2827 1021 2961 1076 erat
2998 1012 3290 1091 pontifex
3338 1016 3496 1076 anni

208 1126 402 1189 illius
438 1141 453 1181 τ
489 1123 597 1186 ubi
631 1128 694 1185 et
744 1119 983 1200 reliqui
1036 1114 1515 1197 pernoctabant,
1546 1120 1623 1193 μὴ
1644 1122 1826 1189 φάγον

1878 1136 1914 1180 ες
1945 1119 2071 1173 τότε
2098 1119 2159 1173 τὸ
2192 1121 2401 1192 πάσχα,
2434 1129 2562 1172 non
2595 1109 2983 1173 comedentes
3031 1121 3183 1172 tunc
3208 1113 3451 1191 pascha
3476 1134 3496 1183 ;

209 1224 337 1285 sed
394 1226 843 1301 exspectantes
911 1222 982 1278 ut
1028 1213 1396 1277 occiderent
1462 1210 1812 1273 Dominum

1905 1218 2001 1271 καὶ
2061 1218 2419 1289 παραῦάντες
2467 1221 2561 1273 τὸν
2621 1220 2814 1291 νόμον,
2874 1220 2935 1272 et
2993 1213 3503 1291 pravaricantcs-

210 1318 407 1399 legem
457 1369 470 1382 .
516 1328 544 1381 ὁ
577 1328 676 1397 μὲν
706 1326 816 1395 γὰρ
850 1322 1057 1393 Κύριος
1083 1319 1228 1373 κατὰ
1257 1317 1348 1372 τὸν
1381 1316 1776 1388 νινομισμένον
1817 1314 2012 1387 καιρὸν
2053 1313 2286 1385 ἐφαγεν;
2326 1319 2526 1371 ἐκεῖνοι
2554 1316 2634 1382 δὲ,
2683 1318 2772 1371 ἵνα
2811 1318 2973 1388 μόνον
3002 1317 3373 1371 ἀποκτείνωσι
3401 1316 3503 1371 τὸν

219 1425 453 1496 Κύριον,
486 1419 891 1495 καταφρονοῦσι
945 1419 1043 1472 καὶ
1082 1415 1178 1471 τοῦ
1214 1415 1414 1485 νόμου,
1450 1404 1767 1466 Dominus
1829 1424 1837 1461 t

1885 1403 2005 1465 nim
2059 1401 2205 1483 ipso
2249 1404 2525 1485 legitimo
2578 1416 2858 1485 tempore
2909 1404 3261 1467 comederat
3316 1426 3335 1464 :
3392 1404 3503 1465 illi

222 1529 379 1575 vero
411 1515 823 1573 contemnunt
855 1508 1071 1585 legem,
1117 1504 1309 1566 modo
1348 1502 1647 1565 occidant
1680 1500 2031 1565 Christum.
2072 1525 2100 1558 »
2136 1504 2326 1563 Suam
2385 1502 2682 1580 patefacit
2737 1509 3017 1564 mentem
3067 1501 3316 1579 absque
3363 1501 3494 1564 ulla

218 1610 513 1689 ambage.
1840 1642 1844 1647 .

296 1706 400 1769 66.
448 1705 520 1767 In
556 1720 660 1775 eo.
700 1718 895 1783 quem
925 1697 1389 1779 expendimus,
1429 1694 1573 1758 loco
1612 1695 2075 1757 Commentarii
2124 1696 2194 1757 in
2226 1696 2593 1761 Malthceum
2625 1696 2912 1758 enormis
2944 1694 3226 1759 occurrit
3262 1694 3496 1769 depra-

206 1805 389 1865 vatio
436 1804 499 1863 in
554 1800 889 1879 aliquibus
935 1794 1301 1869 codicibus,
1340 1802 1403 1857 et
1453 1794 1522 1855 in
1562 1801 1737 1855 textu
1798 1793 2014 1853 Romae
2067 1808 2139 1854 ac
2174 1791 2441 1854 Parisiis
2498 1793 2699 1855 edito.
2736 1816 2765 1849 ‹‹
2798 1793 3079 1854 Primam
3117 1792 3507 1871 Azymorum

216 1900 397 1963 diem
444 1905 644 1971 vocat,
690 1912 838 1976 qum
886 1894 1062 1957 diem
1114 1895 1511 1972 Azymorum
1542 1889 1867 1968 prmcedit.
1911 1890 1987 1952 Ut
2016 1889 2300 1969 exempli
2341 1892 2540 1970 gratia
2596 1892 2803 1954 dicam
2840 1914 2855 1955 :
2888 1901 2967 1973 Τῇ
3024 1899 3359 1971 παρασκευῇ
3406 1898 3498 1951 ἑσ-

217 2009 394 2079 πέρας
437 2004 667 2077 ἔμελλόν
692 2004 893 2056 ἐκεῖνοι
930 2001 1125 2070 φαγεῖν
1169 1997 1231 2050 τὸ
1260 1995 1468 2068 πάσχα,
1500 1987 1835 2050 Parascevl

1890 2004 2147 2065 vespere
2176 1985 2630 2049 manducaturi
2687 1998 2868 2051 erant
2923 1992 3185 2070 pascha,
3220 1998 3317 2053 καὶ
3360 1997 3501 2069 αὕτη

218 2105 472 2161 δκαλεῖτο
506 2102 616 2156 τῶν
646 2100 925 2172 ’Δζύμων,
962 2098 1017 2151 et
1054 2089 1194 2168 ipsa
1224 2083 1673 2165 appellabatur
1718 2083 1836 2163 Δις,

1886 2102 2120 2144 eorum.
2158 2084 2477 2145 Dominus
2521 2085 2719 2162 igitur
2769 2086 2962 2147 mittit
3009 2084 3368 2165 discipulos
3403 2084 3504 2147 die

217 2195 467 2275 quinta,
514 2205 709 2271 quem
766 2186 1054 2251 nominat
1098 2181 1499 2262 evangelista
1546 2182 1827 2260 primum

1888 2181 2293 2260 Azymorum,
2343 2190 2411 2243 ut
2443 2183 2557 2262 qui
2599 2192 2706 2262 πρὸ
2745 2191 2847 2262 τῆς
2895 2192 3286 2263 Παρασκευῆς,
3351 2192 3500 2244 ante

218 2288 614 2351 Parasceven
646 2294 805 2348 esset
845 2304 865 2346 :
903 2291 1040 2348 καθ’
1070 2290 1141 2363 ἢν
1179 2288 1544 2359 Παρασκευῆν
1579 2286 1645 2358 τῆ
1680 2288 1836 2357 ἑσπέέ

1882 2314 1911 2356 ι,
1945 2298 2067 2360 qua
2094 2280 2438 2341 Parascevc
2470 2297 2723 2359 vespere
2753 2280 3154 2344 comedebant
3182 2300 3425 2361 azyma.
3472 2303 3500 2335 υ

218 2385 513 2449 lmmane
556 2382 789 2446 vitium
829 2380 981 2461 quis
1011 2394 1143 2442 non
1194 2378 1445 2440 videat?
1480 2374 1895 2453 Ineptissima
1937 2394 2091 2437 sane
2132 2374 2244 2437 illa
2301 2377 2490 2449 ratio,
2538 2374 2702 2439 diem
2743 2377 3037 2458 quintum
3075 2379 3226 2440 ideo
3262 2377 3502 2456 appel-

223 2481 422 2546 latum
474 2481 755 2561 primum
810 2477 1215 2558 Azymorum,
1248 2475 1402 2553 quia
1452 2472 1552 2533 die
1605 2480 1785 2533 sexto
1813 2515 1830 2545 ,
1864 2490 1983 2535 seu
2026 2475 2395 2543 Parasceve,
2426 2490 2681 2554 vespere
2732 2493 2951 2555 azyma
2997 2472 3501 2537 comedebantur.

220 2580 461 2644 Vocem
492 2578 872 2641 Parasceves
901 2574 1054 2655 quis
1084 2589 1212 2636 non
1247 2568 1689 2652 deprehendat
1733 2578 1976 2634 temere
2007 2572 2371 2635 invectam?

302 2699 474 2762 Huic
504 2698 884 2761 adversatur
913 2691 1178 2757 lectioni
1209 2691 1393 2754 locus
1413 2689 1881 2770 Theopbylacti
1911 2691 1976 2751 in
2004 2689 2432 2767 Evangelium
2466 2690 2655 2751 Luc-aa
2677 2682 2884 2770 capite
2914 2710 3081 2766 xxu,
3116 2710 3174 2753 v.
3207 2695 3245 2753 ’1
3279 2714 3292 2753 :
3332 2698 3507 2771 Ἡμέ-

225 2825 329 2886 ραν
360 2805 457 2862 οὖν
497 2807 749 2876 ’Δζυμων
778 2804 928 2872 λέγει
968 2801 1067 2873 τὴν
1095 2800 1374 2871 πέμπτην,
1397 2792 1467 2871 ἦς
1493 2799 1562 2869 τῇ
1596 2797 1807 2869 ἑσπέρᾳ
1833 2798 1843 2886 pi

1891 2794 2063 2850 ιελλον
2093 2795 2242 2852 θύειν
2274 2800 2334 2852 τὸ
2393 2800 2581 2873 πάσχα
2620 2810 2634 2826 ⁶
2669 2790 2833 2853 diem
2870 2790 3077 2869 igitur
3127 2791 3509 2869 Azymorum

223 2884 384 2959 dicit
424 2896 739 2976 quintum,
779 2890 862 2952 ad
928 2890 1109 2971 cujus
1163 2905 1489 2967 vesperam
1534 2887 1772 2967 pascha
1817 2884 2267 2949 immolandum
2300 2898 2460 2949 erat.
2525 2889 2755 2951 Eidem
2800 2885 3063 2949 lectioni
3127 2890 3509 2949 adversatur

227 2994 493 3057 Graecus
544 2992 791 3060 codex,
848 3004 990 3067 quo.
1033 3001 1195 3048 usus
1241 2992 1338 3046 est
1403 2981 1974 3062 OEco-lampadius.
2020 2983 2463 3049 Adversantur
2500 2986 2692 3050 etiam
2753 2985 3029 3049 Romani
3095 2984 3172 3047 ab
3223 2984 3510 3046 Arcudio

225 3093 392 3152 libro
426 3091 479 3151 11
518 3090 605 3149 De
657 3092 1047 3147 sacramento
1097 3081 1547 3152 Eucharistiw,
1584 3079 1790 3157 capite
1824 3078 1884 3152 5,
1922 3086 1983 3140 et
2019 3080 2419 3145 Parisienses
2478 3092 2513 3146 a
2567 3081 2905 3163 Lequieno
2940 3081 3410 3145 Dissertatione
3447 3099 3512 3143 vr

224 3186 718 3262 Damascenica},
749 3200 927 3245 num.
990 3180 1218 3253 XLIII,
1271 3177 1657 3257 diligentius
1696 3176 1993 3251 inspecti,
2030 3177 2097 3239 in
2140 3180 2382 3258 quibus
2438 3180 2525 3242 ita
2562 3179 2801 3261 legitur
2841 3202 2856 3241 :
2894 3181 2972 3243 Ut
3010 3180 3105 3241 sic
3150 3178 3377 3254 dicam,
3438 3190 3509 3259 τῇ

225 3285 462 3355 πέμπτη
490 3284 732 3353 ἑσπέρας
756 3280 985 3351 ἔμελλον
1016 3277 1222 3331 ἐκεῖνοι
1252 3278 1449 3346 φαγεῖν
1471 3274 1535 3327 τὸ
1567 3274 1754 3344 πάσχα
1778 3288 1792 3303 ’
1828 3271 1929 3343 μεθ
1948 3273 1960 3295 ’
1985 3275 2051 3344 ἠν
2074 3276 2381 3345 ὲπιφὼσκει
2410 3278 2443 3349 ἡ
2470 3276 2807 3350 Παρασκευῆ
2844 3318 2858 3333 .
2899 3276 3100 3348 Πρώτη
3138 3275 3249 3329 τῶν
3280 3274 3513 3344 ἀζύμων

223 3372 473 3427 ἐκαλεῖτο
522 3372 678 3442 παρὰ
732 3369 811 3438 τῷ
868 3369 1046 3438 νόμῳ,
1093 3360 1185 3419 οἷα
1253 3364 1318 3437 δὴ
1358 3362 1461 3433 τῆς
1515 3362 1709 3434 ἑορτῆς
1762 3360 2072 3433 ἀρχομένης
2135 3364 2244 3417 ἀπὸ
2300 3364 2402 3436 τῆς
2468 3364 2751 3437 ἑσπέρας,
2815 3364 2951 3419 καθ’
3016 3364 3084 3435 ἢν
3129 3363 3385 3435 ἡσθέοντο
3443 3366 3514 3419 τὰ

224 3472 415 3543 ἄζυμα
448 3485 461 3500 ο
500 3460 741 3537 Quinta
782 3459 948 3540 feria
1002 3472 1259 3535 vespere
1313 3452 1762 3514 manducaturi
1828 3462 2008 3513 erant
2057 3455 2318 3531 pascha,
2370 3466 2516 3535 post
2575 3475 2759 3537 quam
2814 3456 3081 3517 lucescit
3137 3456 3509 3519 Parasceve.

225 3557 449 3623 Prima
506 3556 888 3635 Azymorum
943 3550 1299 3615 vocabatur
1344 3552 1415 3613 in
1456 3549 1610 3628 lege,
1665 3568 1734 3609 eo
1784 3548 1952 3630 quod
1998 3550 2228 3630 festum
2281 3552 2661 3633 inciepiebat
2705 3572 2743 3613 a
2784 3570 3071 3631 vespera,
3118 3570 3244 3631 qua
3288 3571 3515 3632 azyma

225 3654 737 3719 comedebantur.
809 3652 1085 3732 Egregie
1144 3656 1505 3712 consonant
1575 3649 1816 3711 omnia.
1878 3648 2205 3709 Laudatus
2266 3651 2647 3731 Lequienus
2712 3652 2853 3713 loco
2914 3651 3108 3711 citato
3173 3649 3508 3724 observat,

229 3754 510 3833 Regium
555 3749 990 3813 Parisiensem
1044 3746 1336 3809 codicem
1379 3760 1575 3826 quem
1626 3744 1924 3820 contulit,
1976 3767 2006 3799 α
2050 3746 2127 3807 ad
2160 3748 2445 3810 auctoris
2486 3756 2735 3811 mtatem
2799 3748 3300 3827 quamproxime
3328 3764 3511 3810 acce-

226 3850 408 3914 dere.
453 3873 482 3906 »
518 3850 693 3909 Inter
726 3846 980 3909 codices
1017 3844 1281 3907 Venetas
1308 3841 1650 3906 Marcianas
1674 3840 2082 3907 bibliothecas
2115 3859 2330 3907 veram
2364 3842 2713 3909 lectionem
2746 3844 2981 3907 habent
3014 3845 3169 3920 duo,
3204 3845 3284 3906 29
3319 3853 3379 3907 et
3407 3845 3507 3919 30,

230 3946 657 4025 vitiatamque
686 3950 934 4004 textum
974 3947 1225 4019 praestat
1255 3940 1459 4002 codex
1491 3938 1590 4001 31.

308 4069 572 4133 Similes
606 4065 873 4129 fortasse
922 4069 1139 4127 textus
1187 4063 1630 4142 interpolatori
1668 4080 1886 4126 ansam
1930 4066 2251 4139 dederint,
2287 4082 2453 4148 quos
2507 4067 2573 4128 in
2620 4066 2769 4129 aliis
2826 4064 3104 4128 Matthmi
3153 4060 3511 4144 expositio-

228 4166 455 4240 nibus,
513 4170 622 4227 aut
674 4160 931 4226 Catenis
984 4160 1247 4241 legeret,
1290 4168 1357 4223 ut
1422 4161 1888 4241 TheOphylacti
1956 4162 2169 4225 locum
2220 4166 2622 4243 depravaret.
2676 4166 2748 4225 In
2787 4182 2860 4226 ea
2922 4164 3151 4243 utique
3217 4163 3509 4243 ejusdem

230 4262 651 4343 evangelista)
697 4258 1132 4339 expositione,
1190 4275 1335 4336 quae
1396 4258 1463 4321 in
1520 4260 1742 4321 codice
1799 4261 1879 4322 26
1942 4263 2208 4324 Venetae
2250 4264 2461 4325 Sancti
2516 4264 2709 4325 Marci
2745 4260 3156 4324 bibliotheca:
3199 4262 3512 4323 tribuitur

228 4362 467 4428 Nicetce
526 4358 819 4438 episcopo
879 4352 1295 4434 metropoleos
1357 4355 1701 4435 Naupacti,
1757 4374 1828 4419 ac
1885 4359 2078 4421 etiam
2122 4360 2614 4441 TheOphylacto
2671 4358 3004 4439 aliquibus
3045 4358 3109 4420 in
3172 4358 3509 4421 codicibus

232 4458 473 4521 tributa
533 4455 796 4528 dicitur,
858 4460 931 4514 ut
988 4453 1441 4515 adnotavimus
1492 4471 1673 4514 num.
1722 4454 1824 4529 58,
1864 4456 2086 4518 cadem
2142 4457 2278 4519 fere
2314 4460 2507 4521 verba
2562 4459 2865 4537 leguntur
2909 4480 2924 4523 :
2975 4470 3209 4540 Πρώτην
3260 4464 3355 4523 οὖν
3400 4466 3511 4521 τῶν

243 4556 497 4627 ’Δξύμων
534 4549 771 4607 ἐνταῦθα
815 4549 951 4621 φησὶ
977 4552 1004 4603 ὁ
1035 4548 1319 4613 Ματθαῖος
1348 4551 1447 4622 τὴν
1492 4551 1600 4621 πρὸ
1635 4551 1744 4606 τῶν
1809 4550 2063 4622 Ἀζύμων
2116 4554 2334 4626 ἡμέραν
2371 4556 2491 4626 (τὴν
2528 4559 2989 4631 τρισκαιδεκάτην
3025 4561 3123 4629 μὲν
3170 4560 3265 4611 τοῦ
3316 4556 3507 4629 μηνὸς,

231 4645 494 4715 πέμπτην
542 4642 640 4711 τῆς
686 4638 1025 4711 ἑϐδομάδος).
1059 4634 1183 4692 Οἷον
1208 4656 1261 4691 τι
1304 4638 1469 4707 λέγω,
1496 4642 1562 4710 τῇ
1600 4641 1933 4713 Παρασκευῇ
1971 4642 2212 4711 ἑσπέρας
2237 4643 2461 4715 ἔμελλον
2484 4646 2534 4697 οἱ
2592 4647 2837 4701 Ἰουδαῖοι
2861 4651 3055 4717 φαγεῖν
3084 4648 3145 4701 τὸ
3171 4648 3377 4718 πάσχα,
3417 4646 3510 4699 καὶ

232 4745 375 4818 αὕτη
420 4741 672 4797 διαλεῖτο
706 4737 815 4793 τῶν
857 4737 1126 4808 ’Δξύμων.
1162 4728 1439 4789 Primam
1462 4729 1841 4807 Azymorum

1892 4734 1987 4792 'toc
2031 4732 2166 4791 loco
2216 4732 2372 4794 dicit
2408 4735 2765 4810 Matlhceus,
2802 4755 2936 4816 qum
2962 4734 3263 4815 prwcedit
3292 4754 3510 4814 azyma

232 4836 512 4918 (tertiam
563 4829 863 4891 decimam
902 4827 1155 4898 mensis,
1207 4828 1493 4905 quintam
1542 4826 1939 4889 hebdomadce
1996 4828 2209 4909 diem).
2272 4830 2345 4892 Ut
2377 4832 2471 4892 ita
2529 4834 2735 4893 dicam
2772 4855 2791 4895 :
2823 4834 3190 4908 Parasceve,
3229 4850 3505 4911 vespere,

227 4930 438 4996 Judai
473 4918 923 5001 manducaturi
971 4932 1152 4985 erant
1195 4927 1461 5003 pascha,
1506 4934 1562 4986 el
1612 4927 1754 5004 ipsa
1802 4925 2248 5006 appellabatur
2299 4930 2706 5007 Azymorum.
2759 4932 2911 4993 Sine
2950 4930 3150 4993 dubio
3185 4929 3510 4993 sententia

230 5043 459 5093 eorum
494 5026 627 5087 hmc
658 5032 776 5095 est,
814 5022 928 5101 qui
954 5021 1280 5085 Christum
1315 5039 1441 5084 una
1488 5022 1592 5085 die
1627 5023 1987 5102 legitimum
2026 5027 2418 5103 praevenisse
2457 5027 2717 5098 Pascha,
2753 5028 3103 5107 ipsumque
3144 5026 3508 5089 celebrasse

230 5125 336 5189 die
371 5122 561 5187 tertia
591 5120 844 5184 decima
886 5116 1211 5179 tenebant.
1252 5120 1494 5179 Eadem
1531 5136 1721 5197 porro
1768 5120 1888 5183 hoc
1919 5122 1991 5183 in
2026 5122 2166 5185 loco
2199 5123 2388 5185 verba
2424 5132 2597 5197 sunt,
2628 5142 2773 5203 quae
2802 5125 3129 5201 [XXXIII]
3160 5132 3510 5187 occurrunt

231 5220 297 5283 in
332 5221 557 5283 vitiato
581 5225 760 5279 textu
794 5214 1285 5295 Theophylacti.
1321 5216 1506 5277 Haud
1542 5215 1868 5279 absimilia
1899 5218 2177 5300 legimus
2208 5221 2274 5282 in
2322 5222 2530 5299 prima
2566 5224 2737 5301 apud
2793 5222 3136 5285 Possinum
3171 5224 3404 5285 Catena
3438 5222 3505 5284 in

232 5318 601 5380 Matthaaum
642 5333 655 5376 :
692 5337 723 5373 α
770 5314 1045 5375 Primam
1077 5316 1471 5392 Azymorum
1500 5312 1679 5386 dicit,
1713 5330 1858 5393 quae
1900 5314 2203 5392 praecedit
2238 5324 2620 5393 Azymorum
2662 5315 2832 5377 diem
2870 5318 3165 5394 primam.
3201 5317 3499 5379 Consue-

233 5424 467 5478 verunt
506 5412 682 5477 enim
714 5411 951 5487 Judtei,
1000 5430 1033 5472 a
1076 5428 1346 5490 vespera
1403 5429 1747 5474 numerare
1780 5413 1921 5475 dies
1962 5431 1977 5473 :
2014 5419 2079 5474 et
2111 5412 2252 5492 ejus
2286 5412 2443 5489 diei,
2476 5414 2543 5475 in
2592 5412 2758 5475 festo
2792 5414 3047 5476 Paschaa
3078 5416 3503 5487 recensendo,

235 5513 467 5576 habere
533 5512 877 5585 rationem,
945 5526 1075 5589 qua
1128 5510 1252 5571 sub
1312 5526 1648 5589 vesperam
1715 5510 1953 5589 paratis
2002 5510 2248 5589 azymis
2312 5527 2517 5589 agnus
2571 5511 3069 5575 sacriﬁcabatur.
3112 5536 3140 5570 ι
3176 5513 3506 5575 Hactenus

230 5610 625 5675 conveniunt
656 5609 898 5672 omnia.
934 5607 1243 5688 Sequitur
1271 5614 1487 5669 textus
1524 5632 1540 5672 :
1594 5617 1686 5671 Ἐν
1730 5617 1837 5690 γὰρ

1890 5621 1933 5688 ’ἦ
1982 5618 2323 5691 Παρασκευῇ
2379 5619 2625 5689 ἑσπέρας
2680 5618 2909 5691 ἔμελλον
2959 5620 3157 5673 ἐκεῖνοι
3197 5621 3397 5691 φαγεῖν
3447 5619 3508 5673 τὸ

233 5719 437 5791 πάσχα,
477 5707 824 5769 Parascevc
873 5705 1032 5767 enim
1062 5722 1319 5786 vespera
1346 5705 1805 5771 manducaturi
1854 5716 2034 5769 erant
2090 5708 2360 5770 Pascha.
2395 5710 2488 5770 En
2544 5712 2780 5771 iterum
2818 5707 3013 5773 verba
3046 5710 3113 5771 in
3146 5708 3502 5789 Theophy-

237 5805 382 5869 lacti
440 5803 655 5867 locum
712 5802 988 5866 invecta.
1033 5802 1315 5865 Audacis
1360 5804 1843 5883 interpolatoris
1906 5807 2259 5869 consilium
2308 5806 2515 5869 fuisse
2572 5808 2916 5886 perspicue
2966 5813 3159 5885 patet,
3192 5814 3262 5871 ut
3313 5806 3508 5870 verba

238 5900 707 5981 TheOphylacti
746 5900 813 5962 in
841 5916 979 5963 eam
1018 5898 1389 5965 Grmcorum
1424 5903 1838 5979 sententiam,
1881 5905 2301 5983 corruptione
2351 5904 2630 5979 inveCta,
2668 5902 3069 5979 deflecteret,
3104 5923 3250 5986 qum
3281 5908 3505 5970 Iesum
