4098 6330
656 322 732 389 π
820 368 823 371 t
1497 312 1725 381 anan.
1765 313 2033 373 manu;
2067 268 2166 374 ne
2202 314 2274 375 tu

2292 313 2497 373 JBEIS
2534 312 3044 375 DISSERTATIO
3837 312 3910 378 76

656 435 1074 517 participatio
1106 428 1411 510 corporis
1458 424 1705 491 Christi
1732 436 1825 487 est
1848 430 1879 488 Υ
1917 427 2037 488 Sed
2096 427 2326 489 eodem
2368 427 2565 489 modo
2599 426 2766 487 idem
2801 425 3147 503 Apostolus
3205 424 3342 503 capi
3356 432 3412 491 te
3445 442 3539 497 ιι,
3580 442 3639 488 v.
3677 424 3781 499 25,
3821 425 3911 485 ait

656 535 978 597 Christum
1016 529 1378 607 instituiss'
1401 524 2308 604 Eucharistiammccipiautam
2332 540 2581 603 panem,
2607 530 2664 582 ει
2677 522 2919 599 gratias
2939 528 3241 599 agentem,
3266 529 3328 580 et
3342 521 3758 605 frangentem,
3777 527 3907 583 ελα-

658 640 753 691 6¢v
782 638 984 709 lpmv,
1009 638 1107 691 καὶ
1140 633 1544 706 εὐχαριστήσας
1576 630 1811 697 hletae;
1852 637 2045 700 quem
2080 627 2145 681 tu
2168 636 2276 697 pal

1576 630 1811 697 ἐκλασι;
1852 637 2045 700 quem
2080 627 2145 681 tu
2168 636 2407 697 panem
2432 617 2754 699 intelligis
2789 633 3111 695 azymum.
3188 672 3190 675 ,

674 756 687 781 ν.
741 725 922 787 Vetat
957 739 1107 786 vero
1153 720 1342 797 nihil,
1388 719 1742 801 quominus
1797 716 2125 780 communi
2174 716 2250 779 in
2315 714 2741 789 comestione,
2784 712 3335 789 ubi‘sacriﬁcium
3395 714 3904 787 eucharisticon

661 821 876 902 peragi
900 820 1323 902 Contingeret,
1360 816 1553 881 modo
1602 816 1784 893 panis
1819 814 2245 889 fermentatus
2293 810 2725 883 inveniretur,
2759 810 2953 871 ωοόο
2983 826 3277 890 azymus,
3312 817 3385 872 ut
3422 811 3676 888 Nicetas
3708 811 3901 877 Nico-

666 918 1019 980 mediensis
1067 915 1311 988 aiebat,
1376 919 1567 992 prout
1598 911 1926 990 hospitum
1965 921 2078 972 aut
2102 905 2862 972 comedentiumferebat
2894 906 3214 994 voluntas,
3246 906 3762 988 exposcebatque
3790 917 3904 972 aut

580 1055 584 1059 «
659 1029 797 1074 sors
821 1027 1063 1088 eorum,
1086 1008 1596 1083 mediocrismut‘
1620 1006 2026 1070 consuetudo
2057 1004 2415 1077 delicatior,
2440 1012 2553 1065 aut
2578 1002 2889 1081 temporis
2920 1002 3431 1064 cireumstantia.
3495 1003 3671 1066 Nihil
3705 997 3900 1068 etiam

660 1116 824 1169 vetat
864 1155 874 1175 .,
910 1107 1266 1186 quominus
1334 1104 1412 1166 ad
1478 1101 1759 1179 exempli
1817 1100 2051 1163 Christi
2108 1101 2792 1165 commemorationem
2855 1115 3118 1177 azymus
3182 1099 3387 1177 panis
3423 1099 3504 1162 ad
3558 1090 3901 1175 consecta-

656 1205 894 1265 tionem
929 1203 1291 1274 aﬁ'erretur,
1338 1199 1457 1279 qui"
1493 1197 1711 1263 subito
1746 1197 1952 1275 parari
1996 1204 2272 1273 poterat.
2326 1188 2649 1259 ac'veluti
2708 1213 2788 1257 ex
2824 1203 3139 1273 tempore.
3209 1194 3565 1275 Utrumque
3619 1215 3900 1279 namque

653 1316 849 1361 sacra
922 1299 1265 1376 Scriptura
1327 1312 1581 1373 panem,
1635 1302 1819 1373 ἄρτον,
1883 1300 2128 1355 vocant.
2204 1294 2356 1355 Hac
2410 1309 2584 1361 vero,
2618 1308 2764 1371 qua
2812 1309 2931 1353 nos
2974 1299 3253 1355 attamen
3311 1293 3379 1355 in
3428 1295 3644 1358 medio
3696 1295 3901 1361 relin-

654 1396 941 1474 quimus,
977 1394 1127 1461 satis
1155 1399 1327 1463 suut,
1366 1399 1437 1453 ut
1473 1396 1857 1465 innotescat,
1895 1406 2019 1451 non
2056 1388 2301 1455 lancem
2337 1390 2480 1466 plus
2512 1389 2797 1450 tribuere
2829 1387 3068 1451 Gracis
3100 1405 3293 1467 quam
3328 1390 3600 1453 Latinis.

736 1515 767 1547 α
816 1498 893 1552 At
918 1491 1092 1569 quod
1126 1490 1327 1568 magis
1363 1486 1751 1565 persuadere
1781 1495 1841 1547 te
1875 1484 2063 1547 debet
2092 1484 2772 1565 laitTheophylactus)
2799 1492 2894 1546 est
2930 1484 3279 1548 multitudo
3310 1485 3743 1550 Orientalium
3778 1490 3893 1553 Dei

652 1588 1091 1660 sacerdotum,
1132 1596 1196 1649 et
1245 1583 1545 1647 Ecclesia
1573 1580 2176 1667 gierosolymitana
2241 1580 2547 1659 dignitas.
2602 1580 2781 1641 Adde
2840 1580 3058 1655 Indos,
3128 1580 3888 1667 Ethiopes,1Egyptum,

651 1649 875 1763 Libya
917 1649 1149 1761 partes.
1189 1705 1219 1737 ι
1254 1649 1715 1743 Auctoritatem
1750 1687 1812 1739 et
1850 1649 2060 1739 mores
2110 1649 2543 1739 Orienialium
2591 1649 3100 1738 Christianorum
3133 1692 3264 1739 non
3295 1649 3745 1756 despicimus:
3779 1649 3897 1747 cur

652 1794 803 1839 vero
856 1787 921 1841 tu
973 1794 1189 1839 mores
1224 1784 1285 1837 et
1316 1776 1756 1839 auctoritatem
1789 1773 2306 1837 Occidentalium
2340 1772 2798 1846 Ecclesiarum,
2824 1773 3243 1852 maximeque
3286 1776 3587 1837 Romana
3618 1775 3894 1855 insuper

653 1876 887 1936 habes?
914 1877 1055 1943 Jam
1101 1873 1577 1945 adnotavimus,
1629 1866 1995 1933 Orientales
2055 1870 2226 1932 inter
2273 1878 2338 1931 et
2393 1868 2871 1942 Occidentales,
2928 1870 3168 1930 saculo
3222 1868 3525 1932 Ecclesia
3577 1873 3890 1948 secundo,

654 1971 903 2036 Aniceti
938 1987 1111 2049 papa
1142 1977 1428 2047 tempore
1472 1986 1544 2031 ac
1576 1968 1910 2046 Polycarpi
1940 1970 2415 2046 Smyrnaorum
2449 1964 2765 2043 episcOpi,
2800 1972 2935 2025 tum
2974 1968 3053 2025 de
3096 1963 3428 2039 Paschate,
3459 1974 3595 2029 tum
3625 1972 3707 2029 de
3738 1968 3896 2049 qui-

651 2071 925 2135 busdam
954 2067 1103 2129 aliis
1141 2066 1400 2137 ritibus,
1428 2083 1501 2127 ac
1533 2081 1689 2127 sane
1716 2064 1797 2125 de
1832 2080 1995 2143 pane
2036 2063 2494 2132 eucharistico,
2532 2067 2599 2120 ut
2629 2060 3174 2121 verisimillimum
3209 2075 3331 2134 est,
3359 2062 3643 2142 aliquam
3661 2062 3892 2145 fuisse,

651 2172 810 2231 teste
848 2163 1116 2234 lrenao,
1146 2160 1440 2240 ejusdem
1470 2158 1689 2237 saculi
1726 2158 2427 2232 Patre,;diﬁ‘erentiam.
2474 2159 2650 2218 Hanc
2696 2156 2964 2218 silentio
3018 2159 3252 2233 premit
3310 2159 3627 2238 Bulgarus
3681 2163 3894 2235 archi-

650 2261 1024 2340 episcOpus.
1068 2257 1293 2331 Quid?
1335 2257 1511 2334 quod
1550 2254 1819 2316 Michael
1856 2254 2227 2316 Cerularius
2284 2254 2349 2315 iu
2384 2252 2660 2331 epistola
2684 2255 2875 2314 citata
2932 2253 3010 2315 ad
3063 2256 3319 2317 Petrum
3379 2256 3887 2335 Antiochenam,

650 2374 832 2419 num.
870 2354 956 2427 X,
1000 2352 1215 2423 refert,
1254 2374 1284 2409 ι
1316 2368 1383 2414 se
1415 2350 1769 2423 audivisse,
1799 2350 1971 2431 quod
2000 2349 2283 2430 praedicti
2329 2351 2461 2411 duo
2498 2349 2869 2426 patriarcha
2899 2349 3404 2429 (Alexandrinus
3435 2360 3498 2413 et
3553 2352 3889 2436 Jerosoly-

653 2451 960 2531 mitanrus)
993 2465 1123 2510 non
1163 2446 1377 2508 solum
1426 2446 1591 2509 alios
1642 2447 1889 2524 azymis
1937 2454 2269 2508 vescentes
2310 2444 2636 2522 recipiunt
2670 2464 2686 2504 :
2723 2444 2839 2507 sed
2876 2453 2939 2505 et
2974 2445 3099 2522 ipsi
3156 2444 3513 2525 aliquando
3543 2448 3609 2509 in
3640 2444 3889 2530 azymis

654 2562 909 2610 sacrum
968 2543 1318 2609 conﬁciunt
1364 2540 1777 2613 sacriﬁcium.
1824 2563 1854 2599 ι
1917 2542 2044 2603 Leo
2097 2541 2289 2603 etiam
2327 2541 2733 2603 Acbridanus
2775 2538 2841 2601 in
2892 2540 3297 2621 Fragmentis
3347 2542 3517 2620 apud
3578 2543 3888 2609 Allatium

652 2642 821 2705 libro
846 2654 917 2703 ιιι
957 2642 1047 2702 De
1085 2636 1761 2714 commicna,’-capite
1794 2635 1889 2711 1b,
1928 2636 2055 2708 ait,
2098 2652 2154 2694 *ι
2180 2639 2518 2698 -Armenos
2551 2644 2614 2697 et
2660 2635 3022 2725 Egyptios‘
3048 2653 3192 2698 cum
3230 2637 3484 2707 Judais
3537 2641 3891 2707 conrenire

651 2746 912 2818 propter
946 2733 1349 2801 oblationem
1384 2748 1766 2812 azymorum
1804 2753 1821 2792 :
1858 2753 1890 2789 ι
1920 2746 2049 2810 qua
2076 2733 2157 2793 de
2216 2749 2285 2794 re
2318 2732 2454 2810 agit
2492 2732 2975 2794 accuratissime
3021 2732 3403 2812 Lequienus
3436 2735 3503 2798 in
3557 2735 3889 2804 Disserta-

650 2834 826 2896 tione
855 2833 1027 2894 inter
1057 2827 1570 2903 Damascenicas,
1601 2826 1687 2887 De
1711 2828 1975 2906 azymis.
2484 2836 2487 2839 ’

729 2931 991 2991 Factum
1026 2923 1243 2987 refero
1271 2938 1416 3003 ego,
1460 2924 1636 3002 quod
1692 2931 1953 2984 narrant
2001 2922 2371 3007 Cerularius
2418 2931 2482 2985 et
2540 2922 2948 2987 Achridanus
2983 2941 2999 2985 :
3030 2924 3184 2987 hinc
3241 2942 3393 2987 vero
3444 2926 3890 3004 deductam

648 3022 888 3088 Iudicis
918 3020 1373 3092 convenientia,
1407 3016 1727 3083 calumnia
1768 3028 1891 3080 est.
1928 3041 1959 3074 α
1987 3018 2301 3104 Alioquin
2334 3020 2390 3082 si
2422 3037 2647 3100 azyma
2677 3020 3038 3103 (inquiebat
3069 3023 3469 3087 Humbertus
3500 3025 3878 3105 cardinalis,

646 3118 887 3182 Leonis
917 3114 1333 3194 lX‘le’gatus)
1368 3128 1482 3192 per
1533 3112 1860 3175 Christum
1919 3120 1980 3173 et
2029 3113 2172 3193 ejus
2244 3115 2974 3195 Evangelium‘fueruut
3042 3117 3407 3193 maledicta,
3452 3112 3799 3198 'reprobata
3822 3131 3889 3188 et

653 3212 1003 3287 derelicta;
1036 3218 1101 3275 et
1138 3211 1291 3273 ideo
1341 3208 1654 3287 deinceps
1703 3224 1832 3270 non
1876 3207 2155 3271 debeant
2186 3210 2403 3273 oﬁ'erri
2463 3211 2533 3274 in
2572 3213 2884 3276 sacriﬁcio
2928 3212 3423 3295 Domini,-quia‘
3450 3233 3566 3297 per
3594 3218 3887 3297 Moysen

650 3310 998 3373 constituta
1034 3313 1185 3369 sunt
1226 3305 1473 3369 Judais
1510 3327 1526 3366 :
1564 3303 1810 3379 sciatis,
1855 3321 1969 3383 per
2001 3299 2138 3383 ΜΟ)
2155 3321 2294 3367 sem
2344 3323 2607 3388 quoque
2665 3309 3118 3371 fermentatum
3155 3309 3582 3380 constitutum
3637 3314 3886 3377 Judais

651 3404 858 3468 Levit.
896 3420 1006 3475 ω,
1044 3419 1104 3463 v.
1139 3401 1237 3476 13,
1269 3408 1331 3462 et
1368 3418 1560 3474 xxut,
1596 3417 1658 3461 ν.
1692 3400 1900 3461 17η...
1933 3398 2341 3478 Quapropter
2379 3403 2434 3463 si
2470 3420 2507 3463 a
2556 3402 2746 3473 nobis
2777 3418 2905 3465 non
2936 3402 3415 3469 debentolferri
3448 3423 3696 3487 azyma,
3728 3410 3889 3490 quia

648 3499 931 3563 Mosaica
950 3505 1102 3559 sunt
1142 3518 1158 3557 :
1207 3512 1325 3558 nec
1372 3511 1407 3557 a
1438 3494 1623 3557 vobis
1672 3494 1909 3557 debent
1944 3494 2164 3556 oﬁ'erri
2224 3495 2611 3559 fermentum
2659 3507 2724 3560 et
2750 3498 2867 3570 sal,
2900 3499 3057 3579 quia
3094 3516 3279 3580 aque
3310 3504 3594 3567 Mosaica
3645 3513 3883 3571 sunt...

648 3598 962 3673 Azymum
994 3592 1503 3680 Christianorum
1553 3591 1744 3670 longe
1780 3591 1973 3652 distat
2016 3591 2096 3653 ab
2140 3609 2370 3672 azymo
2420 3595 2773 3656 carnalium
2849 3594 3249 3672 Judaorum,
3311 3616 3477 3676 quos
3550 3590 3888 3682 [XXXVI]

644 3692 725 3752 ad
760 3688 1047 3751 umbram
1076 3687 1364 3750 veritatis
1395 3686 1860 3749 observandam
1891 3696 1955 3748 et
1991 3688 2365 3765 captandam
2395 3689 2529 3751 sola
2565 3690 2909 3767 promissio
2936 3698 3217 3754 terrena
3268 3692 3602 3757 felicitatis
3635 3696 3882 3760 invita-

645 3786 749 3847 bat
776 3808 791 3848 :
828 3802 948 3848 nos
980 3800 1133 3847 vero
1162 3800 1400 3863 corpus
1433 3784 1723 3847 veritatis
1763 3801 1843 3846 ex
1873 3792 2099 3864 azyma
2129 3792 2193 3845 et
2217 3786 2285 3846 in
2320 3801 2546 3866 azymo
2568 3786 2688 3849 rite
2714 3795 3096 3853 venerantes
3126 3798 3321 3868 atque
3352 3791 3732 3867 retinentes,
3756 3780 3882 3860 oro

646 3892 709 3947 et
736 3885 927 3947 corde
960 3891 1419 3963 pragustamus
1438 3882 1593 3962 jam,
1628 3898 1819 3961 quam
1857 3882 2075 3945 suavis
2106 3889 2206 3944 est
2252 3882 2605 3955 Dominus;
2640 3899 2846 3944 unum
2889 3890 3181 3962 petentes
3223 3876 3501 3965 ab‘ipso,
3534 3894 3598 3950 et
3634 3888 3883 3955 hocre-

645 3982 997 4061 quirentes,
1026 3987 1098 4042 ut
1141 3995 1510 4042 maneamus
1540 3979 1608 4041 in
1640 3995 1743 4053 eo,
1780 3987 1842 4041 et
1880 3979 2021 4056 ipse
2056 3978 2125 4040 in
2176 3977 2365 4040 nobis
2403 3977 2469 4039 in
2500 3986 2836 4041 aeternum.
2870 4002 2901 4036 ι
2929 3980 3131 4041 Multa
3179 3982 3247 4043 in
3295 3998 3455 4044 nova
3510 3984 3649 4063 lege
3693 4002 3887 4054 asur-

646 4077 808 4156 pari,
829 4092 976 4155 qua
1004 4075 1070 4136 in
1111 4074 1307 4137 veteri
1356 4082 1561 4146 erant,
1594 4073 2011 4151 perspicuum
2043 4080 2141 4135 est
2173 4095 2191 4134 :
2225 4073 2337 4134 sed
2386 4090 2515 4135 non
2544 4075 2769 4135 eodem
2803 4076 2949 4149 ﬁne,
2988 4078 3142 4155 quia
3173 4078 3493 4157 quidquid
3526 4080 3602 4141 ad
3634 4080 3881 4147 cultum

646 4173 761 4234 Dei
798 4179 979 4233 vetus
1006 4170 1115 4231 ille
1150 4169 1427 4248 pupulus
1450 4169 1717 4241 calitus
1755 4176 2104 4247 acceperat,
2132 4170 2210 4230 ad
2248 4185 2489 4231 novum
2531 4187 2640 4247 per
2669 4171 2993 4235 Christum
3039 4173 3412 4234 translatum
3454 4183 3549 4237 εει
3583 4197 3599 4238 ε
3628 4178 3707 4238 δι)
3741 4197 3882 4241 um.

644 4267 753 4329 bra
775 4266 855 4330 ad
888 4265 1242 4337 veritatem,
1271 4280 1308 4325 a
1338 4264 1545 4341 signis
1573 4264 1654 4325 ad
1711 4280 1841 4339 res,
1871 4280 1907 4325 a
1938 4262 2166 4326 timore
2212 4264 2290 4326 ad
2320 4281 2629 4341 amorem,
2657 4281 2692 4328 a
2742 4267 3053 4331 servitute
3104 4270 3181 4330 ad
3241 4271 3624 4346 libertatem,
3655 4260 3689 4335 a
3724 4275 3879 4338 ﬁliis

642 4363 758 4431 ira
786 4363 867 4425 ad
897 4361 1061 4424 ﬁlios
1089 4361 1329 4439 gratia.

723 4480 754 4516 ι
806 4458 929 4520 Sed
962 4465 1023 4519 et
1076 4454 1554 4520 Corinthiorum
1608 4453 1911 4518 Ecclesia
1961 4470 2189 4534 panem
2250 4459 2611 4533 considera,
2660 4476 2853 4539 quam
2894 4476 3050 4523 sane
3101 4478 3229 4523 non
3278 4463 3632 4537 accusabis,
3685 4470 3879 4547 quasi

644 4555 1016 4615 traditiones
1065 4570 1195 4615 non
1252 4561 1612 4614 servantem
1652 4551 1756 4613 :is
1810 4551 2009 4625 enim,
2046 4553 2161 4631 qui
2205 4555 2567 4614 traditionis
2614 4564 2707 4616 est
2736 4566 2958 4618 auctor
2999 4558 3356 4640 (apostolus
3406 4560 3692 4641 Paulus),
3732 4580 3875 4627 eam

645 4658 711 4711 ut
756 4656 1117 4710 servantem
1180 4646 1753 4711 commendavit...
1812 4647 2041 4738 Audis,
2088 4663 2217 4707 non
2268 4648 2517 4721 dubito,
2551 4657 2613 4711 et
2650 4653 2880 4713 Sardos
2940 4662 3109 4729 tuos,
3158 4654 3601 4718 testimonium
3661 4661 3879 4738 perhi-

540 4824 549 4831 '
646 4747 866 4806 bentes
919 4753 1140 4806 contra
1215 4758 1589 4823 azymorum
1649 4736 2067 4829 oblationem.
2104 4764 2136 4799 ι
2196 4745 2380 4806 Panis
2436 4744 2799 4808 fermentati
2864 4767 3053 4810 usum
3107 4764 3391 4829 agnosco,
3450 4753 3519 4815 in
3587 4736 3873 4827 Ecclesia

643 4839 1121 4903 Corinthiorum
1156 4840 1394 4902 :ritum
1411 4835 1787 4917 azymorum
1816 4836 1913 4899 ab
1954 4835 2064 4910 iis,
2097 4838 2208 4917 qui
2241 4858 2380 4903 eam
2426 4842 2980 4921 administrarunt,
3016 4848 3422 4925 sapientibus
3474 4852 3873 4916 antistitibus

642 4941 975 5018 rejectum,
1024 4955 1316 5017 eamque
1350 4937 1434 5001 ob
1486 4952 1747 5000 causam
1826 4935 2254 5014 reprehensos
2312 4939 2758 5001 Occidentales
2812 4958 2939 5003 non
3000 4943 3225 5006 habeo.
3298 4947 3668 5009 Servantem
3733 4966 3872 5012 eam

640 5039 1011 5100 traditiones
1062 5037 1280 5100 laudat
1335 5036 1678 5115 Apostolus
1726 5054 1740 5096 :
1798 5035 2027 5115 quidni
2089 5051 2239 5097 vero
2302 5036 2523 5112 primis
2586 5037 2987 5115 temporibus
3037 5058 3151 5118 pro
3214 5041 3553 5117 traditione
3619 5058 3872 5123 accepta

638 5134 921 5195 oblatum
971 5130 1167 5194 fuerit
1207 5148 1442 5211 corpus
1494 5132 1905 5193 Dominicum
1946 5131 2014 5191 in
2082 5148 2307 5210 czymo
2344 5133 2714 5211 aliquando,
2745 5135 2903 5196 alias
2938 5136 3003 5195 in
3062 5135 3491 5200 fermentata?
3534 5141 3871 5214 Quodnam

536 5274 541 5275 κ
640 5231 723 5291 sit
756 5229 914 5289 illud
952 5227 1255 5291 Ecclesia
1283 5228 1718 5292 Sardiniensis
1749 5227 2190 5291 testimonium
2232 5238 2448 5290 contra
2482 5230 2872 5303 oblationem
2926 5248 3326 5310 azymorum,
3386 5232 3647 5313 probata
3695 5239 3871 5303 nulla

639 5324 832 5387 refert
868 5323 1164 5387 historia.

723 5424 850 5484 Cur
882 5437 1033 5482 vero
1076 5420 1554 5483 Corinthiorum
1600 5420 1902 5482 Ecclesia
1935 5427 1995 5479 et
2032 5420 2333 5481 Ecclesia
2376 5421 2721 5481 Sardorum
2777 5421 3120 5498 specialem
3173 5426 3421 5505 ingerat
3473 5430 3871 5493 mentionem

640 5516 1205 5597 TheOphylactus?
1236 5519 1501 5578 Causam
1542 5525 1696 5592 puto
1752 5534 1852 5577 me
1900 5516 2497 5592 comprehendisse.
2559 5519 2796 5593 Nempe
2847 5536 3049 5580 canon
3099 5530 3193 5580 est
3226 5524 3575 5586 Trullanus
3625 5529 3693 5586 11
3735 5544 3868 5606 quo

638 5625 926 5690 cavetur,
972 5639 1002 5672 α
1037 5634 1117 5678 ne
1148 5616 1365 5677 ﬁdeles
1404 5617 1772 5675 Judaorum
1827 5630 2046 5691 azyma
2082 5611 2443 5681 comedam,
2493 5627 2611 5671 nec
2650 5611 2843 5670 ullam
2895 5629 3040 5673 cum
3083 5614 3181 5672 eis
3224 5613 3719 5678 familiaritatem
3755 5618 3869 5679 ha-

644 5712 855 5778 beant.
900 5715 994 5776 vel
1046 5716 1111 5776 in
1156 5711 1393 5775 morbis
1448 5727 1557 5773 eos
1616 5719 1961 5774 accersam.
2003 5734 2031 5764 υ
2065 5710 2250 5770 Iluuc
2287 5725 2615 5779 canonem,
2658 5708 2857 5769 veluti
2916 5709 3251 5771 conditum
3305 5726 3340 5772 a
3389 5714 3640 5792 synodo
3686 5726 3872 5778 sexta
