4098 6330
236 478 301 542 77
730 510 731 513 η
1091 471 1194 535 DE
1230 463 1820 533 THEOPHYLACTI
1861 459 2142 523 GESTIS
2180 458 2280 521 ET
2319 454 2688 520 SCRIPTIS.
3451 440 3528 504 78

242 590 663 663 meumenica,
703 587 837 669 jam
881 584 1039 648 olim
1070 598 1445 661 apposucre
1470 574 1676 641 Graeci
1700 581 1921 637 contra
1953 567 2869 669 eucharisticumiatin‘orum
2903 560 3102 669 ritum
3131 580 3145 621 :
3180 554 3527 669 eidemque

241 652 1058 752 auctoritatem'arcessunt
1090 652 1180 744 ei
1232 676 1575 758 praesentia
1611 674 1973 752 legatorum
2004 669 2183 731 sedis
2235 664 2613 745 apostolicm
2661 663 2991 758 Romanae,
3029 652 3531 758 Corinthiorum

244 744 965 868 ;;£;;.;,}.-j’;fe,;;-;capi
1006 744 1308 843 Εσειεεὲω
1356 776 1428 837 in
1475 744 2065 868 ξηεαιιῖεανᾴίηίω.
2100 767 2181 868 at
2239 763 2461 868 fabula
2491 760 2627 868 haec
2667 774 2824 868 εἶδε..⁸
2854 744 3533 868 ωιιξξὶξθιιᾼίὶὺέξιξε

246 846 639 957 ξᾏῆὀυῖδξυι
672 846 818 946 mox
871 846 1100 942 latiore
1146 873 1500 941 dicendum
1547 876 1646 931 est
1681 866 2019 931 .oratione.
2082 862 2180 925 Ad
2240 861 2405 923 hanc
2462 855 2872 960 sinedubio
2928 848 3261 960 alludebat
3311 846 3532 960 Theo-

673 942 945 1042 interim
1010 989 1167 1037 vero
1224 983 1577 1053 germanus
1664 963 1846 1028 allati
1916 978 2190 1025 canonis
2235 975 2470 1021 sensus
2556 953 2845 1061 minime.
2898 946 3203 1061 sacriﬁcii
3247 942 3536 1061 “adibi-

250 1040 743 1139 iis‘ticiritumi
779 1079 1049 1155 spectat,
1120 1040 1263 1134 sed“
1296 1064 1840 1137 communionem
1888 1069 1954 1124 et
2011 1058 2391 1122 societatem
2442 1070 2591 1117 cum
2637 1049 2888 1114 Judaeis
2950 1043 3294 1111 interdicit
3350 1040 3541 1105 Chri-

251 1175 471 1236 tianis.

330 1274 433 1334 70.
488 1269 802 1349 Sequitur
827 1266 1162 1349 jejunium
1199 1260 1478 1335 Sabbati,
1521 1258 1605 1321 de
1644 1272 1779 1337 quo
1815 1251 2287 1349 Theophylacti
2340 1248 2475 1311 haec
2512 1252 2613 1311 est
2660 1242 2985 1349 sententia
3018 1258 3034 1302 :
3080 1262 3111 1297 α
3138 1236 3214 1349 ξί
3242 1240 3539 1349 vestrum

251 1328 445 1430 etiam
478 1328 1187 1446 tingohootojyunt’um
1215 1328 1517 1425 severius
1557 1328 1886 1419 discutere
1932 1328 2124 1411 nobis
2166 1346 2416 1419 liceret,
2469 1343 2968 1446 ostenderemus
3014 1334 3307 1446 profecto
3368 1328 3542 1446 ilind

251 1482 471 1545 neque
506 1436 980 1543 apostolorum,
1012 1476 1230 1539 neque
1257 1452 1861 1520 Patrum‘doctrinaa
1885 1463 2031 1545 esse
2059 1449 2601 1545 consentaneum.
2636 1436 2950 1545 Apostoli
2992 1443 3217 1498 contra
3249 1447 3391 1542 eos,

251 1534 592 1625 Dominica
628 1558 725 1619 vel
759 1534 1057 1629 Sabbato,
1092 1534 1227 1618 uno
1265 1560 1568 1633 excepto,
1608 1549 1940 1630 jejunant,
1984 1544 2373 1640 decernunt,
2422 1540 2477 1601 si
2506 1538 2651 1601 laici
2699 1534 3549 1640 sunt,_ex_communicalio-

256 1675 433 1733 nem,
476 1658 533 1719 si
574 1654 819 1729 clerici,
878 1652 1392 1733 depositionem.
1441 1651 1671 1728 Neque
1721 1660 1875 1707 vero
1926 1639 2314 1719 illegitimos
2347 1636 2512 1699 istos
2562 1649 2854 1733 canones
2878 1632 3288 1733 judicaveris
3321 1644 3337 1689 :
3372 1639 3545 1733 quos

256 1724 438 1817 sexta
461 1756 758 1832 synodus
790 1724 1091 1813 venerata
1142 1757 1264 1818 est,
1302 1748 1413 1812 cui
1447 1724 1746 1826 dogmata
1801 1738 2121 1806 sancienti
2166 1734 2362 1817 legati
2387 1732 2606 1832 vestri
2657 1730 3023 1832 Agathonis
3055 1724 3547 1832 interfuerunt?

258 1824 544 1913 canones
579 1857 797 1913 autem
836 1846 1073 1910 ferenti
1124 1844 1334 1908 adfuit
1380 1824 1688 1906 incitator
1749 1838 2033 1902 Basilius
2087 1834 2251 1897 adeo
2309 1824 2647 1905 asSiduus,
2706 1836 2779 1891 ut
2828 1824 2999 1890 nulli
3055 1824 3547 1905 congregationi

260 1949 393 2013 (aut
418 1948 699 2010 sessioni
736 1947 804 2008 in
835 1943 1090 2023 synodo
1122 1938 1327 2021 sexta)
1357 1947 1597 2003 nostrai
1643 1939 1929 2002 deesset.
1973 1935 2211 1997 Verum
2260 1943 2324 1993 et
2385 1928 2778 2025 Laodicenaa‘
2814 1924 3056 2025 synodi
3095 1925 3344 1994 Patres,
3372 1934 3553 2025 quos

262 2048 459 2107 etiam
501 2051 683 2107 sexta
713 2015 1010 2125 synodus
1050 2015 1319 2103 summo.
1362 2038 1433 2101 in
1474 2037 1724 2101 honore
1759 2031 2013 2106 habuit,
2071 2034 2439 2093 sanxerunt
2468 2026 2539 2089 in
2594 2020 3297 2128 Quadragesimanen
3323 2015 3552 2128 oderri

260 2157 519 2218 panem,
576 2112 1002 2219 praeterquam
1049 2138 1120 2201 in
1167 2137 1444 2200 Sabbato
1488 2142 1554 2198 et
1613 2130 1994 2205 Dominira;
2025 2128 2204 2209 quod
2245 2142 2404 2189 sane
2454 2139 2589 2187 non
2640 2120 3051 2194 statuissent,
3090 2115 3152 2181 si
3198 2112 3551 2179 Sabbatum

257 2238 495 2319 jejunii
529 2239 712 2301 diem
758 2232 1244 2316 cognovissent,
1280 2256 1312 2291 ι
1345 2241 1469 2295 etc.

341 2335 606 2399 Mendis
642 2350 715 2397 ac
749 2310 1006 2397 fabellis
1055 2331 1196 2395 haec
1222 2310 1439 2394 scatet
1481 2326 1993 2407 argumentatio.
2031 2323 2334 2387 Fabellas
2394 2327 2618 2397 postea
2668 2318 2911 2399 adjecit
2954 2315 3119 2410 alias
3178 2310 3550 2385 Balsamon,

261 2431 827 2497 schismaticorum
862 2438 1199 2509 patronus,
1241 2428 1309 2491 in
1343 2429 1869 2490 Nomocanonem
1924 2421 2136 2485 Pbotii
2181 2438 2196 2483 :
2233 2418 2561 2499 prtedictis
2594 2415 2959 2481 canonibus
2987 2428 3297 2476 asserens
3329 2433 3360 2467 ι
3398 2412 3557 2471 sub-

260 2526 610 2604 scripsisse
636 2528 1071 2588 Ravennatem
1101 2524 1458 2587 antistitem
1494 2521 1734 2603 synodi
1772 2524 2077 2583 Romanae
2110 2520 2683 2598 vieemgerentem,
2708 2524 2774 2579 et
2809 2513 3160 2595 episcopos
3195 2510 3555 2573 Thessalo-

264 2623 434 2686 nica;
461 2629 525 2685 et
554 2621 886 2697 Sardiniae,
923 2622 1252 2684 Heracleae
1297 2627 1362 2683 et
1396 2617 1718 2694 Corinthi,
1756 2619 1877 2698 qui
1923 2628 2082 2682 tunc
2117 2624 2305 2681 erant
2350 2616 2544 2699 legati
2580 2614 2935 2697 pontiﬁcis.
2993 2632 3027 2667 ι
3074 2606 3555 2693 Theophylacti

266 2717 439 2783 dicta
460 2718 597 2799 jam
626 2734 787 2782 voco
809 2719 887 2782 ad
918 2735 1215 2781 examen.
1720 2770 1723 2771 ν
1924 2796 1927 2797 ν

345 2818 452 2881 71.
500 2819 773 2881 Causam
810 2817 1039 2897 incipit
1074 2832 1374 2896 perorare
1406 2812 1979 2895 psendepigrapho
2009 2818 2459 2887 monumento,
2491 2810 2672 2891 quod
2722 2818 2825 2873 est
2880 2824 3093 2872 canon
3130 2807 3212 2870 65
3240 2806 3416 2876 inter
3445 2818 3560 2868 eos

268 2913 390 2995 qui
442 2915 901 2994 Apostolorum
954 2914 1297 2976 dicuntur.
1340 2914 1713 2976 Peritiores
1761 2912 2015 2993 quique
2074 2910 2199 2972 viri
2275 2909 2357 2971 de
2407 2906 2836 2987 supposititio
2877 2904 3019 2968 fetu
3072 2920 3206 2967 non
3236 2901 3559 2967 dubitant.

271 3014 443 3077 Num
485 3027 640 3073 vero
668 3011 750 3074 de
790 3010 1051 3091 jejunio
1082 3012 1147 3073 in
1182 3010 1484 3085 Sabbato,
1529 3026 1763 3084 necne,
1796 3007 1998 3073 fuerit
2026 3007 2371 3088 quidpiam
2402 3006 2483 3068 ab
2523 3003 2842 3084 apostolis
2898 3001 3379 3081 praescriptum,
3410 2999 3568 3062 dili-

270 3108 664 3189 gentissime
719 3107 1114 3188 perquisivit
1178 3108 1622 3188 Augustinus.
1660 3107 1777 3187 qui
1841 3106 2109 3169 demum
2167 3102 2505 3167 concludit
2552 3103 2624 3165 in
2678 3099 2958 3180 epistola
3011 3100 3091 3163 ad
3138 3097 3567 3165 Casulanum.

275 3229 310 3263 ι
351 3205 909 3270 interminabilem
946 3224 1095 3269 esse
1136 3207 1328 3268 istam
1364 3206 1822 3284 quaestionem,
1857 3208 2279 3283 generantem
2314 3200 2495 3277 lites,
2534 3215 2657 3262 nec
2690 3196 3033 3261 ﬁnientem
3066 3196 3499 3278 quaestiones.
3535 3217 3567 3252 ι

277 3304 579 3368 Canones
635 3302 789 3365 illos
849 3302 1024 3365 inter
1074 3301 1448 3382 apocrypha
1504 3300 1872 3364 amandavit
1919 3315 2044 3363 suo
2097 3298 2166 3361 in
2213 3297 2648 3361 celeberrimo
2695 3296 2964 3360 decreto
3021 3293 3405 3366 Gelasiusl,
3445 3293 3573 3355 Ito-

278 3417 513 3463 manus
548 3398 885 3478 pontifex:
919 3416 1169 3480 eosque
1194 3398 1427 3479 primis
1458 3398 1671 3461 tribus
1702 3397 2010 3461 Ecclesiae
2048 3396 2309 3460 saxulis
2342 3410 2460 3475 pro
2496 3391 2666 3457 datis
2698 3392 3212 3457 circumstantiis
3243 3391 3572 3462 conditos,

278 3496 835 3561 verisimillimum
906 3504 1028 3562 est.
1085 3497 1370 3561 Consule
1415 3495 1849 3562 Guillelmum
1925 3490 2384 3573 Beveregium,
2453 3490 2654 3555 hocce
2714 3490 2798 3553 de
2858 3490 3246 3571 argumento
3309 3489 3574 3571 egregie

285 3595 747 3658 disserentem.
1155 3618 1161 3627 -

365 3709 470 3771 72.
517 3708 628 3786 Sin
662 3707 881 3771 minus
913 3725 995 3771 ex
1029 3707 1314 3788 origine,
1347 3706 1925 3771 auctoritatemhis
1946 3704 2300 3770 conciliare
2338 3704 2872 3785 TheOphylactus
2901 3706 3125 3769 studet
3152 3704 3388 3768 saltem
3428 3726 3461 3763 α
3494 3722 3575 3769 ex

291 3805 547 3887 synodo
607 3814 811 3879 sexta,
874 3822 1022 3884 quas
1069 3805 1225 3868 iilos
1268 3812 1575 3868 venerata
1630 3812 1730 3866 est
1773 3805 1921 3866 :cui
1986 3804 2285 3883 dogmata
2336 3801 2657 3865 sancienti
2717 3802 2913 3883 legati
2963 3803 3163 3867 vestri
3217 3802 3579 3885 Agathonis

287 3900 650 3976 [XXXVII]
696 3899 1143 3963 interfuerunt
1180 3917 1195 3961 :
1253 3917 1538 3964 canones
1603 3908 1821 3963 autem
1862 3899 2099 3965 ferenti
2132 3899 2341 3965 adfuit
2384 3899 2672 3963 Basilius
2716 3901 2884 3965 adeo
2918 3891 3255 3978 assiduus,
3311 3909 3383 3965 ut
3413 3901 3576 3967 nulli

289 4000 779 4079 congregationi
805 4000 1088 4063 deesset.
1126 4023 1158 4059 ι
1189 4003 1411 4065 Errata
1456 4000 1666 4081 plura.
3074 4053 3077 4055 .

372 4097 679 4174 Synodus
711 4099 1111 4160 (ecumenica
1150 4105 1332 4159 sexta
1395 4096 1824 4161 confunditur
1852 4112 2001 4159 cum
2041 4094 2376 4169 Trullana,
2406 4112 2554 4178 qua
2591 4095 2831 4177 synodi
2889 4097 3317 4160 mcumenicaa
3350 4104 3580 4158 aucto—

292 4193 482 4254 ritate
514 4207 643 4253 non
682 4195 953 4272 potitur.
987 4193 1105 4255 Illa
1140 4194 1487 4257 adversum
1514 4194 2097 4257 Monothelitarum
2125 4193 2430 4256 haeresim
2463 4208 2639 4257 anno
2667 4192 2790 4256 680
2814 4192 3034 4255 habita
3060 4191 3213 4273 fuit,
3240 4190 3582 4273 Agathone

288 4290 651 4351 Romanam
675 4270 895 4351 sedem
962 4298 1249 4365 tenente,
1290 4299 1351 4352 et
1393 4290 1749 4369 imperium
1780 4289 2277 4353 administrante
2334 4289 2767 4353 Constantino
2837 4270 3206 4371 Pagonato:
3241 4270 3332 4353 in—
3361 4307 3578 4372 eaque

292 4401 577 4448 canones
637 4388 715 4447 ad
768 4403 984 4448 mores
1017 4395 1079 4449 et
1138 4386 1557 4466 disciplinam
1607 4394 1979 4466 spectantes
2027 4387 2279 4448 conditi
2334 4402 2471 4449 non
2528 4384 2825 4449 fuerunt.
2879 4387 3209 4462 Quoniam
3252 4405 3411 4451 vero
3466 4406 3584 4451 nec

293 4483 593 4560 synodus
652 4484 1052 4546 meumenica
1081 4485 1334 4564 quinta,
1365 4502 1581 4563 neque
1612 4498 1791 4547 sexta
1827 4501 2111 4547 canones
2145 4483 2527 4563 liujusmodi
2560 4483 2950 4557 condidere;
2999 4486 3414 4549 Justinianus
3471 4490 3583 4549 Ju-

299 4578 450 4641 nior
483 4580 821 4658 Augustus
850 4581 1233 4659 congregari
1286 4582 1611 4661 synodum
1662 4583 1867 4659 jussit
1923 4579 2516 4661 ConstantinOpoli,
2564 4597 2712 4660 qum
2752 4588 2975 4661 ageret
3005 4581 3089 4645 de
3144 4584 3587 4649 ecclesiastica

296 4675 655 4753 disciplina
686 4678 898 4756 deque
965 4694 1219 4739 morum
1280 4676 1762 4748 reformatione.
1798 4678 2029 4740 Habita
2062 4687 2354 4741 estanno
2382 4678 2524 4749 692,
2551 4677 2739 4758 juxta
2770 4678 3203 4757 probatiorem
3238 4682 3587 4747 chronolo—

296 4772 743 4849 giam,Romaa
806 4774 1077 4836 sedente.
1128 4774 1357 4851 Sergio
1386 4775 1438 4836 l.
1473 4774 1654 4835 Hanc
1721 4791 1876 4835 vero
1924 4774 2265 4839 Balsamon
2333 4774 2617 4856 appellat
2672 4776 3154 4856 quinisextam;
3214 4783 3443 4842 verant
3472 4783 3587 4845 alii

296 4869 699 4943 Trullanam,
728 4878 949 4949 utpote
1004 4870 1387 4934 celebratam
1421 4872 1490 4933 in
1519 4870 1749 4932 Trullo
1782 4872 2001 4948 magni
2036 4871 2283 4953 palatii.

377 4967 531 5028 Haec
561 4968 1088 5046 Theophylactus
1153 4975 1263 5029 aut
1313 4967 1675 5044 ignorabat,
1727 4974 1837 5027 aut
1888 4977 2063 5033 certe
2111 4970 2468 5035 simulavit.
2526 4971 2940 5052 Suscipiendi
2983 4990 3230 5036 canone
3266 4976 3332 5037 11
3414 4978 3588 5040 indi-

297 5072 555 5133 cuntur,
618 5063 730 5140 qui
770 5065 979 5125 vocari
1011 5064 1223 5125 solent
1254 5064 1539 5127 Conone:
1573 5062 2040 5143 apostolorum.
2076 5067 2299 5129 critica
2323 5067 2404 5129 de
2452 5069 2713 5149 origine
2772 5085 3002 5132 eorum
3064 5087 3197 5133 non
3283 5074 3584 5139 discussa

299 5160 689 5234 quaestione,
714 5162 1025 5241 nullaque
1056 5163 1360 5223 Romanae
1387 5163 1697 5224 Ecclesiae
1725 5162 1980 5225 ratione
2021 5162 2260 5239 habita,
2289 5180 2432 5242 quae
2454 5179 2685 5228 omnes
2714 5165 2869 5230 illos
2900 5168 3191 5246 probavit
3218 5188 3583 5249 nunquam.

372 5257 477 5317 73.
505 5259 691 5320 Plura
724 5267 1094 5339 sequuntur
1114 5260 1279 5322 circa
1296 5260 1686 5339 legationem
1708 5260 1885 5321 sedis
1907 5259 2276 5336 apostolicae
2294 5267 2500 5323 errata
2522 5262 3016 5343 TheOphylacti.
3039 5264 3113 5326 ln
3143 5267 3317 5328 Actis
3340 5268 3580 5348 syno-li

300 5364 496 5416 sextze
534 5359 947 5420 (ecumenicaa
973 5357 1320 5435 subscripti
1357 5357 1697 5434 leguntur:
1732 5380 1762 5414 κ
1794 5357 2183 5419 Theodorus
2245 5356 2519 5419 humilis
2582 5360 2924 5439 presbyter
2982 5372 3218 5425 sanctae
3277 5356 3585 5430 Romanas

307 5452 627 5522 Ecclesiae,
661 5461 725 5514 et
754 5452 965 5516 locum
995 5472 1231 5533 gerens
1270 5455 1672 5532 Agathonis;
1733 5454 2056 5529 Georgius
2092 5453 2360 5514 humilis
2392 5455 2735 5535 presbyter
2765 5465 3001 5520 sanctae
3031 5460 3333 5523 Romanae
3360 5464 3587 5527 Eccle-

302 5548 435 5613 site.
473 5557 534 5609 et
558 5550 766 5609 locum
791 5567 1025 5628 gerens
1086 5552 1471 5631 Agathonis.
1504 5597 1522 5611 .
1556 5596 1572 5613 .
1621 5554 1909 5615 Joannes
1963 5550 2243 5613 humilis
2282 5552 2603 5615 diaconus
2664 5556 2974 5618 Romani!)
3014 5558 3325 5633 Ecclesia:
3406 5572 3466 5624 et
3498 5562 3588 5626 lo-

304 5662 445 5705 cum
488 5662 726 5724 gerens
780 5646 1135 5725 Agathonis
1165 5696 1181 5710 .
1213 5696 1227 5711 .
1268 5696 1283 5710 .
1322 5695 1337 5711 .
1369 5696 1383 5708 .
1416 5651 1703 5711 Joannes
1735 5647 2183 5711 misericordia
2212 5650 2332 5710 Dei
2397 5651 2746 5729 episc0pus
2812 5653 3449 5731 Thessalonicensis,
3511 5672 3578 5723 et

303 5741 674 5821 apostolicae
724 5744 898 5806 sedis
953 5745 1170 5807 Romae
1218 5746 1469 5825 legatus
1502 5793 1515 5805 .
1556 5792 1572 5805 .
1612 5794 1625 5807 .
1695 5745 2082 5807 Theodorus
2157 5745 2427 5807 humilis
2488 5751 2827 5826 presbyter
2886 5762 3127 5815 sanctaa
3180 5757 3572 5822 Ravennatis

301 5836 633 5913 Ecclesiae,
663 5847 724 5901 et
763 5841 975 5903 locum
1012 5859 1247 5922 gerens
1302 5844 1630 5905 Theodori
1666 5844 2176 5921 archiepiscOpi;
2237 5844 2521 5905 Joannes
2572 5844 2886 5925 indignus
2940 5851 3288 5932 cpiscopus
3347 5866 3584 5922 sanctae

302 5935 679 6002 Portucnsis
710 5938 1035 6018 Ecclesiae,
1101 5941 1347 6018 legatus
1392 5940 1593 6004 totius
1658 5940 1922 6004 concilii
1967 5949 2203 6005 sancta
2238 5942 2415 6005 sedis
2466 5942 2848 6021 apostolicae
2917 5947 3178 6026 Romae;
3213 5952 3578 6018 Stephanus
