  <div class='ocr_page' id='page_1' title='image "/cluster/home/n/w/nwhite01/storage/ocr_20150623/123/pst.000005714384/047.png"; bbox 0 0 4098 6330; ppageno 0'>
   <div class='ocr_carea' id='block_1_1' title="bbox 590 353 3885 487">
    <p class='ocr_par' dir='ltr' id='par_1_1' title="bbox 590 353 3885 487">
     <span class='ocr_line' id='line_1_1' title="bbox 590 353 3885 487; baseline -0.003 -41"><span class='ocrx_word' id='word_1_1' title='bbox 590 353 713 487; x_wconf 67' lang='grc' dir='ltr'><strong>)ὲ</strong></span> <span class='ocrx_word' id='word_1_2' title='bbox 1486 375 1693 437; x_wconf 84' lang='lat' dir='ltr'><strong>BERN</strong></span> <span class='ocrx_word' id='word_1_3' title='bbox 1761 374 2028 435; x_wconf 54' lang='lat' dir='ltr'><strong>Minuta</strong></span> <span class='ocrx_word' id='word_1_4' title='bbox 2069 373 2180 487; x_wconf 14' lang='lat' dir='ltr'><strong>DE.</strong></span> <span class='ocrx_word' id='word_1_5' title='bbox 2206 372 2490 434; x_wconf 68' lang='lat' dir='ltr'><strong>auarus</strong></span> <span class='ocrx_word' id='word_1_6' title='bbox 2533 372 3037 436; x_wconf 74' lang='lat' dir='ltr'><strong>DISSERTATIO</strong></span> <span class='ocrx_word' id='word_1_7' title='bbox 3816 373 3885 437; x_wconf 88' lang='lat'><strong>80</strong></span> 
     </span>
    </p>
   </div>
   <div class='ocr_carea' id='block_1_2' title="bbox 638 484 3879 571">
    <p class='ocr_par' dir='ltr' id='par_1_2' title="bbox 638 484 3879 571">
     <span class='ocr_line' id='line_1_2' title="bbox 638 484 3879 571; baseline -0.001 -14"><span class='ocrx_word' id='word_1_8' title='bbox 638 491 1076 557; x_wconf 73' lang='lat' dir='ltr'><strong>n&#39;n-sericorilia</strong></span> <span class='ocrx_word' id='word_1_9' title='bbox 1144 492 1253 551; x_wconf 78' lang='lat' dir='ltr'><strong>Dei</strong></span> <span class='ocrx_word' id='word_1_10' title='bbox 1306 490 1653 570; x_wconf 88' lang='lat' dir='ltr'><strong>episcopus</strong></span> <span class='ocrx_word' id='word_1_11' title='bbox 1686 488 2002 560; x_wconf 66' lang='lat' dir='ltr'><strong>Corinthi,</strong></span> <span class='ocrx_word' id='word_1_12' title='bbox 2042 484 2377 566; x_wconf 46' lang='lat' dir='ltr'><strong>et&#39;legatus</strong></span> <span class='ocrx_word' id='word_1_13' title='bbox 2434 488 2800 565; x_wconf 62' lang='lat' dir='ltr'><strong>apostolica</strong></span> <span class='ocrx_word' id='word_1_14' title='bbox 2845 491 3020 552; x_wconf 89' lang='lat' dir='ltr'><strong>sedis</strong></span> <span class='ocrx_word' id='word_1_15' title='bbox 3064 492 3346 571; x_wconf 66' lang='lat' dir='ltr'><strong>antiqua</strong></span> <span class='ocrx_word' id='word_1_16' title='bbox 3395 495 3639 555; x_wconf 81' lang='lat' dir='ltr'><strong>Roma.</strong></span> <span class='ocrx_word' id='word_1_17' title='bbox 3707 489 3879 552; x_wconf 74' lang='lat' dir='ltr'><strong>Basi-</strong></span> 
     </span>
    </p>
   </div>
   <div class='ocr_carea' id='block_1_3' title="bbox 642 583 3881 667">
    <p class='ocr_par' dir='ltr' id='par_1_3' title="bbox 642 583 3881 667">
     <span class='ocr_line' id='line_1_3' title="bbox 642 583 3881 667; baseline -0 -18"><span class='ocrx_word' id='word_1_18' title='bbox 642 592 764 651; x_wconf 85' lang='lat' dir='ltr'><strong>lius</strong></span> <span class='ocrx_word' id='word_1_19' title='bbox 811 587 1247 650; x_wconf 78' lang='lat' dir='ltr'><strong>misericordia</strong></span> <span class='ocrx_word' id='word_1_20' title='bbox 1282 587 1392 649; x_wconf 84' lang='lat' dir='ltr'><strong>Dei</strong></span> <span class='ocrx_word' id='word_1_21' title='bbox 1461 588 1923 665; x_wconf 62' lang='lat' dir='ltr'><strong>episrojius,ct</strong></span> <span class='ocrx_word' id='word_1_22' title='bbox 1973 585 2373 662; x_wconf 80' lang='lat' dir='ltr'><strong>metropolitn</strong></span> <span class='ocrx_word' id='word_1_23' title='bbox 2424 584 2701 647; x_wconf 88' lang='lat' dir='ltr'><strong>civitatis</strong></span> <span class='ocrx_word' id='word_1_24' title='bbox 2770 587 3073 667; x_wconf 84' lang='lat' dir='ltr'><strong>Gortyna</strong></span> <span class='ocrx_word' id='word_1_25' title='bbox 3142 588 3377 652; x_wconf 81' lang='lat' dir='ltr'><strong>insul&#39;a</strong></span> <span class='ocrx_word' id='word_1_26' title='bbox 3411 591 3631 657; x_wconf 83' lang='lat' dir='ltr'><strong>Creta,</strong></span> <span class='ocrx_word' id='word_1_27' title='bbox 3669 592 3734 650; x_wconf 90' lang='lat' dir='ltr'><strong>et</strong></span> <span class='ocrx_word' id='word_1_28' title='bbox 3790 583 3881 648; x_wconf 85' lang='lat' dir='ltr'><strong>le-</strong></span> 
     </span>
    </p>
   </div>
   <div class='ocr_carea' id='block_1_4' title="bbox 638 678 3878 763">
    <p class='ocr_par' dir='ltr' id='par_1_4' title="bbox 638 678 3878 763">
     <span class='ocr_line' id='line_1_4' title="bbox 638 678 3878 763; baseline -0.002 -16"><span class='ocrx_word' id='word_1_29' title='bbox 638 694 820 763; x_wconf 76' lang='lat' dir='ltr'><strong>gatus</strong></span> <span class='ocrx_word' id='word_1_30' title='bbox 854 686 1045 747; x_wconf 78' lang='lat' dir='ltr'><strong>totius</strong></span> <span class='ocrx_word' id='word_1_31' title='bbox 1109 684 1362 745; x_wconf 88' lang='lat' dir='ltr'><strong>concilii</strong></span> <span class='ocrx_word' id='word_1_32' title='bbox 1419 683 1792 763; x_wconf 76' lang='lat' dir='ltr'><strong>apostolica</strong></span> <span class='ocrx_word' id='word_1_33' title='bbox 1833 678 2206 761; x_wconf 67' lang='lat' dir='ltr'><strong>principalis</strong></span> <span class='ocrx_word' id='word_1_34' title='bbox 2236 680 2738 761; x_wconf 80' lang='lat' dir='ltr'><strong>sedisantiqua</strong></span> <span class='ocrx_word' id='word_1_35' title='bbox 2814 683 3047 745; x_wconf 78' lang='lat' dir='ltr'><strong>Roma.</strong></span> <span class='ocrx_word' id='word_1_36' title='bbox 3107 684 3561 745; x_wconf 80' lang='lat' dir='ltr'><strong>Abundantius</strong></span> <span class='ocrx_word' id='word_1_37' title='bbox 3611 680 3878 743; x_wconf 80' lang='lat' dir='ltr'><strong>humilis</strong></span> 
     </span>
    </p>
   </div>
   <div class='ocr_carea' id='block_1_5' title="bbox 639 765 3871 863">
    <p class='ocr_par' dir='ltr' id='par_1_5' title="bbox 639 765 3871 863">
     <span class='ocr_line' id='line_1_5' title="bbox 639 765 3871 863; baseline -0.002 -18"><span class='ocrx_word' id='word_1_38' title='bbox 639 786 982 863; x_wconf 89' lang='lat' dir='ltr'><strong>episcopus</strong></span> <span class='ocrx_word' id='word_1_39' title='bbox 1029 788 1259 844; x_wconf 85' lang='lat' dir='ltr'><strong>sancta</strong></span> <span class='ocrx_word' id='word_1_40' title='bbox 1314 782 1613 843; x_wconf 80' lang='lat' dir='ltr'><strong>Ecclesia</strong></span> <span class='ocrx_word' id='word_1_41' title='bbox 1645 784 2015 856; x_wconf 85' lang='lat' dir='ltr'><strong>Tempsana</strong></span> <span class='ocrx_word' id='word_1_42' title='bbox 2047 775 2532 858; x_wconf 56' lang='lat' dir='ltr'><strong>(Paternensis),</strong></span> <span class='ocrx_word' id='word_1_43' title='bbox 2568 778 2819 858; x_wconf 77' lang='lat' dir='ltr'><strong>legatus</strong></span> <span class='ocrx_word' id='word_1_44' title='bbox 2857 765 3056 842; x_wconf 71' lang='lat' dir='ltr'><strong>totius</strong></span> <span class='ocrx_word' id='word_1_45' title='bbox 3096 781 3353 843; x_wconf 80' lang='lat' dir='ltr'><strong>concilii</strong></span> <span class='ocrx_word' id='word_1_46' title='bbox 3392 788 3627 842; x_wconf 84' lang='lat' dir='ltr'><strong>sancta</strong></span> <span class='ocrx_word' id='word_1_47' title='bbox 3699 778 3871 841; x_wconf 87' lang='lat' dir='ltr'><strong>sedis</strong></span> 
     </span>
    </p>
   </div>
   <div class='ocr_carea' id='block_1_6' title="bbox 641 873 3872 957">
    <p class='ocr_par' dir='ltr' id='par_1_6' title="bbox 641 873 3872 957">
     <span class='ocr_line' id='line_1_6' title="bbox 641 873 3872 957; baseline -0.002 -15"><span class='ocrx_word' id='word_1_48' title='bbox 641 882 1008 957; x_wconf 84' lang='lat' dir='ltr'><strong>apostolica</strong></span> <span class='ocrx_word' id='word_1_49' title='bbox 1067 879 1281 941; x_wconf 81' lang='lat' dir='ltr'><strong>Roma</strong></span> <span class='ocrx_word' id='word_1_50' title='bbox 1313 896 1329 953; x_wconf 88' lang='lat'>;</span> <span class='ocrx_word' id='word_1_51' title='bbox 1360 881 1639 939; x_wconf 77' lang='lat' dir='ltr'><strong>Joannes</strong></span> <span class='ocrx_word' id='word_1_52' title='bbox 1700 875 2005 953; x_wconf 86' lang='lat' dir='ltr'><strong>indiguus</strong></span> <span class='ocrx_word' id='word_1_53' title='bbox 2068 873 2407 951; x_wconf 84' lang='lat' dir='ltr'><strong>episcOpus</strong></span> <span class='ocrx_word' id='word_1_54' title='bbox 2440 884 2673 937; x_wconf 83' lang='lat' dir='ltr'><strong>sancta</strong></span> <span class='ocrx_word' id='word_1_55' title='bbox 2712 875 3016 937; x_wconf 87' lang='lat' dir='ltr'><strong>Ecclesia</strong></span> <span class='ocrx_word' id='word_1_56' title='bbox 3047 876 3444 955; x_wconf 71' lang='lat' dir='ltr'><strong>R‘hegitana,</strong></span> <span class='ocrx_word' id='word_1_57' title='bbox 3488 876 3737 954; x_wconf 73' lang='lat' dir='ltr'><strong>legatus</strong></span> <span class='ocrx_word' id='word_1_58' title='bbox 3775 882 3872 935; x_wconf 89' lang='lat' dir='ltr'><strong>to-</strong></span> 
     </span>
    </p>
   </div>
   <div class='ocr_carea' id='block_1_7' title="bbox 641 968 3875 1053">
    <p class='ocr_par' dir='ltr' id='par_1_7' title="bbox 641 968 3875 1053">
     <span class='ocr_line' id='line_1_7' title="bbox 641 968 3875 1053; baseline -0.002 -18"><span class='ocrx_word' id='word_1_59' title='bbox 641 977 768 1037; x_wconf 85' lang='lat' dir='ltr'><strong>tius</strong></span> <span class='ocrx_word' id='word_1_60' title='bbox 790 974 1043 1036; x_wconf 82' lang='lat' dir='ltr'><strong>concilii</strong></span> <span class='ocrx_word' id='word_1_61' title='bbox 1074 984 1306 1037; x_wconf 84' lang='lat' dir='ltr'><strong>sancta</strong></span> <span class='ocrx_word' id='word_1_62' title='bbox 1326 974 1496 1036; x_wconf 89' lang='lat' dir='ltr'><strong>sedis</strong></span> <span class='ocrx_word' id='word_1_63' title='bbox 1511 971 1869 1053; x_wconf 88' lang='lat' dir='ltr'><strong>apostolica</strong></span> <span class='ocrx_word' id='word_1_64' title='bbox 1884 971 2117 1030; x_wconf 79' lang='lat' dir='ltr'><strong>Roma.</strong></span> <span class='ocrx_word' id='word_1_65' title='bbox 2140 990 2169 1026; x_wconf 76' lang='grc'><strong>»</strong></span> <span class='ocrx_word' id='word_1_66' title='bbox 2190 968 2668 1045; x_wconf 83' lang='lat' dir='ltr'><strong>Animadverte,</strong></span> <span class='ocrx_word' id='word_1_67' title='bbox 2686 971 3097 1049; x_wconf 77' lang='lat' dir='ltr'><strong>legatosalios</strong></span> <span class='ocrx_word' id='word_1_68' title='bbox 3117 988 3258 1034; x_wconf 87' lang='lat' dir='ltr'><strong>esse</strong></span> <span class='ocrx_word' id='word_1_69' title='bbox 3280 991 3353 1034; x_wconf 77' lang='lat' dir='ltr'><strong>ex</strong></span> <span class='ocrx_word' id='word_1_70' title='bbox 3375 970 3544 1035; x_wconf 84' lang='lat' dir='ltr'><strong>clero</strong></span> <span class='ocrx_word' id='word_1_71' title='bbox 3570 971 3875 1043; x_wconf 83' lang='lat' dir='ltr'><strong>Romano,</strong></span> 
     </span>
    </p>
   </div>
   <div class='ocr_carea' id='block_1_8' title="bbox 637 1065 3858 1148">
    <p class='ocr_par' dir='ltr' id='par_1_8' title="bbox 637 1065 3858 1148">
     <span class='ocr_line' id='line_1_8' title="bbox 637 1065 3858 1148; baseline -0.003 -14"><span class='ocrx_word' id='word_1_72' title='bbox 637 1075 795 1134; x_wconf 79' lang='lat' dir='ltr'><strong>alios</strong></span> <span class='ocrx_word' id='word_1_73' title='bbox 828 1075 1015 1137; x_wconf 79' lang='lat' dir='ltr'><strong>Italia</strong></span> <span class='ocrx_word' id='word_1_74' title='bbox 1046 1075 1143 1136; x_wconf 77' lang='lat' dir='ltr'><strong>vel</strong></span> <span class='ocrx_word' id='word_1_75' title='bbox 1174 1076 1236 1136; x_wconf 90' lang='lat' dir='ltr'><strong>in</strong></span> <span class='ocrx_word' id='word_1_76' title='bbox 1272 1073 1621 1136; x_wconf 74' lang='lat' dir='ltr'><strong>Occidente</strong></span> <span class='ocrx_word' id='word_1_77' title='bbox 1654 1070 2028 1148; x_wconf 86' lang='lat' dir='ltr'><strong>episcopos:</strong></span> <span class='ocrx_word' id='word_1_78' title='bbox 2064 1083 2134 1129; x_wconf 89' lang='lat' dir='ltr'><strong>ac</strong></span> <span class='ocrx_word' id='word_1_79' title='bbox 2186 1066 2287 1126; x_wconf 88' lang='lat' dir='ltr'><strong>his</strong></span> <span class='ocrx_word' id='word_1_80' title='bbox 2322 1065 2680 1142; x_wconf 81' lang='lat' dir='ltr'><strong>adjunctos,</strong></span> <span class='ocrx_word' id='word_1_81' title='bbox 2710 1067 3375 1141; x_wconf 80' lang='lat' dir='ltr'><strong>Thessalonicensem,</strong></span> <span class='ocrx_word' id='word_1_82' title='bbox 3426 1065 3858 1136; x_wconf 89' lang='lat' dir='ltr'><strong>Corinthium,</strong></span> 
     </span>
    </p>
   </div>
   <div class='ocr_carea' id='block_1_9' title="bbox 637 1161 3876 1249">
    <p class='ocr_par' dir='ltr' id='par_1_9' title="bbox 637 1161 3876 1249">
     <span class='ocr_line' id='line_1_9' title="bbox 637 1161 3876 1249; baseline -0.004 -19"><span class='ocrx_word' id='word_1_83' title='bbox 637 1172 1185 1249; x_wconf 76' lang='lat' dir='ltr'><strong>etGortynensem</strong></span> <span class='ocrx_word' id='word_1_84' title='bbox 1228 1172 1290 1230; x_wconf 91' lang='lat' dir='ltr'><strong>in</strong></span> <span class='ocrx_word' id='word_1_85' title='bbox 1322 1171 1521 1230; x_wconf 82' lang='lat' dir='ltr'><strong>Creta.</strong></span> <span class='ocrx_word' id='word_1_86' title='bbox 1600 1168 1736 1227; x_wconf 89' lang='lat' dir='ltr'><strong>Mos</strong></span> <span class='ocrx_word' id='word_1_87' title='bbox 1782 1172 1915 1228; x_wconf 89' lang='lat' dir='ltr'><strong>erat</strong></span> <span class='ocrx_word' id='word_1_88' title='bbox 1941 1164 2209 1235; x_wconf 87' lang='lat' dir='ltr'><strong>scilicet,</strong></span> <span class='ocrx_word' id='word_1_89' title='bbox 2252 1169 2320 1223; x_wconf 88' lang='lat' dir='ltr'><strong>ut</strong></span> <span class='ocrx_word' id='word_1_90' title='bbox 2383 1163 2715 1225; x_wconf 85' lang='lat' dir='ltr'><strong>Romanus</strong></span> <span class='ocrx_word' id='word_1_91' title='bbox 2765 1163 3050 1242; x_wconf 80' lang='lat' dir='ltr'><strong>pontifex</strong></span> <span class='ocrx_word' id='word_1_92' title='bbox 3078 1165 3156 1227; x_wconf 82' lang='lat' dir='ltr'><strong>ad</strong></span> <span class='ocrx_word' id='word_1_93' title='bbox 3188 1164 3475 1244; x_wconf 78' lang='lat' dir='ltr'><strong>synodos</strong></span> <span class='ocrx_word' id='word_1_94' title='bbox 3508 1165 3571 1224; x_wconf 93' lang='lat' dir='ltr'><strong>in</strong></span> <span class='ocrx_word' id='word_1_95' title='bbox 3613 1161 3876 1223; x_wconf 85' lang='lat' dir='ltr'><strong>Oriente</strong></span> 
     </span>
    </p>
   </div>
   <div class='ocr_carea' id='block_1_10' title="bbox 637 1259 3873 1345">
    <p class='ocr_par' dir='ltr' id='par_1_10' title="bbox 637 1259 3873 1345">
     <span class='ocr_line' id='line_1_10' title="bbox 637 1259 3873 1345; baseline -0.003 -19"><span class='ocrx_word' id='word_1_96' title='bbox 637 1266 879 1327; x_wconf 67' lang='lat' dir='ltr'><strong>habitis</strong></span> <span class='ocrx_word' id='word_1_97' title='bbox 935 1269 1171 1345; x_wconf 78' lang='lat' dir='ltr'><strong>legatos</strong></span> <span class='ocrx_word' id='word_1_98' title='bbox 1203 1267 1457 1344; x_wconf 88' lang='lat' dir='ltr'><strong>aliquos</strong></span> <span class='ocrx_word' id='word_1_99' title='bbox 1506 1280 1651 1325; x_wconf 88' lang='lat' dir='ltr'><strong>cum</strong></span> <span class='ocrx_word' id='word_1_100' title='bbox 1705 1262 1965 1340; x_wconf 87' lang='lat' dir='ltr'><strong>speciali</strong></span> <span class='ocrx_word' id='word_1_101' title='bbox 1999 1261 2400 1339; x_wconf 83' lang='lat' dir='ltr'><strong>delegatione</strong></span> <span class='ocrx_word' id='word_1_102' title='bbox 2441 1260 2946 1322; x_wconf 89' lang='lat' dir='ltr'><strong>transmitteret:</strong></span> <span class='ocrx_word' id='word_1_103' title='bbox 2981 1269 3197 1323; x_wconf 81' lang='lat' dir='ltr'><strong>essent</strong></span> <span class='ocrx_word' id='word_1_104' title='bbox 3249 1260 3359 1321; x_wconf 88' lang='lat' dir='ltr'><strong>alii</strong></span> <span class='ocrx_word' id='word_1_105' title='bbox 3397 1259 3586 1338; x_wconf 79' lang='lat' dir='ltr'><strong>legati</strong></span> <span class='ocrx_word' id='word_1_106' title='bbox 3619 1259 3873 1336; x_wconf 70' lang='lat' dir='ltr'><strong>synodi.</strong></span> 
     </span>
    </p>
   </div>
   <div class='ocr_carea' id='block_1_11' title="bbox 636 1354 3872 1439">
    <p class='ocr_par' dir='ltr' id='par_1_11' title="bbox 636 1354 3872 1439">
     <span class='ocr_line' id='line_1_11' title="bbox 636 1354 3872 1439; baseline -0.002 -20"><span class='ocrx_word' id='word_1_107' title='bbox 636 1380 781 1439; x_wconf 84' lang='lat' dir='ltr'><strong>qua</strong></span> <span class='ocrx_word' id='word_1_108' title='bbox 842 1363 1031 1438; x_wconf 84' lang='lat' dir='ltr'><strong>prius</strong></span> <span class='ocrx_word' id='word_1_109' title='bbox 1063 1362 1363 1423; x_wconf 82' lang='lat' dir='ltr'><strong>celebrari</strong></span> <span class='ocrx_word' id='word_1_110' title='bbox 1401 1363 1615 1422; x_wconf 82' lang='lat' dir='ltr'><strong>Roma</strong></span> <span class='ocrx_word' id='word_1_111' title='bbox 1668 1365 2124 1421; x_wconf 79' lang='lat' dir='ltr'><strong>consueverat:</strong></span> <span class='ocrx_word' id='word_1_112' title='bbox 2162 1357 2394 1434; x_wconf 87' lang='lat' dir='ltr'><strong>hisque</strong></span> <span class='ocrx_word' id='word_1_113' title='bbox 2426 1356 2933 1433; x_wconf 84' lang='lat' dir='ltr'><strong>adjungerentur</strong></span> <span class='ocrx_word' id='word_1_114' title='bbox 2995 1400 3011 1427; x_wconf 91' lang='lat'><strong>,</strong></span> <span class='ocrx_word' id='word_1_115' title='bbox 3052 1356 3423 1435; x_wconf 76' lang='lat' dir='ltr'><strong>quivicurii</strong></span> <span class='ocrx_word' id='word_1_116' title='bbox 3454 1354 3553 1418; x_wconf 86' lang='lat' dir='ltr'><strong>vel</strong></span> <span class='ocrx_word' id='word_1_117' title='bbox 3608 1370 3872 1431; x_wconf 77' lang='lat' dir='ltr'><strong>respon-</strong></span> 
     </span>
    </p>
   </div>
   <div class='ocr_carea' id='block_1_12' title="bbox 631 1450 3862 1535">
    <p class='ocr_par' dir='ltr' id='par_1_12' title="bbox 631 1450 3862 1535">
     <span class='ocr_line' id='line_1_12' title="bbox 631 1450 3862 1535; baseline -0.002 -18"><span class='ocrx_word' id='word_1_118' title='bbox 631 1457 795 1518; x_wconf 74' lang='lat' dir='ltr'><strong>sales</strong></span> <span class='ocrx_word' id='word_1_119' title='bbox 853 1461 1068 1521; x_wconf 77' lang='lat' dir='ltr'><strong>Roma</strong></span> <span class='ocrx_word' id='word_1_120' title='bbox 1099 1458 1271 1519; x_wconf 82' lang='lat' dir='ltr'><strong>sedis</strong></span> <span class='ocrx_word' id='word_1_121' title='bbox 1311 1459 1377 1518; x_wconf 89' lang='lat' dir='ltr'><strong>in</strong></span> <span class='ocrx_word' id='word_1_122' title='bbox 1435 1460 1701 1520; x_wconf 84' lang='lat' dir='ltr'><strong>Oriente</strong></span> <span class='ocrx_word' id='word_1_123' title='bbox 1763 1473 1874 1535; x_wconf 89' lang='lat' dir='ltr'><strong>pro</strong></span> <span class='ocrx_word' id='word_1_124' title='bbox 1905 1463 2193 1532; x_wconf 89' lang='lat' dir='ltr'><strong>tempore</strong></span> <span class='ocrx_word' id='word_1_125' title='bbox 2226 1452 2805 1514; x_wconf 81' lang='lat' dir='ltr'><strong>constituebantur.</strong></span> <span class='ocrx_word' id='word_1_126' title='bbox 2835 1454 3110 1514; x_wconf 87' lang='lat' dir='ltr'><strong>Basilius</strong></span> <span class='ocrx_word' id='word_1_127' title='bbox 3150 1453 3264 1515; x_wconf 86' lang='lat' dir='ltr'><strong>ille</strong></span> <span class='ocrx_word' id='word_1_128' title='bbox 3326 1450 3758 1533; x_wconf 85' lang='lat' dir='ltr'><strong>Gortynensis</strong></span> <span class='ocrx_word' id='word_1_129' title='bbox 3810 1450 3862 1510; x_wconf 92' lang='lat' dir='ltr'><strong>is</strong></span> 
     </span>
    </p>
   </div>
   <div class='ocr_carea' id='block_1_13' title="bbox 635 1546 3875 1634">
    <p class='ocr_par' dir='ltr' id='par_1_13' title="bbox 635 1546 3875 1634">
     <span class='ocr_line' id='line_1_13' title="bbox 635 1546 3875 1634; baseline -0.002 -19"><span class='ocrx_word' id='word_1_130' title='bbox 635 1562 732 1615; x_wconf 85' lang='lat' dir='ltr'><strong>est</strong></span> <span class='ocrx_word' id='word_1_131' title='bbox 762 1571 952 1634; x_wconf 86' lang='lat' dir='ltr'><strong>quem</strong></span> <span class='ocrx_word' id='word_1_132' title='bbox 987 1554 1502 1634; x_wconf 86' lang='lat' dir='ltr'><strong>Theophylactus</strong></span> <span class='ocrx_word' id='word_1_133' title='bbox 1571 1562 1871 1614; x_wconf 86' lang='lat' dir='ltr'><strong>memnrat</strong></span> <span class='ocrx_word' id='word_1_134' title='bbox 1904 1552 2057 1613; x_wconf 77' lang='lat' dir='ltr'><strong>adeo</strong></span> <span class='ocrx_word' id='word_1_135' title='bbox 2094 1549 2449 1618; x_wconf 79' lang='lat' dir='ltr'><strong>assiduum,</strong></span> <span class='ocrx_word' id='word_1_136' title='bbox 2493 1558 2563 1608; x_wconf 79' lang='lat' dir='ltr'><strong>ut</strong></span> <span class='ocrx_word' id='word_1_137' title='bbox 2607 1546 2777 1611; x_wconf 80' lang='lat' dir='ltr'><strong>nulli</strong></span> <span class='ocrx_word' id='word_1_138' title='bbox 2833 1551 3335 1630; x_wconf 69' lang='lat' dir='ltr'><strong>congregationi,</strong></span> <span class='ocrx_word' id='word_1_139' title='bbox 3390 1558 3497 1612; x_wconf 89' lang='lat' dir='ltr'><strong>aut</strong></span> <span class='ocrx_word' id='word_1_140' title='bbox 3572 1546 3875 1618; x_wconf 85' lang='lat' dir='ltr'><strong>sessioni,</strong></span> 
     </span>
    </p>
   </div>
   <div class='ocr_carea' id='block_1_14' title="bbox 634 1645 3431 1729">
    <p class='ocr_par' dir='ltr' id='par_1_14' title="bbox 634 1645 3431 1729">
     <span class='ocr_line' id='line_1_14' title="bbox 634 1645 3431 1729; baseline -0.002 -17"><span class='ocrx_word' id='word_1_141' title='bbox 634 1652 731 1714; x_wconf 90' lang='lat' dir='ltr'><strong>vel</strong></span> <span class='ocrx_word' id='word_1_142' title='bbox 764 1652 1010 1729; x_wconf 84' lang='lat' dir='ltr'><strong>actioni</strong></span> <span class='ocrx_word' id='word_1_143' title='bbox 1047 1651 1322 1712; x_wconf 77' lang='lat' dir='ltr'><strong>deesset:</strong></span> <span class='ocrx_word' id='word_1_144' title='bbox 1360 1652 1661 1713; x_wconf 88' lang='lat' dir='ltr'><strong>omnibus</strong></span> <span class='ocrx_word' id='word_1_145' title='bbox 1695 1651 1932 1729; x_wconf 85' lang='lat' dir='ltr'><strong>quippe</strong></span> <span class='ocrx_word' id='word_1_146' title='bbox 1966 1656 2167 1709; x_wconf 78' lang='lat' dir='ltr'><strong>sexta</strong></span> <span class='ocrx_word' id='word_1_147' title='bbox 2196 1646 2426 1725; x_wconf 78' lang='lat' dir='ltr'><strong>synodi</strong></span> <span class='ocrx_word' id='word_1_148' title='bbox 2465 1646 2638 1705; x_wconf 84' lang='lat' dir='ltr'><strong>Actis</strong></span> <span class='ocrx_word' id='word_1_149' title='bbox 2664 1645 3133 1725; x_wconf 86' lang='lat' dir='ltr'><strong>subscripsisse</strong></span> <span class='ocrx_word' id='word_1_150' title='bbox 3174 1647 3431 1725; x_wconf 80' lang='lat' dir='ltr'><strong>legitur.</strong></span> 
     </span>
    </p>
   </div>
   <div class='ocr_carea' id='block_1_15' title="bbox 711 1762 3883 1850">
    <p class='ocr_par' dir='ltr' id='par_1_15' title="bbox 711 1762 3883 1850">
     <span class='ocr_line' id='line_1_15' title="bbox 711 1762 3883 1850; baseline -0.002 -15"><span class='ocrx_word' id='word_1_151' title='bbox 711 1773 967 1835; x_wconf 63' lang='lat' dir='ltr'><strong>Nori&#39;ita</strong></span> <span class='ocrx_word' id='word_1_152' title='bbox 1008 1789 1077 1834; x_wconf 89' lang='lat' dir='ltr'><strong>se</strong></span> <span class='ocrx_word' id='word_1_153' title='bbox 1107 1791 1207 1834; x_wconf 82' lang='lat' dir='ltr'><strong>res</strong></span> <span class='ocrx_word' id='word_1_154' title='bbox 1234 1771 1456 1833; x_wconf 71' lang='lat' dir='ltr'><strong>habuit</strong></span> <span class='ocrx_word' id='word_1_155' title='bbox 1486 1772 1553 1834; x_wconf 89' lang='lat' dir='ltr'><strong>in</strong></span> <span class='ocrx_word' id='word_1_156' title='bbox 1584 1771 1836 1850; x_wconf 83' lang='lat' dir='ltr'><strong>synodo</strong></span> <span class='ocrx_word' id='word_1_157' title='bbox 1867 1768 2193 1831; x_wconf 79' lang='lat' dir='ltr'><strong>Trullana.</strong></span> <span class='ocrx_word' id='word_1_158' title='bbox 2227 1767 2442 1827; x_wconf 82' lang='lat' dir='ltr'><strong>Vacua</strong></span> <span class='ocrx_word' id='word_1_159' title='bbox 2459 1772 2520 1843; x_wconf 76' lang='lat' dir='ltr'><strong>et</strong></span> <span class='ocrx_word' id='word_1_160' title='bbox 2552 1782 2703 1843; x_wconf 87' lang='lat' dir='ltr'><strong>pura</strong></span> <span class='ocrx_word' id='word_1_161' title='bbox 2726 1772 2891 1843; x_wconf 84' lang='lat' dir='ltr'><strong>patet</strong></span> <span class='ocrx_word' id='word_1_162' title='bbox 2921 1766 3157 1836; x_wconf 74' lang='lat' dir='ltr'><strong>charta,</strong></span> <span class='ocrx_word' id='word_1_163' title='bbox 3192 1766 3304 1828; x_wconf 86' lang='lat' dir='ltr'><strong>ubi</strong></span> <span class='ocrx_word' id='word_1_164' title='bbox 3322 1765 3591 1827; x_wconf 82' lang='lat' dir='ltr'><strong>Romani</strong></span> <span class='ocrx_word' id='word_1_165' title='bbox 3626 1762 3883 1845; x_wconf 80' lang='lat' dir='ltr'><strong>pontiﬁ-</strong></span> 
     </span>
    </p>
   </div>
   <div class='ocr_carea' id='block_1_16' title="bbox 637 1860 3875 1945">
    <p class='ocr_par' dir='ltr' id='par_1_16' title="bbox 637 1860 3875 1945">
     <span class='ocr_line' id='line_1_16' title="bbox 637 1860 3875 1945; baseline -0.004 -16"><span class='ocrx_word' id='word_1_166' title='bbox 637 1871 727 1930; x_wconf 85' lang='lat' dir='ltr'><strong>cis</strong></span> <span class='ocrx_word' id='word_1_167' title='bbox 790 1868 1257 1930; x_wconf 83' lang='lat' dir='ltr'><strong>subscribentis</strong></span> <span class='ocrx_word' id='word_1_168' title='bbox 1317 1870 1492 1930; x_wconf 65' lang='lat' dir='ltr'><strong>locus</strong></span> <span class='ocrx_word' id='word_1_169' title='bbox 1538 1877 1679 1929; x_wconf 82' lang='lat' dir='ltr'><strong>erat</strong></span> <span class='ocrx_word' id='word_1_170' title='bbox 1738 1882 1881 1929; x_wconf 89' lang='lat' dir='ltr'><strong>cum</strong></span> <span class='ocrx_word' id='word_1_171' title='bbox 1948 1865 2049 1927; x_wconf 91' lang='lat' dir='ltr'><strong>his</strong></span> <span class='ocrx_word' id='word_1_172' title='bbox 2080 1861 2328 1925; x_wconf 75' lang='lat' dir='ltr'><strong>verbis:</strong></span> <span class='ocrx_word' id='word_1_173' title='bbox 2373 1884 2401 1918; x_wconf 79' lang='grc' dir='ltr'><strong>α</strong></span> <span class='ocrx_word' id='word_1_174' title='bbox 2430 1868 2627 1935; x_wconf 81' lang='grc' dir='ltr'><strong>Τόπος,</strong></span> <span class='ocrx_word' id='word_1_175' title='bbox 2668 1860 2844 1924; x_wconf 89' lang='lat' dir='ltr'><strong>locus</strong></span> <span class='ocrx_word' id='word_1_176' title='bbox 2902 1860 3295 1945; x_wconf 61' lang='lat' dir='ltr'><strong>sanctis&#39;si‘mi</strong></span> <span class='ocrx_word' id='word_1_177' title='bbox 3353 1878 3528 1941; x_wconf 88' lang='lat' dir='ltr'><strong>papa</strong></span> <span class='ocrx_word' id='word_1_178' title='bbox 3556 1864 3815 1937; x_wconf 82' lang='lat' dir='ltr'><strong>Roma;</strong></span> <span class='ocrx_word' id='word_1_179' title='bbox 3848 1882 3875 1917; x_wconf 70' lang='grc' dir='ltr'><strong><em>ι</em></strong></span> 
     </span>
    </p>
   </div>
   <div class='ocr_carea' id='block_1_17' title="bbox 634 1949 3865 2051">
    <p class='ocr_par' dir='ltr' id='par_1_17' title="bbox 634 1949 3865 2051">
     <span class='ocr_line' id='line_1_17' title="bbox 634 1949 3865 2051; baseline -0.002 -27"><span class='ocrx_word' id='word_1_180' title='bbox 634 1967 813 2037; x_wconf 87' lang='lat' dir='ltr'><strong>item,</strong></span> <span class='ocrx_word' id='word_1_181' title='bbox 840 1962 1085 2035; x_wconf 73' lang='grc' dir='ltr'><strong>«Τόπος,</strong></span> <span class='ocrx_word' id='word_1_182' title='bbox 1118 1951 1295 2051; x_wconf 74' lang='lat' dir='ltr'><strong>locus</strong></span> <span class='ocrx_word' id='word_1_183' title='bbox 1326 1962 1913 2025; x_wconf 68' lang='lat' dir='ltr'><strong>&#39;l‘hessalonicuns‘is</strong></span> <span class='ocrx_word' id='word_1_184' title='bbox 1943 1982 1961 2035; x_wconf 88' lang='lat'><strong>;</strong></span> <span class='ocrx_word' id='word_1_185' title='bbox 1998 1984 2026 2018; x_wconf 75' lang='lat' dir='ltr'><strong>io</strong></span> <span class='ocrx_word' id='word_1_186' title='bbox 2060 1961 2345 2039; x_wconf 85' lang='lat' dir='ltr'><strong>itemque</strong></span> <span class='ocrx_word' id='word_1_187' title='bbox 2378 1978 2407 2014; x_wconf 89' lang='grc'><strong>‹‹</strong></span> <span class='ocrx_word' id='word_1_188' title='bbox 2439 1949 2638 2030; x_wconf 64' lang='grc' dir='ltr'><strong>Τόπος,</strong></span> <span class='ocrx_word' id='word_1_189' title='bbox 2681 1960 2859 2020; x_wconf 88' lang='lat' dir='ltr'><strong>locus</strong></span> <span class='ocrx_word' id='word_1_190' title='bbox 2888 1957 3367 2030; x_wconf 82' lang='lat' dir='ltr'><strong>Heracleensis,</strong></span> <span class='ocrx_word' id='word_1_191' title='bbox 3402 1955 3865 2029; x_wconf 84' lang='lat' dir='ltr'><strong>Sardiniensis,</strong></span> 
     </span>
    </p>
   </div>
   <div class='ocr_carea' id='block_1_18' title="bbox 632 2050 3881 2135">
    <p class='ocr_par' dir='ltr' id='par_1_18' title="bbox 632 2050 3881 2135">
     <span class='ocr_line' id='line_1_18' title="bbox 632 2050 3881 2135; baseline -0.001 -15"><span class='ocrx_word' id='word_1_192' title='bbox 632 2061 1041 2131; x_wconf 66' lang='lat' dir='ltr'><strong>Ravennatis,</strong></span> <span class='ocrx_word' id='word_1_193' title='bbox 1099 2059 1497 2121; x_wconf 71' lang='lat' dir='ltr'><strong>Corinthii.»</strong></span> <span class='ocrx_word' id='word_1_194' title='bbox 1534 2063 1693 2120; x_wconf 86' lang='lat' dir='ltr'><strong>&#39;l‘nm</strong></span> <span class='ocrx_word' id='word_1_195' title='bbox 1731 2076 1879 2120; x_wconf 88' lang='lat' dir='ltr'><strong>vero</strong></span> <span class='ocrx_word' id='word_1_196' title='bbox 1916 2081 1931 2120; x_wconf 91' lang='lat'><strong>:</strong></span> <span class='ocrx_word' id='word_1_197' title='bbox 1967 2080 1996 2114; x_wconf 84' lang='grc'><strong>«</strong></span> <span class='ocrx_word' id='word_1_198' title='bbox 2032 2056 2309 2118; x_wconf 88' lang='lat' dir='ltr'><strong>Basilius</strong></span> <span class='ocrx_word' id='word_1_199' title='bbox 2343 2055 2686 2134; x_wconf 86' lang='lat' dir='ltr'><strong>episcopus</strong></span> <span class='ocrx_word' id='word_1_200' title='bbox 2716 2050 3176 2135; x_wconf 83' lang='lat' dir='ltr'><strong>Gortyniorum</strong></span> <span class='ocrx_word' id='word_1_201' title='bbox 3237 2056 3617 2135; x_wconf 86' lang='lat' dir='ltr'><strong>metrOpolis</strong></span> <span class='ocrx_word' id='word_1_202' title='bbox 3680 2052 3881 2117; x_wconf 84' lang='lat' dir='ltr'><strong>Cre‘la</strong></span> 
     </span>
    </p>
   </div>
   <div class='ocr_carea' id='block_1_19' title="bbox 643 2150 3877 2235">
    <p class='ocr_par' dir='ltr' id='par_1_19' title="bbox 643 2150 3877 2235">
     <span class='ocr_line' id='line_1_19' title="bbox 643 2150 3877 2235; baseline -0.001 -19"><span class='ocrx_word' id='word_1_203' title='bbox 643 2157 903 2232; x_wconf 86' lang='lat' dir='ltr'><strong>insula,</strong></span> <span class='ocrx_word' id='word_1_204' title='bbox 944 2167 1002 2218; x_wconf 91' lang='lat' dir='ltr'><strong>et</strong></span> <span class='ocrx_word' id='word_1_205' title='bbox 1032 2156 1246 2219; x_wconf 90' lang='lat' dir='ltr'><strong>locum</strong></span> <span class='ocrx_word' id='word_1_206' title='bbox 1288 2166 1515 2225; x_wconf 75' lang='lat' dir='ltr'><strong>tenens</strong></span> <span class='ocrx_word' id='word_1_207' title='bbox 1546 2156 1741 2216; x_wconf 85' lang='lat' dir='ltr'><strong>totius</strong></span> <span class='ocrx_word' id='word_1_208' title='bbox 1780 2154 2013 2235; x_wconf 59' lang='lat' dir='ltr'><strong>synodi</strong></span> <span class='ocrx_word' id='word_1_209' title='bbox 2045 2160 2278 2215; x_wconf 81' lang='lat' dir='ltr'><strong>sancta</strong></span> <span class='ocrx_word' id='word_1_210' title='bbox 2324 2150 2630 2214; x_wconf 89' lang='lat' dir='ltr'><strong>Ecclesia</strong></span> <span class='ocrx_word' id='word_1_211' title='bbox 2674 2152 3002 2214; x_wconf 72' lang='lat' dir='ltr'><strong>Romana.</strong></span> <span class='ocrx_word' id='word_1_212' title='bbox 3052 2172 3084 2209; x_wconf 66' lang='lat' dir='ltr'><strong>in</strong></span> <span class='ocrx_word' id='word_1_213' title='bbox 3137 2152 3355 2232; x_wconf 82' lang='lat' dir='ltr'><strong>Legati</strong></span> <span class='ocrx_word' id='word_1_214' title='bbox 3384 2159 3619 2215; x_wconf 87' lang='lat' dir='ltr'><strong>sancta</strong></span> <span class='ocrx_word' id='word_1_215' title='bbox 3670 2151 3877 2222; x_wconf 89' lang='lat' dir='ltr'><strong>sedis,</strong></span> 
     </span>
    </p>
   </div>
   <div class='ocr_carea' id='block_1_20' title="bbox 629 2245 3878 2338">
    <p class='ocr_par' dir='ltr' id='par_1_20' title="bbox 629 2245 3878 2338">
     <span class='ocr_line' id='line_1_20' title="bbox 629 2245 3878 2338; baseline -0.001 -25"><span class='ocrx_word' id='word_1_216' title='bbox 629 2252 743 2331; x_wconf 87' lang='lat' dir='ltr'><strong>qui</strong></span> <span class='ocrx_word' id='word_1_217' title='bbox 780 2254 1083 2315; x_wconf 76' lang='lat' dir='ltr'><strong>tuendam</strong></span> <span class='ocrx_word' id='word_1_218' title='bbox 1116 2252 1379 2332; x_wconf 81' lang='lat' dir='ltr'><strong>Speciali</strong></span> <span class='ocrx_word' id='word_1_219' title='bbox 1415 2252 1693 2313; x_wconf 87' lang='lat' dir='ltr'><strong>instituti</strong></span> <span class='ocrx_word' id='word_1_220' title='bbox 1726 2248 1992 2321; x_wconf 85' lang='lat' dir='ltr'><strong>fuerint,</strong></span> <span class='ocrx_word' id='word_1_221' title='bbox 2018 2253 2385 2327; x_wconf 85' lang='lat' dir='ltr'><strong>comparent</strong></span> <span class='ocrx_word' id='word_1_222' title='bbox 2438 2245 2622 2306; x_wconf 91' lang='lat' dir='ltr'><strong>nulli.</strong></span> <span class='ocrx_word' id='word_1_223' title='bbox 2682 2246 2903 2327; x_wconf 81' lang='lat' dir='ltr'><strong>Roma</strong></span> <span class='ocrx_word' id='word_1_224' title='bbox 2974 2248 3355 2310; x_wconf 79' lang='lat' dir='ltr'><strong>celebratam</strong></span> <span class='ocrx_word' id='word_1_225' title='bbox 3413 2247 3535 2311; x_wconf 90' lang='lat' dir='ltr'><strong>hoc</strong></span> <span class='ocrx_word' id='word_1_226' title='bbox 3591 2254 3878 2338; x_wconf 74' lang='lat' dir='ltr'><strong>tempore</strong></span> 
     </span>
    </p>
   </div>
   <div class='ocr_carea' id='block_1_21' title="bbox 626 2342 3877 2427">
    <p class='ocr_par' dir='ltr' id='par_1_21' title="bbox 626 2342 3877 2427">
     <span class='ocr_line' id='line_1_21' title="bbox 626 2342 3877 2427; baseline -0.001 -19"><span class='ocrx_word' id='word_1_227' title='bbox 626 2348 1219 2427; x_wconf 74' lang='lat' dir='ltr'><strong>fuisse&#39;synodum,</strong></span> <span class='ocrx_word' id='word_1_228' title='bbox 1277 2365 1466 2427; x_wconf 88' lang='lat' dir='ltr'><strong>quam</strong></span> <span class='ocrx_word' id='word_1_229' title='bbox 1517 2346 1722 2427; x_wconf 88' lang='lat' dir='ltr'><strong>aliqui</strong></span> <span class='ocrx_word' id='word_1_230' title='bbox 1757 2346 1946 2425; x_wconf 84' lang='lat' dir='ltr'><strong>legati</strong></span> <span class='ocrx_word' id='word_1_231' title='bbox 1986 2344 2168 2406; x_wconf 85' lang='lat' dir='ltr'><strong>missi</strong></span> <span class='ocrx_word' id='word_1_232' title='bbox 2232 2350 2786 2421; x_wconf 83' lang='lat' dir='ltr'><strong>reprasentarent,</strong></span> <span class='ocrx_word' id='word_1_233' title='bbox 2833 2342 3013 2405; x_wconf 77' lang='lat' dir='ltr'><strong>nulla</strong></span> <span class='ocrx_word' id='word_1_234' title='bbox 3091 2344 3311 2423; x_wconf 86' lang='lat' dir='ltr'><strong>prodit</strong></span> <span class='ocrx_word' id='word_1_235' title='bbox 3356 2344 3654 2407; x_wconf 78' lang='lat' dir='ltr'><strong>historia.</strong></span> <span class='ocrx_word' id='word_1_236' title='bbox 3710 2344 3877 2418; x_wconf 83' lang='lat' dir='ltr'><strong>Hinc</strong></span> 
     </span>
    </p>
   </div>
   <div class='ocr_carea' id='block_1_22' title="bbox 630 2437 3876 2523">
    <p class='ocr_par' dir='ltr' id='par_1_22' title="bbox 630 2437 3876 2523">
     <span class='ocr_line' id='line_1_22' title="bbox 630 2437 3876 2523; baseline -0.001 -20"><span class='ocrx_word' id='word_1_237' title='bbox 630 2445 867 2505; x_wconf 54' lang='lat' dir='ltr'><strong>Basilio</strong></span> <span class='ocrx_word' id='word_1_238' title='bbox 920 2445 1313 2523; x_wconf 80' lang='lat' dir='ltr'><strong>Gortynensi</strong></span> <span class='ocrx_word' id='word_1_239' title='bbox 1370 2460 1699 2521; x_wconf 81' lang='lat' dir='ltr'><strong>perperam</strong></span> <span class='ocrx_word' id='word_1_240' title='bbox 1732 2442 1994 2504; x_wconf 73' lang='lat' dir='ltr'><strong>aefalso</strong></span> <span class='ocrx_word' id='word_1_241' title='bbox 2042 2440 2273 2501; x_wconf 86' lang='lat' dir='ltr'><strong>titulus</strong></span> <span class='ocrx_word' id='word_1_242' title='bbox 2335 2437 2645 2498; x_wconf 86' lang='lat' dir='ltr'><strong>tribuitur</strong></span> <span class='ocrx_word' id='word_1_243' title='bbox 2706 2459 2736 2493; x_wconf 74' lang='grc' dir='ltr'><strong>α</strong></span> <span class='ocrx_word' id='word_1_244' title='bbox 2772 2437 2989 2499; x_wconf 89' lang='lat' dir='ltr'><strong>locum</strong></span> <span class='ocrx_word' id='word_1_245' title='bbox 3037 2440 3318 2501; x_wconf 87' lang='lat' dir='ltr'><strong>tenentis</strong></span> <span class='ocrx_word' id='word_1_246' title='bbox 3375 2439 3577 2502; x_wconf 88' lang='lat' dir='ltr'><strong>totius</strong></span> <span class='ocrx_word' id='word_1_247' title='bbox 3639 2439 3876 2520; x_wconf 79' lang='lat' dir='ltr'><strong>synodi</strong></span> 
     </span>
    </p>
   </div>
   <div class='ocr_carea' id='block_1_23' title="bbox 629 2532 3879 2615">
    <p class='ocr_par' dir='ltr' id='par_1_23' title="bbox 629 2532 3879 2615">
     <span class='ocr_line' id='line_1_23' title="bbox 629 2532 3879 2615; baseline -0.001 -15"><span class='ocrx_word' id='word_1_248' title='bbox 629 2551 860 2600; x_wconf 84' lang='lat' dir='ltr'><strong>sancta</strong></span> <span class='ocrx_word' id='word_1_249' title='bbox 900 2538 1205 2601; x_wconf 75' lang='lat' dir='ltr'><strong>Ecclesia</strong></span> <span class='ocrx_word' id='word_1_250' title='bbox 1238 2540 1545 2601; x_wconf 72' lang='lat' dir='ltr'><strong>Bomana</strong></span> <span class='ocrx_word' id='word_1_251' title='bbox 1585 2560 1612 2594; x_wconf 66' lang='grc' dir='ltr'><strong>ν</strong></span> <span class='ocrx_word' id='word_1_252' title='bbox 1636 2582 1652 2612; x_wconf 90' lang='grc'><em>,</em></span> <span class='ocrx_word' id='word_1_253' title='bbox 1679 2554 1815 2615; x_wconf 88' lang='lat' dir='ltr'><strong>quo</strong></span> <span class='ocrx_word' id='word_1_254' title='bbox 1853 2537 2099 2599; x_wconf 79' lang='lat' dir='ltr'><strong>Scilicet</strong></span> <span class='ocrx_word' id='word_1_255' title='bbox 2138 2536 2276 2613; x_wconf 90' lang='lat' dir='ltr'><strong>ipse</strong></span> <span class='ocrx_word' id='word_1_256' title='bbox 2325 2533 2571 2612; x_wconf 86' lang='lat' dir='ltr'><strong>pridem</strong></span> <span class='ocrx_word' id='word_1_257' title='bbox 2607 2532 2670 2594; x_wconf 89' lang='lat' dir='ltr'><strong>in</strong></span> <span class='ocrx_word' id='word_1_258' title='bbox 2696 2541 2874 2595; x_wconf 78' lang='lat' dir='ltr'><strong>sexta</strong></span> <span class='ocrx_word' id='word_1_259' title='bbox 2910 2535 3161 2614; x_wconf 85' lang='lat' dir='ltr'><strong>synodo</strong></span> <span class='ocrx_word' id='word_1_260' title='bbox 3184 2536 3580 2615; x_wconf 82' lang='lat' dir='ltr'><strong>acumenica</strong></span> <span class='ocrx_word' id='word_1_261' title='bbox 3631 2537 3879 2615; x_wconf 87' lang='lat' dir='ltr'><strong>potitus</strong></span> 
     </span>
    </p>
   </div>
   <div class='ocr_carea' id='block_1_24' title="bbox 535 2628 3878 2714">
    <p class='ocr_par' dir='ltr' id='par_1_24' title="bbox 535 2628 3878 2714">
     <span class='ocr_line' id='line_1_24' title="bbox 535 2628 3878 2714; baseline -0.001 -17"><span class='ocrx_word' id='word_1_262' title='bbox 535 2692 545 2697; x_wconf 85' lang='lat'><strong>-</strong></span> <span class='ocrx_word' id='word_1_263' title='bbox 627 2632 855 2696; x_wconf 76' lang='lat' dir='ltr'><strong>fuerat.</strong></span> <span class='ocrx_word' id='word_1_264' title='bbox 938 2636 1056 2696; x_wconf 82' lang='lat' dir='ltr'><strong>Sed</strong></span> <span class='ocrx_word' id='word_1_265' title='bbox 1148 2635 1341 2714; x_wconf 85' lang='lat' dir='ltr'><strong>hujus</strong></span> <span class='ocrx_word' id='word_1_266' title='bbox 1440 2642 1713 2696; x_wconf 84' lang='lat' dir='ltr'><strong>attamen</strong></span> <span class='ocrx_word' id='word_1_267' title='bbox 1802 2631 2183 2711; x_wconf 81' lang='lat' dir='ltr'><strong>legationem</strong></span> <span class='ocrx_word' id='word_1_268' title='bbox 2256 2633 2497 2698; x_wconf 80' lang='lat' dir='ltr'><strong>indicat</strong></span> <span class='ocrx_word' id='word_1_269' title='bbox 2599 2632 3146 2714; x_wconf 69' lang='lat' dir='ltr'><strong>The0phylactus,</strong></span> <span class='ocrx_word' id='word_1_270' title='bbox 3235 2633 3579 2713; x_wconf 79' lang='lat' dir='ltr'><strong>depravata</strong></span> <span class='ocrx_word' id='word_1_271' title='bbox 3624 2628 3878 2697; x_wconf 83' lang='lat' dir='ltr'><strong>scilicet</strong></span> 
     </span>
    </p>
   </div>
   <div class='ocr_carea' id='block_1_25' title="bbox 628 2720 2927 2809">
    <p class='ocr_par' dir='ltr' id='par_1_25' title="bbox 628 2720 2927 2809">
     <span class='ocr_line' id='line_1_25' title="bbox 628 2720 2927 2809; baseline -0.001 -20"><span class='ocrx_word' id='word_1_272' title='bbox 628 2730 1100 2809; x_wconf 79' lang='lat' dir='ltr'><strong>subscriptione</strong></span> <span class='ocrx_word' id='word_1_273' title='bbox 1139 2728 1474 2807; x_wconf 83' lang='lat' dir='ltr'><strong>deceptus.</strong></span> <span class='ocrx_word' id='word_1_274' title='bbox 2922 2720 2927 2725; x_wconf 66' lang='grc'><em>’</em></span> 
     </span>
    </p>
   </div>
   <div class='ocr_carea' id='block_1_26' title="bbox 708 2846 3875 2933">
    <p class='ocr_par' dir='ltr' id='par_1_26' title="bbox 708 2846 3875 2933">
     <span class='ocr_line' id='line_1_26' title="bbox 708 2846 3875 2933; baseline -0.001 -18"><span class='ocrx_word' id='word_1_275' title='bbox 708 2856 872 2916; x_wconf 88' lang='lat' dir='ltr'><strong>Suos</strong></span> <span class='ocrx_word' id='word_1_276' title='bbox 909 2854 974 2914; x_wconf 92' lang='lat' dir='ltr'><strong>in</strong></span> <span class='ocrx_word' id='word_1_277' title='bbox 1008 2853 1274 2916; x_wconf 86' lang='lat' dir='ltr'><strong>Oriente</strong></span> <span class='ocrx_word' id='word_1_278' title='bbox 1310 2852 1428 2931; x_wconf 86' lang='lat' dir='ltr'><strong>hoc</strong></span> <span class='ocrx_word' id='word_1_279' title='bbox 1485 2852 1673 2913; x_wconf 86' lang='lat' dir='ltr'><strong>etiam</strong></span> <span class='ocrx_word' id='word_1_280' title='bbox 1736 2860 2021 2932; x_wconf 86' lang='lat' dir='ltr'><strong>tempore</strong></span> <span class='ocrx_word' id='word_1_281' title='bbox 2061 2851 2359 2927; x_wconf 80' lang='lat' dir='ltr'><strong>vicarios,</strong></span> <span class='ocrx_word' id='word_1_282' title='bbox 2428 2862 2536 2913; x_wconf 89' lang='lat' dir='ltr'><strong>aut</strong></span> <span class='ocrx_word' id='word_1_283' title='bbox 2567 2850 2988 2930; x_wconf 75' lang='lat' dir='ltr'><strong>responsales,</strong></span> <span class='ocrx_word' id='word_1_284' title='bbox 3048 2846 3158 2914; x_wconf 86' lang='lat' dir='ltr'><strong>aut</strong></span> <span class='ocrx_word' id='word_1_285' title='bbox 3207 2852 3446 2933; x_wconf 76' lang='lat' dir='ltr'><strong>legatos</strong></span> <span class='ocrx_word' id='word_1_286' title='bbox 3510 2849 3875 2914; x_wconf 71' lang='lat' dir='ltr'><strong>ordinario:</strong></span> 
     </span>
    </p>
   </div>
   <div class='ocr_carea' id='block_1_27' title="bbox 622 2938 3874 3029">
    <p class='ocr_par' dir='ltr' id='par_1_27' title="bbox 622 2938 3874 3029">
     <span class='ocr_line' id='line_1_27' title="bbox 622 2938 3874 3029; baseline -0 -19"><span class='ocrx_word' id='word_1_287' title='bbox 622 2948 976 3010; x_wconf 69' lang='lat' dir='ltr'><strong>Romanam</strong></span> <span class='ocrx_word' id='word_1_288' title='bbox 1042 2950 1261 3010; x_wconf 86' lang='lat' dir='ltr'><strong>sedem</strong></span> <span class='ocrx_word' id='word_1_289' title='bbox 1318 2947 1644 3019; x_wconf 75' lang='lat' dir='ltr'><strong>habuisse,</strong></span> <span class='ocrx_word' id='word_1_290' title='bbox 1678 2965 1805 3007; x_wconf 92' lang='lat' dir='ltr'><strong>non</strong></span> <span class='ocrx_word' id='word_1_291' title='bbox 1837 2946 2087 3011; x_wconf 91' lang='lat' dir='ltr'><strong>dubito.</strong></span> <span class='ocrx_word' id='word_1_292' title='bbox 2119 2948 2199 3009; x_wconf 87' lang='lat' dir='ltr'><strong>Hi</strong></span> <span class='ocrx_word' id='word_1_293' title='bbox 2233 2964 2510 3028; x_wconf 87' lang='lat' dir='ltr'><strong>namque</strong></span> <span class='ocrx_word' id='word_1_294' title='bbox 2544 2938 3031 3027; x_wconf 87' lang='lat' dir='ltr'><strong>emergentibus</strong></span> <span class='ocrx_word' id='word_1_295' title='bbox 3085 2949 3154 3011; x_wconf 89' lang='lat' dir='ltr'><strong>in</strong></span> <span class='ocrx_word' id='word_1_296' title='bbox 3184 2948 3465 3029; x_wconf 84' lang='lat' dir='ltr'><strong>negotiis</strong></span> <span class='ocrx_word' id='word_1_297' title='bbox 3525 2963 3874 3029; x_wconf 80' lang='lat' dir='ltr'><strong>personam</strong></span> 
     </span>
    </p>
   </div>
   <div class='ocr_carea' id='block_1_28' title="bbox 630 3042 3875 3125">
    <p class='ocr_par' dir='ltr' id='par_1_28' title="bbox 630 3042 3875 3125">
     <span class='ocr_line' id='line_1_28' title="bbox 630 3042 3875 3125; baseline 0 -20"><span class='ocrx_word' id='word_1_298' title='bbox 630 3044 947 3121; x_wconf 75' lang='lat' dir='ltr'><strong>pontificis</strong></span> <span class='ocrx_word' id='word_1_299' title='bbox 989 3043 1550 3123; x_wconf 80' lang='lat' dir='ltr'><strong>reprasentabant,</strong></span> <span class='ocrx_word' id='word_1_300' title='bbox 1590 3042 2136 3124; x_wconf 84' lang='lat' dir='ltr'><strong>insinuabantque</strong></span> <span class='ocrx_word' id='word_1_301' title='bbox 2173 3044 2451 3125; x_wconf 85' lang='lat' dir='ltr'><strong>principi</strong></span> <span class='ocrx_word' id='word_1_302' title='bbox 2484 3062 2627 3124; x_wconf 88' lang='lat' dir='ltr'><strong>qua</strong></span> <span class='ocrx_word' id='word_1_303' title='bbox 2660 3047 3018 3125; x_wconf 88' lang='lat' dir='ltr'><strong>necessaria</strong></span> <span class='ocrx_word' id='word_1_304' title='bbox 3052 3046 3454 3121; x_wconf 79' lang='lat' dir='ltr'><strong>videbantur,</strong></span> <span class='ocrx_word' id='word_1_305' title='bbox 3491 3044 3618 3124; x_wconf 91' lang='lat' dir='ltr'><strong>ipsi</strong></span> <span class='ocrx_word' id='word_1_306' title='bbox 3663 3052 3875 3107; x_wconf 88' lang='lat' dir='ltr'><strong>tamen</strong></span> 
     </span>
    </p>
   </div>
   <div class='ocr_carea' id='block_1_29' title="bbox 630 3134 3873 3219">
    <p class='ocr_par' dir='ltr' id='par_1_29' title="bbox 630 3134 3873 3219">
     <span class='ocr_line' id='line_1_29' title="bbox 630 3134 3873 3219; baseline 0.001 -24"><span class='ocrx_word' id='word_1_307' title='bbox 630 3141 912 3219; x_wconf 81' lang='lat' dir='ltr'><strong>pontiﬁci</strong></span> <span class='ocrx_word' id='word_1_308' title='bbox 952 3134 1339 3202; x_wconf 80' lang='lat' dir='ltr'><strong>decernendi</strong></span> <span class='ocrx_word' id='word_1_309' title='bbox 1378 3144 1683 3217; x_wconf 86' lang='lat' dir='ltr'><strong>potestate</strong></span> <span class='ocrx_word' id='word_1_310' title='bbox 1720 3150 2037 3201; x_wconf 87' lang='lat' dir='ltr'><strong>reservata</strong></span> <span class='ocrx_word' id='word_1_311' title='bbox 2062 3141 2138 3201; x_wconf 91' lang='lat' dir='ltr'><strong>ad</strong></span> <span class='ocrx_word' id='word_1_312' title='bbox 2170 3139 2381 3219; x_wconf 89' lang='lat' dir='ltr'><strong>ipsius</strong></span> <span class='ocrx_word' id='word_1_313' title='bbox 2422 3142 2813 3219; x_wconf 78' lang='lat' dir='ltr'><strong>reSponsalis</strong></span> <span class='ocrx_word' id='word_1_314' title='bbox 2847 3141 3251 3204; x_wconf 89' lang='lat' dir='ltr'><strong>relationem.</strong></span> <span class='ocrx_word' id='word_1_315' title='bbox 3282 3142 3417 3203; x_wconf 83' lang='lat' dir='ltr'><strong>Hac</strong></span> <span class='ocrx_word' id='word_1_316' title='bbox 3447 3141 3527 3203; x_wconf 89' lang='lat' dir='ltr'><strong>de</strong></span> <span class='ocrx_word' id='word_1_317' title='bbox 3564 3157 3629 3201; x_wconf 90' lang='lat' dir='ltr'><strong>re</strong></span> <span class='ocrx_word' id='word_1_318' title='bbox 3682 3139 3873 3202; x_wconf 75' lang='grc' dir='ltr'><strong>ἀοίςιθ</strong></span> 
     </span>
    </p>
   </div>
   <div class='ocr_carea' id='block_1_30' title="bbox 626 3236 3875 3318">
    <p class='ocr_par' dir='ltr' id='par_1_30' title="bbox 626 3236 3875 3318">
     <span class='ocr_line' id='line_1_30' title="bbox 626 3236 3875 3318; baseline 0 -20"><span class='ocrx_word' id='word_1_319' title='bbox 626 3236 952 3299; x_wconf 71' lang='lat' dir='ltr'><strong>disseiunt</strong></span> <span class='ocrx_word' id='word_1_320' title='bbox 988 3240 1208 3298; x_wconf 81' lang='lat' dir='ltr'><strong>Petrus</strong></span> <span class='ocrx_word' id='word_1_321' title='bbox 1245 3238 1319 3297; x_wconf 90' lang='lat' dir='ltr'><strong>de</strong></span> <span class='ocrx_word' id='word_1_322' title='bbox 1373 3236 1581 3297; x_wconf 81' lang='lat' dir='ltr'><strong>Marce</strong></span> <span class='ocrx_word' id='word_1_323' title='bbox 1622 3240 1683 3296; x_wconf 88' lang='lat' dir='ltr'><strong>et</strong></span> <span class='ocrx_word' id='word_1_324' title='bbox 1751 3236 2069 3298; x_wconf 87' lang='lat' dir='ltr'><strong>Antonius</strong></span> <span class='ocrx_word' id='word_1_325' title='bbox 2132 3237 2363 3316; x_wconf 86' lang='lat' dir='ltr'><strong>Pagius</strong></span> <span class='ocrx_word' id='word_1_326' title='bbox 2396 3241 2471 3299; x_wconf 87' lang='lat' dir='ltr'><strong>ad</strong></span> <span class='ocrx_word' id='word_1_327' title='bbox 2504 3253 2744 3300; x_wconf 91' lang='lat' dir='ltr'><strong>annum</strong></span> <span class='ocrx_word' id='word_1_328' title='bbox 2789 3239 2930 3300; x_wconf 78' lang='lat'><strong>692.</strong></span> <span class='ocrx_word' id='word_1_329' title='bbox 2977 3239 3244 3302; x_wconf 87' lang='lat' dir='ltr'><strong>Fuerint</strong></span> <span class='ocrx_word' id='word_1_330' title='bbox 3295 3254 3473 3318; x_wconf 84' lang='lat' dir='ltr'><strong>ergo,</strong></span> <span class='ocrx_word' id='word_1_331' title='bbox 3548 3236 3875 3317; x_wconf 81' lang='lat' dir='ltr'><strong>Trullana</strong></span> 
     </span>
    </p>
   </div>
   <div class='ocr_carea' id='block_1_31' title="bbox 626 3330 3871 3414">
    <p class='ocr_par' dir='ltr' id='par_1_31' title="bbox 626 3330 3871 3414">
     <span class='ocr_line' id='line_1_31' title="bbox 626 3330 3871 3414; baseline 0 -22"><span class='ocrx_word' id='word_1_332' title='bbox 626 3333 859 3412; x_wconf 76' lang='lat' dir='ltr'><strong>synodi</strong></span> <span class='ocrx_word' id='word_1_333' title='bbox 890 3336 1206 3411; x_wconf 71' lang='lat' dir='ltr'><strong>tempore,</strong></span> <span class='ocrx_word' id='word_1_334' title='bbox 1230 3332 1417 3410; x_wconf 82' lang='lat' dir='ltr'><strong>legati</strong></span> <span class='ocrx_word' id='word_1_335' title='bbox 1457 3330 1797 3405; x_wconf 79' lang='lat' dir='ltr'><strong>ordinarii,</strong></span> <span class='ocrx_word' id='word_1_336' title='bbox 1845 3331 2134 3410; x_wconf 90' lang='lat' dir='ltr'><strong>episcopi</strong></span> <span class='ocrx_word' id='word_1_337' title='bbox 2181 3332 2618 3395; x_wconf 89' lang='lat' dir='ltr'><strong>Sardiniensis</strong></span> <span class='ocrx_word' id='word_1_338' title='bbox 2651 3343 2713 3396; x_wconf 91' lang='lat' dir='ltr'><strong>et</strong></span> <span class='ocrx_word' id='word_1_339' title='bbox 2743 3336 3109 3414; x_wconf 80' lang='lat' dir='ltr'><strong>Ravennas,</strong></span> <span class='ocrx_word' id='word_1_340' title='bbox 3149 3331 3757 3396; x_wconf 87' lang='lat' dir='ltr'><strong>Thessalonicensis</strong></span> <span class='ocrx_word' id='word_1_341' title='bbox 3806 3339 3871 3395; x_wconf 85' lang='lat' dir='ltr'><strong>et</strong></span> 
     </span>
    </p>
   </div>
   <div class='ocr_carea' id='block_1_32' title="bbox 626 3425 3871 3509">
    <p class='ocr_par' dir='ltr' id='par_1_32' title="bbox 626 3425 3871 3509">
     <span class='ocr_line' id='line_1_32' title="bbox 626 3425 3871 3509; baseline 0 -19"><span class='ocrx_word' id='word_1_342' title='bbox 626 3428 1041 3490; x_wconf 75' lang='lat' dir='ltr'><strong>Corinthius:</strong></span> <span class='ocrx_word' id='word_1_343' title='bbox 1085 3425 1345 3489; x_wconf 83' lang='lat' dir='ltr'><strong>sedisti</strong></span> <span class='ocrx_word' id='word_1_344' title='bbox 1405 3427 1702 3488; x_wconf 77' lang='lat' dir='ltr'><strong>absentes</strong></span> <span class='ocrx_word' id='word_1_345' title='bbox 1757 3434 1958 3499; x_wconf 85' lang='lat' dir='ltr'><strong>erant,</strong></span> <span class='ocrx_word' id='word_1_346' title='bbox 2042 3435 2217 3490; x_wconf 82' lang='lat' dir='ltr'><strong>utex</strong></span> <span class='ocrx_word' id='word_1_347' title='bbox 2249 3429 2388 3495; x_wconf 90' lang='lat' dir='ltr'><strong>loco</strong></span> <span class='ocrx_word' id='word_1_348' title='bbox 2455 3446 2654 3493; x_wconf 90' lang='lat' dir='ltr'><strong>vacuo</strong></span> <span class='ocrx_word' id='word_1_349' title='bbox 2689 3439 2900 3509; x_wconf 84' lang='lat' dir='ltr'><strong>patet:</strong></span> <span class='ocrx_word' id='word_1_350' title='bbox 2957 3438 3266 3493; x_wconf 85' lang='lat' dir='ltr'><strong>autcerte</strong></span> <span class='ocrx_word' id='word_1_351' title='bbox 3326 3429 3687 3492; x_wconf 83' lang='lat' dir='ltr'><strong>canonibus</strong></span> <span class='ocrx_word' id='word_1_352' title='bbox 3736 3429 3871 3491; x_wconf 87' lang='lat' dir='ltr'><strong>illis</strong></span> 
     </span>
    </p>
   </div>
   <div class='ocr_carea' id='block_1_33' title="bbox 626 3523 3869 3607">
    <p class='ocr_par' dir='ltr' id='par_1_33' title="bbox 626 3523 3869 3607">
     <span class='ocr_line' id='line_1_33' title="bbox 626 3523 3869 3607; baseline 0.001 -22"><span class='ocrx_word' id='word_1_353' title='bbox 626 3525 923 3585; x_wconf 86' lang='lat' dir='ltr'><strong>assentiri</strong></span> <span class='ocrx_word' id='word_1_354' title='bbox 955 3523 1332 3585; x_wconf 87' lang='lat' dir='ltr'><strong>noluerunt.</strong></span> <span class='ocrx_word' id='word_1_355' title='bbox 1396 3524 1574 3585; x_wconf 89' lang='lat' dir='ltr'><strong>Unus</strong></span> <span class='ocrx_word' id='word_1_356' title='bbox 1624 3523 1871 3601; x_wconf 85' lang='lat' dir='ltr'><strong>legitur</strong></span> <span class='ocrx_word' id='word_1_357' title='bbox 1902 3524 2181 3585; x_wconf 88' lang='lat' dir='ltr'><strong>Basilius</strong></span> <span class='ocrx_word' id='word_1_358' title='bbox 2213 3525 2672 3607; x_wconf 84' lang='lat' dir='ltr'><strong>Gortynensis.</strong></span> <span class='ocrx_word' id='word_1_359' title='bbox 2740 3527 2963 3591; x_wconf 75' lang='lat' dir='ltr'><strong>Fuerit</strong></span> <span class='ocrx_word' id='word_1_360' title='bbox 2996 3528 3119 3588; x_wconf 90' lang='lat' dir='ltr'><strong>iste</strong></span> <span class='ocrx_word' id='word_1_361' title='bbox 3150 3528 3399 3606; x_wconf 76' lang='lat' dir='ltr'><strong>legatus</strong></span> <span class='ocrx_word' id='word_1_362' title='bbox 3457 3527 3869 3589; x_wconf 87' lang='lat' dir='ltr'><strong>ordinarius:</strong></span> 
     </span>
    </p>
   </div>
   <div class='ocr_carea' id='block_1_34' title="bbox 629 3610 3871 3704">
    <p class='ocr_par' dir='ltr' id='par_1_34' title="bbox 629 3610 3871 3704">
     <span class='ocr_line' id='line_1_34' title="bbox 629 3610 3871 3704; baseline 0.001 -23"><span class='ocrx_word' id='word_1_363' title='bbox 629 3632 687 3682; x_wconf 81' lang='lat' dir='ltr'><strong>at</strong></span> <span class='ocrx_word' id='word_1_364' title='bbox 722 3624 861 3699; x_wconf 85' lang='lat' dir='ltr'><strong>ejus</strong></span> <span class='ocrx_word' id='word_1_365' title='bbox 923 3621 1262 3698; x_wconf 87' lang='lat' dir='ltr'><strong>prasentia</strong></span> <span class='ocrx_word' id='word_1_366' title='bbox 1306 3610 1952 3683; x_wconf 46' lang='lat' dir='ltr'><strong>nullam&#39;ranonibus</strong></span> <span class='ocrx_word' id='word_1_367' title='bbox 1999 3622 2322 3686; x_wconf 91' lang='lat' dir='ltr'><strong>Trullanis</strong></span> <span class='ocrx_word' id='word_1_368' title='bbox 2370 3628 2814 3689; x_wconf 81' lang='lat' dir='ltr'><strong>auctoritatem</strong></span> <span class='ocrx_word' id='word_1_369' title='bbox 2863 3626 3189 3697; x_wconf 81' lang='lat' dir='ltr'><strong>conciliat,</strong></span> <span class='ocrx_word' id='word_1_370' title='bbox 3224 3624 3605 3688; x_wconf 87' lang='lat' dir='ltr'><strong>absentibus</strong></span> <span class='ocrx_word' id='word_1_371' title='bbox 3644 3624 3871 3704; x_wconf 85' lang='lat' dir='ltr'><strong>legatis</strong></span> 
     </span>
    </p>
   </div>
   <div class='ocr_carea' id='block_1_35' title="bbox 624 3717 1459 3799">
    <p class='ocr_par' dir='ltr' id='par_1_35' title="bbox 624 3717 1459 3799">
     <span class='ocr_line' id='line_1_35' title="bbox 624 3717 1459 3799; baseline -0.001 -21"><span class='ocrx_word' id='word_1_372' title='bbox 624 3718 794 3792; x_wconf 82' lang='lat' dir='ltr'><strong>aliis,</strong></span> <span class='ocrx_word' id='word_1_373' title='bbox 820 3726 925 3780; x_wconf 86' lang='lat' dir='ltr'><strong>aut</strong></span> <span class='ocrx_word' id='word_1_374' title='bbox 955 3717 1459 3799; x_wconf 78' lang='lat' dir='ltr'><strong>repugnantibus</strong></span> 
     </span>
    </p>
   </div>
   <div class='ocr_carea' id='block_1_36' title="bbox 702 3823 3867 3919">
    <p class='ocr_par' dir='ltr' id='par_1_36' title="bbox 702 3823 3867 3919">
     <span class='ocr_line' id='line_1_36' title="bbox 702 3823 3867 3919; baseline 0.001 -22"><span class='ocrx_word' id='word_1_375' title='bbox 702 3837 1086 3914; x_wconf 76' lang='lat' dir='ltr'><strong>[XXXVIII]</strong></span> <span class='ocrx_word' id='word_1_376' title='bbox 1143 3835 1281 3897; x_wconf 85' lang='lat' dir='ltr'><strong>Alia</strong></span> <span class='ocrx_word' id='word_1_377' title='bbox 1333 3836 1537 3911; x_wconf 88' lang='lat' dir='ltr'><strong>plura,</strong></span> <span class='ocrx_word' id='word_1_378' title='bbox 1596 3854 1741 3915; x_wconf 88' lang='lat' dir='ltr'><strong>qua</strong></span> <span class='ocrx_word' id='word_1_379' title='bbox 1768 3837 2090 3913; x_wconf 87' lang='lat' dir='ltr'><strong>synodum</strong></span> <span class='ocrx_word' id='word_1_380' title='bbox 2125 3835 2724 3913; x_wconf 83' lang='lat' dir='ltr'><strong>hanclabefactant,</strong></span> <span class='ocrx_word' id='word_1_381' title='bbox 2765 3823 3076 3917; x_wconf 83' lang='lat' dir='ltr'><strong>expendit</strong></span> <span class='ocrx_word' id='word_1_382' title='bbox 3108 3839 3480 3919; x_wconf 88' lang='lat' dir='ltr'><strong>Lequienus</strong></span> <span class='ocrx_word' id='word_1_383' title='bbox 3539 3840 3605 3901; x_wconf 90' lang='lat' dir='ltr'><strong>in</strong></span> <span class='ocrx_word' id='word_1_384' title='bbox 3652 3839 3867 3902; x_wconf 78' lang='lat' dir='ltr'><strong>Pano-</strong></span> 
     </span>
    </p>
   </div>
   <div class='ocr_carea' id='block_1_37' title="bbox 616 3931 3867 4017">
    <p class='ocr_par' dir='ltr' id='par_1_37' title="bbox 616 3931 3867 4017">
     <span class='ocr_line' id='line_1_37' title="bbox 616 3931 3867 4017; baseline 0.003 -26"><span class='ocrx_word' id='word_1_385' title='bbox 616 3933 755 4013; x_wconf 83' lang='lat' dir='ltr'><strong>ptia</strong></span> <span class='ocrx_word' id='word_1_386' title='bbox 786 3942 1005 3994; x_wconf 83' lang='lat' dir='ltr'><strong>contra</strong></span> <span class='ocrx_word' id='word_1_387' title='bbox 1034 3931 1297 3991; x_wconf 85' lang='lat' dir='ltr'><strong>schisma</strong></span> <span class='ocrx_word' id='word_1_388' title='bbox 1332 3932 1712 4006; x_wconf 66' lang='lat' dir='ltr'><strong>Graecorum,</strong></span> <span class='ocrx_word' id='word_1_389' title='bbox 1764 3932 2002 3993; x_wconf 89' lang='lat' dir='ltr'><strong>saculo</strong></span> <span class='ocrx_word' id='word_1_390' title='bbox 2039 3949 2146 4006; x_wconf 83' lang='lat' dir='ltr'><strong>vu,</strong></span> <span class='ocrx_word' id='word_1_391' title='bbox 2178 3935 2385 4013; x_wconf 87' lang='lat' dir='ltr'><strong>capite</strong></span> <span class='ocrx_word' id='word_1_392' title='bbox 2426 3936 2486 3995; x_wconf 82' lang='lat'><strong>2.</strong></span> <span class='ocrx_word' id='word_1_393' title='bbox 2516 3935 2837 3997; x_wconf 89' lang='lat' dir='ltr'><strong>lnvectam</strong></span> <span class='ocrx_word' id='word_1_394' title='bbox 2883 3952 3013 3998; x_wconf 88' lang='lat' dir='ltr'><strong>non</strong></span> <span class='ocrx_word' id='word_1_395' title='bbox 3042 3937 3456 4015; x_wconf 87' lang='lat' dir='ltr'><strong>pratermitlo</strong></span> <span class='ocrx_word' id='word_1_396' title='bbox 3480 3936 3867 4017; x_wconf 82' lang='lat' dir='ltr'><strong>legationem</strong></span> 
     </span>
    </p>
   </div>
   <div class='ocr_carea' id='block_1_38' title="bbox 624 4029 3867 4111">
    <p class='ocr_par' dir='ltr' id='par_1_38' title="bbox 624 4029 3867 4111">
     <span class='ocr_line' id='line_1_38' title="bbox 624 4029 3867 4111; baseline 0.002 -20"><span class='ocrx_word' id='word_1_397' title='bbox 624 4030 906 4109; x_wconf 89' lang='lat' dir='ltr'><strong>episcopi</strong></span> <span class='ocrx_word' id='word_1_398' title='bbox 970 4029 1447 4102; x_wconf 87' lang='lat' dir='ltr'><strong>Heracleensis,</strong></span> <span class='ocrx_word' id='word_1_399' title='bbox 1482 4031 1589 4107; x_wconf 83' lang='lat' dir='ltr'><strong>qui</strong></span> <span class='ocrx_word' id='word_1_400' title='bbox 1638 4029 1919 4106; x_wconf 84' lang='lat' dir='ltr'><strong>probatis</strong></span> <span class='ocrx_word' id='word_1_401' title='bbox 1975 4030 2040 4091; x_wconf 90' lang='lat' dir='ltr'><strong>in</strong></span> <span class='ocrx_word' id='word_1_402' title='bbox 2098 4033 2536 4093; x_wconf 88' lang='lat' dir='ltr'><strong>monumentis</strong></span> <span class='ocrx_word' id='word_1_403' title='bbox 2593 4032 2889 4110; x_wconf 79' lang='lat' dir='ltr'><strong>nuSpiam</strong></span> <span class='ocrx_word' id='word_1_404' title='bbox 2967 4036 3284 4111; x_wconf 79' lang='lat' dir='ltr'><strong>reperitur</strong></span> <span class='ocrx_word' id='word_1_405' title='bbox 3329 4033 3525 4094; x_wconf 87' lang='lat' dir='ltr'><strong>hocce</strong></span> <span class='ocrx_word' id='word_1_406' title='bbox 3598 4051 3867 4097; x_wconf 88' lang='lat' dir='ltr'><strong>munere</strong></span> 
     </span>
    </p>
   </div>
   <div class='ocr_carea' id='block_1_39' title="bbox 621 4118 3866 4208">
    <p class='ocr_par' dir='ltr' id='par_1_39' title="bbox 621 4118 3866 4208">
     <span class='ocr_line' id='line_1_39' title="bbox 621 4118 3866 4208; baseline 0.002 -25"><span class='ocrx_word' id='word_1_407' title='bbox 621 4124 968 4199; x_wconf 79' lang='lat' dir='ltr'><strong>aliquando</strong></span> <span class='ocrx_word' id='word_1_408' title='bbox 1026 4120 1310 4184; x_wconf 88' lang='lat' dir='ltr'><strong>functus.</strong></span> <span class='ocrx_word' id='word_1_409' title='bbox 1368 4118 1775 4183; x_wconf 82' lang='lat' dir='ltr'><strong>Anastasium</strong></span> <span class='ocrx_word' id='word_1_410' title='bbox 1841 4121 2407 4188; x_wconf 86' lang='lat' dir='ltr'><strong>Bibliothecarium</strong></span> <span class='ocrx_word' id='word_1_411' title='bbox 2442 4128 2630 4203; x_wconf 84' lang='lat' dir='ltr'><strong>addo,</strong></span> <span class='ocrx_word' id='word_1_412' title='bbox 2668 4129 2781 4207; x_wconf 89' lang='lat' dir='ltr'><strong>qui</strong></span> <span class='ocrx_word' id='word_1_413' title='bbox 2814 4128 2881 4189; x_wconf 90' lang='lat' dir='ltr'><strong>in</strong></span> <span class='ocrx_word' id='word_1_414' title='bbox 2932 4129 3075 4190; x_wconf 74' lang='lat' dir='ltr'><strong>Vita</strong></span> <span class='ocrx_word' id='word_1_415' title='bbox 3105 4128 3371 4208; x_wconf 83' lang='lat' dir='ltr'><strong>Sergiil</strong></span> <span class='ocrx_word' id='word_1_416' title='bbox 3401 4128 3638 4191; x_wconf 90' lang='lat' dir='ltr'><strong>diserte</strong></span> <span class='ocrx_word' id='word_1_417' title='bbox 3678 4136 3866 4192; x_wconf 86' lang='lat' dir='ltr'><strong>testa-</strong></span> 
     </span>
    </p>
   </div>
   <div class='ocr_carea' id='block_1_40' title="bbox 625 4215 3863 4301">
    <p class='ocr_par' dir='ltr' id='par_1_40' title="bbox 625 4215 3863 4301">
     <span class='ocr_line' id='line_1_40' title="bbox 625 4215 3863 4301; baseline 0.002 -21"><span class='ocrx_word' id='word_1_418' title='bbox 625 4228 726 4280; x_wconf 88' lang='lat' dir='ltr'><strong>tur</strong></span> <span class='ocrx_word' id='word_1_419' title='bbox 791 4221 1064 4298; x_wconf 83' lang='lat' dir='ltr'><strong>Iegatum</strong></span> <span class='ocrx_word' id='word_1_420' title='bbox 1126 4215 1583 4295; x_wconf 89' lang='lat' dir='ltr'><strong>apostolicum,</strong></span> <span class='ocrx_word' id='word_1_421' title='bbox 1630 4218 1743 4297; x_wconf 91' lang='lat' dir='ltr'><strong>qui</strong></span> <span class='ocrx_word' id='word_1_422' title='bbox 1798 4217 1993 4279; x_wconf 81' lang='lat' dir='ltr'><strong>fuerit</strong></span> <span class='ocrx_word' id='word_1_423' title='bbox 2038 4221 2318 4283; x_wconf 89' lang='lat' dir='ltr'><strong>Basilius</strong></span> <span class='ocrx_word' id='word_1_424' title='bbox 2363 4222 2471 4284; x_wconf 93' lang='lat' dir='ltr'><strong>ille</strong></span> <span class='ocrx_word' id='word_1_425' title='bbox 2503 4217 3317 4301; x_wconf 61' lang='lat' dir='ltr'><strong>Gortynensis,,Trullanis</strong></span> <span class='ocrx_word' id='word_1_426' title='bbox 3350 4224 3710 4285; x_wconf 87' lang='lat' dir='ltr'><strong>canonibus</strong></span> <span class='ocrx_word' id='word_1_427' title='bbox 3762 4224 3863 4285; x_wconf 79' lang='lat' dir='ltr'><strong>de-</strong></span> 
     </span>
    </p>
   </div>
   <div class='ocr_carea' id='block_1_41' title="bbox 620 4314 3861 4397">
    <p class='ocr_par' dir='ltr' id='par_1_41' title="bbox 620 4314 3861 4397">
     <span class='ocr_line' id='line_1_41' title="bbox 620 4314 3861 4397; baseline 0.002 -20"><span class='ocrx_word' id='word_1_428' title='bbox 620 4325 863 4397; x_wconf 79' lang='lat' dir='ltr'><strong>reptum</strong></span> <span class='ocrx_word' id='word_1_429' title='bbox 887 4314 1379 4393; x_wconf 86' lang='lat' dir='ltr'><strong>subscripsisse.</strong></span> <span class='ocrx_word' id='word_1_430' title='bbox 1415 4314 1583 4387; x_wconf 90' lang='lat' dir='ltr'><strong>Quid</strong></span> <span class='ocrx_word' id='word_1_431' title='bbox 1607 4318 1634 4375; x_wconf 75' lang='lat' dir='ltr'><strong>‘i</strong></span> <span class='ocrx_word' id='word_1_432' title='bbox 1660 4317 1833 4393; x_wconf 90' lang='lat' dir='ltr'><strong>quod</strong></span> <span class='ocrx_word' id='word_1_433' title='bbox 1867 4315 2160 4378; x_wconf 87' lang='lat' dir='ltr'><strong>laudatus</strong></span> <span class='ocrx_word' id='word_1_434' title='bbox 2192 4317 2451 4394; x_wconf 88' lang='lat' dir='ltr'><strong>Sergius</strong></span> <span class='ocrx_word' id='word_1_435' title='bbox 2483 4318 2807 4378; x_wconf 81' lang='lat' dir='ltr'><strong>Romanus</strong></span> <span class='ocrx_word' id='word_1_436' title='bbox 2844 4316 3131 4395; x_wconf 81' lang='lat' dir='ltr'><strong>pontifex</strong></span> <span class='ocrx_word' id='word_1_437' title='bbox 3170 4340 3198 4373; x_wconf 79' lang='grc' dir='ltr'><strong><em>α</em></strong></span> <span class='ocrx_word' id='word_1_438' title='bbox 3226 4319 3560 4396; x_wconf 87' lang='lat' dir='ltr'><strong>pradictos</strong></span> <span class='ocrx_word' id='word_1_439' title='bbox 3583 4335 3861 4382; x_wconf 84' lang='lat' dir='ltr'><strong>canones</strong></span> 
     </span>
    </p>
   </div>
   <div class='ocr_carea' id='block_1_42' title="bbox 616 4406 3859 4493">
    <p class='ocr_par' dir='ltr' id='par_1_42' title="bbox 616 4406 3859 4493">
     <span class='ocr_line' id='line_1_42' title="bbox 616 4406 3859 4493; baseline 0.001 -19"><span class='ocrx_word' id='word_1_440' title='bbox 616 4414 888 4490; x_wconf 57' lang='lat' dir='ltr'><strong>‘res‘puit,</strong></span> <span class='ocrx_word' id='word_1_441' title='bbox 922 4418 1114 4490; x_wconf 89' lang='lat' dir='ltr'><strong>atque</strong></span> <span class='ocrx_word' id='word_1_442' title='bbox 1150 4410 1366 4488; x_wconf 89' lang='lat' dir='ltr'><strong>rejecit</strong></span> <span class='ocrx_word' id='word_1_443' title='bbox 1398 4410 1649 4490; x_wconf 86' lang='lat' dir='ltr'><strong>(eodem</strong></span> <span class='ocrx_word' id='word_1_444' title='bbox 1680 4417 1841 4472; x_wconf 91' lang='lat' dir='ltr'><strong>teste</strong></span> <span class='ocrx_word' id='word_1_445' title='bbox 1883 4410 2264 4489; x_wconf 83' lang='lat' dir='ltr'><strong>Anastasio),</strong></span> <span class='ocrx_word' id='word_1_446' title='bbox 2301 4410 2548 4488; x_wconf 85' lang='lat' dir='ltr'><strong>eligens</strong></span> <span class='ocrx_word' id='word_1_447' title='bbox 2600 4413 2816 4490; x_wconf 86' lang='lat' dir='ltr'><strong>potius</strong></span> <span class='ocrx_word' id='word_1_448' title='bbox 2851 4413 3016 4475; x_wconf 89' lang='lat' dir='ltr'><strong>mori</strong></span> <span class='ocrx_word' id='word_1_449' title='bbox 3076 4429 3267 4493; x_wconf 91' lang='lat' dir='ltr'><strong>quam</strong></span> <span class='ocrx_word' id='word_1_450' title='bbox 3302 4406 3653 4476; x_wconf 25' lang='lat' dir='ltr'><strong>novita‘tum</strong></span> <span class='ocrx_word' id='word_1_451' title='bbox 3684 4430 3859 4477; x_wconf 86' lang='lat' dir='ltr'><strong>erro-</strong></span> 
     </span>
    </p>
   </div>
   <div class='ocr_carea' id='block_1_43' title="bbox 626 4506 3860 4589">
    <p class='ocr_par' dir='ltr' id='par_1_43' title="bbox 626 4506 3860 4589">
     <span class='ocr_line' id='line_1_43' title="bbox 626 4506 3860 4589; baseline 0.001 -19"><span class='ocrx_word' id='word_1_452' title='bbox 626 4510 804 4570; x_wconf 86' lang='lat' dir='ltr'><strong>ribus</strong></span> <span class='ocrx_word' id='word_1_453' title='bbox 836 4507 1221 4569; x_wconf 89' lang='lat' dir='ltr'><strong>conscntire.</strong></span> <span class='ocrx_word' id='word_1_454' title='bbox 1256 4527 1285 4562; x_wconf 81' lang='grc'><strong>»</strong></span> <span class='ocrx_word' id='word_1_455' title='bbox 1328 4507 1499 4581; x_wconf 84' lang='lat' dir='ltr'><strong>Hac,</strong></span> <span class='ocrx_word' id='word_1_456' title='bbox 1544 4506 1793 4567; x_wconf 87' lang='lat' dir='ltr'><strong>tametsi</strong></span> <span class='ocrx_word' id='word_1_457' title='bbox 1824 4508 2180 4582; x_wconf 87' lang='lat' dir='ltr'><strong>notissima,</strong></span> <span class='ocrx_word' id='word_1_458' title='bbox 2223 4508 2369 4569; x_wconf 88' lang='lat' dir='ltr'><strong>silet</strong></span> <span class='ocrx_word' id='word_1_459' title='bbox 2404 4514 2677 4568; x_wconf 85' lang='lat' dir='ltr'><strong>attamen</strong></span> <span class='ocrx_word' id='word_1_460' title='bbox 2726 4508 3270 4589; x_wconf 78' lang='lat' dir='ltr'><strong>Theophylactus.</strong></span> <span class='ocrx_word' id='word_1_461' title='bbox 3314 4509 3469 4571; x_wconf 86' lang='lat' dir='ltr'><strong>Silet</strong></span> <span class='ocrx_word' id='word_1_462' title='bbox 3518 4511 3710 4573; x_wconf 89' lang='lat' dir='ltr'><strong>etiam</strong></span> <span class='ocrx_word' id='word_1_463' title='bbox 3742 4514 3860 4574; x_wconf 86' lang='lat' dir='ltr'><strong>Ju-</strong></span> 
     </span>
    </p>
   </div>
   <div class='ocr_carea' id='block_1_44' title="bbox 621 4603 3861 4681">
    <p class='ocr_par' dir='ltr' id='par_1_44' title="bbox 621 4603 3861 4681">
     <span class='ocr_line' id='line_1_44' title="bbox 621 4603 3861 4681; baseline 0.002 -18"><span class='ocrx_word' id='word_1_464' title='bbox 621 4603 971 4663; x_wconf 66' lang='lat' dir='ltr'><strong>sainianum</strong></span> <span class='ocrx_word' id='word_1_465' title='bbox 1050 4603 1381 4661; x_wconf 89' lang='lat' dir='ltr'><strong>Juniorem</strong></span> <span class='ocrx_word' id='word_1_466' title='bbox 1421 4605 1558 4679; x_wconf 89' lang='lat' dir='ltr'><strong>qui,</strong></span> <span class='ocrx_word' id='word_1_467' title='bbox 1598 4611 1735 4678; x_wconf 91' lang='lat' dir='ltr'><strong>post</strong></span> <span class='ocrx_word' id='word_1_468' title='bbox 1772 4603 2103 4663; x_wconf 90' lang='lat' dir='ltr'><strong>Tiberium</strong></span> <span class='ocrx_word' id='word_1_469' title='bbox 2130 4604 2531 4664; x_wconf 79' lang='lat' dir='ltr'><strong>Absimarum</strong></span> <span class='ocrx_word' id='word_1_470' title='bbox 2562 4604 2625 4664; x_wconf 88' lang='lat' dir='ltr'><strong>et</strong></span> <span class='ocrx_word' id='word_1_471' title='bbox 2658 4605 2993 4666; x_wconf 88' lang='lat' dir='ltr'><strong>Leontium</strong></span> <span class='ocrx_word' id='word_1_472' title='bbox 3030 4605 3399 4681; x_wconf 82' lang='lat' dir='ltr'><strong>Patricium,</strong></span> <span class='ocrx_word' id='word_1_473' title='bbox 3434 4606 3664 4668; x_wconf 90' lang='lat' dir='ltr'><strong>iterum</strong></span> <span class='ocrx_word' id='word_1_474' title='bbox 3691 4623 3861 4671; x_wconf 88' lang='lat' dir='ltr'><strong>anno</strong></span> 
     </span>
    </p>
   </div>
   <div class='ocr_carea' id='block_1_45' title="bbox 617 4692 3862 4779">
    <p class='ocr_par' dir='ltr' id='par_1_45' title="bbox 617 4692 3862 4779">
     <span class='ocr_line' id='line_1_45' title="bbox 617 4692 3862 4779; baseline 0.002 -19"><span class='ocrx_word' id='word_1_475' title='bbox 617 4702 735 4762; x_wconf 79' lang='grc'><em>’10⁸5</em></span> <span class='ocrx_word' id='word_1_476' title='bbox 778 4692 1054 4760; x_wconf 81' lang='lat' dir='ltr'><strong>obtinuit</strong></span> <span class='ocrx_word' id='word_1_477' title='bbox 1085 4698 1450 4775; x_wconf 86' lang='lat' dir='ltr'><strong>imperium,</strong></span> <span class='ocrx_word' id='word_1_478' title='bbox 1488 4698 1672 4759; x_wconf 90' lang='lat' dir='ltr'><strong>irrito</strong></span> <span class='ocrx_word' id='word_1_479' title='bbox 1732 4707 1879 4758; x_wconf 69' lang='lat' dir='ltr'><strong>voro</strong></span> <span class='ocrx_word' id='word_1_480' title='bbox 1932 4714 2220 4771; x_wconf 86' lang='lat' dir='ltr'><strong>curasse,</strong></span> <span class='ocrx_word' id='word_1_481' title='bbox 2250 4700 2625 4759; x_wconf 88' lang='lat' dir='ltr'><strong>utJoannes</strong></span> <span class='ocrx_word' id='word_1_482' title='bbox 2683 4716 2841 4779; x_wconf 86' lang='lat' dir='ltr'><strong>papa</strong></span> <span class='ocrx_word' id='word_1_483' title='bbox 2900 4703 3013 4761; x_wconf 89' lang='lat' dir='ltr'><strong>Vll</strong></span> <span class='ocrx_word' id='word_1_484' title='bbox 3062 4703 3319 4763; x_wconf 86' lang='lat' dir='ltr'><strong>eosdem</strong></span> <span class='ocrx_word' id='word_1_485' title='bbox 3365 4719 3645 4766; x_wconf 88' lang='lat' dir='ltr'><strong>canones</strong></span> <span class='ocrx_word' id='word_1_486' title='bbox 3708 4705 3862 4767; x_wconf 87' lang='lat' dir='ltr'><strong>reci-</strong></span> 
     </span>
    </p>
   </div>
   <div class='ocr_carea' id='block_1_46' title="bbox 620 4792 3859 4879">
    <p class='ocr_par' dir='ltr' id='par_1_46' title="bbox 620 4792 3859 4879">
     <span class='ocr_line' id='line_1_46' title="bbox 620 4792 3859 4879; baseline 0.001 -22"><span class='ocrx_word' id='word_1_487' title='bbox 620 4802 821 4875; x_wconf 87' lang='lat' dir='ltr'><strong>peret.</strong></span> <span class='ocrx_word' id='word_1_488' title='bbox 870 4793 1054 4867; x_wconf 89' lang='lat' dir='ltr'><strong>Silet,</strong></span> <span class='ocrx_word' id='word_1_489' title='bbox 1097 4792 1595 4854; x_wconf 90' lang='lat' dir='ltr'><strong>Constantinum</strong></span> <span class='ocrx_word' id='word_1_490' title='bbox 1640 4794 2014 4873; x_wconf 77' lang='lat' dir='ltr'><strong>papam,‘qui</strong></span> <span class='ocrx_word' id='word_1_491' title='bbox 2058 4794 2681 4873; x_wconf 85' lang='lat' dir='ltr'><strong>Constantinopolim</strong></span> <span class='ocrx_word' id='word_1_492' title='bbox 2714 4813 2885 4858; x_wconf 89' lang='lat' dir='ltr'><strong>anno</strong></span> <span class='ocrx_word' id='word_1_493' title='bbox 2929 4798 3048 4858; x_wconf 84' lang='lat'><strong>710</strong></span> <span class='ocrx_word' id='word_1_494' title='bbox 3069 4806 3369 4861; x_wconf 86' lang='lat' dir='ltr'><strong>evocatus</strong></span> <span class='ocrx_word' id='word_1_495' title='bbox 3411 4798 3643 4872; x_wconf 81' lang='lat' dir='ltr'><strong>fuerat,</strong></span> <span class='ocrx_word' id='word_1_496' title='bbox 3694 4800 3859 4879; x_wconf 86' lang='lat' dir='ltr'><strong>ipso</strong></span> 
     </span>
    </p>
   </div>
   <div class='ocr_carea' id='block_1_47' title="bbox 617 4878 3859 4976">
    <p class='ocr_par' dir='ltr' id='par_1_47' title="bbox 617 4878 3859 4976">
     <span class='ocr_line' id='line_1_47' title="bbox 617 4878 3859 4976; baseline 0.001 -21"><span class='ocrx_word' id='word_1_497' title='bbox 617 4904 887 4971; x_wconf 75' lang='lat' dir='ltr'><strong>urgente</strong></span> <span class='ocrx_word' id='word_1_498' title='bbox 920 4891 1291 4952; x_wconf 70' lang='lat' dir='ltr'><strong>Iustiniano</strong></span> <span class='ocrx_word' id='word_1_499' title='bbox 1336 4888 1744 4967; x_wconf 88' lang='lat' dir='ltr'><strong>imperatore,</strong></span> <span class='ocrx_word' id='word_1_500' title='bbox 1798 4908 1906 4951; x_wconf 92' lang='lat' dir='ltr'><strong>eos</strong></span> <span class='ocrx_word' id='word_1_501' title='bbox 1938 4892 2246 4953; x_wconf 83' lang='lat' dir='ltr'><strong>duntaxat</strong></span> <span class='ocrx_word' id='word_1_502' title='bbox 2291 4893 2631 4953; x_wconf 89' lang='lat' dir='ltr'><strong>Trullanos</strong></span> <span class='ocrx_word' id='word_1_503' title='bbox 2663 4895 3050 4972; x_wconf 87' lang='lat' dir='ltr'><strong>approbasse</strong></span> <span class='ocrx_word' id='word_1_504' title='bbox 3079 4912 3382 4971; x_wconf 73' lang='lat' dir='ltr'><strong>canones,</strong></span> <span class='ocrx_word' id='word_1_505' title='bbox 3408 4897 3517 4976; x_wconf 87' lang='lat' dir='ltr'><strong>qui</strong></span> <span class='ocrx_word' id='word_1_506' title='bbox 3554 4878 3859 4959; x_wconf 79' lang='lat' dir='ltr'><strong>Romana</strong></span> 
     </span>
    </p>
   </div>
   <div class='ocr_carea' id='block_1_48' title="bbox 619 4985 3860 5069">
    <p class='ocr_par' dir='ltr' id='par_1_48' title="bbox 619 4985 3860 5069">
     <span class='ocr_line' id='line_1_48' title="bbox 619 4985 3860 5069; baseline 0.002 -19"><span class='ocrx_word' id='word_1_507' title='bbox 619 4987 919 5051; x_wconf 80' lang='lat' dir='ltr'><strong>Ecclesia</strong></span> <span class='ocrx_word' id='word_1_508' title='bbox 946 4988 1217 5047; x_wconf 77' lang='lat' dir='ltr'><strong>decretis</strong></span> <span class='ocrx_word' id='word_1_509' title='bbox 1253 5002 1379 5047; x_wconf 91' lang='lat' dir='ltr'><strong>non</strong></span> <span class='ocrx_word' id='word_1_510' title='bbox 1410 4985 1924 5047; x_wconf 78' lang='lat' dir='ltr'><strong>adversarentur.</strong></span> <span class='ocrx_word' id='word_1_511' title='bbox 2008 4989 2645 5068; x_wconf 86' lang='lat' dir='ltr'><strong>Perperamdenique</strong></span> <span class='ocrx_word' id='word_1_512' title='bbox 2690 4991 3008 5069; x_wconf 84' lang='lat' dir='ltr'><strong>synodum</strong></span> <span class='ocrx_word' id='word_1_513' title='bbox 3066 4992 3490 5055; x_wconf 87' lang='lat' dir='ltr'><strong>Laodicenam</strong></span> <span class='ocrx_word' id='word_1_514' title='bbox 3560 4993 3629 5054; x_wconf 88' lang='lat' dir='ltr'><strong>in</strong></span> <span class='ocrx_word' id='word_1_515' title='bbox 3678 5000 3860 5055; x_wconf 83' lang='lat' dir='ltr'><strong>sexta</strong></span> 
     </span>
    </p>
   </div>
   <div class='ocr_carea' id='block_1_49' title="bbox 616 5081 3856 5168">
    <p class='ocr_par' dir='ltr' id='par_1_49' title="bbox 616 5081 3856 5168">
     <span class='ocr_line' id='line_1_49' title="bbox 616 5081 3856 5168; baseline 0.002 -22"><span class='ocrx_word' id='word_1_516' title='bbox 616 5082 1011 5147; x_wconf 81' lang='lat' dir='ltr'><strong>mcumenica</strong></span> <span class='ocrx_word' id='word_1_517' title='bbox 1044 5082 1293 5159; x_wconf 80' lang='lat' dir='ltr'><strong>synodo</strong></span> <span class='ocrx_word' id='word_1_518' title='bbox 1324 5081 1727 5160; x_wconf 88' lang='lat' dir='ltr'><strong>approbatam</strong></span> <span class='ocrx_word' id='word_1_519' title='bbox 1771 5091 2032 5143; x_wconf 53' lang='lat' dir='ltr'><strong>narrat‘:</strong></span> <span class='ocrx_word' id='word_1_520' title='bbox 2068 5085 2340 5165; x_wconf 87' lang='lat' dir='ltr'><strong>ejusque</strong></span> <span class='ocrx_word' id='word_1_521' title='bbox 2375 5104 2653 5149; x_wconf 89' lang='lat' dir='ltr'><strong>canones</strong></span> <span class='ocrx_word' id='word_1_522' title='bbox 2694 5090 2963 5167; x_wconf 84' lang='lat' dir='ltr'><strong>Opponit</strong></span> <span class='ocrx_word' id='word_1_523' title='bbox 2998 5107 3159 5152; x_wconf 86' lang='lat' dir='ltr'><strong>vano</strong></span> <span class='ocrx_word' id='word_1_524' title='bbox 3191 5094 3449 5164; x_wconf 89' lang='lat' dir='ltr'><strong>conatu,</strong></span> <span class='ocrx_word' id='word_1_525' title='bbox 3490 5088 3733 5168; x_wconf 89' lang='lat' dir='ltr'><strong>quibus</strong></span> <span class='ocrx_word' id='word_1_526' title='bbox 3764 5090 3856 5151; x_wconf 85' lang='lat' dir='ltr'><strong>ri-</strong></span> 
     </span>
    </p>
   </div>
   <div class='ocr_carea' id='block_1_50' title="bbox 559 5174 3859 5257">
    <p class='ocr_par' dir='ltr' id='par_1_50' title="bbox 559 5174 3859 5257">
     <span class='ocr_line' id='line_1_50' title="bbox 559 5174 3859 5257; baseline 0.002 -16"><span class='ocrx_word' id='word_1_527' title='bbox 559 5220 562 5223; x_wconf 59' lang='grc' dir='ltr'><strong><em>ι</em></strong></span> <span class='ocrx_word' id='word_1_528' title='bbox 619 5187 722 5241; x_wconf 89' lang='lat' dir='ltr'><strong>tus</strong></span> <span class='ocrx_word' id='word_1_529' title='bbox 754 5179 1002 5257; x_wconf 88' lang='lat' dir='ltr'><strong>aliquos</strong></span> <span class='ocrx_word' id='word_1_530' title='bbox 1030 5174 1331 5239; x_wconf 82' lang='lat' dir='ltr'><strong>Ecclesia</strong></span> <span class='ocrx_word' id='word_1_531' title='bbox 1351 5179 1581 5239; x_wconf 87' lang='lat' dir='ltr'><strong>Graca</strong></span> <span class='ocrx_word' id='word_1_532' title='bbox 1610 5179 1868 5241; x_wconf 82' lang='lat' dir='ltr'><strong>indicari</strong></span> <span class='ocrx_word' id='word_1_533' title='bbox 1907 5180 2212 5242; x_wconf 82' lang='lat' dir='ltr'><strong>fatemur:</strong></span> <span class='ocrx_word' id='word_1_534' title='bbox 2241 5183 2404 5243; x_wconf 88' lang='lat' dir='ltr'><strong>ritus</strong></span> <span class='ocrx_word' id='word_1_535' title='bbox 2428 5184 2585 5245; x_wconf 90' lang='lat' dir='ltr'><strong>alios</strong></span> <span class='ocrx_word' id='word_1_536' title='bbox 2620 5182 3047 5247; x_wconf 88' lang='lat' dir='ltr'><strong>Occidentalis</strong></span> <span class='ocrx_word' id='word_1_537' title='bbox 3079 5194 3190 5247; x_wconf 92' lang='lat' dir='ltr'><strong>aut</strong></span> <span class='ocrx_word' id='word_1_538' title='bbox 3224 5187 3527 5248; x_wconf 83' lang='lat' dir='ltr'><strong>Romana</strong></span> <span class='ocrx_word' id='word_1_539' title='bbox 3553 5184 3859 5248; x_wconf 82' lang='lat' dir='ltr'><strong>Ecclesia</strong></span> 
     </span>
    </p>
   </div>
   <div class='ocr_carea' id='block_1_51' title="bbox 568 5272 3857 5363">
    <p class='ocr_par' dir='ltr' id='par_1_51' title="bbox 568 5272 3857 5363">
     <span class='ocr_line' id='line_1_51' title="bbox 568 5272 3857 5363; baseline 0.002 -27"><span class='ocrx_word' id='word_1_540' title='bbox 568 5358 571 5363; x_wconf 86' lang='lat'><strong><em>_</em></strong></span> <span class='ocrx_word' id='word_1_541' title='bbox 616 5273 793 5352; x_wconf 63' lang='lat' dir='ltr'><strong>rejici</strong></span> <span class='ocrx_word' id='word_1_542' title='bbox 841 5274 1069 5333; x_wconf 75' lang='lat' dir='ltr'><strong>dixerit</strong></span> <span class='ocrx_word' id='word_1_543' title='bbox 1129 5290 1341 5347; x_wconf 90' lang='lat' dir='ltr'><strong>nemo,</strong></span> <span class='ocrx_word' id='word_1_544' title='bbox 1388 5272 1511 5335; x_wconf 88' lang='lat' dir='ltr'><strong>nisi</strong></span> <span class='ocrx_word' id='word_1_545' title='bbox 1544 5272 1881 5352; x_wconf 88' lang='lat' dir='ltr'><strong>insipiens.</strong></span> <span class='ocrx_word' id='word_1_546' title='bbox 1916 5277 2091 5339; x_wconf 83' lang='lat' dir='ltr'><strong>Hanc</strong></span> <span class='ocrx_word' id='word_1_547' title='bbox 2130 5278 2251 5339; x_wconf 91' lang='lat' dir='ltr'><strong>sibi</strong></span> <span class='ocrx_word' id='word_1_548' title='bbox 2308 5282 2744 5344; x_wconf 81' lang='lat' dir='ltr'><strong>auctoritatem</strong></span> <span class='ocrx_word' id='word_1_549' title='bbox 2806 5284 3107 5345; x_wconf 87' lang='lat' dir='ltr'><strong>Trullana</strong></span> <span class='ocrx_word' id='word_1_550' title='bbox 3170 5287 3459 5363; x_wconf 87' lang='lat' dir='ltr'><strong>synodus</strong></span> <span class='ocrx_word' id='word_1_551' title='bbox 3499 5284 3857 5362; x_wconf 86' lang='lat' dir='ltr'><strong>adrogavit,</strong></span> 
     </span>
    </p>
   </div>
   <div class='ocr_carea' id='block_1_52' title="bbox 618 5366 3857 5462">
    <p class='ocr_par' dir='ltr' id='par_1_52' title="bbox 618 5366 3857 5462">
     <span class='ocr_line' id='line_1_52' title="bbox 618 5366 3857 5462; baseline 0.004 -32"><span class='ocrx_word' id='word_1_552' title='bbox 618 5368 744 5431; x_wconf 89' lang='lat' dir='ltr'><strong>lato</strong></span> <span class='ocrx_word' id='word_1_553' title='bbox 771 5383 1011 5454; x_wconf 83' lang='lat' dir='ltr'><strong>canone</strong></span> <span class='ocrx_word' id='word_1_554' title='bbox 1047 5370 1124 5443; x_wconf 80' lang='grc'><strong>55</strong></span> <span class='ocrx_word' id='word_1_555' title='bbox 1168 5385 1297 5449; x_wconf 90' lang='lat' dir='ltr'><strong>quo</strong></span> <span class='ocrx_word' id='word_1_556' title='bbox 1345 5369 1670 5451; x_wconf 89' lang='lat' dir='ltr'><strong>jejunium</strong></span> <span class='ocrx_word' id='word_1_557' title='bbox 1728 5366 1974 5433; x_wconf 85' lang='lat' dir='ltr'><strong>Sabbati</strong></span> <span class='ocrx_word' id='word_1_558' title='bbox 2007 5372 2072 5434; x_wconf 89' lang='lat' dir='ltr'><strong>in</strong></span> <span class='ocrx_word' id='word_1_559' title='bbox 2105 5375 2383 5438; x_wconf 79' lang='lat' dir='ltr'><strong>Romana</strong></span> <span class='ocrx_word' id='word_1_560' title='bbox 2442 5376 2721 5439; x_wconf 77' lang='lat' dir='ltr'><strong>Ecclesia</strong></span> <span class='ocrx_word' id='word_1_561' title='bbox 2776 5378 3148 5456; x_wconf 87' lang='lat' dir='ltr'><strong>damnatur;</strong></span> <span class='ocrx_word' id='word_1_562' title='bbox 3206 5378 3320 5443; x_wconf 87' lang='lat' dir='ltr'><strong>sed</strong></span> <span class='ocrx_word' id='word_1_563' title='bbox 3370 5396 3510 5443; x_wconf 87' lang='lat' dir='ltr'><strong>eam</strong></span> <span class='ocrx_word' id='word_1_564' title='bbox 3568 5379 3857 5462; x_wconf 79' lang='lat' dir='ltr'><strong>legitima</strong></span> 
     </span>
    </p>
   </div>
   <div class='ocr_carea' id='block_1_53' title="bbox 616 5464 3441 5549">
    <p class='ocr_par' dir='ltr' id='par_1_53' title="bbox 616 5464 3441 5549">
     <span class='ocr_line' id='line_1_53' title="bbox 616 5464 3441 5549; baseline 0.004 -23"><span class='ocrx_word' id='word_1_565' title='bbox 616 5465 985 5527; x_wconf 87' lang='lat' dir='ltr'><strong>destitutam</strong></span> <span class='ocrx_word' id='word_1_566' title='bbox 1019 5464 1220 5530; x_wconf 86' lang='lat' dir='ltr'><strong>fuisse</strong></span> <span class='ocrx_word' id='word_1_567' title='bbox 1256 5469 1788 5549; x_wconf 79' lang='lat' dir='ltr'><strong>auctoritalejam</strong></span> <span class='ocrx_word' id='word_1_568' title='bbox 1821 5470 2250 5533; x_wconf 89' lang='lat' dir='ltr'><strong>ostendimus.</strong></span> <span class='ocrx_word' id='word_1_569' title='bbox 2996 5466 3019 5501; x_wconf 57' lang='grc' dir='ltr'><em>ί</em></span> <span class='ocrx_word' id='word_1_570' title='bbox 3438 5466 3441 5469; x_wconf 61' lang='grc'><em>’</em></span> 
     </span>
    </p>
   </div>
   <div class='ocr_carea' id='block_1_54' title="bbox 3028 5653 3056 5675">
    <p class='ocr_par' dir='ltr' id='par_1_54' title="bbox 3028 5653 3056 5675">
     <span class='ocr_line' id='line_1_54' title="bbox 3028 5653 3056 5675; baseline 0 0"><span class='ocrx_word' id='word_1_571' title='bbox 3028 5653 3056 5675; x_wconf 73' lang='grc' dir='ltr'><em>Ι</em></span> 
     </span>
    </p>
   </div>
  </div>
