4098 6330
292 343 386 409 81.
1162 341 1259 403 DE
1298 338 1884 402 THEOPHYLAETI
1922 335 2197 400 GESTIS
2238 337 2336 400 ET
2377 336 2772 401 SCRIPTIS:
3540 336 3614 403 82

1819 486 1979 551 ΧΙΧ.

384 629 706 694 Audacius
740 631 1059 691 invehitur
1093 638 1317 688 contra
1373 629 1840 705 processinnem
1896 627 2185 705 Spiritus
2225 627 2432 686 sancti
2454 645 2532 686 ea:
2574 625 2766 705 Patre
2798 624 3114 705 Filioque.
3156 623 3592 705 Argumenta-

297 733 445 774 rum
477 711 608 790 ejus
632 710 936 790 refutatio
961 709 1233 790 Joannis
1266 703 1448 770 Becci
1478 728 1614 790 cum
1649 710 1886 790 nqstris
1918 703 2619 790 animaduersionibus:
2652 703 2762 766 ubi
2790 703 2914 765 late
2957 703 3030 764 de
3061 704 3402 790 temporali
3456 705 3608 783 Spi-

300 795 471 853 ritus
496 785 713 851 sancti
759 789 1058 850 missione
1104 785 1469 850 disseritur.
1506 788 1670 848 Num
1705 785 2077 847 Latinorum
2110 786 2375 852 erroris,
2403 794 2474 844 ut
2511 785 2715 849 aiunt.
2751 803 3052 844 summam
3084 786 3401 862 redegerit
3459 793 3604 845 tan-

300 873 439 932 dem
497 868 1002 946 Theop'nylactus
1031 867 1113 928 ad
1170 867 1368 929 solam
1398 871 1596 940 vocis,
1642 870 1972 938 FILIOQUE,
2047 863 2438 925 additionem
2481 862 2564 924 ad
2613 863 3003 944 Symbolum.
3059 865 3164 924 Ita
3245 864 3607 926 sentiebant

299 953 674 1013 Graecorum
702 949 923 1028 aliqui.

381 1072 488 1134 τὰ.
525 1073 591 1131 tn
659 1088 728 1132 ea
774 1071 1240 1144 controversia,
1280 1090 1425 1152 qum
1464 1081 1763 1136 aeternam
1798 1088 1870 1132 ac
1919 1067 2412 1131 substantialem
2462 1079 2523 1131 et
2555 1069 3022 1149 hypostaticam
3081 1070 3358 1146 Spiritus
3399 1072 3603 1134 sancti

299 1169 623 1247 originem
659 1176 926 1245 spectat,
961 1171 1286 1230 communi
1333 1188 1477 1231 cum
1512 1171 1865 1245 gentilibus
1893 1167 2031 1230 suis
2069 1167 2450 1247 prmjudicio
2499 1175 2879 1245 occupatus,
2907 1167 3227 1229 audacius
3263 1188 3460 1247 quam
3494 1187 3607 1250 par

299 1281 423 1340 est,
457 1266 744 1344 Spiritus
776 1269 983 1326 sancti
1037 1268 1504 1344 processionem
1555 1266 2082 1346 TheOphylactus
2134 1266 2532 1341 insequitur,
2590 1286 2628 1326 a
2659 1266 2853 1327 Patre
2885 1274 2943 1327 et
2977 1286 3014 1326 a
3061 1267 3262 1330 Filio.
3329 1269 3460 1330 Hac
3523 1268 3604 1332 do

300 1381 369 1423 re
421 1362 631 1423 tribus
695 1361 827 1441 agit
873 1361 938 1421 in
973 1362 1131 1422 locis
1194 1363 1745 1438 pertinacissime.

378 1460 476 1521 Ad
528 1466 714 1538 caput
738 1476 808 1519 ιιι
844 1460 1136 1531 Joannis,
1180 1479 1239 1522 ν.
1285 1461 1386 1526 35.
1429 1460 1520 1522 sic
1561 1462 1682 1522 ait:
1723 1463 1912 1522 «Non
1941 1461 2482 1538 intempestivum
2520 1469 2737 1522 autem
2768 1460 2968 1524 fuerit
2998 1461 3117 1522 hoc
3177 1461 3316 1523 loco
3355 1466 3602 1537 dicere,

297 1557 608 1640 quomodo
667 1557 890 1619 habeat
940 1556 1149 1618 Filius
1181 1559 1522 1640 Spiritum,
1569 1567 1626 1619 et
1662 1559 1994 1637 quomodo
2028 1561 2278 1620 dicatur
2309 1559 2596 1638 Spiritus
2629 1559 2813 1623 Filii.
2859 1560 3024 1621 Dicit
3073 1561 3251 1622 enim
3298 1569 3362 1623 et
3422 1566 3600 1640 Apo-

299 1654 512 1717 stolus
545 1653 782 1734 (Galat.
824 1652 905 1737 ιν)
947 1656 1304 1734 :Spiritum
1335 1657 1490 1717 Filii
1522 1656 1626 1716 sui
1656 1657 1723 1716 in
1746 1654 1939 1716 corda
1967 1666 2177 1718 vestra
2207 1657 2379 1716 misit
2419 1656 2810 1730 clamantem,
2864 1656 3063 1729 Abba,
3119 1668 3328 1738 pater.
3390 1662 3461 1719 Et
3495 1660 3608 1720 ile-

299 1772 445 1818 rum
507 1753 710 1836 (Rom.
747 1753 918 1834 vni):
966 1756 1036 1818 Si
1083 1766 1290 1820 autem
1341 1758 1481 1835 quis
1511 1756 1827 1834 Spiritum
1860 1757 2101 1819 Christi
2134 1774 2264 1815 non
2322 1755 2640 1822 habuerit,
2668 1755 2770 1816 hic
2803 1773 2933 1814 non
2960 1765 3047 1814 est
3080 1757 3233 1834 ejus.
3273 1757 3438 1818 Sane
3483 1759 3604 1818 La-

298 1853 420 1913 tini
453 1853 615 1914 male
658 1853 790 1914 htBC
823 1862 1250 1931 exponentes,
1283 1862 1341 1914 et
1377 1855 1595 1915 minus
1652 1862 1821 1916 recte
1857 1853 2299 1931 iutelligentes
2333 1851 2609 1921 dicunt,
2684 1853 2857 1931 quod
2913 1852 3196 1930 Spiritus
3269 1855 3461 1916 etiam
3524 1871 3606 1916 ex

298 1949 468 2011 Filio
511 1949 831 2028 procedat.
870 1953 999 2011 Nos
1054 1958 1268 2011 autem
1328 1951 1596 2031 quidem
1636 1951 1917 2029 primum
1953 1949 2238 2012 dicimus
2273 1950 2348 2010 al
2389 1967 2546 2018 eos;
2600 1951 2778 2028 quod
2834 1949 3015 2011 aliud
3057 1951 3140 2010 sit
3167 1970 3396 2011 esseea:
3429 1971 3592 2031 quo-

298 2047 472 2126 piam
526 2054 587 2107 et
618 2047 794 2108 aliud
847 2066 973 2107 esse
998 2047 1356 2128 cujusdam;
1398 2049 1778 2128 utSpiritus
1825 2049 1909 2110 sit
1958 2050 2228 2128 quidem
2261 2047 2551 2125 Spiritus
2603 2048 2773 2110 Filii
2821 2048 3068 2126 absque
3094 2049 3320 2116 dubio.
3384 2059 3446 2111 et
3514 2048 3593 2110 ab

301 2145 479 2203 omni
532 2143 861 2221 Scriptura
885 2145 1348 2222 approbatum:
1383 2155 1686 2210 caeterum
1722 2165 1853 2206 esse
1888 2165 1968 2206 ex
1989 2145 2188 2214 Filio,
2223 2143 2402 2204 nulla
2431 2146 2760 2223 Scriptura
2795 2153 3094 2220 testatur,
3130 2164 3211 2209 ne
3247 2146 3371 2206 duo
3403 2148 3597 2226 prin-

301 2238 474 2316 cipia
530 2240 812 2317 Spiritus
868 2241 1386 2316 introducamus,
1441 2247 1690 2307 Patrem
1747 2252 1807 2306 et
1864 2244 2133 2305 Filium.
2185 2241 2506 2315 Profecto,
2558 2243 3099 2320 inquiunt:nam
3153 2245 3368 2324 (Joan.
3401 2247 3507 2317 xx)
3541 2254 3603 2307 et

303 2337 646 2416 inspiravit
681 2338 1077 2422 (insulﬂavit)
1127 2339 1487 2420 discipulis,
1521 2349 1581 2404 et
1610 2342 1811 2404 dixit:
1849 2341 2132 2418 Accipite
2153 2339 2471 2419 Spiritum
2502 2349 2817 2402 sanctum.
2857 2341 2910 2403 Ο
2956 2341 3416 2419 desipientiam
3453 2344 3466 2402 ι
3538 2341 3604 2403 Si

305 2445 455 2495 tunc
479 2437 655 2497 dedit
700 2436 1050 2514 discipulis
1092 2438 1437 2516 Spiritum,
1476 2439 1743 2519 quando
1778 2435 2162 2510 insufﬂavit,
2207 2435 2539 2516 quomodo
2589 2446 2810 2514 postea
2867 2438 3037 2499 dixit
3093 2438 3192 2499 eis
3243 2439 3488 2516 (Actor.
3529 2440 3600 2517 ι),

304 2531 651 2610 Accipietis
700 2532 1001 2593 virtutem
1031 2537 1541 2614 supervenientis
1577 2536 1864 2616 Spiritus
1897 2534 2105 2595 sancti
2174 2549 2370 2610 super
2400 2550 2534 2605 vos,
2569 2550 2700 2592 non
2763 2542 2911 2612 post
2967 2532 3201 2594 multos
3238 2535 3351 2597 hos
3409 2535 3541 2596 dies
3573 2535 3602 2593 ?

305 2629 420 2690 Vel
470 2631 802 2709 quomodo
855 2633 1184 2693 credimus
1220 2633 1283 2693 in
1315 2636 1692 2694 Pentecoste
1747 2631 1983 2698 factum
2023 2629 2411 2690 descensum
2457 2627 2764 2704 Spiritus,
2827 2630 3159 2709 siquidem
3203 2630 3268 2692 in
3329 2649 3602 2709 vespera

306 2727 808 2788 resurrectionis
869 2728 1047 2792 dedit
1089 2728 1276 2789 illum
1303 2732 1330 2789 ‘t
1361 2733 1540 2790 Tunc
1600 2729 1776 2791 enim
1833 2724 2197 2805 inSpiravit.
2260 2727 2338 2784 At
2366 2724 2499 2786 haec
2533 2725 2804 2804 quidem
2834 2727 3016 2789 valde
3054 2727 3354 2791 ridicula.
3383 2729 3599 2792 Mani-

306 2821 542 2884 festum
573 2824 774 2895 enim,
816 2829 989 2903 quod
1031 2833 1184 2886 tunc
1236 2825 1368 2886 illis
1404 2827 1716 2904 Spiritum
1752 2821 2046 2892 sanctum
2087 2839 2215 2887 non
2274 2823 2572 2886 dederit:
2621 2826 2735 2886 sed
2780 2827 3028 2888 donum
3067 2844 3271 2888 unum
3313 2828 3601 2906 Spiritus

308 2918 539 2992 sancti,
603 2920 1064 2982 remissionem
1102 2921 1351 2983 scilicet
1388 2922 1655 2999 peccati.
1693 2921 1908 2984 Statim
1946 2924 2122 2991 enim
2147 2924 2405 2994 subdit:
2432 2923 2716 2998 Quorum
2748 2928 3130 2988 remiseritis
3157 2936 3423 3008 peccata
3477 2931 3604 2992 Ha-

307 3014 411 3076 bet
469 3024 689 3078 autem
756 3017 1070 3093 Spiritum
1115 3019 1326 3080 Filius
1365 3019 1903 3093 subslantialiter,
1947 3028 2019 3085 ut
2051 3022 2674 3084 consubstantialem
2734 3024 2902 3086 sibi:
2941 3041 3070 3096 non
3115 3043 3152 3087 a
3189 3043 3321 3104 quo
3375 3045 3603 3106 opera-

305 3112 546 3175 tionem
608 3114 897 3190 recipiat,
941 3114 1110 3176 sicut
1170 3115 1520 3195 prophetae.
1573 3116 1823 3179 Dicitur
1868 3126 2081 3181 autem
2123 3119 2404 3196 Spiritus
2453 3137 2580 3180 esse
2631 3119 2812 3195 Filii,
2858 3123 3221 3184 secundum
3283 3125 3457 3203 quod
3492 3144 3598 3186 vc-

308 3209 469 3271 ritas
504 3220 594 3271 est
627 3212 860 3280 Filius,
894 3221 951 3272 et
980 3214 1188 3273 vi’rtus
1223 3221 1281 3272 et
1308 3215 1662 3292 sapientia:
1701 3217 1979 3293 Spiritus
2019 3225 2233 3278 autem
2277 3226 2541 3279 sanctus
2605 3226 2665 3278 et
2719 3220 3036 3292 veritatis,
3078 3229 3133 3281 et
3164 3221 3598 3300 fortitudinis,

311 3315 367 3365 et
424 3306 751 3384 sapientia:
788 3307 1075 3386 Spiritus
1127 3308 1205 3368 ab
1248 3308 1410 3368 Isaia
1444 3310 1678 3388 (capite
1732 3312 1798 3392 ιι)
1835 3313 2250 3375 describitur.
2288 3317 2362 3377 Et
2398 3317 2628 3377 aliter:
2669 3317 2822 3396 quia
2877 3335 2995 3395 per
3042 3317 3278 3379 Filium
3320 3321 3599 3381 homini-

307 3398 420 3460 bus
461 3399 696 3469 datur;
733 3412 1070 3480 propterea
1132 3402 1292 3465 Filii
1344 3404 1607 3466 dicitur.
1661 3406 1866 3468 Crede
1921 3409 2125 3489 igitur
2180 3420 2270 3486 tu,
2303 3415 2621 3493 Spiritum
2663 3434 2700 3476 a
2732 3415 2924 3476 Patre
2955 3415 3204 3495 quidem
3249 3419 3598 3497 proﬁcisci,

305 3514 422 3575 per
455 3496 690 3560 Filium
728 3507 940 3560 autem
965 3500 1113 3562 dari
1148 3511 1480 3566 creaturae.
1532 3503 1742 3583 Atque
1780 3504 1881 3565 hic
1939 3507 2023 3568 sit
2056 3509 2169 3570 tibi
2226 3527 2432 3572 canon
2477 3512 2858 3575 orthodoxae
2887 3512 3263 3575 doctrinm.»

391 3596 598 3656 Locus
656 3595 1040 3658 alterexstat
1096 3606 1173 3660 ad
1216 3598 1517 3677 ejusdem
1574 3601 1842 3660 Joannis
1872 3611 2062 3681 caput
2103 3624 2202 3681 xv,
2245 3625 2302 3667 ν.
2344 3609 2424 3669 26
2467 3631 2482 3669 :
2522 3631 2550 3665 «
2579 3608 2775 3685 Quem
2837 3629 2947 3690 ego
3006 3613 3254 3673 mittam
3313 3615 3490 3675 vobis
3564 3637 3603 3676 a

307 3691 521 3753 Patre.
553 3695 690 3753 Jam
716 3694 888 3772 quod
919 3694 1100 3768 dicit,
1142 3713 1319 3774 quem
1349 3715 1455 3774 ego
1488 3697 1756 3766 mittam,
1780 3700 2211 3784 aequalitatem
2241 3722 2392 3785 erga
2417 3709 2666 3768 Patrem
2696 3708 3039 3787 signiﬁcat.
3082 3712 3410 3788 [XXXIX]
3446 3717 3600 3776 Nam

307 3789 435 3850 alio
472 3789 612 3851 loco
645 3791 722 3850 de.
761 3793 941 3853 Patre
984 3792 1171 3864 dixit,
1213 3794 1389 3872 quod
1412 3795 1622 3855 mittat
1652 3794 2005 3874 Spiritum:
2039 3798 2159 3861 hoc
2195 3808 2412 3862 autem
2478 3802 2648 3875 loco,
2683 3805 2860 3883 quod
2906 3806 3042 3885 ipse
3074 3808 3333 3878 mittat;
3369 3811 3600 3889 utique

311 3902 467 3949 sane
530 3886 967 3965 mquaiitatem
1029 3888 1420 3966 signiﬁcant.
1464 3893 1540 3954 Ut
1579 3890 1795 3954 autem
1830 3912 1910 3954 ne
1946 3895 2243 3958 videatur
2292 3898 2610 3961 obluctari
2647 3901 2840 3975 Patri,
2904 3906 3090 3981 quasi
3129 3905 3209 3966 ab
3233 3905 3359 3968 alia
3438 3886 3598 3970 sub-

309 3982 539 4045 stantia
591 3984 796 4076 mittat
828 3985 1164 4062 Spiritum,
1210 3987 1487 4062 addidit,
1528 4008 1566 4048 a
1596 3989 1812 4050 Patre.
1847 3993 2002 4052 Nam
2046 4003 2108 4055 et
2152 3993 2289 4072 ipse
2322 3995 2588 4073 quidem
2640 3997 2928 4059 mittam:
2973 4001 3085 4062 sed
3120 4021 3157 4061 a
3193 4003 3411 4078 Patre,
3482 4006 3604 4068 hoc

310 4087 428 4155 est,
463 4082 860 4160 approbante
898 4085 1077 4145 Patre
1127 4091 1191 4146 et
1225 4085 1419 4147 simul
1472 4086 1788 4150 mittente.
1850 4089 1987 4149 Non
2026 4091 2197 4151 enim
2235 4109 2316 4151 ex
2344 4091 2606 4170 preprio
2632 4095 2786 4156 sinu
2828 4096 2967 4173 ipse
3007 4098 3192 4176 prius
3229 4099 3445 4162 mitto:
3473 4104 3590 4165 sed

306 4194 338 4240 a
365 4180 548 4241 Patre
591 4196 702 4258 per
736 4196 834 4240 me
866 4180 1339 4260 suppeditatur.
1372 4185 1528 4245 Cum
1561 4191 1774 4246 autem
1812 4185 2123 4259 audieris,
2155 4191 2330 4267 quod
2394 4199 2777 4270 ἐκπορεύεται,
2810 4192 3125 4271 procedit,
3157 4213 3236 4258 ne
3273 4197 3600 4275 intelligas

308 4286 620 4355 ἀποπτολὴν
670 4286 770 4356 τὴν
807 4289 1158 4359 ἐκπόρευσιν,
1200 4282 1561 4342 missionem
1585 4300 1705 4360 per
1734 4301 1925 4361 proco

1979 4285 2227 4359 tionem,
2257 4290 2434 4365 quali
2475 4291 2866 4353 emittuntur
2908 4293 3365 4358 ministratorii
3396 4298 3597 4366 Spiri-

312 4381 459 4447 tus;
488 4373 607 4435 sed
634 4375 946 4436 naturalis
987 4376 1412 4438 subsistentia
1453 4377 1734 4454 Spiritus
1764 4390 1824 4438 et
1874 4387 2230 4455 processio.
2277 4410 2294 4443 ι

388 4469 645 4571 Latiare
699 4488 1025 4538 sermone.
1059 4489 1131 4534 ac
1165 4473 1362 4534 nimia
1398 4475 1788 4550 [)rtBﬁdenllﬂ
1832 4475 1992 4539 hanc
2041 4483 2239 4558 agitat
2271 4487 2791 4549 controversiam
2826 4488 2890 4548 in
2923 4506 3094 4567 saepe
3130 4490 3386 4553 laudata
3460 4492 3602 4571 epi-

308 4567 466 4628 stola
493 4565 576 4626 ad
604 4567 936 4630 Nicolaum
967 4568 1304 4629 diaconum
1344 4579 1402 4630 et
1434 4571 1870 4634 canstrisium.
1924 4577 2130 4650 Quam
2167 4581 2493 4645 infensum
2532 4592 2711 4665 gerat
2774 4565 3094 4660 animum,
3129 4588 3344 4650 statim
3383 4565 3601 4668 prodit

309 4666 430 4726 sub
459 4665 750 4727 initium.
807 4675 996 4728 Ἔστιν
1020 4670 1118 4729 οὖν
1150 4676 1212 4729 τὸ
1277 4676 1541 4744 μέγιστον
1596 4677 1775 4758 ἐκεῖνο
1803 4681 2051 4754 σφάλμα,
2089 4688 2179 4740 καὶ
2226 4687 2385 4742 τοῦτο
2411 4690 2476 4761 δὴ
2512 4691 2572 4744 τὸ
2609 4690 2703 4744 τοῦ
2738 4690 3113 4761 Σολομῶντος,
3157 4694 3286 4766 ᾅδου
3315 4665 3598 4768 τῖε-ταύρου

312 4770 497 4824 ποιοῦν
533 4773 823 4844 συναντᾷν,
856 4774 888 4839 ἡ
921 4772 981 4825 ὲν
1011 4772 1088 4842 τῷ
1109 4774 1211 4844 τῆς
1249 4775 1488 4838 πίστεως
1516 4774 1781 4846 Συμϐόλῳ
1807 4781 2153 4851 καινοτομία,
2191 4784 2258 4852 ἢν
2293 4786 2646 4856 ἐποιήσαντο,
2706 4789 3195 4862 ἀνακηρύττοντες
3246 4792 3311 4846 τὸ
3369 4793 3598 4862 Πνεῦμα

307 4870 367 4920 ἐκ
393 4867 489 4921 τοῦ
522 4868 738 4940 Ila-:96;
790 4871 881 4924 καὶ
936 4872 998 4924 ὲκ
1019 4870 1114 4924 τοῦ
1157 4872 1288 4925 Υἱοῦ
1326 4875 1752 4944 ἐκπορεύεσθαι.
1808 4891 1836 4923 ς(
1875 4870 1925 4929 Μ

1988 4872 2198 4933 timus
2234 4873 2435 4952 igitur
2467 4876 2577 4937 ille
2648 4896 2850 4951 error,
2917 4875 3168 4960 quique
3199 4880 3385 4958 juxta
3422 4883 3601 4943 Salo-

309 4957 520 5023 monis
554 4958 820 5029 dictum,
855 4959 920 5020 in
947 4959 1184 5022 inferni
1228 4965 1536 5041 laqueum
1575 4965 1908 5026 incurrere
1943 4966 2115 5038 facit,
2160 4979 2257 5032 est
2310 4973 2642 5033 iunovatio
2693 4993 2883 5054 quam
2921 4957 2983 5037 in
3024 4977 3405 5055 Symbolum
3444 4980 3596 5041 ﬁdei

307 5050 732 5154 induxerunt,
760 5053 1195 5130 enuntiantes,
1235 5059 1539 5136 Spiritum
1591 5069 1882 5121 sanctum
1943 5081 2016 5125 ex
2089 5069 2272 5128 Patre
2341 5077 2399 5130 et
2433 5087 2507 5131 ex
2570 5050 2740 5133 Filio
2784 5050 3136 5150 procedere
3165 5121 3179 5136 .
3221 5122 3234 5135 .
3272 5121 3289 5136 .
3317 5084 3494 5139 Τοῦτο
3523 5088 3599 5158 μὴ

305 5150 643 5230 διορθώσεως
663 5161 983 5233 ἀξιούμενον
1010 5165 1312 5237 συγχωρῶν
1333 5167 1751 5244 ἀσυγχώρητος,
1773 5168 1908 5228 Hoc

1976 5165 2056 5243 ‘_ui
2077 5181 2201 5226 non
2238 5165 2504 5245 dignum
2524 5170 2926 5232 correctione
2950 5172 3374 5246 concesserit,
3407 5150 3594 5239 venia

309 5247 643 5327 indignus.
668 5273 696 5306 ι)

389 5344 572 5405 Docti
601 5354 663 5407 et
699 5347 954 5447 eruditi
990 5353 1339 5447 cmteroqui
1399 5357 1872 5441 archiepisc0pi
1939 5362 2069 5423 huic
2129 5363 2400 5425 minime
2438 5373 2498 5424 te
2556 5371 2894 5426 morentur
2949 5365 3140 5428 dicta.
3208 5390 3236 5422 α
3275 5371 3595 5447 Tempore

313 5456 594 5542 namque
626 5441 996 5542 scirismatis
1029 5445 1332 5508 inclaruit
1395 5450 1534 5528 ipse
1594 5452 1790 5535 (quod
1831 5458 2098 5520 Michael
2145 5459 2523 5522 Cerularius
2563 5461 3062 5539 instauraverat)
3120 5441 3593 5542 adeoque-non

310 5537 504 5634 multa
536 5539 1061 5604 consideratione
1122 5544 1318 5622 digna
1353 5547 1658 5612 videntur
1691 5553 1854 5616 dicta
1892 5556 2035 5634 ejus
2074 5556 2594 5620 existimanda.»
2632 5558 2734 5619 Sic
2772 5558 2930 5618 olim
2978 5537 3594 5626 censebatJoanncs

316 5632 553 5739 iteccus
598 5634 683 5739 in
715 5652 913 5714 opere
957 5648 1172 5739 contra
1238 5644 1551 5707 Camateri
1604 5632 2120 5726 observationes,
2185 5655 2296 5717 ubi
2361 5655 2663 5732 superior
2714 5655 3060 5717 adducitur
3119 5658 3592 5739 'I‘bCOphylacti

311 5724 488 5791 locus
536 5731 612 5793 ad
649 5740 941 5834 caputirv
975 5737 1264 5812 Joannis,
1303 5748 1478 5804 tomo
1516 5746 1569 5805 ll
1623 5747 1794 5822 apud
1839 5724 2149 5813 Allatium
2214 5753 2286 5813 in
2315 5724 2560 5814 Gracia
2607 5750 2966 5813 orthodoxa
3002 5769 3142 5832 pag.
3180 5724 3320 5815 519:
3379 5726 3590 5834 Argu-

318 5833 527 5891 menta
560 5847 706 5910 quae
764 5831 1006 5910 profert
1063 5851 1291 5899 novam
1328 5840 1406 5902 ad
1455 5841 1758 5907 incudem
1801 5845 2095 5927 redigere
2165 5848 2442 5929 pretium
2481 5866 2696 5928 Operae
2734 5848 2954 5923 fuerit,
2992 5851 3323 5927 OppOSllttS
3391 5831 3587 5915 etiam
