4098 6330
641 376 712 449 Μ
782 450 786 454 ,
1489 389 1712 450 BERN.
1756 388 2021 449 ΜΑΗῘΕ
2062 390 2157 451 DE
2190 390 2259 452 Β]

2277 391 2475 453 JBEIS
2506 388 3010 452 DISSERTATIO
3819 376 3895 442 83

640 499 833 563 rittm
875 497 1055 571 Filii,
1097 507 1151 560 et
1181 501 1467 561 veritatis
1502 508 1560 560 et
1587 501 1752 561 vitm.
1804 500 2044 561 Addam
2094 512 2149 562 et
2180 503 2503 578 sapientite
2532 511 2588 563 et
2622 500 3053 582 fortitudinis.
3101 494 3270 572 Quid
3320 493 3470 555 inde
3533 486 3897 554 extumlat?

642 593 1093 672 Cblligen‘dum
1133 611 1366 673 nempe
1424 602 1669 662 censet,
1702 597 1801 673 agi
1866 598 1947 657 de
1999 597 2486 659 charismatibus
2536 599 2724 670 datis,
2773 596 2977 658 veluti
3029 591 3389 673 sapientiai,
3449 586 3889 661 fortitudinis,

642 688 891 750 timeris
961 690 1243 760 Domini,
1308 690 1609 767 aliisque.
1682 692 1866 752 Plura
1927 702 2075 753 sunt
2132 692 2721 765 animadvertenda,
2782 707 2925 768 quae
2975 687 3309 767 ignorabat
3342 684 3478 754 ille.
3531 690 3642 744 aut
3673 683 3892 756 simu-

645 782 828 845 lahat.
891 786 980 847 Ac
1034 786 1304 859 primum
1349 786 1633 847 Joannes
1684 787 2201 866 Chrysostomus,
2252 787 2349 849 vel
2385 798 2605 850 auctor
2661 786 2933 848 homilite
2972 784 3045 844 de
3072 780 3328 861 Spiritu
3380 786 3597 839 sancto
3636 793 3820 838 num.
3851 777 3892 836 le

644 878 902 941 nomina
940 878 1250 959 ejusdem
1311 881 1599 958 Spiritus
1641 882 2071 943 discernenda
2118 886 2301 945 docet
2358 908 2373 947 :
2434 894 2495 947 et
2546 902 2690 947 esse
2722 883 2984 964 quidem
3020 880 3265 950 ὀνόματα
3316 881 3416 949 τῆς
3458 871 3891 946 ἀφράστεου-φύθ

642 991 803 1038 deus.
853 978 1108 1037 nomina
1151 976 1494 1057 ineffabilis
1549 987 1815 1048 naturai,
1873 978 2186 1055 Spiritum
2241 980 2379 1053 Dei,
2437 984 2752 1060 Spiritum
2802 980 3075 1053 Domini,
3107 977 3421 1057 Spiritum
3467 969 3892 1049 Patris,Spi-

639 1073 838 1134 ritum
870 1074 1052 1144 Filii,
1109 1076 1421 1153 Spiritum
1451 1074 1718 1147 Christi,
1743 1075 2058 1153 Spiritum
2119 1078 2282 1151 vita,
2318 1079 2632 1157 Spiritum
2662 1079 2953 1139 veritatis
2988 1096 3007 1137 :
3041 1092 3187 1137 esse
3229 1086 3382 1133 vero
3430 1082 3640 1131 creata
3689 1067 3888 1137 dona,

638 1168 937 1245 spiritum
965 1171 1252 1245 virtutis,
1286 1172 1586 1249 spiritum
1618 1172 1976 1245 charitatis,
2007 1173 2307 1249 spiritum
2354 1175 2801 1251 temperantite,
2834 1172 3137 1251 spiritum
3166 1164 3637 1245 promissionis,
3685 1161 3893 1239 spiric

640 1274 771 1324 tum
799 1264 1227 1341 reuelationis,
1253 1269 1551 1346 spiritum
1565 1266 1931 1344 adoptionis
1955 1269 2253 1345 ﬁliorum.
2290 1271 2415 1331 Cur
2437 1284 2591 1347 ergo
2614 1267 2742 1329 hinc
2769 1268 3031 1328 nomina
3068 1265 3290 1326 miscet
3329 1257 3891 1339 TheOphylactus?

641 1361 768 1421 Cur
800 1359 866 1421 in
896 1362 1244 1439 Scri-pturi’s
1269 1363 1650 1440 exprimenti
1664 1362 1782 1423 bus
1810 1363 2121 1441 Spiritum
2152 1364 2332 1429 Filii.
2352 1366 2664 1443 Spiritum
2690 1366 2853 1432 vitta,
2875 1362 3189 1442 Spiritum
3217 1359 3531 1431 veritatis,
3560 1353 3888 1433 intelligat

638 1454 807 1517 dona
840 1458 1096 1518 creata?

719 1552 880 1613 Sane
940 1569 1084 1614 eum
1142 1553 1380 1616 dicitur
1421 1555 1709 1632 Spiritus
1775 1555 1958 1627 Filii,
2019 1563 2127 1615 aut
2180 1556 2469 1645 Spiritus
2518 1557 2759 1617 Christi
2845 1565 2900 1614 et
2953 1554 3225 1627 Domini,
3284 1568 3418 1615 non
3483 1548 3609 1609 alia
3665 1546 3886 1645 locum

642 1645 828 1707 habet
887 1648 1315 1726 intelligentia
1373 1659 1565 1723 recte,
1610 1651 1746 1713 nisi
1789 1668 1935 1731 quas
1991 1639 2307 1730 Spiritum,
2365 1659 2686 1730 comparat
2741 1650 2816 1713 ad
2880 1650 3151 1721 Filium,
3207 1647 3387 1711 velut
3441 1646 3587 1725 ejus
3638 1639 3887 1723 princi-

641 1742 846 1820 pium.
883 1744 1009 1806 Sed
1046 1747 1237 1807 etiam
1272 1763 1418 1808 cum
1461 1747 1625 1810 dicis
1672 1748 1981 1826 Spiritum
2023 1747 2372 1825 sapientiae,
2431 1754 2493 1808 et
2541 1749 2857 1827 Spiritum
2912 1746 3342 1828 fortitudinis,
3379 1742 3573 1806 obvio
3613 1736 3884 1820 aptissi-

644 1852 879 1915 meque
932 1856 1130 1901 sensu
1180 1841 1496 1918 Spiritum.
1549 1852 1831 1903 sanctum
1898 1841 2229 1920 exprimis,
2289 1841 2491 1902 veluti
2546 1862 2815 1913 oausam,
2869 1858 3013 1921 quae
3059 1839 3466 1917 sapientiam,
3502 1843 3564 1899 et
3620 1833 3885 1906 for-tilu-

643 1930 907 2005 dinem,
967 1951 1039 1997 ac
1098 1934 1340 1997 similia
1395 1936 1773 2000 charismata
1829 1938 1895 1999 in
1972 1937 2157 1999 nobis
2208 1936 2417 2000 efﬁcit.
2506 1940 2790 2003 Praeterit
2857 1939 2993 2001 hth
3066 1937 3287 2015 omnia
3348 1932 3883 2011 archiepiscopus

634 2026 985 2105 'Bnlgarus.
3034 2046 3037 2055 ·

644 2184 646 2187 .
727 2123 890 2185 Hinc
926 2141 1074 2186 vero
1142 2125 1471 2204 colligitur
1519 2128 1785 2189 nomina
1839 2128 1973 2200 illa,
2030 2129 2313 2207 Spiritus
2378 2132 2731 2209 sapientite,
2777 2131 3063 2208 Spiritus
3112 2124 3539 2209 fortitudinis,
3593 2121 3884 2199 itemque

638 2218 1023 2298 prudentiae,
1059 2220 1338 2297 consilii,
1377 2224 1675 2298 scientia,
1705 2225 1986 2303 pietatis,
2022 2225 2267 2286 timoris
2298 2223 2576 2299 Domini,
2611 2242 2744 2288 non
2800 2225 3011 2288 solum
3048 2224 3427 2287 charismata
3464 2219 3648 2282 nobis
3703 2233 3880 2281 com-

648 2317 969 2380 municata
1008 2318 1398 2397 signiﬁcare,
1432 2326 1505 2382 ut
1540 2321 1997 2383 innuitauctor
2030 2320 2317 2383 homilim
2347 2323 2576 2395 citataa,
2616 2339 2837 2384 verum
2874 2322 3064 2383 etiam
3100 2320 3377 2399 Spiritus
3408 2316 3616 2377 sancti
3657 2314 3880 2394 perio-

644 2426 787 2471 num
821 2433 840 2472 :
875 2430 1087 2491 neque
1136 2413 1300 2476 hanc
1331 2416 1770 2489 solummodo,
1807 2416 2006 2478 veluti
2037 2435 2287 2478 causam
2317 2419 2646 2492 donorum,
2677 2426 2747 2482 ut
2785 2419 3157 2481 dicebamus
3200 2438 3215 2477 :
3274 2410 3383 2476 sed
3416 2412 3634 2483 etiam,
3680 2408 3883 2470 veluti

647 2524 793 2585 quae
821 2508 1115 2586 ipsorum
1148 2510 1600 2573 charismatum
1642 2513 1888 2575 ratione
1914 2511 2183 2575 efﬁcitur
2212 2513 2279 2575 in
2326 2516 2513 2577 nobis
2543 2535 2701 2576 ηουο
2760 2515 2939 2576 modo
2971 2531 3277 2593 presens,
3309 2527 3380 2573 ac
3413 2508 3603 2569 etiam
3639 2504 3885 2567 inhabi-

647 2612 790 2665 tans
828 2616 1121 2685 tanquam
1149 2608 1217 2669 in
1259 2606 1507 2684 templo,
1542 2625 1684 2690 cum
1717 2608 1966 2669 scilicet
1995 2609 2187 2671 donat
2220 2610 2588 2673 charitatem
2625 2608 3150 2671 sanctificantem.
3209 2606 3386 2666 Hanc
3420 2618 3539 2664 nos
3577 2614 3881 2659 vocamus

642 2701 1002 2762 missionem
1035 2701 1312 2776 Spiritus
1344 2703 1548 2765 sancti
1578 2706 1842 2783 proprie
1877 2704 2131 2778 dictam,
2164 2722 2307 2785 quae
2365 2713 2500 2768 tum
2536 2704 3017 2784 processionem
3054 2702 3196 2781 ejus
3227 2699 3429 2763 etiam
3465 2714 3498 2758 a
3531 2695 3701 2786 Filio
3732 2710 3883 2755 con-

642 2797 970 2875 sequitur,
1026 2805 1158 2859 tum
1220 2799 1681 2879 TheOphylaeti
1740 2808 1799 2862 et
1854 2802 2221 2864 Greecorum
2276 2812 2707 2865 commentum
2746 2799 3013 2861 omnino
3050 2797 3253 2859 elidit.
3290 2796 3429 2870 Qua
3462 2794 3540 2855 de
3572 2808 3639 2854 re
3671 2790 3882 2852 adhuc

643 2890 938 2953 inferius.
3933 2950 3943 2960 ,

727 2985 839 3070 (7.)
873 2988 1125 3050 Addere
1157 2990 1341 3051 aliam
1365 2990 1557 3051 etiam
1591 2990 1773 3052 liceat
1803 2992 2171 3055 Graacorum
2204 2994 2822 3073 interpretationem,
2852 2992 3081 3067 utique
3106 2989 3413 3067 ineptam.
3437 2986 3650 3062 [XLII]
3680 2981 3880 3045 Aﬂ'erl

645 3099 783 3147 eam
817 3084 1103 3161 Aquinas
1140 3084 1282 3147 loco
1312 3086 1503 3147 citato
1545 3108 1558 3146 :
1597 3107 1626 3142 α
1660 3087 1875 3148 Potest
1907 3088 2144 3168 aliquis
2177 3088 2416 3159 dicere,
2459 3088 2627 3165 quod
2662 3088 2743 3147 sit
2772 3086 3061 3164 Spiritus
3094 3082 3373 3144 Christi:
3435 3080 3616 3159 quasi
3664 3080 3729 3139 in
3764 3079 3881 3140 ho-

646 3180 807 3241 mine
837 3179 1091 3243 Christo
1134 3182 1420 3259 plenarie
1489 3183 1874 3260 inhabitans,
1919 3184 2259 3247 secundum
2309 3182 2471 3245 illud
2509 3182 2691 3243 Luca:
2717 3199 2781 3242 1v
2815 3202 2828 3240 :
2860 3183 3046 3241 Jesus
3070 3177 3297 3258 plenus
3335 3175 3604 3255 Spiritu
3636 3182 3879 3245 sancto,

644 3293 969 3355 regressus
1010 3286 1101 3338 est
1128 3296 1165 3336 a
1197 3278 1520 3340 Iordane:
1552 3278 1624 3362 de
1655 3282 1836 3362 cujus
1858 3279 2259 3359 plenitudine
2292 3298 2405 3341 nos
2452 3298 2659 3341 omnes
2708 3279 3085 3356 accepimus,
3122 3282 3192 3335 ut
3234 3273 3473 3333 dicitur
3523 3272 3797 3333 Joannis
3834 3285 3877 3332 ι.

646 3375 793 3436 Haec
822 3383 1033 3437 autem
1064 3377 1400 3455 responsio
1431 3377 1746 3440 sustineri
1793 3396 1924 3442 non
1951 3385 2198 3458 potest;
2242 3386 2309 3440 ut
2337 3377 2582 3439 scilicet
2611 3377 2723 3437 hac
2752 3383 2995 3434 tantum
3024 3372 3272 3431 ratione
3308 3368 3587 3447 Spiritus
3619 3374 3881 3428 sanctus

646 3470 898 3531 dicatur
939 3470 1225 3551 Spiritus
1265 3470 1531 3535 Christi.
1567 3474 1909 3536 Invenitur
1966 3474 2138 3536 enim
2195 3490 2231 3535 a
2274 3471 2647 3534 doctoribus
2700 3471 3065 3531 Graecorum
3100 3467 3340 3529 dictum
3388 3462 3561 3543 quod
3596 3463 3883 3541 Spiritus

646 3575 901 3627 sanctus
935 3576 1029 3629 est
1056 3568 1372 3631 naturalis
1415 3570 1706 3648 Spiritus
1753 3571 1934 3633 Filii.
1988 3570 2372 3651 (Aliqua’ex
2437 3566 2785 3627 Athanasio
2859 3574 2918 3626 et
2953 3581 3033 3625 ex
3084 3561 3352 3641 Cyrillo,
3419 3558 3883 3621 Alexandrinis

647 3662 996 3741 episcotiis,
1030 3664 1397 3727 testimonia
1435 3667 1741 3744 superius
1778 3667 2191 3741 adduximus,
2240 3682 2312 3727 ac
2368 3662 2545 3742 plura
2580 3681 2725 3742 quas
2776 3662 2954 3741 paria
2988 3667 3161 3731 sunt,
3224 3658 3287 3716 in
3348 3664 3621 3734 utroque
3668 3671 3888 3716 occur-

648 3758 849 3841 runt.)
884 3761 1163 3841 Spiritus
1197 3769 1410 3825 autem
1440 3782 1570 3824 non
1613 3774 1704 3825 est
1751 3763 2066 3827 naturalis
2122 3758 2656 3827 Filiovsecundum
2695 3758 3163 3827 humanitatem,
3204 3753 3356 3834 quia
3418 3769 3543 3814 non
3608 3752 3886 3830 pertinet

646 3859 721 3919 ad
758 3866 1045 3920 naturam
1080 3858 1498 3922 humanitatis
1536 3878 1549 3920 :
1584 3861 1696 3922 sed
1728 3862 1928 3939 gratis
1967 3880 2006 3921 a
2029 3862 2155 3921 Deo
2188 3861 2259 3921 in
2282 3864 2517 3918 natura
2546 3858 2814 3917 humana
2848 3852 3221 3934 e/funditur.
3285 3853 3424 3912 Non
3455 3862 3615 3927 ergo
3677 3854 3887 3928 potest

648 3959 912 4032 prepter
934 3953 1056 4015 hoc
1088 3954 1214 4016 dici
1252 3956 1537 4035 Spiritus
1574 3955 1756 4032 Filii,
1794 3956 1949 4036 quia
2011 3957 2331 4020 Christum
2384 3942 2778 4018 excellenter
2840 3950 3114 4032 replevit
3180 3949 3540 4012 secundum
3578 3943 3884 4009 humani-

651 4056 861 4108 tatem.
892 4070 920 4106 »

731 4142 894 4205 Illud
928 4145 1119 4207 etiam
1151 4145 1536 4226 diligentius
1567 4148 2211 4215 animadvertendum
2243 4160 2361 4225 est,
2383 4151 2469 4212 ita
2503 4148 2809 4226 Spiritum
2841 4155 3131 4207 sanctum
3166 4141 3521 4223 replevisse
3556 4140 3886 4204 hominem

652 4238 1011 4314 Christum,
1046 4246 1116 4303 ut
1142 4256 1270 4305 non
1304 4241 1518 4305 solum
1551 4243 1930 4307 charismata
1961 4246 2027 4307 in
2064 4246 2281 4326 ipsum
2307 4247 2509 4309 eff-usa
2543 4245 2937 4307 considerari
2973 4228 3291 4304 debeanti
3348 4242 3459 4302 sed
3517 4240 3660 4319 ipsa
3693 4240 3886 4301 etiam

654 4336 931 4414 Spiritus
953 4339 1149 4401 sancti
1192 4357 1489 4418 persona,
1522 4358 1669 4421 quas
1711 4342 1788 4404 ad
1816 4342 2169 4417 Christum,
2203 4351 2274 4406 ut
2320 4345 2511 4406 homo
2544 4350 2662 4413 est,
2696 4342 2937 4403 dicitur
2967 4342 3181 4411 missa,
3221 4338 3616 4414 prmcipuum
3676 4341 3891 4398 teneat

653 4432 1103 4498 Iocum.Unde
1144 4435 1379 4499 frustra
1407 4437 1535 4517 jam
1570 4439 1768 4502 Graeci
1804 4448 1976 4514 sunt,
2012 4440 2127 4519 qui
2159 4442 2221 4501 in
2278 4442 2573 4501 missione
2627 4438 2911 4515 Spiritus
2963 4437 3166 4498 sancti
3222 4435 3382 4496 nihil
3447 4450 3589 4495 esse
3647 4432 3888 4495 deinde

656 4530 1068 4605 arbitrantur,
1101 4533 1229 4594 nisi
1256 4533 1411 4594 doni
1446 4536 1641 4596 creati
1706 4535 2136 4598 efﬁcientiam.
2193 4536 2474 4613 Intelligi
2530 4535 2720 4595 etiam
2772 4534 2961 4593 debet
3003 4546 3279 4610 persona
3339 4529 3552 4607 ipsius
3607 4528 3889 4606 Spiritus

656 4627 853 4687 sancti
892 4651 905 4686 :
942 4634 1010 4687 ut
1042 4626 1173 4689 haec
1211 4644 1340 4688 non
1372 4630 1499 4691 alio
1532 4630 1818 4710 denique
1846 4633 2035 4694 modo
2065 4632 2235 4693 mitti
2265 4631 2540 4701 dicatur,
2582 4629 2704 4690 nisi
2746 4646 2851 4705 per
2882 4635 3180 4714 arternani
3213 4625 3713 4701 processionem,
3747 4640 3892 4704 qua)

657 4721 1064 4785 efﬁcientiam
1110 4724 1429 4787 donorum
1466 4725 1652 4789 habet
1682 4728 1746 4788 in
1783 4738 2090 4806 tempore.
2117 4727 2540 4789 Christianam
2568 4742 2641 4787 ac
2677 4724 3100 4802 theologicam
3134 4720 3489 4783 doctrinam
3517 4719 3646 4798 jam
3694 4734 3893 4800 expo-

659 4837 809 4881 nere
841 4838 912 4883 ac
943 4820 1272 4884 vindicare
1303 4839 1525 4902 pergo.
3732 4808 3736 4812 Δ

736 4934 840 5011 (8.)
873 4934 1295 5019 Existimatis,
1329 4936 1663 5015 procedere
1702 4938 1964 5016 perinde
1998 4958 2124 4999 esse
2155 4958 2227 4999 ac
2259 4939 2710 4999 communicari
2735 4946 2791 4997 et
2824 4935 3052 4995 donari
3086 4932 3296 5011 (verba
3315 4942 3464 4994 sunt
3503 4931 3567 4993 in
3616 4930 3887 5007 epistola

654 5030 727 5089 ad
767 5030 1093 5090 Nirolaum
1126 5030 1513 5111 diaconum).
1565 5033 1655 5093 Et
1713 5035 2006 5112 quoniam
2048 5037 2397 5114 reperitur,
2446 5036 2733 5113 Spiritus
2800 5053 2837 5093 a
2882 5034 3052 5093 Filio
3106 5031 3273 5091 mitti
3308 5052 3325 5097 ;
3356 5046 3463 5088 vos
3519 5044 3731 5088 errare
3762 5045 3892 5090 non

658 5127 897 5204 putatis
924 5125 1206 5200 dicendo,
1246 5146 1381 5187 eum
1415 5139 1470 5189 et
1509 5148 1543 5187 a
1580 5131 1748 5191 Filio
1778 5132 2144 5208 procedere.
2186 5133 2407 5193 Verum
2434 5151 2560 5192 non
2593 5136 2685 5193 ita
2725 5151 2786 5191 se
2840 5150 2938 5190 res
2970 5130 3171 5191 habet.
3207 5129 3365 5191 Nam
3395 5125 3733 5205 procedere
3779 5127 3885 5188 de-

663 5222 859 5281 clarat
884 5222 1131 5284 modum
1164 5243 1283 5303 quo
1316 5226 1621 5305 [Spiritus
1659 5244 1783 5287 esse
1807 5228 2091 5290 habet....
2143 5249 2213 5290 ac
2240 5231 2408 5291 mitti
2462 5230 2779 5308 significat
2813 5226 3231 5299 abundantem
3260 5224 3569 5285 donorum
3600 5222 3889 5301 largitio-

656 5338 814 5391 nem,
848 5338 953 5377 seu
988 5308 1351 5397 effusionem
1411 5321 1764 5391 bonitatis:
1822 5344 1954 5404 qua:
2011 5346 2049 5384 a
2079 5327 2269 5387 Patre
2304 5326 2555 5406 quidem
2590 5334 2703 5397 est,
2737 5325 2844 5385 sed
2872 5343 2910 5383 a
2944 5325 3105 5385 Filio
3148 5324 3216 5384 in
3248 5339 3347 5381 eos
3375 5322 3484 5401 qui
3515 5318 3696 5397 digni
3738 5327 3889 5382 sunt

658 5414 1031 5495 e/funditur,
1056 5416 1275 5495 quibus
1310 5427 1366 5478 et
1393 5436 1509 5497 per
1553 5420 1791 5481 Filium
1820 5423 2256 5499 manifestatus
2314 5421 2577 5485 dicitur.
2633 5424 2722 5483 Ita
2760 5420 3306 5499 Theophylactus,
3360 5418 3471 5496 qui
3514 5416 3888 5478 Latinorum

659 5513 1011 5573 doctrinam
1047 5517 1262 5593 inepte
1289 5517 1576 5591 eXponit.
1613 5519 1752 5579 Non
1791 5519 1967 5580 enim
2030 5520 2474 5583 existimamus
2531 5538 2679 5590 nos,
2713 5519 3050 5598 procedere
3097 5516 3363 5597 perinde
3414 5534 3563 5586 esse,
3631 5515 3889 5595 proprie

656 5617 855 5685 utpar
880 5616 972 5670 est
1004 5608 1056 5670 si
1094 5610 1266 5688 loqui
1306 5610 1607 5681 velimus.
1634 5632 1705 5673 ac
1739 5614 1989 5685 donari,
2016 5620 2488 5692 communicari,
2510 5619 2717 5679 mitti:
2743 5617 2993 5679 tametsi
3027 5616 3314 5677 divinam
3345 5628 3685 5693 personam
3724 5611 3889 5674 mitti

659 5710 938 5782 nequeat
972 5704 1250 5785 intelligi
1278 5706 1420 5769 sine
1449 5717 1684 5770 (eterna
1718 5712 2155 5788 processione.

737 5802 875 5861 Duo
914 5801 1139 5865 durent
1171 5804 1397 5879 Latini,
1434 5805 1496 5868 in
1534 5807 1885 5869 missionem
1925 5813 2188 5886 proprie
2226 5811 2455 5875 dictam
2502 5825 2885 5873 concurrere
2925 5829 2939 5868 :
2973 5807 3267 5879 alterum,
3307 5807 3476 5884 quod
3539 5810 3635 5868 est
3665 5803 3889 5883 sempi-
