4098 6330
227 426 305 491 89
1086 422 1186 486 DE
1219 420 1802 487 THEOPHYLACTI
1836 420 2033 483 GEST
2048 418 2113 484 [S
2150 415 2248 479 ET
2290 414 2656 478 SCRIPTIS.
3456 403 3529 469 90

230 558 422 609 terna
448 541 773 624 processio
798 558 1109 623 personas,
1149 557 1294 619 quae
1326 539 1646 608 mittitur;
1694 542 1755 598 et
1806 536 2103 606 alterum,
2169 532 2344 613 quod
2381 539 2477 593 est
2537 537 2803 593 ert-terna
2880 526 3097 624 aliqua
3156 521 3523 624 efﬁcientia,

231 643 380 705 sive
419 620 659 703 incidat
692 620 818 704 sub
851 656 1113 712 sensus,
1147 644 1216 701 ut
1255 654 1400 699 cum
1439 637 1719 697 Verbum
1754 632 2147 696 humanitate
2202 638 2503 707 suscepta
2566 626 2867 708 apparuit
2919 622 3324 693 hominibus,
3384 620 3526 684 sive

231 736 517 802 interius
550 737 633 798 sit
664 744 725 797 et
764 753 889 798 non
921 732 1309 813 aspectabile
1342 733 1514 812 quod
1550 729 1787 809 agitur,
1824 738 1891 789 ut
1926 746 2073 791 cum
2124 728 2404 805 Spiritus
2435 733 2698 788 sanctus
2748 724 2824 786 ad
2853 721 3144 784 ﬁdelium
3212 717 3355 780 sive
3408 717 3522 797 ju-

230 842 482 896 storum
522 850 849 912 quemque
890 830 1183 892 mittitur
1228 830 1390 890 Hinc
1421 828 1633 896 Pater,
1667 825 1782 905 qui
1846 841 1975 887 non
2028 824 2215 887 habet
2271 840 2303 883 a
2340 839 2470 902 quo
2529 821 2852 899 procedat,
2907 831 3232 893 nusquam
3289 813 3527 912 missus

230 930 508 1007 dicitur;
538 908 610 991 ac
643 908 821 990 missi
852 929 1160 989 dicuntur
1188 925 1393 988 Filius
1427 934 1479 986 et
1510 924 1799 1003 Spiritus
1831 930 2113 994 sanctus,
2170 921 2327 999 quia
2390 918 2771 996 procedunt.
2809 917 3093 977 Rursum
3123 910 3367 983 missio,
3417 908 3530 971 do-

228 1027 439 1088 natio.
476 1026 962 1087 communicatio
1001 1023 1446 1085 auctoritatem
1479 1038 1549 1082 ac
1580 1024 1955 1099 potestatem
1985 1015 2363 1095 exprimunt
2392 1013 2458 1075 in
2493 1013 2800 1086 mittente,
2842 1018 2898 1072 et
2930 1009 3231 1080 donante,
3272 1016 3331 1067 et
3364 1022 3530 1066 com-

230 1124 625 1185 municante.
655 1122 940 1200 Ecquam
980 1136 1133 1180 vero
1174 1126 1549 1197 potestatem
1611 1114 2136 1179 auctoritatemve
2190 1113 2387 1173 Pater
2450 1110 2636 1172 habet
2684 1109 2753 1169 in
2809 1105 3073 1178 Filium,
3127 1112 3188 1164 et
3244 1102 3441 1200 Pater
3473 1107 3531 1160 et

231 1219 451 1280 Filius
476 1220 547 1280 in
574 1198 893 1298 Spiritum
942 1224 1255 1289 sanctum,
1300 1216 1425 1276 nisi
1463 1216 1624 1276 hanc
1656 1230 1800 1290 quae
1841 1218 1936 1275 est
1961 1210 2289 1288 principii
2325 1206 2505 1270 notio
2537 1217 2600 1268 et
2639 1204 2913 1285 originis
2939 1205 2969 1264 ?
3001 1204 3226 1281 Itaque
3288 1198 3531 1261 Filium

232 1316 415 1377 mitti
445 1335 483 1375 a
522 1316 707 1375 Patre
739 1322 832 1377 est
862 1312 1298 1393 gigniFilium
1326 1320 1619 1373 naturam
1650 1308 1934 1370 hominis
1954 1312 2471 1383 assumpturum,
2494 1310 2563 1365 et-
2586 1318 2709 1365 suo
2738 1310 3028 1379 tempore
3054 1303 3526 1393 assumentem,

232 1419 302 1474 et
344 1414 515 1474 mitti
544 1391 1181 1491 Spiritum—sanctum
1216 1414 1316 1469 est
1347 1406 1695 1483 procedere
1728 1404 1943 1483 ipsum
1996 1419 2143 1464 cum
2196 1400 2540 1463 efficientia
2598 1397 2853 1461 externi
2915 1394 3160 1475 aperis,
3215 1392 3393 1473 quod
3450 1391 3523 1453 in

236 1515 526 1585 tempore
563 1509 889 1587 impletur.
915 1510 1051 1569 Jam
1077 1511 1324 1569 constat
1355 1504 1686 1584 quomodo
1708 1501 2103 1581 sempiterna
2140 1500 2470 1581 processio
2496 1500 2558 1561 in
2586 1497 2967 1561 missionem
2993 1492 3253 1576 proprie
3283 1491 3516 1555 dictam

232 1614 602 1665 εοῐιουπνθι.
2612 1614 2615 1615 ⁷
3276 1677 3283 1681 ἡ
3550 1652 3553 1653 ,

319 1707 397 1759 At
420 1700 766 1779 procedere
790 1698 1075 1761 declarat
1116 1696 1407 1771 modum,
1472 1697 1726 1778 inquis,
1772 1712 1907 1778 quo
1959 1695 2250 1777 Spiritus
2308 1715 2432 1757 esse
2463 1694 2668 1758 habet.
2726 1694 2820 1755 lta
2866 1690 3143 1758 scilicet.
3176 1695 3247 1751 ut
3274 1699 3533 1767 proces-

233 1795 420 1858 sione
455 1796 738 1875 Spiritus
773 1796 1002 1858 habeat
1036 1812 1204 1869 esse,
1254 1812 1375 1857 seu
1431 1793 1717 1857 divinam
1787 1784 2058 1873 accipiat
2105 1794 2457 1855 essentiam
2495 1813 2510 1852 :
2554 1800 2620 1853 et
2676 1789 2745 1851 id
2792 1788 2987 1851 etiam
3019 1784 3319 1865 accipiat,
3354 1779 3533 1861 quod

235 1897 336 1952 est
399 1890 650 1953 efﬁcere
708 1901 972 1953 externa
1057 1892 1518 1954 charismatum
1574 1907 1792 1970 opera.
1866 1891 1944 1951 At
2011 1888 2206 1962 mit",
2267 1888 2478 1959 addis,
2547 1884 2980 1948 abundantem
3026 1880 3354 1961 significat
3408 1876 3530 1938 do—

232 2004 469 2047 norum
536 1988 960 2066 largitionem.
1020 1990 1263 2066 Nempe
1312 1988 1645 2066 processio
1702 1988 2099 2065 sempiterna
2168 1986 2294 2047 sub
2352 1983 2625 2047 nomine
2684 1999 2757 2045 ac
2803 1988 3105 2059 respectu
3179 1975 3530 2048 missionis,

236 2084 523 2162 quodam
576 2085 769 2145 modo
843 2082 1205 2163 completur
1262 2096 1526 2149 externa
1576 2083 1922 2147 efﬁcientia
1981 2084 2119 2146 sive
2170 2082 2412 2148 actuali
2461 2082 2787 2144 donorum
2828 2075 3184 2158 largitione
3254 2074 3326 2135 in
3370 2079 3533 2134 tem-

237 2198 420 2261 pore.

321 2280 501 2340 Hanc
549 2277 953 2340 efﬁcientiam
1030 2284 1382 2349 externam,
1418 2277 1472 2340 si
1528 2292 1833 2357 per‘sese
1879 2286 2134 2358 sumpta
2198 2296 2269 2339 ac
2313 2277 2513 2340 veLati
2557 2275 2852 2356 sejuncta
2907 2289 2939 2335 a
2978 2284 3277 2351 personas
3313 2265 3531 2329 missas

239 2376 662 2454 processione
695 2375 1175 2449 consideretur,
1223 2373 1597 2475 Scriptum,
1658 2376 1897 2449 Patres,
1939 2375 2225 2454 theologi
2286 2383 2510 2436 vocant
2562 2373 2925 2435 missionem
2983 2369 3195 2431 minus
3265 2364 3532 2444 proprie

235 2470 473 2532 dictam
502 2492 520 2540 ,-
547 2488 678 2550 quo
714 2471 943 2550 utique
977 2470 1316 2532 missionis
1356 2464 1713 2545 intellectu,
1748 2473 1993 2534 dictum
2029 2472 2417 2551 reperimus,
2450 2471 2622 2531 mitti
2658 2468 2899 2531 Filium
2929 2484 2969 2526 a
2996 2464 3251 2544 Spiritu
3282 2469 3528 2536 sancto,

239 2585 313 2629 ac
350 2565 591 2629 Filium
645 2575 702 2627 et
736 2567 1057 2645 Spiritum
1101 2575 1388 2628 sanctum
1432 2568 1685 2629 mittere
1716 2571 1979 2649 seipsos.
2030 2570 2174 2630 Duo
2208 2575 2421 2629 tamen
2456 2565 2922 2635 animadverte,
2987 2578 3135 2642 quas
3201 2561 3321 2621 hoc
3388 2557 3531 2621 loco

237 2665 567 2745 prmcipua
642 2673 843 2725 sunt:
905 2681 977 2725 ac
1037 2663 1248 2743 primo
1289 2663 1708 2743 improprium
1766 2683 1840 2730 ac
1884 2668 2077 2729 nimis
2136 2667 2325 2728 latam
2369 2665 2530 2729 hanc
2579 2680 2725 2726 esse
2766 2658 3091 2724 missionis
3145 2658 3531 2730 notionem;

239 2760 484 2823 deinde
519 2760 585 2822 in
622 2762 851 2822 eodem
885 2760 1252 2838 impropria
1282 2762 1604 2823 missionis
1636 2779 1878 2841 genere
1916 2763 2215 2842 nuspiam
2259 2764 2325 2824 in
2358 2761 2731 2842 Scripturis,
2798 2777 2871 2823 ac
2930 2758 3037 2821 vix
3110 2755 3302 2819 etiam
3358 2751 3535 2833 apud

237 2856 460 2917 Patres
494 2856 747 2917 missum
788 2855 917 2935 legi
954 2856 1235 2918 Patrem.
1270 2856 1450 2918 Adeo
1482 2857 1791 2920 nimirum
1848 2878 1964 2939 pro
1986 2872 2317 2938 comperto
2352 2860 2571 2922 haberi
2597 2858 2814 2931 debet,
2867 2856 3233 2917 missionem
3262 2851 3532 2931 proprie

236 2951 703 3028 dictam‘redigi
749 2952 987 3013 debere
1035 2952 1111 3014 ad
1180 2952 1642 3031 sempiternam
1701 2958 1955 3035 [XLIII]
2007 2959 2243 3019 divinae
2297 2973 2589 3036 personas
2652 2952 3164 3035 processiouem.
3202 2950 3330 3012 Cur
3356 2948 3534 3009 enim

237 3052 544 3129 nuspiam
584 3050 780 3111 Pater
842 3050 1014 3112 mitti
1045 3049 1336 3112 dicatur?
1377 3051 1463 3112 Ea
1506 3053 1733 3132 utique
1772 3054 2046 3128 ratione,
2082 3056 2236 3134 quia
2268 3072 2300 3117 a
2336 3054 2521 3117 nullu
2553 3053 2870 3134 procedit.
2899 3049 3220 3114 Corticem
3260 3044 3349 3109 rei
3386 3063 3534 3122 spe-

237 3148 446 3212 ctabat
481 3146 1038 3227 Theophylactus,
1071 3147 1382 3211 doctrinm
1416 3148 1717 3211 sublimis
1750 3150 2098 3213 medullam
2134 3166 2263 3211 non
2295 3150 2537 3230 attigit.

322 3241 437 3324 (9.)
470 3242 819 3323 Insui/lare
883 3244 1199 3321 Spiritum
1259 3252 1545 3304 sanctum
1605 3254 1749 3325 post
1775 3250 2305 3311 resurrectionem
2338 3248 2643 3309 Dominus
2680 3245 2927 3308 dicitur
2956 3264 2976 3305 :
3006 3260 3135 3303 non
3182 3258 3341 3309 vero.
3365 3237 3541 3319 quod

234 3340 604 3423 productor
628 3342 759 3422 ejus
787 3341 976 3402 sit....
1031 3340 1118 3402 Et
1172 3340 1335 3401 alias
1369 3359 1565 3421 neque
1592 3354 1741 3405 tunc
1785 3352 1955 3406 totus
1990 3344 2177 3407 datus
2224 3362 2339 3419 est,
2374 3344 2485 3406 sed
2512 3343 2774 3405 unicum
2807 3341 3127 3403 charisma
3158 3356 3267 3399 seu
3299 3337 3546 3397 donum

236 3438 639 3499 remissionis
662 3447 1064 3518 peccatorum
1094 3458 1113 3498 :
1145 3438 1577 3498 tantummodo
1601 3441 1789 3511 enim,
1826 3451 1894 3503 ut
1923 3443 2327 3505 Pentecostes
2352 3452 2631 3522 tempore
2664 3439 2957 3509 daretur,
2988 3437 3308 3499 decretum
3336 3443 3535 3498 ιδεμ..

235 3535 309 3598 Si
334 3534 590 3594 Domini
642 3534 1000 3615 insul/latio
1054 3536 1121 3595 in
1156 3533 1513 3613 discipulos
1572 3556 1701 3597 non
1761 3540 1889 3619 fuit
1919 3542 2113 3601 unius
2172 3549 2419 3602 tantum
2447 3534 2999 3608 charismatis,sed
3022 3535 3220 3595 totius
3248 3532 3543 3613 Spiritus

238 3635 450 3694 sancti
470 3630 732 3692 donatio
768 3652 786 3691 :
820 3632 1025 3710 igitur
1052 3630 1455 3692 Paracletum
1489 3642 1639 3693 tunc
1675 3636 1763 3695 eis
1791 3634 1987 3699 dedit.
2020 3637 2347 3713 Quomodo
2380 3638 2585 3716 igitur
2615 3653 2681 3695 se
2708 3631 2892 3695 habet
2926 3630 3091 3694 illud
3122 3648 3142 3689 :
3172 3630 3245 3693 Si
3277 3647 3385 3710 ego
3406 3647 3539 3691 non

237 3729 481 3804 abiero,
524 3726 900 3789 Paracletus
942 3746 1071 3788 non
1132 3730 1337 3789 veniet
1376 3728 1458 3789 ad
1497 3731 1654 3791 vos?
1688 3733 2038 3794 Descensus
2069 3735 2139 3795 in
2188 3733 2554 3794 Pentecoste
2601 3732 2661 3793 si
2700 3729 2977 3813 ejusdem
3038 3728 3331 3807 Spiritus
3374 3727 3540 3810 fuit,

240 3836 375 3889 erat
398 3824 763 3906 superﬂuus
795 3846 813 3887 :
848 3826 907 3888 si
935 3844 1079 3886 vero
1108 3823 1409 3895 alterius;
1435 3827 1610 3900 cedo,
1643 3831 1784 3907 quis
1819 3829 1944 3903 ille,
1995 3830 2323 3910 qualisque
2342 3830 2541 3912 fuerit
2562 3830 2593 3890 7
2626 3829 2780 3891 Haec
2811 3828 2878 3889 in
2913 3825 3187 3906 epistola
3225 3825 3305 3887 ad
3338 3824 3531 3887 Nico-

243 3922 417 3986 laum
457 3923 835 3986 diaconum.

319 4020 501 4083 Paria
573 4028 726 4081 sunt
785 4018 851 4080 in
908 4020 1377 4082 commentario
1435 4022 1513 4083 ad
1572 4028 1763 4100 caput
1815 4041 1885 4083 ut
1937 4024 2211 4087 Joannis
2249 4048 2265 4087 :
2307 4046 2337 4081 α
2373 4021 2666 4087 Profecto
2700 4023 3022 4103 inquiunt
3066 4041 3081 4081 :
3122 4037 3269 4082 nam
3306 4019 3535 4099 (Joan-

240 4119 342 4179 nis
379 4119 495 4196 xx)
530 4124 592 4178 et
628 4117 971 4195 inspiravit
1001 4116 1361 4192 discipulis,
1398 4118 1663 4179 etidixit
1702 4119 2028 4200 :Accipite
2083 4121 2402 4202 Spiritum
2467 4130 2783 4182 sanctum.
2847 4120 2900 4180 Ο
2934 4118 3435 4197 desipientiaml
3469 4116 3539 4179 Si

245 4225 397 4277 tunc
445 4214 621 4275 dedit
684 4213 1029 4292 discipulis
1070 4214 1407 4292 Spiritum,
1448 4216 1709 4292 quando
1796 4215 2175 4292 insufﬂavit,
2207 4218 2538 4297 quomodo
2575 4224 2793 4295 postea
2826 4215 2993 4276 dixit
3020 4215 3117 4277 eis
3146 4213 3394 4293 (Actor.
3433 4212 3479 4295 ι)
3519 4236 3535 4276 :

242 4313 594 4392 Aecipietis
623 4313 923 4372 virtutem
962 4311 1468 4391 supervenientis
1521 4314 1811 4392 Spiritus
1847 4317 2055 4378 sancti
2112 4334 2310 4396 super
2347 4334 2484 4383 vos.
2550 4320 2685 4376 non
2728 4323 2883 4395 post
2928 4312 3164 4374 multos
3196 4312 3308 4373 hos
3354 4311 3539 4374 dies?

246 4412 359 4475 Vel
396 4408 730 4488 quomodo
762 4408 1116 4483 credimus,
1144 4408 1209 4470 in
1249 4413 1627 4472 Pentecoste
1685 4411 1921 4474 factum
1958 4414 2349 4477 descensum
2385 4411 2709 4492 Spiritus;
2745 4414 2798 4473 si
2848 4410 3119 4490 quidem
3164 4409 3231 4470 in
3272 4398 3541 4487 vespera

248 4504 745 4569 resurrectionis
817 4504 999 4567 dedit
1070 4505 1306 4568 illum?
1388 4509 1571 4569 'l‘unc
1639 4508 1814 4571 enim
1889 4510 2257 4591 inspiravit.
2313 4512 2394 4572 At
2458 4508 2594 4575 htec
2647 4509 2919 4589 quidem
2982 4506 3168 4569 valde
3230 4505 3531 4570 ridicula.

245 4601 662 4665 Manifestum
696 4603 896 4679 enim,
935 4604 1105 4680 quod
1144 4611 1294 4664 tunc
1352 4602 1487 4665 illis
1544 4606 1863 4684 Spiritum
1916 4616 2204 4669 sanctum
2261 4622 2390 4669 non
2452 4604 2735 4679 dederit,
2775 4604 2894 4669 sed
2969 4601 3203 4664 donum
3250 4603 3542 4683 Spiritus
3618 4664 3627 4679 ,

244 4700 491 4771 sancti,
549 4699 1002 4783 remissionem
1056 4700 1306 4763 scilicet
1361 4702 1625 4778 peccati.
1690 4703 1915 4765 Statim
1977 4705 2152 4767 enim
2220 4702 2448 4766 subdit
2516 4724 2531 4764 :
2598 4701 2893 4779 Quorum
2952 4701 3337 4768 remiseritis
3387 4718 3542 4780 pec-

246 4808 411 4866 cata,
448 4821 476 4853 υ
523 4804 643 4858 etc.

325 4895 462 4957 Imo
498 4891 770 4955 ridicula
807 4890 1277 4972 TheOphylacti
1306 4896 1783 4973 argumentatio
1839 4904 1937 4960 est
1974 4917 1986 4959 :
2043 4914 2251 4978 seque
2315 4895 2671 4967 ridiculum
2704 4893 2966 4974 praebet,
3003 4893 3318 4957 doctrinae
3350 4913 3511 4975 repu

247 5007 452 5071 gnans
491 5006 685 5069 quam
748 4989 940 5068 tradit
990 4990 1275 5069 Cyrillus
1337 4991 1505 5054 inter
1554 4992 1835 5067 Grmcos,
1902 5002 1963 5057 et
2005 4993 2418 5073 Augustinus
2476 4993 2650 5056 inter
2686 4992 2975 5066 Latinos,
3008 4992 3540 5070 praestantissimi

247 5089 489 5151 Patres.
551 5088 653 5148 Sic
700 5086 889 5147 habet
934 5087 1073 5149 iste
1119 5086 1286 5150 libro
1338 5106 1404 5159 ιι,
1474 5089 1635 5151 alias
1692 5109 1788 5161 tu,
1836 5093 2079 5156 Contra
2112 5093 2565 5155 Maximinum.
2603 5112 2633 5147 ε
2699 5090 2792 5153 De
2830 5090 3014 5153 Patre
3046 5095 3143 5151 est
3178 5089 3417 5163 Filius,
3461 5090 3544 5152 de

248 5185 429 5246 Patre
460 5190 559 5245 est
587 5182 865 5261 Spiritus
890 5174 1194 5256 sanctus;
1229 5186 1338 5247 sed
1369 5185 1477 5245 ille
1516 5187 1803 5266 genitus,
1841 5188 1965 5251 iste
2007 5189 2413 5268 procedens:
2452 5188 2604 5249 ideo
2638 5186 2751 5249 ille
2778 5185 2991 5249 Filius
3021 5191 3120 5251 est
3174 5185 3406 5255 Patris,
3461 5185 3543 5248 de

256 5274 387 5363 quo
420 5282 684 5362 genitus
714 5290 845 5355 est;
884 5282 1003 5343 iste
1032 5292 1246 5344 autem
1284 5284 1573 5365 Spiritus
1612 5288 1969 5367 utriusque,
2004 5285 2317 5365 quoniam
2348 5284 2423 5346 de
2481 5292 2754 5365 utroque
2794 5282 3117 5364 procedit.
3184 5284 3304 5345 Sed
3365 5282 3538 5357 ideo,

248 5394 392 5441 cum
439 5378 522 5439 de
570 5376 686 5437 illo
742 5376 952 5439 Filius
985 5378 1389 5455 loqueretur,
1425 5380 1507 5441 ait
1574 5381 1648 5441 de
1691 5382 1883 5443 Patre
1916 5381 2220 5462 procedit
2254 5405 2273 5443 :
2309 5383 2623 5463 quoniam
2659 5384 2841 5465 Pater
2876 5380 3322 5458 processiouis
3395 5379 3541 5459 ejus

248 5482 342 5538 est
372 5482 617 5543 auctor,
647 5473 759 5551 qui
788 5473 974 5535 talem
1015 5474 1257 5536 Filium
1296 5479 1545 5555 genuit,
1582 5486 1641 5540 et
1672 5478 1985 5557 gignendo
2020 5481 2077 5541 ei
2114 5479 2309 5552 dedit,
2346 5488 2418 5541 ut
2444 5480 2632 5542 etiam
2661 5478 2735 5541 de
2767 5478 2907 5557 ipso
2943 5476 3329 5558 procederet
3378 5478 3537 5557 Spi-

249 5573 416 5635 ritus
446 5582 728 5633 sanctus.
763 5573 918 5633 Nam
964 5573 1090 5632 nisi
1146 5575 1522 5651 procederet
1554 5585 1618 5637 et
1655 5580 1733 5638 de
1770 5578 1938 5655 ipso,
1968 5594 2095 5638 non
2127 5576 2372 5638 diceret
2426 5574 2774 5654 discipulis
2814 5592 2827 5637 :
2870 5574 3164 5655 Accipite
3218 5574 3539 5661 Spiritum

250 5680 572 5737 sanctum;
607 5683 889 5747 eumque
915 5668 1303 5749 insufﬂando
1330 5672 1533 5746 daret,
1578 5682 1646 5735 ut
1675 5692 1714 5733 a
1745 5692 1809 5734 se
1839 5693 2083 5755 quoque
2104 5675 2450 5753 procedere
2483 5672 3124 5754 signiﬁcans,apertc
3157 5672 3537 5737 ostenderet

250 5765 484 5843 ﬂando,
521 5765 696 5845 quod
728 5763 1037 5843 Spirando
1068 5766 1256 5827 dabat
1285 5768 1561 5830 occulte.
1603 5793 1630 5830 ι)
2059 5764 2065 5771 ’

327 5863 601 5926 Gemina
660 5869 811 5923 sunt
860 5879 1007 5947 qum
1060 5850 1322 5924 disserit
1373 5864 1656 5942 Cyrillus
1730 5866 2223 5931 Alexandrinus.
2270 5868 2435 5931 libro
2490 5886 2577 5930 xu
2637 5869 2710 5930 ln
2750 5869 3063 5930 Joannem
3099 5888 3119 5928 :
3155 5865 3389 5928 Statim
3435 5884 3538 5929 eos
