  <div class='ocr_page' id='page_1' title='image "/cluster/home/n/w/nwhite01/storage/ocr_20150623/123/pst.000005714384/051.png"; bbox 0 0 4098 6330; ppageno 0'>
   <div class='ocr_carea' id='block_1_1' title="bbox 570 283 3796 378">
    <p class='ocr_par' dir='ltr' id='par_1_1' title="bbox 570 283 3796 378">
     <span class='ocr_line' id='line_1_1' title="bbox 570 283 3796 378; baseline -0.004 -21"><span class='ocrx_word' id='word_1_1' title='bbox 570 316 644 378; x_wconf 65' lang='grc' dir='ltr'>ω</span> <span class='ocrx_word' id='word_1_2' title='bbox 1395 299 1637 362; x_wconf 75' lang='lat' dir='ltr'><strong><em>BERN.</em></strong></span> <span class='ocrx_word' id='word_1_3' title='bbox 1680 297 1946 359; x_wconf 74' lang='lat' dir='ltr'><strong>MARLE</strong></span> <span class='ocrx_word' id='word_1_4' title='bbox 1983 295 2080 354; x_wconf 83' lang='lat' dir='ltr'><strong><em>DE</em></strong></span> <span class='ocrx_word' id='word_1_5' title='bbox 2121 291 2402 355; x_wconf 74' lang='lat' dir='ltr'><strong><em>RUBEIS</em></strong></span> <span class='ocrx_word' id='word_1_6' title='bbox 2442 285 2947 349; x_wconf 71' lang='lat' dir='ltr'><strong><em>DISSERTATIO</em></strong></span> <span class='ocrx_word' id='word_1_7' title='bbox 3723 283 3796 345; x_wconf 74' lang='lat'><strong><em>9&#39;3</em></strong></span> 
     </span>
    </p>
   </div>
   <div class='ocr_carea' id='block_1_2' title="bbox 568 393 3800 503">
    <p class='ocr_par' dir='ltr' id='par_1_2' title="bbox 568 393 3800 503">
     <span class='ocr_line' id='line_1_2' title="bbox 568 393 3800 503; baseline -0.011 -16"><span class='ocrx_word' id='word_1_8' title='bbox 568 423 922 503; x_wconf 75' lang='lat' dir='ltr'><strong><em>sanctiﬁcat</em></strong></span> <span class='ocrx_word' id='word_1_9' title='bbox 954 468 968 491; x_wconf 91' lang='lat'><strong><em>,</em></strong></span> <span class='ocrx_word' id='word_1_10' title='bbox 1011 419 1337 496; x_wconf 77' lang='lat' dir='ltr'><strong><em>mnifesto</em></strong></span> <span class='ocrx_word' id='word_1_11' title='bbox 1396 415 1731 494; x_wconf 76' lang='lat' dir='ltr'><strong><em>insufﬂatu</em></strong></span> <span class='ocrx_word' id='word_1_12' title='bbox 1782 411 2090 489; x_wconf 76' lang='lat' dir='ltr'><strong><em>Spiritum</em></strong></span> <span class='ocrx_word' id='word_1_13' title='bbox 2126 411 2214 470; x_wconf 86' lang='lat' dir='ltr'><strong><em>eis</em></strong></span> <span class='ocrx_word' id='word_1_14' title='bbox 2262 402 2574 483; x_wconf 87' lang='lat' dir='ltr'><strong><em>largiens;</em></strong></span> <span class='ocrx_word' id='word_1_15' title='bbox 2627 410 2706 503; x_wconf 68' lang='lat' dir='ltr'><strong><em>ut</em></strong></span> <span class='ocrx_word' id='word_1_16' title='bbox 2751 407 2812 460; x_wconf 86' lang='lat' dir='ltr'><strong><em>et</em></strong></span> <span class='ocrx_word' id='word_1_17' title='bbox 2867 417 2987 503; x_wconf 67' lang='lat' dir='ltr'><strong><em>nos</em></strong></span> <span class='ocrx_word' id='word_1_18' title='bbox 3017 395 3297 503; x_wconf 49' lang='lat' dir='ltr'><strong><em>ﬁrmiter</em></strong></span> <span class='ocrx_word' id='word_1_19' title='bbox 3357 393 3800 503; x_wconf 63' lang='lat' dir='ltr'><strong><em>crederemus,</em></strong></span> 
     </span>
    </p>
   </div>
   <div class='ocr_carea' id='block_1_3' title="bbox 570 487 2188 587">
    <p class='ocr_par' dir='ltr' id='par_1_3' title="bbox 570 487 2164 587">
     <span class='ocr_line' id='line_1_3' title="bbox 570 487 2164 587; baseline -0.013 -2"><span class='ocrx_word' id='word_1_20' title='bbox 570 487 854 586; x_wconf 73' lang='lat' dir='ltr'><strong><em>alienum</em></strong></span> <span class='ocrx_word' id='word_1_21' title='bbox 898 535 1024 580; x_wconf 86' lang='lat' dir='ltr'><strong><em>non</em></strong></span> <span class='ocrx_word' id='word_1_22' title='bbox 1084 487 1228 577; x_wconf 80' lang='lat' dir='ltr'><strong><em>esse</em></strong></span> <span class='ocrx_word' id='word_1_23' title='bbox 1283 531 1317 573; x_wconf 92' lang='lat' dir='ltr'><strong><em>a</em></strong></span> <span class='ocrx_word' id='word_1_24' title='bbox 1374 511 1541 573; x_wconf 79' lang='lat' dir='ltr'><strong><em>Filio</em></strong></span> <span class='ocrx_word' id='word_1_25' title='bbox 1605 509 1941 587; x_wconf 87' lang='lat' dir='ltr'><strong><em>Spiritum,</em></strong></span> <span class='ocrx_word' id='word_1_26' title='bbox 1973 506 2079 567; x_wconf 88' lang='lat' dir='ltr'><strong><em>sed</em></strong></span> <span class='ocrx_word' id='word_1_27' title='bbox 2109 509 2164 564; x_wconf 89' lang='lat' dir='ltr'><strong><em>ei</em></strong></span> 
     </span>
    </p>
   </div>
   <div class='ocr_carea' id='block_1_4' title="bbox 2188 487 3806 587">
    <p class='ocr_par' dir='ltr' id='par_1_4' title="bbox 2201 487 3806 566">
     <span class='ocr_line' id='line_1_4' title="bbox 2201 487 3806 566; baseline -0.014 -1"><span class='ocrx_word' id='word_1_28' title='bbox 2201 499 2825 566; x_wconf 87' lang='lat' dir='ltr'><strong><em>consubstantialem,</em></strong></span> <span class='ocrx_word' id='word_1_29' title='bbox 2864 505 2920 556; x_wconf 90' lang='lat' dir='ltr'><strong><em>et</em></strong></span> <span class='ocrx_word' id='word_1_30' title='bbox 2961 493 3030 544; x_wconf 82' lang='grc' dir='ltr'><strong><em>δι’</em></strong></span> <span class='ocrx_word' id='word_1_31' title='bbox 3063 491 3232 543; x_wconf 72' lang='grc' dir='ltr'>αὑτοῦ</span> <span class='ocrx_word' id='word_1_32' title='bbox 3283 489 3489 560; x_wconf 76' lang='grc' dir='ltr'>προῖὼν</span> <span class='ocrx_word' id='word_1_33' title='bbox 3527 491 3588 542; x_wconf 78' lang='grc' dir='ltr'><strong><em>τὸ</em></strong></span> <span class='ocrx_word' id='word_1_34' title='bbox 3615 492 3681 542; x_wconf 80' lang='grc' dir='ltr'>ὲκ</span> <span class='ocrx_word' id='word_1_35' title='bbox 3711 487 3806 542; x_wconf 79' lang='grc' dir='ltr'><strong><em>τοῦ</em></strong></span> 
     </span>
    </p>
   </div>
   <div class='ocr_carea' id='block_1_5' title="bbox 575 589 3804 693">
    <p class='ocr_par' dir='ltr' id='par_1_5' title="bbox 575 589 3804 693">
     <span class='ocr_line' id='line_1_5' title="bbox 575 589 3804 693; baseline -0.008 -19"><span class='ocrx_word' id='word_1_36' title='bbox 575 618 812 688; x_wconf 80' lang='grc' dir='ltr'><strong><em>Πατρὸς.</em></strong></span> <span class='ocrx_word' id='word_1_37' title='bbox 858 629 975 693; x_wconf 86' lang='lat' dir='ltr'><strong><em>per</em></strong></span> <span class='ocrx_word' id='word_1_38' title='bbox 1019 614 1224 690; x_wconf 88' lang='lat' dir='ltr'><strong><em>ipsum</em></strong></span> <span class='ocrx_word' id='word_1_39' title='bbox 1261 627 1340 668; x_wconf 77' lang='lat' dir='ltr'><strong><em>ea:</em></strong></span> <span class='ocrx_word' id='word_1_40' title='bbox 1393 607 1583 668; x_wconf 89' lang='lat' dir='ltr'><strong><em>Patre</em></strong></span> <span class='ocrx_word' id='word_1_41' title='bbox 1631 604 2086 684; x_wconf 76' lang='lat' dir='ltr'><strong><em>procedentem.</em></strong></span> <span class='ocrx_word' id='word_1_42' title='bbox 2123 601 2200 660; x_wconf 88' lang='lat' dir='ltr'><strong><em>Et</em></strong></span> <span class='ocrx_word' id='word_1_43' title='bbox 2241 598 2402 658; x_wconf 88' lang='lat' dir='ltr'><strong><em>libro</em></strong></span> <span class='ocrx_word' id='word_1_44' title='bbox 2440 614 2508 655; x_wconf 76' lang='lat' dir='ltr'><strong><em>Ix</em></strong></span> <span class='ocrx_word' id='word_1_45' title='bbox 2561 591 2959 693; x_wconf 71' lang='lat' dir='ltr'><strong><em>prmcedenle</em></strong></span> <span class='ocrx_word' id='word_1_46' title='bbox 2992 592 3066 693; x_wconf 65' lang='lat' dir='ltr'><strong><em>ad</em></strong></span> <span class='ocrx_word' id='word_1_47' title='bbox 3100 598 3288 666; x_wconf 78' lang='lat' dir='ltr'><strong><em>caput</em></strong></span> <span class='ocrx_word' id='word_1_48' title='bbox 3319 605 3429 650; x_wconf 78' lang='lat' dir='ltr'><strong><em>xxv</em></strong></span> <span class='ocrx_word' id='word_1_49' title='bbox 3479 589 3751 693; x_wconf 78' lang='lat' dir='ltr'><strong><em>Joannis</em></strong></span> <span class='ocrx_word' id='word_1_50' title='bbox 3788 611 3804 648; x_wconf 89' lang='lat'><strong>:</strong></span> 
     </span>
    </p>
   </div>
   <div class='ocr_carea' id='block_1_6' title="bbox 577 685 3810 784">
    <p class='ocr_par' dir='ltr' id='par_1_6' title="bbox 577 685 3810 784">
     <span class='ocr_line' id='line_1_6' title="bbox 577 685 3810 784; baseline -0.011 -8"><span class='ocrx_word' id='word_1_51' title='bbox 577 685 830 776; x_wconf 84' lang='lat' dir='ltr'><strong><em>Idcirco</em></strong></span> <span class='ocrx_word' id='word_1_52' title='bbox 858 685 1064 770; x_wconf 45' lang='grc' dir='ltr'><strong><em>ἐπίτη-</em></strong></span> <span class='ocrx_word' id='word_1_53' title='bbox 1094 707 1384 768; x_wconf 81' lang='lat' dir='ltr'><strong><em>Christus</em></strong></span> <span class='ocrx_word' id='word_1_54' title='bbox 1439 703 1792 784; x_wconf 70' lang='lat' dir='ltr'><strong><em>insit/ﬂavit</em></strong></span> <span class='ocrx_word' id='word_1_55' title='bbox 1837 694 2297 778; x_wconf 78' lang='lat' dir='ltr'><strong><em>corporaliter,</em></strong></span> <span class='ocrx_word' id='word_1_56' title='bbox 2359 688 2686 751; x_wconf 85' lang='lat' dir='ltr'><strong><em>ostendens</em></strong></span> <span class='ocrx_word' id='word_1_57' title='bbox 2735 686 2902 766; x_wconf 84' lang='lat' dir='ltr'><strong><em>quod</em></strong></span> <span class='ocrx_word' id='word_1_58' title='bbox 2979 689 3144 746; x_wconf 89' lang='lat' dir='ltr'><strong><em>sicut</em></strong></span> <span class='ocrx_word' id='word_1_59' title='bbox 3217 705 3296 745; x_wconf 73' lang='lat' dir='ltr'><strong><em>ex</em></strong></span> <span class='ocrx_word' id='word_1_60' title='bbox 3352 702 3459 744; x_wconf 89' lang='lat' dir='ltr'><strong><em>ore</em></strong></span> <span class='ocrx_word' id='word_1_61' title='bbox 3534 685 3810 784; x_wconf 69' lang='lat' dir='ltr'><strong><em>humano</em></strong></span> 
     </span>
    </p>
   </div>
   <div class='ocr_carea' id='block_1_7' title="bbox 577 780 3808 890">
    <p class='ocr_par' dir='ltr' id='par_1_7' title="bbox 577 780 3808 890">
     <span class='ocr_line' id='line_1_7' title="bbox 577 780 3808 890; baseline -0.007 -21"><span class='ocrx_word' id='word_1_62' title='bbox 577 809 848 890; x_wconf 86' lang='lat' dir='ltr'><strong><em>spiritus</em></strong></span> <span class='ocrx_word' id='word_1_63' title='bbox 873 804 1094 883; x_wconf 88' lang='lat' dir='ltr'><strong><em>prodit</em></strong></span> <span class='ocrx_word' id='word_1_64' title='bbox 1114 801 1558 880; x_wconf 85' lang='lat' dir='ltr'><strong><em>corporaliter,</em></strong></span> <span class='ocrx_word' id='word_1_65' title='bbox 1587 780 1678 860; x_wconf 76' lang='lat' dir='ltr'><strong><em>sic</em></strong></span> <span class='ocrx_word' id='word_1_66' title='bbox 1709 815 1788 870; x_wconf 75' lang='lat' dir='ltr'><strong><em>ex</em></strong></span> <span class='ocrx_word' id='word_1_67' title='bbox 1833 795 2048 856; x_wconf 87' lang='lat' dir='ltr'><strong><em>divina</em></strong></span> <span class='ocrx_word' id='word_1_68' title='bbox 2092 791 2472 890; x_wconf 76' lang='lat' dir='ltr'><strong><em>substantia,</em></strong></span> <span class='ocrx_word' id='word_1_69' title='bbox 2525 788 2758 890; x_wconf 71' lang='lat' dir='ltr'><strong><em>Deitati</em></strong></span> <span class='ocrx_word' id='word_1_70' title='bbox 2796 785 3270 890; x_wconf 63' lang='lat' dir='ltr'><strong><em>convenienter,</em></strong></span> <span class='ocrx_word' id='word_1_71' title='bbox 3300 783 3585 851; x_wconf 81' lang='grc' dir='ltr'><strong><em>προχεῖται</em></strong></span> <span class='ocrx_word' id='word_1_72' title='bbox 3618 780 3808 890; x_wconf 30' lang='grc' dir='ltr'><strong><em>’τὸέξ</em></strong></span> 
     </span>
    </p>
   </div>
   <div class='ocr_carea' id='block_1_8' title="bbox 579 877 3814 978">
    <p class='ocr_par' dir='ltr' id='par_1_8' title="bbox 579 877 3814 978">
     <span class='ocr_line' id='line_1_8' title="bbox 579 877 3814 978; baseline -0.008 -15"><span class='ocrx_word' id='word_1_73' title='bbox 579 877 767 969; x_wconf 57' lang='grc' dir='ltr'><strong><em>εἶθ-δοῦ,</em></strong></span> <span class='ocrx_word' id='word_1_74' title='bbox 799 877 1081 977; x_wconf 68' lang='lat' dir='ltr'><strong><em>Spiritus</em></strong></span> <span class='ocrx_word' id='word_1_75' title='bbox 1110 877 1236 978; x_wconf 83' lang='lat' dir='ltr'><strong><em>qui</em></strong></span> <span class='ocrx_word' id='word_1_76' title='bbox 1261 916 1339 956; x_wconf 73' lang='lat' dir='ltr'><strong><em>ea:</em></strong></span> <span class='ocrx_word' id='word_1_77' title='bbox 1385 914 1454 956; x_wconf 91' lang='lat' dir='ltr'><strong><em>eo</em></strong></span> <span class='ocrx_word' id='word_1_78' title='bbox 1503 894 1718 975; x_wconf 90' lang='lat' dir='ltr'><strong><em>(Filio)</em></strong></span> <span class='ocrx_word' id='word_1_79' title='bbox 1749 901 1861 965; x_wconf 90' lang='lat' dir='ltr'><strong><em>est,</em></strong></span> <span class='ocrx_word' id='word_1_80' title='bbox 1888 887 2332 969; x_wconf 77' lang='lat' dir='ltr'><strong><em>profunditur.</em></strong></span> <span class='ocrx_word' id='word_1_81' title='bbox 2368 885 2508 946; x_wconf 82' lang='lat' dir='ltr'><strong><em>Alia</em></strong></span> <span class='ocrx_word' id='word_1_82' title='bbox 2565 883 2751 943; x_wconf 81' lang='lat' dir='ltr'><strong><em>habet</em></strong></span> <span class='ocrx_word' id='word_1_83' title='bbox 2795 881 3003 947; x_wconf 88' lang='lat' dir='ltr'><strong><em>lectio,</em></strong></span> <span class='ocrx_word' id='word_1_84' title='bbox 3043 879 3104 978; x_wconf 59' lang='lat' dir='ltr'><strong><em>Eli</em></strong></span> <span class='ocrx_word' id='word_1_85' title='bbox 3137 879 3331 946; x_wconf 70' lang='grc' dir='ltr'><strong><em>αὐτῆε,</em></strong></span> <span class='ocrx_word' id='word_1_86' title='bbox 3387 896 3466 938; x_wconf 75' lang='lat' dir='ltr'><strong><em>ex</em></strong></span> <span class='ocrx_word' id='word_1_87' title='bbox 3495 897 3564 937; x_wconf 90' lang='lat' dir='ltr'><strong><em>ea</em></strong></span> <span class='ocrx_word' id='word_1_88' title='bbox 3594 877 3814 978; x_wconf 76' lang='lat' dir='ltr'><strong><em>divina</em></strong></span> 
     </span>
    </p>
   </div>
   <div class='ocr_carea' id='block_1_9' title="bbox 579 975 3810 1072">
    <p class='ocr_par' dir='ltr' id='par_1_9' title="bbox 579 975 3810 1072">
     <span class='ocr_line' id='line_1_9' title="bbox 579 975 3810 1072; baseline -0.008 -12"><span class='ocrx_word' id='word_1_89' title='bbox 579 975 954 1067; x_wconf 68' lang='lat' dir='ltr'><strong><em>substantia,</em></strong></span> <span class='ocrx_word' id='word_1_90' title='bbox 991 975 1217 1072; x_wconf 74' lang='lat' dir='ltr'><strong><em>utique</em></strong></span> <span class='ocrx_word' id='word_1_91' title='bbox 1242 992 1414 1055; x_wconf 80' lang='lat' dir='ltr'><strong><em>Filii.</em></strong></span> <span class='ocrx_word' id='word_1_92' title='bbox 1447 989 1788 1067; x_wconf 87' lang='lat' dir='ltr'><strong><em>Perspicue</em></strong></span> <span class='ocrx_word' id='word_1_93' title='bbox 1816 990 2026 1048; x_wconf 78' lang='lat' dir='ltr'><strong><em>Patres</em></strong></span> <span class='ocrx_word' id='word_1_94' title='bbox 2055 985 2118 1044; x_wconf 92' lang='lat' dir='ltr'><strong><em>hi</em></strong></span> <span class='ocrx_word' id='word_1_95' title='bbox 2152 983 2306 1050; x_wconf 89' lang='lat' dir='ltr'><strong><em>duo,</em></strong></span> <span class='ocrx_word' id='word_1_96' title='bbox 2327 981 2718 1060; x_wconf 85' lang='lat' dir='ltr'><strong><em>quibuscum</em></strong></span> <span class='ocrx_word' id='word_1_97' title='bbox 2743 976 3259 1054; x_wconf 78' lang='lat' dir='ltr'><strong><em>&#39;l‘heOphylactus</em></strong></span> <span class='ocrx_word' id='word_1_98' title='bbox 3293 975 3651 1055; x_wconf 90' lang='lat' dir='ltr'><strong><em>comparari</em></strong></span> <span class='ocrx_word' id='word_1_99' title='bbox 3682 991 3810 1035; x_wconf 91' lang='lat' dir='ltr'><strong><em>non</em></strong></span> 
     </span>
    </p>
   </div>
   <div class='ocr_carea' id='block_1_10' title="bbox 583 1071 3811 1170">
    <p class='ocr_par' dir='ltr' id='par_1_10' title="bbox 583 1071 3811 1170">
     <span class='ocr_line' id='line_1_10' title="bbox 583 1071 3811 1170; baseline -0.008 -14"><span class='ocrx_word' id='word_1_100' title='bbox 583 1099 814 1170; x_wconf 88' lang='lat' dir='ltr'><strong><em>potest,</em></strong></span> <span class='ocrx_word' id='word_1_101' title='bbox 849 1107 976 1152; x_wconf 90' lang='lat' dir='ltr'><strong><em>non</em></strong></span> <span class='ocrx_word' id='word_1_102' title='bbox 1011 1071 1222 1150; x_wconf 85' lang='lat' dir='ltr'><strong><em>solum</em></strong></span> <span class='ocrx_word' id='word_1_103' title='bbox 1252 1089 1419 1148; x_wconf 89' lang='lat' dir='ltr'><strong><em>dona</em></strong></span> <span class='ocrx_word' id='word_1_104' title='bbox 1450 1093 1653 1146; x_wconf 86' lang='lat' dir='ltr'><strong><em>creata</em></strong></span> <span class='ocrx_word' id='word_1_105' title='bbox 1708 1084 1775 1145; x_wconf 88' lang='lat' dir='ltr'><strong><em>in</em></strong></span> <span class='ocrx_word' id='word_1_106' title='bbox 1812 1082 2120 1144; x_wconf 88' lang='lat' dir='ltr'><strong><em>missione</em></strong></span> <span class='ocrx_word' id='word_1_107' title='bbox 2158 1078 2435 1155; x_wconf 78' lang='lat' dir='ltr'><strong><em>Spiritus</em></strong></span> <span class='ocrx_word' id='word_1_108' title='bbox 2485 1074 2689 1136; x_wconf 92' lang='lat' dir='ltr'><strong><em>sancti</em></strong></span> <span class='ocrx_word' id='word_1_109' title='bbox 2741 1090 2779 1135; x_wconf 88' lang='lat' dir='ltr'><strong><em>a</em></strong></span> <span class='ocrx_word' id='word_1_110' title='bbox 2825 1073 2994 1136; x_wconf 90' lang='lat' dir='ltr'><strong><em>Filio</em></strong></span> <span class='ocrx_word' id='word_1_111' title='bbox 3045 1071 3377 1146; x_wconf 84' lang='lat' dir='ltr'><strong><em>distribui,</em></strong></span> <span class='ocrx_word' id='word_1_112' title='bbox 3432 1072 3546 1136; x_wconf 86' lang='lat' dir='ltr'><strong><em>sed</em></strong></span> <span class='ocrx_word' id='word_1_113' title='bbox 3603 1071 3811 1170; x_wconf 80' lang='lat' dir='ltr'><strong><em>ipsam</em></strong></span> 
     </span>
    </p>
   </div>
   <div class='ocr_carea' id='block_1_11' title="bbox 579 1167 3813 1256">
    <p class='ocr_par' dir='ltr' id='par_1_11' title="bbox 579 1167 3813 1256">
     <span class='ocr_line' id='line_1_11' title="bbox 579 1167 3813 1256; baseline -0.007 -8"><span class='ocrx_word' id='word_1_114' title='bbox 579 1167 772 1249; x_wconf 84' lang='lat' dir='ltr'><strong><em>etiam</em></strong></span> <span class='ocrx_word' id='word_1_115' title='bbox 804 1188 1032 1247; x_wconf 90' lang='lat' dir='ltr'><strong><em>docent</em></strong></span> <span class='ocrx_word' id='word_1_116' title='bbox 1063 1185 1346 1244; x_wconf 79' lang='lat' dir='ltr'><strong><em>divinam</em></strong></span> <span class='ocrx_word' id='word_1_117' title='bbox 1373 1181 1572 1242; x_wconf 86' lang='lat' dir='ltr'><strong><em>sancti</em></strong></span> <span class='ocrx_word' id='word_1_118' title='bbox 1608 1179 1885 1256; x_wconf 81' lang='lat' dir='ltr'><strong><em>Spiritus</em></strong></span> <span class='ocrx_word' id='word_1_119' title='bbox 1919 1190 2255 1255; x_wconf 88' lang='lat' dir='ltr'><strong><em>personam</em></strong></span> <span class='ocrx_word' id='word_1_120' title='bbox 2288 1174 2423 1234; x_wconf 89' lang='lat' dir='ltr'><strong><em>dari</em></strong></span> <span class='ocrx_word' id='word_1_121' title='bbox 2463 1194 2478 1232; x_wconf 89' lang='lat'><strong>:</strong></span> <span class='ocrx_word' id='word_1_122' title='bbox 2537 1171 2831 1250; x_wconf 84' lang='lat' dir='ltr'><strong><em>adeoque</em></strong></span> <span class='ocrx_word' id='word_1_123' title='bbox 2873 1169 3141 1249; x_wconf 86' lang='lat' dir='ltr'><strong><em>probant</em></strong></span> <span class='ocrx_word' id='word_1_124' title='bbox 3177 1187 3254 1231; x_wconf 81' lang='lat' dir='ltr'><strong><em>ex</em></strong></span> <span class='ocrx_word' id='word_1_125' title='bbox 3289 1167 3744 1248; x_wconf 89' lang='lat' dir='ltr'><strong><em>consequenti,</em></strong></span> <span class='ocrx_word' id='word_1_126' title='bbox 3777 1183 3813 1226; x_wconf 87' lang='lat' dir='ltr'><strong><em>a</em></strong></span> 
     </span>
    </p>
   </div>
   <div class='ocr_carea' id='block_1_12' title="bbox 580 1269 2451 1359">
    <p class='ocr_par' dir='ltr' id='par_1_12' title="bbox 580 1269 2451 1359">
     <span class='ocr_line' id='line_1_12' title="bbox 580 1269 2451 1359; baseline -0.009 -14"><span class='ocrx_word' id='word_1_127' title='bbox 580 1284 748 1345; x_wconf 85' lang='lat' dir='ltr'><strong><em>Filio</em></strong></span> <span class='ocrx_word' id='word_1_128' title='bbox 781 1292 1019 1345; x_wconf 67' lang='lat' dir='ltr'><strong><em>interna</em></strong></span> <span class='ocrx_word' id='word_1_129' title='bbox 1052 1280 1464 1359; x_wconf 85' lang='lat' dir='ltr'><strong><em>processione</em></strong></span> <span class='ocrx_word' id='word_1_130' title='bbox 1496 1276 1805 1356; x_wconf 82' lang='lat' dir='ltr'><strong><em>Spiritum</em></strong></span> <span class='ocrx_word' id='word_1_131' title='bbox 1845 1282 2138 1336; x_wconf 90' lang='lat' dir='ltr'><strong><em>sanctum</em></strong></span> <span class='ocrx_word' id='word_1_132' title='bbox 2175 1269 2451 1348; x_wconf 88' lang='lat' dir='ltr'><strong><em>prodire.</em></strong></span> 
     </span>
    </p>
   </div>
   <div class='ocr_carea' id='block_1_13' title="bbox 664 1359 3812 1456">
    <p class='ocr_par' dir='ltr' id='par_1_13' title="bbox 664 1359 3812 1456">
     <span class='ocr_line' id='line_1_13' title="bbox 664 1359 3812 1456; baseline -0.007 -17"><span class='ocrx_word' id='word_1_133' title='bbox 664 1377 806 1456; x_wconf 81' lang='lat'><strong><em>(10.)</em></strong></span> <span class='ocrx_word' id='word_1_134' title='bbox 835 1379 915 1438; x_wconf 80' lang='lat' dir='ltr'><strong><em>In</em></strong></span> <span class='ocrx_word' id='word_1_135' title='bbox 963 1395 1037 1436; x_wconf 90' lang='lat' dir='ltr'><strong><em>ea</em></strong></span> <span class='ocrx_word' id='word_1_136' title='bbox 1079 1373 1539 1454; x_wconf 81' lang='lat' dir='ltr'><strong><em>insufﬂatione,</em></strong></span> <span class='ocrx_word' id='word_1_137' title='bbox 1597 1371 1808 1450; x_wconf 89' lang='lat' dir='ltr'><strong><em>inquit</em></strong></span> <span class='ocrx_word' id='word_1_138' title='bbox 1853 1371 1984 1441; x_wconf 89' lang='lat' dir='ltr'><strong><em>ille,</em></strong></span> <span class='ocrx_word' id='word_1_139' title='bbox 2040 1370 2230 1429; x_wconf 88' lang='lat' dir='ltr'><strong><em>unius</em></strong></span> <span class='ocrx_word' id='word_1_140' title='bbox 2263 1376 2508 1427; x_wconf 88' lang='lat' dir='ltr'><strong><em>tantum</em></strong></span> <span class='ocrx_word' id='word_1_141' title='bbox 2535 1363 2933 1425; x_wconf 85' lang='lat' dir='ltr'><strong><em>charismatis</em></strong></span> <span class='ocrx_word' id='word_1_142' title='bbox 2968 1363 3095 1441; x_wconf 78' lang='lat' dir='ltr'><strong><em>fuit</em></strong></span> <span class='ocrx_word' id='word_1_143' title='bbox 3129 1361 3413 1434; x_wconf 82' lang='lat' dir='ltr'><strong><em>donatio,</em></strong></span> <span class='ocrx_word' id='word_1_144' title='bbox 3446 1377 3581 1418; x_wconf 76' lang='lat' dir='ltr'><strong><em>non</em></strong></span> <span class='ocrx_word' id='word_1_145' title='bbox 3611 1359 3812 1456; x_wconf 81' lang='lat' dir='ltr'><strong><em>totius</em></strong></span> 
     </span>
    </p>
   </div>
   <div class='ocr_carea' id='block_1_14' title="bbox 576 1454 3816 1551">
    <p class='ocr_par' dir='ltr' id='par_1_14' title="bbox 576 1454 3816 1551">
     <span class='ocr_line' id='line_1_14' title="bbox 576 1454 3816 1551; baseline -0.006 -17"><span class='ocrx_word' id='word_1_146' title='bbox 576 1454 859 1551; x_wconf 75' lang='lat' dir='ltr'><strong><em>Spiritus</em></strong></span> <span class='ocrx_word' id='word_1_147' title='bbox 887 1474 1113 1533; x_wconf 83' lang='lat' dir='ltr'><strong><em>sancti.</em></strong></span> <span class='ocrx_word' id='word_1_148' title='bbox 1145 1470 1448 1548; x_wconf 79' lang='lat' dir='ltr'><strong><em>Alioquin</em></strong></span> <span class='ocrx_word' id='word_1_149' title='bbox 1481 1466 1786 1548; x_wconf 87' lang='lat' dir='ltr'><strong><em>quomodo</em></strong></span> <span class='ocrx_word' id='word_1_150' title='bbox 1835 1486 1901 1527; x_wconf 88' lang='lat' dir='ltr'><strong><em>se</em></strong></span> <span class='ocrx_word' id='word_1_151' title='bbox 1937 1465 2188 1526; x_wconf 86' lang='lat' dir='ltr'><strong><em>haberet</em></strong></span> <span class='ocrx_word' id='word_1_152' title='bbox 2222 1462 2384 1524; x_wconf 87' lang='lat' dir='ltr'><strong><em>illud</em></strong></span> <span class='ocrx_word' id='word_1_153' title='bbox 2416 1483 2435 1521; x_wconf 94' lang='lat'><em>:</em></span> <span class='ocrx_word' id='word_1_154' title='bbox 2465 1462 2535 1522; x_wconf 88' lang='lat' dir='ltr'><strong><em>Si</em></strong></span> <span class='ocrx_word' id='word_1_155' title='bbox 2556 1478 2685 1520; x_wconf 85' lang='lat' dir='ltr'><strong><em>non</em></strong></span> <span class='ocrx_word' id='word_1_156' title='bbox 2734 1459 2973 1530; x_wconf 84' lang='lat' dir='ltr'><strong><em>abiero,</em></strong></span> <span class='ocrx_word' id='word_1_157' title='bbox 3011 1456 3381 1516; x_wconf 88' lang='lat' dir='ltr'><strong><em>Paracletus</em></strong></span> <span class='ocrx_word' id='word_1_158' title='bbox 3440 1472 3570 1514; x_wconf 84' lang='lat' dir='ltr'><strong><em>non</em></strong></span> <span class='ocrx_word' id='word_1_159' title='bbox 3613 1454 3816 1514; x_wconf 83' lang='lat' dir='ltr'><strong><em>veniet</em></strong></span> 
     </span>
    </p>
   </div>
   <div class='ocr_carea' id='block_1_15' title="bbox 578 1551 3817 1635">
    <p class='ocr_par' dir='ltr' id='par_1_15' title="bbox 578 1551 3817 1635">
     <span class='ocr_line' id='line_1_15' title="bbox 578 1551 3817 1635; baseline -0.005 -9"><span class='ocrx_word' id='word_1_160' title='bbox 578 1561 660 1626; x_wconf 89' lang='lat' dir='ltr'><strong><em>ad</em></strong></span> <span class='ocrx_word' id='word_1_161' title='bbox 698 1570 856 1630; x_wconf 79' lang='lat' dir='ltr'><strong><em>vos?</em></strong></span> <span class='ocrx_word' id='word_1_162' title='bbox 914 1565 1198 1628; x_wconf 83' lang='lat' dir='ltr'><strong><em>Nimium</em></strong></span> <span class='ocrx_word' id='word_1_163' title='bbox 1267 1581 1480 1626; x_wconf 89' lang='lat' dir='ltr'><strong><em>crasse</em></strong></span> <span class='ocrx_word' id='word_1_164' title='bbox 1541 1572 1605 1625; x_wconf 87' lang='lat' dir='ltr'><strong><em>et</em></strong></span> <span class='ocrx_word' id='word_1_165' title='bbox 1643 1563 1935 1626; x_wconf 88' lang='lat' dir='ltr'><strong><em>ridicule.</em></strong></span> <span class='ocrx_word' id='word_1_166' title='bbox 1987 1561 2257 1635; x_wconf 85' lang='lat' dir='ltr'><strong><em>Quoties</em></strong></span> <span class='ocrx_word' id='word_1_167' title='bbox 2315 1574 2595 1635; x_wconf 87' lang='lat' dir='ltr'><strong><em>namque</em></strong></span> <span class='ocrx_word' id='word_1_168' title='bbox 2660 1556 2934 1616; x_wconf 85' lang='lat' dir='ltr'><strong><em>mittitur</em></strong></span> <span class='ocrx_word' id='word_1_169' title='bbox 3001 1555 3319 1627; x_wconf 78' lang='lat' dir='ltr'><strong><em>daturque</em></strong></span> <span class='ocrx_word' id='word_1_170' title='bbox 3358 1551 3641 1626; x_wconf 78' lang='lat' dir='ltr'><strong><em>Spiritus</em></strong></span> <span class='ocrx_word' id='word_1_171' title='bbox 3673 1566 3817 1611; x_wconf 81' lang='lat' dir='ltr'><strong><em>san-</em></strong></span> 
     </span>
    </p>
   </div>
   <div class='ocr_carea' id='block_1_16' title="bbox 581 1648 3817 1737">
    <p class='ocr_par' dir='ltr' id='par_1_16' title="bbox 581 1648 3817 1737">
     <span class='ocr_line' id='line_1_16' title="bbox 581 1648 3817 1737; baseline -0.006 -12"><span class='ocrx_word' id='word_1_172' title='bbox 581 1671 745 1737; x_wconf 89' lang='lat' dir='ltr'><strong><em>ctus,</em></strong></span> <span class='ocrx_word' id='word_1_173' title='bbox 815 1664 999 1725; x_wconf 88' lang='lat' dir='ltr'><strong><em>datur</em></strong></span> <span class='ocrx_word' id='word_1_174' title='bbox 1049 1679 1120 1722; x_wconf 91' lang='lat' dir='ltr'><strong><em>ac</em></strong></span> <span class='ocrx_word' id='word_1_175' title='bbox 1188 1661 1462 1722; x_wconf 86' lang='lat' dir='ltr'><strong><em>mittitur</em></strong></span> <span class='ocrx_word' id='word_1_176' title='bbox 1512 1667 1721 1730; x_wconf 91' lang='lat' dir='ltr'><strong><em>totus,</em></strong></span> <span class='ocrx_word' id='word_1_177' title='bbox 1781 1676 1927 1721; x_wconf 89' lang='lat' dir='ltr'><strong><em>cum</em></strong></span> <span class='ocrx_word' id='word_1_178' title='bbox 1977 1659 2062 1719; x_wconf 90' lang='lat' dir='ltr'><strong><em>sit</em></strong></span> <span class='ocrx_word' id='word_1_179' title='bbox 2106 1673 2276 1718; x_wconf 90' lang='lat' dir='ltr'><strong><em>unus</em></strong></span> <span class='ocrx_word' id='word_1_180' title='bbox 2337 1663 2400 1715; x_wconf 88' lang='lat' dir='ltr'><strong><em>et</em></strong></span> <span class='ocrx_word' id='word_1_181' title='bbox 2444 1653 2995 1730; x_wconf 85' lang='lat' dir='ltr'><strong><em>simplicissimus.</em></strong></span> <span class='ocrx_word' id='word_1_182' title='bbox 3053 1651 3144 1709; x_wconf 85' lang='lat' dir='ltr'><strong><em>Ad</em></strong></span> <span class='ocrx_word' id='word_1_183' title='bbox 3203 1649 3581 1710; x_wconf 82' lang='lat' dir='ltr'><strong><em>charismata</em></strong></span> <span class='ocrx_word' id='word_1_184' title='bbox 3642 1648 3817 1708; x_wconf 85' lang='lat' dir='ltr'><strong><em>redi-</em></strong></span> 
     </span>
    </p>
   </div>
   <div class='ocr_carea' id='block_1_17' title="bbox 581 1744 3814 1840">
    <p class='ocr_par' dir='ltr' id='par_1_17' title="bbox 581 1744 3814 1840">
     <span class='ocr_line' id='line_1_17' title="bbox 581 1744 3814 1840; baseline -0.004 -24"><span class='ocrx_word' id='word_1_185' title='bbox 581 1758 1149 1840; x_wconf 74' lang='lat' dir='ltr'><strong><em>giturdiversitas</em></strong></span> <span class='ocrx_word' id='word_1_186' title='bbox 1201 1765 1325 1816; x_wconf 91' lang='lat' dir='ltr'><strong><em>tota</em></strong></span> <span class='ocrx_word' id='word_1_187' title='bbox 1390 1777 1406 1817; x_wconf 91' lang='lat'><strong>:</strong></span> <span class='ocrx_word' id='word_1_188' title='bbox 1462 1772 1581 1819; x_wconf 83' lang='lat' dir='ltr'><strong><em>nec</em></strong></span> <span class='ocrx_word' id='word_1_189' title='bbox 1637 1752 1808 1815; x_wconf 87' lang='lat' dir='ltr'><strong><em>enim</em></strong></span> <span class='ocrx_word' id='word_1_190' title='bbox 1885 1753 2194 1821; x_wconf 69' lang='lat' dir='ltr'><strong><em>cuilibet,</em></strong></span> <span class='ocrx_word' id='word_1_191' title='bbox 2251 1767 2321 1811; x_wconf 90' lang='lat' dir='ltr'><strong><em>ac</em></strong></span> <span class='ocrx_word' id='word_1_192' title='bbox 2377 1766 2632 1826; x_wconf 88' lang='lat' dir='ltr'><strong><em>semper</em></strong></span> <span class='ocrx_word' id='word_1_193' title='bbox 2686 1747 2905 1809; x_wconf 84' lang='lat' dir='ltr'><strong><em>omnia</em></strong></span> <span class='ocrx_word' id='word_1_194' title='bbox 2965 1745 3346 1807; x_wconf 86' lang='lat' dir='ltr'><strong><em>charismata</em></strong></span> <span class='ocrx_word' id='word_1_195' title='bbox 3405 1745 3548 1823; x_wconf 87' lang='lat' dir='ltr'><strong><em>ejus</em></strong></span> <span class='ocrx_word' id='word_1_196' title='bbox 3591 1744 3814 1804; x_wconf 85' lang='lat' dir='ltr'><strong><em>distri-</em></strong></span> 
     </span>
    </p>
   </div>
   <div class='ocr_carea' id='block_1_18' title="bbox 582 1839 3819 1926">
    <p class='ocr_par' dir='ltr' id='par_1_18' title="bbox 582 1839 3819 1926">
     <span class='ocr_line' id='line_1_18' title="bbox 582 1839 3819 1926; baseline -0.004 -11"><span class='ocrx_word' id='word_1_197' title='bbox 582 1839 898 1924; x_wconf 84' lang='lat' dir='ltr'><strong><em>buuntur;</em></strong></span> <span class='ocrx_word' id='word_1_198' title='bbox 934 1870 1152 1914; x_wconf 86' lang='lat' dir='ltr'><strong><em>verum</em></strong></span> <span class='ocrx_word' id='word_1_199' title='bbox 1179 1855 1331 1921; x_wconf 63' lang='lat' dir='ltr'><strong><em>huic,</em></strong></span> <span class='ocrx_word' id='word_1_200' title='bbox 1365 1859 1428 1912; x_wconf 89' lang='lat' dir='ltr'><strong><em>et</em></strong></span> <span class='ocrx_word' id='word_1_201' title='bbox 1456 1866 1578 1911; x_wconf 87' lang='lat' dir='ltr'><strong><em>non</em></strong></span> <span class='ocrx_word' id='word_1_202' title='bbox 1636 1851 1782 1924; x_wconf 88' lang='lat' dir='ltr'><strong><em>alia,</em></strong></span> <span class='ocrx_word' id='word_1_203' title='bbox 1816 1867 1887 1912; x_wconf 89' lang='lat' dir='ltr'><strong><em>ac</em></strong></span> <span class='ocrx_word' id='word_1_204' title='bbox 1941 1850 2138 1926; x_wconf 73' lang='lat' dir='ltr'><strong><em>magis</em></strong></span> <span class='ocrx_word' id='word_1_205' title='bbox 2170 1847 2516 1924; x_wconf 89' lang='lat' dir='ltr'><strong><em>minusque</em></strong></span> <span class='ocrx_word' id='word_1_206' title='bbox 2568 1846 2947 1922; x_wconf 61' lang='lat' dir='ltr'><strong><em>priestantia,</em></strong></span> <span class='ocrx_word' id='word_1_207' title='bbox 2986 1861 3099 1921; x_wconf 90' lang='lat' dir='ltr'><strong><em>pro</em></strong></span> <span class='ocrx_word' id='word_1_208' title='bbox 3124 1841 3400 1921; x_wconf 81' lang='lat' dir='ltr'><strong><em>gratuito</em></strong></span> <span class='ocrx_word' id='word_1_209' title='bbox 3424 1841 3540 1903; x_wconf 90' lang='lat' dir='ltr'><strong><em>Dei</em></strong></span> <span class='ocrx_word' id='word_1_210' title='bbox 3578 1839 3819 1903; x_wconf 83' lang='lat' dir='ltr'><strong><em>favore.</em></strong></span> 
     </span>
    </p>
   </div>
   <div class='ocr_carea' id='block_1_19' title="bbox 662 1939 3816 2030">
    <p class='ocr_par' dir='ltr' id='par_1_19' title="bbox 662 1939 3816 2030">
     <span class='ocr_line' id='line_1_19' title="bbox 662 1939 3816 2030; baseline -0.005 -17"><span class='ocrx_word' id='word_1_211' title='bbox 662 1953 1206 2030; x_wconf 84' lang='lat' dir='ltr'><strong><em>Supervacaneum</em></strong></span> <span class='ocrx_word' id='word_1_212' title='bbox 1239 1947 1438 2009; x_wconf 82' lang='lat' dir='ltr'><strong><em>infers</em></strong></span> <span class='ocrx_word' id='word_1_213' title='bbox 1470 1947 1803 2028; x_wconf 72' lang='lat' dir='ltr'><strong><em>adventum</em></strong></span> <span class='ocrx_word' id='word_1_214' title='bbox 1829 1947 2115 2024; x_wconf 83' lang='lat' dir='ltr'><strong><em>Spiritus</em></strong></span> <span class='ocrx_word' id='word_1_215' title='bbox 2149 1945 2354 2004; x_wconf 81' lang='lat' dir='ltr'><strong><em>sancti</em></strong></span> <span class='ocrx_word' id='word_1_216' title='bbox 2406 1943 2476 2003; x_wconf 90' lang='lat' dir='ltr'><strong><em>in</em></strong></span> <span class='ocrx_word' id='word_1_217' title='bbox 2526 1942 2627 2003; x_wconf 83' lang='lat' dir='ltr'><strong><em>die</em></strong></span> <span class='ocrx_word' id='word_1_218' title='bbox 2676 1944 3092 2003; x_wconf 86' lang='lat' dir='ltr'><strong><em>Pentecostes.</em></strong></span> <span class='ocrx_word' id='word_1_219' title='bbox 3151 1965 3179 1997; x_wconf 75' lang='grc' dir='ltr'><strong>α</strong></span> <span class='ocrx_word' id='word_1_220' title='bbox 3229 1940 3372 2000; x_wconf 63' lang='lat' dir='ltr'><strong><em>Haec</em></strong></span> <span class='ocrx_word' id='word_1_221' title='bbox 3422 1939 3646 2000; x_wconf 85' lang='lat' dir='ltr'><strong><em>dicens</em></strong></span> <span class='ocrx_word' id='word_1_222' title='bbox 3694 1956 3816 2000; x_wconf 91' lang='lat' dir='ltr'><strong><em>non</em></strong></span> 
     </span>
    </p>
   </div>
   <div class='ocr_carea' id='block_1_20' title="bbox 592 2035 3821 2120">
    <p class='ocr_par' dir='ltr' id='par_1_20' title="bbox 592 2035 3821 2120">
     <span class='ocr_line' id='line_1_20' title="bbox 592 2035 3821 2120; baseline -0.004 -15"><span class='ocrx_word' id='word_1_223' title='bbox 592 2048 793 2119; x_wconf 88' lang='lat' dir='ltr'><strong><em>novit,</em></strong></span> <span class='ocrx_word' id='word_1_224' title='bbox 820 2061 889 2105; x_wconf 86' lang='lat' dir='ltr'><strong><em>ea</em></strong></span> <span class='ocrx_word' id='word_1_225' title='bbox 921 2044 1337 2105; x_wconf 70' lang='lat' dir='ltr'><strong><em>contentiosaa</em></strong></span> <span class='ocrx_word' id='word_1_226' title='bbox 1358 2045 1590 2103; x_wconf 86' lang='lat' dir='ltr'><strong><em>mentis</em></strong></span> <span class='ocrx_word' id='word_1_227' title='bbox 1622 2060 1764 2103; x_wconf 87' lang='lat' dir='ltr'><strong><em>esse</em></strong></span> <span class='ocrx_word' id='word_1_228' title='bbox 1793 2051 2147 2104; x_wconf 86' lang='lat' dir='ltr'><strong><em>commenta</em></strong></span> <span class='ocrx_word' id='word_1_229' title='bbox 2180 2041 2394 2120; x_wconf 89' lang='lat' dir='ltr'><strong><em>(verba</em></strong></span> <span class='ocrx_word' id='word_1_230' title='bbox 2414 2043 2847 2103; x_wconf 87' lang='lat' dir='ltr'><strong><em>suntJoannis</em></strong></span> <span class='ocrx_word' id='word_1_231' title='bbox 2878 2040 3054 2100; x_wconf 89' lang='lat' dir='ltr'><strong><em>Becci</em></strong></span> <span class='ocrx_word' id='word_1_232' title='bbox 3090 2056 3269 2099; x_wconf 90' lang='lat' dir='ltr'><strong><em>num.</em></strong></span> <span class='ocrx_word' id='word_1_233' title='bbox 3291 2039 3415 2119; x_wconf 88' lang='lat'><strong><em>68).</em></strong></span> <span class='ocrx_word' id='word_1_234' title='bbox 3441 2037 3624 2099; x_wconf 88' lang='lat' dir='ltr'><strong><em>Unde</em></strong></span> <span class='ocrx_word' id='word_1_235' title='bbox 3649 2035 3821 2095; x_wconf 84' lang='lat' dir='ltr'><strong><em>enim</em></strong></span> 
     </span>
    </p>
   </div>
   <div class='ocr_carea' id='block_1_21' title="bbox 587 2132 3822 2217">
    <p class='ocr_par' dir='ltr' id='par_1_21' title="bbox 587 2132 3822 2217">
     <span class='ocr_line' id='line_1_21' title="bbox 587 2132 3822 2217; baseline -0.004 -13"><span class='ocrx_word' id='word_1_236' title='bbox 587 2139 798 2209; x_wconf 85' lang='lat' dir='ltr'><strong><em>habet,</em></strong></span> <span class='ocrx_word' id='word_1_237' title='bbox 828 2139 930 2201; x_wconf 82' lang='lat' dir='ltr'><strong><em>die</em></strong></span> <span class='ocrx_word' id='word_1_238' title='bbox 959 2141 1374 2212; x_wconf 85' lang='lat' dir='ltr'><strong><em>Pentecostes,</em></strong></span> <span class='ocrx_word' id='word_1_239' title='bbox 1403 2139 1686 2216; x_wconf 83' lang='lat' dir='ltr'><strong><em>Spiritus</em></strong></span> <span class='ocrx_word' id='word_1_240' title='bbox 1716 2137 2068 2206; x_wconf 84' lang='lat' dir='ltr'><strong><em>adventum,</em></strong></span> <span class='ocrx_word' id='word_1_241' title='bbox 2091 2138 2149 2197; x_wconf 87' lang='lat' dir='ltr'><strong><em>si</em></strong></span> <span class='ocrx_word' id='word_1_242' title='bbox 2177 2137 2450 2217; x_wconf 82' lang='lat' dir='ltr'><strong><em>ejusdem</em></strong></span> <span class='ocrx_word' id='word_1_243' title='bbox 2495 2139 2624 2216; x_wconf 83' lang='lat' dir='ltr'><strong><em>fuit</em></strong></span> <span class='ocrx_word' id='word_1_244' title='bbox 2647 2137 2958 2216; x_wconf 87' lang='lat' dir='ltr'><strong><em>Spiritus,</em></strong></span> <span class='ocrx_word' id='word_1_245' title='bbox 3005 2152 3548 2212; x_wconf 85' lang='lat' dir='ltr'><strong><em>supervacaneum</em></strong></span> <span class='ocrx_word' id='word_1_246' title='bbox 3572 2133 3772 2210; x_wconf 84' lang='lat' dir='ltr'><strong><em>fuisse</em></strong></span> <span class='ocrx_word' id='word_1_247' title='bbox 3793 2132 3822 2191; x_wconf 70' lang='grc' dir='ltr'><em>Υ</em></span> 
     </span>
    </p>
   </div>
   <div class='ocr_carea' id='block_1_22' title="bbox 587 2229 3828 2317">
    <p class='ocr_par' dir='ltr' id='par_1_22' title="bbox 587 2229 3828 2317">
     <span class='ocr_line' id='line_1_22' title="bbox 587 2229 3828 2317; baseline -0.004 -15"><span class='ocrx_word' id='word_1_248' title='bbox 587 2242 869 2317; x_wconf 82' lang='lat' dir='ltr'><strong><em>Namque</em></strong></span> <span class='ocrx_word' id='word_1_249' title='bbox 903 2236 959 2302; x_wconf 87' lang='lat' dir='ltr'><strong><em>si</em></strong></span> <span class='ocrx_word' id='word_1_250' title='bbox 990 2235 1090 2300; x_wconf 83' lang='lat' dir='ltr'><strong><em>die</em></strong></span> <span class='ocrx_word' id='word_1_251' title='bbox 1112 2235 1506 2299; x_wconf 82' lang='lat' dir='ltr'><strong><em>Pentecostes</em></strong></span> <span class='ocrx_word' id='word_1_252' title='bbox 1533 2236 1880 2294; x_wconf 80' lang='lat' dir='ltr'><strong><em>adventum</em></strong></span> <span class='ocrx_word' id='word_1_253' title='bbox 1914 2249 2463 2309; x_wconf 89' lang='lat' dir='ltr'><strong><em>supervacaneum</em></strong></span> <span class='ocrx_word' id='word_1_254' title='bbox 2509 2233 2824 2304; x_wconf 89' lang='lat' dir='ltr'><strong><em>decernit,</em></strong></span> <span class='ocrx_word' id='word_1_255' title='bbox 2855 2233 2912 2292; x_wconf 88' lang='lat' dir='ltr'><strong><em>si</em></strong></span> <span class='ocrx_word' id='word_1_256' title='bbox 2938 2229 3212 2312; x_wconf 84' lang='lat' dir='ltr'><strong><em>ejusdem</em></strong></span> <span class='ocrx_word' id='word_1_257' title='bbox 3241 2239 3328 2290; x_wconf 89' lang='lat' dir='ltr'><strong><em>est</em></strong></span> <span class='ocrx_word' id='word_1_258' title='bbox 3360 2231 3648 2309; x_wconf 80' lang='lat' dir='ltr'><strong><em>Spiritus</em></strong></span> <span class='ocrx_word' id='word_1_259' title='bbox 3679 2237 3828 2289; x_wconf 89' lang='lat' dir='ltr'><strong><em>ante</em></strong></span> 
     </span>
    </p>
   </div>
   <div class='ocr_carea' id='block_1_23' title="bbox 586 2327 3830 2414">
    <p class='ocr_par' dir='ltr' id='par_1_23' title="bbox 586 2327 3830 2414">
     <span class='ocr_line' id='line_1_23' title="bbox 586 2327 3830 2414; baseline -0.002 -20"><span class='ocrx_word' id='word_1_260' title='bbox 586 2335 993 2397; x_wconf 83' lang='lat' dir='ltr'><strong><em>Pentecosten</em></strong></span> <span class='ocrx_word' id='word_1_261' title='bbox 1023 2334 1362 2414; x_wconf 68' lang='lat' dir='ltr'><strong><em>insul/lati,</em></strong></span> <span class='ocrx_word' id='word_1_262' title='bbox 1422 2335 1637 2395; x_wconf 67' lang='lat' dir='ltr'><strong><em>multae</em></strong></span> <span class='ocrx_word' id='word_1_263' title='bbox 1661 2331 1949 2409; x_wconf 83' lang='lat' dir='ltr'><strong><em>ejusdem</em></strong></span> <span class='ocrx_word' id='word_1_264' title='bbox 1988 2328 2265 2407; x_wconf 84' lang='lat' dir='ltr'><strong><em>Spiritus</em></strong></span> <span class='ocrx_word' id='word_1_265' title='bbox 2302 2332 2746 2392; x_wconf 75' lang='lat' dir='ltr'><strong><em>redundantim</em></strong></span> <span class='ocrx_word' id='word_1_266' title='bbox 2769 2328 3254 2404; x_wconf 85' lang='lat' dir='ltr'><strong><em>comparebunt,</em></strong></span> <span class='ocrx_word' id='word_1_267' title='bbox 3283 2327 3459 2406; x_wconf 91' lang='lat' dir='ltr'><strong><em>quod</em></strong></span> <span class='ocrx_word' id='word_1_268' title='bbox 3521 2333 3830 2387; x_wconf 72' lang='lat' dir='ltr'><strong><em>extremm</em></strong></span> 
     </span>
    </p>
   </div>
   <div class='ocr_carea' id='block_1_24' title="bbox 587 2423 3827 2510">
    <p class='ocr_par' dir='ltr' id='par_1_24' title="bbox 587 2423 3827 2510">
     <span class='ocr_line' id='line_1_24' title="bbox 587 2423 3827 2510; baseline -0.003 -16"><span class='ocrx_word' id='word_1_269' title='bbox 587 2433 998 2494; x_wconf 85' lang='lat' dir='ltr'><strong><em>absurditatis</em></strong></span> <span class='ocrx_word' id='word_1_270' title='bbox 1026 2439 1147 2493; x_wconf 83' lang='lat' dir='ltr'><strong><em>est.</em></strong></span> <span class='ocrx_word' id='word_1_271' title='bbox 1177 2435 1263 2493; x_wconf 77' lang='lat' dir='ltr'><strong><em>Ex</em></strong></span> <span class='ocrx_word' id='word_1_272' title='bbox 1295 2450 1424 2510; x_wconf 91' lang='lat' dir='ltr'><strong><em>quo</em></strong></span> <span class='ocrx_word' id='word_1_273' title='bbox 1447 2432 1618 2491; x_wconf 90' lang='lat' dir='ltr'><strong><em>enim</em></strong></span> <span class='ocrx_word' id='word_1_274' title='bbox 1660 2430 1939 2508; x_wconf 88' lang='lat' dir='ltr'><strong><em>primum</em></strong></span> <span class='ocrx_word' id='word_1_275' title='bbox 1970 2437 2179 2489; x_wconf 89' lang='lat' dir='ltr'><strong><em>creato</em></strong></span> <span class='ocrx_word' id='word_1_276' title='bbox 2210 2428 2453 2489; x_wconf 88' lang='lat' dir='ltr'><strong><em>homini</em></strong></span> <span class='ocrx_word' id='word_1_277' title='bbox 2489 2430 2558 2490; x_wconf 88' lang='lat' dir='ltr'><strong><em>in</em></strong></span> <span class='ocrx_word' id='word_1_278' title='bbox 2591 2429 2862 2487; x_wconf 81' lang='lat' dir='ltr'><strong><em>animant</em></strong></span> <span class='ocrx_word' id='word_1_279' title='bbox 2902 2427 3208 2488; x_wconf 78' lang='lat' dir='ltr'><strong><em>viventem</em></strong></span> <span class='ocrx_word' id='word_1_280' title='bbox 3269 2423 3631 2484; x_wconf 81' lang='lat' dir='ltr'><strong><em>insuﬂlatus</em></strong></span> <span class='ocrx_word' id='word_1_281' title='bbox 3691 2431 3827 2497; x_wconf 88' lang='lat' dir='ltr'><strong><em>est;</em></strong></span> 
     </span>
    </p>
   </div>
   <div class='ocr_carea' id='block_1_25' title="bbox 587 2518 3831 2606">
    <p class='ocr_par' dir='ltr' id='par_1_25' title="bbox 587 2518 3831 2606">
     <span class='ocr_line' id='line_1_25' title="bbox 587 2518 3831 2606; baseline -0.003 -18"><span class='ocrx_word' id='word_1_282' title='bbox 587 2527 858 2590; x_wconf 80' lang='lat' dir='ltr'><strong><em>diversis</em></strong></span> <span class='ocrx_word' id='word_1_283' title='bbox 887 2527 1258 2590; x_wconf 85' lang='lat' dir='ltr'><strong><em>adventibus</em></strong></span> <span class='ocrx_word' id='word_1_284' title='bbox 1298 2529 1700 2606; x_wconf 79' lang='lat' dir='ltr'><strong><em>postmodum</em></strong></span> <span class='ocrx_word' id='word_1_285' title='bbox 1759 2527 1836 2587; x_wconf 87' lang='lat' dir='ltr'><strong><em>ad</em></strong></span> <span class='ocrx_word' id='word_1_286' title='bbox 1897 2525 2130 2604; x_wconf 83' lang='lat' dir='ltr'><strong><em>dignos</em></strong></span> <span class='ocrx_word' id='word_1_287' title='bbox 2197 2525 2564 2599; x_wconf 86' lang='lat' dir='ltr'><strong><em>descendit;</em></strong></span> <span class='ocrx_word' id='word_1_288' title='bbox 2607 2530 2680 2596; x_wconf 89' lang='lat' dir='ltr'><strong><em>et</em></strong></span> <span class='ocrx_word' id='word_1_289' title='bbox 2739 2521 3170 2583; x_wconf 91' lang='lat' dir='ltr'><strong><em>nihilominus</em></strong></span> <span class='ocrx_word' id='word_1_290' title='bbox 3230 2522 3377 2581; x_wconf 89' lang='lat' dir='ltr'><strong><em>licet</em></strong></span> <span class='ocrx_word' id='word_1_291' title='bbox 3405 2523 3479 2580; x_wconf 87' lang='lat' dir='ltr'><strong><em>ad</em></strong></span> <span class='ocrx_word' id='word_1_292' title='bbox 3517 2518 3736 2597; x_wconf 89' lang='lat' dir='ltr'><strong><em>plures</em></strong></span> <span class='ocrx_word' id='word_1_293' title='bbox 3769 2530 3831 2581; x_wconf 90' lang='lat' dir='ltr'><strong><em>et</em></strong></span> 
     </span>
    </p>
   </div>
   <div class='ocr_carea' id='block_1_26' title="bbox 588 2621 3827 2702">
    <p class='ocr_par' dir='ltr' id='par_1_26' title="bbox 588 2621 3827 2702">
     <span class='ocr_line' id='line_1_26' title="bbox 588 2621 3827 2702; baseline -0.003 -16"><span class='ocrx_word' id='word_1_294' title='bbox 588 2626 824 2702; x_wconf 65' lang='lat' dir='ltr'><strong><em>saepius</em></strong></span> <span class='ocrx_word' id='word_1_295' title='bbox 855 2625 1285 2699; x_wconf 88' lang='lat' dir='ltr'><strong><em>descenderit,</em></strong></span> <span class='ocrx_word' id='word_1_296' title='bbox 1347 2641 1680 2701; x_wconf 91' lang='lat' dir='ltr'><strong><em>nunquam</em></strong></span> <span class='ocrx_word' id='word_1_297' title='bbox 1744 2631 1953 2684; x_wconf 88' lang='lat' dir='ltr'><strong><em>tamen</em></strong></span> <span class='ocrx_word' id='word_1_298' title='bbox 2025 2623 2197 2684; x_wconf 91' lang='lat' dir='ltr'><strong><em>ullus</em></strong></span> <span class='ocrx_word' id='word_1_299' title='bbox 2229 2621 2408 2682; x_wconf 90' lang='lat' dir='ltr'><strong><em>illius</em></strong></span> <span class='ocrx_word' id='word_1_300' title='bbox 2457 2621 2775 2680; x_wconf 85' lang='lat' dir='ltr'><strong><em>adventus</em></strong></span> <span class='ocrx_word' id='word_1_301' title='bbox 2805 2635 3308 2697; x_wconf 76' lang='lat' dir='ltr'><strong><em>supervacanea:</em></strong></span> <span class='ocrx_word' id='word_1_302' title='bbox 3339 2624 3673 2693; x_wconf 84' lang='lat' dir='ltr'><strong><em>reputatus</em></strong></span> <span class='ocrx_word' id='word_1_303' title='bbox 3706 2625 3827 2678; x_wconf 89' lang='lat' dir='ltr'><strong><em>est.</em></strong></span> 
     </span>
    </p>
   </div>
   <div class='ocr_carea' id='block_1_27' title="bbox 589 2712 3830 2798">
    <p class='ocr_par' dir='ltr' id='par_1_27' title="bbox 589 2712 3830 2798">
     <span class='ocr_line' id='line_1_27' title="bbox 589 2712 3830 2798; baseline -0.003 -16"><span class='ocrx_word' id='word_1_304' title='bbox 589 2721 843 2797; x_wconf 75' lang='lat' dir='ltr'><strong><em>{XLIV}</em></strong></span> <span class='ocrx_word' id='word_1_305' title='bbox 874 2719 1112 2780; x_wconf 81' lang='lat' dir='ltr'><strong><em>Verum</em></strong></span> <span class='ocrx_word' id='word_1_306' title='bbox 1147 2721 1484 2798; x_wconf 83' lang='lat' dir='ltr'><strong><em>Bulgarus,</em></strong></span> <span class='ocrx_word' id='word_1_307' title='bbox 1525 2721 1578 2780; x_wconf 90' lang='lat' dir='ltr'><strong><em>si</em></strong></span> <span class='ocrx_word' id='word_1_308' title='bbox 1611 2720 1781 2795; x_wconf 87' lang='lat' dir='ltr'><strong><em>quod</em></strong></span> <span class='ocrx_word' id='word_1_309' title='bbox 1821 2728 1966 2778; x_wconf 88' lang='lat' dir='ltr'><strong><em>ante</em></strong></span> <span class='ocrx_word' id='word_1_310' title='bbox 1988 2717 2399 2778; x_wconf 81' lang='lat' dir='ltr'><strong><em>Pentecoste-rt</em></strong></span> <span class='ocrx_word' id='word_1_311' title='bbox 2428 2714 2797 2794; x_wconf 67' lang='lat' dir='ltr'><strong><em>insui/latus</em></strong></span> <span class='ocrx_word' id='word_1_312' title='bbox 2823 2723 2937 2787; x_wconf 88' lang='lat' dir='ltr'><strong><em>est,</em></strong></span> <span class='ocrx_word' id='word_1_313' title='bbox 2964 2715 3316 2776; x_wconf 86' lang='lat' dir='ltr'><strong><em>adventum</em></strong></span> <span class='ocrx_word' id='word_1_314' title='bbox 3352 2712 3538 2773; x_wconf 85' lang='lat' dir='ltr'><strong><em>illius</em></strong></span> <span class='ocrx_word' id='word_1_315' title='bbox 3564 2715 3631 2774; x_wconf 89' lang='lat' dir='ltr'><strong><em>in</em></strong></span> <span class='ocrx_word' id='word_1_316' title='bbox 3671 2713 3830 2772; x_wconf 89' lang='lat' dir='ltr'><strong><em>Pen-</em></strong></span> 
     </span>
    </p>
   </div>
   <div class='ocr_carea' id='block_1_28' title="bbox 591 2812 3831 2892">
    <p class='ocr_par' dir='ltr' id='par_1_28' title="bbox 591 2812 3831 2892">
     <span class='ocr_line' id='line_1_28' title="bbox 591 2812 3831 2892; baseline -0.002 -16"><span class='ocrx_word' id='word_1_317' title='bbox 591 2824 819 2876; x_wconf 85' lang='lat' dir='ltr'><strong><em>tecoste</em></strong></span> <span class='ocrx_word' id='word_1_318' title='bbox 844 2821 952 2876; x_wconf 86' lang='lat' dir='ltr'><strong><em>aut</em></strong></span> <span class='ocrx_word' id='word_1_319' title='bbox 1001 2833 1529 2892; x_wconf 84' lang='lat' dir='ltr'><strong><em>supervacaneum</em></strong></span> <span class='ocrx_word' id='word_1_320' title='bbox 1562 2815 1697 2874; x_wconf 89' lang='lat' dir='ltr'><strong><em>vult</em></strong></span> <span class='ocrx_word' id='word_1_321' title='bbox 1756 2815 1996 2885; x_wconf 86' lang='lat' dir='ltr'><strong><em>dicere,</em></strong></span> <span class='ocrx_word' id='word_1_322' title='bbox 2057 2822 2169 2873; x_wconf 86' lang='lat' dir='ltr'><strong><em>aut</em></strong></span> <span class='ocrx_word' id='word_1_323' title='bbox 2211 2813 2478 2871; x_wconf 83' lang='lat' dir='ltr'><strong><em>alterius</em></strong></span> <span class='ocrx_word' id='word_1_324' title='bbox 2505 2812 2792 2888; x_wconf 84' lang='lat' dir='ltr'><strong><em>Spiritus</em></strong></span> <span class='ocrx_word' id='word_1_325' title='bbox 2824 2812 3169 2871; x_wconf 87' lang='lat' dir='ltr'><strong><em>adventum</em></strong></span> <span class='ocrx_word' id='word_1_326' title='bbox 3203 2829 3217 2871; x_wconf 90' lang='lat'>:</span> <span class='ocrx_word' id='word_1_327' title='bbox 3263 2829 3388 2874; x_wconf 92' lang='lat' dir='ltr'><strong><em>non</em></strong></span> <span class='ocrx_word' id='word_1_328' title='bbox 3423 2814 3634 2872; x_wconf 89' lang='lat' dir='ltr'><strong><em>solum</em></strong></span> <span class='ocrx_word' id='word_1_329' title='bbox 3697 2819 3831 2871; x_wconf 91' lang='lat' dir='ltr'><strong><em>tum</em></strong></span> 
     </span>
    </p>
   </div>
   <div class='ocr_carea' id='block_1_29' title="bbox 593 2906 3838 2991">
    <p class='ocr_par' dir='ltr' id='par_1_29' title="bbox 593 2906 3838 2991">
     <span class='ocr_line' id='line_1_29' title="bbox 593 2906 3838 2991; baseline -0.002 -19"><span class='ocrx_word' id='word_1_330' title='bbox 593 2930 1064 2991; x_wconf 86' lang='lat' dir='ltr'><strong><em>supervacanee</em></strong></span> <span class='ocrx_word' id='word_1_331' title='bbox 1094 2911 1429 2974; x_wconf 80' lang='lat' dir='ltr'><strong><em>aﬂirmabit</em></strong></span> <span class='ocrx_word' id='word_1_332' title='bbox 1457 2909 1872 2971; x_wconf 81' lang='lat' dir='ltr'><strong><em>descendisse</em></strong></span> <span class='ocrx_word' id='word_1_333' title='bbox 1905 2911 2213 2986; x_wconf 87' lang='lat' dir='ltr'><strong><em>Spiritum</em></strong></span> <span class='ocrx_word' id='word_1_334' title='bbox 2245 2907 2613 2984; x_wconf 83' lang='lat' dir='ltr'><strong><em>discipulis,</em></strong></span> <span class='ocrx_word' id='word_1_335' title='bbox 2650 2906 2762 2966; x_wconf 91' lang='lat' dir='ltr'><strong><em>sed</em></strong></span> <span class='ocrx_word' id='word_1_336' title='bbox 2812 2914 2874 2968; x_wconf 90' lang='lat' dir='ltr'><strong><em>et</em></strong></span> <span class='ocrx_word' id='word_1_337' title='bbox 2906 2915 3052 2967; x_wconf 89' lang='lat' dir='ltr'><strong><em>ante</em></strong></span> <span class='ocrx_word' id='word_1_338' title='bbox 3087 2908 3152 2968; x_wconf 90' lang='lat' dir='ltr'><strong><em>in</em></strong></span> <span class='ocrx_word' id='word_1_339' title='bbox 3190 2909 3566 2969; x_wconf 90' lang='lat' dir='ltr'><strong><em>Pentecoste</em></strong></span> <span class='ocrx_word' id='word_1_340' title='bbox 3598 2907 3838 2967; x_wconf 86' lang='lat' dir='ltr'><strong><em>adven-</em></strong></span> 
     </span>
    </p>
   </div>
   <div class='ocr_carea' id='block_1_30' title="bbox 595 3005 3836 3085">
    <p class='ocr_par' dir='ltr' id='par_1_30' title="bbox 595 3005 3836 3085">
     <span class='ocr_line' id='line_1_30' title="bbox 595 3005 3836 3085; baseline -0 -16"><span class='ocrx_word' id='word_1_341' title='bbox 595 3017 768 3082; x_wconf 87' lang='lat' dir='ltr'><strong><em>tum;</em></strong></span> <span class='ocrx_word' id='word_1_342' title='bbox 803 3020 864 3070; x_wconf 88' lang='lat' dir='ltr'><strong><em>et</em></strong></span> <span class='ocrx_word' id='word_1_343' title='bbox 894 3026 1039 3070; x_wconf 88' lang='lat' dir='ltr'><strong><em>cum</em></strong></span> <span class='ocrx_word' id='word_1_344' title='bbox 1067 3009 1214 3071; x_wconf 86' lang='lat' dir='ltr'><strong><em>huic</em></strong></span> <span class='ocrx_word' id='word_1_345' title='bbox 1256 3008 1350 3069; x_wconf 88' lang='lat' dir='ltr'><strong><em>vel</em></strong></span> <span class='ocrx_word' id='word_1_346' title='bbox 1389 3008 1577 3068; x_wconf 88' lang='lat' dir='ltr'><strong><em>alteri</em></strong></span> <span class='ocrx_word' id='word_1_347' title='bbox 1601 3009 2074 3084; x_wconf 81' lang='lat' dir='ltr'><strong><em>prophetarum,</em></strong></span> <span class='ocrx_word' id='word_1_348' title='bbox 2115 3005 2242 3066; x_wconf 90' lang='lat' dir='ltr'><strong><em>alio</em></strong></span> <span class='ocrx_word' id='word_1_349' title='bbox 2266 3016 2448 3085; x_wconf 87' lang='lat' dir='ltr'><strong><em>atque</em></strong></span> <span class='ocrx_word' id='word_1_350' title='bbox 2495 3005 2622 3068; x_wconf 89' lang='lat' dir='ltr'><strong><em>alio</em></strong></span> <span class='ocrx_word' id='word_1_351' title='bbox 2649 3015 2948 3080; x_wconf 83' lang='lat' dir='ltr'><strong><em>tempore,</em></strong></span> <span class='ocrx_word' id='word_1_352' title='bbox 2985 3016 3045 3066; x_wconf 91' lang='lat' dir='ltr'><strong><em>et</em></strong></span> <span class='ocrx_word' id='word_1_353' title='bbox 3092 3006 3296 3067; x_wconf 85' lang='lat' dir='ltr'><strong><em>modis</em></strong></span> <span class='ocrx_word' id='word_1_354' title='bbox 3326 3007 3594 3068; x_wconf 85' lang='lat' dir='ltr'><strong><em>diversis</em></strong></span> <span class='ocrx_word' id='word_1_355' title='bbox 3643 3007 3836 3068; x_wconf 86' lang='lat' dir='ltr'><strong><em>adve-</em></strong></span> 
     </span>
    </p>
   </div>
   <div class='ocr_carea' id='block_1_31' title="bbox 595 3101 3832 3182">
    <p class='ocr_par' dir='ltr' id='par_1_31' title="bbox 595 3101 3832 3182">
     <span class='ocr_line' id='line_1_31' title="bbox 595 3101 3832 3182; baseline -0.002 -14"><span class='ocrx_word' id='word_1_356' title='bbox 595 3106 806 3177; x_wconf 86' lang='lat' dir='ltr'><strong><em>niens,</em></strong></span> <span class='ocrx_word' id='word_1_357' title='bbox 839 3107 1195 3165; x_wconf 85' lang='lat' dir='ltr'><strong><em>associatus</em></strong></span> <span class='ocrx_word' id='word_1_358' title='bbox 1254 3114 1374 3163; x_wconf 90' lang='lat' dir='ltr'><strong><em>est.</em></strong></span> <span class='ocrx_word' id='word_1_359' title='bbox 1415 3105 1567 3164; x_wconf 82' lang='lat' dir='ltr'><strong><em>Nam</em></strong></span> <span class='ocrx_word' id='word_1_360' title='bbox 1611 3102 1664 3162; x_wconf 91' lang='lat' dir='ltr'><strong><em>si</em></strong></span> <span class='ocrx_word' id='word_1_361' title='bbox 1698 3118 1870 3162; x_wconf 89' lang='lat' dir='ltr'><strong><em>nunc</em></strong></span> <span class='ocrx_word' id='word_1_362' title='bbox 1903 3101 1966 3162; x_wconf 89' lang='lat' dir='ltr'><strong><em>in</em></strong></span> <span class='ocrx_word' id='word_1_363' title='bbox 2023 3103 2228 3179; x_wconf 84' lang='lat' dir='ltr'><strong><em>forma</em></strong></span> <span class='ocrx_word' id='word_1_364' title='bbox 2260 3104 2605 3181; x_wconf 89' lang='lat' dir='ltr'><strong><em>ignitarum</em></strong></span> <span class='ocrx_word' id='word_1_365' title='bbox 2657 3104 3044 3182; x_wconf 86' lang='lat' dir='ltr'><strong><em>linguarum,</em></strong></span> <span class='ocrx_word' id='word_1_366' title='bbox 3103 3112 3240 3164; x_wconf 87' lang='lat' dir='ltr'><strong><em>tum</em></strong></span> <span class='ocrx_word' id='word_1_367' title='bbox 3277 3121 3430 3165; x_wconf 81' lang='lat' dir='ltr'><strong><em>vero</em></strong></span> <span class='ocrx_word' id='word_1_368' title='bbox 3467 3119 3594 3165; x_wconf 90' lang='lat' dir='ltr'><strong><em>non</em></strong></span> <span class='ocrx_word' id='word_1_369' title='bbox 3631 3103 3832 3165; x_wconf 89' lang='lat' dir='ltr'><strong><em>simili</em></strong></span> 
     </span>
    </p>
   </div>
   <div class='ocr_carea' id='block_1_32' title="bbox 597 3197 3832 3278">
    <p class='ocr_par' dir='ltr' id='par_1_32' title="bbox 597 3197 3832 3278">
     <span class='ocr_line' id='line_1_32' title="bbox 597 3197 3832 3278; baseline -0.001 -16"><span class='ocrx_word' id='word_1_370' title='bbox 597 3200 845 3263; x_wconf 89' lang='lat' dir='ltr'><strong><em>ratione</em></strong></span> <span class='ocrx_word' id='word_1_371' title='bbox 887 3200 1365 3278; x_wconf 85' lang='lat' dir='ltr'><strong><em>acceptantibus</em></strong></span> <span class='ocrx_word' id='word_1_372' title='bbox 1397 3199 1773 3260; x_wconf 87' lang='lat' dir='ltr'><strong><em>adveniebat</em></strong></span> <span class='ocrx_word' id='word_1_373' title='bbox 1812 3217 1826 3255; x_wconf 89' lang='lat'><strong>:</strong></span> <span class='ocrx_word' id='word_1_374' title='bbox 1877 3199 2302 3259; x_wconf 89' lang='lat' dir='ltr'><strong><em>nihilominus</em></strong></span> <span class='ocrx_word' id='word_1_375' title='bbox 2335 3199 2492 3260; x_wconf 87' lang='lat' dir='ltr'><strong><em>idem</em></strong></span> <span class='ocrx_word' id='word_1_376' title='bbox 2521 3197 2889 3260; x_wconf 87' lang='lat' dir='ltr'><strong><em>adveniebat</em></strong></span> <span class='ocrx_word' id='word_1_377' title='bbox 2915 3199 3223 3278; x_wconf 84' lang='lat' dir='ltr'><strong><em>Spiritus,</em></strong></span> <span class='ocrx_word' id='word_1_378' title='bbox 3261 3205 3324 3260; x_wconf 90' lang='lat' dir='ltr'><strong><em>et</em></strong></span> <span class='ocrx_word' id='word_1_379' title='bbox 3355 3200 3576 3259; x_wconf 88' lang='lat' dir='ltr'><strong><em>nullus</em></strong></span> <span class='ocrx_word' id='word_1_380' title='bbox 3619 3200 3832 3261; x_wconf 81' lang='lat' dir='ltr'><strong><em>vario-</em></strong></span> 
     </span>
    </p>
   </div>
   <div class='ocr_carea' id='block_1_33' title="bbox 599 3294 3834 3374">
    <p class='ocr_par' dir='ltr' id='par_1_33' title="bbox 599 3294 3834 3374">
     <span class='ocr_line' id='line_1_33' title="bbox 599 3294 3834 3374; baseline -0.001 -16"><span class='ocrx_word' id='word_1_381' title='bbox 599 3314 738 3360; x_wconf 85' lang='lat' dir='ltr'><strong><em>rum</em></strong></span> <span class='ocrx_word' id='word_1_382' title='bbox 772 3296 1051 3374; x_wconf 83' lang='lat' dir='ltr'><strong><em>Spiritus</em></strong></span> <span class='ocrx_word' id='word_1_383' title='bbox 1073 3296 1463 3357; x_wconf 87' lang='lat' dir='ltr'><strong><em>adventuum</em></strong></span> <span class='ocrx_word' id='word_1_384' title='bbox 1495 3312 1993 3372; x_wconf 87' lang='lat' dir='ltr'><strong><em>supervacaneus</em></strong></span> <span class='ocrx_word' id='word_1_385' title='bbox 2029 3295 2507 3372; x_wconf 87' lang='lat' dir='ltr'><strong><em>nuncupabitur</em></strong></span> <span class='ocrx_word' id='word_1_386' title='bbox 2538 3297 2616 3356; x_wconf 90' lang='lat' dir='ltr'><strong><em>ab</em></strong></span> <span class='ocrx_word' id='word_1_387' title='bbox 2651 3294 2782 3356; x_wconf 86' lang='lat' dir='ltr'><strong><em>illis</em></strong></span> <span class='ocrx_word' id='word_1_388' title='bbox 2827 3295 2940 3373; x_wconf 88' lang='lat' dir='ltr'><strong><em>qui</em></strong></span> <span class='ocrx_word' id='word_1_389' title='bbox 2978 3312 3090 3373; x_wconf 88' lang='lat' dir='ltr'><strong><em>per</em></strong></span> <span class='ocrx_word' id='word_1_390' title='bbox 3125 3301 3327 3356; x_wconf 88' lang='lat' dir='ltr'><strong><em>rectas</em></strong></span> <span class='ocrx_word' id='word_1_391' title='bbox 3360 3295 3834 3372; x_wconf 87' lang='lat' dir='ltr'><strong><em>Scripturarum</em></strong></span> 
     </span>
    </p>
   </div>
   <div class='ocr_carea' id='block_1_34' title="bbox 593 3391 1878 3473">
    <p class='ocr_par' dir='ltr' id='par_1_34' title="bbox 593 3391 1878 3473">
     <span class='ocr_line' id='line_1_34' title="bbox 593 3391 1878 3473; baseline -0.007 -18"><span class='ocrx_word' id='word_1_392' title='bbox 593 3393 856 3455; x_wconf 80' lang='lat' dir='ltr'><strong><em>semitas</em></strong></span> <span class='ocrx_word' id='word_1_393' title='bbox 889 3392 1151 3473; x_wconf 84' lang='lat' dir='ltr'><strong><em>prepria</em></strong></span> <span class='ocrx_word' id='word_1_394' title='bbox 1184 3392 1454 3469; x_wconf 71' lang='lat' dir='ltr'><strong><em>vestigia</em></strong></span> <span class='ocrx_word' id='word_1_395' title='bbox 1491 3391 1802 3468; x_wconf 63' lang='lat' dir='ltr'><strong><em>dirigunt.</em></strong></span> <span class='ocrx_word' id='word_1_396' title='bbox 1848 3414 1878 3446; x_wconf 70' lang='grc' dir='ltr'>ι</span> 
     </span>
    </p>
   </div>
   <div class='ocr_carea' id='block_1_35' title="bbox 676 3488 3838 3571">
    <p class='ocr_par' dir='ltr' id='par_1_35' title="bbox 676 3488 3838 3571">
     <span class='ocr_line' id='line_1_35' title="bbox 676 3488 3838 3571; baseline 0.001 -21"><span class='ocrx_word' id='word_1_397' title='bbox 676 3489 1024 3565; x_wconf 83' lang='lat' dir='ltr'><strong><em>Quomodo,</em></strong></span> <span class='ocrx_word' id='word_1_398' title='bbox 1077 3489 1330 3566; x_wconf 89' lang='lat' dir='ltr'><strong><em>reponit</em></strong></span> <span class='ocrx_word' id='word_1_399' title='bbox 1375 3488 1509 3560; x_wconf 91' lang='lat' dir='ltr'><strong><em>ille,</em></strong></span> <span class='ocrx_word' id='word_1_400' title='bbox 1536 3507 1598 3547; x_wconf 90' lang='lat' dir='ltr'><strong><em>se</em></strong></span> <span class='ocrx_word' id='word_1_401' title='bbox 1637 3488 1798 3548; x_wconf 85' lang='lat' dir='ltr'><strong><em>illud</em></strong></span> <span class='ocrx_word' id='word_1_402' title='bbox 1823 3488 2005 3550; x_wconf 79' lang='lat' dir='ltr'><strong><em>habet</em></strong></span> <span class='ocrx_word' id='word_1_403' title='bbox 2041 3509 2063 3549; x_wconf 90' lang='lat'><strong><em>:</em></strong></span> <span class='ocrx_word' id='word_1_404' title='bbox 2105 3490 2177 3554; x_wconf 89' lang='lat' dir='ltr'><strong><em>Si</em></strong></span> <span class='ocrx_word' id='word_1_405' title='bbox 2231 3508 2338 3568; x_wconf 85' lang='lat' dir='ltr'><strong><em>ego</em></strong></span> <span class='ocrx_word' id='word_1_406' title='bbox 2383 3509 2511 3551; x_wconf 87' lang='lat' dir='ltr'><strong><em>non</em></strong></span> <span class='ocrx_word' id='word_1_407' title='bbox 2552 3491 2813 3552; x_wconf 81' lang='lat' dir='ltr'><strong><em>abiero?</em></strong></span> <span class='ocrx_word' id='word_1_408' title='bbox 2847 3497 2967 3551; x_wconf 88' lang='lat' dir='ltr'><strong><em>etc.</em></strong></span> <span class='ocrx_word' id='word_1_409' title='bbox 3012 3511 3043 3546; x_wconf 74' lang='grc' dir='ltr'><strong><em>α</em></strong></span> <span class='ocrx_word' id='word_1_410' title='bbox 3098 3490 3249 3551; x_wconf 63' lang='lat' dir='ltr'><strong><em>Haec</em></strong></span> <span class='ocrx_word' id='word_1_411' title='bbox 3302 3490 3597 3552; x_wconf 86' lang='lat' dir='ltr'><strong><em>enuntiat</em></strong></span> <span class='ocrx_word' id='word_1_412' title='bbox 3630 3491 3838 3571; x_wconf 86' lang='lat' dir='ltr'><strong><em>(Becci</em></strong></span> 
     </span>
    </p>
   </div>
   <div class='ocr_carea' id='block_1_36' title="bbox 595 3585 3836 3665">
    <p class='ocr_par' dir='ltr' id='par_1_36' title="bbox 595 3585 3836 3665">
     <span class='ocr_line' id='line_1_36' title="bbox 595 3585 3836 3665; baseline -0 -17"><span class='ocrx_word' id='word_1_413' title='bbox 595 3586 936 3663; x_wconf 84' lang='lat' dir='ltr'><strong><em>respcnsio</em></strong></span> <span class='ocrx_word' id='word_1_414' title='bbox 969 3585 1114 3663; x_wconf 90' lang='lat' dir='ltr'><strong><em>est),</em></strong></span> <span class='ocrx_word' id='word_1_415' title='bbox 1149 3587 1455 3662; x_wconf 71' lang='lat' dir='ltr'><strong><em>ignorans</em></strong></span> <span class='ocrx_word' id='word_1_416' title='bbox 1478 3587 1545 3645; x_wconf 87' lang='lat' dir='ltr'><strong><em>in</em></strong></span> <span class='ocrx_word' id='word_1_417' title='bbox 1565 3604 1872 3662; x_wconf 89' lang='lat' dir='ltr'><strong><em>corporea</em></strong></span> <span class='ocrx_word' id='word_1_418' title='bbox 1899 3587 2100 3663; x_wconf 85' lang='lat' dir='ltr'><strong><em>specie</em></strong></span> <span class='ocrx_word' id='word_1_419' title='bbox 2136 3586 2486 3663; x_wconf 86' lang='lat' dir='ltr'><strong><em>ignitarum</em></strong></span> <span class='ocrx_word' id='word_1_420' title='bbox 2541 3585 2902 3664; x_wconf 83' lang='lat' dir='ltr'><strong><em>linguarum</em></strong></span> <span class='ocrx_word' id='word_1_421' title='bbox 2953 3585 3235 3663; x_wconf 89' lang='lat' dir='ltr'><strong><em>Spiritus</em></strong></span> <span class='ocrx_word' id='word_1_422' title='bbox 3280 3586 3627 3648; x_wconf 88' lang='lat' dir='ltr'><strong><em>adventum</em></strong></span> <span class='ocrx_word' id='word_1_423' title='bbox 3683 3605 3836 3665; x_wconf 85' lang='lat' dir='ltr'><strong><em>pro-</em></strong></span> 
     </span>
    </p>
   </div>
   <div class='ocr_carea' id='block_1_37' title="bbox 596 3679 3838 3761">
    <p class='ocr_par' dir='ltr' id='par_1_37' title="bbox 596 3679 3838 3761">
     <span class='ocr_line' id='line_1_37' title="bbox 596 3679 3838 3761; baseline 0.001 -19"><span class='ocrx_word' id='word_1_424' title='bbox 596 3681 867 3744; x_wconf 87' lang='lat' dir='ltr'><strong><em>missum</em></strong></span> <span class='ocrx_word' id='word_1_425' title='bbox 959 3679 1164 3744; x_wconf 84' lang='lat' dir='ltr'><strong><em>fuisse</em></strong></span> <span class='ocrx_word' id='word_1_426' title='bbox 1247 3681 1585 3759; x_wconf 83' lang='lat' dir='ltr'><strong><em>discipulis</em></strong></span> <span class='ocrx_word' id='word_1_427' title='bbox 1676 3698 1710 3740; x_wconf 92' lang='lat' dir='ltr'><strong><em>a</em></strong></span> <span class='ocrx_word' id='word_1_428' title='bbox 1797 3685 2153 3742; x_wconf 87' lang='lat' dir='ltr'><strong><em>Servatore.</em></strong></span> <span class='ocrx_word' id='word_1_429' title='bbox 2221 3682 2402 3757; x_wconf 85' lang='lat' dir='ltr'><strong><em>Opus</em></strong></span> <span class='ocrx_word' id='word_1_430' title='bbox 2493 3683 2666 3742; x_wconf 89' lang='lat' dir='ltr'><strong><em>enim</em></strong></span> <span class='ocrx_word' id='word_1_431' title='bbox 2755 3690 2912 3754; x_wconf 91' lang='lat' dir='ltr'><strong><em>erat,</em></strong></span> <span class='ocrx_word' id='word_1_432' title='bbox 2975 3700 3123 3744; x_wconf 89' lang='lat' dir='ltr'><strong><em>cum</em></strong></span> <span class='ocrx_word' id='word_1_433' title='bbox 3202 3683 3502 3744; x_wconf 84' lang='lat' dir='ltr'><strong><em>Servator</em></strong></span> <span class='ocrx_word' id='word_1_434' title='bbox 3568 3700 3838 3761; x_wconf 90' lang='lat' dir='ltr'><strong><em>corpore</em></strong></span> 
     </span>
    </p>
   </div>
   <div class='ocr_carea' id='block_1_38' title="bbox 599 3777 3838 3859">
    <p class='ocr_par' dir='ltr' id='par_1_38' title="bbox 599 3777 3838 3859">
     <span class='ocr_line' id='line_1_38' title="bbox 599 3777 3838 3859; baseline 0 -19"><span class='ocrx_word' id='word_1_435' title='bbox 599 3779 938 3840; x_wconf 84' lang='lat' dir='ltr'><strong><em>nobiscum</em></strong></span> <span class='ocrx_word' id='word_1_436' title='bbox 968 3786 1255 3839; x_wconf 89' lang='lat' dir='ltr'><strong><em>versatus</em></strong></span> <span class='ocrx_word' id='word_1_437' title='bbox 1302 3777 1559 3852; x_wconf 81' lang='lat' dir='ltr'><strong><em>fuisset,</em></strong></span> <span class='ocrx_word' id='word_1_438' title='bbox 1603 3779 1912 3854; x_wconf 85' lang='lat' dir='ltr'><strong><em>Spiritum</em></strong></span> <span class='ocrx_word' id='word_1_439' title='bbox 1958 3781 2150 3840; x_wconf 87' lang='lat' dir='ltr'><strong><em>etiam</em></strong></span> <span class='ocrx_word' id='word_1_440' title='bbox 2189 3796 2458 3858; x_wconf 90' lang='lat' dir='ltr'><strong><em>corpore</em></strong></span> <span class='ocrx_word' id='word_1_441' title='bbox 2509 3795 2908 3857; x_wconf 84' lang='lat' dir='ltr'><strong><em>comparere,</em></strong></span> <span class='ocrx_word' id='word_1_442' title='bbox 2935 3787 3006 3840; x_wconf 91' lang='lat' dir='ltr'><strong><em>ut</em></strong></span> <span class='ocrx_word' id='word_1_443' title='bbox 3033 3779 3253 3842; x_wconf 89' lang='lat' dir='ltr'><strong><em>verbis</em></strong></span> <span class='ocrx_word' id='word_1_444' title='bbox 3277 3779 3494 3859; x_wconf 79' lang='lat' dir='ltr'><strong><em>Magni</em></strong></span> <span class='ocrx_word' id='word_1_445' title='bbox 3538 3781 3838 3856; x_wconf 77' lang='lat' dir='ltr'><strong><em>Gregorii</em></strong></span> 
     </span>
    </p>
   </div>
   <div class='ocr_carea' id='block_1_39' title="bbox 599 3875 3839 3956">
    <p class='ocr_par' dir='ltr' id='par_1_39' title="bbox 599 3875 3839 3956">
     <span class='ocr_line' id='line_1_39' title="bbox 599 3875 3839 3956; baseline 0 -19"><span class='ocrx_word' id='word_1_446' title='bbox 599 3884 766 3939; x_wconf 88' lang='lat' dir='ltr'><strong><em>utar.</em></strong></span> <span class='ocrx_word' id='word_1_447' title='bbox 805 3900 835 3933; x_wconf 80' lang='grc'><strong>»</strong></span> <span class='ocrx_word' id='word_1_448' title='bbox 858 3877 1038 3939; x_wconf 78' lang='lat' dir='ltr'><strong><em>Adde</em></strong></span> <span class='ocrx_word' id='word_1_449' title='bbox 1066 3877 1597 3939; x_wconf 79' lang='lat' dir='ltr'><strong><em>abundantiorem</em></strong></span> <span class='ocrx_word' id='word_1_450' title='bbox 1629 3875 2082 3938; x_wconf 85' lang='lat' dir='ltr'><strong><em>charismatum</em></strong></span> <span class='ocrx_word' id='word_1_451' title='bbox 2130 3877 2560 3955; x_wconf 76' lang='lat' dir='ltr'><strong><em>largitionem,</em></strong></span> <span class='ocrx_word' id='word_1_452' title='bbox 2596 3891 2787 3954; x_wconf 87' lang='lat' dir='ltr'><strong><em>quam</em></strong></span> <span class='ocrx_word' id='word_1_453' title='bbox 2815 3876 2880 3937; x_wconf 90' lang='lat' dir='ltr'><strong><em>in</em></strong></span> <span class='ocrx_word' id='word_1_454' title='bbox 2919 3879 3293 3938; x_wconf 88' lang='lat' dir='ltr'><strong><em>Pentecoste</em></strong></span> <span class='ocrx_word' id='word_1_455' title='bbox 3312 3875 3527 3938; x_wconf 86' lang='lat' dir='ltr'><strong><em>attulit</em></strong></span> <span class='ocrx_word' id='word_1_456' title='bbox 3559 3876 3839 3956; x_wconf 88' lang='lat' dir='ltr'><strong><em>Spiritus</em></strong></span> 
     </span>
    </p>
   </div>
   <div class='ocr_carea' id='block_1_40' title="bbox 600 3973 978 4036">
    <p class='ocr_par' dir='ltr' id='par_1_40' title="bbox 600 3973 978 4036">
     <span class='ocr_line' id='line_1_40' title="bbox 600 3973 978 4036; baseline 0 -1"><span class='ocrx_word' id='word_1_457' title='bbox 600 3973 978 4036; x_wconf 85' lang='lat' dir='ltr'><strong><em>adveniens.</em></strong></span> 
     </span>
    </p>
   </div>
   <div class='ocr_carea' id='block_1_41' title="bbox 680 4068 3842 4147">
    <p class='ocr_par' dir='ltr' id='par_1_41' title="bbox 680 4068 3842 4147">
     <span class='ocr_line' id='line_1_41' title="bbox 680 4068 3842 4147; baseline 0.001 -18"><span class='ocrx_word' id='word_1_458' title='bbox 680 4069 963 4147; x_wconf 83' lang='lat' dir='ltr'><strong><em>Hujusce</em></strong></span> <span class='ocrx_word' id='word_1_459' title='bbox 1003 4069 1262 4131; x_wconf 90' lang='lat' dir='ltr'><strong><em>demum</em></strong></span> <span class='ocrx_word' id='word_1_460' title='bbox 1285 4071 1602 4132; x_wconf 81' lang='lat' dir='ltr'><strong><em>missionis</em></strong></span> <span class='ocrx_word' id='word_1_461' title='bbox 1634 4070 1796 4132; x_wconf 90' lang='lat' dir='ltr'><strong><em>hanc</em></strong></span> <span class='ocrx_word' id='word_1_462' title='bbox 1831 4070 2063 4132; x_wconf 88' lang='lat' dir='ltr'><strong><em>habeto</em></strong></span> <span class='ocrx_word' id='word_1_463' title='bbox 2109 4069 2445 4131; x_wconf 85' lang='lat' dir='ltr'><strong><em>clariorem</em></strong></span> <span class='ocrx_word' id='word_1_464' title='bbox 2478 4069 2978 4144; x_wconf 85' lang='lat' dir='ltr'><strong><em>expositionem.</em></strong></span> <span class='ocrx_word' id='word_1_465' title='bbox 3033 4069 3252 4128; x_wconf 82' lang='lat' dir='ltr'><strong><em>Rebus</em></strong></span> <span class='ocrx_word' id='word_1_466' title='bbox 3303 4068 3610 4129; x_wconf 90' lang='lat' dir='ltr'><strong><em>omnibus</em></strong></span> <span class='ocrx_word' id='word_1_467' title='bbox 3657 4070 3842 4131; x_wconf 86' lang='lat' dir='ltr'><strong><em>adest</em></strong></span> 
     </span>
    </p>
   </div>
   <div class='ocr_carea' id='block_1_42' title="bbox 601 4163 3842 4244">
    <p class='ocr_par' dir='ltr' id='par_1_42' title="bbox 601 4163 3842 4244">
     <span class='ocr_line' id='line_1_42' title="bbox 601 4163 3842 4244; baseline -0.001 -18"><span class='ocrx_word' id='word_1_468' title='bbox 601 4163 830 4226; x_wconf 87' lang='lat' dir='ltr'><strong><em>intime</em></strong></span> <span class='ocrx_word' id='word_1_469' title='bbox 857 4168 1026 4226; x_wconf 89' lang='lat' dir='ltr'><strong><em>Deus</em></strong></span> <span class='ocrx_word' id='word_1_470' title='bbox 1059 4184 1178 4244; x_wconf 91' lang='lat' dir='ltr'><strong><em>per</em></strong></span> <span class='ocrx_word' id='word_1_471' title='bbox 1231 4167 1582 4237; x_wconf 81' lang='lat' dir='ltr'><strong><em>essentiam,</em></strong></span> <span class='ocrx_word' id='word_1_472' title='bbox 1636 4174 1699 4226; x_wconf 89' lang='lat' dir='ltr'><strong><em>et</em></strong></span> <span class='ocrx_word' id='word_1_473' title='bbox 1764 4167 2179 4244; x_wconf 82' lang='lat' dir='ltr'><strong><em>praesentiam,</em></strong></span> <span class='ocrx_word' id='word_1_474' title='bbox 2227 4175 2290 4243; x_wconf 88' lang='lat' dir='ltr'><strong><em>et</em></strong></span> <span class='ocrx_word' id='word_1_475' title='bbox 2315 4166 2663 4244; x_wconf 86' lang='lat' dir='ltr'><strong><em>potentiam</em></strong></span> <span class='ocrx_word' id='word_1_476' title='bbox 2695 4165 2945 4242; x_wconf 58' lang='lat' dir='ltr'><strong><em>:‘idque</em></strong></span> <span class='ocrx_word' id='word_1_477' title='bbox 2979 4163 3170 4224; x_wconf 88' lang='lat' dir='ltr'><strong><em>habet</em></strong></span> <span class='ocrx_word' id='word_1_478' title='bbox 3199 4180 3232 4225; x_wconf 91' lang='lat' dir='ltr'><strong><em>a</em></strong></span> <span class='ocrx_word' id='word_1_479' title='bbox 3272 4165 3405 4224; x_wconf 90' lang='lat' dir='ltr'><strong><em>Deo</em></strong></span> <span class='ocrx_word' id='word_1_480' title='bbox 3432 4165 3611 4225; x_wconf 85' lang='lat' dir='ltr'><strong><em>Patre</em></strong></span> <span class='ocrx_word' id='word_1_481' title='bbox 3670 4167 3842 4226; x_wconf 88' lang='lat' dir='ltr'><strong><em>Deus</em></strong></span> 
     </span>
    </p>
   </div>
   <div class='ocr_carea' id='block_1_43' title="bbox 602 4260 3840 4339">
    <p class='ocr_par' dir='ltr' id='par_1_43' title="bbox 602 4260 3840 4339">
     <span class='ocr_line' id='line_1_43' title="bbox 602 4260 3840 4339; baseline 0 -18"><span class='ocrx_word' id='word_1_482' title='bbox 602 4260 836 4334; x_wconf 89' lang='lat' dir='ltr'><strong><em>Filius,</em></strong></span> <span class='ocrx_word' id='word_1_483' title='bbox 894 4270 953 4322; x_wconf 89' lang='lat' dir='ltr'><strong><em>et</em></strong></span> <span class='ocrx_word' id='word_1_484' title='bbox 1008 4261 1191 4322; x_wconf 89' lang='lat' dir='ltr'><strong><em>habet</em></strong></span> <span class='ocrx_word' id='word_1_485' title='bbox 1223 4280 1257 4323; x_wconf 87' lang='lat' dir='ltr'><strong><em>a</em></strong></span> <span class='ocrx_word' id='word_1_486' title='bbox 1303 4265 1480 4323; x_wconf 82' lang='lat' dir='ltr'><strong><em>Patre</em></strong></span> <span class='ocrx_word' id='word_1_487' title='bbox 1535 4271 1596 4324; x_wconf 89' lang='lat' dir='ltr'><strong><em>et</em></strong></span> <span class='ocrx_word' id='word_1_488' title='bbox 1650 4262 1819 4324; x_wconf 88' lang='lat' dir='ltr'><strong><em>Filio</em></strong></span> <span class='ocrx_word' id='word_1_489' title='bbox 1891 4266 2065 4324; x_wconf 90' lang='lat' dir='ltr'><strong><em>Deus</em></strong></span> <span class='ocrx_word' id='word_1_490' title='bbox 2102 4263 2379 4339; x_wconf 88' lang='lat' dir='ltr'><strong><em>Spiritus</em></strong></span> <span class='ocrx_word' id='word_1_491' title='bbox 2411 4269 2701 4322; x_wconf 84' lang='lat' dir='ltr'><strong><em>sanctus.</em></strong></span> <span class='ocrx_word' id='word_1_492' title='bbox 2740 4263 2855 4321; x_wconf 87' lang='lat' dir='ltr'><strong><em>Per</em></strong></span> <span class='ocrx_word' id='word_1_493' title='bbox 2887 4260 3350 4320; x_wconf 86' lang='lat' dir='ltr'><strong><em>charismatum</em></strong></span> <span class='ocrx_word' id='word_1_494' title='bbox 3387 4260 3840 4338; x_wconf 84' lang='lat' dir='ltr'><strong><em>elargitionem</em></strong></span> 
     </span>
    </p>
   </div>
   <div class='ocr_carea' id='block_1_44' title="bbox 604 4357 3841 4438">
    <p class='ocr_par' dir='ltr' id='par_1_44' title="bbox 604 4357 3841 4438">
     <span class='ocr_line' id='line_1_44' title="bbox 604 4357 3841 4438; baseline -0.001 -18"><span class='ocrx_word' id='word_1_495' title='bbox 604 4373 811 4420; x_wconf 89' lang='lat' dir='ltr'><strong><em>novus</em></strong></span> <span class='ocrx_word' id='word_1_496' title='bbox 842 4361 1131 4436; x_wconf 80' lang='lat' dir='ltr'><strong><em>exsurgit</em></strong></span> <span class='ocrx_word' id='word_1_497' title='bbox 1165 4361 1338 4421; x_wconf 84' lang='lat' dir='ltr'><strong><em>velut</em></strong></span> <span class='ocrx_word' id='word_1_498' title='bbox 1373 4363 1723 4437; x_wconf 58' lang='lat' dir='ltr'><strong><em>praesentia:</em></strong></span> <span class='ocrx_word' id='word_1_499' title='bbox 1756 4361 1984 4422; x_wconf 91' lang='lat' dir='ltr'><strong><em>modus</em></strong></span> <span class='ocrx_word' id='word_1_500' title='bbox 2019 4383 2034 4421; x_wconf 91' lang='lat'><strong>:</strong></span> <span class='ocrx_word' id='word_1_501' title='bbox 2068 4361 2179 4438; x_wconf 91' lang='lat' dir='ltr'><strong><em>qui</em></strong></span> <span class='ocrx_word' id='word_1_502' title='bbox 2212 4359 2412 4436; x_wconf 78' lang='lat' dir='ltr'><strong><em>magis</em></strong></span> <span class='ocrx_word' id='word_1_503' title='bbox 2441 4358 2785 4435; x_wconf 88' lang='lat' dir='ltr'><strong><em>minusque</em></strong></span> <span class='ocrx_word' id='word_1_504' title='bbox 2834 4357 3136 4434; x_wconf 86' lang='lat' dir='ltr'><strong><em>specialis</em></strong></span> <span class='ocrx_word' id='word_1_505' title='bbox 3178 4366 3273 4418; x_wconf 90' lang='lat' dir='ltr'><strong><em>est</em></strong></span> <span class='ocrx_word' id='word_1_506' title='bbox 3313 4373 3424 4434; x_wconf 89' lang='lat' dir='ltr'><strong><em>pro</em></strong></span> <span class='ocrx_word' id='word_1_507' title='bbox 3456 4359 3580 4418; x_wconf 85' lang='lat' dir='ltr'><strong><em>dati</em></strong></span> <span class='ocrx_word' id='word_1_508' title='bbox 3629 4357 3841 4418; x_wconf 82' lang='lat' dir='ltr'><strong><em>chari-</em></strong></span> 
     </span>
    </p>
   </div>
   <div class='ocr_carea' id='block_1_45' title="bbox 604 4454 3844 4533">
    <p class='ocr_par' dir='ltr' id='par_1_45' title="bbox 604 4454 3844 4533">
     <span class='ocr_line' id='line_1_45' title="bbox 604 4454 3844 4533; baseline -0.001 -17"><span class='ocrx_word' id='word_1_509' title='bbox 604 4455 825 4516; x_wconf 85' lang='lat' dir='ltr'><strong><em>smatis</em></strong></span> <span class='ocrx_word' id='word_1_510' title='bbox 854 4456 1225 4518; x_wconf 90' lang='lat' dir='ltr'><strong><em>conditione</em></strong></span> <span class='ocrx_word' id='word_1_511' title='bbox 1257 4468 1320 4517; x_wconf 90' lang='lat' dir='ltr'><strong><em>et</em></strong></span> <span class='ocrx_word' id='word_1_512' title='bbox 1349 4457 1727 4533; x_wconf 66' lang='lat' dir='ltr'><strong><em>praestantia.</em></strong></span> <span class='ocrx_word' id='word_1_513' title='bbox 1750 4457 1913 4517; x_wconf 83' lang='lat' dir='ltr'><strong><em>Hinc</em></strong></span> <span class='ocrx_word' id='word_1_514' title='bbox 1942 4457 2218 4532; x_wconf 87' lang='lat' dir='ltr'><strong><em>Spiritus</em></strong></span> <span class='ocrx_word' id='word_1_515' title='bbox 2260 4462 2543 4526; x_wconf 88' lang='lat' dir='ltr'><strong><em>sanctus,</em></strong></span> <span class='ocrx_word' id='word_1_516' title='bbox 2565 4472 2600 4516; x_wconf 89' lang='lat' dir='ltr'><strong><em>a</em></strong></span> <span class='ocrx_word' id='word_1_517' title='bbox 2639 4457 2816 4516; x_wconf 84' lang='lat' dir='ltr'><strong><em>Patre</em></strong></span> <span class='ocrx_word' id='word_1_518' title='bbox 2843 4462 2904 4514; x_wconf 87' lang='lat' dir='ltr'><strong><em>et</em></strong></span> <span class='ocrx_word' id='word_1_519' title='bbox 2927 4471 2960 4515; x_wconf 89' lang='lat' dir='ltr'><strong><em>a</em></strong></span> <span class='ocrx_word' id='word_1_520' title='bbox 2981 4454 3149 4515; x_wconf 88' lang='lat' dir='ltr'><strong><em>Filio</em></strong></span> <span class='ocrx_word' id='word_1_521' title='bbox 3176 4454 3439 4524; x_wconf 85' lang='lat' dir='ltr'><strong><em>missus,</em></strong></span> <span class='ocrx_word' id='word_1_522' title='bbox 3465 4471 3630 4515; x_wconf 91' lang='lat' dir='ltr'><strong><em>novo</em></strong></span> <span class='ocrx_word' id='word_1_523' title='bbox 3651 4457 3844 4516; x_wconf 76' lang='lat' dir='ltr'><strong><em>[nmio</em></strong></span> 
     </span>
    </p>
   </div>
   <div class='ocr_carea' id='block_1_46' title="bbox 606 4547 3849 4630">
    <p class='ocr_par' dir='ltr' id='par_1_46' title="bbox 606 4547 3849 4630">
     <span class='ocr_line' id='line_1_46' title="bbox 606 4547 3849 4630; baseline 0.001 -22"><span class='ocrx_word' id='word_1_524' title='bbox 606 4547 887 4610; x_wconf 82' lang='lat' dir='ltr'><strong><em>absolute</em></strong></span> <span class='ocrx_word' id='word_1_525' title='bbox 924 4563 979 4610; x_wconf 86' lang='lat' dir='ltr'><strong><em>et</em></strong></span> <span class='ocrx_word' id='word_1_526' title='bbox 1004 4549 1399 4629; x_wconf 81' lang='lat' dir='ltr'><strong><em>simpliciter,</em></strong></span> <span class='ocrx_word' id='word_1_527' title='bbox 1438 4560 1506 4611; x_wconf 91' lang='lat' dir='ltr'><strong><em>ut</em></strong></span> <span class='ocrx_word' id='word_1_528' title='bbox 1540 4552 1868 4629; x_wconf 83' lang='lat' dir='ltr'><strong><em>inquiunt,</em></strong></span> <span class='ocrx_word' id='word_1_529' title='bbox 1906 4553 2135 4611; x_wconf 87' lang='lat' dir='ltr'><strong><em>adesse</em></strong></span> <span class='ocrx_word' id='word_1_530' title='bbox 2170 4550 2431 4619; x_wconf 86' lang='lat' dir='ltr'><strong><em>dicitur,</em></strong></span> <span class='ocrx_word' id='word_1_531' title='bbox 2478 4562 2539 4609; x_wconf 90' lang='lat' dir='ltr'><strong><em>et</em></strong></span> <span class='ocrx_word' id='word_1_532' title='bbox 2573 4549 2931 4611; x_wconf 83' lang='lat' dir='ltr'><strong><em>inhabitare</em></strong></span> <span class='ocrx_word' id='word_1_533' title='bbox 2967 4551 3028 4610; x_wconf 91' lang='lat' dir='ltr'><strong><em>in</em></strong></span> <span class='ocrx_word' id='word_1_534' title='bbox 3083 4550 3164 4610; x_wconf 85' lang='lat' dir='ltr'><strong><em>iis</em></strong></span> <span class='ocrx_word' id='word_1_535' title='bbox 3219 4552 3330 4628; x_wconf 86' lang='lat' dir='ltr'><strong><em>qui</em></strong></span> <span class='ocrx_word' id='word_1_536' title='bbox 3367 4553 3586 4630; x_wconf 71' lang='lat' dir='ltr'><strong><em>gratiae</em></strong></span> <span class='ocrx_word' id='word_1_537' title='bbox 3618 4552 3849 4612; x_wconf 83' lang='lat' dir='ltr'><strong><em>sancti-</em></strong></span> 
     </span>
    </p>
   </div>
   <div class='ocr_carea' id='block_1_47' title="bbox 603 4644 3842 4725">
    <p class='ocr_par' dir='ltr' id='par_1_47' title="bbox 603 4644 3842 4725">
     <span class='ocr_line' id='line_1_47' title="bbox 603 4644 3842 4725; baseline 0.001 -20"><span class='ocrx_word' id='word_1_538' title='bbox 603 4644 852 4706; x_wconf 83' lang='lat' dir='ltr'><strong><em>ﬁcantis</em></strong></span> <span class='ocrx_word' id='word_1_539' title='bbox 882 4646 1194 4708; x_wconf 87' lang='lat' dir='ltr'><strong><em>charisma</em></strong></span> <span class='ocrx_word' id='word_1_540' title='bbox 1229 4647 1547 4724; x_wconf 88' lang='lat' dir='ltr'><strong><em>recipiunt</em></strong></span> <span class='ocrx_word' id='word_1_541' title='bbox 1578 4669 1592 4706; x_wconf 87' lang='lat'><strong>:</strong></span> <span class='ocrx_word' id='word_1_542' title='bbox 1632 4647 1747 4708; x_wconf 90' lang='lat' dir='ltr'><strong><em>sed</em></strong></span> <span class='ocrx_word' id='word_1_543' title='bbox 1786 4649 1976 4707; x_wconf 89' lang='lat' dir='ltr'><strong><em>etiam</em></strong></span> <span class='ocrx_word' id='word_1_544' title='bbox 2004 4661 2168 4707; x_wconf 89' lang='lat' dir='ltr'><strong><em>novo</em></strong></span> <span class='ocrx_word' id='word_1_545' title='bbox 2203 4646 2424 4725; x_wconf 89' lang='lat' dir='ltr'><strong><em>aliquo</em></strong></span> <span class='ocrx_word' id='word_1_546' title='bbox 2454 4645 2642 4705; x_wconf 86' lang='lat' dir='ltr'><strong><em>modo</em></strong></span> <span class='ocrx_word' id='word_1_547' title='bbox 2678 4664 2788 4723; x_wconf 88' lang='lat' dir='ltr'><strong><em>per</em></strong></span> <span class='ocrx_word' id='word_1_548' title='bbox 2840 4648 3026 4708; x_wconf 78' lang='lat' dir='ltr'><strong><em>tidem</em></strong></span> <span class='ocrx_word' id='word_1_549' title='bbox 3065 4648 3508 4721; x_wconf 61' lang='lat' dir='ltr'><strong><em>t‘reccatoribus</em></strong></span> <span class='ocrx_word' id='word_1_550' title='bbox 3544 4648 3842 4710; x_wconf 86' lang='lat' dir='ltr'><strong><em>lidelibus</em></strong></span> 
     </span>
    </p>
   </div>
   <div class='ocr_carea' id='block_1_48' title="bbox 608 4740 3843 4821">
    <p class='ocr_par' dir='ltr' id='par_1_48' title="bbox 608 4740 3843 4821">
     <span class='ocr_line' id='line_1_48' title="bbox 608 4740 3843 4821; baseline 0.001 -21"><span class='ocrx_word' id='word_1_551' title='bbox 608 4740 958 4814; x_wconf 81' lang='lat' dir='ltr'><strong><em>inexsiStit,</em></strong></span> <span class='ocrx_word' id='word_1_552' title='bbox 1016 4750 1077 4802; x_wconf 91' lang='lat' dir='ltr'><strong><em>et</em></strong></span> <span class='ocrx_word' id='word_1_553' title='bbox 1135 4742 1595 4820; x_wconf 80' lang='lat' dir='ltr'><strong><em>pmnitentibus</em></strong></span> <span class='ocrx_word' id='word_1_554' title='bbox 1649 4761 1760 4818; x_wconf 87' lang='lat' dir='ltr'><strong><em>per</em></strong></span> <span class='ocrx_word' id='word_1_555' title='bbox 1794 4742 2233 4815; x_wconf 80' lang='lat' dir='ltr'><strong><em>dilectionem,</em></strong></span> <span class='ocrx_word' id='word_1_556' title='bbox 2266 4742 2608 4802; x_wconf 85' lang='lat' dir='ltr'><strong><em>secundum</em></strong></span> <span class='ocrx_word' id='word_1_557' title='bbox 2664 4741 2817 4820; x_wconf 86' lang='lat' dir='ltr'><strong><em>quid</em></strong></span> <span class='ocrx_word' id='word_1_558' title='bbox 2849 4752 2908 4800; x_wconf 87' lang='lat' dir='ltr'><strong><em>et</em></strong></span> <span class='ocrx_word' id='word_1_559' title='bbox 2937 4741 3325 4821; x_wconf 78' lang='lat' dir='ltr'><strong><em>imperfecte.</em></strong></span> <span class='ocrx_word' id='word_1_560' title='bbox 3372 4744 3532 4817; x_wconf 76' lang='lat' dir='ltr'><strong><em>Qum</em></strong></span> <span class='ocrx_word' id='word_1_561' title='bbox 3579 4745 3843 4805; x_wconf 88' lang='lat' dir='ltr'><strong><em>demum</em></strong></span> 
     </span>
    </p>
   </div>
   <div class='ocr_carea' id='block_1_49' title="bbox 609 4836 3846 4918">
    <p class='ocr_par' dir='ltr' id='par_1_49' title="bbox 609 4836 3846 4918">
     <span class='ocr_line' id='line_1_49' title="bbox 609 4836 3846 4918; baseline 0 -21"><span class='ocrx_word' id='word_1_562' title='bbox 609 4836 824 4897; x_wconf 90' lang='lat' dir='ltr'><strong><em>omnia</em></strong></span> <span class='ocrx_word' id='word_1_563' title='bbox 856 4837 943 4898; x_wconf 89' lang='lat' dir='ltr'><strong><em>ila</em></strong></span> <span class='ocrx_word' id='word_1_564' title='bbox 991 4837 1309 4917; x_wconf 82' lang='lat' dir='ltr'><strong><em>intellige,</em></strong></span> <span class='ocrx_word' id='word_1_565' title='bbox 1337 4845 1406 4901; x_wconf 88' lang='lat' dir='ltr'><strong><em>ut</em></strong></span> <span class='ocrx_word' id='word_1_566' title='bbox 1459 4857 1602 4901; x_wconf 85' lang='lat' dir='ltr'><strong><em>eum</em></strong></span> <span class='ocrx_word' id='word_1_567' title='bbox 1634 4840 1772 4918; x_wconf 91' lang='lat' dir='ltr'><strong><em>ipso</em></strong></span> <span class='ocrx_word' id='word_1_568' title='bbox 1807 4839 2053 4917; x_wconf 89' lang='lat' dir='ltr'><strong><em>Spiritu</em></strong></span> <span class='ocrx_word' id='word_1_569' title='bbox 2105 4848 2348 4910; x_wconf 91' lang='lat' dir='ltr'><strong><em>sancto,</em></strong></span> <span class='ocrx_word' id='word_1_570' title='bbox 2399 4838 2509 4916; x_wconf 88' lang='lat' dir='ltr'><strong><em>qui</em></strong></span> <span class='ocrx_word' id='word_1_571' title='bbox 2567 4839 2866 4904; x_wconf 89' lang='lat' dir='ltr'><strong><em>mittitur.</em></strong></span> <span class='ocrx_word' id='word_1_572' title='bbox 2902 4853 3312 4899; x_wconf 84' lang='lat' dir='ltr'><strong><em>communem</em></strong></span> <span class='ocrx_word' id='word_1_573' title='bbox 3341 4839 3615 4900; x_wconf 85' lang='lat' dir='ltr'><strong><em>habeant</em></strong></span> <span class='ocrx_word' id='word_1_574' title='bbox 3661 4841 3846 4900; x_wconf 81' lang='lat' dir='ltr'><strong><em>Pater</em></strong></span> 
     </span>
    </p>
   </div>
   <div class='ocr_carea' id='block_1_50' title="bbox 607 4933 3840 5015">
    <p class='ocr_par' dir='ltr' id='par_1_50' title="bbox 607 4933 3840 5015">
     <span class='ocr_line' id='line_1_50' title="bbox 607 4933 3840 5015; baseline 0.001 -21"><span class='ocrx_word' id='word_1_575' title='bbox 607 4933 799 4994; x_wconf 85' lang='lat' dir='ltr'><strong><em>etiam</em></strong></span> <span class='ocrx_word' id='word_1_576' title='bbox 837 4941 900 4995; x_wconf 90' lang='lat' dir='ltr'><strong><em>et</em></strong></span> <span class='ocrx_word' id='word_1_577' title='bbox 947 4933 1152 4996; x_wconf 88' lang='lat' dir='ltr'><strong><em>Filius</em></strong></span> <span class='ocrx_word' id='word_1_578' title='bbox 1185 4952 1409 4996; x_wconf 86' lang='lat' dir='ltr'><strong><em>novam</em></strong></span> <span class='ocrx_word' id='word_1_579' title='bbox 1449 4938 1652 5015; x_wconf 88' lang='lat' dir='ltr'><strong><em>ipsam</em></strong></span> <span class='ocrx_word' id='word_1_580' title='bbox 1701 4939 2120 5014; x_wconf 65' lang='lat' dir='ltr'><strong><em>praesentiam,</em></strong></span> <span class='ocrx_word' id='word_1_581' title='bbox 2164 4945 2227 4998; x_wconf 89' lang='lat' dir='ltr'><strong><em>et</em></strong></span> <span class='ocrx_word' id='word_1_582' title='bbox 2261 4935 2792 4997; x_wconf 87' lang='lat' dir='ltr'><strong><em>inhabitatiouem</em></strong></span> <span class='ocrx_word' id='word_1_583' title='bbox 2824 4936 3073 4997; x_wconf 86' lang='lat' dir='ltr'><strong><em>ratione</em></strong></span> <span class='ocrx_word' id='word_1_584' title='bbox 3097 4937 3249 4996; x_wconf 90' lang='lat' dir='ltr'><strong><em>doni</em></strong></span> <span class='ocrx_word' id='word_1_585' title='bbox 3309 4938 3630 5007; x_wconf 87' lang='lat' dir='ltr'><strong><em>concessi,</em></strong></span> <span class='ocrx_word' id='word_1_586' title='bbox 3662 4937 3840 5014; x_wconf 89' lang='lat' dir='ltr'><strong><em>quod</em></strong></span> 
     </span>
    </p>
   </div>
   <div class='ocr_carea' id='block_1_51' title="bbox 610 5028 3844 5110">
    <p class='ocr_par' dir='ltr' id='par_1_51' title="bbox 610 5028 3844 5110">
     <span class='ocr_line' id='line_1_51' title="bbox 610 5028 3844 5110; baseline 0.001 -20"><span class='ocrx_word' id='word_1_587' title='bbox 610 5028 798 5090; x_wconf 90' lang='lat' dir='ltr'><strong><em>simul</em></strong></span> <span class='ocrx_word' id='word_1_588' title='bbox 845 5030 919 5091; x_wconf 88' lang='lat' dir='ltr'><strong><em>ad</em></strong></span> <span class='ocrx_word' id='word_1_589' title='bbox 945 5038 1122 5092; x_wconf 78' lang='lat' dir='ltr'><strong><em>extra</em></strong></span> <span class='ocrx_word' id='word_1_590' title='bbox 1162 5039 1288 5094; x_wconf 87' lang='lat' dir='ltr'><strong><em>tota</em></strong></span> <span class='ocrx_word' id='word_1_591' title='bbox 1338 5042 1641 5108; x_wconf 87' lang='lat' dir='ltr'><strong><em>operatur</em></strong></span> <span class='ocrx_word' id='word_1_592' title='bbox 1669 5035 2066 5095; x_wconf 89' lang='lat' dir='ltr'><strong><em>sanctissima</em></strong></span> <span class='ocrx_word' id='word_1_593' title='bbox 2090 5033 2368 5093; x_wconf 86' lang='lat' dir='ltr'><strong><em>Trinitas</em></strong></span> <span class='ocrx_word' id='word_1_594' title='bbox 2401 5053 2418 5093; x_wconf 88' lang='lat'><strong>:</strong></span> <span class='ocrx_word' id='word_1_595' title='bbox 2453 5050 2524 5093; x_wconf 91' lang='lat' dir='ltr'><strong><em>ac</em></strong></span> <span class='ocrx_word' id='word_1_596' title='bbox 2565 5039 2865 5110; x_wconf 77' lang='lat' dir='ltr'><strong><em>prmterea</em></strong></span> <span class='ocrx_word' id='word_1_597' title='bbox 2903 5032 2965 5092; x_wconf 90' lang='lat' dir='ltr'><strong><em>in</em></strong></span> <span class='ocrx_word' id='word_1_598' title='bbox 3007 5050 3079 5093; x_wconf 88' lang='lat' dir='ltr'><strong><em>ea</em></strong></span> <span class='ocrx_word' id='word_1_599' title='bbox 3113 5051 3223 5110; x_wconf 85' lang='lat' dir='ltr'><strong><em>per</em></strong></span> <span class='ocrx_word' id='word_1_600' title='bbox 3255 5034 3523 5110; x_wconf 75' lang='lat' dir='ltr'><strong><em>gratiam</em></strong></span> <span class='ocrx_word' id='word_1_601' title='bbox 3557 5034 3844 5094; x_wconf 80' lang='lat' dir='ltr'><strong><em>sanctiﬁ-</em></strong></span> 
     </span>
    </p>
   </div>
   <div class='ocr_carea' id='block_1_52' title="bbox 611 5126 3848 5207">
    <p class='ocr_par' dir='ltr' id='par_1_52' title="bbox 611 5126 3848 5207">
     <span class='ocr_line' id='line_1_52' title="bbox 611 5126 3848 5207; baseline 0.002 -23"><span class='ocrx_word' id='word_1_602' title='bbox 611 5131 856 5185; x_wconf 88' lang='lat' dir='ltr'><strong><em>cantem</em></strong></span> <span class='ocrx_word' id='word_1_603' title='bbox 907 5126 1110 5203; x_wconf 89' lang='lat' dir='ltr'><strong><em>justis</em></strong></span> <span class='ocrx_word' id='word_1_604' title='bbox 1167 5128 1236 5188; x_wconf 87' lang='lat' dir='ltr'><strong><em>in</em></strong></span> <span class='ocrx_word' id='word_1_605' title='bbox 1284 5127 1662 5189; x_wconf 81' lang='lat' dir='ltr'><strong><em>hominibus</em></strong></span> <span class='ocrx_word' id='word_1_606' title='bbox 1691 5129 2182 5200; x_wconf 83' lang='lat' dir='ltr'><strong><em>inhabitatione,</em></strong></span> <span class='ocrx_word' id='word_1_607' title='bbox 2225 5127 2558 5205; x_wconf 88' lang='lat' dir='ltr'><strong><em>quidpiam</em></strong></span> <span class='ocrx_word' id='word_1_608' title='bbox 2615 5129 2984 5188; x_wconf 88' lang='lat' dir='ltr'><strong><em>inveniatur</em></strong></span> <span class='ocrx_word' id='word_1_609' title='bbox 3035 5131 3209 5207; x_wconf 89' lang='lat' dir='ltr'><strong><em>quod</em></strong></span> <span class='ocrx_word' id='word_1_610' title='bbox 3281 5130 3485 5205; x_wconf 78' lang='lat' dir='ltr'><strong><em>ipsius</em></strong></span> <span class='ocrx_word' id='word_1_611' title='bbox 3553 5147 3848 5204; x_wconf 65' lang='lat' dir='ltr'><strong><em>persona:</em></strong></span> 
     </span>
    </p>
   </div>
   <div class='ocr_carea' id='block_1_53' title="bbox 613 5219 3846 5304">
    <p class='ocr_par' dir='ltr' id='par_1_53' title="bbox 613 5219 3846 5304">
     <span class='ocr_line' id='line_1_53' title="bbox 613 5219 3846 5304; baseline 0.002 -24"><span class='ocrx_word' id='word_1_612' title='bbox 613 5219 891 5296; x_wconf 89' lang='lat' dir='ltr'><strong><em>Spiritus</em></strong></span> <span class='ocrx_word' id='word_1_613' title='bbox 929 5221 1127 5282; x_wconf 85' lang='lat' dir='ltr'><strong><em>sancti</em></strong></span> <span class='ocrx_word' id='word_1_614' title='bbox 1162 5223 1493 5299; x_wconf 86' lang='lat' dir='ltr'><strong><em>proprium</em></strong></span> <span class='ocrx_word' id='word_1_615' title='bbox 1525 5224 1631 5294; x_wconf 90' lang='lat' dir='ltr'><strong><em>sit,</em></strong></span> <span class='ocrx_word' id='word_1_616' title='bbox 1660 5226 1856 5284; x_wconf 87' lang='lat' dir='ltr'><strong><em>veluti</em></strong></span> <span class='ocrx_word' id='word_1_617' title='bbox 1900 5224 2198 5301; x_wconf 72' lang='lat' dir='ltr'><strong><em>Specialis</em></strong></span> <span class='ocrx_word' id='word_1_618' title='bbox 2236 5225 2527 5302; x_wconf 67' lang='lat' dir='ltr'><strong><em>quasdam</em></strong></span> <span class='ocrx_word' id='word_1_619' title='bbox 2561 5223 2852 5302; x_wconf 79' lang='lat' dir='ltr'><strong><em>ejusdem</em></strong></span> <span class='ocrx_word' id='word_1_620' title='bbox 2910 5242 3202 5303; x_wconf 70' lang='lat' dir='ltr'><strong><em>personae</em></strong></span> <span class='ocrx_word' id='word_1_621' title='bbox 3231 5227 3307 5287; x_wconf 86' lang='lat' dir='ltr'><strong><em>ad</em></strong></span> <span class='ocrx_word' id='word_1_622' title='bbox 3345 5226 3622 5286; x_wconf 89' lang='lat' dir='ltr'><strong><em>animam</em></strong></span> <span class='ocrx_word' id='word_1_623' title='bbox 3681 5227 3846 5304; x_wconf 89' lang='lat' dir='ltr'><strong><em>justi</em></strong></span> 
     </span>
    </p>
   </div>
   <div class='ocr_carea' id='block_1_54' title="bbox 610 5316 3852 5401">
    <p class='ocr_par' dir='ltr' id='par_1_54' title="bbox 610 5316 3852 5401">
     <span class='ocr_line' id='line_1_54' title="bbox 610 5316 3852 5401; baseline 0.003 -25"><span class='ocrx_word' id='word_1_624' title='bbox 610 5316 978 5394; x_wconf 84' lang='lat' dir='ltr'><strong><em>applicatio.</em></strong></span> <span class='ocrx_word' id='word_1_625' title='bbox 1013 5319 1102 5379; x_wconf 86' lang='lat' dir='ltr'><strong><em>lta</em></strong></span> <span class='ocrx_word' id='word_1_626' title='bbox 1131 5316 1543 5399; x_wconf 82' lang='lat' dir='ltr'><strong><em>frequentius</em></strong></span> <span class='ocrx_word' id='word_1_627' title='bbox 1604 5322 1811 5381; x_wconf 85' lang='lat' dir='ltr'><strong><em>Latini</em></strong></span> <span class='ocrx_word' id='word_1_628' title='bbox 1863 5323 2204 5400; x_wconf 87' lang='lat' dir='ltr'><strong><em>scriptores</em></strong></span> <span class='ocrx_word' id='word_1_629' title='bbox 2260 5323 2513 5384; x_wconf 90' lang='lat' dir='ltr'><strong><em>docent.</em></strong></span> <span class='ocrx_word' id='word_1_630' title='bbox 2551 5322 2934 5401; x_wconf 83' lang='lat' dir='ltr'><strong><em>Aquinatem</em></strong></span> <span class='ocrx_word' id='word_1_631' title='bbox 2992 5325 3403 5401; x_wconf 86' lang='lat' dir='ltr'><strong><em>potissimum</em></strong></span> <span class='ocrx_word' id='word_1_632' title='bbox 3454 5325 3750 5399; x_wconf 85' lang='lat' dir='ltr'><strong><em>consule,</em></strong></span> <span class='ocrx_word' id='word_1_633' title='bbox 3786 5333 3852 5387; x_wconf 85' lang='lat' dir='ltr'><strong><em>et</em></strong></span> 
     </span>
    </p>
   </div>
   <div class='ocr_carea' id='block_1_55' title="bbox 615 5414 1860 5494">
    <p class='ocr_par' dir='ltr' id='par_1_55' title="bbox 615 5414 1860 5494">
     <span class='ocr_line' id='line_1_55' title="bbox 615 5414 1860 5494; baseline 0.003 -21"><span class='ocrx_word' id='word_1_634' title='bbox 615 5414 966 5485; x_wconf 82' lang='lat' dir='ltr'><strong><em>Patavium,</em></strong></span> <span class='ocrx_word' id='word_1_635' title='bbox 1001 5423 1064 5476; x_wconf 89' lang='lat' dir='ltr'><strong><em>et</em></strong></span> <span class='ocrx_word' id='word_1_636' title='bbox 1094 5417 1503 5477; x_wconf 86' lang='lat' dir='ltr'><strong><em>Franciscum</em></strong></span> <span class='ocrx_word' id='word_1_637' title='bbox 1542 5417 1860 5494; x_wconf 82' lang='lat' dir='ltr'><strong><em>Sylvium.</em></strong></span> 
     </span>
    </p>
   </div>
   <div class='ocr_carea' id='block_1_56' title="bbox 697 5508 3852 5594">
    <p class='ocr_par' dir='ltr' id='par_1_56' title="bbox 697 5508 3852 5594">
     <span class='ocr_line' id='line_1_56' title="bbox 697 5508 3852 5594; baseline 0.003 -25"><span class='ocrx_word' id='word_1_638' title='bbox 697 5508 844 5589; x_wconf 77' lang='lat' dir='ltr'><strong><em>(1L)</em></strong></span> <span class='ocrx_word' id='word_1_639' title='bbox 878 5512 1010 5570; x_wconf 81' lang='lat' dir='ltr'><strong><em>Alia</em></strong></span> <span class='ocrx_word' id='word_1_640' title='bbox 1062 5511 1339 5587; x_wconf 83' lang='lat' dir='ltr'><strong><em>profero,</em></strong></span> <span class='ocrx_word' id='word_1_641' title='bbox 1400 5531 1543 5590; x_wconf 64' lang='lat' dir='ltr'><strong><em>quae</em></strong></span> <span class='ocrx_word' id='word_1_642' title='bbox 1579 5514 1639 5574; x_wconf 94' lang='lat' dir='ltr'><strong><em>in</em></strong></span> <span class='ocrx_word' id='word_1_643' title='bbox 1666 5514 1940 5588; x_wconf 88' lang='lat' dir='ltr'><strong><em>epistola</em></strong></span> <span class='ocrx_word' id='word_1_644' title='bbox 1992 5515 2067 5576; x_wconf 86' lang='lat' dir='ltr'><strong><em>ad</em></strong></span> <span class='ocrx_word' id='word_1_645' title='bbox 2120 5513 2454 5575; x_wconf 83' lang='lat' dir='ltr'><strong><em>Nicolaum</em></strong></span> <span class='ocrx_word' id='word_1_646' title='bbox 2507 5515 2850 5576; x_wconf 86' lang='lat' dir='ltr'><strong><em>diaconum</em></strong></span> <span class='ocrx_word' id='word_1_647' title='bbox 2904 5516 3432 5594; x_wconf 79' lang='lat' dir='ltr'><strong><em>TheOphylaclus</em></strong></span> <span class='ocrx_word' id='word_1_648' title='bbox 3489 5516 3852 5578; x_wconf 83' lang='lat' dir='ltr'><strong><em>accumulat</em></strong></span> 
     </span>
    </p>
   </div>
   <div class='ocr_carea' id='block_1_57' title="bbox 615 5603 3852 5692">
    <p class='ocr_par' dir='ltr' id='par_1_57' title="bbox 615 5603 3852 5692">
     <span class='ocr_line' id='line_1_57' title="bbox 615 5603 3852 5692; baseline 0.002 -26"><span class='ocrx_word' id='word_1_649' title='bbox 615 5616 992 5684; x_wconf 79' lang='lat' dir='ltr'><strong><em>argumenta</em></strong></span> <span class='ocrx_word' id='word_1_650' title='bbox 1021 5626 1035 5663; x_wconf 89' lang='lat'><strong>:</strong></span> <span class='ocrx_word' id='word_1_651' title='bbox 1070 5609 1168 5680; x_wconf 87' lang='lat' dir='ltr'><strong><em>Id,</em></strong></span> <span class='ocrx_word' id='word_1_652' title='bbox 1188 5609 1353 5688; x_wconf 85' lang='lat' dir='ltr'><strong><em>quod</em></strong></span> <span class='ocrx_word' id='word_1_653' title='bbox 1381 5611 1462 5669; x_wconf 85' lang='lat' dir='ltr'><strong><em>ad</em></strong></span> <span class='ocrx_word' id='word_1_654' title='bbox 1492 5609 1919 5670; x_wconf 70' lang='lat' dir='ltr'><strong><em>exsistendum</em></strong></span> <span class='ocrx_word' id='word_1_655' title='bbox 1946 5629 2104 5689; x_wconf 82' lang='lat' dir='ltr'><strong><em>opus</em></strong></span> <span class='ocrx_word' id='word_1_656' title='bbox 2134 5611 2314 5672; x_wconf 75' lang='lat' dir='ltr'><strong><em>habet</em></strong></span> <span class='ocrx_word' id='word_1_657' title='bbox 2364 5610 2606 5671; x_wconf 86' lang='lat' dir='ltr'><strong><em>duobus</em></strong></span> <span class='ocrx_word' id='word_1_658' title='bbox 2638 5603 3003 5692; x_wconf 72' lang='lat' dir='ltr'><strong><em>principiis,</em></strong></span> <span class='ocrx_word' id='word_1_659' title='bbox 3068 5614 3164 5673; x_wconf 82' lang='lat' dir='ltr'><strong><em>vel</em></strong></span> <span class='ocrx_word' id='word_1_660' title='bbox 3195 5613 3396 5692; x_wconf 75' lang='lat' dir='ltr'><strong><em>majus</em></strong></span> <span class='ocrx_word' id='word_1_661' title='bbox 3433 5621 3524 5672; x_wconf 85' lang='lat' dir='ltr'><strong><em>est</em></strong></span> <span class='ocrx_word' id='word_1_662' title='bbox 3558 5631 3625 5671; x_wconf 80' lang='lat' dir='ltr'><strong><em>co</em></strong></span> <span class='ocrx_word' id='word_1_663' title='bbox 3685 5612 3852 5690; x_wconf 77' lang='lat' dir='ltr'><strong><em>quod</em></strong></span> 
     </span>
    </p>
   </div>
   <div class='ocr_carea' id='block_1_58' title="bbox 614 5701 3848 5789">
    <p class='ocr_par' dir='ltr' id='par_1_58' title="bbox 614 5701 3848 5789">
     <span class='ocr_line' id='line_1_58' title="bbox 614 5701 3848 5789; baseline 0.002 -27"><span class='ocrx_word' id='word_1_664' title='bbox 614 5701 689 5763; x_wconf 91' lang='lat' dir='ltr'><strong><em>ab</em></strong></span> <span class='ocrx_word' id='word_1_665' title='bbox 727 5721 849 5763; x_wconf 88' lang='lat' dir='ltr'><strong><em>uno</em></strong></span> <span class='ocrx_word' id='word_1_666' title='bbox 870 5706 1190 5784; x_wconf 84' lang='lat' dir='ltr'><strong><em>principio</em></strong></span> <span class='ocrx_word' id='word_1_667' title='bbox 1222 5719 1331 5779; x_wconf 85' lang='lat' dir='ltr'><strong><em>est,</em></strong></span> <span class='ocrx_word' id='word_1_668' title='bbox 1395 5708 1490 5768; x_wconf 88' lang='lat' dir='ltr'><strong><em>vel</em></strong></span> <span class='ocrx_word' id='word_1_669' title='bbox 1524 5707 1775 5786; x_wconf 72' lang='lat' dir='ltr'><strong><em>aequale,</em></strong></span> <span class='ocrx_word' id='word_1_670' title='bbox 1798 5709 1890 5769; x_wconf 87' lang='lat' dir='ltr'><strong><em>vel</em></strong></span> <span class='ocrx_word' id='word_1_671' title='bbox 1914 5709 2140 5771; x_wconf 86' lang='lat' dir='ltr'><strong><em>minus.</em></strong></span> <span class='ocrx_word' id='word_1_672' title='bbox 2167 5706 2287 5768; x_wconf 85' lang='lat' dir='ltr'><strong><em>Sed</em></strong></span> <span class='ocrx_word' id='word_1_673' title='bbox 2330 5707 2559 5785; x_wconf 75' lang='lat' dir='ltr'><strong><em>(cquulc</em></strong></span> <span class='ocrx_word' id='word_1_674' title='bbox 2593 5725 2719 5765; x_wconf 86' lang='lat' dir='ltr'><strong><em>esse</em></strong></span> <span class='ocrx_word' id='word_1_675' title='bbox 2751 5727 2874 5767; x_wconf 88' lang='lat' dir='ltr'><strong><em>non</em></strong></span> <span class='ocrx_word' id='word_1_676' title='bbox 2905 5709 3158 5788; x_wconf 72' lang='lat' dir='ltr'><strong><em>potest:</em></strong></span> <span class='ocrx_word' id='word_1_677' title='bbox 3189 5711 3356 5789; x_wconf 80' lang='lat' dir='ltr'><strong><em>[oret</em></strong></span> <span class='ocrx_word' id='word_1_678' title='bbox 3404 5708 3565 5768; x_wconf 81' lang='lat' dir='ltr'><strong><em>enim</em></strong></span> <span class='ocrx_word' id='word_1_679' title='bbox 3615 5708 3692 5768; x_wconf 86' lang='lat' dir='ltr'><strong><em>ab</em></strong></span> <span class='ocrx_word' id='word_1_680' title='bbox 3725 5725 3848 5768; x_wconf 81' lang='lat' dir='ltr'><strong><em>uno</em></strong></span> 
     </span>
    </p>
   </div>
  </div>
