  <div class='ocr_page' id='page_1' title='image "/cluster/home/n/w/nwhite01/storage/ocr_20150623/123/pst.000005714384/052.png"; bbox 0 0 4098 6330; ppageno 0'>
   <div class='ocr_carea' id='block_1_1' title="bbox 124 326 3415 424">
    <p class='ocr_par' dir='ltr' id='par_1_1' title="bbox 124 326 3415 424">
     <span class='ocr_line' id='line_1_1' title="bbox 124 326 3415 424; baseline -0.001 -3"><span class='ocrx_word' id='word_1_1' title='bbox 124 352 198 421; x_wconf 78' lang='lat'><strong>93</strong></span> <span class='ocrx_word' id='word_1_2' title='bbox 981 361 1082 423; x_wconf 69' lang='lat' dir='ltr'><strong><em>ne</em></strong></span> <span class='ocrx_word' id='word_1_3' title='bbox 1117 326 1708 423; x_wconf 64' lang='lat' dir='ltr'><strong><em>Tuscenium</em></strong></span> <span class='ocrx_word' id='word_1_4' title='bbox 1742 356 2023 424; x_wconf 68' lang='lat' dir='ltr'><strong><em>elisus</em></strong></span> <span class='ocrx_word' id='word_1_5' title='bbox 2054 357 2153 420; x_wconf 69' lang='lat' dir='ltr'><strong><em>nr</em></strong></span> <span class='ocrx_word' id='word_1_6' title='bbox 2187 358 2570 421; x_wconf 82' lang='lat' dir='ltr'><strong><em>SCRIPTIS.</em></strong></span> <span class='ocrx_word' id='word_1_7' title='bbox 2976 377 2980 380; x_wconf 52' lang='grc' dir='ltr'>ί</span> <span class='ocrx_word' id='word_1_8' title='bbox 3343 352 3415 419; x_wconf 78' lang='lat' dir='ltr'><strong><em>9t</em></strong></span> 
     </span>
    </p>
   </div>
   <div class='ocr_carea' id='block_1_2' title="bbox 119 470 3415 557">
    <p class='ocr_par' dir='ltr' id='par_1_2' title="bbox 119 470 3415 557">
     <span class='ocr_line' id='line_1_2' title="bbox 119 470 3415 557; baseline -0.002 -20"><span class='ocrx_word' id='word_1_9' title='bbox 119 476 474 557; x_wconf 76' lang='lat' dir='ltr'><strong><em>principio,</em></strong></span> <span class='ocrx_word' id='word_1_10' title='bbox 510 484 570 537; x_wconf 93' lang='lat' dir='ltr'><strong><em>et</em></strong></span> <span class='ocrx_word' id='word_1_11' title='bbox 597 493 723 538; x_wconf 87' lang='lat' dir='ltr'><strong><em>non</em></strong></span> <span class='ocrx_word' id='word_1_12' title='bbox 753 474 968 538; x_wconf 97' lang='lat' dir='ltr'><strong><em>aliter.</em></strong></span> <span class='ocrx_word' id='word_1_13' title='bbox 1006 476 1425 555; x_wconf 72' lang='lat' dir='ltr'><strong><em>Relinquitur</em></strong></span> <span class='ocrx_word' id='word_1_14' title='bbox 1464 490 1615 549; x_wconf 87' lang='lat' dir='ltr'><strong><em>ergo</em></strong></span> <span class='ocrx_word' id='word_1_15' title='bbox 1647 484 1777 533; x_wconf 84' lang='lat' dir='ltr'><strong><em>esse</em></strong></span> <span class='ocrx_word' id='word_1_16' title='bbox 1797 474 2029 554; x_wconf 81' lang='lat' dir='ltr'><strong><em>majus,</em></strong></span> <span class='ocrx_word' id='word_1_17' title='bbox 2062 470 2163 534; x_wconf 85' lang='lat' dir='ltr'><strong><em>vel</em></strong></span> <span class='ocrx_word' id='word_1_18' title='bbox 2192 474 2484 535; x_wconf 86' lang='lat' dir='ltr'><strong><em>minus...</em></strong></span> <span class='ocrx_word' id='word_1_19' title='bbox 2546 472 2766 551; x_wconf 85' lang='lat' dir='ltr'><strong><em>Igitur</em></strong></span> <span class='ocrx_word' id='word_1_20' title='bbox 2826 471 3119 552; x_wconf 85' lang='lat' dir='ltr'><strong><em>Spiritus</em></strong></span> <span class='ocrx_word' id='word_1_21' title='bbox 3154 481 3415 532; x_wconf 85' lang='lat' dir='ltr'><strong><em>sanctus</em></strong></span> 
     </span>
    </p>
   </div>
   <div class='ocr_carea' id='block_1_3' title="bbox 123 562 3417 655">
    <p class='ocr_par' dir='ltr' id='par_1_3' title="bbox 123 562 3417 655">
     <span class='ocr_line' id='line_1_3' title="bbox 123 562 3417 655; baseline -0.001 -21"><span class='ocrx_word' id='word_1_22' title='bbox 123 572 246 634; x_wconf 88' lang='lat' dir='ltr'><strong><em>erit</em></strong></span> <span class='ocrx_word' id='word_1_23' title='bbox 272 574 482 654; x_wconf 93' lang='lat' dir='ltr'><strong><em>major</em></strong></span> <span class='ocrx_word' id='word_1_24' title='bbox 508 573 677 634; x_wconf 86' lang='lat' dir='ltr'><strong><em>Filio</em></strong></span> <span class='ocrx_word' id='word_1_25' title='bbox 706 572 845 652; x_wconf 86' lang='lat' dir='ltr'><strong><em>(qui</em></strong></span> <span class='ocrx_word' id='word_1_26' title='bbox 878 571 960 633; x_wconf 92' lang='lat' dir='ltr'><strong><em>ab</em></strong></span> <span class='ocrx_word' id='word_1_27' title='bbox 988 570 1144 655; x_wconf 89' lang='lat' dir='ltr'><strong><em>uno)</em></strong></span> <span class='ocrx_word' id='word_1_28' title='bbox 1172 593 1187 644; x_wconf 88' lang='lat'><strong>;</strong></span> <span class='ocrx_word' id='word_1_29' title='bbox 1224 579 1289 633; x_wconf 90' lang='lat' dir='ltr'><strong><em>et</em></strong></span> <span class='ocrx_word' id='word_1_30' title='bbox 1318 588 1468 633; x_wconf 85' lang='lat' dir='ltr'><strong><em>ecce</em></strong></span> <span class='ocrx_word' id='word_1_31' title='bbox 1526 585 1759 632; x_wconf 75' lang='lat' dir='ltr'><strong><em>novam</em></strong></span> <span class='ocrx_word' id='word_1_32' title='bbox 1794 570 2212 649; x_wconf 75' lang='lat' dir='ltr'><strong><em>impietatem.</em></strong></span> <span class='ocrx_word' id='word_1_33' title='bbox 2239 571 2359 631; x_wconf 85' lang='lat' dir='ltr'><strong><em>Vel</em></strong></span> <span class='ocrx_word' id='word_1_34' title='bbox 2394 580 2492 633; x_wconf 88' lang='lat' dir='ltr'><strong><em>est</em></strong></span> <span class='ocrx_word' id='word_1_35' title='bbox 2526 562 2740 632; x_wconf 79' lang='lat' dir='ltr'><strong><em>minor</em></strong></span> <span class='ocrx_word' id='word_1_36' title='bbox 2778 570 2976 645; x_wconf 87' lang='lat' dir='ltr'><strong><em>Filio,</em></strong></span> <span class='ocrx_word' id='word_1_37' title='bbox 2997 571 3213 648; x_wconf 86' lang='lat' dir='ltr'><strong><em>sicque</em></strong></span> <span class='ocrx_word' id='word_1_38' title='bbox 3244 571 3417 631; x_wconf 78' lang='lat' dir='ltr'><strong><em>revi-</em></strong></span> 
     </span>
    </p>
   </div>
   <div class='ocr_carea' id='block_1_4' title="bbox 120 666 3415 753">
    <p class='ocr_par' dir='ltr' id='par_1_4' title="bbox 120 666 3415 753">
     <span class='ocr_line' id='line_1_4' title="bbox 120 666 3415 753; baseline -0.002 -22"><span class='ocrx_word' id='word_1_39' title='bbox 120 670 304 731; x_wconf 87' lang='lat' dir='ltr'><strong><em>viscit</em></strong></span> <span class='ocrx_word' id='word_1_40' title='bbox 328 670 819 733; x_wconf 72' lang='lat' dir='ltr'><strong><em>Macedonius...</em></strong></span> <span class='ocrx_word' id='word_1_41' title='bbox 858 670 931 731; x_wconf 92' lang='lat' dir='ltr'><strong><em>Si</em></strong></span> <span class='ocrx_word' id='word_1_42' title='bbox 950 668 1123 729; x_wconf 88' lang='lat' dir='ltr'><strong><em>Filio</em></strong></span> <span class='ocrx_word' id='word_1_43' title='bbox 1149 670 1357 749; x_wconf 84' lang='lat' dir='ltr'><strong><em>major</em></strong></span> <span class='ocrx_word' id='word_1_44' title='bbox 1388 676 1481 728; x_wconf 89' lang='lat' dir='ltr'><strong><em>est</em></strong></span> <span class='ocrx_word' id='word_1_45' title='bbox 1505 666 1712 727; x_wconf 84' lang='lat' dir='ltr'><strong><em>Pater</em></strong></span> <span class='ocrx_word' id='word_1_46' title='bbox 1739 668 1808 729; x_wconf 84' lang='lat' dir='ltr'><strong><em>in</em></strong></span> <span class='ocrx_word' id='word_1_47' title='bbox 1858 687 1953 740; x_wconf 87' lang='lat' dir='ltr'><strong><em>eo,</em></strong></span> <span class='ocrx_word' id='word_1_48' title='bbox 1985 666 2382 745; x_wconf 87' lang='lat' dir='ltr'><strong><em>quodcausa</em></strong></span> <span class='ocrx_word' id='word_1_49' title='bbox 2412 670 2548 753; x_wconf 86' lang='lat' dir='ltr'><strong><em>ejus</em></strong></span> <span class='ocrx_word' id='word_1_50' title='bbox 2581 678 2675 729; x_wconf 89' lang='lat' dir='ltr'><strong><em>est</em></strong></span> <span class='ocrx_word' id='word_1_51' title='bbox 2708 689 2729 728; x_wconf 92' lang='lat'><strong><em>:</em></strong></span> <span class='ocrx_word' id='word_1_52' title='bbox 2754 677 2817 729; x_wconf 86' lang='lat' dir='ltr'><strong><em>et</em></strong></span> <span class='ocrx_word' id='word_1_53' title='bbox 2844 670 2982 747; x_wconf 90' lang='lat' dir='ltr'><strong><em>ipse</em></strong></span> <span class='ocrx_word' id='word_1_54' title='bbox 3034 666 3249 729; x_wconf 87' lang='lat' dir='ltr'><strong><em>Filius</em></strong></span> <span class='ocrx_word' id='word_1_55' title='bbox 3292 667 3415 729; x_wconf 90' lang='lat' dir='ltr'><strong><em>erit</em></strong></span> 
     </span>
    </p>
   </div>
   <div class='ocr_carea' id='block_1_5' title="bbox 119 757 3415 850">
    <p class='ocr_par' dir='ltr' id='par_1_5' title="bbox 119 757 3415 850">
     <span class='ocr_line' id='line_1_5' title="bbox 119 757 3415 850; baseline -0.002 -21"><span class='ocrx_word' id='word_1_56' title='bbox 119 768 327 850; x_wconf 75' lang='lat' dir='ltr'><strong><em>nmjor</em></strong></span> <span class='ocrx_word' id='word_1_57' title='bbox 349 769 606 848; x_wconf 84' lang='lat' dir='ltr'><strong><em>Spiritu</em></strong></span> <span class='ocrx_word' id='word_1_58' title='bbox 622 776 841 830; x_wconf 88' lang='lat' dir='ltr'><strong><em>sancto</em></strong></span> <span class='ocrx_word' id='word_1_59' title='bbox 880 770 1091 829; x_wconf 88' lang='lat' dir='ltr'><strong><em>eadem</em></strong></span> <span class='ocrx_word' id='word_1_60' title='bbox 1121 762 1599 827; x_wconf 87' lang='lat' dir='ltr'><strong><em>ratione....-Ubi</em></strong></span> <span class='ocrx_word' id='word_1_61' title='bbox 1630 765 1935 827; x_wconf 78' lang='lat' dir='ltr'><strong><em>invenisti</em></strong></span> <span class='ocrx_word' id='word_1_62' title='bbox 1954 765 2197 827; x_wconf 85' lang='lat' dir='ltr'><strong><em>Filium</em></strong></span> <span class='ocrx_word' id='word_1_63' title='bbox 2236 764 2368 827; x_wconf 91' lang='lat' dir='ltr'><strong><em>dici</em></strong></span> <span class='ocrx_word' id='word_1_64' title='bbox 2409 767 2717 847; x_wconf 86' lang='lat' dir='ltr'><strong><em>majorem</em></strong></span> <span class='ocrx_word' id='word_1_65' title='bbox 2745 766 3052 846; x_wconf 78' lang='lat' dir='ltr'><strong><em>Spiritu?</em></strong></span> <span class='ocrx_word' id='word_1_66' title='bbox 3081 757 3415 840; x_wconf 83' lang='lat' dir='ltr'><strong><em>Quomodo</em></strong></span> 
     </span>
    </p>
   </div>
   <div class='ocr_carea' id='block_1_6' title="bbox 122 860 1590 945">
    <p class='ocr_par' dir='ltr' id='par_1_6' title="bbox 122 860 1590 945">
     <span class='ocr_line' id='line_1_6' title="bbox 122 860 1590 945; baseline -0.003 -20"><span class='ocrx_word' id='word_1_67' title='bbox 122 862 369 925; x_wconf 75' lang='lat' dir='ltr'><strong><em>tondens</em></strong></span> <span class='ocrx_word' id='word_1_68' title='bbox 392 866 765 945; x_wconf 82' lang='lat' dir='ltr'><strong><em>proprietas</em></strong></span> <span class='ocrx_word' id='word_1_69' title='bbox 802 865 1148 926; x_wconf 85' lang='lat' dir='ltr'><strong><em>communis</em></strong></span> <span class='ocrx_word' id='word_1_70' title='bbox 1178 880 1309 923; x_wconf 84' lang='lat' dir='ltr'><strong><em>esse</em></strong></span> <span class='ocrx_word' id='word_1_71' title='bbox 1331 860 1590 939; x_wconf 81' lang='lat' dir='ltr'><strong><em>potest?</em></strong></span> 
     </span>
    </p>
   </div>
   <div class='ocr_carea' id='block_1_7' title="bbox 200 954 3415 1041">
    <p class='ocr_par' dir='ltr' id='par_1_7' title="bbox 200 954 3415 1041">
     <span class='ocr_line' id='line_1_7' title="bbox 200 954 3415 1041; baseline -0.002 -19"><span class='ocrx_word' id='word_1_72' title='bbox 200 963 297 1023; x_wconf 82' lang='lat' dir='ltr'><strong><em>Ad</em></strong></span> <span class='ocrx_word' id='word_1_73' title='bbox 333 966 733 1040; x_wconf 68' lang='lat' dir='ltr'><strong><em>poStremum</em></strong></span> <span class='ocrx_word' id='word_1_74' title='bbox 789 967 1244 1041; x_wconf 75' lang='lat' dir='ltr'><strong><em>argumentum</em></strong></span> <span class='ocrx_word' id='word_1_75' title='bbox 1280 957 1527 1021; x_wconf 83' lang='lat' dir='ltr'><strong><em>solutio</em></strong></span> <span class='ocrx_word' id='word_1_76' title='bbox 1563 954 1749 1018; x_wconf 80' lang='lat' dir='ltr'><strong><em>Becci</em></strong></span> <span class='ocrx_word' id='word_1_77' title='bbox 1791 966 1890 1017; x_wconf 90' lang='lat' dir='ltr'><strong><em>est</em></strong></span> <span class='ocrx_word' id='word_1_78' title='bbox 1942 955 2117 1019; x_wconf 89' lang='lat' dir='ltr'><strong><em>inter</em></strong></span> <span class='ocrx_word' id='word_1_79' title='bbox 2150 956 2585 1019; x_wconf 82' lang='lat' dir='ltr'><strong><em>refutationes</em></strong></span> <span class='ocrx_word' id='word_1_80' title='bbox 2616 957 2826 1021; x_wconf 83' lang='lat' dir='ltr'><strong><em>Photii</em></strong></span> <span class='ocrx_word' id='word_1_81' title='bbox 2860 959 2927 1019; x_wconf 92' lang='lat' dir='ltr'><strong><em>in</em></strong></span> <span class='ocrx_word' id='word_1_82' title='bbox 2978 958 3205 1020; x_wconf 86' lang='lat' dir='ltr'><strong><em>eadem</em></strong></span> <span class='ocrx_word' id='word_1_83' title='bbox 3246 956 3415 1017; x_wconf 72' lang='lat' dir='ltr'><strong><em>Ora-</em></strong></span> 
     </span>
    </p>
   </div>
   <div class='ocr_carea' id='block_1_8' title="bbox 123 1053 3416 1137">
    <p class='ocr_par' dir='ltr' id='par_1_8' title="bbox 123 1053 3416 1137">
     <span class='ocr_line' id='line_1_8' title="bbox 123 1053 3416 1137; baseline -0.001 -18"><span class='ocrx_word' id='word_1_84' title='bbox 123 1058 293 1120; x_wconf 87' lang='lat' dir='ltr'><strong><em>tione</em></strong></span> <span class='ocrx_word' id='word_1_85' title='bbox 320 1056 396 1118; x_wconf 88' lang='lat' dir='ltr'><strong><em>de</em></strong></span> <span class='ocrx_word' id='word_1_86' title='bbox 430 1058 667 1119; x_wconf 77' lang='lat' dir='ltr'><strong><em>unione</em></strong></span> <span class='ocrx_word' id='word_1_87' title='bbox 689 1058 1147 1129; x_wconf 83' lang='lat' dir='ltr'><strong><em>Ecclesiarum,</em></strong></span> <span class='ocrx_word' id='word_1_88' title='bbox 1187 1072 1368 1118; x_wconf 88' lang='lat' dir='ltr'><strong><em>num.</em></strong></span> <span class='ocrx_word' id='word_1_89' title='bbox 1400 1053 1520 1117; x_wconf 66' lang='lat' dir='ltr'><strong><em>b2:</em></strong></span> <span class='ocrx_word' id='word_1_90' title='bbox 1558 1076 1589 1111; x_wconf 75' lang='lat' dir='ltr'><strong><em>cr</em></strong></span> <span class='ocrx_word' id='word_1_91' title='bbox 1619 1054 1824 1125; x_wconf 84' lang='lat' dir='ltr'><strong><em>Dicis,</em></strong></span> <span class='ocrx_word' id='word_1_92' title='bbox 1878 1054 1949 1117; x_wconf 88' lang='lat' dir='ltr'><strong><em>Si</em></strong></span> <span class='ocrx_word' id='word_1_93' title='bbox 1984 1056 2334 1117; x_wconf 85' lang='lat' dir='ltr'><strong><em>communis</em></strong></span> <span class='ocrx_word' id='word_1_94' title='bbox 2364 1063 2459 1117; x_wconf 87' lang='lat' dir='ltr'><strong><em>est</em></strong></span> <span class='ocrx_word' id='word_1_95' title='bbox 2486 1055 2710 1118; x_wconf 90' lang='lat' dir='ltr'><strong><em>Patris</em></strong></span> <span class='ocrx_word' id='word_1_96' title='bbox 2737 1066 2798 1118; x_wconf 90' lang='lat' dir='ltr'><strong><em>et</em></strong></span> <span class='ocrx_word' id='word_1_97' title='bbox 2827 1058 2990 1119; x_wconf 85' lang='lat' dir='ltr'><strong><em>Filii</em></strong></span> <span class='ocrx_word' id='word_1_98' title='bbox 3039 1058 3416 1137; x_wconf 74' lang='lat' dir='ltr'><strong><em>proprietas</em></strong></span> 
     </span>
    </p>
   </div>
   <div class='ocr_carea' id='block_1_9' title="bbox 122 1153 3412 1235">
    <p class='ocr_par' dir='ltr' id='par_1_9' title="bbox 122 1153 3412 1235">
     <span class='ocr_line' id='line_1_9' title="bbox 122 1153 3412 1235; baseline -0.001 -17"><span class='ocrx_word' id='word_1_99' title='bbox 122 1154 471 1235; x_wconf 76' lang='lat' dir='ltr'><strong><em>productio</em></strong></span> <span class='ocrx_word' id='word_1_100' title='bbox 498 1157 781 1234; x_wconf 81' lang='lat' dir='ltr'><strong><em>Spiritus</em></strong></span> <span class='ocrx_word' id='word_1_101' title='bbox 810 1155 1040 1230; x_wconf 83' lang='lat' dir='ltr'><strong><em>sancti,</em></strong></span> <span class='ocrx_word' id='word_1_102' title='bbox 1089 1155 1792 1233; x_wconf 24' lang='lat' dir='ltr'><strong><em>quomodo‘commune</em></strong></span> <span class='ocrx_word' id='word_1_103' title='bbox 1826 1153 1949 1215; x_wconf 88' lang='lat' dir='ltr'><strong><em>erit</em></strong></span> <span class='ocrx_word' id='word_1_104' title='bbox 1990 1155 2424 1234; x_wconf 82' lang='lat' dir='ltr'><strong><em>proprietas?</em></strong></span> <span class='ocrx_word' id='word_1_105' title='bbox 2459 1158 2592 1235; x_wconf 85' lang='lat' dir='ltr'><strong><em>Ego</em></strong></span> <span class='ocrx_word' id='word_1_106' title='bbox 2643 1172 2837 1234; x_wconf 90' lang='lat' dir='ltr'><strong><em>porro</em></strong></span> <span class='ocrx_word' id='word_1_107' title='bbox 2884 1155 3079 1217; x_wconf 88' lang='lat' dir='ltr'><strong><em>dico:</em></strong></span> <span class='ocrx_word' id='word_1_108' title='bbox 3130 1171 3412 1233; x_wconf 81' lang='lat' dir='ltr'><strong><em>quanam</em></strong></span> 
     </span>
    </p>
   </div>
   <div class='ocr_carea' id='block_1_10' title="bbox 124 1250 3414 1333">
    <p class='ocr_par' dir='ltr' id='par_1_10' title="bbox 124 1250 3414 1333">
     <span class='ocr_line' id='line_1_10' title="bbox 124 1250 3414 1333; baseline 0 -20"><span class='ocrx_word' id='word_1_109' title='bbox 124 1251 373 1314; x_wconf 85' lang='lat' dir='ltr'><strong><em>ratione</em></strong></span> <span class='ocrx_word' id='word_1_110' title='bbox 413 1252 684 1314; x_wconf 73' lang='lat' dir='ltr'><strong><em>maxime</em></strong></span> <span class='ocrx_word' id='word_1_111' title='bbox 713 1252 1069 1314; x_wconf 87' lang='lat' dir='ltr'><strong><em>absurdum</em></strong></span> <span class='ocrx_word' id='word_1_112' title='bbox 1101 1250 1218 1311; x_wconf 88' lang='lat' dir='ltr'><strong><em>tibi</em></strong></span> <span class='ocrx_word' id='word_1_113' title='bbox 1248 1251 1527 1317; x_wconf 81' lang='lat' dir='ltr'><strong><em>videtur.</em></strong></span> <span class='ocrx_word' id='word_1_114' title='bbox 1559 1267 1704 1313; x_wconf 89' lang='lat' dir='ltr'><strong><em>esse</em></strong></span> <span class='ocrx_word' id='word_1_115' title='bbox 1748 1250 2003 1331; x_wconf 91' lang='lat' dir='ltr'><strong><em>aliquid</em></strong></span> <span class='ocrx_word' id='word_1_116' title='bbox 2058 1268 2391 1313; x_wconf 89' lang='lat' dir='ltr'><strong><em>commune</em></strong></span> <span class='ocrx_word' id='word_1_117' title='bbox 2426 1253 2596 1315; x_wconf 85' lang='lat' dir='ltr'><strong><em>Patri</em></strong></span> <span class='ocrx_word' id='word_1_118' title='bbox 2631 1260 2699 1315; x_wconf 87' lang='lat' dir='ltr'><strong><em>et</em></strong></span> <span class='ocrx_word' id='word_1_119' title='bbox 2756 1253 2955 1326; x_wconf 89' lang='lat' dir='ltr'><strong><em>Filio,</em></strong></span> <span class='ocrx_word' id='word_1_120' title='bbox 3016 1254 3290 1333; x_wconf 87' lang='lat' dir='ltr'><strong><em>proprie</em></strong></span> <span class='ocrx_word' id='word_1_121' title='bbox 3345 1250 3414 1314; x_wconf 91' lang='lat' dir='ltr'><strong><em>in</em></strong></span> 
     </span>
    </p>
   </div>
   <div class='ocr_carea' id='block_1_11' title="bbox 124 1346 3417 1427">
    <p class='ocr_par' dir='ltr' id='par_1_11' title="bbox 124 1346 3417 1427">
     <span class='ocr_line' id='line_1_11' title="bbox 124 1346 3417 1427; baseline 0 -18"><span class='ocrx_word' id='word_1_122' title='bbox 124 1348 283 1426; x_wconf 84' lang='lat' dir='ltr'><strong><em>ipsis</em></strong></span> <span class='ocrx_word' id='word_1_123' title='bbox 320 1348 484 1410; x_wconf 81' lang='lat' dir='ltr'><strong><em>solis</em></strong></span> <span class='ocrx_word' id='word_1_124' title='bbox 527 1348 1038 1420; x_wconf 89' lang='lat' dir='ltr'><strong><em>consideratum,</em></strong></span> <span class='ocrx_word' id='word_1_125' title='bbox 1081 1348 1259 1427; x_wconf 90' lang='lat' dir='ltr'><strong><em>quod</em></strong></span> <span class='ocrx_word' id='word_1_126' title='bbox 1307 1362 1437 1409; x_wconf 90' lang='lat' dir='ltr'><strong><em>non</em></strong></span> <span class='ocrx_word' id='word_1_127' title='bbox 1472 1346 1558 1407; x_wconf 91' lang='lat' dir='ltr'><strong><em>sit</em></strong></span> <span class='ocrx_word' id='word_1_128' title='bbox 1589 1364 1914 1409; x_wconf 80' lang='lat' dir='ltr'><strong><em>commune</em></strong></span> <span class='ocrx_word' id='word_1_129' title='bbox 1940 1347 2278 1427; x_wconf 77' lang='lat' dir='ltr'><strong><em>Spiritui?</em></strong></span> <span class='ocrx_word' id='word_1_130' title='bbox 2340 1351 2453 1411; x_wconf 85' lang='lat' dir='ltr'><strong><em>Est</em></strong></span> <span class='ocrx_word' id='word_1_131' title='bbox 2483 1350 2660 1411; x_wconf 91' lang='lat' dir='ltr'><strong><em>enim</em></strong></span> <span class='ocrx_word' id='word_1_132' title='bbox 2734 1365 3084 1411; x_wconf 87' lang='lat' dir='ltr'><strong><em>commune</em></strong></span> <span class='ocrx_word' id='word_1_133' title='bbox 3138 1348 3304 1410; x_wconf 82' lang='lat' dir='ltr'><strong><em>Patri</em></strong></span> <span class='ocrx_word' id='word_1_134' title='bbox 3352 1354 3417 1410; x_wconf 91' lang='lat' dir='ltr'><strong><em>et</em></strong></span> 
     </span>
    </p>
   </div>
   <div class='ocr_carea' id='block_1_12' title="bbox 122 1443 3412 1524">
    <p class='ocr_par' dir='ltr' id='par_1_12' title="bbox 122 1443 3412 1524">
     <span class='ocr_line' id='line_1_12' title="bbox 122 1443 3412 1524; baseline -0.001 -17"><span class='ocrx_word' id='word_1_135' title='bbox 122 1443 319 1519; x_wconf 82' lang='lat' dir='ltr'><strong><em>Filio,</em></strong></span> <span class='ocrx_word' id='word_1_136' title='bbox 350 1445 527 1524; x_wconf 79' lang='lat' dir='ltr'><strong><em>quod</em></strong></span> <span class='ocrx_word' id='word_1_137' title='bbox 562 1444 829 1522; x_wconf 88' lang='lat' dir='ltr'><strong><em>Spiritui</em></strong></span> <span class='ocrx_word' id='word_1_138' title='bbox 864 1460 1216 1505; x_wconf 88' lang='lat' dir='ltr'><strong><em>commune</em></strong></span> <span class='ocrx_word' id='word_1_139' title='bbox 1257 1461 1387 1504; x_wconf 91' lang='lat' dir='ltr'><strong><em>non</em></strong></span> <span class='ocrx_word' id='word_1_140' title='bbox 1439 1450 1536 1504; x_wconf 89' lang='lat' dir='ltr'><strong><em>est</em></strong></span> <span class='ocrx_word' id='word_1_141' title='bbox 1569 1465 1585 1504; x_wconf 88' lang='lat'><strong>:</strong></span> <span class='ocrx_word' id='word_1_142' title='bbox 1618 1451 1682 1505; x_wconf 92' lang='lat' dir='ltr'><strong><em>et</em></strong></span> <span class='ocrx_word' id='word_1_143' title='bbox 1715 1444 1892 1523; x_wconf 80' lang='lat' dir='ltr'><strong><em>quod</em></strong></span> <span class='ocrx_word' id='word_1_144' title='bbox 1925 1460 2054 1506; x_wconf 90' lang='lat' dir='ltr'><strong><em>non</em></strong></span> <span class='ocrx_word' id='word_1_145' title='bbox 2087 1444 2315 1519; x_wconf 91' lang='lat' dir='ltr'><strong><em>unius,</em></strong></span> <span class='ocrx_word' id='word_1_146' title='bbox 2349 1444 2464 1506; x_wconf 87' lang='lat' dir='ltr'><strong><em>sed</em></strong></span> <span class='ocrx_word' id='word_1_147' title='bbox 2494 1447 2773 1507; x_wconf 86' lang='lat' dir='ltr'><strong><em>duarum</em></strong></span> <span class='ocrx_word' id='word_1_148' title='bbox 2818 1460 3248 1523; x_wconf 87' lang='lat' dir='ltr'><strong><em>personarum</em></strong></span> <span class='ocrx_word' id='word_1_149' title='bbox 3288 1451 3412 1517; x_wconf 88' lang='lat' dir='ltr'><strong><em>est,</em></strong></span> 
     </span>
    </p>
   </div>
   <div class='ocr_carea' id='block_1_13' title="bbox 126 1538 3413 1619">
    <p class='ocr_par' dir='ltr' id='par_1_13' title="bbox 126 1538 3413 1619">
     <span class='ocr_line' id='line_1_13' title="bbox 126 1538 3413 1619; baseline 0 -18"><span class='ocrx_word' id='word_1_150' title='bbox 126 1538 245 1602; x_wconf 87' lang='lat' dir='ltr'><strong><em>hoc</em></strong></span> <span class='ocrx_word' id='word_1_151' title='bbox 265 1557 616 1602; x_wconf 86' lang='lat' dir='ltr'><strong><em>commune</em></strong></span> <span class='ocrx_word' id='word_1_152' title='bbox 644 1539 909 1611; x_wconf 88' lang='lat' dir='ltr'><strong><em>dicitur,</em></strong></span> <span class='ocrx_word' id='word_1_153' title='bbox 944 1548 1005 1600; x_wconf 90' lang='lat' dir='ltr'><strong><em>et</em></strong></span> <span class='ocrx_word' id='word_1_154' title='bbox 1037 1549 1167 1613; x_wconf 89' lang='lat' dir='ltr'><strong><em>est;</em></strong></span> <span class='ocrx_word' id='word_1_155' title='bbox 1224 1540 1401 1619; x_wconf 91' lang='lat' dir='ltr'><strong><em>quod</em></strong></span> <span class='ocrx_word' id='word_1_156' title='bbox 1460 1554 1611 1600; x_wconf 78' lang='lat' dir='ltr'><strong><em>vero</em></strong></span> <span class='ocrx_word' id='word_1_157' title='bbox 1665 1540 1928 1618; x_wconf 83' lang='lat' dir='ltr'><strong><em>proprie</em></strong></span> <span class='ocrx_word' id='word_1_158' title='bbox 1962 1539 2030 1603; x_wconf 91' lang='lat' dir='ltr'><strong><em>in</em></strong></span> <span class='ocrx_word' id='word_1_159' title='bbox 2064 1539 2200 1603; x_wconf 87' lang='lat' dir='ltr'><strong><em>illis</em></strong></span> <span class='ocrx_word' id='word_1_160' title='bbox 2229 1541 2710 1616; x_wconf 83' lang='lat' dir='ltr'><strong><em>consideratur,</em></strong></span> <span class='ocrx_word' id='word_1_161' title='bbox 2766 1543 2829 1604; x_wconf 81' lang='lat' dir='ltr'><strong><em>et</em></strong></span> <span class='ocrx_word' id='word_1_162' title='bbox 2865 1539 3052 1603; x_wconf 91' lang='lat' dir='ltr'><strong><em>illius</em></strong></span> <span class='ocrx_word' id='word_1_163' title='bbox 3093 1541 3413 1619; x_wconf 82' lang='lat' dir='ltr'><strong><em>particeps</em></strong></span> 
     </span>
    </p>
   </div>
   <div class='ocr_carea' id='block_1_14' title="bbox 126 1637 3411 1718">
    <p class='ocr_par' dir='ltr' id='par_1_14' title="bbox 126 1637 3411 1718">
     <span class='ocr_line' id='line_1_14' title="bbox 126 1637 3411 1718; baseline 0 -19"><span class='ocrx_word' id='word_1_164' title='bbox 126 1653 255 1700; x_wconf 88' lang='lat' dir='ltr'><strong><em>non</em></strong></span> <span class='ocrx_word' id='word_1_165' title='bbox 285 1646 383 1702; x_wconf 87' lang='lat' dir='ltr'><strong><em>est</em></strong></span> <span class='ocrx_word' id='word_1_166' title='bbox 421 1637 728 1718; x_wconf 85' lang='lat' dir='ltr'><strong><em>Spiritus,</em></strong></span> <span class='ocrx_word' id='word_1_167' title='bbox 764 1638 1007 1699; x_wconf 91' lang='lat' dir='ltr'><strong><em>dicitur</em></strong></span> <span class='ocrx_word' id='word_1_168' title='bbox 1036 1653 1268 1699; x_wconf 90' lang='lat' dir='ltr'><strong><em>eorum</em></strong></span> <span class='ocrx_word' id='word_1_169' title='bbox 1310 1637 1693 1716; x_wconf 84' lang='lat' dir='ltr'><strong><em>proprietas.</em></strong></span> <span class='ocrx_word' id='word_1_170' title='bbox 1723 1639 1969 1716; x_wconf 80' lang='lat' dir='ltr'><strong><em>Nempe</em></strong></span> <span class='ocrx_word' id='word_1_171' title='bbox 2007 1644 2078 1699; x_wconf 88' lang='lat' dir='ltr'><strong><em>ut</em></strong></span> <span class='ocrx_word' id='word_1_172' title='bbox 2106 1654 2187 1700; x_wconf 89' lang='lat' dir='ltr'><strong><em>eo</em></strong></span> <span class='ocrx_word' id='word_1_173' title='bbox 2216 1637 2657 1718; x_wconf 78' lang='lat' dir='ltr'><strong><em>distinguatur</em></strong></span> <span class='ocrx_word' id='word_1_174' title='bbox 2721 1638 2801 1699; x_wconf 88' lang='lat' dir='ltr'><strong><em>ab</em></strong></span> <span class='ocrx_word' id='word_1_175' title='bbox 2857 1638 2991 1699; x_wconf 90' lang='lat' dir='ltr'><strong><em>illis</em></strong></span> <span class='ocrx_word' id='word_1_176' title='bbox 3018 1637 3357 1714; x_wconf 62' lang='lat' dir='ltr'><strong><em>Spiritus.</em></strong></span> <span class='ocrx_word' id='word_1_177' title='bbox 3392 1681 3411 1699; x_wconf 95' lang='lat'><strong><em>.</em></strong></span> 
     </span>
    </p>
   </div>
   <div class='ocr_carea' id='block_1_15' title="bbox 124 1731 3415 1814">
    <p class='ocr_par' dir='ltr' id='par_1_15' title="bbox 124 1731 3415 1814">
     <span class='ocr_line' id='line_1_15' title="bbox 124 1731 3415 1814; baseline -0.001 -17"><span class='ocrx_word' id='word_1_178' title='bbox 124 1736 463 1814; x_wconf 79' lang='lat' dir='ltr'><strong><em>Nyssenus</em></strong></span> <span class='ocrx_word' id='word_1_179' title='bbox 525 1734 794 1795; x_wconf 88' lang='lat' dir='ltr'><strong><em>homilia</em></strong></span> <span class='ocrx_word' id='word_1_180' title='bbox 865 1734 937 1797; x_wconf 89' lang='lat' dir='ltr'><strong><em>in</em></strong></span> <span class='ocrx_word' id='word_1_181' title='bbox 998 1733 1368 1796; x_wconf 82' lang='lat' dir='ltr'><strong><em>Orationem</em></strong></span> <span class='ocrx_word' id='word_1_182' title='bbox 1428 1734 1846 1804; x_wconf 85' lang='lat' dir='ltr'><strong><em>Dominicam.</em></strong></span> <span class='ocrx_word' id='word_1_183' title='bbox 1902 1731 2244 1797; x_wconf 81' lang='lat' dir='ltr'><strong><em>manifeste</em></strong></span> <span class='ocrx_word' id='word_1_184' title='bbox 2309 1734 2374 1797; x_wconf 88' lang='lat' dir='ltr'><strong><em>id</em></strong></span> <span class='ocrx_word' id='word_1_185' title='bbox 2428 1735 2661 1798; x_wconf 84' lang='lat' dir='ltr'><strong><em>astruit</em></strong></span> <span class='ocrx_word' id='word_1_186' title='bbox 2720 1734 2930 1797; x_wconf 83' lang='lat' dir='ltr'><strong><em>:Cum</em></strong></span> <span class='ocrx_word' id='word_1_187' title='bbox 2984 1735 3151 1796; x_wconf 87' lang='lat' dir='ltr'><strong><em>enim</em></strong></span> <span class='ocrx_word' id='word_1_188' title='bbox 3206 1733 3415 1795; x_wconf 87' lang='lat' dir='ltr'><strong><em>Filius</em></strong></span> 
     </span>
    </p>
   </div>
   <div class='ocr_carea' id='block_1_16' title="bbox 127 1830 3412 1911">
    <p class='ocr_par' dir='ltr' id='par_1_16' title="bbox 127 1830 3412 1911">
     <span class='ocr_line' id='line_1_16' title="bbox 127 1830 3412 1911; baseline 0 -19"><span class='ocrx_word' id='word_1_189' title='bbox 127 1850 204 1892; x_wconf 85' lang='lat' dir='ltr'><strong><em>ex</em></strong></span> <span class='ocrx_word' id='word_1_190' title='bbox 239 1831 436 1893; x_wconf 88' lang='lat' dir='ltr'><strong><em>Patre</em></strong></span> <span class='ocrx_word' id='word_1_191' title='bbox 473 1833 697 1902; x_wconf 90' lang='lat' dir='ltr'><strong><em>exivit,</em></strong></span> <span class='ocrx_word' id='word_1_192' title='bbox 733 1842 791 1892; x_wconf 89' lang='lat' dir='ltr'><strong><em>et</em></strong></span> <span class='ocrx_word' id='word_1_193' title='bbox 820 1831 1113 1911; x_wconf 86' lang='lat' dir='ltr'><strong><em>Spiritus</em></strong></span> <span class='ocrx_word' id='word_1_194' title='bbox 1174 1849 1254 1892; x_wconf 84' lang='lat' dir='ltr'><strong><em>ex</em></strong></span> <span class='ocrx_word' id='word_1_195' title='bbox 1290 1831 1421 1890; x_wconf 88' lang='lat' dir='ltr'><strong><em>Deo</em></strong></span> <span class='ocrx_word' id='word_1_196' title='bbox 1452 1839 1521 1905; x_wconf 88' lang='lat' dir='ltr'><strong><em>et</em></strong></span> <span class='ocrx_word' id='word_1_197' title='bbox 1556 1830 1749 1892; x_wconf 81' lang='lat' dir='ltr'><strong><em>Patre</em></strong></span> <span class='ocrx_word' id='word_1_198' title='bbox 1787 1830 2107 1910; x_wconf 86' lang='lat' dir='ltr'><strong><em>procedit.</em></strong></span> <span class='ocrx_word' id='word_1_199' title='bbox 2146 1830 2275 1893; x_wconf 88' lang='lat' dir='ltr'><strong><em>Sed</em></strong></span> <span class='ocrx_word' id='word_1_200' title='bbox 2307 1831 2838 1911; x_wconf 80' lang='lat' dir='ltr'><strong><em>quemadmodum</em></strong></span> <span class='ocrx_word' id='word_1_201' title='bbox 2856 1833 2997 1893; x_wconf 87' lang='lat' dir='ltr'><strong><em>sine</em></strong></span> <span class='ocrx_word' id='word_1_202' title='bbox 3023 1850 3217 1899; x_wconf 75' lang='lat' dir='ltr'><strong><em>causa</em></strong></span> <span class='ocrx_word' id='word_1_203' title='bbox 3257 1849 3412 1903; x_wconf 86' lang='lat' dir='ltr'><strong><em>esse,</em></strong></span> 
     </span>
    </p>
   </div>
   <div class='ocr_carea' id='block_1_17' title="bbox 104 1925 3416 2009">
    <p class='ocr_par' dir='ltr' id='par_1_17' title="bbox 104 1925 3416 2009">
     <span class='ocr_line' id='line_1_17' title="bbox 104 1925 3416 2009; baseline -0 -18"><span class='ocrx_word' id='word_1_204' title='bbox 104 1942 265 1991; x_wconf 81' lang='lat' dir='ltr'><strong><em>cum</em></strong></span> <span class='ocrx_word' id='word_1_205' title='bbox 288 1930 377 1990; x_wconf 89' lang='lat' dir='ltr'><strong><em>sit</em></strong></span> <span class='ocrx_word' id='word_1_206' title='bbox 392 1928 597 1989; x_wconf 90' lang='lat' dir='ltr'><strong><em>solius</em></strong></span> <span class='ocrx_word' id='word_1_207' title='bbox 634 1928 879 1999; x_wconf 88' lang='lat' dir='ltr'><strong><em>Patris,</em></strong></span> <span class='ocrx_word' id='word_1_208' title='bbox 918 1929 1088 1989; x_wconf 89' lang='lat' dir='ltr'><strong><em>Filio</em></strong></span> <span class='ocrx_word' id='word_1_209' title='bbox 1124 1936 1181 1989; x_wconf 93' lang='lat' dir='ltr'><strong><em>et</em></strong></span> <span class='ocrx_word' id='word_1_210' title='bbox 1205 1927 1493 2006; x_wconf 88' lang='lat' dir='ltr'><strong><em>Spiritui</em></strong></span> <span class='ocrx_word' id='word_1_211' title='bbox 1516 1925 1822 2007; x_wconf 78' lang='lat' dir='ltr'><strong><em>adoptari</em></strong></span> <span class='ocrx_word' id='word_1_212' title='bbox 1848 1929 2071 2009; x_wconf 73' lang='lat' dir='ltr'><strong><em>nequit</em></strong></span> <span class='ocrx_word' id='word_1_213' title='bbox 2092 1948 2114 1990; x_wconf 88' lang='lat'><strong><em>:</em></strong></span> <span class='ocrx_word' id='word_1_214' title='bbox 2140 1931 2234 1992; x_wconf 87' lang='lat' dir='ltr'><strong><em>sic</em></strong></span> <span class='ocrx_word' id='word_1_215' title='bbox 2288 1939 2543 1998; x_wconf 89' lang='lat' dir='ltr'><strong><em>contra.</em></strong></span> <span class='ocrx_word' id='word_1_216' title='bbox 2583 1948 2715 1992; x_wconf 88' lang='lat' dir='ltr'><strong><em>esse</em></strong></span> <span class='ocrx_word' id='word_1_217' title='bbox 2746 1948 2829 1992; x_wconf 86' lang='lat' dir='ltr'><strong><em>ex</em></strong></span> <span class='ocrx_word' id='word_1_218' title='bbox 2864 1948 3082 1999; x_wconf 72' lang='lat' dir='ltr'><strong><em>causa,</em></strong></span> <span class='ocrx_word' id='word_1_219' title='bbox 3125 1930 3297 2009; x_wconf 90' lang='lat' dir='ltr'><strong><em>quod</em></strong></span> <span class='ocrx_word' id='word_1_220' title='bbox 3324 1939 3416 1990; x_wconf 88' lang='lat' dir='ltr'><strong><em>est</em></strong></span> 
     </span>
    </p>
   </div>
   <div class='ocr_carea' id='block_1_18' title="bbox 128 2024 3418 2123">
    <p class='ocr_par' dir='ltr' id='par_1_18' title="bbox 128 2024 3418 2123">
     <span class='ocr_line' id='line_1_18' title="bbox 128 2024 3418 2123; baseline 0.001 -37"><span class='ocrx_word' id='word_1_221' title='bbox 128 2024 283 2086; x_wconf 81' lang='lat' dir='ltr'><strong><em>Filii</em></strong></span> <span class='ocrx_word' id='word_1_222' title='bbox 311 2034 369 2087; x_wconf 90' lang='lat' dir='ltr'><strong><em>et</em></strong></span> <span class='ocrx_word' id='word_1_223' title='bbox 400 2024 689 2105; x_wconf 85' lang='lat' dir='ltr'><strong><em>Spiritus</em></strong></span> <span class='ocrx_word' id='word_1_224' title='bbox 715 2026 1078 2104; x_wconf 89' lang='lat' dir='ltr'><strong><em>proprium,</em></strong></span> <span class='ocrx_word' id='word_1_225' title='bbox 1114 2024 1189 2086; x_wconf 87' lang='lat' dir='ltr'><strong><em>de</em></strong></span> <span class='ocrx_word' id='word_1_226' title='bbox 1209 2024 1401 2085; x_wconf 86' lang='lat' dir='ltr'><strong><em>Patre</em></strong></span> <span class='ocrx_word' id='word_1_227' title='bbox 1431 2025 1834 2123; x_wconf 62' lang='lat' dir='ltr'><strong><em>considerari</em></strong></span> <span class='ocrx_word' id='word_1_228' title='bbox 1865 2026 2149 2088; x_wconf 87' lang='lat' dir='ltr'><strong><em>alienum</em></strong></span> <span class='ocrx_word' id='word_1_229' title='bbox 2205 2037 2299 2089; x_wconf 86' lang='lat' dir='ltr'><strong><em>est</em></strong></span> <span class='ocrx_word' id='word_1_230' title='bbox 2328 2046 2369 2087; x_wconf 91' lang='lat' dir='ltr'><strong><em>a</em></strong></span> <span class='ocrx_word' id='word_1_231' title='bbox 2400 2038 2666 2090; x_wconf 89' lang='lat' dir='ltr'><strong><em>natura.</em></strong></span> <span class='ocrx_word' id='word_1_232' title='bbox 2701 2028 2859 2091; x_wconf 82' lang='lat' dir='ltr'><strong><em>Cum</em></strong></span> <span class='ocrx_word' id='word_1_233' title='bbox 2901 2046 3050 2089; x_wconf 92' lang='lat' dir='ltr'><strong><em>vero</em></strong></span> <span class='ocrx_word' id='word_1_234' title='bbox 3090 2045 3418 2089; x_wconf 88' lang='lat' dir='ltr'><strong><em>commune</em></strong></span> 
     </span>
    </p>
   </div>
   <div class='ocr_carea' id='block_1_19' title="bbox 129 2121 3422 2205">
    <p class='ocr_par' dir='ltr' id='par_1_19' title="bbox 129 2121 3422 2205">
     <span class='ocr_line' id='line_1_19' title="bbox 129 2121 3422 2205; baseline 0.001 -24"><span class='ocrx_word' id='word_1_235' title='bbox 129 2123 211 2183; x_wconf 91' lang='lat' dir='ltr'><strong><em>sit</em></strong></span> <span class='ocrx_word' id='word_1_236' title='bbox 266 2121 441 2183; x_wconf 84' lang='lat' dir='ltr'><strong><em>Filio</em></strong></span> <span class='ocrx_word' id='word_1_237' title='bbox 497 2131 554 2181; x_wconf 91' lang='lat' dir='ltr'><strong><em>et</em></strong></span> <span class='ocrx_word' id='word_1_238' title='bbox 598 2122 885 2200; x_wconf 85' lang='lat' dir='ltr'><strong><em>Spiritui</em></strong></span> <span class='ocrx_word' id='word_1_239' title='bbox 928 2130 1147 2181; x_wconf 89' lang='lat' dir='ltr'><strong><em>sancto</em></strong></span> <span class='ocrx_word' id='word_1_240' title='bbox 1184 2138 1317 2181; x_wconf 90' lang='lat' dir='ltr'><strong><em>non</em></strong></span> <span class='ocrx_word' id='word_1_241' title='bbox 1358 2138 1489 2181; x_wconf 80' lang='lat' dir='ltr'><strong><em>esse</em></strong></span> <span class='ocrx_word' id='word_1_242' title='bbox 1537 2121 1769 2201; x_wconf 78' lang='lat' dir='ltr'><strong><em>absque</em></strong></span> <span class='ocrx_word' id='word_1_243' title='bbox 1812 2136 2269 2191; x_wconf 62' lang='lat' dir='ltr'><strong><em>ortu:‘rursus</em></strong></span> <span class='ocrx_word' id='word_1_244' title='bbox 2302 2134 2421 2185; x_wconf 60' lang='lat' dir='ltr'><strong><em>est&quot;-</em></strong></span> <span class='ocrx_word' id='word_1_245' title='bbox 2444 2124 2657 2205; x_wconf 87' lang='lat' dir='ltr'><strong><em>facile,</em></strong></span> <span class='ocrx_word' id='word_1_246' title='bbox 2692 2124 3124 2205; x_wconf 73' lang='lat' dir='ltr'><strong><em>di/ferentiam</em></strong></span> <span class='ocrx_word' id='word_1_247' title='bbox 3177 2141 3314 2205; x_wconf 78' lang='lat' dir='ltr'><strong><em>qux</em></strong></span> <span class='ocrx_word' id='word_1_248' title='bbox 3351 2124 3422 2185; x_wconf 83' lang='lat' dir='ltr'><strong><em>in</em></strong></span> 
     </span>
    </p>
   </div>
   <div class='ocr_carea' id='block_1_20' title="bbox 128 2218 3415 2301">
    <p class='ocr_par' dir='ltr' id='par_1_20' title="bbox 128 2218 3415 2301">
     <span class='ocr_line' id='line_1_20' title="bbox 128 2218 3415 2301; baseline 0.001 -21"><span class='ocrx_word' id='word_1_249' title='bbox 128 2237 343 2280; x_wconf 89' lang='lat' dir='ltr'><strong><em>eorum</em></strong></span> <span class='ocrx_word' id='word_1_250' title='bbox 370 2218 880 2299; x_wconf 83' lang='lat' dir='ltr'><strong><em>proprietatibus</em></strong></span> <span class='ocrx_word' id='word_1_251' title='bbox 916 2228 1032 2287; x_wconf 87' lang='lat' dir='ltr'><strong><em>est,</em></strong></span> <span class='ocrx_word' id='word_1_252' title='bbox 1058 2220 1371 2298; x_wconf 89' lang='lat' dir='ltr'><strong><em>reperire.</em></strong></span> <span class='ocrx_word' id='word_1_253' title='bbox 1427 2219 1714 2282; x_wconf 82' lang='lat' dir='ltr'><strong><em>Adverte</em></strong></span> <span class='ocrx_word' id='word_1_254' title='bbox 1768 2218 2170 2282; x_wconf 66' lang='lat' dir='ltr'><strong><em>animum...</em></strong></span> <span class='ocrx_word' id='word_1_255' title='bbox 2204 2222 2541 2301; x_wconf 79' lang='lat' dir='ltr'><strong><em>quomodo</em></strong></span> <span class='ocrx_word' id='word_1_256' title='bbox 2596 2222 3066 2300; x_wconf 87' lang='lat' dir='ltr'><strong><em>proprietatem</em></strong></span> <span class='ocrx_word' id='word_1_257' title='bbox 3129 2222 3415 2283; x_wconf 80' lang='lat' dir='ltr'><strong><em>duarum</em></strong></span> 
     </span>
    </p>
   </div>
   <div class='ocr_carea' id='block_1_21' title="bbox 127 2314 3415 2400">
    <p class='ocr_par' dir='ltr' id='par_1_21' title="bbox 127 2314 3415 2400">
     <span class='ocr_line' id='line_1_21' title="bbox 127 2314 3415 2400; baseline 0.001 -22"><span class='ocrx_word' id='word_1_258' title='bbox 127 2323 375 2378; x_wconf 90' lang='lat' dir='ltr'><strong><em>tantum</em></strong></span> <span class='ocrx_word' id='word_1_259' title='bbox 411 2331 833 2392; x_wconf 88' lang='lat' dir='ltr'><strong><em>personarum</em></strong></span> <span class='ocrx_word' id='word_1_260' title='bbox 888 2314 1135 2378; x_wconf 84' lang='lat' dir='ltr'><strong><em>vocavit</em></strong></span> <span class='ocrx_word' id='word_1_261' title='bbox 1194 2334 1276 2377; x_wconf 87' lang='lat' dir='ltr'><strong><em>ex</em></strong></span> <span class='ocrx_word' id='word_1_262' title='bbox 1305 2333 1499 2376; x_wconf 90' lang='lat' dir='ltr'><strong><em>causa</em></strong></span> <span class='ocrx_word' id='word_1_263' title='bbox 1543 2333 1647 2377; x_wconf 84' lang='lat' dir='ltr'><strong><em>eas</em></strong></span> <span class='ocrx_word' id='word_1_264' title='bbox 1678 2332 1876 2378; x_wconf 68' lang='lat' dir='ltr'><strong><em>esse»:</em></strong></span> <span class='ocrx_word' id='word_1_265' title='bbox 1916 2324 1979 2380; x_wconf 88' lang='lat' dir='ltr'><strong><em>et</em></strong></span> <span class='ocrx_word' id='word_1_266' title='bbox 2011 2320 2344 2398; x_wconf 85' lang='lat' dir='ltr'><strong><em>quomodo</em></strong></span> <span class='ocrx_word' id='word_1_267' title='bbox 2372 2320 2884 2400; x_wconf 62' lang='lat' dir='ltr'><strong><em>repraesentavit,</em></strong></span> <span class='ocrx_word' id='word_1_268' title='bbox 2910 2337 3237 2382; x_wconf 87' lang='lat' dir='ltr'><strong><em>commune</em></strong></span> <span class='ocrx_word' id='word_1_269' title='bbox 3267 2335 3415 2384; x_wconf 85' lang='lat' dir='ltr'><strong><em>esse</em></strong></span> 
     </span>
    </p>
   </div>
   <div class='ocr_carea' id='block_1_22' title="bbox 127 2412 3211 2490">
    <p class='ocr_par' dir='ltr' id='par_1_22' title="bbox 127 2412 3211 2490">
     <span class='ocr_line' id='line_1_22' title="bbox 127 2412 3211 2490; baseline -0.001 -16"><span class='ocrx_word' id='word_1_270' title='bbox 127 2412 363 2474; x_wconf 82' lang='lat' dir='ltr'><strong><em>iisdem</em></strong></span> <span class='ocrx_word' id='word_1_271' title='bbox 399 2412 653 2474; x_wconf 88' lang='lat' dir='ltr'><strong><em>duabus</em></strong></span> <span class='ocrx_word' id='word_1_272' title='bbox 683 2412 977 2489; x_wconf 87' lang='lat' dir='ltr'><strong><em>personis</em></strong></span> <span class='ocrx_word' id='word_1_273' title='bbox 1006 2413 1251 2490; x_wconf 83' lang='lat' dir='ltr'><strong><em>absque</em></strong></span> <span class='ocrx_word' id='word_1_274' title='bbox 1288 2420 1437 2473; x_wconf 90' lang='lat' dir='ltr'><strong><em>ortu</em></strong></span> <span class='ocrx_word' id='word_1_275' title='bbox 1457 2430 1593 2473; x_wconf 89' lang='lat' dir='ltr'><strong><em>non</em></strong></span> <span class='ocrx_word' id='word_1_276' title='bbox 1623 2429 1779 2474; x_wconf 90' lang='lat' dir='ltr'><strong><em>esse.</em></strong></span> <span class='ocrx_word' id='word_1_277' title='bbox 1809 2434 1841 2470; x_wconf 70' lang='grc' dir='ltr'><strong><em>ι</em></strong></span> <span class='ocrx_word' id='word_1_278' title='bbox 3208 2426 3211 2431; x_wconf 74' lang='lat'><em>&#39;</em></span> 
     </span>
    </p>
   </div>
   <div class='ocr_carea' id='block_1_23' title="bbox 201 2501 3416 2591">
    <p class='ocr_par' dir='ltr' id='par_1_23' title="bbox 201 2501 3416 2591">
     <span class='ocr_line' id='line_1_23' title="bbox 201 2501 3416 2591; baseline 0.001 -20"><span class='ocrx_word' id='word_1_279' title='bbox 201 2512 424 2588; x_wconf 77' lang='lat' dir='ltr'><strong><em>[XLV]</em></strong></span> <span class='ocrx_word' id='word_1_280' title='bbox 484 2510 723 2573; x_wconf 74' lang='lat' dir='ltr'><strong><em>Caetera</em></strong></span> <span class='ocrx_word' id='word_1_281' title='bbox 797 2518 868 2573; x_wconf 91' lang='lat' dir='ltr'><strong><em>ut</em></strong></span> <span class='ocrx_word' id='word_1_282' title='bbox 929 2501 1144 2572; x_wconf 86' lang='lat' dir='ltr'><strong><em>locum</em></strong></span> <span class='ocrx_word' id='word_1_283' title='bbox 1195 2510 1508 2571; x_wconf 87' lang='lat' dir='ltr'><strong><em>haberent</em></strong></span> <span class='ocrx_word' id='word_1_284' title='bbox 1566 2517 1977 2589; x_wconf 83' lang='lat' dir='ltr'><strong><em>argumenta,</em></strong></span> <span class='ocrx_word' id='word_1_285' title='bbox 2014 2509 2512 2591; x_wconf 85' lang='lat' dir='ltr'><strong><em>TheOphylacto</em></strong></span> <span class='ocrx_word' id='word_1_286' title='bbox 2576 2513 3217 2577; x_wconf 89' lang='lat' dir='ltr'><strong><em>comminiscendum</em></strong></span> <span class='ocrx_word' id='word_1_287' title='bbox 3250 2518 3416 2588; x_wconf 88' lang='lat' dir='ltr'><strong><em>erat,</em></strong></span> 
     </span>
    </p>
   </div>
   <div class='ocr_carea' id='block_1_24' title="bbox 132 2603 3420 2687">
    <p class='ocr_par' dir='ltr' id='par_1_24' title="bbox 132 2603 3420 2687">
     <span class='ocr_line' id='line_1_24' title="bbox 132 2603 3420 2687; baseline 0.002 -20"><span class='ocrx_word' id='word_1_288' title='bbox 132 2608 376 2668; x_wconf 86' lang='lat' dir='ltr'><strong><em>Patrem</em></strong></span> <span class='ocrx_word' id='word_1_289' title='bbox 408 2614 472 2667; x_wconf 90' lang='lat' dir='ltr'><strong><em>et</em></strong></span> <span class='ocrx_word' id='word_1_290' title='bbox 524 2606 768 2668; x_wconf 86' lang='lat' dir='ltr'><strong><em>Filium</em></strong></span> <span class='ocrx_word' id='word_1_291' title='bbox 822 2606 946 2667; x_wconf 86' lang='lat' dir='ltr'><strong><em>duo</em></strong></span> <span class='ocrx_word' id='word_1_292' title='bbox 1001 2603 1553 2668; x_wconf 77' lang='lat' dir='ltr'><strong><em>con&#39;stitui‘sancti</em></strong></span> <span class='ocrx_word' id='word_1_293' title='bbox 1594 2606 1877 2683; x_wconf 85' lang='lat' dir='ltr'><strong><em>Spiritus</em></strong></span> <span class='ocrx_word' id='word_1_294' title='bbox 1910 2608 2247 2687; x_wconf 88' lang='lat' dir='ltr'><strong><em>principia</em></strong></span> <span class='ocrx_word' id='word_1_295' title='bbox 2284 2630 2303 2669; x_wconf 91' lang='lat'><strong><em>:</em></strong></span> <span class='ocrx_word' id='word_1_296' title='bbox 2336 2626 2484 2670; x_wconf 90' lang='lat' dir='ltr'><strong><em>cum</em></strong></span> <span class='ocrx_word' id='word_1_297' title='bbox 2516 2628 2553 2673; x_wconf 90' lang='lat' dir='ltr'><strong><em>e</em></strong></span> <span class='ocrx_word' id='word_1_298' title='bbox 2588 2618 2835 2684; x_wconf 89' lang='lat' dir='ltr'><strong><em>contra,</em></strong></span> <span class='ocrx_word' id='word_1_299' title='bbox 2891 2610 3064 2672; x_wconf 89' lang='lat' dir='ltr'><strong><em>sicut</em></strong></span> <span class='ocrx_word' id='word_1_300' title='bbox 3114 2612 3302 2672; x_wconf 87' lang='lat' dir='ltr'><strong><em>Pater</em></strong></span> <span class='ocrx_word' id='word_1_301' title='bbox 3355 2618 3420 2672; x_wconf 88' lang='lat' dir='ltr'><strong><em>et</em></strong></span> 
     </span>
    </p>
   </div>
   <div class='ocr_carea' id='block_1_25' title="bbox 130 2701 3425 2787">
    <p class='ocr_par' dir='ltr' id='par_1_25' title="bbox 130 2701 3425 2787">
     <span class='ocr_line' id='line_1_25' title="bbox 130 2701 3425 2787; baseline 0.002 -24"><span class='ocrx_word' id='word_1_302' title='bbox 130 2702 361 2776; x_wconf 84' lang='lat' dir='ltr'><strong><em>Filius,</em></strong></span> <span class='ocrx_word' id='word_1_303' title='bbox 388 2711 690 2781; x_wconf 87' lang='lat' dir='ltr'><strong><em>quantum</em></strong></span> <span class='ocrx_word' id='word_1_304' title='bbox 720 2701 804 2763; x_wconf 86' lang='lat' dir='ltr'><strong><em>ad</em></strong></span> <span class='ocrx_word' id='word_1_305' title='bbox 838 2704 954 2765; x_wconf 81' lang='lat' dir='ltr'><strong><em>hoc</em></strong></span> <span class='ocrx_word' id='word_1_306' title='bbox 976 2701 1145 2783; x_wconf 91' lang='lat' dir='ltr'><strong><em>quod</em></strong></span> <span class='ocrx_word' id='word_1_307' title='bbox 1174 2712 1267 2764; x_wconf 88' lang='lat' dir='ltr'><strong><em>est</em></strong></span> <span class='ocrx_word' id='word_1_308' title='bbox 1301 2720 1439 2763; x_wconf 87' lang='lat' dir='ltr'><strong><em>esse</em></strong></span> <span class='ocrx_word' id='word_1_309' title='bbox 1460 2703 1867 2782; x_wconf 86' lang='lat' dir='ltr'><strong><em>principium</em></strong></span> <span class='ocrx_word' id='word_1_310' title='bbox 1901 2704 2193 2783; x_wconf 86' lang='lat' dir='ltr'><strong><em>Spiritus</em></strong></span> <span class='ocrx_word' id='word_1_311' title='bbox 2223 2707 2458 2780; x_wconf 87' lang='lat' dir='ltr'><strong><em>sancti,</em></strong></span> <span class='ocrx_word' id='word_1_312' title='bbox 2494 2722 2623 2767; x_wconf 90' lang='lat' dir='ltr'><strong><em>non</em></strong></span> <span class='ocrx_word' id='word_1_313' title='bbox 2658 2714 3092 2787; x_wconf 81' lang='lat' dir='ltr'><strong><em>apponuntur</em></strong></span> <span class='ocrx_word' id='word_1_314' title='bbox 3123 2729 3138 2767; x_wconf 91' lang='lat'><strong>:</strong></span> <span class='ocrx_word' id='word_1_315' title='bbox 3172 2708 3258 2768; x_wconf 88' lang='lat' dir='ltr'><strong><em>ita</em></strong></span> <span class='ocrx_word' id='word_1_316' title='bbox 3301 2704 3425 2768; x_wconf 85' lang='lat' dir='ltr'><strong><em>mi-</em></strong></span> 
     </span>
    </p>
   </div>
   <div class='ocr_carea' id='block_1_26' title="bbox 134 2798 3425 2883">
    <p class='ocr_par' dir='ltr' id='par_1_26' title="bbox 134 2798 3425 2883">
     <span class='ocr_line' id='line_1_26' title="bbox 134 2798 3425 2883; baseline 0.002 -22"><span class='ocrx_word' id='word_1_317' title='bbox 134 2800 307 2862; x_wconf 88' lang='lat' dir='ltr'><strong><em>nime</em></strong></span> <span class='ocrx_word' id='word_1_318' title='bbox 347 2800 860 2879; x_wconf 79' lang='lat' dir='ltr'><strong><em>distinguantur,</em></strong></span> <span class='ocrx_word' id='word_1_319' title='bbox 894 2800 1009 2863; x_wconf 80' lang='lat' dir='ltr'><strong><em>sed</em></strong></span> <span class='ocrx_word' id='word_1_320' title='bbox 1054 2799 1189 2862; x_wconf 70' lang='lat' dir='ltr'><strong><em>sint</em></strong></span> <span class='ocrx_word' id='word_1_321' title='bbox 1220 2799 1355 2861; x_wconf 90' lang='lat' dir='ltr'><strong><em>duo</em></strong></span> <span class='ocrx_word' id='word_1_322' title='bbox 1384 2798 1729 2879; x_wconf 84' lang='lat' dir='ltr'><strong><em>supposita</em></strong></span> <span class='ocrx_word' id='word_1_323' title='bbox 1759 2816 1905 2861; x_wconf 89' lang='lat' dir='ltr'><strong><em>cum</em></strong></span> <span class='ocrx_word' id='word_1_324' title='bbox 1932 2817 2062 2863; x_wconf 89' lang='lat' dir='ltr'><strong><em>una</em></strong></span> <span class='ocrx_word' id='word_1_325' title='bbox 2093 2801 2458 2881; x_wconf 87' lang='lat' dir='ltr'><strong><em>eademque</em></strong></span> <span class='ocrx_word' id='word_1_326' title='bbox 2496 2803 2815 2881; x_wconf 89' lang='lat' dir='ltr'><strong><em>Spiritum</em></strong></span> <span class='ocrx_word' id='word_1_327' title='bbox 2844 2811 3143 2867; x_wconf 89' lang='lat' dir='ltr'><strong><em>sanctum</em></strong></span> <span class='ocrx_word' id='word_1_328' title='bbox 3176 2803 3425 2883; x_wconf 86' lang='lat' dir='ltr'><strong><em>produ-</em></strong></span> 
     </span>
    </p>
   </div>
   <div class='ocr_carea' id='block_1_27' title="bbox 134 2889 1408 2959">
    <p class='ocr_par' dir='ltr' id='par_1_27' title="bbox 134 2889 1408 2959">
     <span class='ocr_line' id='line_1_27' title="bbox 134 2889 1408 2959; baseline -0.002 0"><span class='ocrx_word' id='word_1_329' title='bbox 134 2896 317 2959; x_wconf 84' lang='lat' dir='ltr'><strong><em>cendi</em></strong></span> <span class='ocrx_word' id='word_1_330' title='bbox 374 2896 636 2959; x_wconf 84' lang='lat' dir='ltr'><strong><em>virtute.</em></strong></span> <span class='ocrx_word' id='word_1_331' title='bbox 1405 2889 1408 2892; x_wconf 66' lang='grc'><em>’</em></span> 
     </span>
    </p>
   </div>
   <div class='ocr_carea' id='block_1_28' title="bbox 202 2969 3419 3076">
    <p class='ocr_par' dir='ltr' id='par_1_28' title="bbox 202 2969 3419 3076">
     <span class='ocr_line' id='line_1_28' title="bbox 202 2969 3419 3076; baseline 0.001 -22"><span class='ocrx_word' id='word_1_332' title='bbox 202 2991 355 3074; x_wconf 80' lang='grc'><strong><em>(12.)</em></strong></span> <span class='ocrx_word' id='word_1_333' title='bbox 388 2994 616 3055; x_wconf 86' lang='lat' dir='ltr'><strong><em>Fuerit</em></strong></span> <span class='ocrx_word' id='word_1_334' title='bbox 662 3009 819 3068; x_wconf 85' lang='lat' dir='ltr'><strong><em>ergo</em></strong></span> <span class='ocrx_word' id='word_1_335' title='bbox 869 2993 1120 3067; x_wconf 82' lang='lat' dir='ltr'><strong><em>Filius,</em></strong></span> <span class='ocrx_word' id='word_1_336' title='bbox 1168 2991 1418 3073; x_wconf 86' lang='lat' dir='ltr'><strong><em>inquis,</em></strong></span> <span class='ocrx_word' id='word_1_337' title='bbox 1458 2992 1722 3074; x_wconf 88' lang='lat' dir='ltr'><strong><em>Spiritu</em></strong></span> <span class='ocrx_word' id='word_1_338' title='bbox 1767 3001 1989 3055; x_wconf 89' lang='lat' dir='ltr'><strong><em>sancto</em></strong></span> <span class='ocrx_word' id='word_1_339' title='bbox 2041 2994 2301 3076; x_wconf 88' lang='lat' dir='ltr'><strong><em>major?</em></strong></span> <span class='ocrx_word' id='word_1_340' title='bbox 2339 3015 2369 3051; x_wconf 76' lang='grc' dir='ltr'><strong>α</strong></span> <span class='ocrx_word' id='word_1_341' title='bbox 2431 2994 2814 3065; x_wconf 89' lang='lat' dir='ltr'><strong><em>Considera,</em></strong></span> <span class='ocrx_word' id='word_1_342' title='bbox 2861 2996 3119 3075; x_wconf 89' lang='lat' dir='ltr'><strong><em>reponit</em></strong></span> <span class='ocrx_word' id='word_1_343' title='bbox 3176 2969 3419 3058; x_wconf 67' lang='lat' dir='ltr'><strong><em>Becclis</em></strong></span> 
     </span>
    </p>
   </div>
   <div class='ocr_carea' id='block_1_29' title="bbox 132 3090 3419 3171">
    <p class='ocr_par' dir='ltr' id='par_1_29' title="bbox 132 3090 3419 3171">
     <span class='ocr_line' id='line_1_29' title="bbox 132 3090 3419 3171; baseline 0.001 -18"><span class='ocrx_word' id='word_1_344' title='bbox 132 3107 310 3153; x_wconf 80' lang='lat' dir='ltr'><strong><em>num.</em></strong></span> <span class='ocrx_word' id='word_1_345' title='bbox 344 3092 453 3164; x_wconf 82' lang='lat'><strong><em>67,</em></strong></span> <span class='ocrx_word' id='word_1_346' title='bbox 498 3108 580 3154; x_wconf 90' lang='lat' dir='ltr'><strong><em>ne</em></strong></span> <span class='ocrx_word' id='word_1_347' title='bbox 611 3090 731 3152; x_wconf 90' lang='lat' dir='ltr'><strong><em>tibi</em></strong></span> <span class='ocrx_word' id='word_1_348' title='bbox 756 3090 890 3153; x_wconf 64' lang='lat' dir='ltr'><strong><em>haec</em></strong></span> <span class='ocrx_word' id='word_1_349' title='bbox 913 3090 1235 3153; x_wconf 89' lang='lat' dir='ltr'><strong><em>dubitatio</em></strong></span> <span class='ocrx_word' id='word_1_350' title='bbox 1266 3090 1333 3153; x_wconf 91' lang='lat' dir='ltr'><strong><em>in</em></strong></span> <span class='ocrx_word' id='word_1_351' title='bbox 1360 3093 1788 3171; x_wconf 84' lang='lat' dir='ltr'><strong><em>Opprobrium</em></strong></span> <span class='ocrx_word' id='word_1_352' title='bbox 1828 3098 2141 3165; x_wconf 85' lang='lat' dir='ltr'><strong><em>vertatur,</em></strong></span> <span class='ocrx_word' id='word_1_353' title='bbox 2167 3092 2223 3154; x_wconf 88' lang='lat' dir='ltr'><strong><em>si</em></strong></span> <span class='ocrx_word' id='word_1_354' title='bbox 2251 3092 2452 3155; x_wconf 84' lang='lat' dir='ltr'><strong><em>Italus</em></strong></span> <span class='ocrx_word' id='word_1_355' title='bbox 2475 3109 2785 3171; x_wconf 85' lang='lat' dir='ltr'><strong><em>magnum</em></strong></span> <span class='ocrx_word' id='word_1_356' title='bbox 2830 3093 2949 3154; x_wconf 89' lang='lat' dir='ltr'><strong><em>tibi</em></strong></span> <span class='ocrx_word' id='word_1_357' title='bbox 2989 3093 3419 3157; x_wconf 86' lang='lat' dir='ltr'><strong><em>Athanasium</em></strong></span> 
     </span>
    </p>
   </div>
   <div class='ocr_carea' id='block_1_30' title="bbox 133 3186 3419 3269">
    <p class='ocr_par' dir='ltr' id='par_1_30' title="bbox 133 3186 3419 3269">
     <span class='ocr_line' id='line_1_30' title="bbox 133 3186 3419 3269; baseline 0.002 -22"><span class='ocrx_word' id='word_1_358' title='bbox 133 3190 443 3266; x_wconf 89' lang='lat' dir='ltr'><strong><em>producet</em></strong></span> <span class='ocrx_word' id='word_1_359' title='bbox 466 3188 757 3250; x_wconf 87' lang='lat' dir='ltr'><strong><em>oratione</em></strong></span> <span class='ocrx_word' id='word_1_360' title='bbox 789 3186 1153 3250; x_wconf 78' lang='lat' dir='ltr'><strong><em>iAdversus</em></strong></span> <span class='ocrx_word' id='word_1_361' title='bbox 1187 3188 1459 3249; x_wconf 78' lang='lat' dir='ltr'><strong><em>Arianos</em></strong></span> <span class='ocrx_word' id='word_1_362' title='bbox 1491 3190 1703 3268; x_wconf 88' lang='lat' dir='ltr'><strong><em>(num.</em></strong></span> <span class='ocrx_word' id='word_1_363' title='bbox 1733 3188 1835 3268; x_wconf 76' lang='lat'><strong><em>50)</em></strong></span> <span class='ocrx_word' id='word_1_364' title='bbox 1870 3189 2002 3251; x_wconf 74' lang='lat' dir='ltr'><strong><em>haec</em></strong></span> <span class='ocrx_word' id='word_1_365' title='bbox 2034 3188 2401 3252; x_wconf 88' lang='lat' dir='ltr'><strong><em>tradentem</em></strong></span> <span class='ocrx_word' id='word_1_366' title='bbox 2441 3210 2460 3252; x_wconf 87' lang='lat'><strong>:</strong></span> <span class='ocrx_word' id='word_1_367' title='bbox 2504 3190 2869 3269; x_wconf 85' lang='lat' dir='ltr'><strong><em>Discipulis</em></strong></span> <span class='ocrx_word' id='word_1_368' title='bbox 2905 3192 3215 3256; x_wconf 79' lang='lat' dir='ltr'><strong><em>Dominus</em></strong></span> <span class='ocrx_word' id='word_1_369' title='bbox 3275 3190 3419 3253; x_wconf 86' lang='lat' dir='ltr'><strong><em>dei-</em></strong></span> 
     </span>
    </p>
   </div>
   <div class='ocr_carea' id='block_1_31' title="bbox 130 3272 3423 3368">
    <p class='ocr_par' dir='ltr' id='par_1_31' title="bbox 130 3272 3423 3368">
     <span class='ocr_line' id='line_1_31' title="bbox 130 3272 3423 3368; baseline 0.002 -23"><span class='ocrx_word' id='word_1_370' title='bbox 130 3284 314 3346; x_wconf 82' lang='lat' dir='ltr'><strong><em>tatem</em></strong></span> <span class='ocrx_word' id='word_1_371' title='bbox 341 3290 415 3345; x_wconf 74' lang='lat' dir='ltr'><strong><em>et’</em></strong></span> <span class='ocrx_word' id='word_1_372' title='bbox 438 3284 935 3363; x_wconf 76' lang='lat' dir='ltr'><strong><em>magnitudinem</em></strong></span> <span class='ocrx_word' id='word_1_373' title='bbox 958 3302 1138 3344; x_wconf 91' lang='lat' dir='ltr'><strong><em>suam</em></strong></span> <span class='ocrx_word' id='word_1_374' title='bbox 1170 3281 1529 3357; x_wconf 79' lang='lat' dir='ltr'><strong><em>ostendens,</em></strong></span> <span class='ocrx_word' id='word_1_375' title='bbox 1560 3301 1691 3344; x_wconf 90' lang='lat' dir='ltr'><strong><em>non</em></strong></span> <span class='ocrx_word' id='word_1_376' title='bbox 1718 3286 2029 3345; x_wconf 89' lang='lat' dir='ltr'><strong><em>minorem</em></strong></span> <span class='ocrx_word' id='word_1_377' title='bbox 2058 3272 2465 3364; x_wconf 71' lang='lat' dir='ltr'><strong><em>se‘metipsum</em></strong></span> <span class='ocrx_word' id='word_1_378' title='bbox 2494 3286 2779 3365; x_wconf 89' lang='lat' dir='ltr'><strong><em>Spiritu,</em></strong></span> <span class='ocrx_word' id='word_1_379' title='bbox 2846 3286 2956 3347; x_wconf 88' lang='lat' dir='ltr'><strong><em>sed</em></strong></span> <span class='ocrx_word' id='word_1_380' title='bbox 3009 3289 3313 3368; x_wconf 87' lang='lat' dir='ltr'><strong><em>majorem</em></strong></span> <span class='ocrx_word' id='word_1_381' title='bbox 3360 3297 3423 3350; x_wconf 92' lang='lat' dir='ltr'><strong><em>et</em></strong></span> 
     </span>
    </p>
   </div>
   <div class='ocr_carea' id='block_1_32' title="bbox 129 3377 3424 3465">
    <p class='ocr_par' dir='ltr' id='par_1_32' title="bbox 129 3377 3424 3465">
     <span class='ocr_line' id='line_1_32' title="bbox 129 3377 3424 3465; baseline 0.002 -26"><span class='ocrx_word' id='word_1_382' title='bbox 129 3378 427 3460; x_wconf 64' lang='lat' dir='ltr'><strong><em>aqualem</em></strong></span> <span class='ocrx_word' id='word_1_383' title='bbox 472 3398 601 3440; x_wconf 89' lang='lat' dir='ltr'><strong><em>esse</em></strong></span> <span class='ocrx_word' id='word_1_384' title='bbox 631 3378 1032 3464; x_wconf 73' lang='lat' dir='ltr'><strong><em>signiﬁcem,</em></strong></span> <span class='ocrx_word' id='word_1_385' title='bbox 1061 3377 1353 3440; x_wconf 85' lang='lat' dir='ltr'><strong><em>tradebat</em></strong></span> <span class='ocrx_word' id='word_1_386' title='bbox 1384 3379 1728 3458; x_wconf 89' lang='lat' dir='ltr'><strong><em>Spiritum,</em></strong></span> <span class='ocrx_word' id='word_1_387' title='bbox 1773 3379 2141 3461; x_wconf 87' lang='lat' dir='ltr'><strong><em>dicebatque</em></strong></span> <span class='ocrx_word' id='word_1_388' title='bbox 2175 3402 2195 3441; x_wconf 90' lang='lat'><strong><em>:</em></strong></span> <span class='ocrx_word' id='word_1_389' title='bbox 2227 3382 2365 3459; x_wconf 84' lang='lat' dir='ltr'><strong><em>Ego</em></strong></span> <span class='ocrx_word' id='word_1_390' title='bbox 2419 3381 2604 3443; x_wconf 84' lang='lat' dir='ltr'><strong><em>illum</em></strong></span> <span class='ocrx_word' id='word_1_391' title='bbox 2660 3386 2871 3456; x_wconf 89' lang='lat' dir='ltr'><strong><em>mitto,</em></strong></span> <span class='ocrx_word' id='word_1_392' title='bbox 2905 3393 2964 3443; x_wconf 93' lang='lat' dir='ltr'><strong><em>et</em></strong></span> <span class='ocrx_word' id='word_1_393' title='bbox 3000 3385 3139 3464; x_wconf 91' lang='lat' dir='ltr'><strong><em>ipse</em></strong></span> <span class='ocrx_word' id='word_1_394' title='bbox 3163 3405 3256 3445; x_wconf 90' lang='lat' dir='ltr'><strong><em>me</em></strong></span> <span class='ocrx_word' id='word_1_395' title='bbox 3282 3384 3424 3465; x_wconf 89' lang='lat' dir='ltr'><strong><em>glo-</em></strong></span> 
     </span>
    </p>
   </div>
   <div class='ocr_carea' id='block_1_33' title="bbox 133 3472 3423 3555">
    <p class='ocr_par' dir='ltr' id='par_1_33' title="bbox 133 3472 3423 3555">
     <span class='ocr_line' id='line_1_33' title="bbox 133 3472 3423 3555; baseline 0.002 -20"><span class='ocrx_word' id='word_1_396' title='bbox 133 3475 437 3553; x_wconf 70' lang='lat' dir='ltr'><strong><em>riﬁcabit,</em></strong></span> <span class='ocrx_word' id='word_1_397' title='bbox 487 3482 549 3535; x_wconf 91' lang='lat' dir='ltr'><strong><em>et</em></strong></span> <span class='ocrx_word' id='word_1_398' title='bbox 587 3491 967 3555; x_wconf 68' lang='lat' dir='ltr'><strong><em>quacunque</em></strong></span> <span class='ocrx_word' id='word_1_399' title='bbox 1016 3472 1257 3547; x_wconf 87' lang='lat' dir='ltr'><strong><em>audiet,</em></strong></span> <span class='ocrx_word' id='word_1_400' title='bbox 1309 3473 1626 3553; x_wconf 84' lang='lat' dir='ltr'><strong><em>loquetur.</em></strong></span> <span class='ocrx_word' id='word_1_401' title='bbox 1670 3493 1708 3530; x_wconf 72' lang='grc' dir='ltr'><strong><em>ι·</em></strong></span> <span class='ocrx_word' id='word_1_402' title='bbox 1731 3477 1801 3536; x_wconf 91' lang='lat' dir='ltr'><strong><em>In</em></strong></span> <span class='ocrx_word' id='word_1_403' title='bbox 1838 3477 2197 3541; x_wconf 83' lang='lat' dir='ltr'><strong><em>Parisiensi</em></strong></span> <span class='ocrx_word' id='word_1_404' title='bbox 2260 3478 2743 3541; x_wconf 79' lang='lat' dir='ltr'><strong><em>Montfauconii</em></strong></span> <span class='ocrx_word' id='word_1_405' title='bbox 2789 3480 3082 3544; x_wconf 87' lang='lat' dir='ltr'><strong><em>editione</em></strong></span> <span class='ocrx_word' id='word_1_406' title='bbox 3115 3500 3262 3555; x_wconf 82' lang='lat' dir='ltr'><strong><em>vox,</em></strong></span> <span class='ocrx_word' id='word_1_407' title='bbox 3302 3484 3423 3554; x_wconf 80' lang='grc' dir='ltr'><strong><em>μει-</em></strong></span> 
     </span>
    </p>
   </div>
   <div class='ocr_carea' id='block_1_34' title="bbox 133 3570 3424 3655">
    <p class='ocr_par' dir='ltr' id='par_1_34' title="bbox 133 3570 3424 3655">
     <span class='ocr_line' id='line_1_34' title="bbox 133 3570 3424 3655; baseline 0.004 -24"><span class='ocrx_word' id='word_1_408' title='bbox 133 3571 281 3655; x_wconf 65' lang='grc' dir='ltr'>ζᾳνα.</span> <span class='ocrx_word' id='word_1_409' title='bbox 312 3572 642 3653; x_wconf 83' lang='lat' dir='ltr'><strong><em>majorem,</em></strong></span> <span class='ocrx_word' id='word_1_410' title='bbox 674 3570 1100 3633; x_wconf 89' lang='lat' dir='ltr'><strong><em>desideratur.</em></strong></span> <span class='ocrx_word' id='word_1_411' title='bbox 1150 3570 1400 3631; x_wconf 84' lang='lat' dir='ltr'><strong><em>Habent</em></strong></span> <span class='ocrx_word' id='word_1_412' title='bbox 1434 3570 1610 3631; x_wconf 88' lang='lat' dir='ltr'><strong><em>illam</em></strong></span> <span class='ocrx_word' id='word_1_413' title='bbox 1643 3572 1964 3635; x_wconf 90' lang='lat' dir='ltr'><strong><em>editiones</em></strong></span> <span class='ocrx_word' id='word_1_414' title='bbox 1988 3574 2158 3645; x_wconf 70' lang='lat' dir='ltr'><strong><em>alim,</em></strong></span> <span class='ocrx_word' id='word_1_415' title='bbox 2188 3592 2261 3637; x_wconf 89' lang='lat' dir='ltr'><strong><em>ac</em></strong></span> <span class='ocrx_word' id='word_1_416' title='bbox 2292 3592 2451 3639; x_wconf 88' lang='lat' dir='ltr'><strong><em>mss.</em></strong></span> <span class='ocrx_word' id='word_1_417' title='bbox 2513 3577 2773 3639; x_wconf 89' lang='lat' dir='ltr'><strong><em>codices</em></strong></span> <span class='ocrx_word' id='word_1_418' title='bbox 2807 3576 3044 3655; x_wconf 90' lang='lat' dir='ltr'><strong><em>aliqui.</em></strong></span> <span class='ocrx_word' id='word_1_419' title='bbox 3075 3581 3172 3641; x_wconf 86' lang='lat' dir='ltr'><strong><em>Ad</em></strong></span> <span class='ocrx_word' id='word_1_420' title='bbox 3243 3580 3424 3645; x_wconf 87' lang='lat' dir='ltr'><strong><em>hunc</em></strong></span> 
     </span>
    </p>
   </div>
   <div class='ocr_carea' id='block_1_35' title="bbox 131 3665 3422 3756">
    <p class='ocr_par' dir='ltr' id='par_1_35' title="bbox 131 3665 3422 3756">
     <span class='ocr_line' id='line_1_35' title="bbox 131 3665 3422 3756; baseline 0.003 -28"><span class='ocrx_word' id='word_1_421' title='bbox 131 3666 685 3730; x_wconf 81' lang='lat' dir='ltr'><strong><em>locumadmonet</em></strong></span> <span class='ocrx_word' id='word_1_422' title='bbox 716 3668 1012 3728; x_wconf 87' lang='lat' dir='ltr'><strong><em>laudatus</em></strong></span> <span class='ocrx_word' id='word_1_423' title='bbox 1050 3665 1287 3734; x_wconf 90' lang='lat' dir='ltr'><strong><em>editor,</em></strong></span> <span class='ocrx_word' id='word_1_424' title='bbox 1313 3666 1379 3727; x_wconf 92' lang='lat' dir='ltr'><strong><em>in</em></strong></span> <span class='ocrx_word' id='word_1_425' title='bbox 1424 3667 1713 3746; x_wconf 79' lang='lat' dir='ltr'><strong><em>margine</em></strong></span> <span class='ocrx_word' id='word_1_426' title='bbox 1744 3670 1988 3731; x_wconf 82' lang='lat' dir='ltr'><strong><em>codicis</em></strong></span> <span class='ocrx_word' id='word_1_427' title='bbox 2015 3670 2413 3733; x_wconf 87' lang='lat' dir='ltr'><strong><em>Basileensis</em></strong></span> <span class='ocrx_word' id='word_1_428' title='bbox 2472 3672 2605 3734; x_wconf 65' lang='lat' dir='ltr'><strong><em>haec</em></strong></span> <span class='ocrx_word' id='word_1_429' title='bbox 2632 3675 2973 3735; x_wconf 78' lang='lat' dir='ltr'><strong><em>adnotari:</em></strong></span> <span class='ocrx_word' id='word_1_430' title='bbox 3034 3674 3211 3749; x_wconf 73' lang='lat' dir='ltr'><strong><em>Vide,</em></strong></span> <span class='ocrx_word' id='word_1_431' title='bbox 3262 3694 3422 3756; x_wconf 87' lang='lat' dir='ltr'><strong><em>quo-</em></strong></span> 
     </span>
    </p>
   </div>
   <div class='ocr_carea' id='block_1_36' title="bbox 132 3762 3421 3856">
    <p class='ocr_par' dir='ltr' id='par_1_36' title="bbox 132 3762 3421 3856">
     <span class='ocr_line' id='line_1_36' title="bbox 132 3762 3421 3856; baseline 0.004 -32"><span class='ocrx_word' id='word_1_432' title='bbox 132 3762 305 3824; x_wconf 74' lang='lat' dir='ltr'><strong><em>modo</em></strong></span> <span class='ocrx_word' id='word_1_433' title='bbox 336 3764 551 3826; x_wconf 88' lang='lat' dir='ltr'><strong><em>Filius</em></strong></span> <span class='ocrx_word' id='word_1_434' title='bbox 574 3764 831 3843; x_wconf 79' lang='lat' dir='ltr'><strong><em>xqualis</em></strong></span> <span class='ocrx_word' id='word_1_435' title='bbox 866 3772 925 3827; x_wconf 88' lang='lat' dir='ltr'><strong><em>et</em></strong></span> <span class='ocrx_word' id='word_1_436' title='bbox 949 3763 1153 3844; x_wconf 84' lang='lat' dir='ltr'><strong><em>major</em></strong></span> <span class='ocrx_word' id='word_1_437' title='bbox 1184 3764 1269 3825; x_wconf 92' lang='lat' dir='ltr'><strong><em>sit</em></strong></span> <span class='ocrx_word' id='word_1_438' title='bbox 1305 3763 1566 3842; x_wconf 84' lang='lat' dir='ltr'><strong><em>Spiritu</em></strong></span> <span class='ocrx_word' id='word_1_439' title='bbox 1591 3784 1613 3824; x_wconf 93' lang='lat'><strong><em>:</em></strong></span> <span class='ocrx_word' id='word_1_440' title='bbox 1650 3766 1908 3844; x_wconf 77' lang='lat' dir='ltr'><strong><em>xqualis</em></strong></span> <span class='ocrx_word' id='word_1_441' title='bbox 1932 3766 2185 3847; x_wconf 82' lang='lat' dir='ltr'><strong><em>quidem</em></strong></span> <span class='ocrx_word' id='word_1_442' title='bbox 2212 3769 2561 3833; x_wconf 88' lang='lat' dir='ltr'><strong><em>secundum</em></strong></span> <span class='ocrx_word' id='word_1_443' title='bbox 2583 3770 3015 3847; x_wconf 88' lang='lat' dir='ltr'><strong><em>divinitatem,</em></strong></span> <span class='ocrx_word' id='word_1_444' title='bbox 3033 3775 3240 3856; x_wconf 87' lang='lat' dir='ltr'><strong><em>major</em></strong></span> <span class='ocrx_word' id='word_1_445' title='bbox 3269 3792 3421 3837; x_wconf 88' lang='lat' dir='ltr'><strong><em>vero</em></strong></span> 
     </span>
    </p>
   </div>
   <div class='ocr_carea' id='block_1_37' title="bbox 132 3859 3423 3950">
    <p class='ocr_par' dir='ltr' id='par_1_37' title="bbox 132 3859 3423 3950">
     <span class='ocr_line' id='line_1_37' title="bbox 132 3859 3423 3950; baseline 0.005 -30"><span class='ocrx_word' id='word_1_446' title='bbox 132 3860 376 3921; x_wconf 87' lang='lat' dir='ltr'><strong><em>ratione</em></strong></span> <span class='ocrx_word' id='word_1_447' title='bbox 399 3876 628 3934; x_wconf 66' lang='lat' dir='ltr'><strong><em>causa,</em></strong></span> <span class='ocrx_word' id='word_1_448' title='bbox 657 3868 731 3921; x_wconf 88' lang='lat' dir='ltr'><strong><em>ut</em></strong></span> <span class='ocrx_word' id='word_1_449' title='bbox 763 3867 819 3920; x_wconf 90' lang='lat' dir='ltr'><strong><em>et</em></strong></span> <span class='ocrx_word' id='word_1_450' title='bbox 841 3860 1033 3920; x_wconf 88' lang='lat' dir='ltr'><strong><em>Pater</em></strong></span> <span class='ocrx_word' id='word_1_451' title='bbox 1061 3860 1202 3938; x_wconf 88' lang='lat' dir='ltr'><strong><em>ipso</em></strong></span> <span class='ocrx_word' id='word_1_452' title='bbox 1250 3859 1444 3922; x_wconf 71' lang='lat' dir='ltr'><strong><em>Verbo</em></strong></span> <span class='ocrx_word' id='word_1_453' title='bbox 1476 3869 1571 3922; x_wconf 84' lang='lat' dir='ltr'><strong><em>est</em></strong></span> <span class='ocrx_word' id='word_1_454' title='bbox 1609 3863 1835 3941; x_wconf 85' lang='lat' dir='ltr'><strong><em>major.</em></strong></span> <span class='ocrx_word' id='word_1_455' title='bbox 1885 3865 2127 3943; x_wconf 88' lang='lat' dir='ltr'><strong><em>Nempe</em></strong></span> <span class='ocrx_word' id='word_1_456' title='bbox 2152 3882 2351 3929; x_wconf 83' lang='lat' dir='ltr'><strong><em>unam</em></strong></span> <span class='ocrx_word' id='word_1_457' title='bbox 2391 3882 2519 3929; x_wconf 78' lang='lat' dir='ltr'><strong><em>vox</em></strong></span> <span class='ocrx_word' id='word_1_458' title='bbox 2565 3867 2683 3931; x_wconf 88' lang='lat' dir='ltr'><strong><em>illa</em></strong></span> <span class='ocrx_word' id='word_1_459' title='bbox 2746 3868 3137 3950; x_wconf 88' lang='lat' dir='ltr'><strong><em>dignitatem</em></strong></span> <span class='ocrx_word' id='word_1_460' title='bbox 3173 3871 3423 3935; x_wconf 89' lang='lat' dir='ltr'><strong><em>indicat</em></strong></span> 
     </span>
    </p>
   </div>
   <div class='ocr_carea' id='block_1_38' title="bbox 133 3955 2880 4033">
    <p class='ocr_par' dir='ltr' id='par_1_38' title="bbox 133 3955 2880 4033">
     <span class='ocr_line' id='line_1_38' title="bbox 133 3955 2880 4033; baseline 0 -16"><span class='ocrx_word' id='word_1_461' title='bbox 133 3956 379 4019; x_wconf 82' lang='lat' dir='ltr'><strong><em>ratione</em></strong></span> <span class='ocrx_word' id='word_1_462' title='bbox 413 3955 721 4033; x_wconf 84' lang='lat' dir='ltr'><strong><em>originis.</em></strong></span> <span class='ocrx_word' id='word_1_463' title='bbox 1557 3968 1561 3973; x_wconf 83' lang='grc'><strong>’</strong></span> <span class='ocrx_word' id='word_1_464' title='bbox 2876 3984 2880 3989; x_wconf 93' lang='grc'><strong>·</strong></span> 
     </span>
    </p>
   </div>
   <div class='ocr_carea' id='block_1_39' title="bbox 202 4049 3415 4145">
    <p class='ocr_par' dir='ltr' id='par_1_39' title="bbox 202 4049 3415 4145">
     <span class='ocr_line' id='line_1_39' title="bbox 202 4049 3415 4145; baseline 0.006 -33"><span class='ocrx_word' id='word_1_465' title='bbox 202 4053 305 4115; x_wconf 79' lang='grc'><strong><em>76.</em></strong></span> <span class='ocrx_word' id='word_1_466' title='bbox 364 4049 951 4114; x_wconf 80' lang='lat' dir='ltr'><strong><em>Animadversione</em></strong></span> <span class='ocrx_word' id='word_1_467' title='bbox 1006 4050 1391 4131; x_wconf 88' lang='lat' dir='ltr'><strong><em>dignissima</em></strong></span> <span class='ocrx_word' id='word_1_468' title='bbox 1462 4058 1833 4134; x_wconf 88' lang='lat' dir='ltr'><strong><em>sequuntur</em></strong></span> <span class='ocrx_word' id='word_1_469' title='bbox 1889 4054 2359 4137; x_wconf 87' lang='lat' dir='ltr'><strong><em>Tbeophylaeti</em></strong></span> <span class='ocrx_word' id='word_1_470' title='bbox 2436 4059 2628 4122; x_wconf 86' lang='lat' dir='ltr'><strong><em>verba</em></strong></span> <span class='ocrx_word' id='word_1_471' title='bbox 2678 4062 2746 4123; x_wconf 91' lang='lat' dir='ltr'><strong><em>in</em></strong></span> <span class='ocrx_word' id='word_1_472' title='bbox 2817 4062 3098 4143; x_wconf 86' lang='lat' dir='ltr'><strong><em>epistola</em></strong></span> <span class='ocrx_word' id='word_1_473' title='bbox 3169 4064 3415 4145; x_wconf 67' lang='lat' dir='ltr'><strong><em>saepius</em></strong></span> 
     </span>
    </p>
   </div>
   <div class='ocr_carea' id='block_1_40' title="bbox 133 4146 3418 4240">
    <p class='ocr_par' dir='ltr' id='par_1_40' title="bbox 133 4146 3418 4240">
     <span class='ocr_line' id='line_1_40' title="bbox 133 4146 3418 4240; baseline 0.005 -33"><span class='ocrx_word' id='word_1_474' title='bbox 133 4155 480 4209; x_wconf 88' lang='lat' dir='ltr'><strong><em>memorata</em></strong></span> <span class='ocrx_word' id='word_1_475' title='bbox 536 4147 615 4208; x_wconf 88' lang='lat' dir='ltr'><strong><em>ad</em></strong></span> <span class='ocrx_word' id='word_1_476' title='bbox 672 4146 1013 4209; x_wconf 85' lang='lat' dir='ltr'><strong><em>Nicolaum</em></strong></span> <span class='ocrx_word' id='word_1_477' title='bbox 1073 4148 1422 4210; x_wconf 85' lang='lat' dir='ltr'><strong><em>diaconum</em></strong></span> <span class='ocrx_word' id='word_1_478' title='bbox 1482 4158 1544 4211; x_wconf 91' lang='lat' dir='ltr'><strong><em>et</em></strong></span> <span class='ocrx_word' id='word_1_479' title='bbox 1601 4150 2018 4214; x_wconf 82' lang='lat' dir='ltr'><strong><em>canstrisium</em></strong></span> <span class='ocrx_word' id='word_1_480' title='bbox 2070 4176 2087 4215; x_wconf 89' lang='lat'><strong>:</strong></span> <span class='ocrx_word' id='word_1_481' title='bbox 2139 4155 2213 4217; x_wconf 90' lang='lat' dir='ltr'><strong><em>Si</em></strong></span> <span class='ocrx_word' id='word_1_482' title='bbox 2267 4155 2521 4218; x_wconf 86' lang='lat' dir='ltr'><strong><em>dixeris</em></strong></span> <span class='ocrx_word' id='word_1_483' title='bbox 2581 4168 2641 4219; x_wconf 92' lang='lat' dir='ltr'><strong><em>te</em></strong></span> <span class='ocrx_word' id='word_1_484' title='bbox 2704 4160 3031 4240; x_wconf 78' lang='lat' dir='ltr'><strong><em>afﬁrmare</em></strong></span> <span class='ocrx_word' id='word_1_485' title='bbox 3090 4162 3418 4240; x_wconf 85' lang='lat' dir='ltr'><strong><em>Spiritum</em></strong></span> 
     </span>
    </p>
   </div>
   <div class='ocr_carea' id='block_1_41' title="bbox 135 4243 3413 4337">
    <p class='ocr_par' dir='ltr' id='par_1_41' title="bbox 135 4243 3413 4337">
     <span class='ocr_line' id='line_1_41' title="bbox 135 4243 3413 4337; baseline 0.005 -35"><span class='ocrx_word' id='word_1_486' title='bbox 135 4258 212 4302; x_wconf 82' lang='lat' dir='ltr'><strong><em>ex</em></strong></span> <span class='ocrx_word' id='word_1_487' title='bbox 263 4243 440 4306; x_wconf 86' lang='lat' dir='ltr'><strong><em>Filio</em></strong></span> <span class='ocrx_word' id='word_1_488' title='bbox 472 4243 843 4322; x_wconf 90' lang='lat' dir='ltr'><strong><em>procedere,</em></strong></span> <span class='ocrx_word' id='word_1_489' title='bbox 896 4251 1207 4323; x_wconf 84' lang='lat' dir='ltr'><strong><em>quatenus</em></strong></span> <span class='ocrx_word' id='word_1_490' title='bbox 1254 4244 1331 4307; x_wconf 89' lang='lat' dir='ltr'><strong><em>ab</em></strong></span> <span class='ocrx_word' id='word_1_491' title='bbox 1383 4263 1453 4307; x_wconf 93' lang='lat' dir='ltr'><strong><em>eo</em></strong></span> <span class='ocrx_word' id='word_1_492' title='bbox 1515 4245 1935 4310; x_wconf 84' lang='lat' dir='ltr'><strong><em>distribuitur</em></strong></span> <span class='ocrx_word' id='word_1_493' title='bbox 1984 4258 2045 4311; x_wconf 92' lang='lat' dir='ltr'><strong><em>et</em></strong></span> <span class='ocrx_word' id='word_1_494' title='bbox 2096 4250 2369 4315; x_wconf 89' lang='lat' dir='ltr'><strong><em>datur...</em></strong></span> <span class='ocrx_word' id='word_1_495' title='bbox 2398 4263 2458 4314; x_wconf 88' lang='lat' dir='ltr'><strong><em>et</em></strong></span> <span class='ocrx_word' id='word_1_496' title='bbox 2485 4252 2574 4315; x_wconf 88' lang='lat' dir='ltr'><strong><em>ad</em></strong></span> <span class='ocrx_word' id='word_1_497' title='bbox 2624 4257 2720 4316; x_wconf 89' lang='lat' dir='ltr'><strong><em>ita</em></strong></span> <span class='ocrx_word' id='word_1_498' title='bbox 2752 4256 3136 4331; x_wconf 86' lang='lat' dir='ltr'><strong><em>loquendum</em></strong></span> <span class='ocrx_word' id='word_1_499' title='bbox 3172 4260 3317 4337; x_wconf 87' lang='lat' dir='ltr'><strong><em>cogi</em></strong></span> <span class='ocrx_word' id='word_1_500' title='bbox 3354 4268 3413 4320; x_wconf 90' lang='lat' dir='ltr'><strong><em>te</em></strong></span> 
     </span>
    </p>
   </div>
   <div class='ocr_carea' id='block_1_42' title="bbox 128 4338 3413 4434">
    <p class='ocr_par' dir='ltr' id='par_1_42' title="bbox 128 4338 3413 4434">
     <span class='ocr_line' id='line_1_42' title="bbox 128 4338 3413 4434; baseline 0.005 -35"><span class='ocrx_word' id='word_1_501' title='bbox 128 4339 398 4415; x_wconf 85' lang='lat' dir='ltr'><strong><em>penuria</em></strong></span> <span class='ocrx_word' id='word_1_502' title='bbox 426 4357 677 4411; x_wconf 89' lang='lat' dir='ltr'><strong><em>vocum,</em></strong></span> <span class='ocrx_word' id='word_1_503' title='bbox 709 4340 1066 4418; x_wconf 63' lang='lat' dir='ltr'><strong><em>Latinaeque</em></strong></span> <span class='ocrx_word' id='word_1_504' title='bbox 1095 4338 1329 4420; x_wconf 76' lang='lat' dir='ltr'><strong><em>lingua:</em></strong></span> <span class='ocrx_word' id='word_1_505' title='bbox 1363 4354 1823 4423; x_wconf 89' lang='lat' dir='ltr'><strong><em>paupertate...</em></strong></span> <span class='ocrx_word' id='word_1_506' title='bbox 1853 4366 1963 4427; x_wconf 86' lang='lat' dir='ltr'><strong><em>ego</em></strong></span> <span class='ocrx_word' id='word_1_507' title='bbox 1981 4351 2228 4411; x_wconf 87' lang='lat' dir='ltr'><strong><em>veniam</em></strong></span> <span class='ocrx_word' id='word_1_508' title='bbox 2263 4352 2457 4430; x_wconf 88' lang='lat' dir='ltr'><strong><em>facile</em></strong></span> <span class='ocrx_word' id='word_1_509' title='bbox 2508 4350 2697 4425; x_wconf 91' lang='lat' dir='ltr'><strong><em>dabo,</em></strong></span> <span class='ocrx_word' id='word_1_510' title='bbox 2725 4364 2799 4415; x_wconf 87' lang='lat' dir='ltr'><strong><em>ut</em></strong></span> <span class='ocrx_word' id='word_1_511' title='bbox 2838 4354 2908 4414; x_wconf 89' lang='lat' dir='ltr'><strong><em>in</em></strong></span> <span class='ocrx_word' id='word_1_512' title='bbox 2955 4355 3105 4416; x_wconf 89' lang='lat' dir='ltr'><strong><em>aliis</em></strong></span> <span class='ocrx_word' id='word_1_513' title='bbox 3136 4356 3413 4434; x_wconf 88' lang='lat' dir='ltr'><strong><em>quidem,</em></strong></span> 
     </span>
    </p>
   </div>
   <div class='ocr_carea' id='block_1_43' title="bbox 130 4436 3402 4521">
    <p class='ocr_par' dir='ltr' id='par_1_43' title="bbox 130 4436 3402 4521">
     <span class='ocr_line' id='line_1_43' title="bbox 130 4436 3402 4521; baseline 0.005 -24"><span class='ocrx_word' id='word_1_514' title='bbox 130 4436 237 4497; x_wconf 69' lang='lat' dir='ltr'><strong><em>hoc</em></strong></span> <span class='ocrx_word' id='word_1_515' title='bbox 290 4447 411 4507; x_wconf 87' lang='lat' dir='ltr'><strong><em>est,</em></strong></span> <span class='ocrx_word' id='word_1_516' title='bbox 457 4436 916 4511; x_wconf 87' lang='lat' dir='ltr'><strong><em>communibus,</em></strong></span> <span class='ocrx_word' id='word_1_517' title='bbox 960 4457 1034 4499; x_wconf 91' lang='lat' dir='ltr'><strong><em>ac</em></strong></span> <span class='ocrx_word' id='word_1_518' title='bbox 1102 4440 1286 4500; x_wconf 90' lang='lat' dir='ltr'><strong><em>etiam</em></strong></span> <span class='ocrx_word' id='word_1_519' title='bbox 1344 4442 1786 4506; x_wconf 87' lang='lat' dir='ltr'><strong><em>ecclesiasticis</em></strong></span> <span class='ocrx_word' id='word_1_520' title='bbox 1822 4446 2241 4520; x_wconf 72' lang='lat' dir='ltr'><strong><em>sermonibus;</em></strong></span> <span class='ocrx_word' id='word_1_521' title='bbox 2282 4447 2342 4508; x_wconf 89' lang='lat' dir='ltr'><strong><em>si</em></strong></span> <span class='ocrx_word' id='word_1_522' title='bbox 2393 4448 2572 4521; x_wconf 82' lang='lat' dir='ltr'><strong><em>celis,</em></strong></span> <span class='ocrx_word' id='word_1_523' title='bbox 2623 4448 2883 4510; x_wconf 88' lang='lat' dir='ltr'><strong><em>vocibus</em></strong></span> <span class='ocrx_word' id='word_1_524' title='bbox 2927 4452 3141 4511; x_wconf 88' lang='lat' dir='ltr'><strong><em>utaris</em></strong></span> <span class='ocrx_word' id='word_1_525' title='bbox 3173 4462 3248 4510; x_wconf 92' lang='lat' dir='ltr'><strong><em>ut</em></strong></span> <span class='ocrx_word' id='word_1_526' title='bbox 3278 4450 3402 4514; x_wconf 88' lang='lat' dir='ltr'><strong><em>tibi</em></strong></span> 
     </span>
    </p>
   </div>
   <div class='ocr_carea' id='block_1_44' title="bbox 130 4528 3405 4627">
    <p class='ocr_par' dir='ltr' id='par_1_44' title="bbox 130 4528 3405 4627">
     <span class='ocr_line' id='line_1_44' title="bbox 130 4528 3405 4627; baseline 0.005 -36"><span class='ocrx_word' id='word_1_527' title='bbox 130 4528 341 4610; x_wconf 77' lang='lat' dir='ltr'><strong><em>lingua</em></strong></span> <span class='ocrx_word' id='word_1_528' title='bbox 376 4530 670 4593; x_wconf 86' lang='lat' dir='ltr'><strong><em>concedit</em></strong></span> <span class='ocrx_word' id='word_1_529' title='bbox 707 4554 725 4592; x_wconf 89' lang='lat'><em>:</em></span> <span class='ocrx_word' id='word_1_530' title='bbox 752 4535 1079 4611; x_wconf 77' lang='lat' dir='ltr'><strong><em>prcemissa</em></strong></span> <span class='ocrx_word' id='word_1_531' title='bbox 1114 4543 1316 4596; x_wconf 89' lang='lat' dir='ltr'><strong><em>tamen</em></strong></span> <span class='ocrx_word' id='word_1_532' title='bbox 1344 4541 1744 4607; x_wconf 79' lang='lat' dir='ltr'><strong><em>convenienti</em></strong></span> <span class='ocrx_word' id='word_1_533' title='bbox 1792 4539 2249 4617; x_wconf 88' lang='lat' dir='ltr'><strong><em>declaratione,</em></strong></span> <span class='ocrx_word' id='word_1_534' title='bbox 2273 4562 2357 4605; x_wconf 88' lang='lat' dir='ltr'><strong><em>ne</em></strong></span> <span class='ocrx_word' id='word_1_535' title='bbox 2388 4546 2502 4625; x_wconf 87' lang='lat' dir='ltr'><strong><em>qui</em></strong></span> <span class='ocrx_word' id='word_1_536' title='bbox 2527 4544 2833 4621; x_wconf 88' lang='lat' dir='ltr'><strong><em>audiunt,</em></strong></span> <span class='ocrx_word' id='word_1_537' title='bbox 2860 4547 3160 4625; x_wconf 89' lang='lat' dir='ltr'><strong><em>ignorent</em></strong></span> <span class='ocrx_word' id='word_1_538' title='bbox 3188 4547 3405 4627; x_wconf 83' lang='lat' dir='ltr'><strong><em>dupli-</em></strong></span> 
     </span>
    </p>
   </div>
   <div class='ocr_carea' id='block_1_45' title="bbox 128 4630 3417 4721">
    <p class='ocr_par' dir='ltr' id='par_1_45' title="bbox 128 4630 3417 4721">
     <span class='ocr_line' id='line_1_45' title="bbox 128 4630 3417 4721; baseline 0.007 -35"><span class='ocrx_word' id='word_1_539' title='bbox 128 4640 247 4687; x_wconf 80' lang='lat' dir='ltr'><strong><em>cem</em></strong></span> <span class='ocrx_word' id='word_1_540' title='bbox 274 4646 406 4689; x_wconf 87' lang='lat' dir='ltr'><strong><em>esse</em></strong></span> <span class='ocrx_word' id='word_1_541' title='bbox 436 4630 613 4689; x_wconf 86' lang='lat' dir='ltr'><strong><em>vocis</em></strong></span> <span class='ocrx_word' id='word_1_542' title='bbox 642 4630 1127 4709; x_wconf 80' lang='lat' dir='ltr'><strong><em>intelligentiam</em></strong></span> <span class='ocrx_word' id='word_1_543' title='bbox 1178 4633 1692 4711; x_wconf 87' lang='lat' dir='ltr'><strong><em>(processionem</em></strong></span> <span class='ocrx_word' id='word_1_544' title='bbox 1748 4640 2023 4715; x_wconf 86' lang='lat' dir='ltr'><strong><em>scilicet,</em></strong></span> <span class='ocrx_word' id='word_1_545' title='bbox 2078 4642 2447 4704; x_wconf 85' lang='lat' dir='ltr'><strong><em>secundum</em></strong></span> <span class='ocrx_word' id='word_1_546' title='bbox 2517 4643 2695 4721; x_wconf 90' lang='lat' dir='ltr'><strong><em>quod</em></strong></span> <span class='ocrx_word' id='word_1_547' title='bbox 2744 4660 2776 4704; x_wconf 88' lang='lat' dir='ltr'><strong><em>a</em></strong></span> <span class='ocrx_word' id='word_1_548' title='bbox 2819 4643 2963 4705; x_wconf 90' lang='lat' dir='ltr'><strong><em>solo</em></strong></span> <span class='ocrx_word' id='word_1_549' title='bbox 2996 4646 3176 4706; x_wconf 87' lang='lat' dir='ltr'><strong><em>Patre</em></strong></span> <span class='ocrx_word' id='word_1_550' title='bbox 3223 4645 3417 4709; x_wconf 90' lang='lat' dir='ltr'><strong><em>habet</em></strong></span> 
     </span>
    </p>
   </div>
   <div class='ocr_carea' id='block_1_46' title="bbox 129 4724 3419 4823">
    <p class='ocr_par' dir='ltr' id='par_1_46' title="bbox 129 4724 3419 4823">
     <span class='ocr_line' id='line_1_46' title="bbox 129 4724 3419 4823; baseline 0.006 -39"><span class='ocrx_word' id='word_1_551' title='bbox 129 4739 285 4823; x_wconf 78' lang='lat' dir='ltr'><strong><em>esse,</em></strong></span> <span class='ocrx_word' id='word_1_552' title='bbox 318 4732 383 4788; x_wconf 91' lang='lat' dir='ltr'><strong><em>et</em></strong></span> <span class='ocrx_word' id='word_1_553' title='bbox 415 4724 815 4823; x_wconf 71' lang='lat' dir='ltr'><strong><em>effusionem</em></strong></span> <span class='ocrx_word' id='word_1_554' title='bbox 850 4725 950 4794; x_wconf 76' lang='lat' dir='ltr'><strong><em>vel</em></strong></span> <span class='ocrx_word' id='word_1_555' title='bbox 975 4730 1633 4794; x_wconf 85' lang='lat' dir='ltr'><strong><em>communicationem</em></strong></span> <span class='ocrx_word' id='word_1_556' title='bbox 1668 4735 2003 4818; x_wconf 89' lang='lat' dir='ltr'><strong><em>Spiritus).</em></strong></span> <span class='ocrx_word' id='word_1_557' title='bbox 2037 4738 2120 4800; x_wconf 78' lang='lat' dir='ltr'><strong><em>At</em></strong></span> <span class='ocrx_word' id='word_1_558' title='bbox 2149 4756 2299 4801; x_wconf 88' lang='lat' dir='ltr'><strong><em>vero</em></strong></span> <span class='ocrx_word' id='word_1_559' title='bbox 2329 4740 2400 4802; x_wconf 86' lang='lat' dir='ltr'><strong><em>in</em></strong></span> <span class='ocrx_word' id='word_1_560' title='bbox 2441 4740 2743 4821; x_wconf 81' lang='lat' dir='ltr'><strong><em>Symbolo</em></strong></span> <span class='ocrx_word' id='word_1_561' title='bbox 2813 4741 3100 4820; x_wconf 75' lang='lat' dir='ltr'><strong><em>exprime</em></strong></span> <span class='ocrx_word' id='word_1_562' title='bbox 3149 4761 3419 4823; x_wconf 81' lang='lat' dir='ltr'><strong><em>proces-</em></strong></span> 
     </span>
    </p>
   </div>
   <div class='ocr_carea' id='block_1_47' title="bbox 127 4817 837 4883">
    <p class='ocr_par' dir='ltr' id='par_1_47' title="bbox 127 4817 837 4883">
     <span class='ocr_line' id='line_1_47' title="bbox 127 4817 837 4883; baseline 0.006 -4"><span class='ocrx_word' id='word_1_563' title='bbox 127 4817 355 4881; x_wconf 83' lang='lat' dir='ltr'><strong><em>sionem</em></strong></span> <span class='ocrx_word' id='word_1_564' title='bbox 376 4840 420 4883; x_wconf 92' lang='lat' dir='ltr'><strong><em>a</em></strong></span> <span class='ocrx_word' id='word_1_565' title='bbox 447 4820 601 4881; x_wconf 81' lang='lat' dir='ltr'><strong><em>solo-</em></strong></span> <span class='ocrx_word' id='word_1_566' title='bbox 620 4821 837 4883; x_wconf 90' lang='lat' dir='ltr'><strong><em>Patre.</em></strong></span> 
     </span>
    </p>
   </div>
   <div class='ocr_carea' id='block_1_48' title="bbox 199 4916 3412 5016">
    <p class='ocr_par' dir='ltr' id='par_1_48' title="bbox 199 4916 3412 5016">
     <span class='ocr_line' id='line_1_48' title="bbox 199 4916 3412 5016; baseline 0.007 -37"><span class='ocrx_word' id='word_1_567' title='bbox 199 4916 387 4981; x_wconf 77' lang='lat' dir='ltr'><strong><em>nunc</em></strong></span> <span class='ocrx_word' id='word_1_568' title='bbox 419 4920 570 4980; x_wconf 88' lang='lat' dir='ltr'><strong><em>sine</em></strong></span> <span class='ocrx_word' id='word_1_569' title='bbox 600 4918 805 4982; x_wconf 90' lang='lat' dir='ltr'><strong><em>dubio</em></strong></span> <span class='ocrx_word' id='word_1_570' title='bbox 844 4918 1059 4983; x_wconf 92' lang='lat' dir='ltr'><strong><em>locum</em></strong></span> <span class='ocrx_word' id='word_1_571' title='bbox 1103 4920 1427 4985; x_wconf 87' lang='lat' dir='ltr'><strong><em>indicabat</em></strong></span> <span class='ocrx_word' id='word_1_572' title='bbox 1483 4925 1766 4988; x_wconf 84' lang='lat' dir='ltr'><strong><em>Joannes</em></strong></span> <span class='ocrx_word' id='word_1_573' title='bbox 1798 4929 2040 4993; x_wconf 88' lang='lat' dir='ltr'><strong><em>Beccus</em></strong></span> <span class='ocrx_word' id='word_1_574' title='bbox 2077 4932 2248 4994; x_wconf 90' lang='lat' dir='ltr'><strong><em>inter</em></strong></span> <span class='ocrx_word' id='word_1_575' title='bbox 2278 4932 2579 5013; x_wconf 87' lang='lat' dir='ltr'><strong><em>ejusdem</em></strong></span> <span class='ocrx_word' id='word_1_576' title='bbox 2611 4933 3089 5016; x_wconf 85' lang='lat' dir='ltr'><strong><em>Theophylacti</em></strong></span> <span class='ocrx_word' id='word_1_577' title='bbox 3160 4936 3412 5001; x_wconf 81' lang='lat' dir='ltr'><strong><em>refuta-</em></strong></span> 
     </span>
    </p>
   </div>
   <div class='ocr_carea' id='block_1_49' title="bbox 129 5012 3414 5113">
    <p class='ocr_par' dir='ltr' id='par_1_49' title="bbox 129 5012 3414 5113">
     <span class='ocr_line' id='line_1_49' title="bbox 129 5012 3414 5113; baseline 0.006 -37"><span class='ocrx_word' id='word_1_578' title='bbox 129 5012 355 5091; x_wconf 86' lang='lat' dir='ltr'><strong><em>tiones,</em></strong></span> <span class='ocrx_word' id='word_1_579' title='bbox 394 5031 582 5078; x_wconf 84' lang='lat' dir='ltr'><strong><em>num.</em></strong></span> <span class='ocrx_word' id='word_1_580' title='bbox 617 5017 696 5078; x_wconf 85' lang='lat'><strong>66</strong></span> <span class='ocrx_word' id='word_1_581' title='bbox 724 5040 740 5078; x_wconf 89' lang='lat'><strong>:</strong></span> <span class='ocrx_word' id='word_1_582' title='bbox 778 5040 806 5072; x_wconf 74' lang='grc' dir='ltr'><strong><em>α</em></strong></span> <span class='ocrx_word' id='word_1_583' title='bbox 836 5019 969 5097; x_wconf 88' lang='lat' dir='ltr'><strong><em>Ego</em></strong></span> <span class='ocrx_word' id='word_1_584' title='bbox 998 5018 1259 5081; x_wconf 88' lang='lat' dir='ltr'><strong><em>interim</em></strong></span> <span class='ocrx_word' id='word_1_585' title='bbox 1290 5021 1523 5099; x_wconf 76' lang='lat' dir='ltr'><strong><em>gratias</em></strong></span> <span class='ocrx_word' id='word_1_586' title='bbox 1553 5022 1671 5085; x_wconf 91' lang='lat' dir='ltr'><strong><em>tibi</em></strong></span> <span class='ocrx_word' id='word_1_587' title='bbox 1694 5024 2255 5108; x_wconf 79' lang='lat' dir='ltr'><strong><em>(TheOpbylacte),</em></strong></span> <span class='ocrx_word' id='word_1_588' title='bbox 2289 5045 2413 5109; x_wconf 86' lang='lat' dir='ltr'><strong><em>ago</em></strong></span> <span class='ocrx_word' id='word_1_589' title='bbox 2441 5029 2522 5092; x_wconf 89' lang='lat' dir='ltr'><strong><em>de</em></strong></span> <span class='ocrx_word' id='word_1_590' title='bbox 2548 5030 2719 5093; x_wconf 86' lang='lat' dir='ltr'><strong><em>bona</em></strong></span> <span class='ocrx_word' id='word_1_591' title='bbox 2753 5012 3015 5108; x_wconf 80' lang='lat' dir='ltr'><strong><em>mente;</em></strong></span> <span class='ocrx_word' id='word_1_592' title='bbox 3057 5035 3323 5113; x_wconf 86' lang='lat' dir='ltr'><strong><em>quando</em></strong></span> <span class='ocrx_word' id='word_1_593' title='bbox 3350 5043 3414 5097; x_wconf 86' lang='lat' dir='ltr'><strong><em>te</em></strong></span> 
     </span>
    </p>
   </div>
   <div class='ocr_carea' id='block_1_50' title="bbox 128 5115 3415 5209">
    <p class='ocr_par' dir='ltr' id='par_1_50' title="bbox 128 5115 3415 5209">
     <span class='ocr_line' id='line_1_50' title="bbox 128 5115 3415 5209; baseline 0.007 -36"><span class='ocrx_word' id='word_1_594' title='bbox 128 5115 400 5193; x_wconf 77' lang='lat' dir='ltr'><strong><em>reperio,</em></strong></span> <span class='ocrx_word' id='word_1_595' title='bbox 432 5115 753 5177; x_wconf 87' lang='lat' dir='ltr'><strong><em>unionem</em></strong></span> <span class='ocrx_word' id='word_1_596' title='bbox 795 5115 1098 5179; x_wconf 71' lang='lat' dir='ltr'><strong><em>Ecclesia)</em></strong></span> <span class='ocrx_word' id='word_1_597' title='bbox 1127 5117 1327 5180; x_wconf 78' lang='lat' dir='ltr'><strong><em>veluti</em></strong></span> <span class='ocrx_word' id='word_1_598' title='bbox 1352 5136 1388 5181; x_wconf 89' lang='lat' dir='ltr'><strong><em>a</em></strong></span> <span class='ocrx_word' id='word_1_599' title='bbox 1425 5120 1673 5196; x_wconf 89' lang='lat' dir='ltr'><strong><em>subtili,</em></strong></span> <span class='ocrx_word' id='word_1_600' title='bbox 1700 5121 1879 5201; x_wconf 80' lang='lat' dir='ltr'><strong><em>quod</em></strong></span> <span class='ocrx_word' id='word_1_601' title='bbox 1916 5124 2128 5195; x_wconf 89' lang='lat' dir='ltr'><strong><em>aiunt,</em></strong></span> <span class='ocrx_word' id='word_1_602' title='bbox 2180 5125 2286 5201; x_wconf 76' lang='lat' dir='ltr'><strong><em>ﬁlo</em></strong></span> <span class='ocrx_word' id='word_1_603' title='bbox 2314 5126 2716 5203; x_wconf 83' lang='lat' dir='ltr'><strong><em>appendisse</em></strong></span> <span class='ocrx_word' id='word_1_604' title='bbox 2748 5127 2815 5189; x_wconf 90' lang='lat' dir='ltr'><strong><em>in</em></strong></span> <span class='ocrx_word' id='word_1_605' title='bbox 2868 5128 3029 5201; x_wconf 90' lang='lat' dir='ltr'><strong><em>illis,</em></strong></span> <span class='ocrx_word' id='word_1_606' title='bbox 3075 5147 3222 5209; x_wconf 69' lang='lat' dir='ltr'><strong><em>qua:</em></strong></span> <span class='ocrx_word' id='word_1_607' title='bbox 3252 5130 3415 5196; x_wconf 79' lang='lat' dir='ltr'><strong><em>Italo</em></strong></span> 
     </span>
    </p>
   </div>
   <div class='ocr_carea' id='block_1_51' title="bbox 127 5210 3410 5308">
    <p class='ocr_par' dir='ltr' id='par_1_51' title="bbox 127 5210 3410 5308">
     <span class='ocr_line' id='line_1_51' title="bbox 127 5210 3410 5308; baseline 0.006 -37"><span class='ocrx_word' id='word_1_608' title='bbox 127 5210 416 5274; x_wconf 87' lang='lat' dir='ltr'><strong><em>insinuas</em></strong></span> <span class='ocrx_word' id='word_1_609' title='bbox 453 5229 469 5272; x_wconf 89' lang='lat'>:</span> <span class='ocrx_word' id='word_1_610' title='bbox 501 5212 586 5272; x_wconf 86' lang='lat' dir='ltr'><strong><em>In</em></strong></span> <span class='ocrx_word' id='word_1_611' title='bbox 626 5210 776 5273; x_wconf 89' lang='lat' dir='ltr'><strong><em>aliis</em></strong></span> <span class='ocrx_word' id='word_1_612' title='bbox 805 5211 1055 5292; x_wconf 85' lang='lat' dir='ltr'><strong><em>quidem</em></strong></span> <span class='ocrx_word' id='word_1_613' title='bbox 1090 5214 1358 5276; x_wconf 83' lang='lat' dir='ltr'><strong><em>concedo</em></strong></span> <span class='ocrx_word' id='word_1_614' title='bbox 1388 5216 1527 5288; x_wconf 91' lang='lat' dir='ltr'><strong><em>tibi,</em></strong></span> <span class='ocrx_word' id='word_1_615' title='bbox 1562 5236 1770 5280; x_wconf 83' lang='lat' dir='ltr'><strong><em>vocem</em></strong></span> <span class='ocrx_word' id='word_1_616' title='bbox 1799 5219 2239 5299; x_wconf 82' lang='lat' dir='ltr'><strong><em>usurpandum</em></strong></span> <span class='ocrx_word' id='word_1_617' title='bbox 2267 5223 2563 5303; x_wconf 88' lang='lat' dir='ltr'><strong><em>Spiritus</em></strong></span> <span class='ocrx_word' id='word_1_618' title='bbox 2596 5242 2678 5285; x_wconf 87' lang='lat' dir='ltr'><strong><em>ex</em></strong></span> <span class='ocrx_word' id='word_1_619' title='bbox 2713 5224 2907 5287; x_wconf 86' lang='lat' dir='ltr'><strong><em>Patre</em></strong></span> <span class='ocrx_word' id='word_1_620' title='bbox 2938 5235 2998 5287; x_wconf 88' lang='lat' dir='ltr'><strong><em>et</em></strong></span> <span class='ocrx_word' id='word_1_621' title='bbox 3038 5225 3214 5289; x_wconf 90' lang='lat' dir='ltr'><strong><em>Filio</em></strong></span> <span class='ocrx_word' id='word_1_622' title='bbox 3241 5246 3410 5308; x_wconf 91' lang='lat' dir='ltr'><strong><em>pro-</em></strong></span> 
     </span>
    </p>
   </div>
   <div class='ocr_carea' id='block_1_52' title="bbox 129 5307 3414 5401">
    <p class='ocr_par' dir='ltr' id='par_1_52' title="bbox 129 5307 3414 5401">
     <span class='ocr_line' id='line_1_52' title="bbox 129 5307 3414 5401; baseline 0.007 -34"><span class='ocrx_word' id='word_1_623' title='bbox 129 5309 444 5401; x_wconf 84' lang='lat' dir='ltr'><strong><em>cessionis,</em></strong></span> <span class='ocrx_word' id='word_1_624' title='bbox 483 5318 561 5370; x_wconf 85' lang='lat' dir='ltr'><strong><em>ut</em></strong></span> <span class='ocrx_word' id='word_1_625' title='bbox 595 5307 715 5372; x_wconf 90' lang='lat' dir='ltr'><strong><em>tibi</em></strong></span> <span class='ocrx_word' id='word_1_626' title='bbox 744 5310 966 5386; x_wconf 89' lang='lat' dir='ltr'><strong><em>lingua</em></strong></span> <span class='ocrx_word' id='word_1_627' title='bbox 988 5313 1310 5391; x_wconf 86' lang='lat' dir='ltr'><strong><em>permittit</em></strong></span> <span class='ocrx_word' id='word_1_628' title='bbox 1346 5334 1369 5376; x_wconf 88' lang='lat'><strong><em>:</em></strong></span> <span class='ocrx_word' id='word_1_629' title='bbox 1398 5316 1465 5377; x_wconf 89' lang='lat' dir='ltr'><strong><em>in</em></strong></span> <span class='ocrx_word' id='word_1_630' title='bbox 1492 5318 1929 5380; x_wconf 85' lang='lat' dir='ltr'><strong><em>communibus</em></strong></span> <span class='ocrx_word' id='word_1_631' title='bbox 1956 5321 2177 5397; x_wconf 86' lang='lat' dir='ltr'><strong><em>nempe</em></strong></span> <span class='ocrx_word' id='word_1_632' title='bbox 2205 5321 2607 5383; x_wconf 88' lang='lat' dir='ltr'><strong><em>sermonibus</em></strong></span> <span class='ocrx_word' id='word_1_633' title='bbox 2644 5322 3101 5387; x_wconf 85' lang='lat' dir='ltr'><strong><em>ecclesiasticis</em></strong></span> <span class='ocrx_word' id='word_1_634' title='bbox 3164 5336 3223 5387; x_wconf 89' lang='lat' dir='ltr'><strong><em>et</em></strong></span> <span class='ocrx_word' id='word_1_635' title='bbox 3249 5307 3414 5389; x_wconf 15' lang='lat' dir='ltr'><strong><em>7col-</em></strong></span> 
     </span>
    </p>
   </div>
   <div class='ocr_carea' id='block_1_53' title="bbox 129 5402 3411 5501">
    <p class='ocr_par' dir='ltr' id='par_1_53' title="bbox 129 5402 3411 5501">
     <span class='ocr_line' id='line_1_53' title="bbox 129 5402 3411 5501; baseline 0.006 -34"><span class='ocrx_word' id='word_1_636' title='bbox 129 5402 368 5483; x_wconf 78' lang='lat' dir='ltr'><strong><em>loquiis,</em></strong></span> <span class='ocrx_word' id='word_1_637' title='bbox 402 5407 462 5468; x_wconf 92' lang='lat' dir='ltr'><strong><em>si</em></strong></span> <span class='ocrx_word' id='word_1_638' title='bbox 492 5406 879 5477; x_wconf 85' lang='lat' dir='ltr'><strong><em>allubescat;</em></strong></span> <span class='ocrx_word' id='word_1_639' title='bbox 913 5408 984 5469; x_wconf 90' lang='lat' dir='ltr'><strong><em>in</em></strong></span> <span class='ocrx_word' id='word_1_640' title='bbox 1010 5407 1307 5487; x_wconf 82' lang='lat' dir='ltr'><strong><em>Symbolo</em></strong></span> <span class='ocrx_word' id='word_1_641' title='bbox 1342 5428 1491 5471; x_wconf 86' lang='lat' dir='ltr'><strong><em>vero</em></strong></span> <span class='ocrx_word' id='word_1_642' title='bbox 1522 5412 1682 5485; x_wconf 89' lang='lat' dir='ltr'><strong><em>solo,</em></strong></span> <span class='ocrx_word' id='word_1_643' title='bbox 1715 5432 1846 5474; x_wconf 90' lang='lat' dir='ltr'><strong><em>non</em></strong></span> <span class='ocrx_word' id='word_1_644' title='bbox 1877 5414 2234 5476; x_wconf 87' lang='lat' dir='ltr'><strong><em>concedam.</em></strong></span> <span class='ocrx_word' id='word_1_645' title='bbox 2270 5418 2637 5480; x_wconf 81' lang='lat' dir='ltr'><strong><em>Exosculor</em></strong></span> <span class='ocrx_word' id='word_1_646' title='bbox 2659 5419 2861 5482; x_wconf 89' lang='lat' dir='ltr'><strong><em>animi</em></strong></span> <span class='ocrx_word' id='word_1_647' title='bbox 2904 5422 2998 5483; x_wconf 88' lang='lat' dir='ltr'><strong><em>tui</em></strong></span> <span class='ocrx_word' id='word_1_648' title='bbox 3032 5423 3411 5501; x_wconf 87' lang='lat' dir='ltr'><strong><em>candorem,</em></strong></span> 
     </span>
    </p>
   </div>
   <div class='ocr_carea' id='block_1_54' title="bbox 130 5503 2951 5583">
    <p class='ocr_par' dir='ltr' id='par_1_54' title="bbox 130 5503 2951 5583">
     <span class='ocr_line' id='line_1_54' title="bbox 130 5503 2951 5583; baseline 0.004 -23"><span class='ocrx_word' id='word_1_649' title='bbox 130 5506 189 5561; x_wconf 85' lang='lat' dir='ltr'><strong><em>et</em></strong></span> <span class='ocrx_word' id='word_1_650' title='bbox 212 5518 496 5582; x_wconf 87' lang='lat' dir='ltr'><strong><em>agnosco</em></strong></span> <span class='ocrx_word' id='word_1_651' title='bbox 538 5503 769 5565; x_wconf 89' lang='lat' dir='ltr'><strong><em>unioni</em></strong></span> <span class='ocrx_word' id='word_1_652' title='bbox 805 5512 866 5566; x_wconf 90' lang='lat' dir='ltr'><strong><em>te</em></strong></span> <span class='ocrx_word' id='word_1_653' title='bbox 903 5520 1207 5583; x_wconf 89' lang='lat' dir='ltr'><strong><em>magnum</em></strong></span> <span class='ocrx_word' id='word_1_654' title='bbox 1242 5506 1499 5581; x_wconf 84' lang='lat' dir='ltr'><strong><em>pondus</em></strong></span> <span class='ocrx_word' id='word_1_655' title='bbox 1530 5509 1890 5573; x_wconf 86' lang='lat' dir='ltr'><strong><em>addidisse.</em></strong></span> <span class='ocrx_word' id='word_1_656' title='bbox 1932 5533 1963 5568; x_wconf 70' lang='grc' dir='ltr'><strong><em>ι</em></strong></span> <span class='ocrx_word' id='word_1_657' title='bbox 2946 5506 2951 5509; x_wconf 65' lang='grc'><strong>⁷</strong></span> 
     </span>
    </p>
   </div>
   <div class='ocr_carea' id='block_1_55' title="bbox 197 5600 3382 5691">
    <p class='ocr_par' dir='ltr' id='par_1_55' title="bbox 197 5600 3382 5691">
     <span class='ocr_line' id='line_1_55' title="bbox 197 5600 3382 5691; baseline 0.006 -29"><span class='ocrx_word' id='word_1_658' title='bbox 197 5600 341 5665; x_wconf 65' lang='lat' dir='ltr'><strong><em>Haec</em></strong></span> <span class='ocrx_word' id='word_1_659' title='bbox 389 5603 679 5666; x_wconf 79' lang='lat' dir='ltr'><strong><em>invicem</em></strong></span> <span class='ocrx_word' id='word_1_660' title='bbox 730 5602 887 5675; x_wconf 86' lang='lat' dir='ltr'><strong><em>duo,</em></strong></span> <span class='ocrx_word' id='word_1_661' title='bbox 938 5619 1085 5681; x_wconf 73' lang='lat' dir='ltr'><strong><em>qum</em></strong></span> <span class='ocrx_word' id='word_1_662' title='bbox 1124 5604 1328 5666; x_wconf 80' lang='lat' dir='ltr'><strong><em>tradit</em></strong></span> <span class='ocrx_word' id='word_1_663' title='bbox 1384 5607 1523 5669; x_wconf 90' lang='lat' dir='ltr'><strong><em>loco</em></strong></span> <span class='ocrx_word' id='word_1_664' title='bbox 1553 5602 1749 5671; x_wconf 78' lang='lat' dir='ltr'><strong><em>citato</em></strong></span> <span class='ocrx_word' id='word_1_665' title='bbox 1776 5607 2327 5691; x_wconf 85' lang='lat' dir='ltr'><strong><em>Theophylactus,</em></strong></span> <span class='ocrx_word' id='word_1_666' title='bbox 2363 5628 2592 5691; x_wconf 73' lang='lat' dir='ltr'><strong><em>qumve</em></strong></span> <span class='ocrx_word' id='word_1_667' title='bbox 2624 5614 2870 5675; x_wconf 86' lang='lat' dir='ltr'><strong><em>Beccus</em></strong></span> <span class='ocrx_word' id='word_1_668' title='bbox 2912 5613 3382 5682; x_wconf 63' lang='lat' dir='ltr'><strong><em>animadvertit</em></strong></span> 
     </span>
    </p>
   </div>
   <div class='ocr_carea' id='block_1_56' title="bbox 132 5682 3415 5795">
    <p class='ocr_par' dir='ltr' id='par_1_56' title="bbox 132 5682 3415 5795">
     <span class='ocr_line' id='line_1_56' title="bbox 132 5682 3415 5795; baseline 0.006 -38"><span class='ocrx_word' id='word_1_669' title='bbox 132 5695 336 5761; x_wconf 87' lang='lat' dir='ltr'><strong><em>minus</em></strong></span> <span class='ocrx_word' id='word_1_670' title='bbox 377 5716 669 5767; x_wconf 84' lang='lat' dir='ltr'><strong><em>consona</em></strong></span> <span class='ocrx_word' id='word_1_671' title='bbox 703 5700 1009 5761; x_wconf 82' lang='lat' dir='ltr'><strong><em>videntur</em></strong></span> <span class='ocrx_word' id='word_1_672' title='bbox 1043 5722 1058 5759; x_wconf 91' lang='lat'><strong>:</strong></span> <span class='ocrx_word' id='word_1_673' title='bbox 1096 5717 1309 5779; x_wconf 88' lang='lat' dir='ltr'><strong><em>neque</em></strong></span> <span class='ocrx_word' id='word_1_674' title='bbox 1344 5703 1553 5780; x_wconf 86' lang='lat' dir='ltr'><strong><em>primo</em></strong></span> <span class='ocrx_word' id='word_1_675' title='bbox 1576 5714 1841 5785; x_wconf 87' lang='lat' dir='ltr'><strong><em>aspectu</em></strong></span> <span class='ocrx_word' id='word_1_676' title='bbox 1900 5682 2126 5767; x_wconf 73' lang='lat' dir='ltr'><strong><em>bonam</em></strong></span> <span class='ocrx_word' id='word_1_677' title='bbox 2178 5682 2446 5770; x_wconf 77' lang='lat' dir='ltr'><strong><em>mentem</em></strong></span> <span class='ocrx_word' id='word_1_678' title='bbox 2489 5711 2805 5773; x_wconf 77' lang='lat' dir='ltr'><strong><em>exhibent</em></strong></span> <span class='ocrx_word' id='word_1_679' title='bbox 2838 5713 3032 5773; x_wconf 82' lang='lat' dir='ltr'><strong><em>verba</em></strong></span> <span class='ocrx_word' id='word_1_680' title='bbox 3072 5731 3143 5776; x_wconf 89' lang='lat' dir='ltr'><strong><em>ar</em></strong></span> <span class='ocrx_word' id='word_1_681' title='bbox 3163 5682 3415 5795; x_wconf 73' lang='lat' dir='ltr'><strong><em>chiepi1</em></strong></span> 
     </span>
    </p>
   </div>
   <div class='ocr_carea' id='block_1_57' title="bbox 132 5794 3401 5887">
    <p class='ocr_par' dir='ltr' id='par_1_57' title="bbox 132 5794 3401 5887">
     <span class='ocr_line' id='line_1_57' title="bbox 132 5794 3401 5887; baseline 0.006 -30"><span class='ocrx_word' id='word_1_682' title='bbox 132 5794 320 5862; x_wconf 65' lang='lat' dir='ltr'><strong><em>scopi.</em></strong></span> <span class='ocrx_word' id='word_1_683' title='bbox 354 5797 681 5859; x_wconf 82' lang='lat' dir='ltr'><strong><em>Docuerat</em></strong></span> <span class='ocrx_word' id='word_1_684' title='bbox 712 5811 967 5875; x_wconf 85' lang='lat' dir='ltr'><strong><em>nempe,</em></strong></span> <span class='ocrx_word' id='word_1_685' title='bbox 995 5798 1432 5875; x_wconf 88' lang='lat' dir='ltr'><strong><em>processionis</em></strong></span> <span class='ocrx_word' id='word_1_686' title='bbox 1461 5804 1711 5867; x_wconf 85' lang='lat' dir='ltr'><strong><em>nomine</em></strong></span> <span class='ocrx_word' id='word_1_687' title='bbox 1762 5801 2086 5867; x_wconf 84' lang='lat' dir='ltr'><strong><em>declarari</em></strong></span> <span class='ocrx_word' id='word_1_688' title='bbox 2116 5803 2367 5867; x_wconf 88' lang='lat' dir='ltr'><strong><em>modum</em></strong></span> <span class='ocrx_word' id='word_1_689' title='bbox 2395 5824 2517 5887; x_wconf 85' lang='lat' dir='ltr'><strong><em>quo</em></strong></span> <span class='ocrx_word' id='word_1_690' title='bbox 2572 5808 2863 5887; x_wconf 87' lang='lat' dir='ltr'><strong><em>Spiritus</em></strong></span> <span class='ocrx_word' id='word_1_691' title='bbox 2894 5809 3080 5872; x_wconf 87' lang='lat' dir='ltr'><strong><em>habet</em></strong></span> <span class='ocrx_word' id='word_1_692' title='bbox 3104 5829 3237 5873; x_wconf 89' lang='lat' dir='ltr'><strong><em>esse</em></strong></span> <span class='ocrx_word' id='word_1_693' title='bbox 3266 5833 3289 5873; x_wconf 87' lang='lat'><strong><em>:</em></strong></span> <span class='ocrx_word' id='word_1_694' title='bbox 3320 5794 3401 5877; x_wconf 88' lang='lat' dir='ltr'><strong><em>ac</em></strong></span> 
     </span>
    </p>
   </div>
  </div>
