4098 6330
706 381 774 443 95
1546 375 1768 440 BERN.
1808 374 2074 439 MARLE
2108 375 2206 437 DE
2246 372 2530 441 RUBEIS
2570 377 3072 441 DISSERTATIO
3882 373 3949 435 96

706 496 1024 562 missionis
1061 512 1265 558 vocem
1316 494 1673 573 signiﬁcare
1708 490 2128 555 abundantem
2164 492 2472 553 donorum
2531 491 2951 574 largitionem,
3015 510 3149 572 qua!
3186 512 3223 552 a
3280 494 3473 554 Patre
3506 493 3785 573 quiden
3824 504 3936 559 est,

708 592 816 654 sed
843 612 882 655 a
923 593 1088 655 Filio
1123 592 1190 653 in
1220 610 1319 651 eos
1348 593 1456 669 qui
1483 589 1663 669 digni
1686 600 1857 663 sunt,
1889 589 2265 669 effunditur.
2306 590 2467 649 Tum
2506 590 2824 662 Latinum,
2860 589 2954 650 vel
2991 588 3216 649 Italum
3271 588 3548 662 inducit,
3583 589 3645 651 id
3718 587 3946 667 utique

709 689 1013 757 cientem,
1054 695 1117 748 et
1154 686 1581 748 nihilominus
1612 683 2053 768 afﬁrmantem,
2084 683 2396 763 Spiritum
2424 702 2503 744 ea:
2532 679 2703 745 Filio
2728 684 3096 762 procedere,
3134 694 3439 764 quatenus
3475 684 3549 747 ab
3604 704 3673 746 eo
3722 684 3948 746 distri-

708 783 930 845 buitur
956 803 1027 859 ac
1059 782 1270 855 datur,
1313 782 1509 844 veluti
1545 782 1621 843 ad
1656 781 1741 843 ita
1783 781 2179 859 loquendum
2216 781 2487 856 penuria
2518 789 2799 841 coactum
2846 800 3064 842 vocum
3101 781 3451 861 Latinisque
3507 782 3739 860 lingua:
3787 798 3949 859 pau-

707 892 977 959 pertate.
1012 881 1458 942 Commentum
1490 877 1730 939 scilicet
1762 876 2051 937 obtrudit
2084 873 2624 951 TheOphylactus.
2687 877 2879 939 Italus
2924 876 3096 937 enim
3141 882 3249 937 aut
3302 878 3568 939 Latinus
3626 877 3823 939 hocce
3882 878 3946 937 in

714 985 1099 1054 argumento
1132 974 1454 1037 incusavit
1513 972 1733 1035 nullus
1801 987 2080 1050 unquam
2140 970 2378 1046 linguas
2437 989 2572 1034 sum
2614 973 2851 1035 Latium
2883 980 3316 1052 paupertatem
3362 989 3434 1033 ac
3469 989 3696 1035 vocum
3731 989 3943 1044 penu-

719 1073 901 1147 riam,
963 1087 1178 1149 neque
1239 1078 1439 1148 potest
1480 1070 1802 1131 incusare.
1866 1066 1994 1131 Bac
2054 1083 2205 1129 vero
2263 1068 2728 1145 prmsupposita
2798 1069 3038 1146 lingum
3102 1076 3498 1145 paupertate,
3556 1068 3811 1129 veniam
3877 1083 3947 1130 se

717 1168 1019 1231 daturum
1056 1168 1280 1229 Latino
1314 1168 1402 1229 ait
1433 1165 1770 1242 Bulgarus,
1821 1166 1901 1236 si,
1944 1174 2208 1241 est-cepto.
2252 1162 2566 1243 Symbolo,
2601 1163 2667 1223 in
2702 1163 2850 1224 aliis
2905 1163 3362 1238 familiaribus,
3391 1171 3451 1225 et
3483 1164 3945 1226 ecclesiasticis

709 1264 903 1327 etiam
942 1263 1316 1339 colloquiis,
1348 1263 1656 1340 Spiritum
1685 1270 1971 1331 sanctum
2005 1281 2041 1320 a
2073 1261 2260 1322 Patre
2311 1269 2369 1322 et
2394 1261 2564 1322 Filio
2589 1259 3029 1339 procedentem
3068 1268 3309 1322 asserat
3346 1282 3362 1321 :
3414 1277 3484 1322 ea
3526 1268 3738 1322 tamen
3790 1277 3947 1323 cau-

710 1359 884 1421 tione
912 1359 1216 1431 adhibita,
1253 1357 1626 1437 utejusdem
1648 1359 1926 1435 Spiritus
1957 1357 2353 1433 intelligatur
2372 1354 2607 1425 missio,
2641 1353 2922 1427 donatio,
2957 1353 3326 1415 distributio
3352 1370 3461 1430 per
3488 1354 3948 1415 charismatum

712 1454 1184 1532 elargitionem.
1222 1455 1365 1518 Haec
1404 1454 1701 1515 videntur
1727 1454 2049 1523 evincere,
2085 1452 2350 1513 minimc
2379 1449 2835 1530 Theophylacti
2875 1458 3151 1513 mentem
3211 1451 3442 1523 fuisse,
3496 1459 3563 1513 ut
3613 1452 3688 1513 ad
3742 1453 3946 1513 solam

709 1553 905 1625 vocis,
925 1550 1646 1632 Filioque,additionem
1677 1551 1751 1612 ad
1785 1550 2186 1630 Symbolum,
2213 1555 2321 1612 aut
2352 1547 2775 1609 emissionem
2806 1548 2868 1609 in
2896 1566 2995 1621 eo,
3024 1548 3226 1627 redigi
3258 1548 3947 1626 possit-controversia

707 1662 980 1709 summa.

787 1766 860 1826 Ut
896 1773 969 1827 ut
998 1782 1143 1829 sese
1176 1783 1275 1827 res
1311 1764 1565 1837 habeat,
1599 1764 1786 1827 boum
1819 1762 2028 1843 frugis
2064 1762 2311 1843 aliquid
2343 1762 2408 1823 in
2444 1762 2935 1840 archiepiscopo
2975 1764 3362 1843 agnoscebat
3398 1767 3636 1828 Beccus
3674 1787 3689 1827 :
3722 1772 3945 1843 utpote

712 1860 824 1937 qui
854 1861 1080 1922 Latino
1121 1861 1883 1940 permitteret,Spiritum
1917 1867 2206 1922 sanctum
2238 1862 2685 1938 procedentem
2717 1876 2752 1921 a
2807 1862 2985 1922 Patre
3041 1860 3343 1940 Filioque
3394 1860 3709 1925 aﬂirmare
3765 1868 3947 1925 extra

712 1959 1123 2037 Symbolum;
1156 1976 1299 2022 cum
1329 1978 1361 2021 e
1394 1970 1610 2021 contra
1638 1961 2003 2022 Graecorum
2043 1956 2336 2034 plerique
2373 1954 2766 2015 locutionem
2811 1954 2995 2028 hanc,
3027 1955 3224 2017 veluti
3260 1972 3467 2034 angue
3506 1958 3717 2035 pejus,
3750 1974 3943 2020 exse-

711 2064 1071 2117 craren'ur.
1106 2056 1267 2116 illud
1309 2058 1496 2117 etiam
1532 2063 1666 2117 erat
1696 2053 2108 2117 emolumenti
2146 2074 2161 2113 :
2195 2052 2366 2131 quod
2400 2067 2542 2111 cum
2576 2050 2860 2128 Spiritus
2910 2052 3172 2112 sanctia
3207 2052 3397 2112 Patre
3427 2062 3484 2113 et
3514 2071 3554 2112 a
3583 2053 3754 2115 Filio
3788 2071 3948 2133 pro-

709 2152 1041 2211 cessionem
1090 2151 1371 2231 intelligi
1428 2157 1489 2211 et
1556 2151 1753 2228 accipi
1805 2150 2202 2230 permitteret
2267 2162 2381 2225 pro
2413 2146 2618 2224 ipsius
2646 2146 2939 2227 missione
2973 2163 3085 2224 per
3113 2148 3945 2229 donorum’elargitionem,

709 2245 873 2307 viam
907 2247 1159 2324 parabat
1190 2247 1502 2309 ad-veram
1535 2244 1825 2327 ejusdem
1849 2247 2170 2307 missionis
2202 2242 2720 2321 intelligentiam,
2754 2258 2945 2321 quam
2982 2243 3116 2304 sine
3150 2251 3384 2305 aeterna
3417 2261 3701 2323 personae
3743 2248 3953 2309 missa

707 2343 1106 2421 processione
1130 2343 1203 2405 ab
1234 2342 1437 2403 altera
1464 2359 1592 2404 non
1624 2342 2003 2416 consistere,
2033 2342 2161 2421 jam
2194 2337 2433 2415 saepius
2477 2338 2954 2399 adnotavimus.

786 2461 1036 2537 [XLVI]
1057 2464 1153 2521 77.
1189 2461 1836 2540 Fueruntrmteroqui
1870 2462 2008 2541 ejus
2030 2459 2226 2523 astatis
2259 2458 2554 2519 doctores
2586 2458 2810 2529 Graeci,
2838 2458 2947 2536 qui
2976 2474 3085 2519 eos
3116 2458 3286 2521 inter
3315 2476 3385 2521 ac
3403 2460 3657 2524 Latinos
3687 2468 3949 2524 contro-

719 2556 940 2618 versia
973 2564 1360 2617 momentum
1400 2557 1766 2634 redigerent
1813 2559 1887 2618 ad
1912 2574 2101 2619 unam
2141 2556 2335 2629 vocis,
2372 2554 2680 2633 Filioque,
2706 2555 3100 2628 auditionem
3134 2555 3210 2637 ad
3243 2556 3645 2635 Symbolum.
3682 2556 3949 2636 lncepto

709 2650 943 2711 saeculo
1001 2651 1383 2713 duodecimo
1414 2652 2049 2713 Thessalonicenm-m
2072 2650 2477 2728 metrupolim
2510 2650 2765 2728 regebat
2788 2651 3058 2723 Nicetas,
3082 2650 3193 2730 qui
3230 2652 3505 2729 primum
3531 2654 3847 2714 Maronem
3877 2652 3946 2716 in

708 2745 1326 2824 Thraciaepiscopus
1344 2747 1484 2810 fuit.
1505 2748 1828 2810 Prolixum
1850 2747 1987 2826 ejus
2007 2748 2211 2808 locum
2234 2766 2310 2808 ex
2330 2746 2513 2808 libris
2529 2764 2690 2824 quos
2710 2747 3115 2809 concinnavit
3132 2748 3646 2826 de'processione
3665 2749 3949 2826 Spiritus

709 2841 935 2915 sancti,
977 2844 1208 2920 promit
1246 2844 1369 2905 Leo
1408 2844 1675 2904 Allatius
1710 2843 1950 2905 Contra
1999 2843 2443 2918 Hottingerum
2499 2860 2645 2921 pag.
2688 2842 2826 2917 ΜΠ,
2871 2843 2977 2904 ubi
3014 2844 3398 2922 diligentius
3431 2844 3725 2906 discussa
3766 2863 3945 2924 quae-

711 2935 950 3006 stione,
985 2937 1074 2998 sic
1106 2955 1241 2997 eam
1280 2939 1561 3014 denique
1621 2938 1894 3000 absolvit
1930 2961 1943 2999 :
1979 2960 2007 2993 α
2041 2938 2345 2999 Dictionis
2388 2938 2721 3020 (Filioque)
2761 2939 3145 3001 additionem
3205 2939 3471 3003 silentio
3511 2957 3622 3003 vos
3680 2958 3947 3022 quoque

684 3026 1044 3104 "involvite,
1084 3050 1295 3111 neque
1328 3035 1397 3095 in
1429 3034 1718 3111 Symboto
1756 3036 2178 3111 imposterum
2218 3034 2623 3112 pronuntiate
2654 3052 2668 3095 :
2705 3038 2817 3097 sed
2840 3037 2930 3098 uti
2971 3039 3206 3109 Patres,
3242 3035 3324 3099 ita
3360 3037 3697 3099 nobiscum
3725 3040 3945 3111 dicite,

713 3124 840 3201 Qui
863 3146 943 3189 ea:
970 3129 1163 3190 Patre
1186 3129 1498 3207 procedit,
1532 3131 1799 3209 quicum
1832 3131 2021 3190 Patre
2054 3140 2108 3191 et
2142 3131 2309 3191 Filio
2341 3132 2527 3192 simul
2554 3132 2988 3211 gloriﬁcatur;
3024 3136 3195 3213 quod
3218 3136 3372 3195 satis
3411 3136 3729 3214 utrisque,
3758 3136 3948 3199 nobis

710 3232 771 3283 et
802 3223 1007 3294 vobis,
1042 3242 1155 3304 per
1212 3216 1486 3303 Spiritus
1536 3227 1733 3287 sancti
1792 3227 2080 3306 gratiam,
2142 3242 2423 3287 amorem
2484 3227 2897 3303 conciliabit;
2932 3247 3076 3290 cum
3142 3227 3417 3291 invicem
3452 3232 3950 3305 concordemus,

712 3336 856 3380 cum
892 3321 1168 3384 dicimus
1206 3330 1265 3384 et
1302 3324 1706 3402 proﬁtemur,
1736 3342 1812 3385 ex
1842 3324 2027 3384 Patre
2052 3341 2169 3402 per
2205 3323 2443 3385 Filium
2482 3323 2983 3400 processinnem.
3044 3348 3071 3381 »

793 3442 973 3502 Mens
1008 3440 1227 3501 eadem
1263 3438 1465 3501 fuisse
1498 3440 1753 3501 videtur
1782 3439 1948 3500 Petri
1986 3438 2366 3501 Antiocheni
2400 3441 2464 3499 in
2498 3439 2771 3517 epistola
2811 3442 2887 3501 ad
2943 3440 3318 3504 Michaelem
3351 3442 3784 3519 Cerularium,
3838 3443 3952 3507 ubi

712 3554 893 3600 num.
926 3536 1014 3599 XI
1048 3535 1276 3595 malum
1309 3543 1365 3597 et
1399 3536 1705 3596 malorum
1734 3535 2068 3615 pessimum
2102 3544 2279 3597 vocat
2307 3534 2717 3617 adjectionem
2752 3535 2834 3595 ad
2858 3546 3142 3597 sanctum
3170 3537 3526 3616 Symbolum
3564 3562 3579 3599 :
3616 3550 3673 3602 et
3713 3539 3955 3603 nihilo-

714 3635 927 3695 minus
959 3649 1139 3694 num.
1179 3632 1351 3692 XXII
1395 3654 1410 3693 :
1445 3633 1516 3694 Si
1546 3633 1612 3695 in
1643 3631 1965 3693 additione
1993 3632 2272 3711 Symboli
2303 3636 2737 3709 corrigantur,
2770 3632 2882 3706 ait,
2917 3633 3080 3693 nihil
3106 3643 3415 3711 prmterea
3470 3634 3952 3713 postulaverint.

713 3729 1137 3791 Levissimum
1166 3727 1292 3808 jam
1325 3728 1503 3789 vides
1541 3727 1918 3806 quaestionis
1962 3734 2382 3791 momentum.
2418 3729 2538 3788 Res
2569 3734 2695 3787 tota
2753 3727 3068 3806 redigitur
3097 3728 3175 3789 ad
3221 3728 3678 3793 ecclesiasticae
3747 3732 3952 3795 disci-

712 3825 905 3904 plinas
934 3831 1147 3903 caput,
1184 3824 1250 3886 in
1283 3842 1413 3904 quo
1446 3824 1641 3886 nimia
1684 3824 1878 3887 fuerit
1908 3824 2171 3887 audacia
2228 3824 2499 3885 Romani
2564 3824 2879 3902 pontiﬁcis
2912 3833 2971 3886 et
3008 3826 3310 3889 Ecclesim
3357 3828 3800 3890 Oceidentalis
3838 3846 3956 3891 au-

711 3921 1063 3983 ctoritatem
1101 3925 1186 3981 ita
1218 3928 1562 3993 coarctare,
1621 3928 1685 3981 ut
1720 3936 1831 3998 pro
1872 3920 2254 3998 urgentibus
2311 3919 2803 3981 circumstantiis
2863 3936 2989 3981 non
3026 3919 3295 3982 valuerit
3333 3940 3459 3984 una
3493 3939 3644 3985 voce
3678 3924 3951 4002 Symbo-

713 4016 844 4077 lum
877 4033 1111 4094 augere
1144 4016 1346 4095 :quod
1382 4014 1606 4093 utique
1638 4032 1671 4075 a
1704 4015 1938 4077 Grmcis
1969 4016 2035 4076 in
2070 4016 2335 4076 Oriente
2364 4014 2599 4077 factum
2625 4015 2689 4076 in
2717 4016 2923 4095 prima
2944 4017 3194 4095 synodo
3216 4018 3951 4097 Constantinopolitana.

714 4117 802 4177 De
846 4114 958 4175 hac
986 4111 1349 4185 Additione,
1409 4115 1619 4189 deque
1688 4112 1851 4191 ipso,
1886 4112 2185 4190 Dogmata
2244 4113 2509 4174 consule
2566 4112 3062 4173 Dissertationes
3090 4121 3339 4173 nostras
3379 4115 3566 4184 duas,
3630 4132 3795 4192 quas
3834 4108 3956 4178 hoc

709 4225 880 4275 anno
916 4210 1065 4272 1753
1095 4227 1238 4271 cum
1278 4211 1415 4271 Vita
1444 4208 1725 4286 Georgii.
1751 4227 1861 4268 seu
1892 4207 2191 4285 Gregorii
2253 4207 2502 4287 Cyprii,
2561 4207 2948 4286 patriarcha:
3009 4206 3732 4288 Constantinopolitani,
3784 4210 3958 4292 typis

711 4305 1120 4386 vulgavimus
1158 4304 1325 4382 apud
1359 4306 1539 4365 Joan.
1577 4302 1917 4382 Baptistam
1946 4304 2389 4384 Pasqualium.

2225 4475 2354 4537 XX.

708 4627 1027 4708 Fidelium
1062 4626 1393 4708 suffragia
1419 4644 1751 4708 perperam
1781 4645 1853 4708 ac
1903 4624 2066 4708 falso
2099 4625 2796 4708 _doeet,_defunctorum
2819 4626 3135 4708 aliquibus
3153 4626 3474 4705 prodesse,
3509 4631 3618 4707 qui
3657 4631 3958 4708 gravibus

790 4706 1106 4786 inquinati
1140 4703 1432 4786 peccatis
1462 4703 1696 4786 ere—hac
1748 4706 1880 4766 vita
1904 4703 2251 4786 decedunt.
2275 4703 2537 4786 _Latini
2598 4703 2889 4766 nonnulli
2922 4703 3235 4786 doctores
3266 4784 3275 4786 _
3310 4703 3540 4786 notati}
3604 4703 3959 4770 R'ussorum

791 4780 1100 4922 coi‘tl‘essio
1130 4780 1279 4863 ﬁdei
1330 4784 1711 4864 suspenditur
1742 4803 1813 4846 ac
1864 4780 2203 4861 refellitur.
2260 4784 2530 4847 Erroris
2577 4802 2791 4845 causa.
2862 4784 3171 4846 Doctrina
3200 4784 3450 4847 illibata
3484 4787 3729 4849 Thomas
3758 4789 3958 4869 Aqui-

789 4882 871 4924 na
906 4881 982 4924 ts.

788 5030 888 5092 78.
910 5028 1201 5090 Alienam
1239 5044 1274 5089 a
1316 5025 1623 5089 catholica
1652 5026 1773 5089 ﬁde
1797 5028 2205 5102 sententiam,
2224 5027 2274 5089 si
2300 5027 2484 5091 verba
2507 5034 2898 5107 spectentur,
2921 5026 3443 5104 'l‘heOphylactus
3478 5026 3712 5104 promit
3734 5027 3797 5086 in
3818 5043 3956 5106 cap.

717 5146 809 5187 xu
847 5128 1023 5187 Luem
1050 5144 1107 5186 v.
1143 5125 1203 5194 5,
1228 5124 1304 5185 ad
1338 5141 1410 5185 ea
1428 5125 1616 5185 verba
1650 5146 1665 5184 :
1702 5124 1930 5185 Timete
1961 5142 2119 5198 eum,
2144 5126 2251 5203 qui
2266 5134 2602 5204 postquam
2640 5124 2966 5195 occiderit,
3005 5122 3187 5185 habet
3216 5130 3591 5201 potestatem
3612 5124 3859 5185 mittere
3893 5126 3955 5185 in

716 5222 1301 5301 gehennam.Verba
1322 5219 1462 5298 ejus
1496 5226 1683 5281 sunt:
1717 5243 1745 5276 α
1776 5220 1997 5291 Vides,
2033 5222 2205 5300 quod
2241 5238 2370 5283 non
2404 5222 2591 5290 dixit,
2618 5224 2917 5283 Metuatis
2952 5237 3109 5289 eum,
3137 5221 3245 5298 qui
3266 5230 3599 5299 postquam
3624 5220 3955 5291 occiderit,

716 5319 913 5379 mittit
944 5319 1011 5378 in
1045 5318 1380 5395 gehennam
1404 5338 1424 5377 :
1461 5318 1599 5389 sed,
1627 5316 1947 5379 habentem
1988 5326 2360 5397 potestatem
2404 5319 2717 5380 mittendi.
2754 5320 2893 5379 Non
2926 5318 3099 5379 enim
3133 5333 3411 5395 semper,
3444 5319 3494 5370 οἱ
3516 5316 3957 5385 ἀποθνήσκοντες

721 5415 1043 5487 ἁμαρτολοι,
1070 5413 1183 5494 qui
1248 5414 1613 5476 moriuntur
1673 5422 2057 5493 peccatores,
2125 5417 2465 5480 mittuntur
2495 5419 2563 5480 in
2590 5419 2952 5497 gehennam
2989 5434 3003 5477 :
3038 5417 3149 5479 sed
3182 5424 3332 5477 sunt
3366 5416 3433 5477 in
3465 5423 3779 5493 potestate
3813 5418 3956 5486 Dei,

721 5524 791 5572 ut
836 5511 1024 5571 etiam
1091 5510 1326 5572 dimitti
1372 5511 1640 5588 possint.
1709 5511 1841 5571 Hoc
1870 5517 2084 5572 autem
2119 5512 2262 5575 dico
2289 5524 2557 5595 propter
2589 5514 2933 5575 oblationes
2966 5521 3026 5574 et
3068 5512 3582 5586 distributiones,
3619 5530 3753 5592 qua
3796 5513 3958 5591 ﬁunt

721 5623 841 5685 pro
909 5605 1270 5684 defunctis;
1323 5623 1467 5685 quas
1531 5624 1657 5669 non
1749 5623 1969 5685 parum
2031 5608 2339 5671 conducut

2343 5619 2395 5671 st
2453 5612 2644 5674 etiam
2699 5609 2841 5679 his,
2902 5620 3016 5680 τοῖς
3053 5615 3147 5671 καὶ
3197 5618 3259 5670 ἑν
3345 5618 3643 5688 ἁμαρτίαις
3712 5616 3961 5689 βαρείαις

727 5701 1117 5768 ἀποθάνωσιν,
1177 5703 1287 5778 qui
1310 5704 1375 5765 in
1401 5702 1700 5781 gravibus
1730 5706 2004 5783 peccatis
2052 5706 2289 5767 mortui
2326 5713 2496 5767 sunt.
2532 5706 2670 5767 Non
2704 5703 2968 5763 omnino
3000 5702 3224 5780 igitur,
3301 5711 3635 5782 postquam
3696 5702 3957 5775 occidit,

728 5796 917 5859 mittit
952 5796 1015 5859 in
1056 5795 1410 5877 gehennam
1446 5820 1461 5859 :
1498 5799 1609 5862 sed
1644 5807 2015 5877 petestatem
2049 5800 2231 5863 habet
2265 5800 2584 5864 mittendi.
2610 5802 2701 5861 Ne
2740 5799 2938 5878 igitur
2966 5797 3322 5873 cessemus,
3360 5816 3471 5877 per
3510 5798 3959 5879 cleemosynas
