4098 6330
650 352 722 415 99
1494 350 1726 413 BERN.
1760 345 2027 417 MARIE
2064 345 2163 407 DE
2201 343 2493 405 RUBEIS
2524 339 3028 405 DISSERTATIO
3798 330 3901 398 too

651 466 1046 546 argumentis
1078 467 1198 529 viri
1233 466 1399 528 docti
1424 464 1665 543 plures.
1696 462 1974 525 Consule
2008 459 2310 522 Allatium
2339 458 2433 519 De
2458 464 2769 537 perpetua
2797 453 3203 517 consensione
3241 452 3307 513 in
3330 448 3894 528 dogmatepurga-

652 545 831 633 torii,
867 562 1149 624 Natalem
1180 561 1618 623 Alexandrum
1672 557 1909 621 smculo
1937 576 2011 628 ιι,
2034 557 2268 619 Βὶεεθτ

2265 554 2508 617 'tatione
2536 572 2583 628 ι,
2609 558 2670 614 et
2701 550 3079 615 Michaelem
3112 547 3520 629 Lequienum
3563 545 3883 607 Disserta-

650 660 827 720 tione
861 677 892 720 v
932 660 1101 721 inter
1133 660 1636 722 Damascenlcas.

728 754 834 816 81.
882 756 1153 817 Sanctus
1185 753 1459 817 Thomas
1507 754 1825 832 Aquinas,
1875 750 2051 812 hisce
2090 748 2254 811 datis
2292 742 2743 825 disputationis
2791 760 2983 805 causa
3038 738 3425 814 historiolis,
3474 752 3636 818 quas
3664 733 3895 801 critico

652 863 780 909 non
815 849 1211 929 expendebat
1252 848 1575 921 examine,
1611 848 1833 909 modos
1861 845 2116 922 aliquos
2147 842 2538 922 probabiles,
2584 857 2656 903 ac
2686 856 2856 902 sanas
2884 853 3209 901 consonos
3240 836 3601 914 theologia,
3637 832 3896 911 excogi-

655 945 830 1017 tavit,
863 948 1047 1021 queis
1084 942 1337 1020 vulgata
1366 951 1763 1020 peccatorum
1797 940 2135 1003 hominum
2176 941 2255 999 ab
2285 938 2515 1000 inferis
2552 935 2851 999 liberatio
2882 933 3160 1014 intelligi
3198 938 3441 1013 posset.
3476 932 3715 993 Locum
3748 928 3895 1006 eius

652 1038 848 1101 aﬂ‘ero
880 1057 959 1101 ex
1004 1041 1467 1120 Supplemeuto
1514 1041 1727 1102 tertim-
1769 1038 1963 1118 partis
2007 1055 2117 1116 qn.
2154 1052 2335 1107 ιιιι,
2377 1040 2496 1095 art.
2534 1034 2574 1095 5
2605 1032 2682 1094 ad
2713 1034 2795 1093 5:
2831 1053 2861 1087 ε
2900 1033 2988 1091 De
3012 1029 3178 1090 facto
3204 1027 3479 1115 ‘Trajani
3512 1027 3638 1089 hoc
3692 1024 3891 1090 modo

652 1141 861 1212 potest
896 1137 1329 1212 probabiliter
1374 1136 1701 1209 mstimari,
1737 1134 1913 1215 quod
1953 1133 2258 1213 precibus
2291 1130 2457 1193 beati
2502 1128 2809 1205 Gregorii
2837 1124 2919 1187 ad
2961 1126 3153 1187 citam
3185 1124 3383 1205 fuerit
3425 1131 3753 1185 reuocatus
3775 1142 3800 1192 ;
3831 1130 3896 1185 et

650 1232 738 1292 ita
767 1234 1034 1311 gratiam
1080 1241 1468 1295 consecutus
1495 1235 1624 1305 isit,
1655 1234 1773 1310 per
1821 1248 2004 1310 quam
2044 1228 2470 1290 remissionem
2504 1232 2913 1304 peccatorum
2941 1220 3185 1294 habuit,
3216 1227 3276 1282 et
3322 1236 3437 1311 per
3478 1234 3894 1299 consequens

650 1310 1127 1389 immunitatem
1165 1346 1199 1390 a
1259 1344 1461 1407 pmna.
1513 1329 1692 1389 Sicut
1728 1327 1923 1389 etiam
1977 1331 2241 1402 apparet
2274 1323 2344 1383 in
2401 1322 2707 1383 omnibus
2752 1316 2914 1391 illis,
2943 1317 3076 1407 qui.
3117 1310 3385 1378 fuerunt
3441 1314 3831 1391 miraculose
3858 1330 3894 1401 a

652 1424 924 1484 mortuis
956 1424 1563 1502 suscitati,quorum
1598 1425 1817 1503 plures
1832 1427 2075 1482 constat
2106 1416 2473 1479 idololatras
2503 1424 2565 1477 et
2594 1411 3175 1506 dam'natns’fuisse.
3200 1413 3289 1472 De
3318 1409 3622 1491 omnibus
3655 1408 3895 1471 talibus

653 1517 827 1578 enim
856 1516 982 1577 dici
1018 1526 1290 1594 oportet,
1324 1520 1496 1596 quod
1525 1536 1654 1579 non
1683 1525 1861 1578 erant
1898 1517 1967 1577 in
1994 1515 2243 1595 inferno
2261 1511 2541 1593 ﬁnaliter
2575 1507 2865 1588 deputati
2899 1528 2920 1567 :
2957 1507 3073 1567 sed
3111 1506 3470 1567 secundum
3508 1514 3897 1584 prmsentem

653 1615 1063 1693 prOpriorum
1116 1617 1498 1680 meritorum
1537 1616 1880 1695 justitiam.
1933 1614 2302 1677 Secundum
2338 1623 2551 1671 autem
2589 1605 2951 1685 superiores
2985 1620 3227 1676 causas,
3282 1601 3523 1682 quibus
3574 1602 3894 1681 prmvide-

650 1709 895 1789 bantur
924 1712 1001 1773 ad
1048 1711 1239 1774 vitam
1305 1713 1672 1785 reret-andi,
1718 1721 1850 1773 erat
1900 1709 2086 1771 aliter
2148 1707 2228 1769 de
2285 1707 2382 1767 eis
2434 1703 2915 1780 disponendum
2969 1699 3085 1760 Vel
3138 1698 3484 1761 dicendum
3534 1698 3895 1781 secundum

652 1810 983 1883 quosdam,
1026 1809 1199 1885 quod
1254 1809 1465 1869 anima
1503 1807 1766 1887 Trajani
1802 1823 1930 1867 non
1986 1804 2110 1866 fuit
2154 1800 2534 1879 simpliciter
2584 1814 2621 1859 a
2659 1804 2835 1857 reatu
2895 1810 3098 1873 pusum
3123 1801 3379 1855 tutorum
3406 1790 3699 1854 absoluta
3735 1808 3751 1850 :
3781 1790 3895 1852 sed

657 1900 800 1977 ejus
836 1917 1018 1980 pmua
1052 1904 1368 1979 [XLVIII]
1400 1902 1524 1963 fuit
1571 1919 1891 1981 suspensa
1945 1901 2021 1963 ad
2062 1908 2342 1977 tempus.
2375 1893 2620 1957 scilicet
2652 1908 2863 1970 usque
2903 1891 2982 1952 ad
3013 1889 3186 1951 diem
3226 1887 3461 1969 judicii
3493 1910 3508 1949 :
3535 1904 3653 1951 nec
3684 1894 3896 1949 tamen

652 2004 908 2072 Oportet
939 1998 1111 2075 quod
1147 2000 1265 2059 hoc
1285 1999 1386 2059 ﬁat
1407 1999 1819 2059 communiter
1850 2015 1967 2075 per
1986 1994 2338 2076 suﬁ‘ragia:
2362 1992 2519 2071 quia
2548 1989 2675 2053 alia
2699 1996 2875 2061 sunt,
2900 2003 3046 2066 qum
3076 1984 3205 2064 lege
3238 1985 3554 2047 communi
3571 1984 3901 2060 accidunt,

654 2102 719 2159 et
747 2094 1050 2175 aliaqum
1076 2097 1494 2174 singulariter
1516 2104 1577 2157 et
1607 2114 1688 2158 ea:
1714 2094 2049 2175 privilegio
2084 2092 2413 2172 aliquibus
2445 2086 2913 2151 conceduntur.
2947 2106 2979 2139 ι

732 2192 947 2268 Longe
999 2191 1217 2255 diiiert
1276 2192 1413 2257 base
1465 2193 1731 2254 Thomas
1791 2192 2084 2254 doctrina
2148 2206 2185 2251 a
2241 2183 2626 2252 commentis
2678 2182 3069 2244 Graecorum.
3137 2176 3256 2241 Vel
3334 2176 3510 2239 enim
3574 2176 3644 2240 in
3718 2176 3903 2240 hisee

650 2284 906 2348 casibus
965 2287 1076 2366 qui
1125 2290 1205 2351 ad
1261 2288 1472 2368 legem
1524 2304 1934 2351 communem
1987 2304 2113 2350 non
2169 2283 2489 2364 pertinent
2521 2322 2539 2352 ,
2593 2276 2774 2339 nulla
2838 2281 2934 2337 est
2985 2270 3445 2353 suffragiorum
3483 2271 3579 2334 vis
3607 2271 3906 2368 aututi-

653 2376 842 2453 litas;
872 2380 972 2445 vel
1005 2383 1121 2463 qui
1153 2366 1509 2447 liberantur
1539 2388 1927 2463 peccatores,
1963 2383 2039 2444 ad
2074 2382 2272 2445 vitam
2311 2379 2585 2442 redeunt
2617 2373 2979 2443 mortalem,
3018 2369 3459 2451 pmnitentiam
3503 2385 3617 2448 pro
3645 2366 3903 2433 delictis

653 2478 876 2540 acturi.

2156 2628 2318 2691 XXI.

654 2778 914 2842 Piorum
941 2778 1257 2865 hominum
1285 2783 1583 2865 spiritus,
1618 2784 1729 2864 qui
1757 2803 2028 2865 corpore
2048 2784 2243 2846 soluti
2264 2784 2401 2864 jam
2436 2779 2640 2865 nulla
2667 2787 2858 2865 egent
2875 2776 3280 2865 purgatione,
3315 2776 3408 2865 in_
3434 2793 3702 2865 regnum
3725 2776 3908 2865 caio-

728 2874 869 2941 ram
900 2858 1124 2941 recipi,
1174 2853 1983 2941 Theophylacti'senteritia
2024 2874 2141 2925 est.
2196 2853 2299 2922 an
2359 2862 2546 2921 etiam
2598 2853 3168 2941 docuerit-,diuina
3213 2874 3315 2941 ea}
3366 2853 3905 2941 dqndriyisiqm.

735 2931 1113 3020 inquiritur.
1167 2931 1737 3020 Virgini'Deipas-m
1776 2944 2178 3020 privilegium
2202 2940 2618 3002 immanitatis
2648 2937 2725 2999 ab
2757 2938 2926 2999 omni
2953 2936 3166 3016 culpa,
3199 2936 3388 2997 etiam
3419 2932 3560 3009 levi,
3588 2931 3908 3002 detrahit;

731 3011 899 3091 quod
925 3013 1073 3074 aliis
1099 3011 1475 3094 quibusdam
1502 3011 1801 3082 Ecclesite
1830 3011 2129 3082 Patribus
2163 3036 2503 3079 commune.

729 3158 833 3221 82.
884 3161 978 3222 De
1026 3158 1367 3237 spiritibus
1394 3161 1650 3239 piorum
1699 3161 2060 3235 hominum,
2094 3160 2207 3239 qui
2254 3158 2354 3220 vel
2402 3156 2644 3220 nullam
2679 3153 2920 3234 peccati
2964 3152 3280 3216 maculam
3310 3150 3730 3215 incurrerunt
3769 3160 3907 3231 post

655 3263 1027 3332 susceptum
1061 3254 1527 3333 baptisma,vel
1562 3265 1949 3319 contractam
1980 3264 2091 3319 aut
2128 3259 2197 3317 in
2243 3270 2513 3332 corpore
2552 3253 2869 3327 viventes,
2906 3259 3015 3313 aut
3064 3258 3207 3328 post
3235 3257 3505 3312 mortem
3535 3250 3905 3326 expiarunt,

655 3348 865 3411 varias
894 3350 1259 3413 Grmcorum
1295 3354 1715 3431 qumstiones,
1743 3353 1819 3414 ad
1852 3369 2075 3415 eorum
2112 3360 2348 3413 statum
2376 3350 2551 3430 quod
2576 3350 2831 3423 attinet,
2860 3349 3109 3426 ignorat
3140 3362 3355 3408 nemo.
3387 3344 3644 3425 Ineptas
3672 3346 3903 3424 opina-

654 3444 865 3507 tiones
898 3444 1119 3523 plures
1150 3446 1361 3526 reﬁcit
1382 3448 1900 3527 Theotnhylactus
1953 3467 1968 3508 :
2014 3449 2410 3524 eosdemque
2438 3445 2709 3523 spiritus
2734 3445 2802 3507 in
2831 3460 3101 3524 regnum
3126 3446 3432 3506 castorum
3466 3442 3691 3519 recipi,
3722 3446 3906 3505 ducet

656 3538 1207 3603 luculentissime.
1248 3542 1535 3621 Insignis
1570 3545 1751 3607 locus
1780 3552 1874 3607 est
1924 3545 2001 3605 ad
2031 3551 2225 3621 caput
2270 3561 2439 3604 xxut
2474 3545 2681 3617 Luem,
2714 3560 2772 3602 v.
2809 3540 2888 3601 b3
2916 3562 2933 3601 :
2962 3541 3273 3603 Memento
3308 3541 3449 3612 mei,
3484 3557 3625 3602 cum
3646 3540 3897 3601 veneris

656 3636 724 3697 in
747 3654 1008 3714 regnum
1036 3650 1287 3701 tuum...
1328 3639 1536 3702 Hodie
1562 3660 1796 3703 mecum
1827 3643 1953 3701 eris
1982 3643 2050 3702 in
2073 3639 2405 3720 paradiso.
2770 3686 2779 3687 κ

736 3732 1199 3813 Theophylacti
1235 3735 1425 3797 verba
1454 3745 1605 3798 sunt
1644 3754 1658 3796 :
1692 3761 1720 3792 ι
1754 3739 2069 3811 Qu‘tBrunt
2107 3744 2321 3798 autem
2355 3735 2643 3805 ruidam,
2675 3734 3003 3812 quomodo
3030 3733 3282 3793 dicente
3312 3732 3589 3793 Domino
3621 3732 3854 3794 latroni
3883 3755 3900 3794 :

658 3828 863 3890 Hodie
916 3847 1149 3890 mecum
1187 3833 1310 3892 eris
1366 3832 1434 3891 in
1466 3820 1790 3909 paradiso,
1836 3833 2069 3893 Paulus
2122 3831 2287 3893 dixit
2344 3832 2443 3913 (ad
2480 3833 2784 3895 Hebrmos
2844 3833 3051 3909 cepite
3104 3849 3195 3903 Il,
3233 3848 3288 3889 ν.
3328 3831 3431 3908 39)
3469 3832 3640 3907 quod
3682 3830 3906 3897 nullus

659 3932 1031 4008 sanctorum
1077 3928 1387 4011 receperit
1433 3927 1967 4005 promissionem?
1995 3927 2070 3989 Et
2121 3930 2384 4006 quidam
2422 3928 2885 4005 dieuntyquod
2947 3926 3293 4002 Apostolus
3340 3943 3470 3987 non
3517 3925 3590 3986 de
3622 3927 3907 3987 omnibus

657 4021 896 4081 sanctis
932 4032 1199 4097 asserat,
1236 4022 1409 4100 quod
1455 4039 1583 4083 non
1636 4024 1991 4100 receperint
2030 4024 2526 4101 promissiOnem
2562 4026 2719 4085 :sed
2770 4024 2851 4085 de
2888 4023 2987 4083 liis
3026 4040 3180 4102 quos
3220 4024 3355 4101 ipse
3386 4022 3591 4081 solum
3644 4039 3901 4082 enume-

658 4117 826 4177 ravi!
883 4118 1371 4198 (Abrahamum,
1436 4117 1846 4188 Henocbum,
1908 4121 2062 4193 Noe,
2120 4121 2269 4199 etc.)
2310 4120 2729 4182 Enumeravit
2789 4130 3003 4181 autem
3059 4119 3221 4180 alios
3278 4119 3541 4197 quidem
3599 4118 3841 4181 multos
3890 4137 3906 4183 :

661 4212 931 4272 latronis
961 4224 1176 4273 autem
1225 4230 1355 4275 non
1386 4214 1711 4276 meminit.
1745 4214 1916 4276 Audi
1949 4215 2123 4276 enim
2172 4216 2334 4295 quid
2364 4215 2532 4275 dicat
2580 4231 2593 4275 :
2639 4216 2707 4277 hi
2749 4232 2979 4285 omnes,
3014 4214 3516 4275 demonstrando
3557 4231 3694 4284 eos,
3736 4232 3901 4293 quos

660 4323 873 4371 sermo
898 4322 1235 4374 enumerat
1269 4329 1284 4372 :
1324 4312 1566 4390 quibus
1594 4312 1764 4375 latro
1797 4320 2299 4375 connumeratus
2332 4325 2459 4371 non
2492 4316 2610 4377 est.
2646 4333 2674 4365 ι
2706 4311 2855 4373 Hac
2881 4310 3083 4385 prima
3109 4310 3576 4389 interpretatio,
3606 4328 3752 4391 quae
3776 4327 3904 4374 non

659 4420 907 4479 uumes,
941 4406 1055 4467 sed
1091 4407 1344 4487 aliquos
1378 4416 1627 4470 tantum
1666 4415 1931 4471 sanctos
1966 4408 2036 4469 in
2056 4406 2436 4487 paradisum
2467 4416 2762 4487 receptos
2796 4408 3195 4469 admittebat.

813 4500 938 4560 Alii
978 4513 1191 4563 autem
1225 4504 1535 4567 dixerunt
1572 4522 1588 4565 :
1630 4505 1805 4584 quod
1840 4502 2007 4565 latro
2034 4505 2316 4566 nondum
2340 4503 2611 4565 sortitus
2647 4503 2734 4565 sit
2760 4505 2829 4565 in
2855 4503 3156 4583 paradiso
3192 4503 3730 4565 conversationem
3766 4503 3906 4585 (seu

662 4598 1263 4675 transportationem
1309 4601 1377 4660 in
1431 4601 1829 4677 paradisum,
1881 4600 2204 4679 διαγωγῆς).
2257 4602 2378 4662 Sed
2428 4600 2587 4677 quia
2639 4600 3044 4662 invariabilis
3088 4603 3195 4671 sit,
3228 4608 3290 4662 et
3333 4602 3593 4665 mentiri
3629 4616 3906 4684 nequeat

662 4692 922 4755 Domini
959 4694 1328 4771 promissio,
1384 4695 1539 4758 ideo
1587 4697 1832 4759 dictum
1882 4714 2025 4758 esse
2062 4713 2077 4759 :
2114 4694 2321 4756 Hodie
2368 4709 2603 4756 mecum
2647 4696 2770 4756 eris
2828 4697 2899 4756 in
2943 4696 3270 4775 paradiso.
3310 4699 3421 4758 Est
3453 4698 3624 4760 enim
3670 4708 3735 4761 et
3778 4701 3908 4761 bmc

662 4788 912 4867 species
947 4788 1252 4867 phraseos
1282 4791 1345 4851 in
1379 4792 1599 4854 verbis
1640 4793 2025 4867 Dominicis,
2072 4801 2139 4855 ut
2192 4793 2272 4852 de
2320 4788 2557 4850 futuris
2610 4790 2941 4867 loquatur,
3009 4797 3312 4867 tanquam
3345 4793 3425 4852 de
3463 4791 3565 4853 bis
3607 4799 3755 4871 quas
3776 4794 3903 4873 jam

662 4890 836 4950 tiant.
868 4887 943 4948 Ut
980 4905 1121 4949 cum
1155 4885 1314 4949 dicit
1343 4887 1636 4967 (Joannis
1663 4890 1870 4967 capite
1897 4908 1997 4962 ιιι,
2032 4909 2089 4949 v.
2118 4887 2409 4969 18),‘Qui
2436 4904 2567 4948 non
2594 4882 2817 4959 credit,
2831 4886 2968 4965 jam
2981 4886 3311 4966 judicatus
3334 4896 3447 4949 est.
3484 4910 3516 4947 ι
3539 4890 3687 4951 Rrec
3710 4891 3904 4951 altera

665 4984 1108 5062 interpretatio
1152 4996 1523 5047 sanctorum
1563 4986 1957 5059 beatitatem,
1990 4995 2097 5048 aut
2131 4983 2528 5063 paradisum,
2569 4999 2697 5044 non
2730 4992 2999 5062 excepto
3028 4992 3250 5046 sancto
3296 4986 3571 5061 latrone,
3606 4985 3907 5051 differen-

665 5084 817 5142 tlum
857 5080 1063 5159 jubet.
2513 5138 2523 5145 .

746 5198 775 5230 ι
824 5175 948 5235 Alii
990 5183 1293 5253 torquent
1345 5177 1638 5247 verbum,
1682 5184 1989 5255 punctum
2042 5175 2356 5240 iacientes
2392 5186 2535 5257 post
2582 5177 2785 5241 hodie.
2839 5179 2918 5241 Ut
2966 5178 3052 5241 sit
3114 5180 3166 5240 is
3218 5195 3450 5242 sensus
3485 5180 3637 5241 dicti
3669 5197 3684 5240 :
3713 5182 3907 5242 Amen

673 5278 815 5339 Jico
873 5276 1009 5337 tibi.
1046 5277 1248 5337 hodie.
1284 5273 1560 5348 Deinde,
1607 5275 1854 5337 Mecum
1896 5275 2020 5335 eris
2049 5277 2119 5335 in
2145 5271 2479 5353 paradiso,
2504 5273 2909 5352 adjicieutes.
2962 5297 2992 5331 ι
3037 5274 3187 5337 Eme
3219 5276 3407 5337 etiam
3458 5274 3903 5352 interpretatio

675 5376 855 5437 tertia
899 5375 1261 5452 garadisum
1289 5374 1363 5434 ad
1393 5372 1688 5434 futurum
1722 5381 1976 5449 tempus
2009 5371 2249 5433 ditl‘ert.
2848 5396 2853 5400 ·

748 5473 1113 5533 I‘aradtsum
1151 5489 1181 5531 a
1216 5487 1413 5547 regno
1442 5470 1747 5533 cmlorum
1782 5468 2128 5545 distinguit
2155 5476 2376 5546 quarta
2410 5489 2424 5527 :
2461 5466 2952 5546 beatitatemque
2986 5467 3322 5529 constituit
3358 5470 3419 5528 in
3470 5485 3667 5546 regno
3710 5470 3904 5532 melo-

666 5586 828 5635 mm.
855 5568 1027 5646 quod
1059 5568 1375 5629 differtur.
1417 5591 1446 5623 ε
1483 5568 1754 5641 Quidam
1792 5582 1966 5638 vero,
1994 5565 2103 5643 qui
2145 5566 2423 5627 maxime
2453 5583 2717 5625 sensum
2750 5567 3005 5643 assequi
3044 5567 3166 5626 visi
3200 5574 3379 5637 sunt,
3408 5568 3497 5627 sic
3516 5577 3851 5645 exponunt
3886 5591 3899 5628 :

666 5664 1057 5740 Rrpromissa
1081 5663 1263 5723 nobis
1303 5664 1463 5724 bona
1492 5682 1621 5724 non
1650 5675 1797 5723 sunt
1831 5665 2156 5741 ingressus
2203 5662 2274 5721 in
2320 5662 2714 5739 paradisum,
2748 5661 2842 5719 vel
2880 5681 3201 5735 ascensus,
3272 5665 3379 5724 sed
3429 5682 3685 5741 regnum
3724 5662 3902 5725 caelo-

664 5777 827 5821 rum.
855 5761 1029 5824 Unde
1060 5768 1119 5822 et
1149 5776 1431 5834 oramus,
1479 5762 1685 5821 l'eniat
1712 5777 1967 5837 regnum
1990 5768 2163 5818 tuum
2194 5779 2212 5816 :
2248 5774 2395 5829 non,
2437 5758 2830 5819 conversatio
2870 5758 2981 5821 illa
3008 5763 3069 5822 in
3102 5762 3429 5840 paradiso.
3471 5763 3690 5841 Neque
3727 5761 3896 5823 enim
