4098 6330
231 368 328 433 1m
1091 375 1193 440 ne
1228 366 1813 437 MOPDYLACTI
1847 372 2121 449 GESTIS
2158 370 2255 433 ET
2294 367 2671 447 scatens.
2951 323 2958 331 ’
3422 360 3533 429 to:

232 491 391 554 mihi
434 490 878 573 dicat~aliquis
916 510 932 555 :
966 494 1140 575 quod
1172 493 1335 557 idem
1364 494 1452 555 sit
1482 490 1827 572 paradisus
1883 499 1945 552 et
1976 504 2261 567 regnum.
2295 489 2471 550 Bona
2506 486 2683 549 enim
2737 484 2919 564 regni
2956 500 3153 563 neque
3182 482 3365 545 auris
3402 500 3526 544 an-

235 588 427 664 dicit,
458 606 660 669 neque
709 592 933 653 oculus
965 588 1156 665 vidit,
1203 608 1403 667 neque
1440 590 1509 649 in
1548 606 1662 651 cor
1700 586 1974 649 hominis
2018 586 2304 648 ascendit
2332 584 2550 663 (lsaim
2584 576 2795 663 capi‘t'e
2829 600 3009 656 an,
3051 599 3111 643 ν.
3156 580 3219 654 Β,
3274 589 3339 641 et
3378 579 3527 643 l’ad

200 686 608 750 Corinthios
638 687 847 767 capite
889 707 957 763 ιι,
994 708 1053 751 v.
1086 689 1175 767 9).
1211 685 1596 748 Paradisum
1627 693 1842 747 autem
1867 692 1932 747 et
1973 686 2206 747 oculus
2242 684 2397 749 Adm
2427 682 2615 757 vidit,
2652 688 2717 744 et
2738 678 2922 744 auris
2951 679 3208 743 audivit
3236 678 3319 742 de
3362 694 3525 742 eo...

227 784 426 845 latro
460 784 679 863 itaque
714 783 1101 864 paradisum
1120 783 1391 845 sortitus
1422 789 1522 845 est
1553 804 1570 845 :
1597 798 1728 851 non
1756 789 1975 845 autem
2009 788 2351 843 assecutus
2376 787 2473 841 est
2500 794 2790 859 regnum.
2822 779 3241 856 Assequetur
3269 782 3521 851 autem,

227 882 496 962 quando
528 881 723 943 etiam
756 899 1011 957 omnes,
1059 896 1228 960 quos
1273 880 1512 943 Paulus
1568 882 2001 943 enumeravit.
2056 882 2247 944 Hunc
2299 886 2542 947 autem.
2606 871 2729 941 hoc
2776 883 3095 951 tempore,
3142 876 3527 957 paradisum

230 981 453 1054 habet,
484 980 594 1059 qui
631 986 729 1042 est
760 998 915 1059 pars
943 976 1311 1058 spiritualis
1328 978 1589 1058 quietis.
1624 978 1776 1041 Hac
1825 977 2095 1057 quidem
2130 978 2318 1039 multi
2355 989 2816 1053 smpenumero
2845 974 3184 1039 dixerunt.
3226 995 3260 1032 ι
3308 974 3526 1037 Inter-

228 1085 452 1155 pretes
494 1076 602 1137 isti
646 1086 894 1155 partem
935 1078 1213 1156 aliquam
1241 1074 1566 1157 spiritalis
1588 1076 1821 1154 quietis
1853 1074 2031 1140 illico
2066 1082 2514 1152 postmortem
2564 1070 2808 1133 sanctis
2853 1071 3153 1145 concedi,
3186 1069 3523 1135 fatentur:

225 1182 293 1233 et
332 1175 397 1235 in
431 1173 743 1253 paradiso
798 1175 1061 1252 quidem
1113 1174 1431 1243 terrestri,
1462 1182 1534 1236 ut
1564 1182 1749 1235 aiunt
1796 1170 2123 1239 nonnulli.
2169 1172 2465 1245 Regnum
2497 1168 2810 1233 cmlorum
2858 1166 2934 1230 ad
2967 1168 3191 1232 saeculi
3220 1185 3531 1233 consum-

229 1270 585 1345 tnationem
611 1270 887 1342 diﬂ‘erri,
929 1270 1373 1332 contendunt.
1636 1322 1641 1329 .

317 1367 459 1429 Non
500 1366 587 1427 ita
622 1366 1175 1448 Theophylactus.
1214 1388 1243 1422 ι
1279 1367 1401 1429 Sed
1452 1366 1808 1431 dicendum
1851 1378 1935 1430 esl

1907 1373 1951 1429 Si
1976 1363 2244 1447 (inquii)
2273 1374 2357 1427 ὃτι
2384 1376 2436 1427 et
2456 1373 2553 1429 καὶ
2583 1373 2787 1429 ταυτόν
2808 1375 2929 1429 ἑστι
2968 1372 3219 1445 βασιλεία
3250 1372 3525 1446 οὐρανῶν.

223 1472 325 1526 καὶ
362 1472 719 1541 παράδεισος,
786 1464 963 1543 quod
1021 1464 1272 1527 etiamsi
1304 1464 1590 1527 idem'sit
1619 1482 1911 1545 regnum
1973 1463 2273 1543 caelorum
2312 1471 2373 1523 et
2427 1461 2803 1542 paradisus,
2849 1461 3014 1525 nihil
3086 1461 3417 1539 prohibet,
3458 1466 3528 1526 et

221 1561 577 1622 Dominum
624 1574 773 1621 vera
823 1561 1069 1637 dicere,
1132 1570 1193 1622 et
1243 1560 1539 1623 Paulum.
1597 1560 1986 1631 Namllatro
2031 1558 2302 1639 quidem
2334 1568 2435 1620 est
2482 1560 2749 1637 [XLIX]
2802 1558 2867 1621 in
2901 1556 3237 1638 paradiso,
3274 1557 3400 1622 hoc
3422 1566 3524 1623 est

219 1674 470 1737 regno:
507 1667 570 1720 et
611 1675 738 1720 non
789 1657 1005 1719 solum
1036 1659 1213 1735 ipse,
1266 1660 1381 1720 sed
1414 1658 1609 1721 etiam
1661 1672 2113 1735 omnessquos
2157 1665 2454 1717 numerat
2504 1656 2772 1718 Paulus.
2828 1656 3031 1735 Atqui
3085 1673 3215 1718 non
3274 1654 3526 1719 fruitur

217 1757 512 1837 perfecta
565 1754 905 1816 bonorum.
932 1755 1458 1839 participatione,
1491 1765 1591 1835 τῆς
1629 1764 1835 1826 τελείας

1905 1762 1997 1817 τῶν
2030 1760 2258 1831 ἀγαθῶν
2294 1759 2658 1834 κληρουχίας.
2710 1771 2730 1805 ι
2795 1752 3191 1831 Exemplum
3248 1752 3523 1817 adducit

219 1850 806 1923 condemnatorum,
840 1853 950 1933 qui
984 1854 1054 1915 in
1077 1852 1275 1930 regiis
1304 1870 1435 1913 non
1455 1862 1631 1928 sunt,
1661 1850 1773 1913 sed
1800 1852 1871 1914 in
1897 1851 2209 1915 custodiis
2233 1851 2448 1913 clausi
2476 1859 2775 1917 tenentur
2806 1851 2877 1912 in
2906 1850 3236 1931 deputatis
3263 1854 3469 1931 poenis
3500 1871 3526 1914 :

220 1966 373 2012 cum
406 1950 892 2012 honorabileset
919 1950 989 2011 in
1019 1950 1231 2033 regias
1266 1948 1728 2027 ingrediuntur
1758 1957 1818 2009 et
1845 1950 1914 2010 in
1938 1951 2033 2012 eis
2061 1956 2439 2016 versantur;
2468 1956 2531 2007 et
2562 1965 2703 2008 cum
2727 1948 2978 2011 venerit
3006 1957 3253 2026 tempus
3280 1948 3513 2010 distri-

218 2045 509 2108 butionis
524 2046 840 2125 regalium
853 2045 1186 2119 donorum,
1205 2044 1320 2107 illa
1348 2053 1799 2124 assequuntur.
1842 2067 1871 2103 α
1901 2046 1991 2106 Ita
2021 2054 2087 2105 et
2116 2042 2352 2118 sancti,
2372 2044 2615 2123 inquit,
2646 2043 2899 2105 tametsi
2933 2041 3219 2105 nondum
3246 2046 3529 2127 perfecte

220 2148 408 2211 bonis
428 2150 757 2229 fruantur,
772 2151 902 2229 jam
923 2157 1134 2211 tamen
1157 2155 1497 2209 versantur
1528 2146 1599 2208 in
1632 2144 1793 2207 locis
1818 2140 2055 2208 lucidis
2085 2147 2150 2201 et
2184 2138 2645 2221 fragrantibus,
2670 2147 2733 2201 et
2766 2140 2963 2219 regiis
2994 2140 3286 2221 denique
3316 2140 3526 2203 taber-

223 2244 504 2319 nacuiis,
539 2245 793 2310 etiamsi
824 2246 1116 2309 nondum
1160 2242 1697 2307 distributionem
1760 2241 2089 2321 regiorum
2134 2241 2457 2304 bonorum
2496 2238 2781 2320 perfecte
2831 2249 3298 2321 assequentur.
3333 2242 3429 2305 Ita
3461 2249 3525 2305 et

219 2338 393 2403 latro
423 2342 489 2402 in
516 2343 827 2422 paradiso
865 2343 1021 2423 fuit,
1083 2340 1335 2405 etiamsi
1366 2337 1648 2400 nondum
1680 2340 1962 2419 perfecte
1999 2338 2345 2417 acceperit,
2380 2346 2452 2399 ut
2488 2354 2618 2401 non
2670 2337 2920 2417 absque
2964 2337 3160 2401 nobis
3193 2336 3525 2418 perfectus

223 2437 340 2512 sit,
402 2447 500 2502 (va.
547 2451 625 2520 μὴ
680 2434 853 2521 Imple
921 2449 1083 2520 ἡμῶν
1143 2445 1439 2516 τιλιιωθῇ.
1498 2438 1597 2498 Et"
1634 2436 1756 2497 hoe
1827 2451 1841 2495 t

1909 2434 2068 2496 .inor
2131 2433 2551 2517 verissimum
2594 2434 2925 2496 omnium.
2987 2456 3019 2492 ι
3090 2434 3527 2513 Apertissima

220 2538 549 2598 sententia
582 2545 705 2609 est,
748 2537 1119 2617 paradisum
1176 2547 1239 2601 et
1291 2554 1565 2619 regnum
1626 2552 1773 2599 esse
1827 2530 2002 2591 idem
2044 2549 2061 2589 ε
2097 2543 2169 2590 ac
2224 2535 2481 2591 sductos
2547 2530 2617 2591 in
2649 2546 2927 2609 regnum
2964 2529 3278 2593 (Scelerum
3342 2546 3527 2595 rece-

221 2639 373 2709 ptos
406 2632 670 2712 degere.

310 2724 474 2785 Tum
507 2724 788 2804 paradisi
832 2725 1323 2790 distinctionem
1356 2744 1389 2793 a
1422 2741 1624 2806 regno
1656 2720 1999 2787 admittere
2040 2721 2321 2796 videtur,
2365 2726 2552 2803 regni
2598 2722 2868 2786 nomine
2920 2723 3305 2806 intelligens
3348 2726 3525 2789 inte-

218 2836 408 2899 gram
453 2821 861 2902 felicitatem,
916 2838 991 2885 ac
1027 2824 1376 2903 perfectam
1430 2824 1754 2888 bonorum
1806 2820 2103 2909 culmum
2134 2820 2797 2895 assecutionem;sed
2829 2824 2906 2883 ad
2965 2822 3252 2899 priorem
3306 2824 3526 2887 statim

224 2916 400 2977 redit
451 2917 1088 2997 interpretationem,
1140 2936 1289 2999 quae
1337 2935 1453 2999 pro
1500 2918 1735 2983 eodem
1768 2916 1963 2980 habet
2009 2926 2392 3000 utrumque.
2430 2943 2464 2978 ε
2506 2921 2581 2983 Ut
2613 2937 2697 2983 ne
2745 2920 2983 2993 dicam,
3036 2920 3291 3002 inquit,
3343 2922 3525 3003 quod

221 3022 592 3074 sanctarum
629 3016 857 3094 gratia
879 3016 945 3078 in
977 3017 1391 3097 quotidianis
1420 3015 1887 3079 miraculorum
1920 3015 2444 3095 Operationibus,
2473 3014 2828 3096 paradisus
2862 3016 3097 3080 merito
3128 3019 3347 3081 dictus
3382 3018 3468 3082 sit
3502 3039 3524 3083 ε

222 3116 292 3168 et
323 3124 554 3172 omnes
592 3111 826 3187 sancti,
856 3120 1181 3193 quotquot
1207 3114 1564 3194 participes
1597 3112 1761 3189 facti
1788 3122 1941 3173 sunt
1982 3113 2423 3193 spiritualium
2460 3111 2799 3187 donorum,
2848 3123 2911 3177 et
2943 3116 3061 3195 qui
3105 3114 3531 3179 arrhabonem

224 3203 460 3267 habent
499 3206 808 3291 Spiritus,
858 3209 926 3271 in
954 3210 1268 3291 paradiso
1312 3211 1476 3285 sint;
1518 3209 1777 3273 etiamsi
1813 3208 2097 3271 nondum
2139 3212 2417 3291 perfecti
2436 3212 2709 3292 fuerint,
2744 3221 2802 3271 et
2832 3228 3099 3289 regnum
3130 3214 3526 3295 acceperint,

224 3300 401 3364 sicut
429 3302 590 3365 dicit
627 3306 979 3384 Apostolus
1010 3306 1077 3369 in
1125 3305 1405 3385 epistola
1442 3307 1524 3379 ad
1568 3305 1878 3375 Hebra‘os
1917 3329 1933 3366 :
1966 3307 2244 3369 Etiamsi
2276 3306 2561 3369 nondum
2592 3310 3083 3388 promissionem
3132 3313 3525 3390 acceperint.

223 3400 740 3466 Promissionem
771 3404 949 3466 enim
976 3404 1284 3479 dicendo,
1314 3412 1376 3466 τὸ
1400 3412 1722 3485 ὀλόκληρον,
1754 3404 2072 3484 integram
2120 3403 2553 3466 hereditatem
2601 3405 2747 3485 (seu
2772 3404 3183 3487 felicitatem)
3228 3406 3524 3469 declara-

227 3500 343 3562 vit.
377 3501 457 3563 At
496 3499 675 3561 illam
719 3502 1011 3563 nondum
1061 3500 1382 3582 integram
1418 3511 1835 3582 acceperunt.
1872 3506 1947 3565 Et
1978 3513 2129 3564 sunt
2161 3504 2230 3565 in
2258 3521 2480 3583 regno,
2514 3512 2573 3565 et
2597 3502 2933 3584 paradiso,
2968 3514 3079 3567 etet
3110 3513 3304 3585 μέντοι
3333 3514 3433 3568 καὶ
3462 3514 3528 3571 tv

223 3603 478 3678 βασιλιιᾳ
505 3607 604 3659 καὶ
630 3607 689 3659 ιν
718 3604 801 3677 τῷ
834 3605 1190 3677 παραδείσῳ;
1226 3620 1256 3653 ι
1292 3598 1386 3660 Ad
1422 3598 1704 3677 priorem
1728 3616 1799 3661 se
1830 3618 1841 3660 l

1127 3622 1190 3676 ρ;
1226 3620 1256 3653 ι
1292 3598 1386 3660 Ad
1422 3598 1704 3677 priorem
1728 3616 1799 3661 se
1830 3600 2082 3663 reducit
2112 3600 2745 3679 interpretationem.

300 3694 408 3761 83.
438 3694 650 3764 Dices,
680 3695 827 3758 Non
852 3696 1146 3774 sequitur
1172 3716 1194 3757 :
1238 3698 1449 3759 sancti
1477 3705 1627 3757 sunt
1666 3694 1737 3757 in
1767 3694 1942 3767 caelo,
1996 3713 2144 3775 ergo
2173 3695 2393 3757 vident
2438 3698 2660 3761 Deum.
2712 3698 3202 3763 Nonnullorum
3233 3699 3520 3781 objectio

223 3802 324 3856 est
354 3792 528 3873 apud
554 3790 1021 3856 Bellarminum
1055 3793 1221 3858 libro
1253 3812 1275 3855 ι
1308 3796 1400 3856 De
1433 3804 1800 3857 sanctorum
1829 3791 2248 3867 beatitudine,
2279 3793 2492 3872 capite
2520 3794 2584 3857 3.
2615 3796 2905 3874 Reponit
2934 3796 3055 3859 ille
3085 3813 3102 3858 :
3138 3819 3169 3854 ε
3196 3799 3393 3860 Recte
3422 3815 3529 3862 se—

222 3892 378 3972 qui;
416 3906 565 3953 nam
604 3908 721 3969 per
751 3889 972 3951 calum
1015 3890 1452 3971 intelligimus
1482 3894 1731 3964 sedem,
1766 3896 1830 3952 et
1859 3889 2053 3969 quasi
2086 3889 2300 3951 aulam
2336 3889 2578 3970 regiam
2613 3892 2759 3966 Dei,
2807 3892 2922 3955 ubi
2954 3894 3121 3955 Deus
3151 3911 3399 3973 semper
3423 3894 3527 3957 ei-

222 3988 494 4051 detur...
522 3986 805 4049 Tametsi
839 3986 1017 4050 enim
1051 3988 1231 4049 Deus
1264 3988 1510 4068 ubique
1542 3988 1655 4062 sit,
1691 3995 1907 4050 tamen
1944 3986 2206 4065 proprie
2235 3986 2304 4047 in
2332 3986 2495 4048 cmlo
2520 3986 2787 4061 dicitur,
2819 3987 2980 4068 quia
3017 4006 3132 4069 per
3162 3989 3519 4052 suiimani-

223 4084 645 4148 festatimtem
694 4085 837 4147 illic
888 4102 961 4146 se
1014 4090 1398 4163 prtesentem
1448 4085 1770 4159 ostendit;
1820 4091 1883 4147 et
1929 4084 2225 4147 cernitur
2255 4084 2453 4147 abiis
2484 4087 2598 4167 qui
2647 4086 2830 4166 digni
2889 4097 3047 4151 sunt
3102 4091 3375 4163 caelesti
3406 4090 3524 4155 illa

220 4185 403 4247 sede.
447 4205 465 4242 ι

302 4280 617 4355 Qumnam
650 4294 805 4361 vero
832 4276 1033 4341 fuerit
1063 4296 1246 4343 mens
1280 4278 1749 4360 'l‘heOphylacti
1773 4282 1803 4341 ‘t
1839 4278 2419 4343 Verisimillimum
2455 4290 2640 4361 puto,
2672 4283 2894 4364 ipsum
2941 4285 3389 4364 existimasse,
3426 4286 3525 4349 vi-

224 4371 418 4435 sione
452 4373 567 4434 Dei
605 4372 735 4434 frui
769 4379 1028 4434 sanctos
1056 4372 1126 4435 in
1162 4388 1366 4451 regno
1398 4371 1734 4435 cmlorum.
1767 4372 2157 4439 Paradisum
2188 4379 2304 4442 ille
2332 4381 2506 4443 idem
2540 4397 2687 4443 esse
2725 4383 2916 4445 docet
2947 4399 3018 4445 ac
3050 4370 3319 4463 regnum
3349 4383 3532 4446 ccio-

221 4486 392 4542 rum,
426 4471 604 4551 quod
636 4470 1089 4550 interpretatio
1120 4480 1351 4551 quarta
1380 4470 1847 4549 distinguebat.
1883 4474 2080 4554 Atqui
2115 4474 2281 4537 bona
2309 4477 2494 4554 regni
2524 4493 2598 4539 ea
2630 4477 2967 4555 dicuntur,
3004 4497 3155 4561 qum
3181 4499 3383 4561 neque
3410 4501 3528 4544 au-

222 4571 318 4632 ris
347 4568 621 4644 audivit,
652 4587 853 4648 neque
884 4569 1106 4631 oculus
1130 4568 1318 4642 vidit,
1350 4586 1546 4649 neque
1580 4569 1649 4629 in
1675 4586 1789 4629 cor
1825 4567 2101 4629 hominis
2137 4566 2511 4630 ascendunt.
2546 4570 2714 4643 Quis
2748 4589 2906 4633 vero
2951 4573 3125 4634 inter
3179 4574 3524 4643 hmcbona

222 4668 437 4745 regni,
477 4669 546 4729 in
581 4684 713 4746 quo
743 4668 980 4746 degere
1014 4673 1273 4729 sanctos
1303 4664 1829 4744 TheOphylactus
1860 4664 1972 4737 ait,
2007 4682 2136 4728 non
2170 4676 2512 4729 enumeret
2544 4665 2711 4743 illud
2751 4668 3179 4749 prmcipuum,
3212 4672 3393 4751 quod
3424 4680 3525 4734 est

224 4764 398 4828 clara
439 4765 601 4827 visio
632 4764 802 4827 Dei?
833 4764 1284 4827 Disertissime
1316 4762 1608 4836 aﬂirmat,
1642 4762 1955 4823 bonorum
1976 4763 2484 4841 participatione
2519 4780 2633 4825 eos
2658 4764 2789 4826 frui
2826 4766 2894 4827 in
2945 4783 3148 4846 regno
3184 4766 3522 4843 cmlorum,

223 4861 508 4923 nondum
545 4872 753 4923 tamen
780 4862 1095 4943 perfecta;
1116 4876 1263 4940 qum
1295 4861 1488 4923 verba
1521 4877 1633 4938 par
1664 4866 1761 4921 est
1792 4858 1879 4922 ita
1912 4858 2309 4938 intelligere,
2349 4869 2417 4922 ut
2447 4877 2603 4923 sane
2638 4863 2844 4925 Deum
2894 4864 3022 4944 ipsi
3052 4865 3339 4941 videant,
3373 4884 3519 4946 per-

224 4959 459 5022 fectam
490 4960 814 5023 donorum
838 4959 1375 5021 distributionem
1409 4959 1765 5035 accepturi,
1801 4966 2139 5035 resumpto
2171 4974 2445 5037 corpore
2476 4971 2624 5038 post
2648 4960 2980 5038 judicium
3012 4963 3078 5023 in
3107 4978 3520 5028 consumma-

227 5056 409 5119 tione
438 5058 683 5119 s’mculi.
719 5058 1000 5119 Maxime
1030 5053 1203 5118 favet
1227 5066 1457 5117 eorum
1507 5053 1911 5139 exemplum,
1945 5054 2125 5134 quod
2178 5055 2471 5131 affertur,
2526 5059 2639 5137 qui
2676 5058 2747 5120 in
2786 5054 2999 5140 regias
3035 5062 3521 5142 ingrediuntur,

232 5164 287 5215 et
319 5158 389 5215 in
420 5156 511 5215 eis
542 5165 904 5217 versantur.
940 5158 1039 5215 An
1089 5153 1196 5214 isti
1235 5168 1571 5232 nunquam
1627 5151 1914 5213 viderint
1939 5150 2213 5231 regem?
2247 5155 2383 5214 lmo
2432 5153 2701 5229 vident;
2733 5166 2789 5218 et
2820 5178 2961 5219 cum
2999 5161 3244 5221 venerit
3274 5168 3521 5239 tempus

229 5250 711 5313 distributionis
734 5252 1047 5330 regalium
1080 5249 1415 5323 donorum,
1448 5248 1928 5311 consummatio
1961 5248 2212 5310 scilicet
2244 5251 2493 5316 saeculi.
2530 5263 2590 5313 et
2624 5271 2969 5332 corporum
2998 5257 3417 5332 resurrectio,
3452 5277 3524 5319 ea

226 5353 504 5430 perfecte
585 5356 1017 5427 assequentur.
1068 5348 1217 5407 Data
1256 5361 1405 5406 vero
1456 5345 1640 5422 regni
1669 5342 1965 5405 caelorum
2043 5346 2468 5409 distinctione
2513 5366 2546 5410 a
2595 5352 2935 5428 paradiso;
2986 5356 3151 5417 illud
3207 5356 3524 5436 intelligit

231 5448 759 5527 Theophylactus
809 5448 1123 5523 integram
1160 5442 1561 5520 felicitatem;
1596 5449 1658 5503 et
1694 5444 1913 5511 istum,
1946 5442 2318 5522 felicitatem
2349 5447 2644 5525 quidem,
2697 5452 2810 5512 sed
2847 5469 2973 5514 non
3008 5454 3291 5531 plenam,
3323 5456 3523 5534 spiri-

231 5549 503 5610 tualium
536 5566 776 5627 quoque
806 5544 1121 5605 donorum
1164 5543 1727 5621 participationem
1774 5549 1829 5599 et
1865 5540 2287 5602 arrhabonem
2328 5545 2658 5623 Spiritus;
2698 5549 2933 5611 claram
2985 5552 3124 5613 sine
3181 5553 3387 5614 dubio
3423 5553 3521 5614 vi~

229 5650 490 5711 sionem
526 5646 667 5707 Dei.
707 5646 960 5707 Addere
995 5642 1208 5703 locum
1238 5640 1380 5717 ejus
1425 5640 1614 5702 liceat
1662 5638 1740 5702 ad
1772 5652 1966 5721 caput
1998 5661 2019 5702 ι
2056 5643 2365 5721 Epistolas
2395 5648 2472 5707 ad
2512 5648 2997 5730 Philippenscs,
3027 5672 3087 5715 γ.
3116 5654 3188 5714 21
3226 5677 3239 5715 :
3276 5678 3303 5709 α
3355 5656 3522 5719 Mihi

228 5751 389 5809 enim
418 5748 631 5807 vivere
662 5745 958 5811 Christus
996 5749 1113 5814 est,
1151 5750 1203 5799 et
1240 5741 1405 5799 mori
1437 5737 1706 5802 lucrum.
1746 5740 1909 5803 Mori
1947 5746 2160 5803 autem
2200 5741 2455 5805 lucrum
2486 5754 2609 5824 est,
2646 5750 2799 5827 quia
2852 5762 3006 5813 tunc
3053 5751 3341 5828 apertius
3372 5766 3522 5815 cum

231 5849 375 5927 ipso
410 5844 721 5923 (Christo,
757 5842 925 5903 Filio
960 5840 1099 5902 Dei‘
1134 5838 1460 5898 vcrsabor.
1518 5862 1543 5891 ιο
