4098 6330
224 372 328 439 105
1080 366 1178 428 DE
1209 361 1794 428 THEOPIIYLACTI
1835 313 2111 423 essrts
2146 360 2243 422 ET
2285 328 2653 421 scmr'ris.
3427 347 3530 413 106

220 478 359 541 divi
394 476 606 539 Petri:
637 477 946 558 Satagite,
988 485 1058 538 ut
1107 494 1227 557 per
1256 476 1420 544 bona
1454 491 1648 554 opera
1681 482 1916 533 certam
1959 480 2235 534 vestram
2278 472 2670 532 vocationem
2721 476 2777 529 et
2821 466 3191 528 electionem
3227 464 3517 543 faciatis,

226 581 571 656 eapropter
598 573 767 637 illud
804 574 882 636 ab
912 582 1172 637 auctore
1205 581 1549 642 assertum,
1588 569 1813 630 electos
1853 569 1997 651 ﬁeri
2026 570 2125 632 vel
2157 588 2308 643 non,
2356 566 2651 657 nostrum
2683 576 2798 641 est,
2836 582 2989 628 eum
3041 572 3251 643 potest
3299 562 3527 626 subire

218 688 512 736 sensum.
553 695 581 728 ιο
618 671 1011 733 Catholicum
1062 687 1327 732 sensum
1375 668 1857 748 amplectimur.
1914 669 1999 730 At
2052 668 2120 730 in
2170 667 2549 731 Prml‘ationo
2598 666 2676 728 ad
2725 667 3062 728 Lectorem
3120 659 3522 730 siciaiebat:

221 792 253 827 α
285 769 820 849 Chrysostomum
852 767 1152 847 sequitur
1186 764 1728 847 TlieOphylactus
1774 759 1872 826 de
1900 765 2102 829 libero
2154 766 2423 833 arbitrio
2473 783 2545 826 ac
2588 750 2738 838 fide,
2789 770 2852 824 et
2889 760 3286 842 quibusdam
3318 757 3468 822 aliis
3505 779 3522 819 :

223 874 284 930 et
319 867 585 945 proinde
617 866 681 926 in
716 864 1112 945 quibusdam
1148 861 1657 941 interpretandis
1695 861 2048 925 violentior
2078 864 2202 942 [LI]
2232 871 2352 924 est.
2385 862 2575 937 Quod
2617 860 2926 934 dixerim,
2964 870 3031 919 ut
3066 860 3132 919 in
3175 860 3295 919 hoc
3334 866 3524 919 tuum

221 965 533 1028 adhibeas
557 963 915 1044 judicium,
942 962 1058 1042 qui
1095 970 1153 1023 te
1179 961 1339 1022 solis
1372 960 1706 1022 canonicis
1741 960 2094 1039 Scripturis
2131 959 2461 1023 addictum
2498 959 2695 1022 nosti.
2739 982 2769 1017 π
2807 957 2987 1020 Solos
3037 956 3309 1019 advocat
3343 954 3520 1020 Scri-

220 1073 446 1145 pturas
476 1063 842 1136 canonicos,
917 1060 1334 1123 traditionem
1361 1058 1610 1120 scilicet
1645 1061 1902 1141 Patrum
1935 1057 2272 1138 rejiciens,
2307 1057 2718 1121 heterodoxo
2753 1057 3049 1118 imbutus
3083 1070 3341 1126 errore;
3390 1068 3522 1133 quo

217 1144 419 1224 etiam
452 1166 1004 1242 praaoccupatum,
1044 1155 1404 1219 universali
1431 1157 1691 1218 Patrum
1717 1153 1972 1235 judicio
2009 1151 2078 1218 in
2110 1144 2525 1235 exponendis
2562 1153 2865 1236 El'oquiis
2899 1150 3146 1215 divinis
3193 1152 3520 1232 privatum

220 1260 528 1339 j‘ireel'erre
567 1259 890 1338 cujusque
917 1255 1245 1336 judicium
1285 1271 1519 1318 ausum
1559 1270 1726 1324 esse,
1779 1254 2114 1316 adnotavit
2145 1253 2510 1316 Richardus
2549 1243 2890 1315 Simonius
2942 1253 3010 1314 in
3049 1250 3349 1313 Historia
3386 1244 3520 1312 cri-

217 1361 348 1420 tica
383 1361 448 1418 in
481 1356 694 1430 N.I‘.,
729 1363 906 1417 tomo
939 1355 1046 1426 IV,
1087 1354 1293 1432 capite
1320 1354 1423 1428 28,
1458 1370 1603 1434 pag.
1641 1354 1781 1414 395.
1849 1367 1874 1397 ‘-
3208 1364 3216 1372 ε

297 1455 418 1516 Sed
460 1456 595 1535 ipse
632 1453 964 1514 Simonius
998 1450 1463 1530 'l‘heOphylacti
1495 1451 1850 1512 doctrinam
1876 1448 1949 1510 de
1983 1449 2279 1511 electione
2327 1447 2547 1512 divina
2575 1467 2648 1511 ac
2672 1450 3234 1530 praedati-natione
3283 1459 3338 1510 et
3369 1462 3521 1529 gra-

229 1554 326 1612 tia
361 1568 435 1613 ea
479 1552 722 1612 ratione
758 1548 1070 1610 vindicat:
1125 1550 1298 1628 quod
1338 1553 1633 1608 veterem.
1678 1542 1980 1609 Ecclesia)
2021 1550 2255 1611 Graecee
2298 1548 2489 1610 ﬁdem
2535 1547 2857 1628 Bulgarus
2913 1548 3170 1622 afferat,
3215 1548 3520 1610 dissitam

215 1651 483 1732 quidem
519 1649 598 1711 ab
658 1646 1004 1726 Augustini
1051 1645 1484 1715 documentis,
1543 1654 1606 1708 et
1636 1645 2022 1725 Pelagianis
2062 1648 2253 1708 etiam
2284 1647 2621 1708 adversam
2682 1646 3016 1709 erroribus
3063 1663 3078 1701 :
3125 1646 3516 1725 doceatque,

212 1748 586 1827 generalem
631 1743 987 1807 vocationis
1019 1742 1289 1821 gratiam
1327 1742 1604 1805 conferri
1640 1761 1673 1805 a
1706 1745 1866 1818 Deo,
1901 1759 2026 1824 qua
2067 1743 2235 1806 bona
2270 1743 2483 1804 omnis
2514 1742 2579 1805 in
2608 1741 2992 1804 hominibus
3028 1743 3406 1822 dispositio,
3448 1759 3522 1805 ac

214 1847 524 1909 voluntas
557 1841 854 1906 salutaris
889 1841 1288 1920 praavenitur
1336 1860 1351 1899 :
1402 1850 1461 1903 et
1491 1840 1653 1904 hanc
1689 1841 1846 1903 satis
1883 1859 2049 1912 esse,
2079 1857 2208 1919 qua
2241 1837 2518 1902 liberum
2557 1840 2899 1903 arbitrium
2936 1846 3362 1920 praeventum,
3401 1857 3517 1902 vo-

213 1944 389 2008 canti
426 1945 559 2006 Deo
598 1946 1014 2020 c00peretur.‘
1042 1939 1408 2001 Simonium
1454 1940 1541 2001 ita
1588 1942 1842 2002 Grascos
1884 1947 2175 2000 vetustos
2236 1939 2453 2000 Patres
2478 1939 3000 2001 committentem
3045 1956 3242 2010 .rum,
3283 1941 3516 2018 Angu-

219 2045 422 2114 stino,
451 2048 508 2102 et
529 2037 883 2119 Augustini
916 2036 1272 2099 doctrinam
1296 2035 1497 2099 veluti
1526 2052 1760 2098 novam
1789 2037 2256 2112 traducentem,
2289 2037 2417 2117 jam
2469 2036 2580 2099 alii
2610 2038 3011 2117 castigarunt
3061 2036 3514 2117 IbeoIOgo‘rum

212 2137 602 2202 doctissimi.

288 2238 394 2300 88.
428 2233 806 2298 Ludovicus
843 2231 1318 2297 Thomassinus
1353 2233 1803 2305 consulendus
1837 2239 1960 2310 est,
1994 2231 2109 2313 qui
2160 2231 2328 2296 libro
2381 2251 2453 2295 ιι
2480 2233 2570 2293 De
2631 2232 2761 2294 Deo
2807 2234 3046 2313 Deique
3088 2236 3514 2315 proprietati-

211 2333 354 2407 bus,
391 2332 709 2394 latissime
745 2341 807 2392 et
837 2330 1100 2410 egregie
1132 2330 1402 2393 disserit
1433 2330 1506 2392 de
1530 2332 1890 2394 necessaria
1938 2332 2309 2395 Graecorum
2354 2332 2856 2419 Latinorumque
2907 2335 3199 2408 Patrum,
3231 2337 3342 2417 qui
3379 2336 3516 2396 Au-

207 2431 540 2511 gustinum
565 2437 1052 2507 prmeesserunt,
1080 2428 1424 2492 concordia
1455 2448 1596 2490 cum
1628 2429 1838 2491 eodem
1863 2431 2223 2510 Augustino
2257 2433 2512 2513 ejusque
2576 2433 3001 2494 sectatoribus
3034 2436 3102 2494 in
3136 2433 3513 2513 theologicis

209 2526 283 2588 de
313 2524 880 2606 prazdestinatione
910 2535 965 2586 et
988 2527 1200 2604 gratia
1230 2524 1824 2606 disceptationibus.
1855 2527 2026 2590 Hinc
2057 2529 2605 2608 prudentissimas
2636 2547 2708 2591 ac
2750 2547 2905 2592 sane
2953 2540 3282 2593 accuratas
3331 2531 3511 2593 Tho-

217 2624 552 2685 massinus
602 2621 767 2700 ipse,
819 2629 879 2682 et
917 2631 1102 2684 antea
1145 2621 1507 2704 Dionysius
1553 2625 1856 2687 Petavius
1922 2625 2088 2688 libro
2129 2645 2199 2688 ιχ
2229 2615 2319 2687 De
2366 2626 2960 2708 prccdestinatione,
3008 2645 3194 2708 capp.
3240 2629 3301 2702 3,
3344 2627 3404 2703 ιι,
3448 2632 3511 2700 5,

211 2720 752 2799 prtescripserunt
787 2721 1070 2797 regulas,
1103 2721 1180 2781 ad
1215 2727 1467 2783 veteres
1496 2723 1772 2784 maxime
1804 2723 2058 2785 Graecos
2091 2723 2290 2787 hocce
2327 2724 2390 2786 in
2419 2734 2804 2804 argumento
2831 2727 2953 2786 rite
2982 2724 3510 2804 interpretando:

209 2817 506 2897 apprime
559 2815 778 2878 utiles.
824 2816 940 2877 His
1002 2817 1276 2880 anteivit
1342 2818 1565 2881 Sixtus
1625 2820 1937 2882 Senensis
1991 2821 2057 2882 in
2116 2818 2516 2884 Bibliotheca
2566 2831 2813 2896 sancta,
2871 2821 3038 2885 libro
3097 2842 3187 2899 γι,
3243 2824 3512 2888 adnota-

211 2914 392 2976 tione
418 2913 561 2983 251,
596 2912 710 2990 qui
745 2911 868 2974 sibi
902 2913 1134 2975 ducem
1160 2914 1225 2976 in
1259 2913 1376 2977 hac
1406 2916 1505 2978 via
1544 2917 1832 2980 ineunda
1857 2921 2491 2982 sanctum‘Thomam
2534 2919 2926 3000 Aquinatem
2974 2922 3338 3002 prOposuit.
3391 2924 3515 2987 Do-

208 3011 658 3076 ctissimorum
691 3008 972 3072 virorum
998 3019 1058 3073 et
1082 3027 1201 3091 ego
1231 3012 1505 3093 vestigia
1541 3014 1876 3094 insequor.

289 3107 458 3170 Sixti
486 3107 796 3169 Senensis
836 3109 1028 3170 verba
1060 3116 1214 3171 sunt
1248 3131 1262 3171 :
1288 3111 1369 3171 In
1413 3111 1715 3193 operibus
1741 3113 2166 3189 electoru-m,.a
2197 3113 2416 3177 divina
2440 3114 3012 3196 prwdest‘inatione
3036 3120 3359 3199 prwvisis,
3389 3120 3510 3182 du-

204 3204 442 3285 plicem
477 3223 678 3265 causa:
721 3205 1034 3267 rationem
1078 3207 1360 3284 spectari
1390 3226 1599 3288 posse,
1649 3211 2045 3272 meritoriam
2077 3212 2320 3274 scilicet
2362 3223 2419 3273 et
2466 3214 2742 3292 ﬁnalem.
2787 3215 2956 3277 Hinc
2994 3210 3222 3295 regula
3278 3217 3510 3297 prima.

211 3326 239 3359 α
277 3304 344 3364 Si
392 3320 649 3363 causam
692 3303 1088 3364 meritoriam
1137 3304 1648 3384 inspexerimus,
1693 3325 1888 3371 nosse
1935 3317 2213 3388 oportet,
2257 3310 2551 3373 ordinem
2598 3312 2841 3375 divinm
2884 3315 3310 3392 providentius
3361 3335 3514 3398 erga

208 3400 459 3462 electos
481 3399 729 3479 gemina
763 3398 1079 3477 graduum
1100 3402 1407 3463 varietate
1438 3403 1792 3480 distingui:
1822 3423 2102 3484 quorum
2139 3406 2246 3469 alii
2273 3401 2649 3487 pmcedunt
2670 3410 3090 3488 gratiﬁcantis
3113 3413 3339 3490 gratias
3368 3430 3518 3477 sus-

208 3498 612 3575 captionem,
647 3513 768 3558 ceu
793 3495 1070 3572 dilectio,
1096 3495 1340 3572 electio,
1375 3502 1792 3581 consoriptio,
1811 3497 2313 3582 prwdestinatio,
2336 3506 2608 3577 vacatio,
2626 3507 3121 3587 justiﬁcationis
3147 3512 3515 3582 inchoatio:

208 3594 323 3656 alii
368 3611 522 3654 vero
554 3595 970 3673 gratiﬁcantis
999 3596 1219 3675 gratias
1237 3599 1723 3675 susceptionem
1750 3607 2120 3680 sequuntur,
2159 3600 2385 3681 quales
2417 3610 2572 3664 sunt
2599 3605 2827 3683 gratite
2856 3605 3094 3682 auctio,
3114 3609 3518 3690 justitite'in-

208 3699 618 3764 crementum,
646 3706 700 3752 et
737 3704 980 3752 aeternae
1004 3691 1337 3771 felicitatis
1374 3693 1653 3773 adeptio.
1693 3697 1758 3757 Si
1790 3695 1988 3774 igitur
2007 3708 2357 3776 quaeratur,
2401 3699 2503 3760 An
2526 3718 2788 3780 operum
2812 3714 3184 3767 nostrorum
3211 3714 3513 3789 praecisio

209 3789 294 3850 sit
327 3807 526 3850 causa
567 3789 906 3850 meritoria
953 3789 1457 3868 prwcedentium
1491 3794 1829 3871 graduum,
1859 3797 2232 3873 negandum
2283 3804 2382 3859 est
2423 3815 2717 3876 prorsus,
2767 3819 2849 3864 ne
2903 3804 3248 3869 videamur
3280 3813 3516 3873 conni-

207 3904 358 3949 vere
404 3885 771 3984 Pelagianis
805 3885 1205 3960 dicentibus,
1263 3889 1462 3948 Deum
1498 3891 1726 3952 merita
1756 3900 1979 3952 nostra
2013 3893 2077 3952 in
2112 3911 2228 3952 sua
2251 3896 2658 3972 prazscientia
2703 3897 2985 3978 elegisse.
3015 3903 3090 3963 Et
3117 3903 3307 3984 juxta
3349 3906 3514 3974 hanc

209 3982 606 4081 sententiam
659 3982 1127 4081 interpretandi
1173 3993 1327 4047 sunt
1365 4000 1594 4048 omnes
1628 3988 1866 4062 Patres,
1900 3989 2014 4068 qui
2049 3999 2357 4075 mternam
2392 3992 2511 4054 Dei
2546 3994 2943 4061 electionem
2977 4019 3050 4064 ac
3077 3982 3512 4081 praedestina-

209 4079 463 4183 t_i_onem
522 4096 600 4139 ea:
622 4077 758 4139 sola
799 4078 1189 4183 Dei-gratia,
1221 4081 1422 4183 nullis
1458 4084 1753 4183 prcevisis
1784 4087 2056 4162 meritis,
2087 4071 2433 4153 definiunt.
2461 4091 2525 4154 Si
2562 4110 2717 4157 vero
2752 4071 3113 4180 interroget
3149 4102 3508 4183 quispiam,

214 4177 444 4239 Utrum
493 4184 818 4274 sequentes
866 4174 1077 4238 divini
1117 4177 1367 4239 ordinis
1405 4179 1645 4258 gradus
1691 4182 1761 4242 in
1804 4179 2023 4243 divina
2059 4186 2446 4264 prtevisione
2479 4206 2734 4252 causam
2771 4174 3046 4258 habeant
3088 4174 3508 4274 merito-riam,

215 4273 444 4351 procul
488 4272 689 4335 dubio
725 4273 1258 4368 respondendum
1305 4286 1424 4350 est,
1463 4279 1667 4340 Deum
1699 4279 1777 4340 ab
1803 4289 2048 4344 aeterno
2080 4285 2454 4349 decrevisse
2484 4288 2787 4352 daturum
2822 4309 2892 4355 se
2942 4292 3347 4362 incrementa
3376 4272 3514 4364 am;

215 4370 450 4447 plioris
502 4372 723 4449 gratias
771 4370 866 4431 bis
901 4370 1016 4451 qui
1053 4371 1217 4433 bene
1267 4373 1453 4435 usuri
1506 4376 1985 4457 essent'primo
2028 4379 2448 4459 justiﬁcan‘tis
2491 4385 2716 4464 gratim
2764 4387 2972 4452 dono:
3015 4408 3089 4455 ac
3152 4396 3392 4460 deinde
3429 4402 3512 4463 ob

212 4467 444 4574 merita
480 4467 649 4529 bene
682 4466 1248 4574 servatae-justiﬁes
1280 4473 1686 4574 redditurum
1731 4493 1800 4537 se
1840 4476 1938 4538 eis
1989 4483 2318 4556 perpetuae
2351 4479 2776 4546 beatitudinis
2811 4503 3149 4553 coronam.
3187 4496 3400 4574 Atque
3433 4500 3513 4559 ad

208 4560 389 4627 hunc
434 4581 708 4672 sensum
743 4565 1150 4672 conabimur,
1172 4570 1394 4672 quoad
1433 4571 1570 4631 fieri
1613 4574 1872 4649 poterit,
1913 4578 2403 4641 accommodare
2442 4579 2698 4662 aliquas
2739 4599 2819 4646 ex
2864 4588 3218 4664 praemissis
3249 4560 3514 4657 Patrum

209 4663 597 4765 sententiis,
630 4679 775 4765 qua:
812 4663 1185 4765 praevisioni
1223 4667 1601 4730 meritorum
1632 4670 1957 4735 ascribere
1995 4674 2297 4738 videntur
2330 4677 2719 4744 electionem
2752 4691 2814 4745 et
2840 4684 3509 4765 praedestinationem,
3578 4726 3581 4727 ν

212 4759 342 4868 1390.
386 4769 493 4868 est
536 4760 1132 4868 prcedestinationis
1165 4774 1222 4868 et
1259 4766 1582 4829 electionis
1636 4768 2175 4850 complementum,
2225 4773 2362 4836 sive
2389 4789 2716 4856 sequentes
2766 4759 3243 4862 et-posteriores
3273 4759 3514 4868 gradus

208 4853 420 4970 divini
453 4855 725 4970 ordinis.
764 4856 1318 4970 Quod'interdum
1354 4862 1596 4936 Patres,
1642 4869 1847 4927 totum
1880 4884 1915 4929 a
1957 4878 2136 4948 parte
2179 4853 2712 4952 denominanles,
2757 4853 3150 4946 electionem
3203 4853 3301 4948 vel
3353 4908 3519 4970 prac-

211 4953 722 5015 destinationem
755 4951 1108 5033 appellant.
1156 4979 1183 5010 ι,

289 5047 385 5164 |Aii
425 5049 607 5164 hunc
648 5051 933 5164 revocari
971 5051 1368 5164 catbolicum
1395 5074 1664 5164 sensum
1702 5059 2014 5128 facillime
2049 5079 2326 5145 possunt
2360 5069 2836 5154 Theophylacti
2880 5083 3229 5147 sententias
3267 5042 3514 5164 plures.

211 5146 302 5263 {id
334 5155 539 5254 caput
570 5146 1053 5263 xxu‘ltiattbeei,
1091 5150 1187 5222 Μ,
1224 5152 1312 5261 ait
1362 5175 1376 5214 :
1418 5153 1650 5217 Gratia
1682 5161 1845 5228 enim
1875 5161 2014 5223 sola
2044 5181 2250 5226 omnes
2275 5170 2486 5231 vocati
2508 5146 2746 5248 sumas,
2773 5184 2901 5236 tum
2937 5176 3092 5240 boni
3119 5146 3305 5263 quam
3336 5146 3510 5247 nia—Ii:

211 5245 279 5350 In
317 5246 919 5350 prima-vocatione,
980 5263 1127 5350 quae
1172 5249 1378 5350 posita
1417 5261 1510 5313 est
1551 5254 1616 5315 in
1642 5263 1820 5319 motu
1867 5262 2068 5322 animi
2115 5263 2441 5341 interiori,
2484 5245 2753 5337 siversit
2799 5245 3203 5342 illuminatio
3252 5289 3486 5346 mentis

215 5344 353 5459 sive
382 5344 609 5459 cordis
640 5343 1085 5459 inﬂammatio,
1105 5347 1315 5459 solum
1342 5353 1692 5430 gratuitum
1719 5356 1920 5438 fulget
1950 5361 2065 5422 Dei
2102 5332 2549 5445 donum,q'uin
2579 5332 3513 5459 ullaex—parle-nostra-pgc:

210 5441 312 5545 dat
338 5444 516 5545 bona
544 5442 746 5505 libera
774 5442 1074 5545 salutaris
1099 5446 1466 5525 dispositio.
1505 5452 1626 5514 Sed
1649 5462 1923 5518 attamen
1959 5459 2053 5522 sic
2084 5461 2169 5522 ait
2202 5460 2312 5524 ille
2336 5441 2428 5525 ad
2455 5475 2645 5545 caput
2679 5487 2795 5530 vin
2828 5441 2905 5534 ad
2939 5441 3302 5540 Romanos:
3345 5441 3512 5540 Prm-

213 5542 328 5602 scit
355 5543 558 5651 -Deus
590 5559 691 5651 eos
727 5541 1190 5651 qui-paratione
1236 5545 1416 5651 digni
1450 5560 1620 5611 sunt.
1659 5552 1820 5616 Aliae
1843 5566 2000 5619 sunt
2033 5559 2342 5621 nimirum
2389 5541 2760 5628 vocationes
2789 5569 2868 5629 ad
2925 5571 3239 5651 ampliora
3290 5575 3510 5639 chari-

213 5647 412 5750 smata
439 5652 568 5750 :Het
606 5637 736 5700 huic
773 5655 807 5699 a
836 5640 969 5746 Deo
1002 5639 1578 5724 iisconferuntur,
1610 5667 1775 5728 quos
1811 5653 1984 5718 bono
2016 5657 2524 5744 priorisgratiaa
2563 5680 2689 5724 usu
2726 5665 3006 5745 dignos,
3034 5637 3122 5730 .et
3177 5637 3392 5750 aptos,
3420 5637 3511 5740 ac

215 5735 574 5814 dispositos
601 5736 961 5811 prmnoscit,
1563 5719 1574 5724 ⁷
1632 5719 1645 5728 ’
2016 5719 2033 5736 ⁸
2073 5742 2166 5785 περ
2296 5719 2333 5738 υ
2380 5719 2389 5720 ί
2445 5719 2516 5722 ⁷⁷*
2571 5719 2689 5724 η-
2726 5719 3006 5745 -"'c"'-r
3062 5719 3122 5730 ν-
3177 5719 3384 5750 vrum,

290 5832 488 5897 Hunc
525 5832 804 5894 reddunt
837 5851 1132 5912 sensum,
1169 5856 1318 5919 quas
1352 5840 1629 5924 legimus
1655 5848 1842 5914 veiba
1874 5853 2199 5935 all/caput.
2225 5873 2283 5915 vx
2315 5856 2582 5919 Joannis
2617 5877 2672 5922 v.
2708 5860 2818 5925 37:
2854 5862 3261 5931 «Ostendens
3288 5874 3506 5930 autem
3555 5892 3561 5898 ·

548 5940 818 6001 Ρηιιοι..
869 5942 985 6004 an.
1029 5943 1301 6010 cxxnt.
1957 5937 1961 5945 '

3133 5982 3168 6037 4
