4098 6330
634 381 735 448 m
1477 378 1704 440 BERN.
1748 375 2016 439 MARLE
2050 374 2150 436 DE
2184 374 2472 438 RUBEIS
2513 376 3020 454 DISSERTATIO
3779 379 3883 446 108

629 496 806 556 Deus
832 489 1008 572 quod
1031 488 1185 569 [idet
1213 488 1434 572 quain
1462 485 1807 560 Christum,
1833 501 1961 549 non
1997 484 2277 565 vulgaris
2307 485 2622 565 quaepiam
2657 504 2763 551 res
2793 486 2904 562 sit,
2947 485 3060 549 sed
3113 485 3342 549 donum
3371 487 3514 563 Dei,
3555 485 3776 566 dignis
3814 495 3881 552 et

629 588 822 653 rectis
846 586 1042 652 corde
1081 602 1117 649 a
1158 586 1341 659 Patre
1367 584 1614 659 datum,
1639 584 1798 646 dicit
1837 582 2010 664 quod
2048 601 2224 659 omne
2271 581 2437 662 quod
2480 583 2590 646 dat
2611 584 2769 646 mihi
2797 584 3013 658 Pater,
3046 583 3128 645 ad
3173 600 3265 645 me
3303 584 3532 658 veniet,
3598 581 3721 648 hoc
3753 590 3879 662 est,

625 684 724 746 illi
750 683 1017 748 credent
1052 681 1120 746 in
1151 698 1278 756 me,
1302 696 1466 761 quos
1503 679 1609 742 dat
1641 679 1801 741 mihi
1825 681 2030 748 Pater.
2064 679 2194 739 Vas
2227 679 2386 757 [LII]
2419 687 2658 760 autem,
2693 680 2919 753 Judmi,
2951 697 3101 744 cum
3135 680 3386 762 indigni
3419 669 3590 756 sitis,
3615 694 3748 754 non
3768 680 3882 744 da-

622 781 788 843 ωἱηί
834 779 992 844 mihi
1025 796 1060 863 a
1088 782 1306 841 Patre:
1336 782 1678 857 propterea
1709 793 1923 856 neque
1959 774 2199 840 venitis
2235 777 2311 838 ad
2340 793 2468 852 me,
2495 794 2707 858 neque
2731 777 2982 841 habetis
3014 787 3259 840 rectum
3291 795 3436 854 cor,
3469 786 3539 841 ut
3572 775 3880 860 vosdili-

628 895 788 957 gens
819 878 1084 939 Deuset
1121 876 1305 939 Pater
1327 875 1518 940 ducat
1550 881 1626 937 ad
1660 889 1870 953 meam
1909 873 2120 938 ﬁdem.
2154 894 2187 928 υ
2218 874 2452 954 Agitur
2483 875 2561 938 de
2611 876 2913 952 praeclaro
2946 874 3094 955 ﬁdei
3124 875 3336 938 dono;
3385 876 3564 958 quod
3595 874 3878 940 maxime

625 973 857 1034 donum
885 971 1002 1034 Dei
1038 969 1417 1050 appellatur.
1453 973 1688 1033 Verum
1721 968 1893 1041 istud
1922 984 2051 1030 non
2082 968 2272 1032 datur
2302 970 2433 1031 nisi
2465 969 2676 1050 dignis
2710 979 2767 1033 et
2796 972 2987 1034 rectis
3020 972 3230 1045 corde,
3280 970 3410 1032 illis
3449 988 3680 1053 nempe
3721 964 3879 1054 quos

624 1070 735 1132 dat
763 1068 979 1142 Pater,
1011 1065 1288 1148 aliisque
1323 1065 1837 1150 prtecedentibus
1872 1063 2095 1144 gratim
2117 1064 2392 1130 auxiliis
2431 1066 2658 1148 dignos
2686 1070 2843 1150 facit
2874 1077 2931 1130 et
2960 1055 3167 1131 rectos
3193 1067 3404 1143 corde,
3431 1070 3553 1132 hoc
3571 1076 3678 1131 ’est
3707 1067 3876 1134 bene

626 1164 1006 1244 dispositos.
1827 1230 1834 1238 ,
2248 1219 2250 1224 ,

715 1266 802 1328 Ad
845 1265 1022 1337 v.39
1049 1264 1145 1328 sic
1173 1264 1366 1334 ξιὶιεαα
1392 1265 1548 1327 Nam
1594 1263 1648 1326 si
1673 1266 1872 1326 .Pater
1896 1269 2024 1337 dat,
2057 1271 2128 1324 ut
2162 1278 2465 1344 magnum
2519 1265 2854 1345 quiddam,
2889 1266 3147 1355 dignam
3189 1265 3257 1328 in
3301 1263 3625 1356 Christum
3657 1264 3875 1338 ﬁdem.

625 1362 755 1444 ipsi
787 1367 1002 1424 autem
1035 1359 1208 1422 illam
1238 1377 1366 1423 non
1401 1360 1660 1434 habent,
1719 1360 2130 1422 manifestum
2163 1367 2257 1421 est
2292 1361 2468 1441 quod
2502 1362 2674 1424 dono
2710 1362 2828 1424 Dei
2892 1361 3279 1444 exciderint.
3317 1383 3346 1418 ιο
3401 1363 3655 1424 Donum
3700 1359 3878 1447 scili-

623 1457 1003 1541 cetDei,lvel
1033 1463 1360 1536 receptum
1379 1456 1820 1520 incredulitate
1853 1456 2250 1537 rejecerunt:
2281 1457 2372 1518 vel
2399 1461 2752 1536 quominus
2773 1457 2984 1536 ipsum
3008 1459 3392 1538 reciperent,
3412 1456 3874 1536 impedimenta

619 1569 1015 1634 apposuere,
1065 1552 1577 1631 praecedentibus
1615 1552 1831 1631 gratiae
1861 1551 2176 1629 subsidiis
2211 1551 2570 1615 abutentes.
3280 1622 3282 1624 τ
3537 1630 3541 1634 ,
3664 1551 3675 1556 ’

700 1655 778 1717 Ει
806 1652 884 1715 ad
906 1672 962 1713 ν.
988 1653 1062 1714 ιώ
1079 1654 1266 1716 verba
1283 1659 1470 1715 sunt:
1496 1677 1526 1710 ι
1545 1652 1776 1716 Nullus
1784 1662 1996 1733 potest
2015 1651 2095 1713 ad
2107 1671 2197 1713 me
2221 1656 2450 1731 venire,
2465 1655 2592 1716 nisi
2606 1653 2794 1715 Pater
2818 1655 3096 1717 traxerit
3117 1671 3273 1717 eum.
3295 1655 3429 1716 Hoc
3454 1661 3666 1716 autem
3686 1651 3869 1729 dieit,

621 1768 754 1815 non
782 1757 849 1813 ut
888 1748 1246 1814 libertatem
1281 1750 1460 1814 tollat
1483 1749 1770 1814 arbitrii:
1801 1751 1999 1824 absit;
2031 1751 2145 1812 sed
2179 1758 2239 1813 ut

2278 1753 2594 1826 ostendat,
2624 1761 2706 1814 ὅτι
2739 1760 2941 1830 πολλῆς
2967 1759 3142 1814 δεῖται
3196 1763 3514 1834 συνεργείας
3557 1759 3710 1830 παρὰ
3733 1761 3868 1817 Θεοῦ

620 1862 652 1916 ὁ
682 1858 894 1930 μέλλων
921 1858 1234 1925 πιστεύσαι,
1261 1850 1432 1930 quod
1452 1849 1651 1911 multa
1670 1848 1896 1911 habeat
1917 1865 2081 1927 opus
2104 1867 2238 1928 σου]

2246 1851 2548 1911 ieratione
2575 1868 2608 1912 a
2638 1853 2766 1912 Deo
2794 1851 2856 1912 is
2873 1850 2984 1930 qui
3009 1851 3377 1921 crediturus
3403 1837 3521 1912 est.
3549 1851 3623 1911 Et
3643 1848 3864 1928 aliter:

624 1950 775 2012 Illos
815 1950 1005 2012 trahit
1044 1951 1251 2022 Pater,
1301 1945 1412 2027 qui
1448 1945 1689 2008 habent
1717 1943 2059 2007 voluntatis
2095 1947 2548 2024 aptitudinem;
2587 1964 2700 2010 eos
2743 1956 2955 2022 autem
2992 1949 3108 2028 qui
3140 1947 3394 2027 seipsos
3444 1963 3574 2013 non
3624 1936 3868 2017 faciunt.

622 2049 918 2125 idoneos,
952 2063 1080 2109 non
1113 2044 1302 2106 trahit
1329 2045 1404 2106 ad
1446 2044 1654 2105 ﬁdem.
1683 2065 1713 2100 ι
1746 2044 1862 2104 His
1887 2042 2119 2104 donum
2145 2042 2406 2104 sublime
2435 2043 2582 2123 ﬁdei
2611 2045 3019 2119 cOnceditur,
3049 2045 3162 2125 qui
3196 2063 3260 2106 se
3287 2044 3545 2112 idoneos
3590 2045 3870 2124 faciunt:

622 2145 896 2209 sedth
929 2144 1158 2224 praevia
1192 2141 1488 2220 aptitudo
1516 2159 1589 2203 ac
1621 2141 1818 2205 libera
1846 2150 1906 2204 et
1937 2141 2103 2202 bona
2137 2142 2484 2218 dispositio
2547 2142 2783 2204 adsunt
2821 2143 2903 2203 iis
2928 2143 3038 2222 qui
3073 2143 3396 2222 prior-ibus
3419 2143 3639 2223 gratim
3665 2142 3858 2206 donis

621 2242 786 2306 bene
807 2249 1120 2314 utuntur;
1160 2240 1330 2306 unde
1360 2235 1685 2298 creditura
1716 2235 1973 2299 multam
2017 2255 2174 2316 opus
2207 2254 2332 2298 esse
2354 2255 2392 2296 a
2417 2237 2542 2298 Deo
2574 2240 3106 2317 cooperationem,
3138 2239 3400 2318 egregie
3432 2238 3866 2326 docetl’l‘heo-

621 2335 980 2416 phylactus,
1021 2343 1156 2396 tum
1220 2351 1366 2414 quae
1409 2332 1596 2396 tidem
1665 2333 1872 2413 ipsam
1922 2331 2315 2412 impertitur,
2356 2341 2491 2394 tum
2528 2348 2677 2413 qum
2720 2331 2825 2412 pia
2880 2329 3202 2396 desideria
3245 2333 3548 2415 inspirat,
3589 2350 3664 2397 ac
3699 2334 3866 2399 bene

620 2431 909 2510 disponit
944 2431 1256 2493 animum.
1520 2427 1522 2430 ’

695 2525 796 2590 89.
821 2529 998 2591 Hanc
1040 2527 1304 2606 primam
1343 2540 1379 2588 a
1425 2525 1606 2589 Sixto
1644 2525 1912 2612 Senensi
1949 2523 2364 2587 constitutam
2412 2523 2698 2604 regulam
2752 2522 3052 2602 pluribus
3104 2524 3388 2588 illustrat
3432 2526 3737 2589 Petavius
3780 2527 3861 2593 li-

607 2629 736 2691 .bro
773 2628 1094 2702 rx-citato,
1141 2634 1205 2689 et
1261 2628 1388 2688 alia
1448 2623 1756 2687 nonnulla
1789 2621 2255 2703 Theophylacti
2293 2621 2460 2683 dicta
2505 2620 2793 2700 exponit.
2829 2622 3044 2685 Atl‘ero
3092 2624 3284 2686 verba
3328 2621 3461 2697 illa,
3495 2641 3642 2703 qum
3689 2627 3862 2704 capi-

617 2737 677 2787 te
706 2725 746 2786 te
778 2709 1118 2798 habentur,
1147 2737 1325 2783 num.
1350 2722 1430 2784 8:
1469 2745 1498 2781 α
1531 2722 1669 2783 Non
1698 2735 1838 2783 raro
1866 2726 2133 2792 veteres,
2168 2736 2312 2781 cum
2349 2718 2427 2779 dc
2471 2717 2682 2796 gratia
2720 2717 3101 2800 loquuntur,
3127 2718 3382 2797 plenam
3423 2727 3482 2780 et
3517 2722 3860 2800 perfectam

617 2820 1025 2900 intelligunt,
1061 2834 1188 2881 non
1221 2818 1572 2879 inchoatam
1601 2834 1672 2878 ac
1703 2815 1942 2890 rudem,
1976 2833 2119 2895 quae
2149 2815 2356 2895 prima
2386 2813 2781 2888 nominatum
2818 2814 3006 2894 cujus
3039 2814 3423 2895 plerumque
3466 2819 3859 2883 mentionem

616 2934 748 2979 non
780 2915 1095 2978 habent...
1130 2915 1383 2975 Certum
1423 2920 1520 2974 est
1559 2921 1799 2986 autem,
1842 2911 1936 2974 uti
1967 2913 2237 2991 primam
2270 2910 2542 2990 gratiam
2575 2909 2747 2971 nulla
2775 2909 2857 2971 ob
2903 2913 3128 2972 merita
3165 2911 3385 2986 tribui,
3413 2913 3510 2975 sic
3553 2918 3863 2976 accessio-

605 3031 752 3074 nem
790 3009 965 3074 illius
988 3017 1050 3074 et
1087 3009 1587 3081 incrementum,
1623 3026 1695 3072 ac
1727 3010 1978 3088 plenam
2012 3008 2297 3094 denique
2341 3005 2844 3086 possessionem,
2878 3007 3256 3070 meritorum
3283 3025 3354 3069 ac
3391 3008 3684 3071 laborum
3722 3029 3860 3090 pre-

626 3108 718 3171 tio
744 3105 1175 3186 comparari...
1199 3107 1386 3168 Hunc
1425 3105 1657 3168 habere
1690 3121 1954 3169 sensum
1978 3104 2083 3165 illa
2125 3103 2490 3166 Graecorum
2522 3103 2657 3164 loca
2689 3103 3011 3178 videntur,
3043 3120 3187 3183 qum
3216 3105 3409 3164 Deum
3435 3105 3859 3183 impertienda

611 3204 836 3284 gratia:
860 3220 987 3264 sua
1020 3219 1238 3282 capere
1297 3201 1680 3262 occasionem
1715 3199 2142 3278 demonstrent
2187 3217 2290 3260 ea;
2328 3198 2534 3274 nobis,
2590 3208 2648 3258 et
2710 3209 2962 3272 conatu,
3022 3218 3093 3259 ac
3135 3202 3463 3280 proposito
3503 3210 3758 3263 nostro:
3791 3208 3857 3265 ut

613 3299 1089 3372 Theodoretus,
1128 3296 1417 3372 Photius,
1453 3296 1894 3372 (Ecumenius,
1923 3296 2472 3375 Theophylactus,
2519 3303 2710 3374 atque
2746 3295 2884 3372 ipse
2918 3312 3183 3376 quoque
3217 3295 3851 3377 Chrysostomus.....

613 3394 750 3461 Nan
785 3397 954 3460 enim
1002 3396 1279 3476 primum
1305 3395 1650 3458 voluntatis
1683 3401 1928 3467 motum
1966 3401 2027 3455 et
2066 3393 2360 3468 rationis,
2386 3394 2453 3455 in
2487 3396 2691 3472 gratia
2718 3401 3082 3467 numerant,
3136 3393 3332 3455 veluti
3371 3395 3474 3472 pia
3506 3395 3852 3470 desideria,

614 3493 856 3576 quibus
886 3493 962 3556 ad
1001 3491 1357 3572 pleniorem
1397 3491 1804 3572 quaerendam
1843 3489 2074 3570 (fidem)
2107 3507 2179 3552 ac
2211 3492 2330 3552 Dei
2360 3489 2653 3552 notitiam
2695 3496 2755 3549 et
2788 3505 3072 3550 amorem
3106 3489 3500 3566 excitamur;
3537 3508 3683 3571 qua)
3705 3500 3854 3556 sunt

612 3589 1064 3655 excellentiora
1087 3589 1305 3668 gratim
1333 3603 1623 3660 munera,
1657 3586 2056 3666 proindeque
2083 3588 2302 3666 gratim
2336 3601 2567 3648 nomen
2601 3602 2672 3646 ac
2703 3583 2962 3646 titulum
3000 3585 3319 3664 prmcipue
3352 3596 3708 3651 merentur.
3745 3611 3774 3646 ι

693 3687 1114 3750 Verissimam
1160 3694 1315 3764 puto
1358 3685 1478 3748 viri
1533 3681 1888 3750 doctissimi
1935 3681 2590 3751 animadversionem,
2649 3679 2793 3759 quae
2841 3677 3081 3758 legitur
3113 3696 3295 3742 num.
3336 3683 3397 3755 1,
3452 3680 3553 3742 his
3592 3682 3852 3745 verbis:

606 3809 641 3842 -α
681 3786 1063 3865 Plerumque
1087 3783 1474 3846 vetustiores
1508 3783 1684 3855 illos,
1717 3798 1866 3846 cum
1918 3782 1996 3844 de
2040 3782 2252 3862 gratia
2287 3778 2403 3840 Dei
2433 3785 2489 3838 et
2518 3776 2842 3837 vocatione
2879 3784 3102 3852 agunt,
3129 3793 3253 3837 non
3291 3782 3412 3837 tam
3450 3776 3527 3839 de
3555 3777 3854 3859 interiori

603 3878 803 3939 animi
840 3889 1035 3952 motu,
1067 3894 1140 3940 ac
1199 3878 1338 3939 sive
1371 3877 1802 3940 illustratione
1858 3878 2115 3952 mentis,
2153 3876 2293 3938 sive
2320 3873 2824 3935 inﬂammatione
2866 3873 3218 3937 voluntatis
3269 3873 3475 3953 loqui,
3517 3891 3709 3955 quam
3773 3877 3852 3938 de

612 3985 872 4035 externo
912 3975 1120 4054 aliqua
1158 3974 1447 4053 beneﬁcio
1481 3973 1619 4048 Dei,
1659 3972 1852 4038 veluti
1879 3972 2205 4054 Evangelii
2241 3970 2715 4051 praedicatione,
2749 3976 2854 4032 aut
2887 3976 3055 4033 statu
3085 3970 3308 4051 aliquo
3344 3972 3510 4046 vitae,
3540 3972 3618 4034 ad
3652 3990 3849 4055 quem

602 4073 865 4134 occulto
896 4073 1132 4133 deinde
1170 4070 1370 4132 animi
1399 4071 1707 4133 instinctu
1744 4070 2164 4134 trahuntur...
2195 4071 2342 4131 Haec
2395 4085 2542 4130 vero
2584 4066 2780 4146 hujus
2816 4067 3076 4147 generis
3118 4067 3429 4131 beneﬁcia
3487 4076 3844 4148 promereri

611 4170 843 4246 pietate
867 4184 938 4229 ac
974 4166 1209 4228 virtute
1234 4183 1348 4228 sua
1381 4172 1589 4229 certos
1631 4166 1950 4240 homines,
1996 4167 2398 4230 verissimum
2425 4171 2542 4225 est.
2578 4165 2768 4237 »Quo
2807 4180 3007 4225 sensu
3041 4163 3119 4226 de
3153 4163 3355 4227 Paulo
3388 4164 3606 4227 scribit
3635 4167 3842 4230 Theo-

611 4261 946 4340 phylactus
979 4263 1057 4324 ad
1091 4269 1278 4339 caput
1320 4279 1434 4324 vm
1489 4262 1790 4341 Epistolas
1815 4263 1897 4331 ad
1923 4264 2264 4334 Romanos,
2300 4261 2525 4323 habere
2556 4261 2764 4338 ipsum
2799 4261 3084 4338 potuisse
3115 4261 3364 4332 merita,
3396 4279 3526 4321 non
3557 4261 3846 4325 absoluta

601 4369 664 4419 et
681 4359 962 4438 perfecta
999 4359 1093 4438 (ut
1139 4359 1379 4421 ibidem
1414 4367 1676 4423 annotat
1706 4360 1998 4423 Petavius
2030 4377 2208 4422 num.
2244 4359 2328 4439 Ιι),
2365 4357 2471 4418 sed
2503 4356 2802 4439 ejusmodi
2841 4367 3066 4432 tamen,
3099 4377 3233 4439 qua;
3264 4368 3452 4434 tanta:
3493 4364 3846 4424 rocationis

611 4455 924 4532 (videlicet
961 4453 1385 4535 apostolatus)
1417 4457 1639 4517 elicere
1667 4474 1894 4517 munus
1910 4465 2167 4534 possent
2191 4475 2228 4516 a
2258 4455 2474 4519 divina
2496 4457 2798 4518 bonitate.
2837 4456 3061 4520 Virum
3086 4456 3519 4522 clarissimum
3543 4463 3841 4537 consule,

609 4554 687 4612 de
726 4550 853 4610 alio
886 4549 1342 4628 'l‘he0phylacti
1379 4552 1519 4613 loco
1552 4553 1809 4631 egregie
1848 4552 2269 4614 disserentem
2299 4571 2470 4614 num.
2508 4551 2566 4613 3.

685 4647 782 4706 90.
821 4647 1123 4722 Regulam
1162 4647 1419 4706 alteram
1454 4646 1555 4706 his
1585 4648 1882 4726 pr0ponit
1907 4648 2116 4709 verbis
2147 4648 2364 4710 Sixtus
2397 4647 2739 4711 Senensis:
2778 4673 2808 4708 α
2847 4650 3129 4712 Rursum
3170 4650 3227 4712 si
3263 4667 3379 4714 nos
3424 4652 3500 4716 ad
3547 4662 3840 4718 contem-

608 4741 951 4819 plationem
989 4740 1198 4819 ﬁnali:
1241 4760 1443 4802 causa:
1466 4752 1944 4818 convertemus,
1979 4752 2143 4805 recte
2169 4744 2431 4823 quidem
2476 4743 2789 4806 atlirmare
2818 4746 3190 4825 poterimus
3219 4750 3660 4827 previsionem
3689 4771 3840 4834 ope-

602 4859 742 4900 rum
798 4838 1301 4918 subsequentium
1325 4837 1550 4902 divina:
1616 4842 1840 4919 gratia:
1890 4841 2334 4920 receptionem,
2363 4859 2490 4902 esse
2514 4860 2763 4902 causam
2796 4843 3119 4904 electionis
3157 4855 3213 4906 et
3243 4846 3837 4928 pprwdestinationis

599 4934 864 5016 ﬁnalem.
892 4936 1062 4995 Dens
1092 4935 1292 5010 enim,
1333 4947 1401 4998 ut
1428 4937 1664 4999 Paulus
1698 4939 1806 5010 ait,
1837 4937 2013 5016 elegit
2043 4955 2155 4997 nos
2194 4947 2337 4998 ante
2391 4935 2610 5000 mundi
2655 4939 3167 5000 constitutionem
3193 4985 3208 5016 ,
3256 4951 3314 5004 et
3354 4930 3837 5022 prwdestinaoit

599 5045 711 5087 nos
735 5035 800 5086 ut
835 5044 1095 5086 essemus
1128 5029 1333 5089 sancti
1362 5039 1416 5089 et
1447 5029 1829 5091 immaculati
1853 5049 2062 5090 coram
2098 5050 2165 5090 eo
2201 5035 2268 5094 in
2301 5033 2541 5095 laudem
2561 5032 2780 5113 gloriae
2806 5036 3028 5114 gratia
3061 5038 3212 5118 ejus.
3245 5040 3380 5103 Hoc
3415 5050 3537 5118 est,
3565 5060 3681 5106 nos
3709 5046 3833 5108 sibi

601 5129 678 5186 ab
704 5134 942 5187 aeterno
973 5124 1199 5188 ascivit
1226 5125 1290 5187 in
1332 5144 1508 5199 suos,
1535 5137 1594 5188 et
1631 5130 1997 5207 l‘irmparavit
2037 5129 2219 5191 nobis
2261 5132 2616 5194 vocationis
2659 5131 3221 5211 etjustitlcationis
3258 5138 3550 5214 gratiam,
3587 5139 3649 5202 in
3683 5160 3831 5204 eum

601 5225 898 5286 videlicet
929 5222 1143 5296 tinem,
1181 5232 1250 5283 ut
1283 5240 1354 5284 ea
1396 5222 1561 5284 bene
1594 5233 1944 5300 uteremur,
1983 5237 2044 5290 et
2074 5247 2152 5290 ex
2191 5229 2330 5307 ejus
2373 5227 2538 5290 bono
2588 5245 2712 5289 usu
2748 5229 3015 5305 gloriam
3049 5232 3459 5309 sempiternm
3495 5232 3830 5300 felicitatis

600 5320 1125 5398 adipisceremur.
1206 5321 1331 5381 Nec
1377 5320 1647 5382 dubium
1700 5332 1818 5396 est,
1852 5323 2101 5403 aliquos
2135 5343 2219 5386 ex
2259 5326 2574 5402 praedictis
2607 5323 2901 5386 Patribus
2953 5325 3289 5388 secundum
3340 5331 3506 5392 hunc
3540 5332 3834 5413 loquendi

599 5417 844 5477 modum
884 5415 1366 5494 pronuntiasse,
1409 5436 1600 5496 opera
1631 5430 1850 5479 nostra
1873 5421 2056 5481 aDeo
2086 5425 2354 5500 praecisa
2387 5441 2636 5485 causam
2663 5442 2789 5483 esse
2834 5422 3060 5485 divinet
3096 5427 3683 5505 prwdestinationis
3708 5478 3726 5510 ,
3761 5436 3829 5497 tl-

596 5513 801 5574 nalrm
834 5513 1118 5589 quidem,
1149 5530 1274 5574 non
1307 5525 1517 5575 autem
1552 5517 2027 5578 meritoriam.»

671 5607 1088 5706 Huncsubire
1107 5615 1691 5691 sensurusuperius
1712 5615 1984 5676 adducta
2011 5615 2468 5693 Theopbvlacti
2500 5617 2681 5679 verba
2707 5629 2997 5695 possunt.
3025 5622 3092 5680 In
3133 5624 3208 5683 iis
3235 5623 3502 5704 quippe,
3537 5625 3649 5706 qui
3685 5643 3823 5685 cum

600 5705 782 5803 [Litt]
810 5704 985 5782 digni
1009 5706 1134 5765 sint
1190 5724 1259 5768 ac
1293 5711 1450 5786 apti,
1498 5720 1806 5773 vocantur
1839 5713 1913 5773 ad
1942 5714 2152 5787 ﬁdem,
2193 5714 2345 5792 ﬁdes
2395 5717 2556 5793 ipsa,
2592 5733 2660 5776 ac
2691 5717 2878 5777 etiam
2913 5716 3072 5777 bona
3105 5721 3302 5781 libera
3334 5704 3698 5803 dispositio,
3726 5723 3820 5786 vel

593 5797 788 5859 bonus
811 5803 1155 5863 vocationis
1185 5810 1240 5864 et
1277 5805 1499 5882 gratiae
1527 5825 1699 5882 usus,
1743 5809 2209 5887 prmvidebatur
2239 5829 2274 5876 a
2321 5815 2477 5888 Deo,
2516 5825 2808 5893 tanquam
2858 5814 3038 5893 ﬁnis;
3076 5827 3135 5880 et
3168 5821 3243 5881 ad
3289 5797 3457 5885 hunc
3484 5797 3691 5887 finem
3718 5840 3823 5887 as-
