4098 6330
212 401 311 468 109
1056 401 1154 464 DE
1193 399 1776 462 TIIEOPIIYLACTI
1817 399 2090 462 GESTIS
2129 400 2224 460 ET
2264 398 2632 482 SCRIPTIS.
3387 393 3489 457 lit)

215 515 624 596 sequendum
653 514 920 597 gratiam
955 515 1332 595 prmparavit
1369 516 1578 596 ipsius
1615 514 1996 578 vocationis.
2031 517 2168 577 Jam
2204 515 2581 600 vides,_tum
2603 512 2826 594 primm
2862 509 3221 576 vocationis
3246 509 3488 589 gratim,

206 618 340 675 tum
375 614 648 677 aliarum
692 613 1098 688 uberiorum,
1135 629 1392 676 causam
1450 612 1655 676 fuisse
1718 609 1962 675 bonum
2023 613 2299 676 liberum
2364 612 2737 674 earumdem
2790 627 3006 684 usum,
3064 625 3192 671 non
3261 605 3491 687 utique

201 711 619 786 meritoriam,
649 711 758 773 sed
793 710 1065 790 ﬁnalem.

284 806 524 868 Sedex
566 806 758 869 hocce
789 806 1168 886 hujusmodi
1203 807 1608 871 locutionum
1667 824 1893 884 sensu,
1935 811 2400 873 documentum
2443 806 2797 886 colligitur,
2840 805 3016 887 quod
3052 811 3150 867 est
3187 801 3488 866 animad-

206 906 506 968 versione
532 905 997 986 dignissimum
1033 929 1048 969 :
1079 908 1325 971 auxilia
1351 907 1591 971 divinm
1613 907 1836 988 gratim
1865 925 1899 970 a
1930 907 2166 973 Graecis
2190 904 2484 970 Patribus
2513 905 2600 993 ita
2629 901 2838 967 fuisse
2871 902 3225 976 intellecta,
3261 908 3490 963 utnon

206 999 420 1062 solum
457 1002 946 1080 possibilitatem
981 1003 1338 1079 conferant,
1369 1006 1481 1067 sed
1515 1006 1706 1067 etiam
1739 1006 2003 1076 virtute,
2036 1003 2296 1084 energia
2326 1016 2388 1064 et
2417 1001 2696 1066 efficacia
2733 1001 2878 1063 sine
2914 999 3118 1063 dubio
3147 1016 3181 1060 a
3216 999 3350 1061 Deo
3379 997 3494 1059 de-

206 1098 556 1160 scendente
591 1099 721 1161 sint
746 1101 1046 1180 prmdita;
1081 1111 1392 1181 certoque
1424 1103 1485 1164 el
1512 1102 1948 1166 infallibiliter
1973 1103 2208 1165 ducant
2238 1100 2316 1164 ad
2339 1100 2532 1163 ﬁnem
2565 1116 2597 1161 a
2631 1101 2768 1162 Deo
2797 1099 3172 1178 praevisum,
3210 1111 3491 1174 quemve

206 1191 347 1271 ipse
381 1194 543 1257 vult.
580 1197 735 1258 Item
779 1197 1315 1275 splendidissime
1369 1197 1661 1278 patefacit
1705 1202 1769 1264 Ξ.
1813 1200 2090 1263 Thomas
2129 1219 2150 1261 ι
2179 1218 2270 1279 p.,
2308 1217 2422 1280 qu.
2461 1216 2653 1268 χχιιι,
2687 1205 2803 1278 art.
2841 1217 2878 1260 v
2915 1221 2929 1258 :
2970 1221 2998 1254 ‹‹
3033 1198 3327 1260 Fuerunt
3375 1195 3490 1256 alii

204 1289 320 1368 qui
366 1290 696 1366 dixerunt,
728 1294 899 1373 quod
928 1296 1155 1357 merita
1185 1297 1511 1376 sequentia
1539 1297 2129 1377 prwdestinationis
2160 1294 2449 1377 effectura
2491 1291 2618 1375 (vel
2651 1290 2993 1372 sequentia
3026 1291 3320 1370 gratiam,
3344 1304 3494 1370 qum

205 1384 402 1449 sicuti
438 1406 470 1450 a
503 1391 637 1452 Deo
665 1392 877 1465 datur,
913 1393 998 1454 ita
1034 1393 1484 1471 prmdestinata
1514 1401 1607 1455 est
1647 1411 1718 1456 ac
1748 1389 2337 1474 prmdestinationis
2385 1390 2653 1455 effectus
2711 1388 2842 1452 dici
2873 1387 3087 1467 debet)
3119 1395 3269 1448 sunt
3317 1385 3490 1447 ratio

197 1483 802 1563 prmdestinationis.
839 1490 928 1552 Ita
966 1498 1035 1552 ut
1062 1489 1488 1569 intelligatur,
1519 1493 1691 1570 quod
1731 1493 1870 1554 ideo
1906 1494 2074 1552 Deus
2104 1491 2212 1553 dat
2229 1491 2515 1570 gratiam
2564 1489 2787 1559 alicui,
2828 1496 2889 1549 et
2933 1485 3392 1566 prmordinavit
3420 1501 3490 1546 se

203 1581 264 1643 ei
303 1583 627 1651 daturum.
664 1587 814 1665 quia
841 1589 1173 1667 praesciuit
1203 1607 1340 1648 eum
1370 1587 1519 1649 bene
1562 1608 1854 1651 usurum.
1887 1589 2064 1651 Sicut
2096 1587 2152 1649 si
2196 1605 2321 1649 'rex
2363 1588 2470 1649 det
2501 1585 2701 1648 alicui
2763 1583 2960 1645 militi
2993 1600 3262 1662 equum,
3295 1597 3490 1662 quem

205 1679 321 1740 scil
357 1697 434 1742 eo
467 1681 631 1744 bene
666 1701 964 1747 usurum.
1010 1685 1130 1747 Sed
1170 1686 1272 1746 isti
1312 1687 1619 1748 videntur
1653 1687 2034 1750 distinxisse
2085 1686 2257 1764 inter
2305 1684 2369 1745 id
2404 1682 2571 1764 quod
2606 1692 2697 1744 est
2731 1701 2810 1744 eae
2837 1682 3076 1760 gratia,
3126 1688 3187 1743 et
3225 1680 3290 1742 id
3325 1678 3496 1758 quod

206 1787 296 1838 est
333 1795 414 1838 ex
457 1777 651 1841 libero
683 1781 981 1853 arbitrio,
1044 1782 1226 1863 quas’i
1257 1801 1384 1846 non
1422 1784 1623 1864 possit
1649 1801 1789 1847 esse
1822 1781 1996 1844 idem
2032 1797 2111 1842 ex
2147 1786 2452 1858 utroque.
2492 1777 2912 1839 Manifestum
2947 1782 3044 1836 est
3071 1783 3287 1836 autem
3315 1777 3491 1854 quod

203 1869 271 1933 id
305 1874 476 1952 quod
505 1885 597 1936 est
635 1896 712 1939 ea:
752 1881 963 1958 gratia
995 1880 1080 1959 (et
1115 1897 1242 1943 non
1279 1880 1486 1943 solum
1525 1881 1663 1961 ipsa
1693 1880 1895 1961 gratia
1923 1879 2201 1959 ejusque
2233 1875 2515 1955 collatio)
2551 1884 2644 1936 est
2690 1872 3288 1954 prwdestinationis
3346 1872 3497 1954 e/fe-

203 1975 370 2032 ctus.
415 1973 488 2033 Et
516 1972 638 2035 hoc
673 1992 798 2038 non
840 1985 1047 2050 potest
1090 1978 1240 2055 poni
1295 1979 1559 2040 utratio
1593 1977 2181 2057 prwdestinationis
2229 1974 2369 2053 (seu
2425 1989 2614 2036 causa
2665 1972 3019 2052 meritoria)
3051 1987 3196 2032 cum
3232 1971 3347 2032 hoc
3380 1968 3494 2032 sub

199 2066 763 2147 prgdestinatione
790 2074 1227 2136 concludatur.
1266 2076 1330 2137 Si
1364 2075 1564 2154 igitur
1590 2074 1842 2156 aliquid
1873 2073 2051 2137 aliud
2087 2091 2167 2133 ea:
2195 2079 2380 2152 parte
2407 2081 2630 2131 nostra
2660 2070 2744 2129 sit
2777 2068 2938 2130 ratio
2973 2067 3496 2146 prmdestinatio—

185 2162 327 2237 .nis,
353 2164 474 2228 hoc
504 2168 624 2230 erit
661 2180 886 2248 prmter
918 2171 1217 2234 eﬂ‘ectum
1255 2172 1862 2252 prmdestinationis.
1907 2174 2044 2234 Non
2088 2177 2182 2232 est
2212 2177 2428 2232 autem
2458 2167 2837 2230 distinctum
2871 2165 3040 2245 quod
3063 2175 3152 2226 est
3193 2183 3274 2226 ea:
3297 2164 3495 2228 libero

202 2260 477 2325 arbitrio
510 2273 572 2326 et
606 2254 1283 2346 ex’prwdestinatione,
1320 2269 1487 2332 sicut
1529 2287 1656 2332 non
1689 2276 1785 2333 est
1813 2268 2192 2331 distinctum
2218 2266 2392 2347 quod
2424 2275 2518 2328 est
2552 2282 2629 2327 ex
2656 2281 2849 2328 causa
2883 2263 3168 2326 secunda
3206 2269 3270 2323 et
3303 2279 3494 2324 causa

210 2358 447 2436 prima;
485 2360 702 2423 divina
749 2364 923 2425 enim
951 2365 1361 2428 Providentia
1397 2366 1692 2444 producit
1730 2365 2001 2428 eﬂ‘ectus
2025 2382 2151 2450 per
2179 2362 2621 2442 OperatiQnem
2663 2377 3003 2425 causarum
3033 2359 3493 2422 secundarum.

207 2455 388 2519 Unde
424 2466 485 2519 et
515 2458 572 2520 id
602 2460 767 2539 quod
795 2471 884 2522 est
918 2479 1033 2540 per
1064 2461 1324 2524 liberum
1355 2461 1697 2524 arbitri-um
1740 2471 1831 2523 est
1859 2482 1942 2526 ea:
1996 2460 2821 2543 prmdestinatione.»Unde
2855 2460 3054 2521 bonus
3089 2478 3244 2519 usus
3270 2457 3497 2538 gratio:

205 2558 546 2633 praseitus
610 2557 705 2638 (ut
769 2560 1012 2623 dicitur
1068 2567 1142 2632 ad
1201 2562 1258 2641 1)
1293 2580 1421 2622 non
1481 2569 1572 2622 est
1632 2561 1802 2623 ratio
1867 2559 2234 2639 collationis
2286 2559 2534 2640 gratim,
2592 2557 2725 2622 nisi
2775 2554 3127 2618 secundum
3181 2556 3497 2617 rationem

205 2668 412 2724 causa:
436 2655 681 2734 ﬁnalis.

283 2751 430 2826 Quo
463 2752 694 2816 iterum
727 2771 951 2829 sensu,
989 2754 1232 2820 auxilia
1264 2757 1484 2839 gratim
1509 2774 1654 2839 qum
1673 2759 1982 2837 prmparat
2014 2752 2375 2830 Deus,talia
2405 2763 2558 2815 sunt
2591 2753 2656 2815 in
2683 2752 2799 2815 Dei
2833 2752 3266 2832 prmscientia,
3295 2761 3368 2814 ut
3399 2750 3502 2813 in-
3598 2754 3601 2756 ’

203 2844 566 2912 fallibiliter
596 2852 671 2914 ad
705 2854 1198 2918 exsecutionem
1229 2855 1381 2918 boni
1410 2855 1594 2918 liberi
1628 2855 1846 2936 operis
1871 2854 2134 2925 ducant,
2161 2851 2334 2931 quod
2378 2848 2457 2912 ab
2485 2857 2728 2911 mterno
2759 2849 2961 2912 veluti
3017 2849 3207 2912 ﬁnem
3245 2849 3500 2928 prmscit

204 2961 279 3008 ac
308 2947 442 3008 vult
479 2950 676 3011 Deus.
703 2951 856 3013 Haec
882 2968 1032 3014 vero
1065 2953 1461 3031 prmscientia
1495 2969 1621 3016 non
1654 2952 1872 3015 diﬂ‘ert
1900 2965 1934 3011 a
1972 2946 2566 3027 prmdestinatione,
2599 2961 2793 3024 quam
2820 2948 3050 3009 docent
3085 2945 3498 3025 Augustinus

207 3053 271 3104 et
304 3042 622 3120 Thomas;
658 3055 720 3108 et
751 3047 886 3110 hmc
917 3051 1142 3129 paucis
1178 3057 1503 3114 contracta
1537 3049 1884 3129 utriusque
1920 3046 2232 3109 doctrinm
2265 3062 2518 3107 summa
2560 3051 2680 3108 est.

289 3141 391 3202 91.
426 3143 596 3203 Nihil
657 3143 863 3206 obstat
897 3161 1046 3208 vero
1085 3147 1441 3226 quominus
1476 3163 1602 3208 non
1640 3163 1858 3225 panem
1887 3146 2252 3208 Grmcorum
2316 3145 2573 3205 Patrum
2633 3143 2975 3206 sementim
3024 3142 3254 3206 eodem
3286 3144 3502 3204 sensu

209 3249 644 3316 exponentur.
680 3242 878 3304 Vocat
908 3259 1013 3306 eas
1042 3245 1120 3319 ad
1159 3261 1426 3306 examen
1459 3231 1760 3306 Petairius
1795 3243 1961 3306 libro
2005 3261 2070 3304 II
2109 3242 2325 3310 citato,
2355 3242 2560 3318 capite
2591 3242 2650 3315 3,
2687 3259 2865 3304 num.
2899 3243 2960 3316 9,
2988 3258 3059 3303 ac
3092 3242 3278 3321 plura
3315 3239 3503 3304 colli-

209 3336 306 3415 git
342 3337 507 3399 scitu
542 3339 763 3415 digna,
803 3340 1148 3412 Videlicet,
1183 3339 1313 3421 1.):
1340 3342 1484 3404 Non
1513 3343 1905 3403 existimasse
1929 3351 2164 3401 veteres
2198 3338 2436 3401 eosdem
2475 3339 2728 3413 Patres,
2764 3339 2914 3418 eligi
2943 3337 3025 3399 ad
3040 3340 3320 3420 primam
3358 3355 3505 3418 gra-

211 3432 368 3492 tiam
392 3434 671 3496 homines
686 3444 956 3515 propter
968 3437 1124 3498 meri
1131 3445 1194 3496 ta
1211 3436 1513 3517 quaedam,
1528 3446 1586 3498 et
1605 3438 1795 3499 initia
1815 3436 1990 3498 bonm
2004 3437 2376 3507 voluntatis,
2395 3445 2465 3497 ut
2481 3435 2914 3497 Massilienses
2935 3435 3190 3515 opinati
3212 3445 3362 3497 sunt
3378 3435 3500 3514 :2.)

213 3547 432 3609 neque
466 3532 596 3592 illis
626 3531 898 3611 impingi
931 3532 1210 3594 aliorum
1243 3551 1522 3594 errorem
1555 3551 1770 3612 posse,
1793 3534 1931 3596 ideo
1960 3535 2238 3613 primum
2273 3532 2634 3596 hominibus
2665 3535 2938 3612 gratiam
2971 3533 3318 3596 decrevisse
3349 3532 3504 3595 dare

211 3628 437 3700 Deum,
474 3628 642 3707 quod
667 3628 811 3692 illos
845 3629 992 3691 bene
1017 3649 1259 3692 usuros
1295 3631 1506 3711 gratia
1533 3650 1649 3692 sua
1676 3629 2097 3711 praeviderat;
2137 3648 2208 3692 ac
2238 3630 2293 3691 si
2323 3631 2649 3692 meritoria
2683 3630 2975 3708 quaedam
3005 3646 3198 3692 causa
3230 3630 3356 3692 dici
3391 3630 3504 3692 de-

212 3722 362 3787 beat
395 3726 708 3803 prmvisus
742 3727 960 3805 gratim
989 3727 1196 3790 bonus
1233 3745 1430 3802 usus;
1456 3728 1545 3808 3.)
1593 3745 1785 3806 neque
1805 3727 1889 3789 ad
1927 3748 2080 3804 eam,
2113 3746 2295 3808 quam
2326 3735 2572 3800 vocant,
2614 3725 3114 3788 conditionatam
3144 3727 3500 3800 scientiam,

213 3823 578 3902 confugisse
607 3823 854 3897 Patres,
891 3832 1185 3903 tanquam
1207 3826 1380 3886 haud
1411 3824 1694 3886 absolute
1714 3827 2006 3906 futurum
2037 3825 2267 3887 bonum
2297 3823 2590 3906 aﬁ‘ectum
2619 3824 2840 3898 animi,
2874 3832 2984 3884 aut
3019 3824 3288 3885 liberum
3305 3825 3503 3885 meri-

217 3927 355 3980 tum
391 3919 767 3999 praeciderit
791 3941 810 3980 :
834 3919 943 3981 sed
981 3922 1074 3984 ita
1103 3920 1364 3997 demum,
1400 3922 1458 3984 si
1485 3926 1906 3985 necessariam
1941 3922 2023 3984 ad
2053 3923 2120 3985 id
2150 3941 2327 4002 opem
2360 3925 2648 4004 conferre
2684 3921 3071 3990 decreverit;
3101 3920 3189 4001 ῑι.)
3221 3915 3337 3984 Sed
3365 3921 3502 3984 uti-

216 4033 348 4096 que
380 4033 460 4079 eo
492 4018 636 4097 ipso
665 4018 964 4082 homines
995 4020 1302 4082 constitui
1333 4019 1610 4095 .electos,
1653 4037 1724 4082 ac
1760 4020 2022 4100 dignos,
2058 4028 2119 4082 et
2148 4027 2330 4097 aptos
2359 4041 2374 4092 ;
2409 4020 2584 4099 quod
2611 4020 2787 4081 Deus
2820 4037 2948 4079 non
2984 4019 3191 4080 solum
3231 4017 3300 4080 id
3331 4035 3506 4098 prte-

215 4113 413 4189 videt,
447 4114 615 4195 quod
646 4135 860 4177 eorum
888 4118 1212 4179 voluntate
1273 4119 1603 4199 confertur
1653 4119 1920 4198 (bonum
1969 4116 2188 4195 gratim
2217 4125 2430 4191 usum,
2463 4133 2534 4179 ac
2580 4117 2825 4178 bonum
2881 4117 3160 4180 liberum
3222 4116 3505 4179 salutare

218 4215 440 4290 opus,)
471 4212 578 4274 sed
639 4216 911 4294 gratiam
963 4232 1208 4295 quoque
1256 4215 1565 4296 prcevidet
1634 4232 1838 4289 suam,
1892 4232 2016 4293 qua
2071 4211 2219 4275 illos
2279 4211 2537 4294 adjuvat
2595 4231 2840 4294 eosque
2901 4213 3136 4294 dignos
3198 4222 3260 4277 et
3321 4222 3506 4293 aptos

217 4307 409 4384 facit;
464 4327 536 4372 ac
601 4327 827 4374 eorum
891 4311 1060 4374 bona
1106 4323 1409 4392 cperatur
1478 4329 1696 4392 Opera,
1758 4319 1820 4373 et
1879 4309 2124 4372 bonum
2187 4308 2380 4372 efﬁcit
2438 4327 2627 4373 usum
2693 4315 2954 4390 gratim;
3011 4313 3099 4391 5.)
3165 4312 3330 4377 hanc
3391 4314 3509 4377 de-

221 4424 398 4470 mum
456 4409 922 4486 prmscientiam
982 4407 1334 4471 absolutam
1367 4428 1495 4470 esse
1518 4454 1534 4486 ,
1571 4429 1642 4471 ac
1699 4409 1797 4471 rei
1829 4406 2000 4470 haud
2038 4408 2230 4470 aliter
2255 4414 2463 4487 quam
2497 4411 2835 4489 prasentis
2869 4420 2924 4473 et
2959 4411 3330 4475 exsistentis
3361 4429 3504 4474 cer-

221 4512 346 4564 tam
377 4505 695 4567 notitiam.
2051 4529 2056 4533 ·

297 4605 774 4668 Prmscientiam
803 4606 1212 4688 distinguere
1245 4609 1457 4672 solent
1490 4619 1741 4674 veteres
1773 4609 1872 4673 illi
1894 4612 2111 4674 Patres
2137 4627 2170 4673 a
2201 4612 2758 4691 prwdestinatione
2795 4636 2816 4677 .-
2849 4625 2911 4678 et
2943 4614 3121 4678 illam
3148 4615 3227 4679 ad
3261 4614 3509 4680 liberos

225 4711 408 4764 actus
439 4703 709 4776 referre,
743 4706 932 4766 istam
974 4708 1050 4768 ad
1085 4722 1159 4769 ea
1191 4724 1338 4787 qum
1370 4707 1575 4770 libero
1607 4725 1738 4770 non
1769 4707 2054 4771 subsunt
2084 4709 2376 4784 arbitrio,
2411 4709 2612 4774 veluti
2645 4712 2916 4791 primam
2949 4715 3171 4794 gratim
3207 4715 3506 4779 collatio-

225 4815 399 4874 nem,
433 4816 507 4861 ac
546 4800 1041 4864 retributionem
1077 4805 1512 4881 prmmiorum.
1539 4805 1929 4886 Loquuntur
1951 4803 2226 4880 scilicet,
2278 4823 2479 4870 sensu
2505 4809 2785 4888 quodam
2817 4811 3099 4874 nimium
3126 4811 3351 4875 stricto
3375 4814 3506 4876 cir-

219 4905 752 4978 cumspectoque,
786 4899 865 4960 de
901 4917 1114 4962 rerum
1149 4918 1368 4964 earum
1399 4903 1956 4982 prwdestinatione
1981 4919 2140 4982 quas
2162 4904 2311 4966 facit
2350 4906 2530 4967 solus
2563 4908 2737 4969 Deus
2764 4908 2907 4971 sine
2937 4909 3150 4972 nobis.
3177 4913 3257 4972 At
3281 4928 3511 4973 eorum

216 4996 646 5074 prmscientia,
684 5003 750 5058 ut
785 5004 1033 5070 vocant,
1061 5014 1203 5076 qum
1236 5015 1351 5060 nos
1383 5000 1573 5060 etiam
1602 4999 1802 5062 libere
1824 4999 2124 5075 facimus,
2156 5018 2304 5062 cum
2333 5001 2419 5062 sit
2449 5000 2769 5076 absoluta,
2800 5005 3149 5084 mquivalet
3179 5006 3513 5088 praedesti-

217 5095 495 5167 nationi,
540 5101 607 5153 ut
639 5094 1028 5174 Aquinatem
1085 5096 1346 5176 egregie
1377 5098 1715 5159 docentem
1751 5098 2150 5162 audivimus.
2193 5101 2322 5179 Ipsi
2356 5115 2623 5180 quoque
2659 5102 2966 5164 videntur
2991 5107 3229 5177 Patres,
3255 5105 3513 5183 praede-

220 5193 634 5253 stinationem
656 5190 737 5251 ad
764 5191 1040 5270 gloriam
1076 5211 1156 5254 ex
1209 5195 1576 5254 meritorum
1594 5196 1979 5273 pravisione
2009 5198 2343 5266 statuisse;
2380 5216 2526 5278 qum
2560 5200 2823 5262 levioris
2857 5201 3168 5264 momenti
3216 5202 3340 5264 hoc
3373 5201 3515 5264 loco

221 5289 500 5371 qumstio
517 5298 637 5363 est,
657 5291 1006 5352 dummodo
1019 5289 1498 5370 prwdestinatio
1523 5293 1898 5357 admittatur
1918 5291 2000 5354 ad
2018 5295 2297 5374 gratiam
2329 5303 2386 5357 et
2407 5295 2488 5357 ad
2506 5298 2732 5377 gratim
2753 5297 3063 5380 effectum,
3090 5300 3201 5380 qui
3231 5307 3329 5362 est
3352 5300 3518 5363 liber

225 5387 574 5450 voluntatis
597 5403 982 5464 consensus,
1002 5398 1109 5450 aut
1133 5388 1294 5452 liber
1311 5391 1527 5468 gratim
1557 5392 1716 5453 datm
1738 5393 1950 5454 bonus
1981 5409 2163 5455 usus.
2193 5392 2458 5457 Thomm
2482 5394 2839 5461 doctrinam
2867 5414 2998 5477 prm
3019 5398 3229 5460 oculis
3255 5399 3515 5460 habeto.

303 5487 498 5564 [LIV]
528 5487 733 5548 Aiunt
795 5485 1083 5564 denique
1117 5487 1358 5550 laudati
1419 5491 1634 5550 Patres
1663 5507 1734 5550 ac
1766 5488 2290 5570 TheOphylactus
2330 5498 2461 5554 non
2522 5509 2668 5556 raro
2704 5514 2719 5553 :
2756 5509 2869 5555 eos
2933 5494 3235 5559 homines
3273 5497 3517 5577 eligere

230 5585 464 5655 Deum,
511 5602 666 5663 quos
700 5585 1027 5662 prmscivit
1058 5583 1289 5646 divina:
1322 5585 1643 5647 vocationi
1679 5591 2028 5668 morigeros
2064 5608 2138 5650 ae
2170 5589 2578 5664 tractabiles;
2611 5591 2902 5673 itemque
2939 5612 3361 5658 consensuros
3400 5598 3521 5660 hoc

229 5682 323 5745 vel
368 5683 482 5746 illo
518 5693 795 5764 tempore
845 5703 918 5745 ac
969 5685 1039 5746 in
1071 5686 1214 5746 istis
1244 5684 1343 5746 vel
1380 5683 1513 5747 illis
1559 5687 2084 5749 circumstantiis.
2120 5688 2306 5748 Dicta
2339 5686 2722 5768 hujusmodi
2763 5707 2893 5754 non
2945 5692 3308 5773 intelligas,
3340 5711 3414 5757 ac
3461 5698 3518 5757 si

237 5781 635 5860 prmscientia
668 5781 885 5845 divina
921 5801 998 5845 ex
1040 5783 1143 5845 his
1176 5783 1514 5845 hominum
1547 5783 1823 5848 internis
1847 5782 2418 5864 exterioribusque
2445 5785 2957 5852 circumstantiis
2992 5788 3276 5870 aliquam
3310 5802 3524 5856 sumat

239 5895 304 5944 ar.
331 5887 590 5960 praestet
622 5879 864 5945 divi'nm
895 5881 1234 5946 electionis
1281 5889 1346 5944 et
1400 5881 1998 5963 prmdestinationis
2041 5897 2300 5944 causam
2332 5889 2397 5946 et
2429 5883 2775 5949 rationem.
2813 5887 3002 5952 Juxta
3034 5889 3392 5953 secundam
3427 5907 3526 5952 rc-
