4098 6330
626 428 722 496 ill
1462 421 1685 485 BERN.
1726 416 1992 482 MARLE
2032 415 2127 478 DE
2170 411 2455 478 RUBEIS
2492 406 3000 472 DISSERTATIO
3751 394 3859 465 112

622 542 835 623 gulam
884 557 984 604 res
1023 540 1109 603 ita
1148 538 1559 617 intelligenda
1595 542 1712 609 est,
1747 540 1817 597 ut
1861 530 1964 595 ille
2019 546 2355 621 censemus
2387 544 2423 590 a
2458 526 2593 588 Deo
2623 523 2708 585 sit
2759 526 3114 600 prmscxtus,
3149 515 3344 623 veluti
3373 513 3560 596 ﬁnis,-
3592 520 3655 577 et
3693 512 3871 577 hunc

630 610 694 704 ut
724 638 1007 702 obtineat
1039 637 1257 699 divina
1288 610 1720 707 Providentia,
1747 647 1858 711 pro
1887 646 2021 691 sum
2051 618 2386 705 sapientiae
2413 620 2713 694 consilio,
2758 635 3002 701 proque
3047 612 3418 679 conditione
3451 610 3870 689 rationalium

620 736 1008 807 animorum,
1043 752 1150 813 pra
1171 741 1265 794 ter
1288 731 1592 793 interiora
1622 706 1858 791 divi'nm
1886 724 2101 805 gratim
2129 722 2405 785 efﬁcacis
2442 727 2502 781 et
2540 716 2868 797 operantis
2913 712 3185 787 auxilia,
3212 710 3344 773 hmc
3376 708 3566 773 etiam
3596 726 3742 771 cum
3767 706 3875 770 in-

624 832 824 894 ternis
852 831 993 893 aliis
1018 807 1433 907 externisque
1469 825 1802 904 temporis,
1828 823 1949 885 loci
1985 818 2446 898 similibusque
2476 811 2990 879 circumstantiis
3041 815 3405 881 connectat,
3439 807 3678 887 quibus
3703 822 3873 885 prm-

626 928 828 991 visum
864 927 1146 1004 denique
1193 902 1768 1001 consensum,quo
1812 919 1947 981 vult
1979 920 2151 979 Deus
2199 923 2514 994 tempore,
2563 928 2693 991 quo
2741 911 2880 972 loco
2910 924 3124 988 quove
3186 907 3406 979 modo,
3444 902 3873 966 rationalibus

621 1023 981 1101 liberisque
1016 1020 1388 1083 hominibus
1419 1018 1871 1088 conveniente,
1906 1019 2366 1093 consequatur.
2440 1016 2443 1021 ’

699 1120 797 1181 92.
831 1094 918 1181 It-a
954 1136 1102 1182 vero
1137 1118 1566 1196 loquebantur
1590 1113 1793 1178 Grmci
1819 1114 2060 1185 Patres,
2097 1127 2167 1171 ac
2198 1125 2353 1170 sane
2388 1105 2603 1167 minus
2645 1108 2938 1167 accurate
2968 1124 2981 1164 :
3013 1108 3147 1163 tum
3192 1098 3345 1178 quia
3364 1096 3704 1177 Pelagiana
3737 1094 3873 1157 hm-

619 1218 782 1278 resis
818 1232 947 1277 non
980 1216 1063 1277 ita
1097 1194 1319 1277 eorum
1356 1213 1670 1275 Ecclesias
1710 1211 2055 1282 invaserat,
2090 1215 2159 1269 ut
2197 1200 2656 1284 urgentissima
2688 1198 2852 1261 foret
2885 1198 3045 1260 ratio
3074 1195 3266 1259 verba
3289 1194 3603 1257 metiendi
3638 1201 3699 1255 et
3761 1209 3878 1254 ca-

618 1313 893 1395 stigandi
932 1312 1316 1386 locutiones,
1354 1312 1460 1373 u’bi
1496 1309 1803 1389 degratia
1826 1305 2018 1387 deque
2075 1304 2372 1365 electione
2402 1297 2619 1360 divina
2651 1315 2724 1357 ac
2744 1294 3306 1375 prcedestinatione
3336 1292 3667 1373 agebatur.
3707 1292 3876 1351 Tum

619 1388 835 1485 etiam,
870 1412 1041 1490 quod
1078 1411 1172 1470 eis
1200 1409 1400 1470 libero
1432 1388 1791 1471 cavendum
1823 1398 2268 1490 eratarbitrio,
2301 1394 2476 1474 quod
2502 1392 2837 1455 Manichmi
2872 1402 2931 1453 et
2956 1392 3065 1453 alii
3099 1390 3480 1453 beterodoxi
3510 1388 3726 1468 plures
3760 1389 3879 1448 ho-

623 1509 826 1568 mines
857 1484 1332 1584 oppugnabant.
1368 1504 1535 1565 Hinc
1564 1500 1728 1577 apud
1758 1515 1869 1561 eos
1898 1506 1958 1559 et
1987 1484 2148 1584 appd
2184 1490 2744 1571 Theotihylactum
2775 1491 2916 1552 suis
2950 1490 3016 1551 in
3050 1486 3550 1551 Commentariis
3574 1484 3881 1584 frequen-

618 1581 1390 1664 tissiinmadmonitiones
1425 1622 1439 1661 :
1471 1599 1607 1662 Hoc
1638 1594 1735 1658 ve‘l
1765 1592 1927 1656 illud
1964 1581 2117 1666 dici,
2148 1599 2219 1652 ut
2254 1589 2512 1653 libertas
2549 1587 2811 1650 arbitrii
2840 1596 3270 1655 monstretur;
3298 1587 3411 1649 hoc
3434 1584 3532 1646 vel
3557 1581 3722 1647 illud
3750 1582 3877 1643 mi-

616 1700 781 1762 nime
807 1698 1061 1769 dictum,
1087 1706 1159 1757 ut
1184 1697 1447 1757 liberum
1480 1696 1813 1773 auferatur
1839 1689 2203 1753 arbitrium.

703 1797 792 1855 Ad
830 1803 1018 1873 caput
1058 1790 1479 1855 IVLMatlhmi
1524 1809 1585 1852 v.
1620 1790 1723 1864 Ωιι,
1782 1787 1970 1848 verba
2010 1793 2161 1846 sunt
2195 1804 2209 1843 :
2250 1806 2281 1841 α
2312 1785 2383 1847 Si
2421 1788 2561 1864 quis
2620 1782 2756 1846 vult
2808 1802 3023 1846 ventre
3053 1792 3202 1863 post
3255 1801 3369 1844 me.
3408 1781 3579 1844 Dicit
3635 1787 3877 1853 autem,

622 1900 774 1961 vult,
812 1897 897 1950 ἵνα.
930 1898 1076 1968 δείξῃ
1110 1898 1191 1949 ὅτι
1227 1895 1592 1963 αὐτεξούσιον,
1622 1895 1695 1945 ut
1727 1881 2011 1944 ostendat
2041 1880 2240 1945 liberu

2263 1900 2308 1940 νη
2351 1883 2715 1956 arbitrium,
2757 1893 2811 1943 et
2843 1899 2970 1942 non
3000 1890 3279 1941 coactam
3302 1880 3623 1953 virtu/em,
3657 1878 3753 1931 καὶ
3777 1878 3881 1932 οὐκ

621 1995 969 2065 ἀναγκαστὸν
1002 1998 1034 2065 ἡ
1071 1996 1261 2067 ἀρετή.
1308 1988 1399 2047 Ad
1441 1994 1631 2064 caput
1668 2002 1731 2043 IV
1782 1981 2065 2052 Marci,v.
2097 1980 2177 2041 26
2209 2000 2224 2040 :

2260 2000 2289 2035 α
2324 1980 2430 2041 Sic
2463 1989 2554 2040 est
2586 1996 2845 2059 regnum
2880 1979 3015 2053 Dei,
3055 1976 3570 2059 quemadmodum
3602 1979 3660 2039 si
3699 1979 3878 2041 homo

608 2087 817 2168 jaciat
865 2100 1188 2145 sementem
1244 2086 1307 2145 in
1340 2093 1592 2143 terram.
1634 2078 1844 2141 Liberi
1880 2079 2052 2140 enim
2094 2076 2341 2140 arbitrii
2376 2095 2602 2139 sumus
2638 2099 2653 2137 :
2690 2083 2752 2139 et
2799 2079 2866 2137 in
2906 2087 3121 2139 nOstra
3174 2077 3492 2139 electione
3558 2075 3881 2154 Oportebit

624 2198 842 2241 semen
885 2180 1237 2260 (Evangelii
1279 2176 1816 2257 prmdicationem)
1849 2191 2160 2246 crescere,
2201 2174 2302 2236 vel
2339 2191 2487 2237 non.
2531 2176 2753 2254 Neque
2811 2174 2986 2237 enim
3023 2175 3227 2235 coacti
3265 2182 3323 2234 et
3349 2175 3704 2236 necessario
3740 2171 3880 2235 fru-

610 2287 791 2339 ctum
826 2277 1177 2340 efferimus.
1200 2266 1246 2335 ’n
1281 2278 1372 2338 Ad
1405 2282 1594 2352 caput
1630 2290 1768 2333 xm
1808 2273 2019 2344 Luem,
2047 2290 2102 2331 v.
2133 2271 2213 2332 27
2246 2294 2260 2333 :
2298 2294 2326 2328 at
2363 2270 2853 2334 Confundantur
2894 2270 3254 2345 Manichmi,
3286 2271 3395 2350 qui
3430 2271 3654 2334 dicunt
3685 2287 3883 2350 quos-

625 2376 765 2433 .lam
797 2385 1020 2434 natura
1053 2390 1198 2435 esse
1230 2371 1571 2443 indociles,
1615 2377 1676 2431 et
1704 2367 2173 2448 impossibilem
2212 2384 2357 2430 esse
2391 2366 2538 2429 vitm
2575 2366 3024 2429 mutationem.
3057 2389 3088 2423 »

700 2470 963 2533 Joannis
1001 2468 1202 2547 capite
1232 2488 1288 2541 v,
1324 2488 1383 2531 v.
1408 2468 1485 2529 hO
1512 2490 1524 2529 :
1552 2489 1580 2522 α
1609 2467 1745 2528 Non
1776 2464 1947 2526 enim
1973 2464 2157 2539 dixit,
2184 2465 2455 2526 Potestis
2482 2462 2717 2549 venire,
2757 2464 2873 2539 sed
2906 2463 3129 2525 Vultis.
3166 2464 3448 2528 Audiant
3486 2464 3822 2528 Manicbmi
3864 2486 3880 2527 :

621 2566 955 2644 quodnon
986 2576 1206 2628 natura
1239 2566 1497 2635 malum,
1535 2564 1645 2625 sed
1679 2561 2003 2625 voluntate
2034 2567 2305 2652 constet.
2337 2583 2365 2616 π
2396 2562 2513 2621 Sed
2545 2576 2709 2639 Opus
2734 2576 2876 2621 esse
2915 2559 3140 2621 divino
3170 2562 3442 2635 auxilio,
3481 2573 3545 2625 ut
3570 2564 3882 2625 salutares

623 2670 803 2724 actus
858 2664 1002 2725 edat
1064 2664 1336 2725 liberum
1395 2660 1755 2733 arbitrium,
1789 2658 2215 2720 disertissime
2256 2645 2493 2737 passim
2536 2658 2753 2723 tradit.
2803 2658 3041 2719 Locum
3101 2660 3317 2736 accipe
3363 2659 3429 2720 in
3490 2667 3680 2737 calliut
3739 2678 3883 2722 xm

624 2763 836 2835 Luem,
873 2765 1025 2824 v.31
1058 2786 1071 2824 :
1115 2787 1142 2819 α
1172 2764 1305 2825 Hoc
1341 2762 1476 2823 loco
1499 2759 1808 2821 discimus
1834 2774 2119 2834 magnam
2148 2756 2498 2817 doctrinam
2522 2776 2545 2815 .-
2572 2755 2745 2833 quod
2770 2771 2894 2815 non
2929 2753 3200 2817 sufficiat
3238 2759 3637 2835 prOpositum
3673 2754 3879 2820 homi-

627 2858 753 2931 nis,
778 2863 945 2931 χωρὶς
980 2862 1072 2931 τῆς
1103 2859 1194 2913 τοῦ
1224 2858 1358 2913 Θεοῦ
1396 2856 1736 2930 ὲπεκθυρίαξ,
1767 2853 1907 2915 sine
1944 2851 2186 2914 auxilio
2218 2854 2245 2913 Ι

2267 2852 2359 2914 ei.
2393 2851 2947 2926 Quemadmodum
2981 2861 3041 2913 et
3073 2854 3303 2922 Petrus
3352 2872 3579 2933 parum
3652 2856 3885 2919 dereli-

625 2964 765 3015 ctus
805 2957 1096 3031 (promer
1142 2949 1482 3026 quamdam
1519 2950 1939 3010 temeritatem
1974 2948 2141 3026 ejus,
2180 2956 2251 3009 ut
2284 2948 2472 3025 infra)
2513 2949 2757 3009 tametsi
2791 2947 3162 3013 charitatem
3199 2959 3261 3012 et
3290 2950 3611 3014 fervorem
3644 2950 3884 3014 habere

625 3050 982 3121 videretur,
1038 3044 1146 3105 tibi
1186 3043 1441 3124 reliquit
1477 3061 1622 3105 eum
1654 3046 2238 3125 Deus,supplantat

2264 3061 2320 3106 is
2351 3054 2446 3105 est
2469 3043 2548 3106 ab
2576 3045 2863 3107 inimico.
2886 3045 3000 3099 Οὐκ
3030 3049 3191 3116 ἀρκεῖ
3222 3051 3255 3119 ή
3280 3050 3374 3103 τοῦ
3404 3049 3540 3103 Θεοῦ
3573 3049 3882 3121 ἐπικουρία..

630 3146 706 3216 μὴ
732 3146 824 3197 καὶ
848 3143 1157 3212 προθέσεως
1194 3139 1542 3211 ἀνθρωπίνης
1580 3138 1774 3210 οὔσης,
1814 3158 1940 3202 nou
1986 3140 2222 3201 sufﬁcit

2268 3141 2385 3201 Dei
2441 3140 2836 3218 subsidium,
2868 3145 2920 3205 si
2965 3162 3091 3207 non
3129 3145 3406 3208 adfuerit
3438 3155 3499 3209 et
3531 3147 3886 3209 humanum

632 3248 1054 3319 prOpositum:
1085 3236 1625 3316 quemadmodum
1651 3236 2095 3299 etJudmnihil
2143 3234 2411 3316 profuit,
2449 3239 2742 3315 quamvis
2776 3243 2994 3304 omnia
3031 3243 3619 3325 (qumsulﬁcerent)
3653 3219 3889 3308 faceret

606 3339 962 3410 .Dominus,
988 3344 1053 3399 ut
1090 3332 1481 3397 lucrifaceret
1504 3353 1832 3411 eum,cum
1850 3337 2097 3398 abesset
2120 3335 2180 3397 ei
2204 3332 2371 3399 bona
2395 3336 2687 3401 voluntas
2719 3340 2970 3421 (utique
2990 3326 3217 3405 divino
3233 3343 3478 3406 auxilio
3502 3344 3891 3430 habenda);

706 3442 1009 3515 Qumnam
1048 3452 1199 3498 vero
1257 3436 1455 3497 fuerit
1486 3436 1655 3515 apud
1712 3434 2262 3515 'l‘heOphylactum
2300 3446 2695 3516 cmterosque
2728 3438 2980 3500 Grmcos
3028 3442 3245 3502 Patres
3278 3442 3456 3504 notio
3495 3442 3685 3505 liberi
3713 3444 3883 3509 arbi~

627 3536 763 3608 trii,
805 3532 1308 3611 diligentissime
1380 3531 1643 3611 exponit
1695 3531 1973 3594 Michael
2025 3531 2424 3612 Lequienus,
2487 3533 2552 3595 in
2631 3551 2855 3597 eorum
2922 3537 3172 3616 scriptis
3243 3541 3750 3615 versatissimus,
3812 3542 3892 3605 ad

628 3644 816 3713 caput
850 3632 927 3693 23
978 3629 1124 3691 libri
1161 3647 1206 3689 ιι
1241 3631 1507 3691 Joannis
1538 3630 1907 3691 Damasceni
1938 3631 2026 3690 De
2054 3629 2171 3709 ﬁde
2196 3629 2553 3692 orthodoxa
2584 3630 2652 3692 in
2684 3634 2851 3694 notis
2885 3655 2901 3694 :
2935 3657 2962 3689 α
2990 3634 3236 3697 Novelli
3272 3636 3537 3715 quidam
3577 3636 3890 3718 theologi,

630 3729 965 3810 inquiens,
1004 3725 1266 3801 liberum
1302 3726 1641 3787 arbitrium
1696 3724 1791 3787 sic
1851 3725 2249 3805 intelligunt,
2298 3736 2370 3788 ut
2426 3746 2793 3809 quocunque
2867 3732 3049 3793 modo
3106 3736 3402 3796 voluntas
3464 3735 3763 3797 trahatur
3810 3735 3897 3800 ad

630 3844 824 3917 unum
860 3822 1115 3913 aliquod
1145 3822 1585 3903 appetendum;
1616 3823 2024 3884 nihilssecius
2088 3821 2413 3885 liberrima
2473 3826 2580 3899 sit,
2635 3836 2855 3904 sponte
2899 3829 3241 3893 volendo...
3288 3834 3750 3907 Damascenus,
3795 3833 3897 3895 in-

629 3926 890 4003 quiunt,
928 3926 1110 3984 docet
1177 3922 1481 3983 hominem
1513 3938 1638 3980 esse
1664 3918 1953 3995 liberum,
1982 3920 2130 3999 quia
2162 3922 2499 4007 rationalis
2540 3934 2661 3999 est,
2701 3926 2820 3997 boc
2859 3936 2979 4002 est,
3011 3928 3167 4009 quia
3206 3941 3449 3995 motum
3476 3948 3733 3995 omnem
3775 3951 3891 3997 vo-

630 4020 897 4081 luntatis
937 4017 1103 4097 ejus,
1136 4024 1714 4097 quantumcunque
1777 4016 2182 4079 necessarius
2216 4018 2324 4094 sit,
2366 4021 2796 4086 consideratio
2830 4024 3099 4089 rationis
3136 4030 3499 4092 comitatur.
3535 4016 3781 4093 Verum
3814 4048 3894 4095 ne

629 4116 731 4179 illi
758 4117 1083 4194 integrum
1119 4117 1803 4193 legeruntcontexlum
1827 4112 2151 4175 auctoris?
2196 4114 2517 4189 Quorsum
2553 4121 2725 4183 enim
2758 4122 2983 4201 probat
3047 4124 3378 4188 hominem
3411 4144 3555 4189 esse
3590 4127 3893 4199 liberum,

625 4214 785 4292 quia
822 4209 1159 4273 rationalis
1191 4221 1316 4280 est;
1349 4210 1476 4272 nisi
1507 4210 1659 4289 quia
1692 4215 1933 4273 utendo
1956 4210 2203 4272 ratione
2236 4218 2552 4279 consultat
2586 4219 2799 4295 homo,
2828 4239 3109 4300 cumque
3143 4224 3621 4300 deliberaverit,
3659 4226 3722 4286 id
3758 4235 3898 4286 tan-

636 4310 783 4369 dem
823 4307 1004 4386 eligit
1035 4308 1209 4387 quod
1259 4305 1381 4368 sibi
1443 4306 1675 4370 melius
1728 4323 1870 4368 esse
1897 4306 2253 4386 judicavit?
2286 4312 2582 4393 Quisquis
2617 4317 2931 4380 consultat
2967 4319 3205 4401 (inquit
3255 4324 3460 4399 capite
3496 4322 3599 4400 27;
3630 4321 3896 4401 perinde

625 4406 971 4478 consultat,
1014 4421 1124 4465 ceu
1161 4423 1373 4465 rerum
1396 4404 1779 4484 agendarum
1807 4405 2045 4492 inipso
2078 4414 2357 4483 potestas
2384 4404 2470 4466 sit
2501 4427 2521 4466 :
2552 4417 2623 4467 ut
2642 4408 2808 4487 quod
2838 4412 3253 4473 consultando
3280 4415 3481 4476 visum
3511 4414 3728 4477 melius
3758 4417 3897 4494 fue—

630 4501 747 4573 rit,
784 4502 900 4562 hoc
936 4499 1164 4579 eligat;
1200 4509 1257 4560 et
1306 4520 1443 4561 cum
1497 4501 1775 4580 elegerit,
1815 4510 2266 4579 exsequatur...
2300 4502 2373 4563 Ut
2423 4522 2575 4583 ergo
2608 4506 2798 4567 homo
2838 4506 3001 4570 iiber
3034 4510 3142 4585 sit,
3181 4528 3305 4573 non
3357 4510 3589 4575 sufficit
3623 4516 3895 4575 attentio

632 4600 768 4660 sola
802 4601 866 4661 in
920 4600 985 4661 id
1017 4603 1190 4678 quod
1224 4601 1361 4662 vult
1393 4623 1408 4639 -
1442 4600 1509 4663 id
1538 4618 1800 4662 necesse
1824 4607 1949 4672 est,
1985 4607 2053 4661 ut
2083 4599 2183 4660 sui
2214 4614 2475 4677 compos
2503 4619 2699 4663 unum
2726 4605 3171 4683 amplectatur,
3205 4610 3407 4671 altero
3441 4610 3828 4687 posthabito.
3864 4635 3892 4668 ῃ

633 4694 812 4756 Hanc
844 4696 1033 4757 etiam
1064 4696 1649 4758 constantissimam
1701 4697 1961 4756 Thomm
2006 4694 2346 4773 Aquinatis
2373 4697 2725 4761 doctrinam
2768 4720 2941 4779 esse,
2977 4704 3142 4769 hanc
3206 4715 3484 4771 mentem
3535 4710 3886 4788 Augustini

637 4791 1137 4871 apertissimam,
1196 4793 1396 4856 dubio
1431 4792 1649 4873 procul
1687 4792 1867 4854 omni
1900 4790 2382 4863 asseverabunt,
2421 4795 2802 4877 quicunque
2832 4800 3117 4879 sapiunt.

2036 4918 2187 4995 [LV]
2229 4919 2465 4994 XXIII,

634 5029 1181 5119 Luculentissime,
1227 5037 1287 5119 et
1320 5028 1453 5090 ulla
1484 5032 1619 5119 sine
1646 5032 1901 5119 ambage
1929 5035 2002 5098 de
2029 5037 2194 5119 reali
2231 5044 2576 5119 praesentia
2606 5044 2852 5109 Christi
2892 5045 2959 5107 in
3017 5046 3444 5111 Eucharistite
3498 5010 3899 5116 sacramento

1028 5109 1229 5258 3.83:1;
1238 5110 1993 5257 ϐἱῖίέἒῧυξῗιὲῖιέᾶἒιὶἱὲζιοε.
2024 5118 2219 5199 Nugte
2268 5124 2705 5201 nugacissimw
2728 5137 2898 5201 sunt,
2951 5143 3105 5206 quas
3144 5109 3518 5192 heterodoxi
3540 5109 3897 5211 repetiuit}.

714 5292 825 5400 93.-
847 5292 1036 5400 Suam
1071 5290 1601 5400 'l‘heOpbylactus
1633 5304 1695 5400 et
1724 5299 2026 5400 E_cclesim
2050 5302 2285 5367 Grmcm
2320 5305 2510 5371 ﬁdem
2542 5309 2609 5371 in
2641 5327 2718 5372 eo
2742 5311 3162 5375 edisserendo
3190 5312 3508 5395 dogmate,
3544 5316 3719 5396 quod
3754 5337 3899 5380 rea-

779 5388 930 5449 Jesu
956 5387 1196 5449 Christi
1220 5393 1624 5498 praesentiam
1651 5394 1719 5455 in
1740 5396 2165 5461 Eucharistite
2185 5415 2595 5480 sacramento,
2625 5426 2697 5467 ac
2726 5407 3092 5471 substantiae
3109 5387 3313 5491 pani;
3333 5422 3391 5474 et
3416 5387 3552 5475 vini
3565 5387 3903 5479 transmu-

634 5488 932 5592 talionem
992 5496 1255 5592 spectat,
1292 5488 1644 5592 splendidis
1668 5492 1839 5592 adeo
1870 5502 2133 5559 testatur
2163 5500 2527 5576 sententiis,
2562 5512 2628 5564 ut
2684 5501 3019 5583 ampliora,
3056 5488 3480 5572 luculentiora
3518 5516 3581 5572 et
3630 5509 3901 5574 clariora

634 5581 1164 5698 a‘dhiberenxerba
1190 5600 1388 5698 nemo
1439 5587 1662 5698 valeat.
1702 5589 1983 5653 Primum
2039 5596 2237 5661 altero
2299 5595 2511 5661 locum
2554 5617 2630 5660 ex
2672 5581 3131 5665 commentario
3160 5605 3240 5666 ad
3298 5612 3487 5685 caput
3520 5625 3679 5669 xxv:
3733 5611 3899 5671 Mat-

632 5678 810 5754 thmi,
842 5697 883 5742 v
934 5680 1013 5740 26
1048 5703 1061 5719 -
1100 5702 1128 5737 α
1189 5682 1385 5744 Porro
1429 5683 1675 5760 dicens,
1715 5687 1854 5749 Hoc
1918 5701 2005 5751 est
2059 5710 2250 5773 corpu

2277 5711 2290 5753 ι
2342 5713 2563 5770 meum,
2602 5698 2902 5771 ostendit,
2956 5700 3239 5756 Ὀτιαὺτὸ
3268 5702 3327 5755 τὸ
3355 5678 3517 5773 orbita
3556 5702 3650 5758 τοῦ
3685 5706 3895 5777 Κυρίου

638 5776 797 5877 scisti)
828 5778 856 5829 ὀ
870 5777 1071 5877 ἐρξοῆ,
1154 5778 1513 5877 ἁγιαζεξμινος
1534 5784 1605 5877 ’ἐν
1668 5785 1746 5856 τῷ
1778 5786 2170 5862 θυσιαστηρίῳ,
2199 5793 2295 5845 καὶ
2320 5794 2444 5863 οὐχὶ
2475 5796 2789 5852 ἀντίτυπον.
2816 5798 2891 5851 Ob
2926 5799 3036 5872 γὰρ
3062 5796 3208 5869 εἷπε,
3237 5802 3406 5857 Τοῦτό
3430 5805 3549 5858 ἐστι
3572 5776 3871 5859 ἀντίτυάεον

639 5862 798 5930 ἀλλᾶν
869 5863 1049 5920 Τοῦτό
1112 5866 1241 5921 ἐστι
1279 5868 1343 5922 *δ
1374 5867 1545 5939 σῶμά
1571 5843 1731 5939 ιωυ.’
1783 5843 2063 5948 “Mign;
2088 5843 2532 5955 γΙὰΙρ-ηἰ-νέέιὲέίᾇξ
2556 5843 3667 5965 1ῥέέέτξδιῐίτέιῖνἐὰν-’φᾶῐντξζαιιν’ξιῇἔν
3679 5843 3894 5968 ,ἐξέξξῖ
