4098 6330
246 350 350 416 ne
1100 348 1205 411 DE
1236 338 1827 435 THEOPBYLAC'I'I
1862 311 2149 405 oneris
2182 342 2277 404 ET
2315 338 2681 402 SCRlI’I‘IS.
3411 330 3527 398 ur

238 466 409 548 quod
442 464 650 546 ipsum
677 480 911 545 corpus
962 462 1223 526 Domini
1256 468 1353 526 est
1406 461 1614 544 panis,
1642 457 2071 524 sanctiﬁcatus
2098 456 2165 518 in
2186 454 2433 526 altario,
2461 458 2525 515 et
2563 467 2692 514 non
2725 448 2947 548 ﬁgura:
2975 450 3115 511 Non
3145 444 3317 509 enim
3343 447 3532 548 dixit,

239 544 377 627 IIoc
410 544 503 625 est
541 563 764 643 ﬁgura,
794 544 939 636 sed,
962 563 1098 625 Hoc
1134 570 1223 624 est
1249 580 1483 642 corpus
1506 578 1732 627 meum.
1766 554 2084 619 Ineﬁ'abili
2126 555 2297 617 enim
2332 550 2710 632 Operatione
2739 544 3248 619 transfer-matur,
3288 545 3536 607 etiamsi

240 661 427 724 nobis
488 642 777 724 videatur
838 659 1056 741 panis;
1089 660 1392 740 quoniam
1434 656 1665 721 inﬁrmi
1707 672 1949 728 sumus,
2001 662 2067 725 et
2123 651 2542 714 abborremus
2601 645 2833 711 crudas
2886 660 3112 706 carnes
3165 642 3532 741 comedere,

243 758 517 820 maxime
556 739 848 821 hominis
868 739 1124 821 carnem
1165 756 1284 821 :“et
1316 757 1467 819 ideo
1489 755 1678 837 panis
1708 751 1954 835 quidem
1985 751 2166 813 nobis
2191 756 2483 830 apparet,
2517 744 2628 810 sed
2652 760 2875 807 revera
2900 760 3050 805 caro
3083 750 3240 805 est.»
3273 739 3536 821 Perspio

240 872 364 919 cue
407 862 600 937 patet,
648 854 874 936 panem
932 862 995 918 et
1038 854 1255 918 vinum
1313 872 1445 918 non
1479 853 1613 918 ﬁeri
1633 851 1852 916 solum
1882 842 2097 915 verbis
2130 845 2642 914 consecrationis
2673 854 2969 921 ἀντίτυπα,
3002 842 3538 924 repmsentantia

241 970 481 1034 corpus
510 960 572 1017 et
599 953 981 1035 sanguinem
1014 952 1296 1029 Domini,
1325 953 1435 1015 sed
1469 952 1537 1027 in
1572 952 1777 1032 ipsum
1809 944 2482 1029 corpustransmutari
2521 952 2583 1008 et
2619 944 3027 1023 sanguinem.
3430 995 3434 999 .

320 1051 589 1114 Gemina
620 1059 788 1125 sunt,
824 1068 1029 1132 eaque
1061 1050 1496 1125 disertissima,
1537 1067 1680 1131 qum
1715 1047 2035 1111 habentur
2062 1044 2140 1109 ad
2159 1049 2350 1126 caput
2378 1062 2445 1107 v1
2476 1042 2761 1114 Joannis,
2803 1061 2863 1106 v.
2893 1041 2973 1104 52
3008 1061 3023 1102 :
3065 1063 3094 1099 α
3127 1040 3327 1102 Panis
3355 1057 3557 1121 quem:

241 1162 352 1226 ego
385 1145 567 1221 dabo,
598 1165 747 1209 caro
777 1166 910 1208 mea
935 1157 1024 1210 est
1045 1165 1172 1228 pro
1192 1147 1413 1210 mundi
1436 1148 1591 1211 vita.
1628 1146 1963 1210 Manifesta
1994 1150 2206 1209 autem
2237 1143 2428 1207 nobis
2451 1142 2572 1206 hoc
2601 1141 2743 1206 loco
2774 1140 2925 1204 dicit
2949 1138 3022 1202 de
3060 1139 3333 1217 mystica
3362 1154 3536 1199 com-

240 1243 540 1304 munione
561 1247 856 1325 eorporis
894 1247 1074 1308 sui...
1110 1247 1385 1309 Attende
1415 1252 1658 1321 autem,
1690 1244 1869 1325 quod
1893 1245 2112 1325 panis,
2149 1241 2266 1323 qui
2308 1260 2344 1305 a
2384 1240 2577 1304 nobis
2605 1240 2672 1304 in
2728 1236 3054 1319 mysteriis
3088 1234 3533 1308 manducatur,

240 1355 373 1401 non
411 1347 503 1404 est
534 1349 782 1403 tantum
802 1342 1109 1422 ﬁguratio
1140 1343 1420 1425 quaedam
1446 1345 1659 1407 carnis
1695 1344 1858 1429 Dom1

1923 1343 1969 1417 ἰ,
2011 1341 2121 1403 sed
2158 1340 2296 1420 ipsa
2327 1357 2475 1401 caro
2508 1339 2789 1412 Domini,
2824 1348 2925 1402 οὐκ
2953 1345 3251 1403 ἀντίτυπόν
3289 1346 3409 1399 ἐστι
3437 1345 3537 1415 τῆς

240 1442 337 1496 τοῦ
375 1441 585 1513 Κυρίου
614 1442 838 1513 σαρκὸς,
863 1443 976 1503 ἀλλ’
1003 1443 1149 1515 αὐτὴ
1168 1447 1201 1514 ἡ
1228 1444 1323 1499 τοῦ
1355 1446 1565 1516 Κυρίου
1589 1444 1745 1515 σάρξ.
1781 1444 1858 1506 Ν(

1919 1500 1920 1503 η
1952 1442 2126 1517 enim
2156 1440 2329 1516 dicit,
2366 1441 2565 1503 Panis
2607 1457 2787 1520 quem
2819 1459 2930 1522 ego
2981 1440 3141 1504 dabo
3207 1441 3406 1519 ﬁgura
3439 1446 3537 1500 est

242 1542 479 1618 carnis,
513 1544 627 1605 sed
678 1542 843 1605 Caro
894 1562 1029 1604 mea
1084 1552 1200 1605 est.
1236 1542 1757 1609 Transformatur
1794 1541 1993 1613 enim,
2032 1551 2437 1622 μεταποιεῖται.
2472 1540 2719 1603 arcanis
2757 1540 2993 1616 verbis,
3046 1538 3228 1617 panis
3284 1537 3395 1600 ille
3428 1553 3541 1616 per

243 1635 580 1718 mysticam
618 1639 1142 1703 benedictionem
1184 1647 1247 1703 et
1300 1642 1735 1705 accessionem
1789 1638 1991 1703 sancti
2049 1638 2353 1719 Spiritus,
2394 1656 2463 1700 in
2489 1655 2741 1699 carnem
2796 1636 3080 1699 Domini.
3127 1636 3212 1698 Et
3246 1655 3322 1697 ne
3357 1653 3540 1716 quem

241 1735 600 1812 conturbet,
634 1737 811 1818 quod
843 1736 1191 1800 credendus
1217 1740 1304 1801 sit
1330 1740 1519 1820 panis
1545 1758 1716 1805 caro.
1748 1738 2000 1802 Etenim
2032 1746 2092 1800 et
2124 1739 2187 1800 in
2213 1755 2401 1800 carne
2432 1737 2804 1800 ambulante
2828 1737 3131 1810 Domino,
3164 1742 3228 1798 et
3263 1751 3341 1798 ex
3374 1752 3541 1815 pano

241 1831 619 1897 alimoniam
651 1842 971 1910 sumente,
1005 1834 1194 1915 panis
1225 1835 1337 1899 ille
1402 1838 1513 1918 qui
1561 1836 2087 1905 manducabat‘ur,
2124 1836 2193 1897 in
2238 1849 2479 1915 corpus
2517 1835 2653 1915 ejus
2682 1834 3074 1908 mutabatur,
3124 1840 3185 1895 et
3237 1832 3541 1896 similiter

244 1930 449 1995 flebat,
478 1937 711 1994 sancta;
741 1932 876 2010 ejus
913 1933 1148 2007 carnis,
1176 1940 1239 1996 et
1268 1933 1333 1995 in
1364 1942 1786 2013 augmentum
1820 1944 1885 1999 et
1947 1934 2481 2010 sustentationem
2518 1932 2893 1996 conferebat
2942 1931 3129 2013 juxta
3190 1931 3541 2016 humanum

240 2034 511 2089 morem.
547 2028 754 2109 Igitur
785 2037 844 2091 et
874 2048 1044 2092 nunc
1063 2031 1253 2111 panis
1287 2031 1356 2093 in
1406 2048 1657 2093 carnem
1692 2032 1949 2095 Domini
1975 2039 2281 2110 mutatur.
2334 2033 2411 2093 Et
2451 2030 2783 2117 quomodo,
2822 2032 3065 2111 inquis,
3116 2049 3246 2093 non
3271 2040 3546 2111 apparet

241 2125 426 2188 nobis
457 2142 630 2203 caro,
659 2126 765 2188 sed
808 2129 996 2206 panis
1023 2130 1053 2190 7
1085 2129 1161 2191 Ut
1194 2145 1320 2191 non
1355 2128 1820 2193 abhorreamus
1864 2128 1940 2191 ab
1997 2130 2133 2211 ejus
2165 2148 2297 2191 esu.
2331 2124 2485 2192 Nam
2518 2130 2569 2192 si
2628 2132 2897 2210 quidem
2931 2146 3078 2193 caro
3109 2128 3542 2211 apparuisset.

241 2223 599 2286 ilisuaviter
652 2224 863 2287 allecti
922 2242 1213 2288 essemus
1284 2243 1437 2306 erga
1480 2226 2062 2313 communionem.
2114 2230 2299 2292 Nunc
2339 2237 2578 2301 autem,
2642 2227 3203 2292 condescendente
3263 2227 3547 2306 Domino

242 2328 480 2385 nostra)
510 2322 889 2398 infirmitati,
928 2321 1070 2385 talis
1108 2328 1373 2401 apparot
1421 2324 1605 2387 nobis
1632 2326 1941 2406 mysticus
1971 2324 2185 2400 cibus,
2211 2316 2515 2408 qualibus
2545 2326 2791 2409 alioqui
2823 2326 3070 2390 assueti
3103 2343 3361 2389 sumus.
3392 2349 3425 2382 »
3455 2345 3459 2349 ν

323 2416 424 2479 94.
462 2418 772 2481 Claudius
810 2418 1177 2490 Salmasius,
1208 2420 1326 2481 sub
1357 2421 1620 2484 nomine
1645 2422 1965 2502 Simplicii
2000 2424 2232 2498 Verini,
2270 2424 2335 2486 in
2366 2440 2563 2505 Opere
2596 2426 2681 2485 De
2715 2423 3437 2487 transsubstantiatione
3468 2423 3546 2485 ad

244 2514 495 2578 Iustum
530 2517 790 2579 Parium
825 2526 1047 2581 contra
1076 2519 1418 2597 Hugonem
1452 2519 1773 2594 Grotium,
1808 2518 2279 2599 TheOpbyIacti
2323 2521 2713 2584 sententiam
2748 2524 3157 2603 expendens,
3209 2520 3546 2584 veritatem

244 2608 325 2672 ab
356 2626 435 2672 eo
465 2609 765 2675 traditam
794 2613 947 2675 vidit
981 2612 1229 2693 primo;
1257 2613 1481 2675 oculos
1506 2612 1743 2676 deinde
1777 2613 2029 2686 clausit,
2062 2631 2143 2677 ne
2174 2614 2417 2679 videret
2450 2634 2615 2680 eam.
2653 2615 2858 2678 Verba
2890 2622 3043 2678 sunt
3074 2616 3215 2696 ejus
3240 2632 3388 2698 pag.
3427 2613 3502 2678 10
3532 2637 3547 2674 :

242 2704 316 2771 Si
330 2710 548 2789 panis,
586 2718 782 2772 exuta
809 2712 1085 2793 propria
1132 2711 1513 2783 substantia,
1550 2710 1834 2775 induerit
1879 2711 2302 2778 substantiam
2325 2715 2618 2794 corporis
2655 2714 2925 2789 Christi,
2958 2731 3086 2777 non
3114 2716 3390 2799 amplius
3416 2715 3549 2797 ejus

242 2806 455 2884 ﬁgura
476 2805 605 2869 dici
632 2817 924 2886 posset...
964 2806 1137 2871 Unde
1171 2817 1227 2868 et
1258 2809 1359 2869 illi
1387 2810 1497 2887 qui
1553 2809 1983 2893 crediderunt,
2010 2816 2235 2895 panem
2286 2825 2346 2877 et
2380 2816 2599 2877 vinum
2628 2814 3061 2881 Eucharistia:
3086 2818 3157 2881 in
3213 2833 3453 2895 corpus
3491 2828 3551 2878 et

243 2904 622 2981 sanguinem
653 2905 918 2981 Christi,
952 2905 1323 2968 substantiae
1357 2905 1803 2977 demutatione,
1831 2913 2148 2979 converti:
2192 2910 2511 2992 negarunt
2574 2930 2801 2991 panem
2847 2922 2907 2976 et
2954 2915 3175 2977 vinum
3209 2934 3339 2976 esse
3377 2912 3552 2969 τύπον

245 3004 345 3065 vel
371 3004 669 3058 ἀντίτυπον
693 3006 983 3085 corporis
1023 3013 1084 3066 et
1118 3006 1451 3083 sanguinis
1486 3005 1754 3078 Christi,
1787 3014 1857 3066 ut
1890 3007 2422 3088 Theophylactus.
2462 3010 2699 3072 Locum
2734 3009 2878 3089 ejus
2907 3011 2977 3073 in
3009 3012 3301 3076 Marcum
3348 3017 3548 3085 notat,

247 3099 331 3163 de
386 3118 522 3181 quo
572 3101 762 3164 infra.
805 3102 954 3163 Hrec
1019 3100 1175 3169 ﬁdes
1234 3107 1327 3163 est
1400 3101 1702 3165 Ecclesiae
1738 3101 2087 3166 catholicae.
2120 3107 2269 3170 Haec
2308 3106 2450 3169 sine
2490 3106 2695 3171 dubio
2759 3107 3023 3189 Bulgari
3073 3094 3551 3191 archiepisc'opi

246 3201 598 3263 sententia.
658 3200 826 3273 Quid
901 3203 1093 3263 vero?
1132 3197 1702 3281 Splendidissimae
1756 3196 2108 3263 Salmasius
2170 3202 2300 3266 luci
2362 3204 2670 3267 claudens
2727 3206 2980 3281 oculos,
3010 3215 3201 3271 sectae
3238 3208 3552 3290 prmjudi-

246 3297 351 3359 cio
407 3297 742 3377 abreptus,
774 3296 937 3359 nihil
984 3296 1159 3360 aliud
1225 3295 1623 3361 intellexisse
1680 3296 2235 3379 'l‘heophylactum
2301 3301 2413 3376 ait,
2448 3302 2579 3363 nisi
2612 3301 2943 3382 quamdam
2997 3305 3263 3367 virtutis
3333 3317 3552 3369 trans-

244 3394 691 3458 mutationcm.
3252 3408 3253 3411 “

324 3493 512 3554 Hanc
562 3508 754 3555 unam
791 3492 869 3553 ab
901 3508 979 3555 eo
1009 3492 1227 3556 doceri
1279 3493 1615 3556 contendit
1668 3494 2057 3558 Edmundus
2096 3495 2475 3560 Albertinus
2543 3499 2635 3559 De
2676 3498 3103 3571 Eucharistia?
3132 3511 3552 3574 sacramento,

246 3587 771 3670 suffragiumque
818 3589 948 3667 peti
1007 3607 1198 3669 posse
1228 3591 1567 3653 contendit
1616 3608 1697 3654 ex
1729 3595 2197 3668 commentario
2226 3594 2293 3657 in
2327 3601 2520 3675 caput
2553 3613 2664 3659 xxv
2697 3596 2923 3672 Marci,
2961 3616 3018 3659 v.
3050 3598 3131 3658 22
3170 3620 3182 3659 ;
3223 3622 3251 3655 (‹
3290 3600 3430 3661 Hoc
3464 3612 3561 3663 est
3606 3674 3611 3677 κ

246 3703 491 3765 corpus
516 3692 735 3749 meum.
778 3687 927 3759 Hoc,
960 3688 1255 3767 inquam,
1290 3689 1468 3769 quod
1504 3689 1786 3751 sumitis.
1820 3689 1966 3753 Non
1998 3691 2163 3751 enim
2228 3692 2443 3771 ﬁgura,
2503 3700 2561 3754 et
2593 3693 2922 3774 exemplar
2963 3694 3276 3776 quoddam
3330 3697 3519 3760 Domi
3529 3732 3556 3743 -

245 3786 384 3846 nici
423 3784 720 3863 corporis
744 3787 937 3879 panis
982 3794 1098 3860 est,
1131 3788 1243 3848 sed
1272 3788 1339 3846 in
1366 3786 1532 3848 illud
1563 3788 1770 3866 ipsum
1806 3788 2203 3871 convertitur
2242 3806 2477 3869 corpus
2498 3790 2764 3855 Christi.
2797 3792 3121 3855 Dominus
3153 3794 3329 3857 enim
3357 3795 3554 3859 dicit:

243 3882 447 3948 Panis
487 3896 668 3963 quem
696 3900 805 3962 ego
835 3882 1018 3957 dabo,
1053 3901 1202 3945 caro
1240 3903 1372 3945 mea
1411 3894 1524 3947 est.
1557 3887 1695 3948 Non
1722 3883 1915 3959 dixit,
1950 3886 2191 3965 Figura
2232 3894 2333 3949 est
2378 3889 2593 3951 carnis
2630 3908 2811 3965 meaa,
2846 3892 2984 3973 sed,
3027 3892 3193 3970 Caro
3233 3914 3372 3957 mea
3437 3908 3553 3962 est.

226 3984 323 4067 ,Εἰ
356 3983 600 4045 iterum
629 4005 643 4043 :
678 3982 824 4047 Nisi
852 3980 1112 4045 oderitis
1160 4002 1411 4045 carnem
1442 3985 1606 4047 Filii
1642 3984 1940 4047 hominis.
1992 3984 2067 4043 Et
2099 3984 2454 4063 quomodo,
2499 3985 2747 4067 inquis,
2805 4008 2954 4051 caro
2982 4009 3114 4052 non
3148 3992 3456 4057 videtur?
3498 3996 3555 4059 Ο

245 4080 472 4153 homo,
513 4086 771 4161 pr0pter
802 4086 1085 4142 nostram
1148 4079 1576 4143 inﬁrmitatem
1611 4079 1787 4144 istud
1847 4079 1936 4143 ﬁt.
1968 4082 2131 4156 Quia
2189 4083 2363 4145 enim
2409 4087 2595 4166 panis
2626 4086 2895 4168 quidem
2950 4097 3012 4153 et
3062 4092 3288 4155 vinum
3320 4110 3400 4157 ex
3454 4094 3555 4158 his

246 4185 429 4251 sunt,
461 4178 649 4257 [LVI]
682 4176 922 4259 quibus
979 4177 1416 4252 assuevimus,
1464 4194 1537 4241 ea
1582 4194 1712 4240 non
1752 4174 2201 4243 abhorremus.
2241 4182 2629 4262 Sanguinem
2654 4202 2807 4248 vero
2832 4189 3175 4267 proprium
3208 4198 3269 4252 et
3302 4206 3556 4254 carnem

244 4276 577 4351 videntes,
638 4293 767 4339 non
803 4274 1141 4350 ferremus,
1191 4277 1303 4338 sed
1348 4275 1870 4357 abhorreremus.
1904 4278 2152 4342 Idcirco
2217 4281 2581 4345 misericors
2651 4288 3131 4362 Deus,nostra>.
3188 4290 3550 4355 inﬁrmitati

246 4374 811 4448 condescendens,
844 4374 1111 4453 speciem
1141 4374 1389 4454 quidem
1412 4377 1604 4455 panis
1638 4385 1697 4436 et
1727 4376 1861 4437 vini
1897 4386 2109 4439 servat
2151 4399 2169 4440 :
2201 4379 2273 4440 in
2300 4380 2604 4442 virtutem
2633 4393 2843 4445 autem
2874 4388 3089 4449 carnis
3113 4396 3172 4448 et
3216 4392 3555 4470 sanguinis

244 4470 795 4548 transelementat,
852 4484 1275 4554 μεταστοιχειοτ.
1311 4496 1341 4528 ι
1376 4475 1563 4548 Ecce,
1603 4473 1938 4552 inquiunt,
2004 4476 2513 4555 transformatio,
2554 4482 2909 4553 conversio,
2946 4485 3551 4556 transelementatio.

246 4586 449 4650 quam
480 4569 1005 4651 TheOphylactus
1056 4575 1264 4644 docet,
1303 4572 1371 4632 in
1400 4571 1701 4632 virtutem
1750 4572 1864 4634 scil

1937 4580 1999 4633 et
2055 4573 2269 4634 carnis
2321 4584 2381 4636 et
2441 4578 2800 4655 sanguinis,
2835 4580 2917 4643 εἰς
2958 4578 3192 4653 δύναμιν
3224 4585 3431 4653 σαρκὸς
3459 4589 3553 4641 καὶ

245 4667 516 4737 αἵματος·
553 4668 730 4729 Hanc
761 4670 953 4730 etiam
979 4670 1320 4748 amplexus
1353 4674 1451 4729 est
1475 4667 2067 4746 interpretationem
2088 4670 2371 4732 Joannes
2411 4671 2721 4735 Claudius
2758 4674 2820 4736 in
2865 4675 3002 4738 suis
3042 4677 3118 4738 ad
3144 4678 3555 4759 Perpet-uita-

245 4772 370 4825 tem
391 4762 549 4843 ﬁdei
582 4763 877 4827 Ecclesia:
916 4764 1482 4844 respons’ionibus.

332 4864 785 4935 Levissimam,
824 4882 895 4927 ac
949 4864 1229 4935 futilem,
1265 4870 1326 4925 et
1387 4864 1679 4944 iniquam
1748 4865 2344 4945 interpretationem
2381 4875 2782 4953 amplissimo
2822 4878 3051 4941 refellit
3086 4898 3385 4947 sermone
3432 4889 3553 4947 At"

250 4962 491 5025 naldus
520 4963 741 5023 tomo!
775 4964 864 5022 De
895 4964 954 5025 Ia
978 4964 1338 5042 perpe'tuite’
1386 4961 1459 5022 de
1492 4963 1554 5023 Ia
1583 4963 1705 5061 Foi
1732 4963 1804 5025 de
1837 4963 2124 5045 l’Eglise,
2184 4968 2348 5032 libro
2379 4990 2449 5043 ιι,
2485 4974 2692 5052 capite
2736 4977 2802 5051 2,
2841 4984 2902 5039 et
2942 4987 3118 5041 tomo
3150 4982 3226 5055 II',
3265 4982 3429 5045 libro
3465 5006 3552 5061 Iv,

251 5059 466 5137 capite
502 5059 563 5119 5.
596 5060 865 5120 Fuerint
895 5061 1224 5122 enimvero
1259 5066 1576 5136 postrema
1615 5059 1722 5122 illa
1761 5061 2227 5142 TheOphylacti
2282 5068 2473 5131 verba
2530 5070 2596 5131 in
2639 5072 2921 5135 Marcum
2967 5092 3097 5137 non
3156 5078 3242 5140 ita
3293 5079 3462 5143 clara
3494 5059 3554 5143 et

251 5154 746 5233 quodammodo
775 5156 1118 5233 ambigua;
1150 5174 1438 5236 quaenam
1473 5156 1741 5234 mquitas
1796 5154 1913 5232 es’t,
1950 5168 2184 5224 rectam
2220 5181 2443 5227 eorum
2510 5166 3014 5248 intelligentiam
3040 5190 3118 5235 ex
3158 5174 3237 5238 iis
3272 5195 3399 5240 non
3436 5197 3550 5242 ex-

253 5250 553 5329 culpere,
589 5268 736 5329 quae
793 5252 1034 5314 ibidem
1097 5263 1157 5315 et
1190 5254 1342 5315 alibi
1402 5255 1766 5318 clarissima
1812 5272 1884 5318 ac
1945 5258 2378 5324 disertissima
2430 5263 2774 5339 habentur,
2811 5270 2925 5331 sed
2970 5272 3104 5335 haec
3148 5276 3549 5355 amplissima

255 5348 460 5410 unius
495 5348 695 5419 vocis,
726 5347 787 5408 id
821 5358 913 5410 est
948 5352 1233 5424 virtutis,
1270 5351 1710 5429 ambiguitate,
1749 5353 1804 5414 si
1839 5372 1962 5434 qua
1991 5364 2199 5419 tamen
2235 5366 2353 5434 est,
2383 5360 2704 5424 infuscarc
2729 5368 2756 5422 ?
2783 5365 2847 5427 Si
2914 5374 3043 5430 tota
3074 5347 3548 5440 transmutatio.

254 5464 404 5526 quas
437 5446 509 5507 in
546 5445 943 5509 Eucharislia
977 5448 1245 5508 traditur
1282 5465 1316 5510 a
1348 5449 1858 5530 Theophylacto,
1895 5469 1967 5515 ea
2000 5457 2085 5515 sit
2122 5456 2434 5520 duntaxat
2494 5466 2946 5525 transmutatio
3003 5467 3291 5543 virtutis,
3323 5478 3434 5532 aut
3486 5476 3551 5533 in

254 5544 564 5603 virtutem
591 5545 880 5622 corporis
920 5551 981 5604 et
1008 5545 1345 5622 sanguinis
1382 5545 1662 5623 Christi;
1700 5548 1758 5609 id
1806 5549 1969 5610 nihil
2004 5551 2175 5614 aliud
2211 5554 2335 5616 erit
2368 5572 2560 5634 quam
2601 5559 2749 5637 pani
2777 5568 2838 5622 et
2866 5562 3017 5625 vino
3054 5569 3449 5631 consecratis
3493 5582 3553 5632 et

254 5640 628 5702 benedictis
662 5642 960 5703 tributam
991 5659 1024 5703 a
1063 5643 1197 5703 Deo
1235 5643 1432 5705 fuisse
1476 5645 1774 5707 virtutem
1810 5650 2103 5727 corporis
2137 5658 2192 5709 et
2221 5652 2563 5729 sanguinis
2604 5657 2890 5733 Domini,
2935 5678 3051 5722 seu
3084 5661 3385 5726 virtutem
3421 5684 3547 5729 nu~

262 5737 499 5843 lriendi
538 5744 599 5800 et
642 5738 1004 5800 viviﬁrandi
1048 5758 1157 5817 per
1190 5742 1459 5820 gratiam
1496 5742 1896 5821 spiritualem
1929 5745 2215 5807 ﬁdelium
2264 5748 2537 5811 animas.
2572 5754 2707 5815 Erit
2743 5773 2896 5834 ergo
2931 5758 3407 5823 eucharisticus
3446 5784 3555 5845 pu—

265 5834 385 5903 υῑκτ,
428 5845 486 5893 ot
529 5837 746 5899 vinum
782 5837 1282 5899 nua-lminich
1310 5840 1581 5919 simplva'
1620 5842 1845 5920 ﬁgura,
1888 5843 2183 5907 virtutem
2223 5844 2465 5910 habens
2500 5854 2788 5927 corpm‘is
2820 5862 2877 5917 et
2916 5858 3253 5937 sanguinis
3294 5834 3547 5929 Chrile
