  <div class='ocr_page' id='page_1' title='image "/cluster/home/n/w/nwhite01/storage/ocr_20150623/123/pst.000005714384/063.png"; bbox 0 0 4098 6330; ppageno 0'>
   <div class='ocr_carea' id='block_1_1' title="bbox 603 316 3851 404">
    <p class='ocr_par' dir='ltr' id='par_1_1' title="bbox 603 316 3851 404">
     <span class='ocr_line' id='line_1_1' title="bbox 603 316 3851 404; baseline -0.006 0"><span class='ocrx_word' id='word_1_1' title='bbox 603 336 710 404; x_wconf 71' lang='grc'><strong>115</strong></span> <span class='ocrx_word' id='word_1_2' title='bbox 1452 331 1677 394; x_wconf 77' lang='lat' dir='ltr'><strong>BERN.</strong></span> <span class='ocrx_word' id='word_1_3' title='bbox 1723 329 1990 392; x_wconf 63' lang='lat' dir='ltr'><strong>MARIE</strong></span> <span class='ocrx_word' id='word_1_4' title='bbox 2029 331 2129 392; x_wconf 77' lang='lat' dir='ltr'><strong>DE</strong></span> <span class='ocrx_word' id='word_1_5' title='bbox 2164 327 2451 390; x_wconf 74' lang='lat' dir='ltr'><strong>BUBEIS</strong></span> <span class='ocrx_word' id='word_1_6' title='bbox 2492 324 3000 388; x_wconf 77' lang='lat' dir='ltr'><strong>DlSSERTATIO</strong></span> <span class='ocrx_word' id='word_1_7' title='bbox 3743 316 3851 384; x_wconf 68' lang='lat' dir='ltr'><strong>illi</strong></span> 
     </span>
    </p>
   </div>
   <div class='ocr_carea' id='block_1_2' title="bbox 600 432 3848 532">
    <p class='ocr_par' dir='ltr' id='par_1_2' title="bbox 600 432 3848 532">
     <span class='ocr_line' id='line_1_2' title="bbox 600 432 3848 532; baseline -0.007 -16"><span class='ocrx_word' id='word_1_8' title='bbox 600 449 961 532; x_wconf 87' lang='lat' dir='ltr'><strong>nonipsum</strong></span> <span class='ocrx_word' id='word_1_9' title='bbox 986 447 1325 518; x_wconf 86' lang='lat' dir='ltr'><strong>continens</strong></span> <span class='ocrx_word' id='word_1_10' title='bbox 1348 445 1603 512; x_wconf 86' lang='lat' dir='ltr'><strong>Domini</strong></span> <span class='ocrx_word' id='word_1_11' title='bbox 1635 460 1867 527; x_wconf 77' lang='lat' dir='ltr'><strong>corpus</strong></span> <span class='ocrx_word' id='word_1_12' title='bbox 1892 443 2377 524; x_wconf 73' lang='lat' dir='ltr'><strong>et&#39;sanguinem.</strong></span> <span class='ocrx_word' id='word_1_13' title='bbox 2405 440 2534 505; x_wconf 88' lang='lat' dir='ltr'><strong>Cur</strong></span> <span class='ocrx_word' id='word_1_14' title='bbox 2559 453 2716 519; x_wconf 80' lang='lat' dir='ltr'><strong>ergo</strong></span> <span class='ocrx_word' id='word_1_15' title='bbox 2748 446 2872 502; x_wconf 90' lang='lat' dir='ltr'><strong>tam</strong></span> <span class='ocrx_word' id='word_1_16' title='bbox 2903 435 3180 516; x_wconf 73' lang='lat' dir='ltr'><strong>sollicite</strong></span> <span class='ocrx_word' id='word_1_17' title='bbox 3214 435 3522 530; x_wconf 84' lang='lat' dir='ltr'><strong>Bulgarus</strong></span> <span class='ocrx_word' id='word_1_18' title='bbox 3552 432 3848 499; x_wconf 74' lang='lat' dir='ltr'><strong>animad-</strong></span> 
     </span>
    </p>
   </div>
   <div class='ocr_carea' id='block_1_3' title="bbox 604 539 3848 620">
    <p class='ocr_par' dir='ltr' id='par_1_3' title="bbox 604 539 3848 620">
     <span class='ocr_line' id='line_1_3' title="bbox 604 539 3848 620; baseline -0.005 -10"><span class='ocrx_word' id='word_1_19' title='bbox 604 548 788 613; x_wconf 78' lang='lat' dir='ltr'><strong>vertit</strong></span> <span class='ocrx_word' id='word_1_20' title='bbox 854 563 982 609; x_wconf 91' lang='lat' dir='ltr'><strong>non</strong></span> <span class='ocrx_word' id='word_1_21' title='bbox 1035 545 1278 608; x_wconf 79' lang='lat' dir='ltr'><strong>dixisse</strong></span> <span class='ocrx_word' id='word_1_22' title='bbox 1331 543 1752 614; x_wconf 86' lang='lat' dir='ltr'><strong>Dominum,-</strong></span> <span class='ocrx_word' id='word_1_23' title='bbox 1788 543 1927 606; x_wconf 81' lang='lat' dir='ltr'><strong>Hoc</strong></span> <span class='ocrx_word' id='word_1_24' title='bbox 1989 551 2085 604; x_wconf 88' lang='lat' dir='ltr'><strong>est</strong></span> <span class='ocrx_word' id='word_1_25' title='bbox 2155 541 2383 620; x_wconf 73' lang='lat' dir='ltr'><strong>ﬁgura,</strong></span> <span class='ocrx_word' id='word_1_26' title='bbox 2443 541 2581 611; x_wconf 86' lang='lat' dir='ltr'><strong>sed.</strong></span> <span class='ocrx_word' id='word_1_27' title='bbox 2659 539 2798 601; x_wconf 82' lang='lat' dir='ltr'><strong>Hoc</strong></span> <span class='ocrx_word' id='word_1_28' title='bbox 2881 545 2971 598; x_wconf 91' lang='lat' dir='ltr'><strong>est</strong></span> <span class='ocrx_word' id='word_1_29' title='bbox 3027 554 3254 615; x_wconf 85' lang='lat' dir='ltr'><strong>corpus</strong></span> <span class='ocrx_word' id='word_1_30' title='bbox 3335 553 3536 598; x_wconf 84' lang='lat' dir='ltr'><strong>meum</strong></span> <span class='ocrx_word' id='word_1_31' title='bbox 3592 543 3656 596; x_wconf 86' lang='lat' dir='ltr'><strong>et</strong></span> <span class='ocrx_word' id='word_1_32' title='bbox 3699 552 3848 595; x_wconf 87' lang='lat' dir='ltr'><strong>caro</strong></span> 
     </span>
    </p>
   </div>
   <div class='ocr_carea' id='block_1_4' title="bbox 602 632 3850 728">
    <p class='ocr_par' dir='ltr' id='par_1_4' title="bbox 602 632 3850 728">
     <span class='ocr_line' id='line_1_4' title="bbox 602 632 3850 728; baseline -0.005 -23"><span class='ocrx_word' id='word_1_33' title='bbox 602 646 782 706; x_wconf 78' lang='lat' dir='ltr'><strong>mea?</strong></span> <span class='ocrx_word' id='word_1_34' title='bbox 816 644 948 708; x_wconf 82' lang='lat' dir='ltr'><strong>Cur</strong></span> <span class='ocrx_word' id='word_1_35' title='bbox 988 648 1246 723; x_wconf 79' lang='lat' dir='ltr'><strong>urgeat,</strong></span> <span class='ocrx_word' id='word_1_36' title='bbox 1287 657 1510 721; x_wconf 88' lang='lat' dir='ltr'><strong>panem</strong></span> <span class='ocrx_word' id='word_1_37' title='bbox 1563 642 1848 703; x_wconf 79' lang='lat' dir='ltr'><strong>converti</strong></span> <span class='ocrx_word' id='word_1_38' title='bbox 1898 641 1966 703; x_wconf 88' lang='lat' dir='ltr'><strong>in</strong></span> <span class='ocrx_word' id='word_1_39' title='bbox 2002 637 2210 722; x_wconf 78' lang='lat' dir='ltr'><strong>ipsum</strong></span> <span class='ocrx_word' id='word_1_40' title='bbox 2253 653 2484 716; x_wconf 84' lang='lat' dir='ltr'><strong>corpus</strong></span> <span class='ocrx_word' id='word_1_41' title='bbox 2533 634 2814 708; x_wconf 75' lang='lat' dir='ltr'><strong>Christi,</strong></span> <span class='ocrx_word' id='word_1_42' title='bbox 2861 645 2917 696; x_wconf 89' lang='lat' dir='ltr'><strong>et</strong></span> <span class='ocrx_word' id='word_1_43' title='bbox 2969 632 3420 714; x_wconf 79' lang='lat' dir='ltr'><strong>transformari</strong></span> <span class='ocrx_word' id='word_1_44' title='bbox 3477 633 3546 694; x_wconf 89' lang='lat' dir='ltr'><strong>in</strong></span> <span class='ocrx_word' id='word_1_45' title='bbox 3600 647 3850 728; x_wconf 83' lang='lat' dir='ltr'><strong>carnem</strong></span> 
     </span>
    </p>
   </div>
   <div class='ocr_carea' id='block_1_5' title="bbox 605 740 2868 814">
    <p class='ocr_par' dir='ltr' id='par_1_5' title="bbox 605 740 2868 814">
     <span class='ocr_line' id='line_1_5' title="bbox 605 740 2868 814; baseline 0.006 -13"><span class='ocrx_word' id='word_1_46' title='bbox 605 740 878 806; x_wconf 80' lang='lat' dir='ltr'><strong>Domini.</strong></span> <span class='ocrx_word' id='word_1_47' title='bbox 2865 810 2868 814; x_wconf 90' lang='lat'><strong>.</strong></span> 
     </span>
    </p>
   </div>
   <div class='ocr_carea' id='block_1_6' title="bbox 681 825 3849 901">
    <p class='ocr_par' dir='ltr' id='par_1_6' title="bbox 681 825 3849 901">
     <span class='ocr_line' id='line_1_6' title="bbox 681 825 3849 901; baseline -0.005 0"><span class='ocrx_word' id='word_1_48' title='bbox 681 837 830 901; x_wconf 69' lang='lat' dir='ltr'><strong>Hoc</strong></span> <span class='ocrx_word' id='word_1_49' title='bbox 859 835 1134 901; x_wconf 74' lang='lat' dir='ltr'><strong>audiens</strong></span> <span class='ocrx_word' id='word_1_50' title='bbox 1160 834 1452 897; x_wconf 80' lang='lat' dir='ltr'><strong>turbatur</strong></span> <span class='ocrx_word' id='word_1_51' title='bbox 1474 833 1635 897; x_wconf 90' lang='lat' dir='ltr'><strong>ratio</strong></span> <span class='ocrx_word' id='word_1_52' title='bbox 1657 850 1731 896; x_wconf 86' lang='lat' dir='ltr'><strong>ac</strong></span> <span class='ocrx_word' id='word_1_53' title='bbox 1759 847 1994 898; x_wconf 86' lang='lat' dir='ltr'><strong>sensus</strong></span> <span class='ocrx_word' id='word_1_54' title='bbox 2017 830 2371 895; x_wconf 86' lang='lat' dir='ltr'><strong>hominum.</strong></span> <span class='ocrx_word' id='word_1_55' title='bbox 2405 833 2648 894; x_wconf 88' lang='lat' dir='ltr'><strong>Verum</strong></span> <span class='ocrx_word' id='word_1_56' title='bbox 2674 849 2749 892; x_wconf 90' lang='lat' dir='ltr'><strong>ne</strong></span> <span class='ocrx_word' id='word_1_57' title='bbox 2767 829 3087 897; x_wconf 85' lang='lat' dir='ltr'><strong>turbetur.</strong></span> <span class='ocrx_word' id='word_1_58' title='bbox 3113 847 3224 891; x_wconf 91' lang='lat' dir='ltr'><strong>cur</strong></span> <span class='ocrx_word' id='word_1_59' title='bbox 3254 827 3338 889; x_wconf 83' lang='lat' dir='ltr'><strong>ad</strong></span> <span class='ocrx_word' id='word_1_60' title='bbox 3373 845 3607 890; x_wconf 87' lang='lat' dir='ltr'><strong>arcana</strong></span> <span class='ocrx_word' id='word_1_61' title='bbox 3633 825 3849 896; x_wconf 73' lang='lat' dir='ltr'><strong>verba,</strong></span> 
     </span>
    </p>
   </div>
   <div class='ocr_carea' id='block_1_7' title="bbox 602 925 3848 1010">
    <p class='ocr_par' dir='ltr' id='par_1_7' title="bbox 602 925 3848 1010">
     <span class='ocr_line' id='line_1_7' title="bbox 602 925 3848 1010; baseline -0.004 -16"><span class='ocrx_word' id='word_1_62' title='bbox 602 932 679 995; x_wconf 92' lang='lat' dir='ltr'><strong>ad</strong></span> <span class='ocrx_word' id='word_1_63' title='bbox 703 931 1143 996; x_wconf 69' lang='lat' dir='ltr'><strong>accessionem</strong></span> <span class='ocrx_word' id='word_1_64' title='bbox 1175 930 1456 1010; x_wconf 77' lang='lat' dir='ltr'><strong>Spiritus</strong></span> <span class='ocrx_word' id='word_1_65' title='bbox 1483 928 1707 1004; x_wconf 87' lang='lat' dir='ltr'><strong>sancti,</strong></span> <span class='ocrx_word' id='word_1_66' title='bbox 1729 927 1812 995; x_wconf 83' lang='lat' dir='ltr'><strong>ad</strong></span> <span class='ocrx_word' id='word_1_67' title='bbox 1838 926 2217 1009; x_wconf 71' lang='lat' dir='ltr'><strong>ineﬁ‘abilem</strong></span> <span class='ocrx_word' id='word_1_68' title='bbox 2244 929 2697 1009; x_wconf 78' lang='lat' dir='ltr'><strong>operationem,</strong></span> <span class='ocrx_word' id='word_1_69' title='bbox 2724 944 2870 1007; x_wconf 72' lang='lat' dir='ltr'><strong>quat</strong></span> <span class='ocrx_word' id='word_1_70' title='bbox 2900 934 3303 999; x_wconf 71' lang='lat' dir='ltr'><strong>transmutat,</strong></span> <span class='ocrx_word' id='word_1_71' title='bbox 3338 934 3398 987; x_wconf 90' lang='lat' dir='ltr'><strong>et</strong></span> <span class='ocrx_word' id='word_1_72' title='bbox 3421 925 3848 1006; x_wconf 81' lang='lat' dir='ltr'><strong>transformet,</strong></span> 
     </span>
    </p>
   </div>
   <div class='ocr_carea' id='block_1_8' title="bbox 603 1015 3854 1107">
    <p class='ocr_par' dir='ltr' id='par_1_8' title="bbox 603 1015 3854 1107">
     <span class='ocr_line' id='line_1_8' title="bbox 603 1015 3854 1107; baseline -0.002 -18"><span class='ocrx_word' id='word_1_73' title='bbox 603 1037 664 1090; x_wconf 87' lang='lat' dir='ltr'><strong>et</strong></span> <span class='ocrx_word' id='word_1_74' title='bbox 698 1027 1223 1104; x_wconf 73' lang='lat' dir='ltr'><strong>tramclementet,</strong></span> <span class='ocrx_word' id='word_1_75' title='bbox 1256 1024 1760 1107; x_wconf 75' lang='lat' dir='ltr'><strong>confugiendum</strong></span> <span class='ocrx_word' id='word_1_76' title='bbox 1791 1023 2050 1088; x_wconf 73' lang='lat' dir='ltr'><strong>fuerat?</strong></span> <span class='ocrx_word' id='word_1_77' title='bbox 2085 1025 2213 1089; x_wconf 88' lang='lat' dir='ltr'><strong>Cur</strong></span> <span class='ocrx_word' id='word_1_78' title='bbox 2235 1027 2458 1090; x_wconf 86' lang='lat' dir='ltr'><strong>eadem</strong></span> <span class='ocrx_word' id='word_1_79' title='bbox 2493 1015 2970 1101; x_wconf 80' lang='lat' dir='ltr'><strong>transmutatio,</strong></span> <span class='ocrx_word' id='word_1_80' title='bbox 3001 1025 3219 1104; x_wconf 90' lang='lat' dir='ltr'><strong>aliquo</strong></span> <span class='ocrx_word' id='word_1_81' title='bbox 3248 1033 3316 1092; x_wconf 89' lang='lat' dir='ltr'><strong>ut</strong></span> <span class='ocrx_word' id='word_1_82' title='bbox 3349 1021 3854 1105; x_wconf 85' lang='lat' dir='ltr'><strong>modopossibi-</strong></span> 
     </span>
    </p>
   </div>
   <div class='ocr_carea' id='block_1_9' title="bbox 607 1119 3856 1207">
    <p class='ocr_par' dir='ltr' id='par_1_9' title="bbox 607 1119 3856 1207">
     <span class='ocr_line' id='line_1_9' title="bbox 607 1119 3856 1207; baseline 0 -26"><span class='ocrx_word' id='word_1_83' title='bbox 607 1124 688 1186; x_wconf 87' lang='lat' dir='ltr'><strong>lis</strong></span> <span class='ocrx_word' id='word_1_84' title='bbox 715 1126 848 1187; x_wconf 88' lang='lat' dir='ltr'><strong>Deo</strong></span> <span class='ocrx_word' id='word_1_85' title='bbox 879 1123 1293 1204; x_wconf 85' lang='lat' dir='ltr'><strong>intelligatur,</strong></span> <span class='ocrx_word' id='word_1_86' title='bbox 1347 1121 1705 1202; x_wconf 79' lang='lat' dir='ltr'><strong>comparari</strong></span> <span class='ocrx_word' id='word_1_87' title='bbox 1745 1121 2045 1184; x_wconf 82' lang='lat' dir='ltr'><strong>debuerit</strong></span> <span class='ocrx_word' id='word_1_88' title='bbox 2073 1138 2219 1185; x_wconf 91' lang='lat' dir='ltr'><strong>cum</strong></span> <span class='ocrx_word' id='word_1_89' title='bbox 2250 1141 2417 1207; x_wconf 75' lang='lat' dir='ltr'><strong>pane</strong></span> <span class='ocrx_word' id='word_1_90' title='bbox 2445 1125 2558 1186; x_wconf 83' lang='lat' dir='ltr'><strong>illo</strong></span> <span class='ocrx_word' id='word_1_91' title='bbox 2588 1125 2698 1203; x_wconf 86' lang='lat' dir='ltr'><strong>qui</strong></span> <span class='ocrx_word' id='word_1_92' title='bbox 2737 1145 2776 1184; x_wconf 95' lang='lat' dir='ltr'><strong>a</strong></span> <span class='ocrx_word' id='word_1_93' title='bbox 2804 1123 3065 1186; x_wconf 88' lang='lat' dir='ltr'><strong>Domino</strong></span> <span class='ocrx_word' id='word_1_94' title='bbox 3113 1119 3475 1184; x_wconf 81' lang='lat' dir='ltr'><strong>ambulante</strong></span> <span class='ocrx_word' id='word_1_95' title='bbox 3504 1120 3856 1182; x_wconf 89' lang='lat' dir='ltr'><strong>manduca-</strong></span> 
     </span>
    </p>
   </div>
   <div class='ocr_carea' id='block_1_10' title="bbox 602 1213 3852 1301">
    <p class='ocr_par' dir='ltr' id='par_1_10' title="bbox 602 1213 3852 1301">
     <span class='ocr_line' id='line_1_10' title="bbox 602 1213 3852 1301; baseline -0.002 -21"><span class='ocrx_word' id='word_1_96' title='bbox 602 1218 814 1295; x_wconf 82' lang='lat' dir='ltr'><strong>batur,</strong></span> <span class='ocrx_word' id='word_1_97' title='bbox 847 1227 910 1282; x_wconf 86' lang='lat' dir='ltr'><strong>et</strong></span> <span class='ocrx_word' id='word_1_98' title='bbox 965 1220 1110 1300; x_wconf 83' lang='lat' dir='ltr'><strong>ejus</strong></span> <span class='ocrx_word' id='word_1_99' title='bbox 1157 1221 1220 1282; x_wconf 91' lang='lat' dir='ltr'><strong>in</strong></span> <span class='ocrx_word' id='word_1_100' title='bbox 1265 1235 1498 1298; x_wconf 90' lang='lat' dir='ltr'><strong>corpus</strong></span> <span class='ocrx_word' id='word_1_101' title='bbox 1556 1217 1941 1290; x_wconf 77' lang='lat' dir='ltr'><strong>mutabatur,</strong></span> <span class='ocrx_word' id='word_1_102' title='bbox 1994 1218 2309 1299; x_wconf 75' lang='lat' dir='ltr'><strong>debetque</strong></span> <span class='ocrx_word' id='word_1_103' title='bbox 2371 1219 2605 1283; x_wconf 83' lang='lat' dir='ltr'><strong>similis</strong></span> <span class='ocrx_word' id='word_1_104' title='bbox 2649 1237 2765 1301; x_wconf 86' lang='lat' dir='ltr'><strong>per</strong></span> <span class='ocrx_word' id='word_1_105' title='bbox 2821 1220 3309 1283; x_wconf 86' lang='lat' dir='ltr'><strong>conversionem</strong></span> <span class='ocrx_word' id='word_1_106' title='bbox 3361 1213 3852 1280; x_wconf 87' lang='lat' dir='ltr'><strong>substantialem</strong></span> 
     </span>
    </p>
   </div>
   <div class='ocr_carea' id='block_1_11' title="bbox 605 1315 1140 1398">
    <p class='ocr_par' dir='ltr' id='par_1_11' title="bbox 605 1315 1140 1398">
     <span class='ocr_line' id='line_1_11' title="bbox 605 1315 1140 1398; baseline 0.006 -24"><span class='ocrx_word' id='word_1_107' title='bbox 605 1315 898 1398; x_wconf 79' lang='lat' dir='ltr'><strong>ejusdem</strong></span> <span class='ocrx_word' id='word_1_108' title='bbox 923 1317 1094 1380; x_wconf 89' lang='lat' dir='ltr'><strong>carni</strong></span> <span class='ocrx_word' id='word_1_109' title='bbox 1111 1319 1140 1377; x_wconf 78' lang='grc' dir='ltr'><strong><em>τ</em></strong></span> 
     </span>
    </p>
   </div>
   <div class='ocr_carea' id='block_1_12' title="bbox 678 1409 3851 1495">
    <p class='ocr_par' dir='ltr' id='par_1_12' title="bbox 678 1409 3851 1495">
     <span class='ocr_line' id='line_1_12' title="bbox 678 1409 3851 1495; baseline -0.003 -16"><span class='ocrx_word' id='word_1_110' title='bbox 678 1413 1046 1479; x_wconf 87' lang='lat' dir='ltr'><strong>Sed-adhuc</strong></span> <span class='ocrx_word' id='word_1_111' title='bbox 1071 1412 1344 1476; x_wconf 85' lang='lat' dir='ltr'><strong>humana</strong></span> <span class='ocrx_word' id='word_1_112' title='bbox 1370 1414 1533 1475; x_wconf 83' lang='lat' dir='ltr'><strong>ratio</strong></span> <span class='ocrx_word' id='word_1_113' title='bbox 1557 1419 1625 1476; x_wconf 90' lang='lat' dir='ltr'><strong>et</strong></span> <span class='ocrx_word' id='word_1_114' title='bbox 1655 1412 1987 1475; x_wconf 78' lang='lat' dir='ltr'><strong>hominum</strong></span> <span class='ocrx_word' id='word_1_115' title='bbox 2022 1429 2257 1477; x_wconf 88' lang='lat' dir='ltr'><strong>sensus</strong></span> <span class='ocrx_word' id='word_1_116' title='bbox 2286 1415 2534 1478; x_wconf 87' lang='lat' dir='ltr'><strong>resistit</strong></span> <span class='ocrx_word' id='word_1_117' title='bbox 2566 1438 2582 1478; x_wconf 89' lang='lat'><strong>:</strong></span> <span class='ocrx_word' id='word_1_118' title='bbox 2605 1409 2754 1479; x_wconf 87' lang='lat' dir='ltr'><strong>Non</strong></span> <span class='ocrx_word' id='word_1_119' title='bbox 2780 1423 3052 1495; x_wconf 81' lang='lat' dir='ltr'><strong>apparet</strong></span> <span class='ocrx_word' id='word_1_120' title='bbox 3079 1413 3262 1476; x_wconf 89' lang='lat' dir='ltr'><strong>nobis</strong></span> <span class='ocrx_word' id='word_1_121' title='bbox 3311 1431 3486 1484; x_wconf 89' lang='lat' dir='ltr'><strong>caro,</strong></span> <span class='ocrx_word' id='word_1_122' title='bbox 3517 1410 3851 1489; x_wconf 85' lang='lat' dir='ltr'><strong>inquiens,</strong></span> 
     </span>
    </p>
   </div>
   <div class='ocr_carea' id='block_1_13' title="bbox 608 1504 3855 1592">
    <p class='ocr_par' dir='ltr' id='par_1_13' title="bbox 608 1504 3855 1592">
     <span class='ocr_line' id='line_1_13' title="bbox 608 1504 3855 1592; baseline -0.001 -22"><span class='ocrx_word' id='word_1_123' title='bbox 608 1511 720 1580; x_wconf 71' lang='lat' dir='ltr'><strong>sed</strong></span> <span class='ocrx_word' id='word_1_124' title='bbox 740 1512 953 1592; x_wconf 79' lang='lat' dir='ltr'><strong>panis.</strong></span> <span class='ocrx_word' id='word_1_125' title='bbox 986 1513 1049 1574; x_wconf 88' lang='lat' dir='ltr'><strong>Si</strong></span> <span class='ocrx_word' id='word_1_126' title='bbox 1083 1519 1404 1576; x_wconf 87' lang='lat' dir='ltr'><strong>remaneat</strong></span> <span class='ocrx_word' id='word_1_127' title='bbox 1430 1511 1789 1574; x_wconf 85' lang='lat' dir='ltr'><strong>substantia</strong></span> <span class='ocrx_word' id='word_1_128' title='bbox 1824 1511 2032 1591; x_wconf 87' lang='lat' dir='ltr'><strong>panis,</strong></span> <span class='ocrx_word' id='word_1_129' title='bbox 2063 1519 2126 1575; x_wconf 82' lang='lat' dir='ltr'><strong>et</strong></span> <span class='ocrx_word' id='word_1_130' title='bbox 2160 1528 2351 1584; x_wconf 84' lang='lat' dir='ltr'><strong>unam</strong></span> <span class='ocrx_word' id='word_1_131' title='bbox 2383 1511 2609 1576; x_wconf 81' lang='lat' dir='ltr'><strong>subeat</strong></span> <span class='ocrx_word' id='word_1_132' title='bbox 2636 1511 3044 1572; x_wconf 80' lang='lat' dir='ltr'><strong>mutationem</strong></span> <span class='ocrx_word' id='word_1_133' title='bbox 3072 1506 3482 1586; x_wconf 77' lang='lat' dir='ltr'><strong>virtutis,.vel</strong></span> <span class='ocrx_word' id='word_1_134' title='bbox 3517 1523 3550 1571; x_wconf 87' lang='lat' dir='ltr'><strong>a</strong></span> <span class='ocrx_word' id='word_1_135' title='bbox 3586 1509 3721 1569; x_wconf 89' lang='lat' dir='ltr'><strong>Deo</strong></span> <span class='ocrx_word' id='word_1_136' title='bbox 3743 1504 3855 1568; x_wconf 81' lang='lat' dir='ltr'><strong>ob-</strong></span> 
     </span>
    </p>
   </div>
   <div class='ocr_carea' id='block_1_14' title="bbox 603 1604 3858 1690">
    <p class='ocr_par' dir='ltr' id='par_1_14' title="bbox 603 1604 3858 1690">
     <span class='ocr_line' id='line_1_14' title="bbox 603 1604 3858 1690; baseline -0.001 -21"><span class='ocrx_word' id='word_1_137' title='bbox 603 1610 800 1671; x_wconf 81' lang='lat' dir='ltr'><strong>tinent</strong></span> <span class='ocrx_word' id='word_1_138' title='bbox 834 1608 1134 1670; x_wconf 80' lang='lat' dir='ltr'><strong>virtutem</strong></span> <span class='ocrx_word' id='word_1_139' title='bbox 1165 1608 1524 1682; x_wconf 78' lang='lat' dir='ltr'><strong>viviﬁcandi</strong></span> <span class='ocrx_word' id='word_1_140' title='bbox 1561 1607 1832 1682; x_wconf 84' lang='lat' dir='ltr'><strong>animas,</strong></span> <span class='ocrx_word' id='word_1_141' title='bbox 1865 1624 2060 1689; x_wconf 89' lang='lat' dir='ltr'><strong>quam</strong></span> <span class='ocrx_word' id='word_1_142' title='bbox 2094 1609 2281 1689; x_wconf 91' lang='lat' dir='ltr'><strong>panis</strong></span> <span class='ocrx_word' id='word_1_143' title='bbox 2304 1609 2576 1690; x_wconf 87' lang='lat' dir='ltr'><strong>ejusque</strong></span> <span class='ocrx_word' id='word_1_144' title='bbox 2606 1607 2966 1670; x_wconf 85' lang='lat' dir='ltr'><strong>substantia</strong></span> <span class='ocrx_word' id='word_1_145' title='bbox 3000 1623 3116 1686; x_wconf 87' lang='lat' dir='ltr'><strong>per</strong></span> <span class='ocrx_word' id='word_1_146' title='bbox 3138 1623 3282 1669; x_wconf 91' lang='lat' dir='ltr'><strong>sese</strong></span> <span class='ocrx_word' id='word_1_147' title='bbox 3316 1621 3446 1668; x_wconf 90' lang='lat' dir='ltr'><strong>non</strong></span> <span class='ocrx_word' id='word_1_148' title='bbox 3490 1604 3705 1675; x_wconf 92' lang='lat' dir='ltr'><strong>habet,</strong></span> <span class='ocrx_word' id='word_1_149' title='bbox 3740 1619 3858 1666; x_wconf 87' lang='lat' dir='ltr'><strong>cur</strong></span> 
     </span>
    </p>
   </div>
   <div class='ocr_carea' id='block_1_15' title="bbox 601 1700 3853 1784">
    <p class='ocr_par' dir='ltr' id='par_1_15' title="bbox 601 1700 3853 1784">
     <span class='ocr_line' id='line_1_15' title="bbox 601 1700 3853 1784; baseline -0.001 -20"><span class='ocrx_word' id='word_1_150' title='bbox 601 1703 1239 1769; x_wconf 79' lang='lat' dir='ltr'><strong>animadvertendum</strong></span> <span class='ocrx_word' id='word_1_151' title='bbox 1285 1703 1496 1771; x_wconf 81' lang='lat' dir='ltr'><strong>fuerat</strong></span> <span class='ocrx_word' id='word_1_152' title='bbox 1551 1720 1670 1773; x_wconf 84' lang='lat' dir='ltr'><strong>nos</strong></span> <span class='ocrx_word' id='word_1_153' title='bbox 1709 1705 1900 1768; x_wconf 90' lang='lat' dir='ltr'><strong>edere</strong></span> <span class='ocrx_word' id='word_1_154' title='bbox 1929 1713 2238 1784; x_wconf 52' lang='lat' dir='ltr'><strong>ac&#39;potare</strong></span> <span class='ocrx_word' id='word_1_155' title='bbox 2267 1706 2334 1768; x_wconf 89' lang='lat' dir='ltr'><strong>in</strong></span> <span class='ocrx_word' id='word_1_156' title='bbox 2365 1704 2766 1770; x_wconf 85' lang='lat' dir='ltr'><strong>Eucharistia</strong></span> <span class='ocrx_word' id='word_1_157' title='bbox 2797 1719 3031 1783; x_wconf 87' lang='lat' dir='ltr'><strong>corpus</strong></span> <span class='ocrx_word' id='word_1_158' title='bbox 3061 1716 3122 1765; x_wconf 91' lang='lat' dir='ltr'><strong>et</strong></span> <span class='ocrx_word' id='word_1_159' title='bbox 3154 1702 3542 1782; x_wconf 90' lang='lat' dir='ltr'><strong>sanguinem</strong></span> <span class='ocrx_word' id='word_1_160' title='bbox 3588 1700 3853 1775; x_wconf 87' lang='lat' dir='ltr'><strong>Christi,</strong></span> 
     </span>
    </p>
   </div>
   <div class='ocr_carea' id='block_1_16' title="bbox 603 1799 3858 1882">
    <p class='ocr_par' dir='ltr' id='par_1_16' title="bbox 603 1799 3858 1882">
     <span class='ocr_line' id='line_1_16' title="bbox 603 1799 3858 1882; baseline -0.001 -21"><span class='ocrx_word' id='word_1_161' title='bbox 603 1815 732 1863; x_wconf 83' lang='lat' dir='ltr'><strong>non</strong></span> <span class='ocrx_word' id='word_1_162' title='bbox 758 1799 1588 1880; x_wconf 80' lang='lat' dir='ltr'><strong>eorumduntaxatﬂguram</strong></span> <span class='ocrx_word' id='word_1_163' title='bbox 1619 1800 1920 1865; x_wconf 73' lang='lat' dir='ltr'><strong>sumere?</strong></span> <span class='ocrx_word' id='word_1_164' title='bbox 1949 1803 2310 1867; x_wconf 84' lang='lat' dir='ltr'><strong>Abhorrere</strong></span> <span class='ocrx_word' id='word_1_165' title='bbox 2340 1819 2458 1865; x_wconf 92' lang='lat' dir='ltr'><strong>nos</strong></span> <span class='ocrx_word' id='word_1_166' title='bbox 2484 1801 2710 1882; x_wconf 88' lang='lat' dir='ltr'><strong>utique</strong></span> <span class='ocrx_word' id='word_1_167' title='bbox 2742 1818 2778 1864; x_wconf 90' lang='lat' dir='ltr'><strong>a</strong></span> <span class='ocrx_word' id='word_1_168' title='bbox 2807 1799 3022 1863; x_wconf 71' lang='lat' dir='ltr'><strong>crudaa</strong></span> <span class='ocrx_word' id='word_1_169' title='bbox 3052 1800 3266 1862; x_wconf 87' lang='lat' dir='ltr'><strong>carnis</strong></span> <span class='ocrx_word' id='word_1_170' title='bbox 3307 1799 3608 1861; x_wconf 77' lang='lat' dir='ltr'><strong>humanm</strong></span> <span class='ocrx_word' id='word_1_171' title='bbox 3648 1813 3858 1861; x_wconf 86' lang='lat' dir='ltr'><strong>come-</strong></span> 
     </span>
    </p>
   </div>
   <div class='ocr_carea' id='block_1_17' title="bbox 602 1894 3855 1978">
    <p class='ocr_par' dir='ltr' id='par_1_17' title="bbox 602 1894 3855 1978">
     <span class='ocr_line' id='line_1_17' title="bbox 602 1894 3855 1978; baseline -0.001 -19"><span class='ocrx_word' id='word_1_172' title='bbox 602 1895 837 1968; x_wconf 90' lang='lat' dir='ltr'><strong>stione,</strong></span> <span class='ocrx_word' id='word_1_173' title='bbox 865 1913 937 1958; x_wconf 87' lang='lat' dir='ltr'><strong>ac</strong></span> <span class='ocrx_word' id='word_1_174' title='bbox 973 1903 1126 1977; x_wconf 91' lang='lat' dir='ltr'><strong>potu</strong></span> <span class='ocrx_word' id='word_1_175' title='bbox 1162 1897 1502 1978; x_wconf 78' lang='lat' dir='ltr'><strong>sanguinis</strong></span> <span class='ocrx_word' id='word_1_176' title='bbox 1527 1898 1826 1962; x_wconf 88' lang='lat' dir='ltr'><strong>humani:</strong></span> <span class='ocrx_word' id='word_1_177' title='bbox 1853 1899 1968 1962; x_wconf 88' lang='lat' dir='ltr'><strong>sed</strong></span> <span class='ocrx_word' id='word_1_178' title='bbox 1997 1907 2232 1962; x_wconf 80' lang='lat' dir='ltr'><strong>nostrm</strong></span> <span class='ocrx_word' id='word_1_179' title='bbox 2256 1897 2592 1978; x_wconf 89' lang='lat' dir='ltr'><strong>indulgere</strong></span> <span class='ocrx_word' id='word_1_180' title='bbox 2617 1897 2936 1962; x_wconf 82' lang='lat' dir='ltr'><strong>infimitati</strong></span> <span class='ocrx_word' id='word_1_181' title='bbox 2970 1898 3174 1958; x_wconf 87' lang='lat' dir='ltr'><strong>Deum</strong></span> <span class='ocrx_word' id='word_1_182' title='bbox 3200 1894 3511 1958; x_wconf 81' lang='lat' dir='ltr'><strong>voluisse.</strong></span> <span class='ocrx_word' id='word_1_183' title='bbox 3541 1896 3628 1956; x_wconf 87' lang='lat' dir='ltr'><strong>Ita</strong></span> <span class='ocrx_word' id='word_1_184' title='bbox 3662 1907 3855 1974; x_wconf 88' lang='lat' dir='ltr'><strong>porro</strong></span> 
     </span>
    </p>
   </div>
   <div class='ocr_carea' id='block_1_18' title="bbox 601 1989 3852 2074">
    <p class='ocr_par' dir='ltr' id='par_1_18' title="bbox 601 1989 3852 2074">
     <span class='ocr_line' id='line_1_18' title="bbox 601 1989 3852 2074; baseline 0 -24"><span class='ocrx_word' id='word_1_185' title='bbox 601 2008 857 2056; x_wconf 84' lang='lat' dir='ltr'><strong>carnem</strong></span> <span class='ocrx_word' id='word_1_186' title='bbox 900 1999 962 2053; x_wconf 90' lang='lat' dir='ltr'><strong>et</strong></span> <span class='ocrx_word' id='word_1_187' title='bbox 993 1993 1373 2073; x_wconf 90' lang='lat' dir='ltr'><strong>sanguinem</strong></span> <span class='ocrx_word' id='word_1_188' title='bbox 1401 2013 1590 2057; x_wconf 89' lang='lat' dir='ltr'><strong>suum</strong></span> <span class='ocrx_word' id='word_1_189' title='bbox 1619 2011 1869 2074; x_wconf 88' lang='lat' dir='ltr'><strong>parasse</strong></span> <span class='ocrx_word' id='word_1_190' title='bbox 1905 1996 2091 2059; x_wconf 86' lang='lat' dir='ltr'><strong>nobis</strong></span> <span class='ocrx_word' id='word_1_191' title='bbox 2116 1996 2331 2060; x_wconf 90' lang='lat' dir='ltr'><strong>cibum</strong></span> <span class='ocrx_word' id='word_1_192' title='bbox 2365 2001 2426 2058; x_wconf 90' lang='lat' dir='ltr'><strong>et</strong></span> <span class='ocrx_word' id='word_1_193' title='bbox 2458 2003 2706 2074; x_wconf 91' lang='lat' dir='ltr'><strong>potum,</strong></span> <span class='ocrx_word' id='word_1_194' title='bbox 2739 2001 2810 2057; x_wconf 92' lang='lat' dir='ltr'><strong>ut</strong></span> <span class='ocrx_word' id='word_1_195' title='bbox 2833 1993 2982 2074; x_wconf 89' lang='lat' dir='ltr'><strong>pani</strong></span> <span class='ocrx_word' id='word_1_196' title='bbox 3023 2010 3094 2055; x_wconf 91' lang='lat' dir='ltr'><strong>ac</strong></span> <span class='ocrx_word' id='word_1_197' title='bbox 3124 1991 3302 2067; x_wconf 86' lang='lat' dir='ltr'><strong>vino,</strong></span> <span class='ocrx_word' id='word_1_198' title='bbox 3339 1993 3576 2072; x_wconf 89' lang='lat' dir='ltr'><strong>quibus</strong></span> <span class='ocrx_word' id='word_1_199' title='bbox 3608 1989 3852 2054; x_wconf 89' lang='lat' dir='ltr'><strong>assueti</strong></span> 
     </span>
    </p>
   </div>
   <div class='ocr_carea' id='block_1_19' title="bbox 604 2075 3855 2178">
    <p class='ocr_par' dir='ltr' id='par_1_19' title="bbox 604 2075 3855 2178">
     <span class='ocr_line' id='line_1_19' title="bbox 604 2075 3855 2178; baseline -0.001 -30"><span class='ocrx_word' id='word_1_200' title='bbox 604 2104 858 2162; x_wconf 87' lang='lat' dir='ltr'><strong>sumus,</strong></span> <span class='ocrx_word' id='word_1_201' title='bbox 889 2099 1268 2167; x_wconf 86' lang='lat' dir='ltr'><strong>apparerent</strong></span> <span class='ocrx_word' id='word_1_202' title='bbox 1293 2091 1581 2171; x_wconf 79' lang='lat' dir='ltr'><strong>similia?</strong></span> <span class='ocrx_word' id='word_1_203' title='bbox 1616 2093 1926 2172; x_wconf 85' lang='lat' dir='ltr'><strong>Adeoque</strong></span> <span class='ocrx_word' id='word_1_204' title='bbox 1951 2109 2182 2172; x_wconf 89' lang='lat' dir='ltr'><strong>panem</strong></span> <span class='ocrx_word' id='word_1_205' title='bbox 2220 2075 2484 2178; x_wconf 77' lang='lat' dir='ltr'><strong>quidem</strong></span> <span class='ocrx_word' id='word_1_206' title='bbox 2538 2090 2724 2152; x_wconf 87' lang='lat' dir='ltr'><strong>nobis</strong></span> <span class='ocrx_word' id='word_1_207' title='bbox 2761 2105 3067 2168; x_wconf 88' lang='lat' dir='ltr'><strong>apparere</strong></span> <span class='ocrx_word' id='word_1_208' title='bbox 3094 2098 3154 2150; x_wconf 92' lang='lat' dir='ltr'><strong>et</strong></span> <span class='ocrx_word' id='word_1_209' title='bbox 3187 2089 3434 2162; x_wconf 89' lang='lat' dir='ltr'><strong>vinum,</strong></span> <span class='ocrx_word' id='word_1_210' title='bbox 3478 2088 3592 2151; x_wconf 87' lang='lat' dir='ltr'><strong>sed</strong></span> <span class='ocrx_word' id='word_1_211' title='bbox 3633 2103 3855 2147; x_wconf 75' lang='lat' dir='ltr'><strong>revera</strong></span> 
     </span>
    </p>
   </div>
   <div class='ocr_carea' id='block_1_20' title="bbox 603 2180 3848 2269">
    <p class='ocr_par' dir='ltr' id='par_1_20' title="bbox 603 2180 3848 2269">
     <span class='ocr_line' id='line_1_20' title="bbox 603 2180 3848 2269; baseline -0 -27"><span class='ocrx_word' id='word_1_212' title='bbox 603 2199 853 2244; x_wconf 88' lang='lat' dir='ltr'><strong>carnem</strong></span> <span class='ocrx_word' id='word_1_213' title='bbox 878 2201 1008 2246; x_wconf 82' lang='lat' dir='ltr'><strong>esse</strong></span> <span class='ocrx_word' id='word_1_214' title='bbox 1045 2193 1104 2246; x_wconf 87' lang='lat' dir='ltr'><strong>et</strong></span> <span class='ocrx_word' id='word_1_215' title='bbox 1124 2187 1488 2264; x_wconf 83' lang='lat' dir='ltr'><strong>sanguinem</strong></span> <span class='ocrx_word' id='word_1_216' title='bbox 1510 2188 1540 2247; x_wconf 76' lang='grc' dir='ltr'><em>Ῡ</em></span> <span class='ocrx_word' id='word_1_217' title='bbox 1579 2187 1892 2250; x_wconf 85' lang='lat' dir='ltr'><strong>Videlicet</strong></span> <span class='ocrx_word' id='word_1_218' title='bbox 1924 2189 2185 2251; x_wconf 82' lang='lat' dir='ltr'><strong>demum</strong></span> <span class='ocrx_word' id='word_1_219' title='bbox 2212 2180 2478 2269; x_wconf 75' lang='lat' dir='ltr'><strong>speciem</strong></span> <span class='ocrx_word' id='word_1_220' title='bbox 2497 2187 2688 2267; x_wconf 90' lang='lat' dir='ltr'><strong>panis</strong></span> <span class='ocrx_word' id='word_1_221' title='bbox 2715 2194 2772 2246; x_wconf 93' lang='lat' dir='ltr'><strong>et</strong></span> <span class='ocrx_word' id='word_1_222' title='bbox 2791 2185 2927 2247; x_wconf 80' lang='lat' dir='ltr'><strong>vini</strong></span> <span class='ocrx_word' id='word_1_223' title='bbox 2950 2202 3253 2260; x_wconf 80' lang='lat' dir='ltr'><strong>servasse,</strong></span> <span class='ocrx_word' id='word_1_224' title='bbox 3288 2193 3350 2246; x_wconf 91' lang='lat' dir='ltr'><strong>at</strong></span> <span class='ocrx_word' id='word_1_225' title='bbox 3381 2199 3614 2264; x_wconf 87' lang='lat' dir='ltr'><strong>panem</strong></span> <span class='ocrx_word' id='word_1_226' title='bbox 3640 2183 3848 2261; x_wconf 88' lang='lat' dir='ltr'><strong>ipsum</strong></span> 
     </span>
    </p>
   </div>
   <div class='ocr_carea' id='block_1_21' title="bbox 603 2277 2348 2370">
    <p class='ocr_par' dir='ltr' id='par_1_21' title="bbox 603 2277 2348 2370">
     <span class='ocr_line' id='line_1_21' title="bbox 603 2277 2348 2370; baseline 0.005 -31"><span class='ocrx_word' id='word_1_227' title='bbox 603 2285 665 2339; x_wconf 89' lang='lat' dir='ltr'><strong>et</strong></span> <span class='ocrx_word' id='word_1_228' title='bbox 696 2277 915 2341; x_wconf 82' lang='lat' dir='ltr'><strong>vinum</strong></span> <span class='ocrx_word' id='word_1_229' title='bbox 945 2280 1010 2342; x_wconf 91' lang='lat' dir='ltr'><strong>in</strong></span> <span class='ocrx_word' id='word_1_230' title='bbox 1051 2297 1303 2344; x_wconf 89' lang='lat' dir='ltr'><strong>carnem</strong></span> <span class='ocrx_word' id='word_1_231' title='bbox 1337 2290 1395 2345; x_wconf 90' lang='lat' dir='ltr'><strong>et</strong></span> <span class='ocrx_word' id='word_1_232' title='bbox 1422 2283 1800 2370; x_wconf 80' lang='lat' dir='ltr'><strong>sanguinem</strong></span> <span class='ocrx_word' id='word_1_233' title='bbox 1845 2289 2348 2349; x_wconf 83' lang='lat' dir='ltr'><strong>transmutasse?</strong></span> 
     </span>
    </p>
   </div>
   <div class='ocr_carea' id='block_1_22' title="bbox 679 2376 3850 2462">
    <p class='ocr_par' dir='ltr' id='par_1_22' title="bbox 679 2376 3850 2462">
     <span class='ocr_line' id='line_1_22' title="bbox 679 2376 3850 2462; baseline 0.001 -25"><span class='ocrx_word' id='word_1_234' title='bbox 679 2376 845 2449; x_wconf 90' lang='lat' dir='ltr'><strong>Quid</strong></span> <span class='ocrx_word' id='word_1_235' title='bbox 873 2385 994 2453; x_wconf 85' lang='lat' dir='ltr'><strong>est,</strong></span> <span class='ocrx_word' id='word_1_236' title='bbox 1047 2379 1222 2457; x_wconf 89' lang='lat' dir='ltr'><strong>quod</strong></span> <span class='ocrx_word' id='word_1_237' title='bbox 1262 2377 1530 2458; x_wconf 83' lang='lat' dir='ltr'><strong>objicias</strong></span> <span class='ocrx_word' id='word_1_238' title='bbox 1563 2379 1805 2441; x_wconf 90' lang='lat' dir='ltr'><strong>dictum</strong></span> <span class='ocrx_word' id='word_1_239' title='bbox 1852 2397 1884 2442; x_wconf 91' lang='lat' dir='ltr'><strong>a</strong></span> <span class='ocrx_word' id='word_1_240' title='bbox 1918 2379 2422 2462; x_wconf 84' lang='lat' dir='ltr'><strong>Theophylacto,</strong></span> <span class='ocrx_word' id='word_1_241' title='bbox 2465 2383 2690 2446; x_wconf 83' lang='lat' dir='ltr'><strong>factam</strong></span> <span class='ocrx_word' id='word_1_242' title='bbox 2750 2380 3494 2445; x_wconf 86' lang='lat' dir='ltr'><strong>transelementationem</strong></span> <span class='ocrx_word' id='word_1_243' title='bbox 3544 2379 3750 2441; x_wconf 89' lang='lat' dir='ltr'><strong>fuisse</strong></span> <span class='ocrx_word' id='word_1_244' title='bbox 3789 2379 3850 2439; x_wconf 83' lang='lat' dir='ltr'><strong>in</strong></span> 
     </span>
    </p>
   </div>
   <div class='ocr_carea' id='block_1_23' title="bbox 601 2470 3858 2560">
    <p class='ocr_par' dir='ltr' id='par_1_23' title="bbox 601 2470 3858 2560">
     <span class='ocr_line' id='line_1_23' title="bbox 601 2470 3858 2560; baseline 0.002 -30"><span class='ocrx_word' id='word_1_245' title='bbox 601 2470 898 2533; x_wconf 77' lang='lat' dir='ltr'><strong>virtutem</strong></span> <span class='ocrx_word' id='word_1_246' title='bbox 928 2476 1218 2554; x_wconf 88' lang='lat' dir='ltr'><strong>corporis</strong></span> <span class='ocrx_word' id='word_1_247' title='bbox 1242 2483 1298 2535; x_wconf 88' lang='lat' dir='ltr'><strong>et</strong></span> <span class='ocrx_word' id='word_1_248' title='bbox 1327 2477 1655 2555; x_wconf 87' lang='lat' dir='ltr'><strong>sanguinis</strong></span> <span class='ocrx_word' id='word_1_249' title='bbox 1684 2477 1983 2538; x_wconf 81' lang='lat' dir='ltr'><strong>Domini?</strong></span> <span class='ocrx_word' id='word_1_250' title='bbox 2022 2478 2090 2539; x_wconf 88' lang='lat' dir='ltr'><strong>Id</strong></span> <span class='ocrx_word' id='word_1_251' title='bbox 2126 2479 2350 2560; x_wconf 88' lang='lat' dir='ltr'><strong>utique</strong></span> <span class='ocrx_word' id='word_1_252' title='bbox 2385 2480 2449 2542; x_wconf 91' lang='lat' dir='ltr'><strong>in</strong></span> <span class='ocrx_word' id='word_1_253' title='bbox 2481 2480 2601 2544; x_wconf 90' lang='lat' dir='ltr'><strong>hoc</strong></span> <span class='ocrx_word' id='word_1_254' title='bbox 2633 2480 2711 2542; x_wconf 90' lang='lat' dir='ltr'><strong>ad</strong></span> <span class='ocrx_word' id='word_1_255' title='bbox 2744 2487 3033 2542; x_wconf 89' lang='lat' dir='ltr'><strong>sanctum</strong></span> <span class='ocrx_word' id='word_1_256' title='bbox 3058 2480 3339 2540; x_wconf 84' lang='lat' dir='ltr'><strong>Marcum</strong></span> <span class='ocrx_word' id='word_1_257' title='bbox 3366 2478 3504 2540; x_wconf 91' lang='lat' dir='ltr'><strong>loco</strong></span> <span class='ocrx_word' id='word_1_258' title='bbox 3535 2477 3622 2537; x_wconf 91' lang='lat' dir='ltr'><strong>ait</strong></span> <span class='ocrx_word' id='word_1_259' title='bbox 3647 2475 3858 2537; x_wconf 84' lang='lat' dir='ltr'><strong>Theo-</strong></span> 
     </span>
    </p>
   </div>
   <div class='ocr_carea' id='block_1_24' title="bbox 602 2567 3842 2654">
    <p class='ocr_par' dir='ltr' id='par_1_24' title="bbox 602 2567 3842 2654">
     <span class='ocr_line' id='line_1_24' title="bbox 602 2567 3842 2654; baseline 0.001 -25"><span class='ocrx_word' id='word_1_260' title='bbox 602 2567 964 2649; x_wconf 82' lang='lat' dir='ltr'><strong>phylactus,</strong></span> <span class='ocrx_word' id='word_1_261' title='bbox 1003 2573 1174 2650; x_wconf 83' lang='lat' dir='ltr'><strong>quod</strong></span> <span class='ocrx_word' id='word_1_262' title='bbox 1217 2573 1293 2634; x_wconf 90' lang='lat' dir='ltr'><strong>ad</strong></span> <span class='ocrx_word' id='word_1_263' title='bbox 1319 2583 1608 2636; x_wconf 91' lang='lat' dir='ltr'><strong>sanctum</strong></span> <span class='ocrx_word' id='word_1_264' title='bbox 1638 2574 2005 2637; x_wconf 73' lang='lat' dir='ltr'><strong>Matthaeum</strong></span> <span class='ocrx_word' id='word_1_265' title='bbox 2037 2583 2098 2637; x_wconf 86' lang='lat' dir='ltr'><strong>et</strong></span> <span class='ocrx_word' id='word_1_266' title='bbox 2126 2578 2439 2640; x_wconf 81' lang='lat' dir='ltr'><strong>Joannem</strong></span> <span class='ocrx_word' id='word_1_267' title='bbox 2473 2577 2680 2652; x_wconf 90' lang='lat' dir='ltr'><strong>docet,</strong></span> <span class='ocrx_word' id='word_1_268' title='bbox 2706 2593 2934 2654; x_wconf 82' lang='lat' dir='ltr'><strong>partem</strong></span> <span class='ocrx_word' id='word_1_269' title='bbox 2980 2570 3228 2654; x_wconf 80' lang='lat' dir='ltr'><strong>quidem</strong></span> <span class='ocrx_word' id='word_1_270' title='bbox 3281 2572 3459 2634; x_wconf 88' lang='lat' dir='ltr'><strong>nobis</strong></span> <span class='ocrx_word' id='word_1_271' title='bbox 3501 2589 3842 2651; x_wconf 84' lang='lat' dir='ltr'><strong>apparere.</strong></span> 
     </span>
    </p>
   </div>
   <div class='ocr_carea' id='block_1_25' title="bbox 600 2667 3858 2752">
    <p class='ocr_par' dir='ltr' id='par_1_25' title="bbox 600 2667 3858 2752">
     <span class='ocr_line' id='line_1_25' title="bbox 600 2667 3858 2752; baseline 0.001 -26"><span class='ocrx_word' id='word_1_272' title='bbox 600 2667 715 2729; x_wconf 87' lang='lat' dir='ltr'><strong>sed</strong></span> <span class='ocrx_word' id='word_1_273' title='bbox 744 2684 964 2742; x_wconf 82' lang='lat' dir='ltr'><strong>revera</strong></span> <span class='ocrx_word' id='word_1_274' title='bbox 991 2684 1244 2728; x_wconf 90' lang='lat' dir='ltr'><strong>carnem</strong></span> <span class='ocrx_word' id='word_1_275' title='bbox 1265 2687 1391 2728; x_wconf 84' lang='lat' dir='ltr'><strong>esse</strong></span> <span class='ocrx_word' id='word_1_276' title='bbox 1419 2689 1442 2728; x_wconf 90' lang='lat'><strong><em>:</em></strong></span> <span class='ocrx_word' id='word_1_277' title='bbox 1478 2677 1536 2730; x_wconf 89' lang='lat' dir='ltr'><strong>et</strong></span> <span class='ocrx_word' id='word_1_278' title='bbox 1569 2671 2016 2750; x_wconf 84' lang='lat' dir='ltr'><strong>transformari</strong></span> <span class='ocrx_word' id='word_1_279' title='bbox 2042 2676 2295 2736; x_wconf 85' lang='lat' dir='ltr'><strong>arcanis</strong></span> <span class='ocrx_word' id='word_1_280' title='bbox 2325 2671 2530 2735; x_wconf 81' lang='lat' dir='ltr'><strong>verbis</strong></span> <span class='ocrx_word' id='word_1_281' title='bbox 2578 2689 2802 2752; x_wconf 88' lang='lat' dir='ltr'><strong>panem</strong></span> <span class='ocrx_word' id='word_1_282' title='bbox 2834 2671 3036 2744; x_wconf 72' lang='lat' dir='ltr'><strong>illum,</strong></span> <span class='ocrx_word' id='word_1_283' title='bbox 3073 2671 3320 2732; x_wconf 88' lang='lat' dir='ltr'><strong>etiamsi</strong></span> <span class='ocrx_word' id='word_1_284' title='bbox 3348 2669 3530 2731; x_wconf 90' lang='lat' dir='ltr'><strong>nobis</strong></span> <span class='ocrx_word' id='word_1_285' title='bbox 3559 2668 3858 2729; x_wconf 82' lang='lat' dir='ltr'><strong>videatur</strong></span> 
     </span>
    </p>
   </div>
   <div class='ocr_carea' id='block_1_26' title="bbox 594 2764 3857 2846">
    <p class='ocr_par' dir='ltr' id='par_1_26' title="bbox 594 2764 3857 2846">
     <span class='ocr_line' id='line_1_26' title="bbox 594 2764 3857 2846; baseline -0.001 -18"><span class='ocrx_word' id='word_1_286' title='bbox 594 2766 810 2843; x_wconf 85' lang='lat' dir='ltr'><strong>panis,</strong></span> <span class='ocrx_word' id='word_1_287' title='bbox 842 2766 911 2827; x_wconf 88' lang='lat' dir='ltr'><strong>in</strong></span> <span class='ocrx_word' id='word_1_288' title='bbox 942 2784 1188 2828; x_wconf 85' lang='lat' dir='ltr'><strong>carnem</strong></span> <span class='ocrx_word' id='word_1_289' title='bbox 1218 2767 1472 2829; x_wconf 87' lang='lat' dir='ltr'><strong>Domini</strong></span> <span class='ocrx_word' id='word_1_290' title='bbox 1498 2789 1518 2828; x_wconf 91' lang='lat'><strong><em>:</em></strong></span> <span class='ocrx_word' id='word_1_291' title='bbox 1549 2777 1606 2830; x_wconf 86' lang='lat' dir='ltr'><strong>et</strong></span> <span class='ocrx_word' id='word_1_292' title='bbox 1637 2786 1860 2846; x_wconf 87' lang='lat' dir='ltr'><strong>panem</strong></span> <span class='ocrx_word' id='word_1_293' title='bbox 1917 2771 1985 2831; x_wconf 87' lang='lat' dir='ltr'><strong>in</strong></span> <span class='ocrx_word' id='word_1_294' title='bbox 2040 2788 2289 2832; x_wconf 88' lang='lat' dir='ltr'><strong>carnem</strong></span> <span class='ocrx_word' id='word_1_295' title='bbox 2335 2768 2590 2829; x_wconf 86' lang='lat' dir='ltr'><strong>Domini</strong></span> <span class='ocrx_word' id='word_1_296' title='bbox 2619 2768 2878 2835; x_wconf 84' lang='lat' dir='ltr'><strong>mutari,</strong></span> <span class='ocrx_word' id='word_1_297' title='bbox 2911 2766 3059 2827; x_wconf 82' lang='lat' dir='ltr'><strong>licet</strong></span> <span class='ocrx_word' id='word_1_298' title='bbox 3105 2764 3252 2827; x_wconf 87' lang='lat' dir='ltr'><strong>talis</strong></span> <span class='ocrx_word' id='word_1_299' title='bbox 3310 2764 3491 2826; x_wconf 85' lang='lat' dir='ltr'><strong>nobis</strong></span> <span class='ocrx_word' id='word_1_300' title='bbox 3550 2771 3857 2843; x_wconf 83' lang='lat' dir='ltr'><strong>appareat</strong></span> 
     </span>
    </p>
   </div>
   <div class='ocr_carea' id='block_1_27' title="bbox 600 2861 3855 2945">
    <p class='ocr_par' dir='ltr' id='par_1_27' title="bbox 600 2861 3855 2945">
     <span class='ocr_line' id='line_1_27' title="bbox 600 2861 3855 2945; baseline 0.001 -25"><span class='ocrx_word' id='word_1_301' title='bbox 600 2862 903 2939; x_wconf 78' lang='lat' dir='ltr'><strong>mysticus</strong></span> <span class='ocrx_word' id='word_1_302' title='bbox 935 2861 1131 2936; x_wconf 86' lang='lat' dir='ltr'><strong>cibus,</strong></span> <span class='ocrx_word' id='word_1_303' title='bbox 1163 2862 1452 2942; x_wconf 85' lang='lat' dir='ltr'><strong>qualibus</strong></span> <span class='ocrx_word' id='word_1_304' title='bbox 1507 2863 1746 2944; x_wconf 83' lang='lat' dir='ltr'><strong>alioqui</strong></span> <span class='ocrx_word' id='word_1_305' title='bbox 1777 2867 2010 2927; x_wconf 84' lang='lat' dir='ltr'><strong>assueti</strong></span> <span class='ocrx_word' id='word_1_306' title='bbox 2057 2885 2292 2929; x_wconf 84' lang='lat' dir='ltr'><strong>sumus.</strong></span> <span class='ocrx_word' id='word_1_307' title='bbox 2325 2869 2481 2929; x_wconf 80' lang='lat' dir='ltr'><strong>Rem</strong></span> <span class='ocrx_word' id='word_1_308' title='bbox 2517 2865 2682 2928; x_wconf 84' lang='lat' dir='ltr'><strong>hanc</strong></span> <span class='ocrx_word' id='word_1_309' title='bbox 2720 2862 3015 2945; x_wconf 85' lang='lat' dir='ltr'><strong>patefacit</strong></span> <span class='ocrx_word' id='word_1_310' title='bbox 3066 2863 3133 2926; x_wconf 85' lang='lat' dir='ltr'><strong>in</strong></span> <span class='ocrx_word' id='word_1_311' title='bbox 3169 2863 3394 2926; x_wconf 87' lang='lat' dir='ltr'><strong>eodem</strong></span> <span class='ocrx_word' id='word_1_312' title='bbox 3452 2862 3526 2924; x_wconf 91' lang='lat' dir='ltr'><strong>ad</strong></span> <span class='ocrx_word' id='word_1_313' title='bbox 3569 2871 3855 2923; x_wconf 90' lang='lat' dir='ltr'><strong>sanctum</strong></span> 
     </span>
    </p>
   </div>
   <div class='ocr_carea' id='block_1_28' title="bbox 604 2956 3859 3042">
    <p class='ocr_par' dir='ltr' id='par_1_28' title="bbox 604 2956 3859 3042">
     <span class='ocr_line' id='line_1_28' title="bbox 604 2956 3859 3042; baseline -0 -24"><span class='ocrx_word' id='word_1_314' title='bbox 604 2957 885 3019; x_wconf 79' lang='lat' dir='ltr'><strong>Marcum</strong></span> <span class='ocrx_word' id='word_1_315' title='bbox 917 2956 1057 3020; x_wconf 85' lang='lat' dir='ltr'><strong>loco</strong></span> <span class='ocrx_word' id='word_1_316' title='bbox 1116 2965 1476 3024; x_wconf 81' lang='lat' dir='ltr'><strong>contextus.</strong></span> <span class='ocrx_word' id='word_1_317' title='bbox 1513 2961 1679 3023; x_wconf 87' lang='lat' dir='ltr'><strong>Dicit</strong></span> <span class='ocrx_word' id='word_1_318' title='bbox 1712 2962 1884 3022; x_wconf 90' lang='lat' dir='ltr'><strong>enim</strong></span> <span class='ocrx_word' id='word_1_319' title='bbox 1916 2962 2440 3042; x_wconf 83' lang='lat' dir='ltr'><strong>archiepiscopus</strong></span> <span class='ocrx_word' id='word_1_320' title='bbox 2477 2981 2700 3042; x_wconf 85' lang='lat' dir='ltr'><strong>panem</strong></span> <span class='ocrx_word' id='word_1_321' title='bbox 2741 2980 2869 3022; x_wconf 89' lang='lat' dir='ltr'><strong>non</strong></span> <span class='ocrx_word' id='word_1_322' title='bbox 2901 2980 3026 3022; x_wconf 89' lang='lat' dir='ltr'><strong>esse</strong></span> <span class='ocrx_word' id='word_1_323' title='bbox 3081 2963 3349 3042; x_wconf 83' lang='lat' dir='ltr'><strong>ﬁguram</strong></span> <span class='ocrx_word' id='word_1_324' title='bbox 3419 2969 3475 3022; x_wconf 86' lang='lat' dir='ltr'><strong>et</strong></span> <span class='ocrx_word' id='word_1_325' title='bbox 3533 2957 3859 3039; x_wconf 68' lang='lat' dir='ltr'><strong>exemplar</strong></span> 
     </span>
    </p>
   </div>
   <div class='ocr_carea' id='block_1_29' title="bbox 601 3051 3860 3138">
    <p class='ocr_par' dir='ltr' id='par_1_29' title="bbox 601 3051 3860 3138">
     <span class='ocr_line' id='line_1_29' title="bbox 601 3051 3860 3138; baseline 0.001 -24"><span class='ocrx_word' id='word_1_326' title='bbox 601 3051 911 3134; x_wconf 82' lang='lat' dir='ltr'><strong>quoddam</strong></span> <span class='ocrx_word' id='word_1_327' title='bbox 951 3054 1266 3116; x_wconf 86' lang='lat' dir='ltr'><strong>Dominici</strong></span> <span class='ocrx_word' id='word_1_328' title='bbox 1319 3057 1630 3135; x_wconf 88' lang='lat' dir='ltr'><strong>corporis,</strong></span> <span class='ocrx_word' id='word_1_329' title='bbox 1662 3058 1797 3128; x_wconf 89' lang='lat' dir='ltr'><strong>sed,</strong></span> <span class='ocrx_word' id='word_1_330' title='bbox 1832 3059 1902 3120; x_wconf 88' lang='lat' dir='ltr'><strong>in</strong></span> <span class='ocrx_word' id='word_1_331' title='bbox 1929 3059 2133 3138; x_wconf 90' lang='lat' dir='ltr'><strong>ipsum</strong></span> <span class='ocrx_word' id='word_1_332' title='bbox 2166 3059 2446 3120; x_wconf 74' lang='lat' dir='ltr'><strong>converti</strong></span> <span class='ocrx_word' id='word_1_333' title='bbox 2482 3076 2712 3138; x_wconf 88' lang='lat' dir='ltr'><strong>corpus</strong></span> <span class='ocrx_word' id='word_1_334' title='bbox 2745 3057 3011 3121; x_wconf 82' lang='lat' dir='ltr'><strong>Christi.</strong></span> <span class='ocrx_word' id='word_1_335' title='bbox 3047 3057 3241 3119; x_wconf 83' lang='lat' dir='ltr'><strong>Addit</strong></span> <span class='ocrx_word' id='word_1_336' title='bbox 3270 3057 3406 3133; x_wconf 89' lang='lat' dir='ltr'><strong>ille,</strong></span> <span class='ocrx_word' id='word_1_337' title='bbox 3438 3075 3688 3118; x_wconf 90' lang='lat' dir='ltr'><strong>carnem</strong></span> <span class='ocrx_word' id='word_1_338' title='bbox 3719 3057 3860 3136; x_wconf 87' lang='lat' dir='ltr'><strong>qui-</strong></span> 
     </span>
    </p>
   </div>
   <div class='ocr_carea' id='block_1_30' title="bbox 603 3149 3858 3235">
    <p class='ocr_par' dir='ltr' id='par_1_30' title="bbox 603 3149 3858 3235">
     <span class='ocr_line' id='line_1_30' title="bbox 603 3149 3858 3235; baseline 0.001 -25"><span class='ocrx_word' id='word_1_339' title='bbox 603 3149 738 3210; x_wconf 85' lang='lat' dir='ltr'><strong>dem</strong></span> <span class='ocrx_word' id='word_1_340' title='bbox 766 3167 892 3209; x_wconf 82' lang='lat' dir='ltr'><strong>non</strong></span> <span class='ocrx_word' id='word_1_341' title='bbox 928 3149 1152 3222; x_wconf 76' lang='lat' dir='ltr'><strong>videri,</strong></span> <span class='ocrx_word' id='word_1_342' title='bbox 1196 3152 1307 3212; x_wconf 92' lang='lat' dir='ltr'><strong>sed</strong></span> <span class='ocrx_word' id='word_1_343' title='bbox 1339 3163 1611 3230; x_wconf 85' lang='lat' dir='ltr'><strong>propter</strong></span> <span class='ocrx_word' id='word_1_344' title='bbox 1637 3163 1918 3214; x_wconf 86' lang='lat' dir='ltr'><strong>nostram</strong></span> <span class='ocrx_word' id='word_1_345' title='bbox 1945 3154 2372 3234; x_wconf 76' lang='lat' dir='ltr'><strong>inﬁrmitatem</strong></span> <span class='ocrx_word' id='word_1_346' title='bbox 2400 3154 2575 3216; x_wconf 84' lang='lat' dir='ltr'><strong>istud</strong></span> <span class='ocrx_word' id='word_1_347' title='bbox 2605 3155 2764 3226; x_wconf 79' lang='lat' dir='ltr'><strong>ﬁeri,</strong></span> <span class='ocrx_word' id='word_1_348' title='bbox 2799 3155 3104 3235; x_wconf 88' lang='lat' dir='ltr'><strong>quoniam</strong></span> <span class='ocrx_word' id='word_1_349' title='bbox 3136 3153 3216 3216; x_wconf 92' lang='lat' dir='ltr'><strong>ab</strong></span> <span class='ocrx_word' id='word_1_350' title='bbox 3254 3171 3371 3215; x_wconf 90' lang='lat' dir='ltr'><strong>esu</strong></span> <span class='ocrx_word' id='word_1_351' title='bbox 3403 3153 3614 3216; x_wconf 91' lang='lat' dir='ltr'><strong>carnis</strong></span> <span class='ocrx_word' id='word_1_352' title='bbox 3648 3153 3858 3215; x_wconf 84' lang='lat' dir='ltr'><strong>homi-</strong></span> 
     </span>
    </p>
   </div>
   <div class='ocr_carea' id='block_1_31' title="bbox 603 3245 3854 3332">
    <p class='ocr_par' dir='ltr' id='par_1_31' title="bbox 603 3245 3854 3332">
     <span class='ocr_line' id='line_1_31' title="bbox 603 3245 3854 3332; baseline 0.002 -27"><span class='ocrx_word' id='word_1_353' title='bbox 603 3245 706 3306; x_wconf 81' lang='lat' dir='ltr'><strong>nis</strong></span> <span class='ocrx_word' id='word_1_354' title='bbox 731 3253 792 3307; x_wconf 89' lang='lat' dir='ltr'><strong>et</strong></span> <span class='ocrx_word' id='word_1_355' title='bbox 817 3246 1154 3325; x_wconf 60' lang='lat' dir='ltr'><strong>sangu&#39;nis</strong></span> <span class='ocrx_word' id='word_1_356' title='bbox 1192 3256 1339 3326; x_wconf 85' lang='lat' dir='ltr'><strong>potu</strong></span> <span class='ocrx_word' id='word_1_357' title='bbox 1367 3249 1812 3311; x_wconf 89' lang='lat' dir='ltr'><strong>abhorremns.</strong></span> <span class='ocrx_word' id='word_1_358' title='bbox 1853 3251 2147 3328; x_wconf 87' lang='lat' dir='ltr'><strong>Denique</strong></span> <span class='ocrx_word' id='word_1_359' title='bbox 2178 3249 2535 3326; x_wconf 91' lang='lat' dir='ltr'><strong>concludit,</strong></span> <span class='ocrx_word' id='word_1_360' title='bbox 2572 3254 2842 3332; x_wconf 87' lang='lat' dir='ltr'><strong>speciem</strong></span> <span class='ocrx_word' id='word_1_361' title='bbox 2873 3253 3058 3332; x_wconf 90' lang='lat' dir='ltr'><strong>panis</strong></span> <span class='ocrx_word' id='word_1_362' title='bbox 3090 3260 3149 3312; x_wconf 92' lang='lat' dir='ltr'><strong>et</strong></span> <span class='ocrx_word' id='word_1_363' title='bbox 3177 3251 3312 3312; x_wconf 78' lang='lat' dir='ltr'><strong>vini</strong></span> <span class='ocrx_word' id='word_1_364' title='bbox 3341 3251 3605 3324; x_wconf 73' lang='lat' dir='ltr'><strong>servari,</strong></span> <span class='ocrx_word' id='word_1_365' title='bbox 3632 3251 3743 3312; x_wconf 90' lang='lat' dir='ltr'><strong>sed</strong></span> <span class='ocrx_word' id='word_1_366' title='bbox 3784 3251 3854 3310; x_wconf 83' lang='lat' dir='ltr'><strong>in</strong></span> 
     </span>
    </p>
   </div>
   <div class='ocr_carea' id='block_1_32' title="bbox 603 3344 3858 3428">
    <p class='ocr_par' dir='ltr' id='par_1_32' title="bbox 603 3344 3858 3428">
     <span class='ocr_line' id='line_1_32' title="bbox 603 3344 3858 3428; baseline 0.003 -29"><span class='ocrx_word' id='word_1_367' title='bbox 603 3344 902 3403; x_wconf 73' lang='lat' dir='ltr'><strong>virtutem</strong></span> <span class='ocrx_word' id='word_1_368' title='bbox 933 3344 1142 3403; x_wconf 86' lang='lat' dir='ltr'><strong>carnis</strong></span> <span class='ocrx_word' id='word_1_369' title='bbox 1170 3353 1222 3402; x_wconf 86' lang='lat' dir='ltr'><strong>et</strong></span> <span class='ocrx_word' id='word_1_370' title='bbox 1251 3346 1574 3421; x_wconf 86' lang='lat' dir='ltr'><strong>sanguinis</strong></span> <span class='ocrx_word' id='word_1_371' title='bbox 1597 3347 2134 3409; x_wconf 80' lang='lat' dir='ltr'><strong>transelemmtari</strong></span> <span class='ocrx_word' id='word_1_372' title='bbox 2153 3364 2378 3428; x_wconf 88' lang='lat' dir='ltr'><strong>panem</strong></span> <span class='ocrx_word' id='word_1_373' title='bbox 2408 3358 2465 3408; x_wconf 91' lang='lat' dir='ltr'><strong>et</strong></span> <span class='ocrx_word' id='word_1_374' title='bbox 2495 3351 2727 3411; x_wconf 85' lang='lat' dir='ltr'><strong>vinum.</strong></span> <span class='ocrx_word' id='word_1_375' title='bbox 2760 3349 2922 3424; x_wconf 89' lang='lat' dir='ltr'><strong>Quis</strong></span> <span class='ocrx_word' id='word_1_376' title='bbox 2953 3348 3116 3410; x_wconf 88' lang='lat' dir='ltr'><strong>hanc</strong></span> <span class='ocrx_word' id='word_1_377' title='bbox 3145 3350 3440 3410; x_wconf 80' lang='lat' dir='ltr'><strong>virtutem</strong></span> <span class='ocrx_word' id='word_1_378' title='bbox 3465 3346 3858 3411; x_wconf 80' lang='lat' dir='ltr'><strong>intellexerit</strong></span> 
     </span>
    </p>
   </div>
   <div class='ocr_carea' id='block_1_33' title="bbox 602 3439 1296 3519">
    <p class='ocr_par' dir='ltr' id='par_1_33' title="bbox 602 3439 1296 3519">
     <span class='ocr_line' id='line_1_33' title="bbox 602 3439 1296 3519; baseline 0 -20"><span class='ocrx_word' id='word_1_379' title='bbox 602 3439 858 3500; x_wconf 80' lang='lat' dir='ltr'><strong>veritati</strong></span> <span class='ocrx_word' id='word_1_380' title='bbox 887 3441 1241 3519; x_wconf 79' lang='lat' dir='ltr'><strong>Oppositum</strong></span> <span class='ocrx_word' id='word_1_381' title='bbox 1269 3443 1296 3499; x_wconf 80' lang='lat' dir='ltr'><strong>‘I</strong></span> 
     </span>
    </p>
   </div>
   <div class='ocr_carea' id='block_1_34' title="bbox 680 3536 3855 3622">
    <p class='ocr_par' dir='ltr' id='par_1_34' title="bbox 680 3536 3855 3622">
     <span class='ocr_line' id='line_1_34' title="bbox 680 3536 3855 3622; baseline 0.002 -24"><span class='ocrx_word' id='word_1_382' title='bbox 680 3536 817 3598; x_wconf 89' lang='lat' dir='ltr'><strong>lmo</strong></span> <span class='ocrx_word' id='word_1_383' title='bbox 850 3537 1114 3615; x_wconf 77' lang='lat' dir='ltr'><strong>speciem</strong></span> <span class='ocrx_word' id='word_1_384' title='bbox 1134 3538 1318 3615; x_wconf 86' lang='lat' dir='ltr'><strong>panis</strong></span> <span class='ocrx_word' id='word_1_385' title='bbox 1356 3546 1412 3598; x_wconf 88' lang='lat' dir='ltr'><strong>et</strong></span> <span class='ocrx_word' id='word_1_386' title='bbox 1443 3539 1598 3612; x_wconf 84' lang='lat' dir='ltr'><strong>vini,</strong></span> <span class='ocrx_word' id='word_1_387' title='bbox 1633 3541 1886 3617; x_wconf 88' lang='lat' dir='ltr'><strong>reponit</strong></span> <span class='ocrx_word' id='word_1_388' title='bbox 1915 3539 2315 3616; x_wconf 83' lang='lat' dir='ltr'><strong>Albertinus,</strong></span> <span class='ocrx_word' id='word_1_389' title='bbox 2341 3545 2409 3606; x_wconf 89' lang='lat' dir='ltr'><strong>in</strong></span> <span class='ocrx_word' id='word_1_390' title='bbox 2437 3543 2957 3604; x_wconf 81' lang='lat' dir='ltr'><strong>virtutemcarnis</strong></span> <span class='ocrx_word' id='word_1_391' title='bbox 2988 3550 3045 3604; x_wconf 86' lang='lat' dir='ltr'><strong>et</strong></span> <span class='ocrx_word' id='word_1_392' title='bbox 3067 3543 3422 3621; x_wconf 88' lang='lat' dir='ltr'><strong>sanguinis,</strong></span> <span class='ocrx_word' id='word_1_393' title='bbox 3437 3542 3620 3622; x_wconf 90' lang='lat' dir='ltr'><strong>juxta</strong></span> <span class='ocrx_word' id='word_1_394' title='bbox 3650 3541 3855 3605; x_wconf 82' lang='lat' dir='ltr'><strong>Theo-</strong></span> 
     </span>
    </p>
   </div>
   <div class='ocr_carea' id='block_1_35' title="bbox 606 3629 3852 3714">
    <p class='ocr_par' dir='ltr' id='par_1_35' title="bbox 606 3629 3852 3714">
     <span class='ocr_line' id='line_1_35' title="bbox 606 3629 3852 3714; baseline 0.003 -25"><span class='ocrx_word' id='word_1_395' title='bbox 606 3629 996 3710; x_wconf 83' lang='lat' dir='ltr'><strong>phylactum,</strong></span> <span class='ocrx_word' id='word_1_396' title='bbox 1040 3632 1584 3696; x_wconf 86' lang='lat' dir='ltr'><strong>transelementari</strong></span> <span class='ocrx_word' id='word_1_397' title='bbox 1617 3656 1634 3696; x_wconf 92' lang='lat'><strong><em>:</em></strong></span> <span class='ocrx_word' id='word_1_398' title='bbox 1666 3654 1811 3714; x_wconf 80' lang='lat' dir='ltr'><strong>qum</strong></span> <span class='ocrx_word' id='word_1_399' title='bbox 1845 3652 1970 3698; x_wconf 90' lang='lat' dir='ltr'><strong>non</strong></span> <span class='ocrx_word' id='word_1_400' title='bbox 2004 3636 2129 3698; x_wconf 88' lang='lat' dir='ltr'><strong>alia</strong></span> <span class='ocrx_word' id='word_1_401' title='bbox 2161 3644 2280 3711; x_wconf 91' lang='lat' dir='ltr'><strong>est,</strong></span> <span class='ocrx_word' id='word_1_402' title='bbox 2313 3637 2438 3698; x_wconf 90' lang='lat' dir='ltr'><strong>nisi</strong></span> <span class='ocrx_word' id='word_1_403' title='bbox 2478 3640 2760 3712; x_wconf 79' lang='lat' dir='ltr'><strong>virtutis,</strong></span> <span class='ocrx_word' id='word_1_404' title='bbox 2805 3646 2920 3700; x_wconf 81' lang='lat' dir='ltr'><strong>ant-</strong></span> <span class='ocrx_word' id='word_1_405' title='bbox 2940 3639 3008 3700; x_wconf 90' lang='lat' dir='ltr'><strong>in</strong></span> <span class='ocrx_word' id='word_1_406' title='bbox 3039 3639 3338 3700; x_wconf 80' lang='lat' dir='ltr'><strong>virtutem</strong></span> <span class='ocrx_word' id='word_1_407' title='bbox 3375 3640 3852 3700; x_wconf 88' lang='lat' dir='ltr'><strong>transmutatio.</strong></span> 
     </span>
    </p>
   </div>
   <div class='ocr_carea' id='block_1_36' title="bbox 602 3730 3854 3817">
    <p class='ocr_par' dir='ltr' id='par_1_36' title="bbox 602 3730 3854 3817">
     <span class='ocr_line' id='line_1_36' title="bbox 602 3730 3854 3817; baseline 0.002 -27"><span class='ocrx_word' id='word_1_408' title='bbox 602 3731 738 3792; x_wconf 88' lang='lat' dir='ltr'><strong>lmo</strong></span> <span class='ocrx_word' id='word_1_409' title='bbox 770 3730 847 3793; x_wconf 89' lang='lat' dir='ltr'><strong>de</strong></span> <span class='ocrx_word' id='word_1_410' title='bbox 877 3730 1210 3791; x_wconf 76' lang='lat' dir='ltr'><strong>subtantice</strong></span> <span class='ocrx_word' id='word_1_411' title='bbox 1279 3731 1464 3809; x_wconf 85' lang='lat' dir='ltr'><strong>panis</strong></span> <span class='ocrx_word' id='word_1_412' title='bbox 1536 3739 1597 3794; x_wconf 89' lang='lat' dir='ltr'><strong>et</strong></span> <span class='ocrx_word' id='word_1_413' title='bbox 1653 3734 1782 3795; x_wconf 86' lang='lat' dir='ltr'><strong>vini</strong></span> <span class='ocrx_word' id='word_1_414' title='bbox 1846 3730 2494 3797; x_wconf 82' lang='lat' dir='ltr'><strong>transelcmentatione</strong></span> <span class='ocrx_word' id='word_1_415' title='bbox 2550 3736 2986 3798; x_wconf 88' lang='lat' dir='ltr'><strong>disertissime</strong></span> <span class='ocrx_word' id='word_1_416' title='bbox 3023 3753 3212 3817; x_wconf 88' lang='lat' dir='ltr'><strong>agere</strong></span> <span class='ocrx_word' id='word_1_417' title='bbox 3274 3736 3854 3816; x_wconf 82' lang='lat' dir='ltr'><strong>Theophylactnm,</strong></span> 
     </span>
    </p>
   </div>
   <div class='ocr_carea' id='block_1_37' title="bbox 601 3823 3854 3912">
    <p class='ocr_par' dir='ltr' id='par_1_37' title="bbox 601 3823 3854 3912">
     <span class='ocr_line' id='line_1_37' title="bbox 601 3823 3854 3912; baseline 0.002 -26"><span class='ocrx_word' id='word_1_418' title='bbox 601 3823 833 3906; x_wconf 89' lang='lat' dir='ltr'><strong>inquio</strong></span> <span class='ocrx_word' id='word_1_419' title='bbox 897 3843 1056 3906; x_wconf 83' lang='lat' dir='ltr'><strong>ego,</strong></span> <span class='ocrx_word' id='word_1_420' title='bbox 1119 3829 1522 3891; x_wconf 87' lang='lat' dir='ltr'><strong>consentient</strong></span> <span class='ocrx_word' id='word_1_421' title='bbox 1614 3830 1764 3891; x_wconf 89' lang='lat' dir='ltr'><strong>boni</strong></span> <span class='ocrx_word' id='word_1_422' title='bbox 1823 3847 2058 3892; x_wconf 85' lang='lat' dir='ltr'><strong>sensus</strong></span> <span class='ocrx_word' id='word_1_423' title='bbox 2118 3831 2329 3909; x_wconf 88' lang='lat' dir='ltr'><strong>[LVII]</strong></span> <span class='ocrx_word' id='word_1_424' title='bbox 2417 3847 2668 3894; x_wconf 90' lang='lat' dir='ltr'><strong>omnes.</strong></span> <span class='ocrx_word' id='word_1_425' title='bbox 2758 3831 3248 3911; x_wconf 82' lang='lat' dir='ltr'><strong>Archiepisc0pi</strong></span> <span class='ocrx_word' id='word_1_426' title='bbox 3321 3849 3624 3912; x_wconf 88' lang='lat' dir='ltr'><strong>namque,</strong></span> <span class='ocrx_word' id='word_1_427' title='bbox 3704 3848 3854 3893; x_wconf 83' lang='lat' dir='ltr'><strong>sana</strong></span> 
     </span>
    </p>
   </div>
   <div class='ocr_carea' id='block_1_38' title="bbox 601 3924 3858 4010">
    <p class='ocr_par' dir='ltr' id='par_1_38' title="bbox 601 3924 3858 4010">
     <span class='ocr_line' id='line_1_38' title="bbox 601 3924 3858 4010; baseline 0.002 -28"><span class='ocrx_word' id='word_1_428' title='bbox 601 3931 813 3984; x_wconf 87' lang='lat' dir='ltr'><strong>mente</strong></span> <span class='ocrx_word' id='word_1_429' title='bbox 844 3925 898 3984; x_wconf 92' lang='lat' dir='ltr'><strong>si</strong></span> <span class='ocrx_word' id='word_1_430' title='bbox 936 3924 1121 3986; x_wconf 86' lang='lat' dir='ltr'><strong>verba</strong></span> <span class='ocrx_word' id='word_1_431' title='bbox 1155 3925 1292 4004; x_wconf 88' lang='lat' dir='ltr'><strong>ejus</strong></span> <span class='ocrx_word' id='word_1_432' title='bbox 1329 3928 1796 4005; x_wconf 86' lang='lat' dir='ltr'><strong>expendantur,</strong></span> <span class='ocrx_word' id='word_1_433' title='bbox 1839 3927 2159 3988; x_wconf 87' lang='lat' dir='ltr'><strong>sententia</strong></span> <span class='ocrx_word' id='word_1_434' title='bbox 2212 3935 2310 3989; x_wconf 82' lang='lat' dir='ltr'><strong>est</strong></span> <span class='ocrx_word' id='word_1_435' title='bbox 2341 3951 2354 3988; x_wconf 90' lang='lat'><strong>:</strong></span> <span class='ocrx_word' id='word_1_436' title='bbox 2392 3928 2643 4004; x_wconf 86' lang='lat' dir='ltr'><strong>Panem,</strong></span> <span class='ocrx_word' id='word_1_437' title='bbox 2678 3947 2855 4010; x_wconf 86' lang='lat' dir='ltr'><strong>quem</strong></span> <span class='ocrx_word' id='word_1_438' title='bbox 2911 3929 3218 3990; x_wconf 88' lang='lat' dir='ltr'><strong>Dominus</strong></span> <span class='ocrx_word' id='word_1_439' title='bbox 3256 3929 3525 3990; x_wconf 87' lang='lat' dir='ltr'><strong>daturus</strong></span> <span class='ocrx_word' id='word_1_440' title='bbox 3578 3935 3690 4002; x_wconf 86' lang='lat' dir='ltr'><strong>est,</strong></span> <span class='ocrx_word' id='word_1_441' title='bbox 3729 3945 3858 3987; x_wconf 88' lang='lat' dir='ltr'><strong>non</strong></span> 
     </span>
    </p>
   </div>
   <div class='ocr_carea' id='block_1_39' title="bbox 603 4019 3857 4105">
    <p class='ocr_par' dir='ltr' id='par_1_39' title="bbox 603 4019 3857 4105">
     <span class='ocr_line' id='line_1_39' title="bbox 603 4019 3857 4105; baseline 0.002 -29"><span class='ocrx_word' id='word_1_442' title='bbox 603 4037 729 4078; x_wconf 83' lang='lat' dir='ltr'><strong>esse</strong></span> <span class='ocrx_word' id='word_1_443' title='bbox 756 4019 1022 4099; x_wconf 77' lang='lat' dir='ltr'><strong>ﬁguram</strong></span> <span class='ocrx_word' id='word_1_444' title='bbox 1048 4024 1258 4082; x_wconf 87' lang='lat' dir='ltr'><strong>carnis</strong></span> <span class='ocrx_word' id='word_1_445' title='bbox 1298 4025 1453 4104; x_wconf 81' lang='lat' dir='ltr'><strong>ejus,</strong></span> <span class='ocrx_word' id='word_1_446' title='bbox 1479 4024 1584 4084; x_wconf 86' lang='lat' dir='ltr'><strong>sed</strong></span> <span class='ocrx_word' id='word_1_447' title='bbox 1615 4026 1746 4104; x_wconf 83' lang='lat' dir='ltr'><strong>ejus</strong></span> <span class='ocrx_word' id='word_1_448' title='bbox 1778 4042 1986 4084; x_wconf 80' lang='lat' dir='ltr'><strong>veram</strong></span> <span class='ocrx_word' id='word_1_449' title='bbox 2022 4041 2301 4092; x_wconf 87' lang='lat' dir='ltr'><strong>carnem;</strong></span> <span class='ocrx_word' id='word_1_450' title='bbox 2334 4043 2582 4086; x_wconf 88' lang='lat' dir='ltr'><strong>carnem</strong></span> <span class='ocrx_word' id='word_1_451' title='bbox 2626 4025 2873 4105; x_wconf 82' lang='lat' dir='ltr'><strong>quidem</strong></span> <span class='ocrx_word' id='word_1_452' title='bbox 2926 4042 3055 4086; x_wconf 87' lang='lat' dir='ltr'><strong>non</strong></span> <span class='ocrx_word' id='word_1_453' title='bbox 3093 4023 3323 4097; x_wconf 82' lang='lat' dir='ltr'><strong>videri,</strong></span> <span class='ocrx_word' id='word_1_454' title='bbox 3349 4025 3644 4105; x_wconf 90' lang='lat' dir='ltr'><strong>quoniam</strong></span> <span class='ocrx_word' id='word_1_455' title='bbox 3676 4024 3857 4100; x_wconf 77' lang='lat' dir='ltr'><strong>inﬁr-</strong></span> 
     </span>
    </p>
   </div>
   <div class='ocr_carea' id='block_1_40' title="bbox 599 4119 3857 4201">
    <p class='ocr_par' dir='ltr' id='par_1_40' title="bbox 599 4119 3857 4201">
     <span class='ocr_line' id='line_1_40' title="bbox 599 4119 3857 4201; baseline 0.002 -27"><span class='ocrx_word' id='word_1_456' title='bbox 599 4119 809 4178; x_wconf 85' lang='lat' dir='ltr'><strong>mitati</strong></span> <span class='ocrx_word' id='word_1_457' title='bbox 840 4129 1092 4191; x_wconf 65' lang='lat' dir='ltr'><strong>nostra,</strong></span> <span class='ocrx_word' id='word_1_458' title='bbox 1127 4140 1263 4180; x_wconf 89' lang='lat' dir='ltr'><strong>cum</strong></span> <span class='ocrx_word' id='word_1_459' title='bbox 1286 4121 1359 4182; x_wconf 91' lang='lat' dir='ltr'><strong>ab</strong></span> <span class='ocrx_word' id='word_1_460' title='bbox 1391 4140 1497 4181; x_wconf 89' lang='lat' dir='ltr'><strong>esu</strong></span> <span class='ocrx_word' id='word_1_461' title='bbox 1529 4120 1738 4182; x_wconf 74' lang='lat' dir='ltr'><strong>cruda:</strong></span> <span class='ocrx_word' id='word_1_462' title='bbox 1761 4123 1972 4183; x_wconf 85' lang='lat' dir='ltr'><strong>carnis</strong></span> <span class='ocrx_word' id='word_1_463' title='bbox 1999 4129 2056 4183; x_wconf 88' lang='lat' dir='ltr'><strong>et</strong></span> <span class='ocrx_word' id='word_1_464' title='bbox 2078 4123 2406 4201; x_wconf 88' lang='lat' dir='ltr'><strong>sanguinis</strong></span> <span class='ocrx_word' id='word_1_465' title='bbox 2437 4125 2690 4184; x_wconf 87' lang='lat' dir='ltr'><strong>humani</strong></span> <span class='ocrx_word' id='word_1_466' title='bbox 2711 4132 2902 4200; x_wconf 87' lang='lat' dir='ltr'><strong>potus</strong></span> <span class='ocrx_word' id='word_1_467' title='bbox 2935 4122 3405 4192; x_wconf 85' lang='lat' dir='ltr'><strong>abhorreamus,</strong></span> <span class='ocrx_word' id='word_1_468' title='bbox 3443 4121 3773 4198; x_wconf 79' lang='lat' dir='ltr'><strong>indulgens</strong></span> <span class='ocrx_word' id='word_1_469' title='bbox 3799 4131 3857 4181; x_wconf 86' lang='lat' dir='ltr'><strong>et</strong></span> 
     </span>
    </p>
   </div>
   <div class='ocr_carea' id='block_1_41' title="bbox 601 4213 3853 4299">
    <p class='ocr_par' dir='ltr' id='par_1_41' title="bbox 601 4213 3853 4299">
     <span class='ocr_line' id='line_1_41' title="bbox 601 4213 3853 4299; baseline 0.001 -26"><span class='ocrx_word' id='word_1_470' title='bbox 601 4213 1095 4277; x_wconf 86' lang='lat' dir='ltr'><strong>condescendens</strong></span> <span class='ocrx_word' id='word_1_471' title='bbox 1128 4218 1450 4291; x_wconf 86' lang='lat' dir='ltr'><strong>Dominus,</strong></span> <span class='ocrx_word' id='word_1_472' title='bbox 1495 4222 1762 4298; x_wconf 86' lang='lat' dir='ltr'><strong>speciem</strong></span> <span class='ocrx_word' id='word_1_473' title='bbox 1783 4218 2029 4298; x_wconf 89' lang='lat' dir='ltr'><strong>quidem</strong></span> <span class='ocrx_word' id='word_1_474' title='bbox 2059 4221 2244 4299; x_wconf 84' lang='lat' dir='ltr'><strong>panis</strong></span> <span class='ocrx_word' id='word_1_475' title='bbox 2267 4231 2334 4282; x_wconf 89' lang='lat' dir='ltr'><strong>.et</strong></span> <span class='ocrx_word' id='word_1_476' title='bbox 2374 4221 2509 4280; x_wconf 84' lang='lat' dir='ltr'><strong>vini</strong></span> <span class='ocrx_word' id='word_1_477' title='bbox 2545 4228 2777 4293; x_wconf 77' lang='lat' dir='ltr'><strong>servat,</strong></span> <span class='ocrx_word' id='word_1_478' title='bbox 2809 4219 2918 4280; x_wconf 83' lang='lat' dir='ltr'><strong>sed</strong></span> <span class='ocrx_word' id='word_1_479' title='bbox 2950 4221 3015 4280; x_wconf 88' lang='lat' dir='ltr'><strong>in</strong></span> <span class='ocrx_word' id='word_1_480' title='bbox 3043 4221 3344 4279; x_wconf 82' lang='lat' dir='ltr'><strong>virtutem</strong></span> <span class='ocrx_word' id='word_1_481' title='bbox 3375 4218 3585 4278; x_wconf 85' lang='lat' dir='ltr'><strong>carnis</strong></span> <span class='ocrx_word' id='word_1_482' title='bbox 3617 4227 3673 4278; x_wconf 84' lang='lat' dir='ltr'><strong>et</strong></span> <span class='ocrx_word' id='word_1_483' title='bbox 3701 4237 3853 4277; x_wconf 87' lang='lat' dir='ltr'><strong>san-</strong></span> 
     </span>
    </p>
   </div>
   <div class='ocr_carea' id='block_1_42' title="bbox 598 4314 3854 4394">
    <p class='ocr_par' dir='ltr' id='par_1_42' title="bbox 598 4314 3854 4394">
     <span class='ocr_line' id='line_1_42' title="bbox 598 4314 3854 4394; baseline 0.001 -22"><span class='ocrx_word' id='word_1_484' title='bbox 598 4314 811 4388; x_wconf 84' lang='lat' dir='ltr'><strong>guinis</strong></span> <span class='ocrx_word' id='word_1_485' title='bbox 841 4333 1065 4393; x_wconf 88' lang='lat' dir='ltr'><strong>panem</strong></span> <span class='ocrx_word' id='word_1_486' title='bbox 1102 4317 1308 4394; x_wconf 86' lang='lat' dir='ltr'><strong>ipsum</strong></span> <span class='ocrx_word' id='word_1_487' title='bbox 1355 4327 1411 4377; x_wconf 88' lang='lat' dir='ltr'><strong>et</strong></span> <span class='ocrx_word' id='word_1_488' title='bbox 1470 4319 1682 4378; x_wconf 79' lang='lat' dir='ltr'><strong>vinum</strong></span> <span class='ocrx_word' id='word_1_489' title='bbox 1721 4317 2250 4378; x_wconf 81' lang='lat' dir='ltr'><strong>transelementat.</strong></span> <span class='ocrx_word' id='word_1_490' title='bbox 2286 4317 2569 4379; x_wconf 90' lang='lat' dir='ltr'><strong>Dubium</strong></span> <span class='ocrx_word' id='word_1_491' title='bbox 2623 4316 2797 4377; x_wconf 90' lang='lat' dir='ltr'><strong>enim</strong></span> <span class='ocrx_word' id='word_1_492' title='bbox 2843 4316 3243 4388; x_wconf 85' lang='lat' dir='ltr'><strong>movebatur,</strong></span> <span class='ocrx_word' id='word_1_493' title='bbox 3305 4323 3643 4394; x_wconf 88' lang='lat' dir='ltr'><strong>propterea</strong></span> <span class='ocrx_word' id='word_1_494' title='bbox 3677 4315 3854 4394; x_wconf 89' lang='lat' dir='ltr'><strong>quod</strong></span> 
     </span>
    </p>
   </div>
   <div class='ocr_carea' id='block_1_43' title="bbox 600 4411 3855 4496">
    <p class='ocr_par' dir='ltr' id='par_1_43' title="bbox 600 4411 3855 4496">
     <span class='ocr_line' id='line_1_43' title="bbox 600 4411 3855 4496; baseline 0.001 -26"><span class='ocrx_word' id='word_1_495' title='bbox 600 4427 744 4472; x_wconf 88' lang='lat' dir='ltr'><strong>caro</strong></span> <span class='ocrx_word' id='word_1_496' title='bbox 779 4428 906 4474; x_wconf 91' lang='lat' dir='ltr'><strong>non</strong></span> <span class='ocrx_word' id='word_1_497' title='bbox 944 4413 1295 4490; x_wconf 81' lang='lat' dir='ltr'><strong>videretur,</strong></span> <span class='ocrx_word' id='word_1_498' title='bbox 1329 4424 1390 4477; x_wconf 89' lang='lat' dir='ltr'><strong>et</strong></span> <span class='ocrx_word' id='word_1_499' title='bbox 1450 4416 1630 4494; x_wconf 88' lang='lat' dir='ltr'><strong>panis</strong></span> <span class='ocrx_word' id='word_1_500' title='bbox 1679 4416 2044 4496; x_wconf 81' lang='lat' dir='ltr'><strong>apparebat.</strong></span> <span class='ocrx_word' id='word_1_501' title='bbox 2093 4415 2260 4476; x_wconf 86' lang='lat' dir='ltr'><strong>Hinc</strong></span> <span class='ocrx_word' id='word_1_502' title='bbox 2307 4429 2460 4474; x_wconf 89' lang='lat' dir='ltr'><strong>vero</strong></span> <span class='ocrx_word' id='word_1_503' title='bbox 2513 4411 2758 4474; x_wconf 91' lang='lat' dir='ltr'><strong>solutio</strong></span> <span class='ocrx_word' id='word_1_504' title='bbox 2797 4434 2811 4474; x_wconf 87' lang='lat'><strong>:</strong></span> <span class='ocrx_word' id='word_1_505' title='bbox 2845 4428 3099 4474; x_wconf 89' lang='lat' dir='ltr'><strong>carnem</strong></span> <span class='ocrx_word' id='word_1_506' title='bbox 3161 4428 3293 4474; x_wconf 91' lang='lat' dir='ltr'><strong>non</strong></span> <span class='ocrx_word' id='word_1_507' title='bbox 3342 4411 3575 4486; x_wconf 83' lang='lat' dir='ltr'><strong>videri,</strong></span> <span class='ocrx_word' id='word_1_508' title='bbox 3615 4414 3680 4474; x_wconf 89' lang='lat' dir='ltr'><strong>in</strong></span> <span class='ocrx_word' id='word_1_509' title='bbox 3715 4429 3855 4474; x_wconf 86' lang='lat' dir='ltr'><strong>eam</strong></span> 
     </span>
    </p>
   </div>
   <div class='ocr_carea' id='block_1_44' title="bbox 605 4509 2696 4589">
    <p class='ocr_par' dir='ltr' id='par_1_44' title="bbox 605 4509 2696 4589">
     <span class='ocr_line' id='line_1_44' title="bbox 605 4509 2696 4589; baseline 0.002 -22"><span class='ocrx_word' id='word_1_510' title='bbox 605 4509 1036 4572; x_wconf 87' lang='lat' dir='ltr'><strong>nihilominus</strong></span> <span class='ocrx_word' id='word_1_511' title='bbox 1069 4529 1293 4589; x_wconf 87' lang='lat' dir='ltr'><strong>panem</strong></span> <span class='ocrx_word' id='word_1_512' title='bbox 1331 4514 1917 4589; x_wconf 87' lang='lat' dir='ltr'><strong>transelementari,</strong></span> <span class='ocrx_word' id='word_1_513' title='bbox 1955 4520 2200 4575; x_wconf 88' lang='lat' dir='ltr'><strong>servata</strong></span> <span class='ocrx_word' id='word_1_514' title='bbox 2233 4511 2453 4588; x_wconf 89' lang='lat' dir='ltr'><strong>specie</strong></span> <span class='ocrx_word' id='word_1_515' title='bbox 2487 4509 2696 4586; x_wconf 84' lang='lat' dir='ltr'><strong>panis.</strong></span> 
     </span>
    </p>
   </div>
   <div class='ocr_carea' id='block_1_45' title="bbox 681 4610 3856 4691">
    <p class='ocr_par' dir='ltr' id='par_1_45' title="bbox 681 4610 3856 4691">
     <span class='ocr_line' id='line_1_45' title="bbox 681 4610 3856 4691; baseline 0 -18"><span class='ocrx_word' id='word_1_516' title='bbox 681 4611 808 4673; x_wconf 87' lang='lat' dir='ltr'><strong>Cur</strong></span> <span class='ocrx_word' id='word_1_517' title='bbox 836 4629 1012 4689; x_wconf 87' lang='lat' dir='ltr'><strong>ergo,</strong></span> <span class='ocrx_word' id='word_1_518' title='bbox 1078 4623 1400 4691; x_wconf 89' lang='lat' dir='ltr'><strong>reponunt</strong></span> <span class='ocrx_word' id='word_1_519' title='bbox 1448 4613 1852 4686; x_wconf 82' lang='lat' dir='ltr'><strong>heterodoxi,</strong></span> <span class='ocrx_word' id='word_1_520' title='bbox 1889 4631 2134 4687; x_wconf 88' lang='lat' dir='ltr'><strong>vocem,</strong></span> <span class='ocrx_word' id='word_1_521' title='bbox 2167 4612 2447 4684; x_wconf 82' lang='lat' dir='ltr'><strong>virtutis,</strong></span> <span class='ocrx_word' id='word_1_522' title='bbox 2492 4610 2787 4684; x_wconf 81' lang='lat' dir='ltr'><strong>adhibeat</strong></span> <span class='ocrx_word' id='word_1_523' title='bbox 2859 4611 2920 4672; x_wconf 92' lang='lat' dir='ltr'><strong>in</strong></span> <span class='ocrx_word' id='word_1_524' title='bbox 2955 4611 3183 4673; x_wconf 89' lang='lat' dir='ltr'><strong>eodem</strong></span> <span class='ocrx_word' id='word_1_525' title='bbox 3223 4611 3302 4672; x_wconf 87' lang='lat' dir='ltr'><strong>ad</strong></span> <span class='ocrx_word' id='word_1_526' title='bbox 3339 4612 3624 4672; x_wconf 82' lang='lat' dir='ltr'><strong>Marcum</strong></span> <span class='ocrx_word' id='word_1_527' title='bbox 3677 4628 3856 4673; x_wconf 90' lang='lat' dir='ltr'><strong>com-</strong></span> 
     </span>
    </p>
   </div>
   <div class='ocr_carea' id='block_1_46' title="bbox 602 4707 3856 4789">
    <p class='ocr_par' dir='ltr' id='par_1_46' title="bbox 602 4707 3856 4789">
     <span class='ocr_line' id='line_1_46' title="bbox 602 4707 3856 4789; baseline 0.001 -23"><span class='ocrx_word' id='word_1_528' title='bbox 602 4707 974 4767; x_wconf 85' lang='lat' dir='ltr'><strong>mentario?</strong></span> <span class='ocrx_word' id='word_1_529' title='bbox 1006 4708 1317 4770; x_wconf 87' lang='lat' dir='ltr'><strong>Nimirum</strong></span> <span class='ocrx_word' id='word_1_530' title='bbox 1367 4711 1682 4773; x_wconf 89' lang='lat' dir='ltr'><strong>utdoceat</strong></span> <span class='ocrx_word' id='word_1_531' title='bbox 1723 4711 1881 4774; x_wconf 90' lang='lat' dir='ltr'><strong>hanc</strong></span> <span class='ocrx_word' id='word_1_532' title='bbox 1942 4711 2079 4774; x_wconf 85' lang='lat' dir='ltr'><strong>ﬁeri</strong></span> <span class='ocrx_word' id='word_1_533' title='bbox 2113 4708 2851 4779; x_wconf 85' lang='lat' dir='ltr'><strong>transelementationem,</strong></span> <span class='ocrx_word' id='word_1_534' title='bbox 2914 4716 2977 4769; x_wconf 89' lang='lat' dir='ltr'><strong>et</strong></span> <span class='ocrx_word' id='word_1_535' title='bbox 3032 4710 3674 4789; x_wconf 81' lang='lat' dir='ltr'><strong>transformationem,</strong></span> <span class='ocrx_word' id='word_1_536' title='bbox 3733 4726 3856 4770; x_wconf 89' lang='lat' dir='ltr'><strong>seu</strong></span> 
     </span>
    </p>
   </div>
   <div class='ocr_carea' id='block_1_47' title="bbox 605 4805 3855 4885">
    <p class='ocr_par' dir='ltr' id='par_1_47' title="bbox 605 4805 3855 4885">
     <span class='ocr_line' id='line_1_47' title="bbox 605 4805 3855 4885; baseline 0.002 -23"><span class='ocrx_word' id='word_1_537' title='bbox 605 4805 1192 4865; x_wconf 85' lang='lat' dir='ltr'><strong>transmutationem</strong></span> <span class='ocrx_word' id='word_1_538' title='bbox 1226 4805 1288 4866; x_wconf 92' lang='lat' dir='ltr'><strong>in</strong></span> <span class='ocrx_word' id='word_1_539' title='bbox 1325 4822 1558 4884; x_wconf 90' lang='lat' dir='ltr'><strong>corpus</strong></span> <span class='ocrx_word' id='word_1_540' title='bbox 1601 4807 1854 4881; x_wconf 86' lang='lat' dir='ltr'><strong>Christi,</strong></span> <span class='ocrx_word' id='word_1_541' title='bbox 1910 4809 2146 4869; x_wconf 85' lang='lat' dir='ltr'><strong>virtute</strong></span> <span class='ocrx_word' id='word_1_542' title='bbox 2187 4806 2447 4885; x_wconf 87' lang='lat' dir='ltr'><strong>plenum</strong></span> <span class='ocrx_word' id='word_1_543' title='bbox 2475 4851 2492 4880; x_wconf 93' lang='lat'><strong>,</strong></span> <span class='ocrx_word' id='word_1_544' title='bbox 2532 4815 2592 4868; x_wconf 86' lang='lat' dir='ltr'><strong>et</strong></span> <span class='ocrx_word' id='word_1_545' title='bbox 2629 4824 2746 4868; x_wconf 89' lang='lat' dir='ltr'><strong>nos</strong></span> <span class='ocrx_word' id='word_1_546' title='bbox 2804 4807 3157 4869; x_wconf 82' lang='lat' dir='ltr'><strong>viviﬁcans.</strong></span> <span class='ocrx_word' id='word_1_547' title='bbox 3237 4809 3393 4869; x_wconf 83' lang='lat' dir='ltr'><strong>Rem</strong></span> <span class='ocrx_word' id='word_1_548' title='bbox 3452 4807 3613 4869; x_wconf 88' lang='lat' dir='ltr'><strong>hanc</strong></span> <span class='ocrx_word' id='word_1_549' title='bbox 3674 4808 3855 4873; x_wconf 86' lang='lat' dir='ltr'><strong>lucu-</strong></span> 
     </span>
    </p>
   </div>
   <div class='ocr_carea' id='block_1_48' title="bbox 601 4901 3856 4982">
    <p class='ocr_par' dir='ltr' id='par_1_48' title="bbox 601 4901 3856 4982">
     <span class='ocr_line' id='line_1_48' title="bbox 601 4901 3856 4982; baseline 0.002 -22"><span class='ocrx_word' id='word_1_550' title='bbox 601 4901 964 4964; x_wconf 88' lang='lat' dir='ltr'><strong>lentissime</strong></span> <span class='ocrx_word' id='word_1_551' title='bbox 1021 4903 1328 4964; x_wconf 83' lang='lat' dir='ltr'><strong>exclamat</strong></span> <span class='ocrx_word' id='word_1_552' title='bbox 1362 4903 1426 4964; x_wconf 91' lang='lat' dir='ltr'><strong>in</strong></span> <span class='ocrx_word' id='word_1_553' title='bbox 1459 4911 1648 4982; x_wconf 84' lang='lat' dir='ltr'><strong>caput</strong></span> <span class='ocrx_word' id='word_1_554' title='bbox 1697 4923 1757 4965; x_wconf 79' lang='lat' dir='ltr'><strong>vr</strong></span> <span class='ocrx_word' id='word_1_555' title='bbox 1809 4904 2074 4967; x_wconf 87' lang='lat' dir='ltr'><strong>Joannis</strong></span> <span class='ocrx_word' id='word_1_556' title='bbox 2110 4921 2125 4962; x_wconf 90' lang='lat'><strong>:</strong></span> <span class='ocrx_word' id='word_1_557' title='bbox 2169 4925 2198 4960; x_wconf 74' lang='grc' dir='ltr'><strong><em>α</em></strong></span> <span class='ocrx_word' id='word_1_558' title='bbox 2233 4906 2416 4966; x_wconf 83' lang='lat' dir='ltr'><strong>Nunc</strong></span> <span class='ocrx_word' id='word_1_559' title='bbox 2448 4911 2661 4966; x_wconf 87' lang='lat' dir='ltr'><strong>autem</strong></span> <span class='ocrx_word' id='word_1_560' title='bbox 2697 4903 3258 4966; x_wconf 84' lang='lat' dir='ltr'><strong>condescendente</strong></span> <span class='ocrx_word' id='word_1_561' title='bbox 3293 4905 3570 4965; x_wconf 92' lang='lat' dir='ltr'><strong>Domino</strong></span> <span class='ocrx_word' id='word_1_562' title='bbox 3621 4916 3856 4968; x_wconf 61' lang='lat' dir='ltr'><strong>nostra)</strong></span> 
     </span>
    </p>
   </div>
   <div class='ocr_carea' id='block_1_49' title="bbox 601 4997 3857 5081">
    <p class='ocr_par' dir='ltr' id='par_1_49' title="bbox 601 4997 3857 5081">
     <span class='ocr_line' id='line_1_49' title="bbox 601 4997 3857 5081; baseline 0 -24"><span class='ocrx_word' id='word_1_563' title='bbox 601 4999 977 5071; x_wconf 85' lang='lat' dir='ltr'><strong>infirmitati,</strong></span> <span class='ocrx_word' id='word_1_564' title='bbox 1022 4999 1165 5060; x_wconf 90' lang='lat' dir='ltr'><strong>talis</strong></span> <span class='ocrx_word' id='word_1_565' title='bbox 1203 5009 1464 5078; x_wconf 86' lang='lat' dir='ltr'><strong>apparet</strong></span> <span class='ocrx_word' id='word_1_566' title='bbox 1527 5002 1837 5080; x_wconf 87' lang='lat' dir='ltr'><strong>mysticus</strong></span> <span class='ocrx_word' id='word_1_567' title='bbox 1877 5002 2083 5074; x_wconf 91' lang='lat' dir='ltr'><strong>cibus,</strong></span> <span class='ocrx_word' id='word_1_568' title='bbox 2130 5001 2433 5081; x_wconf 88' lang='lat' dir='ltr'><strong>qualibus</strong></span> <span class='ocrx_word' id='word_1_569' title='bbox 2461 5001 2600 5062; x_wconf 89' lang='lat' dir='ltr'><strong>alio.</strong></span> <span class='ocrx_word' id='word_1_570' title='bbox 2660 5000 2703 5060; x_wconf 82' lang='lat' dir='ltr'><strong>ii</strong></span> <span class='ocrx_word' id='word_1_571' title='bbox 2739 4999 2981 5060; x_wconf 86' lang='lat' dir='ltr'><strong>assueti</strong></span> <span class='ocrx_word' id='word_1_572' title='bbox 3021 5015 3274 5060; x_wconf 90' lang='lat' dir='ltr'><strong>sumus.</strong></span> <span class='ocrx_word' id='word_1_573' title='bbox 3324 4997 3452 5058; x_wconf 85' lang='lat' dir='ltr'><strong>Pro</strong></span> <span class='ocrx_word' id='word_1_574' title='bbox 3493 4999 3711 5060; x_wconf 89' lang='lat' dir='ltr'><strong>mundi</strong></span> <span class='ocrx_word' id='word_1_575' title='bbox 3739 5019 3857 5059; x_wconf 83' lang='lat' dir='ltr'><strong>au-</strong></span> 
     </span>
    </p>
   </div>
   <div class='ocr_carea' id='block_1_50' title="bbox 605 5095 3853 5162">
    <p class='ocr_par' dir='ltr' id='par_1_50' title="bbox 605 5095 3853 5162">
     <span class='ocr_line' id='line_1_50' title="bbox 605 5095 3853 5162; baseline 0 -7"><span class='ocrx_word' id='word_1_576' title='bbox 605 5107 718 5155; x_wconf 86' lang='lat' dir='ltr'><strong>tem</strong></span> <span class='ocrx_word' id='word_1_577' title='bbox 751 5098 879 5156; x_wconf 78' lang='lat' dir='ltr'><strong>vita</strong></span> <span class='ocrx_word' id='word_1_578' title='bbox 919 5113 1164 5156; x_wconf 87' lang='lat' dir='ltr'><strong>carnem</strong></span> <span class='ocrx_word' id='word_1_579' title='bbox 1194 5117 1368 5158; x_wconf 86' lang='lat' dir='ltr'><strong>suam</strong></span> <span class='ocrx_word' id='word_1_580' title='bbox 1404 5108 1456 5158; x_wconf 90' lang='lat' dir='ltr'><strong>et</strong></span> <span class='ocrx_word' id='word_1_581' title='bbox 1512 5109 1766 5160; x_wconf 86' lang='lat' dir='ltr'><strong>mortem</strong></span> <span class='ocrx_word' id='word_1_582' title='bbox 1807 5098 2340 5162; x_wconf 61' lang='lat' dir='ltr'><strong>deditam—infra</strong></span> <span class='ocrx_word' id='word_1_583' title='bbox 2384 5120 2400 5160; x_wconf 89' lang='lat'><strong>:</strong></span> <span class='ocrx_word' id='word_1_584' title='bbox 2457 5121 2483 5154; x_wconf 73' lang='grc' dir='ltr'>α</span> <span class='ocrx_word' id='word_1_585' title='bbox 2518 5097 2720 5159; x_wconf 70' lang='lat' dir='ltr'><strong>Judaei</strong></span> <span class='ocrx_word' id='word_1_586' title='bbox 2771 5114 2918 5158; x_wconf 89' lang='lat' dir='ltr'><strong>cum</strong></span> <span class='ocrx_word' id='word_1_587' title='bbox 2957 5096 3294 5157; x_wconf 89' lang='lat' dir='ltr'><strong>audissent</strong></span> <span class='ocrx_word' id='word_1_588' title='bbox 3354 5095 3427 5156; x_wconf 90' lang='lat' dir='ltr'><strong>de</strong></span> <span class='ocrx_word' id='word_1_589' title='bbox 3485 5114 3590 5156; x_wconf 87' lang='lat' dir='ltr'><strong>esu</strong></span> <span class='ocrx_word' id='word_1_590' title='bbox 3641 5099 3853 5159; x_wconf 87' lang='lat' dir='ltr'><strong>carnis</strong></span> 
     </span>
    </p>
   </div>
   <div class='ocr_carea' id='block_1_51' title="bbox 608 5191 3853 5277">
    <p class='ocr_par' dir='ltr' id='par_1_51' title="bbox 608 5191 3853 5277">
     <span class='ocr_line' id='line_1_51' title="bbox 608 5191 3853 5277; baseline 0.002 -27"><span class='ocrx_word' id='word_1_591' title='bbox 608 5191 806 5263; x_wconf 76' lang='lat' dir='ltr'><strong>illius,</strong></span> <span class='ocrx_word' id='word_1_592' title='bbox 837 5192 1256 5256; x_wconf 78' lang='lat' dir='ltr'><strong>discedunt...</strong></span> <span class='ocrx_word' id='word_1_593' title='bbox 1285 5196 1428 5272; x_wconf 91' lang='lat' dir='ltr'><strong>Ipse</strong></span> <span class='ocrx_word' id='word_1_594' title='bbox 1477 5196 1699 5260; x_wconf 78' lang='lat' dir='ltr'><strong>volens</strong></span> <span class='ocrx_word' id='word_1_595' title='bbox 1734 5197 1852 5260; x_wconf 91' lang='lat' dir='ltr'><strong>hoc</strong></span> <span class='ocrx_word' id='word_1_596' title='bbox 1895 5199 2263 5270; x_wconf 88' lang='lat' dir='ltr'><strong>ostendere,</strong></span> <span class='ocrx_word' id='word_1_597' title='bbox 2297 5195 2462 5277; x_wconf 90' lang='lat' dir='ltr'><strong>quod</strong></span> <span class='ocrx_word' id='word_1_598' title='bbox 2485 5215 2610 5256; x_wconf 87' lang='lat' dir='ltr'><strong>non</strong></span> <span class='ocrx_word' id='word_1_599' title='bbox 2629 5197 2710 5256; x_wconf 83' lang='lat' dir='ltr'><strong>sit</strong></span> <span class='ocrx_word' id='word_1_600' title='bbox 2774 5193 3181 5272; x_wconf 84' lang='lat' dir='ltr'><strong>impossibile,</strong></span> <span class='ocrx_word' id='word_1_601' title='bbox 3223 5194 3332 5254; x_wconf 81' lang='lat' dir='ltr'><strong>sed</strong></span> <span class='ocrx_word' id='word_1_602' title='bbox 3408 5195 3600 5256; x_wconf 88' lang='lat' dir='ltr'><strong>etiam</strong></span> <span class='ocrx_word' id='word_1_603' title='bbox 3668 5194 3853 5257; x_wconf 82' lang='lat' dir='ltr'><strong>valde</strong></span> 
     </span>
    </p>
   </div>
   <div class='ocr_carea' id='block_1_52' title="bbox 608 5289 3853 5372">
    <p class='ocr_par' dir='ltr' id='par_1_52' title="bbox 608 5289 3853 5372">
     <span class='ocr_line' id='line_1_52' title="bbox 608 5289 3853 5372; baseline 0.001 -24"><span class='ocrx_word' id='word_1_604' title='bbox 608 5289 1069 5362; x_wconf 85' lang='lat' dir='ltr'><strong>necessarium,</strong></span> <span class='ocrx_word' id='word_1_605' title='bbox 1111 5291 1242 5352; x_wconf 88' lang='lat' dir='ltr'><strong>ait:</strong></span> <span class='ocrx_word' id='word_1_606' title='bbox 1292 5292 1866 5372; x_wconf 85' lang='lat' dir='ltr'><strong>Nonpotestaliter</strong></span> <span class='ocrx_word' id='word_1_607' title='bbox 1897 5295 2115 5358; x_wconf 84' lang='lat' dir='ltr'><strong>haberi</strong></span> <span class='ocrx_word' id='word_1_608' title='bbox 2149 5298 2300 5368; x_wconf 70' lang='lat' dir='ltr'><strong>vita,</strong></span> <span class='ocrx_word' id='word_1_609' title='bbox 2334 5295 2461 5356; x_wconf 89' lang='lat' dir='ltr'><strong>nisi</strong></span> <span class='ocrx_word' id='word_1_610' title='bbox 2489 5313 2684 5354; x_wconf 88' lang='lat' dir='ltr'><strong>meam</strong></span> <span class='ocrx_word' id='word_1_611' title='bbox 2747 5308 2994 5352; x_wconf 88' lang='lat' dir='ltr'><strong>carnem</strong></span> <span class='ocrx_word' id='word_1_612' title='bbox 3024 5289 3433 5351; x_wconf 77' lang='lat' dir='ltr'><strong>comedetis...</strong></span> <span class='ocrx_word' id='word_1_613' title='bbox 3484 5292 3622 5353; x_wconf 84' lang='lat' dir='ltr'><strong>Non</strong></span> <span class='ocrx_word' id='word_1_614' title='bbox 3682 5292 3853 5352; x_wconf 90' lang='lat' dir='ltr'><strong>enim</strong></span> 
     </span>
    </p>
   </div>
   <div class='ocr_carea' id='block_1_53' title="bbox 608 5371 3849 5471">
    <p class='ocr_par' dir='ltr' id='par_1_53' title="bbox 608 5371 3849 5471">
     <span class='ocr_line' id='line_1_53' title="bbox 608 5371 3849 5471; baseline 0.002 -28"><span class='ocrx_word' id='word_1_615' title='bbox 608 5383 758 5444; x_wconf 87' lang='lat' dir='ltr'><strong>nudi</strong></span> <span class='ocrx_word' id='word_1_616' title='bbox 777 5383 1045 5447; x_wconf 82' lang='lat' dir='ltr'><strong>hominis</strong></span> <span class='ocrx_word' id='word_1_617' title='bbox 1080 5371 1224 5450; x_wconf 63' lang='lat' dir='ltr'><strong>dare</strong></span> <span class='ocrx_word' id='word_1_618' title='bbox 1255 5394 1372 5460; x_wconf 89' lang='lat' dir='ltr'><strong>est,</strong></span> <span class='ocrx_word' id='word_1_619' title='bbox 1408 5406 1552 5470; x_wconf 76' lang='lat' dir='ltr'><strong>qum</strong></span> <span class='ocrx_word' id='word_1_620' title='bbox 1591 5393 2010 5454; x_wconf 88' lang='lat' dir='ltr'><strong>manducatur</strong></span> <span class='ocrx_word' id='word_1_621' title='bbox 2051 5415 2064 5451; x_wconf 91' lang='lat'><strong>:</strong></span> <span class='ocrx_word' id='word_1_622' title='bbox 2134 5393 2248 5453; x_wconf 92' lang='lat' dir='ltr'><strong>sed</strong></span> <span class='ocrx_word' id='word_1_623' title='bbox 2284 5392 2423 5464; x_wconf 89' lang='lat' dir='ltr'><strong>Dei,</strong></span> <span class='ocrx_word' id='word_1_624' title='bbox 2455 5401 2516 5453; x_wconf 91' lang='lat' dir='ltr'><strong>et</strong></span> <span class='ocrx_word' id='word_1_625' title='bbox 2575 5409 2708 5471; x_wconf 67' lang='lat' dir='ltr'><strong>qua?</strong></span> <span class='ocrx_word' id='word_1_626' title='bbox 2739 5389 3025 5469; x_wconf 84' lang='lat' dir='ltr'><strong>deiﬁcare</strong></span> <span class='ocrx_word' id='word_1_627' title='bbox 3055 5389 3244 5461; x_wconf 83' lang='lat' dir='ltr'><strong>valet,</strong></span> <span class='ocrx_word' id='word_1_628' title='bbox 3298 5398 3523 5462; x_wconf 87' lang='lat' dir='ltr'><strong>utpote</strong></span> <span class='ocrx_word' id='word_1_629' title='bbox 3556 5396 3849 5452; x_wconf 86' lang='lat' dir='ltr'><strong>contem-</strong></span> 
     </span>
    </p>
   </div>
   <div class='ocr_carea' id='block_1_54' title="bbox 611 5484 3852 5567">
    <p class='ocr_par' dir='ltr' id='par_1_54' title="bbox 611 5484 3852 5567">
     <span class='ocr_line' id='line_1_54' title="bbox 611 5484 3852 5567; baseline 0.003 -28"><span class='ocrx_word' id='word_1_630' title='bbox 611 5491 818 5557; x_wconf 79' lang='lat' dir='ltr'><strong>perata</strong></span> <span class='ocrx_word' id='word_1_631' title='bbox 848 5484 1146 5548; x_wconf 89' lang='lat' dir='ltr'><strong>deitati...</strong></span> <span class='ocrx_word' id='word_1_632' title='bbox 1177 5486 1414 5548; x_wconf 87' lang='lat' dir='ltr'><strong>lterum</strong></span> <span class='ocrx_word' id='word_1_633' title='bbox 1443 5487 1600 5550; x_wconf 87' lang='lat' dir='ltr'><strong>nudi</strong></span> <span class='ocrx_word' id='word_1_634' title='bbox 1629 5489 1896 5550; x_wconf 75' lang='lat' dir='ltr'><strong>hominis</strong></span> <span class='ocrx_word' id='word_1_635' title='bbox 1926 5506 2070 5553; x_wconf 91' lang='lat' dir='ltr'><strong>caro</strong></span> <span class='ocrx_word' id='word_1_636' title='bbox 2102 5486 2262 5551; x_wconf 87' lang='lat' dir='ltr'><strong>nihil</strong></span> <span class='ocrx_word' id='word_1_637' title='bbox 2300 5487 2606 5567; x_wconf 90' lang='lat' dir='ltr'><strong>prodesse</strong></span> <span class='ocrx_word' id='word_1_638' title='bbox 2655 5493 2861 5566; x_wconf 84' lang='lat' dir='ltr'><strong>potest</strong></span> <span class='ocrx_word' id='word_1_639' title='bbox 2903 5505 2916 5543; x_wconf 90' lang='lat'><strong>:</strong></span> <span class='ocrx_word' id='word_1_640' title='bbox 2958 5487 3067 5548; x_wconf 92' lang='lat' dir='ltr'><strong>sed</strong></span> <span class='ocrx_word' id='word_1_641' title='bbox 3101 5487 3254 5565; x_wconf 86' lang='lat' dir='ltr'><strong>quia</strong></span> <span class='ocrx_word' id='word_1_642' title='bbox 3280 5489 3448 5548; x_wconf 90' lang='lat' dir='ltr'><strong>Deus</strong></span> <span class='ocrx_word' id='word_1_643' title='bbox 3485 5484 3695 5548; x_wconf 87' lang='lat' dir='ltr'><strong>univit</strong></span> <span class='ocrx_word' id='word_1_644' title='bbox 3723 5485 3852 5548; x_wconf 89' lang='lat' dir='ltr'><strong>sibi</strong></span> 
     </span>
    </p>
   </div>
   <div class='ocr_carea' id='block_1_55' title="bbox 610 5582 3070 5664">
    <p class='ocr_par' dir='ltr' id='par_1_55' title="bbox 610 5582 3070 5664">
     <span class='ocr_line' id='line_1_55' title="bbox 610 5582 3070 5664; baseline 0.004 -29"><span class='ocrx_word' id='word_1_645' title='bbox 610 5595 860 5641; x_wconf 55' lang='lat' dir='ltr'><strong>larnem</strong></span> <span class='ocrx_word' id='word_1_646' title='bbox 897 5582 1248 5643; x_wconf 87' lang='lat' dir='ltr'><strong>secundum</strong></span> <span class='ocrx_word' id='word_1_647' title='bbox 1285 5583 1676 5647; x_wconf 75' lang='lat' dir='ltr'><strong>ineﬂabilem</strong></span> <span class='ocrx_word' id='word_1_648' title='bbox 1722 5585 2399 5664; x_wconf 88' lang='lat' dir='ltr'><strong>contemperationem,</strong></span> <span class='ocrx_word' id='word_1_649' title='bbox 2428 5589 2675 5651; x_wconf 76' lang='lat' dir='ltr'><strong>vivifica</strong></span> <span class='ocrx_word' id='word_1_650' title='bbox 2712 5595 2805 5649; x_wconf 88' lang='lat' dir='ltr'><strong>est</strong></span> <span class='ocrx_word' id='word_1_651' title='bbox 2835 5605 2999 5650; x_wconf 90' lang='lat' dir='ltr'><strong>caro.</strong></span> <span class='ocrx_word' id='word_1_652' title='bbox 3043 5612 3070 5644; x_wconf 72' lang='grc' dir='ltr'><strong>ι)</strong></span> 
     </span>
    </p>
   </div>
   <div class='ocr_carea' id='block_1_56' title="bbox 689 5676 3855 5764">
    <p class='ocr_par' dir='ltr' id='par_1_56' title="bbox 689 5676 3855 5764">
     <span class='ocr_line' id='line_1_56' title="bbox 689 5676 3855 5764; baseline 0.003 -29"><span class='ocrx_word' id='word_1_653' title='bbox 689 5676 960 5738; x_wconf 87' lang='lat' dir='ltr'><strong>Sensum</strong></span> <span class='ocrx_word' id='word_1_654' title='bbox 991 5680 1290 5754; x_wconf 82' lang='lat' dir='ltr'><strong>exprimit</strong></span> <span class='ocrx_word' id='word_1_655' title='bbox 1325 5681 1720 5758; x_wconf 88' lang='lat' dir='ltr'><strong>ipsissimum</strong></span> <span class='ocrx_word' id='word_1_656' title='bbox 1759 5682 2145 5762; x_wconf 81' lang='lat' dir='ltr'><strong>Euthymius</strong></span> <span class='ocrx_word' id='word_1_657' title='bbox 2179 5686 2246 5746; x_wconf 86' lang='lat' dir='ltr'><strong>in</strong></span> <span class='ocrx_word' id='word_1_658' title='bbox 2281 5687 2645 5749; x_wconf 78' lang='lat' dir='ltr'><strong>Mattbteum</strong></span> <span class='ocrx_word' id='word_1_659' title='bbox 2679 5709 2692 5746; x_wconf 91' lang='lat'><strong>:</strong></span> <span class='ocrx_word' id='word_1_660' title='bbox 2727 5685 3249 5761; x_wconf 83' lang='lat' dir='ltr'><strong>Quemadmodum</strong></span> <span class='ocrx_word' id='word_1_661' title='bbox 3268 5685 3855 5764; x_wconf 78' lang='lat' dir='ltr'><strong>supernaturaliter</strong></span> 
     </span>
    </p>
   </div>
   <div class='ocr_carea' id='block_1_57' title="bbox 607 5776 3848 5864">
    <p class='ocr_par' dir='ltr' id='par_1_57' title="bbox 607 5776 3848 5864">
     <span class='ocr_line' id='line_1_57' title="bbox 607 5776 3848 5864; baseline 0.006 -37"><span class='ocrx_word' id='word_1_662' title='bbox 607 5783 984 5851; x_wconf 67' lang='lat' dir='ltr'><strong>assumptam</strong></span> <span class='ocrx_word' id='word_1_663' title='bbox 1017 5792 1261 5835; x_wconf 87' lang='lat' dir='ltr'><strong>carnem</strong></span> <span class='ocrx_word' id='word_1_664' title='bbox 1293 5776 1601 5857; x_wconf 75' lang='lat' dir='ltr'><strong>deiﬁcavit</strong></span> <span class='ocrx_word' id='word_1_665' title='bbox 1635 5797 1652 5834; x_wconf 88' lang='lat'><em>:</em></span> <span class='ocrx_word' id='word_1_666' title='bbox 1689 5790 1743 5840; x_wconf 85' lang='lat' dir='ltr'><strong>et</strong></span> <span class='ocrx_word' id='word_1_667' title='bbox 1776 5781 1897 5840; x_wconf 68' lang='lat' dir='ltr'><strong>hac</strong></span> <span class='ocrx_word' id='word_1_668' title='bbox 1926 5779 2175 5859; x_wconf 79' lang='lat' dir='ltr'><strong>(panem</strong></span> <span class='ocrx_word' id='word_1_669' title='bbox 2216 5792 2274 5844; x_wconf 89' lang='lat' dir='ltr'><strong>et</strong></span> <span class='ocrx_word' id='word_1_670' title='bbox 2319 5783 2562 5864; x_wconf 73' lang='lat' dir='ltr'><strong>vinum)</strong></span> <span class='ocrx_word' id='word_1_671' title='bbox 2624 5792 2997 5846; x_wconf 83' lang='lat' dir='ltr'><strong>transmutat</strong></span> <span class='ocrx_word' id='word_1_672' title='bbox 3024 5786 3089 5845; x_wconf 83' lang='lat' dir='ltr'><strong>in</strong></span> <span class='ocrx_word' id='word_1_673' title='bbox 3131 5785 3334 5862; x_wconf 81' lang='lat' dir='ltr'><strong>ipsum</strong></span> <span class='ocrx_word' id='word_1_674' title='bbox 3361 5783 3669 5864; x_wconf 73' lang='lat' dir='ltr'><strong>vivi/icum</strong></span> <span class='ocrx_word' id='word_1_675' title='bbox 3702 5801 3848 5846; x_wconf 83' lang='lat' dir='ltr'><strong>cor-</strong></span> 
     </span>
    </p>
   </div>
  </div>
