4098 6330
291 337 397 410 111
1146 341 1245 402 DE
1285 338 1824 402 meorum“
1865 337 2138 400 casus
2172 337 2269 398 ET
2310 335 2682 398 scrupus.
3487 309 3623 403 usi

286 470 434 534 pus,
467 463 524 518 et
557 455 626 519 in
657 455 859 536 ipsum
888 454 1239 533 pretiosum
1267 453 1661 534 sanguinem,
1742 459 1800 514 et
1840 452 1911 513 in
1967 447 2241 528 gratiam
2273 448 2587 529 ipsorum;
2615 448 2834 526 Nugas
2912 444 3170 528 aliquot
3225 445 3386 510 alias
3473 464 3588 526 op-

289 551 476 629 ponit
546 552 1014 633 nugacissimas
1070 552 1358 614 Ioannes
1445 549 1784 624 Claudius,
1824 563 1986 627 quas
2012 545 2274 628 egregie
2309 545 2547 609 refellit
2603 543 2923 608 Arnaldus
2961 545 3231 619 tomoIl,
3268 543 3435 609 libro
3505 565 3617 607 m—

290 649 503 727 capite
534 651 594 715 5.

1796 888 1810 896 .
1825 831 1875 889 Χ
1888 829 1965 903 XI
1973 829 2034 890 ν.

285 971 862 1071 OEcolampadium
898 1005 1156 1060 accusat
1231 995 1610 1058 Posseoinus
1648 996 1723 1058 de
1751 991 2449 1074 locisdepraoatis,:ub_‘i
2469 990 2816 1074 primatum
2846 990 3056 1051 sancti
3084 986 3265 1074 l’etri
3295 984 3596 1074 tradebat

391 1065 926 1160 Zjheophylactus.
979 1076 1257 1160 Egregia
1296 1074 1493 1160 plura
1537 1085 1794 1160 eastant
1830 1065 2231 1160 testimonia.
2259 1065 2612 1160 Philippus
2643 1070 2969 1160 Marnazus
3003 1065 3598 1160 refutaturLijpcus

379 1145 1137 1235 ejusdem'Theophylacti
1150 1145 1541 1234 Expenditur
1557 1157 1624 1216 in
1647 1155 1919 1235 epistola
1935 1153 2016 1216 ad
2029 1151 2379 1235 ⁸Νἰςξοιιιιιγζι
2399 1145 2736 1235 diaconum
2760 1159 2824 1235 _et
2855 1145 3298 1226 constrisium.
3322 1145 3600 1235 Pithoeus

370 1225 1167 1315 emendaturtChriEtianis
1193 1225 1333 1310 non
1364 1235 1536 1313 eripi
1552 1225 2250 1315 Miéhwwlprophetiam
2282 1231 2619 1294 adversum
2645 1225 3018 1306 Judwos,ut
3046 1237 3387 1308 perperam
3415 1232 3601 1286 nota-

369 1313 464 1374 oit
494 1312 727 1374 Petrus
751 1311 974 1375 Daniel
1007 1313 1302 1376 Huetius.

370 1455 473 1521 95.
506 1458 818 1534 Quamam
866 1457 1070 1521 fuerit
1100 1461 1424 1524 sententia
1497 1459 1968 1540 TheOphylacti
2027 1457 2102 1520 de
2187 1457 2471 1539 primatu
2525 1455 2733 1523 sancti
2790 1452 2973 1516 Petri
3017 1447 3602 1532 inter.apostolos,

286 1552 520 1632 paucis
562 1554 1070 1633 expendendum
1104 1563 1226 1620 est.
1258 1557 1588 1620 Antonius
1641 1556 2041 1621 Possevinus
2112 1557 2182 1618 in
2212 1554 2555 1636 Apparatu
2585 1569 2771 1616 sacro
2806 1559 2983 1614 tomo
3041 1551 3126 1626 II,
3159 1547 3495 1620 admonet,
3531 1545 3600 1636 in

286 1625 793 1721 Commentariis
827 1651 1297 1734 Theophylacti
1319 1653 1588 1737 falsatos
1609 1657 1807 1737 fuisse
1826 1654 1902 1718 ab
1960 1655 2048 1736 eis
2070 1625 2622 1737 ,(mcolhmpadio
2653 1656 2716 1713 et
2743 1649 3066 1713 Lonicero
3094 1625 3601 1725 interpretibus)

289 1743 489 1820 locos,
521 1749 632 1829 qui
663 1747 748 1810 ad
770 1758 1145 1829 potestatem
1165 1755 1392 1817 summi
1408 1750 2084 1835 pontiﬁcis'speetant.
2145 1750 2460 1816 Criminis
2510 1749 2812 1831 hujusce,
2861 1747 3211 1815 adnotante
3273 1741 3597 1816 Simonio,

288 1843 729 1910 heterodoxos
759 1847 912 1913 illos
950 1849 1344 1929 interpretes
1381 1867 1511 1914 non
1544 1863 1803 1915 accusat
1841 1851 2184 1932 Philippus
2216 1851 2595 1925 Montanus,
2629 1847 2746 1929 qui
2813 1847 3028 1911 solum
3097 1844 3192 1909 ait
3225 1843 3297 1908 in
3368 1840 3601 1908 Praefa-

289 1943 477 2006 tione
506 1943 585 2006 ad
610 1944 1126 2010 Commentarios
1163 1946 1229 2009 in
1281 1949 1652 2028 Evangelia,
1709 1951 1941 2013 menda
2001 1946 2280 2028 plurima
2314 1947 2382 2010 in
2425 1945 2624 2009 editis
2670 1961 3043 2018 occurrere,
3105 1961 3240 2024 qua
3297 1941 3600 2005 scribwne

288 2046 405 2098 aut
438 2038 861 2118 typographo,
919 2059 1005 2102 an
1071 2041 1418 2122 interpreti
1469 2041 2026 2124 (OEcolampadio)
2077 2042 2381 2108 mutilooe
2437 2041 2648 2115 codici
2710 2040 3088 2124 imputanda
3135 2041 3291 2116 sint,
3324 2039 3604 2102 aliorum

293 2141 424 2196 esto
443 2134 787 2215 judicium.
811 2139 884 2198 Et
915 2135 981 2200 in
1019 2137 1398 2216 praafatione
1447 2141 1521 2203 ad
1588 2139 1912 2218 Epistolas
1985 2140 2213 2204 Pauli:
2253 2141 2351 2203 Ea
2407 2126 2841 2222 potissimum,
2905 2138 3148 2220 inquit,
3219 2137 3601 2199 mutavimus

290 2229 391 2308 [in
425 2231 726 2294 Loniceri
767 2235 1093 2312 versione]
1152 2255 1287 2315 quae
1320 2235 1779 2317 Theophylacti
1807 2246 2079 2300 mentem
2109 2249 2219 2302 aut
2247 2257 2377 2300 non
2408 2237 2664 2318 assequi
2708 2236 3105 2309 viderentur,
3132 2243 3246 2296 aut
3275 2253 3404 2295 non
3443 2233 3601 2294 satis

293 2325 722 2407 explicarent.
751 2329 852 2391 Ad
870 2332 1020 2401 haec,
1062 2334 1346 2412 margini
1375 2332 1595 2396 multis
1649 2335 1718 2395 in
1762 2335 1920 2396 locis
1970 2337 2251 2416 quaedam
2305 2333 2693 2405 addidimus,
2720 2334 2858 2395 sine
2881 2332 3111 2413 quibus
3133 2332 3366 2394 Latina
3394 2331 3600 2411 legens

289 2423 408 2485 vix
435 2441 734 2503 unquam,
773 2425 926 2505 quid
953 2427 1080 2490 sibi
1126 2429 1277 2490 velit
1311 2430 1817 2510 Theophylactus
1851 2431 2205 2512 intelligere
2241 2443 2426 2514 queat
2461 2454 2480 2494 :
2547 2431 2698 2493 dum
2743 2430 3037 2493 videlicet
3077 2439 3190 2490 aut
3221 2429 3432 2492 Graci
3461 2446 3599 2490 ser-

290 2520 498 2582 monis
527 2524 771 2585 eariam
796 2526 1061 2604 attingit
1092 2527 1444 2603 lectionem,
1478 2539 1588 2589 aut
1611 2528 1844 2593 Greece
1860 2528 2163 2592 dictionis
2192 2530 2739 2612 compositionem,
2769 2538 2885 2610 aut
2917 2528 3235 2590 diversam
3269 2525 3596 2606 signiﬁca-

295 2618 554 2694 tionem,
588 2620 838 2683 aliudve
873 2623 1214 2704 quidquam
1239 2625 1626 2707 hujusmodi.
2356 2684 2361 2690 .

377 2717 624 2780 Verum
657 2718 998 2782 enimvero
1052 2736 1182 2782 non
1228 2721 1394 2784 adeo
1462 2722 1660 2784 fuerit
1718 2724 1933 2787 audax
1992 2725 2576 2803 OEeolampadius,
2639 2731 2723 2790 ut.
2791 2724 3088 2785 Graecum
3130 2719 3619 2801 Theophylacti.

292 2820 548 2877 textum
597 2813 824 2878 volens
887 2817 1066 2881 Latio
1093 2817 1348 2882 dederit
1380 2837 1525 2883 cum
1563 2821 1870 2885 vit-Tozin
1920 2840 1997 2886 eo
2055 2833 2266 2886 tamen
2325 2822 2598 2894 lacuna»,
2661 2837 2810 2902 qua)
2836 2819 2912 2882 ad
2945 2826 3136 2898 caput
3162 2835 3273 2879 ιιι
3329 2816 3600 2880 Joannis

296 2929 358 2973 ν.
395 2913 453 2986 1,
482 2912 548 2974 in
583 2910 726 2992 ejus
771 2911 998 2977 codice
1043 2915 1321 2993 patebat,
1361 2918 1850 2998 supplemento,
1878 2922 2225 3000 primatum
2269 2920 2475 2993 Petri,
2505 2921 2509 2935 '
2537 2918 2616 2982 de
2667 2934 2799 2999 quo
2847 2917 3178 2980 disserere
3238 2913 3598 2994 Oportebat,

292 3009 606 3073 intactum
667 3013 1094 3091 prmtermittit
1143 3031 1161 3073 :
1205 3015 1333 3076 imo
1370 3033 1443 3079 ea
1475 3015 1759 3093 disserit,
1817 3037 1964 3100 qure
1998 3024 2393 3097 repugnant.
2433 3016 2638 3079 Verba
2682 3021 2838 3079 sunt
2875 3035 2890 3073 :
2928 3034 2958 3072 et
2991 3015 3208 3089 Quare
3279 3011 3602 3088 Christus,

295 3109 754 3189 quiscrutator
781 3119 880 3175 est
907 3113 1572 3196 cordium,_nihilque
1611 3119 1887 3196 ignorat,
1924 3116 2331 3196 interrogat?
2375 3113 2635 3194 (Diligis
2691 3132 2809 3189 me,
2858 3130 3032 3174 amas
3081 3107 3246 3193 me?)
3279 3111 3421 3173 Non
3479 3108 3604 3174 hoc

293 3205 448 3270 facit
480 3215 550 3271 ut
586 3209 810 3282 discat,
851 3210 1019 3274 sicut
1051 3227 1172 3275 nos
1209 3233 1226 3275 :
1257 3213 1371 3275 sed
1424 3221 1493 3274 ut
1527 3213 1774 3290 doceat,
1809 3225 1869 3277 et
1903 3210 2276 3277 manifestat
2319 3212 2595 3273 aliorum
2632 3210 2846 3274 ﬁdem.
2890 3210 3071 3273 Sicut
3104 3215 3167 3272 et
3223 3225 3371 3272 cum
3399 3207 3604 3276 inter-

297 3312 546 3383 rOgat':
581 3304 777 3383 Quem
808 3305 1032 3370 dicunt
1081 3309 1365 3372 homines
1403 3328 1532 3371 esse
1562 3311 1802 3373 Filium
1842 3310 2164 3374 hominis?
2197 3325 2389 3390 quam
2426 3309 2616 3372 ﬁdem
2686 3305 3310 3388 confessionemque
3341 3323 3376 3368 a
3414 3306 3604 3368 nobis

294 3400 605 3481 requirit,
659 3403 926 3468 indicat.
972 3407 1060 3468 Ita
1100 3405 1209 3469 hic
1244 3404 1516 3468 daturus
1548 3408 1689 3470 orbi
1718 3411 2058 3488 magistros
2087 3428 2158 3471 ac
2203 3409 2519 3484 doctores,
2559 3407 2790 3489 quales
2831 3405 2982 3470 illos
3027 3423 3173 3470 esse
3209 3405 3391 3481 velit,
3423 3412 3616 3469 terna

295 3498 806 3580 interrogatione
837 3501 1003 3565 bene
1034 3503 1338 3567 inculcat.
1373 3505 1450 3566 Et
1485 3505 1742 3567 videtur
1790 3507 1971 3580 mihi,
2047 3527 2269 3570 amare
2293 3509 2642 3582 Christum,
2695 3517 2760 3570 et
2811 3523 2886 3570 ea
2945 3523 3092 3587 quae
3149 3504 3390 3569 Christi
3452 3514 3620 3569 sunt-

297 3596 556 3671 sectari,
576 3605 762 3663 antea
781 3600 1102 3666 insinuari
1121 3604 1372 3682 [LVIII]
1397 3620 1510 3682 per
1537 3603 1919 3667 missionem
1941 3607 2097 3669 retis
2126 3607 2190 3667 in
2217 3623 2390 3669 mare
2414 3623 2426 3668 :
2447 3624 2713 3687 pascere
2739 3594 2984 3678 autem,
3010 3603 3616 3685 perinventionem

297 3702 362 3755 et
394 3703 750 3775 capturam.
797 3697 1063 3762 Interim
1099 3701 1380 3776 Petrum,
1421 3701 1536 3781 qui
1597 3702 1916 3781 prataliis
1969 3703 2332 3765 crediderat
2399 3702 2804 3784 majorisque
2855 3709 3028 3765 esset
3069 3699 3368 3770 fervoris.
3407 3709 3468 3763 et
3499 3699 3604 3762 di-

299 3807 472 3868 gnus
561 3795 674 3856 cui
755 3795 1034 3875 amplius
1123 3799 1548 3861 concredatur
1624 3799 2100 3873 ministerium,
2163 3799 2732 3879 comprobaturus,
2823 3807 2923 3862 ter
2998 3797 3266 3879 proprio
3337 3796 3606 3862 nomine

301 3896 512 3966 vorat,
584 3901 659 3952 ut
712 3910 842 3954 non
893 3894 1142 3958 dubitet
1180 3897 1445 3960 remissa
1499 3898 1624 3960 sibi
1674 3907 1962 3978 peccata.
1998 3920 2027 3955 ν
2076 3897 2226 3959 Haec
2284 3897 2397 3959 ille
2449 3904 2512 3959 et
2570 3895 2697 3960 alia
2752 3914 2900 3978 quae
2952 3913 3242 3960 consona
3305 3910 3609 3978 sequun-

302 3995 434 4052 tur.

380 4085 482 4148 96.
521 4086 724 4161 Quam
758 4086 988 4151 dissita
1051 4105 1203 4152 vero
1253 4099 1432 4165 sunt,
1493 4110 1642 4172 quas
1674 4111 1753 4155 ex
1820 4095 2042 4156 Graeco
2103 4099 2284 4155 textu
2341 4091 2811 4170 TheOphylacti
2873 4092 3093 4157 Rome
3156 4091 3335 4155 edito
3385 4092 3610 4156 Latino

297 4181 498 4250 vertit
543 4184 928 4247 Montanus!
967 4208 996 4243 α
1034 4185 1188 4248 Cum
1221 4188 1582 4267 prandendi
1618 4191 1799 4269 ﬁnem
1826 4193 1915 4272 fec

1995 4199 2102 4265 set,
2132 4190 2212 4264 τῷ
2241 4191 2437 4260 Πέτρῳ
2470 4189 2571 4261 τὴν
2600 4188 2948 4263 προστασίαν
2994 4187 3105 4242 τῶν
3156 4188 3259 4260 τῆς
3281 4189 3613 4262 οἰκουμένης

301 4278 600 4351 προϐάτων
625 4279 946 4352 ἐγχειρίζει,
975 4284 1076 4337 οὐκ
1100 4283 1248 4354 ἄλλῳ
1273 4284 1351 4352 δὲ,
1387 4285 1526 4341 ἀλλὰ
1554 4287 1731 4358 τούτῳ
1749 4289 1951 4359 ταυτὴν
1973 4287 2180 4342 δίδωσι.
2246 4286 2470 4356 Πρῶτον
2496 4285 2618 4356 μὲν,
2650 4286 2734 4339 ὅτι
2763 4285 2983 4341 πάντων
3007 4284 3284 4358 ἔκκριτος,
3318 4289 3411 4342 καὶ
3435 4289 3612 4360 στόμα

299 4369 398 4424 τοῦ
429 4368 593 4440 χοροῦ
627 4369 850 4432 παντός.
886 4371 1107 4434 Totius
1139 4373 1312 4436 orbis
1344 4382 1665 4440 terrarum
1707 4380 2152 4459 praefecturam
2215 4379 2399 4440 Petro
2463 4375 2792 4439 commisit
2828 4391 2992 4439 :non
3049 4382 3266 4439 autem
3301 4377 3440 4454 alii,
3495 4382 3610 4443 sed

301 4462 458 4527 huic
490 4465 705 4528 tradit.
744 4467 1028 4530 Primum
1064 4469 1360 4548 quidem,
1398 4472 1553 4550 quia
1603 4487 1830 4536 omnes
1869 4475 2299 4554 prmcellebat,
2363 4483 2425 4537 et
2488 4475 2690 4536 totius
2745 4481 2947 4538 ccetus
2995 4491 3068 4537 os
3134 4483 3310 4551 erat;
3365 4478 3612 4543 deinde

301 4562 657 4625 ostendens
724 4563 849 4643 ipsi
901 4565 1200 4628 ﬁduciam
1266 4584 1409 4631 esse
1469 4571 1877 4643 sumendam,
1933 4573 2283 4653 negatione
2311 4571 2514 4634 veluti
2574 4569 2789 4633 deleta
2843 4577 2906 4633 et
2937 4570 3257 4636 oblivioni
3298 4574 3606 4640 tradita...

303 4661 432 4722 Ter
497 4669 710 4725 autem
781 4663 1333 4746 euminterrogat,
1377 4667 1574 4729 simul
1611 4668 1879 4747 quidem
1913 4669 2274 4745 declarans,
2318 4676 2623 4750 quantam
2665 4667 3072 4731 credentium
3105 4686 3326 4733 curam
3359 4672 3608 4739 habeat»:

304 4763 370 4818 et
411 4760 586 4838 quod
622 4777 832 4840 usque
859 4762 1020 4824 adeo
1062 4779 1219 4824 oves
1243 4764 1498 4844 diligat,
1532 4775 1603 4827 ut
1635 4765 2004 4831 dilectionis
2039 4785 2190 4848 erga
2220 4786 2285 4831 se
2312 4767 2434 4830 hoc
2473 4773 2671 4846 ponat
2697 4763 3054 4849 iudicium,
3089 4770 3147 4831 si
3168 4769 3615 4835 oviumcuram

302 4860 640 4937 suscipiat.
674 4882 704 4916 ιι

387 4956 663 5034 Egregia
723 4974 835 5034 pro
881 4959 1084 5020 sancti
1143 4958 1312 5020 Petri
1341 4962 1648 5038 primatu,
1679 4979 1796 5025 seu
1839 4965 2036 5025 totius
2063 4963 2236 5024 orbis
2294 4963 2505 5025 ovium
2537 4961 2946 5042 pra/cetum,
3016 4966 3364 5030 sententia.
3429 4969 3612 5032 Paria

306 5060 482 5127 sunt,
552 5070 698 5133 qua)
732 5064 1139 5135 sequuntur:
1183 5057 1553 5130 Ἐνεγχειριξε
1614 5060 1714 5129 μὲν
1805 5061 1904 5133 τὴν

1995 5062 2177 5116 άντων
2248 5061 2356 5114 τῶν
2390 5061 2600 5114 πιστῶν
2670 5059 3038 5131 προστασίαν.
3070 5063 3134 5118 El
3188 5064 3300 5135 γὰρ
3356 5069 3451 5120 καὶ
3499 5068 3613 5123 τῶν

318 5149 717 5219 Ἰεροσολύμων
755 5153 781 5204 ὁ
825 5152 1090 5216 Ἰάκωϐος
1123 5154 1217 5208 τὸν
1261 5154 1451 5228 Θρόνον
1503 5155 1716 5222 ἔλασεν,
1748 5158 1882 5212 ἀλλὰ
1912 5160 2124 5231 Πέτρος
2153 5161 2254 5230 τῆς
2283 5157 2615 5229 οἰκουμένης
2645 5157 2888 5225 ἀπάσης.
2980 5159 3311 5225 Commisit
3367 5165 3616 5244 quidem

307 5244 501 5306 Petro
540 5245 819 5325 ﬁdelium
874 5252 1148 5311 omnium
1174 5254 1646 5333 prce/acturam.
1688 5254 1989 5331 Quamvis
2017 5258 2178 5319 enim
2205 5257 2483 5318 Iacobus
2505 5256 2712 5318 sedem
2767 5257 3238 5337 Hierosolymis
3270 5267 3610 5342 acceperit,

308 5345 418 5412 sed
445 5346 679 5408 Petrus
715 5349 911 5409 totius
970 5358 1287 5412 terrarum
1319 5354 1513 5416 orbis.
1558 5356 1632 5415 Et
1676 5353 1841 5416 infra
1879 5374 1892 5412 :
1927 5354 2128 5435 Opus,
2163 5355 2405 5434 inquit,
2451 5353 2758 5434 quodlibi
2815 5355 3254 5418 concreditum
3284 5369 3399 5434 est,
3455 5380 3608 5441 per-

304 5445 421 5518 fice
475 5465 496 5504 :
557 5453 884 5524 etsequere
950 5468 1072 5517 me,
1148 5452 1258 5530 qui
1340 5453 1530 5513 educo
1584 5463 1641 5514 te
1707 5452 1789 5514 ad
1856 5471 1922 5533 p1

1999 5454 2398 5526 dicationem,
2466 5455 2564 5507 καὶ
2605 5453 2708 5523 τὴν
2771 5452 3103 5525 οἰκουμένην
3161 5454 3384 5514 ἃπασαν
3435 5460 3617 5528 ἐγχει-

316 5540 542 5611 ρίξοντι,
605 5553 660 5604 et
696 5553 896 5603 totum
953 5546 1161 5607 orbem
1196 5550 1288 5610 ein
1335 5560 1477 5612 tuas
1523 5569 1746 5612 manus
1811 5550 2018 5614 trado.
2061 5550 2252 5613 Illum
2274 5559 2483 5611 autem
2534 5549 2896 5630 (Joannem)
2927 5552 2984 5612 si
3030 5550 3215 5613 velim
3258 5573 3507 5617 manere
3550 5560 3616 5619 in

312 5650 426 5712 hoc
450 5648 613 5719 loco,
657 5649 923 5710 Galil‘tea
971 5654 1240 5726 scilicet,
1271 5666 1328 5718 et
1360 5675 1487 5717 non
1522 5659 1772 5719 mittere
1799 5666 2024 5733 tecum,
2062 5660 2216 5740 quid
2251 5659 2332 5720 ad
2365 5667 2421 5720 te
2449 5659 2478 5718 ?

394 5753 560 5812 Num
596 5749 946 5827 haereseos,
987 5753 1304 5837 primatui
1343 5758 1650 5825 adversm.
1695 5756 1903 5836 ingeri
1930 5757 2226 5834 suspicio
2269 5763 2467 5838 queat
2498 5773 2576 5818 ex
2638 5755 2846 5832 capite
2898 5773 3008 5816 me
3065 5759 3269 5834 Luca),
3348 5777 3380 5821 a
3413 5777 3608 5844 vers.

315 5845 390 5911 15
424 5848 499 5910 ad
555 5861 727 5908 vers.
759 5845 860 5917 29,
903 5848 1011 5912 ubi
1045 5868 1190 5914 cuiu
1219 5853 1440 5915 Petrus
1475 5862 1534 5915 ct
1589 5853 1824 5919 l'aulus
1867 5865 2148 5934 quatuor
2187 5856 2439 5937 vicibus
2483 5872 2518 5919 a
2591 5850 3076 5929 TheOphylacto
3143 5861 3613 5932 memorentur,
