4098 6330
586 382 697 455 119
1433 378 1659 443 BERN.
1700 378 1967 443 MANE.
2003 378 2101 440 DE
2142 376 2427 439 RUBElS
2465 375 2970 439 DISSERTATIO
3727 364 3830 432 120

590 496 917 557 tte-Petrus
948 491 1088 571 ipse
1121 491 1188 555 in
1213 498 1392 556 textu
1425 492 1644 555 Graco
1679 509 1937 571 semper
1965 492 2162 555 Paulo
2196 492 2578 572 prapositus
2647 496 2972 564 occurrat;
3024 486 3125 550 bis
3180 484 3380 550 Paulo
3411 486 3695 557 Petrum,
3760 500 3835 548 ac

587 590 690 654 bis
720 591 907 654 Petro
931 589 1200 651 Paulum
1225 588 1655 667 antepositam
1712 605 1829 651 sua
1873 586 2265 668 expresserit
2316 587 2381 650 in
2446 588 2748 651 versione
2812 583 3402 664 OEcolampadius?
3467 579 3619 643 Mali
3673 576 3836 641 nihil

588 684 898 765 suspicati
944 692 1097 749 sunt
1134 686 1477 749 Montanus
1501 700 1576 749 ac
1632 685 1839 749 editor
1887 684 2519 765 Parisiensis:quod
2582 690 2884 757 attamen,
2941 681 2998 744 si
3055 680 3231 760 quod
3310 686 3480 741 esset
3538 676 3607 739 in
3665 674 3840 738 hete-

588 783 836 846 rodoxo
872 782 1248 859 interprete,
1289 781 1567 846 innuere
1601 781 1763 845 mihi
1816 782 2032 846 libuit.
2084 783 2396 846 Caeterum
2429 783 2599 867 Petri
2629 782 2974 856 primatum
3048 775 3573 842 luculentissime
3629 774 3840 837 Theo-

587 878 925 959 phylactus
985 877 1171 943 oﬂ‘ert
1217 878 1281 941 in
1337 878 1562 942 eodem
1621 882 1698 943 ad
1749 878 2172 959 Evangelium
2233 881 2419 943 Luca
2471 879 2943 953 Commentario
2984 876 3188 956 capite
3251 892 3405 947 un,
3462 872 3570 934 Ea:
3616 888 3736 950 quo
3782 878 3840 931 te

587 975 1052 1054 discipulorum
1110 976 1472 1057 principem
1523 976 1714 1039 habeo
1740 1022 1759 1051 ,
1806 986 2145 1057 postquam
2172 984 2396 1055 negato
2431 995 2523 1037 me
2547 976 2825 1056 ﬂeveris,
2887 973 3050 1036 etad
3086 971 3533 1055 panitentiam
3563 968 3834 1037 veneris,

587 1070 886 1151 conﬁrma
921 1080 1200 1134 cateroe.
1263 1071 1601 1134 Hocyenim
1649 1080 1708 1134 ts
1760 1072 1966 1147 decet,
1995 1083 2205 1153 προσήιε

2217 1100 2265 1138 ει
2300 1100 2406 1149 σοι,
2440 1075 2554 1153 qui
2573 1083 2727 1154 post
2783 1090 2876 1134 me
2920 1070 3221 1135 Ecclesia
3266 1077 3450 1147 petra
3498 1082 3585 1137 es,
3609 1070 3669 1125 et
3722 1061 3834 1142 ﬁr-

584 1178 981 1229 mamentum.
1036 1167 1133 1231 Ad
1189 1166 1367 1253 aliud
1426 1176 1878 1247 argumentum
1923 1169 2327 1235 diﬁicultates
2376 1169 2724 1249 pertinent,
2778 1185 2940 1249 quas
3003 1165 3337 1230 Launoius
3396 1162 3663 1243 ingerit,
3725 1158 3841 1222 ad-

582 1279 814 1325 versus
855 1263 1329 1353 'Bellarminum
1371 1262 1703 1327 disserens
1754 1265 2171 1344 epistularum
2229 1275 2406 1349 parte
2471 1285 2530 1342 v,
2566 1264 2846 1347 epistola
2892 1266 2934 1327 2
2961 1265 3039 1328 ad
3065 1262 3425 1336 Antonium
3459 1256 3840 1330 Varillaum,

584 1375 765 1422 num.
799 1360 880 1423 55
908 1365 970 1423 et
1023 1377 1203 1439 seqq.
3314 1432 3317 1445 κη

666 1457 768 1518 97.
832 1456 1019 1518 lrrito
1070 1463 1241 1521 certe
1297 1464 1447 1519 vuto
1505 1459 1969 1538 TheOphylacti
2043 1461 2232 1525 verba
2298 1460 2615 1541 objiceres
2673 1458 2751 1524 ad
2813 1472 3004 1540 caput
3070 1476 3108 1521 ι
3166 1448 3473 1531 Matthaai,
3540 1468 3709 1517 vers.
3783 1451 3843 1512 3.

585 1553 927 1614 Enumerat
956 1564 1186 1625 autem,
1240 1553 1635 1634 inquientis,
1680 1557 2121 1634 apostolorum
2160 1558 2415 1621 nomina
2437 1566 2709 1639 propter
2732 1553 3305 1638 pseudoapostolos
3337 1573 3357 1613 :
3390 1551 3707 1633 praponit
3738 1568 3849 1609 au-

590 1659 711 1709 tem
742 1647 1002 1710 Petrum
1040 1658 1098 1727 et
1125 1648 1459 1711 Andream.
1531 1652 1686 1714 Ideo
1719 1668 2021 1732 namque,
2068 1669 2279 1735 eoque
2310 1670 2506 1715 sensu
2553 1640 2718 1715 duos
2745 1651 2891 1715 illos
2937 1651 3059 1715 hoc
3102 1652 3243 1714 loco
3294 1647 3675 1730 prapositos
3726 1645 3839 1719 ait,

588 1746 885 1825 quoniam
926 1755 984 1808 et
1003 1748 1279 1826 primum
1303 1759 1485 1812 erant
1513 1748 1745 1811 vocati.
1777 1749 2119 1829 Temporis
2138 1752 2298 1815 ordo
2332 1759 2451 1827 est,
2488 1767 2616 1814 non
2648 1749 3004 1829 dignitatis.

670 1840 1009 1921 Philippus
1065 1844 1388 1907 Mornaus
1422 1846 1489 1911 in
1522 1844 1818 1909 Historia
1841 1855 2146 1926 papatus,
2184 1847 2424 1911 saeculo
2458 1863 2653 1920 nono,
2692 1846 2908 1925 ipsum
2936 1841 3491 1923 TheOphyiactum
3542 1838 3838 1919 opponit,

594 1955 789 2018 quem
840 1938 904 2001 in
962 1939 1315 2019 Epistulam
1371 1942 1448 2004 ad
1507 1942 1758 2006 Galatas
1818 1943 2022 2022 capite
2082 1962 2128 2005 ιι
2173 1945 2446 2007 aientem
2511 1942 2761 2005 inducit
2811 1940 3128 2004 :Paulum
3204 1937 3525 2000 ostendere
3548 1954 3612 1995 se
3659 1934 3849 1995 Petro

589 2034 881 2115 aqualem
912 2054 1065 2100 esse.
1122 2037 1477 2101 Lonicerus
1518 2038 1729 2113 vertit,
1763 2058 1827 2101 se
1856 2040 2124 2123 ejusdem
2161 2058 2288 2101 esse
2314 2057 2451 2101 cum
2514 2038 2702 2100 Petro
2758 2040 2956 2119 pretii
3002 2038 3057 2100 et
3118 2030 3851 2113 honoris.AgitibiBul-

592 2132 784 2209 gerit!)
811 2131 1343 2213 archiepiscopus
1398 2133 1477 2197 de
1531 2152 1799 2224 munere
1835 2136 2255 2216 apostolatus,
2335 2136 2546 2214 deque
2594 2135 3046 2216 pradicatione
3096 2134 3265 2214 apud
3328 2131 3634 2194 Hebraos
3668 2147 3855 2207 pecu-

585 2225 738 2292 liari
796 2226 988 2290 modo
1067 2228 1433 2293 commissa
1484 2231 1696 2305 Petro,
1754 2239 1816 2292 et
1890 2232 2061 2309 apud
2134 2241 2359 2312 gentes
2414 2231 2639 2294 Paulo.
2696 2234 2840 2305 Quo
2907 2230 3339 2293 nihilominus
3409 2226 3540 2305 pari
3606 2224 3850 2288 honore

592 2322 797 2399 salvo,
826 2322 1262 2391 disertissima
1317 2322 1637 2389 sententia
1682 2327 1826 2407 ejus
1854 2336 1972 2401 est,
2038 2330 2235 2391 totius
2258 2328 2428 2391 orbis
2456 2329 2666 2389 ovium
2703 2329 3171 2408 prafecturam,
3199 2344 3329 2391 non
3365 2324 3508 2398 alii,
3542 2321 3850 2385 sedPetro

594 2418 896 2482 traditam
936 2436 969 2481 a
1021 2420 1325 2483 Domino.
1353 2421 1694 2500 Apostolus
1743 2438 1970 2488 omnes
2023 2440 2206 2501 pares
2249 2424 2479 2499 fuisse,
2523 2425 2984 2487 catholicorum
3016 2439 3205 2485 nemo
3249 2422 3601 2493 inﬁciatur,
3635 2418 3847 2498 quoad

590 2516 987 2597 apostolatus
1017 2524 1407 2596 potestatem,
1448 2534 1640 2595 quam
1672 2518 2078 2580 intrinsecam
2126 2529 2182 2581 et
2217 2522 2608 2584 essentialem
2662 2528 2889 2583 vocant
2940 2519 3076 2594 alii,
3133 2518 3379 2599 aliique
3407 2514 3853 2577 extraordina-

588 2614 794 2683 riam;
829 2618 939 2677 sed
972 2617 1087 2675 uni
1118 2612 1331 2685 Petro,
1371 2612 1663 2675 collatam
1727 2613 1980 2689 docent,
2013 2633 2158 2695 quae
2201 2618 2437 2681 dicitur
2485 2618 2839 2689 ordinaria,
2885 2633 2957 2679 ac
3012 2614 3213 2677 veluti
3275 2612 3531 2676 muneri
3595 2620 3852 2689 aposto-

594 2713 759 2775 latus
799 2712 1097 2793 adjuncta
1152 2730 1167 2769 :
1236 2710 1298 2774 ét
1344 2711 1537 2774 hocce
1572 2712 1637 2773 in
1668 2712 1983 2791 regimine
2015 2716 2361 2778 credentes
2397 2734 2652 2788 omnes,
2688 2716 2993 2793 ipsosque
3022 2710 3353 2792 apostolos
3412 2717 3638 2773 tenent
3666 2710 3851 2771 Petro

589 2808 964 2872 inferiores.

675 2907 864 2973 Addit
909 2907 1228 2970 Mornaus
1286 2902 1523 2967 nullam
1560 2908 1840 2987 episcopi
1880 2908 2148 2971 Romani
2212 2910 2311 2972 his
2348 2912 2415 2973 in
2470 2912 2626 2975 locis
2663 2911 3036 2973 mentionem
3084 2908 3361 2973 habitam
3424 2924 3459 2971 a
3504 2906 3853 2985 Theophy—

596 3002 784 3067 lacto.
828 3003 955 3065 Cur
986 3018 1133 3064 vero
1193 3001 1587 3063 mentionem
1634 3002 2005 3080 ingesserit,
2062 3002 2171 3065 ubi
2208 3020 2420 3083 neque
2466 3004 2671 3079 locus,
2750 3021 2964 3081 neque
3008 3002 3138 3065 ulla
3166 3018 3360 3065 causa
3400 2999 3793 3081 exposcebat
3822 3001 3851 3059 Ἰ

592 3103 674 3164 At
732 3099 1040 3179 inquiunt
1089 3095 1385 3161 catholici
1424 3096 1773 3164 Ecclesiam
1824 3098 2135 3162 fundasse
2188 3099 2511 3163 Christum
2586 3102 2655 3163 in
2700 3109 3009 3163 aeternum
3079 3102 3479 3174 duraturam,
3561 3099 3851 3178 adeoque

592 3204 973 3279 perpetuam
1026 3194 1362 3276 regiminis
1389 3192 1655 3260 formam
1691 3196 1770 3258 ab
1800 3214 1877 3260 eo
1919 3196 2312 3273 institutam,
2369 3216 2514 3279 quas
2557 3215 2691 3261 non
2750 3197 2960 3261 solum
3013 3195 3080 3259 in
3151 3192 3372 3260 sancto
3439 3198 3658 3269 Petro,
3708 3210 3851 3257 cum

597 3297 791 3358 totius
822 3295 994 3358 orbis
1034 3295 1240 3356 ovium
1262 3295 1706 3375 prafecturam
1758 3295 1884 3375 ipsi
1912 3295 2191 3359 tradidit
2222 3295 2563 3379 Dominus,
2602 3312 2826 3358 verum
2859 3294 3049 3356 etiam
3088 3293 3156 3355 in
3189 3293 3682 3355 successoribus
3720 3292 3847 3352 Ro-

600 3391 809 3454 manis
840 3390 1251 3471 pontiﬁcibus
1289 3389 1594 3453 eluceret.
1627 3391 1693 3452 Id
1722 3407 1869 3455 vero
1900 3392 2167 3471 perenni
2193 3400 2255 3457 et
2287 3390 2807 3455 eonstantissima
2852 3389 3236 3453 saeculorum
3297 3386 3593 3452 omnium
3652 3386 3855 3450 tradi-

594 3490 772 3553 tione
824 3488 1175 3552 evincitur.
2172 3500 2175 3501 '

673 3587 779 3649 98:
811 3586 1326 3649 lmmoderatiori
1362 3586 1645 3665 profecto
1676 3587 2069 3653 conﬁdentia
2109 3588 2429 3651 Mornmus
2460 3586 2704 3667 aliique
2731 3585 3110 3648 heterodoxi
3143 3585 3353 3648 locum
3386 3581 3855 3663 Theophylacti

595 3684 1078 3762 apposuissent,
1122 3682 1236 3763 qui
1298 3682 1566 3746 habetur
1609 3685 1750 3765 ejus
1811 3685 1879 3747 in
1909 3684 2181 3763 epistola
2238 3681 2314 3742 ad
2372 3679 2705 3741 Nicolaum
2754 3679 3096 3740 diaconum
3151 3686 3210 3737 et
3267 3675 3704 3738 canstrisium.
3749 3675 3861 3736 Ait

592 3781 741 3842 ille:
797 3781 1090 3859 «Itaque
1137 3781 1191 3841 si
1251 3779 1692 3843 Occidentales
1744 3781 1909 3843 c‘irca
1978 3778 2241 3857 aliquod
2294 3777 2522 3856 dogma
2584 3782 2821 3849 errent,
2882 3773 3051 3852 quod
3128 3776 3378 3835 Patrum
3428 3772 3615 3834 ﬁdem
3677 3771 3861 3848 [LIX]

594 3880 885 3956 impetat,
918 3876 1269 3959 cujusmodi
1314 3886 1427 3953 est,
1476 3878 1641 3958 quod
1695 3877 1987 3957 Symbolo
2047 3876 2119 3937 de
2172 3875 2423 3955 Spiritu
2452 3881 2668 3934 sancto
2725 3870 3131 3944 addiderunt,
3168 3870 3276 3932 ubi
3334 3868 3697 3948 periculum
3761 3874 3860 3929 est

598 3974 991 4048 maximum;
1026 3973 1147 4036 hoc
1178 3974 1441 4053 qainon
1479 3974 1891 4037 emendatum
1926 3974 2267 4055 condonat,
2308 3971 2372 4033 id
2404 3971 2497 4032 illi
2536 3969 2888 4033 condonari
2933 3986 3063 4032 non
3102 3976 3343 4049 potest:
3372 3967 3492 4029 etsi
3515 3986 3593 4028 ea:
3623 3968 3857 4030 throno

600 4070 971 4151 loquantur,
1003 4088 1197 4152 quem
1248 4071 1595 4134 sublimem
1657 4070 1973 4139 sublimes
2012 4064 2426 4149 preponunt:
2464 4068 2586 4130 etsi
2615 4069 2791 4129 Petri
2821 4068 3277 4147 confessionem
3320 4063 3643 4145 proferant
3678 4082 3693 4121 :
3731 4063 3855 4126 etsi

608 4167 1063 4231 beatitudinem
1107 4166 1451 4242 adducant,
1484 4184 1562 4229 ex
1623 4166 1731 4229 illa
1759 4166 2216 4246 (confessione)
2240 4168 2565 4229 obtentam
2600 4185 2615 4222 :
2649 4161 2766 4227 etsi
2797 4164 2997 4225 claves
3046 4165 3231 4241 regni
3280 4163 3571 4225 calorum
3634 4168 3861 4223 contra

596 4281 715 4328 nos
748 4263 1096 4343 quatiendo
1130 4262 1410 4339 vibrent,
1464 4263 1705 4341 quibus
1752 4272 2061 4343 quantum
2113 4262 2685 4338 bonorareipsunt
2746 4268 2995 4339 putant,
3064 4268 3306 4323 tantum
3373 4260 3624 4336 seipsos
3657 4257 3862 4320 deho-

596 4366 882 4435 norant;
942 4376 1087 4423 eum
1143 4375 1219 4422 ea
1289 4376 1434 4439 qua
1502 4358 1950 4439 ille‘(Petrus)
2016 4360 2375 4433 constituit,
2438 4358 2565 4435 ipsi
2644 4357 3025 4428 dissolvent,
3100 4357 3551 4435 subruantque
3623 4353 3869 4417 funda»

599 4466 812 4520 menta
881 4457 1209 4533 Ecclesiae,
1265 4474 1400 4537 qua
1454 4456 1555 4519 illi
1597 4456 1967 4519 sustinenda
2028 4454 2389 4518 concredita
2444 4462 2594 4518 sunt
2680 4455 2814 4516 Hac
2875 4454 2941 4515 in
2992 4470 3058 4515 re
3122 4454 3176 4514 si
3230 4454 3378 4533 quis
3451 4470 3598 4515 es...
3635 4467 3860 4531 punge

598 4570 672 4613 ac
746 4553 893 4629 feri,
939 4564 1240 4633 tanquam
1315 4554 1509 4617 levita
1585 4572 1657 4617 ac
1723 4556 1838 4618 Dei
1904 4554 2223 4628 minister,
2299 4569 2408 4616 eos
2474 4552 2587 4631 qui
2656 4548 2884 4613 bellum
2963 4560 3191 4629 gerunt
3243 4567 3362 4628 pro
3436 4565 3699 4611 suarum
3752 4566 3860 4609 co-

603 4652 985 4729 gitationum
1034 4652 1380 4730 ﬁgmentis,
1438 4660 1498 4713 et
1522 4659 1709 4729 caput
1758 4652 2057 4713 attollunt
2088 4651 2668 4723 inxadorationcm,
2722 4655 2783 4709 et
2824 4664 3048 4711 omnes
3086 4646 3443 4708 submissos
3469 4645 3695 4708 volunt
3749 4644 3857 4707 sui

596 4746 1507 4827 principatusamplitudini.»
2132 4758 2138 4766 '
2244 4741 2327 4829 ’,

677 4850 749 4911 In
795 4848 926 4912 haec
961 4848 1177 4925 verba,
1209 4867 1354 4929 quae
1406 4868 1489 4913 ex
1518 4849 2077 4930 Responsionibus
2136 4849 2445 4913 Demetrii
2490 4848 2862 4913 Chomateni
2926 4846 3108 4908 aliert
3160 4848 3381 4907 Petrus
3437 4841 3723 4907 Pithceus
3785 4844 3853 4907 in

594 4947 887 5010 Historia
909 4948 1342 5008 controversia
1358 4946 1430 5009 de
1451 4949 1847 5027 processione
1871 4948 2153 5027 Spiritus
2174 4950 2400 5020 sancti,
2420 4945 2513 5009 sic
2529 4944 2980 5010 animadvertit
2999 4966 3010 5003 :
3027 4942 3175 5018 Qua
3195 4941 3499 5014 convicia,
3521 4940 3859 5020 inquiens,

598 5045 667 5103 in
694 5042 1026 5104 Nicolaum
1055 5043 1272 5121 potius
1307 5042 1407 5121 (ad
1440 5060 1634 5122 quem
1666 5043 2001 5120 scribebat)
2042 5062 2225 5124 quam
2268 5047 2335 5105 in
2366 5045 2561 5105 alium
2605 5042 2935 5123 quemlibet
2987 5041 3250 5113 directa,
3282 5041 3422 5118 quis
3457 5057 3583 5099 non
3624 5038 3795 5100 videt
3826 5042 3859 5101 ἵ

602 5138 740 5199 lmu
773 5138 1001 5200 viderit
1036 5154 1246 5201 nemo.
1298 5140 1420 5201 Aio
1468 5141 1743 5217 primum
1778 5159 1898 5219 ego
1934 5164 1949 5202 :
1993 5144 2204 5204 Sancti
2239 5141 2409 5203 Petri
2446 5140 2819 5219 primatum,
2852 5156 2925 5199 ac
2963 5138 3231 5199 Romani
3282 5136 3471 5196 etiam
3506 5136 3853 5213 pontiﬁcis,

600 5237 768 5296 Petri
798 5236 1016 5297 sedem
1045 5236 1350 5309 tenentis,
1389 5235 1510 5297 hoc
1541 5236 1606 5297 in
1646 5238 1780 5299 loco
1825 5240 2079 5317 agnosci
2122 5256 2155 5301 a
2208 5237 2687 5315 TheOphylacto
2721 5258 2735 5295 :
2787 5252 2857 5297 ac
2893 5252 3045 5296 sane
3090 5234 3498 5313 fundamenta
3533 5233 3855 5308 Ecclesia,

604 5332 738 5394 sive
786 5332 1101 5412 dagmata,
1155 5332 1517 5397 concredita
1550 5334 1769 5413 fuisse,
1807 5336 2031 5395 eodem
2058 5342 2340 5409 auctore,
2374 5334 2539 5395 Petri
2576 5332 2745 5406 sedi,
2782 5340 2853 5391 ut
2888 5332 3376 5391 sustinerentur.
3429 5330 3550 5390 Aio
3587 5330 3855 5405 deinde,

602 5429 780 5489 hisce
816 5430 1125 5507 primatus
1162 5430 1519 5508 privilegiis
1557 5430 1731 5491 abuti
1762 5430 2103 5509 Bulgarum
2137 5429 2696 5507 archiepiscopum
2738 5450 2751 5487 :
2808 5429 3165 5507 eademque
3217 5425 3642 5487 conviciantis
3678 5444 3853 5487 more

602 5524 669 5584 in
704 5526 954 5586 Latinos
987 5526 1235 5605 projici,
1266 5543 1335 5588 ac
1361 5528 1413 5587 si
1453 5529 1936 5606 processionem
1961 5529 2233 5605 Spiritus
2260 5526 2457 5587 sancti
2487 5541 2520 5585 a
2554 5525 2729 5585 Patre
2761 5523 3058 5601 Filioque
3090 5522 3417 5593 docentes,
3444 5520 3856 5603 fundamenta

603 5620 901 5681 Ecclesia
931 5629 1314 5683 everterent.
1354 5621 1525 5683 Adeo
1559 5641 1832 5699 namque
1875 5626 2163 5701 pertinax
2198 5632 2327 5691 erat
2363 5624 2633 5684 adverso
2678 5620 2744 5681 in
2779 5622 3097 5699 dogmate,
3141 5627 3210 5681 ut
3255 5619 3649 5679 contrarium
3692 5636 3847 5681 sen-

607 5716 837 5776 ticntes
894 5726 1142 5795 putaret
1175 5735 1361 5795 agere
1415 5727 1629 5780 contra
1682 5720 1859 5781 Petri
1904 5720 2116 5782 throni
2162 5723 2629 5790 auctoritatem,
2682 5726 2899 5780 contra
2955 5719 3404 5797 confessionem
3449 5718 3583 5797 ejus
3614 5733 3651 5780 a
3693 5719 3851 5779 Jesu

606 5810 855 5873 tiiiriSto
895 5816 1415 5889 commendatam,
1454 5826 1669 5879 contra
1704 5819 1880 5895 regni
1912 5817 2204 5881 calorum
2242 5821 2437 5883 claves
2476 5820 2732 5880 traditas
2770 5817 3001 5879 cidem.
3040 5814 3235 5877 Addit
3275 5815 3462 5879 etiam
3499 5814 3627 5881 bile
3672 5831 3847 5879 com-
