4098 6330
238 378 335 453 191
1095 384 1196 446 DE
1236 382 1820 459 THEOPHYLAC’I‘I
1861 384 2137 447 GESTIS
2178 386 2277 447 ET
2314 385 2688 451 SCRIPTIS.
3200 408 3203 411 '
3417 381 3526 450 122

234 502 449 558 motus
483 490 780 557 convicia
816 491 1132 555 adversus
1173 490 1627 571 expeditiones
1671 509 1915 568 sacras,
1949 511 2099 575 quae
2134 511 2213 559 eo
2252 503 2548 578 tempore
2592 495 3151 577 suscipiebantur,
3204 496 3523 584 Romanis

235 589 649 671 pontiﬁcibus
707 589 1239 670 approbantibus.
1298 591 1448 655 Haec
1486 607 1792 669 germana
1844 590 2311 673 TheOphylacti
2352 613 2559 671 mens,
2611 594 3008 677 prejud’iciis
3042 594 3271 676 utique
3302 602 3526 658 contra

237 689 493 749 Lstinos
526 696 854 763 occupata,
896 685 1015 757 sed,
1050 686 1426 748 hominibus
1459 687 1880 749 heterodoxis
1927 690 2204 751 nimium
2236 691 2536 756 adversa.
2587 700 2596 710 '
2656 752 2661 775 ι

310 785 409 845 99.
445 787 771 864 Insignem
803 784 980 846 illam
1017 782 1297 847 Mirhaaae
1330 783 1758 862 prephetiam,
1799 786 1879 847 de
1914 786 2035 847 viri
2065 784 2346 848 illustris
2379 797 2527 851 ortu
2566 790 2630 851 in
2672 790 2932 853 civitate
2962 786 3366 861 Bethlehem,
3403 785 3523 848 de-

230 888 459 942 tortam
493 879 702 945 fuisse
732 881 815 942 ad
846 881 1290 945 Zorobabelem
1318 898 1351 944 a
1390 881 1897 969 Theophylacto,
1922 884 2212 963 itemque
2245 901 2282 947 a
2310 885 2777 967 Chrysostomo
2816 872 2879 948 et
2919 884 3295 963 Euthymio,
3342 878 3525 946 nota-

235 978 321 1039 vit
359 980 583 1041 Petrus
610 980 836 1041 Daniel
866 980 1145 1042 Huetius
1177 980 1244 1042 in
1274 968 1825 1041 Demonstratione
1857 982 2236 1060 evangelica,
2261 982 2711 1062 propositione
2748 1001 2882 1051 VIII,
2923 998 3104 1044 num.
3142 998 3323 1042 xxvr.
3362 968 3513 1042 Huic
3544 1032 3550 1050 ,

230 1076 514 1139 aientem
548 1077 931 1139 dormitasse
962 1078 1174 1141 virum
1207 1078 1683 1148 doctissimum.
1720 1079 1968 1155 primus
2002 1079 2161 1142 vidit
2192 1087 2254 1141 et
2284 1080 3001 1143 admonuitRichardus
3023 1077 3357 1141 Simonius
3380 1075 3523 1139 loco

230 1192 431 1253 supra
462 1175 679 1237 citato.
716 1174 960 1237 Judaais
992 1173 1453 1241 Zorobabelem
1485 1173 1993 1236 obtrudentibus
2027 1176 2406 1239 adversatur
2450 1175 2554 1238 his
2589 1175 2807 1239 verbis
2855 1174 3396 1259 archiepiscotius
3441 1172 3519 1235 ad

226 1271 510 1334 Matthmi
542 1279 731 1347 caput
759 1289 829 1341 ιι,
871 1272 1103 1331 Dicunt
1132 1270 1365 1343 Judtei,
1398 1270 1730 1349 inquiens,
1764 1269 2077 1349 quodehoc
2118 1262 2611 1349 praedictumsit
2642 1271 2717 1335 de
2746 1269 3102 1333 Zorobabel
3147 1290 3167 1341 ;
3206 1267 3317 1330 sed
3342 1286 3522 1330 men-

225 1365 485 1427 tiuntur
524 1353 878 1446 mani/este.
910 1365 1163 1427 Etenim
1190 1365 1548 1427 Zorobabel
1577 1366 1800 1427 nonin
1831 1366 2193 1430 Bethlehem
2221 1377 2414 1428 natus
2447 1376 2541 1429 est
2582 1390 2601 1437 :
2632 1366 2742 1429 sed
2771 1369 2842 1429 in
2882 1364 3207 1446 Babylone
3244 1410 3260 1426 .
3296 1410 3313 1426 .
3350 1411 3367 1428 .
3400 1361 3525 1427 Sed

227 1474 291 1524 et
318 1464 658 1543 prophetia
679 1464 1008 1541 manifeste
1039 1468 1257 1542 arguit
1289 1482 1415 1534 eos,
1451 1462 1702 1525 dicens:
1734 1484 1764 1520 α
1790 1464 2103 1542 Egressus
2128 1464 2261 1545 ejus
2289 1484 2329 1525 α
2352 1465 2712 1545 principio,
2743 1483 2783 1525 a
2813 1463 3035 1545 diebus
3066 1463 3469 1525 wternitatis.
3492 1485 3519 1517 η

228 1561 428 1641 Cujus
455 1570 662 1622 autem
691 1560 960 1624 alterius
994 1580 1282 1641 egressus
1310 1562 1441 1639 fuit
1465 1561 1541 1622 ab
1570 1562 1761 1623 initio
1800 1571 1858 1623 et
1909 1581 1956 1625 a,
1982 1561 2203 1623 diebus
2245 1562 2652 1636 aeternitatis,
2695 1580 2879 1643 quam
2918 1561 3182 1634 Christi,
3222 1561 3331 1639 qui
3360 1558 3519 1620 duos

224 1676 514 1736 egressus
528 1656 770 1730 habuit,
787 1660 902 1721 hoc
920 1667 1011 1719 est
1039 1652 1408 1721 nativitates
1430 1661 1459 1720 ἵ
1478 1659 1560 1720 Di
1570 1669 1718 1719 cant
1736 1660 1941 1738 igitur
1954 1662 1996 1723 J
2002 1658 2187 1737 udwi,
2215 1678 2366 1721 num
2382 1661 2437 1722 Ζ
2440 1658 2743 1723 orobabel
2756 1658 2836 1721 ab
2852 1658 3043 1722 initio
3064 1657 3269 1740 fuerit
3293 1659 3324 1719 ?
3374 1656 3518 1711 ’Δὶ-λ’

222 1755 326 1809 οὐκ
352 1755 567 1825 ἔχουσιν
590 1756 785 1821 εἰπεῖν,
810 1755 934 1818 Sed
961 1774 1091 1816 non
1134 1755 1391 1830 habent,
1428 1754 1598 1837 quod
1610 1756 1840 1819 dicant

1010 1774 1091 1816 on
1134 1755 1391 1830 habent,
1428 1754 1866 1837 quoddicant.
2626 1760 2628 1763 ’

304 1860 546 1921 Eadem
584 1858 862 1938 legimus
897 1855 1088 1919 verba
1114 1857 1283 1935 apud
1324 1856 1638 1918 Joannem
1681 1855 2219 1934 Chrysostomum
2256 1862 2317 1919 et
2350 1854 2781 1937 Euthymium
2834 1853 2912 1917 ad
2960 1852 3181 1932 ipsum
3239 1853 3523 1920 Matthmi

223 1955 462 2018 locum.
490 1955 720 2031 Quid?
750 1953 924 2038 quod
956 1953 1153 2016 etiam
1185 1953 1249 2014 in
1287 1952 1509 2014 eadem
1542 1952 1879 2031 praph'etia
1918 1970 2047 2016 non
2083 1953 2313 2029 alium,
2366 1954 2495 2016 nisi
2542 1956 2771 2019 Jesum
2813 1952 3145 2015 Christum
3191 1950 3526 2016 intellexit

221 2051 748 2133 TheOphylactus
770 2051 836 2115 in
860 2050 1336 2114 Commentario
1354 2049 1804 2125 adMiehmam,
1820 2058 1891 2113 ut
1914 2051 1983 2113 in
2006 2051 2234 2114 codice
2254 2049 3053 2115 Bavarico-Monachiensi
3078 2048 3394 2111 habetur:
3428 2052 3525 2107 Ἐκ

222 2149 317 2203 σοῦ
346 2151 455 2221 γὰρ
486 2149 767 2206 ἐλεύσεται
798 2151 826 2204 ὀ
858 2148 1119 2220 Χριστὸς,
1148 2146 1207 2211 ὃς
1237 2146 1393 2218 ἄρξει
1420 2145 1517 2201 τοῦ
1538 2147 1781 2219 Ἰσραήλ,
1816 2148 1840 2217 Ᾱ

1907 2167 1925 2209 r
1978 2156 2035 2210 te
2089 2150 2253 2211 enim
2302 2150 2489 2211 exist:
2527 2147 2862 2223 Christus,
2923 2147 3036 2228 qui
3084 2145 3525 2209 dominabitur

218 2247 447 2312 Israel.
482 2250 715 2314 Caetera
750 2247 1109 2329 prbphetiaa
1134 2248 1324 2310 verba
1356 2247 1470 2308 uni
1499 2248 1657 2310 Jesu
1681 2245 1937 2311 Christo
1966 2246 2226 2327 egregie
2255 2245 2866 2327 adaptat-interpres
2891 2242 3440 2326 Theophylactus.

1785 2422 1968 2485 XXV.

219 2586 387 2669 Napi
419 2586 797 2669 Testamenti
824 2582 1723 2669 qodem,_quoTheophylaetus
1756 2580 2079 2669 utebatur,
2114 2580 2360 2669 integer
2383 2580 2451 2669 in
2466 2589 2788 2669 postremo
2820 2578 3029 2669 sancti
3063 2576 3526 2669 x‘lfarci'cppite.

304 2666 573 2728 Mutilus
612 2665 684 2726 in
710 2657 980 2735 Joanne,
1002 2657 1114 2725 ubi
1146 2663 1219 2723 de
1250 2657 1513 2724 muliere
1529 2660 1824 2723 adultera
1852 2663 2096 2738 agitur.
2128 2657 2714 2739 Intérpolationum
2748 2659 3063 2737 specimen
3084 2676 3159 2719 ac
3186 2657 3529 2720 lectionum

295 2745 745 2824 genuinarum.
779 2742 1079 2820 Quianam
1111 2742 1347 2804 codicis
1378 2745 1609 2805 divisio
1644 2744 1712 2802 in
1742 2742 1957 2820 capita
1997 2742 2394 2819 minoresque
2426 2740 2763 2800 secliones.

300 2892 443 2954 100.
476 2893 768 2956 Graecum
802 2893 961 2956 Novi
1006 2885 1399 2953 Testamenti
1432 2888 1753 2959 codicem,
1790 2904 1984 2968 quem
2023 2886 2163 2949 suis
2195 2882 2726 2964 TheOphylactus
2768 2882 3135 2946 illnstrabat
3171 2886 3524 2947 Commen-

218 2989 427 3061 tariis,
464 2998 788 3066 postremo
819 2987 962 3051 loco
995 2992 1367 3067 expendere
1400 2988 1587 3051 liceat
1647 2987 1921 3068 ejusque
1963 2992 2177 3045 notam
2212 2981 2535 3045 indicare.
2558 2979 2842 3059 Legebat
2875 2980 2989 3042 ille
3028 2981 3091 3041 in
3127 2989 3316 3043 sexto
3346 2982 3533 3059 (ieci-

220 3101 323 3147 mo
364 3085 559 3147 Marci
612 3084 822 3161 capite
885 3103 1123 3147 comma
1176 3103 1413 3165 nonum
1466 3100 1611 3145 cum
1650 3083 2082 3163 sequentibus
2130 3080 2207 3143 ad
2262 3081 2455 3144 ﬁnem
2492 3096 2705 3159 usque
2745 3100 2758 3140 :
2815 3095 2994 3141 acea
3038 3094 3193 3142 sane
3234 3079 3526 3157 exponit.

190 3181 589 3245 -Sectionem
623 3180 813 3255 hanc,
843 3198 961 3243 seu
999 3181 1266 3260 capituli
1292 3188 1530 3259 partem
1569 3189 1682 3242 aut
1701 3197 1831 3241 non
1859 3179 2206 3258 recipimus
2235 3174 3126 3256 [LXI-(aiebatﬂieronymus
3150 3174 3217 3236 in
3254 3176 3533 3253 epistola

219 3279 295 3341 ad
326 3278 735 3360 Hedibiam,)
770 3277 937 3359 quod
966 3277 1033 3340 in
1062 3278 1261 3339 variis
1290 3279 1505 3359 fertur
1551 3267 2225 3355 evangeliis,omnibus
2252 3275 2513 3338 Gracia:
2540 3274 2725 3338 libris
2754 3293 2915 3354 pene
2950 3293 3081 3336 non
3107 3274 3487 3337 habentibus
3511 3303 3533 3346 .-

213 3376 577 3457 prresertim
640 3394 781 3437 cum
842 3374 1097 3437 diversa
1151 3384 1338 3454 atque
1401 3374 1737 3437 contraria
1790 3373 2193 3451 evangelistis
2252 3374 2496 3435 caeteris
2584 3390 2858 3433 narrare
2910 3371 3229 3434 videatur.
3289 3373 3538 3458 Eadem.

222 3479 317 3533 est
346 3474 427 3534 ad
454 3488 606 3534 eum
644 3471 856 3534 locum
885 3469 1696 3552 animadversio‘Gregorii
1729 3470 2014 3550 Nysseni
2047 3469 2343 3535 oratione
2376 3489 2424 3533 ιι
2454 3468 2528 3532 de
2550 3471 3061 3546 Resurrectione,
3091 3486 3163 3543 ac
3192 3468 3534 3551 Euthymii

222 3570 584 3651 Zygabeni.

298 3692 514 3756 Satius
540 3690 737 3754 fuerit
764 3710 910 3755 cum
938 3694 1184 3780 Joanne
1222 3693 1431 3757 Millio
1463 3694 1770 3757 adnotare
1802 3714 1820 3756 :
1858 3716 1888 3751 α
1923 3692 2337 3774 Exemplaria
2362 3711 2522 3757 mss.
2560 3690 2626 3755 ut
2661 3699 2722 3755 et
2755 3692 3093 3754 versiones
3123 3691 3513 3767 universim,

222 3791 543 3855 Irenaeum
593 3792 772 3865 item,
812 3793 1232 3853 Ammonium
1267 3793 1335 3853 in
1396 3794 1839 3855 Monotessaro
1885 3790 2252 3871 (Tatianum
2296 3793 2365 3857 in
2407 3809 2526 3855 sua
2561 3790 2975 3872 Harmonia),
3032 3790 3418 3867 Eusebium,
3466 3800 3537 3854 ut

223 3896 489 3967 apparet
520 3906 598 3951 ex
640 3887 909 3950 Tabulis
941 3889 1303 3963 Canonum,
1355 3888 1812 3963 Athanasium,
1860 3889 2334 3966 Augustinum,
2370 3887 2957 3968 TheOphylactum,
2994 3882 3356 3967 capitulum
3408 3888 3531 3953 hoc

221 4001 618 4063 agnoscere:
654 3994 724 4047 ut
759 3986 840 4048 de
873 3984 1135 4057 αὐθεντίᾳ
1166 3985 1348 4047 illius
1385 4004 1511 4049 non
1579 3988 1663 4048 sit
1721 3986 1893 4066 quod
1933 3986 2334 4050 dubitemus.
2372 3985 2733 4049 Praasertim
2782 4004 2930 4049 cum
2965 3987 3154 4061 ratio,
3204 3986 3289 4050 ob
3338 4004 3533 4067 quam

227 4083 640 4146 omitteretur
669 4081 851 4158 olim,
877 4082 1126 4145 scilicet
1157 4082 1325 4162 quod
1350 4082 1607 4145 diversa
1632 4093 1817 4162 atque
1848 4085 2178 4146 contraria
2207 4082 2612 4165 evangelistis
2633 4085 2875 4147 caeteris
2905 4103 3182 4147 narrare
3214 4084 3533 4161 videatur,

221 4180 495 4242 omnino
526 4178 704 4242 nulla
728 4181 926 4255 sit,ut
956 4180 1961 4244 ostenduntcommentatoresin
1995 4181 2234 4243 locum.
2283 4204 2312 4239 ››
2349 4185 2784 4261 Apparentem
2817 4181 2987 4244 tollit
3022 4183 3160 4262 ipse
3192 4182 3543 4263 Theophy-

221 4274 426 4339 lactus
457 4276 864 4358 antilogiam.
903 4280 1243 4342 Matthmus
1274 4278 1483 4357 capite
1512 4298 1739 4354 xxvm,
1773 4299 1833 4343 v.
1867 4278 1924 4352 1,
1966 4279 2063 4340 sic
2094 4281 2183 4341 ait
2224 4297 2237 4341 :
2306 4282 2569 4359 Vespere
2611 4292 2824 4340 autem
2866 4280 3152 4353 Sabbati,
3194 4298 3328 4361 quae
3375 4281 3541 4341 luce-

222 4374 339 4437 scit
366 4376 440 4437 in
464 4377 683 4455 prima
712 4375 973 4438 Sabbati
1005 4424 1019 4439 .
1061 4422 1077 4439 .
1120 4425 1134 4439 .
1169 4378 1466 4439 surrexit
1501 4378 1822 4439 Christus.
1855 4377 2057 4439 Marci
2098 4395 2253 4441 vero
2292 4378 2486 4440 verba
2517 4385 2670 4439 sunt
2707 4398 2721 4439 :
2771 4377 3051 4456 Surgens
3095 4388 3308 4439 autem
3350 4370 3534 4439 mane

220 4474 434 4550 prima
463 4472 749 4536 Sabbati.
783 4474 1402 4554 Interpretationem
1436 4475 1908 4556 TheOphylacti
1947 4476 2168 4554 accipe
2203 4497 2223 4537 :
2271 4500 2298 4532 α
2336 4478 2493 4539 Cum
2537 4476 2928 4536 surrexisset
2959 4476 3171 4536 Iesus.
3215 4476 3352 4537 Hoc
3394 4475 3538 4539 loco

230 4577 543 4677 punc‘tum
567 4587 759 4649 pone.
797 4572 1049 4634 Deinde
1086 4573 1194 4633 dic
1230 4595 1244 4632 :
1285 4572 1474 4633 Mane
1517 4574 1730 4651 prima
1769 4572 2035 4636 Sabbati
2067 4575 2379 4654 apparuit
2429 4574 2661 4635 Maria:
2705 4568 3123 4653 Magdalence.
3176 4575 3314 4636 Non
3370 4572 3543 4637 enim

224 4667 516 4728 surre'xit
545 4686 745 4729 mane.
774 4668 937 4742 Quis
972 4669 1148 4731 enim
1183 4670 1369 4741 vidit,
1412 4670 1677 4747 quando
1710 4671 2058 4732 surrexit?
2092 4672 2216 4732 Sed
2252 4672 2560 4750 apparuit
2590 4689 2793 4745 mane,
2826 4671 3160 4733 Dominica
3192 4670 3333 4746 die,
3398 4688 3551 4751 quas

230 4770 321 4824 est
358 4764 570 4842 prima
620 4766 902 4841 Sabbati,
964 4767 1085 4830 hoc
1114 4774 1212 4829 est
1256 4767 1702 4829 hebdomadis.
1750 4788 1779 4823 »
1824 4769 2276 4848 Augustinum
2334 4768 2697 4831 Calmetum
2747 4766 3023 4831 consule
3070 4769 3149 4831 de
3208 4766 3366 4831 hora
3415 4785 3547 4849 qua

229 4858 529 4925 Christus
561 4879 597 4923 a
624 4864 898 4926 mortuis
940 4863 1324 4927 resurrexit.

311 4980 449 5039 101.
492 4979 696 5056 Caput
727 4981 1021 5055 Joannis,
1068 4984 1240 5059 quod
1277 4991 1575 5046 octavum
1614 4992 2012 5058 numeratur,
2054 4986 2156 5047 his
2188 4985 2445 5048 orditur
2478 4987 2696 5049 verbis
2722 4987 3256 5066 archiepiscopus
3298 4990 3545 5065 Bmga-

226 5076 333 5137 ria)
365 5097 379 5134 :
412 5073 907 5156 Responderunt
927 5088 983 5141 et
1004 5080 1381 5145 dixeruntei
1427 5106 1445 5144 :
1491 5086 1657 5149 Num
1700 5093 1753 5146 et
1801 5083 2187 5147 tuGalilwus
2222 5104 2282 5145 es
2319 5086 2347 5145 7
2392 5086 2696 5145 Scrutare
2721 5096 2778 5147 et
2812 5083 2952 5147 vide
2988 5084 3158 5166 quod
3211 5104 3248 5144 a
3276 5084 3547 5146 Galila’a

224 5176 544 5255 propheta
574 5195 702 5236 non
730 5179 1113 5242 surrexerit.
1178 5180 1356 5242 Istud
1390 5200 1633 5244 comma
1670 5190 1767 5244 est
1798 5184 1875 5249 5'2
1921 5184 1983 5244 in
2023 5182 2299 5263 vulgatis
2335 5183 2546 5262 capite
2582 5184 2887 5261 septimo.
2922 5186 3085 5245 Tum
3120 5186 3289 5264 apud
3330 5184 3545 5261 ipsum

234 5270 790 5349 Theophylactum
822 5276 1169 5354 sequitur:
1222 5278 1459 5341 Iterum
1496 5282 1702 5358 igitur
1747 5281 1835 5342 eis
1890 5281 2139 5343 locutus
2174 5292 2264 5341 est
2311 5284 2500 5343 Iesus
2530 5304 2547 5342 :
2578 5282 2715 5359 Ego
2768 5300 2904 5341 sum
2958 5282 3077 5342 lux
3116 5280 3363 5343 mundi.
3417 5280 3545 5355 Qui

233 5371 529 5446 sequitur
588 5389 702 5445 me,
760 5388 889 5431 non
934 5372 1288 5437 ambulabit
1340 5378 1408 5438 in
1469 5378 1771 5454 tenebris,
1823 5376 1931 5439 sed
1976 5377 2229 5440 habebit
2262 5379 2469 5439 lumen
2501 5380 2646 5439 vitea
2684 5401 2699 5447 ;
2738 5378 2912 5458 quod
2950 5386 3047 5439 est
3080 5394 3327 5439 comma
3374 5379 3449 5437 12
3486 5396 3541 5437 li)

238 5475 462 5529 octavo
511 5469 745 5546 capite.
806 5470 1029 5548 Itaque
1078 5472 1219 5551 ejus
1268 5476 1332 5535 in
1388 5478 1612 5539 codice
1679 5477 1971 5538 defuisse
2032 5476 2289 5537 videtur
2340 5492 2587 5536 comma
2641 5476 2717 5536 53
2779 5491 2910 5553 quo
2966 5475 3317 5553 septimum
3356 5485 3544 5550 caput

240 5565 569 5625 clauditur
602 5582 615 5624 :
658 5565 738 5625 Et
774 5568 1015 5627 reversi
1045 5580 1193 5630 sunt
1226 5576 1654 5653 unusquisque
1690 5577 1755 5635 in
1804 5575 2054 5637 domum
2085 5594 2283 5635 suam.
2322 5575 2575 5651 Integra
2616 5590 2785 5640 vero,
2824 5591 2972 5651 qum
3016 5573 3252 5650 legitur
3304 5571 3542 5631 ibidem

241 5659 308 5723 in
347 5662 668 5741 Vulgatis,
709 5665 1003 5727 Mulieris
1036 5668 1341 5730 adultera:
1374 5670 1642 5734 historia
1667 5673 2156 5735 desiderabatur
2199 5694 2212 5732 :
2250 5679 2309 5734 et
2364 5673 2525 5733 hanc
2557 5680 2679 5732 suo
2720 5687 2852 5732 non
2904 5670 3173 5750 εκμοοὶι
3210 5684 3546 5730 commcn—

244 5758 404 5820 tario
438 5759 784 5839 Bulgarus.

322 5854 453 5918 Hac
508 5856 589 5919 de
623 5874 690 5920 re
727 5860 849 5923 lato
897 5878 1013 5940 pro
1058 5862 1371 5945 dignitate
1410 5884 1709 5932 sermone
1745 5875 1944 5949 agunt
1978 5886 2173 5932 sacrm
2206 5846 2554 5948 Scriptura).
2598 5867 2988 5941 interpretes
3025 5874 3085 5930 et
3123 5864 3326 5928 critici
3366 5864 3536 5927 scri-
