4098 6330
671 341 776 426 δτι
1513 291 1748 411 PERN.
1785 344 2056 410 ΗΑΒΙῶ
2093 343 2192 406 DE
2229 340 2518 417 RUBEIS
2553 336 3056 403 DISSERTATIO
3803 328 3903 398 124

673 467 908 542 ptores.
956 461 1387 540 Quamplures
1436 463 2095 535 memorantGrmcos
2127 460 2411 540 codices,
2459 465 2522 522 et
2572 456 2908 519 versiones
2945 453 3345 517 Armenicam
3377 459 3442 519 et
3473 453 3802 535 Syriacam
3835 453 3900 518 in

673 557 1052 638 Polyglottis
1084 560 1557 627 Parisiensibus
1595 568 1658 622 et
1691 547 2239 633 Londinensibus,
2271 557 2380 621 ubi
2421 562 2730 619 commata
2762 553 2873 616 illa
2905 552 3297 615 omittuntur
3325 571 3346 627 ;
3383 552 3744 632 eademque
3771 565 3896 612 non

673 663 1010 732 exponunt
1043 657 1387 734 Origenes,
1422 656 1948 738 Chrysostomus,
1976 659 2244 722 Nonnus
2287 662 2350 718 et
2382 654 2516 719 alii.

749 751 1010 815 Mutilos
1030 751 1399 834 bujusmodi
1418 755 1672 817 codices
1701 753 1932 829 fuisse,
1956 753 2329 817 mutilumve
2348 752 2632 814 codicem
2659 744 3143 828 TheOphylacti,
3170 762 3284 822 pro
3309 751 3482 808 certo
3511 744 3900 808 habendum.-

670 851 914 912 Partem
950 848 1110 912 banc
1146 858 1395 928 prastat
1424 850 1642 918 Latina
1674 847 1915 930 vulgati
1970 850 2343 929 interpretis
2370 844 2859 928 versi~o,quaain
2896 846 3117 907 codice
3143 841 3650 920 Cantabrigensi,
3693 839 3899 903 Millio

669 944 1036 1019 adnotante,
1068 953 1458 1021 asservatur,
1493 947 1701 1029 qualis
1729 955 1876 1011 ante
1906 946 2288 1028 Hieronymi
2331 947 2814 1027 castigationem
2847 943 3154 1008 exstabat.
3193 943 3337 1020 Ipse
3369 946 3639 1003 testatur
3676 939 3899 1001 Hiero-

668 1055 904 1118 nymus
964 1041 1129 1106 libro
1197 1062 1244 1105 ιι
1296 1055 1522 1110 contra
1567 1045 1967 1124 Pelagianos,
2016 1061 2197 1108 num.
2244 1043 2344 1119 17,
2381 1045 2452 1107 in
2487 1043 2830 1124 Evangelia
2857 1039 3212 1125 secundum
3253 1041 3560 1102 Joannem
3588 1038 3657 1099 in
3685 1035 3900 1099 multis

666 1133 908 1198 Gracia
944 1147 1002 1200 et
1050 1138 1299 1203 Latinis
1323 1140 1643 1204 codicibus
1671 1141 1946 1206 inueniri
1968 1139 2042 1202 de
2069 1140 2358 1204 adultera
2380 1139 2665 1206 muliere.
2718 1138 2929 1220 Hujus
2981 1135 3316 1200 historiam
3349 1135 3488 1196 suis
3521 1133 3589 1195 in
3625 1134 3901 1196 Harmo-

664 1231 792 1293 niis
831 1232 1201 1313 euangelicis
1244 1237 1664 1301 inseruerunt
1691 1237 2024 1311 Tatianus,
2064 1239 2287 1301 stnculi
2334 1237 2632 1312 secundi,
2679 1244 2744 1300 et
2791 1235 3178 1300 Ammonius
3211 1232 3378 1296 tertii
3419 1231 3719 1309 scriptor.
3754 1231 3902 1293 Eam

667 1325 899 1390 habent
951 1329 1161 1394 Latini
1219 1331 1473 1396 codices
1534 1338 1784 1406 omnes,
1826 1339 2009 1414 ‘quos
2055 1333 2185 1394 viri
2211 1333 2572 1397 doctissimi
2622 1332 3008 1412 inspexere:
3063 1348 3144 1394 ac
3195 1329 3459 1413 plurimi
3504 1327 3738 1390 habent
3767 1342 3905 1390 eam

668 1423 870 1488 Graeci
902 1424 1180 1501 codices,
1215 1443 1381 1506 quos
1412 1413 1864 1508 expenderent
1895 1429 2277 1496 Theodorus
2306 1432 2494 1506 Beza,
2523 1428 2842 1495 Robertus
2874 1430 3264 1508 Stephanus,
3303 1427 3588 1488 Joannes
3625 1422 3903 1487 Millius.

668 1516 1060 1586 omissionis
1092 1523 1157 1586 in
1197 1524 1529 1605 aliquibus
1557 1543 1816 1596 causam
1846 1527 2052 1606 aperit
2078 1527 2483 1606 Augustinus
2508 1525 2673 1589 libro
2703 1543 2752 1588 ιι
2779 1525 2868 1588 De
2903 1524 3219 1606 conjugiis
3270 1520 3674 1593 adulterinis,
3697 1517 3906 1598 capite

667 1618 726 1678 7.
764 1634 781 1675 :
816 1641 846 1676 α
883 1620 1188 1685 Nonnulli
1237 1623 1508 1690 modica
1551 1623 1725 1700 ﬁdei,
1783 1625 2117 1706 inquiens,
2146 1627 2247 1688 vel
2291 1625 2507 1704 potius
2553 1622 2805 1687 inimici
2855 1639 3022 1688 verae
3062 1621 3235 1692 ﬁdei,
3280 1618 3498 1692 credo,
3545 1623 3907 1680 metuentes

664 1715 970 1791 peccandi
1015 1715 1467 1794 impunitatem
1511 1723 1665 1802 dare
1699 1721 2086 1785 mulieribus
2123 1722 2262 1786 suis
2297 1721 2462 1785 illud
2495 1721 2672 1801 quod
2705 1719 2786 1802 de
2815 1717 3123 1804 adultera)
3153 1714 3558 1796 indulgentia
3590 1713 3906 1777 Dominus

662 1807 837 1882 fecit.
870 1811 1195 1876 auferrent
1227 1815 1307 1878 de
1339 1817 1683 1892 codicibus-
1706 1821 1872 1882 suis.
1913 1842 1944 1877 ιι
2076 1900 2078 1903 ι

745 1906 893 1969 Alia
921 1916 1015 1971 est
1051 1910 1244 1974 Millii
1280 1914 1649 1993 conjectura
1681 1937 1700 1980 :
1732 1939 1760 1972 α
1799 1917 2146 1979 Historiam
2174 1916 2362 1988 hanc,
2394 1915 2598 1997 quod,
2658 1923 2731 1980 ut
2769 1915 3048 1984 videtur,
3090 1912 3400 1991 expedire
3433 1926 3560 1973 non
3608 1915 3906 1989 putarent

669 2009 738 2061 ut
767 2019 978 2066 coram
1025 2006 1268 2086 populo
1302 2027 1375 2070 ea
1418 2009 1760 2089 legeretur,
1795 2012 1966 2073 obelo
1993 2012 2122 2091 jam
2145 2011 2702 2092 olimjugularunt
2729 2011 2795 2074 in
2827 2011 3013 2072 libris
3038 2010 3388 2087 praesertim
3416 2009 3725 2089 publicis.
3753 2005 3908 2063 Ὤδι-

666 2096 929 2168 λισμένην
959 2110 1194 2178 autem,
1228 2122 1435 2186 eoque
1457 2107 1608 2186 ipso.
1629 2126 1747 2171 ceu
1772 2118 2160 2188 suSpectam,
2194 2110 2578 2189 prmteriisse
2613 2125 2760 2173 mox
2793 2107 3211 2192 librarios,id
3250 2123 3401 2171 vero
3425 2115 3599 2171 extra
3633 2107 3905 2180 dubium

666 2212 837 2260 esse
875 2199 1178 2262 arbitror.
1233 2202 1412 2264 Unde
1459 2219 1577 2264 nec
1633 2204 1892 2276 mirum,
1926 2205 1981 2265 si
2032 2203 2310 2268 defuerit
2351 2206 2418 2267 in
2461 2205 2796 2268 codicibus
2840 2204 3172 2284 aliquibus
3207 2207 3398 2266 etiam
3451 2211 3907 2281 antetempora

666 2294 1046 2376 Hieronymi
1089 2305 1150 2359 et
1182 2297 1246 2358 in
1280 2300 1760 2360 commentariis
1791 2300 2185 2363 Graecorum.
2238 2303 2319 2363 At
2364 2302 2636 2364 dubium
2675 2317 2802 2364 non
2848 2302 2936 2376 fit,
2979 2301 3138 2381 quin
3177 2300 3532 2378 capitulum
3565 2301 3707 2370 hoc,
3744 2303 3908 2363 Ver-

662 2389 868 2451 sionis
901 2389 1171 2470 vulgatae
1216 2401 1276 2454 et
1327 2394 1789 2472 exemplarium
1844 2395 2434 2460 vetustissimorum
2487 2400 2608 2461 ﬁale
2637 2397 3014 2472 stabilitum,
3051 2397 3218 2460 inter
3256 2397 3458 2458 sancti
3488 2397 3757 2459 Joannis
3788 2415 3900 2478 ge-

665 2488 868 2552 nuina
903 2491 1550 2554 recenseridebeat.»
1590 2493 1807 2567 Ipsum
1839 2493 2032 2555 latius
2072 2495 2496 2558 disserentem
2521 2495 2823 2571 consule,
2858 2501 2920 2558 et
2949 2495 3387 2574 Augustinum
3421 2493 3798 2570 Calmetum,
3846 2501 3907 2557 et

662 2590 921 2652 Petrum
958 2590 1253 2652 Sabatier
1303 2591 1369 2654 in
1407 2608 1525 2653 sua
1554 2593 1759 2654 Veteri
1788 2592 2022 2655 Italica
2057 2595 2370 2656 Versione.

743 2688 879 2750 10-2.
913 2687 1301 2766 lnterpolata
1333 2705 1404 2750 ac
1435 2685 1652 2750 vitiata
1695 2688 1834 2753 loca
1886 2691 2145 2753 inerant
2172 2688 2398 2752 eodem
2429 2687 2497 2750 in
2536 2688 2781 2762 codice,
2819 2705 2952 2766 quo
2995 2686 3514 2766 Theopbylactus
3552 2686 3856 2758 utebatur
3889 2708 3905 2760 ;

661 2781 1045 2864 inerantque
1118 2784 1420 2863 genuinas
1495 2783 1810 2847 lectiones
1855 2830 1874 2859 ,
1949 2803 1983 2847 ιι
2034 2785 2276 2865 quibus
2351 2786 2590 2848 abeunt
2659 2785 2918 2848 codices
3003 2783 3116 2846 alii
3187 2784 3478 2862 itemque
3552 2784 3900 2847 editiones.

661 2878 1010 2960 Utriusque
1066 2881 1320 2959 generis
1378 2881 1562 2959 plura
1609 2881 1905 2960 exempla
1947 2881 2134 2944 oﬂ'ert
2194 2885 2474 2945 Joannes
2537 2883 2787 2947 Millius
2840 2884 2908 2945 in
2963 2881 3451 2962 Prolegomenis
3514 2883 3591 2944 ad
3649 2883 3900 2945 Novum

664 2977 1138 3037 Testamentum
1177 2979 1466 3041 Graecum
1517 2995 1553 3040 a
1586 2995 1764 3040 num.
1803 2980 1978 3042 1059.
2018 2979 2381 3057 Specimina
2416 2978 2615 3042 aﬂ'ero
2653 2978 2996 3054 nonnulla,
3029 2988 3100 3042 ut
3140 2979 3278 3042 haec
3303 2977 3507 3061 magis
3537 2977 3906 3043 innotescat

662 3069 1157 3134 animadversio.

741 3170 921 3246 [LXI]
957 3171 1026 3233 in
1063 3174 1414 3255 Evangelio
1444 3176 1715 3240 Matthaai
1747 3177 1953 3256 capite
1974 3195 2065 3250 1v,
2105 3195 2162 3239 v.
2193 3176 2295 3252 2b,
2335 3177 2508 3240 inter
2537 3195 2649 3243 eos
2685 3178 2798 3258 qui
2826 3179 3024 3241 uariis
3057 3179 3468 3260 languoribus
3503 3178 3714 3242 affecti
3755 3178 3908 3242 male

660 3283 724 3326 se
740 3265 1065 3342 habebant,
1094 3269 1159 3332 in
1188 3273 1485 3335 versione
1520 3275 1764 3351 vulgata
1797 3273 2092 3336 Lunatici
2123 3273 2615 3352 distinguuntur
2641 3275 2720 3335 ab
2743 3274 2822 3335 iis
2855 3275 2971 3355 qui
3002 3273 3303 3339 dwmom'a
3334 3276 3664 3339 habebant.
3719 3273 3904 3351 Apud

660 3359 1210 3444 TthphyIactum
1237 3370 1476 3432 mentio
1499 3371 1674 3434 nulla
1709 3381 1818 3435 τῶν
1841 3381 2276 3454 δαιμονιζομένω

2278 3398 2328 3443 ν,
2350 3371 2463 3432 sed
2497 3387 2610 3449 pro
2644 3369 3071 3452 hisintelligit
3101 3372 3241 3451 ipse
3257 3373 3520 3435 eosdem
3553 3361 3894 3435 lunaticoa.

661 3459 1107 3523 Commentarii
1131 3465 1320 3527 verba
1345 3473 1525 3530 sunt:
1550 3467 1890 3531 Lunatieoa
1917 3479 2122 3531 autem
2145 3467 2302 3531 dicit
2330 3468 2762 3544 daemoniacoa,
2787 3477 2906 3532 etc.
2941 3471 3164 3548 Marci,
3189 3474 3392 3551 capite
3417 3492 3461 3546 ι,
3500 3491 3559 3534 v.
3586 3473 3690 3544 29,
3725 3479 3908 3546 Ἐξςλέ

661 3565 770 3620 θὼν
794 3562 976 3636 ἦλθεν,
1008 3561 1324 3638 egrediens
1353 3566 1544 3639 venit,
1581 3582 1693 3643 pro
1732 3574 2043 3640 ἐξελθόντες
2074 3573 2262 3646 ἦλθον,

2299 3565 2679 3646 egredientes
2702 3577 3031 3640 venerunt,
3063 3568 3367 3631 Proxime
3400 3569 3668 3649 quidem
3695 3569 3902 3631 solius

662 3654 892 3716 Christi
945 3655 1184 3718 mentio
1217 3665 1351 3720 est:
1387 3660 1498 3722 sed
1528 3663 1871 3742 respicitur
1919 3665 1994 3727 ad
2028 3666 2367 3741 superiora
2395 3683 2452 3724 v.
2487 3665 2588 3736 21,
2638 3664 2749 3725 ubi
2793 3666 2870 3725 de
2902 3664 3248 3744 discipulis
3281 3666 3608 3746 simulque
3656 3666 3908 3730 Christo

659 3751 892 3870 agitur.
925 3755 1108 3814 Lucae
1137 3755 1342 3830 capite
1370 3776 1413 3831 ι,
1462 3777 1522 3822 v.
1559 3761 1672 3833 73,
1711 3761 2276 3870 bpxou,juramenti
2323 3775 2457 3834 pro,
2485 3761 3147 3840 apxovjuramentum;
3184 3761 3344 3824 illud
3388 3770 3603 3826 autem
3633 3779 3667 3824 a
3699 3763 3908 3827 Theo-

659 3848 956 3928 phylacto
996 3859 1376 3930 usurpatum
1415 3864 1758 3937 syntaxeos
1782 3848 2004 3937 gratia.
2046 3861 2120 3920 Et
2145 3857 2348 3934 capite
2377 3875 2487 3928 xu,
2518 3877 2575 3920 v.
2604 3858 2706 3930 23,
2733 3867 2941 3933 πλεῖον,
2974 3859 3200 3940 major,
3233 3859 3316 3922 ab
3345 3861 3714 3937 praecedens
3757 3873 3906 3944 ψυχὴ

659 3961 777 4042 pro
826 3964 980 4009 voce
1024 3961 1230 4028 πλεῖον,
1261 3952 1428 4033 plus.
1455 3955 1722 4017 Joannis
1759 3957 1964 4032 capite
1998 3974 2042 4026 ι,
2077 3974 2138 4015 ν.
2189 3956 2277 4027 bl,

2283 4003 2286 4017 .
2342 3963 2578 4032 πρῶτον,
2629 3956 2928 4033 primum,
2971 3972 3118 4018 cum
3171 3965 3413 4038 πρῶτος,
3449 3959 3724 4036 primus,
3780 3960 3901 4042 legi

660 4041 907 4107 debeat.
964 4051 1032 4110 Et
1061 4053 1264 4120 capite
1299 4073 1361 4123 x,
1403 4072 1457 4114 v.
1512 4055 1614 4126 33,
1673 4063 1754 4114 ὅτι
1787 4060 1875 4119 σύ,
1911 4053 2151 4113 omisso
2197 4070 2278 4120 aut

2281 4084 2312 4130 ι,
2353 4066 2408 4118 ει
2444 4055 2593 4132 quia
2638 4063 2727 4112 tu.
2767 4054 2838 4112 El
2890 4053 3097 4130 capite
3127 4072 3214 4126 x1,
3256 4073 3314 4117 ν.
3354 4057 3453 4129 12,
3535 4061 3704 4119 εἷπον
3740 4041 3899 4123 οὖνς..

661 4145 1152 4219 αὐτῷ,άιάτενιιηε
1182 4169 1323 4229 ergo
1353 4149 1772 4229 discipuliet';
1808 4150 1914 4210 ubi
1949 4160 2096 4230 αὖτῷ
2129 4154 2279 4232 adjet

2281 4155 2520 4217 etitium
2549 4157 2666 4211 est.
2705 4149 2884 4210 Paria
2922 4157 3075 4210 sunt
3107 4150 3385 4227 plurima
3410 4152 3477 4213 in
3508 4153 3899 4235 Evangeliis,

661 4237 728 4299 in
766 4243 935 4303 Actis
971 4249 1436 4321 apostolorum,
1476 4250 1543 4310 in
1583 4247 1888 4325 Epistolis
1923 4251 2124 4323 Pauli,
2163 4262 2223 4313 et
2275 4248 2625 4317 Catholieis
2657 4248 2826 4324 apud
2861 4246 3174 4308 Millium.

735 4331 858 4391 Sed
888 4352 997 4395 nec
1031 4355 1259 4415 parum
1313 4341 1906 4418 tectionum,inquit
1960 4340 2072 4404 ille
2115 4344 2252 4407 loco
2295 4350 2510 4421 citato,
2573 4347 2641 4406 in
2704 4345 3159 4424 Theophylacti
3219 4347 3430 4412 codice
3489 4351 3906 4430 genuinarum

658 4432 959 4493 occurrit.
997 4436 1228 4496 Paucas
1253 4454 1372 4513 ego
1407 4438 1626 4500 affero.
1665 4439 1944 4500 Matthmi
1974 4441 2177 4515 capite
2229 4460 2408 4512 xxiv,
2447 4460 2506 4501 v.
2536 4439 2597 4508 2,
2646 4439 2713 4499 in
2737 4438 2928 4499 editis
2954 4446 3016 4500 et
3061 4457 3212 4502 mss.
3252 4443 3610 4523 aliquibus,
3663 4454 3740 4507 es
3774 4453 3895 4524 βλέο
3929 4505 3948 4527 ,

661 4551 812 4600 πετε,
848 4546 974 4588 non
1013 4528 1270 4589 videtis:
1304 4530 1444 4590 sine
1474 4540 1533 4590 ob
1557 4533 1724 4606 apud
1759 4531 2279 4608 'l‘l1e0phylactun

2285 4554 2331 4599 3.
2360 4538 2554 4598 Marci
2590 4535 2795 4612 capite
2823 4553 2890 4606 Ι,
2924 4554 2982 4596 V.
3048 4539 3150 4606 38.
3189 4550 3289 4613 Εἰς
3323 4551 3484 4606 τοῦτο
3512 4553 3621 4620 γὰρ
3651 4552 3903 4620 ἐλήλυθα.

657 4624 879 4687 adhoc
912 4628 1066 4684 enim
1098 4645 1234 4686 vent
1261 4649 1279 4686 :
1314 4645 1441 4692 non
1463 4627 1776 4696 ἐξελήλυθα,
1810 4629 1960 4687 exii.
1993 4631 2257 4690 Joannis

2288 4630 2488 4706 capite
2516 4645 2687 4700 vn,v.
2734 4628 2962 4702 21,22,
2994 4635 3091 4687 Ἐν
3121 4634 3282 4704 ἔργον
3305 4637 3559 4705 ἐποίησα,
3589 4638 3684 4690 καὶ
3709 4639 3906 4701 πάντες

659 4732 967 4802 θαυμάζετε
991 4732 1079 4784 διὰ
1109 4731 1283 4786 τοῦτο.
1310 4733 1537 4800 Μωσῆς,
1573 4749 1632 4785 κ.
1653 4732 1770 4785 τ.λ.
1793 4723 2001 4783 Unum
2039 4741 2200 4801 opus
2224 4723 2277 4787 fe

2289 4727 2370 4798 ci,
2397 4735 2698 4787 etomnes
2722 4725 3038 4788 miramini
3067 4734 3330 4803 propter
3347 4725 3483 4786 hoc.
3501 4727 3773 4803 Moyses,
3790 4734 3901 4789 etc.

659 4823 746 4882 lle
777 4821 1022 4882 scilicet
1058 4823 1454 4899 interpunxit
1483 4803 2028 4898 TheOphylactus,
2066 4826 2482 4904 genuinaque
2518 4840 2646 4887 non
2680 4823 2903 4902 paucis
2939 4823 3128 4885 lectio
3172 4821 3449 4884 videtur.
3508 4823 3819 4904 Reliquas
3843 4823 3902 4888 id

656 4932 862 4994 genus
904 4915 1214 4977 lectiones
1292 4914 1436 4975 vide
1483 4915 1650 4992 apud
1687 4915 1993 4976 Millium.

740 5013 948 5074 Satius
1011 5012 1195 5074 nobis
1282 5010 1477 5072 fuerit
1530 5011 1875 5072 nonnullas
1939 5013 2231 5076 attulisse
2285 5014 2626 5090 utriusque
2688 5011 2937 5083 classis,
2987 5018 3057 5074 ut
3116 5010 3304 5073 novis
3363 5012 3426 5073 in
3480 5011 3904 5087 editionibus,

659 5128 803 5188 qum
859 5120 1264 5182 accurentur,
1317 5111 1438 5169 sibi
1469 5109 1560 5170 fas
1588 5126 1715 5170 non
1765 5128 1906 5171 esse
1935 5111 2634 5189 intelliganteditores,
2672 5108 2771 5169 vel
2811 5125 2924 5185 pro
2959 5109 3153 5188 genio
3203 5107 3596 5170 mutationes
3628 5110 3695 5172 in
3726 5112 3900 5172 Grae-

662 5226 803 5267 cum
847 5218 1085 5269 textum
1142 5209 1471 5279 invehere,
1518 5216 1627 5270 aut
1664 5209 1900 5284 passim
1935 5217 1994 5269 et
2022 5207 2585 5271 indiscriminatim
2623 5207 2686 5266 in
2718 5207 2934 5267 Latina
2989 5207 3288 5268 versione
3319 5207 3719 5270 substituere
3754 5208 3919 5269 Vni--

661 5312 889 5381 gatam.
932 5306 1303 5382 Exemplum
1355 5306 1536 5367 affert
1569 5305 1896 5366 Simonius
1923 5305 2062 5368 loco
2089 5308 2324 5383 smpius
2353 5307 2544 5366 citato
2569 5321 2643 5364 cx
2673 5303 2954 5375 Epistola
2988 5302 3164 5363 Pauli
3209 5305 3283 5363 ad
3347 5304 3665 5380 Ephesios
3700 5305 3922 5382 capita:

659 5420 742 5473 ιν,
770 5403 1347 5473 v.19,ubi(irrecus
1380 5412 1586 5465 textus
1619 5405 1786 5481 apud
1821 5405 2367 5481 Theophylactum
2391 5403 2482 5464 sic
2537 5403 2762 5463 habet:
2798 5414 3015 5475 Otmz;
3048 5411 3466 5481 ἀπηλγηκότες,
3510 5400 3868 5462 indolentes
3892 5424 3926 5466 ;::

660 5501 766 5559 sed
790 5502 850 5561 in
877 5505 1171 5562 versione
1201 5502 1478 5579 Philippi
1505 5500 1784 5561 Montani
1817 5502 2051 5580 legitur
2082 5520 2225 5562 cum
2263 5503 2546 5581 Vulgata,
2587 5503 3018 5582 desperantes,
3063 5504 3276 5563 Grmce
3313 5509 3729 5579 ἀπηλπηκότες.
3779 5493 3933 5586 Hal-'3‘.

660 5595 737 5656 de
764 5614 826 5656 re
860 5597 955 5658 vel
986 5598 1122 5676 ipse
1139 5596 1650 5676 Hieronymusin
1675 5599 2148 5661 Commentario
2177 5602 2544 5664 adnotatum
2573 5606 2878 5682 reliquit:
2918 5605 3137 5677 «Quod
3170 5612 3383 5664 autem
3415 5601 3526 5674 ait,
3557 5602 3667 5680 qui
3693 5593 3936 5684 despe-f-

662 5705 871 5753 rantes
925 5698 1312 5774 semetipsos,
1371 5698 1433 5758 id
1477 5711 1595 5768 est,
1629 5709 2014 5779 ἀπηλγηκότες
2047 5710 2274 5772 ἑαυτοὺς

2342 5700 2540 5762 multo
2579 5702 2756 5764 aliud
2794 5703 2854 5764 in
2936 5703 3155 5762 Grmco
3215 5699 3555 5778 signiﬁcat,
3619 5711 3811 5775 quam
3849 5696 3941 5766 ira

659 5793 908 5856 latino.
975 5793 1385 5871 Desperantcs
1434 5799 1702 5877 quippe,
1753 5808 2142 5880 ἀπηλπηκὸτες
2194 5815 2274 5862 no

2319 5798 2650 5859 minantur:
2714 5805 3097 5868 ἆτν).κ,ἠκότε;
3156 5808 3367 5860 autem
3440 5795 3502 5856 ill
3564 5801 3741 5865 sunt,
3793 5795 3937 5874 qui“
