4098 6330
199 345 298 414 tas
1045 345 1145 407 ne
1171 337 1767 405 ‘THEOPHYLACTI
1806 339 2084 404 assus
2120 341 2220 404 ET
2251 337 2630 408 'SCHIPTIS.
3231 363 3235 368 υ
3366 332 3482 413 ne

197 469 538 544 postquam
576 459 1000 541 peccaverint,
1033 478 1164 521 non
1219 455 1473 528 dolent,
1510 455 1626 534 qui
1690 471 2099 534 nequaquam
2135 458 2499 521 sentientes
2534 461 2791 534 ruinam
2824 462 3038 538 suam,
3069 462 3377 526 feruntur
3409 455 3487 524 in

193 560 516 639 pronum;
551 566 613 620 et
671 567 975 638 tanquam
1035 557 1258 619 bestiae
1309 553 1552 616 ferrum
1592 552 1891 612 videntes
1922 548 1988 610 in
2029 557 2308 612 mortem
2344 560 2542 642 ruunt
2575 599 2590 614 .
2623 599 2639 615 .
2677 595 2693 608 .
2725 555 3185 632 Exprimamus
3226 553 3293 624 si
3325 569 3481 632 pos-

190 654 401 717 simus
435 655 706 718 verbum
743 657 822 718 de
858 654 1081 726 verbo,
1114 660 1176 714 et
1209 651 1504 716 dicamus
1525 654 1933 730 ἀπηλγηκότες,
1959 646 2220 708 indolen
2236 655 2356 722 tes,
2399 666 2516 711 seu
2549 649 2972 728 indolorios.»
3007 650 3479 730 Theophylarti

189 749 791 830 interpretationem
822 749 946 812 ‘sic
984 748 1199 828 Latine
1260 749 1472 811 reddit
1523 749 1921 810 Montanus:
1981 745 2412 822 Desperantes
2443 747 2631 821 enim,
2689 749 2922 828 inquit,
2953 750 3067 812 hoc
3096 757 3190 810 est
3248 766 3472 828 segnes

186 850 371 930 facti,
419 849 707 912 nolentes
731 848 1050 921 laborare,
1082 855 1154 907 ut
1185 845 1514 908 inocnidnt
1547 844 1801 914 bonum.
1839 842 1954 904 Ubi
1988 842 2132 904 sine
2169 843 2657 907 dubiovocem
2682 851 3078 923 ἀπηλγηκότες
3103 846 3474 910 declarabat

188 944 741 1025 Theophylactus,
776 962 902 1013 non
935 953 1352 1026 ἀπηλπηκάτες.
1388 941 1595 1005 Verba
1653 945 1806 1002 sunt

1860 955 1918 1000 2n
1932 939 2015 998 im
2047 938 2195 1018 ejus
2222 960 2256 1002 τ
2269 948 2660 1022 ἀπηλγηκότες
2674 950 2807 1024 γὰρ,
2824 951 2983 1022 φησὶ,
3003 950 3254 1006 τουτέστι
3276 940 3478 1026 insap-

187 1043 744 1123 ροθυμηιότις,-1ιοσ
791 1054 883 1107 est
912 1040 1467 1115 desides,-inertes,
1502 1037 1805 1117 negligant

483 1043 744 1117 reg-hoc
791 1054 883 1107 est
912 1040 1467 1115 desides,-inertes,
1502 1037 1891 1117 negligentes
1920 1037 2101 1116 facti.

270 1148 412 1210 103.
463 1149 532 1211 ln
566 1150 761 1213 editis
787 1148 1260 1231 ’TheOpbylacti
1297 1148 1362 1208 in
1389 1143 1826 1224 evangelistas
1850 1143 2355 1208 Commentariis
2399 1144 2625 1209 eadem
2652 1145 3162 1226 Evangeliorum
3189 1145 3479 1208 occurrit

185 1241 432 1307 divisio
462 1245 528 1307 in
563 1247 800 1326 capita,
846 1265 994 1328 quas
1038 1245 1211 1324 apud
1249 1242 1516 1306 Latinos
1551 1239 1885 1319 hodieque
1922 1239 1996 1303 in
2040 1258 2170 1304 usu
2219 1251 2340 1306 est.
2376 1246 2821 1308 Numerantur
2880 1243 3129 1324 quippe
3187 1241 3475 1328 Matthgei

185 1339 395 1420 capita
425 1341 529 1418 28,
554 1321 752 1406 Marci
785 1321 887 1417 1’6,
918 1321 1108 1406 Luem
1130 1340 1236 1416 21ι,
1272 1348 1335 1402 at
1363 1337 1634 1401 Joannis
1659 1337 1761 1398 21.
1785 1337 2069 1400 Joannes
2101 1338 2336 1401 Croius
2365 1341 2538 1419 apud
2571 1321 3474 1414 LaurentiumAlexandrum

186 1436 581 1518 Zacagnium
610 1439 676 1502 in
707 1438 1084 1520 prmiatione
1109 1437 1188 1500 ad
1213 1434 1616 1499 Collectanea
1644 1432 2198 1498 monumentorum
2216 1444 2499 1500 ceterum
2522 1438 2828 1502 Ecclesia
2853 1433 3088 1502 Graec
3123 1447 3183 1500 et
3203 1437 3472 1513 Latina,

187 1550 369 1598 num.
395 1529 557 1609 LVI,
598 1535 1232 1608 existimabanthanc
1270 1531 1780 1596 vetustissimam
1811 1545 1969 1594 esse
1990 1533 2420 1610 divisionem;
2464 1536 2875 1617 putavitque,
2907 1535 3473 1616 Theophyla‘ctum,

186 1632 298 1713 qui
325 1630 656 1697 undecimo
689 1631 1059 1701 Christiano
1128 1631 1357 1694 tacula
1389 1630 1562 1694 inter
1594 1627 1850 1692 Graece
1877 1629 2130 1714 ﬂonsit,
2165 1630 2378 1694 eadem
2424 1651 2608 1696 usum
2645 1634 2846 1716 fuisse
2886 1632 2956 1695 in
2988 1631 3199 1712 capita
3240 1631 3471 1696 distri-

191 1727 512 1793 butione.
768 1727 770 1729 ’
954 1751 965 1759 ~
1077 1750 1083 1755 ι
1362 1773 1367 1778 ,
1404 1728 1413 1735 ’

768 1727 770 1729 ,
1404 1728 1413 1735 ,
2149 1732 2157 1735 .

954 1751 965 1759 ξ
1077 1750 1083 1755 ι
2059 1751 2062 1753 Δ
2227 1742 2231 1747 ι

259 1826 524 1889 Croium
566 1814 810 1890 refellit
837 1827 1083 1890 ibidem
1116 1823 1476 1906 Zacagnius
1511 1844 1528 1881 :
1564 1821 1820 1896 «Sane,
1857 1820 2205 1904 inquiens,
2263 1827 2442 1906 quod
2503 1814 3097 1906 erTheopliylacti
3145 1824 3470 1887 in'ann-

182 1921 356 2004 pelia
398 1923 890 1988 Commentariis
927 1924 1379 1988 idem'auctor
1420 1920 1735 2000 Opponit,
1784 1920 2180 1998 scriptorum
2234 1922 2539 1986 codicum
2591 1913 2975 1986 auctoritate
3031 1921 3268 1986 falsum
3320 1939 3469 1985 esse

185 2021 620 2086 convincitur.
657 2014 974 2086 VetuStus
1007 2023 1184 2086 enim
1223 2016 1694 2100 Theophylacti
1722 2019 2313 2107 Vaticanus‘codex
2341 2038 2525 2084 num.
2567 2021 2710 2097 6&5,
2741 2023 2966 2084 eadem
3002 2039 3148 2102 qum
3188 2020 3474 2083 Alexan-

186 2119 419 2203 drinus
457 2127 520 2183 et
571 2120 786 2184 cteteri
821 2120 1323 2200 Evangeliorum
1373 2117 1585 2181 Graeci
1637 2115 1918 2188 codices,
1956 2115 2148 2181 habet
2178 2119 2490 2200 capitula.
2529 2110 2560 2178 in
2609 2121 3049 2184 Numerantur
3099 2109 3352 2181 scilicet
3397 2118 3468 2181 in

185 2217 485 2281 Matthaao
516 2217 621 2288 (η’.
654 2218 754 2288 68,
791 2217 855 2279 in
890 2220 1104 2280 Marco
1150 2223 1263 2290 tur.
1295 2214 1396 2287 58,
1436 2214 1504 2277 in
1536 2215 1708 2276 Luca
1738 2228 1803 2283 τη

1848 2257 1854 2278 .
1886 2213 1988 2289 83,
2022 2213 2091 2277 in
2123 2211 2498 2288 Joanne-tri.
2552 2216 2650 2278 18.
2689 2238 2718 2273 α
2766 2215 2943 2278 Idem
2977 2215 3042 2276 in
3075 2214 3208 2277 alio
3237 2215 3466 2278 codice

187 2331 369 2378 num.
406 2317 557 2378 1221
591 2317 887 2395 ejusdem
918 2314 1331 2378 bibliothew
1365 2313 1771 2387 observatur,
1800 2314 2123 2391 scripto...
2155 2312 2258 2375 die
2311 2313 2347 2378 3
2389 2311 2640 2393 Aprilis
2695 2314 2854 2374 anni
2903 2313 3080 2384 1151s,
3120 2311 3471 2375 indictione

186 2413 463 2477 secunda
531 2419 612 2478 At
644 2415 712 2478 in
742 2416 963 2479 codice
999 2432 1182 2478 num.
1213 2413 1357 2485 61th,
1389 2429 1522 2476 non
1552 2411 1922 2476 Grecorum
1957 2410 2270 2490 capitula,
2303 2410 2418 2474 sed
2455 2411 2732 2484 numeri,
2763 2408 2886 2489 qui
2924 2408 3296 2472 Canonibue
3331 2408 3471 2470 Eu-

187 2509 461 2575 sebianis
510 2511 906 2588 inserviunt,
960 2514 1035 2576 ad
1071 2510 1334 2591 singula
1363 2508 1867 2588 Evangeliorum
1906 2509 2042 2569 loca
2076 2523 2109 2565 a
2153 2504 2641 2586 Theophylacto
2688 2506 3010 2582 exposita,
3053 2505 3123 2568 in
3177 2507 3469 2586 margine

187 2617 687 2686 apponuntur...
718 2610 811 2675 Ex
849 2608 1095 2690 quibus
1149 2607 1457 2670 omnibus
1494 2605 1805 2685 colligere
1842 2605 2012 2676 licet,
2050 2600 2644 2682 Theophylactum,
2686 2601 3062 2683 Evangelia,
3089 2621 3222 2664 non
3269 2605 3471 2666 inter-

187 2714 380 2785 rupta
411 2715 628 2768 textus
660 2707 847 2778 serie,
870 2705 1261 2787 exposuisse
1296 2725 1311 2765 :
1345 2701 1692 2765 divisiones
1727 2718 1904 2777 vero,
1935 2717 2083 2781 quas
2124 2717 2270 2762 cum
2305 2699 2554 2762 eisdem
2592 2700 3078 2762 commentariis
3121 2700 3464 2784 habentur,

186 2818 222 2865 a
255 2802 565 2882 librariis,
606 2812 677 2867 ut
711 2802 1026 2865 lectorum
1062 2799 1504 2872 commoditati
1554 2799 1999 2868 consulerent,
2032 2797 2310 2881 adjectae
2347 2797 2579 2879 fuisse;
2633 2797 2922 2877 denique
2971 2798 3253 2877 Vulgata;-
3291 2798 3468 2860 Lati-

185 2917 412 2962 norum
437 2898 735 2962 editionis
767 2899 1053 2979 capitula
1082 2897 1155 2972 in
1197 2896 1450 2971 codice,
1482 2896 1598 2976 qui
1628 2893 2098 2978 TheOphylacti
2131 2894 2764 2960 Commentariorum
2813 2895 3182 2958 editoribus
3233 2903 3467 2976 prtesto

184 2994 333 3071 fuit,
369 3013 404 3059 a
436 2997 683 3060 recenti
723 2995 948 3076 aliquo
977 2993 1248 3056 librario
1279 2992 1569 3054 adhibita
1610 3009 1781 3056 esse.
1820 3016 1850 3051 ιο
2255 3042 2257 3044 .
3229 3033 3237 3037 .

264 3095 494 3172 [LXII]
533 3095 684 3157 Haec
722 3091 987 3156 facilius
1037 3099 1112 3154 ut
1143 3089 1618 3172 intelligantur,
1653 3089 1948 3154 Waltoni
1999 3091 2264 3156 demum
2298 3089 2470 3153 addo
2524 3089 3088 3168 prtemonitionem
3122 3093 3264 3171 qum
3317 3099 3362 3154 t.
3412 3094 3467 3154 V

185 3190 546 3255 Bibliorum
603 3208 936 3256 sacrorum
973 3189 1282 3253 habetur:
1314 3212 1342 3245 ι
1401 3189 1660 3251 Grtncos
1724 3187 2154 3267 Evangelium
2203 3188 2275 3251 in
2307 3195 2480 3250 certa
2530 3199 2834 3268 κεφάλαια,
2873 3190 2942 3251 id
2969 3197 3068 3253 est
3099 3190 3312 3268 capita
3355 3187 3465 3250 di-

185 3290 530 3364 stinxisse;
563 3289 707 3370 ipsa
753 3305 908 3352 vero
952 3288 1161 3368 capita
1199 3287 1269 3350 in
1307 3295 1641 3367 περικοπὰς,
1673 3300 1795 3346 seu
1831 3283 2084 3345 minora
2111 3285 2647 3367 segmenta,quasi
2691 3287 2760 3348 in
2818 3283 3046 3366 plures
3115 3280 3464 3360 particulas

186 3389 547 3453 subdivisa.
587 3391 876 3454 Minores
933 3389 1313 3470 hujusmodi
1381 3387 1706 3452 sectiones
1734 3383 2030 3448 fecerunt
2078 3378 2206 3459 ipsi
2239 3380 2309 3443 in
2363 3381 2596 3445 Sancto
2628 3383 2944 3446 Matlhcco
3012 3386 3144 3454 eve’,
3178 3379 3340 3453 355;
3396 3379 3464 3441 in

185 3486 405 3550 Marco
441 3495 589 3564 σλς’,
618 3488 772 3562 236;
808 3487 876 3550 in
902 3486 1077 3549 Luca
1101 3487 1253 3566 τμβ’,
1308 3485 1464 3560 3ἰι2ς
1495 3485 1561 3548 in
1587 3485 1803 3548 Sancte

1864 3479 2112 3540 Joanne
2161 3485 2302 3559 σλβ’,
2353 3477 2500 3542 232.
2533 3481 2727 3542 Juxta
2757 3480 3084 3542 sectiones
3123 3477 3274 3538 istas
3337 3474 3466 3536 mi-

187 3601 374 3647 nores
410 3584 756 3659 Eusebius,
791 3584 1205 3648 Cmsariensis
1237 3583 1608 3662 episcOpus,
1639 3594 1908 3643 canones
1931 3593 1967 3638 ι
2003 3572 2086 3636 ad
2116 3574 2603 3639 concordantias
2664 3575 3174 3654 Evangeliorum
3209 3571 3467 3634 facilius

186 3680 643 3757 inveniendus,
691 3678 1009 3744 coniecit:
1066 3696 1347 3760 quorum
1399 3695 1523 3758 ope
1555 3677 1718 3753 loca,
1778 3677 1847 3737 in
1909 3671 2154 3750 quibus
2195 3672 2352 3746 duo,
2411 3681 2542 3735 tres
2604 3673 2707 3737 vel
2773 3681 3058 3754 quatuor
3122 3666 3464 3747 evangeli-

184 3780 458 3848 atarum,
522 3790 654 3834 rem
694 3773 989 3836 eamdem
1039 3777 1406 3844 tractantes,
1437 3771 1610 3833 inter
1658 3786 1728 3832 se
1770 3770 2210 3843 concordante,
2264 3769 2362 3830 vel
2401 3769 2511 3832 ubi
2544 3769 2790 3850 aliquis
2822 3772 3116 3848 ipsorum
3162 3765 3468 3847 quaedam

187 3870 398 3946 habet,
464 3888 609 3948 quae
664 3886 796 3933 non
853 3874 1006 3932 sunt
1051 3869 1119 3931 in
1211 3868 1514 3946 reliquis,
1565 3867 1747 3930 nullo
1801 3866 2064 3946 negotio
2098 3865 2540 3929 inveniantur.
2574 3868 2650 3930 V.
2688 3885 2761 3946 ε.
2799 3866 3079 3933 Matthaai
3117 3864 3328 3947 capite
3361 3879 3456 3931 ιιι,

186 3986 248 4034 v.
281 3971 379 4043 11,
425 3975 573 4044 Ἐγὼ
605 3975 704 4047 μὲν
737 3973 1019 4046 βαπτίζω,
1053 3982 1162 4044 ego
1200 3963 1448 4046 quidem
1477 3963 1780 4044 ,baptixo,

1847 3963 2197 4044 apponitur
2241 3963 2308 4024 in
2342 3965 2632 4044 margine
2662 3965 2800 4028 haec
2829 3972 2980 4026 nota
3033 3966 3124 4036 ἰ’ᾶ,
3161 3977 3285 4024 una
3318 3977 3465 4021 cum

185 4061 615 4144 asubscripto
655 4083 668 4122 :
716 4065 893 4144 quod
930 4064 1009 4126 ad
1067 4081 1365 4124 canonem
1415 4063 1693 4139 primum
1729 4058 1964 4141 (littera
1993 4079 2033 4116 a
2073 4060 2436 4138 subscripta
2471 4060 2853 4142 indicatum)
2886 4059 3196 4122 lectorem
3230 4057 3472 4147 remit-

189 4163 279 4226 tit.
344 4165 416 4225 lu
468 4178 601 4242 quo
633 4161 894 4245 (primo)
929 4180 1017 4222 σα·
1056 4179 1164 4221 one
1221 4158 1460 4220 litteris
1511 4157 1659 4219 istis
1691 4157 2227 4219 numeralibuSia
2263 4156 2580 4232 inventis,
2629 4157 2848 4220 statim
2881 4175 2962 4220 ex
3014 4157 3338 4219 diametro
3397 4155 3466 4218 in

186 4262 406 4324 eadem
472 4259 685 4322 tabula
727 4257 1005 4322 exhiben
1049 4275 1118 4319 ur
1154 4258 1292 4319 loca
1327 4257 1394 4318 in
1433 4255 1731 4334 reliquis.
1779 4254 2237 4332 evangelistis,
2291 4271 2437 4334 qum
2465 4271 2614 4317 cum
2673 4252 2795 4318 hoc
2855 4247 3277 4318 concordant:
3334 4253 3471 4317 sci-

187 4355 492 4420 licetsuh
529 4357 752 4419 Marco
783 4363 864 4430 δ’,
918 4373 990 4416 su
1077 4352 1252 4414 Luca
1284 4349 1338 4426 ι’,
1380 4359 1442 4416 et
1472 4351 1597 4414 sub
1625 4352 1805 4412 Joam

456 4360 492 4419 b
529 4357 752 4419 Marco
783 4363 824 4417 δ’
848 4401 864 4430 ,
918 4373 990 4416 su
1077 4352 1252 4414 Luca
1284 4349 1338 4426 ι’,
1380 4359 1442 4416 et
1472 4351 1597 4414 sub
1625 4352 1873 4412 Joanne
1913 4357 2002 4428 ιβ’..
2039 4373 2067 4406 ιο

259 4455 486 4530 Neque
523 4457 734 4511 tamen
801 4466 1010 4521 meos,
1047 4457 1321 4526 κεφάλαια
1376 4457 1438 4510 et
1499 4457 1806 4526 περικοπαὶ
1873 4467 1877 4486 η

1873 4465 2000 4508 usu
2029 4447 2585 4524 constantissimo,
2614 4449 2968 4512 adnotante
3027 4436 3324 4511 SimOnio
3393 4448 3470 4512 in

185 4548 481 4610 Historia
535 4546 764 4608 critica
803 4547 871 4606 in
900 4545 980 4608 N.
1023 4546 1119 4620 T.,
1165 4554 1338 4608 tumo
1387 4546 1469 4618 II,
1527 4545 1737 4624 capite
1779 4546 1883 4616 33,
1922 4552 2326 4623 usurpentur
2357 4545 2423 4606 in
2453 4547 2696 4610 Graecis
2759 4547 3138 4610 codicibus:
3175 4546 3474 4626 quando-

187 4646 450 4724 quidem
483 4651 652 4706 τῑτλοι
707 4644 776 4706 in
813 4643 1144 4722 aliquibus
1195 4643 1635 4720 appellantur.
1673 4644 1738 4703 in
1774 4642 2278 4721 aliis'capitula;
2322 4651 2384 4705 et
2433 4645 2733 4721 -capitula
2794 4662 2942 4724 qum
2985 4647 3311 4724 pericopa:
3358 4651 3471 4707 aut

189 4740 475 4803 minores
503 4741 854 4804 sectiones.
915 4741 1064 4801 Haec
1102 4739 1529 4801 addiscuntur
1594 4739 1891 4803 codicum
1937 4738 2375 4816 inspectione.
2407 4741 2652 4802 Verum
2717 4741 2998 4803 occurrit
3029 4741 3224 4802 etiam
3260 4742 3324 4802 in
3358 4740 3464 4802 his

187 4839 398 4901 varius
456 4840 774 4900 minorum
811 4837 1189 4918 hujusmodi
1242 4837 1596 4898 sectionum
1628 4854 1965 4910 numerus,
2003 4837 2358 4913 praesertim
2400 4835 2465 4898 in
2509 4847 2727 4898 sancto
2759 4838 3011 4911 Marco,
3053 4838 3163 4899 ubi
3233 4837 3472 4915 aliqui-

185 4933 390 5000 busin
417 4935 882 5014 manuscriptis
918 4936 1229 4997 duntaxat
1261 4934 1382 4996 23’s
1419 4943 1924 4998 enumerantur:
1961 4937 2136 5015 quod
2175 4934 2324 4997 ideo
2397 4933 2663 5010 factum,
2727 4944 2799 4997 ut
2832 4935 3101 4999 ibidem
3133 4937 3472 5002 Simonius

186 5034 673 5108 animadvertit,
735 5034 887 5111 quia
918 5042 1240 5112 postrema
1263 5031 1594 5094 duodecim
1622 5035 1831 5097 Marci
1859 5034 2260 5095 commatain
2336 5033 2590 5096 eisdem
2663 5033 3148 5099 desiderantur.
3187 5037 3470 5099 Consule

186 5131 348 5194 dicta
426 5148 608 5193 num.
677 5129 812 5193 100.

260 5227 360 5291 Ad
386 5229 551 5290 Acta
579 5226 1015 5308 apostolorum
1043 5220 1354 5306 denique,
1390 5235 1450 5290 et
1483 5228 1807 5306 Epistolas
1845 5225 2056 5304 Pauli,
2086 5237 2299 5312 atque
2337 5231 2693 5295 Canonicas
2763 5235 2939 5312 quod
2997 5233 3251 5307 attinet,
3312 5233 3475 5295 dioi-

188 5328 387 5390 siones
423 5327 760 5389 invaluere
790 5326 956 5404 apud
993 5327 1270 5401 Grmcos,
1305 5345 1466 5405 quas
1497 5309 2264 5406 excogitavitEathalt’us.
2303 5330 2490 5391 Hunc
2528 5309 2876 5391 Diaconum
2911 5337 3140 5393 vocant
3164 5329 3475 5410 frequen-

189 5424 315 5486 tius
372 5424 862 5505 bibliographi:
897 5424 1250 5485 Sulcensem
1314 5426 1680 5504 episcopum
1763 5428 2147 5505 Zacagnius,
2201 5428 2544 5490 ﬂorentem
2579 5445 2752 5490 anno
2815 5429 2959 5499 Ιιόὃ,
3000 5445 3134 5508 quo
3163 5428 3468 5490 versibus

189 5522 515 5602 Epistolas
550 5524 733 5584 Pauli
764 5523 1088 5585 distinxit.
1118 5525 1298 5585 Hanc
1331 5532 1598 5585 secutus
1632 5534 1727 5584 est
1781 5523 2174 5584 divisionem
2204 5526 2628 5585 (Ecumenius
2661 5525 2727 5587 in
2770 5525 2912 5589 suis
2939 5525 3467 5599 Commentariis,

190 5620 431 5699 qumiu
481 5619 689 5682 Editis
722 5630 969 5682 servata
995 5626 1118 5682 est.
1185 5622 1366 5683 Hanc
1405 5621 1596 5681 etiam
1633 5628 1895 5681 secutus
1926 5619 2124 5684 fuerit
2148 5623 2696 5702 TheOphy-lactus,
2759 5625 2871 5704 qui
2935 5634 3157 5704 postea
3218 5624 3468 5687 floruit.

191 5714 656 5780 Doctissimum
687 5717 1069 5797 Zacagnium
1120 5719 1386 5780 consule
1425 5718 1485 5778 in
1528 5717 1908 5779 Prmfatione
1967 5719 2180 5782 citata.
2213 5722 2283 5781 Et
2317 5720 2450 5783 haec
2472 5721 2604 5800 jam
2672 5723 2831 5783 satis
2902 5723 2981 5784 de
3015 5722 3179 5784 Novi
3240 5721 3468 5784 Testa-

198 5814 399 5904 menti
454 5813 683 5878 codice
718 5814 1135 5892 disseruisse,
1194 5833 1326 5896 quo
1361 5815 1530 5878 idem
1565 5814 2094 5918 archiepiscopus
2159 5818 2478 5897 Bulgaria:
2546 5817 3076 5899 'l‘beOphylactus
3141 5817 3459 5881 utebatur.
