4098 6330
648 342 749 409 197
1471 342 1698 405 BERN.
1742 342 2009 405 MANE
2051 340 2148 405 DE
2188 340 2476 404 RUBEIS
2514 339 3023 404 DISSERTATIO
3811 332 3915 397 128

2177 517 2387 581 XXVI.

1388 699 1477 761 De
1517 700 1739 761 Veneta
1774 718 2030 781 operum
2077 696 2530 778 Theophylacti
2564 663 2841 757 omnium
2886 692 3180 756 editione.

734 847 863 910 101s.
912 848 1002 910 De
1042 847 1285 908 Veneta
1338 861 1608 925 cperum
1652 844 1941 908 omnium
1994 842 2309 914 editione,
2344 856 2491 920 qua;
2532 836 2852 916 Bulgarus
2897 836 3429 914 archiepiscOpus
3466 830 3688 896 noster
3725 832 3914 895 lucu-

648 948 865 1007 brasse
892 940 1405 1014 fertur,.tametsi
1437 958 1627 1004 curas
1659 941 1735 1002 ad
1769 956 1942 1001 meas
1978 938 2249 1001 minime
2285 938 2680 1018 pertinente,
2724 935 3038 1004 rationem
3068 932 3354 1013 aliquam
3390 938 3719 1011 postremo
3765 930 3912 992 loco

647 1053 717 1104 ut
766 1040 973 1101 libens
1024 1039 1390 1117 lubensque
1423 1038 1710 1111 reddam,
1748 1034 2243 1101 Dissertationis
2294 1036 2454 1099 ordo
2491 1031 2811 1112 exposcit,
2851 1032 3199 1111 ipsiusque
3232 1027 3547 1093 editionis
3587 1027 3909 1091 mnditia.

648 1139 973 1200 Hactenus
1026 1135 1213 1215 plura
1250 1133 1699 1199 recensuimus
1749 1131 1891 1212 ejus
1934 1148 2153 1211 Opera,
2213 1149 2360 1212 qua
2422 1130 2805 1211 prodierunt
2861 1129 2928 1190 in
2969 1129 3233 1190 lucem:
3279 1126 3497 1189 Graece
3560 1134 3624 1188 et
3684 1126 3912 1188 Latine

646 1233 910 1314 quidem
945 1231 1453 1296 Commentarios
1483 1230 1554 1291 in
1580 1239 1860 1310 quatuor
1886 1227 2256 1307 Evangelia,
2282 1238 2341 1289 et
2372 1230 2439 1289 in
2466 1228 2628 1289 Acta
2655 1224 3122 1307 apostolorum,
3150 1225 3302 1287 etin
3326 1222 3658 1304 Epistolas
3688 1222 3911 1297 Pauli,

649 1330 938 1408 itemque
969 1316 1227 1407 Regiam
1259 1326 1761 1401 Institutionem,
1782 1342 1853 1387 ac
1890 1325 2235 1387 Homiliam
2264 1327 2333 1387 in
2362 1325 2799 1387 adorationem
2822 1319 3200 1384 veneranda:
3234 1322 3464 1389 crucia,
3490 1326 3552 1381 et
3574 1315 3914 1399 Epistolas

648 1429 864 1489 Grmce
900 1425 1612 1505 Lugduni-Batavorum
1649 1440 1721 1485 ac
1754 1423 1980 1485 Latine
2016 1423 2078 1482 in
2111 1421 2533 1483 Bibliothecis
2570 1424 2826 1483 Patrum
2861 1437 2877 1480 :
2925 1420 3152 1482 Latine
3201 1427 3416 1482 autem
3470 1416 3912 1490 solummodo,

654 1521 1161 1583 Commentarios
1194 1523 1563 1601 inqualuor
1584 1519 1925 1599 prophetas
1956 1520 2258 1595 minores,
2293 1526 2355 1581 et
2380 1518 2728 1581 Homiliam
2759 1518 2833 1578 in
2861 1516 3425 1578 Prmentationem
3452 1513 3727 1594 Virginis
3753 1513 3916 1575 Dei-

654 1634 824 1688 parat
854 1620 921 1678 in
952 1615 1209 1696 templo,
1254 1626 1321 1678 ut
1361 1626 1741 1679 memoratas
1786 1624 2160 1696 praeteream
2202 1613 3173 1695 superioreselucubrationes,
3224 1629 3385 1694 quas
3439 1612 3630 1674 etiam
3686 1612 3915 1674 Latine

654 1721 900 1776 tantum
929 1714 1167 1791 sapius
1200 1710 1459 1791 repetiti
1493 1729 1873 1791 expressere
1906 1711 2067 1790 typi.
2115 1712 2435 1786 Quoniam
2464 1728 2620 1775 vero
2654 1711 2934 1775 diversis
2978 1714 3048 1774 in
3091 1711 3251 1773 locis
3286 1709 3701 1789 diversisque
3734 1708 3915 1790 typis

652 1827 724 1871 ac
753 1809 997 1883 formis,
1033 1810 1473 1892 etsejunctim
1529 1811 1720 1883 etiam
1752 1810 1923 1872 edita
1951 1815 2105 1871 sunt
2137 1809 2271 1871 haec
2300 1826 2516 1887 Opera.
2549 1809 2788 1872 alicubi
2817 1809 3005 1890 juxta
3048 1807 3244 1889 primi
3278 1807 3655 1888 interpretis
3692 1813 3914 1869 trans-

660 1909 990 1983 lationem,
1022 1909 1210 1989 juxta
1243 1904 1721 1988 recognitio'ncs
1757 1907 2776 1993 posteriorescastigationesque
2809 1907 3003 1982 alibi;
3054 1924 3367 1987 perquam
3408 1904 3671 1969 difﬁcile
3710 1904 3919 1967 mole~

656 2014 962 2084 stumque
1003 2006 1330 2085 negotium
1370 2014 1508 2069 erat
1536 2005 2078 2068 bibliothecarum
2132 2002 2633 2067 instructoribus
2692 2004 3075 2084 cmterisque
3131 2004 3248 2083 qui
3299 2002 3503 2065 libros
3569 1999 3913 2080 colligunt,

656 2104 889 2163 eadem
911 2086 1306 2182 comparare,
1359 2103 1509 2165 licet
1561 2119 1737 2177 cusa,
1790 2110 1851 2164 et
1910 2102 2274 2183 possidere.
2307 2102 2456 2164 Haec
2509 2102 2708 2164 simul
2769 2101 3038 2165 collecta
3088 2108 3345 2182 praestat
3389 2100 3609 2162 omnia
3664 2100 3919 2161 Veneta

654 2198 885 2273 editio;
932 2207 995 2261 et
1032 2199 1227 2263 hocce
1270 2199 1579 2280 primum,
1624 2216 1836 2280 neque
1876 2198 2227 2275 modicum,
2263 2199 2544 2279 pretium
2575 2198 2742 2278 ejus.

736 2321 1021 2383 Pretium
1056 2337 1246 2401 quam
1276 2320 1561 2385 maxime
1598 2328 1836 2399 augent
1884 2336 2012 2382 non
2044 2336 2271 2401 pauca,
2306 2338 2460 2384 sane
2494 2321 2793 2402 prmelara
2838 2329 2899 2383 et
2960 2322 3393 2399 Optatissima,
3438 2319 3911 2402 TheOphylacti

658 2426 1095 2491 monumenta,
1136 2418 1376 2495 scripto
1408 2416 1655 2492 relicta,
1686 2434 1835 2496 quas
1862 2434 2035 2479 nunc
2072 2416 2378 2495 primum,
2411 2425 2523 2481 aut
2552 2420 2767 2480 Grmce
2803 2424 2867 2479 et
2910 2417 3151 2491 Latine,
3187 2426 3298 2479 aut
3330 2418 3547 2479 Graece
3586 2415 3811 2478 saltem
3849 2416 3917 2479 in

661 2514 871 2576 lucem
915 2514 1255 2591 prodeunt.
1289 2513 1571 2575 Primum
1604 2518 1723 2583 est,
1761 2513 1935 2592 quod
1975 2511 2111 2590 ipse
2143 2513 2576 2587 concinnavit,
2611 2532 2777 2592 opus
2817 2516 2885 2577 in
2907 2516 3235 2596 Epistolas
3268 2515 3637 2589 canonicos,
3659 2520 3919 2576 textum

658 2612 1115 2688 suppeditante
1153 2609 1977 2674 Casareo-Vindobonensi
2011 2610 2256 2671 codice.
2296 2611 2505 2673 Codex
2563 2611 3396 2676 Bavarico-Monachiensis
3445 2630 3611 2691 opus
3643 2614 3920 2676 alterum

659 2705 913 2777 obtulit.
950 2708 1117 2785 quod
1149 2714 1245 2769 est
1285 2709 1529 2787 integra
1561 2707 1629 2767 in
1667 2704 1993 2767 duodecim
2019 2708 2363 2786 prophetas
2412 2705 2687 2766 minores
2719 2706 3093 2785 Expositio,
3146 2706 3460 2786 promissa
3516 2722 3644 2768 non
3678 2707 3908 2778 semel,

660 2803 776 2863 diu
815 2804 1099 2880 expetita
1134 2802 1334 2863 irritis
1366 2804 1533 2864 votis
1604 2819 1777 2863 nunc
1808 2801 2069 2862 demum
2111 2802 2281 2880 typis
2315 2802 2556 2864 nostris
2588 2819 2851 2874 excusa,
2879 2819 3025 2864 cum
3057 2804 3306 2864 Veneto
3344 2802 3672 2865 Marciano
3694 2802 3919 2865 codice

664 2915 793 2961 non
834 2901 976 2961 sine
1010 2899 1450 2962 emolumento
1497 2896 1747 2960 collata.
1799 2898 2051 2974 [LXIII]
2097 2900 2472 2976 Fragmenta
2511 2914 2708 2977 pauca
2744 2899 3053 2977 Epistola:
3082 2898 3163 2959 ad
3194 2898 3527 2962 Nicolaum
3580 2898 3923 2961 diaconum

663 3006 721 3057 et
751 2996 1544 3075 constrisiumlcgebantur
1572 2994 1739 3056 inter
1765 2996 2070 3056 Demetrii
2106 2995 2507 3068 Chomateni,
2541 2995 2859 3071 Bulgaria)
2886 2996 3388 3074 archiepiscopi,
3430 2995 3923 3076 ReSponsiones

665 3093 831 3170 apud
863 3092 1321 3156 Leunclavium
1346 3091 1414 3153 in
1447 3094 1605 3154 Jure
1633 3091 2159 3154 Gnaeo-Romano
2186 3114 2205 3153 :
2227 3110 2553 3172 nemoque
2580 3093 2989 3156 eruditorum
3024 3110 3153 3156 non
3182 3093 3605 3157 vehementer
3636 3094 3922 3174 Optabat,

666 3196 736 3251 ut
774 3189 1017 3268 integra
1047 3188 1289 3253 alicubi
1324 3189 1763 3270 repertajuris
1796 3187 2151 3269 aliquando
2184 3189 2426 3271 publici
2461 3190 2662 3252 fieret.
2697 3191 2878 3252 Votis
2909 3190 3211 3253 omnium
3240 3192 3396 3253 satis
3436 3193 3501 3254 in
3534 3190 3651 3255 hac
3683 3194 3926 3255 editio-

671 3284 848 3347 tione
905 3287 1147 3349 Veneta
1200 3285 1460 3361 factum,
1525 3303 1672 3366 quae
1736 3284 2095 3367 perfectum
2146 3286 2672 3366 completnmque
2719 3285 3115 3366 opusculum
3182 3287 3445 3367 insigne
3497 3296 3779 3367 praestat,
3843 3307 3926 3352 ex

669 3381 889 3443 codice
965 3381 1779 3446 C'msareo-Vindobonensi
1838 3392 2169 3463 sumptum
2207 3405 2223 3445 :
2261 3400 2342 3447 ex
2396 3401 2528 3463 quo
2588 3384 2739 3446 licet
2800 3382 2991 3446 etiam
3053 3384 3385 3459 addiscere
3453 3384 3926 3466 TheOphylncti

666 3478 1001 3555 Opuscula,
1049 3492 1193 3558 quas
1227 3478 1425 3541 veluti
1462 3479 1632 3541 varia
1673 3496 1745 3541 ac
1774 3478 2029 3541 diversa
2071 3479 2639 3559 distinguebantur
2668 3482 2841 3559 apud
2894 3480 3412 3561 bibliOgraphos,
3450 3481 3610 3543 nihil
3646 3484 3920 3545 omnino

666 3574 747 3635 ab
777 3591 903 3637 una
927 3574 1038 3635 illa
1080 3575 1357 3653 epistola
1390 3575 1676 3649 diﬂ‘erre,
1706 3592 1898 3656 quam
1931 3577 2007 3638 ad
2034 3575 2361 3639 laudatum
2392 3577 2728 3640 Nicolaum
2762 3577 3109 3641 diaconum
3143 3587 3205 3639 et
3236 3568 3651 3641 canstriSium
3685 3579 3927 3642 inscri-

669 3677 835 3749 ptam
876 3686 1291 3734 noveramus.
1322 3668 1697 3735 Recensitas
1736 3674 1861 3735 sub
1897 3674 2162 3735 nomine
2194 3673 2659 3753 TheOphylacti
2690 3675 2863 3753 apud
2913 3676 3176 3741 eosdem
3213 3674 3696 3755 bibliographos
3749 3676 3928 3757 lege-

667 3767 894 3830 bamus
931 3768 1243 3831 Homilias
1274 3767 1565 3830 undecim
1619 3770 1688 3830 in
1737 3768 1995 3831 totidem
2065 3771 2388 3849 evangelia
2436 3771 2949 3833 Resurrectionis
3007 3771 3343 3833 matutina.
3377 3771 3551 3848 Quid
3596 3774 3794 3835 vero?
3831 3774 3923 3841 Ex

665 3864 887 3928 codice
954 3865 1772 3928 Caesareo-Vindobonensi
1828 3868 2224 3946 transcripta:
2273 3884 2417 3929 cum
2475 3867 2787 3930 attentius
2852 3868 3423 3947 expenderentur,
3480 3871 3810 3933 sententia
3865 3878 3929 3938 et

570 4030 593 4051 _
668 3961 883 4023 verbis
914 3974 1185 4040 repertas
1214 3970 1365 4024 sunt
1394 3966 1633 4025 easdem
1674 3979 1939 4042 prorsus
1973 3982 2117 4026 cum
2152 3964 2361 4045 ipsius
2402 3966 2869 4046 TlieOpliylacti
2907 3967 3403 4032 Commentariis
3434 3985 3631 4047 super
3672 3969 3926 4032 eisdem

669 4059 1450 4138 evangeliis,undecimm
1509 4060 1794 4123 homiliae
1857 4069 2176 4139 postrema
2243 4068 2417 4141 parte
2484 4070 2772 4141 excepta,
2857 4079 3048 4141 quam
3130 4062 3457 4141 priestabit
3530 4064 3735 4130 editio
3793 4067 3925 4128 Vc-

670 4165 836 4218 neta.
874 4156 1082 4237 Hujus
1120 4158 1309 4218 etiam
1340 4157 1673 4229 beneﬁcio,
1709 4157 1894 4220 obvia
1921 4158 2267 4220 lectoribus
2294 4159 2723 4237 imposterum
2755 4159 2876 4220 erit
2909 4157 3133 4221 Oratio
3187 4162 3576 4239 panegyrica
3632 4160 3718 4221 ad
3777 4162 3928 4225 Ale-

668 4253 849 4313 trium
916 4253 1319 4327 Conmenum,
1379 4263 1519 4332 post
1583 4254 1822 4316 bellum
1880 4256 2248 4336 Scythicum
2310 4254 2607 4331 pluribus
2671 4256 2886 4318 relatis
2940 4256 3227 4318 victoriis
3284 4256 3787 4333 confectum,ab
3817 4278 3934 4323 εο-

670 4348 813 4409 dem
868 4348 1348 4429 TheOphylacto
1410 4350 1803 4426 elucubrata,
1852 4366 1931 4413 ex
1987 4353 2207 4415 codice
2260 4354 3045 4416 Bavarico-Monachiensi
3079 4362 3302 4417 eruta:
3367 4372 3437 4418 ac
3487 4357 3673 4418 obvia
3735 4367 3931 4419 erunt

673 4445 989 4519 Carmina,
1020 4464 1163 4523 quas
1184 4448 1415 4509 cecinit
1440 4448 1599 4526 ipse,
1626 4448 1692 4509 in
1724 4450 2056 4512 codicibus
2082 4450 2301 4529 Regiis
2333 4450 2833 4523 Parisiensibus,
2864 4459 2931 4511 ut
2956 4450 3183 4527 fertur,
3213 4460 3560 4524 asservata,
3588 4469 3665 4514 ex
3698 4454 3928 4534 eisque

677 4560 787 4620 pro
813 4560 908 4615 ea,
936 4560 1080 4621 quae
1110 4562 1355 4605 summa
1380 4545 1519 4606 sine
1559 4545 1760 4606 dubio
1782 4545 2125 4607 adhibetur
2148 4548 2507 4627 diligentia,
2538 4550 2616 4610 ad
2644 4550 2907 4611 Veneta:
2931 4549 3206 4629 hujusce
3234 4550 3547 4626 editionis
3573 4570 3928 4616 ornamen-

673 4649 807 4699 tum
833 4640 1288 4715 depromenda.
1315 4641 1470 4701 Cum
1505 4648 1678 4701 textu
1713 4641 1932 4701 Grmco
1972 4650 2351 4720 totOperum
2384 4644 2871 4725 Tlieophylacti,
2904 4664 3046 4725 qua)
3076 4650 3575 4711 memoravimus
3600 4650 3664 4711 in
3702 4650 3931 4721 biblio-

672 4736 873 4799 thecis
907 4736 1209 4798 hactenus
1232 4736 1904 4808 delitescentia,simul
1932 4739 2279 4817 prodibunt
2305 4742 2540 4802 Latina)
2562 4742 3132 4819 interpretationes
3152 4790 3166 4816 ,
3190 4744 3532 4805 attentiore
3556 4746 3779 4807 studio
3812 4748 3932 4811 abs
3968 4788 3973 4797 ρ

673 4832 830 4895 viris
873 4834 1282 4912 peritissimis
1313 4832 1614 4898 confectae
1654 4856 1668 4896 :
1718 4842 1779 4896 et
1824 4835 1957 4897 vice
2004 4853 2183 4899 versa
2226 4839 2467 4899 Latinae
2506 4838 2910 4902 translationi
2943 4841 3239 4902 Homilies
3269 4842 3335 4901 in
3366 4841 3934 4905 Prwsentationem

676 4932 960 5011 Deipara:
997 4933 1298 5011 Virginis,
1343 4948 1377 4994 a
1423 4933 1761 4995 Francisco
1796 4934 2177 4998 Combetisio
2212 4936 2553 5008 adornatte,
2588 4938 2875 5015 adjectus
2927 4937 3210 5016 prodibit
3263 4940 3524 5000 Grtecus
3574 4947 3790 5001 textus
3851 4961 3933 5004 ex

674 5031 873 5105 Regio
902 5031 1118 5091 codice
1156 5031 1525 5101 Parisiensi,
1563 5046 1721 5093 nova
1755 5030 1903 5091 item
1953 5033 2094 5093 sine
2127 5034 2327 5095 dubio
2365 5034 2653 5095 nitidiori
2705 5038 3047 5097 accedente
3091 5037 3310 5097 Latina
3359 5037 3927 5115 interpretatione.

754 5130 902 5189 Haec
948 5135 1096 5188 sunt
1132 5129 1447 5205 praecipua
1490 5131 1749 5190 Venetas
1780 5129 2113 5203 editionis,
2170 5138 2259 5192 tot
2313 5134 2642 5213 tantisque
2676 5134 3165 5195 accessionibus
3199 5133 3633 5211 locupletatee,
3670 5136 3932 5199 emolu-

680 5236 887 5287 menta
918 5234 978 5287 et
1012 5236 1401 5287 ornamenta.
1438 5226 1585 5288 Haec
1628 5246 1778 5290 vero
1818 5245 2195 5305 promovere
2238 5230 2475 5299 omnia,
2525 5230 2918 5309 felicemque
2960 5231 3025 5292 in
3077 5232 3326 5293 exitum
3361 5232 3714 5306 deducere,
3750 5252 3932 5296 unus

678 5324 876 5385 valuit
911 5325 1287 5384 Franciscus
1335 5326 1674 5399 Foscarus,
1708 5326 2013 5402 patricius
2060 5326 2366 5399 Venetus,
2425 5328 2870 5405 amplissimus
2938 5336 3220 5403 senator,
3284 5329 3560 5407 publicis
3626 5332 3932 5393 consiliis

679 5422 983 5496 regundis
1016 5421 1253 5488 δονεῖν,
1290 5421 1645 5482 litterarum
1681 5424 1911 5491 cultor,
1949 5440 2017 5483 ac
2057 5431 2363 5500 patronus
2397 5427 2508 5504 qui
2539 5443 2676 5486 sum
2708 5427 3057 5503 splendore
3096 5427 3479 5500 nobilitatis,
3515 5444 3584 5488 ac
3618 5429 3930 5504 plurima,

682 5534 804 5595 qua
835 5517 1008 5577 domi
1044 5516 1340 5595 forisque
1390 5520 1763 5579 auctoritate
1802 5520 2022 5597 pollet,
2084 5519 2143 5579 id
2190 5520 2490 5583 facillime
2550 5524 2817 5602 assequi
2888 5528 3117 5603 potuit,
3169 5533 3241 5587 ut
3296 5526 3551 5586 codices
3610 5526 3930 5601 Vaticani,

684 5614 1569 5684 (laesareo-Vindobonenses,
1625 5616 2020 5677 Parisienses
2076 5619 2256 5695 Regii
2292 5660 2315 5691 ,κ
2365 5630 2423 5680 et
2480 5622 3361 5697 Bavarico-Monachienses,
3427 5640 3507 5683 ne
3568 5624 3931 5687 Marciano;

683 5711 962 5772 Venetos
996 5730 1337 5774 memorem
1397 5731 1466 5773 ac
1517 5716 1887 5775 Patavinum
1928 5716 2166 5776 Sanctae
2226 5718 2520 5793 Justinm,
2578 5719 2961 5795 diligentius
3031 5721 3464 5783 lustrerentur
3517 5743 3533 5781 :
3587 5721 3644 5782 si
3703 5742 3933 5804 quam:

682 5807 994 5887 Bulgaritr
1054 5810 1513 5890 archiepiscbpi
1582 5810 2035 5892 1‘lzeoiiiij'lai:ti
2100 5821 2728 5895 exstarenhtipcra,
2794 5834 2825 5879 ιι
2892 5817 3116 5895 pomis
3179 5817 3553 5895 transcripta
3617 5819 3868 5883 ηιμ-ες
