4098 6330
239 348 344 414 129
1065 345 1164 407 DE
1203 342 1789 405 THEOPHYLAC’I‘I
1837 342 2114 404 GESTIS
2155 341 2252 404 ET
2292 342 2665 405 SCRIPTIS.
3435 341 3541 411 130

237 456 546 518 Venetias
583 455 954 516 transmissa
1008 470 1079 516 ac
1111 453 1456 515 Latinitate
1489 451 1748 524 donata,
1791 451 2012 514 Graace
2061 451 2324 514 tandem
2385 458 2448 514 et
2489 452 2717 513 Latine
2759 449 3059 514 viderent
3090 450 3334 518 lucem.
3375 455 3540 520 Viro

232 569 514 626 SttmmO,
549 553 662 631 qui
713 551 1142 614 litteratorum
1184 550 1438 613 nationi
1476 559 1604 612 tam
1631 550 1850 628 ampla
1880 549 2198 612 beneﬁcia
2232 549 2586 628 impendit,
2625 547 2867 628 gratias
2923 565 3115 629 agere
3149 567 3334 629 pares
3385 552 3538 633 quis
3641 595 3656 609 .

238 647 501 712 valeat?
2553 659 2558 664 '

314 752 483 811 Num
519 767 671 812 vero
701 767 894 829 Opera
959 749 1070 811 illa
1102 747 1596 829 TheOphylacti,
1639 763 1786 827 qum
1817 746 1948 827 jam
1980 744 2176 818 edita,
2224 742 2364 805 sive
2406 745 2624 806 Graece
2678 750 2740 805 et
2799 744 3050 814 Latine,
3109 745 3253 806 sive
3309 745 3534 808 Latine

233 855 508 920 tantum,
558 865 735 910 nunc
776 848 948 926 typis
984 848 1250 908 Venetis
1301 846 1733 918 recuduntur,
1775 832 2090 924 prodeant
2125 841 2577 903 accuratiora?
2611 841 3076 902 Perfectiorem
3119 842 3263 903 sine
3305 843 3528 905 dubio.

229 945 371 1006 sive
407 951 654 1005 textum
694 944 990 1005 Grmcum
1030 951 1321 1022 ’spectes,
1357 943 1498 1005 sive
1548 942 1839 1004 Latinam
1881 941 2283 1012 versionem,
2323 930 2467 999 ﬁeri
2519 938 2881 1000 editionem
2943 956 3158 1017 posse,
3196 941 3321 1002 viri
3357 940 3540 1020 peri-

229 1040 474 1102 tissimi
534 1042 1145 1103 animadverterunt
1203 1062 1217 1100 :
1280 1039 1899 1102 Graecis-nimirum
1976 1035 2353 1108 codicibus,
2403 1035 2520 1114 qui
2565 1045 2913 1096 servantur
2971 1035 3038 1096 in
3093 1036 3531 1107 bibliothecis,

225 1139 621 1218 diligentius
652 1138 907 1201 collatis
949 1160 964 1200 :
999 1155 1070 1200 ac
1113 1139 1416 1201 versione
1453 1138 1679 1199 Latina
1713 1145 1848 1198 tum
1891 1133 2198 1206 nitidius,
2234 1140 2371 1192 tum
2421 1132 2790 1194 accuratius
2824 1132 2902 1193 ad
2959 1132 3296 1194 veritatem
3349 1136 3531 1196 Gree-

225 1252 456 1297 corum
502 1253 829 1315 expressa.
890 1234 1411 1315 (Ecolampadius
1446 1234 1668 1297 codice
1719 1234 1912 1294 unice
1948 1230 2153 1292 unico
2194 1229 2416 1290 Graeco
2472 1245 2636 1289 usus
2694 1236 2817 1302 est,
2879 1227 3112 1306 utique
3170 1229 3403 1291 mutilo
3462 1231 3529 1291 in

225 1333 716 1395 Commentariis
760 1332 1286 1411 Evangeliorum,
1325 1350 1444 1394 nec
1492 1332 1693 1392 alium
1737 1330 1866 1391 nisi
1917 1331 2282 1391 Romanum
2319 1325 2482 1388 vidit
2518 1324 2861 1404 Philippus
2901 1328 3249 1387 Montanos
3293 1329 3523 1407 utique

220 1430 732 1510 imperfectum:
776 1431 1133 1509 Latineque
1198 1429 1733 1509 interpretatione
1773 1429 1851 1489 ab
1884 1445 1960 1488 eo
2015 1426 2294 1504 primum
2346 1421 2669 1496 confecta,
2722 1439 2793 1484 ac
2851 1423 2949 1483 bis
3013 1423 3204 1484 etiam
3264 1424 3342 1486 ab
3405 1425 3531 1485 isto

224 1529 587 1608 recogni—ta,
624 1527 965 1591 meliorem
1004 1536 1227 1605 optant
1257 1529 1380 1590 viri
1419 1528 1612 1590 docti.
1642 1529 1805 1588 Num
1859 1523 2065 1586 studii
2103 1521 2464 1601 praestitum
2497 1521 2774 1600 aliquid,
2814 1521 2880 1580 in
2919 1522 3162 1581 Veneta
3212 1522 3529 1590 editione,

221 1625 691 1704 quodpriores
731 1627 1012 1687 maculas
1050 1623 1342 1687 eluerit?
1372 1626 1559 1699 Quod
1602 1640 1723 1701 ego
1783 1621 1962 1693 novi,
2004 1619 2227 1697 paucis
2286 1618 2532 1695 accipe.
2586 1619 2866 1678 'l‘extum
2916 1620 3312 1694 Romanum,
3357 1622 3530 1696 prio-

225 1727 505 1803 remque
551 1721 846 1784 Batinam
913 1721 1520 1799 interpretationem
1562 1722 1800 1781 iterum
1862 1719 2092 1780 excudi
2145 1716 2328 1796 juxta
2396 1715 2804 1776 Parisienses
2871 1727 3111 1794 typos:
3150 1717 3227 1777 ad
3289 1717 3537 1780 calcem.

220 1819 383 1880 tomi
439 1821 757 1881 variantes
787 1813 934 1881 non
984 1837 1220 1899 paucas
1257 1819 1579 1898 conjectas
1615 1835 1760 1879 esse
1797 1816 2135 1895 lectiones,
2171 1831 2319 1894 qum
2352 1831 2431 1874 ex
2483 1812 2828 1873 Marcianis
2868 1813 3132 1874 Venetis
3187 1815 3527 1878 codicibus

223 1916 629 1994 depromptae
660 1925 814 1977 sunt
843 1938 859 1977 :
887 1915 1226 1994 suppletas
1256 1914 1451 1978 etiam
1479 1915 1544 1974 in
1576 1915 1798 1975 Latina
1830 1914 2130 1974 versione
2155 1911 2449 1989 plurium
2489 1926 2716 1970 vocum
2752 1909 3175 1985 emissiones,
3205 1912 3527 1973 dictiones

222 2012 389 2072 alios
423 2015 502 2073 ad
535 2014 906 2075 Graecorum
948 2014 1283 2075 veritatem
1322 2013 1634 2086 radat-tas,
1680 2012 2102 2088 integrasque
2159 2007 2464 2086 periodos
2506 2023 2635 2068 non
2679 2023 2823 2068 raro
2859 2008 3208 2070 nitidiores
3271 2010 3526 2071 substi-

225 2114 428 2169 tutas.
464 2110 776 2187 Exempla
829 2108 1149 2171 nonnulla
1193 2108 1492 2170 inferiori
1533 2117 1822 2188 prostant
1858 2106 1925 2167 in
1963 2106 2281 2182 margine,
2318 2104 2788 2181 quaeindicant
2823 2123 2949 2166 non
2988 2117 3112 2168 tam
3153 2107 3526 2169 versionem

223 2204 434 2279 illam,
472 2205 584 2267 ubi
638 2222 806 2286 Opus
841 2216 999 2278 erat,
1034 2206 1405 2286 castigatam
1462 2214 1978 2284 correctamque,
2031 2219 2223 2282 quam
2271 2200 2488 2279 potius
2529 2194 3009 2264 emendatio’nis
3052 2221 3200 2283 quaa
3237 2205 3527 2268 curanda

222 2299 420 2377 foret,
458 2302 698 2380 passim
750 2303 1069 2382 indigam.

310 2399 719 2462 Ferebantur
755 2400 1221 2463 Commentarii
1259 2401 1325 2462 in
1361 2399 1693 2481 Epistolas
1722 2403 1932 2461 sancti
1974 2399 2188 2472 Pauli,
2221 2415 2368 2459 cum
2400 2398 2626 2461 Latina
2663 2398 2917 2478 duplici
2954 2401 3288 2475 versione,
3325 2400 3527 2464 altera

224 2494 682 2575 ChristOphori
715 2499 1019 2560 Porsenae
1043 2499 1545 2578 paraphrastica
1573 2518 1645 2559 ac
1685 2499 1953 2559 nimium
1995 2495 2224 2567 libera,
2260 2497 2534 2557 Joannis
2568 2496 2871 2558 Loniceri
2904 2498 3104 2558 altera
3137 2496 3522 2574 Sphalmatis

224 2593 476 2672 passim
508 2601 820 2669 scatente,
876 2601 940 2657 et
978 2595 1224 2657 alicubi
1284 2595 1629 2658 tolerabili.
1668 2597 1784 2657 llla
1832 2593 2288 2674 praetermissa,
2348 2592 2778 2671 posteriorem
2845 2593 3248 2672 recognovit,
3303 2594 3524 2679 Graeco

224 2697 436 2764 textu,
499 2692 612 2770 qui
673 2691 882 2753 fuerat
945 2690 1101 2752 olim
1163 2693 1439 2765 Erasnii,
1497 2699 1756 2769 reperto
1819 2707 2269 2770 expensoque,
2337 2689 2681 2768 Philippus
2717 2692 2968 2767 [LXIV]
3022 2693 3524 2754 Montanuszet

225 2783 399 2847 hanc
430 2788 782 2865 postremis
817 2787 993 2849 curis
1027 2789 1435 2850 emendatam
1493 2788 1822 2868 protulere
1857 2789 1922 2850 in
1969 2793 2177 2850 lucem
2219 2788 2679 2852 Londinenses
2729 2788 3042 2857 editores,
3087 2796 3267 2851 textu
3299 2791 3522 2852 Graeco

228 2881 488 2960 adjecto
524 2900 602 2944 ex
637 2884 860 2946 codice
915 2882 1417 2960 Arundelliano,
1451 2903 1598 2946 cum
1631 2885 1805 2947 binis
1851 2886 1997 2947 aliis
2056 2883 2551 2961 Oxoniensibus
2611 2883 2865 2946 collato.
2928 2885 3109 2946 Hanc
3161 2886 3520 2948 editionem

222 2979 470 3041 iterum
503 2981 875 3061 expriment
923 2983 1059 3062 typi
1106 2983 1370 3058 Veneti,
1423 2985 1668 3064 quibus
1713 2984 1976 3046 additur
2013 2982 2315 3044 collectio
2379 2980 2772 3043 variantium
2833 2981 3213 3058 lectionum,
3273 2985 3520 3045 Veneto

219 3078 558 3141 Marciano
587 3079 810 3142 codice
862 3097 974 3141 eas
1019 3081 1512 3160 suppeditante.
1556 3085 1622 3143 ln
1674 3073 1900 3143 Latina
1928 3080 2384 3160 ls‘xpositionis
2420 3080 2487 3140 in
2519 3080 2681 3140 Acta
2711 3080 3151 3157 apostolorum
3190 3081 3520 3159 interpre-

222 3176 494 3249 tatione,
531 3194 726 3256 quam
764 3175 1051 3239 Sifanius
1085 3179 1394 3254 confecit,
1429 3196 1598 3241 nova
1648 3180 1860 3258 ipsius
1893 3179 2178 3241 occurrit
2229 3179 2446 3240 versio
2479 3178 2644 3239 sacri
2681 3186 2920 3248 textus,
2967 3178 3157 3258 longe
3204 3179 3519 3241 ditl‘erens

218 3287 259 3334 a
309 3272 610 3353 Vulgata,
646 3290 774 3352 qua
815 3273 1055 3352 passim
1092 3275 1298 3338 utitur
1346 3275 1638 3337 Ecclesia
1676 3293 1688 3336 :
1730 3275 2047 3357 variaeque
2081 3284 2434 3338 occurrunt
2495 3275 2840 3347 lectiones,
2875 3293 3023 3356 quae
3055 3285 3330 3354 sumptae
3365 3285 3520 3338 sunt

221 3387 305 3431 ex
340 3371 631 3440 Erasmo,
670 3371 1048 3434 Sebastiano
1087 3373 1480 3446 Castalione,
1517 3382 1578 3433 et
1610 3372 1954 3435 Theodoro
1984 3376 2165 3456 Beza,
2197 3373 2522 3451 suSpectis
2555 3373 2939 3435 hominibus
2967 3389 3040 3434 ac
3070 3373 3520 3436 heterodoxis.

219 3468 402 3530 Sacri
435 3476 648 3530 textus
683 3470 1189 3549 Evangeliorum
1227 3470 1797 3549 OEcolampadius,
1857 3480 1919 3532 et
1975 3470 2410 3549 Epistolarum
2464 3471 2671 3531 sancti
2727 3470 2908 3532 Pauli
2951 3468 3339 3542 Lonicerus,
3377 3488 3522 3533 ver-

221 3565 452 3627 siones
486 3565 852 3645 proferunt,
887 3585 1049 3648 quas
1077 3568 1206 3645 ipsi
1238 3569 1458 3630 Grmco
1490 3569 1696 3629 textui
1731 3567 2207 3630 conformiores
2247 3575 2582 3646 putarunt,
2607 3566 2720 3628 sed
2756 3583 2791 3628 a
2831 3566 3103 3647 Vulgata
3135 3575 3354 3629 nostra
3389 3584 3520 3629 non

223 3663 511 3725 multum
543 3663 884 3726 abeuntes.
925 3666 1148 3728 Priore
1179 3665 1248 3726 in
1303 3667 1446 3727 loco
1480 3683 1550 3727 ea
1614 3683 1769 3728 usus
1810 3677 1906 3727 est
1950 3683 2065 3725 sua
2116 3667 2185 3725 in
2235 3662 2715 3742 Recognitione
2771 3663 3115 3743 Philippus
3167 3666 3517 3726 Montanus

224 3760 592 3839 evangelici
632 3769 848 3822 textus
890 3761 1227 3830 versione,
1265 3778 1460 3841 quam
1503 3762 1749 3840 reperit
1787 3779 1800 3822 :
1842 3761 2182 3839 alteroque
2248 3762 2316 3822 in
2381 3761 2524 3822 loco
2584 3761 2920 3837 vulgarem
2963 3761 3222 3822 Paulini
3270 3770 3515 3834 textus,

222 3854 295 3917 in
333 3856 621 3918 Ecclesia
661 3857 988 3919 Catholica
1030 3858 1413 3933 adhibitam,
1446 3859 1792 3921 substituit
1823 3876 1894 3920 ac
1929 3857 2230 3931 retinuit,
2275 3857 2403 3919 nisi
2439 3856 2634 3918 sicuti
2677 3856 3154 3938 TheOphylacti
3192 3856 3518 3938 interpre-

222 3952 386 4014 tatio
426 3951 601 4014 illam
641 3953 985 4015 immutare
1033 3957 1344 4034 coegerit.
1376 3957 1617 4019 Eorum
1668 3959 2001 4038 negotium
2046 3955 2192 4028 erit,
2226 3955 2340 4034 qui
2382 3955 2692 4016 Venetam
2752 3956 3116 4017 editionem
3158 3965 3411 4030 curant,
3453 3963 3522 4015 ut

223 4045 296 4107 in
368 4048 667 4126 praedicta
710 4049 1020 4110 Actorum
1060 4050 1502 4130 apostolorum
1552 4071 1716 4117 nova
1757 4055 2081 4134 versione,
2116 4053 2171 4116 si
2202 4052 2361 4133 quid
2401 4060 2498 4116 est
2537 4052 2954 4128 offensionis,
3008 4052 3318 4132 abjiciant
3357 4075 3374 4115 :
3408 4064 3518 4115 aut

223 4141 513 4223 Philippi
558 4145 876 4220 Montani,
912 4147 1044 4208 imo
1096 4150 1283 4209 etiam
1338 4150 1663 4213 editorum
1729 4151 2246 4213 Londinensium
2310 4148 2665 4211 consilium
2733 4157 3111 4228 sequentes,
3172 4150 3517 4230 Vulgatam

219 4239 653 4317 substituant,
702 4243 858 4305 locis
893 4244 1208 4323 exceptis,
1255 4245 1366 4306 ubi
1412 4265 1554 4310 eam
1594 4249 1926 4310 immutari
1969 4246 2436 4333 TheOpbylacti
2495 4247 2952 4325 interpretatio
2985 4255 3324 4326 exposcat.

311 4337 762 4415 Epistolarum
803 4341 1065 4404 demum
1106 4360 1268 4422 quas
1307 4344 1620 4423 plurimas
1648 4345 2182 4426 archiepiscOpus
2215 4342 2538 4423 Bulgarite
2562 4342 2850 4423 scripsit,
2880 4345 3143 4406 Graecus
3178 4353 3418 4420 textus,
3446 4360 3519 4406 ac

224 4435 457 4497 Latina
498 4435 830 4499 Vincentii
866 4439 1201 4501 Marinerii
1251 4443 1493 4517 versio,
1542 4443 1887 4522 sejunctim
1935 4443 2247 4503 hactenus
2290 4441 2713 4519 prodierunt;
2778 4441 2895 4504 sed
2952 4440 3142 4514 hanc,
3204 4451 3268 4505 et
3327 4441 3517 4504 illum

225 4531 628 4612 conjunctiin
664 4533 992 4611 praestabit
1039 4538 1289 4598 Veneta
1328 4538 1559 4600 editio.
1613 4539 2041 4602 Doctissimos
2102 4538 2275 4601 viros
2328 4539 2662 4614 novimus,
2717 4542 2834 4620 qui
2885 4541 3259 4603 versionem
3325 4540 3515 4614 hanc,

226 4645 355 4691 ceu
387 4647 605 4691 minus
642 4638 940 4693 accurate
973 4632 1358 4708 confectam,
1389 4637 1749 4717 erratisque
1798 4645 2147 4699 scatentem
2197 4635 2424 4698 dolent
2476 4659 2492 4698 :
2534 4652 2790 4716 nosque
2838 4639 3159 4701 nonnulla
3218 4638 3519 4718 exempla

224 4725 535 4787 dedimus
571 4743 752 4788 num.
786 4724 864 4788 25
897 4736 958 4789 et
991 4729 1179 4806 alibi;
1214 4733 1325 4794 sed
1365 4735 1595 4795 Veneti
1630 4735 1915 4796 editores
1967 4732 2132 4795 hanc
2182 4749 2449 4813 quoque
2502 4742 2783 4813 spartam
2839 4735 3271 4798 adornabant.
3322 4736 3515 4799 Plura

221 4823 448 4903 itaque
504 4833 660 4901 sunt
691 4842 838 4905 qum
876 4827 1188 4889 Venetam
1227 4828 1392 4892 hanc
1425 4831 1786 4893 editionem
1819 4831 2096 4893 maxime
2128 4831 2586 4893 commendant
2618 4853 2634 4894 :
2665 4839 2802 4895 tum
2832 4833 3080 4896 inedita
3113 4851 3242 4898 non
3284 4851 3512 4914 pauca,

223 4936 370 5001 quae
403 4936 581 4982 nunc
631 4919 701 4982 in
738 4921 948 4984 lucem
988 4925 1842 5006 prodeunt,"I‘heophylacti
1872 4944 2100 5007 Opera;
2145 4937 2284 4988 tum
2321 4926 2467 5006 ejus
2526 4927 3016 4992 lucubrationes
3066 4946 3322 5004 omnes,
3369 4949 3518 5011 qua;

226 5035 373 5079 cum
407 5017 727 5081 hactenus
760 5021 956 5081 variis
997 5039 1170 5084 cusm
1200 5024 1374 5104 typis
1404 5041 1476 5087 ac
1526 5026 1843 5103 dispersae
1895 5025 2172 5100 abirent,
2238 5042 2416 5086 nunc
2470 5025 2672 5089 simul
2733 5026 3017 5089 collectae
3080 5037 3513 5106 praestantur:

221 5121 358 5179 tum
394 5113 546 5178 alia;
590 5115 980 5179 variantium
1042 5119 1430 5197 lectionum,
1467 5139 1614 5200 quae
1645 5139 1724 5183 ex
1774 5123 2110 5198 codicibus
2143 5121 2332 5184 boum
2374 5131 2545 5185 notae
2580 5133 2856 5203 sumptm
2897 5130 3073 5199 sunt,
3107 5125 3516 5189 accessiones

218 5213 440 5296 plures
481 5231 496 5276 :
533 5221 670 5276 tum
701 5213 988 5297 denique
1028 5217 1417 5298 diligentior
1455 5223 1534 5283 de
1577 5220 1757 5283 hisce
1794 5221 2106 5299 Operibus
2145 5237 2426 5284 censura
2463 5239 2536 5285 ac
2563 5230 2810 5285 certum
2835 5223 3162 5306 judicium
