4098 6330
576 374 680 446 131
1524 406 1563 413 η
1805 362 2150 431 PHILIPPI
2186 361 2538 426 MONTANI
3737 352 3838 426 λῃ

802 624 810 634 “
877 801 889 810 ,
962 808 999 829 _
1098 607 1725 803 PHILlPPI
1803 615 2475 803 MONTANI
2561 675 3322 793 PB/EFATIO

1367 1010 1370 1013 ,
1728 887 2676 1017 't-NEVA‘NGELIA.
2897 905 2900 908 ’

651 1270 869 1359 [ιιιηί]
903 1281 977 1337 Ne
1007 1281 1076 1337 ob
1110 1278 1291 1337 varios
1348 1277 1815 1358 typographorum
1852 1272 2214 1348 quorumdam
2274 1275 2493 1342 titulos,
2546 1274 2745 1346 quibus
2799 1275 2982 1330 fucum
3006 1289 3011 1298 λ
3034 1273 3218 1330 facere
3254 1273 3589 1360 emptoribus
3633 1271 3835 1336 solent,

580 1390 703 1431 cum
742 1373 900 1428 nullis
933 1379 1026 1426 aut
1053 1367 1260 1438 paucis
1283 1370 1576 1423 admodum
1619 1366 1752 1421 locis
1798 1365 2023 1420 mutatis
2049 1373 2104 1418 et
2136 1365 2420 1429 correctis,
2454 1378 2522 1419 ne
2548 1364 2727 1417 dicam
2765 1363 3058 1433 corruptis,
3096 1362 3387 1433 plerosque
3427 1372 3608 1417 tamen
3650 1376 3838 1416 emen-

581 1458 760 1525 datus,
808 1473 969 1530 quam
996 1458 1260 1530 “plurima
1295 1456 1547 1512 restituta
1581 1463 1639 1508 et
1666 1453 1873 1518 addita,
1909 1462 1965 1506 et
2004 1452 2307 1522 hujusmodi
2339 1451 2443 1505 alia
2477 1451 2905 1521 quam-plurima
2949 1451 3235 1520 magniﬁce
3261 1453 3315 1505 in
3349 1452 3583 1522 speciem
3609 1451 3844 1519 iactant,

581 1559 641 1605 ut
668 1559 938 1618 emptores
963 1545 1262 1616 splendidis
1297 1542 1604 1612 huiusmodi
1636 1540 1816 1597 verbis
1853 1537 2056 1602 allecti,
2086 1540 2357 1607 iacturam
2389 1539 2492 1608 ipsi
2532 1554 2721 1594 revera
2754 1540 2958 1594 faciant
2991 1555 3006 1593 :
3041 1555 3108 1593 ne
3142 1541 3328 1610 igitur,
3359 1539 3589 1594 candide
3623 1538 3844 1604 Lector,

582 1635 638 1692 in
663 1639 766 1691 hoc
792 1649 1008 1705 quoque
1035 1644 1200 1702 Opere
1233 1631 1342 1687 tale
1375 1632 1505 1699 quid
1530 1628 1832 1700 contigisse
1858 1628 2181 1698 suspiceris,
2211 1629 2556 1683 commodum
2586 1642 2707 1683 esse
2737 1629 2885 1694 duxi,
2920 1628 3154 1698 paucula
3187 1629 3433 1697 quaedam
3471 1626 3609 1680 uaud
3640 1635 3847 1682 temere

582 1741 614 1780 s
647 1723 802 1778 nobis
835 1733 1060 1786 niutata,
1089 1736 1121 1776 e
1151 1720 1344 1791 primis
1371 1720 1716 1790 petissimum
1767 1716 2037 1786 capitibus
2087 1716 2347 1782 indicare,
2375 1731 2406 1770 e
2435 1716 2632 1786 quibus
2661 1716 2728 1771 de
2764 1716 2990 1785 reliquis
3026 1715 3393 1783 coniecturam
3427 1714 3608 1771 facere
3646 1715 3844 1785 possis,

583 1813 629 1866 si
656 1811 797 1867 forte
827 1810 914 1864 illa
949 1810 1201 1865 conferre
1249 1809 1516 1878 graveris.
1545 1806 1610 1860 Et
1639 1821 1704 1861 ne
1731 1805 1946 1878 longius
1977 1806 2263 1868 abeamus,
2294 1820 2360 1859 ex
2392 1803 2627 1859 Matthxi
2661 1806 2841 1874 capite
2871 1822 2886 1859 t
2915 1819 3086 1875 pauca
3120 1805 3554 1876 perstringamus
3580 1821 3595 1870 ;
3632 1820 3761 1859 nam
3793 1805 3846 1860 in

581 1898 975 1968 Theophylacti
1029 1894 1346 1966 praefatione
1378 1897 1534 1963 plura
1567 1893 1871 1970 adiecimus
1902 1907 2064 1963 quam
2091 1907 2213 1963 quas
2252 1897 2543 1950 commode
2579 1894 2669 1949 hic
2704 1893 2871 1949 inseri
2901 1895 3130 1965 possint.
3159 1893 3215 1948 In
3247 1894 3427 1950 locum
3479 1894 3665 1965 itaque
3695 1893 3847 1948 illum

583 1986 684 2056 filii
733 1985 1023 2050 Abraham,
1078 1985 1157 2039 sic
1193 1983 1429 2038 habebat
1477 1983 1629 2053 prior
1679 1973 1867 2045 editio,
1911 1981 2093 2046 Quare
2137 1984 2381 2050 apposuit
2435 1983 2602 2038 Dauit.’
2649 1983 2753 2057 ﬁlii
2789 1983 3045 2049 Abrahae,
3101 1997 3224 2037 cum
3260 1981 3542 2038 Romanus
3571 1981 3747 2038 codex
3783 1981 3851 2034 ad

584 2075 730 2129 hunc
762 2073 982 2129 modum
1022 2073 1238 2139 habeat,
1271 2068 1429 2135 Τίνος
1456 2069 1622 2125 ’ἕνεκα
1661 2065 1934 2140 προέταξε
1964 2067 2055 2123 τὸν
2082 2069 2202 2123 ΔαυΊ

2234 2071 2244 2123 i
2294 2069 2390 2125 τοῦ
2435 2069 2862 2143 Ἀϐραάμ;Ιιοο
2893 2079 2995 2134 est,
3025 2067 3136 2124 Cur
3185 2072 3357 2138 ipsum
3412 2069 3585 2124 David
3625 2067 3852 2124 Abrahc

585 2161 918 2230 praposuit?
947 2162 1106 2231 quam
1141 2161 1433 2218 lectionem
1466 2143 1743 2215 meliorem
1796 2172 1919 2213 esse
1946 2157 2178 2227 probant
2209 2151 2512 2228 sequentia,
2550 2168 2604 2213 et
2633 2171 2754 2228 quae
2790 2157 2843 2211 in
2876 2157 3127 2212 eumdem
3174 2157 3356 2212 locum
3392 2156 3581 2211 scribit
3611 2157 3853 2226 Chryse.

583 2259 819 2306 stemus.
859 2249 1130 2320 luterpres
1159 2247 1357 2319 legisse
1404 2246 1656 2313 videtur,
1692 2246 2019 2316 προσέταξε,
2067 2257 2204 2310 e.tc.,
2233 2256 2290 2302 et
2321 2245 2484 2316 paulo
2532 2251 2655 2316 pbst
2685 2245 2772 2299 ubi
2805 2243 3095 2301 Mattheus
3128 2244 3321 2299 scribit
3349 2241 3546 2299 ludam
3595 2245 3855 2315 genuisse

586 2338 844 2407 gemellos
873 2338 1016 2404 illos,
1057 2336 1263 2391 Phares
1301 2344 1356 2391 et
1388 2333 1586 2389 Zaram
1633 2335 1702 2406 de
1723 2333 1998 2398 Thamar,
2040 2334 2112 2389 ita
2145 2334 2296 2407 prius
2353 2335 2705 2391 habebatur:
2743 2333 2807 2388 Et
2862 2336 3000 2388 alius
3059 2336 3207 2404 prior
3277 2345 3434 2389 natus
3490 2332 3696 2388 Phares
3753 2341 3855 2388 est.

588 2426 784 2480 Deinde
813 2427 856 2479 is
887 2425 974 2494 qui
1006 2411 1220 2478 manum
1251 2424 1576 2494 promiserat
1605 2409 1816 2477 uocatus
1840 2435 1911 2476 est
1941 2420 2163 2489 Phares,
2193 2424 2333 2495 quod
2346 2430 2420 2478 “est
2451 2413 2698 2477 dissertio
2725 2439 2743 2480 :
2778 2441 2796 2475 ι
2831 2422 2983 2478 locus
3015 2424 3179 2476 etiam
3214 2418 3505 2476 manifeste
3543 2431 3860 2492 corruptus,

587 2531 708 2569 cum
769 2515 814 2570 is
857 2515 946 2582 qui
993 2527 1211 2567 manum
1266 2512 1604 2582 praemiserat
1639 2520 1863 2567 vocatus
1880 2511 1950 2566 sit
1974 2510 2132 2579 Zara,
2158 2521 2217 2566 ut
2242 2522 2390 2583 patet
2411 2511 2661 2577 Genesis,
2685 2525 2916 2574 xxxvttt,
2947 2521 3141 2566 etmox
3159 2510 3320 2566 etiam
3342 2508 3856 2580 exhocipsoTheo-

584 2602 859 2673 phylacto.
893 2602 987 2656 Sic
1032 2601 1215 2669 itaque
1251 2601 1537 2670 legendum
1568 2611 1653 2654 est
1687 2618 1701 2654 :
1732 2598 1803 2652 Et
1835 2599 1975 2654 alius
2006 2602 2154 2668 prior
2179 2613 2335 2656 natus
2379 2609 2480 2667 est,
2528 2599 2718 2654 deinde
2750 2602 2795 2655 is
2825 2601 2914 2670 qui
2947 2615 3161 2653 manum
3209 2598 3560 2669 prtcmiserat.
3622 2597 3851 2653 Vocatus

586 2702 662 2747 est
700 2693 878 2760 itaque
911 2691 1000 2758 qui
1025 2692 1173 2760 prior
1218 2697 1373 2744 natus
1398 2699 1473 2743 est
1503 2689 1728 2754 Phares,
1771 2689 1910 2759 quod
1941 2698 2018 2744 est
2055 2707 2074 2741 ε
2114 2689 2378 2753 dissertio,
2419 2707 2437 2741 ι
2474 2697 2678 2758 puncto
2707 2687 2920 2742 scilicet
2950 2687 3094 2742 facto
3123 2696 3266 2758 post,
3299 2689 3654 2757 prtemiserat,
3688 2698 3746 2741 ut
3781 2688 3850 2742 ibi

587 2789 743 2834 natus
782 2791 854 2834 est
881 2778 1258 2848 subintelligas
1289 2795 1302 2832 :
1330 2787 1385 2834 et
1414 2777 1608 2831 deinde
1643 2777 1899 2842 addatur,
1933 2787 2145 2832 uocatus
2188 2787 2265 2830 est
2294 2779 2490 2845 itaque,
2526 2785 2632 2829 etc.
2683 2774 2815 2828 Item
2860 2789 2966 2828 non
3007 2774 3082 2828 ita
3121 2775 3292 2828 multo
3324 2785 3468 2843 pust,
3495 2774 3624 2838 illic,
3661 2775 3855 2830 Omnes

588 2868 753 2934 igitur
783 2865 1166 2932 generationes,
1199 2875 1332 2928 etc.,
1371 2864 1452 2918 sic
1483 2863 1781 2917 habebatur
1809 2881 1823 2917 :
1861 2863 1925 2918 In
1960 2875 2064 2918 tres
2102 2866 2311 2918 ordines
2340 2863 2610 2917 distribuit
2657 2864 3046 2934 generationes,
3079 2875 3135 2915 ut
3170 2873 3446 2928 monstret,
3481 2864 3621 2932 quod
3651 2861 3858 2918 Judwis

593 2954 725 3006 nihil
753 2953 1035 3022 profuerit,
1078 2952 1195 3005 licet
1219 2951 1495 3021 judicibus
1521 2951 1718 3020 fuerint
1755 2950 1952 3005 subditi
1985 2968 2146 3022 usque
2187 2952 2254 3004 ad
2281 2950 2551 3006 Christum
2585 2966 2603 3004 :
2637 2953 2802 3007 etiam
2840 2950 2930 3005 hic
2960 2950 3115 3006 locus
3159 2952 3383 3007 mutilus
3419 2964 3501 3005 cst
3533 2967 3598 3006 ac
3630 2953 3855 3007 multum

591 3043 946 3109 depravatus,
983 3038 1418 3107 quandoquidem
1440 3036 1685 3105 judicum
1714 3046 1921 3092 tantum
1956 3039 2285 3095 mentionem
2310 3039 2498 3102 faciat,
2529 3039 2622 3110 qui
2652 3041 2715 3093 ad
2742 3049 2851 3094 tres
2878 3038 2998 3095 illos
3030 3039 3248 3094 ordines
3272 3041 3386 3095 sive
3414 3041 3858 3097 tesseradecades

592 3128 920 3196 respondere
953 3143 1059 3181 non
1097 3134 1343 3196 possunt.
1386 3124 1574 3180 Graeca
1620 3136 1799 3180 autem
1839 3127 1891 3181 in
1940 3127 2077 3182 adeo
2116 3130 2423 3185 manifestis
2454 3129 2652 3183 erratis
2688 3128 2776 3183 hic
2813 3127 3092 3183 ascribere
3124 3128 3261 3182 nihil
3291 3145 3426 3198 opus
3457 3145 3577 3185 esse
3603 3141 3757 3202 puto,
3790 3146 3855 3188 ne

591 3217 791 3270 frustra
838 3216 1093 3269 lectorem
1122 3228 1435 3279 oneremus,
1463 3227 1493 3268 e
1522 3214 1722 3282 quibus
1755 3214 1834 3268 sic
1868 3212 2043 3268 locum
2079 3216 2222 3270 hunc
2271 3218 2634 3273 restituimus.
2667 3215 2735 3270 In
2776 3225 2881 3270 tres
2916 3218 3125 3270 ordines
3156 3218 3428 3271 distribuit
3469 3221 3853 3288 generationes,

593 3314 651 3358 ut
695 3313 1014 3358 monstraret
1058 3304 1197 3374 quod
1243 3302 1446 3369 Judtei,
1488 3304 1596 3355 sive
1621 3318 1652 3354 a
1676 3300 1952 3370 judicibus
2003 3301 2441 3374 gubernarentur,
2477 3315 2531 3359 ut
2567 3306 2658 3374 qui
2687 3320 2850 3374 usque
2887 3307 2956 3358 ad
2983 3303 3155 3359 Dauid
3183 3321 3201 3360 :
3231 3308 3335 3360 sive
3361 3323 3392 3360 a
3421 3308 3651 3377 regibus,
3686 3317 3742 3361 ut
3771 3309 3859 3378 qui

593 3410 755 3465 usque
785 3395 853 3447 ad
889 3393 1413 3462 transmigrationem
1442 3407 1459 3445 :
1488 3392 1599 3446 sive
1634 3409 1663 3444 a
1687 3393 2073 3458 sacerdotibus,
2106 3402 2161 3445 ut
2188 3395 2277 3463 qui
2329 3410 2490 3463 usque
2518 3394 2585 3446 ad
2622 3392 2897 3448 Christum
2927 3407 2947 3446 :
2975 3392 3107 3446 nihil
3161 3405 3334 3448 tamen
3365 3396 3433 3448 ad
3463 3396 3712 3450 uirtutem
3737 3413 3863 3466 pro-

595 3483 849 3550 fecerunt,
883 3492 1001 3547 etc;
1033 3495 1192 3550 quam
1224 3479 1514 3535 lectionem
1561 3494 1741 3534 veram
1773 3482 2069 3536 ostendunt
2099 3492 2209 3535 tum
2243 3481 2628 3552 praecedentia,
2661 3480 2802 3549 quod
2826 3480 2923 3546 ait,
2962 3490 3237 3550 propterea
3270 3484 3634 3550 generationes
3661 3488 3716 3538 in
3753 3493 3857 3540 tres

595 3571 806 3624 ordines
842 3570 1175 3634 distributas,
1213 3575 1324 3622 tum
1361 3583 1485 3623 mox
1535 3568 1816 3639 sequentia
1851 3575 1918 3624 de
1948 3585 2079 3625 vero
2135 3581 2188 3624 et
2218 3569 2406 3624 Jndice
2455 3580 2510 3624 et
2555 3567 2704 3637 Rege
2747 3578 2802 3623 et
2835 3568 3134 3624 Sacerdote
3185 3569 3426 3627 Christo.
3481 3571 3654 3639 Quam
3695 3573 3858 3628 etiam

595 3663 922 3716 sententiam
953 3663 1112 3716 habet
1145 3659 1588 3731 Chrysostomus,
1626 3675 1784 3729 quem
1818 3662 1931 3718 l‘ere
1965 3671 2151 3718 noster
2176 3659 2622 3728 Theophylactus
2643 3658 2911 3727 sequitur.
2944 3657 3147 3714 Eodem
3181 3659 3284 3713 hoc
3313 3659 3486 3728 primo
3518 3661 3719 3730 capite,
3748 3661 3860 3717 ibi:

597 3748 680 3804 Ne
715 3751 923 3816 timeas,
955 3766 1020 3805 ex
1053 3765 1158 3805 una
1203 3750 1560 3805 annotatione
1599 3751 1735 3806 duas
1763 3753 1994 3817 iaciens,
2036 3762 2090 3807 et
2121 3753 2298 3820 accipe
2333 3765 2430 3819 pro
2475 3748 2711 3815 accipere
2742 3761 2970 3817 ponens,
3011 3748 3342 3803 sententiam
3378 3749 3561 3804 turbat
3594 3755 3782 3819 :quod
3809 3758 3864 3806 et

596 3838 759 3907 paulo
789 3847 910 3907 post
933 3839 1146 3893 diversa
1177 3838 1390 3892 ratione
1420 3837 1572 3903 facit,
1609 3829 2162 3896 duas'annotationes
2192 3840 2244 3893 in
2277 3852 2439 3892 unam
2476 3837 2829 3891 contrahens.
2866 3834 2934 3890 Ut
2965 3835 3184 3890 interim
3215 3837 3406 3892 sileam
3440 3839 3507 3892 de
3534 3838 3864 3895 dictionibus

597 3924 788 3979 multis
837 3924 1033 3993 passim
1071 3923 1316 3990 omissis,
1356 3933 1411 3979 et
1450 3925 1572 3979 aliis
1604 3941 1710 3980 non
1755 3929 1944 3997 paucis
1988 3927 2218 3981 multum
2259 3924 2612 3997 depravatis;
2663 3937 2784 3994 quae
2837 3921 2999 3978 facile
3053 3922 3426 3994 deprehendet
3455 3926 3547 3995 qui
3579 3924 3664 3982 vel
3695 3941 3864 3980 unum

595 4020 758 4082 caput
786 4013 888 4066 hoc
937 4012 1170 4084 primum
1203 4021 1258 4066 et
1300 4011 1678 4082 praefationem
1714 4027 1838 4066 cum
1879 4013 2044 4080 priori
2086 4014 2323 4069 editione
2364 4012 2616 4068 conferre
2648 4011 2813 4067 volet.
2869 4010 3061 4082 Capite
3109 4023 3291 4067 autem
3342 4023 3560 4080 octavo,
3604 4013 3703 4080 ibi,
3738 4012 3864 4068 Htrc

597 4111 774 4154 autem
827 4101 1054 4168 dicebat,
1085 4102 1239 4171 quasi
1286 4102 1643 4171 pigereteum
1681 4101 1956 4156 comitatus
2003 4102 2139 4172 ejus,
2172 4101 2212 4158 G

2246 4117 2357 4158 ‘atca
2395 4101 2475 4157 sic
2506 4102 2726 4167 habent,
2757 4099 2946 4154 Ταῦτα
2977 4100 3035 4153 δὲ
3063 4098 3252 4168 ἔλεγεν
3291 4095 3376 4164 ὡς’
3403 4101 3471 4154 ἂν
3501 4102 3668 4174 πείσῃ
3701 4102 3864 4155 αὑτὸν

605 4187 1021 4260 μεταϐληθέντο.
1052 4187 1393 4241 ἀκολουθεῖν.
1433 4185 1546 4242 Hoc
1577 4199 1684 4254 est,
1713 4187 1843 4244 Haec
1873 4201 2046 4244 autem
2077 4191 2222 4245 diceb

2243 4199 2281 4243 tt
2313 4205 2414 4260 quo
2436 4188 2773 4258 persuaderet
2796 4187 2896 4251 illi,
2931 4196 2985 4240 ut
3017 4188 3237 4240 mutatis
3269 4187 3504 4242 moribus
3537 4199 3861 4263 sequeretur;

611 4278 802 4348 Capite
834 4280 962 4332 item
995 4277 1248 4347 sequenti
1297 4277 1464 4332 multa
1496 4286 1651 4333 erant
1680 4279 1902 4345 omissa,
1933 4289 1989 4334 et
2014 4281 2256 4348 quaedam
2306 4278 2446 4332 male
2492 4291 2648 4331 versa
2679 4293 2692 4328 :
2725 4282 2783 4328 ut
2810 4275 2940 4329 illud
2977 4275 3029 4329 in
3063 4274 3169 4329 line
3200 4276 3414 4345 capitis,
3455 4292 3674 4331 messem
3715 4287 3862 4332 uocat

608 4367 1001 4420 multitudinem
1033 4367 1314 4421 ministerii
1343 4383 1446 4436 quo
1481 4368 1716 4438 egebant,
1746 4383 1867 4422 cum
1918 4368 2106 4424 Graca
2135 4369 2215 4424 sic

2246 4367 2501 4433 habeant,
2549 4363 2810 4435 θερισμὸν
2842 4363 3100 4434 ὀνομάζει
3129 4363 3191 4417 τὸ
3213 4363 3418 4436 πλῆθος
3442 4365 3506 4418 τὸ
3537 4363 3743 4436 χρῆζον
3767 4365 3864 4436 τῆς

601 4454 921 4527 θεραπείας,
961 4455 1013 4510 id
1042 4465 1149 4520 est,
1173 4473 1391 4511 messem
1411 4470 1560 4511 vocat
1595 4456 1989 4511 multitudinem
2016 4457 2309 4511 curationis
2340 4464 2591 4525 egentem.
2613 4453 2680 4508 Et
2710 4467 2831 4524 esp.
2863 4468 2954 4516 xv,
2991 4451 3086 4517 ibi,
3109 4453 3192 4506 Ad
3213 4451 3434 4508 Judteos
3457 4455 3548 4526 qui
3579 4463 3703 4508 sunt
3724 4471 3862 4520 oves,

599 4559 714 4614 qna:
747 4543 1082 4612 perdiderant
1111 4561 1172 4600 ea
1190 4563 1308 4614 qua:
1339 4547 1447 4601 illis
1479 4548 1783 4601 concredita
1805 4558 1976 4612 erant,
2012 4546 2198 4602 Graece

2245 4547 2306 4599 lic
2337 4544 2586 4614 legimus,
2622 4539 2816 4614 [LXX]
2851 4543 2947 4606 Εἰς
2965 4542 3095 4606 τοὺς
3132 4542 3446 4609 Ἰουδαίους,
3474 4543 3524 4597 οἳ
3543 4542 3863 4598 ἀπολωλότα

602 4631 711 4683 εἰσὶ
762 4629 1014 4690 “adhuc.
1062 4633 1172 4685 ἀπὸ
1226 4633 1429 4696 κακίας
1475 4633 1584 4686 τῶν
1621 4634 2100 4703 ὲμπιστευθέντων
2145 4634 2220 4685 ab

2247 4635 2286 4686 ti
2356 4633 2462 4687 hoc
2504 4643 2610 4696 est,
2645 4633 2724 4686 Ad
2750 4630 2968 4687 Judaeos
2997 4633 3086 4701 qui
3120 4643 3242 4687 sunt
3275 4649 3393 4688 oves
3437 4636 3657 4702 perditte
3685 4650 3865 4689 eorum

603 4718 748 4778 uitio.
805 4717 994 4789 quibus
1031 4717 1258 4788 fuerant
1294 4720 1606 4774 concredita:
1648 4720 1755 4774 sive
1799 4721 2109 4775 commissa.
2149 4718 2284 4775 Nam
2314 4718 2488 4774 Graeci
2533 4721 2986 4789 quemadmodum
3022 4720 3200 4776 active
3230 4721 3436 4787 dicunt,
3468 4724 3738 4778 committo
3770 4722 3866 4778 tibi

602 4809 736 4860 hanc
765 4823 914 4873 rem,
959 4807 1039 4861 sic
1073 4816 1128 4862 et
1169 4807 1405 4876 passive,
1445 4815 1500 4861 tu
1530 4825 1582 4862 es
1615 4811 1922 4864 conmissus
1956 4809 2092 4864 hanc
2130 4825 2261 4875 rem,
2302 4823 2400 4878 pro
2425 4809 2758 4862 commissam
2804 4807 2982 4864 habes.
3019 4809 3135 4878 Qua
3167 4811 3333 4866 etiam
3373 4811 3645 4868 locutione
3676 4811 3864 4869 Grata

604 4905 830 4951 utuntur
865 4911 1252 4965 nonnunquam
1285 4908 1459 4966 poetae
1486 4896 1686 4963 Latini,
1729 4905 1786 4949 ut
1813 4895 2107 4975 ﬂorentis
2131 4898 2354 4954 senibus
2386 4900 2566 4952 avaris
2599 4914 2614 4952 :

1471 5006 1624 5063 Laco
1658 5009 1896 5077 suspensi
1946 4995 2156 5064 loculos
2178 5009 2514 5078 tabulamque
2542 5010 2760 5075 lacerto,

609 5129 710 5193 pro
767 5137 1050 5188 suspensos
1103 5119 1307 5174 loculos
1352 5129 1402 5173 et
1451 5120 1687 5174 taoulam
1738 5136 2047 5189 suspensam
2103 5123 2376 5176 habentes:
2414 5119 2633 5177 Its-hoe
2687 5119 2853 5178 etiam
2909 5123 3110 5192 capite,
3164 5133 3223 5179 ut
3274 5125 3327 5179 in
3376 5123 3498 5181 aliis
3552 5126 3866 5196 preceden-

603 5211 751 5263 tibus
791 5219 844 5263 et
879 5210 1253 5278 sequentibus,
1295 5208 1574 5278 permulta
1616 5211 1828 5264 l‘uerant
1861 5225 2085 5278 prorsus
2119 5211 2341 5277 omissa,
2383 5210 2627 5281 quasdam
2662 5210 2877 5266 inversa
2925 5212 3262 5283 multumque
3301 5213 3613 5283 depravata.

688 5295 792 5350 Sed
820 5297 886 5350 ad
916 5299 1053 5351 alios
1085 5296 1450 5365 evangelistas
1493 5311 1790 5363 properans
1812 5333 1826 5359 ,
1865 5296 1994 5349 illud
2043 5313 2206 5351 unum
2238 5313 2302 5352 ex
2339 5299 2594 5353 Matthaeo
2628 5298 2903 5366 abjiciam,
2953 5303 3095 5368 quod
3127 5302 3357 5357 habetur
3397 5304 3575 5371 capite
3605 5301 3865 5358 vicesimo

603 5384 780 5454 primo
795 5386 858 5437 de
885 5383 1056 5438 turbis
1078 5384 1428 5452 simplicibus.
1450 5382 1652 5452 Neque,
1673 5383 1865 5452 inquit,
1886 5386 2179 5439 invidebant
2203 5385 2432 5452 Christo,
2459 5401 2622 5455 neque
2639 5385 2936 5454 opinionem
2957 5388 3227 5458 indignam
3247 5390 3308 5444 de
3329 5389 3538 5445 Christo
3559 5389 3817 5444 habebant
3844 5406 3862 5442 :

605 5474 720 5526 ideo
754 5484 800 5526 et
833 5488 969 5524 nunc
1019 5470 1324 5539 prOphetarn
1375 5471 1526 5523 illum
1579 5472 1757 5524 dicunt
1789 5487 1807 5524 :
1840 5487 2106 5538 nunquam
2154 5483 2351 5538 autem,
2381 5476 2425 5528 si
2454 5476 2566 5529 sine
2605 5465 2836 5529 articulo
2878 5477 3113 5542 dicatur,
3149 5487 3296 5540 etc...
3321 5492 3444 5532 cum
3487 5475 3676 5534 Graeca
3708 5479 3864 5549 longe

606 5578 765 5617 Sectis
801 5562 1034 5616 habeant
1068 5582 1080 5616 :
1117 5574 1172 5616 ιιι
1197 5560 1322 5614 οὕτε
1369 5561 1630 5630 ἐφθόνουν
1684 5562 1762 5631 τῷ
1793 5562 2039 5632 Χριστῷ,
2076 5563 2220 5616 οὔτε
2253 5564 2417 5616 πάλιν
2445 5564 2545 5633 τὴν
2583 5565 2969 5634 προσήκουσαν
3017 5565 3148 5634 περὶ
3193 5566 3358 5620 αὑτοῦ
3393 5567 3662 5638 ὑπόληψιν
3692 5568 3860 5640 εἶχον.

609 5649 704 5702 Διὸ
725 5652 820 5703 κα).
847 5650 940 5702 νῦν
973 5651 1262 5720 προφήτην
1303 5651 1467 5703 αὐτὸν
1500 5650 1744 5718 λέγουσι,
1776 5653 1989 5722 μήποτε
2012 5651 2090 5719 δὲ,
2124 5654 2246 5706 ἐπεὶ
2280 5653 2419 5723 μετὰ
2447 5652 2542 5705 τοῦ
2574 5652 2778 5722 ἄρθρου
2819 5654 2982 5723 φασὶν
3010 5655 3038 5707 ὁ
3071 5661 3355 5725 προφήτης
3380 5695 3395 5720 ,
3425 5656 3648 5711 δύναται
3668 5658 3866 5728 νοηθῆ-

607 5756 721 5801 vat,
747 5738 828 5790 ὅτι
858 5733 1010 5800 οὗτος
1045 5741 1192 5791 ἐστιν
1223 5741 1252 5791 ὁ
1279 5737 1727 5810 προσδοκώμενος
1777 5744 2084 5813 προφήτης,
2131 5743 2225 5798 hoc

2274 5752 2360 5798 Cal
2387 5761 2400 5797 :
2429 5740 2612 5812 Neque
2652 5743 2960 5795 invidebant
3006 5741 3236 5808 Christo,
3272 5761 3431 5816 neque
3463 5763 3648 5801 rursus
3680 5762 3861 5802 contie-

610 5831 836 5883 nientem
887 5828 951 5883 de
1005 5828 1117 5898 ipso
1165 5828 1427 5885 habebant
1473 5832 1789 5900 Opinionem.
1836 5832 1963 5887 Ideo
1991 5843 2039 5888 et
2073 5849 2210 5888 nunc
2257 5832 2568 5902 prophetam
2635 5831 2805 5900 ipsum
2865 5832 3068 5901 dicunt,
3120 5834 3222 5888 nisi
3269 5833 3404 5903 forte
3440 5834 3861 5899 quandoquidem
