4098 6330
188 419 298 492 183
1592 414 1806 479 PRAF.

1866 414 2006 479 ΠΟ.
2710 453 2712 455 ›
3380 406 3484 477 134

188 559 311 602 cunt
339 536 568 596 articulo
595 535 780 592 dicunt
810 534 837 589 ὁ
864 532 1177 604 προφήτης,
1206 528 1260 583 id
1279 535 1356 583 est
1377 525 1628 596 propheta
1660 526 1775 594 ille,
1805 525 1972 596 possit
2002 519 2225 594 intelligi
2249 521 2390 593 quod
2420 522 2520 576 iste
2547 521 2615 576 sit
2641 519 2735 592 qui
2753 520 3162 591 exspectabatur
3189 523 3473 592 propheta.

191 633 273 688 Ad
301 644 422 701 qua
455 625 685 698 pulchre
710 623 987 692 quadram
1028 619 1259 687 reliqua.
1308 613 1520 686 Lapsus
1549 613 1894 670 occasionem
1923 610 2116 701 dedit,
2137 609 2355 680 opinor,
2396 611 2538 701 quod
2567 608 2897 701 mitescet,
2925 611 3179 701 verterit,
3208 625 3482 701 nunquam

188 696 370 774 autem
397 729 419 770 :
449 696 518 768 ad
545 711 691 784 quod
717 719 918 766 caetera
945 714 1138 778 aptare
1160 704 1408 776 cupiens,
1435 711 1605 760 totam
1630 701 1858 758 invertit
1879 696 2209 756 sententiam
2237 713 2254 764 ;
2291 712 2417 753 cum
2447 697 2666 784 μήποτε
2690 699 2797 753 hoc
2815 697 2939 754 loco
2969 713 3075 754 non
3103 698 3176 754 sit
3203 699 3484 770 negantis,

187 809 282 862 scd
324 783 707 858 addubitanter
735 795 1102 858 decernentis,
1131 807 1230 864 pro
1255 791 1506 862 fortasse,
1539 799 1636 848 aut
1664 789 1768 844 nisi
1809 787 1970 858 forte.
1997 785 2114 854 Qua
2152 786 2212 841 in
2239 783 2648 857 significatione
2679 785 3000 858 frequenter
3046 788 3249 858 accipit
3296 796 3486 845 noster

186 894 277 949 hic
315 889 779 960 Theophylactus,
843 893 902 938 ut
953 882 1134 952 capite
1167 880 1330 950 hujus
1356 894 1478 943 xm,
1505 879 1576 933 ibi
1608 879 1822 950 μήποτε
1846 878 1928 944 δὲ,
1956 877 2226 942 vertebat,
2249 878 2390 931 absit
2419 887 2782 944 autem;cum
2811 877 3043 948 fortasse
3074 889 3270 946 autem,
3297 879 3483 937 dicere

182 980 467 1036 debuisset
504 995 518 1031 :
548 976 696 1048 quod
723 975 809 1031 bis
839 973 1031 1029 eodem
1061 972 1238 1040 capite
1272 967 1426 1032 facit,
1459 967 1602 1031 male
1642 967 1898 1036 rejiciens
1929 981 2050 1037 qua:
2085 965 2532 1037 Tbeophylactus
2564 966 2827 1021 admittit.
2860 965 3104 1023 Mattbaei
3138 970 3305 1023 etiam
3335 984 3478 1036 nu,

183 1078 239 1124 et
276 1066 446 1123 Marci
475 1081 566 1130 av,
598 1075 730 1130 etc.,
764 1063 957 1118 codem
1003 1059 1167 1115 modo
1211 1056 1502 1127 accipitur.
1537 1055 1645 1112 Sed
1675 1056 1806 1129 quid
1844 1055 1932 1111 his
1986 1057 2274 1120 immoror,
2307 1070 2431 1110 cum
2463 1055 2669 1110 nullum
2700 1055 2928 1111 omnino
2959 1066 3123 1130 caput
3149 1057 3246 1121 sit,
3282 1058 3336 1113 in
3370 1075 3482 1131 quo

183 1171 292 1212 non
323 1155 489 1210 multa
517 1154 628 1210 sint
654 1148 949 1207 restituta?
978 1146 1181 1203 Videor
1211 1147 1400 1215 itaque
1428 1161 1495 1200 ne
1526 1146 1582 1202 in
1615 1144 1701 1200 his
1737 1144 2005 1216 prolixior
2041 1142 2238 1200 fuerim
2277 1163 2290 1200 :
2346 1145 2579 1214 ideoque
2605 1160 2670 1201 ex
2710 1145 2937 1216 reliquis
2962 1147 3316 1218 evangelistis
3344 1164 3481 1218 pau-

183 1247 333 1298 riora
367 1244 758 1316 perstringam.
790 1235 960 1296 Marci
1002 1236 1180 1307 primo
1207 1233 1425 1291 Judazos
1460 1245 1679 1300 notans,
1710 1235 1800 1305 qui
1835 1233 2152 1305 Scripturas
2184 1232 2554 1304 negligebant,
2592 1235 2674 1290 sic
2705 1235 2907 1305 inquit,
2952 1235 3094 1290 Ἀλλ’
3122 1222 3481 1312 06:61.7“pr-

181 1349 315 1399 γουν
353 1330 528 1396 αὑτὰς
557 1328 680 1385 οὐδὲ
706 1326 970 1399 ὲρεύνων,
997 1323 1050 1379 id
1082 1334 1188 1390 est,
1218 1320 1321 1379 Sed
1359 1323 1462 1392 ipsi
1491 1340 1596 1378 non
1626 1326 1799 1377 excolo

1858 1333 1932 1377 mt
1961 1341 2050 1379 eos
2078 1339 2172 1378 nec
2197 1328 2614 1390 scrutabantur;
2637 1324 2790 1395 prius
2821 1336 3005 1382 autem
3036 1327 3307 1396 scriptum
3329 1338 3476 1392 erat,

181 1421 273 1475 sed
314 1437 420 1475 non
459 1419 564 1488 ipsi
593 1418 835 1474 colebant
870 1430 1028 1486 agros
1077 1429 1240 1483 neque
1269 1409 1627 1479 inquirebant.
1662 1409 1728 1465 Et
1762 1411 1922 1481 paulo
1953 1422 2083 1468 ante
2117 1411 2210 1467 hic
2242 1412 2482 1483 negatio,
2516 1427 2703 1483 neque,
2753 1413 2958 1469 omissa
2986 1429 3211 1470 sensum
3248 1423 3479 1471 centra-

183 1507 324 1561 rimn
357 1505 717 1577 exprimebat.
750 1502 819 1558 Et
845 1517 911 1558 ne
940 1501 1149 1556 diutius
1198 1499 1483 1561 immorer,
1515 1498 1558 1553 si
1587 1499 1712 1569 quis
1757 1507 1929 1555 totum
1965 1500 2070 1556 hoc
2101 1508 2267 1570 caput
2302 1500 2541 1571 primum
2595 1511 2859 1557 excutere
2911 1503 3070 1567 velut,
3103 1503 3480 1572 deprehendet

182 1595 353 1649 multa
386 1597 617 1661 omissa,
652 1603 708 1649 et
749 1607 857 1648 non
891 1606 1064 1662 pauca
1101 1598 1387 1658 corrupta,
1439 1588 1583 1642 sicut
1606 1596 1662 1642 et
1693 1589 1872 1657 capite
1917 1590 2169 1660 proxime
2199 1591 2478 1658 sequenti,
2513 1597 2573 1644 ut
2615 1607 2681 1646 ex
2720 1592 2910 1648 multis
2946 1592 3211 1660 indicem,
3249 1594 3339 1648 ubi
3375 1590 3474 1658 ait,

180 1687 323 1753 quod
357 1683 528 1740 David
575 1683 784 1755 fugiens
807 1698 838 1734 a
871 1678 1011 1750 facie
1039 1677 1239 1743 Saulis,
1273 1675 1515 1747 gladium
1550 1673 1769 1732 Goliatlt
1815 1679 2056 1732 ablatum
2085 1677 2272 1732 obtulit
2309 1677 2536 1733 Domino
2569 1693 2590 1732 :
2622 1695 2746 1734 cum
2792 1680 3081 1752 legendum
3121 1681 3216 1749 sit,
3239 1683 3480 1754 gladium

181 1773 396 1828 Coliatlt
432 1774 671 1828 oblatum
710 1769 956 1834 Domino,
1008 1768 1229 1823 abstulit
1295 1773 1353 1821 ut
1410 1765 1616 1820 habent
1649 1763 1863 1829 Graeca,
1893 1768 2086 1838 eisque
2140 1768 2474 1840 asﬁpulatur
2529 1769 2760 1826 historia
2790 1772 2809 1826 Ι
2838 1771 2974 1843 Reg.
3009 1788 3133 1844 cap.
3172 1788 3287 1829 ut.
3318 1773 3481 1830 Initio

180 1863 308 1917 item
341 1861 849 1934 sequentis'capilis
882 1860 1035 1915 locus
1082 1857 1242 1926 plane
1274 1855 1608 1925 depravatus
1641 1856 1975 1910 contrariam
2031 1855 2297 1912 reddebat
2330 1860 2688 1914 sententiam.
2723 1860 2832 1916 Sed
2873 1862 2941 1916 ad
2970 1860 3175 1918 Lucam
3211 1877 3475 1936 propero,

179 1951 341 2020 cujus
371 1957 535 2021 caput
581 1950 818 2022 primum
855 1959 911 2006 et
939 1947 1242 2005 secundum
1289 1944 1482 2016 multis
1531 1942 1817 2000 scatebant
1866 1943 2106 2012 mendis,
2136 1954 2196 1999 ut
2227 1951 2284 2000 et
2311 1946 2564 2016 proxime
2597 1947 2877 2018 sequens:
2917 1949 3009 2005 ubi
3063 1961 3264 2020 praeter
3309 1952 3481 2008 multa

179 2044 412 2109 omissa,
452 2039 693 2096 fortasse
726 2038 975 2110 quaedam
1016 2037 1236 2092 fuerant
1287 2049 1395 2090 non
1433 2032 1570 2088 satis
1606 2032 1878 2089 intellecta
1919 2051 1932 2089 :
1967 2042 2028 2088 ut
2059 2034 2204 2103 quod
2239 2035 2368 2088 ὅσον
2419 2035 2598 2104 οὔπω,
2641 2048 2843 2104 vertat,
2885 2048 3142 2110 quantum
3180 2055 3478 2110 nunquam,

178 2146 299 2186 cum
343 2129 667 2185 vertendum
694 2137 842 2183 esset
877 2142 1001 2180 mox
1031 2133 1125 2180 aut
1157 2123 1322 2194 paulo
1355 2133 1472 2192 post
1505 2138 1523 2180 :
1553 2131 1613 2176 ut
1652 2135 1848 2177 sensus
1874 2121 1969 2188 sit,
1996 2137 2122 2175 mox
2151 2139 2182 2176 a
2214 2123 2601 2192 praedicatione
2646 2124 2878 2181 Joannis
2921 2128 3339 2196 pradicaturum
3365 2146 3481 2186 esse

186 2215 494 2273 Dominum.
530 2217 730 2272 Eodem
767 2216 917 2285 lapsu
955 2221 1217 2284 corrupta
1245 2211 1352 2267 fuit
1385 2211 1659 2266 sententia
1701 2225 1824 2280 cap.
1860 2226 2019 2278 xvnt,
2052 2210 2143 2266 ubi
2171 2212 2297 2266 ὅσον
2336 2212 2513 2280 οὔπω,
2557 2225 2797 2270 verterat
2831 2216 3090 2284 nondum,
3122 2233 3246 2273 cum
3277 2231 3478 2276 sensus

188 2307 446 2378 postulet,
477 2316 540 2360 ut
566 2321 712 2371 mox,
741 2303 858 2358 sive
888 2302 1049 2374 paulo
1075 2311 1190 2372 post
1213 2302 1449 2356 dicatur.
1473 2300 1666 2370 Capite
1692 2311 1874 2353 autem
1902 2315 2016 2366 xw,
2046 2302 2138 2356 ubi
2173 2301 2438 2370 declarat,
2464 2317 2563 2374 per
2590 2319 2715 2360 eum
2745 2305 2838 2374 qui
2867 2306 2998 2375 juga
3039 2307 3201 2361 boum
3253 2310 3476 2378 emerit,

181 2395 508 2466 signiﬁcari,
540 2410 662 2451 eum
697 2393 790 2464 qui
824 2394 972 2448 circa
1025 2401 1238 2446 terrena
1271 2401 1418 2446 esset
1457 2399 1780 2460 occupatus,
1813 2388 2157 2459 spiritualem
2191 2404 2404 2447 caenam
2439 2391 2744 2464 negligere,
2776 2390 2937 2449 alIett
2972 2391 3254 2464 Sapientis
3281 2407 3474 2451 aucto-

181 2486 399 2538 ritatem
437 2485 504 2536 ad
542 2483 685 2537 hunc
720 2479 938 2536 modum
971 2496 984 2534 :
1019 2478 1164 2545 Quid
1212 2477 1580 2532 calumniatur
1611 2478 1701 2548 qui
1728 2476 1888 2532 alteri
1916 2479 2216 2548 prwvalet?
2247 2479 2353 2535 Sed
2382 2481 2539 2551 quid,
2568 2497 2776 2552 quaso,
2818 2483 2962 2538 istud
2990 2483 3058 2539 ad
3091 2485 3481 2556 propositum?

182 2574 273 2627 ubi
306 2571 495 2627 Graece
526 2573 606 2626 sic
638 2571 861 2636 habent,
892 2567 958 2622 Ti
993 2565 1389 2639 σοφισθήσεται
1421 2566 1452 2620 ὁ
1479 2566 1702 2639 κρατῶν
1730 2567 1800 2638 ἀρ

1860 2585 2001 2640 ερου,
2035 2569 2087 2624 id
2127 2579 2233 2635 est,
2269 2568 2334 2624 In
2364 2588 2468 2642 quo
2500 2575 2712 2641 sapiens
2743 2573 2846 2627 erit
2879 2573 2971 2642 qui
3017 2582 3154 2628 tenet
3189 2575 3478 2630 aratrum!

185 2660 648 2729 quemadmodum
671 2658 951 2716 habemus
984 2655 1356 2713 Ecclesiastici
1409 2671 1641 2720 xxxvm,
1675 2658 1979 2713 secundum
2005 2655 2391 2730 Septuaginta,
2429 2677 2570 2732 quos
2603 2662 2716 2729 hic,
2744 2672 2804 2716 ut
2839 2661 2929 2718 alii
2965 2662 3162 2730 Graeci,
3189 2664 3476 2736 sequitur:

186 2751 323 2819 quod
352 2747 576 2818 quidem
621 2747 905 2817 pr0posito
942 2745 1173 2817 pulchre
1209 2745 1506 2812 convenit;
1541 2754 1729 2800 aratro
1759 2745 1904 2801 enim
1927 2744 2057 2816 juga
2089 2745 2293 2800 bonum
2328 2748 2712 2805 admoventur.
2746 2749 2838 2807 Sic
2868 2760 2921 2811 et
2949 2766 3071 2822 cap.
3109 2767 3246 2820 xm,
3275 2767 3481 2809 secun-

185 2837 311 2893 dum
336 2837 696 2907 Septuaginta
745 2835 1032 2907 legendum
1065 2844 1188 2900 est;
1221 2843 1272 2888 et
1300 2834 1615 2888 roborentur
1644 2834 1701 2887 in
1748 2850 1806 2887 eo
1849 2850 2028 2888 omnes
2055 2835 2160 2903 ﬁlii
2211 2833 2585 2905 Dei,‘Deuter.
2625 2838 2907 2895 tricesimo
2967 2843 3232 2897 secundo.
3269 2840 3475 2899 Eodem

182 2924 446 2980 vicesimo
472 2925 712 2980 secundo
753 2925 953 2992 capite,
1008 2922 1180 2977 multa
1213 2922 1379 2977 etiam
1412 2922 1516 2975 alia
1566 2921 1859 2976 emendata
1910 2921 2100 2978 videre
2147 2921 2297 2977 licet.
2337 2921 2584 2995 Dettique
2618 2936 2675 2979 ut
2720 2939 2786 2980 ex
2825 2925 3006 2998 primo
3043 2930 3212 2984 etiam
3243 2926 3477 2987 Joannis

187 3014 363 3082 capite
397 3015 646 3083 quaedam
679 3014 1090 3082 depromamus,
1122 3011 1220 3077 ibi,
1258 3009 1326 3063 Et
1357 3009 1450 3064 lux
1482 3013 1536 3063 in
1571 3011 1796 3066 tenebris
1823 3011 1984 3078 lucet,
2011 3012 2300 3069 declarans
2330 3013 2506 3069 lucem
2551 3017 2606 3071 in
2634 3019 2878 3072 tenebris
2911 3019 3113 3075 lucere.
3151 3019 3244 3076 Sic
3269 3036 3476 3092 posue-

186 3113 263 3157 rat
295 3120 308 3157 :
345 3101 490 3156 Nam
519 3111 567 3156 et
589 3103 646 3155 in
670 3111 837 3155 morte
869 3099 1041 3170 {actus
1067 3109 1166 3165 est,
1191 3100 1348 3169 quasi
1382 3100 1564 3167 fuisset
1596 3098 1784 3166 rictus,
1812 3101 1887 3155 itu
1916 3111 1970 3154 ut
1996 3111 2196 3171 cogeret
2217 3100 2503 3156 hincillum
2529 3105 2810 3174 emigrare,
2840 3115 2947 3161 etc.
2975 3104 3234 3173 Ubinam,
3264 3123 3474 3178 quaeso,

185 3191 269 3245 ius
301 3191 353 3244 in
387 3201 568 3245 morte
600 3189 688 3244 hic
712 3189 913 3254 lucere,
939 3197 995 3243 et
1016 3189 1158 3242 vires
1182 3203 1309 3241 suas
1334 3201 1589 3242 exserere
1617 3187 1868 3243 dicatur?
1888 3189 2124 3245 Proinde
2143 3192 2223 3245 sic
2248 3191 2314 3246 ad
2343 3193 2625 3263 exemplar
2650 3193 2902 3249 Graecum
2941 3197 3302 3252 restituimus.
3333 3197 3476 3263 Nam

184 3290 228 3334 et
250 3279 356 3350 ipse
381 3290 624 3333 mortuus
647 3279 723 3332 sic
744 3291 963 3332 mortem
992 3276 1280 3344 superavit,
1309 3285 1362 3328 ut
1385 3286 1429 3328 et
1457 3291 1544 3328 eos
1568 3292 1696 3344 quos
1714 3278 1861 3343 prius
1886 3280 2249 3350 absorpserat,
2273 3293 2475 3352 cogeret
2497 3286 2667 3353 ipsam
2691 3301 2945 3341 evomere.
2972 3286 3180 3343 Similis
3203 3289 3474 3345 sententia

187 3369 450 3425 babeturl
473 3370 537 3423 ad
559 3367 688 3424 Cor.
709 3384 830 3439 cap.
854 3383 945 3432 av,
968 3368 1063 3431 ibi,
1085 3364 1397 3421 Postremus
1417 3366 1584 3421 hostis
1605 3367 1912 3437 destruetur
1933 3386 2099 3426 mors.
2123 3369 2188 3425 Et
2212 3370 2374 3440 paulo
2393 3383 2515 3442 post
2537 3371 2810 3429 Joannem
2862 3373 3264 3431 Praecursorem
3287 3375 3356 3431 de
3377 3393 3474 3432 sua

185 3456 394 3531 [LXXI]
429 3459 721 3513 nativitate
755 3472 1067 3514 sermonem
1101 3456 1330 3520 habere,
1380 3456 1566 3510 dicere
1599 3457 1851 3524 videtur;
1883 3465 1938 3512 et
1979 3457 2147 3512 multa
2184 3459 2290 3514 alia
2326 3459 2442 3514 hoc
2485 3461 2680 3515 eodem
2724 3461 2904 3530 capite
2941 3476 3050 3516 non
3101 3464 3239 3517 satis
3269 3478 3475 3519 conve-

188 3550 407 3603 nicntia.
447 3548 608 3604 Initio
640 3549 769 3602 item
798 3548 1022 3602 secundi
1055 3547 1253 3614 capitis
1275 3548 1339 3600 de
1376 3543 1602 3614 Virgine
1641 3543 1816 3601 Matre
1857 3546 2106 3616 loquens,
2138 3548 2214 3602 ait
2251 3565 2265 3601 :
2305 3548 2519 3603 (labens
2550 3549 2853 3618 opinionem
2893 3568 3007 3606 sua:
3042 3569 3168 3624 erga
3197 3552 3351 3606 illum
3376 3570 3476 3622 po-

187 3639 403 3694 testatis.
455 3638 585 3692 Hinc
625 3637 788 3692 verba
823 3649 1020 3690 sonare
1047 3635 1319 3699 videntur,
1347 3635 1490 3704 quod
1531 3634 1649 3702 ipsa
1693 3633 1794 3687 sibi
1827 3650 1942 3688 eam
1984 3644 2302 3704 potestatem
2340 3652 2452 3692 esse
2475 3641 2529 3692 in
2559 3636 2838 3692 Christum
2867 3638 3244 3707 arbitraretur,
3285 3653 3338 3694 ut
3371 3642 3475 3695 im-

186 3744 360 3793 νεῖαι-ε
391 3737 589 3792 posset,
632 3736 688 3778 ut
729 3741 926 3794 aquam
959 3726 1013 3777 in
1048 3726 1226 3776 vinum
1263 3733 1626 3776 conuerteret:
1661 3736 1784 3776 cum
1815 3721 2003 3780 Graeca
2037 3725 2197 3796 longe
2232 3726 2507 3780 diversum
2551 3741 2775 3781 sensum
2811 3742 2923 3796 prae
2953 3728 3241 3795 scierant,
3273 3745 3472 3800 nempe

187 3825 317 3886 quod
366 3815 524 3888 Virgo
563 3832 812 3887 magnam
839 3813 1162 3884 concepisset
1186 3815 1249 3866 de
1272 3810 1472 3865 Christi
1512 3822 1770 3883 potestate
1793 3817 2092 3884 opinionem
2117 3832 2181 3870 ea:
2205 3818 2308 3880 Itis,
2338 3831 2458 3887 qua:
2489 3826 2536 3870 et
2567 3818 2622 3870 in
2650 3817 2816 3886 ipsius
2838 3821 3172 3889 conceptione
3207 3829 3256 3873 et
3283 3821 3478 3875 nativi-

188 3917 618 3969 tateurenerant,
660 3917 764 3962 etc.
803 3905 958 3973 Quod
998 3916 1181 3959 autem
1216 3905 1286 3958 ibi
1334 3903 1521 3960 statim
1559 3905 1828 3976 sequitur,
1855 3913 1913 3959 ut
1941 3914 2118 3958 oraret
2141 3904 2334 3971 Deum,
2370 3921 2468 3975 pro
2495 3923 2654 3960 orare
2695 3924 2848 3973 eum;
2881 3907 3012 3962 item
3046 3920 3100 3963 et
3134 3925 3200 3964 ex
3252 3910 3474 3976 animo,

189 4012 280 4066 pro
309 4009 362 4052 et
387 3997 655 4062 examine,
686 4006 742 4051 et
775 3992 1086 4065 hujusmodi
1133 3991 1324 4057 multa,
1365 3993 1560 4047 scribae
1594 3994 1776 4062 potius
1824 4005 1918 4050 aut
1954 3997 2293 4065 typographo
2326 4011 2490 4064 quam
2523 3997 2810 4067 interpreti
2863 3999 3208 4070 imputanda,
3253 3976 3479 4058 lectoris

192 4088 441 4142 industria
485 4085 769 4141 emendari
794 4084 1118 4154 potuissent.
1167 4081 1437 4137 Caeterum
1482 4083 1575 4136 ubi
1610 4097 1753 4138 nono
1779 4084 1960 4154 capite
2005 4085 2168 4139 docet
2215 4098 2311 4154 per
2343 4084 2690 4141 Ezechielem
2717 4086 2906 4144 dicens
2944 4105 2958 4142 :
2992 4087 3181 4143 Patres
3218 4094 3466 4145 comede-

191 4186 324 4239 rant,
356 4189 488 4242 etc.,
524 4173 771 4246 quaedam
797 4172 910 4228 illic
940 4171 1305 4243 praetermissa
1353 4172 1692 4226 c0ntrariam
1730 4172 2092 4227 admittebant
2116 4171 2481 4240 sententiam;
2515 4183 2573 4226 ut
2621 4183 2675 4228 et
2707 4175 2890 4244 capite
2939 4177 3213 4245 sequenti,
3240 4178 3333 4233 ubi
3365 4193 3472 4248 pro

191 4275 502 4336 cognoscunt
530 4265 671 4321 enim
699 4265 988 4336 legendum
1013 4272 1115 4328 est,
1147 4278 1248 4316 non
1272 4263 1413 4316 enim
1435 4272 1780 4332 cognoscunt,
1807 4270 1866 4316 ut
1889 4260 2096 4317 habent
2125 4259 2315 4317 Graeca
2349 4279 2362 4316 :
2394 4261 2595 4332 alioqui
2633 4262 2813 4334 glossa
2846 4279 2970 4319 cum
3000 4273 3150 4319 textu
3178 4278 3472 4336 pugnaret.

193 4355 289 4410 Sed
332 4357 475 4426 quod
516 4355 706 4410 eodem
743 4353 924 4422 capite
971 4367 1071 4422 pro
1105 4350 1391 4420 apostasis,
1442 4350 1712 4418 apostolos
1758 4349 2117 4412 haberemus;
2153 4349 2281 4404 item
2313 4351 2458 4419 quod
2497 4365 2596 4420 pro
2642 4367 2709 4405 ea:
2753 4352 2892 4420 ipso,
2927 4353 3193 4423 scriptum
3228 4365 3376 4410 esset
3409 4371 3476 4410 ea:

192 4443 451 4517 Egypto;
484 4444 631 4498 unde
664 4443 830 4499 etiam
861 4441 1110 4510 suspicor
1138 4441 1314 4494 locum
1348 4440 1485 4494 mire
1519 4438 1688 4495 fuisse
1714 4447 2054 4507 corruptum,
2093 4438 2184 4492 ubi
2229 4435 2299 4492 de
2339 4438 2503 4495 malis
2536 4441 2850 4506 pastoribus
2879 4450 2935 4495 et
2972 4441 3154 4496 avaris
3196 4444 3471 4510 quereba-

195 4543 323 4587 tur:
362 4532 481 4587 Non
510 4533 674 4598 enim,
725 4530 922 4600 inquit,
957 4527 1258 4599 qua'rebant
1307 4527 1583 4582 utilitatem
1627 4545 1692 4582 ea:
1721 4525 1976 4596 Egypto,
2018 4529 2107 4580 sed
2141 4536 2291 4593 turpe
2338 4526 2584 4594 lucrum;
2625 4543 2746 4582 cum
2790 4527 2892 4598 legi
2931 4528 3152 4596 debeat,
3197 4547 3299 4584 non
3337 4532 3474 4585 enim

197 4624 489 4690 qnwreltattl
533 4619 719 4690 populi
759 4619 1064 4681 utilitatem,
1096 4617 1187 4670 sed
1217 4632 1282 4670 ea:
1302 4616 1417 4684 ipso
1449 4626 1600 4684 turpe
1627 4615 1856 4670 lucrum.
1891 4614 2023 4682 ista,
2054 4616 2300 4686 inquam,
2333 4624 2389 4671 et
2416 4617 2689 4687 ejusmodi
2724 4616 2986 4687 pleraque
3017 4619 3122 4672 alia
3151 4620 3472 4688 impressori

195 4710 365 4778 potius
395 4725 558 4778 quam
594 4707 874 4777 interpreti
903 4705 1102 4762 ascribi
1141 4714 1382 4774 possent.
1415 4703 1570 4770 Quod
1602 4712 1781 4758 autem
1813 4704 2089 4775 plerisque
2116 4706 2169 4758 in
2209 4704 2344 4759 locis
2375 4704 2646 4775 permulta
2683 4704 2890 4761 fuerint
2922 4709 3151 4772 omissa,
3187 4723 3251 4762 ex
3277 4709 3476 4778 quibus

197 4800 465 4868 sequentia
501 4797 836 4868 pendebant,
873 4811 979 4849 non
1023 4802 1232 4848 tantum
1263 4793 1533 4847 dictiones
1573 4793 1780 4862 aliquot
1815 4794 1957 4858 dico,
1992 4795 2086 4848 sed
2117 4806 2308 4848 versus
2338 4793 2659 4863 permultos,
2690 4804 2854 4863 atque
2885 4794 3020 4850 adeo
3051 4796 3277 4866 paginas
3311 4807 3474 4863 totas,

198 4889 435 4958 quodque
471 4886 798 4957 szepiuscule
838 4883 1056 4955 negatio
1098 4891 1288 4936 contra
1329 4881 1570 4935 auctoris
1611 4896 1850 4936 mentem
1886 4891 1979 4935 aut
2008 4882 2234 4948 omissa,
2263 4891 2356 4935 aut
2395 4881 2591 4949 injecta
2623 4883 2960 4938 contrariam
2992 4884 3218 4939 inducat
3249 4897 3474 4942 senten-

201 4978 352 5044 tiam;
391 4977 678 5040 scriba-ne,
721 4983 818 5029 aut
853 4971 1214 5043 typographo,
1244 4985 1310 5024 an
1345 4971 1654 5040 interpreti,
1697 4970 1960 5024 mutilove
1993 4969 2164 5025 codici
2201 4969 2578 5038 imputandum
2629 4971 2724 5038 sit,
2757 4971 2988 5026 aliorum
3031 4982 3148 5028 esto
3184 4974 3472 5042 judicium.

199 5063 316 5121 Mihi
343 5067 559 5123 abunde
582 5067 715 5121 satis
746 5065 933 5128 fuerit,
967 5063 1012 5118 si
1048 5060 1266 5116 favente
1287 5060 1570 5114 Altissimo
1602 5057 1875 5130 publicam
1917 5059 2223 5114 studiorum
2267 5049 2559 5114 utilitatem
2591 5075 2690 5130 pro
2719 5068 2907 5116 nostra
2945 5062 3313 5132 qualicunque
3353 5061 3473 5119 me;

202 5155 474 5212 diocritate
527 5143 779 5210 nonnihil
823 5152 1219 5223 adjuverimus.
1257 5147 1535 5220 interpres
1573 5148 1790 5218 quidem
1833 5156 1984 5202 certe
2017 5144 2248 5201 tloannis
2301 5147 2494 5202 ultimo
2534 5150 2777 5205 codicem
2807 5159 2972 5205 suum
3021 5151 3270 5207 mutilum
3303 5151 3474 5208 fuisse

203 5245 476 5300 ceulitetur
509 5264 522 5301 :
560 5244 678 5298 fieri
713 5251 896 5298 tamen
933 5251 1136 5312 potest,
1168 5247 1227 5293 ut
1254 5239 1417 5295 etiam
1451 5237 1540 5291 ille
1573 5236 1898 5316 quihusdam
1920 5236 1970 5290 in
1995 5234 2130 5315 locis
2156 5245 2345 5290 nostro
2368 5238 2709 5316 emendatior
2737 5235 2904 5293 fuerit
2934 5240 3203 5310 :ideoque
3223 5241 3472 5310 quaedam

205 5331 391 5389 intacta
425 5334 770 5404 reliquimus,
807 5333 922 5388 sive
948 5334 1090 5400 quod
1123 5331 1189 5384 ad
1226 5343 1446 5384 sensum
1486 5329 1622 5382 bene
1647 5313 2010 5396 quadrarent,
2041 5313 2158 5380 sive
2191 5325 2339 5396 quod
2363 5341 2468 5381 non
2510 5313 2692 5398 magni
2721 5338 2906 5383 essent
2939 5332 3224 5394 momenti,
3250 5331 3472 5388 etiamsi

207 5423 266 5476 ad
290 5421 533 5478 Grzecum
568 5431 812 5477 nostrum
848 5419 1105 5476 Codicem
1139 5433 1244 5474 non
1277 5419 1500 5472 omnino
1543 5414 1928 5486 respondeant.
1952 5414 2352 5485 Nonnunquam
2394 5426 2578 5469 autem
2617 5417 2848 5488 margini
2880 5418 3150 5473 diversam
3185 5419 3472 5476 lectionem

207 5511 509 5581 adiecimus,
541 5513 704 5582 idque
745 5511 1086 5582 potissimum
1115 5524 1236 5562 cum
1267 5515 1496 5575 utraque
1530 5505 1744 5560 delendi
1775 5514 1958 5573 posset
1990 5521 2002 5557 :
2050 5505 2230 5574 priore
2265 5506 2482 5574 quidem
2525 5505 2580 5558 in
2620 5516 2879 5561 contextu
2914 5507 3126 5572 relicta,
3159 5509 3253 5564 sed
3280 5512 3479 5578 hujus-

209 5601 338 5656 modi
369 5599 608 5673 notisf]
644 5601 869 5661 inclusa,
905 5614 1072 5666 penes
1103 5597 1361 5653 lectorem
1415 5595 1679 5666 judicium
1719 5593 2109 5663 relinquentes,
2146 5602 2329 5648 utrum
2367 5593 2521 5663 sequi
2566 5593 2738 5649 malit.
2779 5591 2888 5648 Sed
2919 5595 3030 5649 hate
3059 5596 3312 5659 fortasse,
3345 5603 3472 5652 dum

209 5691 427 5746 morosis
457 5704 752 5746 occurrere
787 5690 1094 5753 studemus,
1128 5687 1269 5756 apud
1317 5695 1460 5738 tuam
1500 5682 1822 5737 facilitatem
1865 5683 2092 5736 nimium
2139 5683 2327 5736 malta.
2366 5681 2509 5737 Bene
2552 5684 2690 5748 vale,
2725 5683 2956 5749 calidide
2990 5682 3207 5751 Lector,
3254 5691 3309 5739 et
3354 5700 3476 5755 qua:

211 5789 300 5845 pro
329 5791 508 5835 nostra
543 5779 911 5850 qualicunque
945 5777 1321 5833 mediocritate
1350 5777 1401 5830 in
1437 5774 1708 5844 publicam
1739 5772 2027 5828 utilitatem
2062 5769 2421 5844 prolerinnis,
2454 5772 2603 5841 boni,
2629 5780 2838 5851 quaeso,
2871 5774 3112 5831 consule.
3150 5773 3380 5831 Lutetiae
3405 5791 3474 5832 ex

211 5877 384 5925 musco
415 5879 607 5926 nostro
641 5866 967 5924 Torum-ensi
1019 5865 1172 5921 i535.
1209 5866 1274 5920 Et
1310 5879 1524 5920 rursum
1563 5862 1721 5918 1559.
