4098 6330
643 382 749 454 ιοδ
2019 356 2447 425 ADMONITIO
3792 336 3888 406 tati

1508 599 1944 672 5101210513
1982 548 2443 661 SACRARUM
2461 583 3040 652 LITTERARUM.

715 1042 959 1120 [LXXII]
987 1041 1122 1098 Cum
1157 1040 1336 1098 multa:
1362 1053 1448 1094 res
1477 1023 1611 1105 Sint,
1638 1048 1865 1104 quarum
1901 1046 2030 1086 usus
2047 1028 2266 1082 utilitati
2295 1036 2456 1096 alque
2482 1026 2643 1081 etiam
2675 1013 2995 1120 orn-amento
3023 1016 3321 1120 nobisesse
3347 1011 3681 1120 spleattlleri
3709 1021 3889 1120 tamen

640 1101 908 1196 videmus.
941 1101 1004 1185 iit
1041 1144 1228 1185 earum
1266 1141 1443 1181 rerum
1478 1101 1720 1192 quaedam
1753 1120 1994 1191 iaceant,
2031 1117 2275 1186 qua'dam
2305 1117 2469 1170 etiam
2505 1127 2733 1202 prorsus
2767 1112 3054 1202 intereant.
3090 1103 3418 1202 Huiusmodi
3443 1102 3887 1202 sunt-humanas

648 1187 844 1276 mutari
876 1187 1059 1272 omnia
1101 1222 1334 1278 constat,
1369 1187 1507 1266 nihil
1531 1211 1667 1264 idem
1715 1187 1929 1278 semper
1955 1215 2056 1262 est.
2110 1205 2164 1257 in
2197 1203 2393 1257 litteris
2427 1201 2645 1265 quidem
2691 1197 2980 1271 maximam
3017 1194 3284 1262 iacturam
3320 1190 3580 1255 fecimus;
3617 1187 3888 1278 itaimulta

643 1323 888 1365 veterum
920 1308 1124 1375 scripta
1171 1281 1476 1373 temporum
1509 1277 2152 1366 calamitateperierunt.
2199 1291 2326 1356 Sed,
2350 1306 2382 1347 ο
2427 1290 2746 1377 praeclarum
2775 1285 2984 1377 viro-in,
3012 1281 3112 1377 qui
3145 1295 3337 1334 novam
3375 1280 3513 1377 hanc
3549 1277 3884 1377 edendo-ruta

643 1399 904 1453 librorum
946 1367 1211 1452 rationem
1251 1367 1485 1443 invenit!
1529 1387 1662 1441 Cum
1704 1384 1846 1439 enim
1887 1396 2166 1437 sacrarum
2208 1377 2537 1432 Litterarum
2564 1373 2763 1435 studia,
2800 1370 2985 1425 multis
3011 1371 3061 1425 iu
3101 1369 3272 1423 lucem
3312 1367 3671 1436 scriptoribus
3704 1367 3882 1428 editis,

646 1485 736 1554 qui
765 1485 1022 1543 hactenus
1050 1481 1102 1534 in
1134 1477 1375 1534 tenebris
1419 1476 1762 1538 delituerant,
1795 1475 1847 1527 in
1894 1473 2006 1529 dies
2038 1470 2208 1538 magis
2235 1485 2298 1524 ac
2333 1466 2504 1537 magis
2537 1480 2565 1517 a
2600 1460 2932 1517 doctissimis
2966 1459 3100 1514 viris
3147 1457 3489 1554 excolantur,
3520 1466 3574 1509 et
3605 1454 3888 1554 .przeclara

640 1545 979 1628 eruditorum
1017 1568 1293 1633 hominum
1326 1564 1537 1633 ingenia
1568 1563 1620 1616 in
1647 1563 1732 1624 bis
1758 1564 1880 1615 sese
1909 1568 2220 1623 exerceam,
2248 1567 2508 1626 quantam
2539 1555 2718 1608 animo
2755 1566 2994 1619 possum,
3023 1549 3496 1644 maximanbcapi-o
3531 1545 3887 1644 voluptatem,

643 1668 934 1730 propterea
962 1639 1104 1723 quod
1133 1652 1315 1708 divino
1342 1652 1576 1720 quodam
1617 1663 1840 1702 munere
1877 1647 1928 1701 id
1978 1644 2181 1698 factum
2214 1646 2445 1734 videtur,
2484 1652 2544 1734 ut
2587 1640 2873 1734 excellenti
2915 1637 3135 1708 ingenio
3179 1651 3246 1690 ac
3300 1634 3676 1734 doctrina-viri
3709 1634 3799 1734 his
3830 1646 3889 1687 se

641 1720 1190 1810 studiisldedi—derint,
1222 1741 1420 1809 quibus
1450 1754 1557 1795 non
1607 1739 1825 1792 inanem
1856 1735 2144 1805 quamdam
2177 1733 2317 1804 apud
2351 1731 2599 1786 homines
2646 1728 2928 1799 gioriolam
2962 1739 3322 1793 aucupamur,
3354 1725 3447 1778 sed
3487 1722 3641 1777 nobis
3679 1722 3747 1810 ad
3785 1721 3890 1776 im-

644 1808 1028 1891 mortalitatem
1060 1831 1201 1884 viam
1237 1828 1655 1892 communimus,
1696 1836 1776 1888 ut,
1811 1825 2068 1892 despecta
2108 1824 2320 1891 penitus
2356 1835 2532 1874 rerum
2570 1819 2924 1871 humanarum
2959 1812 3348 1876 imbecillitate,
3386 1811 3629 1865 animum
3663 1808 3728 1863 ad
3772 1820 3893 1863 ca-

645 1922 802 1978 lestia
829 1921 1125 1990 erigamus,
1150 1929 1528 1983 summumque
1561 1913 1711 1966 illum
1743 1927 1805 1964 ac
1838 1920 2222 1980 prazpotentem
2249 1908 2414 1962 Deum
2439 1915 2553 1960 toto
2583 1913 2800 1974 pectore
2826 1903 3219 1990 amplexcmur,
3250 1900 3406 1990 itaut
3438 1912 3616 1990 quam
3637 1896 3892 1965 minima,

642 2012 771 2071 dum
805 2008 858 2062 in
895 1986 994 2071 hac
1025 2004 1146 2058 vitae
1178 2003 1333 2072 quasi
1380 1999 1818 2070 peregrinatione
1859 2013 2067 2059 sumus,
2105 1996 2259 2050 nobis
2303 2011 2424 2050 cum
2462 1995 2787 2063 corporibus
2827 1991 2902 2046 sit
2931 1989 3202 2056 contagio,
3249 1987 3341 2043 sed
3385 2001 3448 2042 ea
3493 1986 3667 2042 nobis
3691 2000 3800 2040 una
3838 1993 3890 2043 et

642 2095 912 2166 praecipua
939 2104 1088 2154 cura,
1120 2101 1179 2145 ut
1214 2090 1297 2144 his
1329 2088 1491 2166 soluti
1523 2085 1755 2140 vinculis
1793 2086 1846 2138 in
1886 2084 2164 2139 ctnlestetn
2198 2083 2343 2137 illam
2389 2083 2638 2149 patriam,
2675 2080 2813 2134 unde
2844 2077 3034 2148 paucis
3064 2084 3191 2131 ante
3221 2077 3379 2130 annis
3409 2074 3630 2166 demissi
3667 2074 3895 2166 fuimus,

641 2163 1014 2250 remigremus.
1051 2175 1250 2232 Verum
1293 2163 1377 2246 (α)
1402 2188 1525 2231 cum
1565 2173 1707 2226 nulla
1753 2186 1810 2226 re
1849 2171 2023 2235 magis
2070 2185 2231 2239 quam
2271 2169 2546 2238 Evangelii
2595 2168 2829 2222 lectione
2868 2167 3206 2235 adjuvemur,
3247 2178 3353 2233 qua
3396 2164 3463 2218 ad
3490 2163 3732 2220 cmlestis
3765 2163 3896 2221 vita».

640 2269 996 2323 imitationem
1031 2265 1384 2324 instituitnur,
1413 2277 1516 2314 non
1543 2259 1786 2314 inutilem
1811 2267 2061 2313 nostram
2089 2272 2306 2326 operam
2340 2257 2454 2312 fore
2481 2256 2869 2324 judicavi'tmIs,
2902 2253 2946 2307 si
2969 2250 3215 2308 Graecam
3248 2260 3302 2306 et
3335 2265 3364 2304 e
3388 2251 3609 2322 regione
3635 2251 3893 2308 Latina

642 2370 784 2410 nunc
821 2353 1053 2424 primum
1098 2348 1487 2420 Theopbylacti
1515 2349 1567 2400 in
1602 2345 1892 2413 Evangelia
1929 2347 2455 2415 interpretationem,
2494 2358 2759 2399 summam
2800 2340 3053 2396 videlicet
3101 2339 3394 2410 quamdam
3434 2338 3549 2394 fere
3586 2355 3616 2394 e
3654 2339 3897 2412 Chryso-

642 2443 805 2498 stomi
851 2438 1255 2495 commentariis
1281 2439 1612 2504 decerptam,
1644 2434 1858 2503 publice
1890 2433 2172 2502 legendam
2211 2433 2592 2486 emitteremus
2628 2445 2642 2483 :
2684 2429 2980 2498 praesertim
3011 2443 3132 2481 cum
3166 2428 3219 2481 in
3257 2443 3344 2489 ea,
3377 2442 3496 2497 quae
3540 2427 3592 2481 in
3636 2426 3890 2484 Latinum

645 2527 1013 2600 superioribus
1045 2525 1202 2580 annis
1234 2538 1388 2579 versa
1425 2532 1528 2588 est,
1560 2521 1725 2575 multa
1777 2520 1975 2582 desint,
2009 2519 2161 2588 plura
2192 2534 2328 2573 vero
2373 2533 2654 2589 perperam
2705 2517 2972 2586 legantur,
3011 2516 3124 2569 sive
3158 2515 3360 2569 veteris
3394 2515 3744 2586 exemplaris,
3776 2519 3896 2573 sive

645 2615 979 2685 interpretis,
1015 2610 1411 2680 (Ecolampadii
1452 2611 1758 2679 prcsertim,
1795 2623 1857 2662 ea
1899 2606 2052 2675 culpa
2091 2608 2271 2661 fuerit.
2308 2607 2474 2662 Plane
2532 2609 2633 2660 hoc
2684 2604 3030 2665 beneﬁcium,
3081 2611 3567 2671 quantumcunque
3607 2613 3712 2669 est,
3750 2603 3897 2673 quod

644 2713 794 2760 certe
825 2701 1118 2756 maximum
1153 2709 1254 2764 est,
1288 2697 1628 2754 Morellorum
1665 2695 1847 2748 virtuti
1884 2695 2130 2749 debetur.
2165 2694 2277 2749 Viri
2311 2696 2507 2764 quippe
2540 2694 2873 2762 benignitate
2909 2693 3170 2761 insignes,
3221 2690 3287 2745 ad
3327 2691 3637 2760 reipublicae
3682 2694 3898 2747 utilitao

647 2801 754 2846 tem
785 2799 838 2844 et
870 2787 1150 2847 commoda
1184 2786 1318 2850 nati,
1352 2793 1584 2838 veterem
1614 2784 2061 2836 cOnsuetudinetn
2097 2792 2337 2850 servant,
2381 2783 2619 2836 excitant
2659 2782 2829 2836 bonas
2861 2791 3002 2833 artes
3033 2780 3225 2850 quovis
3257 2792 3496 2848 sumptu,
3530 2784 3727 2851 quovis
3754 2797 3898 2853 prec

649 2880 776 2945 mio,
807 2878 1028 2938 faciunt,
1061 2884 1120 2929 ut
1152 2890 1266 2943 qua;
1298 2885 1536 2928 veterum
1563 2870 1782 2926 Graeciae
1812 2870 2036 2924 Patrum
2057 2882 2405 2924 monumenta
2435 2869 2800 2934 celebrantur,
2831 2883 2892 2921 ea
2922 2869 3022 2921 hac
3055 2876 3214 2948 aetate
3247 2869 3470 2923 minime
3503 2870 3896 2928 desideremus.

645 2966 836 3036 itaque
862 2958 1107 3019 nostrum
1145 2970 1248 3026 est,
1288 2971 1343 3013 ut
1374 2961 1451 3014 cis
1483 2974 1586 3013 non
1623 2958 1781 3012 modo
1827 2973 1924 3027 pro
1951 2957 2378 3027 Tbeopbylacto,
2409 2971 2566 3026 quem
2612 2956 2896 3022 habemus,
2932 2956 3024 3009 sed
3044 2957 3206 3009 etiam
3237 2972 3335 3026 pro
3365 2957 3428 3011 iis
3457 2974 3578 3028 qua:
3607 2971 3899 3028 exspecta-

647 3066 792 3121 mus,
831 3063 886 3108 et
914 3052 1037 3106 vitae
1070 3047 1506 3121 diuturnitatem,
1553 3058 1607 3101 et
1644 3061 1765 3112 quae
1801 3045 2004 3112 tptima
2040 3045 2305 3099 habentur
2335 3044 2385 3098 in
2411 3044 2543 3108 vita,
2573 3058 2600 3096 a
2636 3038 2745 3096 Deo
2776 3057 3078 3111 precemur.
3107 3041 3328 3098 Valete.

721 3207 800 3280 (α)
845 3206 917 3263 Ut
944 3207 1138 3280 habeat
1167 3205 1372 3280 Lector
1399 3202 1542 3280 unde
1586 3212 1775 3280 unoscat
1815 3217 1982 3280 quam
2025 3201 2265 3280 ridicule
2312 3203 2451 3280 hanc
2488 3199 2855 3280 praefationem
2899 3201 3303 3280 interpobivcrit
3337 3205 3512 3280 editor
3546 3204 3896 3280 Parisiensis,

644 3271 808 3347 legali,
827 3293 945 3347 qua}
969 3275 1590 3347 hicsisumus’ggenuina
1603 3272 2069 3347 Romani‘e‘ditoris
2087 3273 2246 3347 verba
2278 3289 2305 3339 ε,
2326 3290 2345 3324 ι
2375 3272 2573 3347 Verum
2600 3285 2722 3347 cum
2748 3271 2888 3326 nulla
2909 3287 2967 3326 re
2996 3271 3343 3342 magisquam
3370 3276 3640 3347 Evangelii
3668 3271 3899 3334 lectione

645 3343 990 3418 atﬁnveinur,
1020 3362 1127 3418 qua
1155 3350 1220 3418 ad
1242 3343 1478 3418 caelestis
1507 3355 1630 3418 v_itte
1658 3343 2013 3418 imitationem
2038 3343 2391 3418 insti_tuimur,
2421 3358 2528 3396 non
2564 3344 2810 3418 inutilem
2839 3356 3080 3418 tioSIram
3109 3346 3479 3418 operam‘l‘ore
3504 3343 3895 3418 indicavimus,

651 3362 990 3416 uﬂjttvetnttr,
1062 3362 1127 3400 ua
1155 3362 1220 3400 au
1242 3362 1478 3399 cwlesus
1507 3362 1630 3396 Vitae
1658 3362 2013 3396 Imitationem
2038 3362 2391 3409 msmutmur,
2421 3362 2528 3396 nou
2564 3362 2810 3396 inutilem
2839 3362 3080 3396 tIUSIrattt
3109 3362 3327 3410 operam
3363 3362 3479 3399 lore
3504 3362 3895 3418 jtttltcavuntts,

651 3422 696 3473 si
727 3416 972 3474 Graecam
1019 3362 1403 3484 #heophylacti
1436 3415 1487 3467 in
1518 3413 1803 3488 Evangelia
1838 3413 2362 3488 interpretationem,
2408 3429 2674 3467 summam
2701 3413 2962 3488 Avidelicct
2987 3416 3290 3488 quamdam
3324 3413 3492 3488 ferc_e
3520 3416 3899 3488 Chrysostomi

647 3486 1060 3543 commentariis
1095 3482 1428 3551 decerptam,
1458 3485 1667 3561 publice
1698 3484 1975 3561 legendam
2009 3482 2420 3548 emitteremus;
2469 3483 2770 3561 prresertim
2819 3499 2938 3561 cum
2986 3486 3036 3535 in
3073 3500 3158 3561 ea,
3193 3500 3314 3551 quze
3347 3486 3404 3561 in
3438 3482 3688 3561 Latinum
3733 3506 3897 3561 supe-

649 3557 891 3612 rioribns
925 3557 1080 3608 annis
1109 3569 1259 3607 versa
1295 3566 1400 3617 eet,
1434 3551 1594 3606 multa
1621 3554 1818 3623 desint,
1850 3551 2000 3620 plura
2039 3567 2166 3604 vero
2198 3567 2482 3621 perperam
2517 3553 2787 3620 legantur,
2824 3553 2936 3605 sive
2969 3556 3166 3607 veteris
3195 3555 3548 3623 exemplaris,
3583 3560 3699 3613 sive
3730 3551 3900 3623 inter-

647 3628 816 3697 prcus
841 3642 900 3680 ea
933 3625 1087 3693 culpa
1118 3615 1488 3698 (gerikph-ne
1517 3626 1620 3698 μορ
1647 3615 1991 3698 υθιιςίὶιεξιιυξ,
2026 3615 2645 3698 quantunicuntlueest,
2681 3615 2828 3698 quod
2846 3633 2992 3676 certe
3015 3615 3424 3698 titaxitnurtiest,
3453 3615 3604 3682 Pauli
3626 3615 3900 3698 llldiviua

647 3693 832 3750 'virtuti
865 3697 1105 3748 debetur.
1134 3693 1381 3747 Pontifex
1412 3694 1741 3763 benignitate
1773 3693 2023 3763 insignis,
2047 3703 2204 3746 natus
2233 3693 2298 3744 ad
2339 3694 2573 3763 tollenda
2611 3693 2831 3744 humani
2865 3694 3076 3760 generis
3103 3696 3464 3760 incommoda,
3503 3693 3743 3753 veterem
3771 3717 3899 3757 con-

648 3767 990 3820 suetudinem
1026 3771 1227 3827 servat,
1258 3765 1459 3817 excitat
1491 3762 1657 3817 bonas
1689 3762 2060 3834 artesquovis
2091 3772 2332 3834 sumptu,
2371 3762 2563 3831 quovis
2590 3763 2832 3830 prtemio,
2868 3764 3017 3828 facit,
3056 3777 3113 3816 ut
3143 3768 3232 3834 qui
3267 3769 3552 3834 pontilices
3583 3770 3896 3826 beneﬁcen-

651 3838 739 3889 tiae
764 3834 921 3888 laude
941 3834 1302 3906 celebrantur,
1337 3848 1431 3888 eos
1467 3836 1571 3906 hac
1600 3843 1760 3886 relate
1789 3832 2018 3906 minime
2035 3831 2437 3898 desideremus;
2471 3834 2651 3898 itaQue
2675 3842 2916 3906 nostrum
2948 3842 3052 3906 est,
3094 3831 3228 3906 utiei
3266 3831 3372 3888 non
3407 3841 3567 3892 modo
3594 3854 3692 3906 pro
3722 3840 3902 3898 Theo-

689 3908 920 3974 pytacto,
947 3919 1124 3982 quem
1164 3904 1448 3982 habemus,
1485 3905 1576 3957 sed
1617 3905 1780 3982 etiam
1807 3970 1819 3982 _
1844 3915 1940 3968 pro
1986 3900 2070 3982 iis
2093 3913 2644 3982 utras-exspectamus,
2679 3911 2735 3956 et
2781 3904 2905 3956 vitae
2939 3904 3376 3972 diuturnitatem,
3414 3916 3468 3964 et
3514 3900 3636 3978 quia
3691 3915 3898 3982 Optima

667 3969 913 4029 iubentur
947 3969 998 4028 iri
1032 3973 1160 4041 vita,
1187 3989 1217 4027 a
1252 3973 1359 4027 Deo
1391 3987 1693 4041 precemur.
1729 3970 1929 4025 Valete.
1977 3989 1996 4022 i
2029 3969 2192 4025 Eutr.
2219 3971 2391 4026 Pus.

662 4136 3896 4171 mm—hﬂmw

1925 4310 2632 4406 ADMONITIO

874 4511 944 4572 ln
977 4508 1182 4572 varias
1210 4507 1518 4573 lectiones
1547 4526 1626 4572 ex
1655 4507 1983 4572 codicibus
2015 4507 2078 4567 S.
2113 4503 2305 4566 Marci
2333 4505 2594 4567 Venetis
2627 4513 2689 4567 et
2718 4507 3021 4572 Patavino
3053 4524 3186 4572 uno
3228 4511 3660 4591 depromptas.

2215 4684 2290 4701 —

726 4831 903 4888 Variae
939 4833 1199 4888 lectiones
1228 4847 1346 4903 qua:
1387 4832 1438 4886 in
1495 4832 1884 4904 Theophylacti
1913 4831 2332 4888 Commentariis
2371 4834 2422 4888 in
2467 4842 2703 4905 quatuor
2757 4831 3071 4906 Erangeiia,
3104 4834 3405 4898 breviores,
3440 4835 3895 4909 prolixioresque,

649 4920 894 4993 plurimae
917 4930 1231 4985 occurrunt,
1257 4935 1324 4976 ex
1357 4917 1574 4977 Venetis
1601 4921 1881 4977 codicibus
1914 4920 2203 4976 Marcianis
2235 4921 2503 4992 quinque,
2531 4932 2586 4977 et
2617 4923 2879 4978 Patavino
2911 4939 3017 4978 uno
3051 4921 3268 4977 Sanctae
3302 4923 3531 4979 iustitia:
3560 4926 3897 4995 desumptas,

652 5005 909 5061 benevolo
939 5006 1287 5086 studiosoque
1316 5005 1534 5063 Lectori
1566 5006 1811 5063 sistimus
1844 5021 2056 5074 omnes,
2080 5023 2199 5077 qua:
2223 5010 2374 5067 bonae
2396 5013 2626 5083 alicujus
2657 5013 2826 5086 frugis
2852 5013 2984 5068 visa:
3007 5023 3152 5068 sunt.
3184 5011 3367 5068 Primo
3397 5013 3560 5068 simul
3592 5013 3899 5072 oﬂeruntnr

652 5094 792 5162 loco,
822 5109 957 5164 quas
982 5084 1545 5150 Veneti'bibliotheca:
1574 5096 1747 5150 sancti
1791 5095 1954 5151 Marci
1986 5097 2202 5152 codices
2229 5108 2512 5165 praestant,
2543 5099 2632 5163 26,
2663 5084 2768 5165 29,7
2798 5101 2887 5165 30,
2933 5099 2995 5154 ’51
3039 5109 3093 5154 et
3127 5099 3218 5166 '52,
3249 5111 3302 5153 ct
3335 5101 3432 5154 has
3460 5101 3739 5169 excipiunt
3779 5105 3899 5158 alize

649 5183 920 5251 decerpta:
951 5197 1015 5237 ex
1048 5182 1334 5237 Patavina.
1369 5182 1708 5251 Ejuscemodi
1741 5199 1872 5240 vero
1901 5184 2190 5240 lectionum
2221 5195 2314 5239 aut
2341 5198 2486 5242 certe
2519 5189 2801 5258 perspicua
2833 5189 3027 5243 alicubi
3064 5191 3289 5254 veritas,
3323 5199 3417 5243 aut
3445 5191 3645 5257 passim
3671 5192 3895 5257 utilitas,

653 5281 814 5338 atque
844 5271 1074 5340 plurium
1118 5273 1350 5326 fortasse
1397 5272 1750 5326 redundantia
1798 5281 1857 5328 ut
1899 5276 2260 5339 innotescant,
2304 5275 2493 5330 sedulo
2525 5277 3065 5330 animadvertendum
3106 5286 3212 5341 est,
3250 5287 3456 5330 textum
3489 5277 3760 5344 Graecum,
3803 5284 3896 5350 qni

654 5371 762 5412 tum
790 5360 848 5411 in
874 5359 1108 5413 editione
1133 5357 1424 5414 Parisiensi
1460 5375 1604 5414 anno
1638 5361 1770 5415 1651
1807 5371 2016 5428 curata,
2047 5373 2155 5416 tum
2188 5362 2352 5417 etiam
2388 5366 2439 5418 in
2485 5363 2691 5421 Veneta
2736 5375 2916 5421 nostra
2963 5375 3190 5436 prostat,
3234 5366 3384 5420 illttm
3434 5380 3558 5421 esse
3600 5369 3689 5434 qui
3723 5369 3895 5435 prima

653 5448 770 5501 vice
795 5461 933 5500 anno
961 5445 1098 5500 1542
1129 5448 1267 5517 typis
1307 5447 1565 5503 Romanis
1595 5449 1815 5518 prodiit,
1850 5465 1916 5504 ex
1948 5450 2131 5504 codice
2166 5450 2425 5506 Vaticano
2450 5463 2698 5521 sumptus
2727 5470 2740 5506 :
2776 5453 3133 5522 Latinamque
3159 5468 3189 5508 e
3220 5455 3441 5523 regione
3464 5455 3699 5520 positam
3724 5457 3896 5509 inter-

654 5533 1010 5597 pretationem
1056 5536 1280 5589 minime
1324 5550 1390 5589 ex
1442 5538 1630 5591 eodem
1668 5551 1978 5605 expressam
2009 5540 2219 5592 censeri
2259 5538 2482 5604 debere,
2507 5554 2629 5593 cum
2680 5555 2742 5594 ea
2781 5543 2855 5594 sit
2907 5555 3063 5608 quam
3124 5540 3361 5595 Joannes
3419 5539 3894 5610 (Ecolampadius,

653 5616 896 5674 Graecum
921 5620 1080 5676 alium
1109 5631 1165 5676 et
1201 5622 1398 5677 alicubi
1431 5623 1831 5694 discrepantem
1881 5632 2084 5678 textum
2121 5627 2220 5679 sub
2257 5628 2444 5683 oculos
2476 5631 2680 5682 habens
2713 5631 3020 5694 adornavit,
3055 5644 3082 5681 a
3124 5629 3374 5697 Philippo
3405 5625 3659 5684 Montano
3702 5640 3892 5700 postea

654 5701 956 5761 Romanum
987 5718 1188 5763 textum
1215 5708 1526 5767 conferente
1549 5711 1857 5766 emendata.
1890 5710 2025 5765 Hinc
2053 5727 2179 5767 vero
2203 5713 2267 5767 ad
2300 5717 2479 5770 varias
2507 5718 2649 5785 quod
2680 5718 2874 5772 attinet
2915 5717 3196 5781 lectiones,
3243 5729 3377 5784 quas
3405 5730 3469 5771 ex
3499 5714 3719 5772 Venetis
3751 5716 3896 5784 Mars

647 5791 823 5849 clauis
879 5794 1156 5852 codicibus
1187 5795 1460 5868 diligentia
1496 5814 1706 5856 summa
1739 5799 1881 5856 eruit
1909 5799 2174 5872 Georgius
2202 5798 2571 5871 Constantini,
2602 5803 2821 5863 natione
2851 5803 3094 5872 Graecus,
3131 5817 3195 5859 ex
3223 5801 3490 5859 Joanniua
3521 5807 3654 5863 urbe
3695 5806 3884 5880 Epiri:
