4098 6330
247 376 348 443 13⁵1
1417 372 1498 432 ΙΝ
1540 369 1823 434 VARIAS
1852 368 1865 429 l

1916 365 2298 430 ECTIONES.
3434 365 3534 429 138

242 487 402 543 facile
436 501 502 543 ac
539 495 650 541 tuto
687 485 932 556 quisquis
967 498 1060 541 eas
1095 483 1357 539 attentius
1385 483 1682 554 expendat,
1721 479 1972 553 judicare
2003 480 2227 551 poterit,
2281 476 2564 533 abundare
2618 476 2778 542 alias,
2812 477 3136 549 plerumque
3172 478 3531 549 prolixiores,

242 591 420 644 neque
457 576 510 631 in
539 575 727 629 codice
757 572 1169 644 (Eeolampadii
1202 583 1452 643 repertas
1480 586 1602 628 esse
1636 589 1650 626 :
1685 570 1953 642 aliasque,
1992 557 2255 625 videlicet
2273 566 2573 634 breviores,
2625 573 2875 623 exstasse
2923 558 3217 639 plerasque
3257 567 3311 623 in
3344 567 3536 625 eodem

237 663 649 734 (Ecclumpadii
678 661 890 729 codice,
924 669 1114 729 utpote
1141 659 1349 716 Latinae
1389 661 1560 731 ipsius
1609 657 2050 727 interpretationi
2089 656 2334 726 apprime
2379 655 2805 721 convenientes;
2851 664 2906 709 et
2957 654 3096 709 alias
3141 657 3357 709 demum
3389 670 3537 726 esse,

236 754 394 824 queis
429 767 533 808 non
575 751 789 808 modico
824 750 1195 806 emolumento
1240 759 1425 805 textus
1462 757 1693 819 uterque
1723 745 1926 815 corrigi
1969 750 2024 798 et
2055 743 2242 814 perliel
2292 743 2411 798 sine
2454 741 2626 797 dubio
2655 751 2860 812 potest.
2919 741 3060 797 Num
3088 757 3217 798 vero
3269 743 3538 800 lectiones

239 841 376 900 istas
410 839 873 913 Theophylnctum
907 839 1110 894 habere
1137 849 1445 911 parentem,
1489 838 1778 892 dicendum
1809 834 2015 890 fuerit?
2046 832 2196 888 Nihil
2237 833 2440 897 obstat,
2470 832 2770 902 quominus
2803 833 3111 900 breviores,
3159 833 3278 889 fere
3320 848 3534 901 omnes,

235 944 428 984 revera
449 929 735 998 scripserit
761 928 846 983 ille
877 945 891 983 :
923 942 1114 982 verum
1146 943 1244 982 nec
1270 929 1515 981 abnuere
1544 936 1648 980 aut—
1675 925 1948 989 volumus,
1978 930 2076 976 aut
2122 923 2410 987 audemus,
2455 920 2587 992 quin
2619 920 2797 991 ipsum
2849 921 3178 990 prolixiores
3211 922 3409 993 aliquae
3437 923 3534 978 de-

235 1027 400 1072 ceant
429 1016 593 1073 veluti
622 1027 925 1082 auctorem,
969 1031 1111 1087 quas
1154 1017 1344 1087 utique
1377 1027 1433 1071 et
1483 1022 1774 1071 contextus
1820 1012 2018 1069 alicubi
2051 1013 2346 1067 admittere
2371 1027 2436 1066 ac
2482 1026 2679 1068 sensus
2711 1012 2990 1082 postulare
3024 1014 3261 1068 videtur.
3301 1016 3370 1066 At
3418 1014 3536 1068 viro

232 1103 547 1178 clarissimo
574 1103 862 1174 plerasque
890 1104 1208 1159 tribuendas
1246 1119 1350 1163 non
1381 1117 1721 1169 esse,‘nemo
1755 1118 1862 1157 non
1906 1101 2126 1171 colligat
2152 1117 2218 1157 ex
2249 1103 2365 1171 ipsa
2399 1101 2524 1173 styli
2559 1102 2859 1174 aliquando
2898 1102 3259 1173 discrepantis
3298 1104 3534 1168 ratione,

234 1190 323 1246 vel
349 1192 516 1247 etiam
558 1192 728 1246 nimia
764 1191 1134 1246 enarrationis
1165 1193 1481 1261 prolixitate
1520 1195 1619 1247 abs
1660 1191 1820 1262 genio
1851 1189 2250 1261 Theophylacti
2300 1189 2500 1255 aliena,
2540 1188 2623 1245 vel
2655 1189 2800 1244 nulla
2838 1191 3059 1245 demum
3094 1205 3215 1260 qua:
3248 1203 3533 1258 appareat,

236 1278 532 1335 lectionum
571 1294 692 1333 cum
735 1279 1170 1350 praecedentibus
1205 1289 1259 1335 et
1301 1280 1768 1350 subsequentibus
1800 1279 2164 1334 conuexioue.
2218 1277 2444 1333 Fuerint
2482 1277 2659 1334 Graeci
2697 1278 3052 1349 posteriores,
3093 1279 3207 1349 qui,
3245 1279 3536 1350 Theophy-

237 1364 368 1420 lacti
397 1365 649 1429 studiosi,
681 1382 803 1422 cum
831 1381 969 1435 opus
999 1367 1117 1436 ejus
1164 1368 1667 1422 animadverterent
1698 1381 1765 1422 ex
1806 1366 2066 1433 aliorum,
2105 1367 2458 1436 maximeque
2508 1365 2913 1438 Chrysostomi,
2951 1366 3111 1422 dictis
3154 1368 3536 1438 compilatum,

234 1453 511 1525 integrum
548 1453 651 1509 sibi
688 1467 810 1510 esse
844 1455 1119 1509 duxerunt.
1149 1464 1208 1509 ut
1242 1455 1474 1524 margini
1507 1453 1901 1518 inscriberent,
1933 1469 2052 1523 qua:
2094 1462 2284 1525 postea
2341 1455 2393 1509 in
2444 1463 2652 1510 textum
2705 1455 2998 1524 irrepsere,
3046 1454 3130 1509 vel
3170 1455 3414 1527 propria,
3455 1456 3539 1510 vel

233 1543 459 1599 aliunde
495 1553 710 1614 sumpta
737 1543 1112 1600 additamenta
1149 1563 1162 1599 :
1198 1546 1419 1616 quibus,
1452 1560 1573 1615 quae
1604 1546 1786 1600 minus
1816 1545 1988 1610 clara,
2020 1553 2112 1598 aut
2146 1551 2299 1598 certe
2326 1543 2596 1598 diminuta
2630 1541 2952 1599 videbantur
3000 1545 3056 1600 in
3088 1543 3538 1608 Commentariis,

232 1630 668 1686 illustrarentur.
703 1629 834 1698 Quae
861 1631 989 1687 licet
1015 1633 1172 1690 nobis
1216 1635 1456 1688 nrrideat
1501 1634 1797 1700 sententia,
1831 1633 2065 1701 pretium
2112 1641 2353 1687 attamen
2386 1647 2566 1702 operae
2609 1630 2738 1696 fuit,
2778 1642 2837 1687 ut
2878 1631 3156 1687 variantes
3194 1631 3535 1703 bujusmodi,

227 1717 354 1773 sive
384 1718 600 1784 breves,
633 1720 750 1774 sive
774 1718 1070 1791 longiores,
1105 1720 1227 1777 luce
1261 1721 1483 1792 publica
1517 1723 1869 1786 donaremus,
1903 1719 2136 1776 eruditis
2181 1719 2484 1776 lectoribus
2527 1719 2923 1789 relinquentes,
2961 1728 3018 1774 ut
3056 1735 3216 1776 suum
3250 1730 3304 1775 et
3338 1721 3440 1791 ipsi
3472 1722 3541 1776 de

235 1806 394 1861 hisce
413 1803 681 1875 judicium
718 1807 917 1871 ferant,
952 1824 1020 1863 ex
1047 1809 1367 1880 eisdemque
1395 1825 1737 1880 quaecunque
1767 1811 1985 1864 demum
2019 1814 2149 1874 sint,
2187 1810 2571 1881 qualecunque
2607 1824 2806 1880 capere
2837 1808 3271 1865 emolumentum
3299 1811 3540 1866 valeant.

237 1891 435 1953 Varias
477 1893 742 1950 lectiones
778 1908 843 1950 ex
885 1897 1072 1951 codice
1107 1896 1368 1952 Patavino
1396 1897 1817 1967 diligentissime
1867 1898 2218 1968 maximaque
2266 1899 2487 1954 solertia
2545 1898 2765 1966 collegit
2802 1912 2996 1953 omnes
3036 1899 3119 1952 vir
3174 1898 3541 1967 clarissimus,

232 1997 402 2051 quem
449 1984 673 2040 honoris
703 2000 867 2040 causa
910 1987 1281 2052 nominamus,
1327 1987 1388 2040 D.
1426 1988 1757 2043 Athanasius
1796 1986 2160 2051 Peristianus,
2196 1987 2440 2058 ejusdem
2483 1997 2689 2042 sancta:
2731 1984 2960 2043 Jusﬁnte
2995 1987 3299 2043 monachus
3329 1987 3542 2043 ordinis

241 2071 439 2126 Saneti
471 2070 776 2135 Benedicti,
810 2083 864 2128 et
903 2074 1244 2130 bibliotheca:
1285 2084 1474 2130 custos
1508 2094 1521 2129 :
1549 2091 1739 2130 earum
1774 2090 1925 2142 vero,
1961 2092 2096 2147 quas
2128 2077 2216 2132 hic
2249 2076 2465 2142 damus,
2520 2077 2791 2131 delectum
2844 2075 2974 2130 fecit
3005 2075 3068 2131 P.
3108 2075 3418 2133 Bonifacius
3449 2076 3541 2132 Fi-

234 2160 374 2216 netti
427 2161 606 2215 ordiu.
651 2159 881 2216 Praedic.
920 2162 992 2216 De
1027 2163 1231 2217 codicis
1277 2161 1436 2231 hujus
1467 2164 1804 2232 praestantia.
1856 2179 2018 2233 quam
2052 2165 2424 2234 peritissimus
2454 2166 2770 2222 Bernardus
2819 2164 3285 2232 Montluuconius,
3330 2167 3543 2222 ordinis

231 2249 290 2304 ὃ.
329 2248 615 2305 Benedicti
651 2263 834 2306 asceta
883 2249 1301 2319 Sanmaurmus,‘
1328 2253 1380 2307 in
1425 2251 1613 2308 Diario
1650 2252 1845 2307 Italico
1895 2262 2126 2309 testatus
2156 2261 2259 2319 est,
2301 2253 2418 2325 lege
2448 2269 2568 2324 qua:
2600 2253 2798 2323 praevia
2851 2254 2906 2308 in
2957 2252 3359 2310 Dissertatione
3395 2256 3541 2311 dicta

231 2348 364 2392 sunt
410 2353 561 2394 num.
604 2337 674 2394 52
714 2338 813 2410 (α).
855 2339 1026 2394 Porro
1074 2337 1194 2407 ejus
1224 2339 1407 2396 varias
1456 2341 1720 2397 lectiones
1774 2342 1845 2396 ita
1877 2339 2086 2397 Latinae
2119 2341 2532 2412 (Ecolampadii
2569 2343 2835 2410 versioni,
2879 2343 2969 2398 ubi
3020 2343 3282 2399 intactam
3321 2345 3546 2414 reliquit

230 2440 355 2480 eam
394 2425 709 2493 Montanus,
743 2429 947 2498 passim
969 2428 1330 2493 conveniunt,
1356 2437 1417 2484 ut
1444 2430 1617 2484 codici
1648 2426 1864 2498 Cnseo,
1902 2447 2008 2500 quo
2042 2445 2174 2502 usus
2208 2441 2293 2486 cst
2320 2433 2533 2502 primus
2563 2423 2855 2502 interpres,
2895 2422 3332 2498 diei-Patavinus
3357 2434 3542 2490 multis

232 2514 290 2570 in
345 2514 488 2570 locis
533 2515 726 2571 debeat
775 2516 1123 2583 simillimus;
1153 2533 1343 2573 verum
1376 2527 1431 2574 et
1461 2519 1637 2589 ipsum
1678 2519 1875 2573 alicubi
1917 2519 2143 2591 corrigit
2182 2528 2236 2574 et
2278 2519 2516 2589 perlicit.
2564 2519 2743 2576 Unum
2781 2521 3054 2591 s‘uper‘cst,
3097 2519 3163 2575 de
3196 2535 3306 2590 quo
3347 2519 3545 2576 Lector

232 2602 544 2658 benevolus
571 2612 847 2674 postremo
885 2605 1004 2659 loco
1037 2605 1415 2661 admonendus
1448 2614 1534 2660 est
1568 2595 2005 2664 {adnotationes
2035 2623 2131 2664 eas
2153 2624 2370 2680 nempe,
2394 2617 2489 2664 aut
2511 2609 2950 2673 emendationes,
2991 2624 3129 2679 quas
3165 2607 3219 2663 in
3249 2607 3546 2664 Commen-

235 2691 397 2748 tariis
439 2693 504 2746 ad
557 2694 858 2764 marginem
900 2694 1217 2750 inferiorem
1256 2696 1541 2766 appositas
1574 2697 1798 2751 exhibet
1828 2699 1996 2753 editio
2038 2695 2269 2762 Veneta,
2311 2699 2460 2753 edito
2509 2698 2764 2754 Romano
2808 2699 2980 2752 textui
3038 2697 3231 2753 Graeco
3268 2713 3544 2754 consonas

232 2795 358 2836 esse
395 2792 414 2840 :
446 2795 748 2852 earumque
787 2796 894 2837 non
930 2797 1131 2851 paucas
1185 2782 1532 2853 prtetcrmitti
1563 2784 1830 2853 potuisse,
1880 2801 2004 2842 cum
2052 2785 2244 2840 Latina
2287 2788 2440 2856 prior
2472 2786 2884 2855 interpretatio,
2936 2801 3100 2856 quam
3129 2787 3411 2841 emendari
3449 2795 3550 2841 aut

234 2869 525 2924 meliorem
567 2868 686 2925 lieri
727 2871 984 2926 censebat
1018 2872 1331 2938 adnotator,
1372 2873 1590 2927 tametsi
1617 2888 1646 2928 a
1673 2873 1920 2929 Romano
1949 2884 2098 2930 textu
2141 2873 2382 2939 dill'erat,
2432 2873 2773 2932 variantibus
2806 2881 2988 2932 tamen
3019 2874 3370 2942 lectionibus,
3407 2890 3546 2950 quas

238 2958 368 3015 aliis
397 2974 470 3016 ex
513 2959 797 3018 codicibus
819 2959 1026 3018 Graecis
1054 2961 1267 3029 damus,
1301 2961 1624 3032 plerumque
1653 2962 1961 3019 conveniat.

309 3161 397 3237 (α)
437 3161 706 3220 Vel-siculi
726 3171 1016 3239 sequentes
1051 3165 1102 3221 in
1138 3165 1239 3222 hoc
1274 3167 1461 3223 codice
1495 3177 1716 3225 exstant
1756 3176 1882 3224 ante
1905 3167 2375 3226 Commentarittm
2407 3170 2461 3224 in
2487 3167 2751 3224 Joannem
2789 3189 2801 3222 :

1153 3297 1480 3363 Εῦληπτον
1508 3295 1785 3364 ἐξήγημα
1827 3292 1930 3348 τοῦ
1965 3287 2347 3358 Βουλγαρίας

1158 3367 1553 3437 Εὐαγγελίωγ
1583 3369 1706 3421 τῶν·
1738 3368 1888 3422 κατὰ
1940 3364 2235 3437 Ἰῳᾴφξνηγζ
2265 3373 2279 3437 ς

1161 3441 1229 3508 ’ῼ
1267 3431 1483 3504 ,εέιὶτρὶς
1513 3435 1592 3508 ἦν
1623 3440 1876 3502 Εὔϐοια,
1906 3436 2004 3508 καὶ
2031 3431 2383 3508 βίοςλόγοι,

1161 3507 1331 3577 Θεῖος
1363 3510 1432 3564 δὲ
1462 3507 1709 3578 κλῆρος,
1741 3509 1840 3566 καὶ
1870 3507 2062 3577 τάφος
2093 3507 2462 3572 Βούλγαρίά.

1159 3624 1474 3684 Prteclarus
1505 3626 1938 3682 Commentaries
1967 3621 2351 3690 archiepiscopi
2388 3615 2662 3687 Bulgaria

1167 3697 1441 3770 Evangelii
1475 3701 1762 3770 secundum
1797 3697 2060 3770 Joannem
2084 3715 2104 3752 :

1161 3769 1260 3841 Qui
1286 3771 1463 3836 patria
1496 3771 1597 3841 fuit
1634 3769 1851 3832 Eubcea,
1881 3771 1987 3841 vit_a
2013 3769 2225 3841 linem,

1161 3837 1292 3895 Sors
1316 3837 1512 3908 divina,
1543 3848 1589 3893 et
1616 3841 1914 3910 sepulcrum
1942 3839 2223 3910 Bulgaria.

308 3950 726 4032 Cum_dubitari
755 3951 842 4005 vix
876 3953 1066 4032 possit,
1094 3966 1192 4021 pro
1218 3949 1386 4032 Εὔρια
1406 3952 1692 4032 legendum
1724 3951 1926 4030 Εὕῦοιᾳ

1939 3995 1952 4020 ,
1983 3952 2204 4032 Euluea,
2233 3965 2290 4010 ut
2317 3956 2370 4012 in
2402 3955 2886 4032 Latina__versione
2908 3970 3146 4032 positum
3163 3974 3288 4032 est;
3323 3965 3448 4021 hinc
3479 3982 3548 4025 ex

240 4022 344 4077 hoc
371 4022 575 4102 codice
624 4019 1031 4102 (presertiani
1065 4019 1231 4102 tanta?
1262 4025 1332 4077 sit
1361 4019 1727 4102 antiquitatis,
1761 4019 1984 4102 quanta:
2035 4019 2199 4081 illum
2225 4019 3098 4102 esseputavitMontlauconius).
3141 4019 3320 4090 valide
3344 4019 3551 4092 conti}:

237 4104 422 4173 matur
453 4091 758 4157 sententia,
798 4107 918 4162 qua:
945 4091 1416 4173 Theopbylactum
1446 4091 1702 4173 Chalcide
1760 4091 2073 4173 inEubwa,
2100 4114 2221 4173 seu_
2245 4099 2298 4152 in
2329 4091 2448 4173 alio
2477 4103 2734 4172 quopiam
2763 4118 2930 4173 prope
2968 4091 3236 4172 Euripum
3267 4091 3547 4164 Chalcidi-

235 4179 356 4246 cum
391 4168 539 4226 loco,
580 4174 767 4246 orti-tm
797 4178 919 4218 esse
953 4165 1114 4246 tradit
1149 4181 1163 4218 :
1198 4180 1459 4246 perquam
1488 4165 1637 4220 enim
1665 4167 1972 4246 _verisimi_le
2000 4178 2102 4234 est,
2133 4168 2292 4246 hujus
2319 4165 2540 4246 Codicis
2569 4165 2921 4246 scriptorem,
2941 4189 3036 4230 seu
3066 4165 3382 4246 quicunque
3403 4181 3550 4236 alius

239 4235 432 4288 bonum
459 4234 1104 4317 versi-culoru-unauctor
1132 4237 1424 4317 exstiterit,
1451 4238 1728 4317 memor-ite
1781 4239 2138 4317 consignasse
2200 4234 2252 4294 id
2313 4243 2456 4317 quod
2511 4234 3100 4317 pervulgatum-erat.
3132 4261 3234 4302 suo
3284 4234 3548 4317 (srripere,

236 4304 999 4430 quonvgran'fheopbylacti
1064 4307 1239 4376 patria
1295 4315 1422 4363 nota
1477 4308 1702 4364 cuilibet
1748 4323 1871 4365 esse
1906 4304 2065 4368 facile
2101 4304 2477 4383 poteratfllac
2511 4304 2600 4370 'de
2659 4304 2736 4370 re'
2759 4316 2882 4373 vide
2925 4304 3548 4392 Dissertationemprte:

256 4389 338 4429 'lal
467 4411 482 4425 .
601 4412 617 4430 ο

256 4389 378 4429 ἶιὸιη
423 4389 482 4430 η.
527 4389 552 4427 ι
573 4389 617 4430 Ι.

439 5930 696 5991 ΡΑΤηοι
717 5973 732 5990 .
769 5929 885 5992 (in.
921 5932 1196 5994 ΠΧΧΙΗ.
