4098 6330
304 417 405 487 ii!

1606 428 1880 492 SUMMA
1914 431 2281 501 CAPITUM.

3500 441 3601 507 ΗΞ

296 546 373 610 τ’.
414 538 652 609 Πρῶτος
696 539 984 611 Ἰωάννης
1009 541 1269 612 ἐκήρυξε
1293 542 1622 608 ,βασιλείαν
1646 543 1765 599 τῶν
1793 547 1877 600 οὺς

1998 547 2050 603 3.
2088 547 2323 604 Joannes
2357 548 2596 621 Baptista
2628 553 2827 622 primus
2866 555 3009 624 regni
3034 554 3252 611 caelestis
3284 572 3479 627 prazco.

362 634 592 700 ρανῶν.

289 723 365 782 δ’.
420 727 560 796 Περι
591 730 929 799 πειρασμοῦ
972 728 1082 785 τοῦ
1127 731 1407 801 Χριστοῦ.
1460 734 1599 803 Περί
1630 732 1744 803 τῆς
1789 734 1877 790 τοί

2001 724 2056 780 4.
2099 725 2171 781 De
2225 730 2514 784 tentatione
2570 710 2771 785 Christi
2821 732 2877 784 in
2929 730 3157 786 deserto.
3200 729 3277 788 De
3328 734 3598 790 vocatione

371 820 625 889 Πέτρου,
650 820 751 875 καί
795 822 1098 893 Ἀνδρέου,
1128 824 1226 881 καί
1258 824 1379 882 τῶν
1404 826 1554 882 υἰῶν
1581 827 1687 883 τοῦ
1721 828 1894 882 Ζεϐε-

346 911 545 973 ,διιίου
578 914 852 982 κλήσεως
865 954 879 970 .

294 1012 363 1061 ι’.
399 1006 543 1075 Περί
588 1008 707 1062 τῶν
732 1009 1156 1081 μακαρισμῶν.
1192 1015 1332 1083 Περί
1364 1012 1472 1069 τοῦ
1500 1013 1589 1084 μὴ
1623 1018 1891 1085 φιλονειο

370 1099 503 1153 κεῖν
521 1102 674 1177 πρὸς
700 1102 809 1156 τὸν
828 1104 1119 1174 πλησίον.
1152 1106 1291 1176 Περί
1323 1106 1431 1163 τοῦ
1452 1109 1544 1177 μὴ
1560 1109 1887 1179 μοιχεύειν.

366 1194 509 1262 Περί
546 1194 655 1249 τοῦ
684 1194 769 1264 μὴ
818 1195 1114 1251 ἀπολύειν
1144 1197 1262 1266 τὴν
1299 1198 1576 1269 γυναῖκα.
1608 1200 1749 1269 Περί
1781 1199 1890 1255 τοῦ

357 1287 445 1355 μὴ
478 1287 695 1359 ὀμόσαι
729 1289 903 1357 ὅλως.
946 1290 1087 1358 Περί
1142 1290 1250 1347 τοῦ
1295 1292 1406 1358 τὰς
1438 1292 1639 1361 ὕϐρεις
1680 1292 1891 1363 ἀνέκε-

363 1384 530 1443 σθαι,
593 1381 692 1433 καί
736 1381 1099 1450 ἀντιστῆναι
1150 1384 1231 1451 τῷ
1262 1383 1527 1454 πονηρῷ.
1587 1385 1731 1455 Περί
1782 1387 1891 1442 τοῦ

366 1472 613 1541 ἀγαπᾷν
642 1474 786 1539 τοὺς
814 1475 1094 1548 ἐχθρούς.

287 1562 370 1630 ς’.
415 1564 555 1632 Περί
571 1565 1015 1639 ἐλεημοσύνης,
1048 1568 1423 1645 προσευχῆς,
1454 1571 1557 1626 καὶ
1578 1571 1887 1642 νηστείας.

362 1659 503 1725 Περί
536 1658 645 1713 τοῦ
680 1661 1081 1733 καταφρονεῖν
1111 1660 1229 1715 τῶν
1259 1664 1366 1718 τοῦ
1395 1664 1654 1733 κόσμου.

282 1750 353 1816 ζ’.
398 1751 540 1819 Περί
569 1751 678 1813 τοῦ
710 1753 937 1822 κρίνειν
955 1752 1209 1823 μηδένα.
1242 1756 1382 1828 Περί
1415 1756 1525 1812 τοῦ
1572 1758 1766 1835 αἰτεῖν
1788 1758 1889 1812 καί

360 1845 578 1913 ζητεῖν.
632 1846 773 1916 Περὶ
825 1845 933 1902 τοῦ
980 1847 1311 1918 προσέχειν
1342 1850 1463 1905 ἀπὸ
1514 1849 1634 1905 τῶν
1663 1852 1887 1921 ψευδο-

356 1936 711 2007 προφητῶν.

280 2033 356 2099 η’.
398 2029 539 2097 Περὶ
586 2029 695 2084 τοῦ
747 2031 1001 2100 λεπροῦ.
1062 2032 1201 2100 Περί
1254 2032 1364 2089 τοῦ
1396 2024 1882 2105 ,έὶιατοντάρχοικ

353 2122 497 2188 Περὶ
538 2120 650 2196 τῆς
680 2122 971 2192 πενθερᾶς
1001 2122 1250 2193 Πέτρου.
1282 2124 1423 2194 Περί
1454 2123 1572 2180 τῶν
1596 2125 1887 2182 ἰαθέντων

354 2212 475 2268 ἀπὸ
519 2215 814 2267 ποικίλων
854 2215 1084 2269 νάσων.
1137 2218 1275 2285 Περί
1312 2215 1422 2271 τοῦ
1447 2217 1535 2287 μὴ
1574 2219 1889 2290 ἐπιτρεπο-

347 2304 543 2374 μένου
588 2306 972 2363 ἀκολουθεῖν.
1008 2308 1149 2376 Περι
1184 2306 1292 2377 τῆς
1319 2298 1720 2385 ἐπιτιμήσεως
1767 2308 1888 2365 τῶν

354 2395 615 2453 ὑδάτων.
658 2399 799 2466 Περὶ
830 2398 951 2453 τῶν
976 2397 1505 2470 δαιμονιζομένων,
1534 2396 1624 2457 ὧν
1648 2404 1724 2459 τὰ
1750 2402 1883 2459 δαι-

349 2491 535 2568 μόνια
559 2493 647 2557 εἰς
671 2490 787 2560 τὴν
811 2492 1045 2563 ἀγέλην
1064 2492 1184 2546 τῶν
1220 2496 1441 2569 χοίρων
1472 2495 1797 2566 ἐξεϐλήθη.

276 2582 349 2637 θ’.
391 2584 531 2653 Περί
576 2584 691 2639 τοῦ
726 2585 1171 2654 παραλυτικοᾶ
1220 2588 1361 2658 Περί
1406 2589 1514 2645 τοῦ
1560 2592 1884 2647 Ματθαίου.

351 2676 496 2751 Περί
527 2677 634 2731 τοῦ
668 2677 947 2747 Σωτῆρος
984 2676 1137 2749 μετὰ
1167 2677 1291 2733 τῶν
1318 2678 1599 2735 τελωνῶν
1642 2682 1889 2739 ἐσθίον-

351 2786 474 2837 τος.
514 2770 656 2840 Περί
688 2768 797 2839 τῆς
848 2773 1144 2849 θυγατρὸς
1177 2773 1709 2852 ἀρχισυναγώγου.
1739 2776 1883 2843 Περί

350 2857 463 2929 τῆς
488 2862 953 2931 αἰμορροούσης.
986 2866 1129 2934 Περί
1148 2864 1274 2919 τῶν
1295 2864 1407 2920 δύο
1434 2864 1701 2935 τυφλῶν.
1737 2866 1884 2935 Περί

351 2954 461 3009 τοῦ
494 2952 987 3025 δαιμονιζομένου
1016 2956 1251 3026 κωφοῦ.

279 3045 334 3101 ι’.
366 3046 528 3115 ,Περί
553 3045 664 3115 τῆς
690 3045 809 3101 τῶν
839 3047 1203 3103 ἀποστόλων
1233 3048 1541 3120 διαταγῆς.

276 3136 369 3193 ια’.
406 3138 544 3206 Περί
578 3136 697 3191 τῶν
723 3138 1205 3194 ἀποσταλέντων
1230 3141 1389 3211 παρὰ
1428 3141 1736 3195 Ἰωάννου.

2076 821 2224 876 Petri
2250 823 2478 881 Andreae
2505 833 2554 879 ct
2586 825 2823 893 ﬁliorum
2850 825 3116 885 Zebedcci.

1997 1002 2051 1057 5.
2098 1000 2171 1056 De
2192 1001 2639 1057 beatitudinibus.
2666 1002 2823 1070 Quod
2851 1019 2956 1060 non
2986 1003 3142 1062 liceat
3186 1022 3305 1063 cum
3350 1009 3595 1074 proximo

2070 1097 2408 1151 contendere.
2451 1094 2607 1160 Quod
2636 1111 2739 1152 non
2775 1095 2930 1154 liceat
2978 1098 3253 1154 machari.
3286 1098 3442 1164 Quod
3491 1116 3596 1159 non

2066 1189 2223 1242 liceat
2272 1203 2490 1243 uxorem
2540 1190 2828 1246 dimittere.
2847 1189 3002 1256 Quod
3047 1207 3151 1248 non
3198 1192 3357 1249 liceat
3403 1193 3597 1263 furare

2068 1282 2303 1335 omnino.
2326 1278 2481 1347 Quod
2506 1283 2855 1338 contumelias
2884 1284 3149 1339 sustinere
3180 1294 3229 1339 et
3256 1285 3475 1340 diabolo
3510 1303 3595 1341 re-

2065 1374 2248 1426 sistere
2305 1384 2563 1443 oporteat.
2606 1372 2761 1441 Quod
2826 1385 3064 1442 oporteat
3123 1376 3285 1433 etiam
3354 1377 3595 1435 inimicos

2065 1467 2284 1536 diligere

1992 1555 2046 1612 6.
2095 1556 2169 1609 De
2197 1557 2551 1626 elemosyna,
2575 1557 2813 1613 oratione
2842 1567 2893 1613 et
2923 1558 3157 1629 jejunio.
3181 1557 3259 1617 De
3289 1568 3593 1631 contemptu

2064 1650 2269 1703 mundi.

1994 1742 2044 1796 7.
2091 1742 2247 1808 Quod
2274 1758 2378 1797 non
2416 1742 2573 1797 liceat
2602 1744 2667 1797 de
2691 1760 2958 1815 quoquam
2996 1745 3265 1815 judicare.
3312 1744 3592 1812 Quomodo

2060 1844 2238 1903 petere
2266 1845 2314 1890 et
2343 1852 2581 1906 quazrere
2604 1837 2910 1893 debeamus.
2939 1838 3093 1905 Quod
3118 1840 3269 1897 nobis
3293 1841 3585 1897 carendum

1921 1918 1962 1975 Β
2068 1930 2135 1983 sit
2167 1946 2198 1982 a
2227 1930 2380 1998 falsis
2411 1930 2698 1999 praphetis.

1995 2022 2049 2077 8.
2094 2021 2169 2075 De
2224 2023 2500 2076 curatione
2563 2023 2778 2091 leprosi.
2822 2021 2898 2078 De
2951 2026 3279 2080 centurione.
3312 2026 3386 2082 De
3434 2045 3593 2084 socru

2071 2115 2230 2171 Petri.
2259 2115 2335 2172 De
2382 2117 2449 2175 iis
2497 2119 2587 2190 qui
2634 2119 2809 2172 curati
2842 2127 2964 2174 sunt
2995 2136 3027 2174 a
3064 2123 3224 2176 variis
3271 2122 3486 2177 morbls.
3517 2122 3593 2177 De

2064 2226 2165 2262 non
2195 2210 2473 2265 commissa
2501 2212 2733 2282 sequela.
2778 2212 2851 2266 De
2898 2214 3259 2282 increpatione
3304 2232 3590 2287 aquarum.

2064 2300 2139 2357 De
2168 2305 2515 2361 damoniacis
2535 2323 2759 2375 quorum
2784 2308 3048 2363 da'monia
3079 2311 3136 2364 in
3162 2325 3448 2379 porcorum
3472 2328 3591 2382 gre-

2062 2413 2177 2466 gem
2208 2400 2401 2451 emissa
2435 2409 2579 2453 sunt.

1992 2584 2041 2641 9.
2084 2583 2162 2639 De
2188 2584 2509 2656 paralytico.
2542 2584 2615 2639 De
2648 2584 2889 2641 Matthati
2920 2586 3214 2641 vocatione.
3240 2584 3313 2641 De
3347 2583 3591 2643 Salvator

2060 2676 2134 2730 ris
2191 2677 2473 2747 refectione
2530 2694 2651 2732 cum
2694 2678 3019 2749 publicanis.
3061 2678 3138 2735 De
3177 2680 3297 2748 filia
3334 2680 3591 2752 principis

2060 2786 2364 2841 synagoga.
2394 2769 2467 2825 De
2495 2771 2916 2827 ha’morrhousa.
2943 2772 3018 2826 De
3046 2773 3254 2829 duobus
3295 2774 3477 2833 circis.
3512 2774 3587 2828 De

2058 2863 2222 2917 surdo
2255 2862 2606 2919 dtzmouiaco.

1990 3047 2076 3103 10.
2110 3045 2189 3102 De
2218 3047 2417 3102 ordine‘
2431 3045 2816 3133 apostolorum.

1990 3141 2076 3195 Il.
2111 3139 2189 3193 De
2219 3140 2285 3195 iis
2314 3140 2405 3210 qui
2429 3140 2578 3194 missi
2609 3147 2735 3193 sunt
2762 3156 2792 3192 a
2821 3136 3049 3192 Joanne.

276 3250 292 3285 ι
302 3230 368 3302 β’.
413 3232 562 3301 Περί
612 3230 732 3286 τῶν
773 3228 1060 3301 μαθητῶν
1089 3232 1219 3299 τοῖς
1248 3233 1515 3289 Σάϐϐασι
1548 3234 1877 3291 τιλλόντων

1991 3233 2078 3289 12.
2108 3235 2186 3295 De
2214 3233 2490 3302 discipuiis
2541 3234 2598 3287 in
2643 3232 2881 3288 Sabbato
2929 3234 3102 3303 spicas
3147 3232 3583 3291 nellentibus.De

351 3324 647 3393 στάχυας.
699 3322 837 3391 Περί
881 3323 988 3378 τοῦ
1019 3324 1214 3394 ξηρὰν
1249 3326 1502 3395 ἔχοντος
1531 3326 1646 3396 τὴν
1682 3327 1873 3397 κεζοα.

351 3416 493 3485 Περί
543 3417 654 3471 τοῦ
703 3416 1193 3489 δαιμονιζομένου
1234 3408 1602 3488 τυφλοῦκαί
1646 3420 1873 3490 κωφοῦ.

348 3509 489 3578 Περί
524 3507 643 3563 τῶν
675 3510 1011 3565 αἰτούντων
1040 3512 1319 3581 σημεῖον.
1349 3512 1487 3581 Περί
1514 3513 1745 3583 μητρὸς
1776 3510 1876 3569 καί

353 3599 660 3671 ἀδελφῶν.
1370 3594 1377 3599 ’

274 3692 367 3761 ιγ’.
413 3694 551 3763 Περί
584 3690 704 3747 τῶν
730 3692 1090 3762 παραϐολῶν
1114 3694 1218 3748 τοῦ
1244 3695 1611 3763 σπείραντος
1640 3695 1739 3748 καί
1764 3693 1873 3762 τῆς

342 3784 672 3850 ,Βασιλείας
702 3784 821 3839 τῶν
852 3782 1150 3853 οὐρανῶν.

275 3877 361 3929 ιδ’.
408 3877 550 3944 Περί
591 3875 880 3931 Ἰωάννου
913 3877 1013 3930 καὶ
1057 3874 1344 3945 Ἡρώδου.
1382 3876 1524 3945 Περί
1556 3875 1675 3936 τῶν
1709 3883 1751 3930 ε’
1777 3876 1881 3946 ἅρ-

348 3985 470 4024 των
507 3968 607 4024 καὶ
644 3965 764 4021 τῶν
783 3968 844 4031 ,ϐ’
892 3967 1135 4035 ἰχθύων.
1179 3965 1317 4034 Περὶ
1349 3966 1455 4020 τοῦ
1486 3966 1556 4020 ὲν
1587 3968 1872 4036 θαλάσσῃ

349 4058 684 4127 περιπάτου
714 4057 823 4111 τοῦ
866 4055 1085 4124 Ἰησοῦ.
1199 4058 1217 4073 ⁸

270 4157 355 4206 ιε’.
403 4149 541 4217 Περὶ
574 4148 683 4216 τῆς
724 4146 1120 4216 παραϐάσεως
1151 4146 1261 4214 τῆς
1285 4146 1545 4218 ἐντολῆς
1584 4150 1691 4206 τοῦ
1720 4151 1870 4206 Θεοῦ

347 4242 448 4297 διὰ
494 4243 609 4310 τὴν
656 4239 998 4310 παράδοσιν
1045 4238 1165 4293 τῶν
1195 4238 1544 4309 ἀνθρώπων.
1588 4241 1728 4311 Περί
1764 4241 1874 4311 τῆς

338 4337 707 4402 Χαναναίας.
745 4333 886 4404 Περί
940 4332 1060 4386 τῶν
1100 4332 1593 4403 θεραπευθέντων
1642 4334 1867 4405 ὄχλων.

343 4417 486 4495 Περί
512 4425 633 4479 τῶν
657 4425 807 4479 ἑπτὰ
828 4424 1045 4493 ἄρτων.

265 4526 371 4585 ις’.
416 4520 552 4586 Περ)
586 4518 697 4586 τῆς
723 4516 905 4589 ζύμης
936 4513 1056 4570 τῶν
1080 4518 1445 4585 Φαρισαίων.
1490 4518 1626 4587 Περί
1655 4518 1764 4587 τῆς
1795 4520 1865 4573 ἐν

2061 3328 2281 3382 muliere
2309 3343 2426 3398 qua:
2477 3325 2687 3379 aridam
2736 3342 2953 3379 manum
3002 3325 3243 3381 habebat.
3280 3326 3357 3381 De
3388 3328 3590 3383 da'mo-

2058 3423 2209 3476 niaco
2238 3436 2376 3475 τίετο
2423 3430 2470 3472 et
2524 3418 2706 3473 surdo.
2756 3417 2839 3471 De
2888 3417 3182 3485 petentibus
3232 3420 3465 3488 signum.
3515 3419 3589 3473 De

2057 3526 2223 3569 matre
2249 3509 2527 3579 Christict
2554 3508 2838 3579 fratribus.

1986 3689 2068 3743 15.
2110 3688 2183 3743 De
2212 3686 2481 3758 parabolis
2515 3685 2826 3740 seminantis
2859 3693 2909 3737 et
2939 3684 3087 3755 regni
3123 3686 3396 3739 caelorum.

1988 3870 2072 3926 li.
2108 3869 2181 3924 De
2202 3868 2410 3925 Joanne
2426 3848 2475 3922 ei
2506 3866 2734 3922 Herode.
2767 3866 2839 3921 De
2858 3837 3088 3937 quinque
3115 3866 3340 3935 panibus
3371 3877 3422 3921 et
3447 3866 3585 3921 duo-

2058 3962 2151 4015 bus
2183 3961 2435 4030 piscibus.
2464 3960 2537 4013 De
2564 3958 2926 4013 ambulatione
2952 3958 3154 4013 Christi
3181 3975 3343 4026 supra
3378 3976 3545 4014 mare.

1976 4144 2069 4200 ἐῢ.
2100 4125 2175 4198 De
2204 4142 2621 4209 transgressione
2655 4126 3035 4194 mandatorum
3068 4139 3166 4196 Dei
3203 4157 3298 4211 per
3325 4136 3581 4195 traditio-

2052 4253 2168 4292 nem
2203 4235 2497 4289 hominum.
2530 4232 2604 4287 De
2634 4233 2962 4287 Chanana'a.
2994 4233 3069 4288 De
3114 4234 3459 4288 multitudine
3490 4250 3579 4288 sa-

2052 4337 2199 4384 nata.
2224 4328 2297 4382 De
2322 4336 2514 4397 septem
2542 4327 2790 4395 panibus.

1974 4512 2062 4584 i6.
2097 4526 2171 4582 De
2215 4528 2476 4599 fermento
2526 4526 2947 4587 Pharisatorum.
2979 4527 3053 4583 De
3108 4529 3255 4599 facta
3313 4529 3575 4586 Caesarem

341 4610 669 4678 Καισαρείᾳ
690 4608 1137 4678 ἐπερωτήσεως.
1169 4610 1308 4679 Περί
1332 4609 1438 4680 τῆς
1464 4610 1867 4681 ἐπιτιμήσεως

2049 4622 2481 4692 interrogatione.
2537 4620 2609 4676 De
2672 4623 3031 4689 increpatione
3080 4621 3227 4678 Petri
3307 4628 3575 4681 renuentis

339 4703 450 4758 τοῦ
480 4701 732 4771 Πέτρου,
768 4701 929 4768 ὅπως
959 4702 1046 4772 μὴ
1074 4702 1334 4769 Χριστὸς
1357 4701 1545 4771 πάθῃ.

264 4792 360 4858 ιζ’.
405 4790 540 4860 Περὶ
575 4789 685 4860 τῆς
713 4792 1224 4861 μεταμορφώσεως
1270 4792 1376 4847 τοῦ
1407 4792 1691 4861 Χριστοῦ.
1728 4796 1866 4863 Περί

343 4882 453 4939 τοῦ
503 4884 1031 4955 σεληνιαζομένου.
1087 4884 1229 4954 Περί
1281 4884 1400 4939 τῶν
1430 4886 1767 4941 αἰτούντων
1797 4888 1868 4942 τὰ

329 4975 665 5046 ΰίδραχμᾳ.
1295 4987 1300 4995 ’

265 5079 361 5145 ιη’.
402 5072 545 5143 Περί
576 5071 696 5126 τῶν
718 5073 1043 5141 λεγόντων,
1079 5074 1171 5140 τίς
1199 5074 1433 5144 μείζων.
1476 5076 1610 5147 Περί
1644 5072 1753 5132 τοῦ
1778 5077 1863 5147 μὴ

340 5164 789 5227 σκανδαλίζειν.
854 5163 995 5234 Περί
1048 5165 1168 5221 τῶν
1218 5176 1272 5237 ρ’
1320 5170 1636 5239 προϐάτων
1674 5184 1863 5239 πηρα-

341 5258 518 5329 ϐολὴ.
572 5258 714 5326 Περι
763 5256 873 5327 τῆς
925 5256 1221 5330 ἐλέγξεως
1248 5261 1354 5321 τοῦ
1399 5264 1689 5330 πλησίου.
1724 5265 1863 5332 Περί

342 5351 455 5422 τῆς
483 5353 801 5423 δυνάμεως
844 5351 950 5407 τοῦ
1005 5352 1136 5407 δεῖν
1172 5353 1272 5407 καί
1331 5355 1527 5409 λύειν.
1567 5356 1708 5425 Περί
1758 5357 1865 5409 τοῦ

344 5446 702 5513 ὀφείλοντος
725 5447 912 5517 μυρία
939 5447 1227 5505 τάλαντα.

266 5536 359 5593 tO'.
400 5539 542 5611 Περί
573 5538 690 5593 τῶν
716 5541 1166 5610 ἐπερωτώντων,
1203 5542 1254 5595 εἰ
1284 5539 1528 5606 ἔξεστιν
1554 5540 1865 5596 ἀπολῦσαι

342 5630 457 5698 τὴν
496 5632 774 5702 γυναῖκα.
825 5635 965 5703 Ile}!
999 5635 1105 5690 τοῦ
1140 5634 1643 5703 ἐπερωτήσαντος
1675 5637 1863 5690 πλου-

341 5724 485 5779 σίου
518 5726 627 5780 τόν
670 5726 927 5796 Ἰησοῦν.

270 5824 344 5871 κ’.
385 5819 525 5889 Περί
568 5818 687 5874 τῶν
728 5820 1154 5893 μισθουμένων
1208 5817 1493 5889 ἐργατῶν.
1545 5818 1687 5890 Περί
1746 5818 1867 5873 τῶν

347 5910 490 5964 υἱῶν
516 5911 620 5968 τοῦ
651 5912 992 5970 Ζεϐεδαίου.
1029 5910 1168 5982 Περί
1199 5911 1318 5967 τῶν
1343 5910 1455 5966 δύο
1490 5909 1754 5982 τυφλῶν.

2046 4714 2313 4770 Christum
2343 4716 2479 4785 pati.

1942 4806 2061 4863 -17.
2092 4807 2169 4862 De
2204 4809 2674 4881 trans/ﬁguratione
2722 4808 2944 4863 Christi.
2977 4807 3051 4863 De
3082 4809 3341 4867 lunatico.
3365 4812 3441 4868 De
3465 4816 3575 4869 exi-

2042 4902 2280 4971 gentibus
2312 4901 2404 4958 did
2410 4902 2698 4958 rae/imam.

1971 5075 2057 5130 18.
2087 5075 2161 5129 De
2194 5076 2257 5128 iis
2297 5076 2387 5146 qui
2430 5077 2771 5147 quasierunt,
2818 5080 2936 5150 quis
2972 5081 3164 5150 major.
3213 5081 3367 5148 Quod
3403 5087 3565 5139 nenti-

2043 5185 2157 5222 nem
2180 5168 2332 5222 liceat
2352 5169 2736 5225 scandalizare.
2758 5170 3025 5227 l’arabala
3049 5176 3112 5229 de
3133 5185 3341 5229 centum
3363 5179 3566 5236 ovibus.

2043 5260 2117 5315 De
2141 5263 2463 5329 correptione
2487 5264 2738 5331 proximi.
2761 5264 2839 5319 De
2864 5276 3118 5335 potestate
3147 5268 3357 5339 ligandi
3381 5283 3427 5326 et
3456 5274 3568 5327 sol-

2040 5353 2205 5408 vendi.
2233 5354 2306 5407 De
2340 5371 2399 5409 eo
2427 5357 2516 5423 qui
2549 5356 2693 5411 mille
2720 5358 2920 5412 talenta
2951 5358 3120 5415 debet.

1972 5551 2056 5607 i9.
2105 5552 2176 5607 De
2222 5556 2597 5623 quaerentibus,
2638 5573 2763 5610 num
2812 5558 2987 5614 liceret
3029 5563 3295 5620 dimittere
3328 5582 3563 5620 uxorem.

2045 5642 2120 5698 De
2150 5646 2307 5697 divite
2332 5643 2516 5700 Iesum
2546 5648 2933 5718 interpellante.

1964 5819 2055 5875 20.
2086 5819 2160 5873 De
2192 5822 2427 5875 mercede
2451 5825 2724 5881 conductis
2750 5831 3024 5899 operariis.
3054 5831 3127 5889 De
3148 5833 3275 5902 ﬁliis
3299 5834 3561 5892 Zebedtvi.

2041 5911 2115 5968 De
2140 5912 2342 5969 duobus
2369 5917 2539 5971 circis.
