4098 6330
189 329 289 395 145

864 327 1316 389 ΕΝΑιιιιΑτιο
1359 296 1442 388 1N
1485 321 1997 389 EVANGELIUM
2035 322 2424 382 narrum.
2473 345 2539 353 ——
2580 320 2741 380 car.
2783 320 2826 378 ι.

3391 314 3496 377 146

183 445 276 499 καὶ
305 442 373 495 τὰ
407 442 513 514 ἤθη
551 439 706 512 ημῶν
739 439 1108 510 διαφθαρῆναι
1183 438 1448 505 εὐδόκησε
1486 435 1768 508 γραφῆναι
1799 446 1813 494 Α

1920 448 2053 500 perm
2094 433 2326 501 pretium
2383 432 2559 486 visum
2620 441 2743 494 est,
2797 429 2849 498 2
2893 427 3355 486 ntscribercntur
3434 439 3489 482 et

181 538 247 591 τὰ
279 535 588 604 Εὑαγγέλια
612 574 628 599 ,
660 534 750 586 ἵνα
781 535 844 584 ἐκ
871 532 1078 585 τούτων
1105 530 1491 601 διδασκόμενοι
1518 530 1619 597 τὴν
1647 528 1780 597 ἀλή-

183 612 334 686 θειαν
355 675 368 698 ,
407 629 480 700 μὴ
514 626 929 698 παρασυρῶμεν
961 624 1068 679 ὑπὸ
1095 624 1188 676 τοῦ
1222 624 1457 694 ψεύδους
1485 623 1593 675 τῶν
1623 619 1778 691 αἱρέ-

184 743 344 788 σεων,
375 723 507 794 μηδέ
536 720 819 780 παντελῶς
844 717 1188 788 διαφθαρῶσι
1213 715 1280 770 τὰ
1307 716 1413 788 ἢθη
1443 718 1622 788 ἡμῶν.
1648 715 1783 768 Τέσ-

185 835 326 888 σαρα
363 816 418 869 δέ
456 814 687 868 δέδωκεν
722 814 857 882 ἡμῖν
893 809 1207 879 Εὑαγγέλια
1231 849 1246 873 ,
1283 809 1478 880 τυχὸν,
1515 807 1651 860 διότι
1684 807 1783 869 τὰς

186 908 483 971 καθολικὰς
515 908 790 976 τέσσαρας
829 903 1031 972 ἀρετὰς
1069 904 1133 955 ἐκ
1164 901 1373 954 τούτων
1410 900 1781 972 μανθάνομεν,

184 1005 283 1076 τὴν
311 1001 588 1074 ἀνδρείαν,
615 999 715 1069 τὴν
739 998 1020 1068 φρόνησιν,
1051 995 1150 1066 τὴν
1175 993 1538 1063 δικαιοσύνην,
1566 992 1660 1046 καὶ
1684 991 1786 1062 τὴν

189 1095 568 1170 σωφροσύνην.
596 1094 708 1164 Τὴν
734 1092 832 1164 μὲν
860 1089 1133 1161 ἀνδρείαν,
1164 1089 1293 1142 ὅταν
1324 1087 1461 1160 λέγῃ
1481 1089 1508 1140 ὁ
1540 1078 1742 1158 Κύριος
1767 1100 1784 1118 ο

193 1212 210 1245 ι
242 1191 339 1263 Μὴ
368 1188 620 1260 φοϐεῖσθε
653 1185 762 1240 ἀπὸ
787 1183 896 1237 τῶν
923 1179 1357 1235 ἀποκτεινόντων
1384 1180 1444 1231 τὸ
1480 1178 1662 1247 σῶμα,
1688 1178 1787 1248 τὴν

188 1286 241 1340 δὲ
275 1284 457 1355 ψυχὴν
494 1281 569 1352 μὴ
603 1277 921 1348 δυναμένων
952 1275 1296 1326 ἀποκτεῖναι.
1342 1291 1358 1321 ι
1399 1271 1510 1341 Τὴν
1557 1271 1612 1324 δὲ
1652 1269 1787 1342 φρό-

190 1396 366 1450 νησιν,
416 1377 546 1430 ὅταν
595 1373 878 1444 παραινῇ·
939 1388 955 1420 ι
997 1367 1219 1421 Γίνεσθε
1278 1366 1558 1436 φρόνιμοι,
1613 1363 1688 1425 ὡς
1740 1364 1788 1416 οἱ

191 1471 369 1533 ὄφεις.
408 1486 424 1516 ι
457 1465 569 1535 Τὴν
594 1463 649 1517 δὲ
681 1460 1054 1528 δικαιοσύνην.
1086 1458 1214 1511 ὅταν
1239 1455 1504 1526 διδάσκῃ·
1543 1474 1559 1506 ι
1592 1453 1790 1516 Καθὼς

201 1557 386 1610 θέλετε
419 1556 504 1608 ἵνα
535 1553 762 1606 ποιῶσιν
790 1552 921 1621 ὑμῖν
946 1551 991 1602 οἱ
1024 1548 1323 1619 ἅνθρωποι,
1355 1547 1446 1598 καὶ
1475 1547 1636 1617 ὑμεῖς
1666 1563 1788 1598 ιιιοι⁸

194 1653 301 1704 εἴτε
335 1650 520 1709 αὐτοῖς
548 1646 771 1716 ὁμοίως.
809 1663 826 1696 ι
858 1644 971 1714 Τὴν
994 1642 1050 1696 δὲ
1083 1641 1470 1711 σωφροσύνην,
1497 1641 1625 1694 ὅταν
1649 1641 1790 1693 ἀπο-

196 1746 456 1816 φαίνηται
474 1760 486 1772 °
514 1760 531 1794 ι
558 1743 616 1796 '0
642 1739 920 1812 ἐμϐλέψας
946 1737 1176 1808 vexa.th
1203 1736 1339 1807 πρὸς
1363 1735 1424 1788 τὺ
1450 1733 1793 1803 ἐπιθυμῆσαι

198 1841 398 1908 αὐτῆς,
431 1838 533 1908 ήδη
567 1836 890 1907 ἐμοίχευσεν
921 1833 1092 1902 αὐτὴν
1123 1832 1181 1884 ἐν
1212 1833 1276 1902 τῇ
1310 1829 1509 1900 καρδία
1540 1826 1728 1882 αὐτοῦ.
1770 1845 1787 1877 ι

198 1933 307 1985 Καὶ
335 1930 513 1992 ἄλλως
543 1929 600 1981 δὲ
626 1946 638 1960 ·
684 1926 945 1998 Τέσσαρα
968 1926 1108 1979 εἰσιν
1143 1924 1481 1992 Εύαγγέλια,
1507 1923 1641 1976 διότι
1671 1919 1798 1974 στύ-

198 2025 279 2079 λοι
315 2025 425 2078 εἰσὶ
459 2023 634 2078 ταῦτα
668 2021 764 2075 τοῦ
804 2020 1036 2092 κόσμου.
1071 2017 1178 2072 Τοῦ
1214 2017 1270 2071 δὲ
1307 2017 1516 2088 κόσμου
1551 2014 1797 2084 τέσσαρα

201 2119 342 2190 μέρη
377 2116 625 2186 ἔχοντος,
664 2112 955 2183 Ἀνατολὴν
977 2153 991 2175 ,
1025 2109 1220 2175 Δύσιν,
1249 2111 1489 2180 Ἀρκτον
1529 2107 1623 2161 καὶ
1684 2105 1800 2160 Με-

203 2211 505 2281 σημϐρίαν,
536 2208 773 2276 ἔπρεπεν
803 2201 943 2258 εἶναι
973 2204 1218 2266 καὶτοὺς
1249 2202 1476 2265 στύλους
1503 2202 1798 2271 τέσσαρας.

202 2303 312 2358 Καὶ
347 2301 526 2364 ἄλλως
559 2301 615 2353 δέ
644 2317 657 2332 ·
692 2299 946 2369 Τέσσαρα
986 2301 1122 2351 εἰσιν
1157 2296 1470 2364 Εὑαγγέλια
1493 2335 1506 2359 ,
1538 2294 1671 2347 διότι
1708 2295 1804 2346 καὶ

202 2395 448 2465 τέσσαρα
516 2392 689 2446 ταῦτα
735 2392 1014 2462 περιέχει·
1055 2392 1222 2460 ἤγουν
1255 2391 1523 2458 δόγματα,
1561 2386 1804 2451 ἐντολὰς,

203 2488 475 2551 ἀπειλὰς,
513 2487 608 2538 καὶ
644 2484 981 2553 ἐπαγγελίας
1005 2502 1017 2516 ·
1059 2485 1152 2538 καὶ
1185 2485 1300 2546 τοῖς
1341 2483 1439 2553 μὲν
1475 2478 1803 2533 πιστεύσασι

204 2583 316 2643 τοῖς
341 2579 604 2647 δόγμασι,
632 2579 726 2630 καὶ
752 2579 849 2641 τὰς
878 2577 1098 2640 ἐντολὰς
1125 2579 1418 2648 τηρήσασι,
1446 2574 1514 2627 τὰ
1544 2574 1806 2645 μέλλοντα

165 2673 390 2742 ,ἀγαθὲ
435 2669 905 2739 ἐπαγγέλλονται·
950 2672 1064 2733 τοῖς
1107 2670 1164 2724 δὲ
1210 2669 1286 2740 μὴ
1330 2666 1656 2721 πιστεύσασι
1698 2669 1808 2731 τοῖς

206 2768 500 2836 δόγμασιν,
527 2764 559 2835 ἢ
587 2766 684 2828 τὰς
715 2764 934 2827 ἐντολὰς
968 2766 1043 2835 μὴ
1073 2763 1395 2832 φυλάξασιν,
1425 2763 1480 2815 αἱ
1518 2761 1810 2832 μέλλουσαι

208 2860 566 2915 ἁπειλοῦνται
599 2856 872 2921 κολάσεις.
933 2857 1267 2924 Εὑαγγέλιον
1298 2854 1354 2908 δὲ
1385 2854 1642 2923 λέγεται,
1676 2854 1810 2908 διότι

206 2954 468 3025 ἀγγέλλει
501 2954 633 3024 ἡμῖν
664 2953 968 3022 πράγματα
999 2945 1057 3004 εὖ
1078 2951 1173 3002 καὶ
1196 2949 1378 3013 καλῶς
1409 2949 1624 3020 ἔχοντα,
1654 2939 1814 3002 τουτῖ

208 3047 362 3102 ἐστιν
395 3045 580 3116 ἀγαθὰ
603 3087 617 3110 ,
687 3044 883 3115 ἄφεσιν
918 3045 1238 3114 ἁμαρτιῶν,
1271 3043 1592 3108 δικαίωσιν,
1631 3041 1815 3097 ἄνοδον

1887 524 2201 595 Evangelia,
2248 540 2356 594 quo
2409 523 2690 577 discentes
2740 538 2807 576 ex
2859 521 2966 575 illis
3015 521 3325 587 veritatem,
3379 535 3489 574 non

1887 620 2168 674 ltmreseon
2205 619 2507 673 mendaciis
2543 617 2942 685 deciperentur,
2976 630 3270 684 moresque
3319 614 3490 669 nostri

1887 727 1991 766 non
2028 727 2248 782 prorsus
2282 711 2769 778 pessundarenlur.
2807 708 3055 776 Quatuor
3087 718 3273 761 autem
3324 705 3497 760 Evan-

1888 806 2028 874 gelia
2059 806 2214 860 nobis
2249 804 2420 869 dedit,
2446 803 2695 860 fortassis
2735 803 2876 866 ideo,
2903 805 3029 872 quia
3055 811 3296 872 quatuor
3325 800 3494 856 virtu.

1892 918 1970 963 tes
2003 905 2340 960 universales
2374 921 2437 959 ex
2476 905 2556 959 eis
2589 902 2872 966 discimus,
2909 900 3316 964 fortitudinem,
3361 916 3498 970 pru-

1890 1000 2153 1063 dentiam,
2187 998 2455 1069 justitiam
2503 1008 2556 1052 et
2606 996 3048 1064 temperantiam.
3101 993 3500 1051 Fortitudinem

1892 1093 2136 1163 quidem,
2177 1107 2300 1147 cum
2334 1092 2464 1146 diett
2500 1092 2759 1147 Dominus
2812 1109 2825 1145 :
2866 1109 2884 1142 ι
2915 1090 2995 1144 Ne
3057 1089 3359 1146 timueritis
3408 1103 3503 1144 eos

1895 1186 1986 1254 qui
2048 1182 2308 1238 occidunt
2365 1197 2585 1253 corpus,
2660 1181 2898 1235 animam
2974 1188 3157 1234 autem
3251 1175 3504 1231 occidere

1897 1291 2004 1329 non
2052 1275 2317 1345 possunt'
2372 1291 2384 1325 :
2443 1294 2461 1326 ι
2515 1273 2860 1344 prudentiam
2915 1286 3069 1333 vero,
3126 1270 3348 1339 quando
3403 1267 3498 1321 atl-

1897 1378 2079 1425 monet
2113 1388 2124 1423 :
2160 1388 2177 1421 ι
2210 1369 2398 1424 Estote
2427 1366 2751 1437 prudentes,
2789 1375 2846 1419 ιιι
2881 1365 3204 1435 serpentes'
3244 1381 3256 1418 :
3293 1383 3311 1414 ι
3338 1361 3504 1430 justi-

1899 1465 2025 1520 tiam
2066 1476 2268 1529 autem,
2316 1461 2536 1532 quando
2555 1463 2754 1516 docet:
2787 1479 2806 1512 ι
2840 1460 2994 1515 Sicut
3020 1460 3184 1513 vultis
3208 1467 3264 1513 ut
3305 1456 3509 1512 iaciant

1899 1557 2052 1612 vobis
2087 1554 2354 1618 homines,
2400 1552 2471 1607 ita
2503 1562 2555 1607 et
2591 1569 2686 1607 vos
2735 1552 2897 1607 facite
2926 1553 3004 1606 eis
3037 1554 3057 1583 ³
3089 1569 3102 1606 2
3143 1572 3160 1601 ι
3195 1560 3509 1618 temperan-

1901 1652 2029 1705 tiam
2061 1663 2299 1719 quoque,
2332 1646 2549 1715 quando
2579 1644 2814 1700 afﬁrmat
2866 1665 2879 1700 :
2923 1666 2940 1697 ι
2973 1643 3166 1699 Omnis
3189 1643 3279 1712 qui
3342 1657 3503 1708 aspe—

1901 1741 2044 1798 xerit
2075 1740 2384 1804 mulierem,
2418 1750 2475 1792 ut
2505 1740 2858 1808 concupiscat
2891 1737 3160 1805 eam,jam
3200 1737 3508 1793 moechatus

1901 1842 1986 1889 est
2055 1847 2175 1887 eam
2232 1832 2285 1886 in
2336 1832 2498 1887 corde
2541 1846 2640 1886 suo
2662 1832 2705 1886 ⁸.
2780 1850 2798 1882 ›
2868 1832 2989 1886 Alio
3052 1844 3274 1901 quoque
3329 1831 3509 1883 modo.

1904 1924 2150 1991 Quatuor
2180 1931 2307 1979 sunt
2337 1923 2651 1994 Evangelia,
2711 1927 2838 1995 quia
2894 1925 3009 1992 ipsa
3065 1934 3192 1979 sunt
3244 1923 3518 1978 columnae

1907 2018 2115 2079 mundi.
2144 2016 2281 2072 Cum
2315 2025 2496 2073 autem
2527 2021 2764 2074 mundus
2798 2027 3030 2087 quatuor
3063 2025 3246 2089 partes
3282 2018 3507 2073 habeat.

1906 2113 2207 2177 Orientem,
2273 2110 2648 2177 Occidentem,
2705 2114 3171 2182 Septentrionem,
3238 2121 3290 2166 et
3355 2109 3517 2165 Met-i-

1906 2206 2049 2261 diem
2078 2206 2177 2276 (a),
2197 2205 2490 2261 decebatet
2519 2207 2801 2262 columnas
2826 2217 3062 2276 quatuor
3100 2221 3243 2260 esse.
3276 2205 3395 2258 Alio
3422 2206 3519 2258 de-

1911 2303 2071 2371 nique
2096 2302 2279 2357 modo.
2307 2301 2551 2369 Quatuor
2571 2312 2693 2354 sunt
2714 2299 3027 2369 Evangelia,
3050 2299 3304 2369 quoniam
3331 2308 3379 2351 et
3406 2299 3523 2352 lt.ec

1909 2402 2145 2459 quatuor
2174 2391 2494 2446 continent:
2543 2391 2817 2454 videlicet,
2850 2391 3179 2454 doctrinam,
3235 2391 3518 2449 mandata,

1913 2483 2112 2548 minas,
2147 2491 2201 2537 et
2236 2483 2661 2551 promissiones;
2693 2494 2746 2538 et
2778 2484 2844 2538 iis
2877 2484 3092 2552 quidem
3135 2486 3224 2553 qui
3259 2484 3522 2537 doctrina:

1914 2575 2073 2630 ﬁdem
2137 2576 2506 2642 adltibuerint,
2566 2579 2769 2646 quique
2844 2578 3094 2630 mandata
3158 2574 3522 2634 servaverint.

1914 2667 2093 2722 futura
2155 2668 2294 2723 bona
2339 2670 2771 2739 promittuntur:
2821 2672 2884 2725 iis
2926 2687 3054 2726 vero
3109 2672 3198 2739 qui
3259 2670 3526 2724 doctrina:

1917 2776 2020 2814 non
2055 2759 2402 2824 crediderint,
2453 2775 2552 2814 nec
2603 2762 2857 2814 mandata
2911 2762 3276 2824 servaverint,
3341 2759 3524 2813 futura

1923 2858 2270 2911 intentantur
2312 2855 2599 2925 supplicia.
2642 2857 2711 2908 At
2745 2872 2876 2910 vero
2903 2855 3258 2925 Evangelium
3299 2854 3523 2914 dicitur,

1919 2967 1983 3005 eo
2013 2950 2155 3021 quod
2186 2951 2398 3004 nuntiet
2455 2951 2618 3004 nobis
2673 2965 2760 3004 res
2809 2964 3121 3019 prosperas,
3171 2955 3229 3002 et
3277 2950 3414 3000 bene
3461 2961 3520 2999 se

1922 3044 2204 3108 habentes,
2244 3043 2346 3097 hoc
2375 3051 2457 3098 est
2490 3044 2665 3098 bona:
2703 3058 2897 3113 nempe
2928 3042 3304 3097 remissionem
3345 3053 3529 3107 pecca-

212 3141 292 3204 είς
331 3141 640 3211 οὐρανοὺς,
677 3137 952 3190 υἱοθεσίαν
987 3137 1147 3192 Θεοῦ.
1185 3137 1468 3207 Ἀγγέλλει
1503 3136 1559 3190 δὲ
1597 3137 1693 3190 καὶ
1731 3137 1810 3189 ὅτι

1922 3149 2123 3222 torum,
2155 3137 2448 3208 justitiam,
2487 3138 2718 3191 reditum
2753 3138 2804 3190 ιιι
2832 3136 3028 3200 εωὶοε,
3084 3134 3435 3204 adeptionem
3477 3148 3531 3184 ιιι

212 3233 460 3296 εὐκόλως
503 3231 680 3286 ταῦτα
726 3231 1099 3301 λαμϐάνομεν.
1145 3232 1237 3302 Μὴ
1287 3230 1396 3302 γὰρ
1442 3229 1820 3298 ἐκοπιόισαμεν

212 3329 378 3401 ἡμεῖς
413 3327 510 3378 ἐπὶ
540 3328 608 3396 τῇ
640 3325 830 3396 κτήσει
859 3323 1065 3377 τούτων
1098 3324 1206 3376 τῶν
1239 3323 1482 3392 ἀγαθῶν,
1517 3323 1550 3393 ἢ
1580 3322 1641 3387 ἐξ
1675 3322 1822 3399 ίδίων

214 3419 676 3492 κατορθωμάτων
703 3417 875 3470 ταῦτα
905 3416 1194 3486 ἐλάϐομεν,
1226 3417 1362 3472 ἀλλὰ
1393 3416 1579 3486 χάριτι
1609 3397 1704 3468 καὶ
1733 3433 1820 3485 φι-

212 3511 546 3585 λανθρωπία
575 3508 742 3577 Θεοῦ,
776 3509 1118 3580 τηλικούτων
1149 3507 1374 3577 ἀγαθῶν
1405 3506 1745 3578 ἠξιώθημεν.

287 3692 459 3748 Κατὰ
495 3689 826 3747 Ματθαῖον.
865 3690 1145 3760 Τέσσαρες
1187 3689 1285 3759 μέν
1320 3689 1458 3741 εἰσιν
1506 3689 1557 3741 οἱ
1595 3689 1827 3757 εὐαγγε-

217 3787 406 3842 λισταί
431 3803 446 3818 ·
481 3785 693 3840 τούτων
726 3784 782 3837 δὲ
815 3786 863 3836 οἱ
901 3783 1002 3853 μὲν
1033 3783 1157 3846 δύο,
1193 3782 1473 3846 Ματθαῖος
1513 3783 1607 3838 καὶ
1645 3782 1826 3836 Ἰωάν-

217 3896 340 3951 νης,
371 3875 519 3952 ἦσαν
547 3881 611 3932 ἐκ
637 3877 730 3930 τοῦ
763 3877 927 3948 χοροῦ
955 3876 1063 3929 τῶν
1089 3875 1321 3931 δώδεκα.
1353 3876 1418 3928 Οἱ
1446 3875 1502 3929 δὲ
1529 3873 1642 3940 δύο,
1669 3873 1828 3945 Μάρ-

219 3988 316 4036 κος
348 3972 502 4043 φημὶ
535 3972 632 4024 καὶ
661 3971 900 4037 Λουκᾶς,
934 3970 1000 4022 ἐκ
1029 3969 1137 4023 τῶν
1169 3963 1689 4039 ἐ66ομήκοντα.”Ην
1715 3969 1772 4023 δὲ
1802 3969 1830 4020 ὁ

221 4064 323 4135 μὲν
359 4063 598 4135 Μάρκος
635 4063 927 4125 ἀκόλουθος
962 4064 1057 4116 καὶ
1098 4063 1347 4132 μαθητὴς
1390 4062 1598 4134 Πέτρου
1626 4080 1638 4095 ·
1707 4062 1736 4115 ὁ
1772 4061 1830 4115 δὲ

219 4155 473 4220 Λουκᾶς,
509 4153 747 4209 Παύλου.
779 4155 845 4208 '0
872 4154 1052 4208 τοίνυν
1083 4154 1367 4218 Mareade;
1388 4195 1402 4220 ,
1437 4154 1656 4226 πρῶτος
1689 4155 1828 4209 πάν-

217 4263 329 4301 των
355 4247 574 4318 ἔγραψε
601 4247 660 4298 τὸ
696 4246 1030 4316 Εὑαγγέλιον
1056 4246 1296 4316 Ἐϐραΐδι
1325 4249 1478 4318 φωνῇ
1503 4288 1519 4313 ,
1544 4247 1680 4319 πρὸς
1705 4249 1831 4312 τοὺς

220 4339 282 4404 ἐξ
314 4338 601 4408 Ἐϐραίων
637 4336 1064 4402 πιστεύσαντας,
1107 4339 1245 4409 μετὰ
1284 4339 1428 4392 ὀκτὼ
1467 4339 1564 4410 ἐτη
1602 4343 1702 4409 τῆς
1738 4341 1832 4394 τοῦ

218 4430 470 4502 Χριστοῦ
509 4429 831 4501 ἀναλήψεως
859 4447 873 4462 '
914 4431 1221 4501 μετέφρασε
1258 4432 1351 4486 καὶ
1383 4432 1542 4486 τοῦτο
1578 4433 1835 4505 Ἰωάννης

1930 3232 2068 3287 ﬁlios
2101 3231 2217 3285 Dei.
2257 3231 2485 3286 Nuntiat
2513 3240 2721 3291 autem,
2753 3231 2899 3299 quod
2939 3229 3098 3284 facile
3131 3238 3184 3282 et
3211 3228 3381 3298 gratis
3411 3225 3421 3278 l
3446 3239 3528 3280 at:

1928 3326 2261 3397 accepimus,
2291 3339 2463 3394 neque
2500 3333 2687 3380 nostro
2726 3324 2914 3378 labore
2949 3323 3180 3378 assecuti
3211 3324 3384 3376 simus
3417 3322 3534 3374 ιιωε

1930 3420 2092 3483 bona,
2123 3433 2300 3486 neque
2325 3431 2388 3472 ea
2421 3431 2486 3471 ex
2521 3416 2722 3470 neStris
2779 3415 3156 3483 acceperimus
3211 3414 3367 3468 bonis
3395 3429 3532 3479 epe-

1929 3512 2102 3579 ribus,
2133 3512 2229 3567 sed
2267 3511 2440 3582 gratia
2502 3520 2557 3566 et
2605 3510 2983 3565 misericordia
3049 3508 3142 3563 Dei
3201 3508 3328 3561 talia
3400 3507 3538 3560 bona

1930 3605 2210 3660 consecuti
2245 3604 2438 3659 simus.

2003 3697 2299 3752 Secundum
2337 3696 2670 3751 Matthmnm.
2712 3695 2957 3763 Quatuor
2999 3709 3122 3750 sunt
3171 3695 3539 3766 evangelistte,

1932 3806 2164 3860 quorum
2195 3792 2327 3854 duo,
2361 3789 2652 3845 Mattlncus
2691 3800 2744 3844 et
2791 3788 3055 3852 Joannes,
3102 3806 3165 3843 ex
3217 3802 3447 3843 numero
3491 3798 3548 3841 et

1933 3887 2103 3941 choro
2160 3885 2444 3941 duodecim
2494 3894 2668 3938 sunt:
2712 3886 2800 3938 alii
2863 3900 2992 3937 vero
3053 3887 3183 3945 duo,
3224 3883 3439 3936 Marcus
3492 3892 3547 3934 et

1937 3979 2128 4043 Lucas,
2161 3992 2224 4033 ex
2250 3979 2616 4049 septuaginta.
2653 3977 2786 4032 Erat
2821 3988 3002 4032 autent
3045 3977 3272 4032 Marcus
3304 3975 3546 4043 discipu-

1939 4074 2023 4127 lus
2057 4083 2114 4127 et
2147 4086 2330 4126 comes
2367 4071 2537 4137 Petri,
2584 4070 2760 4126 Lucas
2813 4087 2943 4125 vero
2981 4070 3149 4125 l‘auli.
3196 4069 3365 4138 Igitur
3414 4067 3547 4122 Mat-
3635 4101 3644 4106 -

1939 4166 2110 4220 tltaeus
2131 4164 2373 4219 omnium
2405 4163 2612 4234 primus
2635 4165 2858 4233 scripsit
2886 4162 3239 4234 Evangeiium
3274 4160 3548 4215 llcbraico

1941 4259 2196 4313 idiomate
2222 4259 2288 4312 ad
2317 4274 2411 4314 eos
2440 4258 2533 4327 qui
2597 4272 2662 4312 ex
2717 4257 2962 4312 Hehrrcis
3002 4256 3373 4318 crediderant,
3426 4269 3550 4308 ouo

1941 4352 2099 4405 annis
2133 4362 2254 4421 post
2310 4361 2645 4420 assumptum
2688 4350 2740 4405 in
2789 4349 2956 4405 caelos
3015 4349 3319 4403 Christum.
3378 4345 3549 4401 Porro

1943 4443 2179 4498 Joannes
2213 4443 2315 4498 hoc
2367 4459 2433 4498 ex
2496 4442 2764 4498 llebraica
2822 4442 3006 4511 lingua
3060 4441 3112 4493 in
3168 4438 3439 4500 Graecam,
3493 4445 3551 4489 ut

221 4524 334 4576 ἀπὸ
375 4524 486 4593 τῆς
522 4522 806 4594 Ἐϐραῖδος
853 4523 1106 4593 γλώττης
1152 4525 1231 4588 είς
1278 4523 1376 4594 τὴν
1413 4523 1716 4596 Ἑλληνίδα,
1764 4525 1810 4578 ὡ

1951 4533 2155 4596 ferunt,
2186 4534 2580 4603 interpretatus
2612 4544 2714 4588 est.
2748 4531 2818 4586 At
2843 4531 3059 4586 Marcus
3088 4541 3210 4600 post
3238 4529 3426 4584 decem
3451 4544 3552 4580 an-

225 4618 486 4684 λέγουσι.
524 4616 753 4687 Μάρκος
787 4616 842 4668 δὲ
864 4655 878 4679 ,
916 4617 1056 4685 μετὰ
1089 4616 1224 4669 δέκα
1256 4615 1354 4686 ἔτη
1384 4619 1483 4688 τῆς
1517 4617 1840 4688 ἀναλήψεως

224 4709 474 4781 ἔγραψε,
535 4711 687 4780 παρᾶ
731 4711 824 4763 τοῦ
877 4711 1087 4781 Πέτρου
1134 4710 1428 4781 διδαχθείς.
1481 4712 1698 4774 Λουκᾶς
1749 4711 1838 4775 δέ,

227 4806 372 4874 μετα
414 4803 839 4858 πεντεκαίδεκα.
881 4803 1134 4874 Ἰωάννης
1173 4803 1230 4857 δὲ
1270 4806 1297 4856 ὁ
1340 4804 1801 4874 θεολογικώτατος
1825 4847 1838 4871 ,

227 4900 372 4970 μετὰ
398 4899 710 4969 τριάκοντα
737 4897 832 4950 δύο
852 4915 864 4928 ·
899 4898 1117 4966 λέγουσι
1149 4898 1256 4967 γὰρ
1284 4899 1365 4951 ὅτι
1400 4896 1538 4969 μετὰ
1563 4898 1655 4952 τὸν
1679 4897 1842 4952 θάνα-

223 5009 316 5045 τον
352 4991 596 5047 ἐκείνων
630 4991 957 5064 ἐπιζήσαντι
996 4993 1147 5062 αὐτῷ
1170 5033 1184 5056 ,
1221 4993 1572 5065 προσηνέχθη
1610 4992 1677 5045 τὰ
1710 4993 1840 5064 τρία

228 5083 578 5153 Εὖαγγέλια,
615 5084 704 5137 ἵνα
739 5086 826 5158 ἴδῃ
864 5085 1005 5139 αὐτὰ
1036 5086 1130 5139 καὶ
1167 5087 1349 5158 κρίνῃ,
1386 5087 1433 5140 εἰ
1468 5087 1686 5157 ἀληθῶς
1718 5104 1836 5142 συν·

228 5179 573 5249 εγράφησαν
595 5194 608 5208 ⁸
642 5180 670 5231 ὁ
697 5178 752 5232 δὲ
784 5179 1040 5248 Ἰωάννης
1078 5179 1203 5233 ἰδὼν
1237 5180 1398 5244 αὐτὰ,
1461 5181 1556 5234 καὶ⁸
1586 5182 1681 5251 τῆς
1713 5181 1845 5254 ἀλη-

231 5271 386 5337 θείας
418 5272 593 5346 χάριν
625 5271 1199 5343 ὑπεραποδεξόιμενος,
1233 5274 1332 5325 ὅσα
1363 5275 1562 5326 ἐκεῖνοι
1589 5275 1848 5345 παρέλει-

229 5367 342 5435 ψαν
364 5407 381 5434 ,
434 5366 612 5430 αὐτὸς
662 5366 1074 5437 ἀνεπλήρωσεν.
1101 5369 1240 5420 Ὅσα
1265 5384 1320 5418 τε
1356 5369 1639 5438 συντόμως
1689 5365 1847 5423 εἷπον

312 5531 324 5560 ¹
354 5528 559 5582 Matth.
599 5542 652 5591 κ,
683 5526 772 5579 28.

855 5529 870 5557 ⁸
905 5528 1035 5581 lliid.
1074 5528 1152 5579 lti.
1235 5527 1252 5557 ³
1287 5525 1479 5581 Matth.
1512 5543 1605 5589 ut.
1648 5530 1729 5582 l2.

313 5689 394 5759 (a)
453 5686 602 5741 Eolil.
654 5685 778 5739 Lnl.
823 5687 964 5752 Quia
1009 5690 1225 5742 tetidem
1275 5699 1395 5743 sunt
1441 5690 1856 5759 ntuudt’purtes.

241 5774 287 5815 rt
333 5762 632 5819 Culumttw,
670 5761 850 5810 mumli
888 5770 1061 5813 autem
1100 5773 1332 5826 quatuor
1371 5764 1557 5828 plagas
1591 5758 1855 5823 habentis,

243 5842 484 5904 quatuor
555 5846 763 5899 quoque
810 5848 919 5884 εκ
982 5831 1253 5885 columnas
1317 5834 1551 5897 (Irrubat,
1601 5832 1851 5908 nimiunn

1951 4640 2050 4679 nos
2070 4622 2582 4693 assutnpliChristi,
2611 4639 2676 4677 ex
2702 4638 2798 4678 ore
2832 4622 2980 4676 Petri
3009 4624 3257 4686 edoctus,
3292 4619 3550 4686 scripsit:

1951 4718 2126 4774 Lucas
2150 4729 2328 4773 autem
2356 4728 2477 4788 post
2504 4734 2572 4772 xv
2600 4733 2794 4772 annos.
2834 4717 3077 4787 Denique
3101 4713 3343 4770 Joannes
3368 4715 3550 4767 Theo-

1953 4811 2108 4883 logus
2147 4821 2268 4884 post
2307 4812 2529 4884 triginta
2554 4811 2692 4868 duos
2712 4809 3383 4871 annos.llel'eruntenitn,
3407 4805 3554 4876 quod

1953 4904 2028 4958 illi
2058 4913 2182 4972 post
2205 4914 2433 4959 mortem
2463 4906 2680 4960 illorum
2706 4906 2986 4974 superstiti
3020 4903 3182 4957 allata
3214 4902 3413 4957 fuerint
3452 4901 3556 4954 tria

1955 4996 2265 5065 Evangelia,
2303 5007 2358 5050 ttt
2397 4997 2606 5054 videret
2633 5013 2695 5052 ea
2736 5007 2900 5067 atque
2933 4997 3230 5066 iudicaret,
3287 5012 3416 5050 nunt
3470 4994 3558 5048 illa

1958 5107 2085 5147 vere
2117 5091 2424 5161 conscripta
2482 5092 2734 5147 fuissent.
2779 5090 3019 5148 Joannes
3045 5102 3258 5155 autem,
3281 5105 3404 5144 cum
3444 5088 3558 5143 Ιιωιι

1961 5186 2202 5253 vidisset,
2249 5195 2309 5239 ut
2351 5197 2468 5240 erat
2499 5186 2818 5254 ampliorem
2851 5185 3100 5240 veritatis
3127 5183 3361 5253 gtatiant
3395 5182 3559 5236 sorti-

1963 5287 2068 5344 tus,
2124 5276 2436 5344 adimplevit
2475 5291 2830 5347 quaecumque
2889 5277 2956 5330 ab
3012 5275 3132 5329 aliis
3175 5274 3560 5342 'prmtermissa

1963 5371 2199 5439 fuerant,
2235 5383 2284 5426 et
2320 5389 2438 5441 quae
2462 5373 2793 5428 succinctius
2815 5371 2904 5425 alii
2936 5371 3211 5433 dixerant,
3240 5370 3354 5438 ipse
3390 5368 3562 5422 iusius

1813 5531 1830 5560 ³
1868 5529 2054 5583 Matth.
2089 5547 2139 5593 ν,
2174 5530 2265 5584 28.

3394 5688 3564 5744 Slcri-

1967 5690 2010 5743 0
2022 5694 2239 5747 rientem
2274 5735 2286 5758 ,

1965 5765 2122 5818 dicm.

2353 5693 2725 5755 Occidentem,
2800 5693 3216 5760 Septentrionem
3272 5703 3316 5743 et
