4098 6330
595 359 690 424 ll?

1465 337 2050 405 THEOPHYLAC’I‘I
2091 336 2504 400 BULGARLE
2541 335 2900 398 ARCHIEP.

3734 328 3840 395 148

585 466 638 539 3
672 467 724 520 in
756 475 854 518 suo
885 457 1178 530 Evangelio
1239 455 1478 510 tradidit.
1536 452 1803 521 Quocirca
1861 468 1890 506 a
1941 449 2149 507 sublimi

2264 449 2484 516 lxstvot,
2515 447 2679 510 αὐτὸς
2711 445 3009 503 ιπλάτυνεν
3039 444 3096 498 iv
3125 442 3204 516 τῷ
3237 444 3354 516 ἰδίῳ
3385 442 3723 515 Εὐαγγελίῳ.
3752 442 3847 497 se

585 551 1096 626 theold‘gia’initium
1131 550 1295 616 fecit;
1326 547 1591 617 siquidem
1632 546 1776 601 enim
1810 545 1900 599 alii
1951 544 2149 598 nullam

585 648 828 704 fecerant
868 646 1192 700 mentionem
1250 642 1391 714 quod
1455 641 1692 696 Verbum
1754 639 1847 695 Dei
1885 639 2152 694 exstiterit

585 751 710 796 ante
759 739 975 804 smcula,
1009 738 1122 807 ipse
1145 738 1242 791 hac
1263 736 1331 790 de
1358 750 1416 790 re
1466 735 1648 789 divine
1707 733 1962 799 prodidit,
1999 740 2050 785 ut
2083 745 2152 786 ne

586 848 804 910 putetur
828 834 1060 890 Verbum
1090 834 1181 887 Dei
1213 847 1380 901 pttrus
1406 831 1587 898 homo,
1625 829 1727 884 hoc
1789 838 1892 892 est,
1948 827 2151 897 absque

587 928 785 984 tleitate
840 939 984 981 esse.
1039 923 1322 978 Mattheus
1371 921 1511 976 enim
1571 920 1638 973 de
1688 918 1798 973 sola
1847 917 2149 972 substantia

586 1017 789 1074 Christi
818 1017 868 1070 in
916 1029 1083 1070 carne
1116 1015 1390 1068 disserens
1417 1013 1482 1066 ad
1542 1009 1796 1065 Hebraeos
1857 1009 2148 1075 scribebat,

540 1115 546 1119 '
582 1108 778 1178 quibus
817 1106 1111 1163 sumciebat
1137 1106 1343 1162 discere
1372 1105 1511 1171 quod
1529 1118 1594 1158 ex
1613 1101 1880 1157 Abraham
1905 1111 1958 1155 et
1980 1099 2149 1155 David

585 1209 745 1255 natus
767 1209 914 1254 esset
940 1197 1207 1254 Christus.
1231 1197 1362 1251 Nam
1383 1197 1472 1266 qui
1497 1209 1560 1249 ex
1583 1193 1821 1248 Hebraeis
1833 1192 2146 1260 crediderit,

581 1301 865 1347 contentus
915 1299 1019 1354 est,
1053 1291 1097 1345 si
1135 1289 1333 1344 certior
1359 1287 1449 1342 ﬂat
1482 1301 1545 1341 ex
1581 1285 1853 1340 Abraham
1885 1294 1938 1338 et
1982 1283 2148 1339 David

584 1392 768 1458 natum
805 1391 950 1436 esset
972 1379 1272 1436 Christum.
1302 1379 1540 1444 Atenim,
1565 1377 1820 1446 numquid
1853 1375 2149 1431 sulliciebat

584 1488 726 1530 unus
755 1473 1080 1543 evangelista
1109 1473 1131 1526 τ
1160 1472 1323 1536 Audi,
1357 1471 1652 1527 suﬁiciebat
1681 1469 1917 1539 quidem,
1952 1468 2046 1525 sed
2087 1476 2148 1523 ut

585 1563 803 1619 uberius
836 1565 1040 1619 veritas
1077 1573 1491 1628 monstraretur,
1527 1572 1762 1632 quatuor
1806 1562 2148 1616 conscribere

580 1657 832 1725 permissi
880 1665 1027 1712 sunt.
1050 1655 1181 1710 Nam
1212 1671 1332 1710 cum
1388 1655 1586 1710 videris
1638 1657 1735 1711 bos
1769 1664 2021 1725 quatuor,
2053 1654 2144 1724 qui

582 1762 691 1802 non
721 1748 772 1802 in
797 1764 960 1803 unum
977 1749 1151 1803 locum
1174 1756 1562 1814 convenerunt,
1587 1759 1762 1816 neque
1786 1747 2146 1802 consederunt

2258 540 2352 596 καὶ
2391 539 2499 594 ἀπὸ
2541 539 2820 608 θεολογίας
2857 538 3084 611 ἤρξατο.
3122 536 3276 592 Ἐπεὶ
3315 537 3424 610 γὰρ
3463 539 3512 590 οἱ
3551 537 3703 592 ἄλλοι
3744 535 3846 591 οὐκ

2257 635 2616 706 ιμνήσθησαν
2638 635 2739 705 τῆς
2771 635 2877 706 πρὸ
2898 633 3111 690 αίώνων
3136 631 3424 704 ὑπάρξεως
3449 630 3544 684 τοῦ
3573 630 3711 685 Θεοῦ
3742 631 3846 686 A6-

2257 743 2376 798 γου,
2401 725 2560 790 αὐτὸς
2588 726 2911 797 ὲθεολόγησε
2933 726 3063 797 περὶ
3090 724 3316 796 ταύτης,
3344 725 3431 778 ῐνα
3457 725 3531 795 μὴ
3557 724 3846 796 νομισθείη

2256 823 2285 875 6
2321 819 2415 874 τοῦ
2456 818 2590 873 Θεοῦ
2635 820 2830 887 Λόγος,
2868 817 3021 887 ψιλὸς
3059 816 3350 888 ἄνθρωπος
3389 813 3550 882 εἶναι,
3592 817 3844 871 τουτέστι

2255 913 2376 985 δίχα
2410 912 2681 983 θεότητος.
2741 909 3019 973 Ματθαῖος
3046 910 3155 979 γὰρ
3187 911 3315 982 περὶ
3347 909 3445 979 τῆς
3477 909 3619 963 κατὰ
3658 909 3843 982 σάρκα

2259 1011 2429 1082 μόνης
2466 1008 2756 1078 ὑπάρξεως
2784 1008 2880 1062 τοῦ
2913 1005 3152 1079 Χριστοῦ
3182 1006 3493 1075 διαλέγεται
3519 1022 3532 1036 ο
3567 1005 3704 1077 προς
3734 1006 3844 1077 γὰρ

2266 1103 2552 1174 Ἐϐραίους
2595 1103 2856 1174 ἔγραφεν,
2902 1095 2986 1165 οἷς
3032 1099 3264 1171 ἀρκετὸν
3305 1095 3374 1170 ἦν
3419 1099 3478 1152 τὸ
3523 1099 3716 1170 μαθεῖν
3759 1099 3842 1153 ὅτι

2255 1197 2365 1250 ἀπὸ
2401 1194 2652 1268 ’Δσραὰμ
2687 1196 2783 1249 καὶ
2819 1194 2985 1248 Δαυϊδ
3022 1192 3287 1263 ἐγεννήθη
3326 1192 3354 1246 6
3393 1191 3649 1262 Χριστός.
3687 1193 3843 1246 Ἀνα-

2256 1290 2502 1344 παύεται·
2521 1289 2630 1360 γὰρ
2655 1289 2683 1341 6
2712 1285 2771 1353 ἐξ
2805 1285 3075 1359 Ἐσραίων
3103 1285 3435 1352 πιστεύσας,
3468 1285 3599 1338 ὅταν
3630 1286 3840 1355 πληρο-

2255 1379 2466 1452 φορηθῇ
2498 1381 2578 1434 ὅτι
2614 1378 2722 1433 ἀπὸ
2750 1364 2915 1430 Δαυϊδ
2949 1378 3100 1432 ἑστιν
3128 1379 3156 1431 6
3188 1373 3423 1447 Χριστός
3450 1394 3463 1407 ο
3497 1375 3632 1429 ἀλλὰ
3662 1374 3843 1443 λέγεις

2257 1492 2368 1546 μοι,
2395 1475 2497 1538 ὅτι,
2525 1473 2623 1527 οὐκ
2649 1473 2810 1544 ἤρκει
2851 1467 2929 1534 εἷς
2960 1471 3388 1541 εὐαγγελιστὴςς
3411 1471 3611 1524 Ἀκουε
3637 1469 3839 1534 τοίνυν,

2252 1568 2332 1620 ὅτι
2359 1568 2521 1638 ἤρκει
2555 1566 2674 1636 μὲν,
2702 1565 2818 1619 ἀλλ’
2841 1565 2928 1618 ἳνα
2955 1565 3142 1637 δειχθῇ
3178 1564 3377 1635 μᾶλλον
3401 1566 3433 1633 ἡ
3466 1562 3718 1634 ἀλήθεια,
3747 1563 3836 1616 διὰ

2251 1659 2408 1712 τοῦτο
2448 1657 2712 1729 τέσσαρες
2753 1655 3206 1728 συνεχωρήθησαν
3245 1655 3470 1725 γράψαι.
3521 1655 3690 1708 Ὅταν
3734 1654 3841 1724 γὰρ

2255 1749 2369 1823 ἴδῃς
2402 1749 2625 1812 τούτους
2659 1749 2785 1812 τοὺς
2821 1745 3126 1818 τέσσαρας,
3165 1749 3242 1818 μὴ
3279 1746 3664 1812 συνελθόντας,
3707 1745 3842 1817 μηδὲ

587 1839 766 1906 simul,
795 1840 915 1894 aliis
941 1848 997 1894 et
1012 1839 1133 1894 aliis
1159 1839 1210 1893 in
1229 1838 1363 1894 locis
1389 1839 1550 1892 vitam
1570 1837 1768 1906 egisse,
1791 1844 1843 1892 et
1861 1836 1925 1892 de
1948 1837 2148 1892 eisdem

2255 1816 2702 1911 συγκαθίσαντας
2748 1816 3019 1905 ἀλλήλοις,
3063 1816 3359 1892 ἀλλθᾶλλον
3407 1836 3640 1905 ἀλλαχοῦ
3686 1816 3839 1901 θντα,

590 1933 752 1988 rebus
785 1932 937 1999 quasi
969 1947 1034 1986 ex
1069 1946 1178 1987 uno
1207 1946 1300 1985 ore
1327 1931 1627 1996 scripsisse,
1657 1945 1768 1987 non
1787 1929 2150 1985 admiraberis

583 2016 862 2087 Evangeiii
890 2018 1193 2080 veritatem,
1227 2018 1320 2072 sed
1364 2018 1642 2085 fateberis,
1674 2019 1818 2087 quod
1843 2034 1909 2074 ex
1945 2018 2166 2090 Spiritu-

582 2118 768 2164 sancto
799 2109 961 2163 locuti
999 2109 1215 2164 fuerint.
1255 2109 1318 2164 Et
1345 2125 1412 2164 ne
1453 2099 1794 2168 mihi'dicas
1853 2113 1993 2182 quod
2044 2129 2149 2168 non

580 2211 879 2257 consonent
918 2202 969 2256 in
1002 2201 1274 2258 omnibus.
1309 2203 1442 2258 Vide
1458 2205 1622 2271 enim,
1659 2205 1709 2258 in
1734 2205 1932 2274 quibus
1961 2204 2150 2261 disso—

582 2303 713 2350 nent
743 2311 756 2349 :
785 2311 912 2350 num
949 2296 1038 2351 ille
1073 2296 1226 2359 dixit,
1257 2295 1426 2352 Natus
1449 2306 1530 2352 est
1568 2296 1838 2364 Christus,
1883 2299 2022 2353 alius
2055 2315 2149 2354 au-

586 2399 693 2442 tem
719 2385 870 2454 dicit,
909 2389 1058 2444 non?
1083 2391 1187 2442 Aut
1209 2390 1345 2444 alius
1364 2391 1575 2458 quidem
1607 2391 1747 2461 quod
1769 2393 2148 2459 resurrexerit,

585 2480 719 2534 alius
751 2495 907 2544 vero,
937 2483 1086 2536 non?
1109 2482 1282 2536 Absit.
1317 2481 1623 2537 Concordes
1652 2484 1793 2538 cnim
1824 2495 1949 2538 sunt
1977 2485 2031 2538 in
2067 2485 2150 2541 his

581 2583 704 2641 qum
757 2572 928 2644 magis
971 2575 1273 2628 necessaria
1304 2584 1357 2628 ot
1416 2575 1704 2646 pra'cipua.
1777 2577 1944 2646 Igitur
1991 2578 2037 2632 si
2097 2578 2150 2631 in

581 2666 867 2734 praecipuis
896 2681 999 2721 non
1037 2677 1164 2721 sunt
1196 2666 1376 2732 divisi,
1415 2667 1544 2734 Quid
1577 2667 1817 2733 miraris,
1847 2669 1890 2723 si
1912 2669 1962 2722 in
1983 2668 2148 2722 minis

585 2758 686 2812 mis
713 2756 1002 2813 videantur
1020 2762 1228 2813 variare
1253 2760 1275 2812 7
1309 2773 1433 2813 nam
1465 2759 1565 2812 hac
1590 2759 1654 2814 de
1679 2774 1840 2814 causa
1869 2762 2010 2830 quod
2041 2775 2146 2814 non

583 2849 638 2902 in
679 2849 932 2904 omnibus
961 2859 1282 2914 consonant,
1309 2849 1480 2920 magis
1499 2865 1626 2904 vera
1651 2851 1976 2921 loquuntur:
2005 2850 2149 2904 alio-

585 2939 676 3009 qui
709 2942 942 3010 suspecti
979 2941 1158 2996 haberi
1192 2943 1514 3012 potuissent,
1566 2944 1707 3012 quod
1759 2959 1863 2998 non
1917 2945 2056 3000 inter
2092 2960 2150 3000 se

583 3032 978 3096 eortsedissent,
1008 3043 1060 3086 et
1092 3033 1278 3089 habito
1309 3034 1535 3088 consilio
1561 3047 1744 3090 mutuo
1762 3036 2106 3104 scripsissent
2132 3053 2146 3089 :

2253 1933 2373 1990 εἷτα
2401 1935 2719 2005 γράψαντας
2747 1932 2874 2005 περὶ
2903 1933 3008 1987 τῶν
3034 1932 3214 1986 αὐτῶν
3239 1930 3429 2002 ὥσπερ
3458 1931 3551 1999 ἀφ’
3572 1930 3691 1994 ἑνὸς
3723 1933 3843 1983 στό-

2256 2021 2462 2098 ματος,
2483 2028 2584 2081 οὐκ
2620 2027 2687 2080 ἂν
2721 2025 3031 2095 θαυμάσαις
3066 2023 3167 2094 τὴν
3201 2019 3296 2076 τοῦ
3336 2021 3670 2091 Εὑαγγελίου
3707 2020 3839 2092 ἀλήο

2253 2120 2423 2182 θειαν,
2455 2119 2551 2173 καὶ
2579 2121 2756 2180 εἴποις
2785 2118 2860 2182 ὼς
2892 2120 2958 2170 ἐκ
2993 2116 3309 2186 Πνεύματος
3344 2115 3498 2182 ἁγίου
3531 2113 3836 2183 ὲλάλησανς

2253 2212 2346 2264 καὶ
2381 2211 2454 2280 μή
2495 2227 2585 2276 μοι
2620 2209 2745 2276 λέγε
2779 2210 2862 2262 δτι
2892 2209 2992 2278 οὐχ
3021 2205 3398 2277 όμοφωνοῦσιν
3430 2206 3488 2258 ὲν
3523 2207 3691 2258 πᾶσιν
3715 2219 3727 2234 ·
3761 2203 3838 2256 ἴδε

2253 2304 2360 2374 γὰρ
2393 2305 2450 2356 ὲν
2478 2303 2618 2355 τίσιν
2645 2302 2746 2370 οὐχ
2774 2299 3175 2371 ὁμοφωνοῦσιν.
3211 2293 3358 2368 Ἀρα
3387 2299 3414 2350 6
3445 2297 3546 2367 μὲν
3575 2291 3729 2348 εἶπεν
3756 2296 3840 2348 ὃτι

2253 2393 2515 2464 ἐγεννήθη
2537 2395 2565 2446 6
2596 2392 2850 2464 Χριστὸς,
2883 2393 2910 2443 6
2941 2391 2996 2444 δὲ
3028 2391 3171 2459 λέγει
3205 2391 3286 2443 ὅτι
3316 2387 3409 2455 ob;
3445 2390 3516 2442 Ἦ
3547 2390 3575 2441 6
3611 2389 3727 2459 μὲν,
3758 2388 3842 2443 ὅτι

2252 2489 2473 2558 ἀνέστη,
2507 2490 2535 2541 6
2566 2487 2643 2552 δὲ,
2673 2488 2752 2540 ὅτι
2783 2485 2879 2550 ob;
2911 2483 3002 2555 Μὴ
3036 2484 3268 2552 γένοιτο.
3306 2480 3396 2534 Ἐν
3427 2482 3536 2550 γὰρ
3566 2483 3676 2543 τοῖς
3710 2481 3845 2534 ἀνα-

2253 2580 2592 2650 γκαιοτέροις
2629 2579 2722 2634 καὶ
2755 2577 3108 2648 κυριωτέροις
3139 2574 3536 2647 όμοφωνοῦσιν.
3570 2576 3629 2629 El
3658 2575 3840 2630 τοίνυν

2253 2672 2312 2724 ὲν
2335 2673 2446 2734 τοῖς
2473 2670 2829 2740 κυριωτέροις
2851 2669 2911 2722 οὐ
2935 2668 3316 2738 διηνέχθησαν,
3343 2669 3392 2721 τί
3418 2668 3718 2740 θαυμάζεις
3743 2668 3838 2721 ἰὰν

2251 2766 2308 2816 ὲν
2341 2764 2450 2825 τοῖς
2489 2761 2790 2830 ἔλαχίστοις
2825 2761 3023 2814 δοκῶσι
3061 2760 3426 2826 διαλλάττειν;
3461 2762 3538 2813 Δι’
3567 2759 3698 2814 αὐτὸ
3731 2759 3839 2830 γὰρ

2251 2855 2408 2909 τοῦτο
2444 2855 2643 2925 μᾶλλον
2670 2854 3053 2924 ἀληθεύουσιν,
3081 2853 3164 2907 ὅτι
3198 2853 3274 2926 μὴ
3306 2853 3447 2906 κατὰ
3478 2853 3656 2906 πάντα
3686 2852 3838 2922 dipo-

2253 2945 2532 3016 φώνησαν.
2571 2945 2966 3015 Ἐνομίσθησαν
3005 2945 3114 3014 γὰρ
3155 2944 3242 3008 ἂν,
3288 2945 3370 2997 ὅτι
3411 2942 3840 3010 συγκαθίσαντες

2250 3038 2501 3108 ἀλλήλοις
2532 3037 2628 3092 καὶ
2686 3036 3223 3107 συμϐουλευσάμενοι
3263 3034 3510 3106 ἔγραψαν
3529 3051 3542 3063 ·
3575 3033 3668 3086 νῦν
3696 3031 3782 3098 δὲ,
3810 3030 3839 3084 6

583 3135 727 3176 nunc
761 3131 939 3177 autem
972 3137 1094 3178 cum
1130 3121 1271 3193 quod
1295 3123 1645 3194 praetermisit
1671 3125 1778 3190 hic,
1798 3125 2015 3193 scripsit
2039 3125 2148 3193 ille,

2254 3129 2579 3199 παρέλειψεν
2606 3123 2782 3195 οὗτος,
2811 3127 3047 3198 ἔγραψεν
3072 3129 3302 3193 ἐκεῖνος,
3331 3127 3427 3181 καὶ
3455 3125 3545 3178 διὰ
3571 3124 3727 3177 τοῦτο
3753 3123 3837 3176 δον

581 3213 697 3268 haac
731 3213 844 3268 sola
870 3226 954 3268 est
1002 3229 1162 3270 causa
1220 3230 1386 3284 quare
1445 3215 1497 3268 in
1559 3213 1878 3285 quibusdam
1938 3218 2149 3273 variare

2254 3221 2440 3278 κοῦσιν
2461 3225 2518 3277 ὲν
2538 3221 3005 3277 τισὶδιαλλάττειν
3025 3236 3038 3248 ·
3067 3220 3162 3275 καὶ
3186 3220 3358 3276 ταῦτα
3386 3219 3484 3290 μὲν
3505 3217 3698 3283 οὕτως.
3717 3217 3767 3270 Ἀ
3783 3231 3838 3288 ρ-

583 3305 886 3358 videantur.
924 3304 990 3359 Et
1035 3302 1149 3359 haec
1172 3304 1386 3373 quidem
1415 3304 1492 3360 sic
1517 3320 1574 3361 se
1593 3305 1809 3362 habent.
1838 3303 1947 3363 Nos
1970 3315 2150 3361 autem

581 3395 774 3451 seriem
815 3403 1098 3451 contextus
1129 3397 1522 3467 aggrediamur.

1213 3531 1444 3588 CAPUT
1475 3533 1516 3588 l.

1002 3646 1079 3702 De
1107 3647 1409 3718 genealogia
1441 3648 1660 3704 Christi.

654 3757 816 3815 Vens.
855 3759 905 3814 Ι.
942 3778 958 3810 ι
993 3757 1153 3814 Liber
1179 3760 1566 3829 generationis.
1616 3779 1635 3812 ι
1667 3759 1838 3827 Quam
1898 3763 1968 3818 ob
2025 3779 2155 3818 cau-

585 3864 698 3902 sam
751 3864 854 3902 non
889 3849 1042 3916 dixit,
1079 3849 1237 3916 visio,
1270 3849 1349 3903 vel
1406 3865 1608 3917 sermo,
1666 3852 1810 3907 sicut
1882 3855 2153 3924 prolihetze

584 3937 675 4004 qui
710 3949 836 3990 suos
873 3937 1036 3991 libros
1059 3937 1136 3993 sic
1165 3939 1765 4008 inscripserunt?V’isio
1813 3957 1973 4012 quam
2022 3943 2153 3999 vidit

586 4027 757 4083 lsaias
785 4028 826 4093 ⁵,
856 4039 930 4091 et,
966 4030 1157 4083 Sermo
1183 4031 1463 4100 quil‘actus
1488 4041 1574 4087 est
1605 4036 1670 4088 ad
1700 4033 1910 4091 lsaiam.
1943 4033 2151 4104 Quaeris

584 4131 638 4172 ut
675 4119 890 4173 discas?
918 4117 1200 4188 Propheta:
1236 4121 1596 4191 loquebantur
1621 4125 1687 4179 ad
1723 4125 1887 4182 duros
1908 4128 2069 4184 corde
2097 4138 2151 4184 et

579 4210 978 4276 inobedientes,
1005 4222 1060 4267 et
1089 4213 1208 4267 ideo.
1243 4213 1512 4282 dicebant,
1548 4217 1728 4272 divina
1761 4229 1844 4275 est
1886 4220 2044 4289 visio,
2096 4233 2153 4278 et

581 4318 760 4360 sermo
796 4315 876 4359 est
907 4320 972 4360 ex
1010 4305 1139 4372 Deo,
1170 4316 1227 4360 ut
1260 4307 1477 4363 timeret
1514 4310 1770 4379 p0pulus,
1807 4323 1983 4369 etnon
2017 4330 2149 4371 con-

583 4405 845 4452 temneret
873 4397 1037 4453 dicta.
1065 4398 1347 4455 Matthmus
1368 4409 1568 4470 autem,
1593 4417 1895 4462 sermonem
1919 4407 2150 4466 habebat

2255 3315 2474 3387 ξώμεθα
2502 3315 2557 3368 δὲ
2588 3315 2687 3386 ἥδη
2716 3315 2808 3368 τοῦ
2839 3314 3026 3384 ὕφους.

2861 3539 3111 3593 ιιΕΦΑΑ.
3155 3536 3232 3614 A'.

2537 3653 2676 3722 Περὶ
2711 3653 3102 3722 γενεαλογίας
3135 3651 3243 3706 τοῦ
3278 3650 3558 3721 Χριστοῦ.

2333 3789 2350 3820 ι
2382 3766 2573 3832 Βίϐλος
2598 3767 2885 3837 γενέσεως.
2923 3785 2940 3816 ι
2969 3765 3126 3828 Τίνος
3149 3765 3335 3818 ῐνικεν
3359 3764 3459 3818 ούκ
3484 3759 3659 3831 εἶπεν,
3706 3763 3835 3835 δρα-

2257 3876 2342 3924 σις
2373 3861 2602 3931 ῆλόγος,
2637 3859 2825 3930 ὥσπερ
2857 3860 2905 3912 οἱ
2938 3858 3215 3928 προφῆται
3241 3873 3255 3923 ;
3292 3856 3527 3911 Ἐκεῖνοι
3559 3857 3665 3927 γὰρ
3697 3857 3837 3910 οὕτω

2254 3952 2630 4022 προέγραφονο
2683 3951 2872 4021 ὅρασις
2901 3949 2969 4020 ῆν
2997 3945 3136 4002 εἶδεν
3159 3949 3408 4017 Ἡσαΐας,
3438 3950 3534 4003 καὶ
3564 3951 3592 4002 6
3620 3949 3779 4018 λόγος
3810 3950 3838 4002 6

2252 4046 2542 4114 γενόμενος
2584 4046 2721 4114 πρὸς
2757 4043 3004 4100 Ἡσαΐαν.
3053 4043 3211 4106 Τίνος
3255 4029 3463 4107 ἕνεκεν,
3505 4041 3687 4114 ζητεῖς
3733 4059 3836 4113 μα-

2253 4137 2392 4204 θεῖν;
2437 4135 2581 4188 Διότι
2629 4137 2677 4188 oi
2730 4135 2828 4205 μὲν
2873 4136 3151 4206 προφῆται
3199 4135 3333 4205 πρὸς
3379 4134 3837 4206 σκληροκαρδίους

2252 4227 2554 4295 διελέγοντο
2593 4228 2688 4280 καὶ
2729 4226 2995 4292 ἀπειθεῖς,
3041 4230 3138 4282 καὶ
3178 4227 3268 4282 διὰ
3305 4227 3463 4283 τοῦτο
3507 4227 3712 4296 ἔλεγον,
3758 4229 3837 4282 ὅτι

2253 4321 2442 4390 ὅρασίς
2479 4320 2595 4372 ὲστι
2637 4318 2789 4384 θεία,
2825 4320 2918 4372 καὶ
2950 4320 3032 4372 ὅτι
3069 4320 3224 4388 λόγος
3259 4320 3406 4373 ἐστὶν
3439 4321 3503 4374 ὲκ
3535 4319 3672 4373 θεοῦ
3701 4337 3715 4351 ’
3755 4319 3838 4373 ῐνα
3901 4315 3904 4317 “

2255 4411 2463 4482 φοϐηθῇ
2491 4413 2516 4464 ὁ
2543 4410 2671 4474 λαὸς
2687 4448 2710 4489 ,1
2731 4412 2825 4464 καὶ
2854 4411 2929 4482 μὴ
2957 4411 3342 4482 καταφρονῶσι
3371 4412 3477 4466 τῶν
3502 4411 3832 4483 λεγομένων.

585 4487 653 4541 ad
683 4489 953 4555 credulos,
1013 4503 1194 4561 gratos
1249 4503 1306 4549 et
1363 4495 1700 4560 obedientes,
1763 4515 1817 4555 et
1868 4513 2149 4573 propterea

2269 4503 2324 4557 '0
2354 4505 2408 4556 δὲ
2440 4487 2738 4566 Ματθαῐος,
2768 4503 2904 4574 πρὸς
2931 4503 3252 4574 ἀνθρώπους
3276 4500 3389 4576 εἶχε
3417 4505 3832 4568 πιστεύσαντας,

585 4579 717 4633 nihil
749 4579 854 4635 tale
887 4582 1154 4650 predixit,
1181 4586 1338 4653 quale
1378 4589 1670 4654 prephetac.
1700 4589 1922 4648 Possem
1971 4605 2149 4650 autem

2259 4596 2353 4648 καὶ
2391 4596 2739 4666 εὐγνώμονας
2773 4597 2870 4650 καὶ
2900 4597 3193 4661 εὐπειθεῖς.
3230 4598 3340 4652 Καὶ
3369 4598 3458 4652 διὰ
3490 4597 3648 4652 τοῦτο
3683 4597 3836 4652 οὐδὲν

582 4677 635 4762 et
653 4670 792 4724 aliud
816 4671 1016 4737 dicere,
1033 4675 1176 4743 quod
1195 4678 1468 4745 prephetae
1489 4692 1665 4736 mente
1686 4682 1938 4740 videbant
1958 4701 2149 4756 eaquze

2257 4688 2497 4742 τοιοῦτον
2522 4691 2802 4758 προεῖπεν,
2830 4684 2940 4742 οἷον
2962 4692 3012 4744 oi.
3039 4693 3352 4762 προφῆται·
3389 4692 3496 4762 ἔχω
3519 4692 3576 4745 δὲ
3602 4693 3694 4744 καὶ
3719 4692 3836 4745 ιτε-

581 4761 854 4828 videbant,
896 4763 1098 4833 Spiritu
1136 4775 1328 4822 sancto
1363 4771 1751 4840 appar-nionem
1807 4775 2056 4843 faciente,
2097 4788 2149 4834 et

2259 4781 2351 4854 ρόν
2382 4798 2436 4834 τι
2476 4783 2670 4844 εἰπεῖν,
2703 4782 2784 4836 ὅτι
2824 4784 2874 4837 oi
2917 4783 3018 4853 μὲν
3055 4761 3332 4854 προφῆται
3367 4761 3572 4855 νοητῶς
3611 4783 3836 4836 ἔϐλεπον

581 4863 866 4924 propterea
929 4857 1165 4914 visiones
1196 4861 1484 4918 vocabant.
1517 4863 1801 4923 Matthaeus
1829 4879 2008 4926 autem
2040 4887 2145 4929 non

581 4947 910 5015 mentaliter,
951 4958 1006 5004 et
1076 4966 1169 5020 per
1213 4954 1604 5022 apparitionem
1657 4958 1932 5021 Christum
1992 4963 2144 5030 vidit,

581 5039 674 5092 sed
718 5040 1073 5109 corporaliter
1101 5056 1223 5098 cum
1255 5058 1320 5099 eo
1352 5044 1471 5109 fuit,
1502 5056 1552 5100 et
1601 5045 1930 5105 sensibiliter
1978 5053 2152 5110 audiit

581 5147 730 5195 eum,
751 5132 939 5187 videns
955 5148 1076 5187 eum
1104 5134 1153 5188 in
1178 5150 1343 5190 carne
1371 5153 1386 5190 :
1413 5146 1466 5190 et
1483 5137 1685 5194 idcirco
1709 5155 1816 5194 non
1837 5141 1988 5211 dicit,
2012 5145 2146 5202 visio

584 5239 745 5292 quam
784 5223 838 5295 Α
872 5226 999 5290 vidi,
1035 5227 1134 5282 hoc
1158 5236 1262 5293 est,
1285 5229 1570 5298 apparitio,
1613 5232 1730 5298 sed,
1761 5251 1778 5284 ι
1801 5232 1962 5291 Liber
1982 5253 2148 5310 gene-

584 5315 813 5371 rationis
841 5313 989 5373 lesu.
1033 5334 1054 5372 ι
1097 5317 1304 5376 Nomen
1346 5319 1472 5376 Jesu
1504 5337 1608 5376 non
1635 5332 1716 5377 est
1746 5311 2015 5393 Graecum,
2053 5330 2147 5384 sed

583 5399 933 5470 chraicum,
958 5415 1011 5459 et
1038 5407 1450 5478 interpretatur,
1487 5408 1757 5467 Salvator.
1798 5412 1959 5470 Jesua
2005 5419 2148 5472 enim

583 5492 730 5548 salus
789 5497 931 5566 apud
990 5497 1244 5555 Hebrmos
1300 5502 1516 5557 dicitur.
1552 5522 1572 5556 ι
1616 5505 1837 5562 Christi.
1870 5527 1888 5561 ι
1947 5509 2148 5566 Christi

586 5584 903 5642 dicebantur
928 5603 1081 5661 reges
1111 5603 1166 5648 et
1187 5595 1520 5652 sacerdotes.
1565 5597 1964 5671 lnungebantur
2003 5606 2146 5660 enim

652 5793 677 5826 ⁸
702 5793 813 5852 Isa.
851 5816 906 5869 v,
924 5800 1013 5857 ει.

2255 4873 2398 4944 ἅπερ
2441 4873 2704 4939 ἐόλεπον,
2749 4877 3152 4946 φανταζόμενοι
3190 4876 3368 4930 ταῦτα
3413 4876 3502 4930 διὰ
3539 4875 3633 4930 τοῦ
3677 4875 3833 4944 ἁγίου

2253 4965 2570 5037 Πνεύματος
2593 4983 2606 4997 ·
2637 4968 2717 5022 διὸ
2741 4969 2834 5022 καὶ
2855 4968 3073 5040 ὁράσεις
3099 4967 3269 5022 ταῦτα
3297 4968 3482 5038 ελεγον
3506 4985 3518 4999 ο
3545 4971 3574 5021 6
3597 4967 3653 5021 δὲ
3681 4967 3835 5021 Ματ-

2253 5057 2424 5122 θαῖος,
2465 5057 2524 5109 οὑ
2569 5058 2774 5128 νοητῶς
2813 5054 2920 5112 εἶδε
2961 5058 3052 5112 τὶν
3092 5058 3348 5130 Χριστὸν,
3387 5058 3478 5112 καὶ
3521 5056 3832 5128 ὲφαντάσθη

2252 5149 2447 5214 αὑτὸν,
2499 5147 2614 5203 ἀλλ’
2639 5148 2910 5219 αἰσθητῶς
2961 5149 3109 5220 αύτῷ
3161 5149 3362 5220 συνῆν,
3414 5148 3509 5202 καὶ
3559 5147 3834 5217 αἰσθητῶς

2251 5242 2448 5312 ῆκουεν
2475 5239 2658 5306 αὑτοῦ,
2687 5240 2901 5310 βλέπρυν
2927 5241 3091 5297 αὑτὸν
3120 5242 3179 5294 ὲν
3207 5241 3390 5311 σαρκί.
3419 5241 3518 5293 Διὰ
3543 5239 3701 5294 τοῦτο
3724 5241 3835 5294 τοί-

2250 5351 2343 5387 νυν
2368 5333 2467 5387 ούκ
2495 5329 2668 5399 εἴπεν,
2701 5334 2890 5403 ὅρασις
2943 5334 3008 5404 ἢν
3044 5331 3203 5398 εἶδον,
3225 5335 3340 5404 ἤτοι
3363 5333 3651 5402 φαντασία,
3670 5333 3829 5399 ἀλλὰ,

2258 5445 2276 5477 ι
2315 5426 2501 5489 Βίϐλος
2519 5426 2784 5493 γενέσεως
2817 5445 2834 5478 ι
2858 5425 3054 5494 Ἰησοῦ.
3076 5427 3149 5480 Τὸ
3165 5425 3367 5498 Ἰησοῦς
3383 5427 3575 5496 ὄνομα,
3601 5427 3696 5496 οὐχ
3713 5426 3831 5480 Ἐλ-

2249 5518 2467 5588 ληνικόν
2499 5519 2664 5582 ἐστιν,
2695 5517 2808 5579 ἀλλ’
2843 5517 3132 5588 Ἐὀραῖκόν
3159 5534 3172 5547 °
3207 5518 3572 5590 ἑρμηνεύεται
3601 5518 3678 5584 δὲ,
3712 5519 3830 5572 Σω-

2253 5611 2378 5683 τήρ.
2415 5609 2538 5664 Ἰαὼ
2567 5610 2675 5682 γὰρ
2703 5613 2734 5681 ἡ
2766 5612 3009 5684 σωτηρία
3044 5614 3192 5685 παρὰ
3223 5616 3332 5677 τοῖς
3367 5611 3638 5685 Ἑϐραίοις
3666 5612 3827 5682 λέγεο
