4080 6336
590 384 684 453 151
1469 365 2053 435 THEOPHYLACTI
2088 362 2503 427 BULGARIIE
2542 359 2900 422 ARCHIEP.
3730 337 3836 407 152

574 509 853 559 extentam
881 494 1033 567 pueri
1065 506 1277 549 manum
1309 486 1566 559 signavit,
1606 496 1714 555 quo
1749 479 1992 552 dignosci
2026 493 2144 550 pos«

2253 477 2353 544 τῆς
2391 479 2635 567 μήτρας,
2667 472 2743 536 ὡς
2782 469 2942 541 δῆθεν
2998 464 3212 536 πρῶτος
3256 458 3696 533 τεχθησόμενος·
3739 454 3836 567 κρὶ

579 545 852 559 γυνη-η.
881 545 1033 567 ρ---
1065 545 1181 549 ,μη
1360 545 1389 559 υ
1551 545 1562 551 ,
1622 545 1640 555 _
1808 545 1836 552 η
2028 545 2040 550 _

578 605 668 649 set
693 600 751 646 ut
776 585 1167 660 primogenitus
1199 596 1215 642 :
1256 579 1348 636 sed
1391 593 1524 650 puer
1552 591 1770 632 manum
1804 574 1985 627 statim
2021 585 2144 627 con«

2254 569 2290 640 ἡ
2329 545 2462 638 μαῩῖα
2511 545 2750 636 ποκκίνῳ
2785 559 3034 634 σπαρτίῳ
3077 555 3379 629 ὲσφράγισε
3425 551 3706 660 συντόμως

584 684 756 740 traxit
780 683 925 740 intra
951 690 1184 741 uterum,
1213 684 1270 740 et
1296 672 1434 727 alius
1457 669 1605 742 prior
1634 681 1796 723 natus
1824 674 1925 729 est,
1959 662 2151 719 deinde

580 778 670 832 ille
708 776 800 846 qui
835 787 1056 831 manum
1098 766 1453 842 praemiserat.
1486 761 1721 818 Vocatus
1753 767 1835 815 est
1875 756 2033 826 igitur
2059 751 2150 823 qui

581 870 732 938 prior
769 876 927 924 natus
959 865 1165 927 fuerat,
1212 859 1438 921 Phares,
1486 855 1630 928 quod
1681 861 1788 913 est.
1833 847 2147 904 Dissectio:

581 960 843 1024 dissecuit
875 956 1022 1012 enim
1046 953 1355 1009 naturalem
1384 949 1649 1005 ordinem.
1680 943 1779 1010 Qui
1810 950 1988 996 autem
2020 953 2154 994 con-

581 1052 745 1106 traxit
774 1046 1020 1114 'manum,
1055 1045 1196 1101 Zara
1227 1046 1470 1102 dicturus
1509 1049 1618 1096 est.
1650 1034 1933 1106 Signiﬁcat
1967 1041 2147 1088 autem

580 1147 693 1199 haec
746 1141 973 1198 historia
1028 1146 1426 1194 sacramentum
1476 1129 1766 1203 quoddam.
1825 1126 1958 1181 Nam
2009 1124 2152 1181 sicut

578 1235 716 1291 Zara
739 1234 975 1291 'ostendit
1011 1230 1228 1302 quidem
1257 1229 1490 1299 primum
1529 1238 1746 1279 manum
1803 1230 1858 1276 et
1879 1213 2147 1275 retraxit:

578 1326 650 1380 ita
697 1325 750 1380 iu
796 1322 1003 1379 sanctis
1049 1322 1139 1391 qui
1190 1328 1348 1375 erant
1391 1325 1518 1388 ante
1552 1314 1725 1384 legem
1765 1319 1820 1367 et
1861 1308 2151 1369 circumci-

577 1419 820 1481 sionem,
847 1414 1101 1486 apparuit
1135 1413 1241 1467 vita
1273 1407 1613 1468 Christiana.
1647 1406 1847 1462 Omnes
1876 1403 2020 1459 enim
2046 1417 2149 1456 non

579 1527 646 1566 ex
700 1505 1175 1566 obsereatidnibus
1231 1514 1287 1561 et
1346 1500 1618 1558 mandatis
1682 1496 1816 1570 legis
1871 1493 2148 1567 iustiﬁcati

502 1609 504 1611 ’
578 1602 816 1669 fuerunt,
848 1600 944 1656 sed
995 1598 1118 1667 quia
1153 1595 1528 1668 Evangelicam
1565 1593 1730 1647 vitam
1777 1589 2048 1644 vixerunt.
2087 1585 2151 1639 Et

576 1694 808 1748 observa
839 1692 1113 1763 quomodo
1137 1688 1409 1744 Abraham
1444 1694 1650 1757 patrem
1680 1691 1735 1737 et
1757 1681 1973 1735 domum
2010 1692 2150 1750 pro-

573 1794 692 1855 pter
723 1784 889 1841 Deum
909 1781 1209 1853 reliquerit,
1236 1788 1551 1838 etnaturam
1571 1772 1938 1844 abnegaverit.
1958 1771 2151 1826 Consi-

575 1876 709 1932 dera
741 1875 864 1943 Job,
906 1872 1324 1931 Melchisedech.
1367 1871 1466 1928 Ubi
1495 1881 1672 1925 autem
1705 1866 1790 1921 lex
1824 1864 1988 1929 venit,
2018 1877 2142 1917 con-

577 1978 749 2024 tracta
803 1979 887 2024 est
938 1965 1058 2022 talis
1088 1966 1217 2019 vita.
1273 1962 1738 2029 Quemadmodum
1790 1964 1967 2010 autem
2035 1952 2146 2008 illic

574 2074 701 2116 nato
733 2059 961 2124 Phares,
1007 2060 1275 2129 posterior
1308 2060 1502 2111 iterum
1532 2051 1664 2108 exiit
1703 2050 1840 2105 Zara
1882 2068 1892 2103 :
1924 2047 2000 2102 ita
2033 2045 2149 2116 lege

572 2153 720 2218 data,
761 2152 958 2208 iterum
1007 2151 1258 2222 apparuit
1294 2149 1399 2202 vita
1436 2145 1777 2214 Evangelica,
1816 2156 1936 2211 quae
1973 2137 2150 2194 cocci-

574 2260 677 2300 neo
707 2244 964 2310 furunculo,
1001 2259 1218 2313 nempe
1255 2240 1518 2310 sanguine
1545 2236 1747 2294 Christi
1776 2235 1984 2306 signata
2019 2230 2141 2285 fuit.

571 2333 830 2405 Proptera
879 2344 932 2390 et
974 2331 1317 2403 Evangelista
1356 2330 1683 2385 mentionem
1723 2324 1851 2380 fecit
1885 2323 2143 2384 duorum,

571 2427 725 2496 quasi
782 2427 1065 2483 declarans
1115 2424 1446 2479 nativitatem
1511 2419 1728 2474 illorum
1783 2410 2147 2470 sacramentis

571 2518 805 2590 plenam.
854 2517 922 2572 Et
963 2516 1119 2571 aliter
1165 2515 1345 2569 dicere
1388 2520 1565 2582 potes,
1626 2506 1956 2563 mentionem
2015 2501 2146 2556 facit

570 2611 827 2675 Thamar,
863 2610 1076 2664 tametsi
1114 2622 1218 2663 non
1261 2605 1529 2661 laudanda
1580 2600 1861 2661 videatur,
1893 2611 1958 2652 eo
2003 2593 2146 2666 quod

569 2702 885 2760 dormiverit
911 2716 1032 2758 cum
1064 2714 1253 2755 socero
1290 2717 1301 2752 :
1338 2706 1395 2752 ut
1422 2694 1695 2757 ostendat,
1724 2692 1868 2762 quod
1896 2689 2147 2744 Christus

568 2810 690 2854 cum
724 2796 1022 2865 susceperit
1064 2793 1247 2849 omnia
1281 2797 1498 2861 propter
1533 2803 1635 2845 nos
1679 2803 1693 2842 :
1726 2795 1780 2840 et
1811 2785 1914 2840 hoc
1953 2796 2144 2839 susce-

568 2889 671 2962 pit,
706 2896 765 2944 ut
795 2889 929 2944 tales
969 2887 1166 2942 habeat
1213 2884 1586 2954 progenitores
1625 2900 1638 2936 :
1690 2880 1800 2935 imo
1827 2886 1886 2930 ut
1913 2890 2010 2946 per
2044 2875 2146 2930 hoc

569 2982 743 3048 ipsum
777 2981 920 3050 quod
949 2995 1012 3036 ex
1046 2979 1125 3034 eis
1156 2987 1312 3033 natus
1338 2984 1422 3031 est
1477 2988 1568 3029 eos
1595 2969 1957 3028 sanctilicaret
1996 2986 2009 3021 :
2042 2981 2145 3020 non

568 3077 713 3131 enim
744 3075 890 3130 venit
923 3087 1120 3131 vocare
1153 3072 1352 3143 jnstos,
1393 3070 1488 3125 sed
1518 3077 1852 3139 peccatores.

2257 639 2576 730 ἐξελθοῦσαν
2612 656 2706 713 τοῦ
2744 654 2934 717 παιδὸς
2983 653 3162 723 χεῖρα,
3193 653 3270 713 ὡς
3306 649 3374 702 ἂν
3421 641 3762 716 γνωρίζηται
3811 639 3840 694 6

2256 750 2472 824 πρῶτος
2501 746 2745 819 τεχθείς·
2789 742 2930 798 ἀλλὰ
2977 739 3288 795 συνέστειλε
3325 736 3424 808 τὴν
3457 735 3613 805 χεῖρα
3650 734 3678 785 ὁ
3707 731 3838 792 παῖς

2256 843 2365 898 ἔσω
2426 843 2526 913 τῆς
2586 841 2823 911 μήτρας,
2860 835 2959 890 καὶ
3012 832 3211 904 ἐτέχθη
3259 829 3526 901 πρότερον
3566 825 3594 879 6
3647 824 3838 893 ἕτερος

2259 939 2408 1001 παῖς,
2442 932 2541 989 εἷθ’
2581 932 2753 996 οὕτως
2779 930 2986 991 ἐκεῖνος
3020 931 3048 982 6
3081 928 3179 998 τὴν
3207 926 3371 995 χεῖρα
3401 919 3835 993 προϐαλόμενος·

2256 1027 2462 1098 ἐκλήθη
2489 1020 2581 1080 οὖν
2613 1024 2641 1078 6
2697 1023 2795 1094 μὲν
2846 1020 3111 1092 πρότερον
3150 1015 3382 1086 τεχθεὶς,
3406 1011 3603 1083 Φαρὲς,
3646 1010 3673 1063 ὅ
3724 1009 3840 1061 ἐστι

2255 1118 2510 1189 διακοπή·
2549 1115 2767 1185 διέκοψε
2822 1112 2932 1185 γάρ
2976 1112 3073 1183 τὴν
3143 1108 3381 1179 φυσικὴν
3436 1105 3634 1170 τάξιν⁶
3692 1103 3720 1154 6
3780 1098 3839 1153 δὲ

2260 1211 2547 1275 συστείλας
2593 1210 2692 1278 τὴν
2731 1209 2910 1280 χεῖρα,
2952 1206 3140 1276 Ζαρά·
3197 1201 3458 1274 σημαίνει
3506 1198 3563 1252 δὲ
3610 1196 3751 1265 αὕτη
3804 1194 3838 1263 ἡ

2259 1305 2468 1376 ἱστορία
2520 1303 2821 1376 μυστήριόν
2867 1319 2918 1355 τι
2952 1319 2966 1331 ο
3004 1298 3192 1368 ῶσπερ
3250 1295 3360 1365 γάρ
3397 1296 3426 1346 6
3455 1291 3625 1362 ,Ζαρὰ
3671 1285 3839 1351 ἔδειξε

2261 1397 2360 1468 μὲν
2403 1396 2621 1468 πρῶτον
2664 1395 2766 1466 τὴν
2797 1395 2976 1465 χεῖρα,
3011 1388 3313 1457 συνεστάλη
3366 1385 3422 1439 δέ
3470 1384 3655 1448 πάλιν,
3694 1379 3841 1434 οὕτω

2258 1491 2349 1545 καὶ
2396 1489 2431 1561 ἡ
2479 1487 2624 1543 κατὰ
2669 1487 2906 1559 Χριστὸν
2933 1483 3205 1546 πολιτεία,
3265 1480 3436 1550 ἐφάνη
3503 1477 3601 1548 μὲν
3638 1477 3696 1529 ἐν
3725 1475 3840 1538 τοίς

2257 1581 2365 1652 πρὸ
2415 1580 2511 1634 τοῦ
2560 1580 2726 1650 νόμον
2761 1579 2859 1633 καὶ
2893 1579 2996 1649 τῆς
3029 1573 3333 1648 περιτομῆς
3380 1571 3555 1640 ἁγίοις
3583 1585 3598 1602 ·
3635 1569 3839 1630 πάντες

2257 1674 2364 1743 γὰρ
2390 1664 2559 1736 οὗτοι,
2589 1671 2692 1724 ούκ
2733 1670 2798 1723 ὲκ
2845 1668 2955 1722 τῶν
2982 1666 3075 1721 τοῦ
3124 1665 3290 1736 νόμου
3341 1660 3840 1732 παρατηρημάτων

2264 1763 2361 1817 καὶ
2414 1761 2647 1816 ἐντολῶν
2688 1757 3108 1828 ἐδικαιώθησαν,
3144 1754 3261 1810 ἀλλ’
3317 1755 3378 1806 ἐκ
3430 1749 3523 1804 τοῦ
3571 1748 3713 1803 κατά
3741 1748 3839 1816 τὴν

2257 1854 2622 1924 εύαγγελικὴν
2679 1851 2959 1906 πολιτείαν
3041 1849 3261 1918 ζῆσαι·
3339 1843 3434 1898 καὶ
3489 1841 3683 1896 σκόπει
3747 1838 3842 1892 τὸν

2255 1946 2528 2017 Ἀϐραὰμ,
2561 1945 2654 1999 τὸν
2681 1943 2890 2015 ἀφέντα
2925 1942 3140 2011 πατέρα
3187 1939 3283 1994 καὶ
3311 1937 3492 1993 οίκίαν
3524 1936 3713 1989 ἐνεκεν
3743 1930 3839 1986 τοῦ

2257 2039 2416 2106 Θεοῦ,
2467 2038 2564 2093 καὶ
2619 2036 3084 2109 ἀπαρνησάμενον
3138 2032 3235 2086 καὶ
3282 2031 3382 2103 τὴν
3417 2029 3602 2100 φύσιν·
3644 2027 3839 2081 σκόπει

2257 2132 2348 2185 τὶν
2396 2130 2538 2197 Ἰὼϐ,
2579 2131 2672 2184 τὸν
2720 2127 3076 2199 Μελχισεδέκ·
3131 2124 3226 2180 τοῦ
3261 2125 3427 2195 νόμου
3463 2123 3520 2177 δὲ
3565 2120 3838 2182 ἐλθόντος,

2255 2223 2556 2294 συνεστάλη
2599 2223 2632 2292 ἡ
2676 2221 2900 2289 τοιαύτη
2953 2218 3228 2287 πολεςείαζ
3259 2215 3446 2289 ὥσπερ
3491 2213 3547 2268 δέ
3582 2213 3700 2266 ἐκεῖ
3742 2207 3840 2264 τοῦ

2257 2319 2436 2388 Φαρὲς
2466 2314 2841 2384 γεννηθέντος,
2877 2313 3105 2385 ὕστερον
3136 2310 3300 2365 πάλιν
3330 2307 3555 2375 ἐξῆλθεν
3590 2308 3620 2361 6
3659 2303 3836 2376 Ζαρὰ,

2258 2409 2403 2464 οὕτω
2430 2410 2522 2463 τοῦ
2553 2408 2719 2479 νόμου
2744 2407 3013 2470 δοθέντος,
3057 2404 3284 2475 ὕστερον
3329 2401 3573 2472 ἔλαμψεν
3599 2401 3631 2470 ἡ
3667 2399 3836 2467 εὐαγο

2258 2500 2454 2572 γελικὴ
2493 2498 2760 2564 πολιτεία,
2795 2500 2827 2568 ἡ
2880 2495 2959 2567 τῷ
2996 2495 3236 2565 κοκκίνῳ
3277 2493 3548 2564 σπαρτίῳ,
3583 2490 3704 2562 ἦτοι
3758 2486 3838 2560 τῷ

2255 2593 2449 2663 αἵματι
2509 2591 2604 2644 τοῦ
2660 2589 2898 2661 Χριστοῦ
2954 2588 3373 2661 σφραγισθεῑσα·
3424 2585 3514 2640 διὰ
3543 2583 3702 2638 τοῦτο
3725 2581 3836 2652 γάρ

2250 2703 2333 2739 τοι
2365 2685 2459 2739 καὶ
2486 2686 2513 2737 6
2539 2682 2947 2752 Εὐαγγελιστὴς
2979 2681 3354 2754 ἐμνημόνευσε
3374 2677 3481 2733 τῶν
3511 2677 3604 2730 δύο
3630 2676 3834 2729 τούτων

2252 2777 2478 2841 παίδων,
2512 2775 2588 2839 ὡς
2630 2774 2984 2846 μυστηριώδη
3018 2774 3140 2828 τινὰ
3184 2772 3452 2844 δηλούσης
3505 2773 3607 2841 τῆς
3635 2768 3832 2837 γεννη·

2248 2886 2387 2934 σεως
2421 2868 2624 2922 αὐτῶν·
2658 2867 2754 2921 καὶ
2799 2866 2978 2932 ἄλλως
3006 2866 3085 2932 δέ,
3119 2865 3451 2937 μνημονεύει
3481 2864 3582 2934 τῆς
3608 2862 3828 2933 Θάμαρ,

2250 2964 2427 3017 καίτοι
2466 2961 2566 3016 οὐκ
2599 2962 2894 3032 ἐπαινετῆς
2946 2959 3233 3031 δοκούσης,
3258 2960 3347 3014 διὰ
3398 2959 3458 3012 τὸ
3497 2957 3724 3029 μιγῆναι
3754 2952 3830 3025 τῷ

2247 3053 2521 3126 πενθερῷ,
2578 3053 2668 3107 ἵνα
2711 3053 2860 3126 δείξῃ
2893 3054 2974 3107 ὅτι
3007 3055 3036 3108 6
3090 3052 3326 3124 Χριστὸς
3363 3054 3544 3108 πάντα
3585 3051 3651 3104 δι’
3685 3048 3832 3122 ἡμᾶς

571 3168 1047 3241 καταδεξάμενος,
1106 3133 1434 3230 κατεδέξατο
1493 3133 1587 3217 διαὶ
1636 3158 1913 3222 τοιούτους
1979 3155 2126 3227 ἔχειν
2169 3149 2491 3222 προγόνους.
2559 3147 2779 3201 Μᾶλλον
2829 3147 2918 3201 ἵνα
2971 3146 3068 3200 καὶ
3115 3146 3184 3199 δι’
3224 3145 3390 3200 αὐτοῦ
3454 3142 3654 3198 τούτου
3733 3133 3830 3198 τοῦ

568 3267 665 3323 ἀπ’
691 3238 869 3322 αὐτῶν
891 3263 1237 3335 γεννηθῆναι,
1275 3261 1474 3331 ἁγιάσῃ
1510 3257 1706 3320 αὐτούς
1729 3274 1741 3286 ·
1770 3256 1830 3310 ού
1858 3254 1967 3326 γάρ
2001 3247 2134 3324 ἦλθε
2176 3246 2404 3302 καλέσαι
2435 3243 2698 3310 δικαίους,
2730 3243 2864 3298 ἀλλά
2898 3238 3281 3314 ἁμαρτωλούς.

639 3362 804 3418 Vas.
835 3361 957 3424 51-5.
991 3379 1009 3412 (
1039 3329 1243 3416 Phares
1273 3329 1677 3427 autemgenuit’
1702 3354 1918 3416 Esro‘m,
1951 3349 2138 3403 Esrom

2325 3358 2343 3392 t
2403 3340 2575 3410 Φαρὲς
2625 3337 2679 3392 δὲ
2733 3338 2993 3409 ἐγέννησε
3043 3337 3134 3390 τὸν
3189 3332 3410 3405 Ἑσρώμ
3440 3348 3453 3363 ·
3508 3329 3730 3403 Ἐσρὼμ
3770 3330 3827 3386 δέ

569 3464 747 3510 autem
771 3454 954 3525 genuit
984 3454 1170 3519 Aram,
1201 3450 1363 3506 Aram
1402 3459 1583 3505 autem
1611 3447 1796 3520 genuit
1817 3444 2140 3509 Aminadah,

566 3544 869 3603 Aminadab
919 3552 1097 3598 autem
1149 3542 1335 3612 genuit
1380 3539 1594 3595 Naason
1646 3537 1910 3600 :Naason
1963 3547 2143 3592 autem

570 3639 754 3710 genuit
781 3637 1025 3705 Salmon,
1060 3635 1282 3692 Salmon
1319 3645 1497 3691 autem
1547 3632 1733 3704 genuit
1763 3631 1906 3687 Booz
1938 3645 2005 3687 ex
2038 3628 2143 3684 Ra-

569 3732 729 3786 chab.
765 3749 784 3782 ι
820 3729 1045 3786 Bachab
1070 3731 1262 3802 putant
1298 3727 1514 3799 quidam
1545 3725 1708 3781 Raab.
1731 3733 1996 3786 scortum,
2025 3736 2146 3793 quae

566 3823 937 3895 exploratores
967 3818 1279 3875 JesuNave
1323 3818 1588 3888 suscepit,
1638 3816 1986 3884 servavitque
2027 3827 2142 3878 eos,

566 3921 863 3971 enervata
898 3921 980 3968 est
1017 3911 1181 3966 etiam
1225 3911 1361 3980 ipsa.
1407 3909 1736 3964 Mentionem
1783 3913 1965 3959 autem
2011 3901 2143 3958 fecit

563 4019 703 4077 eius.
734 4010 796 4059 ut
823 4001 1128 4058 declararet
1157 4002 1301 4071 quod
1324 3999 1462 4055 sicut
1488 4001 1602 4068 ipsa
1636 4007 1880 4053 scortum
1913 3995 2034 4061 fuit,
2070 3997 2142 4052 ita

565 4105 619 4150 et
651 4094 890 4166 gentium
919 4090 1289 4165 congregatio.
1315 4090 1749 4152 P‘orn‘ica'hantur
1771 4089 1916 4142 enim
1947 4088 1998 4142 in
2028 4094 2140 4142 stu-

567 4189 670 4242 diis
703 4187 837 4250 suis,
877 4187 971 4240 sed
1017 4184 1282 4253 susceptis
1331 4180 1760 4254 exploratoribus
1806 4178 1970 4245 Jesu,
2013 4192 2144 4250 apo-

565 4278 719 4334 stolis
749 4278 993 4348 inquam,
1024 4291 1090 4332 ex
1124 4276 1374 4347 gentibus
1411 4286 1604 4328 omnes
1635 4273 1727 4343 qui
1760 4254 1975 4327 illorum
2018 4285 2141 4327 cre-

565 4369 816 4426 diderunt
851 4367 1225 4432 sermonibus,
1271 4364 1466 4423 salvati
1517 4373 1666 4421 sunt.
1712 4382 1729 4415 ι
1781 4363 1925 4417 Booz
1959 4372 2140 4417 autem

566 4460 748 4531 genuit
776 4456 924 4514 Obed
953 4472 1020 4512 cx
1063 4455 1229 4511 Ruth.
1265 4474 1284 4508 ι
1326 4451 1469 4509 Ruth
1512 4456 1648 4520 hzec,
1683 4452 1983 4522 alienigena
2015 4450 2138 4517 fuit,

563 4553 852 4622 conjuncta
880 4560 962 4607 est
988 4563 1165 4607 tamen
1197 4550 1340 4605 Booz
1374 4567 1401 4609 :_
1421 4549 1496 4604 ita
1517 4557 1572 4603 et
1597 4545 1840 4605 Ecclesia
1870 4561 1934 4602 ex
1959 4545 2141 4617 genti.

563 4648 689 4714 hus,
707 4644 1007 4716 alienigena
1046 4644 1339 4708 exsistens,
1373 4651 1475 4697 ειη
1515 4641 1857 4696 testamentis
1878 4642 2138 4706 extraria,

2249 3432 2505 3503 ἐγέννησε
2558 3431 2649 3485 τὸν
2692 3432 2890 3502 Ἀράμ·
2938 3428 3116 3500 Ἀρὰμ
3167 3427 3223 3481 δὲ
3253 3427 3515 3496 ἐγέννησε
3548 3425 3641 3478 τὸν
3672 3424 3832 3495 ’Λμι-

2247 3525 2435 3579 ναδάσ·
2467 3523 2769 3595 ’Δμιναδὰϐ
2800 3524 2858 3577 δὲ
2890 3523 3149 3593 ἐγέννησε
3182 3521 3271 3574 τὸν
3300 3518 3561 3574 Ναασών·
3593 3515 3831 3572 Ναασὼν

2245 3617 2300 3672 δὲ
2321 3618 2583 3689 ἐγέννησε
2629 3617 2722 3672 τὸν
2764 3616 3016 3688 Σαλμών·
3062 3613 3298 3686 Σαλμὼν
3326 3614 3383 3667 δὲ
3429 3614 3693 3682 ἐγέννησε
3739 3611 3830 3665 τὸν

2247 3707 2381 3772 Βοὸζ
2425 3710 2490 3763 ἐκ
2517 3708 2615 3778 τῆς
2652 3707 2879 3778 Ῥαχάϐ.
2921 3725 2940 3759 ι
2977 3705 3184 3775 Ῥαχάϐ
3211 3703 3493 3774 νομίζουσί
3521 3720 3667 3766 τινες
3693 3700 3832 3758 εἶναι

2245 3799 2344 3871 τὴν
2379 3799 2550 3854 Ῥαὰϐ
2584 3799 2802 3870 ἐκείνην
2827 3799 2925 3866 τὴν
2965 3798 3196 3869 πόρνην,
3233 3797 3359 3866 ἥτις
3396 3797 3523 3860 τοὺς
3555 3794 3832 3849 κατασκό·

2247 3909 2384 3956 πους
2433 3891 2658 3957 ἐδέξατο
2690 3891 2787 3946 τοῦ
2830 3889 3006 3964 Ἰησοῦ
3064 3889 3161 3944 τοῦ
3210 3889 3390 3959 Ναυῆ.
3422 3890 3534 3943 Καὶ
3573 3888 3832 3941 διέσωσεν

2245 3986 2465 4048 αὐτοὺς,
2505 3985 2602 4040 καὶ
2641 3983 2876 4054 διεσώθη
2911 3985 3007 4037 καὶ
3045 3983 3208 4054 αύτή·
3233 3980 3484 4054 ἐμνήσθη
3505 3979 3561 4033 δὲ
3597 3980 3830 4049 ταύτης,

2245 4071 2330 4125 ἵνα
2361 4069 2581 4143 δηλώσῃ
2608 4071 2690 4125 ὅτι
2721 4071 2913 4144 ῶσπερ
2949 4071 3090 4142 αὕτη
3126 4071 3304 4143 πόρνη
3354 4067 3444 4142 ἦν,
3490 4070 3636 4124 οὕτω
3669 4071 3765 4124 καὶ
3797 4071 3830 4141 ἡ

2242 4162 2354 4215 τῶν
2415 4160 2587 4216 ἐθνῶν
2635 4163 2968 4234 συναγωγήί
3014 4163 3413 4231 ἐξεπόρνευσαν
3461 4162 3572 4234 γάρ
3613 4162 3674 4216 ἐν
3717 4163 3829 4225 τοῖς

2244 4253 2675 4324 ἐπιτηδεύμασιν
2733 4254 2934 4308 αὐτῶν.
3004 4253 3168 4308 Ἀλλὰ
3216 4253 3504 4325 δεξάμενοι
3556 4255 3684 4319 τοὺς
3733 4253 3830 4308 τοῦ

2256 4343 2433 4414 Ἰησοῦ
2489 4345 2898 4414 κατασκόπους,
2959 4346 3080 4417 ἦτοι
3131 4347 3259 4411 τοὺς
3324 4347 3682 4413 ἀποστόλους,
3736 4348 3833 4402 καὶ

2243 4439 2562 4505 πεισθέντες
2592 4442 2705 4504 τοῖς
2731 4440 2908 4510 λόγοις
2932 4441 3178 4507 ἐκείνων,
3218 4440 3511 4512 ἐσώθησαν
3551 4441 3753 4507 πάντες
3781 4443 3835 4496 οι

2243 4532 2303 4598 ἐξ
2361 4532 2552 4586 ἐθνῶν.
2611 4551 2631 4584 ‹
2690 4532 2827 4598 Βοὸζ
2854 4533 2910 4588 δὲ
2963 4533 3222 4604 ἐγέννησε
3275 4536 3366 4589 τὸν
3423 4533 3584 4605 Ὠσὴδ
3627 4536 3692 4589 ἐκ
3731 4537 3832 4607 τῆς

2253 4625 2435 4679 Ῥούθ.
2478 4645 2497 4680 ι
2546 4626 2610 4679 Ἥ
2665 4625 2820 4681 Ῥοὺθ
2859 4625 2999 4699 αὕτη
3052 4626 3350 4697 ἀλλόφυλος
3407 4623 3498 4701 ἦν,
3542 4627 3660 4683 ἀλλ’
3681 4628 3832 4699 ὅμως

560 4737 727 4794 oblita
755 4746 839 4793 est
873 4735 1051 4808 populi
1085 4735 1193 4800 sui,
1229 4743 1284 4790 et
1319 4733 1496 4790 cultus
1527 4731 1965 4800 simulacrorum,
1997 4732 2055 4803 Β
2086 4741 2144 4787 et

2252 4720 2528 4793 συνεζύγη
2563 4721 2641 4792 τῷ
2669 4720 2827 4786 Βοόζ·
2862 4723 3007 4778 οὔτω
3060 4724 3156 4777 καὶ
3210 4727 3243 4795 ἠ
3279 4725 3336 4790 ἐξ
3393 4724 3566 4779 ἐθνῶν
3600 4721 3834 4796 Ἐκκλη-

561 4829 763 4888 diaboli
807 4831 982 4902 patris
1021 4829 1128 4895 sui,
1178 4827 1264 4883 cui
1293 4826 1481 4897 juncta
1528 4834 1675 4891 erat,
1719 4832 1775 4882 et
1816 4826 1998 4896 nupsit
2027 4825 2141 4880 tilio

561 4924 677 4983 Del.

635 5189 803 5245 Vens.
832 5189 948 5245 5-6.
983 5207 1001 5240 ι
1035 5187 1186 5244 Obed
1219 5196 1398 5244 autem
1429 5190 1615 5260 genuit
1643 5186 1817 5254 Iesse,
1849 5187 2006 5244 lesse
2037 5203 2134 5243 au-

557 5288 670 5336 um
706 5279 896 5349 genuit
938 5276 1106 5334 David
1159 5294 1363 5351 regem,
1405 5279 1568 5335 David
1607 5290 1785 5335 autem
1815 5293 1908 5334 rex
1950 5282 2134 5350 genuit

557 5367 904 5428 Solomonem
934 5383 1001 5424 ex
1031 5383 1091 5424 ea
1117 5383 1236 5439 qua:
1260 5368 1360 5424 iuit
1391 5367 1552 5424 Urina.
1595 5387 1614 5422 ι
1653 5366 1756 5424 llic
1781 5384 1993 5438 quoque
2021 5368 2138 5437 eius

558 5474 678 5532 qua
727 5459 829 5515 fuit
887 5460 1027 5517 Urim
1076 5463 1403 5518 mentionem
1451 5462 1601 5531 facit,
1648 5471 1705 5517 ut
1762 5463 1953 5518 doceat
1993 5463 2135 5532 quod

560 5568 720 5612 nemo
745 5553 938 5610 debeat
980 5555 1304 5610 erubescere
1345 5563 1565 5625 propter
1607 5555 2004 5626 progenitores,
2040 5556 2135 5609 sed

559 5646 692 5702 dare
735 5646 908 5714 magis
941 5659 982 5674 ’-
1011 5660 1158 5701 eram
1191 5647 1390 5701 virtute
1437 5662 1532 5703 sua
1567 5647 1688 5704 illos
1729 5648 1991 5704 clariores
2018 5647 2134 5703 cili-

559 5751 704 5801 cere,
721 5746 773 5792 et
795 5751 911 5807 quor
984 5752 1153 5793 imnes
1181 5737 1386 5808 accepti
1411 5739 1520 5795 sint
1547 5737 1680 5809 Deo,
1711 5739 1875 5797 etiam
1905 5754 1933 5796 e
1953 5750 2136 5797 scorto

555 5827 692 5898 nati,
731 5827 890 5887 modo
923 5828 1116 5888 virtute
1151 5829 1255 5886 sint
1285 5830 1515 5903 praediti.

2251 4816 2365 4883 σία,
2398 4814 2701 4885 ἀλλόφυλος
2732 4811 2891 4882 οὖσα,
2926 4817 3020 4872 καὶ
3044 4817 3150 4885 ἐξω
3175 4818 3282 4872 τῶν
3305 4817 3832 4891 διαθηκῶνμὲπελά-

2246 4908 2370 4962 θετο
2413 4908 2508 4962 τοῦ
2552 4908 2680 4962 λαοῦ
2717 4909 2913 4980 αὐτῆς,
2950 4911 3046 4965 καὶ
3078 4911 3188 4965 τῶν
3218 4911 3516 4967 εἰδωλικῶν
3545 4912 3830 4984 σεϐασμάο

2244 5019 2375 5069 των,
2404 5003 2618 5057 καὶτοῦ
2651 5003 2857 5076 πατρὸς
2907 5005 3077 5076 αὐτῆς
3124 5005 3220 5060 τοῦ
3259 5005 3529 5061 διαϐόλου.
3563 5007 3676 5062 Καὶ
3703 5007 3833 5081 6H]-

2247 5095 2355 5165 φθη
2391 5097 2470 5159 εἰς
2499 5096 2677 5168 γάμον
2707 5097 2786 5169 τῷ
2818 5098 2918 5170 υίῷ
2939 5099 3033 5152 τοῦ
3067 5099 3226 5156 Θεοῦ.

2329 5185 2492 5257 Ὠσηδ
2527 5186 2584 5241 δὲ
2626 5188 2886 5258 ἐγέννησε
2916 5189 3008 5242 τὸν
3057 5189 3278 5244 Ἰεσσαί·
3319 5191 3523 5244 Ἰεσσαὶ
3577 5190 3826 5260 666161;-

2243 5293 2373 5346 νησε
2431 5279 2525 5334 τὸν
2567 5279 2731 5334 Δαυῒδ
2772 5281 2866 5334 τὸν
2930 5280 3178 5352 βασιλέα·
3213 5282 3375 5336 Δαυῒδ
3423 5283 3480 5337 δὲ
3514 5283 3542 5335 6
3573 5277 3832 5356 pactfsbc

2243 5370 2503 5442 ἐγέννησε
2567 5371 2661 5425 τὸν
2721 5373 3046 5443 Σολομῶντα
3095 5375 3159 5428 ἐκ
3189 5374 3288 5444 τῆς
3318 5373 3413 5430 τοῦ
3459 5376 3680 5447 Οὐρίου.
3717 5377 3829 5434 Καὶ

2243 5463 2409 5518 πάλιν
2436 5466 2537 5536 τῆς
2570 5463 2667 5518 τοῦ
2705 5464 2904 5536 Οὐρίου
2940 5466 3296 5537 μνημονεύει,
3330 5468 3415 5521 ἴνα
3453 5469 3707 5543 ὑποδείξῃ
3742 5472 3826 5526 δτι

2239 5555 2300 5608 ού
2327 5556 2408 5609 δεῖ
2436 5555 2868 5628 ἐπαισχύνεσθαι
2897 5561 3025 5624 τοὺς
3058 5560 3440 5634 προπάτορας·
3467 5562 3602 5616 άλλά
3622 5564 3828 5633 μᾶλλον

2240 5649 2568 5715 σπουδάζειν
2611 5651 2700 5706 διά
2746 5653 2843 5722 τῆς
2874 5653 3084 5718 οἰκείας
3126 5653 3328 5724 ἀρετῆς
3359 5655 3704 5728 λαμπρύνειν
3730 5659 3828 5712 κά·

2241 5743 2474 5805 κείνους·
2518 5744 2613 5798 καὶ
2635 5744 2718 5799 ὃτι
2756 5745 2958 5809 πάντες
2991 5746 3172 5801 δεκτοί
3200 5748 3306 5800 εἰσι
3339 5747 3417 5818 τῷ
3450 5748 3592 5820 Θεῷ,
3622 5747 3725 5805 κᾶν
3757 5750 3825 5807 ἐκ

2243 5835 2448 5907 πόρνης
2483 5838 2805 5909 γεννηθῶσι,
2841 5839 3002 5913 μόνον
3028 5841 3123 5896 ἐὰν
3154 5841 3354 5915 ἀρετὴν
3389 5842 3603 5915 ἔχωσιν.
