4080 6336
192 343 286 410 157

860 338 1313 401 ΕΝΑΗΒΑΉΟ
1347 336 1430 399 IN
1470 333 1775 399 EVANGE

1878 337 1980 397 ΗΜ
2019 336 2411 399 ΜΑΤΤΗΒῘ.
2452 362 2524 374 -
2561 336 2723 398 CAP.
2765 334 2817 397 I.

3372 330 3479 398 158

185 454 394 529 σᾷῦδρα
426 453 615 517 πιστὸς
668 463 737 523 ην
808 452 920 515 τοῖς
951 452 1051 522 μὲν
1093 449 1203 520 γὰρ
1254 449 1481 520 ποιμέσι
1518 446 1775 518 φανερῶς

1880 457 2037 519 paret
2074 451 2150 513 ei,
2192 448 2335 517 quod
2387 446 2440 501 in
2475 445 2581 501 nde
2624 444 2855 500 multum
2890 450 3035 499 esset
3082 444 3295 499 ﬁrmus.
3342 441 3480 499 Nam

179 550 457 621 ὡμίλησεν
504 547 533 599 ό
587 544 841 617 ἄγγελος,
886 544 964 608 ὡς
1013 540 1314 613 ἀγροίκοις·
1344 539 1521 611 τούτῳ
1564 539 1642 604 δὲ,
1697 538 1773 599 ὼς

180 645 373 713 δικαίῳ
410 641 505 696 καὶ
538 638 737 711 πιστῷ,
770 637 894 693 καθ’
926 636 1097 690 ὕπνου
1119 651 1133 665 ⁸
1168 637 1286 698 πῶς
1328 634 1383 688 δὲ
1430 634 1533 688 οὐκ
1576 632 1773 703 ἔμελλε

182 734 497 797 πιστεῦσαι,
527 734 658 785 ὅταν
692 734 720 785 ὁ
764 728 995 799 ἄγγελος
1027 728 1308 781 ἐδίδασκεν
1344 728 1511 782 αὑτὸν
1538 726 1667 796 περὶ
1697 720 1773 780 ὧν

181 828 346 890 αὐτὸς
403 826 545 879 κατά
600 824 841 878 διάνοιαν
894 818 1031 891 εἶχε,
1061 822 1154 874 καὶ
1188 814 1419 891 περἰὧν
1465 822 1565 874 οὐκ
1591 821 1773 886 ἐξεῖπε
1829 888 1833 892 η

179 936 325 984 τινες
368 916 802 993 Ἐνθυμηθέντος
849 912 959 984 γὰρ
990 910 1180 975 αὐτοῦ,
1228 912 1343 965 ἀλλ’
1389 913 1490 964 οὐκ
1544 904 1775 983 ἐκλαλή-

179 1028 396 1077 σαντος,
446 1010 735 1077 ἐφίσταται
802 1004 951 1075 αὐτῷ
1004 1006 1032 1057 ό
1071 1005 1326 1074 ἅγγελος
1382 1005 1612 1067 εἰκότως
1675 1000 1771 1056 οὖν

177 1104 501 1159 ιπίστευσεν
540 1101 622 1155 ὅτι
653 1100 718 1152 ὲκ
740 1098 879 1152 Θεοῦ
910 1099 1047 1150 ἐστι·
1082 1094 1219 1149 Θεοῦ
1252 1097 1364 1167 γάρ
1402 1098 1462 1149 τὸ
1496 1097 1563 1149 τὰ
1596 1096 1772 1169 suae-

179 1198 321 1267 ῥητα
374 1192 595 1246 εἰδέναι.
633 1210 651 1243 ι
719 1190 920 1259 Ἰωσὴφ
968 1188 1085 1251 υίὸς
1130 1188 1317 1240 Δαυῖδ.
1359 1206 1377 1238 ι
1436 1188 1566 1240 Υἱὸν
1608 1184 1774 1239 Δαυῒδ

178 1284 333 1341 εἷπεν
354 1286 538 1346 αὑτὸν,
574 1281 1013 1352 ἀναμιμνήσκων
1041 1280 1227 1345 αὑτὸν,
1262 1281 1347 1333 ὅτι
1371 1283 1435 1333 ὲκ
1466 1279 1563 1333 τοῦ
1599 1280 1769 1350 σπέρ-

179 1398 356 1452 ματος
405 1376 571 1432 Δαυτδ
624 1375 1043 1447 προεφήτεύετο
1076 1374 1103 1426 ὁ
1135 1374 1373 1444 Χριστὸς
1405 1372 1648 1426 ἔσεσθαι·
1678 1373 1771 1426 καὶ

174 1473 402 1526 τοιαῦτα
467 1470 664 1537 λέγων,
726 1468 831 1531 ὅτι,
879 1466 953 1536 μὴ
1010 1463 1616 1535 άπίστει,ὲνθυμηθεὶς
1672 1464 1769 1517 τοῦ

174 1562 360 1625 Δαυῒδ,
387 1562 444 1626 ὃς
468 1541 804 1629 ὶπαγγελίαν
823 1557 1041 1620 ἐδέξατο
1069 1559 1199 1629 περὶ
1229 1558 1324 1611 τοῦ
1346 1557 1604 1629 Χριστοῦ.
1634 1576 1652 1608 ι
1678 1558 1769 1628 Μὴ

176 1654 417 1723 φοϐηθῇς
458 1650 823 1722 παραλαϐεῖν.
871 1668 889 1702 ι
922 1648 1502 1714 Δείκνυσινέντεῦθεν,
1528 1650 1609 1703 ὅτι
1643 1652 1770 1718 ἐφο-

176 1744 326 1798 ϐεῖτο
355 1743 526 1815 αὐτὴν
560 1743 727 1813 ἔχειν,
764 1743 838 1811 μή
879 1758 997 1805 πως
1028 1742 1385 1814 προσκρούσῃ
1411 1742 1488 1812 τῷ
1524 1741 1662 1813 Θεῷ,
1692 1741 1768 1805 ὡς

177 1837 464 1909 μοιχαλίδα
490 1836 649 1906 ἔχων.
688 1838 761 1888 Ἥ
793 1836 887 1888 καὶ
917 1835 1130 1900 ἄλλως,
1173 1836 1247 1906 μὴ
1293 1837 1562 1907 φοϐηθῇς,
1608 1854 1766 1889 τουτ-
1797 1815 1844 1874 Β

173 1931 313 1994 ἐστι,
348 1930 411 1981 σὺ
443 1929 541 1999 μὲν
573 1928 713 1998 φοϐῇ
752 1928 1141 1997 προσάψασθαι
1169 1927 1366 1997 αὐτῆς,
1399 1927 1474 1989 ὡς
1503 1930 1566 1981 ὲκ
1592 1928 1766 1983 Πνεῦ-

178 2039 350 2091 ματος
393 2022 550 2090 ἁγίου
600 2017 993 2088 συλλαϐούσης·
1024 2020 1162 2073 ἀλλὰ
1195 2021 1270 2090 μὴ
1304 2019 1472 2089 φοϐοῦ
1506 2022 1762 2092 παραλα-

174 2116 308 2179 δεῖν,
354 2114 661 2179 τουτέστιν,
692 2114 842 2167 ἔνδον
876 2115 1151 2183 κατέχειν*
1184 2118 1250 2185 τῇ
1288 2114 1392 2185 γὰρ
1418 2114 1631 2185 διανοίᾳ
1665 2113 1764 2169 κα)⁵

173 2211 237 2279 τῇ
270 2207 569 2278 ὲνθυμήσει
627 2206 726 2278 ήδη
770 2208 1039 2260 ἀπέλυσεν
1082 2208 1277 2279 αὑτήν.
1335 2227 1354 2260 ι
1394 2202 1629 2279 Μαριὰμ
1671 2207 1770 2280 τὴν

174 2300 411 2367 γυναῖκά
441 2315 559 2354 σου.
602 2314 619 2348 ι
682 2296 855 2351 Τοῦτο
897 2296 1045 2367 λέγει
1071 2298 1173 2362 ὅτι,
1219 2298 1294 2350 Σὺ
1347 2298 1450 2368 μὲν
1504 2299 1635 2363 ἴσως
1685 2316 1770 2352 νο-

179 2389 356 2461 μίζεις
398 2391 483 2443 ὅτι
528 2387 777 2460 μοιχαλίς
834 2374 1007 2444 ἐστιν.
1055 2391 1199 2458 Ἐγὼ
1258 2392 1314 2445 δὲ
1371 2391 1515 2459 λέγω
1560 2408 1642 2444 σοι
1682 2392 1765 2445 ὅτι

174 2464 307 2549 γυνή
341 2481 437 2533 σού
475 2483 611 2535 ἔστι.
649 2481 963 2557 Τουτέστιν,
1011 2483 1109 2553 οὐχ
1163 2483 1269 2535 ὑπό
1300 2500 1445 2545 τινος
1475 2483 1767 2553 διεφθάρη,

175 2571 311 2626 ἀλλὰ
335 2574 403 2643 σή
435 2575 551 2626 ἐστι
583 2572 819 2643 μνηστή.
858 2591 875 2623 ι
913 2573 986 2625 Τὸ
1019 2584 1130 2644 γαρ
1176 2574 1234 2625 ὲν
1295 2574 1439 2644 αὐτῇ
1474 2574 1762 2644 γεννηθὲν,

176 2668 239 2720 ix
267 2666 591 2738 Πνεύματός
621 2670 766 2719 ἐστιν
809 2666 988 2734 ἁγίου.
1029 2686 1047 2718 ›
1086 2668 1159 2719 Οὐ
1195 2667 1305 2738 γάρ
1340 2668 1499 2737 μόνον
1520 2668 1767 2738 ἀπήλλα-

177 2766 297 2813 κται
344 2758 667 2829 παρανόμου
712 2757 935 2829 μίξεως,
974 2758 1226 2812 ἀλλὰκαὶ
1272 2760 1414 2812 κατά
1452 2776 1574 2813 τινα
1631 2759 1771 2812 θειόο

174 2868 333 2921 τερον
367 2850 569 2923 τρόπον
610 2850 928 2911 συνέλαϐεν.
964 2850 1106 2904 ὥστε
1138 2852 1231 2904 καὶ
1265 2853 1423 2923 χαῖρε
1471 2852 1560 2905 διὰ
1607 2850 1771 2905 τοῦτο

222 2942 407 2996 ἄλλον.

222 2960 407 2996 αΑΑον.

178 2960 215 3013 μ
251 3053 270 3086 ι
307 3033 534 3099 Τέξεται
568 3032 624 3088 δὲ
658 3034 795 3088 υἱόν.
834 3052 852 3084 ι
889 3033 1008 3087 Ἵνα
1048 3035 1121 3105 μή
1149 3053 1233 3099 τις
1268 3034 1437 3099 εἴποι,
1478 3034 1575 3088 καὶ
1602 3035 1768 3088 πόθεν

1876 540 2103 611 angelus
2126 540 2341 608 quidem
2376 537 2715 608 pastoribus,
2742 543 2799 589 ut
2822 535 3159 607 agrestibus,
3188 534 3483 592 manifeste

1858 616 2092 689 locutus
2118 640 2203 685 est
2235 650 2249 686 :
2290 631 2416 684 lmic
2443 638 2625 684 autem
2660 639 2718 683 ιιι
2747 626 2896 698 justo
2923 636 2977 682 et
3006 627 3175 690 tideli,
3210 642 3306 696 per
3333 642 3484 683 som-

1876 742 2027 782 num.
2078 724 2361 791 Quomodo
2393 729 2576 778 autem
2614 736 2725 775 non
2759 720 3079 776 crediturus
3131 728 3312 783 esset,
3354 735 3480 775 cum

1876 818 2101 889 angelus
2126 817 2347 871 doceret
2389 830 2511 870 eum
2547 815 2615 868 de
2650 814 2717 867 iis
2756 829 2876 883 qua:
2902 814 3025 911 1ipse
3068 816 3252 867 animo
3294 829 3483 879 versa-

1873 912 1999 975 bat,
2046 920 2100 965 et
2150 910 2216 963 de
2261 908 2325 961 iis
2370 922 2491 977 quae
2540 906 2669 983 nulli
2713 902 2976 960 dixerat?
3014 902 3150 957 Nam
3197 921 3319 959 cum
3365 906 3484 975 ipse

1875 1004 2144 1073 cogitaret
2184 1011 2235 1055 ct
2290 1015 2395 1054 non
2429 1000 2765 1068 loqueretur,
2801 998 2973 1052 astitit
3010 997 3257 1066 angelus.
3287 996 3482 1052 Merito

1876 1080 2041 1166 igitur
2072 1094 2301 1149 credidit
2335 1108 2397 1147 ex
2434 1091 2544 1146 Deo
2578 1106 2720 1147 esse.
2759 1090 2850 1145 Dei
2888 1090 3033 1145 enim
3068 1102 3149 1144 est
3179 1091 3323 1145 scire
3357 1106 3480 1161 quae

1868 1205 1980 1253 non
2006 1187 2253 1242 etl'amur.
2282 1206 2299 1239 ι
2332 1179 2534 1254 Joseph
2566 1186 2635 1238 iili
2660 1185 2847 1239 David.
2884 1204 2902 1236 ι
2932 1183 3127 1239 Filium
3159 1185 3326 1239 David
3353 1200 3477 1240 eum

1874 1278 2032 1342 dixit,
2060 1278 2112 1331 in
2144 1277 2462 1331 memoriam
2496 1276 2761 1329 reducens
2794 1275 2937 1344 quod
2970 1290 3003 1344 p
3025 1277 3307 1330 raedictum
3338 1286 3479 1342 erat,

1874 1370 2116 1423 futurum
2150 1368 2429 1423 Christum
2458 1383 2523 1422 ex
2553 1367 2762 1423 semine
2788 1360 2981 1422 David.
3024 1368 3089 1422 Et
3118 1369 3235 1424 haec
3264 1368 3475 1433 dicens,

1874 1461 2155 1516 admonuit
2189 1469 2247 1515 ut
2282 1476 2389 1515 non
2426 1458 2797 1527 discrederet,‘
2846 1460 2943 1515 sed
2976 1463 3241 1531 cogitaret
3285 1461 3477 1527 David,

1872 1554 1965 1625 qui
1994 1553 2413 1623 promissionem
2446 1561 2735 1623 acceperat
2758 1553 2823 1608 de
2848 1553 3093 1611 Christo.
3124 1574 3141 1607 ι
3177 1555 3255 1610 Ne
3284 1556 3482 1610 timeas

1872 1649 2142 1718 accipere.
2190 1666 2209 1699 ι
2239 1646 2490 1702 Ostendit
2517 1647 2602 1701 hic
2632 1647 2774 1715 quod
2812 1651 3070 1703 metuerit
3100 1648 3300 1702 habere
3332 1664 3477 1715 eam,

1875 1757 1941 1795 ne
1975 1738 2115 1794 forte
2141 1738 2439 1795 oﬂenderet
2464 1738 2660 1801 Deum,
2688 1739 2766 1793 uti
2798 1739 3107 1793 adulteram
3144 1738 3356 1805 fovens,
3387 1749 3484 1793 aut

1874 1832 2051 1887 aliter.
2084 1831 2161 1886 Ne
2193 1832 2411 1896 timeas,
2442 1832 2544 1885 hoc
2578 1818 2682 1894 est,
2716 1840 2770 1883 tu
2804 1831 3023 1899 quidem
3059 1830 3219 1885 times
3251 1830 3473 1899 adjungi

1872 1924 1974 1990 illi,
2008 1926 2133 1994 quia
2166 1940 2231 1980 ex
2265 1922 2476 1995 Spiritu
2511 1933 2701 1978 sancto
2732 1924 3006 1992 concepit,
3045 1922 3141 1977 sed
3170 1934 3237 1977 ne
3278 1922 3475 1977 timeas

1873 2019 2144 2088 accipere,
2178 2017 2280 2071 hoc
2307 2025 2409 2081 est,
2446 2017 2589 2071 domi
2620 2026 2671 2070 et
2715 2018 2860 2070 intus
2895 2027 3105 2071 tenere.
3132 2014 3483 2086 Cogitatione

1872 2112 2016 2167 enim
2059 2119 2115 2164 et
2157 2122 2340 2164 mente
2381 2110 2494 2180 jam
2544 2110 2935 2165 amen-laverat
2983 2124 3127 2163 eam.
3173 2118 3191 2160 ι
3252 2108 3479 2164 Marium

1873 2188 2105 2257 uxorem
2130 2213 2299 2267 tuam,
2334 2219 2352 2253 ›
2383 2201 2492 2256 11οο
2519 2202 2670 2256 dicit.
2697 2201 2775 2255 Tu
2802 2200 3021 2273 quidem
3051 2200 3289 2255 fortasse
3315 2212 3479 2269 putas

1873 2293 2181 2348 adulteram
2217 2306 2337 2347 esse
2371 2311 2383 2346 :
2419 2306 2520 2359 ego
2570 2301 2755 2349 autem
2805 2291 2898 2345 tibi
2939 2291 3100 2358 dico,
3154 2292 3298 2361 quod
3344 2306 3484 2347 uxor

1881 2394 1971 2439 tua
2012 2385 2129 2439 sit:
2164 2386 2267 2439 hoc
2298 2375 2403 2447 est,
2441 2383 2585 2453 quod
2624 2398 2653 2438 a
2678 2382 2841 2443 nullo
2879 2383 3065 2437 vitiata
3090 2424 3104 2448 ,
3142 2385 3236 2438 sed
3276 2395 3367 2438 tua
3409 2386 3485 2439 sit

1873 2492 2074 2547 sponsa
2102 2494 2115 2530 :
2150 2494 2167 2529 ι
2200 2477 2352 2543 Quod
2384 2477 2527 2531 enim
2554 2477 2606 2530 in
2629 2491 2690 2530 ea
2718 2486 2927 2541 natum,
2952 2491 3018 2531 ex
3055 2475 3260 2543 Spiritu
3282 2474 3481 2530 sancto

1875 2580 1980 2627 est.
2024 2594 2041 2624 ι
2089 2566 2204 2626 Non
2239 2571 2396 2625 'enim
2431 2570 2605 2624 solum
2650 2569 2821 2623 libera
2855 2577 2940 2625 est
2981 2569 3048 2623 ab
3085 2570 3277 2625 illicito
3306 2570 3476 2634 coitu,

1874 2663 1966 2719 sed
2002 2672 2058 2717 et
2092 2663 2361 2717 diviniore
2394 2662 2632 2731 quodam
2701 2662 2863 2715 modo
2914 2662 3184 2731 concepit,
3237 2670 3291 2717 et
3322 2674 3483 2731 prop-

1880 2765 2035 2812 terea
2075 2755 2278 2809 reetius
2317 2754 2555 2822 gaudere
2594 2752 2779 2809 debes.

1946 3033 2113 3088 Vsus.
2175 3033 2268 3090 21.
2318 3052 2336 3085 ι
2378 3032 2563 3089 Pariet
2598 3042 2777 3087 autem
2832 3032 3021 3088 lilium.
3074 3053 3091 3085 ι
3135 3032 3205 3091 Ut
3254 3050 3321 3090 ne
3358 3037 3485 3106 quis

177 3140 259 3178 σοι
319 3124 624 3190 πιστεύσω,
655 3127 739 3179 ὅτι
794 3126 858 3178 ὲκ
909 3126 1227 3197 Πνεύματός
1281 3129 1613 3199 ὲστιςτΦησὶ
1641 3130 1769 3200 περὶ

1878 3126 2046 3191 dicat,
2087 3118 2141 3180 e’t
2183 3125 2325 3179 unde
2367 3125 2460 3180 tibi
2490 3125 2713 3179 credam
2748 3126 2892 3195 quod
2937 3141 3003 3180 ex
3041 3124 3247 3195 Spiritu
3286 3136 3483 3186 sancto

176 3216 266 3270 τοῦ
294 3215 605 3287 μέλλοντος,
636 3215 719 3270 ὅτι
744 3216 956 3285 τέξεται
984 3218 1120 3272 υἱόν.
1160 3220 1221 3271 Ei
1260 3220 1368 3290 γὰρ
1400 3220 1532 3292 περὶ
1572 3220 1767 3275 τούτου

1878 3222 2002 3277 est?
2048 3221 2181 3275 dicit
2212 3220 2278 3275 de
2309 3218 2494 3276 futuro
2536 3220 2678 3290 quod
2707 3221 2951 3291 paritura
2978 3222 3051 3275 sit
3079 3221 3300 3278 Filium.
3338 3223 3474 3278 Nam

176 3308 489 3381 ἀληθεύσω,
528 3307 751 3380 εὔδηλον
778 3309 861 3363 ὅτι
893 3312 988 3363 καὶ
1025 3311 1106 3377 τὸ,
1135 3312 1198 3363 ὲκ
1239 3312 1558 3383 Πνεῦματος
1588 3313 1768 3382 ἁγίου,

182 3400 385 3472 ἀληθές
424 3404 592 3457 ἐστιν·
625 3403 725 3456 οὐκ
767 3398 889 3456 εἷπε
919 3404 995 3468 δὲ,
1020 3403 1237 3469 τέξεταί
1271 3422 1375 3471 σοι,
1410 3404 1524 3456 ἀλλ’
1558 3405 1769 3472 ἁπλῶς,

174 3495 414 3559 τέξεταιο
455 3495 515 3547 οὔ
552 3494 660 3565 γάρ
694 3490 886 3566 ἐκείνῳ
933 3495 1167 3561 ἔτικτεν,
1206 3496 1341 3550 ἀλλὰ
1371 3498 1436 3567 τῇ
1467 3499 1773 3571 οἰκουμένῃ

176 3586 345 3659 πάστγ
388 3584 514 3638 οὐδὲ
562 3587 643 3649 είς
679 3588 890 3639 ἐκεῖνον
933 3588 1095 3657 μόνον
1142 3588 1175 3658 ή
1221 3589 1384 3658 χάρις
1431 3591 1769 3661 περιΐστατο,

174 3677 287 3734 ἀλλ’
324 3681 406 3743 είς
437 3678 649 3743 πάντας
690 3678 953 3749 ἐξεχεῖτο.
986 3700 1005 3729 ι
1057 3680 1170 3732 Καὶ
1216 3681 1470 3743 καλέσεις
1508 3682 1567 3734 τὸ
1597 3681 1771 3752 δνομα

176 3771 363 3835 αὐτοῦ,
412 3768 639 3841 Ἰησοῦν.
671 3789 689 3821 ι
726 3770 799 3823 Σὺ
834 3770 1114 3835 καλέσεις,
1157 3772 1232 3834 ὡς
1263 3770 1423 3841 δῆθεν
1450 3773 1650 3841 πατὴρ,
1679 3776 1772 3827 καὶ

174 3866 249 3929 ὼς
294 3863 559 3935 κηδεμὼν
616 3865 735 3935 ’τῆς⁸
770 3864 1073 3934 Παρθένου·
1127 3864 1201 3935 μὴ
1259 3866 1367 3933 γὰρ
1419 3862 1772 3935 ὑπολάμϐανε

189 3956 407 4027 Ἱωσὴςρ,
441 3957 525 4010 ὅτι
571 3957 694 4008 ἐπεὶ
730 3956 843 4009 ἀπὸ
891 3955 1209 4025 Πνεύματός
1242 3958 1391 4009 ἐστιν
1422 3958 1455 4026 ἡ
1487 3956 1770 4027 σύλληψις,

180 4048 421 4118 ἀνθήσεις
452 4047 552 4118 τὴν
577 4046 854 4118 Παρθένον
878 4045 1203 4117 ἀϐοήθητον.
1225 4046 1366 4099 Ἀλλ’
1394 4048 1771 4119 ὑπουργήσεις

144 4138 150 4145 ’
176 4140 233 4191 ἢν
263 4140 500 4217 ἅπασιν.
543 4156 561 4189 ι
594 4138 769 4201 Αὐτὸς
798 4137 909 4207 γάρ
960 4133 1126 4190 σώσει
1169 4136 1264 4189 τὸν
1314 4138 1440 4190 λαὸν
1470 4138 1635 4190 αὑτοῦ
1665 4138 1773 4191 άπὸ

174 4230 280 4287 τῶν
315 4232 611 4315 ἁμαρτιῶν
674 4232 881 4284 αὐτῶν.
942 4250 960 4282 ι
1002 4229 1270 4284 Ἐνταῦθα
1337 4229 1631 4300 ἑρμηνεύει
1662 4272 1675 4295 ,
1712 4229 1774 4282 τὸ

186 4324 398 4389 Ἰησοῦς
461 4324 516 4376 τί
570 4323 741 4394 δηλοῖ,
792 4324 873 4376 ὃτι
913 4325 1127 4395 Σωτήρ.
1190 4323 1363 4386 Αὐτὸς
1417 4325 1546 4394 γάρ,
1615 4325 1768 4394 φησι,

176 4417 341 4471 σώσει
368 4402 467 4470 τὸν
493 4405 623 4471 λαθιν
658 4416 821 4471 αὐτοῦ
851 4433 866 4449 ο
889 4417 950 4469 οὐ
988 4417 1150 4486 μόνον
1172 4416 1264 4469 τὸν
1286 4416 1603 4483 Ἰουδαϊκὸν,
1635 4416 1774 4470 ἀλλὰ

1874 3314 1919 3368 si
1963 3315 2028 3368 de
2060 3314 2163 3367 hoc
2203 3327 2394 3367 verum
2448 3314 2637 3368 dixero
2663 3352 2678 3379 ,
2714 3312 3069 3377 manifestum
3113 3323 3196 3369 est
3232 3317 3377 3384 quod
3427 3324 3495 3382 et-

1874 3408 1998 3470 hoc,
2032 3407 2175 3476 quod
2205 3422 2269 3461 ex
2304 3403 2511 3474 Spiritu
2548 3414 2741 3461 sancto
2766 3444 2779 3469 ,
2818 3420 3007 3458 verum
3051 3418 3151 3461 est.
3192 3406 3309 3460 Non
3342 3409 3485 3462 dixit

1874 3509 2091 3566 autem,
2139 3499 2317 3570 pariet
2371 3500 2508 3564 tibi,
2556 3499 2652 3553 sed
2688 3497 3058 3567 aimpliciter,
3112 3500 3311 3569 pariet.
3360 3499 3489 3556 Non

1874 3596 2019 3651 enim
2054 3594 2268 3662 peperit
2305 3593 2400 3657 illi,
2435 3591 2533 3648 sed
2566 3593 2661 3645 toti
2692 3591 2810 3646 orbi
2847 3609 2859 3645 :
2900 3606 3076 3661 neque
3104 3593 3180 3646 illi
3210 3593 3313 3647 soli
3349 3610 3488 3663 gra-

1876 3687 1948 3741 tia
1992 3686 2133 3740 facta
2166 3695 2271 3751 est,
2302 3687 2396 3739 sed
2434 3686 2487 3737 in
2518 3697 2713 3739 omnes
2743 3683 2914 3738 elfusa
2948 3695 3054 3740 est.
3095 3703 3113 3736 ι
3157 3686 3221 3740 Ει
3258 3688 3481 3743 vocabis

1874 3794 2073 3834 nomen
2121 3779 2240 3848 ejus
2263 3817 2278 3843 ,
2312 3777 2520 3832 Jesum.
2564 3795 2595 3828 »ν
2626 3775 2709 3831 Tu
2731 3778 2977 3844 vocabis,
3010 3787 3195 3849 utpote
3227 3789 3403 3848 pater,
3428 3792 3484 3835 et

1876 3884 2063 3923 curam
2112 3882 2309 3938 gerens
2351 3866 2635 3937 Virginis,
2696 3882 2872 3937 neque
2929 3871 3229 3937 suspiceris
3278 3869 3478 3940 Juseplt

1868 3961 2015 4030 quod
2055 3961 2180 4029 quia
2218 3974 2247 4013 a
2286 3958 2495 4029 Spiritu
2540 3968 2625 4013 est
2662 3964 2972 4030 ceuceptio,
3031 3962 3311 4033 Virginem
3358 3966 3481 4017 ideo

1875 4055 2153 4108 dimittere
2177 4052 2377 4106 debeas
2403 4049 2673 4117 adjutorio
2704 4048 3047 4119 dcstitutam,
3082 4057 3173 4107 sed
3203 4054 3482 4111 ministra-

1874 4152 1957 4206 bis
1986 4151 2035 4205 ei
2065 4150 2120 4205 in
2147 4149 2422 4204 omnibus.
2456 4167 2474 4201 ι
2504 4149 2555 4203 ls
2585 4150 2730 4203 enim
2759 4150 2993 4204 salvabit
3027 4151 3288 4221 populum
3316 4166 3479 4205 suum

1878 4260 1908 4298 a
1938 4243 2183 4313 peccatis
2208 4244 2342 4297 suis.
2375 4259 2393 4293 ι
2428 4239 2544 4297 Hoc
2580 4242 2697 4297 loco
2724 4243 3119 4312 interpretatur
3152 4244 3280 4310 quid
3310 4244 3481 4312 signi-

1876 4339 2001 4393 ﬁcet
2022 4337 2197 4398 Iesus,
2232 4353 2423 4407 nempe
2457 4337 2822 4391 Salvatorem.
2856 4337 2974 4406 Ipse
2999 4340 3170 4400 enim,
3200 4340 3399 4407 inquit,
3423 4338 3481 4409 9

1878 4432 2110 4486 salvabit
2148 4414 2403 4501 populum
2436 4446 2591 4484 suum
2628 4449 2641 4482 :
2681 4444 2790 4484 non
2828 4432 3005 4483 solum
3033 4430 3347 4494 Judaicum,
3385 4437 3481 4485 sed

174 4510 268 4564 καὶ
324 4510 424 4563 τὸν
475 4508 711 4573 ὲθνικδν,
755 4508 852 4561 τὸν
899 4507 1285 4561 σπουδάσαντα
1330 4508 1622 4560 πιστεῦσαι
1677 4510 1773 4561 καὶ

1879 4534 1934 4580 et
1967 4516 2235 4579 Gentile'm
2258 4566 2272 4591 ,
2314 4524 2406 4593 qui
2444 4524 2676 4578 credere
2709 4532 2764 4577 et
2794 4523 2910 4577 ﬁeri
2953 4525 3184 4593 populus
3216 4526 3338 4595 ejus
3375 4541 3481 4584 nou

175 4600 433 4671 γενέσθαι
481 4602 615 4654 λαὸν
675 4598 863 4654 αὐτοῦ.
921 4599 1092 4653 Πόθεν
1142 4599 1199 4652 δὲ
1227 4599 1429 4666 σώσει;
1472 4595 1619 4670 *Αρα
1664 4599 1775 4652 ἀπὸ

175 4695 475 4767 πολέμωνς
515 4695 672 4764 Οὐχὶ,
734 4693 872 4748 ἀλλὰ
922 4678 1032 4746 ἀπδ
1086 4691 1194 4745 τῶν
1245 4693 1532 4764 ἁμαρτιῶν
1573 4691 1770 4745 αὐτῶν·

174 4789 293 4844 ὅθεν
328 4788 497 4861 δῆλον
531 4788 615 4841 ὅτι
640 4786 775 4850 Θεός
799 4787 946 4839 ἐστιν
972 4788 1000 4839 ὁ
1024 4785 1448 4857 τεχθησόμενος,
1483 4786 1619 4841 Θεοῦ
1665 4785 1773 4857 γὰρ

180 4885 341 4954 μόνου
376 4881 443 4934 τὸ
476 4882 786 4951 συγχωρεῖν
820 4879 1118 4952 ἁμαρτίας.
1170 4870 1177 4877 ’

251 4998 269 5030 ι
307 4976 488 5031 Τοῦτο
512 4976 569 5029 δὲ
599 4976 721 5029 ὅλον
747 4976 997 5045 γέγονεν,
1053 4973 1445 5047 ἵνανπληρωθῇ
1494 4973 1556 5027 τὸ
1609 4972 1775 5047 ῥηθὲν

176 5072 280 5127 ὑπὸ
296 5072 392 5125 τοῦ
424 5073 637 5141 Κυρίου
670 5070 759 5124 διὰ
790 5068 886 5123 τοῦ
918 5072 1227 5141 προφήτου,
1268 5071 1521 5149 λέγοντος
1544 5088 1579 5128 '_
1603 5090 1622 5124 ι
1678 5074 1777 5143 Μὴ

174 5170 403 5239 νομίσῃς
427 5168 520 5221 ὅτίι
547 5167 741 5219 νεωστὶ
770 5165 945 5220 ταῦτα
970 5165 1116 5231 εδοξε
1132 5166 1211 5238 τῷ
1232 5166 1372 5238 Θεῷ,
1401 5168 1538 5221 ἀλλὰ
1560 5166 1801 5221 ηᾶνωθενο

173 5261 269 5312 καὶ
301 5259 363 5324 ἐξ
391 5261 599 5330 ἀρχῆς.
629 5254 788 5321 Οἶδας
817 5259 948 5329 γάρ,
980 5255 1026 5311 ὢ
1054 5258 1277 5330 Ἰωσὴφ,
1304 5261 1429 5324 τοὺς
1462 5262 1768 5333 προφήτας,

176 5349 247 5413 ὡς
281 5350 641 5422 νόμομαθής.
666 5351 777 5405 Καὶ
822 5350 1164 5423 ἐνθυμήθητι
1216 5350 1280 5404 τὸ
1323 5352 1487 5431 ῥηθὲν
1522 5354 1630 5407 ὑπὸ
1677 5354 1771 5407 τοῦ

180 5442 414 5513 Κυρίου*
455 5444 561 5495 οὐκ
587 5438 713 5496 εἷπε
754 5442 815 5495 τὸ
868 5442 1031 5513 ῥηθὲν
1066 5443 1173 5497 ὑπὸ
1221 5442 1470 5509 Ἡσαΐου,
1505 5443 1621 5498 ἀλλ’
1670 5447 1774 5501 ὑπὸ

175 5530 266 5589 τοῦ
298 5536 540 5607 Κυρίου.
572 5536 648 5588 Οὐ
676 5536 784 5608 γάρ
808 5536 1095 5606 ἄνθρωπος
1130 5536 1564 5609 ἐλάλησενράλῖ
1592 5544 1619 5595 ὁ
1639 5541 1773 5608 Θεὸς

177 5625 259 5681 διὰ
287 5629 568 5700 στόματος
590 5630 684 5682 τοῦ
712 5629 1004 5702 ἀνθρώπου
1026 5647 1038 5660 ⁸
1070 5631 1210 5684 ὥστε
1238 5630 1555 5699 ἀξιόπιστος
1575 5636 1604 5688 ό
1636 5654 1772 5707 χρη-

182 5720 334 5790 σμός.

255 5834 274 5866 ι
322 5816 457 5871 Ἰδοὺ
497 5817 532 5890 ἡ
574 5813 847 5888 Παρθένος
894 5818 951 5873 ἐν
1004 5821 1207 5895 γαστρὶ
1249 5802 1380 5893 ἕξει.
1424 5841 1442 5876 ι
1506 5822 1676 5878 Φασὶν
1726 5825 1775 5877 οἱ
1855 5827 1859 5831 ’

1878 4618 2301 4673 addubitaverit.
2344 4617 2631 4685 Quomodo
2679 4618 3191 4673 atttemrsalvabit?
3241 4637 3370 4674 num
3416 4620 3485 4674 ab

1880 4710 2167 4767 hostibus?
2204 4710 2450 4775 minime,
2478 4708 2573 4764 sed
2602 4725 2629 4763 a
2660 4710 2900 4778 peccatis
2931 4712 3044 4766 suis
3079 4729 3092 4765 :
3133 4714 3273 4765 unde
3306 4714 3483 4768 mani-

1879 4803 2102 4868 festum,
2140 4800 2308 4854 Deum
2352 4814 2473 4855 esse
2519 4802 2611 4871 qui
2662 4812 2944 4857 nascetur.
2997 4801 3181 4858 Solius
3215 4806 3359 4859 enim
3389 4786 3487 4860 Dei

1878 4905 1962 4952 est
1998 4895 2313 4951 condonare
2342 4905 2587 4965 peccata.

1952 4988 2237 5045 Vans.22.
2280 5008 2299 5041 ι
2371 4988 2483 5042 11οο
2538 4997 2718 5043 autem
2774 4998 2948 5044 totum
3001 4990 3207 5045 factum
3259 5000 3375 5055 est,
3427 5000 3489 5045 ttt

1880 5085 2242 5153 adimpleatur
2272 5081 2417 5152 quod
2443 5081 2651 5137 dictum
2684 5092 2767 5137 est
2793 5099 2821 5136 a
2857 5078 3086 5138 Domino
3120 5100 3217 5152 per
3245 5084 3492 5154 prophe—

1882 5189 2014 5243 tam,
2046 5179 2341 5241 dicentem,
2398 5194 2416 5226 ι
2455 5174 2534 5230 Ne
2572 5188 2766 5245 putes,
2814 5178 2957 5246 quod
2996 5193 3171 5245 nuper
3213 5178 3326 5233 haec
3364 5178 3483 5249 pla-

1881 5284 2006 5328 cere
2040 5270 2367 5339 inctrperiut
2409 5268 2556 5334 Deo,
2589 5269 2685 5325 sed
2721 5270 3099 5338 superioribus
3132 5271 3349 5326 saeculis
3373 5313 3387 5334 .
3428 5282 3485 5328 et

1881 5350 2161 5428 abinitio.
2204 5363 2327 5418 Scis
2363 5364 2537 5443 enim,
2572 5377 2605 5417 ο
2635 5361 2872 5433 Joseph,
2912 5365 3210 5435 prophetas
3241 5384 3252 5419 :
3296 5376 3487 5433 utpote

1881 5458 1937 5511 in
1967 5458 2083 5527 lege
2126 5457 2339 5512 doctus.
2377 5456 2440 5510 Et
2479 5457 2857 5513 animadverte
2902 5458 3049 5526 quod
3095 5460 3299 5512 dictum
3332 5472 3415 5514 est
3451 5475 3482 5515 a

1883 5550 2135 5605 Domino.
2182 5547 2300 5602 Non
2344 5557 2524 5603 autem
2561 5549 2735 5613 dixit,
2766 5549 2975 5605 dictum
3005 5551 3070 5606 ab
3101 5550 3239 5606 lsaia
3271 5592 3283 5617 ,
3322 5555 3417 5608 sed
3450 5570 3483 5609 a

1884 5625 2131 5699 Domino.
2169 5641 2286 5698 Non
2319 5644 2463 5697 enim
2496 5643 2662 5698 homo
2686 5644 2903 5700 locutus
2936 5655 3042 5711 est,
3079 5647 3173 5701 sed
3210 5647 3352 5702 Deus
3385 5662 3487 5716 per

1883 5749 1942 5790 os
1978 5721 2213 5789 hominis
2244 5750 2257 5788 :
2293 5734 2435 5789 unde
2466 5733 2570 5789 [ide
2602 5735 2826 5806 dignum
2855 5738 3138 5791 oraculum
3166 5748 3274 5792 est.

1955 5824 2120 5883 Vens.
2152 5823 2243 5882 ‘23.
2280 5843 2298 5876 ι
2328 5824 2466 5882 Ecce
2491 5824 2657 5899 Virgo
2690 5825 2740 5881 in
2773 5833 2929 5883 utero
2955 5826 3196 5884 habebit.
3221 5846 3239 5880 ι
3284 5828 3484 5885 Dicunt
