4080 6336
572 380 675 447 159

1454 373 2034 443 THEOPHYLACTI
2072 367 2487 433 BULGARIE
2520 369 2727 431 ABCH
2741 368 2888 431 [ΕΡ.

3729 355 3839 417 ibi)

570 488 803 553 Hebraei,
852 486 995 556 quod
1022 500 1128 541 non
1171 485 1439 541 habeatur
1493 482 1547 537 in
1607 483 1905 553 propheta,
1950 478 2139 552 Virgo,

2258 478 2519 550 Ἑϐραῖοι,
2565 476 2945 531 ὃτιοὺκείται
2981 473 3038 525 ὲν
3084 470 3161 543 τῷ
3206 470 3486 543 προφήτῃ.
3537 464 3837 536 παρθένος.

570 575 667 633 sed
720 575 1142 633 adulescentula.
1199 574 1277 629 Ad
1338 570 1478 642 quod
1532 570 1825 627 dicendum
1883 570 2027 642 quod
2086 571 2143 624 in

572 667 854 739 Scriptura
889 667 1030 723 idem
1078 666 1149 722 sit
1189 663 1589 719 adolescentula
1640 672 1695 718 et
1741 664 1911 733 virgo.
1953 662 2146 718 Adole-

571 761 871 817 scentulam
907 762 1051 815 enim
1088 757 1327 812 nominat
1360 758 1751 826 incorruptam,
1787 755 1999 823 deinde,
2043 755 2144 811 nisi

573 853 870 925 peperisset
900 850 1061 920 Virgo
1094 867 1107 903 :
1141 850 1408 919 quomodo
1438 848 1676 904 futurum
1706 856 1822 904 erat
1854 849 2063 919 signum
2094 856 2149 903 ct.

574 943 925 999 admirabile?
954 942 1088 997 Audi
1122 944 1267 997 enim
1298 942 1489 997 lsaiam
1521 944 1824 997 dicentem:
1871 961 1888 994 ι
1921 942 2147 1012 Propter

576 1038 677 1091 hoc
715 1035 865 1090 dabit
898 1034 1155 1089 Dominus
1192 1034 1307 1105 ipse
1344 1036 1494 1091 vobis
1528 1036 1767 1104 signum.
1804 1054 1823 1087 ι
1863 1035 1928 1090 Et
1961 1037 2145 1090 statim

574 1127 753 1194 addit,
798 1147 817 1180 ι
854 1126 994 1183 Ecce
1038 1128 1223 1194 Virgo,
1268 1146 1287 1179 ι
1323 1138 1429 1184 etc.
1450 1122 1668 1198 Alioqui
1703 1129 1748 1183 si
1782 1144 1890 1183 non
1935 1136 2147 1197 pareret

579 1218 776 1290 Virgo,
822 1220 1033 1291 signum
1067 1235 1171 1276 non
1203 1227 1369 1274 esset.
1402 1220 1710 1293 Depravant
1743 1220 1908 1291 igitur
1932 1220 2146 1277 Hebrati

573 1324 669 1365 sua
706 1309 909 1363 malitia
946 1309 1311 1379 Scripturam,
1343 1318 1399 1366 et
1430 1326 1529 1381 pro
1563 1310 1805 1382 Virgine,
1837 1310 2148 1367 adolescen-

574 1402 739 1457 tulam
790 1413 1016 1473 ponunt.
1062 1403 1232 1474 Igitur
1280 1404 1845 1475 siveadolescentula
1903 1416 2144 1469 voretur,

576 1494 690 1548 sire
724 1492 901 1563 Virgo,
930 1497 1151 1549 omnino
1173 1495 1452 1565 Virginem
1477 1496 1775 1567 intelligere
1798 1506 2008 1568 Oportet
2028 1512 2148 1552 eam

576 1599 695 1654 qua:
735 1588 976 1656 paritura
1008 1599 1173 1653 esset,
1209 1597 1266 1642 ut
1300 1598 1353 1642 et
1392 1588 1494 1643 hoc
1524 1588 1596 1643 sit
1633 1589 1974 1643 miraculum.
2022 1606 2041 1640 ‹
2083 1588 2149 1641 Ει

577 1677 750 1746 pariet
794 1677 959 1733 [ilium
983 1720 999 1745 ,
1047 1688 1103 1733 ct
1136 1679 1405 1734 voeabunt
1441 1694 1633 1734 nomen
1663 1680 1778 1751 ejus
1807 1680 2145 1745 Emmanuel,

577 1769 719 1837 quod
763 1769 1171 1840 interpretatur,
1219 1770 1511 1827 Nobiscum
1559 1771 1718 1829 Deus.
1761 1792 1780 1826 ι
1810 1774 2002 1829 Dicunt
2048 1775 2148 1830 He-

577 1859 731 1924 braei,
764 1859 1040 1926 Quomodo
1085 1863 1246 1933 igitur
1291 1881 1395 1920 non
1432 1879 1657 1922 vocatus
1689 1877 1772 1922 est
1810 1867 2147 1933 Emmanuel,

579 1952 673 2006 sed
720 1951 878 2009 Jesus
927 1955 1225 2011 Christus?
1278 1958 1571 2013 Dicendum
1621 1960 1803 2030 itaque
1850 1961 1991 2029 quod
2046 1976 2151 2015 non

580 2045 717 2099 dixit
746 2044 999 2112 Vocabis,
1033 2049 1127 2103 sed
1163 2046 1461 2115 Vocabunt,
1499 2051 1553 2106 id
1578 2061 1679 2119 est,
1710 2067 1876 2121 opera
1908 2052 2026 2121 ejus
2060 2056 2153 2109 de-

579 2140 963 2193 monstrabunt
997 2154 1118 2195 eum
1152 2141 1319 2195 Deum
1343 2157 1489 2207 esse,
1524 2153 1578 2199 et
1612 2145 1892 2199 nobiscum
1926 2160 2155 2201 conver-

579 2229 708 2282 sari.
757 2228 946 2283 Divina
992 2230 1134 2284 enim
1190 2230 1476 2302 Scriptura
1517 2248 1583 2288 ex
1629 2235 1885 2303 operibus
1928 2236 2155 2304 imponit

580 2317 818 2381 nomina,
849 2319 990 2372 sicut
1021 2335 1140 2374 cum
1168 2320 1298 2375 dicit
1328 2338 1342 2374 :
1380 2321 1520 2377 Voca
1550 2339 1743 2379 nomen
1771 2326 1909 2393 ejus,
1947 2323 2157 2381 Veloci-

587 2420 666 2463 ter
702 2412 962 2478 praedare.
998 2409 1186 2473 Etubi
1220 2404 1444 2469 vocatus
1491 2423 1573 2469 est
1609 2417 1731 2485 quis
1776 2418 1864 2471 tali
1899 2418 2157 2472 nomine?

586 2498 723 2565 Quia
752 2486 917 2555 simul
947 2512 1007 2556 ut
1033 2514 1190 2557 natus
1213 2514 1296 2557 est
1327 2503 1611 2572 Dominus,
1640 2508 1882 2576 direptus
1906 2518 1962 2563 et
1992 2508 2161 2579 capti-

585 2607 684 2647 vus
724 2586 983 2648 adductus
1015 2606 1098 2650 est
1131 2610 1307 2659 error,
1351 2598 1431 2650 sic
1463 2597 1663 2654 dicitur
1698 2579 2005 2656 nominatus
2037 2617 2160 2658 esse

583 2685 996 2755 appellationem
1031 2685 1100 2740 ab
1125 2700 1287 2756 Opere
1329 2698 1544 2742 nactus.

658 2861 822 2917 Vens.
862 2861 953 2915 24.
994 2880 1012 2914 ι
1066 2861 1348 2916 Excitatus
1387 2871 1566 2919 autem
1609 2863 1811 2935 Joseph
1864 2881 1892 2920 a
1944 2882 2158 2932 somno,

589 2946 715 3003 fecit
742 2960 801 3003 ut
834 2948 1139 3017 injunxerat
1167 2951 1270 3004 Slbi
1297 2950 1538 3021 Angelus
1572 2952 1805 3010 Domini.
1838 2974 1856 3007 ι
1890 2954 2020 3010 Vide
2045 2956 2162 3010 aui-

590 3055 735 3094 mum
777 3041 1031 3103 alacrem,
1061 3044 1333 3109 quomoJo
1366 3046 1547 3099 statim
1582 3048 1869 3105 obedierit.
1894 3068 1934 3101 λι
1978 3048 2043 3104 Ει
2076 3065 2163 3106 ac-

2247 574 2405 637 ἁλλὰ,
2430 574 2608 635 νεᾶνις
2628 588 2643 603 ο
2673 570 2812 641 πρὸς
2842 567 2936 632 οὓς
2962 565 3184 620 λεκτέον
3216 566 3297 618 ὅτι
3330 564 3391 617 τὸ
3415 564 3599 623 νεᾶνις
3630 560 3728 612 καὶ
3770 556 3839 611 τὸ

2249 665 2522 737 παρθένος
2563 663 2757 716 ταυτόν
2790 664 2905 716 ἐστι
2938 658 3089 725 παρὰ
3120 659 3187 729 τῇ
3217 657 3410 728 Γραφῇ
3443 670 3456 686 ³
3483 653 3701 708 νεάνιδα
3723 650 3841 723 γὰρ

2248 756 2504 826 ὀνομάζει
2526 754 2623 826 τὴν
2647 752 3009 823 ἁδιάφθορονο
3043 750 3257 814 ἔπειτα,
3295 749 3344 800 εί
3394 746 3468 817 μὴ
3504 745 3655 797 ἔτεκε
3694 758 3843 813 παρ-

2250 845 2425 910 θένος,
2456 843 2573 907 πῶς
2604 841 2827 913 ἔμελλεν
2869 834 3010 895 εἶναι
3058 838 3283 908 σημεῖον
3328 836 3425 889 καὶ
3478 829 3837 903 παράδοξονς

2254 939 2460 991 ΙἌκουε
2491 936 2598 1007 γὰρ
2630 933 2724 988 τοῦ
2765 934 2987 987 Ἡσαΐου
3039 930 3289 998 λέγοντος
3314 943 3331 958 ο
3373 946 3391 979 t
3420 925 3520 979 Διὰ
3546 923 3705 978 τοῦτο
3730 921 3841 974 δὼ-

2253 1046 2334 1083 σει
2365 1028 2568 1101 Κύριος
2603 1027 2762 1092 αὐτὸς
2787 1026 2914 1097 ὑμῖν
2938 1025 3193 1095 σημεῖον·
3230 1041 3250 1073 ›
3290 1021 3383 1073 καὶ
3412 1017 3573 1081 εὐθὺς
3596 1017 3844 1084 ἐπάγον-

2250 1140 2340 1186 τος
2365 1137 2379 1151 ”
2423 1120 2606 1173 (Ἰδοὺ
2632 1120 2665 1190 ἠ
2705 1118 3001 1190 Παρθένος,
3040 1133 3059 1168 s
3103 1115 3196 1167 atat
3221 1112 3291 1167 τὰ
3320 1111 3442 1181 ἑξῆς
3464 1125 3480 1141 ⁸
3509 1108 3651 1163 ὥστε
3678 1106 3728 1159 εί
3758 1104 3841 1175 μὴ

2252 1213 2443 1283 ἔμελλε
2471 1211 2742 1283 παρθένος
2770 1211 2971 1273 τεκεῖν,
3000 1208 3100 1262 οὑκ
3127 1206 3190 1260 ἂν
3244 1205 3473 1275 σημεῖον
3522 1197 3608 1271 ῆν.
3642 1201 3841 1269 ῐΙαραο

2252 1302 2615 1373 χαράττουσιν
2666 1298 2759 1352 οὖν
2799 1300 2850 1351 ot
2917 1296 3160 1368 'E6paI0t
3210 1289 3686 1352 ὲθελοκακοῦντες,
3734 1287 3844 1356 τὴν

2252 1396 2498 1466 Γραφήν,
2540 1392 2637 1448 καὶ
2687 1389 2809 1446 ἀντὶ
2838 1391 2933 1445 τοῦ
2982 1389 3276 1460 παρθένος,
3312 1386 3501 1446 νεᾶνις
3557 1382 3841 1436 τιθέασινο

2253 1492 2361 1545 εἴτε
2385 1490 2441 1545 δὲ
2473 1490 2651 1551 νεᾶνις
2680 1491 2874 1553 κεῖται,
2929 1484 3040 1539 εἴτε
3074 1483 3339 1553 παρθένος
3360 1522 3374 1543 ,
3420 1480 3640 1543 πάντως
3691 1492 3842 1544 παρ-

2255 1584 2407 1639 θένον
2429 1582 2510 1635 δεῖ
2538 1580 2796 1651 νοηθῆναι
2828 1579 2925 1650 τὴν
2960 1578 3256 1647 μέλλουσαν
3284 1576 3485 1637 τεκεῖν,
3520 1572 3607 1625 ἵνα
3653 1571 3719 1641 δὴ
3744 1569 3843 1623 καὶ

2254 1676 2534 1748 τεράστιον
2564 1675 2649 1744 εἴη
2671 1672 2851 1726 τοῦτο.
2883 1669 3022 1724 «Καὶ
3043 1667 3254 1735 τέξεται
3278 1668 3413 1730 υίὸν,
3430 1664 3524 1719 καὶ
3546 1662 3675 1715 καλέ
3685 1676 3843 1713 σουσι

2253 1770 2312 1823 τὸ
2346 1768 2515 1838 ὄνομα
2556 1763 2720 1819 αὐτοῦ
2759 1762 3130 1833 Ἐμμανουήλ,
3162 1762 3188 1813 δ
3216 1762 3331 1813 ἐστι
3360 1754 3845 1827 μεθερμηνευόμεο

2185 1827 2223 1881 Β
2253 1877 2364 1921 νον,
2384 1827 2517 1913 Μεθ’
2540 1855 2696 1927 ἡμῶν
2722 1856 2749 1908 ὁ
2774 1827 2934 1917 Θεόνς·
2969 1827 3133 1907 Φασὶν
3174 1852 3226 1915 pi
3271 1849 3514 1918 Ἑϐραῖοι
3536 1861 3552 1875 ·
3592 1844 3714 1907 Πῶς
3745 1840 3843 1894 οὖν

2255 1952 2355 2005 οὐκ
2381 1948 2581 2020 ἐκλήθη
2597 1944 2965 2019 Ἐμμανουὴλ,
2996 1944 3132 1999 ἀλλὰ
3167 1940 3377 2012 Ἰησοῦς
3409 1938 3679 2021 Χριστός;
3713 1936 3843 2003 Ῥη-

2256 2042 2375 2095 τέον
2409 2036 2503 2094 οὖν
2544 2042 2645 2103 ὅτι,
2699 2039 2800 2092 οὐκ
2830 2033 2951 2092 εἷπε
3000 2036 3288 2099 Καλέσεις,
3338 2032 3472 2086 ἀλλὰ
3506 2030 3839 2109 Καλέσουσι,

2259 2135 2556 2197 τουτέστιν,
2589 2131 2729 2185 αὐτὰ
2778 2129 2845 2184 τὰ
2882 2131 3183 2200 πράγματα
3219 2124 3486 2189 δείξουσιν
3516 2121 3680 2175 αὐτὸν
3705 2118 3844 2171 Θεὸν

2257 2226 2407 2288 ὄντα,
2446 2222 2541 2278 καὶ
2593 2221 2889 2294 μεθ’ήμῶν
2936 2218 3449 2288 ἀναστρεφόμενον
3488 2216 3521 2285 ἠ
3567 2213 3675 2283 γάρ
3721 2209 3845 2263 θεία

2256 2314 2447 2387 Γραφῇ
2505 2315 2612 2369 ἀπὸ
2637 2313 2744 2367 τῶν
2778 2314 2954 2384 ἔργων
3008 2310 3191 2381 τίθησι
3222 2310 3288 2364 τά
3323 2309 3585 2378 ὀνόματα,
3633 2306 3710 2368 ὡς
3745 2304 3839 2369 τὸ,

2259 2409 2504 2461 Κάλεσον
2536 2407 2596 2460 το
2624 2408 2793 2477 δνομα
2829 2403 3015 2468 αὑτοῦ,
3044 2404 3253 2474 ταχέως
3300 2400 3591 2454 σκύλευσον
3614 2416 3625 2428 ·
3662 2397 3842 2450 καίτοι

2260 2500 2363 2553 ποῦ
2395 2498 2600 2569 ἐκλήθη
2648 2516 2732 2561 τις
2754 2497 2979 2567 τοιούτῳ
3008 2498 3271 2565 ὁνόματιςι
3331 2492 3471 2546 Ἀλλ’
3505 2490 3694 2561 ἐπειδὴ
3723 2490 3844 2557 ἅμα.

2260 2592 2337 2662 τῷ
2358 2590 2682 2662 γεννηθῆναι
2711 2591 2802 2645 τὸν
2841 2588 3064 2659 Κύριον,
3110 2585 3419 2655 ὲακυλεύθη,
3458 2586 3551 2637 καὶ
3580 2582 3846 2654 ᾐχμαλω-

2260 2684 2417 2756 τίσθη
2453 2686 2486 2755 ἡ
2523 2683 2721 2753 πλάνη,
2759 2681 2903 2735 οὕτω
2942 2681 3156 2749 λέγεται
3192 2676 3560 2749 ὀνομασθῆναι
3610 2674 3719 2729 ἀπὸ
3750 2674 3845 2728 τοῦ

2260 2768 2586 2849 πράγματος
2610 2776 2707 2845 τήν
2731 2774 2924 2843 κλῆσιν
2954 2773 3276 2845 εὑράμενος.

2341 2888 2358 2919 ι
2389 2867 2695 2936 Διεγερθεὶς
2724 2864 2779 2919 δὲ
2807 2867 2832 2919 ὁ
2874 2866 3071 2936 Ἰωσὴφ
3101 2865 3207 2919 ἀπὸ
3227 2863 3321 2917 τοῦ
3350 2862 3542 2925 ὕπνου,
3585 2860 3846 2928 ἐποίησεν
3873 2868 3876 2872 ‘

2263 2960 2336 3023 ὡς
2370 2960 2698 3030 προσέταξεν
2745 2959 2894 3031 αὐτῷ
2936 2960 2963 3011 6
2995 2957 3227 3026 ἄγγελος
3252 2955 3477 3022 Κυρίου,
3498 2954 3640 3024 Ὅρα
3668 2951 3848 3021 ψυχῇν

2262 3051 2719 3121 διεγηγερμένην,
2754 3051 2869 3137 np;
2904 3048 3131 3118 ἐπείσθη
3148 3049 3377 3117 ταχέως.
3426 3044 3570 3137 «Καλ
3598 3042 3847 3137 παρέλα-

586 3130 729 3199 cepit
745 3146 965 3186 uxorem
989 3147 1161 3187 suam.
1192 3153 1209 3185 ι
1234 3133 1503 3191 Continuo
1524 3151 1641 3192 eam
1670 3141 1913 3195 nominat
1935 3157 2154 3198 uxorem

2264 3143 2325 3196 ϐε
2350 3143 2448 3211 τὴν
2479 3147 2714 3210 γυναῖκα
2749 3130 2970 3195 αὖτοῦ.»
3011 3140 3258 3208 Συνεχῶς
3293 3139 3348 3191 δὲ
3377 3136 3633 3208 ὀνομάζει
3676 3133 3849 3203 αὐτὴν

585 3220 823 3290 Josephi,
875 3222 1105 3291 eiiciens
1160 3226 1355 3280 malam
1408 3230 1808 3299 suspicionem,
1858 3242 1914 3288 et
1959 3237 2154 3294 docens

2263 3238 2499 3305 γυναῖκα
2552 3236 2643 3288 τοῦ
2693 3233 2910 3304 Ἰωσὴφ,
2968 3232 3245 3286 ἐκϐάλλων
3279 3233 3379 3299 τὴν
3426 3229 3668 3299 πονηρὰν
3717 3226 3851 3281 ὑπό-

586 3317 729 3385 quod
758 3328 862 3372 non
904 3318 1148 3386 alterius,
1188 3321 1283 3375 sed
1314 3319 1454 3377 illius
1483 3323 1644 3381 luerit
1678 3341 1837 3381 uxor.

667 3496 825 3579 Vens.
856 3498 945 3554 25.
985 3518 1003 3552 ‹
1044 3499 1107 3554 Ει
1138 3516 1240 3556 non
1269 3505 1520 3574 cognovit
1549 3520 1690 3572 eam,
1721 3506 1893 3563 donec
1922 3511 2161 3582 peperis-

591 3602 693 3645 set.
737 3610 756 3644 ι
791 3588 903 3645 Hoc
936 3602 1050 3655 est,
1099 3608 1203 3647 non
1253 3597 1441 3650 habuit
1486 3613 1719 3667 unquam
1765 3616 1877 3655 rem
1920 3618 2040 3656 cum
2074 3618 2159 3660 ea.

592 3670 702 3738 Hoc
730 3687 876 3739 enim
908 3684 1028 3739 loco
1054 3688 1299 3751 verbum,
1331 3688 1529 3755 Donec,
1559 3706 1662 3746 non
1698 3692 1800 3749 hoc
1826 3694 2162 3763 manifestat,

589 3776 731 3846 quod
762 3792 868 3831 non
904 3779 1219 3848 cognoverit
1251 3793 1370 3835 eam
1403 3797 1573 3851 usque
1606 3786 1669 3839 ad
1704 3796 1942 3853 partum,
1978 3798 2164 3858 postea

588 3878 769 3923 autem
792 3872 1125 3939 cognoverit,
1154 3874 1245 3927 sed
1267 3875 1489 3929 omnino
1516 3892 1790 3945 nunquam
1817 3894 1933 3933 eam
1962 3895 2167 3951 cogno-

590 3962 753 4040 verit.
794 3959 907 4015 Hoc
955 3962 1098 4016 enim
1148 3964 1305 4021 habet
1355 3964 1651 4036 Scriptura:
1702 3971 2029 4040 proprietas.
2075 3970 2167 4029 Sic

591 4064 715 4104 cum
738 4038 890 4106 dicit.
930 4070 949 4103 ι
981 4050 1096 4107 Non
1126 4068 1374 4108 reversus
1403 4056 1507 4125 ιο
1534 4068 1615 4111 est
1647 4038 1849 4115 corvus
1874 4062 1927 4115 in
1957 4076 2162 4129 arcam,

591 4143 762 4198 donec
798 4155 1270 4212 arescereLtert-a,
1312 4164 1330 4197 ι
1369 4162 1544 4216 neque
1579 4149 1725 4203 enim
1762 4160 1948 4221 postea
1980 4152 2159 4209 rediit.

593 4234 685 4291 Sic
710 4245 765 4290 et
791 4234 896 4292 alio
926 4236 1065 4291 loco.
1098 4255 1115 4287 ι
1156 4236 1448 4292 Vobiscum
1477 4255 1593 4294 sum
1621 4257 1791 4311 usque
1814 4246 1881 4299 ad
1906 4260 2163 4303 consum-

593 4329 883 4384 n‘tationem
917 4329 1097 4383 saeculi
1123 4331 1182 4392 7;
1224 4349 1242 4381 ι
1293 4331 1457 4400 igitur
1486 4344 1605 4400 post
1642 4323 2165 4394 consummationem

594 4435 698 4473 non
725 4420 827 4474 erit
856 4419 1132 4475 vobiscum
1156 4422 1178 4474 ’Ξ
1207 4420 1268 4475 Et
1293 4423 1605 4491 quomodo?
1631 4424 1783 4483 Tunc
1814 4428 1962 4484 enim
1994 4431 2167 4486 multo

2262 3347 2433 3393 νοιαν,
2462 3329 2550 3380 καλ
2575 3328 2840 3381 διδάσκων
2869 3326 2951 3380 ὅτι
2981 3324 3081 3379 οὐκ
3102 3324 3262 3378 ἄλλου
3280 3322 3421 3387 τινὸς
3448 3322 3666 3391 ἐγένετο
3687 3319 3846 3390 γυνὴ,

2262 3417 2375 3471 ἀλλ’
2411 3416 2573 3471 αὐτοῦ
2600 3412 2685 3487 ἦν.

2334 3511 2445 3564 Καὶ
2474 3511 2574 3563 οὐκ
2604 3509 2900 3578 ἐγίνωσκεν
2952 3507 3123 3577 αὐτὴν
3154 3506 3259 3569 ἕως
3287 3496 3348 3558 οὗ
3384 3503 3570 3557 ἔτεκεν
3606 3519 3621 3536 ο
3652 3500 3851 3556 Τουτέ-

2268 3620 2404 3669 στιν,
2458 3602 2559 3656 οὐκ
2603 3602 2768 3671 ἐμίγη
2801 3601 2938 3670 αὐτῇ
2986 3600 3243 3653 οὐδέποτε
3268 3615 3279 3628 °
3312 3598 3373 3651 τὸ
3422 3599 3530 3666 γὰρ
3561 3597 3730 3661 Ἕως,
3766 3598 3848 3648 ἒν-

2264 3694 2437 3747 ταῦθα
2464 3694 2523 3746 οὗ
2558 3694 2716 3746 τοῦτο
2748 3691 3024 3761 ἐμφαίνει,
3062 3692 3142 3745 ὅτι
3165 3690 3293 3760 ἄχρι
3322 3689 3419 3758 μὲν
3450 3688 3542 3740 τοῦ
3564 3687 3726 3740 τόκου
3753 3688 3850 3740 οὐκ

2267 3784 2427 3853 έγνω,
2457 3783 2600 3853 μετὰ
2627 3783 2683 3836 δὲ
2712 3781 2884 3837 ταῦτα
2918 3780 3059 3849 ἔγνω
3082 3797 3095 3810 ·
3131 3780 3265 3833 ἀλλὰ
3300 3778 3559 3843 καθάπαξ
3588 3778 3847 3831 οὐδέποτε

2266 3876 2435 3946 αὐτὴν
2485 3876 2646 3944 ἔγνω.
2694 3874 2909 3945 ’ἰδίωμα
2937 3873 2995 3926 δὲ
3024 3873 3132 3941 ἔχει
3164 3872 3407 3925 τοιοῦτον
3440 3873 3472 3942 ὴ
3504 3871 3696 3941 Γραφή
3732 3887 3744 3901 ο
3778 3869 3850 3932 ὡς

2263 3969 2344 4032 τὸ,
2384 3987 2403 4019 r
2427 3969 2539 4020 Οὐκ
2566 3965 2899 4035 ἐπέστρεψεν
2926 3965 2953 4017 ὁ
2996 3964 3169 4034 κὸραξ
3202 3964 3282 4026 είς
3329 3963 3428 4032 τὴν
3460 3961 3710 4025 κιδωτθιν,
3748 3961 3849 4023 ἕως

2265 4054 2326 4114 οὗ
2357 4057 2683 4128 ὲξηράνθηή
2714 4057 2783 4127 γῆ
2800 4073 2818 4085 η’
2855 4056 2977 4108 οὔτε
3008 4055 3115 4125 γὰρ
3140 4056 3280 4125 μετὰ
3309 4056 3483 4108 ταῦτα
3502 4053 3814 4124 ὑπέστρεψε
3837 4068 3851 4082 ·

2264 4156 2358 4208 καὶ
2392 4153 2577 4207 πάλιν·
2612 4172 2629 4203 ι
2656 4150 2793 4205 Μεθ’
2824 4150 2980 4219 ὑμῶν
3012 4150 3124 4219 είμι
3157 4151 3261 4211 ἕως
3292 4149 3391 4219 τῆς
3421 4148 3734 4210 συντελείας
3760 4146 3856 4200 τοῦ

2264 4247 2488 4309 αἰῶνοςα
2527 4263 2544 4297 ι
2589 4244 2744 4298 Μετὰ
2788 4243 2844 4295 δὲ
2883 4240 2980 4311 τὴν
3012 4242 3322 4295 συντέλειαν
3368 4239 3477 4311 ἆρα
3509 4239 3609 4294 οὐκ
3659 4240 3855 4303 latet;

2265 4336 2378 4392 Καὶ
2404 4336 2557 4401 πῶς;
2591 4335 2724 4388 Τότε
2754 4335 2863 4405 γὰρ
2894 4334 3091 4404 μᾶλλον
3115 4351 3129 4365 ·
3173 4332 3345 4398 οὕτως
3375 4332 3467 4386 οὖν
3500 4332 3594 4386 καὶ
3621 4330 3859 4385 ἐνταῦθα

2265 4426 2349 4490 τὸ,
2378 4426 2520 4487 Ἕως
2546 4419 2608 4479 οὗ
2661 4424 2835 4489 ἔτεκε,
2872 4427 3102 4496 νοήσεις,
3156 4425 3277 4476 ἀντὶ
3316 4422 3431 4487 τοῦ,
3463 4422 3586 4475 οὕτε
3622 4421 3728 4492 πρὸ
3761 4420 3860 4474 τοῦ

593 4512 913 4581 magis‘erit.
943 4512 1036 4567 Sic
1065 4512 1230 4583 igitur
1259 4525 1312 4569 et
1339 4515 1442 4571 hoc
1469 4517 1610 4582 loco,
1639 4519 1816 4577 Donec
1838 4525 2154 4593 peperisset,

2270 4522 2454 4587 τόκου,
2483 4517 2608 4572 οὔτε
2639 4519 2777 4588 μετὰ
2804 4518 2897 4571 τὸν
2921 4520 3080 4571 τόκον
3111 4520 3252 4585 ἔγνω
3280 4518 3473 4587 αὐτήν.
3512 4516 3633 4578 Πῶς
3656 4514 3767 4588 γὰρ
3793 4516 3862 4569 ἂν

594 4602 886 4673 intelligas,
918 4604 1021 4659 hoc
1048 4616 1155 4671 est,
1202 4621 1375 4676 neque
1402 4618 1527 4663 ante
1558 4619 1800 4679 partum,
1834 4630 2007 4685 neque
2041 4626 2154 4685 post

2271 4612 2446 4680 ἥψατο
2476 4609 2575 4679 τῆς
2608 4609 2769 4673 ἁγίας
2797 4609 3037 4677 ὲκείνης,
3078 4608 3193 4677 μεθ’
3236 4608 3264 4659 δ
3298 4606 3532 4673 μάλιστα
3574 4605 3717 4674 ἔγνω
3763 4606 3858 4660 τὸν

596 4706 810 4767 partum
865 4700 1119 4769 cognovit
1168 4714 1305 4753 eam.
1368 4700 1653 4769 Quomodo
1704 4707 1847 4759 enim
1900 4707 2154 4771 attigisset

2274 4703 2549 4774 ἄφραστον
2576 4703 2778 4754 ἐκεῖνον
2804 4702 2996 4767 τόκον;
3029 4721 3045 4751 ι
3083 4702 3188 4753 Τὸν
3216 4700 3331 4753 υἱον
3376 4700 3545 4769 αὐτῆς
3576 4698 3669 4751 τὸν
3698 4716 3856 4769 πρω-

596 4795 838 4842 sanctam
866 4786 1032 4853 illam,
1063 4797 1346 4858 postquam
1377 4789 1701 4846 ineli‘abilem
1725 4802 1936 4862 partum
1967 4810 2154 4866 cogno-

2274 4794 2515 4848 τότοκον.
2558 4812 2576 4845 ι
2624 4791 2737 4862 Οὐχ
2767 4792 2840 4857 ὡς
2892 4793 3144 4861 δευτέρου
3192 4792 3337 4855 τινὸς
3382 4792 3666 4860 τεχθέντος
3711 4790 3864 4859 λέγει

596 4880 807 4935 visaet?
846 4897 865 4931 ι
907 4878 1102 4935 Filium
1137 4896 1291 4935 suum
1335 4882 1779 4953 primogenitum.
1822 4904 1840 4937 ι
1872 4884 1987 4939 Non
2026 4900 2154 4955 qum

2277 4883 2466 4937 τοῦτον
2497 4868 2860 4953 πρωτότοκον,
2887 4882 3000 4934 ἀλλ’
3024 4881 3229 4944 ἁπλῶς,
3255 4882 3329 4944 ὼς
3361 4882 3575 4953 πρῶτον
3599 4880 3864 4952 τεχθέντα

597 4972 703 5028 alio
743 4972 975 5042 quodam
1025 4981 1154 5029 nato
1186 4974 1345 5029 'diCat
1391 4991 1512 5032 eum
1563 4979 2023 5050 primogenitum,
2071 4980 2154 5035 sed

2277 4980 2372 5033 καὶ
2405 4979 2586 5049 μόνον.
2628 4979 2695 5032 '0
2725 4979 2832 5049 γὰρ
2876 4978 3134 5050 Χριστὸς,
3166 4976 3259 5031 καὶ
3304 4976 3649 5047 πρωτότοκός
3686 4977 3862 5039 ἔστιν,

601 5064 920 5134 simpliciter
972 5075 1031 5120 ut
1069 5066 1318 5134 primum
1345 5076 1399 5122 et
1446 5070 1618 5124 solum
1669 5083 1875 5126 natum.
1919 5072 2154 5128 Christus

2272 5072 2347 5134 ὡς
2378 5071 2593 5140 πρῶτος
2642 5071 2886 5141 τεχθείς·
2942 5072 3036 5124 καὶ
3097 5068 3411 5139 μονογενὴς,
3475 5067 3551 5132 ὡς
3588 5070 3663 5138 μὴ
3722 5066 3866 5138 ἔχων

602 5159 745 5210 enim
774 5167 824 5210 et
859 5156 1243 5228 primogenitus
1285 5171 1389 5225 est,
1423 5168 1482 5215 ut
1510 5162 1685 5229 primo
1715 5173 1895 5227 natus,
1966 5175 2020 5219 et
2054 5167 2154 5219 uni-

2272 5166 2526 5235 δεύτερον
2560 5162 2805 5233 ἀδελφόν.
2863 5183 2880 5215 t
2919 5164 3027 5217 Καὶ
3068 5163 3291 5216 ἐκάλεσε
3321 5161 3381 5215 τὸ
3432 5161 3607 5230 ὄνομα
3661 5159 3861 5226 αὐτοῦ,

604 5248 841 5319 genitus,
875 5257 934 5303 ut
965 5264 1070 5303 non
1092 5249 1300 5305 habens
1330 5250 1493 5306 alium
1526 5252 1771 5309 fratrem.
1812 5274 1829 5307 ι
1863 5253 1928 5310 Ει
1964 5258 2147 5312 vocavi

2288 5254 2519 5326 Ἰησοῦν.
2566 5276 2582 5307 ι
2629 5258 2879 5312 Δείκνυσι
2930 5257 3210 5313 κάνταῦθα
3263 5258 3362 5329 τὴν
3408 5256 3723 5311 εὐπείθειαν
3765 5255 3861 5310 τοῦ

604 5356 803 5395 nomen
820 5340 956 5411 ejus.
984 5340 1186 5397 Jesum.
1218 5362 1236 5396 ι
1265 5342 1519 5401 Ostendit
1542 5346 1645 5401 hoc
1670 5346 1789 5403 loco
1810 5350 2154 5405 obedientian

2290 5352 2513 5425 Ἰωσὴφ,
2540 5353 2620 5406 ὅτι
2646 5353 2743 5407 ὅσα
2777 5349 2929 5410 εἶπεν
2962 5354 3112 5425 αὑτῷ
3138 5354 3165 5406 ὁ
3195 5354 3446 5423 ἄγγελος,
3487 5351 3766 5422 ἐποίησεν.

603 5430 801 5504 Joseph
823 5476 837 5498 ,
870 5434 997 5503 quia
1038 5451 1371 5507 quascunque
1399 5438 1609 5494 dixerat
1638 5440 1686 5495 ei
1720 5441 1943 5513 angelus
1964 5482 1979 5507 ,
2021 5441 2169 5499 fecit.

684 5617 701 5646 ’
743 5616 926 5674 Matth.
973 5634 1163 5686 muti,
1220 5619 1310 5675 ΞΟ.
