4080 6336
283 389 388 457 ltil

880 545 1134 602 ΚΕΦΑΛ.
1181 548 1256 602 B'.

267 645 413 716 Περὶ
434 642 555 699 τῶν
595 641 836 714 Μάτων,
869 643 968 697 καὶ
994 641 1116 696 τῶν
1143 641 1582 708 ἀναιρεθέντων
1614 638 1866 695 παίδων.

351 801 369 835 t
403 781 511 836 Τοῦ
541 782 598 836 δὲ
643 780 817 851 Ἰησοῦ
845 778 1202 850 γεννηθέντος
1237 779 1294 831 ὲν
1319 779 1572 850 Βηθλεὲμ
1597 780 1697 850 τῆς
1735 780 1868 832 ’Ῑουο

264 875 450 938 δαίας.
492 893 510 926 ›
577 874 828 945 Βηθλεὲμ
889 871 1257 944 ἑρμηνεύεται
1311 868 1460 936 οἶκος
1500 873 1690 946 ἀρτου.
1734 873 1870 928 Ἰου-

263 969 397 1023 δαία
433 966 513 1032 δὲ,
575 967 987 1037 ἐξομολόγησις.
1039 966 1259 1018 Γένοιτο
1292 963 1424 1033 γοῦν
1454 965 1549 1017 καὶ⁵
1588 965 1739 1034 ἡμᾶς
1771 961 1869 1018 νῦν

261 1063 354 1115 διὰ
400 1063 500 1133 τῆς
551 1059 1014 1130 ὲξομολογήσεως,
1051 1058 1307 1128 γενέσθαι
1359 1053 1507 1110 οἷκον
1559 1057 1727 1129 ἄρτου
1772 1056 1868 1111 τοῦ

266 1152 669 1222 πνευματικοῦ.
708 1172 726 1204 ι
776 1153 864 1206 Ἑν
925 1151 1164 1224 ἡμέραις
1209 1149 1471 1222 Ἡρώδου.
1501 1170 1518 1202 ι
1571 1149 1868 1221 Μέμνηται

260 1250 361 1304 τοῦ
401 1247 667 1318 Ἡρώδου,
735 1248 822 1302 ἵνα
883 1247 948 1300 σὺ
1003 1246 1184 1318 μάθῃς
1232 1247 1314 1299 ὅτι
1379 1246 1630 1312 ἐξέλιπον
1659 1245 1709 1298 οἱ
1754 1245 1868 1298 ἀπὸ

264 1343 368 1413 τῆς
415 1342 588 1396 Ἰούδα
621 1341 795 1411 φυλῆς
825 1340 1085 1411 ἄρχοντες
1117 1341 1206 1392 καὶ
1247 1339 1508 1409 βασιλεῖς,
1545 1339 1640 1391 καὶ
1688 1337 1863 1405 ἀναγ-

262 1431 439 1493 καίως
480 1426 645 1501 ἦλθεν
705 1432 733 1482 ὁ
787 1429 1042 1498 Χριστός.
1110 1428 1170 1483 '0
1220 1430 1327 1499 γάρ
1366 1429 1612 1501 Ἡρώδης
1667 1430 1767 1483 οὐκ
1800 1424 1869 1500 ἦν

275 1525 556 1590 Ἰουδαῖος,
614 1524 729 1578 ἀλλ’
795 1524 1115 1594 Ἰδουμαῖος,
1175 1525 1545 1596 Ἀντιπάτρου
1604 1525 1754 1590 υἱὸς,
1804 1525 1868 1577 ὲκ

262 1615 528 1681 γυναικὸς
587 1614 941 1684 Ἀραὸίσσης.
1001 1613 1366 1668 Ἐκλιπόντων
1415 1615 1472 1669 δὲ
1505 1615 1615 1668 τῶν
1665 1616 1868 1687 ἀρχόν-

261 1726 396 1769 των,
429 1709 462 1777 ἡ
494 1705 791 1776 προσδοκία
822 1705 932 1758 τῶν
965 1705 1133 1759 ἐθνῶν
1165 1701 1355 1777 ἦλθεν,
1388 1707 1462 1770 ὠς
1502 1705 1696 1761 ’ἰακὼὸ
1728 1724 1866 1778 προ-

260 1800 588 1868 εςήτευσεν.
647 1816 664 1848 ι
702 1796 809 1850 Τοῦ
864 1796 1150 1868 βασιλέως.
1195 1818 1213 1852 ι
1267 1794 1506 1871 ἾΙνγάρ
1555 1800 1649 1852 καὶ
1679 1799 1869 1870 ἔτερος

934 389 1391 452 ΕΝΛΒΒΑΤΙΟ
1439 389 1517 449 ιΝ
1555 386 1870 451 EVANGE.

1979 389 2064 449 IM
2105 385 2497 448 MATTIIJM.
2522 413 2574 424 -
2607 385 2767 447 (ΖΚΓ.
2806 385 2887 446 ΙΙ.

1901 508 1950 569 Α

3475 375 3578 444 ῙΒΞ

2605 543 2839 602 CAPUT
2880 544 2948 599 ll.

2277 639 2354 694 De
2389 637 2562 709 Magis
2593 651 2642 694 et
2674 639 2938 692 occisione
2960 651 3273 706 puerorum.

2054 774 2216 840 Vens,
2251 773 2304 830 l.
2340 794 2356 825 ι
2397 772 2534 830 Cum
2563 781 2744 828 autem
2779 783 2936 828 natus
2959 784 3104 829 esset
3136 772 3294 830 Jesus
3327 776 3379 829 in
3418 771 3589 830 Beth-

1974 866 2110 923 leem
2160 866 2332 922 Judze.
2369 885 2388 920 ι
2461 865 2742 924 Bethleem
2795 867 3188 936 interpretatur
3236 869 3431 923 domus
3493 882 3589 938 pa-

1977 962 2096 1028 nis;
2127 959 2314 1016 Judma
2341 971 2560 1026 autem,
2622 959 2915 1017 confessio.
2953 958 3075 1015 Fiat
3139 961 3328 1034 igitur,
3365 971 3424 1017 ut
3483 977 3588 1017 nos

1977 1070 2124 1109 nunc
2176 1069 2276 1125 per
2324 1054 2727 1110 confessionem
2761 1053 2956 1110 ﬁamus
2996 1054 3191 1109 domus
3227 1055 3384 1134 panis
3423 1058 3588 1126 spiri-

1976 1148 2158 1203 tualis.
2197 1167 2215 1200 ι
2261 1148 2315 1203 ln
2353 1150 2546 1205 diebus
2578 1147 2831 1204 Herodis.
2869 1166 2886 1201 ι
2936 1147 3186 1203 Meminit
3218 1147 3486 1215 Heroais.
3527 1159 3585 1204 ut

1974 1249 2028 1293 tu
2063 1243 2244 1298 discas
2288 1243 2433 1314 quod
2489 1241 2812 1299 defecerunt
2855 1257 2885 1297 a
2939 1242 3082 1298 tribu
3134 1241 3273 1298 Juda
3326 1259 3483 1315 reges
3529 1253 3586 1300 et

1972 1334 2288 1406 principes,
2353 1343 2410 1390 et
2457 1334 2779 1391 necessario
2828 1334 2974 1390 venit
3015 1335 3290 1391 Christus.
3342 1333 3587 1392 Herodes

1973 1430 2116 1485 enim
2149 1445 2254 1484 non
2287 1439 2406 1485 erat
2439 1427 2658 1485 Judaaus
2708 1431 2802 1485 sed
2831 1427 3121 1494 ldumteus,
3144 1430 3415 1500 Antipatri
3441 1431 3586 1486 illius

1972 1539 2039 1578 ex
2085 1537 2255 1578 uxore
2291 1521 2493 1576 Arabe.
2527 1521 2662 1578 Cum
2700 1531 2882 1576 autem
2920 1521 3247 1577 defecissent
3284 1523 3582 1594 principes,

1972 1617 2318 1689 exspectatio
2369 1615 2615 1686 gentium
2651 1617 2822 1681 venit,
2857 1617 2999 1670 sicut
3041 1613 3579 1689 Jacobpraadixit'.

1977 1731 1996 1764 ι
2043 1713 2230 1783 Regis.
2268 1733 2287 1765 ι
2329 1713 2462 1767 Erat
2498 1711 2644 1765 enim
2680 1721 2736 1765 et
2769 1710 2910 1766 alius
2949 1708 3196 1766 llerodes
3237 1707 3535 1766 Tetrareha
3566 1728 3581 1766 :

1973 1818 2027 1862 et
2056 1817 2343 1879 propterea
2375 1805 2523 1877 ponit
2551 1805 2870 1874 dignitatem
2905 1805 3069 1876 regis.
3109 1822 3129 1856 ι
3165 1802 3310 1860 Ecce
3339 1804 3479 1876 Magi
3511 1807 3581 1862 ab

273 1889 549 1960 Ἡρώδης,
592 1889 618 1939 ὁ
646 1889 953 1961 τετράρχης
977 1907 988 1919 ·
1024 1891 1110 1945 διὰ
1140 1891 1301 1944 τοῦτο
1328 1893 1513 1963 τίθησι
1550 1893 1609 1944 τὸ
1651 1891 1868 1963 ἀξίωμα

1979 1901 2203 1956 Oriente
2246 1911 2520 1956 venerunt
2557 1898 2960 1969 Hierosolyma.
3026 1917 3046 1950 ι
3095 1898 3279 1967 Quare
3313 1899 3454 1970 Magi
3489 1916 3582 1956 ve~

259 1983 359 2035 τοῦ
389 1983 654 2052 βασιλέως
677 1999 691 2013 ο
735 1999 752 2033 t
794 1981 927 2034 Ἰδοὺ
954 1985 1134 2051 Μάγοι
1168 1985 1275 2037 άπὸ
1309 1984 1611 2039 Ἀνατολῶν
1637 1986 1871 2055 παρεγέ-

261 2095 422 2130 νοντο
453 2080 531 2140 εἰς
574 2075 948 2146 Ἰεροσόλυμα.
982 2095 999 2128 ι
1037 2078 1194 2142 Τίνος
1248 2079 1436 2132 ἕνεκεν
1465 2080 1513 2132 οἱ
1550 2081 1734 2147 Μ’ἀγοι
1780 2081 1872 2151 ἕρ-

263 2188 497 2241 χονται;
535 2171 679 2241 Πρὸς
707 2173 1038 2246 κατάκρισιν
1081 2170 1193 2225 τῶν
1249 2173 1539 2227 Ἰουδαίων.
1579 2174 1641 2226 Et
1681 2172 1790 2244 γάρ
1823 2175 1870 2226 οί

264 2265 480 2332 Μάγοι,
540 2265 823 2334 ἄνθρωποι
858 2265 1272 2338 εἰδωλολάτραι,
1335 2267 1688 2333 ἐπίστευσαν,
1743 2267 1873 2320 ποία

265 2357 538 2424 ἀπολογία
568 2357 756 2409 λοιπὸν
785 2359 897 2419 τοῖς
944 2356 1252 2425 Ἰουδαίοιςς
1289 2357 1446 2428 ’Ἅμα
1481 2359 1557 2422 δὲ,
1593 2359 1687 2412 καὶ
1721 2357 1806 2411 ἵνα
1837 2358 1870 2427 ἡ

265 2449 397 2512 δόξα
426 2448 520 2501 τοῦ
552 2449 788 2518 Χριστοῦ
814 2449 974 2504 πλέον
1005 2450 1283 2521 ἐκλάμψῃ,
1308 2451 1735 2523 μαρτυρούντων
1763 2449 1874 2504 τῶν

268 2545 500 2610 Μάγων,
560 2543 671 2595 τῶν
709 2542 945 2614 μάλιστα
1001 2546 1114 2604 τοῖς
1159 2543 1410 2613 δαίμοσιν
1465 2544 1872 2615 ὑποκειμένων,

269 2637 368 2690 καὶ
399 2636 610 2706 ἐχθρῶν
642 2637 734 2690 τοῦ
770 2635 925 2690 Θεοῦ.
971 2655 988 2687 ι
1013 2638 1144 2690 Ἀπὸ
1191 2638 1544 2693 Ἀνατολῶν.»
1574 2640 1686 2694 Καὶ
1713 2639 1874 2693 τοῦτο

268 2727 408 2796 πρὸς
467 2729 792 2798 κατάκρισιν
850 2729 957 2782 τῶν
1025 2729 1316 2800 Ἐϐραίων.
1354 2730 1419 2784 Οἳ
1454 2731 1555 2800 μὲν
1601 2732 1712 2801 γάρ
1763 2734 1872 2789 ἀπὸ

267 2817 527 2871 τοσούτου
559 2819 927 2889 διαστήματος
974 2816 1161 2891 ἦλθον,
1207 2821 1258 2874 οἱ
1309 2820 1366 2874 δὲ
1410 2821 1653 2894 Ἑϐραῖοι
1692 2823 1863 2876 αὑτοῦ

271 2909 493 2982 ἔχοντες
520 2913 611 2965 τὸν
638 2913 898 2984 Χριστὸν,
936 2913 1184 2986 ἐδίωκον.

346 3004 634 3071 Λέγοντες,
673 3005 782 3058 Ποῦ
817 3009 967 3059 ἐστιν
999 3009 1026 3060 ό
1055 3007 1273 3078 τεχθεὶς
1306 3007 1563 3078 βασιλεὺς
1589 3009 1698 3064 τῶν
1738 3012 1871 3064 ’1ου-

268 3094 473 3159 Balteo;
505 3113 524 3147 ι
548 3096 782 3163 Λέγουσι
807 3097 1028 3162 τούτους
1056 3099 1181 3162 τοὺς
1210 3099 1457 3169 Μάγους,
1492 3101 1587 3155 τοῦ
1641 3102 1872 3174 Βαλαὰμ

270 3187 580 3254 ἀπογόνους
612 3183 753 3240 εἶναι
781 3187 874 3241 τοῦ
905 3191 1158 3260 μάντεως
1182 3207 1195 3221 ·
1231 3192 1498 3262 εὑρόντας
1519 3191 1594 3246 δὲ.
1611 3193 1703 3248 τὸν
1727 3194 1874 3249 ἐκεί·

1981 1995 2185 2049 niunt?
2237 1995 2295 2048 lu
2356 1994 2873 2049 condeumationem
2931 1991 3269 2050 Judteorum.
3333 1991 3470 2048 Nam
3537 1997 3582 2049 si

1977 2086 2140 2159 Magi,
2179 2087 2428 2143 homines
2453 2087 2621 2142 cultui
2658 2086 2926 2140 idolorum
2964 2086 3172 2151 dediti,
3211 2087 3582 2149 crediderunt.

1975 2197 2139 2253 quant
2193 2191 2382 2252 postea
2439 2179 2822 2249 defensionem
2889 2187 3195 2249 praztexent
3249 2176 3466 2234 Judaei?
3518 2179 3587 2235 Et

1978 2276 2081 2330 alia
2121 2290 2286 2330 causa
2334 2286 2455 2340 est,
2502 2284 2558 2327 ut
2603 2274 2778 2346 gloria
2812 2273 3018 2328 Christi
3063 2273 3238 2341 magis
3277 2272 3584 2344 ell'ulgeret,

1978 2368 2355 2424 testimoniqu
2395 2367 2816 2439 perhibentibus
2857 2364 3049 2436 Magis,
3083 2366 3179 2437 qui
3212 2366 3450 2421 maxime
3485 2369 3584 2422 ad-

1979 2462 2210 2518 versarii
2260 2470 2418 2517 erant
2472 2461 2621 2526 Deo,
2665 2472 2718 2515 et
2753 2461 2974 2515 obnoxii
3028 2459 3390 2514 daemonibus.
3441 2477 3460 2512 ι
3503 2463 3586 2515 Ab

1979 2552 2220 2608 Oriente.
2265 2573 2283 2608 ι
2324 2554 2385 2609 Et
2423 2555 2529 2610 hoc
2561 2555 2628 2608 ad
2665 2551 3180 2608 condemnationem
3226 2549 3583 2607 Hebraeorum

1979 2652 2236 2718 pertinet.
2283 2649 2359 2703 illi
2402 2648 2546 2703 enim
2589 2662 2685 2717 per
2727 2656 2936 2701 tantum
2989 2644 3232 2717 spatium
3276 2659 3580 2701 venerunt:

1978 2739 2192 2796 Hebraei
2242 2757 2372 2796 vero
2418 2741 2735 2806 Christum,
2781 2755 2943 2811 quem
2988 2741 3132 2810 apud
3179 2755 3239 2795 se
3286 2739 3582 2806 habebant,

1979 2835 2262 2904 persecuti
2295 2844 2444 2890 sunt.

2052 3015 2301 3072 \'ens.-2.
2335 3035 2354 3070 ι
2397 3016 2683 3081 Dicentes,
2723 3013 2824 3068 Ubi
2855 3020 2969 3079 est,
3003 3013 3095 3084 qui
3139 3021 3299 3068 natus
3342 3021 3426 3069 est
3467 3013 3582 3070 [ἰν-χ

1977 3111 2336 3167 Jutlaaorum?
2376 3129 2394 3161 ι
2435 3109 2640 3165 Ferunt
2667 3108 2788 3163 illos
2838 3108 3024 3178 Magos
3063 3107 3228 3162 fuisse
3257 3123 3322 3161 ex
3366 3106 3584 3163 Balaam

1980 3205 2292 3272 coniectore
2320 3202 2654 3274 progenitos.
2692 3201 2828 3255 Nam
2859 3211 2915 3256 ut
2943 3203 3270 3256 imeneruut
3298 3202 3582 3257 oraculum

272 3293 369 3331 νου
396 3277 668 3350 χρησμὸν,
701 3280 783 3346 τὸ,
822 3281 1104 3335 Ἀνατελεϊ
1135 3281 1337 3354 ἄστρον
1363 3282 1652 3350 ὲξΊακὼδ,
1681 3287 1870 3358 νοῆσαι

1981 3295 2145 3362 illius,
2176 3293 2403 3352 Orietur
2428 3296 2583 3351 stella
2622 3312 2687 3351 ex
2719 3295 2910 3361 Jacob,
2951 3295 3345 3352 intellexerunt
3376 3307 3586 3368 myste-

269 3370 334 3424 τὺ
369 3371 510 3425 κατά
541 3372 778 3444 Χριστὸν
829 3375 1155 3446 μυστήριον,
1209 3377 1306 3431 καὶ
1336 3377 1426 3431 διά
1461 3379 1626 3432 τοῦτο
1669 3381 1868 3449 ἐλθεῖν,

273 3463 530 3528 θέλοντας
563 3465 691 3518 ἰδεῖν
741 3465 802 3518 τὸ
827 3466 1042 3536 τεχθέν.
1096 3487 1114 3520 ι
1157 3469 1387 3538 Εἷδομεν
1431 3469 1541 3542 γὰρ
1578 3471 1748 3526 αὐτοῦ
1780 3473 1874 3528 τὸν

273 3557 484 3627 ἀστέρα
515 3561 570 3612 ἐν
622 3561 688 3630 τῇ
735 3558 1016 3632 Ἀνατολῇ.
1056 3579 1075 3612 ι
1129 3561 1298 3614 Ὀταν
1345 3563 1591 3636 ἀκούσῃς
1643 3565 1870 3638 ἀστέρα,

277 3649 354 3720 μὴ
405 3651 636 3721 νομίσης
687 3653 927 3706 τοιοῦτον
987 3649 1127 3707 εἶναι
1157 3655 1391 3720 ἐκεῖνον,
1443 3657 1591 3722 οἴους
1628 3659 1868 3731 ὁρῶμεν,

271 3743 412 3796 ἀλλὰ
437 3744 586 3797 θείαν
611 3744 842 3816 δύναμιν
867 3747 960 3800 καὶ
988 3747 1312 3819 ἀγγελικὴν,
1333 3751 1415 3814 εἰς
1444 3751 1618 3805 τύπον
1639 3753 1873 3825 ἀστέρος

273 3835 632 3905 φαινομένην.
697 3836 849 3889 Ἐπεὶ
877 3837 984 3908 γὰρ
1031 3839 1081 3890 οἱ
1121 3839 1304 3906 Μάγοι
1333 3841 1657 3913 ἀστρολόγοι
1706 3842 1870 3914 ἦσαν,

268 3924 360 3976 διὰ
389 3924 482 3976 τοῦ
515 3927 784 3996 συνήθους
807 3927 992 3990 αὐτοῖς
1025 3929 1414 4001 προσηγάγετο
1444 3933 1644 3997 αὐτοὺς
1693 3935 1722 3988 ὁ
1758 3935 1874 3988 Κύ-

271 4033 414 4086 ριος,
448 4013 636 4086 ὥσπερ
678 4015 772 4068 καὶ
809 4017 901 4069 τὸν
934 4017 1167 4088 Πέτρον,
1228 4018 1386 4073 ἁλιέα
1425 4020 1579 4087 ὄντα,
1614 4021 1723 4076 ἀπὸ
1774 4021 1872 4077 τοῦ

273 4108 521 4176 πλήθους
558 4107 671 4161 τῶν
708 4107 908 4179 ἰχθύων
943 4104 1018 4163 ὧν
1081 4112 1454 4184 ὲσαγήνευσεν
1503 4116 1598 4168 ἐπὶ
1644 4115 1722 4187 τῷ
1754 4115 1874 4170 ὀνό-

272 4216 408 4269 ματι
433 4198 527 4252 τοῦ
556 4199 814 4270 Χριστοῦ,
845 4199 1157 4270 ἐξέπληξεν.
1185 4204 1307 4256 Ὀτι
1335 4205 1391 4257 δὲ
1417 4205 1688 4274 ἀγγελικὴ
1713 4204 1874 4265 δύνα-

274 4311 369 4361 μις
397 4289 463 4358 ἦν
515 4296 541 4346 ο
578 4294 774 4366 ἀστὴρ,
813 4293 974 4364 δῆλον
1008 4298 1115 4349 ἁπλ
1146 4297 1240 4350 τοῦ
1274 4299 1368 4351 καὶ
1392 4299 1450 4354 ὲν
1477 4301 1664 4373 ἡμέρᾳ
1697 4301 1862 4371 ὑπερ-

268 4386 533 4453 λάμπειν,
569 4387 662 4439 κα)⁵
689 4388 797 4438 ἀπὸ
832 4386 926 4439 τοῦ
948 4392 1074 4440 κινε⁷
1097 4388 1214 4442 σθαι
1246 4391 1364 4460 μὲν,
1393 4394 1731 4464 κινουμένων
1765 4393 1874 4447 τῶν

267 4479 503 4548 Μάγων,
547 4478 795 4532 ἵστασθαι
817 4479 891 4542 δὲ,
945 4482 1047 4533 ἀνα
1086 4485 1416 4553 ταυομένωνο
1449 4484 1586 4539 άλλά
1616 4488 1712 4539 καὶ
1764 4487 1873 4540 ἀπὸ

269 4572 369 4626 τοῦ
404 4571 614 4644 βορείου
653 4574 875 4644 μέρους,
920 4575 946 4627 ὃ
978 4577 1097 4628 ἐστι
1126 4576 1224 4645 τῆς
1253 4578 1534 4648 Περσίδος,
1571 4582 1650 4645 εἰς
1685 4580 1746 4632 τὸ
1782 4581 1874 4634 νό-

268 4685 388 4721 τιον
420 4668 674 4734 ἐκινεῖτο,
710 4667 738 4719 ὅ
771 4669 886 4721 ἐστι
931 4671 1029 4739 τῆς
1081 4670 1462 4742 Ἰερουσαλήμ.
1499 4673 1770 4728 Οὐδέποτε
1815 4674 1874 4727 δὲ

270 4759 455 4830 ἀστὴρ
487 4761 595 4813 em
631 4759 723 4812 τοῦ
757 4760 967 4831 βορείου
1000 4762 1090 4814 ἐπὶ
1131 4761 1192 4814 τὸ
1215 4763 1391 4816 νότιον
1421 4766 1675 4819 κινεῖται.
1706 4783 1723 4816 ι
1763 4767 1874 4819 Καὶ

270 4852 513 4924 ἦλθομεν
558 4853 939 4924 προσκυνῆσαι
999 4853 1167 4925 αὐτῷ.
1208 4873 1226 4906 ι
1277 4855 1567 4911 Φαίνονται
1614 4855 1762 4912 οὗτοι
1824 4861 1872 4913 oi

270 4945 483 5013 Μάγοι,
545 4942 788 5014 μεγάλης
821 4943 1022 5014 ἀρετῆς
1060 4945 1234 5010 ὄντες.
1289 4945 1350 5000 Εἰ
1399 4948 1508 5019 γάρ
1542 4951 1599 5001 έν
1648 4953 1712 5020 τῇ
1746 4950 1873 5024 ξένῃ

271 5039 433 5110 χώρᾳ
466 5038 793 5107 προσκυνεῖν
829 5036 1040 5118 ἤθελον,
1078 5040 1196 5103 πῶς
1231 5042 1332 5094 οὐκ
1363 5041 1428 5095 ἂν
1469 5045 1526 5095 ὲν
1558 5047 1625 5115 τῇ
1652 5045 1872 5116 Περσίδι

271 5130 760 5202 ἀπαρρησιάσαντο
791 5132 883 5182 καὶ
916 5131 1189 5202 ἐκήρυξαν
1209 5150 1226 5197 ;

354 5241 374 5275 ι
423 5221 686 5285 Ἀκούσας
715 5222 774 5276 δὲ
811 5222 1059 5295 Ἡρώδης
1083 5228 1110 5278 ὁ
1135 5225 1412 5296 βασιλεὺς,
1445 5228 1742 5300 ἐταράχθη,
1776 5230 1872 5284 καὶ

273 5319 428 5371 πᾶσα
498 5316 850 5387 Ἰεροσόλυμα
897 5317 1012 5386 μετ⁵
1069 5318 1257 5374 αὑτοῦ.
1292 5339 1309 5371 ι
1381 5320 1440 5374 Ὀ
1486 5323 1588 5392 μὲν
1627 5321 1873 5395 Ἡρώδης

273 5411 580 5485 ἐταράχθη,
611 5412 686 5474 ώς
729 5412 1026 5482 ἀλλόφυλος
1063 5416 1194 5487 περὶ
1239 5417 1335 5489 τῆς
1365 5419 1650 5488 βασιλείας
1698 5421 1872 5475 δεδοι-

275 5505 390 5568 κὼς
417 5520 430 5536 ο
462 5503 733 5572 ἐγίνωσκε
790 5504 901 5575 γάρ
946 5506 1028 5558 ὅτι
1062 5507 1284 5572 ἀνάξιος
1331 5505 1399 5582 ἦν
1461 5513 1666 5583 ταύτης
1688 5529 1702 5543 °
1741 5517 1791 5567 οἱ
1817 5515 1874 5568 δὲ

287 5598 721 5664 Ἶουδαῖοι,τίνος
753 5598 939 5652 ἕνεκεν
972 5602 1372 5671 ταράττονται;
1403 5603 1509 5657 ἔδει
1537 5605 1646 5676 γάρ
1677 5606 1872 5672 αὐτοὺς

280 5691 484 5764 μᾶλλον
519 5690 759 5764 χαίρειν,
791 5692 872 5747 ὅτι
903 5691 1160 5764 βασιλεὺς
1190 5696 1374 5762 αὐτοῖς
1414 5697 1590 5768 ἔσται,
1629 5703 1734 5759 ὑπὸ
1764 5704 1875 5761 τῶν

352 5876 374 5909 ⁸
405 5876 544 5932 Gen.
602 5892 752 5943 χιιι,
790 5879 824 5935 3
873 5894 1026 5950 seqq.

1977 3393 2120 3445 rium
2160 3388 2400 3456 Christi,
2459 3400 2516 3445 ct
2566 3391 2770 3447 ideirco
2815 3399 3002 3446 natum
3074 3393 3229 3447 adire
3273 3392 3588 3452 voluerunt.

1981 3503 2000 3538 ι
2038 3484 2284 3550 Vidimus
2329 3485 2475 3538 enim
2523 3485 2733 3539 stellam
2763 3486 2883 3556 ejus
2925 3486 2978 3539 in
3016 3482 3263 3542 Oriente.
3302 3505 3320 3538 ι
3358 3485 3589 3553 Quando

1974 3580 2136 3634 audis
2187 3578 2425 3644 stellam,
2473 3593 2542 3634 ne
2591 3580 2753 3634 talem
2787 3593 2946 3651 putes
2987 3581 3170 3650 illam,
3217 3582 3405 3650 quales
3436 3585 3589 3639 vide-

1975 3688 2116 3739 mus,
2136 3673 2230 3728 sed
2250 3672 2489 3727 divinam
2515 3672 2773 3728 virtutem
2798 3683 2852 3728 et
2870 3675 3174 3746 angelicam
3202 3674 3255 3729 in
3283 3675 3327 3746 ι
3343 3675 3385 3745 ι
3413 3675 3587 3747 tigura

1976 3769 2178 3825 sideris
2214 3777 2595 3837 apparentem.
2647 3769 2788 3825 Nam
2841 3775 3101 3842 quoniam
3145 3773 3408 3844 astrologi
3444 3772 3585 3844 Magi

1975 3871 2170 3927 erant,
2214 3872 2506 3934 propterea
2543 3863 2804 3920 Dominus
2839 3867 3098 3921 fatniliari
3135 3866 3270 3938 ipsis
3298 3868 3458 3937 signo
3489 3880 3586 3922 eos

1978 3956 2244 4021 adduxit,
2281 3957 2426 4012 sicut
2459 3965 2512 4010 et
2538 3940 2771 4014 'Petrum
2810 3961 3138 4030 piscatorem
3173 3978 3201 4016 a
3241 3962 3588 4018 multitudine

1977 4054 2243 4125 piscium,
2289 4067 2426 4123 quos
2462 4054 2516 4108 in
2563 4057 2784 4112 neruine
2819 4057 3026 4114 Christi
3073 4070 3327 4128 ceperat,
3396 4071 3585 4127 stupe~

1977 4161 2134 4203 scere
2163 4147 2312 4204 fecit.
2341 4147 2497 4216 Quod
2527 4159 2708 4205 autem
2741 4152 2985 4222 angelica
3014 4153 3189 4208 virtus
3217 4151 3380 4208 fuerit
3405 4153 3583 4216 stella,

1977 4239 2328 4294 manifestum
2375 4255 2440 4294 ex
2472 4254 2572 4306 eo,
2606 4245 2747 4311 quod
2786 4253 2842 4299 et
2879 4245 2931 4298 in
2967 4245 3052 4299 die
3086 4243 3400 4312 refulserit,
3435 4254 3489 4300 et
3519 4245 3588 4301 ad

1979 4341 2183 4385 motum
2221 4331 2503 4402 Magorum
2531 4348 2592 4388 se
2626 4337 2882 4400 moverit,
2917 4349 2970 4389 et
3010 4337 3077 4389 ad
3111 4339 3356 4406 quietem
3393 4353 3584 4392 eorum

1978 4425 2267 4494 quieverit.
2311 4425 2454 4492 Quin
2503 4438 2558 4482 et
2601 4442 2631 4480 a
2676 4430 3092 4499 septentrionali
3125 4441 3311 4498 parte,
3352 4447 3472 4501 qua:
3503 4440 3587 4486 εει

1979 4516 2247 4582 Persidis,
2283 4520 2348 4572 ad
2376 4519 2686 4587 meridiem,
2726 4523 2774 4574 in
2815 4538 2919 4592 qua
2949 4534 3032 4577 est
3071 4521 3432 4591 Hierusalem,
3467 4538 3584 4578 mo-

1909 4646 1951 4701 υ
1983 4612 2229 4666 vehatur.
2274 4610 2562 4682 Nunquam
2612 4623 2794 4667 autem
2836 4617 2992 4669 stella
3031 4630 3060 4668 a
3100 4616 3474 4686 septentrione
3519 4618 3587 4672 ad

1984 4702 2266 4760 meridiem
2324 4706 2574 4758 vertitur.
2637 4721 2656 4756 ι
2722 4705 2786 4758 Et
2839 4707 3122 4771 venimus,
3179 4717 3235 4760 ut
3296 4707 3588 4769 adoremus

1979 4809 2130 4849 eum.
2186 4815 2205 4848 ι
2253 4795 2518 4851 Videntur
2568 4797 2623 4852 hi
2681 4796 2821 4869 Magi
2869 4815 3062 4870 magna
3108 4801 3311 4856 virtute
3355 4801 3586 4871 praediti.

1979 4885 2116 4942 Nam
2149 4890 2193 4943 si
2237 4890 2288 4942 in
2332 4889 2506 4943 aliena
2557 4891 2776 4961 regione
2821 4893 3054 4947 adorare
3092 4894 3403 4955 voluerunt,
3448 4909 3590 4961 qtto-
3671 4921 3687 4929 -

1982 4982 2144 5037 modo
2179 4999 2284 5038 non
2318 4983 2368 5038 in
2401 4982 2773 5054 Perside-ipsa
2803 5001 2996 5056 magna
3036 4987 3292 5042 libertate
3323 4987 3590 5058 pradicao

1985 5076 2220 5130 verunt?

2063 5249 2231 5304 Vens.
2268 5249 2322 5302 3.
2366 5268 2383 5295 ε
2431 5248 2680 5307 Herodes
2716 5261 2897 5307 autem
2951 5268 3047 5308 rex
3102 5261 3160 5307 ut
3203 5252 3431 5319 audivit,
3469 5264 3589 5307 tur-

1983 5340 2145 5395 batus
2195 5351 2302 5407 est,
2337 5351 2394 5397 et
2448 5344 2629 5399 omnis
2686 5342 3062 5416 Hierosolyma
3098 5361 3222 5400 eum
3276 5346 3388 5400 illo.
3425 5365 3441 5398 ι
3481 5345 3590 5401 lle-

1981 5434 2142 5489 rodes
2176 5434 2396 5503 quidem
2461 5439 2716 5492 turbatus
2776 5447 2881 5502 cst,
2938 5449 2996 5494 ut
3050 5440 3375 5509 alienigena,
3421 5455 3589 5510 regno

1982 5541 2082 5582 Suo
2129 5528 2347 5591 timens,
2382 5529 2594 5584 sciebat
2648 5531 2794 5585 enim
2824 5534 2969 5601 quod
3013 5533 3105 5588 illo
3131 5534 3389 5603 indignus
3419 5542 3586 5587 esset.

1981 5617 2151 5673 Judaei
2209 5632 2391 5675 autem
2461 5637 2631 5692 quare
2713 5626 3040 5680 turbantur?
3094 5628 3379 5698 oportebat
3438 5626 3586 5681 enim

1983 5711 2220 5782 gaudere
2260 5713 2462 5784 potius,
2497 5715 2642 5788 quod
2689 5731 2872 5788 regem
2923 5719 3026 5790 ipsi
3078 5721 3318 5777 habituri
3372 5733 3583 5786 CS:eltl,
