4080 6336
630 451 733 517 163
1501 426 2087 499 THEOPHYLACTI
2133 420 2545 487 BULGARI/E
2579 406 2785 481 ΑΒοΗ
2795 417 2942 480 IEP.
3781 407 3891 474 ωδ

625 567 715 637 qui
753 577 781 615 a
807 558 1046 615 Persicis
1078 554 1295 626 regibus
1326 552 1667 610 adoreretur,
1703 545 1798 601 sed
1836 558 2026 601 revera
2057 541 2192 598 insi-

2303 534 2585 606 Περσικῶν
2648 532 2916 613 βασιλέων
2967 524 3445 604 προσκυνούμενος
3473 563 3487 589 ,
3538 518 3658 575 ἀλλ’
3713 519 3889 584 ὅντως

626 656 781 727 piens
811 668 899 707 res
935 660 1020 709 est
1056 649 1283 706 malitis.

697 745 861 803 Vens.
894 746 948 799 4.
1010 762 1029 794 ι
1080 741 1146 795 Et
1176 734 1519 809 congregatis
1555 731 1810 789 omnibus
1853 722 2200 799 pontiﬁcibus

626 842 683 891 et
738 834 935 890 scribis
974 830 1190 901 pepuli,
1229 824 1591 896 interrogavit
1638 836 1754 890 eos,
1797 820 1892 876 ubi
1943 824 2201 872 nascatur

629 928 900 985 Christus.
942 941 962 975 ι
999 922 1207 978 Scriba:
1243 927 1400 977 erant
1444 917 1693 972 doctores
1755 909 1953 983 populi,
2013 906 2201 978 quales

630 1031 756 1077 sunt
781 1034 916 1089 quos
950 1030 1050 1071 nos
1077 1014 1308 1069 dicimus
1353 1007 1752 1079 grammaticos.
1800 999 2071 1073 Singulari
2101 1012 2191 1051 au-

629 1124 736 1168 tem
781 1112 875 1166 Del
911 1108 1318 1177 dispensatione
1359 1104 1765 1173 interrOgautur
1795 1095 1894 1165 illi,
1929 1104 1987 1148 ut
2026 1091 2197 1145 conli—

627 1212 845 1259 teantur
880 1203 1191 1260 veritatem,
1231 1204 1287 1251 et
1325 1204 1389 1248 ex
1422 1192 1525 1245 h‘oc
1568 1189 2019 1248 condemnentur,
2055 1181 2197 1254 quod

629 1296 774 1350 illum
800 1290 1211 1353 cruciﬂxerunt,
1238 1301 1397 1357 quem
1427 1285 1580 1356 prius
1605 1279 1839 1337 confessi
1873 1286 2019 1332 sunt.

703 1466 864 1521 Vens.
888 1466 940 1520 5.
967 1483 986 1515 ι
1021 1465 1088 1518 At
1110 1463 1181 1516 illi
1208 1462 1463 1517 dixerunt
1484 1458 1558 1524 ei,
1591 1458 1645 1512 ln
1675 1454 1945 1512 Bethleem
1976 1451 2193 1508 Iudaeae.

631 1561 723 1615 Sic
753 1561 896 1612 enim
927 1557 1188 1626 scriptum
1229 1566 1312 1609 est
1338 1568 1433 1625 per
1466 1552 1807 1622 praphetam.
1838 1566 1856 1600 ι
1902 1547 2005 1601 Per
2035 1558 2195 1619 quem

628 1649 986 1722 prophetam?
1015 1650 1122 1703 Per
1139 1644 1439 1703 illicitas-am.
1475 1643 1569 1699 ille
1588 1642 1731 1697 enim
1753 1640 1882 1695 dicit
1900 1639 1916 1693 τ

696 1823 859 1879 Vsus.
913 1821 970 1877 4.
1011 1834 1049 1872 ι
1078 1820 1247 1876 Ειιηιιι
1282 1814 1560 1874 Bethleem
1610 1823 1755 1869 terra
1785 1810 1945 1873 Judn,
1986 1822 2192 1878 nequa-

2300 626 2528 697 ἀνόητον
2556 623 2749 697 χρῆμα
2796 624 2830 683 ὴ
2862 620 3115 695 πονηρία.

2378 736 2397 770 ι
2455 717 2564 771 Καὶ
2620 715 2942 783 συναγαγὼν
3006 712 3217 775 πάντας
3272 709 3398 773 τοὺς
3449 706 3733 779 ἀρχιερεῖς
3788 702 3892 760 καὶ

2301 812 2652 883 γραμματεῖς
2701 807 2797 861 τοῦ
2866 803 2997 860 λαοῦ
3028 846 3041 870 ,
3106 802 3434 858 ἐπυνθάνετο
3494 798 3625 870 παρ’
3678 796 3888 865 αὐτῶν,

2300 900 2405 955 ποῦ
2432 902 2463 953 6
2496 900 2731 973 Χριστὸς
2790 900 3063 968 γεννᾶται.
3091 916 3111 950 s
3162 895 3514 967 Γραμματείς
3555 887 3699 964 ἦσαν
3722 890 3778 945 oi
3803 890 3889 945 δι-

2298 993 2559 1048 δάσκαλοι
2581 992 2673 1047 τοῦ
2698 990 2851 1057 λαοῦ,
2867 989 3057 1061 ὥσπερ
3100 986 3192 1052 οὓς
3217 990 3383 1059 ἡμεῖς
3440 984 3673 1061 λέγομεν
3698 998 3889 1055 γραμ-

2303 1083 2590 1156 ματικούς.
2615 1081 2965 1154 Οίκονομεῐδέ
2982 1084 3010 1135 6
3026 1079 3157 1142 Θεὸς
3174 1076 3517 1153 ἐρωτηθῆναι
3533 1072 3890 1139 τούτους,ῑνα

2299 1176 2675 1246 ὁμολογήσωσι
2703 1174 2800 1246 τὴν
2827 1175 3105 1245 ἀλήθειαν,
3142 1172 3235 1225 καὶ
3260 1168 3325 1226 ἐπὶ
3354 1168 3545 1223 τούτου
3578 1161 3685 1222 ὦσι
3713 1179 3892 1221 ωτι-

2298 1268 2635 1341 κεκριμένοι,
2685 1268 2838 1322 αὐτοὶ
2874 1265 3064 1321 τοῦτον
3113 1261 3529 1336 σταυρώσαντες
3557 1259 3617 1314 δν
3673 1257 3888 1331 671.016-

2299 1377 2475 1430 γησαν
2509 1358 2797 1433 πρότερον.
3336 1406 3339 1407 ,

2376 1471 2393 1504 ι
2452 1453 2516 1506 Οί
2569 1452 2629 1505 δέ
2694 1448 2847 1506 εἷπον
2921 1452 3091 1524 αὐτῷ,
3147 1451 3239 1505 Ἐν
3292 1448 3540 1521 Βηθλεέμ
3587 1444 3689 1515 τῆς
3754 1443 3890 1497 ἰου-

2299 1541 2455 1607 δαίας
2483 1559 2495 1571 ·
2527 1540 2668 1595 οὕτω
2698 1542 2806 1614 γὰρ
2858 1543 3168 1613 γέγραπται
3226 1539 3316 1593 διὰ
3370 1535 3465 1591 τοῦ
3519 1536 3821 1605 προφήτου.
3861 1552 3883 1585 s

2302 1635 2589 1705 Προφήτου
2623 1634 2816 1701 ποίου;
2877 1634 2984 1687 Τοῦ
3037 1633 3295 1707 Μιχαίου.
3362 1629 3597 1692 Ἐκεῖνος
3639 1628 3748 1698 γάρ
3782 1643 3889 1699 φη-

2304 1742 2409 1792 σιν,

2377 1837 2394 1871 ι
2427 1820 2534 1872 Καὶ
2588 1818 2675 1885 σὺ,
2729 1816 2997 1888 Βηθλεέμ,
3051 1816 3123 1886 γῆ
3165 1814 3355 1882 Ἰούδα,
3410 1816 3658 1886 οὐδαμῶς
3707 1812 3893 1884 ἐλαχί-

630 1931 791 1986 quam
822 1914 1045 1969 minima
1076 1926 1137 1966 es
1170 1913 1219 1966 in
1243 1910 1575 1981 principibus
1604 1905 1765 1961 Juda.
1815 1922 1835 1955 a
1878 1901 2199 1967 Contempta

2308 1929 2407 1979 στη
2472 1909 2523 1965 εἴ
2576 1913 2633 1965 ἐν
2686 1885 2804 1976 τοῖς
2855 1885 3122 1982 ἡγεμόσιν
3200 1910 3386 1965 Ἰούδα.
3427 1929 3445 1962 ι
3511 1885 3728 1980 Μικρᾶς
3781 1909 3895 1980 γὰρ

630 2006 778 2060 enim
800 2012 919 2058 erat
949 2012 1007 2056 ut
1056 2010 1184 2069 puto
1228 2015 1434 2070 parva:
1487 2011 1631 2051 nunc
1667 2003 1848 2048 autem
1883 1991 2009 2060 quia
2040 2004 2107 2044 et
2138 2003 2201 2042 ea

630 2096 833 2165 prodiit
881 2096 1155 2157 Christus,
1207 2092 1439 2146 celebris
1476 2097 1579 2144 est.
1619 2087 1821 2143 Omnes
1850 2082 1992 2139 enim
2039 2095 2105 2134 ex
2135 2081 2203 2138 ll-

635 2188 793 2242 uibus
822 2196 977 2241 terra:
995 2194 1238 2248 veniunt,
1262 2194 1317 2241 et
1341 2190 1583 2237 sanctam
1612 2179 1755 2233 hanc
1777 2176 2009 2232 adorant
2036 2172 2205 2230 Beth-

633 2279 793 2334 leem.
831 2295 852 2330 a
908 2276 988 2331 Ex
1038 2287 1091 2331 ω
1146 2276 1289 2331 enim
1321 2286 1644 2345 egressurus
1685 2278 1768 2329 est
1798 2269 1932 2322 dus.
1971 2285 1990 2320 ι
2037 2265 2205 2321 Recte

632 2384 951 2442 egressurus
992 2380 1099 2435 est,
1130 2368 1326 2438 inquit,
1377 2376 1433 2422 et
1465 2380 1570 2420 non
1614 2364 1667 2418 in
1710 2374 1761 2419 te
1791 2360 2051 2416 manebit.
2086 2355 2203 2412 Non

632 2465 779 2517 enim
841 2462 1045 2516 mansit
1101 2462 1351 2515 Christus
1407 2458 1461 2513 in
1533 2453 1829 2518 Bethleem,
1881 2452 1975 2509 sed
2016 2465 2083 2507 ex
2139 2463 2204 2506 ea

637 2566 922 2625 postquam
961 2564 1118 2608 natus
1152 2563 1235 2608 est
1266 2551 1419 2618 exiit,
1442 2559 1497 2605 et
1522 2550 1574 2603 in
1604 2548 1869 2602 Nazareth
1895 2546 2207 2612 frequenter

637 2656 993 2701 conversatus
1039 2655 1141 2698 est.
1209 2645 1405 2697 Dicunt
1456 2648 1636 2695 autem
1682 2637 1853 2694 Judai
1897 2636 2041 2704 quod
2105 2632 2208 2686 hoc

640 2739 958 2808 praedictum
984 2739 1057 2789 sit
1084 2737 1148 2790 de
1170 2730 1507 2795 Zorobabel;
1538 2728 1631 2785 sed
1666 2726 2002 2782 mentiuntur
2030 2721 2208 2780 mani-

636 2830 793 2883 l'este.
820 2827 1032 2882 Etenim
1063 2823 1363 2879 Zorobahel
1393 2836 1496 2876 non
1527 2820 1579 2874 in
1604 2816 1876 2875 Bethleem
1910 2824 2069 2869 natus
2100 2818 2201 2876 est,

638 2922 733 2974 sed
775 2922 827 2971 in
872 2917 1165 2988 Babylone.
1197 2914 1332 2969 Vide
1364 2914 1505 2968 enim
1539 2924 1733 2965 nomen
1777 2908 1919 2975 ejus,
1953 2905 2093 2959 Zoro
2126 2906 2203 2956 sic

639 3011 858 3081 gniﬁcat
898 3022 1085 3064 semen
1120 3016 1175 3069 et
1204 3004 1594 3059 nativitatem»;
1626 3000 1788 3057 Babel
1822 3011 2003 3055 autem
2036 2996 2210 3065 Baby-

636 3106 781 3170 lona,
831 3104 935 3157 hoc
962 3113 1070 3167 est,
1106 3102 1199 3170 qui
1238 3109 1396 3153 natus
1436 3097 1519 3153 vel
1561 3098 1775 3167 genitus
1823 3102 1909 3149 est
1949 3094 2003 3148 iu
2033 3090 2210 3160 Baby-

634 3196 777 3251 lone.
844 3195 952 3251 Sed
1024 3204 1078 3249 et
1145 3191 1429 3264 prophetia
1503 3186 1789 3244 manifeste
1852 3185 2031 3254 arguit
2087 3198 2203 3247 eos,
2229 3224 2276 3287 ο

635 3289 863 3343 dicens:
916 3302 937 3339 ι
1000 3286 1265 3358 Egressus
1312 3282 1439 3352 ejus
1484 3296 1515 3336 a
1576 3279 1866 3351 principio,
1926 3293 1956 3334 a
2016 3276 2206 3333 diebus

632 3383 957 3438 aeternitatis
975 3381 1017 3435 '.
1067 3399 1089 3433 ι
1119 3380 1289 3448 Cujus
1317 3386 1496 3433 autem
1537 3374 1762 3434 alterius
1804 3384 2057 3443 egressus
2080 3376 2206 3426 sunt

634 3478 707 3531 ab
743 3475 919 3540 initio,
957 3483 1011 3528 et
1032 3487 1063 3525 a
1092 3473 1194 3541 12
1219 3470 1407 3526 diebus
1434 3466 1752 3523 aeternitatis
1780 3479 1951 3534 quam
1973 3460 2208 3519 Christi?

636 3569 732 3637 qui
765 3568 903 3621 duos
928 3579 1186 3634 egressus
1220 3563 1433 3626 habuit,
1462 3562 1563 3615 hoc
1594 3569 1679 3614 est
1711 3557 2040 3615 nativitates.
2070 3551 2205 3608 Nam

640 3661 813 3729 prima
843 3657 963 3731 ejus
985 3657 1262 3720 nativitas,
1295 3656 1362 3709 ah
1391 3654 1547 3709 initio
1569 3653 1668 3706 fuit
1695 3667 1723 3706 a
1755 3650 1937 3713 Patre,
1970 3648 2210 3704 secunda

640 3763 822 3806 autem
857 3734 958 3804 iuit
1000 3765 1030 3803 a
1076 3750 1268 3803 diebus
1310 3747 1513 3812 smculi,
1554 3744 1879 3815 principium
1926 3752 2149 3798 sumens
2178 3751 2207 3790 a

638 3842 808 3896 Matre
841 3839 960 3906 Dei,
990 3854 1109 3909 qua:
1142 3839 1195 3893 io
1228 3849 1470 3907 tempore
1509 3836 1637 3894 fuit.
1681 3835 1875 3891 Dicant
1906 3833 2076 3907 igitur
2108 3827 2208 3886 Ju-

640 3934 763 3998 dzi,
800 3948 926 3990 num
975 3929 1276 3988 Zorobabel
1324 3932 1392 3985 ab
1422 3929 1579 3986 initio
1610 3925 1809 3985 fuerit?
1846 3925 1941 3983 sed
1978 3938 2087 3979 non
2113 3923 2209 3982 lia-

638 4027 767 4082 hent
813 4025 958 4094 quod
1011 4024 1234 4083 dicant:
1274 4039 1294 4081 t
1347 4021 1447 4088 Qui
1496 4030 1682 4092 pascet
1725 4020 1979 4091 populum
2027 4031 2207 4074 meum

638 4118 823 4174 lsracl.
877 4137 896 4171 ι
943 4116 1137 4177 Pascet
1174 4116 1332 4186 dixit,
1382 4131 1487 4172 non
1527 4116 1868 4182 tyrannidem
1912 4098 2206 4176 exercebit,

638 4210 721 4273 uel
753 4210 1057 4287 devorabit.
1106 4208 1209 4261 Alii
1256 4208 1397 4263 enim
1466 4222 1620 4277 reges
1659 4211 1764 4260 non
1814 4214 2080 4274 pasmres,
2116 4203 2209 4261 sed

2306 2005 2469 2076 οὔσης
2503 2012 2703 2076 ταύτης
2735 2006 3104 2076 κατεφρόνουν
3124 2020 3137 2035 ·
3193 2002 3289 2056 νῦν
3318 2003 3373 2057 δέ
3400 2002 3486 2056 διὰ
3514 2003 3604 2057 τὸν
3648 2006 3713 2056 ἐκ
3758 2000 3896 2058 sari-

2305 2114 2402 2169 της
2455 2098 2791 2169 προελθόντα
2836 2097 3091 2168 Χριστὸν,
3174 2095 3500 2168 περιϐόητός
3547 2097 3684 2150 ἐστι.
3747 2092 3893 2157 nev,-

2305 2206 2397 2254 τες
2430 2192 2537 2260 γὰρ
2588 2193 2651 2243 ἐκ
2679 2188 2931 2259 περάτων
2964 2190 3063 2258 τῆς
3112 2188 3217 2257 γῆς
3264 2188 3535 2259 ἔρχονται,
3568 2186 3889 2259 apo:va-

2308 2298 2491 2345 σοντες
2520 2281 2725 2351 ταύτην
2756 2280 2854 2353 τὴν
2916 2280 3079 2349 ἁγίαν
3121 2280 3389 2349 Βηθλεέμ.
3451 2298 3470 2332 ι
3516 2279 3613 2334 ’E'x
3650 2277 3747 2333 τοῦ
3781 2277 3892 2348 γὰρ

2308 2374 2646 2438 ἐξελεύσεται
2679 2372 3005 2444 ἡγούμενος.
3046 2390 3063 2423 ι
3119 2372 3318 2435 Καλῶς
3351 2366 3473 2425 εἷπε
3495 2372 3575 2438 τὸ,
3613 2370 3895 2437 ἐξελεύσε-

2306 2483 2416 2532 ται,
2451 2469 2543 2520 καὶ
2567 2467 2709 2530 οὐγὶ,
2740 2469 2796 2519 ἐν
2824 2466 2907 2518 σοὶ
2938 2466 3109 2534 μενεῖ.
3128 2465 3202 2519 Οὐ
3226 2464 3334 2535 γὰρ
3354 2464 3570 2536 ἔμεινεν
3593 2466 3621 2518 6
3650 2465 3895 2537 Χριστὸς

2308 2560 2364 2610 ἐν
2394 2560 2454 2629 τῇ
2479 2558 2744 2628 Βηθλεέμ,
2779 2557 2895 2610 ἀλλ’
2918 2558 2983 2610 ἐκ
3006 2557 3210 2626 ταύτης
3240 2556 3341 2631 μὲν
3366 2556 3581 2627 ἐξῆλθε,
3634 2558 3775 2626 μετὰ
3831 2556 3894 2613 τὸ

2308 2652 2665 2724 γεννηθῆναι,
2697 2653 2754 2703 ἐν
2783 2650 2841 2703 δέ
2872 2652 2936 2724 τῇ
2980 2647 3234 2721 Ναζαρὲτ
3269 2648 3338 2702 τὰ
3365 2648 3593 2703 πλεῖστα
3625 2649 3889 2721 διέτριδε.

2255 2800 2259 2804 ,
2308 2746 2539 2814 Λέγουσι
2562 2744 2617 2796 δὲ
2642 2745 2692 2795 oi
2730 2741 2971 2795 Ἰουδαῖοι
2994 2740 3075 2794 ὅτι
3110 2741 3238 2812 περὶ
3265 2740 3358 2794 τοῦ
3393 2740 3703 2810 Ζοροόάδελ
3733 2740 3895 2796 τοῦτο

2308 2832 2710 2905 προεφητεύθη.
2742 2829 3045 2884 Ψεύδονται
3078 2828 3134 2883 δὲ
3167 2831 3484 2900 προφανῶς.
3506 2832 3626 2885 Καὶ
3654 2830 3765 2904 γὰρ
3794 2832 3897 2885 Ζο-

2298 2923 2567 2996 ’ροῦἀὸελ,
2584 2924 2685 2977 οὐκ
2705 2925 2763 2978 ἐν
2784 2926 2850 2994 τῇ
2881 2922 3133 2995 Βηθλεέμ
3159 2923 3445 2997 ἐγεννήθη,
3474 2923 3591 2979 ἀλλ’
3616 2926 3675 2978 ἐν
3695 2928 3761 2996 τῇ
3785 2924 3895 2979 Bsi-

2309 3017 2529 3074 6υλῶνι.
2564 3017 2669 3070 Ἴδε
2714 3019 2826 3088 γὰρ
2852 3017 2913 3069 τὸ
2958 3015 3131 3085 ὄνομα
3157 3015 3325 3069 αὐτοῦ
3347 3030 3360 3046 ³
3414 3016 3571 3087 Ζορδ,
3607 3016 3762 3087 δηλοῖ
3791 3019 3894 3089 τὴν

2308 3110 2519 3180 σπορὰν
2547 3110 2640 3163 καὶ
2669 3110 2766 3179 τὴν
2803 3111 3056 3177 γέννησιν
3079 3126 3093 3142 ·
3132 3109 3307 3163 Βαῦὲλ
3337 3110 3416 3173 δὲ,
3438 3110 3539 3182 τὴν
3570 3110 3895 3178 Βαϐυλῶνα,

2309 3203 2605 3268 τουτέστιν,
2634 3202 2661 3254 ό
2692 3205 2748 3255 ἐν
2770 3201 3047 3256 Βαϐυλῶνι
3076 3203 3304 3272 σπαρεὶς
3330 3203 3362 3275 ἢ
3394 3203 3697 3275 γεννηθείς.
3733 3204 3898 3258 Ἀλλὰ

2310 3294 2404 3349 καὶ
2436 3295 2469 3364 ὴ
2510 3294 2817 3364 προφητεία
2850 3294 3099 3365 φανερῶς
3134 3294 3348 3365 ἐλέγχει
3381 3294 3599 3362 αὐτοὺς,
3632 3295 3895 3364 λέγουσω

2251 3444 2265 3463 θ
2315 3405 2335 3439 ι
2371 3388 2437 3440 Δί
2487 3386 2651 3451 ἔξοδοι
2678 3386 2844 3439 αὐτοῦ
2871 3385 2967 3440 ἀπ’
3016 3387 3213 3457 ἀρχῆς,
3255 3387 3315 3451 ἐξ
3348 3388 3573 3459 ἡμερῶν
3622 3387 3840 3452 αίῶγος.
3872 3408 3892 3443 s

2309 3477 2463 3539 Tiso;
2493 3477 2550 3530 δέ
2576 3476 2737 3531 ἄλλου
2775 3480 2831 3530 αί
2858 3476 3028 3543 ἔξοδοί
3056 3481 3161 3531 εἰσι
3198 3481 3291 3532 καὶ
3324 3481 3419 3533 ἀπ’
3447 3480 3642 3552 ἀρχῆς,
3681 3481 3781 3535 καὶ
3834 3481 3897 3548 ἐξ

2308 3569 2531 3639 ἡμερῶν
2549 3568 2741 3633 αἰῶνος
2763 3570 2909 3640 ἢτοῦ
2934 3571 3171 3641 Χριστοῦ
3194 3588 3209 3638 ;
3234 3573 3327 3634 Ὃς
3354 3571 3449 3625 δύο
3476 3572 3690 3637 ἐξόδους
3711 3574 3895 3644 ἔσχεν,

2310 3660 2429 3731 ἦτοι
2456 3664 2767 3731 γεννήσεις·
2807 3662 2920 3715 ἀλλ’
2949 3664 2982 3730 ἡ
3023 3664 3119 3731 μὲν
3154 3664 3343 3733 πρώτη
3380 3664 3656 3731 γέννησις,
3680 3664 3775 3717 ἀπ’
3797 3666 3901 3736 ἀρ-

2310 3751 2411 3821 χῆς
2440 3752 2504 3804 ἐκ
2530 3752 2621 3805 τοῦ
2653 3753 2886 3824 Πατρός,
2911 3755 2943 3825 ἡ
2978 3754 3033 3806 δὲ
3057 3754 3305 3825 δευτέρα,
3343 3754 3401 3822 ἐξ
3423 3754 3649 3825 ἡμερῶν
3670 3756 3893 3824 αἰῶνος,

2312 3848 2420 3904 ἀπὸ
2444 3847 2540 3917 τῆς
2568 3846 2828 3901 Θεοτόκου
2877 3846 3179 3918 ἀρξαμένη,
3234 3849 3332 3901 καὶ
3383 3848 3486 3901 ὑπὸ
3511 3850 3706 3920 χρόνον
3737 3847 3896 3908 οὖσα.

2310 3941 2637 3994 Είπάτωσαν
2690 3939 2781 3993 οὖν
2829 3942 2877 3993 οί
2938 3940 3205 4007 Ἰουδαῖοι,
3270 3941 3366 3993 ἐὰν
3400 3942 3763 4013 ὁΖοροόἀὸελ
3792 3945 3889 3999 ἀπ’

2310 4033 2487 4104 ἀρχῆς
2510 4033 2727 4101 ἐγένετο
2748 4050 2761 4098 ;
2789 4033 2933 4087 ’Λλλ’
2951 4034 3051 4085 οὐχ
3074 4032 3286 4103 ἔχουσιν
3308 4034 3501 4087 εἰπεῖν·
3534 4036 3755 4099 (Ὅστις
3779 4053 3897 4091 ποια

2314 4127 2473 4195 μανεῖ
2497 4125 2587 4177 τὸν
2635 4125 2763 4177 λαόν
2792 4142 2891 4194 μου
2920 4124 3012 4177 τὸν
3068 4125 3308 4193 Ἰσραήλ.
3346 4144 3365 4177 s
3422 4126 3693 4195 Ποιμανεῖ
3715 4122 3870 4181 εἶπεν

2312 4218 2426 4271 ἀλλ’
2452 4217 2512 4269 οὐ
2537 4217 2936 4287 τυραννήσει,ἢ
2962 4218 3359 4284 καταφάγεται.
3399 4218 3462 4270 Oi
3497 4218 3593 4287 μὲν
3616 4217 3726 4287 γὰρ
3748 4219 3902 4274 ἄλλοι

533 4968 539 4977 ε
642 4945 901 5003 Clanculo
944 4946 1065 5001 ilius
1098 4946 1330 5012 vocavit,
1363 4955 1583 5016 propter
1612 4943 1848 5001 Judmos.
1883 4943 2209 5013 Suspicaba-

640 4302 751 4370 lupi
787 4311 950 4357 sunt:
985 4300 1235 4358 Christus
1277 4309 1457 4357 autem
1482 4308 1692 4367 pastor,
1723 4298 1864 4353 sicut
1894 4298 2011 4367 ipse
2034 4296 2205 4350 dicit:

2315 4309 2574 4382 βασιλεῖς,
2623 4310 2682 4362 οὐ
2737 4309 3014 4379 ποιμένες,
3068 4308 3205 4361 ἀλλὰ
3233 4308 3422 4362 λύκοιο
3468 4312 3496 4363 6
3536 4310 3593 4365 δὲ
3641 4311 3897 4382 Χριστὸς,

645 4413 665 4447 ι
707 4392 816 4462 Ego
842 4408 958 4449 smn
1001 4404 1184 4462 pastor
1219 4391 1469 4446 bonus“.
1511 4408 1529 4443 ι
1570 4389 1833 4460 Populum
1859 4389 2025 4445 lsrael
2052 4388 2205 4453 dicit,

2314 4404 2538 4473 ποιμὴν,
2566 4401 2639 4465 ὡς
2685 4402 2779 4456 καὶ
2804 4402 2966 4462 αὐτὸς
2995 4401 3179 4470 λέγει’
3216 4419 3233 4453 ι
3277 4400 3421 4471 Ἐγὼ
3447 4403 3563 4474 είμὶ
3591 4404 3620 4455 6
3647 4406 3848 4475 ποιμὴν
3867 4406 3900 4458 ό

644 4498 751 4543 tam
782 4501 874 4543 eos
899 4487 990 4556 qui
1021 4502 1087 4542 ex
1140 4484 1365 4549 ludatis,
1396 4499 1556 4555 quam
1589 4483 1680 4552 qui
1711 4497 1778 4541 ex
1807 4480 2068 4539 Gentibus
2091 4496 2206 4540 cre-

2311 4496 2493 4558 καλός.
2520 4512 2538 4545 ι
2575 4493 2717 4548 Λαὸν
2746 4494 2803 4549 δὲ
2833 4494 3053 4565 Ἰσραὴλ
3082 4493 3364 4562 λέγει,καὶ
3388 4495 3517 4558 τοὺς
3543 4494 3603 4563 ἐξ
3629 4493 3900 4568 Ἐϐραίων

644 4579 898 4635 diderunt
927 4598 941 4646 ;
976 4580 1143 4633 lsrael
1175 4580 1317 4634 enim
1358 4580 1763 4645 interpretatur,
1788 4574 1975 4631 videns
2011 4574 2201 4630 Deum.

2312 4588 2727 4653 πιστεύσαντας,
2760 4589 2854 4643 καὶ
2902 4560 3028 4652 τοὺς
3062 4587 3121 4652 ἐξ
3150 4560 3343 4641 ἐθνῶν.
3380 4560 3597 4661 Ἰσραὴλ
3650 4560 3761 4659 γὰρ
3802 4590 3895 4662 ἐρα

642 4669 797 4727 Unde
828 4686 1017 4726 omnes
1045 4671 1210 4727 Deum
1234 4670 1501 4736 videntes,
1530 4670 1785 4725 Israelita
1816 4679 1964 4735 sunt,
1996 4668 2206 4724 etiamsi

2314 4679 2629 4750 μηνεύεται,
2659 4680 2800 4751 ὁρῶν
2825 4680 2978 4745 Θεὸν,
3002 4680 3143 4736 ὥστε
3174 4679 3375 4741 πάντες
3396 4680 3447 4733 οἱ
3474 4680 3608 4733 Θεὸν
3633 4681 3898 4752 δρῶντες,

642 4775 707 4817 ex
734 4758 1003 4816 Gentibus
1035 4764 1143 4815 nati
1176 4762 1308 4817 sint.

2330 4768 2661 4839 Ἰσραηλῖταί
2691 4772 2816 4838 είσι,
2855 4770 2957 4824 κᾶν
2988 4769 3047 4835 ἐξ
3074 4770 3243 4824 ἐθνῶν
3273 4762 3425 4823 ὦσιν.

717 4853 883 4909 Vua.
922 4854 974 4908 7.
1030 4871 1051 4904 s
1084 4851 1508 4909 Tunc-Herodes
1532 4850 1668 4909 clam
1707 4852 1915 4908 vocatis
1949 4849 2137 4921 Magis.
2183 4868 2204 4903 ι

2384 4881 2403 4915 ι
2437 4862 2573 4917 Τότε
2602 4862 2629 4914 6
2669 4861 2915 4934 Ἡρώδης
2937 4862 3113 4934 λάθρα
3142 4864 3377 4929 καλέσας
3406 4863 3533 4926 τοὺς
3580 4862 3833 4932 Μάγους.
3865 4880 3884 4917 s

2307 4953 2496 5025 Λάθρα
2544 4954 2767 5018 τούτους
2797 4954 3042 5023 ἐκάλεσε,
3086 4954 3175 5009 διὰ
3204 4957 3329 5019 τοὺς
3368 4953 3678 5019 Ἰουδαίους.
3713 4953 3894 5009 Treui-

645 5052 731 5096 tur
785 5043 929 5097 enim
994 5043 1135 5111 quod
1195 5039 1366 5096 Judtei
1417 5041 1665 5097 fortassis
1729 5057 1958 5108 puerum
2010 5040 2206 5097 facturi

2313 5064 2479 5102 πτευε
2500 5048 2609 5119 γὰρ
2638 5048 2718 5103 ὅτι
2742 5049 2789 5101 oi
2824 5048 3068 5103 Ἰουδαῖοι
3101 5049 3229 5111 ἴσως
3253 5048 3382 5120 περὶ
3408 5047 3607 5101 πολλοῦ
3638 5050 3893 5119 ποιήσονο

643 5143 823 5188 essent
850 5134 1050 5203 magni,
1084 5141 1138 5187 et
1179 5133 1419 5188 curaturi
1455 5143 1511 5187 ut
1536 5144 1819 5188 servarent
1846 5149 1990 5200 cum,
2024 5142 2206 5204 utpote

2310 5156 2401 5193 ται
2429 5139 2491 5191 τὸ
2512 5139 2741 5205 παιδίον,
2772 5141 2867 5193 καὶ
2917 5140 3264 5209 φροντίσουσι
3298 5139 3389 5193 τοῦ
3416 5139 3588 5192 σῶσαι
3632 5140 3787 5205 αὐτὸ,
3820 5139 3893 5201 ὡς

646 5224 991 5280 liberatorem
1046 5240 1225 5292 suum,
1273 5234 1329 5280 et
1376 5237 1664 5295 preptcrca
1719 5225 1858 5281 clam
1900 5228 2205 5282 insidiatur.

2315 5230 2507 5302 μέλλον
2553 5232 2921 5301 ἐλευθερῶσαι
2955 5232 3171 5296 αὐτούς.
3220 5233 3318 5287 Διά
3370 5232 3530 5286 τοῦτο
3576 5228 3669 5286 οὖν
3718 5231 3897 5302 λάθρα

650 5334 670 5367 ι
704 5316 991 5385 Diligenter
1018 5318 1267 5385 quaesivit
1300 5317 1368 5371 ab
1396 5318 1479 5371 eis
1521 5326 1735 5386 tempus
1762 5319 1932 5374 stellae
1966 5336 2084 5389 qua:
2114 5335 2206 5389 ap-

2308 5324 2673 5378 ἐπισουλεύει.
2732 5343 2749 5375 ι
2795 5323 3103 5393 Ὴκρίὸωσε
3154 5325 3285 5394 παρ’
3344 5325 3523 5379 αὐτῶν
3555 5325 3649 5378 τὸν
3706 5325 3898 5395 χρόνον

644 5410 844 5481 paruit.
889 5427 909 5461 ι
958 5408 1071 5463 Hoc
1124 5419 1231 5477 est,
1278 5419 1531 5466 accurate
1583 5409 1791 5465 didicit.
1845 5410 2009 5465 Stella
2066 5412 2206 5467 enim

2315 5417 2407 5471 τοῦ
2439 5418 2769 5486 φαινομένου
2801 5417 3046 5487 ἀστέρος.
3087 5436 3107 5470 s
3146 5418 3459 5483 Τουτέστιν,
3514 5417 3760 5488 ἀκριϐῶς
3800 5419 3899 5471 ἀν-

648 5512 935 5571 antequam
974 5512 1136 5557 natus
1173 5511 1319 5558 esset
1350 5501 1633 5567 Dominus,
1664 5516 1987 5573 apparuerat
2013 5504 2205 5575 Magis,

2318 5509 2542 5581 έμαθεν.
2576 5507 2634 5560 'U
2670 5509 2777 5579 γὰρ
2809 5510 3004 5580 ἀστὴρ,
3042 5510 3146 5579 πρὸ
3177 5510 3270 5563 τοῦ
3306 5508 3637 5579 γεννηθῆναι
3665 5509 3759 5563 τὸν
3787 5509 3899 5564 Κότ

643 5591 898 5657 quoniam
922 5591 1149 5646 multum
1174 5592 1439 5661 temporis
1463 5596 1513 5646 in
1549 5596 1650 5649 iter
1679 5594 2007 5665 insumpturi
2030 5606 2206 5664 erant,

2324 5619 2458 5676 ριον,
2492 5601 2663 5671 ἐφάνη
2718 5604 2825 5665 τοῖς
2860 5602 3072 5667 Μάγοις
3102 5618 3113 5630 ·
3154 5604 3275 5655 ἐπεὶ
3319 5604 3429 5672 γὰρ
3454 5600 3682 5672 ἔμελλον
3729 5600 3900 5654 πολὺν

650 5683 769 5736 ideo
808 5685 976 5739 multo
1020 5696 1146 5741 ante
1182 5687 1426 5756 apparuit
1474 5688 1651 5753 stella,
1686 5702 1743 5745 ut
1769 5690 2063 5747 adorarent
2084 5706 2206 5747 eam

2320 5694 2631 5748 ἀναλίσκειν
2661 5694 2847 5765 χρόνον
2871 5696 3011 5749 κατὰ
3056 5696 3155 5763 τὴν
3205 5694 3514 5766 ὁδοιπορίαν
3540 5734 3556 5761 ,
3613 5693 3701 5749 διὰ
3739 5692 3901 5749 τοῦτο

724 5882 929 5941 ’Miclt.
968 5901 1021 5953 τ’,
1076 5884 1130 5941 2.
1209 5887 1252 5921 ¹⁰
1290 5886 1447 5943 Joan.
1501 5907 1555 5956 χ,
1609 5892 1695 5947 Η.
