4080 6336
240 428 347 495 165
374 426 379 431 ⁷
884 430 983 492 EN
988 429 1334 491 ABRATIO
1362 428 1446 490 ΙΝ
1488 424 1851 491 EVANGEL

1929 429 1998 491 ’Μ
2029 429 2523 495 ΜΑἸἸΗΔΞΙμ-
2552 428 2715 492 CAP.
2763 427 2849 489 II.
3436 426 3540 494 166

238 551 354 624 πρὸ
396 548 593 605 πολλοῦ
622 548 793 621 ίφάνη
826 547 854 602 ό
896 546 1093 618 ἀστὴρ,
1124 545 1203 611 ὡς
1256 544 1324 600 ἃν
1376 545 1838 617 προσκυνήσωσιν

1942 545 2123 600 adhuc
2175 543 2228 599 in
2274 543 2460 600 fasciis
2513 544 2814 615 iacentem.
2866 541 3049 614 Aliqui
3096 548 3281 600 autem
3329 542 3535 609 dicunt,

237 641 405 706 αὐτὸν
430 641 510 703 ἔτι
538 643 595 694 ὲν
624 644 738 703 τοῖς
788 638 1131 717 σπαργάνοις
1173 637 1323 693 ὄντα,
1376 637 1536 701 Τινὲς
1562 637 1620 690 δὲ
1648 637 1841 706 λέγου-

1944 637 2090 707 quod
2134 652 2260 692 cum
2296 636 2521 693 Christo
2562 646 2693 692 nato
2726 638 3048 708 apparuerit
3096 635 3277 701 stella,
3310 646 3367 693 et
3402 636 3540 709 Magi

240 740 354 800 σιν,
391 733 475 788 ὃτι
509 732 637 804 ἅμα·
670 732 748 802 τῷ
777 730 1111 801 γεννηθῆναι
1142 728 1234 782 τὸν
1282 728 1545 799 Χριστὸν,
1582 730 1761 799 ἐφάνη
1811 728 1841 780 ό

1942 746 2045 803 per
2073 730 2362 787 biennium
2402 738 2695 795 venerunt,
2726 738 2782 787 et
2816 744 2920 785 non
2959 729 3013 784 in
3050 728 3292 784 fasciolis
3319 728 3542 786 invene-

235 827 439 897 ἀστὴρ.
468 826 565 879 καὶ
599 826 649 878 οί
682 826 862 894 Μάγοι
887 822 975 877 διὰ
1015 821 1114 877 δύο
1146 821 1285 875 ἑτῶν
1309 818 1499 894 ἦλθον,
1534 822 1632 879 καὶ
1651 823 1755 877 οὐκ
1780 824 1839 877 ἐν

1929 833 2069 878 ·ιίιιιι
2102 838 2351 894 puerum,
2389 837 2569 894 neque
2598 823 2651 877 ilt
2686 822 2974 893 praesepio,
3012 822 3111 878 sed
3138 822 3193 876 in
3227 822 3389 877 domo
3416 838 3540 877 cum

240 910 773 990 σπαργάνοιςεῦρσν
801 916 896 971 τὸν
926 915 1155 988 Κύριον,
1180 913 1304 968 οὐδὲ
1330 915 1389 970 ἑν
1408 919 1475 989 τῇ
1500 916 1699 990 φάτνῃ,
1721 914 1839 969 ἀλλ’

1942 922 2119 971 matre
2150 914 2383 971 bimum.
2413 914 2521 971 Sed
2549 926 2605 970 ιιι
2633 914 2871 986 priorem
2895 914 3226 971 sententiam
3261 923 3321 969 ut
3350 913 3542 969 melio-

236 1010 301 1065 ἂν
333 1010 483 1081 οίκίᾳ
513 1008 654 1080 μετὰ
680 1008 780 1079 τῆς
826 1009 1057 1080 μητρὸς,
1088 1006 1243 1079 διετῆ
1272 1008 1425 1066 ὅντα.
1472 1008 1637 1065 ’Δλλὰ
1665 1010 1747 1063 σίν
1777 1007 1841 1062 τὸ
1944 1021 2060 1063 rem
2100 1007 2261 1063 habe.

240 1100 563 1174 προρρηθὲν
584 1098 677 1171 ιχε
708 1102 982 1172 κρεῖττον.
1368 1088 1376 1095 ’

319 1210 338 1244 ι
376 1192 488 1246 Καὶ
506 1191 731 1263 πέμψας
752 1192 950 1256 αὐτοὺς
970 1192 1052 1256 είς
1073 1192 1345 1264 Βηθλεὲμ,
1363 1187 1837 1266 εἷπε,Πορευθέν-

2012 1179 2182 1238 Vsus.
2211 1180 2265 1236 8.
2297 1198 2319 1235 ι
2354 1182 2423 1236 Ει
2454 1179 2639 1237 missis
2660 1179 2741 1235 eis
2770 1179 2822 1236 in
2858 1178 3161 1245 Bethleem,
3192 1181 3351 1250 dixit,
3378 1181 3457 1239 ite
3486 1192 3542 1238 et

236 1300 335 1350 τες
358 1283 603 1357 ἀκριϐῶς
626 1285 922 1352 ἐξετάσατε
951 1286 1081 1357 περὶ
1110 1287 1206 1340 τοῦ
1231 1286 1467 1343 παιδίου.
1509 1308 1527 1341 t
1567 1288 1682 1342 Οὐκ
1710 1283 1835 1343 εἷπε

1940 1273 2237 1352 diligente}-
2285 1274 2551 1345 inquirite
2587 1274 2657 1330 de
2700 1288 2877 1344 puero
2912 1273 3037 1329 hoc.
3085 1293 3106 1327 ι
3140 1272 3258 1330 Non
3308 1276 3446 1329 dixit
3475 1276 3542 1330 de

238 1376 372 1445 περὶ
396 1374 491 1427 τοῦ
527 1373 813 1445 βασιλέως,
848 1374 985 1429 ἀλλά
1008 1378 1137 1445 περὶ
1164 1376 1260 1430 τοῦ
1290 1379 1507 1433 παιδίου
1531 1393 1546 1409 ο
1571 1376 1697 1431 οὐδὲ
1725 1379 1836 1451 γὰρ

1941 1381 2089 1438 rege,
2139 1367 2236 1423 sed
2276 1369 2345 1423 de
2370 1381 2543 1437 puero
2572 1384 2588 1425 :
2620 1381 2799 1439 neque
2849 1368 2996 1423 enim
3030 1383 3232 1424 nomen
3266 1366 3410 1423 ferre
3438 1383 3534 1439 po-

236 1456 303 1522 τδ
330 1467 504 1539 ὄνομα
552 1466 807 1537 ἀνέχεται
830 1483 847 1499 ·
876 1466 1007 1521 ὅθεν
1037 1468 1274 1524 δεικνύει
1305 1472 1388 1525 ὅτι
1432 1470 1685 1542 μαίνεται
1714 1473 1835 1525 κατ’

1941 1467 2118 1514 lerat:
2182 1460 2568 1515 demonstrans
2635 1468 2903 1531 quantum
2982 1468 3175 1514 contra
3242 1457 3395 1515 illum
3452 1460 3537 1514 in-

239 1559 435 1613 αὐτοῦ.

1938 1554 2165 1609 saniret.
2778 1600 2782 1606 .

320 1672 339 1704 ι
390 1653 560 1707 Ἑπὰν
579 1654 639 1710 δι
660 1654 883 1727 εὕρητε,
916 1654 1295 1723 ἀπαγγείλατέ
1332 1673 1445 1727 μοι,
1492 1656 1644 1722 ὅπως
1678 1660 1836 1729 κάγὼ

2012 1644 2175 1701 Vsus.
2210 1644 2267 1711 8,
2309 1645 2363 1703 9.
2406 1664 2426 1699 ι
2494 1640 2601 1704 Ubi
2640 1661 2772 1703 vero
2822 1647 3167 1716 repereritis,
3228 1645 3539 1701 renuntiato

236 1745 412 1799 ιλθὼν
442 1751 810 1819 προσκυνήσω
838 1748 1013 1821 αὐτῷ.
1041 1750 1105 1802 01
1128 1749 1209 1817 δὲ,
1243 1742 1581 1814 ἀκούσαντες
1609 1752 1704 1805 τοῦ
1738 1753 1835 1823 βι-

1939 1738 2189 1819 NIHIL-Ill
2218 1746 2271 1795 et
2312 1753 2415 1810 ego
2461 1739 2678 1795 veniam
2717 1749 2774 1805 et
2830 1741 3058 1799 adorem
3102 1739 3277 1795 illum.
3322 1738 3393 1794 At
3436 1740 3537 1803 ιΙΙί,

238 1835 436 1900 σιλέως
490 1837 950 1910 ἐπορεύθησαν.»
1018 1838 1233 1893 ’Δδολοι
1283 1840 1393 1911 γὰρ
1438 1840 1592 1905 ὄντες
1654 1843 1830 1908 αὐτοὶ,

1941 1829 2129 1895 audito
2181 1844 2334 1900 rege,
2386 1829 2620 1900 profecti
2652 1835 2797 1890 sunt.
2838 1846 2857 1881 ι
2910 1828 3021 1899 ipsi
3062 1844 3186 1886 cum
3220 1829 3346 1887 dolo
3384 1844 3540 1887 care-

233 1928 492 1998 ἐνόμιζον
520 1932 773 1983 κάκεῖνον
799 1925 1003 1994 ἀδόλως
1034 1930 1235 2000 λέγειν.
1272 1948 1292 1983 t
1319 1910 1431 1985 Καὶ
1456 1932 1567 1985 ίδοίι
1599 1933 1629 1985 ὀ
1655 1933 1832 2004 ἀστὴρ

1942 1930 2086 1983 reul,
2119 1922 2385 1991 putabunt
2411 1932 2467 1975 et
2492 1920 2643 1992 illum
2668 1921 2879 1991 absque
2906 1920 3031 1979 dolo
3062 1920 3233 1992 loqui.
3268 1940 3288 1973 ι
3320 1921 3385 1977 Ει
3411 1936 3538 1979 ecce

231 2018 296 2073 ὃν
325 2016 470 2075 εῐδον
502 2023 558 2075 ὲν
581 2025 649 2093 τῇ
681 2022 964 2093 ’Δνατολῇ,
994 2022 1239 2094 προῆγον
1258 2021 1479 2086 αὐτούς.
1501 2042 1523 2076 a
1570 2024 1831 2095 ’Δπεκρύο

1936 2015 2117 2081 stella,
2149 2029 2315 2085 quam
2363 2014 2617 2071 viderant
2651 2014 2704 2069 in
2746 2012 2996 2082 Oriente,
3036 2014 3319 2085 praecessit
3348 2030 3528 2072 eos-)

235 2111 306 2180 ϐη
340 2116 481 2185 πρὸς
513 2114 714 2185 μικρὸν
744 2115 777 2166 ό
803 2114 981 2186 ἀστὴρ
1008 2114 1391 2186 οἰκονομικῶς,
1426 2114 1516 2169 ῐνα
1541 2116 1833 2187 ἐρωτήσω-

1936 2104 2163 2165 Occulta
2205 2116 2328 2163 erat
2375 2104 2444 2163 ad
2495 2118 2724 2174 parvum
2778 2112 2999 2174 tempus
3048 2106 3206 2162 stella
3269 2103 3535 2177 singulari

234 2220 325 2262 σιν
348 2207 500 2261 αὐτοὶ
531 2208 663 2270 τοὺς
706 2206 1017 2275 Ἰουδαίους,
1080 2209 1175 2263 καὶ
1204 2207 1456 2280 ταραχθῇ
1492 2211 1519 2262 ό
1558 2209 1830 2281 Ἡρώδης,

1934 2199 2371 2271 dispensatione,
2421 2206 2481 2253 ut
2530 2198 2751 2259 Judaeos
2792 2199 3219 2271 interrogarent,
3255 2209 3310 2256 et
3343 2200 3536 2255 turba-

232 2300 333 2351 καὶ
357 2297 500 2353 οὕτω
530 2300 977 2372 περιφανεστέρα
1020 2298 1253 2371 γένηται
1281 2299 1316 2368 ἡ
1348 2298 1602 2368 ἀλήθεια.
1646 2298 1830 2364 Ἐξελ-

1934 2303 2089 2349 retur
2120 2292 2386 2359 Herodes,
2434 2302 2599 2362 atque
2631 2292 2708 2347 ita
2748 2291 3093 2349 manifestior
3121 2291 3281 2352 ﬁeret
3306 2293 3533 2365 veritas.

234 2388 393 2444 θοῦσι
418 2390 475 2444 δὲ
504 2393 690 2456 αὐτοῖς
734 2392 843 2449 ἀπὸ
873 2393 972 2464 τῆς
1007 2391 1388 2464 Ἰερουσαλὴμ,
1423 2392 1593 2447 πάλιν
1632 2394 1829 2464 ἐφάνη,

1935 2384 2008 2441 Ut
2058 2397 2243 2444 autem
2294 2386 2399 2456 ipsi
2443 2382 2647 2457 egressi
2700 2396 2828 2444 sunt
2871 2401 2899 2447 a
2958 2384 3289 2451 Jerusalem,
3334 2385 3533 2443 iterum

231 2484 596 2555 χειραγωγῶν
628 2485 848 2551 αὐτούς.
884 2486 1050 2541 Ὀθεν
1095 2486 1258 2558 δῆλον
1292 2487 1377 2540 ὅτι
1433 2486 1554 2544 θεία
1598 2486 1831 2558 δύναμις

1934 2481 2206 2552 apparuit,
2268 2481 2476 2538 ducens
2534 2494 2651 2537 eos.
2753 2476 2908 2537 Unde
2976 2477 3325 2534 manifestum
3388 2477 3533 2549 quod

230 2572 302 2647 ἦν
326 2579 354 2628 ό
383 2578 584 2649 ἀστήρ.
616 2596 634 2630 ι
661 2578 807 2642 Ἕως
838 2577 1011 2633 ἐλθὼν
1044 2577 1178 2651 ιστη
1214 2578 1402 2633 ιπάνω
1432 2573 1495 2633 οὗ
1512 2575 1581 2650 ἦν
1607 2579 1669 2633 τὸ
1700 2596 1831 2636 παι-ο

1936 2573 2097 2629 stella
2126 2582 2250 2628 erat
2287 2574 2465 2628 virtus
2498 2572 2708 2627 divina.
2747 2590 2768 2623 ‹
2808 2571 2995 2627 Donec
3036 2586 3326 2643 progressa
3362 2582 3536 2629 staret

229 2666 368 2723 δίον.
413 2687 432 2722 ι
467 2662 580 2723 Καὶ
620 2669 777 2724 τοῦτο
813 2668 985 2736 ξένον.
1030 2671 1258 2743 Κατέϐη
1310 2671 1424 2742 γὰρ
1456 2674 1485 2727 ὁ
1519 2673 1697 2745 ἀστὴρ
1721 2672 1833 2726 ἀπὸ

1934 2681 2099 2735 supra
2148 2667 2238 2722 ubi
2299 2676 2424 2723 erat
2472 2682 2629 2737 puer.
2668 2686 2689 2721 ι
2747 2665 2815 2722 Ει
2858 2667 2961 2723 hoc
2992 2684 3205 2728 rerum.
3242 2668 3538 2726 Descendit

230 2759 331 2813 τοῦ
391 2760 580 2830 ὕψους,
645 2764 740 2817 καὶ
775 2763 1195 2836 προσγειότερος
1253 2766 1571 2836 γενόμενος,
1629 2766 1833 2831 ἔδειξεν

1936 2757 2084 2813 enim
2136 2756 2297 2817 stella
2336 2771 2366 2813 a
2419 2760 2759 2826 summitate,
2805 2770 2862 2817 et
2917 2770 3075 2817 terra:
3106 2764 3331 2835 propior
3367 2764 3535 2828 facta,

232 2854 424 2916 αὐτοῖς
458 2854 549 2907 τὸν
575 2856 763 2910 τόπον.
798 2858 860 2912 El
896 2856 1007 2928 γὰρ
1038 2856 1098 2924 ἑξ
1131 2856 1301 2927 ὕψους
1333 2858 1520 2922 αὐτοῖς
1548 2858 1826 2929 ἐφαίνετο,

1935 2848 2173 2906 ostendit
2201 2847 2282 2904 eis
2311 2850 2517 2910 locum.
2554 2849 2694 2906 Nam
2726 2852 2771 2909 si
2800 2866 2868 2907 ex
2895 2854 3215 2911 summitate
3250 2856 3536 2926 apparuis-

234 2945 361 3008 πῶς
394 2948 460 2999 ἂν
486 2946 715 3018 ιμελλον
747 2948 934 3013 ίδικῶς
963 2949 1236 3023 γνωρίσαι
1291 2948 1382 3003 τὸν
1411 2950 1577 3004 τόπον
1609 2949 1739 3006 ἔνθα
1764 2948 1833 3023 ἦν

1936 2949 2041 3005 set,
2090 2940 2369 3011 quomodo
2415 2941 2688 2997 certiores
2719 2942 2837 2998 ﬂeri
2873 2945 3184 3013 potuissent
3226 2946 3298 3001 de
3329 2948 3452 3003 loco
3480 2948 3535 3003 in

231 3041 265 3091 ὁ
294 3038 562 3110 Χριστόςς
591 3039 657 3093 Οἱ
691 3040 801 3113 γὰρ
828 3018 1060 3112 ἀστέρίς
1085 3018 1266 3095 πολὺν
1291 3041 1459 3096 τόπον
1489 3018 1836 3112 περιλαμϐά-

1934 3046 2045 3103 quo
2098 3042 2246 3090 esset
2301 3031 2600 3090 Christus?
2658 3032 2841 3091 Stellae
2884 3036 3033 3092 enim
3074 3039 3300 3095 multum
3350 3040 3532 3097 locum

232 3145 442 3185 νουσιν.
482 3130 642 3185 Ὅθεν
693 3132 791 3186 καὶ
824 3134 888 3188 σὺ
917 3131 1104 3187 ἐπάνω
1127 3134 1228 3203 τῆς
1264 3135 1365 3206 σῆς
1396 3135 1575 3199 οίκίας
1610 3134 1835 3206 βλέπεις

1937 3124 2426 3196 comprehendunt.
2463 3124 2629 3182 Unde
2668 3136 2723 3183 tu
2760 3143 2927 3199 supra
2966 3131 3191 3187 domum
3246 3140 3391 3189 tuam
3430 3132 3537 3205 13

230 3219 335 3289 τὴν
354 3218 587 3292 σελήνην
613 3222 797 3293 τυχὸν,
815 3223 973 3293 κάγὼ
998 3223 1145 3280 δοκῶ
1171 3224 1377 3298 ταύτην
1400 3227 1661 3298 ἀνωτέρω
1687 3222 1833 3282 εἶναι

1936 3216 2087 3271 vides
2138 3216 2320 3275 lunam
2370 3216 2535 3283 forte,
2577 3228 2631 3275 et
2684 3234 2785 3291 ego
2834 3226 3084 3279 eamdem
3119 3226 3275 3280 video
3312 3226 3535 3283 nonnisi

230 3310 336 3406 ⁸τῆς
375 3313 518 3383 ἐμῆς
546 3314 724 3378 οίκίας
746 3315 939 3387 μόνης.
966 3318 1075 3370 Καὶ
1105 3316 1318 3382 πάντες
1343 3318 1557 3385 ἁπλῶς,
1581 3311 1832 3406 domum»;

1936 3323 2104 3379 supra
2157 3310 2379 3368 domum
2426 3325 2648 3368 meam:
2698 3321 2754 3369 et
2796 3314 3095 3387 unicuique
3142 3318 3358 3374 videtur
3388 3329 3536 3377 stare

230 3401 464 3467 ικαστος
488 3404 674 3458 ἐπάνω
702 3406 870 3461 αὐτοῦ
904 3408 1069 3476 μόνον
1101 3407 1357 3464 ἵστασθαι
1386 3409 1489 3479 τὴν
1535 3401 1770 3482 σελήνην
1796 3410 1831 3483 ἢ

1936 3417 2045 3458 non
2083 3401 2186 3457 nisi
2217 3418 2381 3472 supra
2414 3402 2635 3461 domum
2673 3419 2827 3461 suam
2862 3407 3049 3464 lunam
3084 3409 3169 3464 vel
3214 3411 3375 3467 aliam
3406 3412 3538 3470 stel-

229 3493 397 3545 ἆλλον
421 3495 647 3565 ἀστέρα.
684 3496 953 3559 Κάκεῖνος
1008 3495 1101 3550 οὖν
1150 3498 1179 3549 ό
1204 3498 1385 3567 ἀστὴρ
1432 3497 1534 3551 οὐκ
1567 3497 1634 3551 ἂν
1662 3497 1834 3565 ἔδειξε

1935 3495 2068 3550 iam.
2108 3496 2264 3552 Unde
2302 3506 2359 3551 et
2412 3497 2502 3552 illa
2537 3498 2700 3554 stella
2737 3514 2843 3554 non
2887 3502 3324 3559 demonstrasset
3376 3504 3538 3562 Chri-

229 3585 328 3637 τὸν
345 3585 603 3655 Χριστὸν,
632 3590 681 3643 εί
713 3587 790 3659 μὴ
821 3588 1156 3660 συγκατέϐη,
1185 3590 1283 3647 καὶ
1321 3592 1611 3660 μονονουχὶ
1645 3590 1833 3645 ἐπάνω

1935 3598 2101 3656 stum,
2134 3588 2237 3649 nisi
2272 3589 2674 3660 descendisset,
2710 3601 2763 3647 et
2796 3601 3011 3649 tantum
3040 3611 3148 3652 non
3179 3612 3346 3668 supra
3372 3608 3538 3671 caput

230 3678 332 3747 τῆς
364 3679 609 3749 κεφαλῆς
640 3680 736 3734 τοῦ
769 3682 984 3736 παιδίου
1010 3682 1164 3754 ἔστη.

781 3682 984 3736 παιδίου
1010 3682 1164 3754 ἔστη.
1934 3682 2089 3752 pueri
2127 3682 2392 3740 stetisset.

314 3786 333 3818 ι
390 3769 610 3834 Ἰδόντες
639 3772 697 3826 δὲ
720 3772 811 3825 τὸν
867 3775 1087 3845 ¹ἱστέρα.
1123 3774 1400 3847 ἐχάρησαν
1433 3774 1611 3847 χαρὰν
1656 3776 1834 3847 μεγά-

2008 3771 2173 3831 Vsus.
2215 3776 2304 3830 10.
2343 3792 2363 3826 ι
2394 3775 2523 3831 Visa
2558 3786 2740 3832 autem
2766 3776 2946 3844 stella,
2972 3779 3146 3849 gavisi
3178 3791 3306 3839 sunt
3330 3783 3534 3853 gaudio

230 3861 337 3929 λην
367 3861 595 3930 σφόδρα.
636 3880 655 3914 ι
700 3863 785 3927 Ὠς
819 3864 879 3917 οὐ
909 3864 1301 3935 πλανηθέντες,
1352 3866 1464 3921 ἀλλ’
1490 3866 1745 3937 εὑρόντες
1770 3866 1831 3921 τὸ

1932 3877 2134 3935 magno
2181 3868 2355 3920 valde.
2399 3884 2419 3917 ι
2472 3864 2631 3931 Quod
2664 3882 2773 3922 non
2821 3869 3198 3937 aberrassent,
3239 3872 3336 3929 sed
3379 3872 3535 3929 inve-

231 3949 401 4019 ζητού
410 3967 595 4019 μενον,
630 3952 931 4023 ἐχάρησαν.

1932 3953 2145 4011 nisseut
2183 3956 2326 4024 quod
2367 3956 2706 4027 quaerebant,
2745 3957 2918 4026 gavisi
2946 3970 3095 4015 sunt.

311 4060 331 4093 ι
371 4043 482 4095 Καὶ
511 4042 759 4107 ἐλθόντες
808 4046 887 4109 εἰς
916 4046 1016 4117 τὴν
1063 4046 1263 4113 οἰκίαν,
1322 4042 1465 4103 εἶδον
1499 4050 1561 4104 τὸ
1614 4050 1831 4105 παιδίον

2006 4045 2174 4105 Vens.
2208 4049 2295 4105 ll.
2328 4066 2347 4101 ι
2391 4048 2459 4104 Ει
2482 4050 2717 4122 ingrcssi
2742 4056 2985 4122 domum,
3018 4056 3273 4113 viderunt
3297 4074 3532 4131 puerum

233 4134 380 4205 μετὰ
421 4135 642 4207 Μαρίας
671 4136 771 4205 τῆς
813 4141 1023 4209 μητρὸς
1088 4142 1279 4197 αὑτοῦ.
1318 4160 1338 4195 t
1396 4143 1551 4213 ’Δμα
1600 4144 1699 4213 μὲν
1751 4141 1830 4215 τῷ

1933 4157 2061 4199 οιιηι
2101 4143 2269 4201 Maria
2318 4142 2492 4200 Matre
2530 4145 2672 4214 ejus.
2731 4164 2751 4199 ι
2805 4146 2929 4205 Mox
2983 4150 3205 4219 quidem
3258 4162 3317 4207 ut
3370 4164 3534 4212 natus

227 4229 585 4299 γεννηθῆναι,
626 4230 682 4281 ὲν
703 4233 767 4301 τῇ
821 4234 998 4303 φάτνῃ
1031 4233 1349 4287 κατέκλινεν
1383 4235 1416 4303 ἡ
1462 4232 1742 4307 Παρθένος
1770 4234 1830 4288 τὸ

1930 4236 2055 4305 fuit,
2106 4237 2395 4295 reclinavit
2425 4237 2595 4309 Virgo
2654 4246 2885 4309 piterum
2924 4241 2978 4296 in
3030 4245 3382 4315 praesepium,
3420 4261 3531 4303 non

232 4320 475 4384 παιδίον,
503 4322 564 4374 οὐ
584 4322 693 4392 γὰρ
716 4322 973 4393 εὕρισκον
999 4325 1121 4379 τότε
1145 4326 1325 4381 οίκίαν
1348 4343 1363 4358 ν
1405 4328 1545 4397 μετὰ
1569 4328 1744 4381 ταῦτα
1770 4327 1829 4381 δὲ

1931 4329 2081 4387 enim
2144 4338 2275 4386 tunc
2318 4330 2647 4387 invenerant
2690 4332 2937 4390 όοωιιιιι.
2983 4333 3296 4393 Verisimile
3345 4349 3531 4396 autem

234 4414 392 4476 εἰκός
423 4416 572 4466 ἐστιν
618 4415 800 4484 εὑρεῖν
856 4416 1054 4484 οἰκίαν,
1082 4417 1210 4472 ἔνθα
1256 4420 1351 4471 καὶ
1376 4419 1426 4471 οί
1460 4420 1644 4487 Μάγοι
1668 4412 1829 4491 εὗρον

1931 4438 2013 4483 est
2046 4436 2233 4497 postea
2281 4442 2377 4485 eos
2411 4426 2689 4485 invenisse
2730 4430 2978 4500 domum,
3021 4431 3113 4493 ubi
3161 4441 3215 4488 et
3256 4432 3398 4506 Magi
3446 4437 3533 4492 in-

230 4506 460 4567 αὐτούς.
528 4506 828 4578 ’Δνέϐησαν
867 4509 968 4579 μιν
1007 4509 1117 4580 γὰρ
1152 4513 1232 4575 είς
1266 4511 1538 4584 Βηθλεὲμ,
1574 4513 1661 4566 ἵνα
1685 4514 1827 4567 ἀπο-

1932 4509 2203 4578 veneruut
2249 4534 2365 4576 eos.
2422 4521 2805 4578 Ascenderant
2857 4524 3005 4579 enim
3038 4526 3090 4579 in
3142 4524 3448 4593 Bethleem,
3477 4538 3536 4586 ut

231 4596 527 4665 γραφῶσιν
552 4600 689 4663 ἐκεῖ,
725 4598 870 4653 καθὰ
897 4601 992 4652 καὶ
1038 4601 1255 4666 Λουκᾶς
1312 4602 1484 4672 λέγει.
1518 4602 1721 4659 Πολλοῦ
1770 4604 1827 4658 δὲ

1932 4624 2353 4671 recenserentur
2376 4613 2509 4683 illic,
2542 4615 2687 4670 sicut
2727 4627 2781 4670 et
2822 4614 3005 4671 Lucas
3052 4617 3205 4676 dicit.
3242 4617 3410 4675 Multa
3439 4633 3542 4675 au-

231 4687 480 4754 πλήθους
508 4686 893 4760 συντρέχοντος
915 4689 1003 4743 διὰ
1022 4690 1123 4763 τὴν
1151 4693 1505 4765 ἀπογραφὴν,
1540 4696 1642 4748 οὐκ
1668 4695 1828 4767 ἔσχον

1936 4718 2045 4762 tem
2103 4716 2471 4762 concurrente
2513 4706 2863 4765 multitudine
2909 4718 2967 4763 ut
3026 4722 3369 4780 censeretur,
3422 4728 3533 4770 non

229 4779 375 4847 πρὸς
433 4778 623 4850 καιρὸν
676 4781 878 4847 οἰκίαν,
915 4782 1031 4836 ἀλλ’
1065 4785 1127 4838 ἑν
1159 4783 1237 4855 τῷ
1272 4786 1528 4856 σπηλαίῳ
1580 4784 1779 4859 ἐτέχθη
1810 4802 1825 4818 ⁸

1932 4802 2209 4859 habebant
2238 4803 2304 4859 ad
2333 4813 2549 4874 tempus
2580 4804 2828 4869 domum,
2860 4804 2957 4859 sed
3002 4804 3058 4859 in
3081 4778 3539 4874 spelunca-natus

230 4866 357 4922 εἶτα
380 4870 580 4942 εὑρέθη
610 4872 646 4943 ἡ
676 4872 844 4940 οίκία,
875 4873 1003 4930 ινθα
1030 4874 1226 4947 ὼράθη
1255 4880 1367 4942 τοῖς
1401 4879 1617 4949 Μάγοις
1650 4882 1678 4933 ό
1712 4880 1829 4933 Κύ-

1932 4904 2011 4950 est
2045 4910 2059 4950 :
2092 4894 2285 4952 deinde
2334 4866 2557 4952 inventa
2617 4897 2802 4961 domo,
2853 4896 3003 4951 visus
3034 4895 3108 4952 ibi
3154 4906 3239 4954 est
3279 4913 3309 4953 a
3359 4897 3535 4974 Magis

235 4978 376 5033 ριος.
438 4981 456 5014 ι
497 4964 609 5018 Καὶ
652 4967 913 5030 πεσόντες
964 4970 1385 5042 προσεκύνησαν
1444 4972 1616 5043 αὐτῷ.
1653 4992 1673 5025 t
1722 4974 1827 5027 Ἴδε

1931 4987 2215 5044 Dominus.
2279 5007 2298 5041 ι
2373 4987 2441 5044 Ει
2502 5004 2628 5045 cum
2695 4988 3088 5060 procidissent,
3160 4964 3531 5048 adoravertittt

228 5056 412 5127 ψυχῆς
445 5055 732 5129 ἐλλαμψιν.
768 5060 988 5133 Πένητα
1020 5061 1271 5130 ἔϐλεπον,
1303 5064 1398 5119 καὶ
1430 5067 1824 5136 προσεκύνουν.

1932 5062 2105 5136 iilum.
2178 5098 2199 5133 ι
2254 5078 2388 5136 Vide
2447 5081 2646 5135 animae
2705 5080 3157 5138 illustrationem.
3223 5081 3527 5153 Pauperetn

247 5147 811 5221 Ἐπληρονρορηθησαν
850 5152 960 5223 γὰρ
986 5153 1068 5207 ὃτι
1098 5153 1230 5219 Θεός
1261 5157 1399 5223 ἐστι,
1423 5156 1505 5212 διὸ
1528 5158 1623 5210 καὶ
1650 5174 1826 5230 προσ-

1929 5170 2193 5227 videbant
2257 5179 2307 5226 et
2380 5171 2705 5227 adorabant.
2753 5170 2939 5227 Multis
2984 5173 3133 5229 enim
3184 5147 3530 5247 argumentis

229 5240 461 5309 ἄγουσιν
482 5242 635 5313 αὑτῷ
660 5242 830 5315 δῶρα,
855 5244 930 5309 ὡς
945 5245 1065 5317 Θεῷ
1089 5247 1185 5301 καὶ
1211 5248 1285 5311 ὡς
1316 5248 1826 5321 ἀνθρώπῳ.”Δκουε

1927 5264 2236 5325 didicerant
2256 5264 2402 5334 quod
2438 5276 2583 5322 esset
2614 5263 2779 5332 Deus,
2814 5267 2937 5323 ideo
2968 5278 3023 5324 et
3047 5269 3097 5325 ei
3133 5240 3372 5325 oderunt
3409 5288 3530 5327 mu-

234 5339 365 5407 γάρ·
408 5357 425 5389 ι
451 5338 562 5391 Καὶ
587 5338 895 5403 ἀνοίξαντες
924 5342 1050 5405 τοὺς
1081 5342 1390 5414 θησαυροὺς
1418 5345 1622 5412 αὐτῶν,
1658 5362 1828 5417 προσ-

1930 5372 2063 5413 nera
2096 5368 2156 5412 ut
2190 5357 2301 5413 Deo
2358 5366 2412 5413 et
2446 5368 2505 5411 ul
2530 5358 2762 5413 homini.
2798 5360 2938 5415 Audi
2969 5363 3137 5428 enim,
3178 5379 3198 5413 ι
3232 5353 3298 5418 Ει
3326 5365 3530 5434 apertis

229 5432 475 5501 ήνεγκαν
508 5431 659 5503 αὐτῷ
686 5430 856 5501 δῶρα,
887 5436 1111 5502 χρυσὸν,
1130 5437 1223 5488 καὶ
1250 5436 1493 5503 λίϐανον,
1523 5438 1618 5490 καὶ
1650 5437 1828 5510 σμύρ-

1932 5452 2205 5508 thesauris
2233 5452 2371 5519 suis,
2402 5453 2719 5509 obtulerunt
2776 5455 2825 5511 ei
2861 5457 3027 5522 dona,
3060 5470 3260 5512 aurum
3312 5430 3374 5514 et.
3398 5459 3530 5515 thus

227 5538 353 5577 ναν.
384 5540 405 5573 ι
453 5522 559 5576 Τὸν
604 5524 703 5594 μὲν
727 5526 950 5595 χρυσὸν,
986 5530 1344 5599 προσήγαγον
1390 5530 1563 5603 αὐτῷ,
1616 5532 1692 5589 ὼς
1728 5532 1825 5602 βα-

1928 5553 1984 5599 et
2028 5546 2326 5615 myrrham.
2384 5562 2405 5598 ι
2451 5545 2658 5601 Aurum
2708 5548 2933 5616 quidem
2990 5550 3313 5606 obtulerunt
3354 5553 3426 5615 ei,
3471 5560 3532 5607 ut

231 5615 392 5669 σιλεί.
427 5614 507 5685 Γῷ
545 5617 656 5686 γὰρ
687 5616 900 5687 βασιλεῖ
921 5621 1119 5689 χρυσὸν
1152 5621 1414 5692 τελοῦμεν
1445 5624 1494 5677 οἳ
1514 5624 1619 5677 ὑπὸ
1641 5627 1823 5695 χεῖρα.

1930 5614 2313 5709 νοεὶνΑιιτιιιιι
2355 5639 2501 5694 enim
2536 5614 2743 5695 subditi
2780 5642 2999 5711 regibus
3037 5646 3347 5713 pendimus.
3378 5614 3532 5699 Titus

228 5708 415 5761 Τὸνδὲ
442 5708 681 5775 λίϐανον,
721 5712 797 5776 ὡς
825 5714 968 5785 Θεῷ.
1025 5716 1117 5787 Τῷ
1156 5719 1266 5789 γὰρ
1316 5719 1438 5791 Θεῷ
1477 5721 1697 5775 λίϐανον
1729 5722 1823 5775 θυ-

1927 5745 2135 5801 autem,
2163 5745 2222 5787 ut
2255 5734 2389 5788 Deo.
2416 5732 2528 5788 Dco
2562 5735 2708 5789 enim
2743 5736 2871 5790 thus
2906 5737 3208 5792 adolemus.
3248 5736 3528 5811 Myrrham

231 5799 469 5896 μιῶμεν.
527 5804 639 5875 Τὴν
672 5805 729 5859 δὲ
774 5808 1047 5879 σμύρναν,
1100 5811 1178 5874 ὡς
1217 5812 1464 5883 μέλλοντι
1515 5814 1820 5884 γεύσασθαι

1927 5840 2080 5891 vero,
2120 5799 2201 5879 iul
2250 5825 2604 5896 degustatum
2663 5838 2922 5885 mortem.
2980 5827 3119 5883 Nam
3178 5799 3349 5887 Judaei
3400 5847 3526 5887 cum

235 5891 491 5949 θανάτου.
551 5899 708 5954 Μετὰ
758 5903 867 5973 γὰρ
899 5904 997 5974 τῆς
1031 5904 1280 5977 σμύρνης
1322 5908 1739 5978 ἐνταφιάζουσιν
1770 5912 1820 5964 oi

1926 5917 2150 5987 myrrha
2199 5930 2446 5976 mortuos
2499 5919 2800 5990 sepeliunt,
2846 5933 2903 5979 ul
2944 5937 3147 5994 corpus
3188 5933 3403 5979 maneat
3441 5927 3521 5972 in.
