4080 6336
627 343 737 408 ἲῗῖ)

1524 335 1622 396 ΤΗ
1635 333 2098 395 EOI‘HYLACTI
2144 331 2554 394 BUIAJ'ARLE
2596 333 2796 394 ἉΠΕΠ
2810 333 2930 394 lEP

3773 322 3883 395 1⁸16

630 468 642 509 t
672 473 737 519 ll‘,
766 452 1014 510 similiter
1043 458 1092 503 et
1132 449 1202 502 illi
1255 457 1452 516 patres,
1481 448 1579 500 hoc
1605 455 1707 509 est,
1738 446 2042 515 magistros,
2073 459 2181 513 pro'

2299 443 2629 514 ἐξέρχονται,
2662 443 2806 497 οὕτω
2861 443 2952 497 καὶ
2985 436 3129 497 οὗτοι
3167 442 3292 507 τοὺς
3327 443 3587 513 πατέρας,
3635 442 3754 512 ἦτοι
3791 441 3876 495 6:-

628 546 817 613 phetas
854 543 1192 600 occiderunt.
1222 542 1261 594 Δ
1299 540 1477 593 futura
1523 539 1625 604 ira,
1677 539 1727 593 id
1777 551 1881 603 est,
1911 538 2187 620 gehennae,

628 639 818 703 inquit.
2043 627 2050 634 λ

698 729 860 783 Vens.
898 727 949 780 8.
991 745 1008 778 ‹
1043 725 1230 779 Facite
1266 725 1424 793 igitur
1461 723 1668 777 fructus
1706 722 1895 792 dignos
1925 720 2190 790 prettlten-

625 822 728 871 tiae.
776 837 790 867 ι
829 816 984 870 Vides
1013 816 1139 883 quid
1170 815 1332 876 lllt'al,
1362 813 1615 880 quoniam
1644 825 1748 864 non
1778 817 1990 878 oportet
2019 808 2188 861 solum

623 917 808 976 tngere
840 906 1118 968 malitiam,
1147 907 1238 957 sed
1265 906 1428 957 etiam
1471 903 1702 955 fructum
1740 901 1952 954 virtutis
1993 899 2186 953 facere.

629 1022 644 1051 ι
687 1002 897 1055 Declina
933 1000 1098 1062 enim,
1132 1000 1325 1067 inquit,
1355 1013 1381 1049 a
1410 996 1548 1048 malo
1575 1005 1626 1046 et
1655 993 1738 1046 fac
1778 995 1994 1045 bonum.
2024 1012 2041 1042 ι

693 1092 855 1147 Vens.
889 1092 942 1146 9.
981 1092 1100 1144 alit
1131 1106 1196 1144 ne
1223 1091 1338 1142 sitis
1381 1089 1476 1140 hac
1504 1096 1701 1149 mente,
1732 1093 1790 1137 nt
1823 1085 2013 1137 dicatis
2053 1084 2189 1152 apud

629 1189 889 1254 insipsos,
923 1183 1134 1236 Patrem
1169 1182 1425 1234 habemus
1463 1178 1752 1231 Abraham.
1798 1195 1816 1226 ι
1849 1175 1981 1228 llinc
2012 1177 2188 1244 perie—

622 1290 769 1339 t‘ttut,
808 1277 946 1346 quod
996 1278 1046 1328 in
1088 1272 1369 1328 nobilitate
1447 1284 1539 1322 sua
1606 1267 1966 1323 conﬁdebant.
2006 1284 2022 1316 ι
2061 1266 2189 1320 Dico

617 1371 760 1423 cnim
796 1368 967 1428 vobis,
1013 1365 1154 1433 quod
1195 1371 1369 1432 potest
1403 1359 1542 1413 Deus
1591 1361 1754 1413 etiam
1791 1372 1855 1410 ex
1892 1358 1972 1410 his
2001 1357 2187 1426 lapidi-

617 1465 713 1515 hus
745 1461 1003 1513 suscitare
1058 1457 1194 1509 ﬁlios
1236 1453 1488 1508 Ahrahzc.
1529 1471 1545 1502 ι
1597 1451 1694 1504 Per
1739 1451 1940 1519 lapides
1991 1450 2186 1502 intelli-

614 1564 808 1622 guntur
856 1555 1017 1606 etiam
1070 1560 1278 1620 gentes,
1314 1565 1344 1600 ο
1376 1549 1573 1615 quibus
1623 1549 1774 1601 multi
1817 1545 2184 1600 crediderunt.

615 1644 942 1713 Simpliciter
995 1653 1170 1694 tamen
1226 1640 1442 1691 dicebat
1495 1637 1758 1700 Joannes,
1825 1634 1968 1704 quod
2024 1635 2185 1687 etiam

613 1753 675 1788 ιιι
732 1736 994 1800 lapidibus
1058 1734 1225 1801 possit
1297 1731 1436 1783 Deus
1491 1728 1665 1784 facere
1727 1728 1864 1782 ﬁlios
1933 1730 2181 1780 Abrahm.

2296 534 2621 600 δασκάλους,
2657 537 2785 599 τοὺς
2819 535 3129 605 προφήτας,
3163 536 3418 605 ἐφόνευον
3443 550 3457 563 ο
3485 533 3594 587 ἀπὸ
3623 534 3720 603 τῆς
3747 534 3877 605 μελ-

2297 625 2494 696 λούσης
2529 627 2584 679 δὲ
2614 626 2808 695 ὀργῆς,
2843 629 2942 696 τῆς
2967 627 3214 694 γεέννης,
3242 627 3425 696 φησίν.

2377 736 2395 768 ι
2433 712 2704 787 Ποιήσατε
2743 711 2838 770 οὖν
2874 716 3118 787 καρποὺς
3145 715 3330 780 ἀξίους
3359 716 3456 786 τῆς
3493 717 3803 786 μετανοίας.
3847 734 3866 765 ι

2311 811 2478 880 Ὁρᾷς
2511 811 2563 862 τί
2590 810 2757 877 λέγει,
2791 809 2871 861 ὅτι
2899 810 2961 862 ού
2990 809 3072 862 δεῖ
3093 809 3260 879 μόνον
3273 808 3499 876 φεύγειν
3515 807 3613 876 τὴν
3648 807 3873 869 κακίαν,

2293 900 2430 953 ἀλλὰ
2463 899 2554 953 καί
2585 899 2825 968 καρποὺς
2853 898 3053 968 ἀρετῆς
3084 901 3278 951 ποιεῖν.
3324 916 3342 948 ι
3378 895 3663 950 Ἐκκλινον
3717 893 3828 963 γὰρ
3854 935 3870 958 ,

2295 993 2480 1062 φησὶν,
2525 993 2632 1046 ἀπὸ
2665 991 2860 1056 κακοῦ,
2893 991 2986 1044 καὶ
3029 991 3252 1060 ποίησον
3273 988 3492 1057 ἀγαθόν.
3543 1007 3562 1039 ι

2370 1102 2388 1132 ι
2430 1085 2537 1136 Καὶ
2572 1081 2646 1154 μὴ
2674 1082 2862 1153 δόξητε
2891 1082 3069 1150 λέγειν
3088 1086 3145 1133 ὲν
3172 1083 3404 1142 ἑαυτοῖς
3435 1079 3651 1147 Πατέρα
3673 1077 3872 1147 ἔχομεν

2292 1176 2382 1229 τὸν
2430 1174 2702 1245 Ἀϐραάμ.
2750 1193 2768 1226 ι
2805 1174 2977 1228 Τοῦτο
3006 1170 3072 1245 ἦν
3109 1175 3291 1234 αὐτοῖς
3329 1175 3407 1234 είς
3458 1171 3756 1234 ἀπώλειαν,
3789 1171 3872 1222 ὅτι

2293 1271 2353 1322 ὲν
2387 1267 2641 1340 εὐγενείᾳ
2668 1269 2958 1340 ἐθάρρουν.
2995 1288 3012 1320 ι
3058 1269 3214 1335 Λέγω
3237 1269 3342 1338 γὰρ
3381 1268 3508 1337 ὑμῖν
3536 1268 3619 1320 ὅτι
3647 1267 3872 1320 δύναται

2291 1363 2319 1413 6
2345 1359 2475 1422 Θεὸς
2507 1360 2598 1412 καὶ
2633 1361 2698 1412 ἐκ
2742 1359 2850 1412 τῶν
2898 1359 3063 1412 λίθων
3092 1359 3300 1412 τούτων
3347 1360 3559 1426 ἐγεῖραι
3598 1358 3763 1410 τέκνα
3790 1357 3872 1424 τῷ

2305 1453 2571 1523 Ἀϐραάμ.
2616 1472 2631 1502 ι
2670 1452 2844 1513 Δίθοι,
2871 1452 3116 1505 νοοῦνται
3143 1452 3242 1522 μὲν
3272 1451 3363 1502 καὶ
3405 1451 3472 1501 τὰ.
3509 1448 3660 1520 ἔθνη,
3699 1449 3759 1512 ἐξ
3791 1443 3869 1503 ὢν

2294 1545 2477 1598 πολλοὶ
2524 1545 2874 1599 ἐπίστευσαν.
2932 1545 3077 1614 Πλὴν
3133 1544 3269 1597 ἀλλὰ
3319 1545 3413 1596 καὶ
3461 1541 3636 1605 οὕτως
3679 1543 3868 1604 ἁπλῶς

2291 1638 2446 1692 τοῦτο
2475 1638 2624 1707 λέγει
2652 1641 2678 1692 6
2725 1639 3000 1700 Ἰωάννης,
3048 1638 3130 1689 ὅτι
3158 1638 3253 1689 καὶ
3293 1637 3398 1690 ἀπὸ
3438 1636 3602 1688 λίθων
3642 1636 3867 1689 δύναται

2290 1730 2454 1782 τέκνα
2505 1729 2730 1798 ποιῆσαι
2773 1729 2848 1798 τῷ
2892 1719 3164 1798 Ἀϐραάμ.
3206 1729 3318 1778 Καὶ
3350 1728 3458 1798 γὰρ
3485 1727 3632 1789 λίθος
3671 1722 3739 1796 ἦν
3771 1727 3867 1778 καὶ

615 1831 736 1881 Erat
766 1829 907 1880 enim
940 1836 989 1879 et
1027 1825 1180 1878 vulva
1209 1825 1354 1877 Sara:
1383 1822 1537 1890 lapis,
1574 1830 1792 1890 prOpter
1821 1821 2178 1882 srerilitatem,

2287 1825 2318 1890 ὴ
2358 1822 2537 1891 μήτρα
2568 1789 2662 1890 cii;
2691 1789 2927 1890 Σάρρας,
2959 1789 3045 1871 διὰ
3068 1789 3165 1888 τὴν
3197 1789 3506 1889 στεέρῷσιν,
3537 1817 3650 1870 ἀλλ’
3677 1789 3865 1870 έτεκεν

615 1934 665 1973 et
695 1919 1043 1974 nihilomith
1091 1916 1320 1985 peperit.
1356 1913 1626 1966 Excitavit
1661 1924 1836 1966 autem
1871 1915 2005 1965 [lens
2049 1913 2182 1964 lilios

521 2039 530 2046 ο
615 2013 844 2066 Abraha:
881 2025 943 2063 ex
979 2008 1243 2076 lapidibus
1275 2024 1289 2059 :
1322 2005 1604 2074 ecquando
1642 2004 1807 2058 vero?
1854 2019 1972 2055 eum
2009 2003 2180 2064 nmlti,

616 2105 857 2157 \i.|entes
912 2101 1229 2154 crucifixum
1261 2109 1314 2150 et
1347 2109 1526 2166 ruptas
1560 2107 1760 2166 petras,
1817 2095 2178 2146 crediderunt.

688 2195 848 2248 Vens.
883 2193 967 2246 10.
1007 2210 1025 2243 ι
1062 2189 1178 2244 Jam
1209 2205 1333 2244 vero
1353 2200 1406 2244 et
1434 2190 1638 2242 securis
1668 2190 1732 2240 ad
1764 2187 1995 2239 radicem
2022 2185 2180 2237 arbo-

614 2304 730 2340 rqu
767 2287 941 2354 posita
969 2293 1069 2337 est.
1111 2301 1127 2334 ι
1159 2282 1405 2336 Seeurim
1456 2291 1612 2334 vocat
1639 2279 1896 2349 judicium
1930 2277 2134 2329 Domini
2165 2294 2174 2328 ε

613 2383 833 2433 arbores
883 2387 1085 2438 autem,
1129 2375 1370 2443 singulos
1425 2381 1686 2426 nostrum.
1743 2371 1908 2439 Igitur
1954 2370 2045 2437 qni
2075 2385 2177 2420 non

614 2452 943 2530 crediderit,
982 2468 1090 2536 jam
1140 2465 1263 2518 hinc
1323 2463 1568 2531 stirpitus
1623 2462 1980 2520 exscinditur,
2033 2469 2086 2511 et
2130 2462 2179 2510 in

565 2555 568 2558 ’
613 2565 911 2633 gehennam
944 2559 1196 2612 mittitur.
1248 2573 1265 2606 ι
1303 2554 1683 2623 Οηιιιίειὶεἰιιιι·
1713 2552 1890 2606 arbor.
1931 2569 1948 2600 ι
1980 2551 2183 2605 Etiam-

614 2656 656 2709 si
689 2655 755 2708 ab
795 2652 1068 2706 Abraham
1119 2647 1436 2703 descendat.
1471 2663 1488 2696 ι
1526 2645 1638 2698 Non
1689 2643 1894 2699 faciens
1951 2643 2179 2698 fructum

612 2751 831 2800 bonum.
864 2763 880 2796 ι
907 2743 1018 2796 Non
1040 2742 1196 2806 dixit,
1217 2739 1346 2805 Qum
1369 2753 1471 2792 non
1498 2736 1642 2800 lccit,
1663 2735 1778 2801 sed,
1799 2733 1912 2787 Non
1942 2733 2175 2798 faciens;

611 2848 823 2903 semper
854 2835 996 2887 enim
1036 2840 1247 2899 oportet
1281 2831 1512 2882 fructtun
1548 2831 1706 2882 l'erre.
1742 2827 1878 2880 Nam
1916 2826 2038 2879 licet
2063 2825 2177 2879 heri

615 2923 923 2976 misericors
967 2921 1154 2983 lucris,
1209 2919 1367 2972 hodie
1413 2928 1592 2972 autem
1643 2917 1842 2982 rapias,
1873 2931 1974 2968 non
2007 2915 2180 2968 bonus

611 3011 737 3063 eris.
781 3028 798 3060 ι
836 3008 1126 3064 Exsecatur
1183 3017 1237 3062 et
1271 3011 1320 3060 iu
1356 3007 1530 3076 ignem
1568 3008 1815 3060 mittitur.
1859 3026 1876 3056 ι
1912 3007 2180 3059 Cebenna:

611 3103 834 3156 st‘iliccl.

688 3194 847 3250 Vens.
882 3195 965 3248 ll.
1010 3212 1026 3244 ι
1075 3193 1186 3262 Ego
1211 3193 1426 3262 quidem
1479 3192 1692 3260 baptizo
1728 3206 1822 3245 vos
1863 3192 1914 3244 in
1945 3205 2080 3258 aqua
2113 3192 2178 3245 ad

612 3288 980 3356 pmnitentiam
1015 3301 1028 3339 :
1064 3286 1153 3353 qui
1206 3294 1382 3338 autem
1418 3295 1538 3352 post
1563 3298 1646 3336 tne
1676 3283 1844 3346 venit,
1871 3281 2058 3336 fortior
2096 3298 2180 3334 me

611 3391 715 3434 est.
759 3396 775 3427 ι
814 3378 953 3430 Dixit
981 3375 1080 3440 eis,
1107 3374 1286 3429 Facite
1316 3372 1574 3427 fructum.
1607 3373 1851 3428 Ostendit
1888 3371 2181 3441 ls'igitur

610 3470 732 3539 quis
791 3469 1018 3530 fruetus,
1078 3479 1270 3533 nempe
1325 3467 1543 3519 credere
1593 3464 1798 3517 incum
1843 3463 1934 3531 qui
1979 3475 2096 3530 post
2123 3477 2182 3516 se

611 3571 871 3617 venturus
901 3570 1034 3614 erat.
1083 3559 1236 3612 Venit
1262 3558 1404 3611 enim
1443 3564 1565 3626 post
1594 3571 1718 3610 eum
1744 3556 2009 3610 Christus.
2045 3555 2180 3610 Nam

612 3656 748 3707 sicut
793 3669 885 3706 sex
936 3661 1144 3705 tantum
1177 3649 1454 3704 mensibus
1507 3649 1804 3704 secundum
1844 3649 2180 3702 nativitatem

611 3746 879 3816 posterior
915 3760 978 3797 eo
1014 3753 1151 3807 erat,
1203 3744 1280 3796 ita
1304 3750 1356 3796 et
1380 3741 1530 3810 juxta
1563 3740 2051 3794 manifestatiouetn
2083 3739 2183 3793 fuit

610 3837 896 3906 posterior.
931 3834 1305 3888 Manifestatus
1344 3842 1428 3886 est
1469 3834 1610 3886 enim
1650 3833 1800 3901 prius
1835 3827 2178 3883 Prtecnrsor:

609 3928 802 3983 deinde
828 3927 1100 3991 Christus,
1137 3926 1228 3994 qui
1265 3924 1332 3978 ab
1364 3939 1430 3980 eo
1471 3925 1839 3979 testimonium
1877 3937 2178 3989 acceperat.

618 4042 635 4072 ι
671 4021 831 4087 Cujus
859 4035 960 4073 non
994 4033 1111 4072 sum
1142 4019 1367 4073 idoneus
1398 4015 1764 4071 calceamenta
1795 4025 2024 4085 gestare.
2058 4031 2075 4064 ι
2104 4012 2182 4068 Ne

611 4093 916 4182 postremus
953 4111 1191 4176 quidem,
1248 4111 1458 4178 inquit,
1509 4108 1678 4177 ipsius
1723 4124 1840 4162 sum
1885 4123 2074 4161 servus
2125 4115 2182 4159 ut

611 4214 709 4257 ista
743 4212 964 4274 gestent.
991 4198 1090 4255 Per
1117 4201 1406 4255 caleeamer
1433 4212 1481 4254 ta
1512 4212 1689 4256 autern
1724 4201 1989 4276 intelligas
2017 4207 2177 4259 etiam

611 4296 742 4348 dnos
767 4294 1060 4347 descensus
1086 4292 1223 4359 ejus,
1265 4308 1455 4361 nempe
1487 4307 1608 4347 eum
1640 4294 1730 4363 qui
1761 4311 1790 4348 e
1818 4300 1968 4350 cwlis
2002 4301 2050 4351 in
2077 4312 2183 4352 ter-

613 4402 747 4450 ram,
773 4394 826 4438 et
848 4398 969 4438 eum
997 4383 1137 4454 quia
1162 4393 1303 4437 terra
1333 4385 1383 4438 in
1418 4386 1710 4440 infernum.
1743 4386 2177 4442 (Ialceameuturn

611 4477 750 4529 enim
787 4484 863 4528 est
917 4475 1134 4544 pellicea
1191 4489 1321 4529 caro
1384 4485 1436 4529 et
1478 4477 1843 4530 mortilieatio.
1881 4479 1984 4533 llos
2021 4482 2179 4548 igitur
2212 4463 2255 4517 Ῑ)

612 4568 748 4618 duos
794 4565 1084 4618 descensus
1113 4580 1216 4617 non
1260 4577 1434 4634 potest
1485 4579 1701 4632 portare
1738 4570 2065 4638 l’ra-rursor,
2103 4574 2180 4624 in-

614 4659 849 4727 telligere
881 4671 984 4710 nou
1018 4655 1201 4710 valens
1248 4659 1519 4725 quomodo
1571 4660 1692 4712 lacti
1723 4662 1850 4716 sint.
1891 4681 1907 4712 ι
1942 4663 2059 4730 Ipse
2091 4680 2182 4716 vos

610 4751 904 4816 baptizabit
927 4751 976 4802 in
1008 4749 1210 4818 Spiritu
1234 4758 1439 4802 saneto.
1469 4767 1486 4800 ι
1527 4748 1637 4805 Hoc
1655 4762 1754 4815 est,
1783 4754 2062 4808 inundauit
2090 4771 2181 4809 vos

609 4844 830 4924 largiter
862 4841 1094 4911 Spiritus
1121 4843 1294 4896 sancti
1332 4843 1543 4908 gratiis,
1570 4844 1692 4911 quia
1733 4860 1931 4908 meum,
1985 4846 2177 4913 inquit,

608 4938 872 5003 baptisma
924 4951 1026 4990 non
1084 4937 1173 4990 dat
1215 4935 1545 5004 spiritualem
1582 4936 1830 5003 gratiam,
1876 4938 1967 4991 sed
2007 4953 2180 5005 neque

613 5038 954 5094 peccatorum
1006 5028 1382 5081 remissionem
1427 5044 1439 5079 :
1476 5027 1589 5094 ipse
1623 5039 1802 5081 autem
1844 5041 1895 5082 ct
1946 5033 2179 5086 remittet

612 5121 764 5170 Vobis
793 5128 1030 5184 peccata,
1054 5129 1106 5171 et
1131 5118 1392 5184 Spiritum
1430 5117 1726 5172 liberaliter
1755 5120 1920 5173 dabit.

689 5209 846 5262 \‘tgns.
884 5207 970 5263 12.
1013 5227 1030 5259 ι
1068 5209 1230 5278 Cujus
1279 5209 1638 5264 ventilabrum
1687 5211 1737 5263 iu
1776 5229 1928 5264 manu
1981 5212 2114 5280 ejus.
2152 5233 2168 5264 ι

611 5301 726 5354 Non
762 5299 992 5355 credatis
1042 5302 1185 5370 quod
1225 5301 1269 5355 si
1306 5301 1562 5371 baptizati
1613 5301 1823 5355 fueritis
1855 5306 1920 5359 ab
1980 5306 2089 5370 illo,
2123 5317 2176 5360 et

613 5393 806 5445 deinde
830 5392 1200 5458 peccaret-itis,
1236 5393 1476 5461 ignoscat
1507 5395 1678 5448 vobis.
1715 5393 1846 5449 Nam
1875 5406 1926 5447 et
1951 5397 2176 5450 ventila-

612 5483 764 5536 brum
816 5485 994 5548 habet,
1047 5485 1148 5538 hoc
1195 5495 1297 5548 est,
1345 5485 1601 5552 judicium
1644 5497 1696 5539 et
1751 5487 2171 5556 inquisitionem.

619 5593 636 5624 ι
683 5576 742 5628 Et
776 5578 1080 5647 repurgabit
1107 5592 1283 5631 aream
1309 5594 1483 5632 suam.
1524 5597 1542 5630 ι
1579 5578 1687 5632 lloe
1721 5589 1819 5642 est,
1854 5580 2172 5643 Ecclesium,

612 5680 730 5732 qua:
779 5668 971 5724 multos
1023 5668 1234 5738 quidem
1277 5668 1435 5723 habet
1488 5668 1814 5738 baptizatos,
1870 5672 2006 5726 sicut
2051 5685 2173 5723 area

613 5773 768 5813 omne
804 5758 943 5828 quod
971 5760 1023 5814 iu
1056 5774 1182 5830 agro
1212 5759 1411 5816 cultum
1464 5759 1559 5815 ίυιι
1590 5779 1601 5813 :
1639 5765 1728 5816 sed
1776 5764 1913 5818 inter
1957 5764 2052 5820 hos
2084 5762 2173 5816 alii

2287 1915 2436 1983 ὅμως
2465 1930 2476 1942 ο
2523 1913 2710 1980 ἤγειρε
2762 1913 2817 1963 δὲ
2851 1914 2943 1964 καὶ
2977 1912 3144 1963 τέκνα
3175 1910 3252 1980 τῷ
3307 1910 3562 1980 ’Λϐραὰμ
3585 1913 3612 1962 6
3659 1909 3864 1980 Κύριος

2288 2007 2395 2058 ἀπὸ
2441 2006 2546 2058 τῶν
2599 2004 2801 2056 λίθων·
2845 2004 3018 2068 πότε;
3074 2003 3162 2055 ὅτε
3225 2003 3635 2072 σταυρουμένου
3671 1999 3860 2063 αὑτοῦ,

2291 2097 2488 2157 ἰδόντες
2524 2095 2708 2147 πολλοὶ
2739 2096 2830 2157 τὰς
2865 2094 3073 2166 πέτρας
3114 2096 3394 2165 ραγείσας,
3437 2094 3789 2146 ἐπίστευσαν.

2365 2207 2380 2236 ι
2416 2188 2559 2255 Ἤδη
2595 2187 2649 2238 δὲ
2681 2189 2821 2256 καὶὴ
2852 2185 3006 2254 ἀξίνη
3041 2186 3174 2255 πρὸς
3201 2183 3478 2255 τὴνιρίζαν
3502 2185 3609 2236 τῶν
3627 2184 3860 2254 δένδρων

2286 2282 2480 2333 κεῖται.
2498 2299 2514 2328 ι
2555 2279 2766 2347 ’Λξίνην
2783 2279 2929 2346 λέγει
2947 2278 3045 2346 τὴν
3061 2278 3154 2330 τοῦ
3178 2277 3414 2346 Χριστοῦ
3433 2277 3638 2342 κρίσιν.
3655 2275 3860 2346 Δένδρα

2285 2373 2363 2436 δὲ,
2397 2374 2490 2424 ἕνα
2521 2373 2748 2424 ἕκαστον
2787 2372 2965 2440 ἡμῶν.
3005 2372 3063 2422 '0
3090 2367 3182 2422 οὖν
3218 2371 3292 2440 μὴ
3327 2370 3648 2435 πιστεύσας,
3679 2368 3862 2423 ἐντεῦ-

2287 2466 2377 2516 Θεν
2427 2466 2544 2534 ἤδηι
2581 2464 2905 2534 αύτόρριζος
2938 2465 3330 2533 ἀποτέμνεται,
3377 2465 3473 2516 καὶ
3522 2464 3600 2526 είς
3633 2463 3861 2530 γέενναν

2285 2559 2633 2625 ἐμϐάλλεται.
2677 2575 2695 2608 ι
2759 2558 2871 2609 Πᾶν
2923 2557 3016 2609 οὖν
3072 2556 3309 2626 δένδρον.
3387 2576 3404 2608 ι
3444 2556 3564 2609 Κᾶν
3606 2555 3714 2608 ἀπὸ
3766 2555 3860 2608 τοῦ

2296 2646 2544 2715 ’Λϐραὰμ
2581 2648 2906 2715 κατὰγηται.
2947 2664 2963 2695 ι
3011 2648 3100 2715 Μὴ
3137 2647 3321 2699 ποιοῦν
3361 2646 3573 2716 καρπὸν
3615 2645 3798 2700 καλόνε
3833 2663 3854 2695 ι

2283 2738 2395 2789 Οὐκ
2427 2733 2574 2800 εἶπε,
2597 2737 2686 2806 Μὴ
2718 2737 2969 2805 ποιῆσαν,
3023 2738 3178 2803 ἀλλὰ,
3211 2738 3303 2803 Μὴ
3330 2737 3564 2792 ποιοῦν.
3610 2727 3726 2790 ’Δεῖ
3751 2737 3861 2806 γὰρ

2283 2828 2362 2880 δεῖ
2400 2831 2798 2897 καρποφορεῖν.
2836 2829 2901 2880 El
2940 2832 3046 2898 γὰρ
3078 2830 3200 2896 χυὲς
3225 2830 3487 2898 ἠλέησας,
3532 2831 3773 2900 σήμερον
3798 2828 3860 2881 δὲ

2284 2920 2571 2990 ἀρπάζεις,
2612 2923 2714 2974 ούκ
2767 2923 3100 2990 εύαρεστεῖς.
3142 2941 3158 2971 ι
3225 2923 3608 2986 Ἐκκόπτεται,
3659 2922 3752 2974 καὶ
3779 2924 3859 2985 εἰς

2286 3014 2397 3083 πῦρ
2426 3013 2701 3082 βάλλεται.
2747 3033 2763 3065 ι
2803 3015 2876 3067 Τὸ
2913 3015 3012 3083 τῆς
3041 3016 3286 3087 γεέννης.

2363 3214 2380 3245 ι
2426 3193 2567 3262 Ἐγὼ
2589 3195 2687 3264 μὲν
2710 3194 2957 3264 βαπτίζω
2984 3195 3128 3264 ὑμᾶς
3158 3197 3216 3248 ὲν
3242 3195 3394 3249 ὕδατι
3421 3198 3501 3259 είς
3533 3197 3819 3267 μετάνοιαν
3843 3214 3857 3229 '

2283 3287 2311 3338 6
2337 3286 2390 3339 δὲ
2431 3286 2607 3339 ὀπίσω
2644 3305 2746 3355 μου
2779 3288 3097 3356 ἐρχόμενος,
3122 3290 3468 3360 ίσχυρότερός
3504 3309 3604 3360 μου
3637 3292 3802 3348 ἐστίν.
3835 3311 3854 3345 ι

2285 3377 2447 3431 Εἶπεν
2476 3379 2688 3442 αὐτοῖς’
2726 3381 2994 3450 Ποιήσατε
3027 3382 3258 3451 καρπόν.
3286 3381 3566 3435 Δείκνυσιν
3597 3380 3689 3437 οὖν
3725 3387 3805 3446 τίς
3830 3387 3862 3438 6

2284 3471 2518 3541 καρπὸς,
2551 3473 2634 3525 ὅτι
2661 3472 2723 3524 τὸ
2756 3470 3047 3524 πιστεῦσαι
3078 3474 3157 3534 είς
3191 3472 3283 3524 τὸν
3311 3473 3486 3526 ὀπίσω
3511 3473 3677 3527 αὐτοῦ
3705 3476 3861 3545 ἐρχό-

2289 3582 2469 3633 μενον.
2527 3563 2736 3618 Ὀπίσω
2785 3564 2840 3616 δὲ
2881 3563 3045 3615 αὑτοῦ
3099 3565 3297 3634 ἤρχετο
3348 3567 3376 3616 6
3414 3565 3648 3635 Χριστός
3675 3582 3688 3596 ·
3725 3565 3862 3618 καθὸ

2225 3696 2240 3716 ,
2285 3659 2378 3709 καὶ
2411 3656 2636 3726 ὕστερος
2666 3654 2832 3708 αὑτοῦ
2861 3652 2928 3725 ἦν
2965 3656 3106 3708 κατὰ
3135 3656 3232 3724 τὴν
3272 3656 3546 3726 γέννησιν,
3589 3655 3647 3720 ἓξ
3677 3658 3858 3725 μόνοις

2289 3749 2475 3817 μησὶν,
2515 3747 2650 3801 ἀλλὰ
2697 3749 2790 3800 καὶ
2829 3749 2971 3800 κατὰ
3007 3748 3106 3817 τὴν
3136 3747 3467 3816 φανέρωσιν.
3504 3748 3856 3818 Ἐφανερώθη

2284 3839 2393 3910 γὰρ
2432 3840 2693 3908 πρότερον
2735 3839 2763 3890 6
2814 3837 3153 3906 Πρόδρομος,
3216 3832 3335 3889 εἶτα
3393 3838 3422 3889 6
3461 3838 3716 3907 Χριστὸς,
3765 3837 3857 3891 ὑπ’

2284 3930 2451 3984 αὑτοῦ
2487 3929 2875 4000 μαρτυρηθείς.
2907 3947 2923 3979 ι
2961 3922 3034 3980 Οἶ)
3067 3929 3167 3981 ούκ
3200 3929 3316 3997 εἰμὶ
3349 3929 3532 3991 ἱκανὸς
3563 3929 3630 3982 τὰ
3661 3931 3857 4001 ὑποδή-

2286 4039 2429 4089 ματα
2462 4021 2746 4090 βαστάσαι.
2789 4040 2806 4070 ι
2837 4020 2969 4072 Οὐδὲ
2999 4020 3204 4083 δοῦλος,
3239 4023 3425 4090 φησιν,
3446 4023 3669 4092 ἔσχατος
3686 4022 3854 4076 αὑτοῦ

2284 4118 2423 4182 εἰμι,
2453 4112 2590 4165 ὥστε
2615 4112 2902 4180 βαστάζειν
2927 4111 3116 4164 ταῦτα.
3162 4113 3516 4182 Ὑποδήματα
3531 4113 3587 4166 δὲ
3620 4119 3853 4182 νοήσεις,

2285 4207 2379 4256 καὶ
2405 4207 2500 4266 τὰς
2540 4203 2632 4256 δύο
2665 4203 2995 4265 καταϐάσεις
3034 4203 3224 4267 αὐτοῦ,
3275 4207 3371 4271 τήν
3405 4221 3462 4256 τε
3513 4204 3574 4268 ἐξ
3625 4206 3852 4275 ούρανοῦ

2285 4300 2363 4358 είς
2387 4297 2508 4365 γῆν,
2547 4296 2639 4348 καὶ
2671 4295 2768 4364 τὴν
2803 4297 2866 4347 ὲκ
2903 4295 3004 4362 γῆς
3051 4297 3131 4356 είς
3171 4295 3264 4346 τὸν
3289 4295 3442 4364 ᾅδην.
3501 4296 3854 4366 ’Υποδήματα

2283 4389 2390 4458 γάρ
2416 4389 2551 4440 εἰσιν
2577 4391 2606 4457 ἡ
2636 4387 2932 4456 δερματίνη
2967 4387 3119 4456 σὰρξ,
3156 4388 3248 4439 καὶ
3272 4389 3304 4455 ἡ
3331 4387 3618 4456 νέκρωσις.
3641 4389 3854 4452 Ταύτας

2285 4480 2376 4532 οὖν
2426 4483 2520 4542 τὰς
2565 4481 2658 4532 δύο
2707 4480 3058 4543 καταϐάσεις,
3121 4482 3181 4532 ού
3234 4481 3459 4534 δύναται
3513 4481 3778 4550 βαστάσαι
3825 4483 3852 4534 6

2287 4565 2620 4634 Ιιρόδρομος,
2680 4567 2754 4634 μὴ
2807 4567 3103 4636 δυνάμενος
3161 4569 3352 4637 νοῆσαι
3408 4567 3522 4632 πῶς
3581 4571 3848 4638 ἐγένοντο.

2291 4675 2308 4706 ι
2355 4657 2522 4718 Αὐτὸς
2572 4657 2712 4724 ὑμᾶς
2741 4656 2991 4724 βαπτίσει
3027 4661 3082 4709 ἐν
3114 4660 3394 4729 Πνεύματι
3428 4661 3588 4732 ἁγίῳ.
3628 4682 3644 4712 r
3681 4663 3850 4716 Τουτ-

2281 4750 2419 4811 ἐστι,
2480 4735 2824 4802 Κατακλύσει
2865 4751 3006 4818 ὑμᾶς
3039 4751 3284 4818 ἀφθόνως
3325 4755 3443 4816 ταῖς
3472 4755 3566 4806 τοῦ
3602 4755 3852 4826 Πνεύμα-

2280 4858 2370 4903 τος
2398 4844 2616 4911 χάρισιν
2650 4841 2804 4895 Ἐπεὶ
2835 4844 2893 4894 τὸ
2930 4843 3029 4912 μὲν
3056 4845 3209 4912 ἐμὸν,
3243 4844 3398 4913 φησὶ,
3439 4844 3744 4916 βάπτισμα,
3785 4851 3848 4902 ού

2281 4932 2462 4985 δίδωσι
2511 4933 2886 5004 πνευματικὴν
2934 4935 3124 5003 χάριν,
3179 4935 3302 4989 οὐδὲ
3351 4937 3458 5005 γὰρ
3501 4937 3600 5008 τὴν
3655 4940 3852 5007 ἄφεσιν

2283 5027 2566 5095 ἁμαρτιῶν
2587 5043 2599 5056 ·
2635 5027 2793 5091 αὐτὸς
2828 5027 2906 5092 δὲ,
2953 5028 3045 5080 καὶ
3073 5029 3272 5098 ἀφήσει
3304 5029 3450 5099 ὑμῖν,
3509 5032 3604 5084 καὶ
3633 5031 3854 5104 Πνεῦμα

2279 5119 2515 5186 δαψιλῶς
2547 5121 2729 5174 δώσει.

2359 5232 2375 5263 ι
2412 5209 2485 5266 Οὗ
2517 5215 2576 5266 τὸ
2614 5214 2778 5266 πτύον
2811 5216 2866 5290 ὲν
2902 5216 2964 5283 τῇ
2995 5215 3136 5284 χειρὶ
3166 5215 3353 5270 αὑτοῦ.
3395 5236 3412 5268 ι
3459 5218 3552 5287 Μὴ
3593 5219 3855 5290 νομίσητε

2278 5307 2358 5359 ὅτι
2400 5308 2494 5358 ἐὰν
2531 5307 2864 5376 βαπτισθῆτε
2909 5307 3001 5358 ὑπ’
3041 5309 3270 5372 ἐκείνου,
3308 5305 3428 5362 εἶτα
3473 5311 3853 5382 ἀμαρτάνητε,

2281 5402 2622 5468 συγχωρήσει
2670 5400 2820 5467 ύμῖν.
2873 5399 3034 5452 Ἀλλὰ
3082 5403 3174 5453 καὶ
3209 5403 3378 5454 πτύον
3405 5403 3541 5471 ἔχει,
3583 5404 3854 5469 τουτέστι,

2278 5493 2455 5558 κρίσιν
2483 5494 2574 5542 καὶ
2608 5491 2870 5554 ἐξέτασιν.
2925 5511 2942 5544 ι
3002 5494 3108 5544 Καὶ
3159 5494 3500 5564 διακαθαριεῖ
3528 5496 3624 5565 τὴν
3673 5496 3785 5549 eam
3818 5515 3856 5550 α

2279 5581 2462 5634 αὺτοῦ.
2501 5603 2519 5633 ι
2576 5582 2855 5646 Τουτέστι,
2895 5575 3386 5654 τῆν’Ἑκκλησίαν,
3442 5588 3563 5655 ἧτις
3624 5587 3855 5652 πολλοὺς

2281 5674 2377 5742 μὲν
2406 5673 2517 5743 ἔχει
2563 5673 3044 5744 βεϐαπτισμένους,
3076 5674 3264 5745 ὥσπερ
3312 5675 3369 5728 ὲν
3403 5679 3464 5745 τῇ
3513 5676 3682 5730 ἆλωνι
3743 5680 3856 5731 πᾶν

2280 5764 2338 5816 τὸ
2373 5763 2640 5832 γεώργιον
2664 5781 2675 5796 ’
2713 5763 2828 5818 ἀλλ’
2891 5766 2946 5821 ὲν
2996 5765 3226 5831 τούτοις,
3261 5767 3309 5820 οί
3342 5768 3440 5836 μέν
3480 5770 3618 5821 εἰσιν
3648 5769 3851 5838 ἄχυρα,
