4080 6336
299 380 403 450 181

981 379 1433 442 ΕΝΑΙὶΒΛΤΙΟ
1468 379 1552 440 IN
1595 374 1885 440 EVANGE

2001 374 2107 437 un
2141 375 2796 467 ΜΑτΤιῐΑιΙδ-οΑΡ
2849 379 2948 442 1v.

3513 372 3619 442 189

290 497 409 554 Καὶ
435 494 540 568 γὰρ
573 494 665 549 καὶ
702 493 752 548 οί
795 492 1062 565 Ἑϐραῖοι,
1094 494 1173 558 τῷ
1209 495 1386 566 μάννα
1421 493 1762 565 ἐτράφησαν,
1796 491 1885 544 οὐκ

2003 503 2106 550 est.
2145 491 2277 547 Nam
2315 503 2368 550 et
2419 493 2636 549 chrmi
2681 495 2844 550 cibati
2883 505 3009 550 sunt
3045 507 3269 557 manna,
3308 492 3453 565 quod
3505 510 3612 548 non

291 590 446 661 ἄρτῳ
481 590 616 652 δντι,
657 586 822 660 ἀλλὰζ
840 588 929 642 διὰ
979 590 1228 661 ῥήματος
1265 582 1425 652 Θεοῦ,
1473 589 1656 642 πᾶσαν
1702 588 1892 659 χρείαν

288 681 404 754 τῶν
445 682 718 752 Ἐϐραίων
770 681 1086 754 πληροῦντι,
1122 683 1214 736 καὶ
1263 683 1441 737 πάντα
1480 681 1751 754 γινομένῳ
1791 682 1892 735 ὅσα

290 781 363 834 ἂν
393 784 588 851 φαγεῖν
615 798 699 844 τις
739 781 1027 852 ἐπεθύμει.
1067 780 1192 835 Είτε
1221 782 1328 854 γὰρ
1376 781 1580 852 ίχθύοςι,
1613 783 1725 836 είτε
1758 780 1891 848 ὼοιῦ,

287 872 402 926 εἴτε
444 874 610 946 τυροῦ
645 872 912 944 ἐπεθύμει
963 875 992 926 6
1051 873 1337 942 Ἰουδαῖος,
1389 874 1652 944 τοιαύτην
1700 873 1892 942 γεῦσιν

287 968 558 1038 παρεῖχεν
585 967 737 1037 αὐτῷ
775 967 836 1020 τὸ
868 968 1066 1036 μάννα.

368 1076 388 1110 ε
448 1057 581 1112 Τότε
633 1059 1053 1130 παραλαμϐάνει
1099 1061 1263 1116 αὑτὸν
1293 1064 1323 1116 6
1367 1061 1638 1126 διάϐολος,
1665 1064 1744 1126 εἰς
1789 1064 1888 1134 τὴν

285 1151 456 1221 ἁγίαν
487 1151 662 1217 πόλιν,
692 1155 786 1207 καὶ
815 1153 1028 1222 ἵστησιν
1060 1153 1222 1208 αὐτὸν
1253 1155 1346 1208 ἐπὶ
1373 1155 1432 1209 τὸ
1467 1155 1765 1227 πτερύγιον
1793 1155 1889 1210 τοῦ

285 1241 460 1312 ἱεροῦ.
497 1263 519 1296 ι
557 1244 739 1314 Μέρος
764 1263 817 1297 τι
846 1245 940 1298 τοῦ
973 1245 1146 1315 ίεροῦ.
1178 1239 1267 1299 οἷα
1306 1246 1372 1301 τὰ
1410 1247 1539 1316 παρ’
1569 1249 1706 1320 ἡμῖν
1735 1248 1892 1315 λεγό-

287 1353 431 1407 μενα
460 1337 706 1411 δίρρυτα·
741 1336 932 1412 ὥσπερ
961 1339 1069 1410 γὰρ
1095 1340 1368 1411 πτέρυγες
1400 1341 1672 1398 δοκοῦσιν.

365 1449 385 1480 ε
423 1431 534 1484 Καὶ
581 1431 731 1500 λέγει
775 1432 967 1500 αὐτῷ’
1007 1434 1070 1486 El
1108 1433 1238 1497 Υἱὸς
1283 1430 1334 1486 εἶ
1378 1433 1473 1488 τοῦ
1523 1433 1683 1499 Θεοῦ,
1728 1433 1889 1506 βάλλε

281 1523 518 1576 σεαυτὸν
564 1523 738 1580 κάτω.
783 1524 1105 1596 Γέγραπται
1154 1528 1284 1598 γὰρ,
1337 1526 1418 1580 ὅτι
1468 1529 1583 1591 τοῖς
1631 1527 1892 1598 ἀγγέλοις

281 1615 458 1670 αὐτοῦ
490 1616 787 1672 ἐντελεῖται
839 1620 972 1691 περὶ
1005 1618 1124 1683 σοῦ,
1175 1622 1271 1674 καὶ
1313 1621 1407 1674 ἰπὶ
1440 1619 1644 1692 χειρῶν
1690 1621 1889 1692 ἁροῦσί

283 1726 372 1772 σε,
409 1711 621 1781 μήποτε
664 1713 986 1787 προσκόψῃς
1027 1715 1164 1785 πρὸς
1211 1714 1359 1769 λίθον
1385 1715 1476 1769 τὸν
1508 1714 1646 1769 πόδα
1690 1731 1812 1770 σου.
1864 1734 1882 1766 ε

280 1801 349 1856 Et
380 1803 505 1867 Υίδς
536 1801 586 1859 εί
611 1806 703 1861 τοῦ
745 1805 904 1873 Θεοῦ,
940 1811 1227 1880 μονονουχὶ
1266 1809 1428 1864 τοῦτο
1458 1809 1625 1878 λέγει·
1647 1808 1788 1878 Ἐγὼ
1818 1811 1879 1864 οὐ

279 1894 532 1948 πιστεύω
574 1899 638 1967 τῇ
678 1896 740 1962 ἐξ
783 1898 1034 1970 οὐρανῶν
1087 1903 1240 1971 φωνῇ
1276 1916 1289 1933 ·
1329 1902 1481 1971 ὅμως
1525 1902 1590 1956 σὺ
1616 1943 1631 1968 ,
1673 1904 1721 1956 εί
1748 1901 1880 1967 Υἱὸς

279 1982 335 2039 εἷ
365 1984 460 2038 τοῦ
494 1985 653 2054 Θεοῦ,
684 1987 858 2056 δεῖξόν
891 2006 1003 2062 μοι.
1040 1990 1234 2046 Καίτοι
1264 2008 1350 2060 γε,
1382 1987 1427 2046 ὦ
1457 1991 1662 2064 μιαρὲ(
1683 1995 1730 2047 εί
1762 1987 1916 2058 Υἱὸς

279 2073 354 2147 ἦν
391 2077 485 2144 τοῦ
533 2078 691 2144 Θεοῦ,
734 2083 1179 2153 κατεκρήμνισεν
1227 2083 1292 2138 ἂν
1337 2085 1568 2152 ἑαυτόν;
1621 2087 1734 2158 Τῆς
1788 2087 1886 2157 σῆς

279 2171 567 2243 ὠμότητος
595 2174 758 2230 τοῦτό
787 2177 925 2244 ἐστι,
955 2179 1015 2233 τὸ
1043 2181 1515 2250 κατακρημνίζειν
1542 2178 1668 2246 τοῦς
1694 2181 1886 2252 δαιμο-

277 2265 490 2327 νῶντας
515 2280 528 2293 °
564 2265 700 2319 θεοῦ
734 2267 811 2332 δὲ,
862 2269 923 2323 τὸ
955 2269 1173 2335 σώζειν.
1208 2271 1283 2326 Οὐ
1315 2271 1634 2344 γέγραπται
1689 2273 1746 2328 δὲ
1799 2277 1880 2340 τὸ,

285 2373 307 2407 ε
368 2355 492 2409 Ἐπὶ
523 2359 724 2428 χειρῶν
750 2360 943 2432 ἁροΰσί
981 2380 1064 2428 σε,
1098 2383 1118 2416 s
1145 2365 1275 2434 περὶ
1305 2364 1399 2420 τοῦ
1435 2366 1673 2438 Χριστοῦ
1701 2410 1716 2432 ,
1749 2369 1886 2422 ἀλλὰ

277 2464 352 2500 πε
363 2448 416 2517 pl
445 2450 555 2503 τῶν
580 2452 775 2521 ἁγίων,
801 2454 908 2508 τῶν
935 2455 1206 2528 δεομένων
1262 2459 1515 2530 βοηθείας
1560 2461 1880 2534 ἀγγελικῆς.

291 2541 356 2595 ’0
373 2541 430 2596 δὲ
450 2543 491 2596 Χ
502 2545 687 2612 ριστδς
714 2547 777 2600 οὐ
802 2547 996 2615 δεῖται,
1020 2550 1152 2613 Θεὸς
1179 2549 1276 2606 ὧν.

397 2654 416 2688 ε
459 2636 601 2708 Ἔφη
655 2639 804 2709 αὐτῷ
841 2643 870 2694 6
911 2641 1140 2711 Ἰησοῦςο
1173 2642 1344 2697 Πάλιν
1399 2661 1732 2716 γεγραπται’
1769 2649 1882 2702 Οὐκ

278 2729 638 2800 ὶκπειράσεις
675 2733 880 2805 Κύριον
922 2736 1014 2789 τὸν
1055 2735 1190 2791 Θεόν
1223 2754 1338 2792 σου.
1377 2757 1396 2790 ι
1435 2737 1689 2810 Ἠμὲρως
1715 2741 1881 2794 αὑτὸν

279 2822 656 2891 ἀποκρούεται
710 2827 739 2878 6
781 2827 1056 2896 Χριστὸς,
1106 2829 1376 2888 διδάσκων
1423 2833 1571 2904 ἡμᾶς
1626 2834 1715 2888 διὰ
1785 2836 1882 2905 τῆς

278 2916 593 2986 πραότητος
639 2921 799 2990 νικᾷ-ι
831 2921 956 2986 τοὺς
990 2922 1274 2994 δαίμονας.

421 3096 592 3150 Πάλιν
626 3099 1054 3171 παραλαμόάνει
1104 3103 1266 3159 αὐτὸν
1299 3107 1328 3160 6
1357 3106 1606 3172 διάϐολος
1640 3110 1719 3173 είς
1757 3111 1882 3181 ὅρος

1913 1861 1956 1917 Β

2001 595 2119 641 erat
2152 587 2328 656 panis,
2379 588 2476 642 sed
2508 601 2605 656 per
2650 588 2876 641 verbum
2934 584 3025 640 Dei
3075 585 3338 656 implebat
3389 599 3610 640 ninnem

2003 678 2356 735 Hebraeorum
2389 680 2768 750 indigentiam,
2793 692 2846 734 et
2874 679 3037 734 (lebat
3059 676 3242 733 omnia
3270 689 3613 747 qnzecunqne

1998 771 2287 827 comedere
2313 770 2606 841 quisquam
2631 770 2919 840 cupiebat:
2950 785 3075 824 nam
3103 769 3218 824 sive
3243 769 3473 838 piscem,
3496 769 3614 824 sive

1998 879 2190 929 ovum,
2246 865 2361 920 sive
2398 877 2620 919 caseum
2676 864 3104 935 concupiscebat
3154 860 3418 924 Iudaeus.
3464 860 3613 919 illius

1998 968 2217 1030 gustum
2249 974 2446 1013 manna
2480 960 2529 1013 ei
2551 959 2866 1028 praebebat.

2071 1050 2240 1106 Vens.
2274 1051 2327 1106 5.
2365 1071 2382 1102 ι
2414 1049 2569 1106 Tunc
2602 1050 2830 1107 assumit
2852 1065 2978 1106 eum
3005 1049 3257 1106 diabolus
3281 1049 3333 1104 in
3364 1055 3610 1105 sanctam

1997 1144 2299 1211 civitatem,
2319 1153 2372 1200 et
2390 1144 2588 1198 statuit
2615 1158 2740 1198 eum
2769 1158 2933 1214 supra
2961 1143 3313 1213 piunaculum
3346 1141 3546 1213 templi.
3587 1158 3608 1193 ι

1995 1237 2132 1294 Pars
2164 1239 2412 1308 quaedam
2457 1238 2642 1308 templi
2673 1249 2789 1293 erat
2818 1279 2832 1302 ,
2870 1238 3015 1294 sicut
3057 1253 3179 1308 quas
3213 1237 3356 1310 apud
3390 1253 3488 1294 nos
3523 1237 3609 1294 di-

1997 1340 2197 1386 cuntur
2225 1329 2457 1404 δίρρυτα
2493 1349 2503 1383 :
2543 1331 2800 1386 videntur
2833 1331 2980 1386 enim
3013 1332 3156 1387 sicut
3188 1330 3288 1386 ala:
3316 1346 3461 1388 esse.

2073 1422 2237 1478 Vens.
2265 1425 2317 1478 ϐ.
2358 1444 2375 1476 ι
2428 1423 2647 1480 Etdicit
2678 1425 2750 1489 ei,
2786 1421 2841 1479 Si
2871 1423 3041 1480 Filius
3079 1423 3172 1480 Dei
3210 1439 3272 1479 es
3299 1435 3376 1489 tu,
3406 1423 3610 1480 mittito

1997 1528 2050 1572 te
2073 1517 2346 1573 deorsum.
2381 1518 2660 1589 Scriptum
2685 1528 2765 1574 est
2788 1516 2961 1582 enim,
2989 1518 3208 1588 Angelis
3235 1518 3351 1575 suis
3380 1515 3611 1574 manda-

1995 1609 2075 1666 bit
2099 1611 2163 1666 de
2202 1620 2271 1675 te,
2309 1619 2364 1666 et
2404 1611 2456 1665 in
2493 1611 2746 1666 manibus
2779 1609 3079 1680 portabunt
3119 1620 3191 1672 te,
3230 1625 3296 1664 ne
3325 1608 3467 1665 forte
3500 1607 3610 1664 lm-

1995 1704 2187 1776 pingas
2217 1705 2269 1757 in
2304 1703 2536 1773 lapidem
2581 1705 2774 1774 pedem
2815 1713 2989 1757 tuum.
3027 1721 3044 1754 ι
3087 1701 3145 1758 Si
3185 1700 3356 1758 Filius
3408 1700 3504 1757 Dei
3547 1715 3609 1757 es
3689 1768 3693 1772 η

1998 1808 2075 1862 tu,
2114 1799 2282 1869 quasi
2323 1797 2425 1854 hoc
2469 1798 2662 1853 dicat:
2708 1797 2824 1866 Ego
2854 1812 2961 1851 non
3011 1796 3180 1851 credo
3228 1794 3343 1852 voci
3389 1796 3610 1853 cmlitus

2001 1892 2181 1948 missae
2215 1908 2226 1946 :
2266 1901 2506 1946 attamen
2536 1903 2613 1957 to,
2648 1893 2692 1947 si
2729 1890 2899 1946 Filius
2929 1890 3027 1947 Dei
3054 1904 3138 1954 es,
3171 1890 3405 1946 ostende
3449 1887 3604 1944 mihi.

1999 1988 2261 2054 Quamvis
2285 1985 2458 2042 Filius
2493 1984 2585 2042 Dei
2615 1993 2758 2050 erat,
2795 1998 2924 2039 num
2948 2025 2964 2051 ,
2997 1999 3031 2038 ο
3064 1983 3377 2049 maledicte,
3405 1984 3606 2054 preci-

1998 2083 2176 2152 pitare
2204 2080 2440 2136 debebat
2469 2077 2750 2149 seipsum?
2784 2075 2914 2133 Tuae
2949 2075 3297 2132 crudelitatis
3327 2087 3431 2140 est,
3466 2092 3608 2146 pra:-

1997 2173 2230 2245 cipitare
2282 2172 2565 2229 daemonio:
2592 2179 2765 2234 actos.
2819 2168 2912 2225 Dei
2966 2179 3150 2224 autem
3197 2169 3437 2225 salvere.
3485 2167 3605 2227 Non

1996 2280 2178 2323 autem
2207 2268 2474 2336 scriptum
2503 2277 2589 2322 est
2619 2265 2785 2330 istud,
2817 2265 2876 2320 In
2915 2265 3167 2320 manibus
3199 2265 3495 2333 portabunt
3529 2276 3603 2328 te,

1997 2372 2218 2430 propter
2243 2360 2548 2422 Christum,
2574 2360 2668 2414 sed
2703 2368 2928 2429 propter
2955 2367 3206 2420 sanctos.
3235 2359 3326 2428 qui
3359 2358 3606 2430 indigent

1996 2454 2242 2525 angelico
2267 2456 2539 2524 prassidio.
2559 2451 2815 2509 Christus
2839 2461 3045 2516 autem,
3066 2451 3158 2522 qui
3190 2448 3330 2507 Deus
3359 2463 3467 2516 est,
3495 2467 3602 2508 non

1996 2562 2132 2618 opus
2158 2548 2248 2600 illo
2283 2549 2467 2601 habet.

2071 2638 2234 2695 Vens.
2271 2640 2316 2691 7.
2352 2657 2370 2690 s
2415 2639 2560 2694 Dixit
2587 2637 2855 2696 illi'Jesus
2886 2657 2899 2693 :
2931 2639 3166 2694 Rursum
3205 2638 3470 2708 scriptum
3494 2647 3602 2704 est,

1995 2731 2110 2788 Non
2141 2733 2371 2787 tentabis
2401 2731 2884 2789 Dominanch
2920 2747 3092 2788 tuum.
3135 2753 3155 2786 ι
3194 2731 3473 2788 Μειιιςιιοιο
3510 2749 3598 2785 re-

1993 2826 2148 2898 pellit
2194 2844 2317 2882 eum
2351 2827 2642 2892 Christus,
2687 2830 2887 2884 docens
2926 2839 2978 2883 et
3031 2843 3132 2884 nos
3178 2826 3601 2882 mansuetudine

1993 2923 2270 2974 dantnones
2300 2920 2536 2974 vincere.

2071 3101 2233 3158 Vens.
2271 3101 2323 3167 8,
2358 3103 2410 3158 9.
2466 3121 2482 3154 ι
2541 3103 2737 3159 lterum
2780 3107 3012 3169 assumit
3070 3120 3195 3161 enm
3245 3104 3494 3162 diabolus
3545 3107 3599 3160 in

281 3187 490 3259 ὑψηλὸν
533 3189 678 3254 λίαν,
712 3194 806 3247 καὶ
848 3193 1123 3250 δείκνυσιν
1170 3197 1320 3270 αὐτῷ
1349 3201 1538 3266 πάσας
1576 3203 1676 3266 τὰς
1728 3203 1878 3274 βασι-

2001 3203 2234 3250 monlem
2268 3195 2544 3250 excelsum
2589 3195 2768 3264 valde,
2810 3207 2866 3252 et
2903 3209 3172 3254 inoustrat
3200 3200 3250 3254 ei
3289 3200 3474 3255 omnia
3513 3215 3601 3255 rc-

278 3280 434 3347 λείας
466 3280 561 3335 τοῦ
600 3284 831 3355 κόσμου.
863 3288 956 3342 καὶ
999 3287 1099 3361 τὴν
1125 3289 1286 3354 δόξαν
1335 3293 1538 3356 αὐτῶν,
1589 3295 1683 3348 καὶ
1731 3297 1880 3364 λέγει

162 3377 167 3382 ⁷
279 3374 456 3444 αὐτῷ’
491 3375 679 3431 Ταῦτα
707 3378 887 3434 πάντα
931 3398 1015 3436 σοι
1047 3382 1230 3446 δώσω,
1265 3385 1363 3439 ἐὰν
1414 3385 1599 3441 πεσὼν
1642 3406 1885 3458 προσκυ-

280 3469 460 3538 νήσῃς
493 3486 602 3538 μοι.
640 3490 658 3522 ι
713 3471 870 3536 Τινὲς
907 3475 1006 3541 μὲν
1051 3475 1369 3544 νομίζουσιν
1398 3477 1523 3551 ὅρος
1566 3480 1792 3548 ὑψηλὸν,
1824 3486 1886 3538 τὸ

279 3562 384 3627 τῆς
424 3562 865 3636 φιλοχρηματίας
897 3566 1093 3632 πάθος,
1130 3569 1212 3630 είς
1257 3569 1284 3623 δ
1327 3571 1625 3638 σπουδάζει
1671 3575 1884 3645 ἀναγα-

278 3657 403 3724 γεῖν
431 3656 524 3710 τὸν
554 3657 760 3727 Ἰησοῦν
781 3659 810 3713 6
842 3659 1065 3732 ἐχθρός·
1100 3662 1218 3715 ἀλλ’
1249 3665 1310 3717 ού
1340 3665 1522 3730 καλῶς
1543 3667 1880 3736 νομίζουσιν.

279 3746 573 3816 Δίσοητῶς
603 3749 711 3820 γὰρ
752 3750 926 3821 ἐφάνη
981 3751 1134 3822 αὖτῴ
1178 3755 1205 3805 6
1255 3753 1525 3820 διάδολος’
1579 3756 1920 3830 λογισμοὺς..

280 3838 396 3908 γὰρ
427 3839 455 3892 6
489 3841 694 3909 Κύριος
742 3843 842 3894 οὐκ
883 3842 1124 3908 ἐδέξατο,
1179 3845 1254 3916 μὴ
1316 3846 1547 3914 γένοιτο.
1597 3849 1881 3917 Αίσθητὼς

279 3927 378 3985 οὖν
411 3932 562 4003 αὐτῷ
599 3933 801 4000 ἔδειξεν
836 3938 893 3988 ἐν
939 3936 1017 4007 τῷ
1057 3938 1175 4008 liget
1211 3940 1392 4005 πάσας
1440 3941 1538 4006 τὰς
1577 3941 1880 4013 βασιλείας,

280 4023 431 4076 κατὰ
483 4025 790 4093 φαντασίαν
845 4028 1161 4098 ὑποστήσας
1208 4031 1359 4103 αὐτῷ
1413 4034 1520 4104 πρὸ
1574 4035 1880 4107 ὀφθαλμῶν

278 4113 513 4181 ταύτας,
544 4117 657 4182 καὶ,
691 4137 708 4169 ι
739 4117 925 4172 Ταῦτα
955 4121 1132 4174 πάντα
1162 4136 1245 4174 σοι
1284 4123 1462 4187 δώσω,
1506 4145 1522 4176 ι
1562 4127 1746 4196 φησίν.
1792 4129 1882 4192 Ὠς

280 4207 394 4281 γὰρ
413 4208 545 4262 ἴδιον·
570 4210 698 4263 οντα
728 4212 820 4263 τὸν
865 4211 1069 4281 κόσμον
1103 4213 1404 4282 λογίζεται,
1440 4218 1543 4270 ὑπὸ
1589 4221 1875 4290 ὑπερηφαο

279 4305 424 4367 via:
461 4304 619 4359 τοῦτο
675 4306 731 4359 δὲ
763 4308 857 4360 καὶ
881 4306 974 4361 νῦν
1010 4308 1160 4376 λέγει
1193 4313 1305 4374 τοῖς
1341 4311 1714 4379 πλεονέκταις,
1737 4317 1880 4373 ὥστε

280 4401 330 4453 οἱ
379 4399 810 4470 προσκυνοῦντες
838 4399 1008 4472 αὐτῷ,
1043 4405 1241 4476 ἐκείνοι
1271 4405 1446 4459 ταῦτα
1489 4407 1724 4477 ἔχουσιν.

363 4511 380 4542 ι
429 4491 562 4544 Τότε
608 4491 758 4558 λέγει
782 4492 933 4562 αὐτῷ
965 4495 993 4546 6
1039 4493 1265 4564 Ἰησοῦς
1296 4497 1513 4564 Ὕπαγε
1545 4499 1719 4553 duim)
1750 4519 1878 4572 μου,

1988 3304 2092 3358 gua
2139 3288 2327 3342 mundi
2374 3297 2429 3342 et
2476 3288 2706 3359 gloriam
2763 3291 3023 3358 illorum,
3071 3302 3127 3347 et
3159 3293 3293 3349 dicit
3338 3293 3412 3359 ei,
3470 3292 3599 3352 Haec

1990 3381 2175 3436 omnia
2211 3382 2309 3437 tibi
2341 3380 2480 3437 dabo
2503 3424 2518 3446 ,
2553 3383 2595 3436 si
2637 3383 2941 3452 procideris
2983 3394 3034 3439 et
3075 3388 3392 3442 adoravcris
3423 3403 3528 3444 me.
3573 3407 3591 3439 ε

1990 3476 2219 3541 Quidam
2248 3487 2438 3545 putant
2467 3488 2711 3556 moment
2731 3477 3008 3532 CXCL'ISUIII
3040 3478 3220 3546 valde,
3251 3477 3597 3537 allectiOnem

1988 3568 2306 3623 etstudiuni
2346 3567 2399 3621 in
2429 3568 2775 3636 possidendis
2800 3569 3044 3641 divitiis,
3082 3571 3136 3626 in
3169 3587 3329 3640 quem
3368 3583 3601 3627 conatur
3676 3568 3682 3575 ’

1989 3660 2245 3717 inimicus
2263 3659 2448 3716 Iesum
2477 3663 2712 3730 ducere;
2743 3663 2836 3718 sed
2873 3678 2978 3719 non
3015 3673 3164 3720 recte
3191 3665 3506 3734 epinantur.
3539 3666 3598 3722 lu

1990 3754 2235 3809 sensibili
2272 3755 2416 3809 enim
2453 3752 2626 3810 forma
2665 3757 2918 3825 apparuit
2957 3758 3007 3812 ei
3049 3757 3318 3813 diabolus.
3360 3758 3465 3829 al
3500 3760 3600 3814 Co-

1992 3848 2287 3918 gitationes
2338 3849 2484 3904 enim
2527 3849 2662 3904 tales
2698 3865 2805 3904 non
2853 3851 3043 3906 habuit
3088 3851 3384 3920 Dominus,
3430 3847 3596 3910 absit.

1989 3940 2341 3996 Sensibiliter
2371 3940 2540 4010 igitur
2562 3942 2612 3995 ci
2638 3945 2969 3997 monstravit
3002 3944 3053 3996 in
3090 3952 3276 3999 monte
3303 3944 3486 3999 omnia
3515 3959 3601 4000 re-

1988 4051 2116 4104 gna,
2147 4043 2276 4089 ante
2304 4035 2494 4090 oculos
2518 4049 2580 4089 ea
2601 4049 2865 4103 apparere
2898 4033 3125 4103 faciens,
3152 4047 3229 4104 et,
3257 4035 3384 4095 Haec
3411 4038 3598 4094 omnia

1990 4130 2090 4183 tibi
2113 4129 2275 4193 dabo,
2305 4129 2504 4199 inquit.
2537 4127 2797 4182 Mundam
2824 4131 2980 4198 quasi
3012 4145 3144 4184 suus
3173 4130 3427 4200 proprius
3447 4141 3598 4188 esse:

1989 4223 2244 4291 proponit
2267 4263 2280 4281 .
2326 4238 2438 4293 pra:
2473 4222 2752 4291 superbia.
2795 4221 2909 4278 Hoc
2939 4231 2994 4277 ct
3037 4240 3184 4279 nunc
3217 4225 3351 4280 dicit
3381 4227 3593 4294 avaris,

1987 4324 2046 4370 ut
2076 4317 2368 4371 adorantes
2396 4331 2521 4370 eum
2552 4316 2736 4370 omnia
2775 4315 2890 4371 hwc
2917 4314 3171 4374 habeant.

2066 4499 2227 4555 Vens.
2266 4499 2350 4554 l0.
2397 4517 2414 4549 ι
2448 4495 2602 4552 Tunc
2639 4497 2771 4552 dicit
2805 4497 2854 4550 ei
2896 4493 3081 4559 Jcsus,
3118 4493 3271 4551 Vade
3324 4505 3446 4566 post
3497 4509 3584 4552 me

283 4585 526 4640 Σατανᾶο
557 4586 870 4657 γέγραπται
902 4590 1032 4658 γάρ’
1062 4588 1269 4660 Κύριον
1302 4591 1392 4644 τὸν
1419 4593 1552 4646 Θεόν
1590 4611 1682 4648 σου
1709 4612 1878 4668 προσο

2001 4594 2215 4651 Satana.
2256 4592 2530 4661 Scriptum
2565 4601 2648 4645 est
2691 4591 2858 4653 enim,
2893 4586 3185 4660 Dominum
3227 4585 3394 4644 Deum
3430 4596 3586 4646 tuum

283 4682 566 4750 κυνήσεις,
613 4682 908 4753 καὶαὶρτῷ
941 4684 1088 4753 μόνῳ
1123 4683 1466 4752 λατρεύσεις.
1517 4707 1534 4738 ι
1630 4690 1878 4759 Ὀργίζε-

284 4788 377 4824 ται
404 4773 432 4823 6
465 4771 667 4842 Κύριος
697 4771 868 4842 αύτῷ,
903 4774 993 4826 ὅτε
1025 4769 1135 4827 εἶδε
1162 4775 1328 4831 αὑτὸν
1357 4777 1423 4831 τὰ
1453 4779 1547 4832 τοῦ
1577 4781 1714 4834 θεοῦ
1752 4801 1877 4851 σφε-

285 4861 660 4935 τεριζόμενον,
692 4866 788 4919 καὶ
816 4864 1094 4934 λέγοντα·‹
1129 4868 1312 4922 Ταῦτα
1339 4869 1518 4926 πάντα
1553 4889 1635 4926 σοι
1657 4873 1871 4935 δώσω.»

288 4956 367 5020 ὡς
403 4956 529 5010 ιδιά.
559 4955 713 5010 Mille
742 4958 800 5011 δὲ
830 4959 948 5022 πῶς
983 4959 1288 5025 ὠφελοῦσιν
1333 4964 1390 5016 αί
1427 4965 1666 5034 Γραφαίυ
1706 4971 1734 5020 6
1772 4969 1880 5040 γὰρ

288 5051 496 5122 Κύριος
527 5051 622 5104 ἀπ’
649 5050 832 5104 αὐτῶν
855 5053 1186 5123 ἐπεστόμισε
1218 5056 1310 5108 τὸν
1343 5056 1556 5127 ἐχθρόν.

369 5164 388 5196 ε
427 5144 561 5197 Τότε
593 5145 816 5213 ἀφίησιν
857 5145 1018 5198 αὑτὸν
1058 5146 1085 5198 6
1113 5146 1384 5211 διάόολος·
1416 5151 1512 5204 καὶ
1551 5151 1660 5206 ίδοὺ
1710 5153 1881 5223 ἄγγε-

289 5237 371 5289 λοι
411 5234 743 5307 προσῆλθον,
787 5238 878 5309 καὶ
928 5237 1214 5308 διηκόνουν
1264 5239 1432 5311 αὐτῷ.
1476 5259 1492 5292 ι
1551 5243 1690 5308 Τοὺς
1733 5235 1911 5316 τρεῖ(

291 5330 638 5401 πειρασμοὺς
667 5330 920 5399 ἐνίκησεν
947 5331 975 5384 6
1019 5333 1242 5403 Κύριος,
1276 5333 1367 5387 τὸν
1399 5333 1500 5404 τῆς
1531 5353 1881 5409 γαστριμαρ-

288 5424 438 5492 γίας,
465 5423 556 5476 τὸν
575 5423 673 5492 τῆς
696 5424 1023 5491 κενοδοξίας,
1053 5426 1146 5479 καὶ
1174 5426 1266 5478 τὸν
1297 5427 1395 5497 τῆς
1418 5431 1883 5502 φιλοχρηματίας,

289 5516 460 5588 ἡγουν
511 5516 922 5584 φιλοπλουτίας.
965 5514 1126 5574 Οὗτοι
1174 5522 1281 5592 γάρ
1326 5524 1476 5576 εἰσιν
1525 5525 1571 5576 οἱ
1624 5525 1882 5596 ἄρχοντες

291 5607 404 5663 τῶν
437 5611 645 5664 παθῶνο
677 5611 900 5676 τούτους
932 5611 1046 5686 ῌοῦν
1091 5617 1349 5685 νικήσας,
1389 5621 1484 5670 καὶ
1531 5619 1661 5684 τοὺς
1689 5619 1884 5686 ἄλλους

290 5701 472 5772 πολλῷ
508 5703 900 5774 μᾶλλον.”Οθεν
929 5709 957 5761 6
989 5709 1206 5774 Λουκᾶς
1234 5712 1401 5781 φησὶν
1431 5713 1512 5767 ὃτι
1551 5713 1727 5768 πάντα
1761 5732 1882 5768 πει-

294 5795 506 5868 ρασμδν
551 5797 788 5866 ἐτέλεσε,
837 5800 936 5865 τὰς
971 5803 1216 5872 κεφαλὰς
1259 5805 1367 5858 τῶν
1416 5807 1746 5878 πειρασμῶν
1793 5827 1882 5863 τεο

293 5889 475 5953 λὶσσς.
527 5888 696 5948 Ὅθεν
752 5894 846 5948 καὶ
893 5893 1117 5966 ἄγγελοι
1166 5897 1508 5954 διακονοῦσιν
1561 5901 1732 5970 cvi-1'39,
1796 5905 1882 5958 ἵνα

1984 4689 2260 4755 adorabis,
2294 4697 2349 4741 et
2383 4684 2535 4740 illum
2567 4686 2744 4740 solum
2783 4685 2956 4740 coles.
2992 4701 3011 4734 ι
3061 4682 3321 4745 Irascitur
3366 4684 3442 4738 illi
3484 4685 3587 4738 Do-

1987 4785 2200 4844 minus,
2253 4782 2472 4851 quando
2520 4779 2666 4834 videt
2701 4777 2852 4832 illum
2904 4794 2967 4834 ea
3009 4794 3131 4848 qua:
3173 4779 3263 4833 Dci
3312 4789 3438 4833 Stlttl
3475 4779 3581 4838 sibi

1987 4875 2376 4937 vindicantem,
2405 4883 2458 4927 et
2489 4871 2794 4935 dicentem,
2835 4870 2960 4926 llwc
2987 4872 3168 4926 omnia
3200 4872 3295 4928 tibi
3321 4873 3482 4936 dabo,
3516 4885 3580 4930 ut

1990 4972 2230 5042 propria.
2277 4971 2434 5025 Disce
2466 4978 2648 5024 autem
2689 4970 2966 5039 quomodo
3001 4969 3217 5038 prosint
3268 4969 3597 5043 Scriptura,

1991 5080 2088 5135 per
2119 5079 2258 5133 quas
2292 5063 2554 5118 Dominus
2581 5078 2643 5117 os
2675 5061 2882 5116 inimici
2914 5062 3209 5117 obturavit.

2066 5157 2229 5213 Vens.
2259 5156 2344 5210 ll.
2384 5175 2402 5208 ε
2455 5155 2608 5211 Tunc
2639 5155 2843 5210 omittit
2890 5155 3040 5211 illum
3067 5157 3317 5214 diabolus
3339 5201 3351 5225 ,
3383 5170 3439 5217 ct
3466 5175 3598 5220 ecce

1992 5251 2170 5321 angeli
2211 5251 2542 5307 accedebant
2588 5265 2642 5306 et
2674 5252 3061 5308 ministrabant
3093 5254 3164 5310 ei.
3203 5273 3220 5305 ι
3257 5256 3394 5312 Tres
3421 5266 3601 5314 tenta-

1995 5345 2171 5400 tiones
2206 5343 2485 5411 superavit
2525 5343 2825 5409 Dominus,
2864 5346 3005 5415 gula:
3032 5387 3044 5409 ,
3074 5362 3228 5403 vana:
3277 5349 3497 5419 gloriae,
3542 5364 3598 5408 et

1993 5439 2258 5493 avaritias.
2295 5438 2404 5492 [the
2436 5439 2579 5493 enim
2619 5439 2908 5510 praecipua:
2949 5452 3076 5496 sunt
3111 5441 3449 5499 aﬂ‘cctiOnes.
3487 5443 3597 5501 llas

1994 5530 2158 5599 igitur
2190 5531 2283 5599 qui
2317 5531 2546 5596 vicerit,
2589 5531 2727 5587 alias
2773 5532 2945 5588 multo
2990 5535 3163 5605 magis
3204 5535 3398 5591 vincet.
3439 5536 3599 5597 Unde

1995 5623 2173 5679 Lucas
2202 5625 2336 5679 dicit
2360 5624 2505 5692 quod
2536 5639 2753 5680 «minem
2786 5627 3146 5682 tentationem
3175 5613 3597 5685 consummavi-,-

1998 5717 2087 5783 rit,
2119 5719 2558 5788 quandoquidem
2587 5718 2763 5790 capita
2790 5719 3154 5775 tentationum
3183 5721 3328 5775 vicit.
3362 5719 3597 5779 Proinde

1998 5811 2175 5878 angeli
2224 5811 2272 5866 ei
2309 5811 2624 5868 ministrant
2658 5831 2672 5868 :
2709 5828 2816 5884 quo
2849 5821 3316 5869 commonstratur
3351 5815 3495 5885 quod
3544 5829 3601 5872 et

2005 5902 2160 5962 nobis
2186 5913 2308 5977 post
2332 5904 2617 5964 victoriam
2648 5907 2824 5980 angeli
2859 5905 3220 5965 ministraturi
3253 5909 3386 5976 sint,
3411 5908 3596 5966 omnia
