4080 6336
613 435 706 501 191

1493 434 2067 495 '1'llEOl‘llYL.\-CT[
2108 430 2522 492 ΒιιωΑιιιιι
2564 427 2919 488 AltClllEP.

3765 417 3868 480 192‘.

611 553 666 623 in
715 563 822 618 quo
850 547 1096 614 sztlietur,
1133 550 1233 602 hoc
1275 559 1382 611 est,
1425 545 1758 616 corrigetur?
1814 545 1970 599 Tunc
2019 543 2182 611 igitur

2288 545 2344 596 ἐν
2369 542 2474 594 τίνι
2516 541 2889 609 ἁλισθήσεται,
2920 536 3189 602 τουτέστι,
3233 533 3693 605 διο-ιρϐωθήσεταις
3735 530 3870 583 Ἀπδ

613 642 763 714 (oras
800 639 1088 712 projicitur
1116 655 1144 694 a
1176 639 1458 693 doctorum
1488 638 1752 707 dignitate
1778 655 1792 691 :
1823 645 1875 690 et
1897 633 2182 690 conculca-

614 734 858 812 tuthpc
884 742 992 812 est,
1021 732 1333 800 despicitur.

685 811 852 907 Yetis.
883 823 972 891 14.
1008 842 1027 875 ι
1066 821 1174 876 Vos
1206 822 1341 876 estis
1372 821 1460 874 lux
1506 821 1710 874 mundi.
1753 839 1771 871 ι
1811 817 1967 873 Prius
1994 819 2071 872 sal
2130 831 2185 872 et

619 904 744 974 .tmc
777 917 886 985 lux.
915 904 1019 982 Qui
1059 915 1203 969 enim
1241 913 1587 984 reprehendit
1620 928 1741 981 qua:
1776 912 1989 966 occulte
2025 910 2180 974 lium,

617 1008 820 1077 illelux
853 1015 953 1062 est.
987 1006 1161 1062 Omne
1189 1009 1334 1061 enim
1380 1005 1522 1077 quod
1558 1005 1869 1060 manilcStat
1929 1006 2013 1057 lux
2050 1013 2134 1056 est
2166 1020 2181 1056 :

617 1097 718 1152 non
770 1109 984 1168 gentem
1035 1097 1212 1152 autem
1269 1113 1427 1150 unam
1480 1094 1885 1149 illustraverunt
1935 1091 2039 1156 illi,
2089 1091 2182 1145 sed

617 1171 891 1245 mundum.
931 1210 949 1241 ι
989 1191 1102 1246 Non
1133 1199 1310 1260 potest
1341 1189 1532 1244 civitas
1559 1188 1846 1251 occultari,
1877 1200 1999 1256 qna’.
2023 1199 2184 1253 supra

618 1294 853 1338 montem
884 1286 985 1338 sita
1030 1296 1133 1338 est.
1175 1301 1193 1334 ι
1252 1282 1414 1336 Docet
1441 1296 1559 1348 eos,
1596 1291 1652 1335 ιιι
1702 1282 1895 1335 durent
1925 1280 1978 1333 in
2008 1287 2186 1332 certa-

622 1377 787 1441 mine,
822 1385 878 1430 et
911 1376 1215 1446 diligentem
1248 1377 1374 1429 vita:
1400 1390 1509 1429 sua:
1541 1366 1810 1430 rationem
1845 1373 2101 1433 habeant.
2129 1382 2188 1425 ut

617 1467 651 1520 ii
705 1467 753 1519 iu
795 1481 929 1535 quos
971 1481 1159 1520 omnes
1207 1475 1482 1536 spectant.
1532 1466 1609 1521 Ne
1649 1467 1810 1538 igitur
1844 1466 2060 1535 putetis,
2101 1466 2185 1517 iu-

614 1557 762 1624 quit,
795 1557 938 1626 quod
968 1559 1020 1612 in
1056 1558 1261 1626 angulo
1295 1558 1498 1612 latituri
1541 1559 1660 1613 sitis
1685 1599 1699 1621 ,
1744 1560 1838 1612 sed
1868 1553 2188 1627 spectabiles

614 1648 791 1712 eritis,
826 1661 878 1703 et
909 1649 1029 1704 ideo
1058 1649 1231 1705 videte
1261 1650 1530 1719 quomodo
1556 1650 1688 1704 citra
1718 1649 1980 1704 maculam
2013 1651 2188 1718 agatis

613 1741 896 1808 vitam,»ut
930 1757 996 1796 ne
1025 1752 1078 1796 et
1106 1742 1224 1797 aliis
1254 1741 1581 1798 olleudiculo
1616 1744 1757 1799 sitis.

685 1833 850 1887 Vens.
887 1833 972 1888 15.
1001 1832 1185 1902 Neque
1223 1837 1529 1890 accendunt
1570 1836 1868 1899 lucernam,
1900 1842 1953 1889 et
1982 1845 2189 1904 ponunt

2285 634 2406 687 τότε
2428 629 2520 687 οὖν
2541 633 2647 698 ἔξω
2679 631 2930 700 ρίπτεται
2962 629 3056 681 τοῦ
3082 624 3467 681 διδασκαλικοῦ
3519 625 3865 694 ἀξιώματος,

2286 727 2379 781 καὶ
2411 725 2831 788 καταπατεῖταϋ,
2865 722 3130 782 τουτέστι,
3169 720 3610 788 καταφρονεῖται.

2335 836 2340 846 ’
2364 821 2409 872 ι’
2426 819 2592 889 Υμεῖς
2613 820 2736 870 ὲστε
2751 816 2813 867 τὸ
2837 814 2952 883 φῶς
2980 813 3075 867 τοῦ
3100 813 3326 882 κόσμου.
3353 831 3370 862 ι
3405 808 3681 881 Πρότερον
3708 807 3868 870 ἃλας,

2289 913 2381 965 καὶ
2439 911 2560 964 τότε
2600 910 2735 976 φῶς.
2778 910 2839 963 'O
2872 901 2979 978 γὰρ
3031 907 3271 975 ἐλέγχων
3297 905 3361 958 τὰ
3394 902 3578 974 κρυφῆ
3623 902 3870 971 πραττό-

2293 1023 2449 1074 μενα,
2479 1003 2685 1067 ἐκεῖνός
2717 1005 2834 1055 ἐστι
2875 999 3011 1071 φῶς.
3053 1000 3166 1052 Πάν
3215 999 3325 1068 γὰρ
3348 997 3410 1050 τὸ
3438 996 3869 1067 φανερούμενον,

2291 1099 2404 1165 φῶς
2461 1099 2631 1150 ἐστιν.
2684 1095 2800 1150 Οὐκ
2853 1091 3008 1154 ἔθνος
3033 1091 3090 1144 δὲ
3117 1091 3175 1143 ἓν
3199 1090 3474 1161 ἐφώτισαν
3508 1081 3681 1152 οὗτοι,
3736 1087 3872 1141 ἀλλὰ

2289 1189 2381 1244 τὸν
2445 1187 2669 1255 κόσμον.
2699 1206 2718 1236 ι
2747 1184 2822 1237 Ού
2873 1184 3094 1236 δύναται
3152 1180 3306 1243 πόλις
3359 1179 3631 1250 κρυϐῆναι
3681 1179 3872 1231 ἐπάνω

2288 1270 2445 1352 ὄρους
2475 1280 2722 1349 κειμένη.
2755 1270 2780 1330 ἰ
2825 1275 3075 1332 Παιδεύει
3102 1267 3322 1337 αὐτοὺς,
3356 1272 3685 1340 ἐναγωνίους
3708 1266 3870 1333 εἶναι,

2293 1375 2386 1428 καὶ
2440 1373 2690 1444 ἀκριϐεῖς
2738 1371 2867 1443 περὶ
2897 1372 2987 1425 τὸν
3035 1371 3169 1444 βίον,
3197 1368 3273 1432 ὡς
3309 1367 3459 1436 παρὰ
3505 1367 3725 1418 πάντων
3759 1365 3872 1435 βλὲ·

2291 1455 2488 1521 πεσοαι
2546 1467 2858 1538 μέλλοντας.
2891 1465 2982 1535 Μὴ
3018 1464 3127 1534 γὰρ
3155 1463 3439 1532 νομίσητε,
3484 1461 3671 1529 φησὶν,
3696 1460 3783 1510 ὅτι
3818 1459 3874 1510 ἐν

2292 1563 2463 1632 γωνία
2516 1546 2879 1632 κρυϐήσεσοε,
2917 1558 3052 1613 ἀλλὰ
3093 1558 3445 1628 περίϐλεπτοι
3477 1552 3692 1616 ἔσεσθε,
3727 1551 3873 1606 ὥστε

2295 1642 2539 1724 βλέπετε
2561 1654 2674 1716 πῶς
2706 1651 2952 1723 ἀμώμως
2999 1651 3256 1722 ζήσεσθε,
3309 1649 3394 1702 ἵνα
3432 1648 3506 1719 μὴ
3534 1646 3627 1700 καὶ
3649 1645 3874 1713 ἐτέρους

2294 1747 2705 1817 σκανδαλίζητε.

2385 1842 2547 1895 (Οὐδὲ
2579 1843 2800 1894 καίουσι¹
2821 1839 3036 1908 λύχνον,
3069 1837 3160 1889 καὶ
3181 1835 3424 1888 τιθέασιν
3439 1833 3543 1887 ὑπὸ
3571 1832 3632 1885 τὸ
3665 1831 3873 1901 μόδιον,

613 1940 732 1979 eam
762 1926 863 1981 sub
894 1927 1157 1991 modium,
1190 1928 1281 1983 sed
1311 1943 1477 1997 super
1509 1929 1915 1996 candelabrum,
1964 1940 2018 1983 et
2046 1929 2182 1983 lucet

2290 1935 2405 1990 ἀλλ’
2445 1936 2535 1997 ἐπὶ
2576 1936 2675 2002 τὴν
2721 1905 2962 2002 λυχνίαν,
3027 1929 3121 1983 καὶ
3165 1929 3372 1997 λάμπει
3401 1928 3533 1979 πᾶσι
3575 1928 3687 1988 τοῖς
3713 1926 3776 1976 ἐν
3807 1927 3872 1992 τῇ

614 2017 863 2072 omnibus
893 2020 982 2088 qui
1012 2021 1063 2073 iu
1095 2021 1255 2075 domo
1280 2031 1426 2075 sunt.
1469 2039 1487 2072 ι
1545 2021 1657 2091 Ego
1690 2021 1832 2075 enim
1861 2022 2081 2075 accendi
2112 2023 2189 2075 lu-

616 2124 757 2173 men,
789 2111 953 2166 vestri
981 2121 1158 2166 autem
1189 2113 1258 2166 sit
1287 2113 1467 2175 ollicii,
1497 2129 1562 2167 ne
1595 2115 1768 2183 gratia
1792 2114 2186 2180 cxstinguatur,

613 2199 685 2253 ita
725 2213 780 2256 ut
835 2213 889 2258 et
940 2203 1059 2258 aliis
1099 2204 1276 2260 luceat
1322 2203 1496 2276 fulgor
1547 2206 1667 2260 vita:
1737 2216 1950 2262 vestras.
2003 2205 2185 2276 lnquit

611 2308 754 2348 enim
795 2315 806 2349 ξ

695 2387 855 2444 Vens.
899 2389 984 2445 16.
1024 2410 1042 2442 ι
1079 2391 1168 2446 Sic
1202 2390 1377 2444 luceat
1406 2390 1498 2445 lux
1525 2401 1706 2446 vestra
1739 2408 1922 2448 coram
1954 2394 2188 2447 hornini-

611 2485 734 2547 bus,
789 2492 846 2536 ut
881 2481 1097 2535 videant
1144 2495 1308 2550 opera
1345 2491 1524 2538 vestra
1568 2483 1704 2535 bona
1729 2523 1743 2547 ,
1780 2489 1835 2534 ct
1882 2482 2188 2551 gloriﬁcent

612 2577 830 2631 Patrem
867 2584 1106 2629 vestrum
1140 2575 1229 2643 qui
1266 2574 1320 2628 in
1357 2574 1509 2629 cmlis
1542 2585 1643 2628 est.
1688 2592 1706 2626 ι
1749 2572 1861 2628 Non
1893 2575 2052 2640 dixit,
2080 2574 2186 2627 Vos

613 2667 909 2723 ostendetis
955 2668 1242 2732 virtutem;
1278 2667 1382 2720 hoc
1431 2667 1575 2720 enim
1614 2683 1721 2719 non
1760 2677 1904 2719 esset
1955 2666 2184 2731 bonum,

612 2759 728 2823 sed,
761 2757 852 2811 llla
886 2759 1000 2812 sola
1020 2758 1219 2821 Enecat,
1247 2770 1303 2811 ut
1324 2768 1376 2810 et
1409 2757 1610 2810 inimici
1641 2757 1802 2811 vrstri
1828 2757 2183 2821 admirentur,

609 2859 666 2905 ct
695 2848 1017 2920 gloriﬁcent,
1055 2864 1159 2902 non
1200 2863 1296 2902 vos
1317 2889 1332 2912 ,
1365 2850 1458 2904 sed
1495 2849 1705 2902 Patrem
1739 2858 2004 2902 vestrum.
2043 2847 2108 2900 Et
2140 2850 2182 2903 si

610 2940 685 2995 ita
720 2955 1008 3008 operantur
1041 2940 1318 3001 virtutem,
1364 2941 1414 2992 in
1450 2940 1675 3009 gloriam
1704 2939 1794 2994 Dei
1831 2950 2042 3010 oportet
2065 2957 2183 2995 eam

612 3030 852 3100 operari,
885 3045 987 3083 non
1023 3030 1074 3083 in
1102 3040 1364 3084 nostram.

684 3219 845 3277 VERE.
899 3220 987 3274 l7.
1039 3241 1056 3272 ι
1124 3220 1199 3275 Ne
1250 3219 1573 3275 existimetis
1630 3220 1772 3288 quod
1829 3220 2066 3288 vettetitn
2117 3222 2181 3272 ad
2212 3259 2254 3314 ο

608 3313 991 3368 destruendam
1019 3314 1188 3382 legem
1222 3313 1302 3366 vel
1334 3313 1627 3381 praphetas
1663 3332 1673 3365 :
1711 3329 1813 3367 non
1851 3313 1971 3367 veni
2003 3325 2057 3366 ut
2089 3315 2183 3366 de-

611 3416 846 3466 struant,
879 3405 973 3459 sed
1013 3413 1070 3457 ιιι
1106 3403 1450 3472 adimpleam.
1495 3423 1512 3454 ι
1562 3403 1828 3470 Quoniam
1871 3405 1982 3469 ipse
2019 3421 2186 3460 IIOVas

610 3494 754 3563 leges
801 3494 1209 3548 introducturus
1241 3504 1395 3560 erat,
1426 3504 1485 3547 ut
1517 3509 1585 3549 ne
1626 3503 1844 3563 putetur
1887 3493 2026 3561 quod
2081 3494 2186 3546 Deo

612 3586 958 3649 adversarius
991 3587 1082 3652 sit,
1127 3586 1262 3639 dixit
1297 3566 1444 3654 prius
1483 3601 1780 3641 occurrens
1827 3600 2005 3654 pravae
2051 3601 2187 3653 quo-

612 3679 859 3731 rnmdam
903 3679 1223 3748 suspicioni,
1268 3679 1409 3747 quod
1447 3694 1549 3731 non
1582 3681 1846 3743 destruat,
1879 3678 1972 3730 sed
2015 3678 2187 3745 magis

608 3771 900 3839 adimpleat
940 3771 1132 3839 legem.
1161 3769 1444 3837 Quomodo
1469 3780 1650 3825 autem
1689 3770 2042 3853 arlirnplevit?
2070 3769 2182 3822 l‘ri-

611 3877 754 3913 mum
784 3862 1022 3928 quidem,
1051 3865 1175 3931 quia
1206 3861 1434 3931 perfecit
1481 3864 1664 3916 omnia
1693 3879 1812 3930 qua:
1849 3863 1913 3916 de
1953 3878 2016 3914 eo
2046 3879 2184 3930 pra:-

608 3957 860 4009 dixcrttnt
886 3959 1182 4026 prophetae.
1216 3957 1340 4012 Ideo
1371 3969 1423 4012 et
1458 3958 1788 4027 evangelista
1831 3958 2061 4012 subinde
2097 3960 2182 4009 di-

609 4048 680 4101 cit
733 4069 745 4102 :
786 4066 804 4099 ι
851 4047 920 4101 Ut
969 4048 1258 4117 impleatur
1309 4051 1453 4118 quod
1491 4051 1692 4103 dictum
1738 4060 1824 4103 est
1877 4050 1942 4102 de
1979 4065 2042 4103 eo
2088 4065 2182 4118 per

609 4141 951 4209 prophetam.
999 4161 1014 4191 ι
1066 4142 1266 4196 Deinde
1296 4153 1350 4196 et
1380 4144 1562 4196 omnia
1611 4145 1861 4197 mandata
1897 4144 2036 4208 legis
2079 4147 2180 4198 im-

609 4232 791 4300 plevit.
830 4252 846 4284 ι
889 4231 1172 4288 Peccatum
1219 4237 1363 4287 enim
1398 4251 1500 4288 non
1525 4249 1528 4252 ‘
1555 4233 1683 4289 fecit
1714 4252 1887 4303 neque
1932 4237 2181 4291 inventus

603 4333 690 4378 est
735 4325 889 4378 dolus
928 4327 978 4378 in
1031 4342 1125 4379 ore
1155 4326 1270 4394 ejus
1306 4329 1366 4380 ”.
1427 4347 1444 4378 ι
1500 4326 1638 4393 Quin
1686 4338 1736 4381 et
1782 4328 1884 4380 alia
1933 4330 2177 4392 ratione,

607 4418 918 4485 adimp‘cvit
958 4418 1151 4487 legem,
1211 4419 1312 4472 hoc
1341 4429 1423 4472 cst
1463 4421 1638 4473 denuo
1691 4420 1978 4490 implevit:
2028 4438 2176 4488 ιιιιιε-

607 4523 819 4577 mtnque
859 4510 969 4579 26
1007 4513 1149 4564 enim
1184 4512 1268 4564 illa
1307 4513 1664 4574 adumbravit.
1717 4528 1778 4566 ca
1821 4514 1906 4567 hic
1945 4514 2177 4581 perferte

607 4599 872 4669 depinxit.
931 4602 1019 4652 llla
1075 4603 1243 4665 dixit,
1293 4622 1316 4666 ,ι
1363 4603 1438 4655 Ne
1495 4605 1713 4658 occidas
1766 4623 1779 4658 :

609 4693 761 4755 dixit,
807 4692 879 4746 Ne
927 4703 1126 4745 temere
1182 4695 1455 4748 irascaris.
1514 4695 1667 4748 Sient
1725 4706 1780 4749 ct
1837 4698 2012 4763 pictor
2074 4713 2180 4751 non

607 4785 905 4852 corrumpit
939 4786 1266 4839 lineamenta
1299 4787 1496 4854 prima,
1537 4787 1626 4841 sed
1662 4789 1834 4857 magis
1863 4789 2100 4843 illustrat
2129 4801 2182 4845 et

607 4876 885 4944 adimplet.

678 4968 841 5023 Vens.
887 4971 970 5023 18.
1015 4987 1033 5020 ι
1085 4971 1250 5024 Amen
1287 4971 1407 5024 diro
1437 4972 1612 5026 vobis.
1667 4992 1683 5023 ι
1731 4973 1898 5025 Amen
1941 4974 2178 5025 allirtna-

605 5061 708 5114 liva
751 5060 1010 5130 particula
1052 5071 1136 5114 est
1178 5077 1308 5128 pro,
1340 5063 1513 5116 Etiam
1554 5063 1677 5115 diro
1719 5063 1890 5116 vobis.
1937 5083 1954 5114 ι
1999 5066 2174 5120 DOnec

604 5161 890 5220 prmteteat
918 5153 1114 5206 emittm
1139 5163 1194 5205 ct
1227 5161 1394 5217 terra,
1425 5155 1528 5207 iota
1558 5170 1724 5207 unum
1755 5166 1846 5208 aut
1876 5172 2008 5222 apex
2039 5175 2176 5212 unus

603 5259 709 5294 non
736 5244 1031 5310 praeteribit
1053 5235 1117 5298 ex
1149 5245 1286 5314 lege,
1316 5247 1493 5314 quoad
1517 5246 1698 5300 omnia
1724 5246 1862 5300 facta
1896 5249 2112 5303 luet-int.
2150 5268 2167 5302 ι

601 5332 848 5386 Ostendit
889 5335 994 5396 hic,
1028 5338 1170 5402 quod
1208 5339 1438 5391 mundus
1470 5340 1706 5407 pra'terit
1737 5349 1790 5393 et
1823 5343 2173 5410 transﬁgura-

604 5437 709 5479 tur.
758 5426 890 5480 Dicit
931 5427 1091 5496 igitur
1117 5432 1259 5496 quod
1283 5431 1536 5499 quamdiu
1564 5434 1812 5486 subsistit
1834 5435 2169 5501 universum,

603 5532 774 5587 neque
816 5517 1037 5573 tninlma
1082 5520 1257 5574 littera
1294 5537 1323 5574 e
1360 5523 1474 5592 lege
1514 5524 1787 5578 transibit.
1824 5526 1925 5580 Alii
1967 5538 2170 5591 autem,

603 5611 708 5664 iota
743 5620 795 5666 et
829 5613 1034 5680 apicem
1086 5614 1272 5668 decem
1320 5615 1453 5685 legis
1499 5623 1768 5685 przecepta
1821 5617 2025 5680 dicunt,
2083 5618 2172 5672 alii

603 5713 777 5760 autem
805 5721 1053 5771 cruccmc;
1089 5725 1208 5763 nam
1251 5712 1428 5765 ClUt'iS
1461 5714 1564 5766 iota
1596 5723 1675 5767 cst
1709 5724 1910 5768 ret-tum
1947 5715 2167 5784 lignum.

680 5883 720 5913 ¹²
756 5885 773 5938 l
815 5886 954 5939 l‘etr.
995 5903 1051 5953 tt,
1087 5888 1172 5942 2.2.
1207 5907 1212 5912 ·

2289 2028 2458 2098 οἰκία.
2500 2046 2517 2077 ι
2573 2024 2713 2094 Ἐγὼ
2765 2025 2883 2095 μὲν,
2931 2022 3117 2091 φησιν,
3176 2015 3292 2092 ἦψα
3336 2020 3396 2072 τὸ
3427 2019 3579 2086 φῶς,
3626 2018 3687 2069 τὸ
3709 2018 3765 2070 δὲ
3799 2017 3873 2083 μὴ

2291 2121 2384 2174 σ6ε
2397 2121 2581 2188 σθῆναι
2598 2119 2696 2189 τὴν
2719 2117 2898 2188 χάριν,
2924 2115 3024 2184 τῆς
3050 2115 3319 2183 ὑμετέρας
3354 2112 3494 2166 ἔστω
3521 2111 3782 2179 σπουδῆς,
3800 2109 3875 2171 ὼς

2290 2215 2357 2268 ἂν
2393 2214 2482 2266 καὶ
2506 2214 2617 2275 τοῖς
2647 2212 2828 2272 ἄλλοις
2853 2209 3046 2279 λάμπῃ
3070 2209 3101 2275 ή
3133 2206 3450 2277 λαμπρότης
3487 2202 3578 2257 τοῦ
3603 2202 3874 2273 ὑμετέρου

2291 2305 2426 2377 βίου.
2466 2305 2601 2374 Φησὶ
2623 2302 2752 2370 γοῦν
2795 2319 2808 2333 ·

2367 2396 2557 2452 (Οὖτω
2585 2394 2859 2465 λαμψάτω
2887 2394 2946 2447 τὸ
2969 2392 3082 2464 φῶς
3109 2392 3285 2462 ὑμῶν,
3319 2390 3632 2462 ἔμπροσθεν
3656 2390 3765 2442 τῶν
3782 2391 3877 2441 άν-

2291 2492 2548 2562 θρώπων,
2608 2489 2758 2552 ὃπως
2815 2487 2999 2540 ίδωσιν
3055 2486 3208 2556 ὑμῶν
3242 2485 3313 2538 τὰ
3363 2485 3503 2537 καλά
3561 2484 3722 2554 ἔργα,
3781 2482 3876 2533 καὶ

2289 2582 2552 2648 δοξάσωσι
2611 2582 2702 2634 τὸν
2758 2581 2976 2652 Πατέρα
3002 2580 3158 2649 ὑμῶν
3193 2579 3284 2632 τὸν
3319 2581 3373 2631 ὲν
3404 2580 3515 2639 τοῖς
3549 2578 3826 2646 οὐρανοῖς.
3852 2592 3871 2626 ι

2289 2678 2403 2730 Οὐκ
2425 2674 2595 2736 εἶπεν,
2619 2675 2905 2745 ὅτιὙμεῖς
2938 2673 3307 2727 ὲπιδεικνύετε
3339 2672 3435 2742 τὴν
3463 2669 3665 2740 ἀρετήν
3697 2667 3878 2738 (τοῦτο

2288 2769 2485 2842 γὰρού
2517 2767 2726 2836 καλὸν),
2757 2767 2873 2821 ἀλλ’
2905 2767 3093 2836 ἐκείνη
3128 2767 3263 2836 μόνη
3293 2765 3583 2836 λαμψάτω,
3603 2762 3745 2814 ὥστε
3784 2762 3878 2813 καὶ

2277 2862 2409 2926 ,τοὺς
2459 2858 2686 2929 ἐχθροὺς
2749 2856 2904 2925 ὑμῶν
2966 2856 3284 2925 Θαυμάζειν,
3337 2855 3429 2907 καὶ
3475 2851 3744 2917 δοξάζειν,
3779 2852 3876 2919 οὐχ

2288 2952 2453 3020 ὑμᾶς,
2484 2950 2618 3003 ἀλλὰ
2644 2950 2735 3002 τὸν
2763 2948 2982 3019 Πατέρα
3007 2949 3187 3017 ὑμῶν.
3219 2947 3384 2998 Ὥστε
3419 2945 3514 2998 ἐὰν
3541 2944 3878 3012 πράττωμεν

2289 3045 2513 3112 ἀρετήν,
2586 3046 2666 3106 είς
2693 3111 2699 3116 α
2727 3042 2887 3107 δόξαν
2936 3041 3015 3093 δεῖ
3059 3040 3153 3094 τοῦ
3185 3038 3320 3093 Θεοῦ
3346 3037 3550 3107 ταύτην
3583 3033 3878 3106 πράττειν,

2288 3140 2387 3191 οὐκ
2416 3140 2492 3202 εἰς
2525 3137 2824 3206 ἡμετέραν.

2365 3231 2496 3301 «Μή
2523 3229 2807 3298 νομίσητε,
2858 3228 2941 3280 ὅτι
2975 3221 3137 3296 ἦλθον
3183 3222 3489 3277 καταλῦσαι
3548 3222 3640 3275 τὸν
3701 3223 3869 3291 νόμον

2289 3323 2320 3391 ἢ
2349 3322 2474 3384 τοὺς
2534 3321 2837 3391 προφήτσςο
2882 3318 2985 3371 οὐκ
3011 3314 3176 3387 ἦλθον
3208 3315 3530 3379 καταλῦσαι,
3586 3314 3723 3367 ἀλλὰ
3753 3314 3881 3382 πληο

2292 3415 2523 3482 ρῶσαι.»
2603 3411 2825 3481 Ἐπειδὴ
2877 3409 3103 3479 ἔμελλεν
3163 3409 3326 3469 αὐτὸς
3383 3407 3880 3475 νόμους-εἰσάγειν

2289 3508 2529 3569 καινοὺς,
2584 3505 2672 3556 ῖνα
2705 3505 2779 3572 μὴ
2827 3502 3122 3570 νομίσωσιν
3150 3501 3230 3552 ὅτι
3251 3497 3498 3560 ἀντίθεος
3533 3500 3673 3560 ἐστι,
3701 3497 3874 3566 φησι,

2289 3596 2715 3667 προθεραπεύων
2752 3595 2850 3663 τὴν
2889 3593 2997 3645 τῶν
3033 3591 3241 3643 πολλῶν
3293 3590 3582 3658 ὑπόληψιν,
3635 3591 3718 3642 ὅτι
3746 3591 3863 3642 03x

2287 3689 2452 3757 ἦλθον
2485 3687 2787 3741 καταλῦσαι
2811 3685 2901 3738 τὸν
2931 3685 3119 3752 νόμον,
3149 3683 3297 3736 άὶλὰ.
3323 3683 3526 3752 μᾶλλον
3557 3681 3870 3752 πληρῶσαι.

2291 3784 2412 3845 Πῶς
2441 3782 2496 3834 δὲ
2538 3781 2827 3849 ἐπλήρωσε
2855 3795 2867 3843 ;
2906 3778 3121 3846 πρῶτον
3159 3776 3256 3846 μὲν
3282 3775 3390 3838 ὅτι,
3413 3775 3511 3826 ὅσα
3542 3770 3698 3826 εἷπον
3747 3775 3876 3842 περὶ

2287 3874 2453 3928 αὑτοῦ
2479 3875 2526 3926 oi
2562 3872 2860 3944 προφῆται.
2899 3870 3146 3938 ἐποίησε.
3179 3869 3269 3920 Διὸ
3295 3869 3386 3920 καὶ
3409 3870 3438 3919 ὀ
3469 3868 3606 3934 εύαγ
3624 3866 3878 3936 γελιστὴς

2289 3968 2544 4036 συχνάκις
2617 3966 2762 4031 λέγει
2787 3981 2800 3994 ·
2828 3983 2845 4014 ι
2888 3965 3005 4016 Ἵνα
3056 3962 3317 4032 πληρωθῇ
3350 3965 3410 4012 to
3444 3961 3606 4032 ῥηθὲν
3649 3961 3744 4014 διὰ
3784 3959 3878 4013 τοῦ

2286 4059 2628 4129 προφήτου.»
2678 4058 2837 4110 Ἀλλὰ
2872 4059 2967 4110 καὶ
2992 4058 3089 4118 τὰς
3120 4055 3214 4109 τοῦ
3243 4055 3411 4124 νόμου
3438 4054 3661 4118 ἐντολὰς
3693 4057 3876 4116 πάσας

2284 4152 2626 4221 ἐπλήρωσεν.
2695 4170 2713 4201 ι
2763 4148 3069 4219 ’Ᾱμαρτίαν
3115 4147 3223 4218 γάρ
3268 4148 3368 4199 οὐκ
3409 4146 3690 4214 ἐποίησεν,
3751 4146 3876 4199 οὐδὲ

2283 4244 2481 4314 εὑρέθη
2541 4242 2690 4305 δόλος
2733 4243 2789 4294 ὲν
2816 4241 2894 4310 τῷ
2920 4242 3152 4310 στόματι
3179 4239 3366 4293 αὐτοῦ.
3395 4260 3413 4291 ι
3465 4239 3780 4300 Καῖάλλως
3820 4239 3875 4291 δὲ

2283 4338 2568 4407 ἐπλήρωσε
2610 4321 2703 4388 τὸν
2736 4335 2921 4405 νόμον,
2973 4333 3273 4394 τουτέστιν,
3305 4333 3695 4403 ἀνεπλήρωσεν
3719 4348 3730 4360 ·
3772 4334 3875 4386 ὅσα

2279 4433 2386 4502 γὰρ
2419 4433 2624 4493 ἐκεῖνος
2645 4429 3081 4500 ἐσκιαγράφησε,
3116 4425 3291 4480 ταῦτα
3309 4422 3465 4490 οὗτος
3498 4425 3873 4489 τελείωςὲζωο

2279 4524 2579 4593 γράφησεν.
2615 4523 2847 4594 Ἐκεῖνος
2883 4521 2964 4584 τὺ,
2996 4539 3014 4569 ι
3057 4520 3148 4590 Μὴ
3181 4519 3449 4592 φονεύσῃς
3479 4537 3490 4547 ·
3545 4538 3561 4569 ι
3593 4510 3773 4582 οὗτος,
3799 4517 3877 4569 ’τὸ

1843 4625 1859 4655 ι
1912 4606 2000 4659 hic
2051 4623 2179 4659 vero

2288 4618 2435 4686 Μηδὲ
2484 4615 2741 4685 θυμωοῇς
2790 4615 2935 4684 εἰκῆ.
2995 4616 3208 4683 ’Ὠσπερ
3263 4615 3411 4665 καὶὸ
3440 4611 3756 4682 ζωγράφος,
3811 4612 3872 4663 ού

2292 4708 2548 4762 καταλύει
2567 4708 2662 4777 τὴν
2696 4707 3084 4776 σκιαγραφίαν,
3121 4705 3260 4760 ἀλλα
3294 4705 3500 4774 μᾶλλον
3533 4705 3864 4774 ἀναπληροῖ.

2365 4992 2384 5023 ι
2424 4972 2595 5040 Ἀμὴν
2633 4972 2740 5037 γὰρ
2793 4971 2933 5038 λέγω
2963 4973 3145 5040 ὑμῖν.»
3177 4971 3250 5022 Τὸ
3289 4971 3484 5039 Ἀμὴν,
3513 4969 3872 5039 βεϐαιωτικόν

2285 5068 2454 5128 ἐστιν,
2482 5065 2603 5117 ἀντὶ
2624 5064 2740 5125 τοῦ,
2765 5063 2873 5116 Ναὶ
2902 5063 3043 5131 λέγω
3070 5064 3218 5131 ύμῖν.
3253 5082 3268 5115 ι
3300 5064 3441 5126 ’Ἕως
3469 5063 3533 5115 ἂν
3563 5065 3816 5137 παρέλθῃ
3843 5066 3871 5116 ὁ

2283 5155 2512 5222 οὐρανὸς
2545 5155 2637 5207 καὶ
2666 5156 2697 5222 ή
2727 5154 2822 5223 γῆ,
2861 5155 2996 5206 ἰῶτα
3017 5155 3073 5204 ἓν
3098 5153 3129 5222 ἦ
3158 5154 3253 5223 μία
3306 5154 3502 5222 κεραία
3534 5153 3595 5206 οὐ
3628 5155 3703 5226 μὴ
3731 5173 3874 5222 παρ·

2286 5250 2412 5320 ἐλοῃ
2449 5247 2559 5300 ἀπὸ
2586 5247 2676 5301 τοῦ
2738 5250 2925 5315 νόμου,
2964 5247 3068 5309 ἕως
3100 5246 3165 5299 ἂν
3198 5247 3374 5298 πάντα
3397 5246 3648 5316 γένηται.
3686 5265 3704 5297 ι
3742 5248 3870 5298 At-

2284 5359 2469 5395 κνυσιν
2511 5341 2746 5393 ἐνταῦθα
2771 5341 2850 5391 ὅτι
2882 5341 2909 5390 ὁ
2947 5340 3149 5407 κόσμος
3187 5340 3525 5410 παρέρχεται
3562 5338 3654 5391 καὶ
3690 5356 3866 5408 μετ-αι

2282 5436 2702 5505 σχηματίζεται.
2763 5433 2926 5500 Λέγει
2994 5433 3172 5486 τοίνυν
3211 5434 3292 5485 ὅτι
3316 5434 3420 5494 ἕως
3445 5429 3506 5484 οὗ
3542 5433 3868 5486 συνίσταται

2280 5527 2342 5581 τὸ
2389 5529 2518 5593 πᾶν,
2571 5527 2690 5578 οὐδὲ
2748 5528 2807 5578 τὸ
2840 5527 3126 5596 ἐλάχιστον
3181 5527 3419 5598 γράμμα
3452 5527 3516 5577 ἐκ
3543 5525 3637 5578 τοῦ
3698 5527 3867 5595 νόμου

2287 5619 2566 5691 παρέλθοι.
2633 5619 2815 5673 ’Λλλοι
2850 5619 2904 5673 δὲ
2936 5621 2995 5672 τὸ
3020 5619 3155 5674 ίῶτα
3198 5620 3293 5672 καὶ
3345 5619 3443 5690 τὴν
3472 5617 3722 5689 κεραίαν,
3770 5621 3865 5682 τὰς

2282 5715 2409 5767 δέκα
2440 5712 2527 5766 τοῦ
2559 5713 2722 5784 νόμον
2743 5712 2959 5776 ἐντολάς
2992 5730 3174 5783 φασιν·
3215 5711 3362 5766 ἄλλοι
3385 5711 3459 5770 δὲ,
3487 5711 3573 5765 τον
3607 5712 3860 5782 σταυίκεν·
