4080 6336
210 330 314 395 ιιι

852 332 1003 394 ENA
1018 331 1313 392 RRATlO
1354 331 1432 392 IN
1477 331 1799 394 EVANGE]

1903 331 1987 392 JM
2027 331 2395 393 ΜΛΤΤΗΕΙ
2454 357 2523 367 --
2548 333 2710 395 CAP.
2753 335 2815 397 ν.

3402 333 3507 403 ιρι

199 445 296 500 τοῦ
356 446 462 516 γὰρ
530 443 790 516 σταυροῦ,
857 445 994 498 ίῶτά
1041 445 1159 498 ἐστι
1193 446 1256 498 τὸ
1284 445 1444 513 ὀρθὸν
1493 446 1670 510 ξύλον.
1708 447 1799 498 καὶ

1906 455 1960 499 ct
1997 461 2130 516 apes
2168 458 2549 500 transversum
2583 465 2596 501 :
2628 463 2738 516 quo
2771 461 2933 503 sensu
2961 447 3092 504 dicit
3119 448 3263 520 quod
3291 461 3354 505 ea
3387 465 3509 521 quas

200 538 401 608 κεραία
425 537 486 590 τὸ
515 537 766 606 πλάγιον.
819 538 957 608 Φησὶ
1011 539 1188 590 τοίνυν
1243 539 1325 590 ὅτι
1361 540 1429 593 τὰ
1491 540 1622 607 περὶ
1686 537 1782 591 τοῦ

203 627 441 696 σταυροῦ
474 628 765 699 είρημένα,
799 627 1245 700 πληρωθήσεται.

277 739 296 771 ι
332 723 427 783 '0,-
464 722 559 775 ἐὰν
590 717 684 775 οὖν
714 721 853 794 λύσῃ
887 720 1020 790 μίαν
1046 724 1156 775 τῶν
1187 723 1420 777 ἐντολῶν
1452 723 1662 778 τούτων
1685 723 1795 778 τῶν

198 813 522 883 ἐλαχίστων,
575 814 672 867 καὶ
721 811 912 886 διδάξῃ
941 815 1086 869 οΰιτω
1116 818 1244 882 τοὺς
1279 818 1630 889 ἀνθρώπους,
1669 817 1797 873 ἐλά-

198 923 386 975 χιστος
445 906 783 976 κληθήσεται
815 908 874 959 ὲν
906 909 972 978 τῇ
1008 907 1261 982 βασιλείᾳ
1307 910 1420 963 τῶν
1462 910 1732 980 οὐρανῶν.
1774 929 1793 962 ι

211 1000 538 1070 Ἐλαχίστας
597 1000 821 1064 ἐντολὰς
879 1001 1051 1070 λέγει,
1088 1001 1155 1068 ἃς
1188 1003 1375 1074 μέλλει
1399 1006 1564 1068 αὐτλς
1615 1021 1795 1074 παρα-

194 1093 382 1147 δοῦναι
414 1095 518 1145 ³οὑ
567 1095 676 1164 γὰρ
730 1094 828 1157 τὰς
891 1097 1146 1164 νομικάς.
1202 1096 1492 1168 Ὀνομάξει
1519 1098 1576 1151 δὲ
1627 1098 1800 1163 αὐτὰς

196 1186 509 1256 ἐλαχίστας,
577 1186 665 1239 διὰ
717 1186 1051 1240 ταπείνωσιν
1081 1228 1096 1252 ,
1153 1187 1240 1241 ἵνα
1289 1190 1383 1241 καὶ
1419 1190 1478 1242 σὲ
1531 1190 1796 1262 παιδεύσῃ

198 1281 623 1349 μετριοφρονεῖν
674 1280 769 1330 επὶ
797 1281 918 1341 ταῖς
948 1279 1350 1344 διδασκαλίαις.
1393 1282 1710 1353 Ἐλάχιστος
1741 1285 1797 1338 δὲ

196 1370 535 1441 κληθήσεται
558 1372 616 1423 ὲν
637 1372 702 1441 τῇ
740 1369 1020 1443 βασιλείᾳ,
1068 1374 1190 1426 ἀντὶ
1219 1374 1338 1440 τοῦ,
1377 1376 1435 1427 ὲν
1459 1378 1524 1446 τῇ
1562 1376 1800 1430 ἀναστά-

197 1479 280 1514 σει
316 1463 546 1532 ἔσχατος
591 1471 685 1515 και
740 1465 1165 1534 ἁπερριμμένος
1197 1465 1552 1536 είςγέενναν.
1586 1470 1664 1521 Οὐ
1689 1469 1799 1540 γὰρ

194 1556 392 1623 εἰςτὴν
427 1553 708 1622 βασιλείαν
739 1555 851 1607 τῶν
883 1557 1130 1626 οὐρανῶν
1166 1556 1564 1624 εἰσελεύσεται,
1593 1560 1797 1628 ἄπαγε·

197 1646 338 1698 ἀλλὰ
402 1644 723 1715 βασιλείαν,
790 1645 890 1718 τὴν
943 1647 1245 1702 ἀνάστασιν
1301 1652 1430 1704 νόει.
1468 1670 1487 1703 ι
1520 1654 1616 1716 Ὃς
1648 1652 1693 1706 δ’
1733 1653 1801 1708 ἂν

196 1740 402 1810 ποιήσῃ
454 1741 550 1794 καὶ
592 1737 800 1810 διδάξῃ,
831 1733 987 1805 οὗτος
1048 1742 1225 1812 μέγας
1271 1743 1608 1815 κληθήσεται
1644 1748 1703 1799 ὲν
1728 1748 1794 1817 τῇ

195 1832 451 1905 βασιλείᾳ
473 1834 580 1886 τῶν
609 1835 908 1905 οὐρανῶν.»
947 1837 1174 1908 Πρῶτον
1198 1839 1280 1906 τὲ,
1312 1842 1534 1912 ποιήσῃ,
1561 1843 1658 1895 καὶ
1672 1843 1797 1896 τότε
1827 1828 1875 1890 Β

196 1927 276 1992 τὸ,
311 1925 501 1997 διδάξῃ
535 1943 550 1958 ·
600 1926 718 1991 πῶς
754 1928 866 2000 γὰρ
908 1928 1068 1984 ἄλλον
1098 1930 1351 2002 ὁδηγήσω
1388 1934 1469 1996 είς
1489 1934 1608 1987 ὁδὸν
1637 1936 1706 2005 ἥν
1733 1937 1795 1991 οὐ

194 2021 506 2087 διώδευσα;
569 2022 742 2076 Πάλιν
773 2022 830 2076 δὲ
871 2022 967 2078 ἐὰν
998 2024 1137 2078 ποιῶ
1169 2025 1270 2096 μὲν
1305 2026 1438 2096 ἐγὼ,
1470 2028 1532 2082 οὐ
1557 2029 1797 2084 διδάσκω

195 2112 273 2175 δὲ,
312 2113 414 2166 οὐκ
443 2112 552 2183 ἔχω
581 2112 839 2166 τοσοῦτον
875 2114 1067 2184 μισθόν
1088 2132 1101 2145 °
1142 2116 1403 2180 πολλάκις
1421 2119 1479 2172 δὲ
1506 2121 1602 2174 καὶ
1622 2121 1795 2177 κατά-

198 2223 406 2274 κρισιν,
439 2207 570 2259 ὅταν
594 2206 682 2259 διὰ
718 2207 914 2274 φθόνον
936 2206 969 2277 ἢ
994 2207 1153 2262 ὗκνον
1181 2210 1241 2261 ού
1267 2210 1524 2267 διδάσκω.

276 2317 293 2348 ι
324 2300 486 2366 Λέγω
519 2299 630 2368 γὰρ
679 2299 812 2369 ὑμῖν
857 2301 941 2353 ὅτι
969 2300 1066 2354 ἐὰν
1102 2300 1177 2372 μὴ
1205 2304 1550 2376 περισσεύσῃ
1578 2305 1735 2375 ὐμῶν
1763 2310 1796 2378 ή

196 2390 512 2458 δικαιοσύνη
559 2391 722 2444 πλέον
752 2392 865 2446 τῶν
895 2393 1288 2464 Γραμματὲων
1326 2397 1420 2449 καὶ
1462 2397 1796 2468 Φαρισαίων,

197 2486 258 2532 ού
290 2483 371 2550 μὴ
400 2482 681 2550 εἰσέλθητε
747 2482 828 2546 είς
879 2483 976 2554 τὴν
1019 2483 1301 2554 βασιλείαν
1323 2486 1432 2540 τῶν
1470 2487 1741 2559 οὐρανῶν.
1776 2509 1794 2542 ι

197 2573 559 2644 Δικαιοσύνην
578 2575 841 2646 λέγειτὴν
870 2579 1050 2630 πᾶσαν
1076 2578 1278 2648 ἀρετήν
1298 2596 1312 2610 ο
1329 2579 1403 2642 ὡς
1426 2580 1508 2644 τὸ,
1535 2597 1555 2632 ι
1583 2582 1802 2645 Δίκαιος

196 2656 264 2731 ἦν
301 2661 448 2727 Ἰὼϐ,
501 2665 672 2729 ὅσιος,
713 2663 1064 2736 ἄμεμπτος.»
1112 2667 1308 2738 Φρίξον
1339 2658 1453 2734 οὖν,
1512 2671 1790 2742 ἄνθρωπε,

196 2756 464 2825 ἐννοήσας
495 2757 664 2811 πόσον
715 2759 1128 2830 ἀπαιτούμεθα.
1190 2756 1326 2816 Εἶτα
1358 2761 1599 2817 διδάσκει
1631 2766 1799 2834 ἡμᾶς,

201 2847 316 2912 πῶς
346 2850 416 2903 ἃν
452 2849 929 2922 περιττεύσωμενο
989 2853 1084 2905 καὶ
1119 2855 1414 2922 καταλέγει
1446 2857 1546 2920 τὰς
1574 2859 1796 2928 ἀρετάς.

272 3049 289 3081 ι
313 3029 620 3083 Ἠκούσατε
649 3030 733 3084 δτι
756 3029 956 3102 ἐρρέθη
974 3031 1375 3102 τοῖςάρχαίοιςο
1397 3034 1471 3086 Οὐ
1494 3034 1800 3104 φονεύσειςσ

195 3122 252 3186 ὸς
277 3122 321 3175 δ’
348 3122 417 3177 ἂν
443 3122 706 3194 φονεύσῃ,
739 3122 923 3193 ἔνοχος
958 3124 1110 3176 ἔσται
1143 3127 1210 3196 τῇ
1249 3127 1451 3196 κρίσει.
1482 3145 1501 3179 ι
1546 3127 1621 3182 Τὸ
1647 3129 1802 3200 παρὰ

196 3216 341 3279 τίνος
396 3215 626 3286 ἐρρέθη,
679 3216 738 3268 οὐ
774 3216 942 3285 λέγει.
977 3218 1039 3271 Et
1073 3219 1184 3290 γὰρ
1238 3214 1416 3283 εἶπεν,
1453 3220 1539 3274 δτι
1607 3222 1669 3275 '0
1700 3223 1798 3293 μὲν

200 3307 397 3376 Πατήρ
458 3323 560 3376 μου
593 3300 714 3358 εἷπε
759 3309 866 3369 τοῖς
917 3308 1192 3377 ἀρχαίοις,
1229 3309 1341 3377 ἐγὼ
1374 3311 1429 3365 δὲ
1459 3311 1606 3381 λέγω
1645 3314 1794 3382 ύμῖν,

199 3397 378 3461 ἔδοξεν
403 3399 471 3450 ἂν
502 3397 941 3468 ἀντινομοθετείν
971 3401 1047 3469 τῷ
1089 3401 1285 3471 Πατρί.
1345 3403 1515 3457 Πάλιν
1541 3405 1588 3456 εί
1620 3399 1796 3472 εἶπεν,

194 3490 278 3542 ὅτι
313 3489 461 3557 Ἐγὼ
488 3483 641 3543 εἷπον
671 3492 782 3548 τοῖς
809 3490 1078 3561 ἀρχαίοις,
1111 3493 1553 3564 δυσπαράδεκτος
1576 3496 1643 3551 ἂν
1673 3499 1798 3566 ὲγέ-

197 3599 343 3636 νετο.
363 3582 658 3651 ’Δορίστως
677 3581 770 3635 οὖν
794 3582 964 3652 λέγει,
980 3587 1062 3638 ὅτι
1089 3604 1107 3636 ι
1131 3585 1366 3658 Ἐρρέθη
1388 3591 1500 3652 τοῖς
1525 3590 1797 3660 ἀρχαίοις·

196 3671 441 3724 δείκνυσι
470 3672 526 3723 δὲ
553 3671 636 3724 ὅτι
658 3673 977 3744 ἐπαλαιώθη
1012 3676 1039 3726 ὁ
1060 3675 1245 3745 νόμος,
1281 3678 1339 3729 ἐν
1369 3677 1446 3748 τῷ
1479 3680 1676 3747 εἰπεῖν,
1715 3683 1799 3736 ὅτι

201 3779 220 3814 ι
259 3762 497 3834 Ἐρρέθη
526 3764 637 3826 τοῖς
680 3765 949 3834 ἀρχείοις·
995 3766 1119 3817 ἐπεὶ
1161 3767 1217 3817 δὲ
1241 3765 1429 3820 λοιπὸν
1450 3771 1796 3842 ὲπαλαιώοη,

203 3857 300 3908 καί
344 3857 518 3924 ἐγγύς
558 3858 705 3909 ἐστιν
734 3856 1070 3926 ἀφανισμοῦ,
1118 3858 1199 3911 δεῖ
1244 3861 1463 3928 ἀφεῖναι
1496 3862 1660 3916 αὐτὸν
1705 3867 1800 3919 καὶ

197 3948 430 4020 δραμεῖν
453 3949 546 4002 ἐπὶ
575 3948 644 4002 τὰ
677 3949 794 4002 νέα.
841 3967 860 4001 ι

272 4154 292 4187 ι
327 4133 480 4204 Ἐγὼ
513 4133 570 4186 δὲ
617 4133 761 4199 λέγω
824 4133 973 4203 ὑμῖν,
1003 4132 1083 4185 ὅτι
1127 4133 1235 4190 πᾶς
1258 4134 1287 4185 ὁ
1321 4133 1679 4204 ὀργιζόμενος
1721 4133 1800 4204 τῷ

195 4226 417 4298 ἁδελφῷ
475 4224 646 4280 αὑτοῦ
713 4225 860 4294 εἰκῆ,
920 4223 1103 4295 ἔνοχος
1157 4223 1313 4277 ἔσται
1346 4227 1415 4296 τῇ
1443 4226 1644 4297 κρίσει.
1677 4245 1696 4278 ι
1733 4227 1798 4279 Οί

200 4320 299 4390 μὲν
324 4321 612 4390 προφῆται
640 4318 928 4385 μέλλοντες
979 4316 1353 4387 προφητεύειν
1407 4318 1596 4387 ἔλεγον
1619 4335 1630 4348 ·
1657 4319 1797 4374 Τάδε

196 4411 346 4481 λέγει
377 4411 611 4482 Κύριος
642 4410 671 4462 ὁ
695 4408 752 4462 δὲ
781 4409 1036 4480 Χριστὸς,
1067 4408 1211 4477 Ἐγὼ
1238 4409 1404 4478 λέγω,
1437 4410 1699 4466 δεικνύων
1737 4414 1799 4466 τὸ

197 4503 619 4570 ἑξουσιαστικδν
672 4501 773 4571 τῆς
822 4502 1105 4572 θεότητος.

197 4599 226 4652 ὁ
259 4596 342 4664 δὲ,
380 4597 541 4661 Υἱὸς,
589 4598 683 4650 καὶ
716 4594 786 4648 τὰ
816 4595 909 4648 τοῦ
943 4596 1156 4666 Πατρὸς
1187 4599 1368 4651 πάντα
1403 4598 1563 4668 ἔχων.
1614 4600 1673 4653 Ὀ
1709 4600 1800 4672 ὀρ-

196 4690 496 4760 γιζόμενος
529 4688 586 4741 δὲ
619 4687 697 4757 τῷ
726 4686 941 4756 ἀδελφῷ
999 4687 1167 4741 αὐτοῦ
1211 4689 1358 4757 εικῆ,
1392 4692 1598 4756 ἐκεῖνος
1631 4710 1803 4748 κατα-

198 4782 453 4853 κρίνεται
491 4798 504 4812 ·
566 4781 663 4834 ἐὰν
717 4782 772 4833 δέ
805 4797 888 4843 τις
953 4781 1245 4852 ὀργίζηται
1305 4783 1545 4852 εὐλόγως
1577 4787 1671 4838 καὶ
1706 4787 1801 4839 ἐπὶ

199 4875 427 4946 παιδεία
465 4873 563 4928 καὶ
614 4873 758 4926 κατὰ
810 4871 972 4941 ζῆλον
1019 4876 1414 4944 πνευματικὸν,
1448 4878 1509 4929 ού
1541 4894 1803 4947 κατακρι·

200 4965 455 5039 θήσεταιο
515 4964 610 5020 καὶ
635 4967 663 5018 ό
701 4963 909 5027 Παῦλος
942 4966 1071 5035 γὰρ,
1126 4965 1299 5036 ὀργῆς
1348 4968 1571 5038 ῥήματα,
1606 4970 1803 5039 ἐφθέγ-

202 5059 328 5126 ξατο
384 5061 528 5132 πρὸς
568 5061 812 5134 Ἐλύμαν
854 5064 943 5116 τὸν
969 5065 1168 5135 μάγον,
1197 5067 1294 5121 κα)⁸
1323 5069 1458 5138 πρὸς
1490 5069 1581 5121 τὸν
1609 5070 1800 5141 ἀρχιε-

203 5155 323 5222 ρέα,
349 5155 413 5206 οὐ
445 5154 557 5224 μὴν
609 5157 754 5224 εἰκῆ,
811 5156 947 5210 ἀλλὰ
1009 5160 1152 5211 κατὰ
1209 5158 1395 5228 ζῆλον.
1426 5161 1561 5213 Τότε
1583 5161 1639 5214 δὲ
1674 5163 1801 5233 είκῆ

198 5245 565 5318 ὀργιζόμεθα,
609 5247 737 5302 ὅταν
763 5249 852 5302 διὰ
908 5252 1170 5321 χρήματα
1199 5252 1231 5321 ἢ
1262 5253 1445 5318 δόξαν.
1476 5272 1492 5304 ι
1529 5255 1624 5318 Ὃς
1652 5256 1696 5309 δ’
1735 5258 1802 5310 ἂν

200 5340 329 5409 εῐπῃ
352 5339 432 5409 τῷ
459 5339 678 5410 ἁδελφῷ
713 5340 900 5405 αὐτοῦ,
939 5343 1135 5410 Ῥακὰ,
1163 5345 1346 5414 ἔνοχος
1377 5346 1523 5397 ἔσται
1547 5347 1641 5420 ,τῷ
1674 5365 1799 5402 συν-

197 5431 376 5501 εδρίῳ.
394 5452 413 5482 ι
438 5433 748 5502 Συνέδριον,
771 5434 830 5485 τὸ
845 5435 1194 5508 δικαστήριον
1220 5440 1328 5491 τῶν
1359 5439 1626 5511 Ἐϐραίων
1644 5447 1801 5512 φησί.

199 5523 272 5578 Τὸ
323 5525 402 5588 δὲ,
440 5547 458 5577 ι
485 5523 680 5592 Ῥακὰ,
713 5545 732 5578 ι
761 5532 1017 5598 σημαίνει
1049 5532 1170 5584 αντὶ
1199 5533 1316 5597 τοῦ,
1351 5535 1433 5586 σύ·
1469 5535 1656 5606 ὥσπερ
1684 5537 1801 5600 ἔθος

199 5617 396 5686 ἔχομεν
431 5619 614 5688 λέγειν
630 5621 765 5688 πρός
792 5640 912 5674 τινα
945 5626 1464 5699 καταφρονούμενον
1486 5629 1574 5698 ὑφ’
1613 5630 1791 5699 ἡμῶν·

204 5708 445 5764 ’Λπελθε
481 5712 573 5766 σύ.
607 5712 789 5767 Θέλων
821 5709 915 5768 οὖν
949 5696 1242 5770 παιδεῦσαι
1275 5720 1422 5788 ἡμᾶς
1455 5723 1549 5775 καὶ
1578 5725 1705 5793 περὶ
1734 5724 1802 5776 τὸ.

202 5803 370 5874 μικρὰ
411 5805 667 5873 ἀκριϐεῖς
700 5801 859 5873 εἶναι,
898 5807 991 5861 καὶ
1014 5807 1281 5878 ἀλλήλους
1311 5813 1499 5884 τιμᾷν,
1539 5821 1801 5885 παραινεῖ

1905 540 1972 593 de
1999 555 2164 594 cruce
2205 540 2350 594 dicta
2384 550 2531 604 Slllll,
2576 540 2980 610 implebantur.’

1979 737 2140 792 Vens.
2176 758 2194 790 ι
2228 738 2310 794 l9.
2342 739 2602 810 Quisquis
2633 741 2798 810 igitur
2812 742 3039 798 solverit.
3062 759 3228 799 unum
3257 759 3324 801 ex
3354 761 3508 800 man-

1904 831 2046 884 datis
2074 832 2158 885 his
2188 832 2451 896 minimis,
2484 845 2537 887 et
2562 834 2811 890 docuerit
2840 836 2920 891 sic
2946 836 3218 903 homines,
3246 839 3508 895 minimus

1902 927 2187 984 vocabitur
2231 931 2286 984 in
2337 945 2506 997 regno
2554 930 2845 986 cmlorum.
2913 951 2933 983 ι
2985 932 3208 989 Minima
3251 936 3507 992 mandata

1901 1020 2053 1085 dicit,
2088 1036 2208 1089 qua:
2238 1022 2354 1091 ipse
2387 1022 2688 1080 traditurus
2719 1034 2868 1093 erat,
2909 1041 3016 1081 non
3065 1028 3282 1099 legalia.
3315 1027 3507 1085 Nomi-

1904 1124 2001 1167 nat
2030 1125 2214 1170 autem
2259 1129 2322 1169 ea
2366 1117 2620 1182 minima,
2657 1127 2884 1188 propter
2916 1119 3281 1176 humilitatem
3317 1139 3335 1178 :
3367 1131 3420 1176 ut
3454 1132 3510 1179 et

1904 1213 1956 1260 te
1994 1206 2226 1260 instruat
2269 1208 2515 1263 modeste
2549 1209 2799 1265 docendo
2826 1210 2998 1281 loqui.
3033 1210 3294 1269 Minimus
3323 1225 3506 1269 autem

1903 1299 2192 1354 vocabitur
2224 1300 2276 1355 in
2308 1317 2500 1371 regno,
2537 1303 2639 1358 hoc
2681 1313 2786 1369 cst,
2831 1305 2884 1360 in
2933 1308 3338 1364 resurrectione
3383 1309 3511 1363 ulti-

1905 1406 2028 1444 mus
2082 1401 2134 1444 et
2167 1391 2410 1458 abjectus
2438 1395 2489 1448 in
2513 1396 2820 1465 gehennam
2854 1416 2868 1452 :
2894 1413 2996 1453 non
3029 1400 3172 1454 enim
3200 1401 3253 1454 in
3283 1415 3507 1472 regnum

1901 1482 2165 1538 caelorum
2199 1485 2558 1552 ingredietur,
2603 1504 2807 1562 apage;
2866 1494 2959 1546 sed
2995 1508 3219 1562 regnum
3253 1509 3508 1550 resurre-

1902 1574 2138 1628 ctionem
2166 1576 2424 1646 intelligo.
2462 1597 2480 1630 ι
2518 1579 2782 1648 Quisquis
2811 1593 2991 1637 autem
3020 1584 3208 1640 fecerit
3237 1585 3510 1642 etdoeue-

1905 1669 2006 1727 rit,
2071 1666 2161 1721 hic
2211 1680 2442 1737 magnus
2502 1672 2789 1724 vocabitur
2846 1673 2898 1726 in
2945 1689 3111 1742 regno
3158 1677 3442 1731 caelorum.
3484 1698 3502 1730 ι

1904 1757 2150 1812 Primum
2186 1760 2358 1828 ponit,
2392 1759 2585 1816 fecerit
2621 1781 2633 1816 :
2674 1774 2884 1832 postea,
2922 1766 3192 1832 docuerit,
3234 1770 3511 1839 quomodo

1901 1850 2046 1906 enim
2084 1850 2249 1904 alium
2287 1852 2543 1907 inducam
2580 1855 2630 1908 in
2667 1855 2806 1910 viam
2829 1897 2842 1920 ,
2878 1873 2982 1926 qua
3015 1874 3292 1930 nunquam
3325 1872 3511 1919 trans-

1901 1939 2014 1993 ivi?
2053 1942 2322 1996 Caeterum
2354 1943 2399 1998 si
2431 1942 2633 2012 fecero,
2686 1958 2739 2002 et
2799 1964 2904 2002 non
2955 1950 3215 2017 docuero,
3268 1967 3372 2009 non
3406 1955 3509 2011 ha-

1900 2035 2042 2090 bebo
2077 2046 2284 2091 tantam
2326 2019 2634 2093 mercedem
2666 2057 2678 2092 :
2707 2057 2851 2110 smpe
2880 2043 3050 2097 etiam
3085 2055 3140 2100 et
3173 2049 3511 2103 condemna-

1903 2129 2127 2194 tionem,
2151 2134 2194 2185 si
2217 2133 2437 2202 quando
2459 2144 2686 2204 propter
2707 2136 2970 2190 invidiam
3001 2139 3083 2194 vel
3118 2141 3507 2211 negligentiam

1904 2236 2010 2274 non
2045 2228 2304 2278 docuero.

1977 2312 2141 2370 Vens.
2181 2315 2270 2372 20.
2313 2338 2331 2370 ι
2375 2321 2506 2375 Dico
2551 2319 2698 2375 enim
2735 2321 2891 2377 vobis
2922 2325 3067 2392 quod
3115 2327 3218 2382 nisi
3264 2313 3510 2385 abitum.-

1903 2409 2046 2463 verit
2071 2407 2283 2477 justitia
2313 2423 2491 2467 vestra
2523 2413 2644 2483 plus
2681 2427 2842 2484 quam
2884 2413 3200 2474 Scribarum
3233 2433 3285 2475 et
3320 2422 3512 2479 Phari-

1904 2515 2172 2566 s:rorum,
2230 2517 2336 2558 non
2395 2504 2677 2561 intrabitis
2734 2508 2787 2560 in
2842 2524 3070 2580 regnum
3136 2512 3422 2570 caelorum.
3481 2535 3504 2570 ι

1903 2588 2178 2644 Jusritiam
2216 2591 2347 2648 dicit
2377 2608 2596 2650 omnem
2645 2597 2904 2650 virtutem
2947 2616 2959 2651 :
3001 2600 3144 2654 sicut
3173 2609 3228 2655 et
3269 2617 3392 2658 cum
3423 2605 3505 2659 di-

1904 2683 2066 2749 citur,
2098 2684 2286 2740 Justus
2316 2697 2434 2740 crat
2459 2675 2585 2753 Job,
2626 2687 2769 2759 pius,
2805 2689 3328 2758 irrcprehensibilis.
3364 2694 3508 2752 Hor-

1908 2789 2079 2842 resee,
2117 2779 2303 2842 homo,
2341 2779 2800 2837 "animadvertetis
2835 2777 3036 2852 quanta
3083 2801 3112 2838 a
3145 2787 3303 2844 nobis
3350 2803 3509 2860 repe-

1907 2875 2115 2922 tantur.
2151 2867 2355 2928 Deinde
2388 2871 2548 2927 docet
2577 2888 2680 2928 nos
2713 2879 2992 2944 quomodo
3024 2880 3388 2944 ahundemus,
3451 2892 3511 2939 et

1905 2963 2193 3017 enumerat
2230 2963 2481 3019 virtutes.

1981 3051 2149 3110 Vens.
2185 3054 2276 3109 2t.
2308 3074 2327 3107 ι
2365 3058 2608 3113 Audistis
2635 3061 2779 3128 quod
2803 3060 3011 3117 dictum
3038 3063 3106 3120 sit
3135 3064 3355 3132 priscis,
3385 3065 3510 3124 Non

1827 3180 1875 3242 ε
1907 3147 2125 3204 occides
2158 3165 2172 3216 ;
2209 3149 2460 3219 quisquis
2514 3162 2696 3207 autem
2750 3153 3047 3220 occiderit,
3095 3149 3365 3240 obnoxius
3404 3161 3512 3216 erit

1901 3237 2129 3310 judicio.
2174 3258 2194 3293 ι
2259 3241 2375 3299 lloc
2425 3258 2453 3297 a
2501 3255 2656 3300 certo
2707 3247 2944 3316 quodam
2987 3264 3108 3304 esse
3155 3237 3363 3307 dierum
3402 3269 3511 3310 non

1906 3331 2059 3385 dicit.
2115 3330 2171 3386 Si
2215 3332 2360 3387 enim
2402 3333 2652 3398 dixisset,
2708 3340 2852 3407 quod
2902 3339 3066 3394 Pater
3113 3359 3265 3399 meus
3308 3327 3512 3402 dixerit

1882 3423 2135 3496 .priscis,
2171 3439 2272 3496 ego
2320 3438 2504 3482 autem
2546 3429 2672 3484 dico
2733 3430 2925 3496 vobis,
2966 3433 3136 3489 videri
3190 3447 3375 3506 posset
3420 3437 3510 3494 di-

1905 3529 2120 3572 versam
2179 3532 2208 3572 a
2260 3516 2424 3574 Patre
2476 3521 2649 3592 legem
2706 3537 2933 3593 ponere.
2985 3526 3185 3583 lterum
3229 3540 3412 3586 autem
3459 3533 3511 3589 si

1904 3608 2156 3673 dixisset,
2209 3609 2324 3681 Ego
2370 3612 2481 3665 dixi
2535 3615 2753 3683 priscis,
2809 3632 2954 3687 aegre
3014 3630 3272 3690 acceptus
3315 3621 3512 3681 fuisset

1903 3715 2106 3757 sermo.
2141 3700 2427 3759 lndeﬁnite
2467 3706 2635 3775 igitur
2661 3708 2820 3776 dixit,
2858 3711 3071 3768 Dictum
3100 3723 3185 3768 est
3218 3713 3457 3787 antiquis
3487 3733 3506 3777 :

1905 3809 2002 3862 per
2029 3795 2129 3849 hoc
2169 3805 2351 3851 autem
2386 3798 2531 3867 quod
2573 3800 2731 3865 dicit,
2767 3802 2972 3857 dictum
3006 3815 3086 3860 est
3119 3809 3384 3879 antiquis.
3417 3827 3511 3866 os-

1907 3889 2080 3942 tendit
2106 3891 2448 3959 antiquatam
2477 3907 2599 3951 esse
2641 3895 2814 3966 legem
2849 3916 2863 3952 :
2917 3901 3176 3975 quoniam
3207 3916 3388 3960 autem
3419 3921 3512 3961 ve-

1907 3988 2019 4034 tera
2055 3997 2201 4038 nunc
2229 3985 2513 4055 antiquata
2547 3995 2695 4053 sunt,
2731 4001 2784 4043 et
2819 3990 2990 4046 ferme
3020 3993 3242 4062 abolita,
3272 4008 3509 4068 oporwt,

1904 4074 2122 4129 omissis
2154 4076 2283 4143 illis,
2312 4088 2538 4135 currere
2564 4083 2632 4135 ad
2663 4097 2825 4136 nova.

1980 4162 2144 4221 Vens.
2177 4166 2270 4221 22.
2328 4187 2346 4220 ι
2397 4169 2511 4240 Ego
2554 4181 2734 4229 autem
2773 4175 2896 4230 dico
2948 4179 3130 4250 vobis,
3169 4177 3366 4238 Omnis
3413 4183 3509 4252 qui

1907 4255 2166 4313 irascitur
2205 4259 2358 4314 fratri
2393 4277 2491 4317 suo
2524 4273 2753 4332 temere,
2784 4259 3055 4326 obnoxius
3082 4271 3188 4327 erit
3213 4273 3440 4343 judicio.
3480 4294 3500 4328 ι

1903 4350 2192 4420 Propheta:
2227 4354 2425 4408 dicturi
2462 4355 2647 4410 futura
2687 4359 2964 4427 dicebant,
2999 4361 3127 4418 Hrcc
3157 4364 3289 4418 dicit
3325 4365 3510 4421 Domi-

1908 4461 2008 4498 nus
2037 4462 2049 4497 :
2078 4442 2331 4500 Christus
2360 4458 2565 4512 autem,
2599 4447 2712 4518 Ego
2741 4452 2885 4517 dico,
2920 4455 3219 4511 ostendens
3246 4457 3506 4512 divinita-

1180 4505 1240 4557 Οἱ
1275 4505 1377 4574 μὲν
1410 4505 1539 4578 γὰρ,
1570 4505 1748 4562 δοῦλοι
1779 4527 1793 4539 ο

1909 4537 1976 4590 lis
2012 4540 2418 4593 auctoritatem.
2452 4540 2559 4611 27
2589 4541 2665 4596 liii
2693 4546 2839 4599 enim
2877 4548 3023 4601 servi
3053 4558 3230 4614 erant,
3261 4549 3378 4619 ipse
3409 4567 3511 4606 au-

1910 4641 2014 4684 tem
2061 4629 2228 4685 Filius
2280 4634 2463 4687 omnia
2494 4651 2612 4702 qum
2649 4648 2777 4691 sunt
2808 4637 2986 4695 Patris
3030 4642 3080 4694 in
3110 4657 3172 4697 se
3197 4647 3507 4714 possidens.

1906 4721 2009 4786 Qui
2046 4721 2305 4774 irascitur
2350 4721 2507 4777 fratri
2544 4741 2643 4779 suo
2677 4741 2901 4792 temere,
2947 4728 3036 4786 ille
3065 4734 3504 4792 condemnatur:

1905 4810 1949 4864 si
1980 4821 2160 4865 autem
2195 4814 2318 4880 quis
2369 4815 2649 4882 irascitur,
2702 4821 3080 4893 rationejusta
3133 4837 3332 4892 motus,
3365 4841 3416 4884 et
3452 4843 3511 4888 nt

1905 4901 2070 4956 alium
2104 4904 2341 4970 erudiat,
2385 4921 2438 4961 et
2472 4911 2744 4978 spirituaii
2779 4914 2919 4978 zelo,
2959 4931 3065 4969 non
3117 4920 3510 4974 condemnabi-

1907 5005 2015 5048 tur.
2061 4993 2214 5052 Unde
2254 5007 2308 5052 et
2337 4999 2538 5057 Paulus
2580 5005 2743 5058 verba
2780 5007 2873 5060 irae
2914 5008 3127 5064 loeutus
3163 5013 3246 5066 est
3276 5013 3344 5066 ad
3385 5015 3510 5086 Ely-

1906 5104 2050 5141 niam
2115 5106 2342 5160 magum
2389 5104 2440 5147 et
2499 5095 2565 5148 ad
2610 5098 2962 5166 pontificem:
3003 5117 3108 5155 non
3143 5112 3347 5160 temere
3383 5109 3510 5177 qui-

1906 5182 2050 5246 dem,
2117 5185 2210 5238 sed
2267 5185 2404 5239 zelo.
2469 5187 2622 5244 Tunc
2681 5201 2866 5245 autem
2909 5203 3142 5248 itemere
3196 5196 3507 5263 irascimur,

1904 5274 2120 5342 quando
2152 5287 2373 5345 propter
2399 5292 2530 5346 opes
2559 5282 2642 5333 vel
2668 5281 2922 5351 gloriam.
2954 5303 2971 5336 ι
3011 5285 3352 5357 Quicumque
3377 5305 3509 5346 vero

1903 5363 2106 5417 dixerit
2154 5364 2307 5420 fratri
2341 5382 2462 5432 suo,
2497 5368 2707 5437 lihaca,
2740 5373 3008 5430 obnoxius
3040 5378 3146 5431 erit
3180 5379 3439 5434 concilio.
3482 5399 3502 5433 ι

1904 5453 2213 5508 Concilium
2255 5467 2414 5511 vocat
2457 5458 2810 5514 llebrmorum
2851 5463 3114 5518 tribunal.
3149 5464 3336 5521 Rhaca
3381 5482 3509 5523 vero

1905 5548 2178 5616 significat
2230 5551 2370 5604 idem
2403 5554 2545 5622 quod
2583 5553 2662 5607 Tu
2699 5573 2710 5607 :
2748 5565 2801 5607 ul
2832 5572 2951 5610 curn
2985 5559 3048 5611 ad
3097 5558 3333 5628 aliquem
3372 5576 3508 5615 con-

1906 5651 2172 5711 temptum
2206 5659 2233 5696 a
2267 5645 2422 5699 nobis
2448 5648 2705 5713 dicimus,
2741 5651 2838 5704 Abi
2873 5661 2946 5703 tu.
2989 5650 3183 5706 Volens
3218 5653 3508 5721 igiturnos

1903 5745 1956 5786 ct
1994 5737 2058 5788 dc
2093 5737 2274 5801 parvis
2300 5737 2562 5794 sollicitos
2586 5755 2731 5806 esse,
2764 5755 2820 5798 et
2844 5759 2941 5798 nos
2966 5744 3201 5799 invicem
3230 5746 3506 5810 venerari,

1906 5829 2167 5883 atlxnuoet
2219 5831 2434 5886 horum.
2475 5832 2706 5900 Quidam
2742 5835 3146 5894 dicuntBhaca
3179 5837 3406 5912 Syriace
3453 5849 3510 5897 et
