4080 6336
233 377 336 446 19⁸1

873 363 1328 435 ENARRATIO
1370 361 1450 422 IN
1510 352 2009 420 EVANGELIUM
2053 353 2443 415 MtlT'l‘lI.EI.
2469 351 2720 414 -CAP.
2763 352 2827 412 Υ.

3411 345 3510 411 198

229 486 431 562 καρδία
455 486 640 560 αρτοῦ.
674 484 733 538 El
765 483 820 536 δὲ
853 483 914 536 τὸ
938 481 1100 551 ἔργον
1121 478 1221 533 οὐκ
1244 474 1507 546 ἐπέθηκε,
1541 469 1594 562 τί
1621 468 1811 562 scuto;

1927 466 1973 518 in
2003 467 2195 518 tome.
2257 465 2411 530 Quod
2467 463 2515 518 si
2557 477 2694 533 opus
2749 477 2856 516 non
2902 459 3130 527 addidit,
3172 459 3303 534 quid
3371 460 3511 518 hoc?

227 559 348 640 υὺκ
379 559 605 654 ἴσχυσεν
626 595 639 610 ο
674 575 798 632 insi
829 576 928 628 ἐὰν
961 571 1178 644 ἰσχύσῃ,
1203 565 1521 640 παραυτίκα
1551 561 1611 616 τδ
1640 559 1812 654 κακον

227 645 471 732 τελέσειῗ
507 671 655 742 Πλὴν
715 669 949 736 γίνωσκε
977 665 1059 717 ὅτι
1077 662 1186 717 κάν
1211 657 1665 728 ἐπιθυμήσωμεν,
1689 645 1812 704 εἶτα

227 748 568 838 κωλυθῶμεν
598 762 805 836 πρᾶξαι
838 759 898 812 τὸ
936 759 1125 829 ἔργον,
1154 751 1423 825 πρόδηλον
1463 750 1547 803 ὃτι
1581 747 1688 800 ὑπὸ
1714 747 1814 816 τῆς

226 863 464 935 χάριτος
499 855 967 924 ὶσκεπάσθημεν.
1009 851 1121 906 Καὶ
1175 848 1231 899 αἱ
1284 845 1552 935 γυναῖκες
1593 840 1814 935 statim

227 932 691 1018 καλλωπίζωνται
716 948 803 1002 διά
855 946 917 1000 τδ
951 943 1149 1014 ἀρέσαι
1186 939 1330 1006 τισὶ,
1355 935 1456 991 κᾶν
1495 933 1572 1005 μὴ
1601 932 1813 1004 ἁρέσω·

227 1063 338 1111 σιν,
368 1047 520 1117 ὅμως
569 1043 776 1096 ἐκεῖναι
806 1038 865 1092 τὸ
905 1036 1197 1106 φάρμακον
1239 1029 1535 1097 ἐκέρασαν,
1564 1023 1675 1078 ’κᾶν
1706 1039 1815 1093 μη-

223 1138 343 1201 δεὶς
373 1136 525 1208 πίνῃ.

287 1247 327 1279 πε
378 1227 500 1281 Ἐὰν
532 1224 588 1279 δὲ
620 1227 648 1279 ό
676 1219 954 1292 όιρθαλμὸς
986 1235 1080 1271 σου
1112 1220 1138 1272 ό
1161 1215 1335 1282 δεξιὸς
1365 1209 1695 1281 σκανδαλίζῃ
1730 1226 1813 1276 σε,

224 1295 607 1384 senatus»,
641 1318 733 1370 καὶ
780 1314 906 1384 βάλε
934 1312 1040 1366 ἀπὸ
1082 1309 1201 1367 σοῦ.
1245 1307 1526 1378 Συμφέρει
1560 1306 1668 1376 γάρ
1705 1322 1811 1365 σοι,

229 1410 323 1465 ἵνα
371 1411 644 1482 ἀπόληται
697 1410 754 1462 ἓν
785 1408 895 1463 τῶν
946 1407 1124 1478 μελῶν
1185 1421 1301 1468 σου,
1347 1404 1442 1457 καὶ
1478 1402 1554 1472 μὴ
1603 1400 1724 1453 ὅλον
1753 1397 1815 1451 τὺ

225 1501 396 1574 σῶμα
427 1519 522 1555 σου
552 1493 724 1573 βληθῇ
779 1500 858 1562 εἰς
889 1499 1136 1566 γέενναν.
1181 1497 1289 1548 Καὶ
1339 1497 1388 1546 εί
1436 1494 1470 1562 ἡ
1527 1491 1680 1556 δεξιά
1719 1507 1813 1544 σου

223 1595 354 1668 χεὶρ
391 1592 722 1664 σκανδαλίζῃ
759 1608 840 1655 σε,
894 1588 1128 1658 ἔκκοψον
1167 1587 1359 1666 αὐτὴν,
1425 1587 1520 1640 καὶ
1551 1585 1680 1656 βάλε
1708 1582 1816 1637 ἀπὸ

225 1685 350 1740 σοῦ.
386 1683 666 1754 Συμφέρει
721 1682 829 1752 γάρ
870 1697 974 1747 σοι,
1028 1681 1119 1734 ἵνα
1153 1679 1424 1748 ἀπόληται
1470 1677 1528 1730 ἓν
1562 1675 1670 1730 τῶν
1717 1690 1816 1744 με·

226 1777 340 1830 λῶν
375 1793 489 1841 σου,
517 1777 615 1827 καὶ
680 1773 755 1845 μὴ
779 1773 898 1826 ὅλον
928 1773 988 1825 τὸ
1023 1770 1184 1841 σῶμα
1214 1788 1307 1823 σου
1345 1768 1518 1840 βληθῇ
1548 1769 1627 1831 εἰς
1661 1766 1816 1835 γέεν-

224 1889 352 1925 ναν.
386 1890 404 1922 ι
461 1867 774 1939 Ὀφθαλμὸν
826 1867 916 1919 καὶ
971 1867 1130 1937 χεῖρα
1199 1863 1440 1928 ἀκούων,
1499 1861 1576 1933 μὴ
1627 1857 1815 1931 νόμιζε

224 1959 499 2032 περὶτῶν
537 1958 716 2028 μελῶν
749 1957 907 2009 τοῦτο
953 1955 1227 2025 λέγεσθαι’
1265 1955 1325 2007 οὐ
1358 1954 1469 2024 γὰρ
1534 1954 1600 2007 ἀν
1644 1967 1818 2022 προσ-

229 2055 404 2124 donat:
434 2051 517 2119 τὸ,
575 2053 604 2105 ὁ
662 2047 834 2114 δεξιὸς
867 2050 964 2103 καὶ
1010 2049 1042 2118 ἡ
1091 2045 1243 2112 δεξιά
1272 2064 1284 2076 ·
1334 2047 1471 2102 ἀλλά
1527 2047 1658 2116 περὶ
1709 2044 1816 2096 τῶν

219 2141 534 2195 δοκούντων
561 2138 732 2209 φίλων
771 2139 866 2193 καὶ
912 2137 1257 2209 βλαπτόντων
1287 2138 1434 2210 ἡμᾶς
1460 2153 1474 2166 ·
1513 2131 1659 2191 οἷον·
1699 2136 1816 2189 ἐστι

224 2253 314 2294 τι;
357 2233 497 2295 νέος,
530 2235 671 2303 ἔχων
700 2232 890 2301 φίλους
944 2229 1305 2295 ἀκολάστους,
1356 2229 1454 2283 καὶ
1490 2227 1812 2300 βλάπτεταιο

226 2326 470 2390 Τούτους
502 2325 594 2379 οὖν
621 2324 920 2395 ἀπότεμνε,
955 2323 1090 2392 φησί
1115 2323 1300 2393 ·’τάχα
1335 2323 1434 2393 μὲν
1479 2322 1592 2393 γάρ
1623 2320 1818 2375 κάκεί-

226 2435 353 2482 νους
399 2417 618 2482 σώσεις,
647 2418 726 2479 είς
766 2406 1343 2486 αίσθησινέλθόνταρ
1389 2414 1440 2466 εί
1471 2412 1530 2466 δὲ
1559 2410 1659 2484 μὴ,
1713 2410 1821 2478 κᾶν

229 2511 487 2565 σεαυτόν.
519 2507 584 2562 Ei
630 2508 685 2561 δὲ
716 2508 970 2578 στέργεις
1009 2508 1109 2578 τὴν
1155 2505 1292 2576 πρὸς
1335 2506 1580 2569 ἐκείνους
1603 2504 1814 2573 φιλίαν,

227 2601 540 2672 ἀμφότεροι
566 2598 880 2654 ἀπολεῖσθε.

306 2711 325 2744 ε
402 2689 634 2761 Ἐρρέθη
672 2689 727 2742 δὲ
753 2730 770 2755 ,
809 2690 891 2743 ὅτι
925 2690 1019 2753 Ὃς
1061 2688 1128 2742 ἂν
1157 2687 1406 2759 ἀπολύσῃ
1434 2687 1532 2759 τὴν
1585 2687 1822 2755 γυναῖκα

228 2782 424 2849 αὑτοῦ,
462 2783 601 2836 δότω
628 2783 766 2854 αὐτῇ
799 2783 1150 2834 ἀποστάσιον.
1195 2801 1212 2832 ι
1243 2780 1484 2852 Μωῦσῆς
1508 2779 1816 2845 ἐκέλευσεν,

225 2876 326 2929 ἐὰν
358 2893 442 2939 τις
481 2877 612 2946 μισῇ
645 2873 742 2946 τὴν
771 2875 1005 2941 γυναῖκα
1043 2872 1232 2937 αὑτοῦ,
1263 2871 1597 2943 χωρίζεσθαι
1622 2871 1816 2942 αὐτῆς,

229 2971 318 3023 ἵνα
358 2970 437 3040 μὴ
466 2969 649 3040 χεῖρόν
672 2986 724 3020 τι
755 2970 987 3036 γένηται
1015 2983 1028 2997 ·
1069 2967 1376 3037 μισουμένη
1403 2965 1538 3036 γὰρ,
1573 2967 1705 3030 toto;
1754 2967 1821 3021 ἂν

221 3065 324 3116 καὶ
357 3062 662 3132 ὲςρονεύθη·
723 3061 920 3114 διδόναι
967 3059 1026 3115 δὲ
1052 3062 1120 3133 τῇ
1155 3060 1589 3133 διαζευγνυμένῃ
1633 3079 1824 3133 γραμ-

1917 556 2035 612 Non
2073 559 2243 626 potuit
2278 571 2292 610 :
2347 557 2472 625 quia
2518 557 2564 610 si
2608 555 2896 625 potuisset,
2934 553 3118 609 statim
3154 553 3357 611 malum
3383 568 3509 626 per-

1919 657 2212 719 petrasset.
2248 645 2449 702 Verum
2476 661 2767 716 cognosce,
2801 647 2947 716 quod
2975 652 3029 700 et
3069 646 3113 702 si
3149 646 3511 716 concupiscm

1918 758 2058 809 mus,
2117 741 2167 796 dt
2192 743 2314 796 inde
2366 741 2756 810 prohibeamur
2827 742 3007 796 facere
3059 755 3220 810 opus,
3291 741 3508 811 signum

1917 837 2170 904 estquod
2216 833 2558 890 Inanifcstea
2605 837 2782 904 gratia
2817 835 3052 904 protecti
3093 833 3386 889 fuerimus.
3428 832 3507 887 Ita

1913 935 1971 982 et
2000 926 2255 982 mulieres
2297 929 2425 981 dum
2461 941 2521 981 se
2567 935 2787 991 ornant,
2839 936 2898 980 ut
2931 925 3205 995 aliquibus
3233 925 3508 996 placeant,

1914 1021 2132 1076 etiamsi
2171 1036 2275 1074 ttun
2304 1021 2577 1090 placeant,
2612 1030 2854 1076 attamen
2881 1020 3236 1088 pharmarum
3279 1019 3514 1077 miscue-

1924 1124 2082 1179 runt,
2115 1115 2330 1170 etiamsi
2364 1114 2540 1170 nullus
2574 1115 2744 1169 bibat.

2001 1208 2164 1265 Vsus.
2198 1209 2292 1272 29,
2328 1208 2417 1264 50.
2458 1228 2476 1261 ι
2518 1208 2587 1264 Ει
2619 1209 2666 1264 si
2715 1209 2908 1265 oculus
2953 1215 3080 1263 tuus
3109 1207 3302 1263 dexter
3339 1205 3515 1261 omn-

1921 1300 2100 1356 diculo
2143 1300 2236 1354 tibi
2278 1298 2468 1364 fuerit,
2530 1314 2664 1353 erue
2707 1299 2856 1354 illum
2888 1309 2941 1353 et
2985 1299 3161 1368 al-jice
3189 1314 3219 1352 a
3254 1308 3325 1351 te.
3370 1296 3513 1353 Utile

1919 1393 2064 1446 enim
2098 1392 2193 1448 libi
2229 1403 2316 1446 est
2376 1401 2433 1446 ut
2463 1399 2655 1462 pereat
2698 1408 2863 1446 nomn
2896 1408 2961 1448 ex
2999 1391 3262 1447 membris
3298 1391 3430 1453 tuis,
3457 1401 3514 1444 ct

1919 1499 2028 1540 non
2085 1494 2255 1540 totum
2335 1500 2537 1554 corpus
2591 1485 2840 1540 mittatur
2893 1485 2946 1539 in
3001 1484 3326 1555 gehennam.
3363 1482 3510 1539 Etsi

1919 1578 2142 1634 dextera
2168 1595 2365 1635 manus
2408 1592 2496 1632 tua
2550 1577 2824 1634 obstiterit
2855 1577 2980 1643 tibi,
3013 1586 3234 1649 amputa
3296 1591 3418 1632 eam
3456 1586 3515 1631 et

1921 1671 2124 1742 projice
2156 1672 2253 1727 abs
2287 1682 2338 1727 te
2372 1689 2384 1725 :
2420 1671 2640 1742 expedit
2683 1672 2829 1726 enim
2887 1671 2982 1725 tibi
3012 1681 3068 1725 ut
3123 1682 3310 1741 pereat
3342 1686 3510 1725 unum

1924 1763 2292 1817 membrorum
2348 1773 2590 1826 tuorum,
2650 1772 2705 1817 et
2757 1778 2861 1816 non
2904 1771 3073 1817 totum
3117 1777 3315 1831 corpus
3361 1771 3511 1815 tuum

1922 1855 2248 1925 conjiciatur
2281 1857 2334 1909 in
2360 1856 2693 1925 gehennam.
2737 1874 2756 1908 ι
2796 1853 3030 1910 Oculum
3060 1863 3115 1909 et
3147 1870 3371 1909 manum
3409 1869 3512 1909 au-

1922 1953 2098 2014 diens,
2132 1967 2199 2006 ne
2226 1951 2507 2008 existimes
2549 1951 2617 2006 de
2647 1951 2908 2006 membris
2939 1951 3024 2006 his
3049 1951 3181 2016 dici,
3222 1966 3325 2005 non
3359 1952 3507 2006 eu'm

1921 2045 2287 2114 apposuisset,
2309 2043 2575 2098 dexter-et
2595 2042 2819 2097 dextera
2855 2059 2869 2096 :
2903 2041 2999 2096 sed
3014 2042 3079 2096 dc
3102 2041 3290 2112 bisqui
3319 2041 3512 2096 videt.-

1922 2151 2011 2193 tur
2039 2152 2161 2193 esse
2188 2137 2373 2205 amici,
2396 2145 2449 2193 et
2486 2148 2683 2192 nocent
2713 2137 2890 2194 nobis.
2924 2136 3016 2202 Ut,
3047 2137 3280 2207 exempli
3313 2137 3514 2206 gratia,

1922 2228 2454 2296 adolescensest,cui
2471 2237 2601 2284 sunt
2619 2229 2778 2298 amici
2798 2229 3250 2297 intemperantes,
3273 2245 3299 2282 a
3317 2227 3515 2298 quibus

1922 2322 2184 2375 damnum
2219 2322 2437 2391 accepit
2481 2337 2495 2374 :
2534 2320 2646 2375 llos
2676 2320 2841 2390 igitur
2870 2331 3114 2390 amputa,
3150 2320 3350 2390 inquit.
3384 2320 3517 2376 For-

1925 2415 2089 2469 tassis
2137 2415 2282 2468 enim
2310 2424 2365 2469 et
2399 2414 2520 2468 illos
2553 2414 2822 2476 servabis,
2850 2415 2938 2468 ubi
2972 2416 3071 2469 hoc
3093 2415 3508 2482 perscnserint:

1923 2508 2067 2576 quod
2112 2506 2157 2562 si
2214 2507 2420 2571 minus,
2459 2517 2610 2561 certe
2645 2507 2726 2562 vel
2753 2507 3006 2577 teipsum.
3049 2505 3105 2561 Si
3145 2517 3324 2560 autem
3356 2522 3513 2561 auitas

1922 2600 2138 2654 illorum
2165 2599 2488 2662 amicitiam,
2521 2601 2738 2669 utrique
2756 2601 3028 2668 peribitis.

1997 2691 2165 2747 Vsus.
2212 2710 2229 2744 ι
2271 2690 2359 2747 51.
2414 2690 2628 2746 Dictum
2673 2703 2756 2746 est
2782 2692 3159 2762 antcm,quod
3189 2691 3517 2762 Quicunque

1924 2785 2197 2841 dimiserit
2268 2800 2494 2840 uxorem
2572 2801 2750 2851 suam,
2803 2786 2894 2839 det
2942 2786 2990 2841 ei
3058 2785 3451 2857 repudiarium.
3488 2803 3506 2836 ι

1927 2876 2106 2932 Moses
2131 2875 2312 2947 jussit,
2344 2877 2389 2931 si
2426 2875 2548 2945 quis
2581 2876 2758 2929 oderit
2805 2890 3030 2930 uxorem
3066 2891 3246 2939 suam,
3284 2890 3511 2946 separe-

1927 2979 2015 3024 tur
2047 2969 2118 3024 ab
2151 2984 2239 3034 ea,
2283 2981 2433 3024 utne
2459 2970 2588 3038 quid
2629 2969 2854 3039 gravius
2880 2971 3184 3040 contingat.
3215 2969 3348 3024 Nam
3388 2985 3514 3025 cum

1925 3059 2059 3114 odi-0
2096 3060 2349 3126 habetur,
2401 3058 2652 3115 fortassis
2709 3062 2887 3115 occidi
2924 3070 3126 3129 posset.
3160 3061 3298 3115 Dare
3327 3074 3514 3117 autem

227 3150 464 3227 μάτεῐον
499 3155 857 3218 ἀπολυτικὸν,
887 3153 918 3207 ὅ
948 3156 1200 3210 ἐκαλεῖτο
1226 3156 1560 3211 ἀποστάσιον
1581 3171 1593 3184 ·
1645 3155 1720 3219 ὡς
1752 3155 1818 3209 ἂν

1927 3150 2076 3220 iubet
2115 3151 2356 3207 dimissa:
2391 3152 2628 3206 tibellmn
2680 3153 3102 3219 absolutorium,
3158 3169 3320 3223 quem
3357 3164 3521 3210 vocat

226 3245 437 3317 μηκέτι
473 3245 563 3300 ἐπ’
595 3245 762 3300 αὑτὸν
795 3243 1107 3311 ἐπανέλθοι,
1140 3244 1236 3299 καὶ
1267 3246 1332 3298 ἐκ
1365 3245 1560 3299 τούτου
1591 3246 1818 3315 γένηται

225 3343 522 3409 σύγχυσις,
557 3340 723 3407 ἑτέρα
755 3318 1136 3401 συνοικοῦντος
1166 3337 1260 3391 τοῦ
1291 3337 1509 3410 ἀνδρός.

301 3452 323 3483 ι
385 3429 530 3498 Ἐγὼ
563 3429 620 3484 δὲ
667 3428 811 3498 λέγω
859 3429 1011 3499 ὑμῖν,
1063 3429 1146 3482 ὅτι
1198 3429 1308 3491 πᾶς
1359 3429 1391 3481 ὁ
1432 3426 1689 3483 ἀπολύων
1718 3428 1820 3498 τὴν

219 3515 490 3598 γυναῖκα
522 3521 712 3588 αὑτοῦ,
762 3521 1036 3592 παρεκτὸς
1109 3521 1268 3588 λόγου
1340 3521 1620 3592 πορνείας,
1677 3523 1824 3574 ποιεῖ

223 3617 404 3688 αὐτὴν
441 3603 772 3687 μίσιχᾶσθαξι·
807 3614 899 3668 καὶ
939 3613 997 3678 ὃς
1030 3612 1097 3667 ἂν
1131 3612 1547 3683 ἀπολελυμένην
1569 3614 1818 3685 γαμήσῃ,

223 3710 516 3780 μοιχᾶται.
549 3727 567 3758 ι
603 3708 678 3760 Οὐ
709 3705 826 3759 λύει
855 3705 912 3759 δὲ
955 3706 1026 3759 τὰ
1063 3705 1367 3771 Munia,
1412 3704 1553 3759 ἀλλά
1573 3704 1822 3775 διορθοῦ-

224 3820 342 3864 ται,
377 3799 635 3869 ὲκφοσῶν
665 3803 757 3854 τὸν
791 3781 981 3866 ἄνδρα,
1040 3799 1126 3852 ἵνα
1160 3799 1235 3869 μὴ
1271 3798 1483 3867 ἀλόγως
1539 3799 1672 3869 μισῇ
1719 3797 1821 3868 τὴν

219 3881 491 3965 γυναῖκα.
534 3894 659 3947 Ἐὰν
689 3893 798 3963 γὰρ
835 3891 1085 3965 ἀπολύσῃ
1119 3892 1290 3963 αὐτὴν
1341 3891 1605 3958 εὐλόγως,
1663 3908 1821 3944 τουτ-

221 3990 370 4053 έστι,
410 3985 824 4058 πορνεύσασαν,
877 3985 1244 4054 ἀκατάκριτός
1267 3985 1416 4038 ἐστιν
1442 4000 1457 4015 ο
1491 3986 1540 4037 εί
1567 3983 1628 4037 δὲ
1653 3988 1824 4056 χωρὶς

222 4082 519 4150 πορνείας,
580 4078 930 4146 κατάκριτος·
978 4075 1287 4142 ἀναγκάζει
1329 4075 1439 4146 γὰρ
1480 4074 1660 4151 ,αὐτὴν
1702 4091 1823 4146 μοι·

219 4172 456 4243 χᾰσθαι.
487 4168 653 4224 ’Δλλά
678 4171 773 4222 καὶ
801 4170 832 4220 ό
874 4168 1162 4239 δεχόμενος
1183 4166 1410 4239 ταύτην,
1433 4169 1619 4238 μοιχός
1649 4170 1820 4233 ἐστιν.

218 4263 284 4315 Ei
327 4263 449 4331 γὰρ
494 4260 571 4331 μὴ
627 4259 862 4325 ἐδέξατο,
916 4257 1323 4329 ἐπανέστρεψεν
1357 4258 1426 4312 ἂν
1465 4255 1678 4326 ἐκείνη,
1729 4257 1825 4311 καὶ

220 4349 601 4421 amca-{vra};
642 4349 815 4420 ἀνδρί.
847 4348 952 4402 Τὸν
984 4347 1092 4419 γάρ
1129 4345 1459 4417 Χριστιανὸν
1505 4345 1587 4400 δεῖ
1611 4347 1828 4420 εἰρηνοέ

222 4444 387 4498 ποιὸν
421 4437 566 4512 εἶναι
590 4441 682 4495 καὶ
717 4443 853 4512 πρὸς
887 4442 1013 4503 τοὺς
1059 4439 1277 4505 ἄλλους,
1311 4439 1406 4493 καὶ¹
1445 4437 1628 4510 πολλῷ
1658 4437 1824 4493 πλέον

222 4537 364 4607 πρὸς
391 4537 498 4607 τὴν
529 4533 666 4589 ἰδίαν
695 4537 953 4602 γυναῖκα.

300 4734 319 4767 ι
362 4711 543 4766 Πάλιν
567 4711 863 4788 ἠκούσατε,
894 4713 994 4766 ὄτι“
1018 4711 1221 4784 ἐρρέθη
1251 4717 1363 4778 τοῖς
1387 4713 1637 4786 ἀρχαίοις
1666 4729 1680 4744 '
1706 4715 1824 4768 Οὐκ

221 4805 616 4878 ἐπιορκήσεις,
664 4802 962 4866 ἀποδώσεις
1003 4804 1061 4856 δὲ
1106 4795 1185 4874 τῷ
1223 4805 1413 4876 Κυρίῳ
1450 4807 1576 4871 τοὺς
1626 4806 1826 4878 ὅρκους

222 4918 380 4954 σου.»
425 4897 745 4960 Τουτέστιν,
782 4897 953 4950 Ὅταν
989 4897 1220 4969 όμνύῃς,
1247 4898 1502 4970 ἀλήθευε.

302 5011 321 5043 ι
369 4987 530 5067 ,Ἐγὼ
555 4987 612 5040 δὲ
658 4986 803 5055 λέγω
848 4989 998 5058 ὑμῖν,
1037 4988 1113 5059 μὴ
1146 4989 1348 5058 ὀμόσαι
1392 4990 1550 5054 ὅλως,
1587 4989 1726 5062 μήτε
1768 4992 1826 5043 ὲν

221 5087 306 5159 τῷ
333 5081 588 5154 οὐρανῷ,
617 5082 698 5134 ὅτι
733 5081 939 5153 θρόνος.
962 5084 1078 5136 ἐστὶ
1107 5083 1201 5136 τοῦ
1235 5081 1371 5136 Θεοῦ
1401 5097 1414 5111 ⁸
1452 5084 1592 5154 μήτε
1645 5085 1705 5136 ὲν
1756 5085 1824 5156 τῇ

223 5185 318 5252 γῇ,
358 5180 449 5233 ὅτι
487 5175 781 5229 ὑποπόδιόν
818 5173 1071 5229 ἑστϊτῶν
1115 5176 1293 5230 ποδῶν
1340 5177 1507 5230 αὐτοῦ
1533 5192 1546 5205 ·
1580 5178 1715 5248 μήτε
1747 5180 1829 5242 είς

233 5272 522 5345 Ίεροσόλυ
532 5287 630 5341 μα,
649 5271 730 5322 ὅτι
760 5270 918 5334 πόλις
948 5269 1069 5323 ἐστὶ
1093 5271 1185 5324 τοῦ
1211 5270 1448 5340 μεγάλου
1486 5270 1770 5340 βασιλέως.
1804 5288 1822 5321 ι

238 5365 471 5436 Ἐπειδὴ
497 5365 546 5417 οἱ
610 5361 855 5422 Ἰουδαῖοι
885 5363 980 5417 τοῦ
1017 5363 1152 5417 Θεοῦ
1184 5363 1436 5432 λέγοντος
1467 5364 1684 5435 ἢκουον,
1730 5383 1748 5416 ι
1768 5364 1830 5417 '0

225 5461 470 5532 οὐρανός
521 5477 612 5530 μοι
664 5459 871 5529 θρόνος,
931 5462 965 5529 η
1012 5459 1066 5511 δὲ
1106 5460 1175 5531 γῆ
1215 5461 1529 5524 ὑποπόδιον,
1565 5478 1581 5510 t
1613 5457 1831 5530 ὤμνυον

229 5553 376 5610 κατά
401 5553 519 5608 τῶν
545 5551 828 5608 τοιούτων.
882 5553 939 5606 '0
973 5553 1155 5605 τοίνυν
1207 5554 1412 5625 Κύριος
1465 5554 1695 5609 κωλύων
1733 5556 1831 5609 a13-

223 5650 379 5711 τοὺς,
412 5647 477 5700 οὐ
518 5646 689 5716 λέγει,
721 5649 803 5701 ὅτι
834 5647 1053 5719 Ἐπειδὴ
1086 5646 1251 5712 καλὸς
1289 5651 1385 5701 καὶ
1427 5649 1600 5718 μέγας
1631 5651 1778 5704 ἐστὶν
1806 5653 1834 5703 ὁ

225 5743 496 5815 οὐρανὸς,
531 5744 625 5796 καὶ
651 5745 902 5815 χρησίμη
938 5746 970 5815 ἡ
1001 5745 1096 5815 γῆ,
1133 5745 1224 5798 διά
1253 5744 1416 5800 τοῦτο
1445 5746 1522 5818 μὴ
1565 5746 1829 5817 ὀμνύετεο

226 5843 343 5896 ἀλλ’
382 5844 469 5898 ὅτι
506 5844 535 5894 ὁ
572 5844 669 5913 μὲν
709 5842 898 5911 θρόνος
933 5844 1050 5899 ἐστὶ
1085 5845 1176 5900 τοῦ
1210 5844 1344 5899 Θεοῦ
1366 5887 1380 5914 ,
1417 5849 1449 5918 ἡ
1497 5847 1576 5912 δὲ,
1633 5849 1837 5905 ὑποπό-

1929 3244 2325 3313 repudiarium,
2378 3245 2450 3296 ita
2487 3254 2546 3299 ut
2573 3244 2688 3314 jam
2732 3260 2838 3299 non
2875 3246 2941 3300 ad
2972 3248 3146 3315 ipsum
3178 3248 3426 3312 accedat,
3462 3257 3520 3304 et
3546 3279 3564 3297 ι

1929 3352 1992 3392 ex
2021 3336 2122 3392 hoc
2161 3334 2554 3400 tiatconfnsio,
2592 3339 2712 3391 viro
2738 3339 2893 3391 alteri
2932 3338 3312 3395 cohabitante.

2004 3429 2171 3485 Vens.
2199 3428 2287 3484 52.
2330 3448 2347 3480 ι
2380 3429 2491 3499 Ego
2518 3443 2697 3485 autem
2729 3431 2852 3484 dico
2876 3432 3051 3510 vobis,
3083 3433 3232 3502 quod
3263 3435 3522 3505 quisquis

1929 3525 2200 3581 dimiserit
2220 3538 2448 3578 uxorem
2469 3539 2648 3589 suam,
2668 3537 2895 3595 excepta
2919 3526 3300 3584 fornicationis
3327 3543 3518 3596 eausa,

1931 3617 2062 3671 facit
2114 3630 2236 3670 eam
2280 3617 2548 3670 mtechari
2609 3633 2622 3670 :
2679 3625 2740 3671 et
2787 3618 2879 3687 qui
2931 3619 3216 3675 dimissam
3275 3623 3518 3688 duxerit,

1931 3708 2256 3762 nzmchatur.
2291 3725 2312 3759 ι
2338 3704 2457 3761 Νοη
2486 3707 2647 3763 solvit
2670 3707 2929 3775 Mosaica,
2951 3710 3044 3766 sed
3071 3712 3317 3783 corrigit,
3346 3723 3525 3769 exter-

1933 3814 2057 3855 rens
2089 3800 2288 3865 virum,
2318 3811 2376 3854 ut
2406 3815 2473 3854 ne
2503 3800 2710 3870 absque
2753 3817 2918 3858 causa
2968 3804 3094 3858 odio
3138 3803 3337 3860 habeat
3384 3823 3523 3862 uso-

1934 3908 2068 3947 rem.
2105 3890 2244 3947 Nam
2277 3893 2324 3947 si
2345 3890 2494 3961 justa
2530 3891 2600 3948 de
2625 3908 2791 3949 causa
2814 3895 3084 3951 dimiserit
3132 3911 3276 3964 eam,
3323 3913 3523 3970 nempe

1934 3984 2322 4052 foruicsntem,
2374 3986 2507 4042 nulli
2576 3989 3024 4044 condemnationi
3079 4001 3163 4047 est
3227 3995 3521 4051 obnoxius.

1932 4082 2085 4149 Quod
2116 4083 2162 4138 si
2197 4085 2403 4152 absque
2430 4083 2813 4140 fornicationis
2842 4100 3030 4150 causa,
3061 4088 3520 4147 condemnandus

1934 4187 2039 4243 est,
2069 4177 2217 4247 cogit
2274 4178 2422 4232 enim
2454 4192 2573 4233 eam
2625 4179 2892 4235 mmchari
2927 4199 2940 4235 :
2975 4182 3071 4236 sed
3101 4190 3156 4235 et
3199 4183 3290 4251 qui
3327 4185 3527 4254 accipit

1933 4284 2077 4336 eam,-
2105 4270 2356 4326 mtechus
2383 4280 2488 4326 est.
2516 4269 2630 4327 Nisi
2652 4273 2795 4328 enim
2828 4271 2919 4326 ille
2943 4274 3272 4343 accepisset,
3325 4279 3523 4331 rettiis-

1894 4425 1901 4431 ,
1935 4373 2019 4419 set
2061 4364 2252 4434 utique
2319 4363 2435 4430 illa,
2476 4375 2532 4419 et
2569 4365 2783 4420 subdita
2815 4363 3010 4420 fuisset
3043 4367 3183 4421 viro.
3220 4366 3332 4437 29
3359 4368 3524 4422 Chri-

1937 4459 2177 4515 stianum
2206 4467 2388 4514 autem
2437 4466 2654 4528 oportet
2697 4473 2820 4513 esse
2885 4457 3196 4527 pacificum.
3239 4465 3404 4514 etiam
3456 4463 3524 4514 ad

1851 4552 1906 4613 Ι)
1934 4551 2094 4615 alios,
2138 4559 2192 4606 et
2231 4550 2406 4605 multo
2451 4551 2626 4620 magis
2678 4565 2801 4605 cum
2833 4565 3004 4605 uxore
3050 4566 3148 4605 sua
3205 4566 3391 4620 pacem
3429 4554 3526 4607 lia-

1939 4645 2090 4699 bere.

2011 4735 2181 4792 Vens.
2231 4735 2319 4790 55.
2387 4754 2407 4786 ε
2477 4733 2680 4790 lterum
2718 4736 2953 4792 audistis
3012 4740 3156 4808 quod
3216 4740 3422 4794 dictum
3453 4741 3528 4798 sit

1940 4830 2160 4898 priscis,
2191 4827 2309 4883 Non
2342 4828 2631 4898 pejerabis,
2662 4829 2758 4883 sed
2788 4831 3068 4899 persolves
3097 4831 3328 4887 Domino
3368 4832 3528 4901 jura-

1942 4908 2126 4977 menta
2160 4933 2271 4974 tua.
2325 4939 2343 4972 ι
2385 4919 2497 4975 Hoc
2526 4932 2632 4985 est,
2667 4923 2886 4989 quando
2916 4923 3092 4992 juras,
3127 4940 3252 4981 vera
3283 4926 3528 4997 loquere.

1947 5029 1950 5034 ·
2013 5014 2175 5071 Vsus.
2203 5016 2293 5082 54,
2326 5015 2417 5071 55.
2457 5035 2474 5068 t
2498 5015 2611 5087 Ego
2640 5028 2819 5071 autem
2847 5018 2971 5073 dico
3003 5021 3178 5083 vobis,
3206 5035 3313 5074 non
3342 5020 3531 5089 iurare

1941 5109 2190 5173 omnino,
2255 5123 2432 5177 neque
2461 5127 2558 5178 per
2600 5110 2821 5177 (mlum,
2880 5111 3005 5180 quia
3061 5114 3220 5166 sedes
3248 5113 3346 5167 Dei
3397 5124 3529 5168 est:

1943 5214 2120 5267 neque
2177 5214 2272 5267 per
2328 5212 2552 5263 terrain,
2617 5205 2757 5270 quia'
2811 5203 3109 5257 scabellutn
3146 5203 3345 5272 pedum
3410 5207 3530 5273 ejus

1939 5301 2025 5346 est
2065 5311 2078 5348 :
2113 5307 2289 5362 neque
2321 5309 2416 5361 per
2448 5293 2842 5365 Hierosolyma,
2878 5296 3006 5364 quia
3052 5298 3245 5352 civitas
3270 5306 3353 5352 est
3384 5300 3531 5370 regis

1944 5386 2145 5455 magni.
2205 5405 2223 5437 ι
2279 5384 2450 5441 Judaei
2490 5390 2616 5456 quia
2671 5389 2841 5442 Demn
2894 5389 3186 5444 audierant
3232 5391 3528 5458 dicentem,

1942 5476 2150 5532 (Icelum
2187 5480 2323 5533 mihi
2355 5480 2608 5552 thronus,
2647 5491 2790 5534 terra
2836 5491 3018 5536 autem
3062 5483 3360 5539 scabellum
3389 5526 3404 5551 ,
3441 5485 3532 5552 ju-

1945 5571 2140 5625 rabant
2194 5587 2290 5640 per
2347 5573 2495 5626 talia.
2557 5573 2728 5643 Igitur
2763 5574 3024 5631 Dominus
3063 5576 3360 5646 prohibens
3408 5592 3528 5644 eos,

1944 5679 2049 5718 non
2083 5663 2233 5727 dicit,
2270 5662 2404 5730 Quia
2431 5665 2715 5734 puli-hrum
2744 5679 2797 5721 et
2828 5682 3082 5740 magnum
3111 5677 3195 5722 est
3227 5668 3446 5735 omium,
3478 5679 3533 5747 σε

1945 5767 2090 5810 terra
2122 5755 2272 5810 utilis
2316 5769 2420 5821 est,
2477 5759 2707 5830 ideOpcr
2750 5774 2813 5814 ea
2847 5775 2951 5816 non
2981 5761 3194 5829 jnrate;
3221 5762 3338 5829 sed,
3391 5761 3530 5829 Quia

1946 5851 2143 5906 cmlum
2203 5851 2431 5909 thronus
2484 5855 2684 5911 ρειυοί
2721 5897 2736 5925 ,
2796 5865 2943 5914 terra
3006 5867 3187 5916 autent
3233 5855 3532 5913 scabellutn
