4080 6336
623 305 732 378 199

1500 303 2093 368 ἸΠΕῡΡΗΥιΑεΤι
2128 301 2540 362 BULGAllI/E
2577 299 2929 366 ARCIIIEP.

3755 297 3862 365 200

619 424 818 494 pedum
846 421 985 493 ejus,
1013 433 1068 477 ut
1091 437 1162 476 ne
1187 421 1258 477 sit
1283 421 1433 475 locus
1460 418 1804 474 ltlulolall'lzm
1849 415 2009 471 Forte
2035 413 2173 468 enin

2291 413 2422 475 διον,
2453 413 2539 466 ῑνα
2571 413 2646 484 μὴ
2676 414 3056 486 εἰδωλολατρία
3088 411 3273 485 χώραν
3306 410 3424 484 tiu.
3471 409 3856 483 Ἐθεοποιήθη-

622 513 682 570 in
711 515 930 569 deorum
958 527 1240 567 numerum
1271 511 1440 567 relata
1469 509 1700 566 fuissent
1734 509 1998 563 elementa
2023 520 2052 560 s
2081 505 2182 576 ju-

619 604 870 660 rantibus
902 593 996 671 per
1028 618 1090 657 ea
1121 619 1134 655 :
1163 602 1216 656 id
1253 603 1393 671 quod
1424 613 1580 656 antea
1612 599 1811 654 factum
1845 608 1948 653 est.

693 695 858 752 Vnus.
892 694 982 750 56.
1023 713 1042 745 ι
1082 691 1266 762 Neque
1302 710 1400 765 per
1425 704 1588 764 caput
1617 703 1766 747 tuum
1807 691 2034 762 jurabis,
2058 688 2182 760 quia

621 804 728 842 nou
759 801 914 856 putes
942 801 1107 841 unum
1142 788 1310 854 pilum
1356 787 1538 841 album
1571 785 1653 840 vel
1677 786 1891 854 nigrum
1929 782 2127 836 facere.
2156 797 2174 832 ι

622 879 763 938 Deus
785 878 928 933 solus
969 891 1068 946 per
1095 879 1444 947 semetipsum
1483 878 1652 946 iurat,
1683 883 1866 944 utpote
1894 871 2022 927 nulli
2051 872 2184 928 sub-

613 966 791 1036 jectus
822 982 837 1019 :
873 981 972 1020 nos
1026 975 1205 1020 autem
1263 981 1384 1020 cum
1433 982 1538 1020 non
1571 966 1740 1021 simus
1785 973 1983 1019 nostra
2031 971 2183 1034 pote-

617 1059 798 1121 statis,
834 1072 940 1126 quo
993 1067 1150 1125 pacto
1197 1073 1291 1126 per
1341 1066 1503 1127 caput
1549 1064 1789 1110 nostrum
1839 1053 2186 1124 jurabimus'?

617 1149 836 1203 alterius
865 1149 1004 1202 enim
1034 1157 1116 1204 est
1146 1148 1434 1218 possessio.
1459 1145 1678 1202 Si'enim
1710 1157 1860 1202 tuum
1884 1155 1968 1202 est
1993 1156 2176 1215 caput,

616 1250 786 1304 muta,
830 1241 872 1292 si
899 1222 1070 1308 potes,
1108 1254 1270 1292 unum
1288 1239 1568 1308 capillum.

689 1332 850 1386 Vatis.
887 1332 974 1384 37.
1005 1349 1023 1382 ι
1045 1329 1315 1386 Sltsutem
1330 1345 1510 1385 sermo
1551 1340 1754 1394 vester,
1787 1329 1958 1384 etiam
1979 1327 2176 1383 etiam:

615 1437 743 1485 non,
785 1440 912 1475 non.
952 1440 970 1472 ι
1013 1419 1080 1475 Ut.
1110 1437 1175 1476 ne
1209 1422 1358 1474 dicas
1389 1441 1404 1477 :
1442 1422 1501 1474 Et
1532 1421 1806 1491 quomodo
1863 1419 2021 1473 ﬁdem
2049 1418 2179 1472 mihi

614 1511 926 1564 habebunt?
952 1513 1124 1579 inquit
1153 1527 1167 1562 ι
1208 1509 1264 1564 Si
1293 1527 1507 1580 semper
1538 1503 1660 1566 vere
1681 1511 1890 1566 locutus
1916 1507 2101 1570 fueris,
2128 1518 2181 1562 et

612 1618 884 1670 nunquam
944 1602 1236 1669 juraveris.
1292 1602 1430 1656 Nulli
1492 1603 1635 1656 enim
1695 1602 1874 1657 minus
1941 1601 2181 1655 creditur

613 1710 772 1761 quam
798 1696 845 1748 ei
868 1697 956 1763 qui
980 1695 1292 1764 frequenter
1317 1694 1482 1761 jnrat.
1517 1713 1534 1744 ι
1570 1693 1720 1761 Quod
1746 1705 1924 1747 autem
1949 1692 2179 1762 amplius

2288 519 2386 555 σαν
2421 503 2533 573 γὰρ
2563 505 2629 558 ἂν
2655 507 2722 560 τά
2747 508 2986 576 στοιχεῖα
3023 506 3175 577 παρὰ
3204 505 3314 560 τῶν
3345 508 3426 569 είς
3456 505 3600 562 αὐτὰ
3632 505 3857 576 ὀμνυόν·

2283 612 2416 651 τωνο
2449 597 2476 650 6
2501 597 2880 669 καὶπρότερον
2915 601 3151 668 ἐγένετο.

2362 708 2379 741 ι
2416 690 2567 760 Μήτι
2597 693 2654 744 ἐν
2686 694 2752 762 τῇ
2785 694 2991 762 κεφαλῇ
3020 709 3112 746 σου
3156 691 3386 763 ὀμόσῃς,
3425 691 3512 744 ὅτι
3535 691 3596 744 οὐ
3626 691 3854 745 δύνασαι

2286 779 2416 851 μίαν
2438 780 2600 851 τρίχα
2649 781 2848 850 λευκὴν
2893 783 2924 853 ἢ
2981 783 3237 853 μέλαιναν
3271 782 3517 851 ποιῆσαι.
3567 799 3586 831 s
3645 779 3704 832 Ὀ
3729 779 3859 841 Θεὸς

2286 871 2445 943 μόνος
2475 873 2665 943 ὀμνύει
2691 875 2814 927 καθ’
2867 874 3087 941 ἑαυτοῦ,
3119 875 3194 938 ὡς
3227 873 3418 946 μηδενὶ
3467 873 3857 942 ὑποκείμενος·

2281 966 2445 1037 ἡμεῖς
2473 967 2534 1021 δὲ
2572 967 2671 1021 οὒκ
2691 967 3097 1035 ἐξουσιάζοντες
3128 967 3359 1031 ἑαυτῶν,
3388 966 3506 1028 πῶς
3529 966 3595 1018 ἂν
3619 964 3858 1032 ὀμόσαι-

2285 1076 2386 1128 μεν
2417 1061 2557 1114 κατὰ
2577 1061 2675 1130 τῆς
2720 1060 2962 1130 κεφαλῆς
2994 1059 3181 1130 ἡμῶν;
3203 1059 3391 1127 ἑτέρου
3414 1057 3524 1128 γὰρ
3549 1056 3609 1109 τὸ
3639 1055 3850 1123 κτῆμα.

2283 1151 2345 1204 Ei
2377 1151 2484 1222 γὰρ
2512 1152 2577 1222 σή
2609 1153 2758 1204 ἐστιν
2789 1153 2822 1222 ἡ
2859 1153 3090 1222 κεφαλὴ,
3112 1144 3361 1216 ἄλλαξον,
3383 1149 3698 1211 είδύνασαι,
3734 1146 3862 1214 μίαν

2281 1247 2465 1316 τρίχα.

2359 1356 2378 1389 ι
2420 1338 2600 1390 Ἔστω
2632 1336 2688 1389 δὲ
2715 1336 2744 1389 6
2770 1335 2926 1400 λόγος
2953 1331 3129 1404 ὑμῶν,
3165 1331 3276 1395 ναὶ,
3314 1329 3398 1382 ναί
3421 1346 3434 1359 ο
3465 1327 3548 1391 οὓ,
3571 1325 3653 1380 οὗ.
3684 1345 3701 1377 ι
3742 1326 3862 1378 Ἰια

2285 1431 2360 1500 μὴ
2385 1430 2586 1502 stunc;
2607 1428 2716 1483 Καὶ
2741 1426 2856 1489 πῶς
2890 1425 3327 1495 πιστευθήσομαι
3355 1439 3370 1487 ;
3401 1420 3564 1492 φησίν
3592 1438 3597 1444 ·
3622 1419 3749 1471 Ἐὰν
3776 1415 3864 1470 ἀλ

2282 1523 2575 1595 ἀληθεύῃς,
2621 1524 2717 1576 καὶ
2752 1520 3016 1592 μηδέποτε
3060 1519 3287 1589 ὀμνύῃς.
3319 1515 3503 1578 Οὐδεὶς
3530 1514 3638 1582 γὰρ
3689 1509 3862 1571 οὕτως

2279 1617 2613 1680 ἀπιστεῖται,
2671 1615 2744 1676 ὡς
2791 1616 2820 1667 6
2864 1612 3173 1683 προχείρως
3223 1608 3457 1678 ὀμνύων.
3493 1625 3510 1658 ι
3551 1604 3626 1658 T6
3659 1603 3717 1656 δὲ
3759 1619 3858 1654 πε-

2285 1706 2470 1778 ρισσὸν
2505 1706 2732 1768 τούτων,
2761 1706 2824 1758 ὲδι
2865 1704 2956 1757 τοῦ
2989 1699 3228 1771 πονηροῦ
3263 1701 3401 1753 ἐστι.
3440 1718 3458 1749 ›
3506 1697 3580 1750 T6
3614 1693 3859 1762 ὀμνύειν,

614 1782 698 1838 his
735 1793 835 1849 est,
893 1802 921 1837 a
973 1784 1114 1838 malo
1163 1795 1263 1839 est.
1303 1804 1322 1836 ι
1361 1783 1554 1839 Jursre
1590 1786 1810 1854 (inquit)
1841 1794 1895 1838 el
1945 1783 2173 1851 adjicere

2281 1767 2435 1868 ίρησὶ,
2470 1800 2728 1870 περισσὸν
2750 1798 2812 1851 ὂν
2841 1797 2991 1865 παρά
3011 1796 3073 1849 τὸ
3102 1767 3190 1850 ναὶ
3230 1795 3326 1850 καὶ
3349 1793 3408 1844 τὸ
3432 1789 3522 1854 οὒ,
3553 1787 3648 1843 τοῦ
3677 1786 3862 1840 διαϐό-

611 1877 842 1946 amplius
869 1879 934 1931 ad
970 1877 1155 1931 Etiam
1188 1877 1266 1931 vel
1296 1876 1436 1939 Non,
1469 1892 1497 1929 a
1535 1876 1748 1929 diabolo
1789 1884 1891 1930 esi.
1929 1874 2096 1928 Porro
2133 1876 2177 1929 si

615 1968 819 2022 dixeris
847 1969 986 2035 quod
1038 1978 1086 2022 et
1143 1967 1224 2022 lex
1277 1967 1440 2022 Musis
1489 1967 1628 2020 mala
1657 1967 1782 2030 crit,
1812 1966 2068 2036 quoniam
2092 1965 2179 2036 ju-

610 2057 938 2130 rarejubel,
977 2058 1128 2112 disce
1174 2059 1313 2126 quod
1363 2071 1492 2111 tunc
1544 2072 1648 2111 non
1689 2065 1805 2110 erat
1843 2055 2040 2108 malum
2090 2056 2179 2125 ju-

611 2164 777 2203 rare:
815 2161 934 2219 post
975 2148 1246 2206 Christum
1297 2160 1476 2203 autem
1523 2148 1724 2202 malum
1783 2158 1885 2210 est,
1939 2149 2080 2202 sicut
2124 2157 2180 2201 et

610 2242 951 2308 circumcidi,
998 2253 1052 2297 et
1092 2243 1143 2298 ir
1177 2256 1408 2306 summa,
1455 2239 1715 2311 quidquid
1745 2249 1828 2294 est
1863 2238 2174 2294 Judaicutn.

608 2333 815 2403 Sugere
838 2335 982 2388 enim
1022 2347 1190 2404 puero
1217 2333 1492 2398 convenit,
1520 2332 1636 2387 viro
1668 2330 1915 2386 minime.

678 2423 844 2480 Vsus.
899 2425 988 2482 38.
1027 2442 1046 2477 ι
1092 2424 1335 2481 Audistis
1387 2425 1530 2495 quod
1563 2424 1762 2478 dictum
1800 2425 1890 2486 sit,
1946 2422 2174 2480 Oculum

609 2529 708 2586 pro
746 2516 927 2581 oculo,
978 2517 1191 2570 dentem
1260 2530 1358 2584 pro
1409 2515 1588 2570 dente.
1645 2533 1666 2567 ›
1707 2512 1814 2570 Lex
1844 2515 2192 2571 condescen-i

606 2606 740 2662 deus
802 2605 1062 2674 permittit
1089 2614 1149 2659 ul
1179 2607 1362 2659 eadem
1399 2605 1520 2673 quis
1543 2605 1779 2672 patiatur
1809 2619 1927 2674 qum
1961 2603 2170 2667 inﬂixit,

605 2705 664 2751 ut
694 2712 762 2753 ne
797 2709 981 2751 mutuo
1033 2712 1092 2751 se
1140 2695 1433 2760 olendant,
1486 2696 1700 2755 timore.
1742 2709 1809 2751 ne
1860 2696 2048 2751 eadem
2078 2711 2174 2766 pa-

606 2787 834 2850 tiantur,
869 2786 1166 2840 absterriti.

680 2877 847 2933 γω.
882 2878 972 2934 39.
1007 2895 1024 2930 ι
1060 2877 1169 2946 Ego
1195 2887 1371 2933 autem
1409 2878 1530 2934 dico
1560 2876 1734 2942 vobis,
1771 2886 1832 2932 ut
1864 2893 1929 2933 ne
1953 2879 2175 2934 resista-

607 2969 679 3023 tis
702 2968 845 3023 malo
876 2982 892 3020 :
924 2967 1018 3022 sed
1041 2967 1290 3036 quisquis
1321 2964 1604 3036 impegerit
1643 2965 1854 3035 alapam
1894 2965 1948 3018 in
1987 2966 2174 3021 dexte-

2281 1892 2372 1944 λου
2397 1891 2564 1945 ἐστίν.
2615 1889 2752 1943 Ἀλλ’
2785 1891 2951 1960 ἐρεῖς,
2981 1889 3064 1941 διιι
3093 1890 3200 1941 Καὶ
3247 1884 3434 1938 λοιπὸν
3473 1885 3500 1937 6
3540 1881 3702 1950 νόμος
3734 1879 3864 1932 Μω-

2284 1981 2444 2046 σέως,
2473 1979 2707 2034 κελεύων
2735 1979 2980 2050 ὀμνύειν,
3013 1977 3250 2048 πονηρὸς
3295 1971 3393 2047 ἧνς
3440 1973 3594 2029 Μάθε
3628 1973 3744 2038 οὖν,
3779 1973 3862 2024 ὅτι

2277 2071 2380 2123 οὐκ
2404 2066 2474 2140 ἦν
2506 2073 2740 2142 πονηρὸν
2791 2072 2909 2124 τότε
2943 2070 3003 2121 τὸ
3033 2069 3252 2139 ὀμνύειν
3275 2083 3291 2098 °
3346 2066 3484 2138 μετά
3517 2065 3573 2118 δὲ
3598 2063 3859 2134 Χριστὸν,

2279 2161 2396 2214 ἔστι
2445 2162 2716 2231 πονηρόνο
2782 2160 2974 2229 ὥσπερ
3022 2158 3209 2213 καὶτὸ
3258 2156 3708 2227 περιτέμνεσθαι,
3764 2155 3861 2206 καὶ

2279 2253 2464 2317 ἁπλῶς
2488 2253 2547 2306 τὸ
2607 2251 2940 2318 Ἰουδαΐζειν.
2984 2253 3135 2305 Ἐπεὶ
3166 2253 3261 2306 καὶ
3313 2250 3372 2304 τὸ
3419 2249 3699 2319 Θηλάξειν,
3747 2249 3862 2310 τοῖς

2283 2344 2382 2415 μὲν
2414 2345 2648 2404 παιδίοις
2678 2346 2928 2415 ἁρμόζει,
2973 2347 3090 2407 τοῖς
3106 2343 3162 2395 δὲ
3195 2342 3450 2412 ἀνδράσιν
3490 2339 3748 2409 αίσχύνη.

2353 2456 2372 2487 ι
2429 2438 2725 2491 Ἠκούσατε
2743 2439 2824 2490 ὅτι
2851 2438 3069 2510 ἐρρέθη,
3089 2435 3379 2506 ’0,ςοα).μδε
3416 2436 3535 2488 ἀντὶ
3555 2432 3859 2503 ὀφθαλμοῦ,

2279 2530 2372 2580 καὶ
2407 2528 2597 2582 ὀδόντα
2632 2529 2757 2581 ἀντὶ
2805 2527 3038 2584 ὀδόντος.
3087 2549 3106 2581 ι
3167 2527 3227 2579 ’0
3277 2527 3439 2594 νόμος
3489 2520 3861 2591 συγκαταϐαί⁴

2278 2637 2384 2672 νων
2451 2617 2750 2688 συνεχώρει
2788 2617 2885 2688 τὴν
2917 2618 3338 2682 ταυτοπάθειαν,
3379 2617 3464 2671 ἵνα
3492 2614 3642 2686 φόϐῳ
3671 2612 3768 2667 τοῦ
3790 2610 3860 2666 τὰ

2275 2705 2369 2764 ῐσα
2399 2711 2614 2776 παθεῖν,
2643 2711 2719 2782 μὴ
2752 2709 3009 2764 ἀδικῶσιν
3045 2710 3331 2782 ἀλλήλους.

2351 2903 2369 2938 ι
2420 2885 2562 2954 Ἐγὼ
2593 2885 2649 2939 δὲ
2680 2887 2823 2955 λέγω
2853 2888 3004 2955 ὑμῖν,
3045 2889 3119 2958 μὴ
3153 2889 3468 2958 ἀντιστῆναι
3497 2879 3575 2955 τῷ
3607 2882 3857 2954 πονηρῷ,

2274 2977 2391 3031 ἀλλ’
2426 2978 2575 3041 ὅστις
2613 2993 2670 3029 σε
2695 2976 2923 3047 ραπίσει
2950 2978 3044 3030 ἰπὶ
3067 2977 3168 3047 τὴν
3205 2976 3386 3042 δεξιὰν
3414 2975 3664 3044 σιαγόνα,
3697 2976 3854 3045 στρέ-

608 3072 724 3113 ram
775 3067 917 3112 tuam
979 3056 1275 3121 maxillam,
1325 3057 1550 3111 obverle
1609 3055 1657 3110 ei
1719 3063 1773 3111 ei
1832 3055 2084 3112 alteram.
2146 3075 2165 3109 ι

2276 3067 2376 3138 ψον
2408 3065 2556 3136 αύτῴ
2601 3065 2699 3120 καὶ
2741 3066 2839 3134 τὴν
2872 3065 3062 3136 ἀλλην.
3117 3085 3136 3118 ι
3187 3065 3427 3136 Πονηρδν
3472 3063 3707 3117 ἐνταῦθα
3763 3063 3854 3116 τίν

603 3148 800 3205 Malum
837 3149 923 3205 hic
954 3149 1224 3204 diabolum
1271 3157 1448 3208 vocat.
1493 3147 1583 3217 qui
1609 3162 1707 3217 per
1736 3147 2010 3203 hominem
2044 3162 2174 3218 ope-

605 3251 776 3298 ratur.
815 3241 929 3297 Non
953 3227 1357 3312 oportetigitur
1383 3241 1651 3298 obsistere
1681 3240 1934 3296 diabolo?
1961 3241 2131 3296 Etiam
2156 3258 2171 3295 :

603 3343 658 3388 sl
691 3350 799 3389 non
825 3345 909 3390 est
947 3333 1444 3404 repercutiendum,
1484 3332 1580 3388 sed
1627 3333 2025 3390 sustinendum.
2055 3334 2172 3390 Non

603 3426 748 3480 enim
781 3425 892 3496 igni
918 3424 1277 3496 exstinguitur
1305 3424 1465 3493 ignis,
1502 3426 1594 3478 sed
1614 3438 1774 3492 aqua.
1793 3422 1870 3478 Ne
1898 3426 2175 3480 existimes

604 3526 782 3571 autem
811 3516 952 3586 quod
1003 3515 1256 3585 loquatur
1288 3515 1460 3570 solum
1492 3516 1559 3570 de
1585 3517 1941 3585 percussione
1981 3517 2174 3572 maxil-

604 3609 688 3676 la',
717 3610 806 3664 sed
844 3609 909 3664 de
930 3609 1076 3664 omni
1115 3607 1220 3662 alio
1251 3607 1394 3663 malo
1428 3610 1570 3676 quod
1607 3606 1888 3678 inﬂigitur.

677 3789 850 3847 Vsus.
881 3791 971 3848 40.
1004 3811 1022 3844 ι
1057 3793 1116 3845 Et
1149 3791 1198 3847 el
1238 3793 1330 3862 qui
1370 3791 1483 3846 vult
1515 3800 1687 3847 tecum
1719 3771 1971 3859 judicari,
2005 3799 2059 3845 et
2093 3799 2174 3845 tu-

605 3885 781 3940 nicam
851 3895 991 3938 tuam
1054 3884 1273 3947 tollere,
1336 3885 1592 3953 permitte
1647 3883 1695 3937 ei
1749 3893 1805 3936 et
1852 3883 2097 3952 pallium.
2148 3899 2168 3934 ι

602 3975 828 4031 Etiamsi
863 3978 1078 4044 quando
1107 3985 1158 4031 le
1187 3973 1256 4028 ad
1284 3975 1526 4042 judicem
1581 3973 1768 4028 trahat
1816 3979 1872 4026 el
1899 3971 2171 4037 oblurbet,

605 4075 731 4121 tunc
759 4068 969 4121 dimitte
995 4068 1042 4121 ei
1082 4067 1304 4136 pallium
1337 4083 1351 4119 :
1399 4079 1506 4118 non
1556 4065 1608 4119 si
1657 4063 1973 4133 simpliciter
2004 4073 2168 4131 petat.

604 4154 808 4211 Tunica
844 4157 1058 4226 proprie
1092 4156 1290 4211 dicitur
1342 4169 1501 4224 quam
1537 4154 1854 4210 subuculam
1899 4155 1981 4208 vel
2013 4155 2170 4208 indu-

601 4250 746 4304 sinm
803 4263 1056 4303 vocamus
1108 4263 1123 4302 :
1203 4248 1448 4315 pallium,
1499 4261 1606 4314 quo
1670 4247 1814 4299 illam
1869 4245 2100 4314 legimus
2148 4263 2162 4300 :

601 4342 845 4411 quamvis
874 4355 1014 4409 sape
1035 4339 1138 4394 alia
1169 4353 1265 4409 pro
1299 4340 1419 4392 aliis
1450 4339 1714 4394 dicantur.

2274 3157 2523 3212 διάϐολον
2560 3157 2731 3226 λέγει,
2779 3157 2873 3210 τὸν
2926 3155 3014 3211 διὰ
3040 3155 3135 3210 τοῦ
3170 3155 3458 3226 ἀνθρώπου
3502 3155 3850 3226 ἐνεργοῦντα.

2277 3251 2353 3304 Οὐ
2385 3249 2466 3304 δεῖ
2493 3247 2586 3303 οὖν
2617 3249 2976 3304 ἀπίστασθαι
3006 3248 3084 3316 τῷ
3113 3248 3379 3318 διαϐόλῳ;
3418 3247 3543 3312 vui;
3577 3247 3696 3299 ἀλλ’
3728 3247 3848 3315 οὐχὶ

2274 3343 2361 3396 διὰ
2386 3342 2481 3395 τοῦ
2530 3341 2938 3412 ἀντι-πλήττειν,
2991 3340 3125 3394 ἀλλά
3157 3340 3246 3393 διὰ
3286 3340 3380 3394 τοῦ
3427 3337 3744 3408 ὑπομένειν.
3773 3339 3850 3391 Οὐ

2274 3434 2383 3504 γὰρ
2419 3435 2553 3501 πυρὶ
2584 3431 2870 3487 σϐέννυται
2900 3433 3033 3502 πῦρ,
3088 3431 3205 3485 ἀλλ’
3236 3431 3409 3485 ὕδατι.
3443 3431 3532 3500 Μὴ
3565 3429 3758 3499 νόμιζε
3789 3428 3848 3481 δὲ

2272 3527 2355 3580 ὃτι
2383 3510 2513 3598 περὶ
2552 3527 2651 3596 τῆς
2683 3526 2764 3588 είς
2809 3525 2909 3596 τὴν
2942 3524 3170 3593 σιαγόνα
3218 3523 3433 3594 πληγῆς
3466 3523 3616 3590 λέγει
3651 3522 3842 3592 μόνης,

2273 3613 2409 3666 ἀλλά
2458 3615 2555 3666 καὶ
2611 3615 2739 3679 περὶ
2791 3613 2975 3681 πάσης
3030 3612 3196 3682 ἀλλης
3238 3615 3331 3664 καὶ
3385 3611 3589 3674 παντὸς
3659 3610 3852 3674 ἁπλῶς

2271 3703 2466 3759 δεινοῦ.
3021 3710 3038 3723 “

2349 3814 2368 3848 ι
2407 3795 2517 3849 Καὶ
2562 3794 2640 3865 τῷ
2684 3794 2888 3848 θέλοντί
2928 3812 3010 3848 σοι
3065 3793 3345 3865 κριθῆναι,
3376 3795 3469 3848 καὶ
3503 3793 3597 3847 τὸν
3641 3793 3852 3863 χιτῶνά

2275 3906 2371 3942 σου
2408 3885 2618 3952 λαϐεῖν,
2654 3888 2792 3955 ἄφες
2835 3885 2982 3954 αὐτῷ
3013 3888 3108 3939 καὶ
3152 3886 3213 3939 τὺ
3267 3888 3502 3956 ἱμάτιον.
3543 3904 3561 3936 ι
3609 3886 3738 3939 Ἐὰν
3769 3885 3853 3948 είς

2271 3979 2620 4050 δικαστήριόν
2650 3997 2707 4033 σε
2743 3979 2876 4051 ἕλκῃ
2911 3981 3004 4032 καὶ
3034 3980 3189 4048 όχλῇ,
3239 3980 3374 4044 ἄφες
3406 3976 3555 4046 αὐτῷ
3590 3979 3685 4030 καὶ
3720 3977 3853 4046 ίμά-

2269 4088 2414 4123 τιονο
2464 4073 2565 4123 οὐκ
2595 4073 2690 4124 ἐὰν
2755 4069 2941 4133 ἁπλῶς
2998 4071 3159 4138 ζητῇ.
3195 4069 3382 4122 Χιτὼν
3437 4069 3494 4121 δὲ
3533 4069 3762 4137 κυρίως,
3789 4071 3853 4122 τὸ

2273 4157 2402 4226 παρ’
2454 4157 2589 4225 ἡμῖν
2639 4155 2932 4224 λεγόμενον
2972 4154 3314 4223 ὑποκάμιοον
3345 4168 3360 4182 θ
3407 4154 3620 4220 ἱμάτιον
3658 4154 3715 4207 δὲ
3741 4195 3755 4219 ,
3788 4156 3852 4207 τὸ

2271 4245 2699 4314 ἐπιϐαλλόμενον
2723 4265 2736 4278 ·
2787 4245 2926 4316 πλὴν
2958 4245 3052 4297 καὶ
3083 4243 3198 4298 ἀντ’
3227 4243 3478 4314 ἀλλήλων
3505 4244 3574 4296 τά
3606 4244 3852 4314 ὀνόματα

2271 4336 2542 4405 λέγονται.
2587 4369 2590 4372 ~

674 4433 834 4486 \‘sns.
855 4433 975 4485 ΜΛ
1007 4432 1070 4485 Et
1090 4433 1180 4500 qui
1208 4442 1258 4486 le
1278 4435 1515 4499 adegerit
1543 4431 1607 4484 ad
1637 4429 1945 4483 milliarium
1979 4444 2160 4493 unum,

2354 4449 2372 4481 ι
2412 4430 2522 4484 Καὶ
2548 4430 2695 4490 ὅστις
2729 4445 2789 4481 σε
2823 4428 3159 4500 ἀγγαρεύσει
3196 4428 3369 4497 μίλιον
3402 4432 3480 4492 ἐν,
3521 4428 3706 4497 ὕπαγε
3729 4433 3852 4498 μετ’

603 4528 738 4578 vade
775 4542 894 4577 cunt
931 4539 996 4577 eo
1022 4524 1147 4576 duo.
1196 4543 1214 4574 ι
1269 4523 1405 4588 Quid
1455 4525 1596 4584 dico,
1642 4522 1748 4590 30
1788 4522 1983 4589 inquit,
2021 4524 2165 4574 tuni-

603 4631 721 4668 cam
758 4625 811 4668 et
841 4615 1100 4681 pallium?
1155 4615 1318 4668 etiam
1368 4629 1566 4683 corpus
1599 4627 1745 4667 tuum
1803 4615 1870 4665 da
1911 4615 1958 4667 ei
1997 4615 2168 4680 quite

603 4711 804 4779 injuste
837 4711 1021 4774 trahit,
1045 4708 1360 4777 et‘stnplius
1400 4724 1561 4777 quam
1595 4708 1684 4760 ille
1717 4707 1850 4769 vult,
1891 4707 2079 4762 facito.

675 4799 839 4858 Vsus.
869 4801 955 4852 42.
990 4818 1008 4850 ι
1054 4801 1270 4854 l’etenlt
1288 4803 1386 4854 abs
1413 4811 1486 4865 te,
1521 4802 1587 4852 da
1617 4818 1630 4852 :
1671 4810 1724 4852 et
1756 4800 2024 4852 volentem
2053 4816 2080 4853 a
2116 4809 2165 4854 te

600 4903 841 4946 mutuum
890 4891 1167 4959 accipere,
1227 4906 1292 4944 ne
1345 4890 1633 4945 averseris.
1693 4906 1711 4940 ι
1754 4890 1882 4944 Sive
1933 4892 2160 4958 amicus,

603 4987 717 5039 sive
759 4984 1033 5045 inimicus,
1083 4985 1200 5036 sive
1255 4984 1507 5047 inﬁdelis,
1563 4983 1678 5036 sive
1712 4983 1966 5051 pecunias
2000 4993 2164 5051 petat,

601 5080 712 5130 sive
737 5075 995 5128 auxilium
1024 5076 1188 5128 aliud.
1214 5076 1460 5129 Mutuum
1491 5085 1791 5128 autemnon
1810 5090 1930 5129 cum
1956 5074 2165 5130 fmuore

600 5169 755 5230 dicit,
784 5168 876 5221 sed
904 5165 1224 5234 simpliciter
1269 5181 1448 5219 usum.
1478 5163 1610 5218 Nam
1644 5174 1697 5218 et
1728 5165 1780 5217 in
1819 5165 1933 5234 lege
1962 5166 2166 5234 absque

600 5272 761 5312 usara
800 5269 1041 5311 mutuum
1085 5255 1304 5311 dabant.

679 5346 836 5402 Vsus.
861 5347 952 5411 45,
977 5347 1070 5401 44.
1112 5365 1132 5398 ι
1172 5347 1410 5401 Audistis
1437 5345 1578 5415 quod
1609 5347 1807 5401 dictum
1835 5355 1937 5412 est,
1972 5347 2164 5416 Diliges

601 5441 904 5508 proximum
969 5452 1140 5505 tuum,
1166 5448 1216 5494 et
1244 5440 1368 5493 odio
1428 5439 1651 5494 habebis
1689 5439 1966 5491 inimicum
1992 5446 2163 5491 luunt.

600 5529 714 5599 Ego
747 5541 928 5596 autem
958 5532 1078 5584 dico
1110 5531 1282 5593 vobis,
1320 5530 1534 5599 Diligite
1576 5531 1826 5584 inimicos
1869 5539 2102 5583 vestros.
2143 5548 2160 5579 ι

607 5619 758 5674 Venit
787 5621 850 5674 ad
878 5623 1131 5677 verticem
1174 5622 1431 5675 virtutum
1459 5640 1470 5675 :
1507 5622 1635 5691 quid
1665 5622 1810 5676 enim
1836 5620 1926 5675 illo
1959 5621 2167 5689 majus?

603 5710 720 5767 Non
744 5723 826 5768 est
843 5724 1017 5768 autem
1046 5715 1401 5784 impossibile.
1429 5718 1602 5770 Moses
1633 5717 1776 5769 enim
1809 5713 2166 5768 ctl‘auluslu-

2269 4522 2432 4574 αὐτοῦ
2459 4522 2572 4576 δύο.
2618 4542 2635 4572 ι
2672 4505 2742 4573 Τί
2771 4521 2937 4588 λέγω,
2968 4522 3156 4588 φησιν,
3195 4521 3387 4590 ίμάτια
3432 4523 3525 4574 καὶ
3572 4523 3848 4591 χιτῶναςς

2275 4613 2369 4664 καὶ
2401 4613 2534 4664 αὐτὸ
2557 4613 2616 4663 τὸ
2648 4612 2809 4679 σῶμά
2855 4629 2951 4666 σου
2995 4613 3081 4674 δὺς
3125 4612 3201 4681 τῷ
3234 4614 3436 4675 ἀδίκως
3476 4615 3713 4679 ἕλκοντι,
3752 4619 3851 4670 καὶ

2276 4704 2469 4766 πλέον,
2496 4704 2530 4770 ἢ
2560 4704 2765 4766 ἐκεῖνος
2797 4703 3068 4772 βούλεται,
3108 4705 3355 4773 ποίησον.

2347 4813 2364 4845 ι
2414 4793 2502 4864 Τῷ
2535 4793 2778 4868 αἰτοῦντί
2804 4812 2863 4848 σε
2895 4795 3061 4855 δίδου,
3115 4797 3320 4850 καὶτὸν
3349 4797 3572 4850 θέλοντα
3607 4801 3718 4854 ἀπὸ
3749 4802 3848 4853 σοῦ

2268 4887 2640 4952 δανείσασθαι,
2701 4889 2777 4958 μὴ
2811 4890 3195 4960 ἀποστραφῇς.
3237 4908 3254 4940 s
3325 4892 3440 4944 Κᾶν
3477 4892 3693 4963 ἐχθρὸς,
3743 4894 3848 4946 κᾶν

2270 4980 2442 5048 φίλος,
2474 4981 2575 5034 κᾶν
2603 4983 2856 5044 ἄπιστος,
2887 4983 3000 5034 εἴτε
3032 4986 3288 5052 χρήματα
3318 4982 3491 5054 ζητεῖ,
3525 4988 3634 5039 sit:
3676 4987 3848 5056 ἀλλην

2273 5070 2544 5140 βοήθειαν.
2582 5075 2860 5142 Δάνεισμα
2890 5075 2967 5135 δὲ,
2997 5074 3057 5125 οὐ
3096 5075 3156 5126 τὸ
3195 5075 3290 5126 σὺν
3319 5081 3464 5146 τόκῳ
3504 5077 3673 5144 λέγει,
3711 5079 3849 5134 ἀλλὰ

2267 5164 2366 5235 τὴν
2395 5165 2580 5226 ἁπλῶς
2629 5165 2851 5234 χρῆσιν.
2909 5167 3062 5218 Ἐπεὶ
3121 5169 3215 5220 καὶ
3254 5172 3312 5222 ὲν
3361 5170 3437 5239 τῷ
3480 5171 3633 5241 νόμῳ
3678 5176 3849 5242 χωρῖς

2267 5258 2428 5310 τόκου
2458 5258 2749 5320 ὲδάνειξον.

2345 5368 2363 5400 ι
2417 5349 2716 5404 Ἠκούσατε
2744 5352 2825 5404 ὅτι
2854 5353 3051 5425 ὲρῤέθη
3074 5371 3088 5385 ο
3133 5355 3463 5424 Ἀγαπήσεις
3496 5357 3588 5410 τὸν
3618 5358 3849 5429 πλησίον

2270 5453 2388 5503 σου,
2409 5443 2504 5494 καὶ
2526 5444 2780 5512 μισήσεις
2808 5446 2901 5499 τὸν
2927 5447 3122 5517 ἐχθρόν
3156 5463 3276 5501 σου⁹
3317 5449 3426 5517 ἐγὼ
3446 5451 3503 5503 δὲ
3528 5449 3672 5518 λέγω
3692 5453 3845 5522 ὑμῖν·

2283 5529 2556 5601 Ἀγαπᾶτε
2605 5535 2732 5598 τοὺς
2759 5537 2984 5607 ἐχθροὺς
3025 5529 3196 5608 ὑμῶν.
3235 5559 3254 5593 ι
3293 5541 3568 5609 Ἕφϐασεν
3608 5545 3704 5596 ἐπὶ
3749 5545 3850 5614 τὴν

2271 5625 2528 5696 κορυφὴν
2554 5625 2659 5678 τῶν
2703 5629 2914 5704 ἀρετῶν
2942 5645 2954 5659 ι
3010 5630 3060 5682 τί
3103 5631 3209 5704 γὰρ
3257 5631 3444 5686 τούτου
3477 5635 3664 5703 μεῖζον
3690 5653 3706 5701 ;
3732 5637 3852 5689 Οὐκ

2272 5717 2533 5772 ἀδύνατον
2557 5718 2634 5770 δέ.
2668 5719 2868 5788 Μωσῆς
2897 5721 3004 5791 γὰρ
3031 5723 3120 5775 καὶ
3150 5723 3358 5788 Παῦλος
3379 5726 3502 5790 τοὺ,
3526 5727 3646 5781 κατ’
3665 5727 3852 5783 αὐτῶν
