4080 6336
263 332 367 398 τοι

904 334 1348 398 ΕΝΑΒΒᾹΤΙΟ
1388 336 1469 396 IN
1513 333 1799 396 EVANGE

1907 333 2011 395 ΗΜ
2053 340 2513 403 MATTH/EL—
2539 345 2696 405 CAP.
2749 345 2844 405 VI.

3393 349 3461 413 20
3473 353 3498 414 3

262 445 573 509 λυττῶντας
623 444 931 514 Ἰουδαίους,
966 449 1106 529 ύπὲρ
1137 449 1364 513 ἑαυτοὺς
1386 448 1702 521 ἠγάπησαν,
1729 466 1794 502 κα

1930 449 2073 506 deos
2133 464 2321 509 contra
2372 471 2432 512 se
2493 456 2848 525 insanientes,
2884 459 3001 528 plus
3066 474 3226 527 quam
3290 464 3499 532 scipsos

263 535 467 600 πάντες
499 537 549 588 οί
600 536 744 604 ἀγιοι
784 540 909 602 τοὺς
961 539 1185 611 ἐχθροὺς
1221 541 1450 595 αὐτῶν.’
1483 559 1501 592 ι
1543 542 1825 608 Εὑλογείτε

258 635 390 692 τοὺς
424 630 849 700 καταρωμένους
882 631 1045 702 ὑμᾶς,
1077 633 1253 697 καλῶς
1287 636 1492 688 ποιεῖτε
1508 636 1620 701 τοῖς
1644 632 1826 704 μισοῦ-

270 737 363 774 σιν
409 723 573 792 ὑμᾶς,
602 723 695 776 καὶ
723 723 1083 793 προσεύχεσθε
1115 725 1254 796 ὑπὲρ
1278 726 1387 781 τῶν
1415 728 1826 797 ἐπηρεαζόντων

259 811 406 882 ὑμᾶς
462 814 553 866 καὶ
587 813 889 867 διωκόντων
920 815 1080 884 ὑμᾶς.
1121 835 1137 866 t
1178 816 1268 881 Ὠς
1302 819 1410 888 γὰρ
1432 818 1726 887 εὑεργὲτας
1745 818 1827 870 δεῖ

257 902 460 966 αὐτοὺς
487 903 649 972 ἔχειν.
689 903 802 967 Πᾶς
827 904 933 976 γὰρ
956 906 984 957 ὁ
1009 905 1220 959 διώκων
1251 908 1343 959 καὶ
1375 903 1674 977 πειράζων,
1700 910 1824 961 ἐλα-

259 990 455 1060 φρύνει
485 992 614 1061 ἡμῖν
630 991 727 1061 τὴν
772 993 912 1064 ὑπὲρ
943 994 1051 1048 τῶν
1083 995 1496 1066 ἁμαρτημάτων
1530 997 1820 1067 τιμωρίαν.

261 1081 471 1145 Ἀλλως
487 1098 566 1146 τε,
598 1085 694 1135 καὶ
715 1083 844 1136 ὅταν
863 1084 1175 1154 τηλικοῦτον
1193 1084 1425 1140 ἔπαθλον
1441 1086 1657 1142 δίδωσιν
1691 1091 1822 1159 ἡμῖν

251 1170 282 1223 ὁ
310 1171 464 1234 Θεὸς.
503 1173 706 1226 Ἀκουε
733 1174 858 1243 γάρ·

332 1282 350 1313 ι
393 1264 577 1327 Ὅπως
625 1265 856 1334 γένησθε
909 1265 1015 1318 υἱοὶ
1051 1264 1145 1318 τοῦ
1185 1267 1395 1339 Πατρὺς
1446 1268 1600 1339 ὑμῶν
1637 1268 1731 1322 τοῦ
1766 1270 1821 1322 ὲν

252 1354 373 1416 τοῖς
427 1354 701 1423 ούρανοῖς’
756 1346 965 1407 ὃτι⁸τὸν
1009 1356 1160 1426 ἥλιον
1200 1358 1366 1412 αὐτού
1409 1357 1691 1412 ἀνατέλλει
1729 1359 1822 1411 ἐπὶ

253 1445 526 1514 πονηροὺς
555 1448 647 1498 καὶ
679 1447 939 1514 ἀγαθοὺς,
971 1450 1063 1502 καὶ
1097 1449 1279 1521 βρέχει
1309 1451 1403 1504 ἐπὶ
1450 1451 1695 1514 δικαίους
1726 1451 1821 1505 καὶ

248 1535 493 1598 ἀδίκους.
533 1556 549 1586 ι
607 1538 752 1609 Opi;
786 1538 1014 1609 πηλίκον
1038 1541 1242 1608 ἀγαθὸν
1271 1541 1451 1596 δίδωσί
1482 1545 1621 1604 σοιὸ
1645 1542 1819 1613 μισῶν

249 1641 314 1677 σε
358 1630 457 1680 καὶ
529 1629 873 1698 ἐπηρεάζων,
927 1630 1024 1684 ἐὰν
1057 1632 1216 1701 μόνον
1271 1633 1431 1705 θέλῃς
1485 1635 1814 1706 ὑπομένεινς

1931 541 2244 611 diligebant,
2286 534 2342 600 et
2373 561 2565 602 omnes
2620 550 2796 602 sancti
2829 566 2957 605 suos
2977 551 3258 608 inimicos.
3295 571 3314 606 ι
3351 555 3496 610 Bene

1931 636 2223 702 precemiui
2247 638 2632 694 devoventibus
2652 654 2767 705 vos,
2803 642 3100 699 benefacilc
3132 645 3214 699 his
3244 648 3334 715 qui
3368 647 3498 702 ode-

1933 735 2057 779 runt
2090 743 2201 795 vos,
2231 740 2281 783 et
2311 740 2464 787 orate
2498 747 2591 801 pro
2629 731 2713 786 his
2763 734 2852 801 qui
2889 735 3093 791 laedunt
3126 745 3179 791 et
3217 738 3496 794 insectan-

1931 825 2014 868 tur
2044 833 2160 874 vos.
2203 839 2221 872 ι
2276 821 2422 877 lnter
2449 823 2824 880 benefactores
2871 837 3080 896 oportet
3117 829 3238 883 illos
3271 829 3493 884 habere.

1927 911 2114 967 Omnis
2145 915 2288 968 enim
2330 916 2420 984 qui
2455 932 2552 970 nos
2576 928 2743 973 tentat
2765 929 2820 973 et
2849 921 3210 990 persequitur,
3240 921 3494 976 leviorem

1928 1007 2057 1063 facit
2086 1025 2301 1080 pmnam
2332 1028 2491 1081 quam
2531 1031 2625 1086 pro
2671 1015 2910 1085 peccatis
2965 1012 3106 1067 ferre
3150 1015 3492 1068 deberemus.

1926 1100 2098 1155 Etiam
2158 1104 2261 1157 alia
2314 1105 2547 1170 ratione,
2594 1120 2783 1175 nempe
2806 1104 2932 1174 quia
2967 1103 3128 1157 talem
3187 1105 3493 1159 mercedem

1927 1192 2081 1248 nobis
2111 1194 2201 1249 dat
2240 1196 2395 1251 Deus.
2433 1198 2571 1250 Audi
2603 1197 2744 1251 enim
2773 1213 2786 1250 :

1996 1281 2158 1338 Vens.
2183 1285 2273 1341 43.
2313 1304 2332 1338 ι
2380 1285 2446 1342 Ut
2478 1289 2596 1343 sitis
2628 1286 2719 1343 ﬁlii
2747 1287 2922 1342 Patris
2958 1287 3123 1342 vestri
3175 1289 3267 1358 qui
3307 1296 3389 1343 est
3440 1288 3492 1343 ln

1925 1375 2076 1429 cmlis
2111 1393 2125 1430 :
2167 1379 2291 1444 quia
2333 1381 2500 1435 solem
2543 1397 2698 1435 suum
2733 1381 2933 1435 exoriri
2982 1381 3112 1435 sinit
3140 1396 3300 1449 super
3325 1380 3495 1435 bonos

1922 1473 1975 1518 et
2007 1467 2197 1533 malos,
2232 1476 2286 1523 et
2314 1468 2450 1539 pluit
2502 1473 2853 1541 superjnstos
2894 1481 2946 1526 et
2979 1470 3226 1540 injustas.
3263 1490 3282 1523 ι
3332 1471 3496 1527 Vides

1921 1569 2182 1624 quantum
2217 1559 2412 1615 bonum
2436 1561 2530 1616 dat
2571 1562 2666 1616 tibi
2696 1565 2785 1633 qui
2813 1574 2863 1618 te
2901 1564 3015 1618 odit
3044 1575 3098 1618 ct
3126 1564 3291 1630 laedit,
3330 1567 3493 1621 modo

1921 1649 2189 1706 sustinere
2217 1652 2350 1706 velis
2376 1670 2390 1706 :
2416 1652 2520 1709 Per
2542 1654 2777 1723 pluviam
2816 1666 2995 1710 autem
3031 1664 3082 1711 et
3119 1656 3287 1712 solem
3328 1658 3491 1713 intel-

247 1721 461 1790 Βροχὴν
499 1721 556 1774 δὲ
606 1724 700 1775 καὶ
725 1723 877 1792 ἥλιον
916 1723 1047 1788 νόει,
1087 1725 1180 1778 καὶ
1214 1725 1312 1797 τὴν
1346 1727 1547 1795 γνῶσιν
1597 1727 1691 1781 καὶ
1715 1727 1799 1798 rip

1921 1738 2027 1805 lige
2079 1739 2240 1795 etiam
2304 1721 2606 1798 doctrinam
2642 1755 2694 1800 et
2738 1746 3043 1802 scientiam.
3104 1748 3306 1803 Omnes
3341 1749 3488 1804 enim

151 1882 159 1888 .
240 1811 616 1866 διδασκαλίαν·
677 1814 883 1879 πάντας
926 1816 1035 1889 γὰρ
1082 1818 1110 1871 ὁ
1138 1817 1271 1883 Θεὸς
1318 1821 1542 1889 φωτίζει
1584 1822 1677 1874 καὶ
1733 1797 1799 1874 δι-

1925 1829 2065 1886 Deus
2101 1831 2339 1888 illustrat
2373 1842 2426 1889 et
2457 1837 2630 1892 docet.

238 1917 452 1955 οασκει.

327 2011 346 2043 ι
397 1994 521 2047 Ἐάν
543 1993 652 2066 γάρ
690 1996 939 2075 ἀγαπᾶτε
967 2000 1094 2063 τοὺς
1127 2001 1456 2068 ἀγαπῶντας
1493 2005 1656 2076 ὑμᾶς,
1691 2006 1810 2058 τίνα

243 2084 442 2154 μισθὸν
475 2087 666 2158 ἔχετε;
719 2090 842 2161 οὐχ).
888 2092 981 2144 καὶ
1004 2094 1054 2145 οί
1099 2095 1329 2149 τελῶναι
1364 2097 1423 2148 τὸ
1450 2097 1580 2149 αὐτὸ
1624 2097 1810 2153 ποιοῦο

240 2194 379 2244 σιν;
424 2198 441 2231 ι
497 2180 802 2251 Φρίξωμεν,
867 2184 996 2238 ὅταν
1046 2185 1180 2255 μηδὲ
1232 2188 1337 2240 τεῒν
1370 2188 1616 2241 τελωνῶν
1663 2185 1811 2260 ὦμεν

237 2272 369 2336 ἴσοι,
419 2273 552 2325 ἀλλὰ
581 2275 676 2326 καὶ
705 2277 830 2339 τοὺς
855 2277 1184 2345 ἀγαπῶντας
1213 2279 1360 2349 ἡμᾶς
1404 2280 1687 2349 μισῶμεν..

317 2381 336 2412 ι
391 2364 612 2418 Καὶὲάν
643 2366 960 2436 ἀσπάζησθε
980 2371 1104 2433 τοὺς
1141 2372 1330 2438 φίλους
1356 2371 1508 2442 ὑμῶν
1541 2374 1721 2441 μόνον,
1757 2374 1808 2425 τί

236 2456 501 2524 περισσὸν
535 2462 770 2522 ποιεῖτε;
811 2461 947 2530 Οὐχὶ
994 2464 1088 2515 καὶ
1112 2466 1158 2516 οί
1188 2463 1414 2517 τελῶναι
1453 2463 1595 2517 οὕτω
1623 2464 1802 2518 ποιοῦ-

237 2562 362 2610 σιν;
398 2549 623 2601 Ἕσεοθε
655 2547 746 2603 οὖν
763 2552 916 2620 ὑμεῖς
941 2553 1151 2618 τέλειοι,
1177 2555 1365 2626 ὥσπερ
1394 2556 1420 2607 ὁ
1439 2555 1624 2626 Πατὴρ
1654 2557 1806 2627 ὑμῶν

231 2639 262 2690 ὁ
295 2640 356 2690 ἐν
386 2643 496 2702 τοῖς
520 2641 766 2710 οὐρανοῖς
812 2644 1020 2709 τέλειός
1067 2648 1204 2703 ἐστι.
1251 2667 1268 2700 ι
1298 2649 1369 2700 Τὸ
1407 2647 1516 2717 γὰρ
1545 2650 1670 2712 τοὺς
1705 2649 1806 2716 μὲν

231 2730 347 2784 τῶν
380 2731 685 2802 ἀνθρώπων
715 2735 956 2808 ἀγαπᾷν,
987 2738 1115 2804 τοὺς
1160 2739 1321 2810 δῆθεν
1352 2741 1561 2810 φίλους,
1596 2742 1720 2804 τοὺς
1748 2741 1804 2795 δὲ

235 2825 444 2891 μισεῖν,
493 2825 696 2888 ἀτελές
721 2827 865 2881 ἐστι⁸
900 2829 1103 2884 τέλειον
1131 2831 1206 2897 δὲ,
1230 2833 1289 2885 τὸ
1322 2833 1528 2896 πάντας
1557 2835 1800 2906 ἀγαπᾷν.

833 2950 1086 3018 ΚΕΦΑΛ.
1123 2963 1215 3032 ς’.

228 3093 865 3171 Περὶῌέλεημοσύνης,
928 3099 1279 3171 προσευχῆς
1325 3103 1422 3154 καί
1488 3107 1797 3171 νηστείας.

371 3167 513 3232 Περὶ
544 3168 651 3222 τοῦ
698 3170 1094 3237 καταφρονεῖν
1131 3167 1249 3224 τῶν
1271 3172 1378 3226 τοῦ
1402 3167 1655 3242 κόσμου.

305 3295 325 3326 ι
370 3277 678 3348 Προσέχετε
738 3279 836 3349 τὴν
877 3279 1247 3352 ἐλεημοσύνην
1308 3283 1460 3352 ὑμῶν
1513 3286 1586 3355 μὴ
1624 3290 1795 3341 ποιεῖν

225 3367 540 3437 ἔμπροσθεν
577 3369 684 3422 τῶν
715 3371 1014 3442 ἀνθρώπων
1049 3375 1181 3444 πρὸς
1209 3375 1269 3427 τὸ
1300 3376 1560 3446 θεαθῆναι
1585 3379 1795 3442 αὐτοῖς·

224 3459 274 3510 εἰ
301 3459 361 3512 δὲ
388 3460 549 3530 μήγε,
591 3461 783 3531 μισθὸν
811 3463 908 3516 οὐκ
932 3461 1083 3532 ἔχετε
1118 3465 1268 3534 παρά
1293 3465 1372 3536 τῷ
1411 3467 1585 3537 Πατρὶ
1643 3469 1797 3538 ὑμῶν

223 3547 304 3618 τῷ
357 3551 417 3601 ὲν
445 3555 556 3615 τοῖς
588 3553 854 3622 οὐρανοῖς.
908 3573 925 3604 t
964 3554 1053 3618 Είς
1091 3554 1188 3625 τὴν
1221 3557 1486 3627 μεγίστην
1524 3557 1633 3611 τῶν
1663 3561 1793 3630 ἀρε-

221 3641 335 3694 τῶν
393 3641 489 3713 τὴν
540 3644 765 3714 ἀγάπην
824 3645 1138 3714 ἀναγαγὼν,
1189 3647 1283 3700 νῦν
1320 3649 1539 3720 ἀναιρεῖ
1571 3653 1666 3704 καὶ
1696 3654 1795 3723 τὴν

221 3732 553 3797 κενοδοξίαν,
587 3735 707 3805 ἥτις
733 3736 923 3789 ἕπεται
973 3739 1087 3801 τοῖς
1121 3739 1575 3810 κατορθώμασιν·
1608 3744 1708 3814 ὅρα
1737 3745 1795 3798 δὲ

221 3825 274 3877 τί
331 3824 518 3892 λέγει·
567 3827 889 3898 Προσέχετε,
929 3830 1127 3884 ὡσανεὶ
1183 3832 1312 3902 περὶ
1377 3835 1568 3905 θηρίου
1619 3835 1792 3890 δεινοῦ

219 3913 395 3981 λέγοι,
446 3916 678 3994 πρόσεχε
711 3919 785 3988 μή
829 3934 886 3969 σε
923 3919 1304 3992 διασπαράξῃο
1334 3922 1438 3976 κᾶν
1480 3923 1796 3994 ἔμπροσθεν

218 4005 275 4058 δὲ
314 4005 430 4057 τῶν
455 3993 758 4076 ἀνθρώπων
790 4010 969 4079 ὲλεῇς,
991 4011 1050 4060 οὑ
1087 4015 1259 4074 ποιεῖς
1291 4011 1348 4064 δὲ
1378 3993 1536 4067 τοῦτο
1561 3993 1700 4084 πρὸς
1733 4017 1794 4071 τὸ

223 4095 511 4166 θεαθῆναι,
539 4098 600 4149 οὐ
629 4101 955 4170 κατακρίνῃ.
995 4102 1124 4154 Ἐὰν
1153 4102 1210 4154 δὲ
1248 4104 1448 4156 σκοπὸν
1481 4105 1612 4176 ἔχῃς
1637 4125 1792 4162 κενο-

217 4187 424 4253 δοξίας,
458 4190 505 4240 εί
528 4190 620 4242 καὶ
638 4191 695 4242 ὲν
719 4190 795 4260 τῷ
817 4192 1028 4262 ταμείῳ
1049 4208 1140 4245 σου
1165 4196 1419 4266 ποιήσῃς,
1451 4199 1782 4272 κατακρίνῃ.

220 4275 330 4344 Τὴν
371 4275 595 4352 γνώμην
621 4278 728 4348 γὰρ
755 4279 785 4348 ἢ
814 4279 1029 4344 κολάζει
1059 4282 1089 4352 ἢ
1113 4288 1365 4351 στεφανοῖ
1396 4288 1424 4338 ὁ
1463 4286 1613 4351 Θεός.

295 4598 314 4634 ι
383 4581 550 4636 ὀταν
598 4580 692 4639 οὖν
743 4590 902 4658 ποιῇς
953 4589 1345 4662 ἐλεημοσύνην,
1409 4593 1484 4666 μὴ
1517 4597 1783 4671 σαλπίσῃς

147 4743 152 4747 _
213 4669 530 4742 ιμπροσθέν
575 4691 688 4737 σου,
748 4675 934 4748 ῶσπερ
990 4679 1039 4730 οί
1092 4681 1386 4752 ὑποκριταὶ
1441 4687 1683 4743 ποιοῦσιν
1726 4669 1785 4745 έν

212 4764 332 4825 ταῖς
371 4768 713 4834 συναγωγαῖς
739 4767 830 4822 καὶ
859 4769 916 4822 ὲν
941 4772 1059 4835 ⁸ταῖς
1089 4773 1309 4844 ῥύμαις,
1341 4777 1486 4842 ὅπως
1513 4779 1783 4846 δοξασθῶ-

217 4871 302 4906 σιν
335 4856 442 4910 ὑπδ
472 4857 582 4911 τῶν
626 4858 950 4932 ἀνθρώπων.
997 4881 1015 4914 ι
1075 4865 1148 4918 Οὐ
1185 4866 1495 4937 σάλπιγγας
1553 4869 1700 4943 εἶχον
1733 4877 1782 4928 οί

213 4947 537 5018 ὑποκριταὶ,
565 4950 701 5005 ἀλλά
727 4950 823 5022 τὴν
847 4952 1085 5009 διάνοιαν
1119 4956 1304 5011 αὐτῶν
1335 4959 1562 5034 διαγελᾷ
1591 4965 1783 5019 ἐνταῦ-

212 5039 302 5105 θα,
339 5041 424 5093 ὅτι
454 5041 744 5109 ἠϐούλοντο
784 5046 881 5119 τὴν
933 5048 1304 5121 ἐλεημοσύνην
1349 5053 1532 5108 αὐτῶν
1585 5055 1779 5111 σαλπί-

211 5127 427 5195 ζεσθαι.
459 5133 783 5205 ’Υποκριταὶ
814 5137 869 5190 δέ
917 5139 1054 5192 είσιν
1087 5142 1134 5192 ot
1165 5141 1293 5196 ἄλλο
1326 5146 1424 5215 μὲν
1445 5143 1618 5213 ὅντες,
1652 5149 1780 5203 ἀλλο

209 5221 263 5276 δὲ
295 5222 656 5294 φαινόμενοι·
716 5228 811 5280 καὶ
841 5222 988 5282 οὗτοι
1034 5230 1165 5298 γοῦν
1209 5234 1499 5306 ἐλεήμονες
1528 5237 1628 5308 μὲν
1654 5241 1780 5310 φαί-

210 5329 419 5380 νονται,
481 5315 629 5369 ἄλλοι
676 5317 734 5371 δέ
787 5320 944 5374 είσιν.
1008 5338 1026 5372 ι
1099 5324 1274 5394 Ἀμὴν
1324 5327 1467 5394 λέγω
1515 5329 1663 5397 ὑμῖν,
1697 5331 1778 5386 ὅτι

210 5409 477 5476 ἀπέχουσι
519 5411 612 5463 τὸν
648 5412 838 5479 μισθὸν
875 5415 1080 5469 αὐτῶν.
1131 5435 1149 5467 ›
1194 5417 1607 5490 Ἐπαινούμενοι
1649 5425 1776 5495 γὰρ,

210 5499 270 5550 τὸ
298 5503 408 5551 πᾶν
446 5501 718 5555 ἀπέλαϐον
754 5507 904 5575 παρά
934 5509 1042 5559 τῶν
1075 5509 1399 5580 ἀνθρώπων.

285 5607 305 5640 ι
369 5589 475 5644 Σοῦ
508 5592 564 5644 δὲ
615 5595 894 5660 ποιοῦντος
940 5599 1328 5672 ἐλεημοσύνην,
1394 5602 1468 5674 μὴ
1514 5605 1704 5673 γνώτω
1743 5610 1775 5680 ἡ

210 5681 480 5755 ἀριστερά
502 5701 593 5738 σου
633 5687 686 5739 τί
727 5692 868 5741 ποιεῖ
904 5693 935 5761 ὴ
968 5692 1115 5757 δεξιά
1145 5710 1259 5747 σου.
1300 5715 1318 5748 ι
1371 5697 1777 5768 Ὑπερδοὶικῶς

208 5773 371 5829 τοῦτο
405 5772 559 5830 εἶπεν
592 5791 606 5806 ⁶
644 5779 724 5831 ὅτι
762 5781 822 5833 Εἰ
854 5782 1099 5847 δυνατὸν,
1148 5786 1240 5838 καὶ
1271 5791 1494 5842 σεαυτὶν
1526 5790 1772 5846 λάνθανε.

464 5891 728 5953 Parnm.
764 5898 800 5956 C
818 5915 852 5954 ιι
913 5898 1195 5962 CXXIII.

1821 4517 1868 4575 D

1994 2010 2156 2068 Vens.
2180 2012 2269 2068 46.
2305 2032 2323 2065 ι
2350 2014 2481 2068 Nam
2511 2016 2553 2070 si
2579 2018 2879 2081 ililcxeritis
2899 2019 3180 2087 diligentes
3200 2036 3290 2074 vos
3329 2037 3488 2091 quam

1922 2104 2225 2157 mercedem
2282 2105 2528 2161 habetis?
2565 2122 2744 2163 nonne
2797 2117 2851 2161 et
2901 2110 3174 2178 publicani
3229 2112 3374 2167 idem
3409 2113 3493 2168 fa-

1919 2189 2100 2244 ciunt?
2132 2211 2148 2242 )
2185 2192 2559 2263 Trepidemus,
2583 2201 2722 2267 quod
2756 2215 2935 2270 neque
2969 2201 3274 2270 publicanis
3299 2218 3492 2261 sumtu

1917 2283 2182 2350 :rqualcs;
2218 2288 2311 2340 sed
2340 2298 2585 2342 amantes
2610 2291 2762 2358 ipsos
2816 2292 2945 2346 odio
2975 2292 3263 2348 habemus.

1989 2371 2151 2426 Vens.
2185 2375 2275 2439 47,
2303 2375 2409 2439 ~48.
2457 2397 2473 2429 ι
2510 2376 2576 2432 Ει
2629 2379 2674 2432 si
2708 2379 3006 2435 dilexeritis
3033 2383 3242 2437 amicos
3275 2390 3489 2442 vestros

1920 2472 2152 2530 tantum,
2183 2466 2309 2534 quid
2354 2469 2585 2538 amplius
2630 2467 2853 2526 facitis?
2895 2489 2943 2526 nt
2971 2487 3076 2528 nne
3123 2481 3176 2527 et
3210 2474 3485 2543 publicani

1916 2552 1994 2605 sic
2029 2552 2270 2607 faciunt?
2331 2553 2495 2610 Emis
2535 2557 2698 2626 igitur
2735 2574 2828 2612 vos
2863 2559 3110 2628 perfecti,
3152 2561 3294 2617 sicut
3323 2563 3488 2620 Pater

1916 2650 2093 2695 vester
2129 2644 2217 2711 qui
2252 2643 2302 2697 in
2329 2645 2483 2699 cmlis
2518 2655 2620 2712 est,
2652 2646 2921 2714 perfectus
2953 2659 3055 2705 est.
3101 2669 3118 2702 ι
3149 2650 3283 2706 Nam
3308 2653 3485 2709 homi-

1917 2748 2040 2784 num
2059 2732 2193 2789 alios
2216 2735 2458 2804 diligere,
2491 2735 2627 2810 alios
2655 2737 2777 2793 odio
2801 2739 3024 2804 habere,
3045 2743 3482 2811 imperlcctorum

1913 2830 1994 2874 est
2030 2838 2044 2876 :
2081 2837 2267 2880 on‘mes
2294 2835 2470 2880 autem
2504 2826 2748 2897 diligere,
2779 2830 3165 2898 perfectorum.

2511 2963 2741 3040 CAPUT
2781 2964 2867 3020 vr.

1911 3093 1986 3148 De
2033 3095 2381 3166 eieemosyna,
2421 3099 2658 3151 oratione
2700 3101 3004 3178 et‘jejunio.
3061 3103 3139 3156 De
3184 3118 3480 3178 con.‘emptu

2599 3172 2804 3222 mundi.

1984 3277 2139 3335 Vens.
2176 3279 2225 3334 l.
2272 3296 2291 3331 ι
2332 3280 2609 3337 Attendite
2666 3297 2732 3337 ne
2786 3283 3183 3359 eleemosynam
3240 3299 3478 3349 vestram

1904 3371 2120 3426 faciatis
2181 3386 2364 3426 coram
2423 3372 2734 3429 hominibus
2781 3384 2836 3429 ut
2890 3375 3180 3432 videamini
3236 3381 3305 3434 ab
3347 3382 3476 3447 illis,

1900 3464 2102 3532 alioqui
2131 3462 2433 3518 mercedem
2460 3479 2562 3518 non
2591 3464 2802 3520 habetis
2825 3468 2963 3533 apud
2981 3466 3198 3523 Patrem
3239 3481 3476 3528 vestrum

1898 3558 1991 3627 qui
2028 3565 2111 3611 est
2155 3557 2206 3611 in
2235 3557 2411 3613 coalis.
2457 3575 2476 3610 ι
2529 3557 2822 3629 Postquam
2864 3561 2929 3614 ad
2985 3577 3254 3618 summam
3305 3566 3477 3622 virtu-

1906 3660 2016 3702 tum
2048 3650 2365 3704 charitatem
2420 3651 2591 3716 duxit,
2624 3667 2766 3705 nunc
2796 3652 2934 3708 tollit
2975 3654 3188 3710 inanem
3223 3656 3475 3727 gloriam,

1899 3757 2019 3811 qua:
2058 3743 2210 3810 sequi
2270 3741 2407 3796 solet
2439 3743 2578 3796 bene
2625 3754 2931 3813 operantes.
2972 3744 3104 3802 Vide
3133 3760 3312 3804 autem
3346 3753 3477 3822 quid

1900 3831 2044 3886 dicat
2078 3832 2418 3898 :Attendite,
2475 3833 2672 3902 inquit,
2703 3843 2758 3888 et
2808 3847 3027 3904 cavete;
3058 3844 3212 3910 quasi
3266 3844 3335 3899 de
3368 3847 3472 3901 ali-

1899 3937 2004 3992 qua
2065 3920 2200 3974 mala
2252 3922 2423 3976 bestia
2479 3923 2643 3989 dicat,
2706 3927 2922 3981 attende
2978 3945 3044 3984 ne
3090 3940 3142 3986 te
3186 3932 3470 3994 dilacerct.

1897 4011 2068 4068 Porro
2111 4014 2235 4068 licet
2268 4029 2450 4068 coram
2507 4016 2818 4072 hominibus
2848 4019 3248 4092 eleemosynam
3279 4025 3471 4094 facias,

1897 4121 2000 4161 non
2055 4115 2233 4161 tamen
2288 4107 2409 4162 ideo
2458 4107 2591 4163 facis
2642 4117 2701 4163 ut
2731 4113 2968 4165 videaris
3021 4113 3089 4166 ab
3135 4116 3469 4179 hominibus,

1898 4213 2002 4252 non
2038 4199 2440 4253 condemnatis.
2491 4201 2585 4254 Sin
2621 4211 2802 4258 autem
2836 4217 2986 4256 vana:
3030 4205 3215 4273 glora:
3244 4222 3467 4276 scopum

1897 4291 2253 4359 spectaveris,
2324 4291 2538 4345 etiamsi
2582 4293 2634 4346 in
2689 4296 3060 4362 penetralibus
3108 4305 3468 4370 promptuarii

1901 4383 1973 4436 .ui
2024 4381 2241 4448 feceris,
2319 4384 2716 4439 condemnaris.
2777 4385 3119 4440 Voluntatem
3175 4391 3320 4444 enim
3383 4396 3465 4448 vel

1897 4483 2120 4529 coronat
2153 4474 2235 4530 vel
2272 4475 2422 4544 punit
2447 4475 2605 4531 Deus.

1973 4566 2130 4621 Vens.
2154 4565 2207 4621 2.
2243 4584 2260 4617 ι
2285 4565 2468 4636 Itaque
2489 4582 2612 4622 cum
2644 4567 2779 4623 facis
2806 4570 3229 4642 eleemosynam,
3263 4581 3464 4634 netnba

1895 4669 2118 4714 canatur
2141 4657 2245 4729 31
2310 4669 2436 4714 ante
2500 4669 2572 4725 te,
2633 4661 2775 4715 sicut
2822 4662 3119 4734 hypocrita;
3170 4668 3378 4725 faciunt
3408 4672 3462 4726 in

1893 4749 2181 4823 synagogis
2220 4760 2274 4806 et
2309 4751 2360 4805 in
2398 4751 2554 4814 vicis,
2583 4760 2642 4805 ut
2689 4754 3062 4822 glorilicenlur
3112 4759 3180 4812 ab
3226 4761 3463 4818 homini-

1891 4845 2010 4898 bus.
2052 4861 2070 4895 ι
2109 4841 2226 4896 Non
2257 4842 2410 4897 tubas
2443 4843 2712 4899 habebant
2742 4845 3057 4916 hypocriten,
3099 4850 3192 4905 sed
3223 4853 3460 4912 animum

1891 4949 2079 4990 eorum
2110 4934 2318 4990 deridet
2357 4935 2460 4990 hoc
2486 4935 2626 5003 loco,
2674 4939 2816 5008 quod
2868 4939 3269 5014 eleemosynam
3303 4962 3459 5005 suam

1891 5023 2142 5079 volebant
2172 5021 2455 5078 celebrari.
2503 5024 2809 5095 Hypocritae
2837 5038 2984 5096 sunt,
3042 5031 3134 5098 qui
3189 5033 3280 5087 alii
3316 5046 3461 5104 sunt,

1890 5117 1978 5170 alii
2007 5124 2267 5186 apparent
2314 5133 2329 5171 :
2375 5125 2430 5172 et
2478 5118 2857 5176 misericordes
2912 5122 3130 5193 quidem
3183 5125 3460 5197 videntur,

1890 5205 1979 5258 alii
2008 5215 2188 5259 autem
2230 5215 2375 5260 sunt.
2429 5224 2450 5258 ι
2479 5208 2649 5263 Amen
2685 5211 2805 5265 dico
2846 5210 3031 5278 vobis,
3073 5213 3216 5284 quod
3259 5217 3464 5275 habent

1890 5295 2196 5350 mercedem
2248 5310 2423 5351 snam.
2485 5316 2504 5349 ›
2558 5297 2694 5353 Cum
2735 5298 3023 5357 laudantur
3063 5304 3233 5371 enim,
3291 5316 3460 5365 talum

1889 5397 2214 5457 acceperunt
2249 5388 2317 5443 ab
2350 5389 2682 5448 hominibus.

1955 5615 2122 5671 Vens.
2158 5616 2212 5672 5.
2249 5634 2268 5667 ι
2296 5615 2372 5672 Te
2403 5626 2580 5672 autem
2615 5618 2846 5690 faciente
2872 5623 3292 5697 eleemosynam,
3358 5645 3458 5687 ne-

1886 5709 2021 5760 sciat
2052 5707 2271 5760 sinistra
2305 5715 2392 5759 tua
2422 5706 2551 5774 quid
2585 5709 2746 5762 faciat
2772 5710 2991 5763 dextera
3029 5722 3135 5768 tua.
3171 5733 3190 5766 ι
3230 5718 3330 5773 Per
3352 5720 3455 5790 by-

1889 5797 2160 5867 prrbolen)
2191 5801 2288 5854 hoc
2318 5796 2469 5865 dicit,
2495 5801 2645 5866 quasi
2668 5801 2890 5868 diecret,
2919 5803 2964 5856 si
2989 5809 3259 5875 possibile,
3291 5813 3452 5866 etiam

3024 5922 3060 5970 '7
