4080 6336
648 407 755 473 203

1506 387 2085 452 TIlEOPIIYLACTl
2126 382 2533 445 BULGARLE
2575 382 2929 442 ARCHIEP.

3790 372 3889 439 204

651 519 878 587 teipsum
941 512 1169 582 ignores.
1234 504 1325 557 Vel
1387 501 1549 557 etiam
1623 500 1803 564 aliter,
1864 498 2093 552 SiniStra
2134 504 2218 549 est

2337 493 2392 547 Ἡ
2416 492 2509 545 καὶ
2539 490 2714 554 ἄλλως
2736 506 2750 522 ·
2778 490 3063 561 ἀριστερά,
3095 488 3127 557 ἡ
3150 484 3443 551 κενοδοξία”
3478 481 3651 547 δεξιὰ.
3674 482 3709 552 ἡ
3738 480 3889 551 ἐλεη-

653 610 829 667 iuanis
889 604 1078 676 gloria,
1152 599 1344 653 dextra
1412 610 1541 651 vero
1598 593 1964 660 eleemosyna,
2015 588 2221 643 nesciat

654 704 816 773 igitur
844 698 1239 765 eleemosyuam
1265 688 1442 745 inanis
1466 684 1662 757 gloria.

723 794 885 848 Vens.
916 790 970 844 4.
1011 805 1028 839 r
1070 783 1141 840 Ut
1166 783 1238 839 sit
1264 780 1609 847 eleemosyna
1666 784 1753 830 tua
1810 776 1864 830 iu
1919 772 2122 835 abdito,
2168 777 2222 822 et

653 886 812 940 Pater
846 892 971 937 tuus
1003 877 1093 947 qui
1125 876 1267 929 videt
1304 873 1357 927 in
1416 870 1622 932 abdito,
1661 867 1847 921 reddet
1877 865 1971 919 tibi
2021 864 2071 915 in
2112 877 2224 914 ma-

657 976 875 1031 nifesto.
926 991 944 1025 ι
984 966 1249 1037 Quando?
1290 962 1443 1017 Tunc
1492 976 1611 1016 cum
1658 958 1803 1020 nuda
1853 966 1907 1010 et
1940 952 2221 1008 manifesta

653 1069 830 1124 omnia
858 1072 1035 1125 erunt,
1070 1070 1126 1119 et
1147 1068 1275 1114 tunc
1302 1057 1472 1126 magis
1496 1048 1888 1121 gloriﬁcabere.

724 1240 890 1296 Vens.
934 1239 986 1294 5.
1024 1256 1039 1288 ι
1086 1236 1149 1289 Ει
1177 1234 1391 1306 quando
1416 1242 1561 1295 oras,
1591 1242 1696 1281 non
1723 1225 1833 1279 eris
1860 1221 2225 1294 quemadmo-

655 1337 779 1389 dum
824 1330 1142 1403 hypocritze.
1181 1326 1267 1394 qui
1304 1330 1491 1377 amant
1550 1322 1602 1376 in
1654 1316 2033 1375 conciliabulis
2065 1322 2119 1369 et
2173 1313 2224 1366 iu

656 1424 866 1494 angulis
912 1422 1205 1491 platearum
1253 1424 1460 1471 stantes
1492 1426 1672 1477 orare,
1714 1418 1773 1463 ut
1815 1406 2091 1477 conspicui
2121 1405 2229 1459 sint

653 1512 1170 1571 bominibus.Amen
1197 1510 1317 1563 dico
1343 1507 1513 1570 vobis,
1539 1503 1681 1574 quod
1705 1502 1908 1556 habent
1926 1496 2227 1553 mercedem

659 1623 835 1663 suam.
882 1626 900 1658 ι
935 1603 1259 1675 Hypocritas
1290 1608 1343 1652 et
1378 1598 1513 1651 istos
1547 1595 1812 1657 nominat,
1870 1590 1949 1645 uti
2009 1604 2103 1644 eos
2136 1588 2225 1657 qui

655 1702 905 1755 videntur
925 1698 1141 1767 quidem
1160 1692 1438 1748 attendere
1468 1689 1534 1743 ad
1561 1686 1751 1750 Deum,
1780 1684 1874 1739 sed
1898 1684 1964 1737 ad
1987 1682 2231 1736 homines

658 1791 827 1862 magis
862 1788 1169 1848 attendunt,
1210 1800 1237 1837 a
1271 1782 1467 1855 quibus
1521 1780 1741 1845 habent,
1777 1778 1882 1832 hoc
1942 1782 2046 1838 est,
2085 1772 2228 1827 acci-

657 1885 811 1955 piunt
843 1882 1141 1937 mercedem
1170 1892 1344 1933 suam.

729 1974 896 2029 Vens.
920 1972 974 2026 6.
1027 1988 1045 2021 ι
1081 1967 1162 2037 'l‘u
1196 1974 1401 2031 autem,
1429 1963 1643 2033 quando
1676 1975 1827 2023 oras,
1860 1958 2142 2031 ingredere
2173 1954 2226 2009 in

659 2063 962 2119 cubiculum
997 2071 1170 2121 tuum,
1206 2064 1261 2111 et
1310 2054 1489 2109 clausa
1521 2052 1688 2121 janua
1737 2060 1825 2103 tua
1866 2062 1958 2101 ora
2012 2047 2226 2102 Patrem

663 2167 809 2208 tuum
846 2154 898 2207 iu
936 2150 1275 2214 abscondito,
1311 2156 1365 2202 et
1393 2144 1555 2199 Pater
1576 2154 1698 2197 tuus
1722 2142 1810 2212 qui
1840 2140 1985 2193 videt
2020 2140 2071 2193 in
2102 2139 2232 2191 abs-

668 2243 909 2306 condito,
963 2239 1153 2296 reddet
1187 2238 1281 2293 tibi
1335 2237 1387 2291 in
1425 2233 1731 2289 manifesto.
1776 2251 1794 2285 ι
1846 2229 1982 2299 Quid
2030 2227 2230 2298 igitur?

654 2320 713 2388 in
747 2332 977 2388 ecclesia
1005 2344 1108 2406 non
1138 2327 1343 2383 orabo?
1375 2324 1631 2389 Omnino,
1687 2322 1781 2378 sed
1829 2329 1977 2375 recto
2026 2319 2229 2379 animo,

660 2436 714 2478 et
737 2424 873 2479 citra
896 2416 1343 2477 ostentationem.
1392 2415 1567 2471 Locus
1594 2414 1736 2469 enim
1772 2426 1875 2466 non
1924 2419 2104 2473 nocet,
2139 2409 2230 2463 scd

666 2515 860 2568 modus
890 2523 943 2569 et
974 2511 1223 2567 intentio.
1262 2508 1413 2563 Multi
1437 2507 1580 2561 enim
1609 2507 1772 2561 etiam
1818 2505 1871 2557 in
1909 2503 2232 2557 abscondito

663 2613 903 2670 orantes,
929 2604 1032 2659 hoc
1059 2610 1116 2657 ut
1146 2599 1455 2655 hominibus
1485 2596 1731 2667 placeant
1766 2592 1994 2650 faciunt.

729 2784 901 2841 Vens.
938 2782 991 2836 7.
1026 2799 1044 2833 ι
1077 2779 1308 2836 Orantes
1365 2786 1571 2841 autem,
1627 2788 1694 2830 ne
1736 2773 1855 2829 sitis
1886 2770 2140 2841 battalogi
2180 2772 2232 2823 in

670 2879 924 2949 precibus
946 2875 1168 2938 vestris,
1201 2872 1341 2926 sicut
1372 2868 1597 2924 ethnici.
1626 2886 1644 2919 ι
1704 2865 1999 2936 Battalogia
2025 2875 2104 2919 est
2134 2880 2233 2918 nu-

668 2973 893 3041 gacitas,
924 2979 979 3022 ut
1007 2965 1235 3035 exempli
1262 2961 1458 3033 gratia,
1490 2969 1673 3029 petere
1704 2959 1903 3027 aliquid
1939 2970 2234 3021 terrenum,

667 3060 918 3131 gloriam,
970 3056 1211 3120 divitias,
1266 3054 1573 3107 victoriam.
1639 3048 1999 3106 Battarisutus
2057 3054 2236 3099 autem

667 3162 750 3209 est
779 3148 1125 3206 inarticulata
1153 3162 1279 3211 vox,
1315 3144 1489 3213 qualis
1518 3151 1601 3196 est
1631 3156 1919 3211 puerorum
1946 3155 1962 3197 ;
1998 3147 2050 3193 tu
2076 3138 2240 3209 igitur

669 3258 735 3299 ne
763 3255 941 3311 nugax
963 3248 1017 3295 et
1050 3212 1405 3306 ntultiloquus
1438 3233 1533 3289 sis.
1567 3251 1585 3285 r
1621 3232 1983 3287 Putantenim
2016 3230 2158 3301 quod
2184 3230 2237 3285 in
2266 3212 2307 3269 ε

669 3331 1005 3401 multiloquio
1062 3341 1162 3384 suo
1216 3327 1643 3381 exaudiantur.»
1704 3321 1819 3377 Non
1879 3330 2007 3378 sunt
2064 3320 2240 3392 longae

670 3438 861 3493 preces
914 3420 1190 3485 facienda,
1251 3420 1345 3473 sed
1400 3420 1594 3474 breves
1628 3414 1851 3487 quidem
1903 3422 1957 3470 et
2012 3417 2236 3479 crebras,

670 3522 882 3585 oportet
908 3514 1049 3567 enim
1083 3525 1251 3581 pauca
1302 3509 1586 3581 loquentes
1634 3521 1985 3579 perseverare
2021 3506 2074 3560 in
2112 3520 2238 3575 pre-

670 3608 843 3662 cibus.

740 3698 902 3754 νεεδ.
928 3698 983 3753 8.
1030 3716 1048 3750 ι
1090 3695 1165 3752 Ne
1198 3697 1360 3767 igitur
1388 3694 1764 3751 assimilemini
1791 3694 1908 3762 eis;
1942 3694 2046 3749 scit
2096 3693 2240 3748 enim

676 3792 835 3847 Pater
870 3799 1052 3844 vester
1084 3788 1276 3858 quibus
1318 3788 1592 3857 indigetis,
1628 3796 1915 3858 antequam
1948 3787 2142 3856 petatis
2174 3784 2242 3839 ab

670 3883 782 3938 illo.
827 3900 844 3933 ι
877 3879 991 3936 Non
1022 3882 1166 3935 enim
1193 3889 1249 3934 ut
1277 3879 1594 3944 doceamus,
1626 3852 1899 3947 petimus:
1934 3852 2027 3933 sed
2062 3888 2119 3932 ut
2146 3890 2243 3932 nos

673 3992 700 4030 a
735 3973 1120 4043 temporalibus
1145 3983 1199 4026 et
1242 3970 1595 4026 smeularibus
1656 3970 1801 4024 curis
1834 3969 2238 4034 ubstrahamus,

672 4077 726 4120 et
776 4066 948 4119 otiose
996 4072 1050 4119 et
1100 4076 1291 4131 magna
1340 4075 1464 4129 cum
1498 4058 1727 4115 utilitate
1776 4075 1899 4115 cum
1957 4074 2022 4114 eo
2072 4058 2240 4115 collo-

673 4174 923 4227 quamur.

744 4248 907 4303 Vens.
947 4248 997 4303 9.
1038 4268 1056 4298 ι
1098 4246 1189 4302 Sic
1245 4247 1408 4317 igitur
1445 4254 1599 4299 orate
1636 4260 1774 4300 vos:
1828 4244 1987 4300 Pater
2031 4255 2237 4310 noster,

671 4342 763 4410 qui
816 4355 873 4394 es
925 4341 977 4393 in
1013 4341 1187 4393 caelis.
1228 4357 1245 4389 ι
1308 4338 1465 4390 Aliud
1497 4347 1582 4392 est
1614 4348 1815 4403 votum,
1865 4337 2008 4391 aliud
2040 4338 2237 4392 oratio.

680 4432 865 4485 Votum
899 4433 1041 4485 enim
1077 4441 1159 4485 est
1200 4431 1487 4499 promissio
1534 4444 1715 4484 coram
1768 4428 1899 4493 Deo,
1933 4438 1990 4482 ut
2023 4430 2241 4497 quando

676 4526 936 4594 promittit
964 4526 1085 4592 quis
1128 4539 1185 4577 se
1216 4524 1493 4577 abstinere
1523 4538 1551 4575 a
1580 4521 1730 4585 vino,
1758 4521 1838 4575 vel
1867 4520 1970 4573 alia
2006 4521 2239 4589 quadam

679 4632 734 4669 re
780 4634 793 4669 :
852 4617 1025 4669 oratio
1058 4626 1235 4669 autem
1266 4616 1453 4681 petitio
1484 4614 1774 4666 bonorum.
1820 4610 2015 4665 Dicens
2063 4623 2241 4663 autem

678 4710 859 4769 Pater,
894 4708 1129 4760 ostendit
1164 4706 1254 4757 tibi
1292 4714 1490 4771 quanta
1524 4704 1659 4758 bona
1696 4704 1770 4757 sis
1823 4710 2120 4767 assecutus,
2164 4699 2244 4755 fa-

682 4808 801 4851 ttus
836 4798 979 4850 ﬁlius
1001 4793 1117 4849 Dei.
1147 4794 1209 4847 Et
1243 4796 1365 4847 dum
1395 4794 1549 4859 dicit,
1584 4794 1637 4847 lu
1669 4794 1845 4859 caelis,
1877 4794 2113 4847 ostendit
2146 4794 2241 4847 tibi

676 4893 902 4962 patriam
940 4901 1084 4943 luant
1138 4900 1194 4943 et
1249 4890 1466 4943 domum
1522 4898 1820 4958 paternam.
1884 4887 2018 4942 ham
2062 4890 2105 4943 si
2162 4888 2242 4943 vis

683 4988 878 5037 habere
906 4982 1115 5035 Patrem
1152 4982 1341 5043 Uetnn,
1373 4981 1424 5034 iu
1466 4980 1573 5051 32
1604 4981 1771 5036 caelos
1812 4989 2018 5050 specta,
2056 4991 2111 5035 et
2139 4996 2258 5039 nou_

679 5078 733 5128 in
778 5085 994 5128 lcrrum.
1027 5072 1142 5127 Non
1187 5073 1322 5127 dicis
1358 5081 1557 5138 autem,
1592 5071 1755 5126 Pater
1810 5088 1982 5136 meus,
2022 5070 2117 5127 sed
2151 5072 2247 5127 Pa-

683 5178 765 5221 ter
810 5172 1015 5228 noster,
1073 5174 1130 5217 ut
1174 5178 1365 5219 omnes
1412 5164 1565 5233 quasi
1624 5163 1819 5219 fratres
1873 5166 2030 5220 unius
2076 5165 2245 5235 patris

682 5256 903 5311 habeas.
967 5274 984 5306 ι
1021 5254 1406 5310 Sanctificetur
1445 5270 1639 5311 nomen
1684 5266 1856 5310 tuum.
1896 5275 1913 5308 ›
1976 5256 2089 5312 lloc
2139 5268 2244 5325 est,

677 5350 841 5403 facito
871 5364 970 5405 nos
1008 5358 1247 5413 sanctos,
1282 5357 1343 5403 ut
1389 5358 1441 5404 et
1476 5360 1529 5402 tu
1592 5363 1687 5418 per
1740 5364 1841 5405 nos
1904 5350 2241 5419 gloriﬁceris.

680 5442 830 5496 Sicut
858 5442 1001 5495 enim
1048 5443 1455 5511 blasphematur
1496 5451 1717 5511 propter
1745 5456 1849 5507 me,
1892 5444 1963 5496 ita
2022 5452 2075 5497 et
2118 5459 2245 5498 san-

681 5533 951 5588 ctiﬁcatur
984 5543 1203 5603 propter
1256 5548 1342 5589 me
1404 5533 1545 5589 Deus
1590 5552 1601 5586 :
1647 5534 1748 5588 boc
1794 5544 1897 5598 est,
1939 5545 1996 5587 ut
2026 5549 2246 5591 sanctus

682 5627 1033 5693 gloriﬁcatur.

754 5714 911 5769 Vsus.
948 5718 1031 5769 10.
1068 5734 1085 5767 t
1122 5717 1389 5771 adveniat
1435 5733 1656 5787 regnum
1700 5728 1869 5773 tuum.
1911 5739 1929 5772 ›
1966 5718 2246 5777 Secundus

679 5806 881 5861 :cilicct
905 5805 1166 5863 adventus
1196 5824 1209 5875 ;
1238 5823 1379 5876 nam,
1403 5808 1570 5864 fretus
1594 5814 1728 5866 bona
1759 5812 2107 5879 conscientia,
2131 5830 2248 5884 pre-

2325 586 2552 657 μοσύνη·
2593 585 2667 656 μὴ
2690 584 3007 653 γινωσκέτω
3028 577 3119 636 οὖν
3150 582 3184 651 ἡ
3216 576 3490 643 κενοδοξία
3516 575 3616 646 τὴν
3663 574 3891 645 {Aeripe-

2325 679 2512 751 σύνην.

2402 791 2420 824 t
2464 771 2652 832 Ὅπως
2690 764 2723 844 ᾖ
2755 784 2847 821 σου
2877 769 2909 839 ἡ
2946 763 3279 835 ἐλεημοσύνη
3322 765 3379 816 ὲν
3411 762 3488 829 τῷ
3522 754 3778 826 κρυπτῷ,
3806 752 3899 807 καὶ

2321 867 2349 919 6
2384 865 2574 934 Πατήρ
2616 880 2707 915 σου
2764 864 2791 914 6
2821 860 3033 931 βλεπων
3067 859 3124 910 ὲν
3161 855 3238 925 τῷ
3268 869 3518 923 κρυπτῳ,
3559 848 3724 908 αὐτὸς
3770 847 3877 899 ἀπο

2323 954 2483 1009 δώσει
2516 971 2599 1007 σοι
2630 955 2689 1006 ὲν
2732 952 2810 1023 τῷ
2844 949 3083 1021 φανερῷ.
3123 967 3142 999 ι
3199 947 3373 1010 Πότε;
3406 942 3537 996 Ὀτι
3591 938 3775 1008 γυμνά
3809 936 3900 989 καὶ

2325 1046 2537 1117 φανερά
2591 1046 2769 1100 πάντα
2826 1042 3209 1108 παρίστανται,
3269 1037 3362 1091 καὶ
3414 1036 3536 1088 τότε
3594 1027 3903 1098 δοξασθήσῃ

2329 1141 2553 1213 μᾶλλον.

2400 1250 2419 1284 t
2450 1232 2559 1285 Kal
2573 1232 2702 1284 ὅταν
2728 1228 3023 1299 προσεύχῃ,
3048 1225 3146 1279 οὐκ
3175 1222 3271 1292 ἔσῃ
3294 1220 3483 1289 ὥσπερ
3504 1218 3552 1271 οί
3584 1211 3901 1283 ὑποκριταὶ,

2326 1325 2408 1379 ὅτι
2438 1322 2683 1393 φιλοῦσιν
2732 1324 2790 1374 ὲν
2842 1325 2961 1383 ταῖς
2995 1317 3340 1387 συναγωγαῖς
3393 1313 3487 1366 καὶ
3536 1312 3594 1363 ὲν
3644 1309 3766 1369 ταῖς
3799 1322 3906 1372 γω-

2328 1419 2471 1480 νίαις
2496 1416 2605 1470 τῶν
2636 1413 2909 1468 πλατειῶν
2942 1413 3176 1473 ἑστῶτες
3201 1404 3624 1479 προσεύχεσθαι,
3653 1401 3807 1461 δπως
3842 1395 3905 1449 ἀν

2330 1510 2539 1581 φανῶσι
2568 1511 2678 1572 τοῖς
2707 1506 3039 1579 ἀνθρώποις.
3093 1503 3264 1574 Ἀμὴν
3295 1501 3439 1568 λέγω
3486 1499 3637 1567 ὑμῖν,
3666 1495 3750 1547 ὅτι
3775 1490 3906 1544 ἀπέ-

2330 1618 2483 1673 χουσι
2510 1602 2599 1654 τὸν
2630 1599 2820 1671 μισθὸν
2849 1596 3049 1652 αὐτῶν.
3095 1615 3114 1650 ι
3161 1590 3491 1663 ’Υποκριτάς
3549 1588 3643 1640 καὶ
3683 1582 3907 1643 τούτους

2330 1696 2605 1766 ὀνομάζει,
2639 1696 2712 1757 ὡς
2738 1691 3033 1754 δοκοῦντας
3066 1689 3165 1759 μὲν
3195 1684 3313 1756 Θεῷ
3344 1680 3659 1756 προσέχειν,
3695 1673 3909 1745 ἀνθρώο

2331 1806 2453 1852 ποις
2484 1788 2541 1840 δὲ
2564 1785 2928 1858 προσέχοντας
2962 1799 2977 1814 ο
3014 1782 3145 1853 παρ’
3175 1772 3249 1835 ὧν
3286 1778 3576 1847 ἀπέχουσι,
3607 1766 3909 1830 τουτέστιν,

2259 1863 2299 1921 Β
2330 1880 2775 1951 ἀπολαμϐάνουσι
2806 1877 2896 1929 τὸν
2933 1874 3120 1947 μισθδν
3148 1870 3345 1925 αὐτῶν.

2408 1994 2427 2026 ι
2468 1974 2539 2026 Σὺ
2587 1971 2643 2025 δὲ
2673 1972 2801 2024 ὅταν
2842 1965 3145 2038 προσεύχῃ,
3199 1961 3407 2017 εἴσελθε
3443 1961 3523 2024 εἰς
3564 1960 3624 2013 τὸ
3679 1957 3911 2029 ταμεῖόν

2335 2083 2451 2129 σου,
2492 2064 2590 2117 καὶ
2622 2062 2841 2124 κλείσας
2868 2059 2966 2131 τὴν
2994 2057 3165 2129 θύραν
3197 2072 3314 2122 σου,
3342 2052 3638 2125 πρόσευξαι
3686 2051 3765 2120 τῷ
3793 2052 3910 2104 Πα-

2331 2157 2420 2225 τρί
2444 2172 2535 2209 σου
2567 2154 2645 2225 τῷ
2667 2156 2726 2207 ὲν
2748 2152 2824 2223 τῷ
2846 2150 3094 2223 κρυπτῷ,
3119 2148 3213 2202 καὶ
3238 2148 3265 2200 6
3292 2147 3483 2217 Πατήρ
3518 2162 3611 2199 σου
3637 2146 3664 2197 6
3693 2143 3911 2215 βλέπων

2333 2252 2390 2302 ὲν
2424 2248 2500 2321 τῷ
2550 2244 2799 2317 κρυπτῷ,
2851 2242 3128 2297 ἀποδώσει
3166 2256 3247 2291 σοι
3296 2239 3355 2293 ὲν
3386 2237 3463 2308 τῷ
3498 2234 3741 2307 φανερῷ.
3776 2253 3792 2285 ι
3846 2234 3913 2286 Τί

2332 2342 2456 2408 οῦνς
2485 2342 2543 2396 ἑν
2580 2338 2846 2408 ἐκκλησίᾳ
2869 2335 2942 2407 μὴ
2970 2333 3392 2406 προσεύξωμαις
3427 2332 3539 2384 Καὶ
3570 2331 3711 2384 πάνυ
3735 2345 3748 2358 ⁸
3774 2328 3913 2381 ἀλλὰ

2338 2436 2476 2507 μετά
2524 2431 2752 2503 γνώμης
2790 2429 2976 2501 ὀρθῆς,
3016 2427 3112 2481 καὶ
3166 2425 3308 2478 ὥστε
3346 2424 3422 2494 μὴ
3474 2420 3911 2483 ἐπιδείκνυσθαι,

2335 2528 2511 2581 int-:16
2549 2528 2711 2587 τόπος
2742 2523 2801 2575 οὑ
2839 2522 3089 2591 βλάπτει,
3124 2516 3240 2570 ἀλλ’
3273 2517 3301 2569 6
3345 2514 3545 2588 τρόπος
3586 2515 3677 2565 καὶ
3724 2514 3753 2564 6
3784 2528 3910 2563 σκο-

2336 2622 2456 2684 πός.
2498 2617 2691 2673 Πολλοὶ
2742 2614 2871 2679 γοῦν
2930 2616 2987 2664 ἑν
3031 2609 3109 2680 τῷ
3161 2608 3389 2680 κρυπτῷ
3434 2606 3738 2677 εὐχόμενοι,
3774 2601 3917 2672 πρὸς

2335 2714 2432 2766 ἀνθ
2443 2709 2829 2780 ρωπαρεσκίαν
2859 2704 3015 2758 τοῦτο
3041 2701 3306 2755 ποιοῦσιν.

2414 2822 2431 2855 ι
2476 2795 3008 2871 Προσευχόμενοιδὲ,
3038 2794 3113 2865 μὴ
3150 2790 3609 2861 βαττολογὴσητε,
3638 2786 3825 2856 ὥσπερ
3862 2784 3919 2836 οί

2338 2888 2561 2942 ἐθνικοί.
2600 2904 2618 2938 ι
2679 2884 3013 2951 Βαττολογία
3072 2881 3221 2934 ἐστὶν
3281 2878 3629 2950 ήφλυαρίαο
3668 2872 3799 2935 οἷον,
3854 2875 3919 2927 τὸ

2340 2983 2509 3033 αἰτεῖν
2542 2996 2595 3030 τι
2636 2977 2741 3029 τῶν
2776 2977 3001 3045 γηίνων,
3034 2972 3214 3037 δόξαν,
3249 2969 3504 3032 πλοῦτον,
3560 2968 3738 3037 νίκην.
3774 2967 3918 3019 Βατ-

2339 3070 2605 3142 ταρισμὸς
2632 3069 2687 3122 δέ
2723 3069 2870 3120 ἐστιν
2894 3067 2927 3135 ή
2960 3064 3228 3135 ἄναρθρος
3265 3063 3437 3133 φωνὴ,
3467 3062 3541 3123 ὡς
3584 3062 3618 3131 ἡ
3645 3058 3752 3112 τῶν
3790 3074 3923 3109 παι-

2342 3164 2469 3217 δίων
2496 3177 2512 3194 ο
2540 3162 2604 3215 σὺ
2628 3164 2809 3214 τοίνυν
2842 3160 2916 3230 μὴ
2946 3158 3185 3227 φλύαρος
3220 3158 3331 3209 ἐσο.
3374 3152 3603 3207 Δοκοῦσι
3652 3154 3783 3221 γὰρ,
3832 3150 3921 3203 δτι

2343 3257 2399 3307 ὲν
2460 3256 2527 3323 τῇ
2563 3250 2861 3320 πολυλογίᾳ
2896 3250 3075 3304 αὐτῶν
3105 3246 3651 3316 εἰσακουσθήσονται.
3707 3243 3783 3297 Οὐ
3836 3240 3925 3294 δεῖ

2346 3344 2565 3415 μακρὰς
2607 3344 2880 3397 ποιεῖσθαι
2919 3341 3018 3405 τὰς
3077 3342 3265 3411 τύχας,
3310 3338 3445 3393 ἀλλὰ
3500 3334 3765 3409 βραχείας
3796 3332 3921 3403 μὲν,

2344 3439 2604 3507 συχνάκις
2649 3436 2727 3501 δὲ,
2769 3436 2864 3489 καὶ
2904 3434 3061 3503 ὀλίγα
3096 3431 3522 3504 φθεγγομένους,
3570 3443 3926 3501 προσκαρτε-

2345 3535 2457 3601 ρεῖν
2485 3534 2549 3601 τῇ
2582 3533 2738 3602 εὐχῇ.

2421 3727 2439 3759 t
2472 3708 2563 3778 Μὴ
2608 3707 2699 3763 οῦν
2728 3708 3031 3779 ὁμοιωθῆτε
3089 3708 3294 3774 αὐτοῖς,
3338 3702 3449 3762 οἶδε
3490 3706 3600 3775 γὰρ
3651 3707 3679 3759 6
3730 3705 3925 3774 Πατὴρ

2346 3800 2498 3869 ὑμῶν
2514 3794 2587 3853 ὧν
2614 3801 2803 3871 χρείαν
2824 3808 2977 3871 εχετε
3002 3801 3106 3873 πρὸ
3135 3798 3228 3853 τοῦ
3260 3801 3404 3870 ὑμᾶς
3438 3800 3655 3868 αίτῆσαι
3680 3798 3868 3851 αὐτόν.
3901 3816 3919 3847 ι

2346 3891 2419 3945 Οὐ
2472 3892 2578 3961 γὰρ
2623 3892 2710 3946 ἴνα
2742 3893 3041 3963 διδάξωμεν
3082 3892 3365 3962 αἰτοῦμεν,
3398 3889 3514 3944 ἀλλ’
3550 3890 3640 3943 ἵνα
3687 3889 3921 3951 ἑαυτοὺς

2344 3983 2819 4055 ἀπασχολήσαντες
2858 3985 2966 4039 τῶν
3025 3984 3319 4055 βιωτικῶν,
3372 3981 3751 4053 ὡφεληθῶμεν
3799 3981 3925 4049 ὁμι-

2344 4072 2562 4138 λοῦντες
2591 4074 2758 4146 αὐτῷ.

2420 4274 2435 4304 ι
2476 4254 2660 4317 θύτως
2682 4252 2774 4306 οὖν
2803 4250 3170 4323 προσεύχεσθε
3206 4251 3360 4321 ὑμεῖς
3397 4265 3411 4277 ·
3450 4248 3633 4316 Πάτερ
3666 4247 3860 4317 ήμῶν,
3898 4250 3924 4300 6

2344 4348 2403 4399 ὲν
2432 4348 2539 4409 τοῖς
2561 4346 2825 4414 οὐρανοῖς.
2866 4363 2884 4395 ι
2925 4344 3071 4413 Εύχὴ
3131 4341 3279 4409 ἄλλο,
3318 4342 3411 4394 καὶ
3440 4340 3720 4411 προσευχὴ
3768 4339 3921 4393 ἀλλο.

2344 4440 2491 4509 Εύχὴ
2521 4438 2619 4503 μὲν
2648 4438 2753 4507 γάρ
2787 4439 2934 4489 ἐστιν
2968 4436 3261 4504 ὑπόσχεσις
3298 4434 3433 4503 πρὸς
3478 4432 3611 4484 Θεόν
3643 4448 3657 4463 ·
3693 4432 3768 4494 ὡς
3794 4433 3927 4484 ὅταν

2275 4564 2320 4620 D
2349 4529 2675 4601 ὑπισχνῆταί
2732 4545 2813 4592 τις
2861 4526 3202 4596 ἀποσχέσθαι
3252 4526 3398 4579 οἴνου
3450 4525 3678 4595 ἢάλλου
3730 4524 3880 4587 τινός
3910 4539 3922 4551 ·

2352 4621 2627 4692 προσευχὴ
2675 4620 2752 4680 δὲ,
2804 4618 3024 4687 ἀγαθῶν
3068 4618 3305 4684 αίτησις.
3390 4616 3573 4685 Πάτερ
3620 4615 3677 4668 δὲ
3730 4615 3926 4677 εἰπὼν,

2347 4708 2584 4761 δείκνυσί
2618 4722 2697 4757 σοι
2730 4706 2888 4758 τίνων
2928 4704 3149 4771 ἀγαθῶν
3184 4705 3442 4775 ὴξιώθης,
3493 4704 3613 4765 υίὸς
3657 4702 3793 4755 Θεοῦ
3831 4720 3928 4771 γε-

2348 4796 2519 4866 γονώς
2548 4812 2561 4825 ⁶
2592 4797 2648 4848 ὲν
2678 4796 2732 4847 δὲ
2767 4794 2844 4865 τῷ
2876 4797 3069 4859 εἰπεῖν,
3104 4795 3162 4845 ὲν
3196 4798 3309 4857 τοῖς
3328 4796 3596 4865 οὐρανοῖς,
3634 4795 3802 4859 ἔδειξε
3844 4812 3930 4846 σοι

2347 4892 2445 4961 τὴν
2474 4890 2707 4961 πατρίδα
2757 4906 2849 4942 σου
2882 4891 2977 4943 καὶ
3029 4886 3119 4941 τὸν
3149 4882 3299 4941 οἶκον
3326 4890 3418 4941 τὸν
3458 4889 3725 4958 πατρικόν
3762 4904 3774 4917 ο
3830 4889 3928 4939 ἐὰν

2349 4985 2457 5053 γὰρ
2490 4981 2646 5053 θέλῃς
2680 4981 2824 5052 ἔχειν
2872 4981 3089 5051 Πατέρα
3114 4981 3206 5034 τὸν
3244 4982 3399 5047 Θεὸν,
3433 4982 3565 5050 πρὸς
3597 4980 3725 5041 τοὺς
3757 4980 3926 5048 οὐρα.

2349 5078 2472 5138 νοὺς
2511 5074 2697 5144 βλέπε,
2729 5075 2824 5127 καὶ
2861 5073 2935 5145 μὴ
2997 5074 3134 5144 πρὸς
3176 5074 3315 5143 γῆν·
3353 5074 3414 5125 οὐ
3445 5073 3624 5141 λέγεις
3686 5070 3764 5135 δὲ,
3813 5071 3928 5124 Πά-

2350 5184 2443 5238 τερ
2471 5183 2595 5236 μου,
2642 5165 2805 5232 ἀλλὰ,
2842 5167 3023 5238 Πάτερ
3046 5165 3221 5236 ἡμῶν,
3248 5166 3321 5229 ὡς
3352 5166 3417 5220 ἂν
3439 5166 3582 5236 ἔχοις
3611 5166 3818 5227 πάντας
3851 5164 3926 5225 ὠ,

2347 5258 2607 5329 ἀδελφοὺς
2636 5258 2751 5321 ἐνὸς
2781 5260 3015 5329 Πατρός.
3051 5277 3069 5311 t
3110 5258 3454 5328 Ἀγιασθήτω
3472 5261 3530 5311 τὸ
3549 5258 3723 5327 δνομά
3751 5274 3870 5312 σου.
3905 5277 3921 5308 ι

2349 5352 2631 5416 Τουτέστι,
2660 5350 2891 5421 Ποίησον
2918 5351 3067 5421 ἡμᾶς
3092 5352 3305 5420 ἀγίους,
3336 5352 3423 5405 ίνα
3460 5353 3556 5404 καὶ
3590 5352 3652 5403 σὺ
3678 5352 3746 5403 δι’
3779 5352 3926 5421 ἡμᾶς

2349 5444 2545 5516 δοξάζῃ
2579 5460 2593 5474 ο
2648 5442 2723 5506 ὠς
2774 5443 2881 5513 γὰρ
2912 5441 3312 5514 βλασφημεῖται
3369 5443 3435 5495 δι’
3482 5444 3601 5514 ἐμὲ,
3649 5442 3796 5497 οῦτω
3833 5448 3929 5497 καὶ

2348 5539 2633 5605 ἁγιάζεται
2686 5536 2752 5588 δι’
2805 5536 2904 5606 ἐμὲ
2950 5540 2977 5590 6
3011 5538 3162 5602 Θεὸς,
3202 5539 3500 5603 τουτέστιν,
3538 5538 3613 5603 ὡς
3644 5538 3801 5607 ἅγιος
3842 5541 3930 5594 δι-

2352 5630 2591 5696 ξάζεται.

2428 5745 2443 5774 ι
2494 5722 2721 5775 Ἐλθεῇω
2751 5724 2782 5792 ἡ
2808 5722 3054 5793 βασιλεία
3080 5742 3193 5776 σου.
3224 5744 3241 5775 ι
3278 5724 3591 5788 Τουτέστιν,
3634 5726 3666 5795 ὴ
3702 5726 3933 5795 δευτέρα

2353 5815 2646 5884 παρουσία·
2688 5816 2715 5867 ὁ
2756 5817 2864 5883 γὰρ
2898 5818 3135 5881 συνειὸδς
3164 5817 3300 5887 ἔχων
3335 5820 3925 5887 πεπαρρησιασμένον,
