4080 6336
232 433 346 498 ἓο5

878 424 1328 489 ENARRATIO
1373 422 1455 484 ΙΝ
1493 414 2002 484 EVANGELIUM
2039 416 2697 482 MA'PTlLEL—CAP.
2742 419 2837 480 Vl.

3416 410 3525 475 901i

232 547 457 618 εὔχεται
489 540 664 596 ἐλθεῖν
684 541 782 612 τὴν
813 541 1111 596 ἀνάστασιν
1150 540 1245 596 καί
1276 530 1378 611 τήν
1413 537 1619 609 κρίσιν.
1655 555 1674 588 ι
1714 533 1813 588 Γει

1928 540 2076 586 ratur
2125 542 2181 587 nt
2234 535 2418 589 veniat
2482 533 2812 590 resurrectio
2854 539 2907 586 et
2976 527 3270 600 judicium.
3337 544 3353 576 ι
3397 522 3520 580 Fiat

229 639 454 710 νηθήτω
473 636 536 690 τὸ
570 635 785 706 θέλημά
840 651 933 687 σου
972 633 1048 694 ὡς
1081 634 1140 686 ὲν
1188 631 1406 705 οὐρανῷ
1438 632 1533 686 καὶ
1590 629 1683 684 ἐπὶ
1721 627 1821 698 τῆς

227 731 358 802 γῆς.
385 729 652 798 »⁸οσπερ,
689 728 876 799 φησὶν,
906 726 956 779 οἰ
991 726 1219 796 ἄγγελοι
1242 724 1489 780 ποιοῦσιν
1517 723 1578 777 τὺ
1610 718 1823 793 θέλημά

231 842 353 888 σου,
388 821 533 876 οὕτω
563 823 659 876 καὶ
681 822 812 892 ήμῖν
835 819 923 883 δὸς
954 822 1132 873 ποιεῖν
1157 819 1315 874 αὑτό.

309 935 331 966 ε
371 914 478 968 Τὸν
510 913 676 983 ἄρτον
726 910 884 985 ήμῶν
935 909 1029 963 τὸν
1089 908 1369 963 ἐπιούσιον
1429 907 1519 970 δὸς
1557 907 1692 976 ἡμῖν
1727 904 1825 976 σή-

233 1024 425 1079 μερον.
470 1023 489 1057 t
537 1003 874 1069 Ἐπιούσιον,
897 1001 989 1056 τὸν
1019 1001 1112 1055 ἐπὶ
1142 1004 1208 1072 τῇ
1242 998 1404 1071 οὐσίᾳ
1443 999 1537 1051 καὶ
1565 996 1824 1051 συστάσει

228 1099 390 1168 ήμῶν
429 1096 704 1165 αὐτάρκη,
756 1093 922 1162 φησίν
952 1108 966 1122 °
1023 1093 1242 1162 ἀναιρεῖ
1296 1089 1354 1144 δὲ
1406 1090 1506 1162 τὴν
1539 1089 1675 1160 περί
1720 1086 1826 1157 τῆς

226 1187 423 1259 αὔριον
445 1186 741 1256 μέριμναν,
771 1186 865 1238 καί
891 1185 952 1236 τὸ
982 1184 1143 1253 σῶμα
1169 1181 1226 1234 δὲ
1250 1181 1344 1236 τοῦ
1381 1179 1623 1253 Χριστοῦ
1658 1180 1824 1250 ἄρτος

225 1282 379 1334 ιστὶν
416 1277 694 1342 ὲπιούσιος
723 1293 738 1308 ο
796 1272 858 1333 οὗ
917 1274 1364 1348 μεταλαμσὰνειν
1433 1272 1824 1345 ἀκατακρίτως

227 1371 527 1445 εὐχόμεθα.

313 1479 332 1513 ι
378 1461 489 1514 Καὶ
525 1459 662 1528 ἄφες
703 1460 837 1530 ήμῖν
870 1457 941 1512 τὰ
965 1457 1311 1531 ὀφειλήματα
1356 1456 1539 1530 ήμῶν,
1592 1457 1670 1522 ὡς
1728 1456 1823 1510 καὶ

225 1553 394 1623 ἡμεῖς
429 1550 663 1620 ἀφίεμεν
697 1553 811 1615 τοῖς
848 1551 1160 1620 ὀφειλέταις
1190 1549 1370 1622 ήμῶν.
1407 1570 1426 1606 ι
1475 1549 1697 1617 Ἐπειδὴ
1728 1550 1823 1604 καὶ

228 1642 370 1714 μετὰ
426 1641 488 1694 τὸ
542 1641 830 1712 βάπτισμα
887 1639 1303 1711 ἁμαρτάνομεν,
1367 1638 1684 1709 ἱκετεύομεν
1734 1639 1823 1692 ἵνα

222 1737 412 1807 ἁφήσῃ
454 1736 609 1806 ἡμῖν’
653 1733 796 1788 οὕτω
841 1733 896 1788 δὲ
939 1734 1119 1805 ἀφήσε
1191 1733 1265 1796 ὼς
1295 1733 1390 1786 καὶ
1437 1733 1622 1804 ήμεῖς.
1692 1729 1822 1784 Ἐὰν

221 1827 338 1898 γὰρ
369 1826 829 1899 μησικακῶμεν,
856 1826 957 1880 ούκ
987 1827 1186 1897 ἀφήσει
1219 1827 1352 1897 ἡμῖν
1375 1841 1390 1856 ⁸
1435 1825 1538 1896 ἐμὲ
1567 1825 1676 1896 γὰρ
1706 1823 1821 1895 ἔχει

1930 625 2179 680 voluntas
2230 637 2320 679 tua
2388 627 2532 682 sicut
2575 629 2627 682 in
2685 624 2828 681 crs—lo
2861 633 2917 680 et
2957 623 3009 678 in
3046 631 3212 677 terra.
3259 640 3279 673 ι
3339 617 3520 681 Sicut,

1927 717 2122 787 inquit,
2160 717 2336 789 angeli
2372 717 2579 774 faciunt
2616 717 2950 773 voluntatem
2986 724 3154 772 tuam.
3225 713 3298 768 ita
3329 721 3384 768 et
3417 727 3518 766 nos

1927 812 1991 862 da
2023 825 2142 864 eam
2184 809 2386 865 facere.
3391 802 3393 804 6

2001 902 2169 957 Vens.
2209 903 2297 960 11.
2330 922 2347 955 ι
2392 903 2594 958 Panem
2631 911 2880 956 nostrum
2917 897 3512 969 supersubstantialcm

1927 997 1993 1052 da
2054 997 2210 1052 nobis
2263 995 2441 1051 hodie.
2482 1013 2500 1048 ι
2559 991 3158 1066 Supersubstantialem
3208 990 3365 1057 dicit,
3423 990 3520 1060 qui

1927 1090 2245 1145 substantiae
2307 1097 2364 1145 ct
2411 1087 2791 1144 constitutioni
2856 1093 3056 1142 nostras
3107 1083 3325 1151 suilicit,
3381 1084 3525 1139 tollit

1927 1191 2107 1235 autem
2138 1196 2326 1236 curam
2367 1183 2434 1236 de
2475 1181 2738 1236 crastino.
2776 1177 2920 1246 Quin
2971 1187 3026 1234 et
3072 1193 3275 1248 corpus
3314 1175 3522 1232 Christi

1914 1273 2083 1344 panis
2112 1284 2196 1331 est
2231 1274 2773 1344 supersuhstantialts
2805 1290 2819 1328 :
2877 1272 3030 1342 cujus
3062 1285 3188 1327 esse
3221 1271 3523 1342 participes

1927 1365 2062 1421 citra
2092 1366 2604 1421 condemnationem
2640 1379 2949 1435 precantur.

1999 1457 2165 1513 Vsus.
2200 1457 2289 1512 12.
2321 1475 2339 1509 ι
2377 1455 2446 1511 Ει
2481 1456 2700 1513 dimitte
2730 1456 2887 1513 nubis
2915 1458 3094 1514 debita
3133 1467 3345 1522 nostra,
3380 1456 3526 1513 sicut
3617 1535 3621 1538 ~

1927 1560 1983 1604 et
2037 1566 2139 1607 nos
2193 1550 2519 1607 dimittimus
2563 1550 2908 1607 debitoribus
2951 1552 3179 1607 nostris.
3226 1568 3244 1602 ι
3297 1549 3433 1618 Quia
3468 1561 3523 1604 et

1928 1652 2049 1713 post
2075 1644 2338 1714 baptisma
2370 1659 2688 1715 peccamus,
2715 1628 3022 1713 'preeamur
3055 1653 3118 1699 ut
3151 1641 3392 1698 dimittat
3424 1656 3524 1696 no-

1927 1737 2033 1802 bis,
2087 1740 2164 1792 sic
2196 1746 2380 1792 autem
2417 1736 2678 1803 dimittet,
2737 1736 3197 1808 quemadmodum
3251 1744 3308 1790 et
3359 1749 3520 1790 nos:

1929 1845 2054 1885 nam
2089 1829 2137 1886 si
2194 1830 2448 1886 vindicta:
2503 1827 2735 1884 avidiet
2782 1843 3056 1884 memores
3089 1826 3377 1890 fuerimus.
3411 1842 3519 1881 non

220 1927 251 1979 6
277 1924 413 1989 Θεὸς
446 1923 802 1996 παράδειγμα
829 1937 843 1951 °
876 1922 969 1976 καὶ
1005 1921 1034 1975 6
1065 1920 1205 1975 ποιῶ
1239 1922 1332 1983 ὲπῖ
1353 1920 1524 1990 ἄλλῳ,
1556 1922 1703 1974 ποιεῖ
1734 1918 1821 1973 ἐπ’

1930 1923 2194 1978 remittet.
2220 1921 2396 1978 [labet
2420 1938 2510 1980 me
2531 1921 2677 1979 Deus
2699 1933 2768 1978 ut“
2786 1921 3100 1994 exemplar:
3128 1930 3180 1977 et
3205 1921 3349 1992 quod
3377 1918 3522 1975 fat-io

223 2016 376 2086 ἐμοί.

305 2127 323 2159 ι
364 2108 477 2163 Καὶ
499 2107 575 2180 μὴ
599 2106 925 2177 εἰσενέγκῃς
954 2105 1100 2176 ἡμᾶς
1118 2104 1199 2169 εἰς
1216 2101 1543 2175 πειρασμόν.
1575 2121 1594 2154 ι
1638 2100 1824 2155 ’Λσθε-

224 2202 344 2266 νεῖς
378 2204 550 2272 ἔσμεν
580 2202 627 2254 οἰ
660 2199 960 2272 ἄνθρωποι,
985 2197 1066 2252 διὸ
1098 2198 1160 2251 ού
1196 2197 1278 2251 δεῖ
1311 2195 1661 2269 ὲπιρῤἰπτειν
1687 2197 1820 2249 ἑαυ-

228 2301 362 2362 τοὺς
388 2301 498 2362 τοῖς
530 2297 858 2368 πειρασμοῖς
882 2311 897 2326 ο
925 2292 1040 2347 ἀλλ’
1083 2291 1426 2361 ἐμπεσόντας
1468 2278 1722 2362 εὔχεσθαι
1747 2289 1823 2361 μὴ

226 2387 618 2457 καταποθῆναι
654 2385 758 2440 ὑπὸ
790 2386 884 2438 τοῦ
917 2381 1250 2456 πειρασμοῦ.
1321 2382 1379 2436 'O
1433 2385 1542 2452 γὰρ
1577 2398 1824 2436 καταπο-

226 2479 346 2540 Osi;
377 2478 471 2531 καὶ
494 2474 760 2546 νικηθεὶς,
796 2475 1008 2537 ἐκεῖνος
1057 2470 1353 2543 εἰσηνέχθη
1392 2473 1473 2536 εἰς
1508 2471 1598 2526 τὸν
1629 2469 1824 2542 βόθρον

223 2569 326 2623 τοῦ
359 2567 693 2640 πειρασμοῦ,
731 2565 848 2620 ἀλλ’
885 2567 988 2637 οὐχ
1038 2567 1067 2619 6
1101 2564 1363 2636 ἐμπεσὼν
1417 2566 1539 2636 μὲν,
1591 2547 1823 2636 νικήσας

223 2663 310 2716 δέ.
355 2681 375 2714 r
398 2660 560 2716 Ἀλλὰ
580 2659 741 2730 ῥῦσαι
774 2660 923 2732 ἡμᾶς
944 2658 1051 2712 ἀπὸ
1067 2656 1160 2711 τοῦ
1186 2657 1444 2729 πονηροῦ.
1460 2678 1478 2710 ι
1510 2657 1624 2712 Οὐκ
1645 2653 1821 2724 εἶπεν,

226 2756 346 2809 ἀπ’)
378 2753 488 2806 τῶν
536 2751 788 2824 πονηρῶν
857 2749 1162 2822 ἀνθρώπων
1191 2767 1203 2780 ·
1241 2749 1302 2802 οὐ
1333 2749 1442 2821 γὰρ
1486 2752 1684 2804 ἐκεῖνοι
1708 2749 1822 2804 ἀδι-

227 2845 426 2900 κοῦσιν
463 2846 633 2916 ἡμᾶς,
676 2843 794 2897 ἀλλ’
835 2845 863 2897 6
895 2840 1154 2912 πονηρός.
1190 2859 1207 2892 ι
1249 2840 1373 2894 ’Ότι
1429 2840 1525 2895 σοῦ
1576 2841 1727 2894 ἐστιν
1787 2840 1820 2911 ὴ

233 2938 492 3009 βασιλεία
525 2940 620 2991 καὶ
650 2934 934 3005 ήδύναμις
956 2935 1054 2988 καὶ
1076 2935 1110 3003 ἡ
1137 2931 1266 2997 δόξα
1301 2933 1382 2996 εἰς
1431 2934 1558 2996 τοὺς
1590 2930 1820 2998 αἰῶνας,

237 3031 443 3100 Ἀμήν.
483 3047 501 3081 ι
526 3028 795 3100 Θαρσύνει
822 3027 970 3098 ἡμᾶς
1002 3024 1255 3079 ἐνταῦθα.
1312 3025 1374 3077 Εἰ
1415 3025 1530 3095 γὰρ
1564 3022 1823 3093 βασιλεύς

225 3123 372 3183 ἐστι,
402 3121 496 3173 καὶ
517 3118 742 3182 δυνατὸς
769 3120 797 3170 6
828 3116 1026 3188 Πατὴρ
1057 3117 1150 3170 καί
1186 3113 1417 3181 ἔνδοξος,
1469 3115 1688 3177 πάντως
1727 3114 1824 3169 καὶ

227 3215 397 3283 ἡμεῖς
429 3212 732 3284 νικήσομεν
778 3211 870 3264 τὸν
927 3209 1190 3281 πονηρὸν,
1245 3209 1338 3263 καί
1370 3207 1822 3280 δοξασθησόμεθα

227 3303 258 3356 ὓ
266 3321 360 3357 στε
370 3321 484 3375 ρον.

309 3414 329 3447 r
354 3394 482 3449 Ἐὰν
502 3393 610 3463 γὰρ
631 3394 806 3463 ἀφῆτε
832 3394 945 3457 τοῖς
971 3394 1283 3465 ἀνθρώποις
1305 3391 1376 3447 τὰ
1389 3387 1821 3463 παραπτώματα

225 3485 439 3548 αὐτῶν,
465 3485 666 3553 ἀφήσει
691 3485 786 3537 καὶ
824 3483 954 3553 ὑμῖν
979 3484 1007 3536 6
1033 3483 1219 3553 Πατὴρ
1250 3481 1406 3553 ὑμῶν
1427 3483 1455 3536 6
1478 3481 1750 3553 οὐράνιος.
1794 3498 1814 3534 ›

229 3576 405 3632 Πάλιν
432 3573 848 3644 ἀμνησικάκους
880 3575 1031 3644 ἡμᾶς
1084 3563 1226 3627 εἶναι
1269 3571 1540 3626 διδάσκει.
1604 3571 1822 3641 Ἀναμιι

229 3686 273 3740 μ.
296 3670 471 3739 ιήσκει
502 3666 560 3719 δὲ
590 3666 742 3736 ἡμᾶς
762 3664 852 3718 τοῦ
883 3665 1118 3735 Πατρδς.
1153 3665 1236 3718 ἵνα
1268 3663 1607 3734 αἰδεσθῶμεν
1635 3664 1819 3729 αὐτὸν,

226 3763 330 3814 καὶ
370 3760 451 3830 μὴ
488 3755 902 3831 ἐκθηριὼμεθα,
934 3757 1178 3811 τοιούτου
1207 3756 1396 3820 παῖδες
1413 3756 1587 3820 ὄντες.

310 3959 330 3992 ι
381 3940 510 3993 Ἐὰν
537 3938 595 3992 δὲ
631 3936 708 4009 μὴ
747 3935 925 4008 ἀφῆτε
955 3935 1066 3999 τοῖς
1097 3935 1409 4007 ἀνθρώποις
1430 3935 1498 3990 τὰ
1521 3934 1824 4005 παραπτώ-

232 4049 388 4103 ματα
419 4031 626 4096 αὐτῶν,
662 4029 785 4083 οὐδὲ
814 4030 843 4081 6
885 4028 1072 4098 Πατὴρ
1106 4027 1261 4098 ὑμῶν
1289 4028 1496 4099 ἀφήσει
1541 4028 1613 4081 τὰ
1645 4044 1823 4099 παρα-

225 4124 508 4194 πτώματα,
552 4120 729 4192 ὑμῶν.
773 4138 795 4173 ι
832 4120 996 4174 Οὐδὲν
1030 4118 1172 4173 οὓτω
1207 4122 1355 4191 μισεῖ
1386 4123 1416 4174 6
1449 4121 1626 4191 πρᾶος
1663 4120 1818 4184 Θεὸς,

223 4219 303 4279 ὡς
332 4215 433 4286 τὴν
463 4214 744 4284 ὠμότητα.

309 4325 328 4358 ι
379 4307 553 4359 Ὀταν
577 4305 633 4357 δὲ
662 4302 981 4374 νηστεύητε,
1012 4303 1087 4374 μὴ
1113 4302 1330 4371 γίνεσθε
1371 4303 1563 4374 ὥσπερ
1591 4306 1641 4358 οἰ
1691 4305 1822 4358 ύπο-

226 4402 442 4468 κριταὲ,
469 4397 789 4468 σκυθρωποί
813 4413 828 4430 ο
853 4394 1174 4466 ἀφανίζουσι
1200 4397 1308 4468 γὰρ
1339 4396 1409 4450 τὰ
1433 4399 1703 4469 πρόσωπα
1727 4400 1823 4451 αύ-

227 4493 370 4554 τῶν,
422 4494 574 4553 ὅπως
631 4489 842 4560 φανῶσι
897 4490 1010 4552 τοῖς
1079 4487 1392 4559 ἀνθρώποις
1439 4490 1818 4561 νηστεύοντες.

1927 2013 2042 2079 alii,
2062 2013 2193 2068 facit
2213 2023 2268 2068 et
2295 2014 2449 2068 tttihi.

2000 2103 2161 2159 Vens.
2208 2104 2297 2160 13.
2330 2123 2348 2156 ε
2385 2101 2453 2159 Et
2479 2119 2546 2159 ne
2577 2102 2806 2159 inducas
2841 2117 2940 2159 nos
2971 2103 3023 2158 in
3068 2103 3447 2159 teutationetn.
3495 2122 3515 2155 ι

1928 2198 2232 2256 imbecilles
2272 2213 2462 2254 sumus
2498 2196 2774 2262 homines,
2808 2196 2930 2252 ideo
2987 2210 3092 2250 non
3127 2195 3392 2252 debemus
3421 2210 3520 2252 nes

1927 2294 2075 2364 ipsos
2112 2293 2165 2347 in
2213 2291 2547 2348 tentationes
2580 2288 2852 2357 injicere:
2908 2287 3005 2345 sed
3053 2289 3097 2346 si
3142 2289 3517 2356 inciderimus,

1926 2387 2196 2443 orandum
2236 2400 2305 2441 ne
2342 2383 2738 2441 absorbeamur
2773 2398 2802 2437 a
2834 2383 3152 2438 teutatione.
3213 2382 3520 2452 Absorptus

1926 2478 2152 2534 enimet
2199 2477 2396 2541 victus,
2453 2475 2544 2530 ille
2583 2475 2636 2530 in
2690 2472 3020 2545 profundum
3077 2472 3394 2529 tentatiouis
3431 2474 3520 2528 itt-

1928 2573 2122 2627 ductus
2155 2578 2258 2634 est,
2286 2576 2343 2624 at
2382 2584 2487 2624 non
2516 2568 2644 2623 item
2674 2568 2764 2637 qui
2793 2567 3006 2635 incidit,
3041 2577 3095 2623 et
3127 2567 3312 2622 vincit.
3352 2586 3370 2619 ι
3409 2569 3518 2624 Sed

1927 2663 2095 2717 libera
2122 2677 2223 2717 nos
2248 2675 2277 2715 a
2306 2660 2447 2715 malo
2478 2678 2526 2713 ι.
2552 2658 2670 2714 Non
2702 2659 2862 2726 dixit,
2895 2673 2924 2712 a
2954 2659 3113 2715 malis
3149 2659 3463 2716 hominibus
3498 2676 3513 2714 :

1928 2770 2034 2810 non
2088 2755 2235 2810 enim
2288 2754 2362 2808 illi
2403 2768 2504 2809 nos
2539 2752 2736 2823 injuria
2788 2751 3050 2817 alliciunt,
3087 2752 3181 2807 sed
3222 2752 3517 2824 malignus.

1933 2867 1949 2899 ι
1983 2843 2251 2914 Quoniam
2283 2855 2434 2901 tuum
2462 2853 2548 2901 est
2579 2860 2832 2916 regnum,
2866 2855 2916 2899 et
2953 2828 3317 2913 petentia,\‘et
3347 2843 3518 2915 gloria

1927 2940 1981 2994 in
2007 2939 2224 3005 saecula,
2259 2941 2455 2993 Amen.
2501 2957 2520 2991 ι
2558 2939 2779 2992 Animal
2836 2952 2936 2993 nos
2968 2937 3071 2993 hoc
3102 2936 3242 2992 loco.
3283 2935 3420 2992 Nam
3469 2939 3516 2994 si

1927 3031 2040 3085 Rex
2074 3039 2179 3098 est,
2213 3039 2500 3101 etpotens
2528 3027 2686 3084 Pater
2730 3041 2786 3084 et
2830 3029 3120 3098 gloriosus,
3185 3032 3410 3088 omnino
3463 3043 3520 3089 et

1928 3136 2026 3176 nos
2059 3121 2337 3176 vimemus
2369 3120 2688 3191 malignum,
2720 3129 2771 3174 et
2799 3119 3229 3191 gloriﬁcabintur
3259 3123 3514 3192 p0sthac.

2001 3383 2165 3440 Vsus.
2211 3385 2298 3440 H.
2366 3403 2383 3436 ι
2426 3385 2643 3440 Etenim
2709 3385 2755 3441 si
2810 3386 3137 3444 remiseritis
3203 3388 3520 3446 hominibus

1925 3477 2122 3532 delicta
2164 3492 2284 3542 sua,
2320 3477 2559 3533 remittet
2579 3477 2746 3533 etiam
2788 3478 2943 3534 vobis
2971 3477 3136 3533 Pater
3181 3490 3362 3536 vester
3405 3496 3522 3537 cm-

1926 3569 2098 3624 lestis.
2135 3588 2153 3622 ›
2188 3571 2393 3626 lterum
2432 3585 2531 3626 nos
2553 3570 2714 3627 docet
2739 3585 2860 3627 esse
2883 3571 3091 3627 alienos
3121 3588 3154 3627 a
3189 3572 3505 3630 vindicandi

1927 3663 2248 3734 cupiditate.
2275 3661 2594 3719 Memoriam
2627 3671 2809 3719 autem
2836 3666 3003 3734 patris
3036 3665 3296 3732 inculcat,
3340 3678 3397 3722 ut
3433 3682 3520 3724 re-

1928 3770 2212 3826 vereamur
2253 3770 2376 3812 eum
2407 3773 2421 3813 :
2455 3764 2510 3812 et
2539 3771 2662 3812 eum
2703 3756 2820 3827 ejus
2863 3757 3034 3811 simus
3065 3757 3183 3823 tllii,
3217 3774 3324 3813 non
3357 3773 3520 3814 exas-

1925 3860 2200 3915 peretnur.

1999 3934 2166 3991 Vens.
2195 3936 2281 3990 15.
2319 3955 2338 3986 ι
2395 3937 2548 4003 Quod
2579 3935 2626 3992 si
2659 3951 2765 3992 non
2821 3939 3148 3996 remiseritis
3201 3939 3519 3999 homini-bus

1927 4029 2123 4084 delicta
2156 4044 2279 4093 sua,
2329 4043 2508 4098 neque
2537 4026 2698 4083 Pater
2734 4037 2916 4084 vester
2942 4031 3186 4086 remittet
3227 4033 3382 4088 vobis
3411 4033 3513 4090 dc-

1926 4123 2053 4196 lie_ta
2092 4131 2296 4178 vestra.
2337 4142 2354 4174 ι
2393 4121 2536 4176 Nihil
2574 4125 2723 4178 enim
2754 4121 2827 4176 ita
2883 4124 2997 4177 odit
3028 4123 3298 4196 benignus
3345 4123 3512 4191 Deus,

1927 4189 2401 4270 ufmudelitatem.

2002 4307 2165 4362 Vnus.
2216 4307 2304 4361 16.
2343 4325 2360 4358 ι
2430 4306 2599 4362 Porro
2635 4323 2756 4362 cum
2815 4309 3217 4380 jejunaveritis,
3279 4326 3348 4367 ne
3393 4311 3515 4366 sitis

1927 4402 2069 4456 sicut
2118 4399 2437 4471 hypocrittr,
2472 4400 2728 4456 vultuosi.
2785 4399 3088 4457 Obscuraut
3148 4402 3291 4456 enim
3347 4401 3518 4458 facies

1926 4511 2077 4558 suas,
2134 4505 2193 4548 ιιι
2243 4494 2532 4548 videantur
2584 4492 2897 4547 horninibus
2939 4493 3276 4560 jejunatttes.
3339 4495 3513 4548 Amen

240 4587 300 4638 Ἀ
314 4584 423 4655 μὴν
451 4584 594 4651 λέγω
629 4583 781 4652 ὑμῖν,
815 4583 898 4635 ὅτι
930 4581 1200 4651 ἀπέχουσι
1230 4582 1321 4636 τὸν
1342 4581 1532 4653 μισθὸν
1564 4582 1764 4637 αὐτῶν.
1793 4602 1812 4634 ›

1928 4590 2046 4643 dico
2081 4588 2256 4654 vobis,
2297 4586 2441 4656 quod
2490 4587 2695 4642 habent
2743 4585 3051 4640 mercedem
3109 4601 3285 4641 suam.
3342 4605 3360 4638 ι
3408 4583 3520 4640 Ol:-

240 4675 581 4744 Ἀφανισμὸς
633 4673 927 4747 προσώπου
974 4674 1124 4728 ἐστὶν
1163 4674 1198 4745 ἡ
1228 4673 1500 4744 ὠχρότης,
1539 4674 1666 4728 ὅταν
1719 4676 1821 4747 οὐχ

1931 4681 2180 4737 scuratio
2243 4681 2398 4736 faciei
2453 4689 2535 4734 est
2563 4679 2781 4748 pallor:
2831 4681 3049 4748 quando
3103 4679 3224 4748 quis
3275 4695 3380 4735 non
3433 4691 3518 4736 est

226 4761 346 4830 οἷός
388 4766 504 4820 ἐστί
554 4783 639 4831 τις
678 4767 965 4838 φαίνηται,
989 4764 1128 4834 em
1171 4769 1540 4838 προσποιῆται
1593 4768 1823 4836 στυγνό-

225 4877 395 4930 τητα.

311 4970 330 5002 ‹
372 4953 442 5005 Σὺ
478 4951 533 5005 δὲ
567 4953 864 5023 νηστεύων,
893 4950 1121 5020 ἄλειψαί
1159 4969 1255 5005 σου
1302 4953 1400 5024 τὴν
1430 4951 1694 5024 κεφαλὴν,
1722 4956 1817 5007 καὶ

226 5046 292 5096 τέ
322 5043 617 5114 πρόσωπόν
673 5060 766 5096 σου
795 5043 968 5113 νίψαι,
992 5045 1143 5109 ὅπως
1169 5045 1244 5117 μὴ
1275 5049 1450 5118 φανῇς
1480 5049 1592 5111 τοῖς
1610 5048 1821 5118 ἀνθρώ-

230 5153 358 5199 ποις
378 5138 676 5205 νηστεύων,
695 5137 831 5190 ἀλλὰ
852 5136 930 5206 τῷ
953 5137 1125 5208 Πατρί
1151 5154 1245 5190 σου
1265 5137 1342 5208 τῷ
1373 5141 1430 5191 ὲν
1454 5139 1530 5209 τῷ
1557 5140 1814 5211 κρυπτῷ·

228 5230 325 5281 καὶ
355 5229 384 5279 6
421 5229 614 5299 Πατήρ
645 5246 738 5282 σου
771 5233 798 5282 6
827 5229 1042 5299 βλέπων
1074 5231 1132 5282 ἐν
1157 5231 1234 5300 τῷ
1260 5231 1510 5302 κρυπτῷ,
1545 5233 1817 5287 ἀποδώσει

230 5339 336 5375 σοι.
367 5341 384 5371 ι
419 5323 482 5373 ΟΞ
521 5321 740 5374 παλαιοί
775 5324 949 5392 χαρᾶς
983 5319 1129 5392 εἶχον
1157 5325 1384 5392 σημεῖον
1414 5324 1473 5377 τὸ
1497 5323 1818 5394 ἀλείφεσθαι

227 5414 402 5484 ὲλαίῳ
443 5415 584 5483 μετά
635 5414 697 5466 τὸ
746 5414 992 5482 λουτρόν·
1045 5415 1140 5468 καὶ
1184 5416 1250 5468 σὺ
1285 5412 1378 5469 οὖν
1427 5415 1570 5469 οὔτω
1612 5419 1818 5489 χαίρων

228 5505 450 5574 φαίνου.
487 5507 703 5559 Ἔλαιον
723 5506 780 5559 δὲ
797 5509 1000 5560 νοεῖται
1027 5509 1172 5579 καὶὴ
1198 5507 1557 5580 ἐλεημοσύνη.
1593 5511 1818 5582 Κεφαλή

224 5599 282 5652 δὲ
307 5598 465 5668 ήμῶν
496 5600 522 5651 6
570 5599 822 5667 Χριστὸς,
855 5597 914 5652 ὃν
959 5601 1042 5652 δεῖ
1090 5600 1338 5668 ἀλείφειν
1367 5604 1485 5666 ταῖς
1516 5603 1818 5673 ἐλεημοσύο

226 5706 349 5751 ναις
371 5705 383 5719 ·
417 5689 512 5742 καὶ
544 5688 603 5740 τὸ
644 5691 959 5760 πρόσωπον,
996 5691 1115 5761 ἤτοι
1143 5692 1241 5755 τὰς
1266 5693 1571 5764 αἰσθήσεις,
1606 5696 1818 5751 νίπτειν

223 5781 318 5838 διὰ
349 5780 622 5851 δακρύων.

311 5893 328 5923 ι
381 5873 473 5942 Μὴ
513 5872 870 5945 θησαυρίζετε
920 5874 1048 5943 ὑμῖν
1074 5875 1383 5947 θησαυροὺς
1412 5877 1504 5931 ἐπὶ
1540 5879 1639 5950 τῆς
1688 5882 1811 5952 γῆς,

1927 4774 2103 4844 qualis
2139 4784 2382 4843 apparet,
2415 4773 2507 4828 sed
2527 4770 3068 4828 sitnulattristitiam.

2000 4952 2162 5007 Vens.
2210 4949 2410 5013 17,18.
2452 4968 2469 5001 ι
2510 4948 2587 5002 Tu
2621 4959 2802 5005 autem
2857 4949 3133 5018 jejunntts,
3169 4965 3308 5020 nnge
3352 4961 3517 5019 caput

1929 5057 2102 5110 tuum,
2133 5057 2189 5098 et
2221 5045 2414 5101 faciem
2453 5055 2598 5096 tuam
2648 5042 2788 5105 lava,
2841 5057 2906 5095 ne
2933 5040 3169 5096 videaris
3201 5040 3517 5100 hominibus

1920 5139 2200 5207 jejunans,
2251 5139 2345 5190 sed
2376 5134 2525 5190 Patri
2569 5146 2661 5190 tuo
2696 5134 2787 5204 qui
2819 5144 2902 5188 est
2960 5133 3014 5186 in
3053 5132 3373 5193 abscondito
3406 5147 3419 5184 :
3460 5147 3516 5188 et

1925 5218 2088 5287 Pater
2118 5242 2241 5285 tuus
2267 5230 2359 5299 qui
2402 5229 2547 5283 videt
2589 5229 2640 5280 in
2691 5225 3034 5291 abscondito,
3085 5227 3272 5280 reddet
3332 5224 3450 5281 tibi.
3491 5245 3510 5277 ι

1925 5325 2095 5380 Prisci
2127 5324 2180 5378 in
2223 5321 2400 5393 gauin
2434 5322 2649 5393 signum
2694 5320 2988 5386 habebant,
3045 5319 3166 5373 oleo
3214 5321 3342 5390 uttgi
3392 5333 3515 5390 post

1923 5417 2181 5472 lotiouem
2208 5414 2352 5485 :33
2392 5425 2443 5469 et
2484 5423 2539 5467 tu
2572 5427 2791 5483 quoque
2832 5413 2913 5468 sic
2950 5413 3105 5467 lautus
3155 5426 3376 5482 appare.
3412 5411 3516 5468 Per

1922 5511 2106 5565 oleum
2137 5519 2318 5563 autem
2347 5517 2400 5562 et
2431 5507 2775 5577 eleemosyna
2827 5506 3172 5576 intelligitur.
3208 5506 3376 5562 Porro
3416 5522 3506 5562 cxt-

1923 5612 2018 5669 put
2043 5610 2311 5662 nostrum,
2340 5599 2443 5653 hoc
2469 5609 2572 5665 est,
2596 5599 2896 5664 Christum,
2925 5607 3142 5668 oportet
3167 5598 3508 5673 eleemosynn

1923 5693 2108 5765 inungi
2149 5712 2162 5747 :
2197 5691 2393 5746 faicem
2424 5701 2628 5754 autem,
2661 5690 2765 5745 hoc
2803 5700 2909 5754 est,
2960 5705 3206 5757 sensum,
3255 5689 3511 5763 lacrymis

1919 5787 2121 5841 lavare.

1996 5878 2160 5934 Vens.
2198 5877 2284 5945 18,
2321 5877 2406 5933 19.
2470 5894 2487 5928 ‹
2543 5874 2617 5930 Nc
2666 5874 3052 5931 thesnurizezis
3094 5875 3246 5932 vobis
3282 5877 3520 5948 tltesztu-_
