4080 6336
661 410 792 476 ΗΠ

1535 393 2112 461 THEOPHYLACTI
2148 393 2483 454 BUlGAIll
2496 393 2560 452 ιλΕ
2600 392 2834 452 ARCHI
2846 391 2954 451 ΕΡ.

3815 389 3915 458 268

675 539 777 577 ros
803 534 962 590 super
989 528 1205 579 terra-at,
1235 514 1322 568 ubi
1352 525 1534 582 aerugo
1555 519 1608 566 et
1641 509 1784 562 tinea
1824 502 2120 574 corrumpit
2152 519 2163 554 :
2199 508 2244 554 et

2355 500 2488 552 ὅπου
2531 498 2628 567 σὴς
2666 499 2760 552 καὶ
2795 496 2998 568 βρῶσις
3037 496 3332 566 ἀφανίζει·
3383 497 3475 551 καὶ
3514 496 3650 550 ὅπου
3686 494 3917 551 κλέπται

674 614 774 665 τιὼί
803 610 850 663 fu
863 624 947 663 res
971 607 1274 679 perfodiunt
1293 613 1345 658 et
1369 602 1635 657 hirantur.
1659 597 2048 653 T-liesaurizatc
2065 602 2243 648 autem

685 705 837 758 vobis
866 705 1140 757 thesauros
1182 699 1231 751 in
1281 695 1440 758 caelo,
1476 692 1561 745 ubi
1617 704 1789 760 neque
1837 701 2038 756 aerugo,
2073 696 2246 752 neque

688 796 831 854 tinea
867 791 1180 859 corrumpit,
1213 798 1264 840 et
1285 785 1372 839 ubi
1401 781 1548 836 fures
1578 797 1684 835 non
1712 777 2036 849 perfodiunt,
2061 786 2232 842 neque

688 888 952 943 furantur.
991 901 1009 933 ε
1053 881 1340 946 Postquam
1372 874 1547 928 inanis
1577 871 1758 942 gloria:
1796 865 2040 922 morbum
2066 862 2244 932 ejecit,

689 984 1079 1044 consequenter
1121 972 1186 1025 de
1241 967 1420 1037 inopia
1462 965 1718 1034 loquitur.
1787 958 2044 1013 Homines
2103 956 2245 1008 enim

691 1079 910 1138 propter
955 1079 1146 1118 vanam
1205 1061 1427 1131 gloriam
1478 1055 1644 1111 multa
1674 1051 1970 1123 pos.~ident.
1998 1045 2249 1100 Ostendit

687 1173 845 1229 quam
879 1157 951 1211 sit
987 1153 1175 1209 inutile
1207 1153 1488 1206 thesauros
1525 1145 1722 1200 habere
1777 1154 1940 1208 super
1996 1149 2193 1191 terrain
2230 1149 2243 1185 :

689 1248 817 1315 quia
871 1259 1051 1312 :erugo
1081 1253 1132 1298 et
1170 1244 1308 1295 tinea
1361 1241 1707 1303 corrumpunt
1756 1231 1907 1286 cibos
1946 1241 2001 1284 et
2047 1235 2243 1288 vestes,

689 1340 838 1391 lurrs
869 1342 1045 1389 autem
1082 1346 1270 1385 aurum
1303 1339 1355 1381 et
1399 1336 1699 1394 argentum.
1748 1319 1948 1374 Deinde
2004 1332 2073 1374 ne
2125 1315 2244 1386 quis

690 1430 832 1484 dicat
874 1427 921 1480 ei
951 1443 965 1479 :
999 1424 1102 1479 Sed
1148 1436 1252 1476 non
1302 1419 1480 1475 onmia
1541 1415 1684 1469 furto
1736 1420 1985 1483 pereunt,
2051 1407 2243 1478 inquit.

686 1515 942 1584 Quamvis
969 1511 1101 1566 nihil
1121 1512 1311 1564 horum
1354 1509 1445 1568 sit,
1470 1513 1704 1560 attamen
1726 1505 1804 1557 sic
1831 1501 2102 1556 addictum
2129 1513 2248 1553 esse

682 1607 992 1661 divitiarum
1052 1599 1424 1665 sollicitudini,
1475 1588 1744 1667 quomodo
1800 1609 1906 1648 non
1954 1591 2249 1647 miserum?

683 1699 802 1754 ideo
838 1697 967 1751 dicit
989 1710 1005 1755 ξ

755 1872 918 1928 Vens.
948 1871 1138 1927 2l-23.
1188 1889 1205 1920 ι
1243 1869 1344 1926 Ubi
1386 1868 1528 1923 enim
1589 1873 1671 1920 est
1727 1863 2010 1918 thesaurus
2045 1868 2240 1923 vester,
2281 1844 2322 1898 Β

684 1964 755 2018 ibi
775 1966 878 2017 erit
904 1973 956 2016 et
979 1976 1072 2019 cor
1095 1970 1352 2016 vestrum.
1378 1956 1620 2011 Lucerna
1645 1952 1889 2023 corporis
1913 1960 1997 2006 est
2018 1949 2242 2004 oculus:

683 2057 726 2108 si
762 2055 924 2126 igitur
954 2053 1141 2108 oculus
1187 2063 1310 2106 tuus
1351 2049 1578 2119 simplex
1611 2044 1795 2108 fuerit,
1833 2051 2002 2100 totum
2051 2054 2246 2108 corpus

681 2156 828 2199 tuum
881 2144 1109 2199 lucidum
1147 2144 1288 2198 erit:
1347 2141 1392 2194 si
1441 2149 1620 2193 autem
1683 2135 1872 2191 oculus
1919 2141 2043 2186 tuus
2073 2131 2244 2185 malus

677 2236 862 2300 fuerit,
893 2245 1276 2302 totumcorpus
1303 2240 1448 2284 tuum
1480 2229 1821 2284 tenebrosum
1845 2226 1970 2281 erit.
2003 2225 2059 2279 Si
2081 2223 2244 2294 igitur

676 2327 768 2384 lux
789 2340 904 2395 quae
919 2327 970 2378 in
986 2334 1033 2380 te
1050 2333 1152 2391 est,
1175 2321 1409 2377 tenebris:
1422 2329 1564 2385 sunt,
1585 2319 1819 2372 tenebrae
1833 2317 1957 2386 ipsa:
1974 2315 2236 2386 quantm?»

676 2417 793 2472 Hoc
831 2417 988 2481 dicit,
1029 2415 1169 2486 quod
1196 2415 1239 2466 si
1271 2411 1535 2479 adieceris
1564 2410 1800 2463 animum
1835 2423 1996 2477 opum
2027 2406 2244 2460 sollici-

681 2510 880 2574 tudini,
941 2507 1244 2562 exstinxisti
1301 2503 1603 2568 lucernam,
1661 2501 2027 2554 obtenebrasti
2099 2508 2243 2552 tuam

679 2598 940 2654 animam.
981 2598 1131 2651 Sicut
1180 2595 1322 2649 enim
1355 2593 1544 2647 oculus
1592 2590 1637 2645 si
1677 2589 1925 2658 simplex,
1984 2590 2084 2643 hoc
2140 2597 2241 2652 est,

677 2704 842 2743 sanus
872 2686 1056 2753 fuerit,
1090 2685 1357 2739 illuminat
1383 2695 1615 2752 corpus:
1641 2681 1684 2734 si
1711 2693 1887 2734 autem
1914 2680 2107 2738 malus.
2145 2679 2245 2731 hoc

675 2789 759 2833 est
812 2777 1110 2841 morbidus,
1154 2771 1513 2828 obtenebrat:
1550 2770 1619 2824 ita
1658 2779 1710 2823 et
1758 2784 1906 2824 mens
1939 2777 2244 2822 emercatur

677 2887 788 2940 prae
813 2869 1191 2926 sollicitudine.
1227 2867 1378 2933 Quod
1410 2866 1457 2919 si
1505 2878 1648 2919 .nens
1673 2863 2028 2919 obleuebrata
2059 2861 2240 2929 fuerit,

678 2964 740 3016 lit
771 2971 826 3015 et
851 2960 1028 3013 anima
1063 2959 1367 3022 tenebrosa,
1409 2965 1462 3010 et
1499 2955 1666 3008 multo
1701 2955 1869 3025 magis
1900 2969 2118 3025 corpus.

751 3050 911 3105 Vens.
932 3051 1033 3105 «Μ.-
1047 3069 1066 3101 ε
1093 3048 1278 3102 Nullus
1297 3055 1474 3118 potest
1493 3046 1699 3099 duobus
1719 3045 1950 3100 dominis
1966 3046 2190 3100 servire.
2218 3063 2237 3096 ε

677 3144 820 3196 Duos
846 3140 1092 3194 dominos
1126 3139 1260 3192 dicit
1287 3135 1557 3192 contraria
1587 3134 1980 3205 praecipientes,
2013 3134 2243 3204 exempli

682 3232 876 3300 gratia,
911 3240 969 3283 ut
1019 3229 1157 3284 Deus
1211 3237 1266 3284 et
1306 3227 1592 3281 Mammon.
1628 3223 1737 3281 Nos
1767 3235 1946 3278 autem
2007 3223 2238 3279 facimus

678 3322 960 3377 dominum
1032 3333 1274 3377 nostrum
1336 3318 1628 3381 diabolum,
1668 3316 1808 3371 sicut
1873 3325 1927 3370 et
1997 3328 2236 3371 ventrem

676 3415 859 3470 deum.
903 3412 1101 3466 Natura
1127 3411 1270 3464 enim
1303 3418 1528 3463 estvere
1560 3405 1835 3467 Dominus,
1863 3406 2002 3460 Deus
2030 3448 2044 3464 .
2072 3421 2244 3460 mam-

675 3521 838 3560 mana
874 3514 1050 3557 autem
1086 3512 1167 3556 est
1207 3501 1488 3572 iujustitia.
1538 3517 1557 3550 ι
1591 3500 1699 3551 Aut
1745 3496 1888 3550 enim
1920 3513 2083 3551 unum
2116 3499 2240 3553 odio

678 3595 896 3650 habebit
951 3602 1005 3647 et
1035 3593 1259 3647 alterum
1288 3591 1472 3657 diliget
1512 3605 1526 3643 :
1581 3599 1673 3642 aut
1705 3587 1793 3641 uni
1832 3588 2132 3644 adhaerebit
2187 3600 2243 3644 et

677 3687 908 3740 alterum
960 3692 1291 3738 contemnet.
1342 3681 1456 3735 Non
1502 3681 1723 3751 potestis
1786 3679 1894 3735 Deo
1941 3682 2145 3736 servire
2190 3691 2242 3733 ct

676 3792 1021 3834 mammonae.
1074 3794 1093 3826 ι
1131 3775 1290 3829 Vides
1321 3773 1460 3842 quod
1503 3789 1605 3826 non
1649 3779 1830 3841 potest
1877 3772 2027 3827 divos
2057 3781 2109 3825 et
2158 3774 2242 3824 in-

671 3871 853 3940 justus
891 3870 996 3922 Deo
1051 3866 1282 3924 servire!
1318 3865 1515 3934 Abiicit
1567 3866 1711 3920 enim
1747 3865 2056 3920 divitiarum
2091 3877 2243 3918 amor

675 3973 718 4017 a'
733 3963 860 4017 Deo.

753 4052 1034 4107 Vsss.25.
1092 4068 1122 4101 με
1164 4049 1452 4119 Pmpterca
1512 4049 1632 4104 dico
1679 4048 1850 4111 vobis,
1911 4063 1975 4101 ne
2028 4044 2241 4102 solliciti

679 4145 795 4209 sitis
831 4144 1024 4196 animae
1063 4151 1254 4195 vestra:
1301 4141 1428 4211 quid
1459 4141 1602 4196 esuri
1635 4141 1752 4196 sitis
1811 4148 1902 4192 aut
1959 4139 2174 4194 bibitur:
2227 4154 2239 4191 :

679 4247 854 4302 neque
882 4231 1094 4300 corpori
1148 4239 1329 4285 vestro
1381 4232 1578 4299 quibus
1639 4231 1971 4285 indumentis
2006 4231 2176 4284 usuri.
2219 4248 2237 4282 ι

679 4323 830 4390 Quod
861 4331 942 4377 est
977 4325 1097 4385 hoc,
1130 4331 1450 4391 propterea:
1480 4322 1524 4374 A
1551 4320 1656 4375 Deo
1676 4321 1794 4388 ejici
1828 4332 2046 4391 pr0pter
2077 4321 2242 4388 Opes?

680 4414 795 4469 Non
829 4412 1064 4466 comedit
1112 4422 1290 4467 autem
1353 4413 1551 4476 anima,
1618 4413 1927 4481 incorporea
1957 4414 2099 4466 enim
2137 4422 2240 4475 est,

2351 589 2693 662 διορύσσουσι
2747 595 2840 644 καὶ
2891 590 3202 644 κλέπτουσι.
3266 587 3636 660 Θησαυρίζετε
3679 587 3740 641 δὲ
3790 588 3917 658 ύμῖν

2353 685 2656 757 θησαυροὺς
2706 684 2766 736 ὲν
2796 681 3030 752 οὐρανῷ,
3075 683 3210 735 ὅπου
3244 680 3371 735 οὕτε
3424 681 3524 752 σὴς
3556 679 3680 734 οὔτε
3717 679 3919 752 βρῶσις

2349 772 2626 843 ἀφανίζει,
2660 772 2756 825 καὶ
2785 771 2921 824 ὅπου
2947 771 3173 823 κλέπται
3219 771 3280 824 ού
3343 770 3743 841 διορύσσουσιν,
3801 771 3920 826 οὐδὲ

2349 866 2700 918 κλέπτουσιν*
2733 863 2866 916 ὅπου
2898 862 3006 933 γάρ
3031 864 3177 915 ἐστιν
3216 865 3245 914 6
3269 861 3540 933 θησαυρὸς
3567 862 3748 932 ὑμῶν,
3805 864 3923 916 ἐκεῖ

2350 956 2501 1008 ἔσται
2533 955 2687 1025 καὶὴ
2717 952 2911 1025 καρδία
2937 953 3110 1022 ὑμῶν.
3152 970 3170 1003 ι
3218 953 3373 1005 Ἐπεί⁸
3399 953 3459 1005 τὸ
3484 953 3582 1022 τῆς
3616 951 3921 1016 κενοδοξίας

2353 1045 2574 1111 ἐξέϐαλε
2612 1046 2850 1118 νόσημα,
2905 1045 3034 1116 περὶ
3089 1045 3476 1115 ἀκτημοσύνης
3524 1044 3712 1098 λοιπὸν
3746 1043 3918 1112 λέγει.

2349 1139 2414 1191 Oi
2439 1136 2546 1208 γ’ἀρ
2586 1135 2861 1208 ἄνθρωποι
2893 1135 2978 1188 διὰ
3009 1133 3314 1200 κενοδοξίαν
3341 1134 3578 1188 κτῶνται
3621 1135 3691 1190 τᾶ
3721 1135 3917 1200 πλείω,

2349 1230 2591 1283 δείκνυσι
2621 1228 2677 1281 δὲ
2707 1225 2801 1282 τοῦ
2848 1227 2942 1281 ἐπὶ
2976 1226 3076 1296 γῆς
3125 1224 3396 1296 θησαυροῦ
3428 1225 3490 1278 τὸ
3535 1226 3805 1297 ἀκερδιςτ
3841 1228 3924 1281 ὅτι

2351 1322 2459 1392 σὴς
2485 1321 2585 1392 μὲν
2619 1321 2712 1374 καὶ
2751 1320 2959 1391 βρῶσις
2989 1319 3239 1388 ἀφανίζει
3275 1317 3539 1390 βρώματα
3566 1320 3662 1374 καὶ
3708 1320 3923 1392 ίμάτια,

2349 1413 2578 1467 κλέπται
2607 1413 2684 1474 δὲ,
2716 1411 2940 1483 χρυσίον
2972 1411 3065 1463 καὶ
3085 1409 3364 1483 ἀργύριον.
3397 1405 3531 1464 Είτα
3565 1410 3657 1464 ῐνα
3682 1410 3762 1482 μὴ
3790 1409 3925 1483 εἴπῃ

2348 1525 2430 1571 τις
2457 1505 2632 1576 αὐτῷ,
2669 1506 2748 1556 ὅτι
2780 1502 2927 1558 Ἀλλ’
2948 1503 3008 1556 οὐ
3037 1503 3235 1568 πάντες
3263 1505 3600 1566 κλέπτονται,
3634 1502 3824 1572 φησίν·
3859 1501 3924 1556 El

2349 1599 2443 1652 καὶ
2483 1596 2650 1668 μηδὲν
2675 1594 2880 1649 τούτων
2916 1594 3086 1660 ἐστὶν,
3123 1595 3241 1648 ἀλλ’
3265 1591 3361 1650 οὖν
3411 1611 3473 1663 γε
3518 1592 3651 1648 αὐτὸ
3680 1593 3841 1648 τοῦτο
3868 1594 3926 1647 ab

2349 1685 2740 1756 προσηλῶσθαι
2770 1702 2828 1739 σε
2861 1687 2927 1755 τῇ
2966 1685 3094 1755 περὶ
3124 1684 3217 1738 τοῦ
3250 1685 3480 1738 πλούτου
3509 1684 3778 1757 μερίμνῃ,
3807 1683 3926 1746 πιτς

2348 1781 2447 1832 οὐκ
2485 1779 2695 1844 ἀθλιον;
2737 1778 2815 1831 διδ
2844 1777 3016 1845 λέγει’

2424 1891 2442 1922 ι
2475 1870 2653 1924 Ὅπου
2685 1869 2794 1940 γὰρ
2823 1870 2850 1922 6
2876 1868 3149 1942 θησαυρὸς
3178 1868 3354 1940 ὑμῶν,
3385 1869 3504 1922 ἐκεῖ
3527 1867 3623 1923 καὶ
3654 1869 3687 1940 ἠ
3721 1866 3924 1940 καρδία

2346 1961 2520 2033 ὑμῶν.
2567 1963 2625 2014 '0
2670 1959 2862 2032 λύχνος
2894 1962 2991 2015 τοῦ
3041 1962 3294 2033 σώματός
3337 1963 3484 2015 ἔστιν
3534 1962 3563 2015 6
3617 1961 3920 2032 ὀφθαλμός·

2344 2053 2441 2106 ἐὰν
2470 2047 2562 2108 οῦν
2588 2054 2616 2106 6
2639 2052 2916 2124 ὀφθαλμός
2954 2070 3047 2106 σου
3081 2051 3288 2119 ἁπλοῦς
3317 2047 3374 2126 ᾗ,
3402 2053 3609 2132 ὃλονπὸ
3639 2053 3804 2123 σῶμά
3826 2069 3922 2106 σου

2345 2145 2601 2215 φωτεινόν
2632 2160 2647 2174 ο
2683 2145 2778 2199 ἐὰν
2810 2145 2865 2198 δὲ
2911 2145 2940 2198 6
2971 2144 3250 2216 ὀφθαλμός
3285 2162 3377 2200 σου
3410 2145 3647 2219 πονηρὸς
3692 2140 3748 2220 ᾖ,
3799 2144 3923 2198 ὅλον

2341 2236 2405 2288 τὸ
2432 2234 2594 2313 σῶμά
2624 2251 2718 2288 σου
2749 2235 3028 2288 σκοτεινὸν
3057 2234 3212 2289 ισται
3239 2252 3253 2264 ·
3303 2236 3354 2287 εί
3384 2231 3478 2290 οὖν
3503 2234 3564 2287 τδ
3607 2233 3725 2303 φῶς
3773 2233 3834 2287 τὸ
3864 2235 3925 2286 εν

2346 2326 2431 2379 σοὶ
2460 2316 2649 2389 σκότος
2690 2327 2827 2389 ἐστὶ,
2857 2325 2919 2379 τὸ
2956 2327 3146 2388 σκότος
3187 2324 3388 2392 πόσον;
3455 2341 3475 2376 ε
3511 2324 3685 2378 Τοῦτό
3727 2341 3920 2394 φησιν,

2341 2420 2423 2473 ὅτι
2475 2419 2600 2472 Ἐάν
2643 2418 3000 2490 προσηλώσῃς
3024 2419 3112 2470 τὸν
3133 2417 3257 2471 νοῦν
3291 2435 3386 2471 σου
3408 2420 3472 2488 τῇ
3493 2417 3599 2470 τῶν
3621 2418 3924 2488 χρημάτων

2343 2511 2606 2580 φροντίδι,
2663 2510 2895 2574 ἔσϐεσας
2944 2510 3033 2563 τὸν
3068 2508 3281 2580 λύχνον,
3331 2509 3618 2572 ὲσκότισάς
3677 2525 3774 2561 σου
3822 2508 3923 2579 τὴν

2341 2601 2540 2670 ψυχήν.
2579 2600 2786 2670 Ὠσπερ
2815 2599 2922 2670 γὰρ
2963 2601 2991 2653 6
3041 2599 3320 2670 ὀφθαλμὸς
3363 2598 3590 2662 ἁπλοῦς,
3635 2598 3922 2652 τουτέστιν

2345 2693 2501 2762 ὑγιὴς
2536 2691 2630 2757 ὢν,
2658 2691 2881 2759 φωτίζει
2906 2689 2966 2743 τὸ
2998 2689 3182 2760 σῶμα,
3218 2690 3314 2743 ὲάν
3341 2690 3396 2743 δὲ
3421 2689 3655 2760 πονηρὸς
3678 2685 3734 2762 ᾖ,
3762 2703 3921 2742 τουτ-

2344 2783 2460 2836 έστι
2508 2782 2765 2852 νοσώδης,
2806 2780 3072 2844 σκοτίξει,
3105 2779 3248 2834 οὕτω
3277 2781 3370 2835 καὶ
3410 2785 3438 2835 6
3469 2780 3592 2844 νοῦς
3628 2781 3924 2850 τυφλοῦται

2343 2875 2446 2929 ὑπὸ
2476 2875 2573 2944 τῆς
2603 2874 2900 2946 φροντίδος.
2927 2872 2991 2928 Εί
3019 2874 3074 2928 δὲ
3111 2877 3137 2929 6
3162 2873 3287 2938 νοῦς
3323 2874 3663 2945 σκοτισθείη,
3701 2875 3735 2945 ή
3769 2873 3922 2946 ψυχὴ

2345 2968 2533 3030 σκότος
2567 2969 2796 3035 γίνεται,
2831 2969 2924 3021 καὶ
2955 2967 3130 3034 πολλῷ
3163 2969 3362 3038 μᾶλλον
3402 2970 3462 3020 τὸ
3488 2967 3672 3036 σῶμα.

2423 3077 2441 3110 ι
2483 3060 2670 3122 Οὐδεὶς
2716 3059 2939 3113 δύναται
2993 3060 3113 3114 δυσὶ
3144 3064 3355 3130 κυρίοις
3395 3059 3690 3115 δουλεύειν.
3734 3081 3752 3114 ε
3815 3062 3924 3116 Δύο

2347 3145 2567 3216 κυρίους
2607 3146 2753 3214 λέγει
2797 3149 2920 3210 τοὺς
2968 3149 3036 3201 τὰ
3101 3149 3320 3201 ἐναντία
3361 3151 3770 3214 ἐπιτάττοντας,
3808 3146 3923 3205 οἷον

2348 3237 2480 3292 Θεὸν
2535 3238 2629 3291 καὶ
2660 3239 3012 3308 Μαμμωνᾶν.
3066 3239 3256 3310 Ἡμεῖς
3304 3239 3361 3293 δὲ
3406 3241 3678 3310 ποιοῦμεν
3731 3242 3923 3313 κύριον

2343 3331 2502 3402 ήμῶν
2551 3331 2642 3384 τὸν
2665 3331 2931 3398 διάϐολονς
2962 3331 3151 3403 ὥσπερ
3205 3335 3298 3386 καὶ
3329 3335 3426 3404 τὴν
3475 3334 3683 3388 κοιλίαν
3759 3335 3882 3388 θεόν
3906 3353 3921 3366 ·

2343 3421 2500 3490 φύσει
2535 3410 2602 3473 ’δὲ
2655 3421 2748 3474 καὶ
2787 3420 3004 3493 ἀληθῶς
3047 3423 3274 3493 Κύριος,
3321 3425 3348 3476 6
3379 3423 3549 3487 Θεός’
3590 3426 3925 3495 Μαμμωνᾶς

2340 3516 2395 3568 δέ
2432 3515 2643 3585 ὲστινή
2683 3514 2894 3568 ἀδικία.
2936 3533 2954 3565 ι
3001 3514 3070 3568 Ἦ
3112 3516 3219 3585 γὰρ
3273 3516 3363 3569 τὸν
3401 3515 3496 3569 ἕνα
3528 3517 3774 3587 μισήσει,
3831 3519 3926 3571 καὶ

2341 3605 2430 3659 τὸν
2461 3605 2650 3675 ἕτερον
2679 3606 2975 3674 ἀγαπήσει,
3008 3607 3040 3676 ἢ
3069 3605 3163 3660 τοῦ
3195 3607 3313 3670 ἑνὸς
3339 3607 3646 3674 ἀνθέξεται,
3703 3608 3923 3662 καΐτοῦ

2343 3698 2530 3766 ἑτέρου
2583 3701 3007 3768 καταφρονήσει.
3065 3699 3139 3752 Ού
3197 3699 3425 3752 δύνασθε
3477 3697 3597 3768 Θεῷ
3649 3698 3925 3752 δουλεύειν

2345 3789 2433 3838 καὶ
2469 3788 2800 3856 μαμμωνᾷ.»
2857 3789 3003 3859 Ορᾷς
3027 3788 3104 3840 ὃτι
3128 3789 3227 3840 οὐκ
3251 3788 3363 3841 ἔστι
3387 3789 3611 3842 δυνατὸν
3643 3789 3734 3842 τὸν
3756 3791 3926 3844 πλού-

2347 3894 2458 3930 σιον
2492 3879 2584 3930 καὶ
2620 3880 2802 3933 ἄδικον
2833 3878 2952 3949 Θεῷ
2978 3879 3288 3948 δουλεύειν;
3322 3880 3607 3936 Ἐκϐάλλει
3655 3883 3766 3954 γὰρ
3810 3883 3922 3937 αὑ-

2341 3969 2432 4021 τὸν
2458 3967 2919 4039 ήφιλοχρηματία
2949 3969 3058 4022 ἀπὸ
3086 3969 3246 4038 Θεοῦ.

2421 4078 2438 4110 ι
2494 4061 2591 4113 Διά
2624 4059 2783 4114 τοῦτο
2831 4060 2976 4130 λέγω
3009 4063 3158 4131 ὑμῖν,
3223 4063 3300 4134 μή
3332 4066 3635 4134 μεριμνᾶτε
3670 4067 3738 4135 τῇ
3773 4063 3922 4136 ψυχῇ

2343 4151 2495 4220 ὑμῶν
2515 4153 2565 4204 τί
2597 4153 2808 4225 φάγητε
2836 4155 2931 4206 καὶ
2953 4153 3004 4206 τί
3040 4153 3226 4225 πίητε,
3255 4155 3389 4225 μηδὲ
3419 4155 3496 4225 τῷ
3521 4156 3736 4224 σώματι
3766 4157 3925 4227 ὑμῶν

2341 4243 2391 4296 τί
2425 4242 2743 4312 ἐνδύσησθε.
2789 4262 2808 4294 ι
2852 4244 2950 4297 Διά
2982 4245 3160 4310 τοῦτο,
3186 4250 3374 4312 ποῖον;
3410 4247 3508 4300 Διά
3545 4246 3605 4299 τὸ
3628 4247 3734 4300 ἀπὸ
3784 4248 3922 4302 Θεοῦ

2344 4334 2694 4388 ἐκϐάλλεσθαι
2741 4336 2847 4389 ὑπὸ
2877 4336 2986 4389 τῶν
3033 4338 3364 4406 χρημάτων
3431 4339 3544 4410 Ούχ
3600 4339 3816 4410 ἡψυχὴ
3865 4341 3924 4393 δὲ

2343 4424 2534 4486 ἐσθίει.
2569 4427 2864 4497 ἀσώματον
2887 4426 3020 4497 γὰρ,
3049 4427 3185 4481 ἀλλά
3236 4429 3376 4483 κατά
3406 4434 3503 4499 τὴν
3530 4429 3714 4500 κοινὴν
3758 4431 3918 4502 συνήο

680 4506 774 4559 sed
806 4505 958 4572 juxta
1010 4517 1348 4558 communem
1391 4504 1836 4558 consuetudinem
1885 4505 2091 4557 locutus
2136 4513 2238 4556 est.

2346 4520 2499 4574 θειαν
2532 4519 2693 4573 τοῦτο
2727 4515 2867 4573 εἷπε.
2903 4523 3063 4574 Δοκεῖ
3101 4521 3209 4593 γὰρ
3239 4524 3272 4592 ή
3320 4522 3468 4593 ψυχὴ
3517 4522 3592 4594 μὴ
3629 4523 3921 4592 ἀνέχεσθαι

679 4595 906 4650 Videtur
941 4605 1119 4649 autem
1153 4596 1329 4648 anima
1366 4611 1470 4648 non
1509 4609 1666 4661 posse
1723 4610 1841 4647 esse
1892 4598 1942 4646 in
1995 4610 2241 4662 corpore,

683 4686 786 4738 nisi
811 4692 1065 4753 pascatur
1095 4698 1244 4738 caro.
1280 4683 1393 4735 Non
1423 4681 1664 4751 explodit
1692 4692 1868 4735 autem
1897 4684 2130 4749 operari,
2154 4683 2246 4735 sed

682 4776 891 4845 seipsos
920 4786 1060 4828 ictos
1089 4773 1236 4827 curis
1265 4773 1477 4826 tradere
1537 4781 1590 4825 et
1627 4772 1894 4841 negligere
1927 4771 2113 4834 Deum,
2147 4774 2247 4825 hoc

679 4875 762 4920 est
785 4867 928 4935 quod
960 4865 1238 4935 prohibet,
1267 4863 1518 4934 quoniam
1549 4871 1600 4915 et
1627 4877 1785 4933 agros
1810 4862 1986 4916 colere
2013 4874 2242 4932 oportet,

677 4969 734 5012 et
767 4961 959 5011 anima:
991 4970 1177 5012 curam
1213 4957 1438 5009 habere.
1481 4973 1500 5006 ι
1548 4952 1735 5008 Nonne
1759 4955 1934 5008 anima
1970 4956 2137 5023 pluris
2162 4966 2246 5008 est

680 5066 840 5119 quam
875 5051 1045 5113 cibus,
1074 5059 1126 5104 et
1158 5063 1355 5116 corpus
1372 5062 1532 5117 quam
1561 5048 1972 5101 indumentum?
1999 5045 2108 5100 lloc
2139 5057 2241 5109 est,

681 5143 772 5211 qui
807 5141 980 5206 majus
1027 5140 1174 5193 dedit
1235 5153 1422 5205 nempe
1460 5138 1692 5192 animam
1736 5148 1791 5190 et
1828 5153 2022 5206 corpus
2066 5139 2241 5206 ipsum

682 5233 791 5304 ϐἀ.
841 5233 1114 5294 formavit,
1166 5245 1268 5284 non
1323 5230 1471 5283 dabit
1517 5241 1571 5284 et
1621 5228 1934 5284 alimentum
1992 5239 2048 5283 et
2093 5230 2244 5283 indu-

682 5326 956 5380 tremum?

755 5419 918 5475 Vens.
957 5419 1043 5472 26.
1088 5437 1106 5471 ι
1146 5417 1385 5488 Aspicite
1416 5417 1482 5472 ad
1511 5417 1744 5473 volatilia
1785 5415 1932 5480 caeli,
1991 5414 2112 5485 quia
2140 5428 2244 5468 non

681 5526 890 5579 serunt,
917 5527 1088 5582 neque
1114 5521 1341 5577 metunt,
1361 5527 1532 5582 neque
1545 5522 1871 5582 congregant
1893 5510 1946 5564 in
1966 5510 2242 5574 horreum,

686 5623 737 5662 ct
773 5609 932 5662 Pater
969 5616 1144 5660 vester
1175 5605 1411 5660 caelestis
1438 5605 1611 5675 pascit
1636 5618 1698 5658 ea
1724 5623 1737 5657 :
1767 5618 1940 5658 nonne
1970 5616 2065 5657 vos
2087 5601 2242 5670 longe

691 5699 992 5771 pratcellilis
1045 5696 1172 5752 illa?
1209 5716 1226 5749 ι
1281 5696 1551 5754 Potuisset
1601 5696 1794 5752 aﬂ‘erre
1851 5697 1904 5751 iu
1939 5694 2244 5764 exemplum

685 5791 895 5849 Heliam
935 5802 987 5849 et
1029 5793 1316 5863 Joannem,
1373 5802 1427 5850 et
1478 5793 1729 5846 meminit
1773 5792 1991 5847 avium:
2049 5797 2105 5845 ut
2145 5801 2246 5842 nos

2347 4609 2485 4664 εἷναι
2517 4612 2671 4680 ἐντῷ
2715 4611 2951 4681 σώματι,
3003 4615 3051 4665 εί
3082 4613 3162 4683 μὴ
3205 4613 3460 4684 τρέφοιτο
3511 4616 3544 4684 ἡ
3593 4614 3750 4685 σάρξ.
3804 4615 3923 4668 οὐκ

2351 4703 2602 4755 ἐκϐάλλει
2628 4703 2682 4754 δὲ
2714 4703 2773 4754 τὸ
2795 4703 3149 4772 ἐργάζεσθαι,
3179 4704 3316 4757 ἀλλά
3353 4704 3408 4756 τὸ
3436 4705 3515 4774 μὴ
3562 4705 3760 4758 διδόναι
3782 4705 3920 4769 ὅλως

2350 4795 2571 4857 ἑαυτοὺς
2617 4797 2737 4856 ταῖς
2778 4795 3047 4866 φροντίσι,
3107 4797 3202 4850 καὶ
3266 4797 3491 4867 ἀμελεῖν
3546 4797 3706 4864 Θεοῦ,
3761 4797 3921 4852 τοῦτο

2349 4886 2575 4938 κωλύει.
2637 4885 2790 4938 Ἐπεὶ
2846 4889 2939 4940 καὶ
2969 4891 3238 4958 γεωργεῖν
3288 4889 3391 4953 δεῖ,
3438 4888 3577 4941 ἀλλὰ
3611 4889 3704 4942 καὶ
3739 4887 3920 4960 ψυχῆς

2346 4977 2674 5048 φροντίζειν.
2715 4997 2732 5029 ι
2779 4979 2911 5049 Οὐχὶ
2945 4985 2976 5051 ή
3010 4981 3158 5051 ψυχὴ
3189 4980 3373 5032 πλεῖόν
3421 4981 3534 5032 ἔστι
3563 4979 3662 5050 τῆς
3686 4983 3920 5052 τροφῆς.

2346 5068 2440 5121 καὶ
2460 5068 2694 5140 τὸ,σῶμα
2721 5071 2812 5124 τοῦ
2835 5073 3130 5142 ἐνδύματος
3155 5091 3205 5139 ;»
3221 5071 3529 5139 Τουτέστιν,
3562 5075 3623 5126 '0
3643 5074 3704 5129 τὸ
3728 5077 3917 5143 μεῖζον

2344 5159 2486 5222 δοὺς,
2517 5161 2615 5230 τήν
2647 5162 2826 5234 ψυχὴν
2890 5167 2983 5216 καὶ
3013 5165 3073 5218 τὸ
3113 5165 3274 5236 σῶμα
3306 5165 3633 5232 διαπλάσας,
3669 5167 3730 5221 ού
3754 5166 3919 5223 δώσει

2345 5253 2439 5305 καὶ
2474 5254 2677 5324 τροφὴν
2697 5260 2789 5308 καὶ
2821 5256 3132 5327 ὲνδύματα;

2421 5446 2439 5478 ε
2499 5426 2839 5498 Ἐμϐλέψατε
2866 5429 2944 5490 είς
2973 5428 3039 5482 τὰ
3072 5431 3291 5485 πετεινά
3317 5431 3413 5485 τοῦ
3445 5431 3703 5502 ούρανοῦ,
3731 5434 3814 5487 ὃτι
3848 5435 3911 5488 οὐ

2347 5523 2687 5590 σπείρουσιν,
2733 5521 2853 5574 οὐδὲ
2903 5521 3231 5592 θερίζουσιν,
3281 5527 3404 5580 οὐδὲ
3466 5528 3794 5596 συνάγουσιν
3834 5532 3916 5592 είς

2348 5614 2649 5684 ἀποθήκας,
2711 5615 2802 5666 καὶ
2849 5616 2876 5666 6
2929 5615 3118 5688 Πατὴρ
3165 5619 3318 5688 ὑμῶν
3367 5622 3393 5673 6
3431 5619 3681 5692 οὐράνιος
3723 5621 3918 5692 τρέφει

2347 5703 2502 5756 αὑτά.
2539 5704 2650 5772 Οὐχ
2688 5703 2842 5773 ὑμεῖς
2867 5707 3066 5774 μᾶλλον
3111 5707 3393 5776 διαφέρετε
3449 5711 3656 5776 αύτὼνς
3689 5729 3708 5762 a
3744 5710 3918 5762 Δυνά-

2357 5812 2511 5865 μενος
2537 5801 2898 5865 παρενεγκεῖν
2932 5799 3389 5872 εἰς’παράοειγμα
3415 5794 3505 5856 τὸν
3561 5801 3769 5865 Ἠλίαν,
3820 5802 3916 5854 τὸν
