4080 6336
186 368 296 434 200

787 371 1249 433 ENAHRATIO
1283 369 1366 432 IN
1405 367 1913 433 EV’ANGELIUM
1945 369 2349 434 murum.
2393 321 2462 408 4-
2492 373 2651 434 CAP.
2690 373 2825 436 vn.

3386 375 3494 439 2Ῑο

199 483 482 556 Ἰωάννην,
516 484 796 556 μέμνηται
836 484 944 539 τῶν
995 484 1264 540 πετεινῶν
1299 503 1311 518 ·
1355 485 1445 540 ενα
1491 486 1641 557 ἡμᾶς
1696 485 1784 538 ὲν-

1904 486 2100 553 pudore
2153 486 2375 552 alliciat,
2413 487 2555 556 quod
2617 502 2717 542 nos
2779 485 2951 556 magis
2987 486 3153 566 etiam
3185 502 3351 556 quam
3400 485 3488 541 illa

186 577 388 650 τρέψῃ,
433 578 514 632 ὅτι
541 579 637 632 καὶ
669 577 875 634 τούτων
905 578 1240 651 ἀλογώτεροί
1269 580 1459 649 ἐσμεν.
1490 576 1787 650 Τρέφειδὲ

189 670 334 724 αύτά
360 672 389 724 6
409 669 565 734 Θεὸς,
603 669 779 736 ἐνθεὶς
800 673 987 738 αὐτοῖς
1009 673 1250 744 φυσικὴν
1301 673 1506 742 γνῶσιν
1534 671 1674 742 πρὸς
1728 670 1789 724 τὸ

186 779 215 815 τ
227 761 402 834 ροφὰς
427 761 736 834 συλλέγειν.

265 876 284 910 ι
322 855 420 922 Τίς
452 855 510 911 δὲ
538 856 597 924 ἐξ
631 856 787 931 ὑμῶν
836 858 1149 930 μεριμνῶν,
1201 858 1426 914 δύναται
1463 856 1788 927 προσθεῖναι

195 948 290 1004 ἐπὶ
323 949 425 1022 τὴν
466 951 685 1023 ήλικίαν
721 947 888 1007 αὑτοῦ
937 954 1119 1025 πῆχυν
1155 955 1279 1021 Eva;
1327 974 1344 1008 ι
1382 952 1554 1021 Τοῦτό
1597 969 1784 1024 φησιν,

191 1044 274 1097 ὅτι
336 1045 454 1099 Κᾶν
501 1047 796 1119 μεριμνᾷς,
861 1047 1016 1102 οὐδὲν
1071 1052 1243 1113 ποιεῖς
1283 1049 1356 1120 μὴ
1399 1048 1649 1112 θέλοντος
1695 1047 1788 1101 τοῦ

191 1135 353 1190 Θεοῦ.
386 1137 451 1189 Τί
475 1138 654 1193 τοίνυν
678 1140 947 1210 περιττῶς
985 1140 1356 1204 κατακόπτεις
1387 1141 1642 1204 σεαυτόν;

274 1248 293 1280 ι
331 1229 439 1283 Καὶ
465 1233 597 1302 περὶ
637 1231 937 1303 ἐνδύματος
967 1233 1020 1286 τί
1055 1235 1392 1304 μεριμνᾶτε;
1424 1233 1788 1304 Καταμάθετε

192 1325 262 1378 τὰ
294 1325 458 1395 κρίνα
491 1326 585 1379 τοῦ
618 1326 815 1395 ἀγροῦ,
855 1325 974 1390 πῶς
1004 1327 1229 1392 αὐξάνει
1256 1343 1271 1358 ⁸
1317 1329 1379 1381 ού
1423 1329 1614 1399 κοπιᾷ,
1669 1327 1791 1381 οὐδὲ

194 1416 370 1486 νήθει.
393 1418 550 1486 Λέγω
579 1417 632 1471 δὲ
669 1418 820 1488 ὑμῖν,
855 1418 938 1472 ὅτι
986 1419 1110 1473 οὐδὲ
1139 1418 1392 1490 Σολομὼν
1428 1422 1485 1472 ὲν
1542 1420 1690 1491 πάσῃ
1723 1421 1788 1490 τῇ

193 1509 321 1581 δῦξῃ
353 1511 518 1565 αὑτοῦ
568 1511 928 1583 περιεόάλετο
968 1513 1044 1577 ὡς
1071 1513 1130 1566 ἒν
1163 1514 1392 1568 τούτων.
1433 1533 1452 1567 ι
1495 1513 1570 1567 Οὐ
1631 1512 1792 1585 μόνον

195 1603 308 1656 ἀπὸ
335 1604 444 1657 τῶν
473 1604 685 1673 ἀλόγων
730 1606 950 1676 πτηνῶν
978 1608 1232 1678 ἐντρέπει
1286 1609 1457 1680 ἡμᾶς,
1512 1607 1649 1662 ἀλλά
1696 1606 1792 1659 καὶ

195 1695 306 1749 ἀπὸ
344 1697 452 1750 τῶν
489 1699 691 1769 κρίνων
731 1698 841 1753 τῶν
875 1702 1319 1772 μαραινομένων.
1356 1703 1417 1756 El
1453 1703 1562 1773 γὰρ
1592 1704 1618 1754 ὁ
1659 1699 1792 1764 Θεὸς

196 1791 384 1843 ἐκεῖνα
432 1789 604 1853 οὕτως
635 1791 1001 1857 ἐκαλλώπισε,
1036 1794 1218 1847 καίτοι
1275 1795 1550 1865 μηδεμιᾶς
1602 1795 1792 1865 χρείας

193 1881 388 1951 οΰσης,
423 1883 576 1954 πόσῳ
609 1884 812 1954 μᾶλλον
839 1885 936 1956 τήν
958 1885 1156 1956 χρείαν
1191 1887 1300 1939 τῶν
1323 1887 1614 1958 ἡμετέρων
1643 1887 1794 1939 ἐνδυ-

200 1973 392 2042 μάτων
442 1972 870 2045 ἀποπληρὼσει;
902 1975 1157 2030 Δείκνυσι
1205 1977 1282 2042 δὲ,
1319 1978 1427 2042 ὅτι,
1478 1978 1582 2031 κᾶν
1619 1978 1794 2032 πολλὰ

199 2067 571 2138 μεριμνήσῃς,
604 2068 664 2121 ού
688 2069 896 2142 δυνήσῃ
919 2070 1370 2141 καλλωπισθῆναι
1398 2071 1474 2136 ὠς
1497 2072 1565 2126 τά
1592 2073 1758 2143 κρίνα
1775 2088 1790 2103 ’
1812 2051 1829 2068 ο

201 2162 335 2214 ὅπου
371 2178 434 2228 γε
470 2161 722 2232 Σολομὼν
749 2166 777 2216 6
811 2163 1228 2233 φρονιμώτατος
1253 2166 1350 2218 καὶ
1376 2166 1792 2237 τρυφηλότατος

195 2253 283 2306 διὰ
309 2253 491 2324 πάσης
520 2254 687 2308 αὑτοῦ
736 2256 838 2325 τῆς
887 2256 1170 2328 βασιλείας
1200 2258 1301 2312 οὐκ
1337 2258 1525 2329 ἴσχυσε
1558 2258 1793 2331 περιδα-

197 2344 390 2398 λέσθαι
418 2363 469 2399 τι
501 2346 768 2402 τοιοῦτον.

276 2456 296 2491 ι
337 2439 401 2492 Εί
436 2439 494 2492 δὲ
531 2440 622 2492 τὸν
669 2442 866 2513 χόρτον
895 2441 989 2497 τοῦ
1031 2443 1204 2516 ἀγροῦ
1239 2445 1479 2516 σήμερον
1509 2446 1642 2500 ὄντα
1700 2447 1795 2500 καὶ

199 2527 392 2598 αὖριον
424 2532 505 2592 εἰς
522 2530 772 2584 κλίϐανον
808 2531 1137 2603 βαλλόμενον
1171 2536 1198 2587 6
1251 2533 1382 2593 Θεὸς
1403 2533 1576 2596 οὕτως
1620 2536 1796 2605 ἀμφι-

201 2618 436 2683 έννυσεν,
475 2620 534 2671 ού
593 2619 772 2691 πολλῷ
818 2621 1020 2692 μᾶλλον
1101 2623 1267 2693 ὑμᾶς,
1343 2625 1707 2693 όλιγόπιστοι;
1768 2644 1786 2676 ι

201 2713 567 2784 Μα·ιοάιιομεν
598 2715 872 2779 ἐντεῦθεν,
899 2717 982 2770 ὅτι
1032 2719 1093 2770 οὐ
1122 2718 1202 2770 δεῖ
1232 2718 1542 2789 φροντίζειν
1581 2717 1784 2771 καλλω-

204 2806 432 2875 πισμοῦ.
471 2806 641 2859 Τοῦτο
671 2805 778 2877 γὰρ
815 2807 924 2860 τῶν
972 2811 1328 2880 προσκαίρων
1359 2811 1569 2864 ἀνθέων
1621 2811 1792 2863 ἐστίν.

205 2894 372 2946 Ὠατε
403 2896 509 2958 πᾶς
539 2894 1046 2967 καλλωπιζόμενος,
1080 2901 1274 2970 χόρτος
1309 2899 1482 2956 ἐστίν.
1531 2899 1709 2970 Ὑμᾶς
1737 2900 1792 2953 δὲ

205 2980 345 3046 εἷπε,
371 2987 498 3049 τοὺς
519 2986 794 3055 λογικοὺς,
826 2986 910 3054 οἷς
930 2990 1117 3062 ψυχὴν
1150 2993 1244 3045 καὶ
1282 2993 1442 3063 σῶμα
1473 2993 1759 3048 διέπλασεν
1778 3013 1790 3025 ·

202 3077 542 3146 ὀλιγόπιστοι
565 3080 621 3134 δὲ
640 3082 843 3147 πάντες
865 3085 914 3136 oi
938 3085 1337 3156 μερίμνῶντες.
1362 3087 1424 3140 El
1456 3087 1564 3158 γὰρ
1583 3087 1795 3140 τελείαν

1895 579 2106 635 ratione
2141 579 2524 634 destituamur.
2558 577 2740 634 Pascit
2786 588 2969 634 autem
3021 567 3134 634 eas‘
3175 578 3340 644 Deus,
3398 580 3488 648 qui

1893 673 2088 729 indidit
2139 674 2220 730 eis
2285 672 2584 729 naturalem
2657 671 2946 729 scientiam
3006 674 3073 728 ad
3146 671 3484 745 colligendas

1891 783 2067 824 escas.

1968 861 2132 916 Vens.
2162 860 2254 916 27.
2299 879 2317 913 ι
2341 859 2473 928 Quis
2508 867 2690 915 autem
2719 874 2784 915 ex
2819 859 2975 916 vobis
3006 858 3279 915 sollicitus
3308 865 3493 928 potest

1895 968 2170 1023 apponere
2202 953 2268 1007 ad
2299 961 2562 1008 staturam
2601 965 2755 1006 suam
2789 950 3034 1006 cubitum
3063 949 3272 1004 unum?
3299 967 3319 1001 ι
3377 947 3493 1003 Hoc

1894 1047 2089 1116 inquit,
2114 1047 2282 1117 quod,
2319 1045 2447 1101 licet
2490 1045 2757 1102 sollicitus
2799 1045 2898 1108 sis,
2934 1042 3071 1098 nihil
3124 1041 3332 1113 poteris
3383 1055 3489 1095 non

1895 1141 2108 1195 volente
2153 1141 2280 1196 Duo.
2319 1140 2431 1195 Cur
2462 1140 2628 1210 igitur
2663 1138 2716 1194 in
2754 1153 2952 1193 vanum
2972 1136 3187 1193 crucias
3214 1133 3491 1204 teipsum?

1968 1234 2133 1288 Vens.
2170 1233 2262 1298 28,
2292 1232 2381 1288 29.
2444 1243 2463 1285 ι
2511 1232 2580 1286 Ει
2619 1231 2684 1287 de
2715 1231 3049 1287 vestimento
3081 1227 3209 1300 quid
3275 1227 3489 1283 solliciti

1893 1326 2452 1383 estis?Considerate
2511 1323 2621 1378 lilia
2661 1323 2801 1394 agri,
2851 1321 3127 1394 quomodo
3187 1328 3439 1376 crescant
3475 1335 3488 1371 :

1897 1436 2002 1476 non
2041 1419 2316 1484 laborant,
2349 1431 2525 1488 neque
2551 1425 2700 1472 nent.
2737 1415 2868 1471 Dico
2896 1425 3079 1470 autem
3131 1414 3308 1478 vobis,
3345 1410 3491 1474 quod

1896 1528 2073 1583 neque
2114 1511 2373 1568 Salomon
2430 1511 2482 1564 in
2521 1512 2671 1566 omni
2698 1508 2869 1580 gloria
2907 1523 3002 1564 sua
3035 1507 3268 1561 amictus
3298 1503 3402 1559 fuit
3435 1512 3493 1557 ut

1854 1677 1857 1680 _
1895 1623 2063 1662 unum
2095 1621 2161 1661 ex
2194 1605 2302 1660 his.
2331 1624 2348 1656 ι
2378 1603 2496 1659 Non
2526 1603 2700 1661 solum
2727 1616 2825 1670 per
2850 1617 2977 1656 aves
3005 1599 3217 1655 ratione
3243 1605 3493 1652 carentes

1897 1715 1995 1755 nos
2017 1699 2294 1762 admonet,
2332 1699 2426 1753 sed
2457 1706 2509 1753 et
2542 1713 2640 1768 per
2674 1697 2781 1753 lilia
2813 1711 2932 1768 qua:
2963 1700 3328 1748 marcescunt.
3354 1688 3488 1744 Nam

1899 1793 1942 1847 si
1986 1791 2128 1846 Deus
2159 1791 2244 1845 illa
2281 1791 2361 1845 sic
2409 1791 2652 1850 ornavit,
2707 1789 2957 1860 quamvis
2999 1785 3142 1840 nulla
3191 1783 3492 1840 necessitas

1899 1886 2098 1953 exigat.
2124 1891 2330 1954 quanto
2358 1884 2532 1950 magis
2561 1883 2844 1952 penuriam
2875 1889 3121 1936 nostram
3155 1878 3208 1933 in
3245 1876 3492 1932 vestibus

1899 1977 2213 2048 supplebit?
2248 1976 2498 2033 Ostendit
2522 1986 2710 2031 autem
2744 1976 2887 2044 quod
2926 1973 3052 2029 licet
3075 1971 3303 2027 multum
3340 1969 3491 2025 solli-

1899 2073 2039 2126 citus
2069 2072 2164 2134 sis,
2197 2086 2304 2124 non
2325 2069 2531 2140 poteris
2554 2079 2735 2124 tamen
2759 2067 2942 2132 ornari
2970 2065 3112 2121 sicut
3141 2057 3288 2117 lilia:
3319 2076 3496 2132 quan-

1898 2164 2191 2234 doquidem
2228 2178 2402 2233 neque
2425 2160 2687 2217 Salomon
2718 2159 3179 2231 prudentissimus
3217 2153 3494 2211 etdelica-

1901 2257 2152 2313 tissimus
2186 2256 2238 2311 in
2268 2256 2417 2311 omni
2456 2270 2624 2324 regno
2652 2269 2752 2308 suo
2781 2253 2958 2324 potuit
3001 2248 3188 2305 ornari
3225 2256 3284 2301 ut
3324 2262 3492 2302 unum

1897 2349 2112 2405 exiliis.

1973 2438 2140 2495 Vens.
2173 2438 2264 2494 30.
2295 2456 2312 2490 ι
2355 2436 2509 2504 Quod
2535 2435 2579 2490 si
2600 2449 2820 2506 gramen
2843 2432 2983 2504 agri,
3013 2433 3159 2505 quod
3191 2431 3352 2487 hodie
3373 2443 3496 2485 cum

1899 2531 2137 2598 sit,cras
2163 2531 2217 2584 in
2248 2529 2524 2585 clibanum
2554 2528 2810 2592 mittitur,
2863 2525 3004 2582 Deus
3057 2523 3135 2580 sic
3188 2523 3373 2587 vestit,
3426 2535 3494 2576 an

1900 2640 2007 2678 non
2040 2621 2212 2678 multo
2239 2621 2414 2690 magis
2442 2619 2598 2676 vobis
2629 2619 2682 2674 id
2709 2618 2893 2684 faciet,
2928 2632 3120 2688 parum
3172 2613 3437 2671 ﬁdentes?
3472 2631 3515 2665 a-

1903 2717 2173 2772 l)iscimus
2201 2715 2304 2769 hoc
2334 2715 2454 2767 loco
2482 2712 2625 2782 quod
2655 2712 2841 2766 nullus
2889 2725 3086 2765 curare
3118 2708 3280 2764 debet
3325 2722 3495 2762 orna-

1903 2820 2038 2863 tum.
2070 2806 2184 2862 Hoc
2218 2806 2361 2861 enim
2396 2806 2723 2858 caducorum
2762 2802 2959 2858 ﬂorum
3001 2811 3118 2856 est:
3181 2800 3499 2870 quicunque

1899 2917 2033 2972 ergo
2083 2911 2334 2964 ornatur,
2371 2898 2553 2954 fenum
2590 2908 2694 2952 est.
2755 2894 2861 2952 Vos
2903 2903 3084 2949 autem
3118 2892 3276 2960 dixit,
3323 2893 3498 2948 ratio-

1903 2995 2075 3057 nales,
2111 2991 2309 3060 quibus
2362 2991 2506 3044 Deus
2559 2990 2795 3043 animam
2851 2997 2906 3042 et
2963 3001 3167 3054 corpus
3210 2983 3498 3041 formavit.

1900 3085 2099 3140 Parum
2132 3082 2304 3138 ﬁdunt
2349 3092 2530 3136 autem
2554 3094 2744 3134 omnes
2767 3073 3009 3132 solliciti.
3046 3073 3181 3130 Nam
3219 3075 3262 3131 si
3317 3077 3504 3145 perfe-

204 3167 346 3240 εῐχον
401 3173 484 3235 είς
535 3172 669 3226 Θεὸν
704 3175 909 3241 πίστιν,
962 3175 1062 3228 οὐκ
1113 3177 1180 3230 ἂν
1233 3178 1551 3250 ὲμερίμνων
1611 3178 1788 3242 οὕτως

1904 3186 2045 3233 ctam
2094 3177 2146 3231 in
2195 3175 2362 3230 Deum
2396 3174 2663 3228 haberent
2692 3172 2874 3237 fidem,
2907 3185 3012 3224 non
3033 3178 3141 3223 tam
3161 3169 3321 3225 enixe
3350 3168 3498 3226 solli-

205 3263 515 3326 ὶνενδότως.

281 3374 299 3408 ι
339 3357 435 3427 Μὴ
460 3356 564 3410 οὖν
588 3359 986 3430 μεριμνήσητε,
1019 3360 1293 3428 λέγοντεςο
1321 3363 1388 3416 Τί
1423 3363 1715 3436 φάγωμεν,
1763 3366 1795 3437 ή

205 3448 255 3502 τί
281 3449 576 3520 πίωμεν,ἢ
620 3451 672 3503 τί
731 3451 1190 3523 περιδα).ὡμεθα;
1244 3456 1428 3510 Πάντα
1478 3458 1586 3527 γὰρ
1625 3457 1800 3511 ταῦτα

207 3537 273 3590 τά
302 3536 429 3608 εθνη
485 3539 754 3611 ἐπιζητεῖ.
795 3560 814 3592 ι
855 3541 929 3594 Τὸ
971 3542 1069 3612 μὲν
1124 3548 1318 3612 φαγεῖν
1353 3546 1416 3598 οὐ
1468 3546 1688 3602 κωλύει.
1725 3547 1800 3599 Τὸ

207 3629 262 3683 δὲ
294 3630 498 3700 λέγειν,
541 3632 606 3684 Τί
667 3634 970 3704 φάγωμεν;
1024 3634 1244 3689 κωλύει.
1308 3638 1373 3690 '0
1433 3637 1688 3706 λέγουσιν
1742 3639 1792 3693 οἱ

209 3721 452 3776 πλούσιοι
504 3722 599 3791 ἀφ’
654 3724 917 3794 ἑσπέρας·
980 3724 1045 3778 Τί
1082 3725 1352 3797 φάγωμεν
1406 3727 1624 3801 αῦριον;
1664 3731 1800 3802 ὁρᾷς

207 3814 286 3872 ὅτι
329 3815 428 3890 τήν
461 3816 672 3889 τρυφήν
701 3818 796 3872 καὶ
827 3818 924 3888 τὴν
953 3817 1112 3889 ὓϐριν
1155 3819 1372 3873 κωλύει.

284 4014 300 4046 ι
333 3990 456 4050 Οῐδε
485 3993 598 4065 γάρ
619 3994 647 4047 ό
677 3993 868 4065 Πατὴρ
897 3992 1054 4063 ὑμῶν
1088 3995 1116 4048 6
1150 3993 1399 4065 οὐράνιος
1431 3995 1513 4049 ὅτι
1568 3995 1797 4067 χρῄζετε

210 4088 410 4142 τούτων
443 4087 726 4141 ἁπάντων.
771 4089 995 4155 Ζητεῖτε
1022 4085 1078 4140 δὲ
1135 4087 1354 4158 πρῶτον
1388 4088 1486 4158 τὴν
1520 4089 1801 4158 βασιλείαν

211 4179 300 4234 τοῦ
328 4180 486 4246 Θεοῦ,
521 4179 618 4233 καὶ
678 4180 778 4251 τήν
820 4179 1173 4250 δικαιοσύνην
1227 4179 1416 4244 αὑτοῦ,
1479 4182 1574 4235 καὶ
1626 4182 1800 4236 ταῦτα

213 4274 387 4326 πάντα
445 4269 884 4342 προστεθήσεται
947 4271 1100 4341 ὑμῖν.
1142 4291 1158 4322 ι
1203 4271 1464 4326 Βασιλεία
1513 4273 1608 4328 τοῦ
1640 4275 1798 4342 Θεοῦ,

213 4362 244 4432 ή
275 4362 578 4426 ἀπόλαυσις
603 4362 710 4414 τῶν
758 4362 984 4429 ἀγαθῶν
1011 4379 1024 4393 ·
1053 4361 1194 4434 αὕτχη
1245 4364 1300 4417 δὲ
1331 4365 1416 4418 διὰ
1447 4366 1798 4436 δικαιοσύνης

213 4456 587 4525 προσγίνεται.
617 4455 806 4519 Ὅστις
830 4456 922 4510 οὖν
951 4455 1190 4527 ζητείτά
1218 4460 1592 4529 πνευματικὰ,
1624 4478 1799 4530 προσ-

1903 3269 1996 3324 citi
2030 3276 2233 3322 essent.

1979 3357 2140 3414 Vens.
2171 3358 2263 3425 5|,
2292 3358 2381 3414 39..
2435 3354 2513 3411 Ne
2553 3356 2718 3425 igitur
2767 3357 2984 3412 solliciti
3028 3356 3148 3412 sitis
3202 3357 3445 3411 dicentes
3485 3373 3499 3410 :

1904 3453 2045 3522 Quid
2075 3453 2323 3520 edemus,
2355 3461 2445 3505 aut
2510 3449 2642 3521 quid
2677 3450 2950 3514 bibemus,
2991 3458 3084 3504 aut
3125 3449 3326 3520 quibus
3362 3463 3498 3517 ope»

1907 3545 2156 3601 riemur?
2189 3541 2316 3598 Haec
2368 3542 2512 3597 enim
2561 3541 2744 3596 omnia
2775 3551 2968 3612 gentes
3013 3551 3286 3611 quaerunt.
3320 3560 3336 3592 ι
3393 3541 3501 3594 (lo—

1906 3637 2125 3692 medere
2164 3643 2218 3688 et
2243 3634 2435 3688 bibere
2467 3649 2571 3686 non
2597 3632 2869 3701 prohibet,
2907 3630 3089 3686 dicere
3127 3641 3333 3695 aulcm,
3359 3631 3500 3699 Quid

1906 3727 2290 3783 comedemus?
2331 3727 2584 3797 prohibet
2616 3742 2632 3780 :
2658 3726 2797 3780 sicut
2819 3727 3007 3780 dicunt
3037 3724 3231 3779 divites
3262 3726 3501 3795 vesperi,

1905 3821 2047 3887 Quid
2097 3821 2450 3877 comedemus
2499 3818 2695 3875 mane?
2757 3818 2917 3874 Vides
2977 3820 3120 3890 quod
3177 3819 3402 3875 delicias
3449 3831 3510 3874 οι·

1904 3913 2091 3967 luxum
2136 3913 2422 3984 prohibet!

1980 4003 2150 4062 Vens.
2185 4005 2276 4070 52,
2311 4004 2402 4060 35.
2437 4024 2456 4057 ι
2516 4002 2631 4061 Scit
2654 4007 2800 4061 enim
2841 4007 3002 4065 Pater
3033 4019 3215 4064 vester
3260 4009 3503 4063 cmlestis
3543 4012 3549 4020 '

1905 4099 2050 4167 quod
2110 4097 2323 4153 habetis
2381 4097 2466 4152 bis
2498 4099 2753 4155 omnibus
2805 4116 2962 4172 Opus.
3017 4101 3258 4168 Quaerite
3316 4109 3500 4154 autent

1907 4188 2141 4260 primum
2168 4203 2392 4259 regnum
2430 4189 2522 4244 Dei
2550 4200 2606 4245 et
2627 4191 2901 4260 justitiam
2926 4194 3066 4265 ejus,
3103 4207 3158 4249 et
3180 4195 3295 4249 hanc
3315 4194 3500 4248 omnia

1905 4291 2246 4352 apponentur
2276 4283 2452 4338 vobis.
2497 4303 2517 4338 ι
2550 4281 2797 4352 Regnum
2834 4285 2954 4351 Dei,
2996 4288 3269 4343 bonorum
3311 4287 3504 4341 fruitin

1905 4386 2026 4430 est:
2068 4375 2158 4428 illa
2191 4386 2373 4430 autem
2407 4390 2506 4445 per
2528 4376 2798 4447 justitiam
2830 4379 3120 4451 contingit.
3148 4381 3312 4436 Omni
3337 4381 3505 4451 igitur

1904 4469 2169 4538 qttmrenti
2209 4468 2538 4538 spiritualia,
2575 4471 2849 4525 adduntur
2882 4471 3046 4526 etiam
3079 4471 3408 4542 corporalia,
3437 4487 3501 4526 cx

211 4546 411 4601 τίθεται
469 4547 650 4618 τούτῳ
710 4548 806 4600 καὶ
841 4548 909 4602 τὰ
955 4552 1247 4620 σωματικά
1292 4553 1435 4606 κατᾶ
1482 4553 1796 4624 φιλοτιμίαν

1907 4555 2233 4613 liberalitate
2260 4556 2378 4613 Dei.

213 4639 364 4695 Θεοῦ.

290 4755 307 4788 ι
339 4736 432 4807 Μὴ
479 4731 577 4790 οῦν
614 4739 996 4810 μεριμνήσητε
1049 4739 1129 4802 εἰς
1177 4739 1276 4809 τὴν
1324 4738 1514 4811 αὔριον
1543 4756 1555 4769 ⁸
1599 4741 1631 4812 ή
1690 4739 1801 4811 γάρ

213 4824 396 4898 αὔριον
423 4832 756 4901 μεριμνήσει
796 4832 1120 4902 tisana:
1151 4832 1386 4902 ἀρκετὸν
1411 4835 1477 4904 τῇ
1531 4834 1717 4904 ἡμέρᾳ
1768 4835 1805 4906 ή

214 4917 373 4972 κακία
408 4920 603 4991 αὐτῆς.
645 4939 662 4973 ι
708 4922 924 4978 Κακίαν
975 4923 1191 4994 ήμὲρας
1232 4925 1330 4992 τὴν
1383 4926 1675 4998 συντρισὴν
1709 4926 1804 4979 καὶ

213 5011 305 5081 τὴν
328 5014 573 5068 κάκωσιν
605 5016 819 5086 λέγει’·
842 5011 975 5083 οἷον,
1022 5018 1281 5088 Ἀρκετὸν
1316 5035 1396 5072 σοι
1426 5020 1506 5072 ὅτι
1541 5019 1801 5092 συντρίσῃ

218 5101 352 5175 ΰπὶρ
380 5109 479 5175 τῆς
533 5109 796 5179 σήμερον,
830 5112 879 5163 εἰ
915 5110 973 5164 δὲ
1007 5113 1100 5166 καὶ
1132 5112 1274 5181 ὑπὲρ
1327 5113 1425 5182 τῆς
1469 5110 1666 5183 αὔριον
1706 5129 1803 5181 με·

222 5200 522 5268 ριμνήσεις,
562 5202 692 5254 πότε
726 5203 1012 5273 σχολάσεις
1042 5204 1120 5277 τῷ
1159 5206 1301 5276 Θεῷ,
1343 5206 1430 5260 ἀεὶ
1490 5194 1820 5278 συντρίϐων⁸

222 5291 442 5345 σεαυτὸν
472 5292 616 5364 ὑπὲρ
637 5293 745 5347 τῶν
781 5296 1140 5364 σωματικῶνς

817 5410 1072 5466 ΚΕΦΑΛ.
1122 5411 1196 5466 Ζ’.

222 5496 353 5575 Περὶ
405 5498 514 5575 τοῦ
557 5501 781 5575 κρίνειν
816 5503 1064 5575 ,μηδένα
1094 5523 1106 5534 ·
1139 5507 1290 5575 ’περὶ
1331 5503 1434 5559 τοῦ
1462 5507 1672 5570 αἰτεῖν,
1706 5507 1806 5560 καί

289 5567 509 5634 ζητεῖν·
536 5567 689 5652 ,περὶ
735 5567 842 5628 τοῦ
879 5567 1378 5646 προσέχειν-’ἀπὸ
1420 5576 1539 5632 τῶν
1579 5567 1804 5648 ψεύδο-

287 5653 630 5710 προφητῶν.

299 5767 315 5800 ι
351 5751 439 5821 Μὴ
469 5755 710 5824 κρίνετε,
753 5757 836 5811 ἶνα
879 5757 954 5830 μή
983 5759 1250 5830 κριθῆτεῑ
1295 5781 1310 5813 ι
1349 5763 1484 5832 Οὐχὶ
1533 5761 1595 5816 τὸ
1643 5763 1801 5832 ὲλέγο

227 5853 338 5911 χειν
371 5846 594 5917 κωλύει,
627 5850 760 5905 ἀλλά
793 5851 849 5907 τὸ
885 5855 1254 5925 κατακρίνειν.
1297 5856 1352 5910 Ὀ
1383 5856 1480 5928 μὲν
1512 5856 1620 5927 γὰρ
1651 5857 1804 5926 ἔλεγ-

1981 4727 2149 4784 Vens.
2183 4729 2274 4786 54.
2309 4749 2337 4782 ι
2361 4729 2439 4787 Ne
2471 4731 2639 4802 igitur
2672 4732 2891 4788 solliciti
2925 4734 3048 4790 sitis
3081 4734 3131 4789 in
3161 4734 3502 4807 crastinum:

1908 4839 2031 4878 nam
2066 4824 2184 4880 dies
2205 4825 2482 4882 crastinus
2512 4840 2700 4880 curam
2725 4827 2949 4883 habebit
2971 4827 3232 4900 suiipsius
3259 4848 3272 4886 :
3304 4830 3510 4886 sufﬁcit

1905 4919 2051 4974 enim
2078 4920 2182 4974 diei
2222 4933 2322 4974 sua
2355 4919 2583 4975 malitia.
2611 4939 2631 4973 ι
2665 4920 2928 4977 Malitiam
2976 4921 3109 4988 diei,
3158 4924 3526 4981 aﬂlictionem-

1907 5013 2353 5070 etealamitatem
2395 5025 2578 5072 vocat.
2606 5017 2986 5072 Suilicitenim
3039 5019 3161 5084 tibi,
3211 5023 3358 5090 quod
3409 5022 3507 5076 ho-

1909 5107 2099 5161 dierna
2127 5106 2422 5163 aﬂlietione
2452 5109 2706 5164 obrueris
2736 5122 2750 5168 :
2780 5112 2922 5179 quod
2979 5111 3023 5164 si
3057 5122 3110 5165 et
3142 5127 3238 5181 pro
3264 5113 3509 5167 crastino

1909 5199 2171 5255 sollicitus
2197 5199 2386 5268 fueris,
2410 5203 2626 5272 quando
2657 5205 2875 5258 vacabis
2908 5205 3286 5276 Deo,semper
3312 5218 3524 5262 tentet-

1910 5298 2083 5363 ipsum
2104 5293 2359 5350 crucians
2383 5311 2482 5364 pro
2512 5295 2888 5365 corporalibus
2914 5298 2929 5351 !

2519 5412 2752 5469 CAPUT
2789 5414 2902 5470 νη.

1910 5502 2017 5575 35
2045 5503 2197 5570 Quod
2228 5522 2330 5558 non
2362 5505 2518 5559 liceat
2553 5507 2618 5559 de
2646 5522 2912 5575 quoquam
2931 5508 3196 5576 judicare.
3231 5508 3509 5574 Quomodo

1979 5588 2151 5643 petere
2179 5587 2227 5629 et
2259 5593 2491 5646 quaerere
2532 5577 2831 5632 debeamus.
2862 5577 3018 5643 Quod
3048 5580 3196 5633 nobis
3219 5582 3509 5634 cavendum

1982 5647 2046 5700 sit
2079 5665 2108 5698 η
2133 5647 2286 5716 falsis
2311 5649 2599 5717 prophetis.

1986 5758 2151 5815 Vatis.
2190 5761 2236 5814 1.
2274 5780 2295 5813 ι
2334 5760 2412 5817 Nc
2442 5762 2717 5831 judicelis,
2753 5772 2806 5815 ut
2844 5779 2908 5817 nc
2935 5763 3276 5833 jttdiccmini.
3323 5786 3339 5816 ι
3386 5763 3508 5818 Non

1913 5857 2320 5926 reprehendere
2358 5857 2629 5928 [‘l’tilliilei,
2670 5859 2762 5913 sed
2789 5859 3160 5916 cun-lmnnare
3203 5875 3214 5914 :
3263 5877 3384 5914 nam
3423 5876 3476 5913 ru
