4080 6336
605 311 706 376 211

1449 317 2022 380 THEOPHYLACTI
2069 317 2475 380 BULGAlﬂ/E
2503 319 2859 382 ARCHIEP.

3747 313 3857 376 212

603 426 894 499 prehensio
937 425 1084 482 utilis
1119 433 1224 491 est,
1266 425 1641 481 candemnatio
1674 435 1853 483 autem
1885 428 2144 496 probrosa

2274 429 2477 502 χοςίπί
2503 428 2794 500 ώᾳλείᾳν
2835 428 3002 490 ἐστὶν,
3042 427 3074 497 ή
3109 424 3166 479 δὲ
3198 425 3523 496 κατάκρισις
3581 425 3675 479 ἐπὶ
3710 427 3858 480 ὀνει·

597 531 653 576 ει
684 521 972 591 tleSpectus
1006 519 1197 592 plena:
1232 519 1314 586 vel
1367 520 1522 576 aliter
1566 521 1804 591 intellig‘e
1835 521 1903 576 de
1953 535 2018 576 eo
2052 523 2167 591 qui,

603 613 814 682 magnis
845 611 1078 682 peccatis
1109 612 1395 687 obnoxius,
1428 613 1720 682 opprobrat
1748 614 1902 679 alios,
1929 624 1981 668 et
2016 629 2167 668 οοιηο

601 705 825 759 demnat
866 706 1043 766 minus
1090 705 1405 776 culpabiles,
1437 715 1491 761 et
1519 707 1570 761 in
1598 707 1681 760 bis
1712 721 1829 774 qua:
1862 704 2001 760 Deus
2026 705 2168 775 judi-

599 805 818 852 caturus
847 805 947 852 est.

670 886 830 943 Vnus.
861 887 977 943 2-5.
1013 909 1030 940 ι
1066 888 1180 957 Quo
1202 889 1342 944 enim
1369 889 1858 961 judiciojudicatis,
1889 891 2164 962 jndicahi-

600 980 730 1034 mini
763 1000 776 1037 :
821 991 876 1036 et
905 997 1008 1051 qua
1043 997 1296 1038 mensura
1349 983 1638 1050 metlntini,
1666 985 1956 1041 metiemur
1989 986 2163 1039 vobis.

596 1071 732 1138 Quid
761 1054 938 1128 autem
978 1074 1126 1129 vides
1159 1074 1418 1130 festucam
1448 1091 1565 1144 quae
1593 1085 1676 1130 est
1709 1078 1763 1131 in
1792 1079 1949 1132 oculo
1985 1076 2166 1131 fratris

597 1163 693 1226 tui,
723 1166 929 1219 trabem
981 1175 1156 1220 autem
1179 1179 1295 1234 qua:
1314 1174 1397 1220 est
1425 1165 1475 1219 in
1499 1165 1654 1221 oculo
1701 1174 1794 1222 tuo
1838 1182 1942 1223 non
1975 1165 2167 1219 vides?

599 1255 704 1307 Aut
736 1255 1004 1323 quomodo
1031 1257 1179 1311 dices
1225 1252 1374 1309 fratri
1416 1264 1527 1323 tuo,
1566 1251 1695 1310 Sine
1746 1255 1956 1326 ejiciant
1997 1254 2164 1310 festu-

595 1359 714 1398 ram
773 1360 838 1399 ex
899 1344 1055 1401 oculo
1103 1354 1214 1410 tuo,
1269 1355 1323 1400 et
1356 1359 1488 1403 ecce
1551 1347 1697 1402 trabs
1736 1346 1787 1400 in
1839 1346 1991 1400 oculo
2037 1344 2165 1400 tuo?

599 1434 906 1504 ttypocrita,
954 1434 1086 1503 ejice
1133 1437 1364 1506 primum
1411 1439 1615 1493 trabem
1665 1453 1732 1492 ex
1776 1438 1928 1493 oculo
1967 1447 2076 1503 tuo,
2111 1447 2166 1492 ct

595 1537 720 1578 tunc
765 1525 969 1581 videbis
1021 1537 1078 1582 ut
1129 1529 1317 1598 cjicias
1363 1529 1626 1586 festucam
1678 1545 1744 1584 cx
1783 1530 1936 1586 oculo
1980 1531 2163 1586 fratris

593 1618 685 1672 tui.
723 1636 741 1669 ι
769 1618 1092 1688 Carpturum
1139 1621 1270 1676 alios
1304 1631 1519 1691 oportet
1564 1623 1966 1678 immaculatum
2018 1641 2158 1682 esse.

592 1707 722 1762 Nam
755 1711 957 1764 habens
989 1713 1190 1766 trabem
1227 1713 1278 1767 in
1313 1712 1467 1768 oculo
1505 1730 1624 1779 suo,
1663 1717 1763 1770 boc
1789 1726 1873 1770 est
1908 1731 2159 1787 magnum

2278 523 2456 596 δισμῷ
2486 524 2581 576 καλ⁸
2609 519 2982 588 ἐξουδενώσει,
3026 518 3202 583 ἄλλως
3228 536 3288 572 τε
3316 520 3407 573 καί⁵
3433 521 3558 573 ὃταν
3599 519 3740 589 ἔχων
3770 537 3856 583 τις

2280 616 2522 687 μεγάλας
2551 614 2848 686 ἁμαρτίας,
2880 611 3116 684 ὀνειδίζῃ
3155 612 3388 680 ἑτέροις,
3415 611 3511 666 καὶ
3548 613 3852 684 κατακρίνῃ

2274 708 2400 771 τοὺς
2419 706 2679 760 ἐλάττονα
2722 706 2964 775 ἔχοντας,
2992 703 3028 758 ἀ
3048 705 3076 757 6
3103 702 3239 767 Θεὸς
3272 702 3707 776 μιλλεικρίνειν.

2335 900 2371 952 ,ι
2423 883 2509 936 Ἐν
2532 875 2576 951 ᾧ
2605 882 2713 951 γάρ
2753 880 2991 953 κρίνετε,
3017 879 3351 953 κριθήσεσθε
3372 897 3386 910 ·
3408 879 3500 934 καὶ
3521 882 3577 934 ὲν
3596 873 3642 950 ᾧ
3668 881 3853 952 μέτρῳ

2278 976 2549 1045 μετρεῖτε,
2587 974 2991 1045 μετρηθήσεται
3022 973 3174 1044 ὑμῖν.
3205 972 3272 1027 Τί
3295 972 3354 1027 δὲ
3385 971 3610 1043 βλέπεις
3635 973 3696 1026 τὸ
3719 974 3855 1043 κάρ-

2274 1081 2372 1134 φος
2404 1067 2465 1116 τὸ
2500 1066 2557 1117 ὲν
2590 1064 2667 1134 τῷ
2701 1063 2968 1137 ὀφθαλμῷ
3011 1063 3106 1118 τοῦ
3139 1062 3371 1133 ἀδελφοῦ
3426 1079 3543 1130 σου,
3577 1065 3677 1133 τὴν
3701 1065 3759 1118 δὲ
3794 1067 3852 1117 ὲν

2272 1154 2354 1225 τῷ
2388 1154 2465 1224 σῷ
2516 1154 2779 1226 ὀφθαλμῷ
2815 1156 2974 1210 δοκὸν
3013 1157 3073 1210 οὐ
3109 1158 3429 1222 κατανοεῖς;
3471 1156 3502 1226 ἢ
3560 1155 3675 1220 πῶς
3708 1157 3852 1227 ἐρεῖς

2270 1247 2348 1323 τῷ
2379 1246 2595 1317 ἀδελφῷ
2632 1263 2748 1313 σου,
2785 1250 2956 1315 Ἀφες
2993 1248 3210 1304 ἐκϐάλω
3247 1248 3308 1302 τδ
3345 1248 3557 1319 κάρφος
3613 1249 3722 1302 ἀπὺ
3754 1249 3848 1302 τοῦ

2271 1337 2552 1410 ὀφθαλμοῦ
2582 1357 2701 1404 σου,
2727 1343 2820 1394 καὶ
2845 1343 2954 1395 ἰδοὺ
2975 1343 3007 1413 ή
3032 1343 3186 1404 δοκὸς
3219 1343 3277 1399 ὲν
3306 1342 3382 1414 τῷ
3423 1342 3691 1412 ὀφθαλμῷ
3714 1360 3808 1395 σου
3833 1358 3848 1407 ;

2281 1433 2606 1503 ’Υποκριτά,
2637 1432 2831 1486 ἔκϐαλε
2867 1436 3087 1504 πρῶτον
3116 1435 3216 1508 τὴν
3240 1436 3397 1490 δοκὸν
3431 1439 3492 1489 ἐκ
3515 1435 3607 1489 τοῦ
3644 1436 3851 1503 ὀφθαλο

2273 1524 2374 1594 μοῦ
2404 1523 2522 1590 σοῦ,
2551 1526 2644 1578 καὶ
2685 1527 2805 1578 τότε
2839 1525 3149 1595 διαϐλέψεις
3187 1527 3436 1581 ἐκϐαλεῖν
3457 1527 3516 1580 τὸ
3546 1529 3757 1598 κάρφος
3782 1530 3850 1581 ὲκ

2267 1615 2362 1670 τοῦ
2402 1614 2684 1686 ὀφθαλμοῦ
2751 1614 2845 1668 τοῦ
2899 1615 3132 1684 ἀδελφοῦ
3189 1633 3304 1670 σου.
3347 1635 3365 1669 ι
3412 1617 3515 1669 Τὸν
3577 1616 3847 1685 μέλλοντα

2269 1709 2620 1779 ἐπιπλήττειν
2682 1709 2863 1773 ἀλλοις
2889 1709 2968 1763 δεῖ
2997 1709 3232 1780 ἄμωμον
3263 1705 3420 1764 εἶναι.
3458 1710 3520 1763 Εἰ
3550 1709 3660 1780 γάρ
3682 1709 3846 1772 αὐτος

592 1801 816 1866 lignum,
855 1803 1058 1857 scilicet
1115 1813 1417 1872 peccatum,
1467 1816 1516 1858 et
1564 1806 1954 1875 reprehendens
1999 1806 2152 1860 alium

2267 1801 2429 1854 δοκὸν
2456 1799 2596 1870 ἔχων
2630 1800 2686 1854 ὲν
2716 1799 2794 1871 τῷ
2844 1799 3127 1872 ὀφθαλμῷ,
3157 1800 3426 1865 τουτέστι,
3482 1801 3625 1871 μέγα
3665 1801 3842 1865 ξύλον,

595 1896 851 1948 festucam
918 1895 1222 1962 habentem,
1284 1895 1729 1964 impudentiorem
1797 1897 1944 1952 illum
2009 1897 2156 1954 facit.

591 1987 838 2040 Ostendit
863 1998 1036 2041 autem
1067 1988 1338 2054 Dominus,
1360 1992 1502 2057 quod
1536 2005 1759 2061 magnus
1784 2001 2032 2060 peccator
2058 2006 2162 2046 non

591 2088 767 2144 potest
808 2079 942 2132 bene
992 2080 1171 2134 videre
1204 2092 1480 2150 peccatum
1533 2080 1738 2137 fratris;
1782 2082 1914 2137 Nam
1949 2083 2039 2153 qui
2067 2083 2165 2137 ha-

601 2170 772 2222 buerit
832 2169 884 2223 in
939 2169 1094 2226 oculo
1142 2172 1370 2236 trabem,
1427 2174 1696 2240 quomodo
1745 2174 1928 2229 videre
1981 2183 2160 2244 potest

589 2257 752 2310 alium
787 2258 1134 2312 mediocriter
1167 2259 1403 2314 malum?

663 2431 824 2488 Vens.
863 2433 914 2488 6.
947 2453 963 2485 ι
1000 2435 1076 2491 Ne
1111 2436 1246 2491 detis
1274 2446 1518 2492 sanctum
1547 2438 1792 2504 canibus,
1826 2453 1999 2510 neque
2029 2442 2158 2494 mit-

592 2525 724 2578 tatis
754 2527 1072 2594 margaritas
1100 2537 1306 2583 vestras
1332 2539 1454 2584 ante
1485 2544 1697 2600 porcos,
1735 2546 1800 2586 ne
1845 2531 1982 2587 forte
2027 2546 2158 2588 con-

585 2615 794 2669 ruieent
815 2630 905 2671 eas
922 2618 1143 2686 pedibus
1158 2621 1290 2684 suis,
1307 2629 1356 2674 et
1371 2621 1616 2675 conversi
1631 2622 1970 2692 disrutnpant
1989 2638 2102 2679 vos.
2118 2623 2149 2674 ἰ

585 2709 760 2764 Canes
809 2719 932 2764 Sunt
974 2711 1212 2767 inﬁdeles
1250 2731 1261 2767 :
1301 2715 1444 2783 porci
1483 2722 1682 2781 autem,
1718 2717 1902 2772 ﬁdeles
1935 2717 2151 2788 quidem

587 2813 737 2864 sunt,
779 2803 870 2856 sed
905 2805 1222 2858 lutulentam
1279 2808 1442 2860 vitam
1481 2818 1724 2878 agentes.
1767 2809 2016 2880 Mysteria
2060 2811 2156 2880 igi-

589 2907 676 2948 tur
732 2895 1026 2952 incredulis
1073 2914 1175 2951 non
1209 2909 1331 2952 sunt
1371 2901 1665 2968 prodenda,
1720 2917 1892 2971 neque
1937 2903 2066 2957 clari
2104 2915 2156 2958 ct

589 2990 894 3058 margaritis
920 2991 1121 3045 similes
1143 3007 1422 3048 sermones
1456 2993 1523 3048 de
1560 2994 1821 3066 theologia
1862 2997 2153 3051 immundis

582 3083 1038 3136 communicandi.
1074 3082 1227 3139 Porci
1284 3086 1424 3140 enim
1481 3088 1823 3154 conculcant,
1864 3089 1976 3143 sive
2024 3104 2154 3142 con-

583 3181 826 3224 temnunt
865 3187 982 3240 qua:
1025 3174 1294 3236 dicuntur,
1329 3191 1490 3230 canes
1524 3186 1700 3232 autem
1724 3180 1970 3233 conversi
2005 3181 2148 3234 lacc-

581 3269 702 3314 rant
733 3277 830 3316 nos
883 3281 894 3316 :
934 3267 1073 3332 quini
1108 3264 1346 3320 fecerunt
1377 3268 1699 3337 philosophi,
1729 3285 1848 3324 cum
1900 3273 2148 3324 audirent

579 3357 900 3410 crucifixum
939 3357 1238 3414 Christum.
1276 3361 1582 3416 Dilacerant
1657 3377 1834 3416 autem
1897 3380 1994 3419 nos
2056 3380 2146 3417 ra-

581 3448 909 3514 tiocinautio.
984 3455 1310 3519 impossibile
1337 3471 1454 3512 esse
1486 3458 1818 3514 cavillantes.

649 3630 810 3686 Vens.
841 3631 891 3696 7,
920 3633 970 3686 8.
1009 3653 1026 3684 ι
1069 3634 1255 3697 Potite,
1282 3646 1337 3690 et
1387 3637 1601 3692 dabitur
1657 3640 1808 3693 vobis
1849 3659 1859 3694 :
1898 3644 2144 3711 quaerite,

574 3735 628 3780 ct
660 3725 946 3779 invenietis
983 3744 993 3778 :
1025 3729 1251 3794 pulsate,
1304 3737 1359 3782 et
1412 3729 1689 3797 aperietur
1729 3732 1899 3786 vobis.
1959 3732 2146 3789 Omnis

575 3819 718 3872 enim
751 3819 840 3886 qui
877 3819 1027 3888 petit,
1071 3819 1266 3888 accipit
1303 3832 1396 3875 :et
1433 3823 1520 3890 qui
1550 3825 1762 3891 quaerit,
1799 3827 2004 3882 invenit
2040 3847 2052 3882 :
2093 3838 2147 3883 et

575 3911 804 3979 pulsanti
831 3912 1120 3982 aperietur.
1157 3931 1172 3963 ι
1203 3913 1493 3982 Imperavit
1514 3916 1667 3970 nobis
1700 3918 1748 3971 in
1778 3921 2146 3985 snperioribus

574 4019 765 4069 magna
815 4015 866 4057 et
898 4004 1135 4057 dimi-ilia
1169 4023 1180 4058 :
1239 4007 1479 4061 ostendit
1513 4007 1675 4077 igitur
1729 4008 1832 4063 hoc
1866 4010 1982 4065 loco
2012 4027 2144 4080 quo-

575 4100 732 4150 modo
766 4098 1020 4164 imperata
1049 4098 1416 4166 perficiantur,
1461 4085 1650 4171 nempe
1672 4117 1766 4172 per
1796 4118 1982 4170 preces
2000 4119 2142 4159 con-

572 4188 768 4242 ιίιιυ.ιε.
808 4187 981 4242 Petite
1037 4190 1205 4254 enim,
1241 4191 1525 4253 dixit,hoc
1585 4204 1686 4257 est,
1739 4210 1972 4266 semper.
2025 4195 2139 4251 Non

569 4279 710 4329 enim
766 4278 922 4342 dixit,
973 4278 1169 4346 petatis
1193 4280 1382 4333 semel.
1426 4281 1627 4337 Deinde
1676 4291 1729 4337 et
1757 4284 2000 4356 exemplo
2042 4286 2143 4340 hu-

571 4385 728 4422 nt:.n0
751 4373 1032 4423 coniirntat
1063 4373 1284 4425 dictum.

646 4460 804 4514 Vens.
837 4463 889 4522 9,
924 4464 1006 4515 iii.
1052 4483 1068 4513 ι
1120 4466 1197 4518 An
1237 4467 1519 4534 quisquam
1551 4477 1634 4521 est
1663 4483 1728 4524 ex
1761 4470 1911 4525 vobis
1956 4472 2135 4536 homo.
2172 4501 2216 4556 υ

569 4571 729 4620 quem
762 4555 805 4606 si
842 4556 1054 4624 petierit
1077 4557 1218 4610 ﬁlius
1249 4559 1363 4624 eius
1392 4574 1604 4626 panem,
1644 4561 1877 4628 lapidem
1909 4565 2134 4619 daturus

567 4647 636 4698 sit
664 4646 781 4698 illi?
815 4656 904 4698 aut
928 4647 968 4698 si
1027 4648 1226 4714 piscem
1263 4649 1495 4715 petierit,
1527 4666 1652 4704 num
1712 4662 2012 4723 serpentem
2045 4653 2141 4708 ad-

569 4741 656 4790 det
682 4737 794 4805 illi?
840 4758 857 4788 ι
895 4737 1075 4791 Erudit
1103 4739 1202 4793 hoc
1242 4739 1356 4793 loco
1385 4744 1528 4807 quod
1556 4753 1766 4809 oportet
1795 4746 2140 4800 vehementer

567 4839 768 4897 petere,
820 4841 868 4883 ct
923 4831 1070 4884 utilia
1122 4842 1321 4900 petere.
1395 4834 1542 4888 Sicut
1571 4836 1716 4889 enim
1766 4851 1878 4903 vos,
1940 4838 2136 4906 inquit,

564 4919 806 4974 videntes
845 4920 982 4974 iilios
1036 4932 1242 4977 vestros
1290 4923 1439 4978 utilia
1467 4936 1667 4993 petere,
1712 4926 1821 4997 36
1851 4942 2040 4997 panem
2084 4938 2170 4984 ct-

565 5012 786 5076 piscctn,
807 5012 945 5066 datis
974 5014 1152 5067 omnia
1179 5029 1297 5082 quae
1319 5017 1604 5082 petierint;
1637 5017 1709 5072 ita
1740 5029 1791 5073 et
1824 5034 1914 5075 vos
1933 5024 2136 5091 spitua-

567 5099 636 5152 lia
671 5103 914 5170 qumrite,
946 5119 1049 5156 nun
1094 5105 1350 5158 carnalia.

634 5281 796 5336 Vens.
836 5283 919 5338 Η.
967 5302 983 5334 ι
1024 5283 1078 5338 Si
1112 5284 1275 5355 igitur
1304 5299 1419 5353 vos,
1456 5303 1578 5342 cum
1611 5290 1730 5345 sitis
1775 5295 1920 5359 ntali,
1961 5301 2130 5352 nostis

563 5372 702 5426 dona
740 5375 877 5428 bona
935 5375 1066 5430 dare
1112 5376 1237 5431 filiis
1267 5379 1483 5444 vestris,
1520 5391 1723 5450 quanto
1774 5385 1942 5455 magis
1979 5386 2134 5442 Pater

565 5476 744 5518 vester
775 5467 863 5533 qui
907 5467 957 5519 in
987 5469 1137 5523 ratiis
1167 5480 1270 5533 est,
1305 5472 1451 5524 dabit
1478 5474 1616 5528 bona
1650 5476 1955 5545 petentibus
1980 5481 2070 5532 se!
2111 5499 2126 5531 ι

562 5553 726 5610 Malos
753 5559 989 5611 notninat
1026 5561 1270 5617 homines
1292 5564 1355 5617 ad
1388 5565 1550 5620 Detttn
1599 5579 1963 5637 comparatos,
1998 5587 2130 5640 quo-

562 5665 701 5700 niam
732 5661 918 5702 natura
951 5663 1133 5704 nostra
1163 5655 1298 5709 bona
1329 5667 1430 5718 est,
1467 5670 1647 5728 utpote
1672 5677 1700 5714 a
1735 5661 1840 5715 lico
1876 5665 2124 5718 conditi:

562 5738 831 5795 voluntate
862 5754 1034 5798 autem
1067 5745 1191 5800 mali
1228 5764 1430 5803 sumus.

2267 1892 2387 1962 ήτοι
2431 1892 2760 1963 ἁμάρτημα,
2814 1893 3186 1963 ἐπιμέμφεται
3216 1893 3360 1964 ἄλλῳ
3391 1895 3599 1964 κάρφος
3641 1895 3842 1964 ἔχοντι,

2266 1987 2684 2056 ἀναισχύντερον
2710 1987 2912 2040 ἐκεῖνον
2931 1986 3173 2054 ἐποίησε.
3205 1987 3451 2040 Δείκνυσι
3474 1987 3528 2040 δὲ
3558 1989 3584 2039 6
3612 1989 3840 2058 Κύριος,

2265 2078 2482 2133 ὄτιούδὲ
2509 2078 2736 2132 δύναται
2779 2079 2910 2133 ἰδεῖν
2945 2079 3122 2144 καλῶς
3147 2079 3210 2134 τὸ
3241 2079 3333 2134 τοῦ
3366 2080 3596 2148 ἀδελφοῦ
3654 2081 3838 2151 ἀμάρ-

2263 2188 2413 2241 τημα
2455 2171 2484 2223 6
2530 2170 2745 2240 μεγάλα
2790 2170 3127 2241 ἁμαρτάνων
3163 2188 3177 2203 ο
3205 2173 3233 2225 ὀ
3265 2171 3370 2243 γὰρ
3405 2171 3546 2241 ἔχων
3583 2173 3740 2225 δοκὸν
3780 2175 3838 2225 ὲν

2261 2262 2339 2333 τῷ
2361 2261 2648 2332 ὀφθαλμῷ,
2682 2262 2798 2326 πῶς
2828 2261 2893 2316 ἂν
2923 2262 3023 2316 ῐδοι
3054 2261 3214 2317 ἀλλον
3245 2263 3481 2334 μετρίως
3517 2263 3837 2334 βλαπτόμε-

2263 2371 2354 2409 νον
2374 2372 2387 2416 ς

2338 2466 2356 2500 ι
2389 2447 2481 2518 Μὴ
2525 2448 2660 2502 δῶτε
2687 2448 2747 2502 τδ
2781 2449 2934 2517 ἅγιον
2967 2452 3079 2513 τοῖς
3111 2447 3258 2516 κυσὶ,
3303 2449 3438 2520 μηδὲ
3473 2432 3673 2520 βάλητε
3708 2448 3835 2511 τοὺς

2264 2540 2610 2612 μαργαρίτας
2641 2541 2794 2611 ὑμῶν
2844 2541 3155 2614 ἔμπροσθεν
3205 2541 3314 2595 τῶν
3359 2542 3579 2612 χοίρων,
3621 2542 3834 2611 μήποτε

2259 2636 2724 2703 καταπατήσωσιν
2781 2635 2980 2699 αὐτοὺς
3039 2638 3097 2690 ἐν
3147 2638 3258 2700 τοῖς
3295 2636 3454 2688 ποσὶν
3484 2634 3685 2697 αὐτῶν,
3741 2634 3831 2686 καὶ

2259 2724 2587 2797 στραφέντες
2617 2726 2852 2796 ῥήξωσιν
2883 2727 3048 2796 ὑμᾶς.
3084 2746 3102 2777 ι
3141 2728 3318 2786 Κύνες
3348 2729 3485 2780 εἰσὶν
3515 2727 3563 2779 οἰ
3589 2727 3828 2786 ἄπιστοι,

2257 2821 2427 2888 χοῖροι
2451 2819 2594 2883 δὲ,οί
2631 2821 2811 2872 πιστοί
2846 2820 2966 2888 μὲν,
3017 2818 3332 2891 βορϐορώδη
3363 2820 3418 2873 δὲ
3457 2819 3572 2889 βίον
3595 2818 3825 2888 ἔχοντες.

2256 2914 2348 2963 Δεῖ
2378 2911 2558 2964 τοίνυν
2595 2911 2662 2964 τά
2700 2913 2978 2984 μυστήρια
3042 2913 3117 2982 μὴ
3165 2912 3345 2980 λέγειν
3397 2914 3509 2974 τοῖς
3553 2912 3823 2972 ἀπίστοις,

2261 3004 2395 3074 μηδὲ
2427 3005 2550 3065 τοὺς
2579 3002 2864 3075 λαμπροὺς
2911 3006 3003 3058 καὶ
3034 3005 3414 3074 μαργαρώδεις
3447 3005 3641 3073 λόγους
3697 3005 3818 3064 τοὺς

2257 3097 2385 3166 περί
2416 3095 2692 3163 θεολογίας
2746 3099 2856 3161 τοῖς
2887 3097 3217 3168 ἀκαθάρτοις
3250 3099 3297 3149 οἰ
3331 3098 3428 3165 μὲν
3470 3099 3582 3165 γὰρ
3630 3098 3820 3166 χοῖροι,

2259 3185 2682 3248 καταπατοῦσιν,
2715 3186 2831 3254 ἦτοι
2895 3186 3292 3256 καταφρονοῦσι
3333 3187 3441 3239 τῶν
3490 3185 3821 3253 λεγομένων,

2255 3279 2301 3330 οἰ
2335 3278 2388 3329 δὲ
2423 3277 2581 3339 κύνες
2630 3281 2962 3347 στραφέντες
2990 3277 3483 3350 διασπαράττουσιν
3515 3279 3660 3347 ἡμᾶς
3682 3295 3695 3309 ο
3737 3271 3823 3328 οἷα

2255 3367 2499 3422 ποιοῐσιν
2522 3371 2577 3425 οἱ,
2603 3369 2881 3440 λεγόμενοι
2903 3370 3209 3440 φιλόσοφοι,
3241 3371 3370 3422 ὅταν
3404 3369 3709 3422 ἀκούσωσιν
3745 3367 3826 3420 ὅτι

2254 3457 2569 3529 ἐσταυρώθη
2613 3460 2766 3524 Θεὸς,
2807 3462 3211 3530 σπαράττουσιν
3258 3461 3404 3530 ἡμᾶς
3438 3461 3549 3523 τοῖς
3580 3457 3827 3527 συλλογι-

2257 3553 2429 3617 σμοῖς,
2459 3551 2716 3604 ἀδύνατον
2740 3547 3053 3605 εἶναιτοῦτο
3089 3552 3453 3618 σοφιζόμενοι.

2332 3661 2349 3692 ι
2382 3643 2613 3704 Αἰτεῖτε,
2650 3642 2745 3695 καί
2775 3641 3058 3712 δοθήσεται
3094 3641 3250 3710 ὑμῖν·
3311 3639 3546 3708 ζητεῖτε,
3590 3640 3687 3692 καὶ
3735 3639 3828 3691 εὑ-

2259 3736 2450 3806 ρήσετε
2477 3751 2490 3762 ⁸
2523 3733 2771 3804 κρούετε,
2804 3736 2894 3787 καὶ
2929 3735 3282 3806 ἀνοιγήσεται
3314 3733 3443 3802 ὑμῖν
3467 3747 3478 3760 ·
3520 3734 3629 3794 πᾶς
3659 3729 3768 3800 γάρ
3805 3734 3832 3785 6

2254 3826 2418 3880 αἰτῶν
2471 3826 2758 3896 λαμϐάνει,
2812 3828 2907 3882 καί
2957 3829 2985 3881 6
3037 3828 3217 3896 ζητῶν
3271 3827 3538 3896 εὑρίσκει,
3592 3826 3690 3880 καὶ
3750 3825 3834 3896 τῷ

2253 3919 2501 3990 κρούοντι
2530 3921 2901 3991 ἀνοιγήσεται.
2937 3940 2954 3972 ι
3003 3920 3298 3987 Ἐπὲταξεν
3319 3921 3448 3991 ήμῖν
3477 3921 3535 3973 ὲν
3555 3921 3669 3982 τοῖς
3701 3937 3832 3989 προ-

2251 4011 2472 4066 λαϐοῦσι
2517 3995 2728 4083 μεγάλα
2771 4016 2867 4066 καὶ
2895 4013 3132 4084 χαλεπά.
3167 4013 3447 4065 Δείκνυσιν
3470 4010 3562 4065 οὖν
3592 4009 3832 4064 ἐνταῦθα

2253 4107 2368 4167 πῶς
2424 4105 2951 4175 κατορθωθήσονται,
3009 4107 3102 4158 καὶ
3133 4107 3215 4159 ὅτι
3250 4106 3338 4159 διά
3374 4104 3472 4173 τῆς
3507 4103 3677 4174 εὐχῆς
3725 4104 3830 4174 τῆς

2249 4197 2550 4266 διηνεκοῦς.
2584 4199 2791 4250 Αἰτεῖτε
2813 4199 2940 4267 γὰρ,
2973 4193 3148 4262 εἶπεν,
3178 4197 3296 4250 ἀντὶ
3350 4195 3440 4248 τοῦ
3484 4196 3592 4256 ἀεὶ,
3618 4195 3680 4250 οὐ
3719 4196 3832 4267 γάρ

2249 4284 2427 4357 εἶπεν,
2468 4291 2774 4360 Αἰτήσασθε
2803 4291 2966 4354 ἅπαξ.
3011 4285 3140 4342 Εἶτα
3175 4290 3267 4343 καὶ
3299 4288 3832 4358 ἀπὸὺποδείγματος

2249 4381 2589 4453 ἀνθρωπίνου
2625 4381 2833 4452 βεϐαιοῖ
2862 4381 2920 4435 τὸ
2947 4383 3154 4452 λεχθέν.

2327 4489 2345 4523 ι
2373 4474 2440 4525 Ἦ
2471 4474 2558 4535 τίς
2593 4474 2739 4527 ἐστιν
2771 4474 3054 4544 ἄνθρωπος
3074 4474 3130 4540 ἐξ
3156 4473 3332 4541 ὑμῶν,
3364 4473 3421 4527 ὃν
3451 4475 3546 4527 ἐὰν
3568 4475 3771 4548 αἰτήσῃ
3799 4477 3828 4528 6

2250 4564 2359 4625 υίὸς
2399 4565 2564 4616 αὑτοῦ
2601 4567 2784 4635 ἄρτον,
2825 4569 2898 4635 μὴ
2932 4567 3080 4619 λίθον
3112 4567 3366 4618 ἐπιδώσει
3390 4565 3572 4634 mitti);
3606 4568 3699 4620 καὶ
3728 4567 3829 4620 ἐὰν

2248 4654 2400 4725 ἰχθῦν
2437 4657 2655 4729 αἰτήσῃ,
2690 4657 2765 4726 μὴ
2809 4657 2930 4726 ὅφιν
2981 4658 3239 4710 ἐπιδώσει
3289 4659 3472 4728 αὑτῷ;
3511 4678 3529 4709 ι
3571 4660 3825 4714 Παιδεύει

2244 4746 2479 4801 ἐνταῦθα
2514 4748 2595 4800 ὅτι
2632 4749 2714 4800 δεῖ
2747 4749 2840 4802 καὶ
2876 4749 3124 4820 σφοδρῶς
3155 4752 3347 4812 αἰτεῖν,
3382 4751 3478 4804 καὶ
3514 4750 3582 4802 τὰ
3612 4753 3825 4820 συμφέ-

2244 4857 2403 4909 ροντα
2439 4841 2630 4896 αἰτεῖν.
2670 4841 2857 4911 Ὑμεῖς
2874 4845 3004 4913 γὰρ,
3030 4844 3187 4913 φησὶ,
3223 4844 3449 4914 βλέπετε
3472 4845 3598 4907 τοὺς
3624 4845 3824 4907 παῖδας

2241 4933 2396 5004 ὑμῶν
2426 4933 2492 4987 τά
2519 4935 2798 5005 πρέποντα
2828 4935 3136 4999 αἰτοῦντας,
3180 4937 3344 5008 ἄρτον
3382 4939 3475 4990 καὶ
3510 4936 3683 5008 ἰχθῦν,
3727 4936 3823 4989 καὶ

2239 5029 2360 5082 τότε
2392 5028 2561 5082 δίδοτε
2621 5027 2804 5092 αὐτοῖς
2859 5028 2986 5082 ὅταν
3043 5030 3267 5082 τοιαῦτα
3320 5028 3556 5098 ζητῶσιν
3595 5044 3608 5059 ο
3645 5029 3821 5091 οὕτως

2237 5120 2328 5175 οὖν
2359 5121 2449 5174 καὶ
2485 5122 2640 5191 ὑμεῖς
2671 5119 2740 5172 τά
2787 5121 3139 5190 πνευματικά
3170 5120 3404 5191 ζητεῖτε,
3447 5121 3521 5191 μὴ
3554 5120 3623 5174 τά
3681 5136 3819 5190 σαρ-

2237 5215 2388 5266 κικά.

2319 5303 2412 5355 «Εἰ
2443 5300 2534 5355 οὖν
2561 5301 2719 5371 ὑμεῖς
2756 5305 2980 5373 πονηροὶ
3005 5304 3372 5367 δντες,οἰ’δατε
3397 5305 3605 5374 δόματα
3636 5304 3820 5372 ἀγαθὰ

2236 5391 2433 5446 διδόναι
2486 5396 2599 5456 τοῖς
2635 5394 2845 5458 τέκνοις
2869 5396 3046 5466 ὑμῶν,
3080 5397 3230 5467 πόσῳ
3289 5395 3486 5466 μᾶλλον
3540 5399 3569 5450 ὀ
3626 5398 3816 5470 Πατὴρ

2236 5483 2387 5553 ύμῶν
2490 5487 2548 5538 ὲν
2569 5487 2681 5548 τοῖς
2711 5487 2959 5554 οὐρανοῖς
2982 5487 3144 5542 δώσει
3194 5488 3374 5555 ἀγαθά
3401 5490 3514 5550 τοῖς
3567 5489 3818 5544 αἰτοῦσιν

2237 5577 2398 5629 αὐτόν
2425 5593 2438 5640 ;
2470 5580 2774 5649 »Πονηροὺς
2793 5582 3048 5652 ὀνομάζει
3077 5586 3202 5646 τοὺς
3227 5581 3566 5652 ἀνθρώπους,
3586 5583 3659 5646 ὡς
3682 5585 3817 5654 πρὶς

2234 5670 2322 5720 τὸν
2376 5669 2508 5720 Θεὸν
2557 5674 2863 5740 συγκρίνων
2898 5676 3116 5740 αὐτοὺς,
3181 5678 3302 5727 ἐπεὶ
3357 5677 3386 5746 ἡ
3445 5678 3604 5744 φύσις
3655 5681 3816 5748 ήμων

2239 5763 2418 5833 ἀγαοή
2450 5766 2616 5830 ἐστιν,
2659 5768 2731 5832 ώς
2767 5770 2900 5824 Θεού
2923 5772 3338 5846 δημιούργημα,
3371 5777 3510 5830 κατά
3543 5777 3598 5831 δὲ
3629 5781 3818 5850 προαί-

2240 5872 2387 5925 ρεσιν
2419 5861 2852 5932 πονηρευόειεθα.
