4080 6336
218 342 322 406 233

821 343 1266 405 ENARRATIO
1310 346 1388 405 1N
1423 342 1929 406 EVANGELIUM
1970 341 2477 413 ΜΑΤΙἪᾸΕῙῘῼ-
2501 349 2662 408 CAP.
2702 346 2836 411 VII.

3380 346 3485 408 ΞΗ

294 477 311 508 ι
350 457 537 511 Πάντα
565 455 659 510 οὖν
701 457 801 512 ὅσα
847 458 913 512 ἂν
947 457 1137 532 θέλητε
1173 459 1261 512 ἴνα
1305 456 1534 512 ποιῶσιν
1586 455 1717 527 ὑμῖν
1750 452 1800 506 οἱ

1979 457 2144 515 Vens.
2190 458 2279 514 12.
2317 479 2335 513 ι
2379 460 2573 517 Omnia
2622 462 2790 533 igitur
2818 476 3163 533 qucceunque
3209 459 3488 518 volueritis

217 549 516 619 ἄνθρωποι,
549 549 646 603 καὶ
677 551 836 620 ὑμεῖς
867 555 1072 605 ποιεῖτε
1107 552 1313 616 αὐτοῖς.
1351 543 1522 614 Οὗτος
1550 551 1660 620 γάρ
1679 549 1795 601 ἐστι

217 645 246 696 6
274 642 435 710 νόμος
469 642 564 694 καὶ
616 643 664 696 oi
702 645 999 714 προφῆται.
1055 663 1074 696 ι
1123 644 1395 714 Σύντομον
1423 644 1664 697 δείκνυσι
1698 640 1799 709 τὴν

217 738 298 799 ei:
328 735 527 806 ἀρετὴν
559 735 696 789 ὁδόν.
729 737 792 790 οι
822 735 928 808 γὰρ
975 736 1251 808 ἄνθρωποι
1279 739 1494 793 οἴκοθεν
1531 735 1798 806 γινώσκο-

221 845 319 898 μεν
335 828 396 881 τὸ
424 827 565 884 δέον.
593 828 658 883 El
686 828 795 898 γὰρ
820 828 992 892 θέλεις
1020 828 1458 900 εὐεργετείσθαι,
1495 829 1794 897 εὐεργέτει.

217 921 279 974 Εἰ
311 919 490 985 θέλεις
526 918 847 990 ἀγαπᾶσθαι
880 921 1031 992 παρὰ
1066 921 1171 974 τῶν
1204 920 1439 992 ἐχθρῶν,
1487 919 1683 988 ἀγάπα·
1708 919 1799 970 καὶ

220 1010 286 1064 σὺ
341 1009 469 1074 τοὺς
516 1010 766 1082 ἐχθρούς.
810 1014 922 1067 Καὶ
948 1014 1057 1084 γὰρ
1091 1015 1118 1067 ὁ
1148 1014 1311 1084 νόμος
1334 1012 1429 1066 τοῦ
1465 1011 1598 1066 Θεοῦ
1627 1003 1722 1065 καὶ
1749 1013 1799 1064 οἱ

219 1100 497 1170 προφῆται
531 1103 716 1155 ἐκεῖνα
756 1101 1030 1172 λέγουσιν,
1078 1102 1114 1157 ἃ
1145 1104 1239 1157 καὶ
1287 1108 1315 1156 6
1355 1095 1585 1176 φυσικὸς
1635 1103 1798 1171 νόμος

218 1193 352 1260 ἡμῖν
379 1193 749 1249 διατάττεται.

297 1302 315 1335 ι
359 1284 646 1339 Εἰσέλθετε
684 1286 772 1338 διὰ
802 1288 901 1355 τῆς
925 1286 1119 1355 στενῆς
1156 1286 1353 1357 πύλης,
1389 1286 1470 1340 ὃτι
1505 1285 1736 1338 πλατεῖα
1765 1286 1799 1355 ὴ

218 1376 386 1448 πύλη,
419 1378 512 1431 καὶ
544 1377 919 1449 εὐρύχωροςὴ
973 1379 1089 1443 666;
1141 1381 1173 1450 ὴ
1230 1380 1522 1448 ἀπάγουσα
1564 1381 1644 1441 εἰς
1702 1378 1801 1448 τὴν

218 1468 524 1531 ἀπώλειαν,
552 1470 646 1521 καὶ
677 1469 861 1523 πολλοί
891 1472 1030 1523 εἰσιν
1071 1472 1120 1524 οἱ
1172 1471 1551 1543 εἰσερχόμενοι
1601 1470 1670 1524 δι’
1697 1470 1797 1522 αύ-

218 1560 339 1628 τῆς.
391 1579 409 1612 t
440 1560 638 1632 Στενὴν
685 1561 864 1632 πύλην
903 1561 1053 1630 λέγει
1105 1563 1229 1627 τοὺς
1261 1564 1627 1634 πειρασμοῦς,
1672 1561 1802 1626 τούς

219 1668 277 1704 τε
331 1652 634 1719 ἑκουσίους,
675 1648 788 1707 οἷον
831 1656 1084 1726 νηστείαν
1137 1655 1233 1709 καὶ
1285 1657 1469 1716 τᾶλλα,
1521 1657 1617 1709 καὶ
1675 1657 1802 1718 τοὺς

221 1744 530 1812 ἀκουσίους,
554 1741 666 1799 οἷον
690 1747 885 1816 δεσμὰ,
922 1747 1217 1816 διωγμούς.
1249 1749 1462 1820 Ὥσπερ
1491 1746 1584 1802 οὖν
1641 1749 1804 1801 πολύ-

222 1853 426 1915 σαρκος
470 1836 780 1908 ἄνθρωπος,
820 1839 853 1910 ἢ
904 1839 1076 1893 πολλὰ
1111 1839 1421 1908 βαστάζων,
1483 1841 1543 1894 ού
1577 1841 1803 1895 δύναται

219 1926 306 1979 διὰ
345 1929 453 1998 τῆς.
507 1931 699 1999 στενῆς
729 1931 1013 1996 εἰσελθεῖν,
1052 1932 1226 1996 οὕτως
1274 1933 1396 1985 οὐδὲ
1448 1934 1723 2004 τρυφηλὺς
1769 1936 1801 2004 ἦ

223 2018 501 2083 πλούσιοςο
525 2019 614 2073 διὰ
647 2019 703 2072 δὲ
734 2021 832 2089 τῆς
864 2021 1124 2084 πλατείας
1161 2025 1208 2074 οἰ
1244 2021 1478 2075 τοιοῦτοι
1529 2023 1804 2092 εἰσέρχον-

219 2131 333 2169 tat.
369 2111 640 2167 Δεικνύων
668 2113 724 2166 δὲ
754 2114 837 2168 ὅτι
883 2114 978 2167 κοιλ⁵
1012 2115 1044 2185 ἡ
1083 2114 1418 2185 στενοχωρία
1464 2113 1806 2186 πρόσκαιρός

220 2206 363 2268 ἐστι,
388 2205 480 2260 καὶ
503 2207 536 2276 ἡ
568 2205 846 2275 πλατύτης
874 2206 1168 2277 παροδικὴ,
1202 2206 1380 2277 πύλην
1404 2209 1498 2260 καὶ
1531 2207 1651 2260 ὁδὸν
1678 2209 1806 2260 ἐκάο

221 2297 376 2350 λεσε·
403 2298 500 2368 τήν
522 2314 582 2351 τε
604 2297 712 2368 γὰρ
736 2298 932 2369 πύλην,
957 2301 1073 2369 ἦτοι
1115 2301 1214 2369 τὴν
1247 2300 1639 2363 κακοπάθειαν,
1666 2317 1806 2368 παρα

227 2391 448 2461 έρχεται
476 2393 504 2444 6
544 2392 895 2459 κακοπαθῶν,
943 2394 1034 2446 καὶ
1064 2394 1166 2463 τὴν
1204 2393 1418 2464 τρυφὴν
1463 2394 1520 2447 δὲ
1575 2395 1650 2456 ὡς
1688 2394 1807 2447 ὁδὸν

223 2482 513 2554 παροδεύει
543 2483 571 2536 6
592 2484 843 2555 τρυφῶψ
879 2485 1002 2537 ἐπεὶ
1027 2481 1121 2538 οὖν
1150 2487 1437 2557 ἀμφότερα
1464 2487 1805 2556 πρόσκαιρα,

222 2575 280 2628 16
320 2578 572 2646 κρεῖττον
606 2579 874 2649 αἱρετέον.

355 2669 422 2724 Τί
458 2673 619 2741 στενὴ
649 2674 680 2742 ή
712 2672 878 2743 πύλη,
901 2674 996 2726 καὶ
1020 2672 1354 2744 τεθλιμμένη
1392 2676 1425 2741 ἡ
1457 2674 1572 2737 ὁδδς
1604 2677 1636 2743 ἡ
1667 2675 1808 2728 άπά-

222 2780 395 2831 γουσοι
429 2765 506 2828 είς
537 2763 635 2836 τὴν
664 2765 840 2836 ζωὴν,
877 2765 971 2819 καὶ
998 2766 1168 2834 ὀλίγοι
1199 2767 1338 2820 εἰσὶν
1373 2768 1419 2820 ot
1455 2767 1805 2837 εὑρίσκοντες

222 2855 429 2924 αὐτηνι
479 2875 498 2908 ι
535 2857 921 2926 Θαυμαστικόν
975 2860 1090 2911 ἐστι
1124 2859 1186 2910 1:6
1211 2859 1298 2911 Τί.
1357 2859 1642 2928 Θαυμὰζει
1676 2859 1804 2930 γάρ,

225 2947 412 3016 βαϐαὶ,
470 2949 633 3001 πόσον
691 2951 806 3003 ἐστὶ
864 2953 1060 3020 στενήί
1120 2951 1252 3015 Πῶς
1281 2947 1377 3004 οὖν
1433 2951 1669 3022 ἀλλαχοῦ
1723 2953 1808 3006 λέ-

224 3057 333 3109 γει·
366 3041 428 3095 ’0
456 3042 618 3112 ζυγός
649 3060 750 3114 μου
783 3043 1052 3115 ὲλαφρός;
1080 3044 1179 3098 Διὰ
1208 3044 1303 3108 τὰς
1329 3045 1629 3115 μελλούσας
1655 3047 1810 3099 ἀντι-

222 3134 422 3198 δόσεις.

299 3246 317 3277 ‹
357 3225 664 3298 Προσέχετε
695 3226 753 3280 δὲ
783 3226 890 3281 ἀπὸ
921 3225 1031 3280 τῶν
1079 3227 1564 3300 ψευδοπροφητῶν,
1608 3229 1808 3292 οἵτινες

223 3319 477 3388 ἔρχονται
513 3322 646 3390 πρὸς
685 3320 828 3390 ὑμᾶς
855 3322 912 3374 ὲν
961 3319 1225 3391 ἐνδύμασι
1252 3320 1568 3392 προϐάτων,
1604 3320 1808 3376 ἔσωθεν

223 3411 279 3465 δέ
323 3415 432 3467 είσι
482 3412 636 3467 λύκοι
677 3414 963 3484 ἅρπαγες·
1008 3414 1118 3468 ἀπὸ
1169 3414 1278 3468 τῶν
1338 3415 1573 3484 καρπῶν
1627 3416 1808 3468 αὐτῶν

223 3505 598 3574 ἐπιγνώσεσθε
628 3507 880 3572 αὐτούς.»
910 3508 1211 3578 Πανοῦργοὶ
1237 3509 1342 3561 εισι
1367 3509 1459 3561 καὶ
1483 3508 1732 3561 ὲπιθέται
1759 3510 1808 3562 οι
1855 3529 1859 3534 '

223 3599 517 3667 αἰρετικοὶ,
545 3600 633 3653 διὰ
665 3599 823 3654 τοῦτο
847 3601 1015 3670 λέγει,
1042 3602 1369 3671 Προσέχετε.
1399 3602 1442 3654 Χ
1454 3601 1810 3671 ρηστολογίαν

225 3690 324 3759 μὲν
349 3692 463 3761 γὰρ
496 3692 911 3765 προσάλλονται,
953 3695 1047 3747 καὶ
1085 3694 1197 3766 βίον
1260 3694 1652 3765 ὑποκρίνονται
1715 3712 1808 3748 σε·

226 3785 380 3856 μνὸν,
412 3785 532 3839 ἀλλ’
587 3785 791 3840 ἔσωθέν
836 3790 954 3841 ἐστι
999 3788 1062 3840 τὸ
1096 3787 1412 3858 ἄγκιστρον.
1448 3787 1693 3860 Ἕνδυμα
1753 3789 1809 3842 δὲ

223 3878 532 3949 προϐάτου,
611 3879 705 3932 xui.
759 3881 792 3948 ἡ
857 3880 1122 3951 πραότης,
1177 3875 1322 3955 ᾗτινι
1373 3883 1612 3953 χρῶνταί
1669 3901 1813 3949 τινες

223 3957 696 4042 σχηματιζόμενοι
757 3970 849 4025 διά
896 3971 959 4024 τὸ
1020 3971 1339 4027 κολακεύειν
1369 3977 1466 4028 καὶ
1505 3974 1808 4048 ὲξαπατᾷν.

233 4061 368 4117 Ἀπὸ
396 4062 456 4117 δὲ
479 4061 573 4115 τοῦ
605 4061 823 4132 καρποῦ
863 4064 1247 4133 γνωρίζονται,
1284 4066 1557 4133 τουτέστι,
1584 4068 1694 4121 τῶν
1718 4067 1811 4140 έρ-

221 4171 334 4222 γων
364 4154 578 4210 καὶτοῦ
613 4154 752 4223 βίου.
787 4155 910 4209 Κᾶν
941 4157 1050 4228 γὰρ
1076 4157 1481 4228 ὑποκρίνωνται
1514 4159 1651 4231 πρὸς
1687 4177 1810 4214 και-

223 4248 333 4317 ρὸν,
371 4246 517 4301 ἀλλὰ
541 4249 654 4309 τοῖς
687 4246 1415 4320 προσέχουσινέλέγχονται.

297 4360 314 4391 ι
347 4341 503 4412 Μήτι
560 4339 914 4407 συλλέγουσιν
977 4340 1089 4394 άπὸ
1120 4341 1373 4397 ἀκανθῶν
1419 4343 1718 4416 σταφυλὴν,
1777 4344 1810 4415 ἦ

218 4435 326 4488 ἀπὸ
349 4432 625 4504 τριϐόλων
650 4434 827 4500 σῦκα;
859 4434 1015 4488 Οὕτω
1043 4436 1151 4489 πᾶν
1175 4437 1392 4508 δένδρον
1444 4438 1649 4507 ἀγαθὸν
1675 4457 1809 4510 καρ-

1902 561 1962 607 ut
2007 551 2212 608 faciant
2262 555 2414 609 Vobis
2453 555 2722 621 homines,
2755 565 2809 610 et
2861 570 2958 610 vos
3006 554 3167 610 facite
3213 554 3314 609 eis.
3365 555 3493 611 ﬂare

1900 648 2044 700 enim
2093 644 2324 709 est'lex,
2359 657 2412 703 et
2443 650 2737 717 prophetae.
2786 668 2803 701 ι
2847 648 3070 705 Brevem
3112 648 3178 702 ad
3233 649 3491 704 virtutem

1902 739 2047 792 viam
2081 740 2339 796 ostendit.
2371 741 2445 795 Ex
2475 741 2634 796 nobis
2667 743 2814 797 enim
2859 745 3061 797 scimus
3089 741 3218 811 quid
3253 741 3396 794 facto
3422 738 3494 794 sit

1903 848 2055 902 opus.
2089 832 2219 889 Nam
2252 835 2296 889 si
2322 835 2402 889 vis
2423 835 2681 890 beneticia
2718 835 2989 904 accipere,
3028 832 3256 889 benefac
3285 851 3297 888 :
3335 832 3379 888 si
3413 832 3495 886 vis

1903 925 2052 996 diligi
2084 928 2152 982 ab
2176 927 2433 992 inimicis,
2477 928 2640 998 dilige
2674 939 2727 982 ιιι
2760 930 2925 984 etiam
2971 927 3242 982 inimicos.
3277 925 3489 981 Etenim

1903 1019 1991 1074 lex
2016 1019 2104 1074 Dei
2130 1029 2180 1074 et
2206 1021 2481 1092 pr0pltet:e
2510 1023 2598 1076 illa
2623 1021 2812 1077 dicunt
2843 1041 2854 1076 :
2888 1036 3008 1091 quae
3037 1031 3092 1075 et
3127 1018 3492 1074 naturalislex
3526 1038 3535 1044 ·

1902 1115 2160 1183 prmcipit.

1978 1299 2142 1354 Vens.
2181 1299 2269 1353 l5.
2301 1318 2318 1351 ι
2383 1300 2603 1354 Introite
2635 1314 2730 1369 per
2759 1307 3051 1368 angustant
3099 1305 3335 1366 portam,
3369 1294 3495 1364 quia

1906 1395 2010 1447 luta
2042 1403 2121 1447 cst
2147 1403 2295 1463 porta
2321 1402 2376 1450 et
2398 1395 2637 1461 spatiosa
2687 1394 2771 1446 via
2798 1409 2920 1463 quae
2938 1392 3084 1446 ducit
3103 1390 3169 1446 ad
3192 1389 3495 1452 interitum,

1905 1497 1959 1540 et
1992 1487 2140 1541 inulti
2170 1497 2296 1542 sunt
2326 1487 2416 1557 qui
2441 1488 2821 1555 ingrediuntur
2851 1503 2946 1555 per
2961 1500 3101 1540 eam.
3145 1503 3162 1535 ι
3191 1484 3488 1552 Angustam

1909 1591 2119 1649 portam
2177 1590 2332 1635 vocat
2366 1581 2712 1642 tentationes,
2769 1590 2880 1634 tum
2915 1577 3276 1639 voluntarias,
3328 1574 3497 1630 veluti

1902 1672 2165 1741 jejunium
2200 1682 2253 1727 et
2289 1672 2391 1727 alia
2428 1690 2441 1729 :
2498 1685 2606 1726 tttm
2641 1682 2837 1743 prmter
2875 1680 3124 1726 nostram
3164 1669 3498 1724 voluntatem

1907 1746 2247 1830 evenientes,
2297 1773 2355 1818 ut
2387 1764 2622 1828 vincula,
2661 1763 3091 1834 persecutiones.
3130 1759 3500 1828 Quemadmo—

1909 1858 2033 1910 dum
2064 1870 2242 1912 autem
2273 1858 2675 1927 corpulentum,
2703 1847 2792 1911 vel
2824 1856 3057 1911 sarcinis
3083 1861 3365 1918 onustum,
3401 1866 3501 1921 per

1908 1956 2198 2015 angustam
2243 1945 2450 2013 ingredi
2507 1947 2694 2017 nequit
2730 1965 2743 2001 :
2784 1947 2856 2001 ita
2906 1961 3083 2014 neque
3116 1945 3381 1998 delicatus
3413 1941 3498 1997 vel

1909 2039 2080 2101 dives,
2137 2053 2233 2107 per
2291 2039 2452 2092 latam
2503 2049 2687 2094 autem
2742 2037 2878 2093 tales
2935 2039 3163 2092 vadunt.
3222 2034 3497 2089 Caeterum

1908 2132 2204 2186 ostendens
2230 2134 2372 2202 quod
2401 2139 2454 2186 et
2494 2132 2742 2202 angustia
2778 2130 3110 2200 temporaria
3151 2129 3242 2192 sit,
3293 2134 3345 2183 et
3375 2125 3500 2181 lati-

1909 2223 2039 2275 tudo
2075 2223 2413 2285 transitoria,
2444 2233 2657 2292 portam
2699 2232 2754 2278 et
2797 2222 2936 2276 viam
2966 2219 3204 2276 vocavit.
3228 2217 3335 2273 Per
3366 2216 3503 2271 ami~

1908 2316 2144 2371 ctionem
2176 2317 2320 2371 enim
2345 2317 2438 2387 qui
2459 2315 2732 2387 afﬂigitur,
2763 2317 2919 2386 quasi
2941 2331 3034 2386 per
3053 2326 3263 2383 portam
3285 2311 3502 2375 transit,

1909 2418 1961 2461 el
1994 2407 2255 2462 delicatus
2284 2422 2379 2476 per
2413 2407 2639 2462 delicias
2665 2407 2820 2477 quasi
2855 2421 2953 2475 per
2985 2407 3127 2461 viam
3163 2406 3497 2476 ingreditur:

1911 2508 1962 2554 et
1996 2500 2121 2568 quia
2152 2512 2381 2569 utraque
2415 2499 2772 2570 temporaria,
2800 2497 3033 2567 eligatur
3059 2513 3179 2568 quae
3215 2495 3426 2550 melior.

1984 2678 2147 2733 Vens.
2204 2679 2289 2732 l4.
2325 2696 2342 2729 ι
2389 2677 2561 2745 Quam
2605 2689 2832 2746 angusta
2898 2687 2982 2733 est
3021 2685 3172 2747 porta
3207 2685 3260 2729 et
3314 2674 3502 2729 stricta

1915 2772 1997 2824 via
2039 2786 2158 2840 quae
2191 2771 2342 2824 ducit
2388 2770 2453 2824 ad
2504 2770 2692 2832 vitam,
2727 2779 2781 2822 et
2811 2770 2968 2838 pauci
3000 2778 3127 2823 sunt
3157 2767 3499 2821 invenientes

1911 2861 2062 2915 eam!
2127 2879 2144 2913 ι
2217 2860 2556 2916 Admirativa
2599 2861 2770 2915 dictio
2802 2869 2909 2924 est,
2958 2855 3134 2926 Quid?
3182 2857 3504 2913 Admiratur

1912 2954 2080 3019 enim,
2123 2967 2294 3022 papa),
2329 2967 2491 3022 quam
2547 2953 2810 3024 angusta!
2863 2951 3148 3019 Quomodo
3179 2950 3346 3022 igitur
3376 2950 3502 3005 alibi

1914 3045 2067 3113 dicit,
2106 3043 2257 3102 Onus
2295 3061 2477 3103 meum
2528 3047 2682 3101 leve?
2726 3055 2949 3117 propter
2999 3045 3213 3100 futuras
3269 3043 3508 3098 retribu»

1834 3162 1878 3220 ρ
1913 3138 2104 3193 tiones.

1986 3231 2151 3286 Vens.
2177 3231 2264 3293 15,
2298 3231 2383 3285 lli.
2427 3250 2445 3282 ι
2478 3231 2752 3285 Attetnlite
2775 3241 2957 3288 autem
2980 3247 3009 3286 a
3029 3229 3178 3285 falsis
3201 3229 3500 3300 prophetis,

1913 3323 2005 3393 qui
2027 3323 2336 3377 veniuntad
2361 3338 2458 3378 vos
2485 3323 2537 3377 in
2578 3321 2921 3377 vestimentis
2943 3321 3148 3386 ovium,
3184 3323 3278 3375 sed
3310 3318 3508 3374 intrin—

1915 3431 2074 3474 secus
2115 3428 2241 3472 sunt
2278 3417 2389 3486 lupi
2438 3431 2688 3487 rapaces,
2721 3431 2749 3470 a
2785 3415 3052 3471 fructibus
3087 3430 3274 3470 eorum
3308 3428 3510 3483 cogno—

1914 3509 2081 3564 scetis
2105 3523 2217 3565 eos.
2255 3527 2274 3560 ι
2315 3506 2460 3562 Vat'ri
2485 3517 2612 3563 sunt
2638 3518 2692 3562 et
2723 3508 3050 3575 impostores
3078 3504 3340 3570 haeretici,
3381 3519 3510 3575 pro-

1916 3614 2102 3672 pterea
2156 3603 2310 3670 dicit,
2347 3603 2632 3668 attendite,
2677 3603 2780 3656 hoc
2819 3609 2923 3666 est,
2967 3609 3177 3654 cavete.
3231 3597 3508 3654 Blandilo-

1915 3695 2189 3764 quentiam
2223 3694 2372 3750 enim
2410 3701 2737 3763 praetexunt,
2787 3701 2844 3747 et
2874 3693 3039 3748 vitam
3085 3691 3348 3748 simulant
3379 3705 3508 3746 san-

1916 3797 2081 3854 clam,
2143 3787 2236 3842 sed
2284 3787 2612 3841 intrinsecus
2665 3787 2796 3842 latet
2850 3788 3066 3842 bamus.
3126 3785 3507 3840 Indutncntunt

1917 3892 2096 3935 autem
2129 3881 2246 3936 ovis
2269 3891 2354 3936 est
2387 3888 2439 3935 et
2465 3882 2848 3947 mansuetudo,
2878 3896 3042 3948 quam
3083 3892 3351 3950 usurpant
3378 3879 3506 3933 dum

1915 3972 2209 4026 adulantur
2229 3982 2287 4025 et
2303 3971 2598 4039 decipiunt.
2619 3975 2660 4025 Α
2679 3971 2858 4026 fructu
2881 3981 3057 4028 autem
3079 3981 3510 4040 cognoscuntur,

1917 4063 2020 4116 hoc
2050 4072 2156 4125 est,
2195 4062 2261 4116 ab
2293 4062 2549 4130 Operibus
2571 4073 2626 4118 et
2657 4063 2789 4119 vita.
2834 4061 2970 4117 Nam
3012 4064 3142 4118 licet
3181 4063 3264 4118 ad-
3299 4074 3511 4134 tempus

1917 4153 2197 4216 simulent,
2226 4151 2322 4208 sed
2345 4155 2648 4222 produntur
2680 4167 2936 4210 successu
2963 4153 3245 4224 temporis.

1990 4336 2159 4393 Vens.
2197 4337 2284 4404 l6,
2314 4337 2402 4391 l7.
2432 4356 2449 4388 ι
2486 4336 2737 4407 Nunquid
2764 4337 3026 4406 colligunt.
3058 4351 3085 4390 a
3123 4336 3296 4406 spinis
3327 4351 3507 4399 uvam,

1918 4433 2001 4486 vel
2031 4448 2058 4485 a
2099 4431 2313 4486 tribulis
2354 4431 2528 4486 ficus?
2573 4429 2663 4486 Sic
2687 4431 2867 4486 omnis
2912 4429 3075 4484 arbor
3111 4431 3250 4484 bona
3299 4429 3509 4485 fructus

220 4523 356 4586 ποὺς
396 4522 603 4584 καλοὺς
649 4525 833 4575 ποιεῖ’
881 4523 940 4576 τὸ
966 4523 1023 4576 δὲ
1049 4525 1258 4594 σαπρὸν
1285 4505 1506 4597 δένδρον
1557 4505 1806 4598 καρποῦς

1919 4526 2089 4580 bonos
2145 4525 2322 4580 facit:
2388 4525 2550 4579 arbor
2603 4535 2783 4579 atttem
2839 4525 3014 4596 putris
3066 4523 3275 4582 fructus
3337 4527 3510 4582 malos

222 4615 502 4685 πονηροὺς
547 4617 711 4668 ποιεῖ.
753 4633 771 4666 ι
809 4615 1078 4670 Ἀκανθαι
1143 4617 1238 4670 καὶ
1299 4618 1535 4689 τρίϐολοί
1584 4621 1723 4676 εἰσιν
1753 4623 1807 4677 οἱ

221 4704 560 4777 ὑποκριταίο
599 4705 854 4771 ἄκανθαι,
892 4706 967 4772 ὡς
997 4708 1326 4781 πλήττοντες
1354 4709 1650 4784 λαθραίως,
1692 4714 1811 4785 τρί-

221 4795 366 4851 ῦολοι
411 4797 496 4862 δὲ,
540 4796 616 4860 ὡς
675 4797 975 4868 πανοῦργοι
1031 4801 1126 4854 καὶ
1184 4801 1541 4875 πολύτροποι.
1597 4805 1812 4877 Σαπρδν

219 4888 274 4941 δὲ
304 4889 558 4961 δένδρον,
609 4889 719 4954 πᾶς
742 4889 801 4945 δν
854 4891 1020 4962 σήπει
1059 4894 1088 4946 6
1122 4892 1288 4964 ὑγρὸς
1329 4897 1423 4948 καὶ
1453 4893 1813 4967 ἐκλελυμένος

224 4977 359 5047 βίος.
883 5043 888 5048 .

298 5089 317 5122 t
351 5073 429 5126 Οὐ
465 5072 697 5127 δύναται
724 5073 940 5147 δένδρον
978 5077 1183 5145 ἀγαθὸν
1225 5081 1476 5150 καρποὺς
1535 5084 1813 5153 πονηροὺς

221 5165 416 5229 ποιεῖν,
442 5164 570 5218 οὐδὲ
586 5163 802 5237 δένδρον
844 5168 1050 5239 σαπρὸν
1075 5172 1321 5242 καρποὺς
1353 5173 1552 5237 καλοὺς
1568 5178 1763 5230 ποιεῖν.
1790 5195 1808 5228 ι

224 5255 369 5321 Ἕως
391 5251 458 5313 οὗ
489 5259 610 5312 ἔστι
641 5260 872 5330 σαπρὸν,
905 5262 966 5315 ού
989 5261 1233 5318 δύναται·
1263 5264 1358 5319 ἐὰν
1391 5267 1448 5320 δὲ
1471 5267 1811 5340 μεταδληθῇ,

219 5349 467 5406 δύναται.
497 5352 646 5422 Ὅρα
701 5355 828 5424 γὰρ,
883 5356 966 5408 ὅτι
1004 5356 1106 5411 οὐκ
1157 5355 1334 5425 εἶπεν,
1364 5359 1445 5413 Οὑ
1496 5361 1810 5432 δυνήσεται,

221 5442 332 5496 ἀλλ’
368 5445 454 5499 ὅτι
487 5445 550 5498 ὲν
583 5445 694 5516 ὅσῳ
726 5447 844 5500 ἐστὶ
884 5449 1116 5519 σαπρὸν,
1149 5452 1291 5506 καλὰ
1328 5454 1389 5508 ού
1424 5456 1610 5525 γεννᾷ.

295 5640 315 5674 ι
353 5625 474 5677 Πᾶν
493 5622 716 5694 δένδρον
753 5625 826 5696 μὴ
870 5627 1056 5681 ποιοῦν
1085 5630 1298 5700 καρπὸν
1324 5631 1506 5695 καλὸν,
1535 5633 1807 5687 ἐκκόπτε-

219 5727 330 5780 ται,
361 5717 460 5769 καὶ
495 5716 580 5777 εις
619 5715 730 5787 πῦρ
761 5716 1031 5785 βάλλεται.
1057 5720 1270 5791 ’Δραγε
1302 5723 1413 5776 ἀπὸ
1447 5723 1554 5778 τῶν
1583 5725 1814 5795 καρπῶν

209 5805 1054 5877 ἀὐτῶνἑπιγνὼτεσθξαῦτούς.
1090 5832 1106 5863 ι
1144 5812 1330 5868 Ταῦτα
1355 5816 1489 5887 πρὶς
1529 5816 1815 5884 Ἰουδαίους

1918 4616 2070 4671 facit.
2113 4637 2128 4666 ι
2167 4603 2433 4686 Spinzeet
2468 4617 2651 4671 tribuli
2691 4626 2819 4672 sunt
2852 4615 3169 4688 hypocritas.
3221 4617 3422 4685 Spittm,
3452 4625 3508 4673 ut

1920 4708 2132 4763 occulte
2161 4708 2510 4764 vulnerantes
2543 4726 2556 4764 :
2591 4708 2800 4772 tribuli,
2827 4718 2884 4763 ut
2925 4707 3059 4764 vafri
3112 4719 3168 4763 et
3202 4711 3506 4766 versatiles.

1919 4801 2098 4856 Arbor
2128 4813 2309 4857 autem
2366 4803 2563 4872 putris,
2593 4803 2775 4858 omnis
2813 4802 2904 4873 qui
2939 4803 3083 4858 molli
3147 4811 3201 4858 et
3245 4803 3509 4860 dissoluta

1919 4897 2028 4950 vita
2065 4896 2347 4966 putrescit.

1991 5070 2271 5129 Vens.18.
2314 5091 2335 5127 ι
2377 5071 2492 5128 Non
2520 5083 2699 5144 potest
2726 5074 2890 5130 arbor
2915 5075 3054 5131 bona
3088 5077 3298 5134 fructus
3339 5078 3509 5133 malos

1878 5202 1890 5218 .
1924 5166 2126 5229 facere,
2168 5181 2346 5237 neque
2393 5167 2557 5222 arbor
2596 5169 2776 5237 putris
2832 5168 3044 5226 fructus
3088 5169 3260 5225 bonos
3290 5169 3398 5240 37
3433 5169 3512 5223 fa-

1920 5275 2061 5315 ccre.
2108 5277 2126 5310 )
2161 5257 2430 5326 Quamdiu
2460 5270 2544 5314 est
2580 5259 2775 5328 putris,
2812 5275 2920 5316 non
2953 5270 3168 5331 potest;
3209 5260 3298 5316 ubi
3316 5273 3510 5323 autem

1919 5365 2181 5406 conversa
2221 5350 2406 5414 fuerit,
2447 5359 2645 5420 potest.
2671 5347 2806 5407 Vide
2832 5353 2976 5408 enim
3015 5353 3157 5421 quod
3199 5368 3306 5408 non
3355 5354 3512 5420 dixit,

1923 5444 2041 5500 Non
2084 5445 2323 5514 poterit:
2389 5445 2485 5501 sed
2543 5455 2815 5516 quatenus
2859 5456 2944 5502 est
2967 5446 3162 5516 putris,
3210 5446 3349 5502 bona
3404 5463 3511 5503 non

1920 5538 2081 5608 parit.

1997 5628 2162 5684 Vens.
2199 5629 2397 5695 19,20.
2428 5649 2444 5681 ι
2484 5630 2676 5687 Omnis
2704 5633 2870 5688 arbor
2895 5649 3000 5689 non
3035 5632 3244 5689 faciens
3276 5633 3511 5689 fructum

1921 5725 2144 5790 bonum,
2179 5723 2538 5789 exscinditur,
2568 5734 2621 5780 et
2645 5725 2698 5779 in
2734 5725 2910 5797 ignem
2945 5727 3199 5780 mittitur.
3226 5725 3423 5797 Utique
3450 5746 3510 5782 ex

1923 5815 2187 5872 fructibus
2219 5816 2458 5887 ipsorum
2493 5818 2802 5889 agnoscetis
2830 5832 2943 5887 eos,
2979 5837 2996 5871 ι
3025 5817 3120 5875 llis
3148 5817 3362 5875 Judecos
3394 5836 3488 5888 per
