4080 6336
593 400 704 468 215
1432 403 2009 466 THEOPHYLACTI
2057 404 2168 465 BU.

2272 406 2465 466 ARUE
2500 407 2856 469 ARCHlEP.
3715 398 3816 460 21‘

597 515 834 584 stringit,
869 531 988 568 nam
1032 523 1083 569 et
1131 515 1362 572 Joannes
1396 517 1520 570 talia
1573 517 1653 572 eis
1702 516 1932 572 dicebat.
1970 516 2163 572 Arbori

2272 517 2631 581 ἀποτείνεται,
2689 517 2836 570 καὶὸ
2889 513 3144 582 Ἰωάννης
3193 509 3304 579 γὰρ
3361 507 3588 560 τοιαῦτα
3645 506 3831 560 αὐτοις

596 616 776 660 autem
831 604 1040 661 confert
1088 608 1378 674 hominem,
1409 623 1472 662 eo
1517 611 1656 678 quod
1691 618 1866 677 potest
1911 625 1939 663 a
1987 610 2159 665 sterili

2272 608 2434 676 ἔλεγε.
2465 607 2677 679 Δένδρῳ
2707 606 2764 660 δὲ
2795 603 3081 667 ἀπεικάζει
3110 601 3201 654 τὸν
3240 599 3546 670 ἄνθρωπον,
3583 597 3717 651 διότι
3741 597 3829 651 δύ-

593 708 816 768 peccato
849 700 902 753 in
938 699 1189 754 virtutem
1223 699 1414 755 inseri.
1983 749 1990 764 κ

2272 721 2416 757 ναται
2473 699 2923 772 ὲγκεντρισθῆναι
2955 697 3061 752 ἀπὸ
3099 696 3198 765 τῆς
3249 693 3503 764 ἀκάρπου
3555 691 3829 763 ἁμαρτίας

2261 797 2340 857 εἰς
2376 796 2600 866 ἀρετήν.

670 876 832 932 Vens.
866 878 955 933 2i.
993 896 1010 930 ι
1054 877 1165 933 Non
1201 879 1379 934 omnis
1417 881 1507 948 qui
1544 879 1675 934 dicit
1707 878 1859 943 mihi,
1912 876 2159 941 Domine,

597 969 852 1034 Domine,
907 971 1130 1026 intrabit
1184 973 1238 1026 in
1290 987 1510 1039 regnum
1561 971 1867 1026 coelorum:
1923 969 2016 1024 sed
2065 970 2154 1038 qui

596 1062 722 1116 facit
770 1062 1098 1118 voluntatem
1159 1063 1336 1119 Patris
1388 1065 1512 1130 mei,
1564 1064 1652 1134 qui
1687 1063 1739 1117 in
1798 1062 1954 1118 cmlis
2001 1071 2104 1117 est.
2137 1080 2156 1114 ι

597 1152 710 1207 Hoc
761 1154 880 1209 loco
927 1156 1164 1210 ostendit
1223 1156 1460 1226 seipsum
1539 1154 1846 1220 Dominum,
1904 1155 2157 1219 dicendo,

597 1244 712 1299 Non
751 1246 926 1300 omnis
976 1247 1068 1316 qui
1107 1246 1416 1311 dicitmihi,
1455 1246 1696 1310 Domine,
1742 1245 1987 1310 Domine,
2039 1261 2162 1300 nam

594 1337 670 1390 ita
700 1351 757 1392 se
794 1348 846 1391 et
871 1337 1034 1391 Deum
1089 1338 1239 1392 dicit.
1291 1337 1456 1393 Docet
1506 1346 1686 1393 autem
1734 1354 1856 1402 nos,
1902 1339 1948 1393 si
2005 1339 2161 1393 fidem

602 1427 810 1497 absque
839 1427 1092 1496 operibus
1122 1427 1492 1492 habuerimus,
1515 1428 1644 1482 nihil
1673 1429 1829 1483 nobis
1871 1442 1990 1483 eam
2040 1444 2164 1498 pro-

601 1517 855 1573 futuram.
892 1516 1023 1570 Nam
1066 1517 1315 1583 dicendo,
1348 1518 1450 1584 Qui
1487 1517 1613 1574 facit
1670 1520 2019 1583 voluntatem,
2059 1535 2164 1573 non

597 1608 747 1672 dicit,
775 1608 861 1676 qui
887 1609 1052 1661 semel
1077 1608 1332 1674 facit,sed
1367 1611 1454 1679 qui
1481 1611 1733 1680 usquead
1767 1619 1991 1664 mortem
2019 1609 2165 1663 facit.

596 1695 661 1748 Et
697 1708 799 1750 non
823 1696 977 1760 dixit,
1004 1697 1346 1753 Voluntatem
1372 1715 1568 1763 meam,
1601 1715 1664 1754 ne
1686 1699 1983 1757 offenderet
2006 1703 2170 1757 audi-

2337 905 2355 938 ι
2395 886 2469 938 Οὐ
2489 885 2594 948 πᾶς
2618 883 2838 950 ὁλέγων
2866 897 2977 952 μοι,
3009 877 3202 949 Κύριε,
3228 875 3430 947 Κύριε,
3463 872 3830 928 εἰσελεύσεται

2265 981 2343 1042 είς
2367 978 2463 1048 τὴν
2495 975 2769 1047 βασιλείαν
2799 975 2909 1028 τῶν
2938 972 3206 1044 οὐρανῶν,
3244 969 3360 1024 ἀλλ’
3394 971 3421 1023 6
3455 966 3623 1022 ποιῶν
3654 967 3714 1018 τὸ
3745 967 3828 1019 92'-

2263 1071 2411 1140 λημα
2437 1069 2534 1123 τού
2569 1068 2782 1138 Πατρός
2826 1086 2925 1138 μου
2954 1067 3048 1119 τοῦ
3085 1069 3142 1120 ὲν
3181 1064 3454 1134 οὐρανοῖς.
3497 1080 3514 1114 ι
3567 1058 3832 1112 Ἐνταῦθα

2265 1161 2628 1214 ἐπιδείκνυσιν
2648 1160 2836 1213 ἑαυτὸν
2872 1158 3096 1228 Κύριον,
3129 1158 3185 1210 ὲν
3206 1155 3283 1226 τῷ
3317 1156 3510 1207 εἰπεῖν’
3553 1153 3628 1204 Ού
3660 1152 3766 1210 πᾶς
3806 1151 3832 1203 6

2265 1254 2437 1318 λέγων
2487 1270 2598 1322 μοι,
2646 1251 2841 1322 Κύριε,
2888 1251 3084 1321 Κύριε,
3114 1248 3255 1302 ὥστε
3282 1247 3417 1299 Θεὸν
3451 1244 3642 1297 ἑαυτὸν
3664 1242 3830 1309 λέγει,

2265 1344 2504 1398 διδάσκει
2526 1344 2580 1396 δὲ
2613 1344 2760 1412 ἡμᾶς
2821 1343 2923 1405 ὅτι,
2949 1343 3044 1394 ἐὰν
3082 1342 3266 1394 πίστιν
3295 1339 3464 1409 χωρὶς
3496 1336 3676 1408 ἔργων
3700 1334 3836 1404 ἔχω-

2270 1453 2389 1504 μεν,
2422 1435 2576 1489 οὺὸὲν
2623 1437 2686 1488 ὲκ
2712 1433 2908 1486 τούτου
2930 1431 3286 1502 ὠφελούμεθα
3321 1444 3335 1460 ⁸
3369 1432 3397 1483 6
3432 1428 3544 1499 γὰρ
3569 1426 3741 1480 ποιῶν
3780 1426 3838 1476 τὸ

2269 1530 2614 1600 θέλημα,οὺκ
2638 1523 2787 1580 εἶπεν
2825 1529 2851 1579 6
2919 1524 3067 1591 ἅπαξ
3099 1526 3351 1593 ποιήσας,
3380 1521 3493 1575 ἀλλ’
3523 1524 3550 1574 ὁ
3583 1521 3710 1590 ἄχρι
3741 1518 3838 1570 Θα-

2269 1624 2427 1676 νάτου
2456 1622 2640 1675 ποιῶν.
2675 1621 2781 1673 Kal
2805 1621 2904 1672 οὐκ
2938 1613 3084 1681 εἷπε,
3131 1618 3189 1670 τὸ
3222 1616 3434 1685 Θέλημά
3473 1632 3599 1683 μου,
3635 1613 3722 1665 ἵνα
3768 1611 3842 1679 μὴ

2275 1713 2598 1784 σκανδαλίσῃ
2631 1713 2753 1774 τοὺς
2785 1711 3098 1773 ἀκούοντας,
3125 1707 3284 1770 ἀλλὰ,
3328 1705 3425 1759 τοῦ
3472 1705 3685 1774 Πατρός
3715 1717 3840 1772 μου·

597 1799 760 1851 tores,
781 1785 1085 1851 sed,Patris
1103 1789 1226 1843 mei.
1261 1787 1489 1843 Omnino
1522 1800 1698 1845 autem
1732 1807 1833 1845 una
1866 1793 2164 1862 eademque

2272 1810 2484 1869 παντως
2517 1805 2570 1859 δὲ
2592 1805 2648 1858 ἓν
2675 1805 2886 1873 Θέλημα
2917 1801 3126 1871 πατρὸς
3152 1799 3248 1852 καὶ
3273 1797 3414 1862 υἰοῦ,
3440 1799 3535 1850 ἐὰν
3565 1796 3664 1849 οὐκ
3695 1793 3846 1846 ἔστιν

597 1879 842 1934 voluntas
873 1890 955 1935 est
984 1880 1149 1948 patris
1175 1893 1226 1936 ct
1257 1882 1372 1946 filii,
1413 1883 1518 1937 nisi
1561 1885 1794 1954 degener
1828 1885 1899 1939 sit
1935 1885 2093 1940 filius.

670 1970 836 2026 Vens.
852 1973 942 2036 Ἡ,
957 1973 1078 2027 ΞΞΑ
1098 1973 1245 2028 Multi
1266 1976 1440 2029 dicent
1462 1976 1589 2029 mihi
1612 1978 1660 2029 in
1678 1978 1762 2031 die
1786 1977 1870 2032 illa
1889 1994 1902 2031 :
1922 1977 2166 2043 Domine,

600 2063 844 2128 Domine,
865 2081 1040 2120 nonne
1075 2066 1126 2119 in
1151 2068 1366 2121 nomine
1411 2077 1499 2121 tuo
1540 2069 1997 2137 propltetavimns,
2032 2081 2084 2124 et
2117 2072 2167 2124 in

602 2157 813 2208 nomine
838 2165 926 2209 tuo
957 2156 1213 2210 daemonia
1243 2159 1522 2226 cjecimus,
1547 2166 1599 2213 et
1619 2161 1669 2212 in
1696 2161 1911 2213 nomine
1940 2172 2031 2215 tuo
2058 2162 2168 2214 vir-

600 2255 741 2302 tt'tes
770 2249 961 2302 multas
995 2247 1251 2304 fecimus?
1285 2252 1344 2304 Et
1373 2260 1496 2306 tunc
1528 2253 1824 2308 confitebor
1858 2255 1936 2308 eis
1970 2275 1982 2309 :
2020 2255 2168 2310 Nun-

601 2355 762 2407 quam
804 2342 1022 2410 cognovi
1071 2357 1185 2408 vos,
1221 2344 1528 2400 disceditea
1555 2361 1664 2410 me,
1706 2349 1938 2415 Operarii
1977 2348 2171 2417 iniqui-

603 2433 750 2484 tatis.
785 2450 803 2483 ι
839 2431 986 2487 Multi
1021 2449 1142 2489 cum
1176 2437 1470 2503 praedicare
1503 2438 1850 2507 incipiebant.
1881 2440 2165 2507 ejiciebant

600 2524 862 2578 daemonia
905 2536 1005 2580 :et
1051 2529 1298 2595 quamvis
1353 2529 1554 2599 indigni
1609 2540 1810 2596 essent,
1845 2547 1941 2602 per
1976 2549 2166 2588 nomen

601 2613 728 2667 Jesu
762 2615 1018 2686 fugabant
1049 2619 1337 2675 daemones.
1373 2619 1502 2674 Nam
1551 2623 1722 2691 gratia
1758 2624 1919 2676 etiam
1958 2639 2054 2693 per
2088 2625 2172 2679 in-

2274 1899 2580 1969 ἀποστάτης
2613 1901 2640 1951 6
2666 1897 2802 1960 υἱός.

2351 2010 2367 2041 ι
2411 1990 2600 2042 Πολλοί
2628 1987 2814 2058 ὲροῦσί
2847 2004 2937 2057 μοι
2987 1987 3044 2039 ὲν
3075 1983 3257 2054 ἐκείνῃ
3295 1985 3360 2052 τῇ
3396 1981 3605 2051 ἡμέρᾳ·
3642 1977 3844 2047 Κύριε,

2273 2082 2468 2153 Κύριε,
2500 2081 2561 2134 οὐ
2598 2080 2676 2149 τῷ
2712 2080 2788 2150 σῷ
2834 2081 3062 2147 ὀνόματι
3100 2073 3610 2146 προεφητεύσαμεν.
3646 2068 3846 2141 καὶτῷ

2275 2175 2349 2242 σῷ
2372 2175 2591 2241 ὀνόματι
2614 2171 2864 2242 δαιμόνια
2887 2167 3265 2237 ὲξεόάλλομεν,
3289 2166 3380 2218 καὶ
3412 2164 3488 2232 τῷ
3510 2161 3587 2232 σῷ
3614 2163 3845 2229 ὀνόματι

2270 2265 2524 2334 δυνάμεις
2551 2263 2750 2324 πολλὰς
2799 2261 3173 2329 ὲποιήσαμεν;
3216 2257 3324 2311 Καὶ
3345 2258 3466 2309 τότε
3524 2253 3847 2323 ὁμολογήσω

2273 2359 2473 2419 αύτιιῖς,
2518 2356 2599 2408 ὅτι
2629 2353 2897 2406 Οὐδέποτε
2937 2353 3109 2420 ἔγνων
3141 2350 3307 2419 ὑμᾶς,
3355 2347 3693 2416 ἀποχωρεῖτε
3749 2341 3845 2396 ἀπ’

2273 2446 2432 2518 ἐμοῦ,
2466 2448 2514 2500 οἰ
2551 2446 2908 2517 ἐργαζόμενοι
2937 2444 3035 2514 τὴν
3075 2442 3357 2512 ἀνομίαν.»
3388 2438 3580 2492 Πολλοί
3609 2439 3666 2489 ὲν
3699 2439 3844 2507 ἀρχῇ

2271 2541 2364 2592 τοῦ
2422 2540 2779 2608 κηρύγματος
2835 2535 3092 2600 ἐξέϐαλον
3135 2533 3424 2603 δαιμόνια,
3475 2530 3571 2582 καὶ
3634 2527 3848 2592 ἀνάξιοι

2271 2633 2442 2694 ὄντες,
2483 2631 2570 2684 διὰ
2619 2631 2677 2681 τὸ
2703 2628 2872 2696 ὄνομα
2911 2626 3005 2679 τοῦ
3036 2623 3208 2693 Ἰησοῦ
3258 2625 3569 2692 φευγόντων
3595 2621 3702 2674 τῶν
3729 2621 3846 2673 δαιο

602 2708 792 2776 dignos
840 2708 1025 2764 eﬂicax
1057 2721 1159 2774 est,
1211 2715 1352 2766 sicut
1409 2727 1504 2780 per
1557 2713 1803 2784 indignos
1861 2719 2168 2772 sacerdotes

2275 2723 2454 2792 μόνων
2479 2735 2490 2748 ·
2529 2721 2622 2774 καὶ
2648 2720 2754 2788 γὰρ
2788 2720 2820 2789 ἡ
2860 2719 3018 2788 χάρις
3045 2717 3138 2770 καὶ
3184 2715 3270 2781 διὰ
3303 2715 3410 2766 τῶν
3439 2713 3677 2778 ἀναξίων
3701 2715 3824 2781 ἑνερ

602 2801 1012 2855 sanctificamur
1041 2821 1054 2856 :
1085 2813 1134 2856 ct
1164 2803 1332 2858 .lntlas
1367 2820 1578 2875 quoque
1620 2807 1772 2874 signa
1811 2804 1958 2871 fecit,
1988 2820 2042 2863 et
2080 2811 2168 2863 filii

2275 2817 2381 2881 γεῖ,
2417 2814 2491 2875 ὼς
2519 2815 2613 2866 καὶ
2637 2811 2725 2865 διὰ
2750 2811 2858 2864 τῶν
2891 2810 3124 2874 ἀναξίων
3145 2808 3337 2880 ἰερέων
3362 2805 3725 2875 ἁγιαζόμεθα,
3751 2816 3849 2858 και

607 2890 812 2947 Scevae.
846 2894 995 2960 Quod
1031 2904 1208 2950 autem
1245 2897 1407 2960 dicit,
1442 2895 1724 2967 Nunquam
1775 2902 2000 2968 cognovi
2053 2918 2168 2966 vos,

2285 2908 2484 2969 Ἰούδας
2532 2906 2586 2959 δὲ
2651 2907 2852 2976 σημεῖα
2883 2903 3131 2974 εποίησε,
3168 2902 3263 2956 καὶ
3295 2901 3345 2953 οἰ
3381 2900 3491 2953 υἱοί
3520 2897 3613 2951 τοῦ
3642 2898 3844 2951 Σκευᾶ.

609 2984 714 3039 hoc
747 2985 882 3051 vult,
919 2984 1102 3056 Neque
1137 2997 1283 3052 tunc,
1318 2989 1533 3057 quando
1574 2990 1831 3044 miracula
1869 2993 2168 3060 faciebatis,

2275 2999 2345 3049 Τὸ
2367 2999 2421 3050 δὲ
2477 2996 2742 3049 Οὐδέποτε
2767 2995 2938 3062 ἔγνων
2967 2993 3131 3063 ὑμᾶς,
3157 2992 3276 3046 ἀντί
3305 2989 3421 3051 τοῦ,
3455 2988 3590 3041 Οὐδὲ
3609 2989 3732 3041 τότε
3755 2986 3844 3040 ὅτε

515 3129 520 3135 ,
604 3075 888 3143 diligebam
937 3092 1048 3132 vos.
1110 3076 1218 3133 Hoc
1276 3081 1419 3133 enim
1466 3079 1585 3135 loco
1648 3081 1880 3148 caritas,
1937 3086 2168 3155 cognitio

2274 3090 2791 3160 ὲῢαυματουργεῖτε,
2811 3078 3042 3158 ἠγάπων
3066 3085 3230 3156 ὑμᾶς’
3240 3082 3449 3155 ,γνῶσις
3471 3081 3575 3152 γὰρ
3599 3082 3632 3150 ἡ
3658 3078 3848 3150 ἀγάπη

605 3166 820 3221 dicitur.

2272 3182 2486 3249 λέγεται
2518 3179 2771 3233 ἐνταῦθα.

677 3261 840 3316 Vens.
875 3262 968 3326 24,
997 3260 1090 3317 25.
1124 3282 1141 3314 ι
1178 3261 1364 3319 Omnis
1414 3264 1571 3335 igitur
1619 3266 1708 3336 qtti
1757 3267 1906 3322 audit
1961 3285 2024 3323 ex
2080 3285 2166 3324 me

2347 3292 2363 3324 ι
2404 3273 2516 3336 Πᾶς
2542 3271 2635 3326 οὖν
2662 3273 2809 3334 ὅστις
2844 3268 3032 3324 ἀκούει
3071 3285 3171 3335 μου
3202 3268 3327 3331 τοὺς
3354 3267 3546 3335 λόγους
3596 3263 3846 3330 τούτους,

605 3368 884 3409 sermones
932 3354 1030 3408 hos
1091 3365 1145 3408 et
1199 3354 1327 3409 facit
1373 3370 1485 3419 eos,
1537 3357 1849 3412 assimilabo
1891 3373 2008 3412 eum
2053 3360 2168 3413 viro

2277 3369 2369 3420 καὶ
2417 3369 2561 3420 ποιεῖ
2595 3364 2816 3430 αὐτοὺς,
2869 3363 3122 3434 ὁμοιώσω
3176 3361 3336 3414 αὑτὸν
3372 3359 3524 3431 ἀνδρὶ
3578 3355 3844 3428 φρονίμῳ,

607 3445 877 3513 prudenti,
903 3446 991 3514 qui
1015 3446 1301 3500 azdiiicavit
1330 3447 1544 3500 domum
1574 3464 1726 3502 suam
1756 3464 1918 3518 super
1940 3458 2166 3519 petram,

2272 3463 2416 3523 ὅστις
2459 3458 2777 3530 ᾠκοδόμησε
2811 3457 2912 3524 τὴν
2943 3456 3122 3509 οἰκίαν
3150 3453 3315 3507 αὐτοῦ
3342 3454 3434 3507 ἐπὶ
3470 3453 3569 3523 τὴν
3614 3451 3843 3520 πέτραν,

610 3545 665 3589 ct
686 3535 961 3591 descendit
990 3538 1194 3606 pluvia,
1223 3546 1277 3592 et
1313 3547 1574 3592 venerunt
1603 3538 1843 3605 flumina,
1895 3551 1947 3596 et
2004 3541 2168 3596 flave-

2272 3554 2365 3606 καὶ
2405 3553 2610 3622 κατέϐη
2645 3553 2678 3623 ὴ
2711 3551 2902 3621 βροχὴ,
2937 3551 3029 3604 καὶ
3055 3545 3219 3621 ἦλθον
3251 3549 3300 3602 οί
3346 3546 3603 3615 ποταμοὶ,
3631 3546 3725 3599 καὶ
3750 3544 3844 3596 ἐπ·

608 3637 734 3681 runt
762 3631 906 3682 venti
939 3640 994 3684 et
1037 3631 1306 3684 irruerunt
1335 3630 1388 3683 in
1419 3632 1636 3685 domum
1675 3633 1835 3698 illam,
1870 3645 1924 3689 et
1956 3651 2059 3689 non
2079 3650 2168 3689 ce-

609 3720 740 3774 cidit
775 3740 789 3776 :
823 3721 1038 3776 fundata
1085 3723 1227 3777 enim
1276 3730 1392 3776 erat
1435 3737 1592 3792 supra
1646 3737 1871 3794 petram.
1907 3747 1925 3778 ι
1954 3728 2171 3796 Absque

613 3810 726 3868 Deo
744 3814 914 3868 virtus
937 3815 1118 3884 perlici
1147 3814 1363 3885 nequit;
1394 3815 1615 3882 idcirco,
1640 3819 1832 3888 inquit,
1855 3819 2172 3874 assimilabo

609 3917 731 3958 eum
773 3905 895 3961 viro
942 3910 1217 3980 prudenti.
1252 3912 1414 3966 Petra
1445 3921 1623 3965 autem
1659 3921 1744 3965 est
1775 3911 2040 3977 Christus,
2063 3913 2173 3967 do-

609 4010 732 4049 mus
794 4004 971 4051 autem
1037 3999 1236 4055 anima.
1328 4001 1665 4072 Quicumque
1724 4001 1885 4072 igitur
1938 4004 2173 4058 animam

610 4101 762 4139 suam
793 4088 1102 4152 aedificabit,
1136 4094 1413 4160 operando
1466 4094 1718 4148 mandata
1768 4091 1992 4159 Christi,
2024 4095 2171 4150 illum

609 4193 782 4247 neque
810 4180 984 4247 pluvia
1005 4220 1019 4245 ,
1052 4182 1104 4236 id
1134 4192 1216 4237 est
1250 4183 1521 4250 diabolus,
1548 4189 1638 4255 qui
1665 4185 1730 4240 de
1758 4185 1894 4240 calo
1923 4185 2126 4242 decidit
2154 4205 2166 4240 :

609 4285 785 4337 neque
807 4269 1048 4337 ﬂumina,
1071 4273 1318 4330 homines
1339 4277 1545 4330 scilicet
1571 4275 1847 4340 ledentes,
1869 4277 1959 4346 qui
1982 4278 2048 4332 ab
2073 4279 2174 4334 hac

607 4362 786 4432 pluvia
811 4363 1232 4433 multiplicantur
1257 4384 1271 4421 :
1299 4380 1476 4435 neque
1509 4369 1675 4433 venti,
1705 4367 1808 4422 hoc
1837 4376 1920 4422 est
1950 4368 2175 4435 spiritus

610 4453 757 4520 mali,
785 4463 839 4508 et
884 4454 936 4508 in
974 4470 1204 4521 summa,
1246 4457 1574 4513 teutationes
1603 4471 1793 4514 omnes
1816 4459 1871 4514 .si
1905 4458 2029 4514 talis
2054 4457 2172 4514 fue-

609 4543 700 4607 rit,
732 4553 984 4612 poterunt
1013 4546 1265 4613 dejicere.

683 4724 842 4780 Vens.
865 4724 955 4791 26,
980 4725 1068 4779 27.
1107 4743 1124 4776 ι
1158 4725 1220 4780 Et
1250 4726 1426 4781 omnis
1446 4727 1535 4794 qui
1560 4727 1758 4781 audita
1784 4743 1869 4783 me
1897 4743 2176 4785 sermones

607 4815 710 4870 hos
733 4823 921 4870 etnon
960 4815 1092 4870 facit
1124 4830 1241 4882 eos,
1277 4815 1666 4871 assimilabitur
1700 4819 1815 4872 viro
1850 4819 2046 4882 stulto,
2082 4821 2172 4891 qui

609 4907 876 4961 exstruxit
899 4906 1116 4962 domum
1146 4923 1297 4962 suam
1332 4923 1492 4977 super
1525 4922 1744 4966 arenam
1765 4950 1779 4976 ,
1811 4920 1866 4964 et
1895 4912 2176 4968 descendit

610 4997 812 5064 pluvia,
847 5007 901 5053 ct
938 5008 1202 5054 venerunt
1236 4999 1478 5064 ﬂumina,
1512 5010 1566 5054 et
1614 5001 1959 5068 spiraverunt
1995 5006 2168 5071 venti,

623 5098 666 5144 ιι
716 5088 992 5142 irruerunt
1047 5090 1101 5142 in
1156 5089 1370 5143 domum
1424 5089 1592 5154 illam,
1626 5102 1678 5146 et
1717 5093 1932 5160 cecidit,
1965 5093 2172 5166 fuitque

642 5179 763 5233 uitta
796 5178 912 5245 ejus
938 5193 1151 5248 magna.
1181 5197 1199 5230 ι
1226 5177 1340 5233 Νοη
1369 5180 1525 5246 dixit,
1552 5181 1877 5238 Assimilabo
1906 5200 2050 5251 eum,
2077 5188 2170 5242 sed

614 5283 709 5338 per
741 5270 976 5340 seipsum
1009 5271 1396 5327 assimilabitur
1423 5271 1586 5326 stulto
1614 5271 1700 5328 ille
1728 5276 1817 5344 qui
1847 5278 2018 5332 credit
2045 5280 2172 5347 qui-

611 5361 733 5414 dem
783 5377 888 5417 non
937 5372 1113 5418 autem
1175 5374 1450 5434 operatur,
1472 5363 1583 5434 38
1613 5365 1700 5419 hic
1748 5376 1829 5421 est
1876 5370 1963 5436 qui
2013 5385 2174 5440 super

611 5466 832 5506 arenam
880 5453 1109 5508 aediﬁcat
1157 5456 1421 5522 ignaviter
1453 5471 1682 5526 operans
1707 5473 1721 5513 :
1749 5469 2027 5528 propterea
2061 5474 2112 5516 et
2145 5478 2174 5516 a

615 5547 997 5602 tentationibus
1029 5548 1277 5615 dejicitur
1306 5567 1317 5601 :
1352 5550 1526 5616 irruit,
1558 5551 1658 5607 hoc
1697 5562 1801 5619 est,
1835 5553 2077 5625 impingit
2123 5557 2175 5612 in

614 5651 736 5691 sunt
768 5638 1012 5705 tentatio,
1036 5648 1091 5692 et
1116 5654 1305 5709 magna
1334 5640 1474 5695 cadit
1494 5642 1568 5712 (a)
1593 5643 1768 5698 ruina.
1793 5643 1979 5702 Nullus
1998 5655 2175 5703 autem

691 5817 766 5888 (a)
795 5818 931 5875 Edit.
967 5820 1084 5875 Lut.
1119 5821 1312 5888 solum,
1340 5831 1387 5876 et
1413 5824 1571 5878 cadit.

2271 3661 2463 3696 νευοαν
2507 3644 2556 3696 οἰ
2609 3642 2822 3712 ἄνεμοι,
2853 3643 2950 3694 καὶ
2995 3640 3334 3710 προσέπεσον
3367 3641 3432 3708 τῇ
3459 3635 3607 3706 οἰκίᾳ
3637 3634 3844 3705 ἐκείνη,

2272 3738 2365 3790 καὶ
2401 3738 2499 3789 οὐκ
2540 3734 2725 3798 ἔπεσε,
2756 3732 3120 3803 τεθεμελίωτο
3155 3732 3263 3801 γὰρ
3293 3730 3384 3783 ἐπὶ
3412 3730 3510 3799 τὴν
3545 3729 3774 3797 πέτραν.
3816 3744 3832 3776 ι

2274 3827 2408 3881 Θεοῦ
2437 3827 2604 3898 χωρὶς
2632 3826 2694 3879 ού
2751 3824 2972 3878 δύναται
3034 3822 3202 3894 ἀρετὴ
3261 3818 3682 3891 κατορθωθῆναι
3706 3857 3722 3882 ,
3762 3816 3847 3872 διὰ

2273 3919 2431 3973 τοῦτό
2460 3934 2646 3989 φησιν,
2691 3916 2975 3986 Ὀμοιώαω
3001 3915 3162 3968 αὑτὸν
3188 3913 3340 3983 ἀνδρὶ
3374 3911 3642 3984 φρονίμῳ.
3665 3911 3849 3976 Πέτρα

2273 4012 2351 4078 δὲ,
2383 4015 2410 4065 6
2439 4011 2691 4080 Χριστός·
2727 4007 2876 4062 οἰκία
2900 4007 2978 4073 δὲ,
3003 4009 3038 4077 ἡ
3065 4006 3232 4076 ψυχή.
3269 4006 3460 4066 Ὅστις
3491 3999 3585 4055 οὖν
3621 4002 3719 4072 τὴν
3742 4002 3846 4070 ψυ-

2275 4102 2375 4174 χὴν
2411 4101 2578 4156 αὑτοῦ
2609 4100 2955 4171 οἰκοδομήσει
2989 4099 3081 4152 ἐπὶ
3104 4101 3169 4169 τῇ
3219 4096 3456 4168 ἐργασίᾳ
3484 4094 3593 4148 τῶν
3617 4094 3848 4146 ἐντολῶν

2274 4192 2368 4245 τοῦ
2407 4190 2666 4262 Χριστοῦ,
2692 4189 2880 4242 τοῦτον
2901 4187 3024 4241 οὕτε
3053 4189 3086 4256 ἡ
3115 4185 3302 4257 βροχὴ,
3331 4189 3358 4238 6
3377 4184 3622 4246 διάϐολος
3678 4184 3848 4250 λέγω,

2275 4286 2304 4338 6
2337 4285 2394 4349 ιε
2418 4281 2650 4354 ούρανοῦ
2686 4278 2891 4343 πεσὼν,
2917 4278 3044 4332 οὔτε
3079 4280 3127 4331 oi
3155 4277 3412 4347 ποταμοὶ,
3439 4278 3487 4329 oi
3511 4276 3854 4350 ξηρεαπαὶ

2276 4376 2578 4444 ἄνθρωποι,
2613 4375 2662 4426 οἱ
2697 4373 2805 4427 ἀπὸ
2841 4371 2942 4442 τῆς
2981 4368 3236 4441 τοιαύτης
3279 4369 3478 4440 βροχῆς
3511 4367 3853 4438 πληθυνόμε-

2278 4484 2376 4531 νοι,
2400 4465 2523 4518 οὔτε
2557 4466 2604 4517 οἰ
2636 4463 2847 4531 ἄνεμοι,
2879 4466 2947 4516 τὰ
2979 4461 3267 4533 πνεύματα
3296 4461 3394 4528 τῆς
3437 4461 3720 4530 πονηρίας,
3753 4460 3855 4512 καὶ

2202 4541 2252 4600 ί)
2280 4557 2464 4620 ἁπλῶς
2489 4557 2760 4620 πάντες-οἰ
2785 4556 3105 4627 πειρασμοί,
3137 4557 3227 4607 τδν
3244 4551 3557 4622 τοιοῦτονιού
3592 4551 3856 4606 δύνανται

2283 4649 2636 4703 καταϐαλεῖν.

2361 4759 2379 4793 ι
2411 4741 2522 4793 Καὶ
2554 4742 2661 4802 πᾶς
2711 4741 2739 4794 6
2787 4739 3002 4794 ἀκούων
3045 4757 3146 4810 μου
3180 4739 3306 4800 τοὺς
3352 4739 3546 4808 λόγους
3603 4737 3855 4803 τούτους,

2282 4832 2377 4888 ul
2430 4833 2504 4901 μὴ
2540 4830 2708 4884 ποιῶν
2764 4831 2982 4898 αὐτοὺς,
3016 4830 3410 4900 ὁμοιωθήσεται
3454 4831 3608 4901 ἀνδρὶ
3658 4830 3858 4900 μωρῷ,

2279 4925 2429 4987 ὅστις
2461 4922 2782 4992 ᾠκοδόμησε
2834 4923 2938 4994 τὴν
2993 4921 3172 4975 οἰκίαν
3196 4923 3359 4976 αὐτοῦ
3393 4923 3485 4976 ἐπὶ
3513 4922 3854 4994 τὴνᾶμμον.

2277 5015 2371 5068 καί
2396 5009 2602 5083 κατέϐη
2637 5014 2664 5083 ἡ
2703 5013 2894 5084 βροχὴ,
2959 5014 3054 5068 καί
3114 5009 3278 5083 ἦλθον
3339 5015 3387 5066 οἰ
3448 5014 3701 5083 ποταμοὶ.
3760 5013 3859 5067 καὶ

2282 5105 2551 5158 ἔπνευσαν
2565 5106 2612 5157 οἰ
2641 5105 2850 5174 ἄνεμοι,
2880 5106 2971 5158 καὶ
2995 5105 3340 5177 προσέκοψαν
3373 5107 3438 5175 τῇ
3471 5105 3619 5176 οἰκίᾳ
3645 5105 3854 5177 ἐκείνῃ,

2278 5195 2373 5248 καὶ
2399 5194 2585 5257 ἔπεσε,
2605 5195 2698 5248 καὶ
2735 5190 2801 5266 ἦν
2825 5195 2861 5265 ἢ
2886 5195 3106 5258 πτῶσις.
3137 5195 3308 5265 αὐτῆς
3340 5195 3612 5266 μεγάλη.)
3642 5196 3758 5250 Οὐκ
3776 5192 3856 5250 sl-

2278 5302 2400 5348 πεν,
2419 5283 2704 5353 ὐμοιώσω
2718 5287 2900 5354 αὑτὸν,
2917 5286 3058 5350 ἀλλ’,
3071 5287 3501 5356 Ὀμοιωθήσεται
3516 5287 3608 5356 ἀφ’
3631 5285 3854 5353 ἑαυτοῦ,

2286 5377 2475 5447 μωρῷ,
2512 5377 2715 5441 ἐκεῖνος
2743 5379 2799 5442 ὃς
2825 5378 3069 5435 πιστεύει
3095 5381 3219 5449 μὲν,
3242 5381 3304 5433 οὐ
3332 5380 3566 5451 πράττει
3601 5381 3680 5434 δέ·
3698 5373 3860 5444 οὗτος

2283 5462 2376 5520 οὖν
2408 5467 2502 5521 ἐπὶ
2525 5466 2752 5538 ψάμμου
2797 5471 2994 5534 κτίζει,
3019 5471 3114 5523 ὲπὶ
3165 5470 3495 5547 σαθρότητος
3515 5468 3624 5522 τῶν
3652 5468 3853 5539 ἔργων.

2284 5558 2382 5612 Διὰ
2405 5560 2563 5612 τοῦτο
2598 5561 2691 5613 καὶ
2721 5561 2824 5614 ὑπὸ
2845 5561 2954 5616 τῶν
2987 5562 3307 5632 πειρασμῶν
3341 5559 3554 5614 πίπτει·
3587 5561 3718 5614 ὅταν
3747 5559 3858 5632 γὰρ

2286 5650 2594 5721 προσκόῲη,
2630 5652 2893 5721 τοῦτέστι,
2941 5652 3294 5724 προσκρούσῃ
3339 5649 3486 5724 αύτῷ
3525 5652 3856 5740 πειρασμὸς,
