4080 6336
203 358 305 425 221

805 363 1247 428 ENARBATIO
1277 363 1360 427 IN
1402 363 1783 427 EVANGELI

1899 362 1906 424 ἶ
1937 363 2330 426 ΜΑΤΤΗᾸΞΙ.
2372 386 2437 402 -
2469 363 2632 425 CAP.
2671 362 2842 426 VIII.

3386 359 3495 429 2‘22

278 493 296 527 ι
334 477 444 530 Καὶ
499 459 719 530 ἐλθὼνό
752 480 961 553 Ἰησοῦς
1005 481 1086 542 είς
1149 480 1250 550 τὴν
1311 477 1491 533 οἰκίαν
1545 477 1779 549 Πέτρου,

1961 475 2129 532 Vens.
2167 477 2253 543 14,
2291 478 2374 532 15.
2418 496 2438 530 ι
2482 475 2547 530 Ει
2577 477 2854 546 ingressus
2879 471 3038 527 Iesus
3062 473 3116 530 in
3143 474 3368 531 domum
3391 477 3524 550 Pe—r

195 561 312 620 εἶδε
339 567 440 636 τὴν
475 566 746 637 πενθερὰν
769 560 933 624 αὑτοῦ
966 569 1312 642 βεϐλημένην
1349 572 1444 624 καὶ
1474 568 1791 639 πυρέσσου-

199 674 328 713 σαν.
379 659 489 713 Καὶ
547 659 724 730 ἥψατο
770 661 872 731 τῆς
929 663 1112 733 χειρὸς
1169 663 1366 732 αὐτῆς,
1433 664 1528 716 καὶ
1575 662 1790 732 ἀφῆκεν

196 749 378 820 αὐτὴν
412 752 439 802 6
473 751 727 820 πυρετός.
756 753 867 805 Καὶ
896 752 1104 824 ήγέρθη
1135 754 1229 806 καὶ
1249 753 1489 824 διηκόνει
1522 753 1728 815 αὐτοῖς.
1763 771 1782 804 ι

198 840 468 913 Εἰσῆλθεν
492 843 572 907 εἰς
601 842 698 914 τὴν
727 845 935 916 Πέτρου
959 845 1138 899 οὶκίαν
1165 845 1328 900 διὰτὸ
1360 846 1574 915 φαγεῖν.
1615 843 1787 914 Ἀψά-

202 949 370 1004 pavo;
393 933 449 987 δὲ
484 933 585 1004 τῆς
615 935 825 1005 χειρὸς,
843 935 907 989 ού
952 934 1112 1006 μόνον
1145 935 1238 988 τὸν
1276 935 1512 1007 πυρετὸν
1545 935 1788 999 ἔσϐεσεν,

198 1024 341 1079 άλλά
369 1025 464 1079 καὶ
494 1025 740 1096 καθαρὰν
761 1026 950 1096 ύγείαν
976 1026 1230 1080 ἀπέδωκε
1270 1029 1338 1097 τῇ
1366 1027 1611 1094 γυναικὶ,
1647 1026 1790 1080 ὥστε

198 1119 297 1172 καὶ
331 1117 429 1189 τὴν
453 1118 682 1189 δύναμιν
726 1119 1044 1174 ἐπανελθεῖν
1075 1121 1170 1174 καὶ
1214 1119 1430 1190 ἰσχύσαι
1494 1118 1788 1173 διακονεῖν.

198 1210 398 1264 Καίτοι
431 1212 591 1282 τσμεν
625 1213 711 1266 ὅτι
762 1213 930 1276 πολὺς
973 1213 1166 1285 χρόνος
1193 1215 1273 1277 εἰς
1304 1213 1620 1284 ἀνάῥρωσιν
1677 1215 1790 1276 τοῖς

196 1300 420 1356 νοσοῦσι
447 1305 884 1374 παρεκτείνεται.
908 1305 1029 1359 Τῶν
1064 1304 1242 1359 ἄλλων
1294 1304 1350 1358 δὲ
1383 1305 1789 1374 εύαγγελιστῶν

197 1392 471 1445 εἰπόντων
507 1395 592 1447 ότι
633 1394 1017 1464 παρεκάλεσαν
1078 1395 1266 1459 αὑτὸν,
1292 1396 1387 1448 καὶ
1417 1394 1562 1448 οὓτω
1583 1395 1789 1466 ταύτην

197 1486 593 1557 ἐθεράπευσεν,
630 1490 657 1540 ό
681 1485 965 1550 Ματθαῖος
989 1487 1090 1541 οὐκ
1121 1481 1245 1541 εἷπε
1280 1485 1459 1552 τοῦτο,
1493 1486 1788 1557 συντομίας

196 1581 517 1649 φροντίσας.
543 1575 707 1635 Εἶπον
735 1581 842 1649 γάρ
863 1597 945 1633 σοι
985 1580 1421 1650 καὶάρχόμενος,
1461 1579 1544 1631 ὅτι
1576 1579 1604 1630 6
1639 1595 1787 1650 παρ-

196 1671 387 1726 έλιπεν
437 1666 608 1737 οὗτος,
649 1673 795 1742 λέγει
833 1673 1024 1736 ἄλλος’
1069 1673 1208 1744 μάθε
1255 1674 1310 1727 δὲ
1367 1674 1460 1726 καὶ
1497 1673 1579 1728 ὄτι
1613 1673 1641 1724 6
1691 1673 1791 1740 γά-

196 1779 298 1832 μος
329 1764 483 1816 οὐδὲν
503 1764 704 1817 κωλύει
744 1765 844 1837 τὴν
875 1765 1100 1836 ἀρετὴν,
1131 1767 1159 1818 6
1186 1765 1297 1837 γὰρ
1347 1768 1651 1837 κορυφαῖος
1676 1765 1787 1817 τῶν

191 1856 514 1910 ἀποστόλων
543 1857 811 1928 πενθεράν
848 1854 1016 1928 εἶχεν.

274 1965 293 1999 t
341 1948 531 2018 Ὀψίας
565 1950 621 2003 δὲ
655 1952 978 2021 γενομένης,
1006 1950 1388 2021 προσήνεγκαν
1423 1949 1574 2020 αὐτῴ
1609 1950 1791 2020 δαιμο-

192 2041 511 2109 νιζομένους
542 2041 792 2108 πολλοὺς,
831 2044 926 2096 καὶ
947 2041 1170 2107 ἐξέϐαλε
1191 2043 1259 2095 τὰ
1285 2041 1575 2111 πνεύματα
1606 2042 1775 2111 λόγῳ,

190 2135 287 2186 κιὶ
320 2135 530 2198 πάντας
553 2136 679 2199 τοὺς
704 2136 888 2200 κακῶς
922 2135 1149 2205 ἔχοντας
1213 2135 1610 2205 ἐθεράπευσεν,
1640 2135 1790 2198 ὅπως

189 2230 461 2301 πληρωθῇ
519 2231 578 2285 τὸ
615 2231 784 2302 ῥηθὲν
811 2231 898 2285 διὰ
939 2232 1163 2285 Ἡσαΐου
1213 2231 1307 2284 τοῦ
1365 2233 1672 2304 προφήτου,
1703 2231 1792 2283 λέ-

189 2341 382 2394 γοντος
427 2341 440 2353 °
474 2325 645 2389 Αὐτὸς
695 2327 794 2389 τὰς
830 2325 1118 2389 ἀσθενείας
1156 2326 1312 2396 ήμῶν
1337 2325 1520 2390 ἔλασε,
1552 2325 1647 2377 καὶ
1690 2326 1790 2388 τὰς

187 2417 381 2481 νόσους
400 2415 723 2471 ἐϐάστασεν.
763 2435 781 2469 ι
830 2417 1020 2488 Ὀψίας
1057 2419 1152 2470 καὶ
1199 2417 1351 2487 παρὰ
1381 2417 1575 2487 καιρὸν
1610 2433 1788 2487 προσ-

187 2510 326 2581 ῆγον
394 2510 522 2574 τοὺς
579 2509 922 2580 ἀρρώστους,
959 2507 1125 2572 αὐτὸς
1160 2507 1217 2560 δὲ
1271 2506 1652 2578 φιλάνθρωπος
1715 2505 1790 2559 ῶν

185 2605 528 2676 ἀθεράπευσε
555 2603 785 2666 πάντας.
808 2598 940 2656 Εἶτα
963 2603 1049 2655 ἵνα
1071 2601 1144 2670 μὴ
1168 2601 1498 2671 ἀπιστήσῃς,
1520 2599 1638 2663 πῶς
1662 2616 1792 2652 τοσ-

186 2699 331 2755 αὕτα
367 2699 652 2769 νοσήματα
718 2699 777 2749 ὲν
836 2696 1029 2766 βραχεῖ
1076 2693 1500 2764 ἐθεραπεύοντο,
1546 2693 1790 2764 παράγει

185 2794 281 2846 τὸν
323 2793 557 2847 Ἡσαΐαν
582 2789 992 2860 μαρτυροῦντα.
1011 2787 1270 2854 Καίτοιγε
1289 2788 1316 2839 6
1337 2786 1630 2855 προφήτης
1661 2784 1789 2855 περὶ

186 2887 478 2958 ἁμαρτιῶν
536 2883 696 2938 τοῦτο
745 2882 914 2951 λέγει,
950 2884 977 2935 6
1027 2881 1309 2940 Ματθαῖος
1339 2878 1395 2932 δὲ
1448 2879 1578 2948 περὶ
1635 2894 1795 2947 νοση-

189 2979 381 3050 μάτων
408 2977 542 3030 αὐτὸ
571 2964 810 3039 τέθεικε,
836 2975 932 3026 καὶ
965 2972 1074 3044 γὰρ
1121 2971 1189 3025 τὰ
1223 2971 1394 3023 πλείω
1421 2969 1481 3033 ἐξ
1537 2969 1794 3039 ἁμαρτη-

189 3074 383 3144 μάτων
412 3072 676 3138 γίνονται.

267 3183 287 3216 ι
350 3161 494 3216 Ἰιὶὼν
516 3161 573 3214 δὲ
606 3163 634 3212 6
669 3154 879 3228 Ἰησοῦς
929 3156 1160 3218 πολλοὺς
1190 3153 1382 3226 ὄχλους
1413 3153 1542 3224 περὶ
1601 3152 1787 3214 αὑτὸν,
1821 3176 1865 3240 C

186 3258 481 3311 lxt1suoev
504 3252 763 3306 ἀπελθεῖν
790 3252 872 3314 εἰς
911 3249 970 3302 τὸ
1023 3248 1222 3316 πέραν.
1265 3267 1282 3298 ι
1311 3248 1386 3300 Οὐ
1411 3248 1520 3316 γάρ
1545 3242 1612 3316 ἦν
1644 3245 1794 3315 φιλό-

185 3349 366 3414 δοξος.
400 3347 518 3419 ἅμα
549 3346 606 3400 δι
653 3345 750 3398 καὶ
781 3343 890 3398 τῶν
929 3341 1198 3397 Ἰουδαίων
1232 3341 1324 3393 τὸν
1381 3339 1576 3408 φθόνον
1607 3337 1793 3390 ἐκκλί-

187 3460 320 3498 νων.

271 3552 290 3585 ι
334 3534 447 3587 Καὶ
495 3527 812 3602 προσελθὼν
858 3519 939 3589 εἷς
991 3522 1382 3596 γραμματεὺς,
1418 3518 1570 3573 εἶπεν
1619 3517 1790 3588 αὐτῷ·

186 3625 520 3687 Διδάσκαλε,
558 3620 914 3690 ἀκολουθήσω
959 3635 1061 3679 σοι,
1099 3617 1234 3670 ὅπου
1278 3616 1372 3667 ἐὰν
1403 3615 1647 3685 ἀπέρχῃ.
1680 3611 1793 3664 Καὶ

187 3721 339 3789 λέγει
385 3716 534 3787 αὑτῷ
562 3717 590 3768 6
626 3713 857 3785 Ἰησοῦς·
897 3712 962 3763 Αἱ
1001 3709 1284 3769 ἀλώπεκες
1314 3706 1555 3775 φωλεοὺς
1586 3706 1790 3776 ἔχουσι,

186 3811 378 3871 καὶτὰ
428 3808 656 3863 πετεινά
684 3806 778 3860 τοῦ
839 3803 1076 3874 ούρανοῦ
1123 3799 1599 3867 κατασκηνώσεις·
1649 3799 1678 3849 ό
1732 3795 1790 3848 δὲ

188 3906 317 3967 Υιδς
345 3899 743 3971 τοῦάνθρώπου
760 3897 860 3950 οὐκ
892 3895 1004 3966 ἔχει
1028 3891 1130 3945 ποῦ
1151 3891 1254 3962 τὴν
1275 3889 1520 3958 κεφαλὴν
1550 3887 1705 3957 κλίνη
1725 3928 1736 3940 .
1766 3904 1784 3938 ι

192 3993 548 4068 Γραμματέα
579 3990 731 4059 λέγει
751 3988 843 4041 τὸν
877 3986 938 4039 τὸ
971 3984 1208 4056 γράμμα
1236 3980 1330 4035 τοῦ
1355 3980 1522 4050 νόμου
1557 3978 1790 4032 ἐπιστά-

191 4106 380 4163 μενον.
437 4080 605 4147 Οὗτος
629 4082 720 4136 οὖν
755 4079 878 4134 ἰδὼν
909 4079 979 4133 τὰ
1035 4076 1206 4130 πολλὰ
1237 4076 1466 4163 σημεῖα,
1514 4073 1783 4163 προσεδόο

189 4151 362 4255 κησεν
387 4182 450 4233 ὲκ
497 4177 704 4231 τούτων
765 4171 1026 4245 χρήματα
1081 4168 1340 4236 συνάγειν
1391 4151 1482 4218 τῖιν
1553 4162 1785 4232 Ἰησοῦν,

190 4278 273 4332 διὸ
331 4276 431 4329 καὶ
487 4268 785 4333 σπουδάζει
834 4263 1150 4321 ἀκολουθεῖν
1211 4260 1363 4331 αὐτῷ
1407 4259 1494 4312 ἵνα
1552 4259 1648 4310 καὶ
1693 4257 1791 4309 αύ-

192 4374 278 4436 τὸς
325 4367 592 4438 συλλέγῃ.
645 4365 704 4418 '0
734 4363 790 4417 δὲ
809 4360 1041 4432 Χριστὸς
1088 4358 1226 4429 πρὸς
1264 4355 1363 4426 τὴν
1386 4354 1630 4407 διάνοιαν
1684 4351 1786 4404 αύ-

195 4463 288 4517 τοῦ
365 4456 650 4522 ἀπαντῶν,
701 4452 983 4527 μονονουχὶ
1051 4449 1209 4504 τοῦτό
1255 4462 1430 4518 φησιο
1470 4444 1786 4516 Προσδοκᾷς

1898 573 1988 635 tri,
2027 573 2158 626 vidit
2205 586 2424 626 socrum
2477 571 2596 642 ejus
2650 571 3072 629 decumbentem
3105 570 3497 626 ctl’ehricltan-

1895 673 2026 728 tem,
2058 661 2342 732 tetigitque
2400 676 2618 714 manum
2674 661 2838 726 illius,
2871 670 2923 715 et
2953 660 3178 728 reliquit
3209 661 3358 715 illam
3403 664 3495 726 ,Ιο-

1895 755 2007 810 bris
2039 771 2053 808 :
2081 762 2134 809 et
2159 754 2420 819 surrexit,
2457 769 2522 808 ac
2557 753 2893 808 ministravit
2948 754 3076 809 illis.
3113 774 3131 806 ι
3169 753 3399 808 Intravit
3438 756 3491 809 i-u

1894 848 2110 900 domum
2146 844 2313 911 Petri,
2357 853 2415 899 ut
2448 846 2761 900 comederet
2811 863 2831 898 ε
2871 857 2926 901 et
2962 846 3242 917 attingens
3269 862 3492 901 manum

1893 937 2032 1004 ejus,
2071 953 2177 991 non
2217 937 2394 992 soluat
2429 935 2625 991 febrim
2655 937 2942 1000 exstinxit,
2977 939 3070 992 sed
3099 949 3154 993 et
3205 938 3503 994 sanitatem-

1895 1030 2165 1100 integram
2195 1030 2467 1100 praestitit,
2502 1030 2574 1082 ita
2606 1039 2663 1084 ut
2696 1031 2931 1098 receptis
2961 1027 3166 1084 viribus
3190 1029 3356 1084 etiam
3391 1030 3494 1084 mi-

1895 1124 2132 1178 nistrare
2165 1121 2391 1176 valeret.
2428 1120 2645 1176 Scimus
2679 1120 2880 1188 alioqui
2904 1121 3075 1174 multo
3101 1126 3190 1176 vix
3247 1131 3492 1190 tempore

1892 1195 2342 1270 convalescentes
2397 1211 2732 1269 confirmari.
2797 1214 2933 1272 Cum
2991 1214 3080 1268 alii
3141 1214 3495 1284 evangelista:

1893 1308 2076 1361 dicant
2098 1306 2239 1375 quod
2272 1306 2614 1360 ohsecrarint
2639 1319 2786 1371 eum,
2820 1316 2872 1360 et
2902 1307 2982 1361 sic
3006 1317 3199 1361 curata
3236 1306 3328 1370 sit,
3357 1303 3492 1359 Mat-

1897 1402 2067 1456 thzcus
2087 1403 2188 1455 hoc
2234 1399 2519 1454 brevitatis
2574 1401 2839 1455 rationem
2871 1401 3079 1456 habens
3117 1400 3492 1468 praetermisit.

1893 1493 2148 1554 Dicebam
2183 1494 2329 1546 enim
2365 1493 2540 1546 tihiin
2570 1494 2864 1563 principio,
2899 1495 3065 1548 alium
3103 1495 3306 1554 dicere.
3347 1495 3495 1562 quod

1893 1582 2031 1635 alius
2059 1580 2170 1653 40
2195 1581 2416 1635 omittit.
2441 1579 2615 1635 Porro
2639 1583 2789 1637 disce
2813 1582 2898 1636 hic
2934 1583 3074 1651 quod
3104 1583 3304 1650 nuptiae
3325 1596 3432 1636 non
3465 1597 3494 1634 a

1893 1675 2092 1728 virtute
2123 1675 2412 1746 prohibent
2444 1691 2458 1729 :
2496 1675 2749 1746 princeps
2796 1678 2943 1731 enim
3000 1677 3372 1746 apostolorum
3406 1692 3495 1731 so-

1895 1782 2048 1822 crum
2087 1770 2298 1825 habuit.

1969 1945 2132 2000 \'Ens.
2165 1945 2370 2010 16,17.
2415 1964 2434 1999 ι
2481 1945 2721 2017 Vespere
2753 1957 2936 2001 autem
2976 1947 3143 2010 Iacto.
3192 1947 3499 2001 attulerunt

1895 2042 1942 2092 ei
1971 2041 2332 2096 dazmouiacos
2397 2042 2619 2107 multos,
2652 2054 2708 2098 et
2738 2042 2900 2113 ejecit
2960 2043 3185 2111 spiritus
3229 2041 3417 2105 verbo,
3444 2053 3498 2093 et

1896 2142 2086 2183 ontues
2123 2130 2263 2184 male
2299 2132 2567 2203 habentes
2592 2134 2828 2196 curavit,
2865 2144 2916 2186 ut
2954 2133 3250 2202 impleatur
3289 2132 3496 2194 dictum

1908 2238 2004 2292 per
2034 2221 2226 2276 Isaiam
2282 2217 2601 2293 prophetam
2637 2225 2933 2291 dicentem,
2966 2226 3087 2296 Ipse
3151 2225 3498 2280 infirmitates

1899 2326 2118 2370 nostras
2161 2317 2402 2386 suscepit
2449 2328 2504 2374 et
2552 2321 2772 2374 morbos
2823 2323 3080 2389 portavit.
3115 2341 3133 2373 ι
3169 2320 3404 2388 Vespere
3445 2331 3501 2375 et

1899 2412 2277 2481 intempestive
2307 2413 2591 2483 languidos
2623 2414 2985 2469 adducebant.
3021 2415 3142 2483 Ipse
3180 2427 3392 2480 autem,
3415 2427 3499 2466 ιιι-

1897 2516 2020 2574 pote
2053 2505 2383 2569 misericors,
2423 2507 2638 2560 curavit
2684 2521 2896 2562 omnes.
2923 2507 3125 2562 Deinde
3177 2523 3242 2561 ne
3289 2508 3500 2562 discre-

1898 2599 1995 2652 das
2042 2598 2314 2666 quomodo
2341 2608 2421 2651 tot
2453 2600 2670 2654 inorbos
2701 2611 2808 2654 tam
2845 2601 2994 2656 brevi
3036 2611 3282 2670 tempore
3337 2617 3507 2656 cura-.

1898 2691 2061 2753 verit,
2126 2687 2282 2745 aﬂ‘ert
2342 2690 2535 2744 Isaiam
2574 2704 2766 2748 testem
2808 2734 2821 2746 .
2879 2695 3093 2749 tametsi
3123 2694 3387 2765 prepheta
3431 2696 3498 2750 de

1901 2780 2140 2848 peccatis
2158 2783 2257 2834 hoc
2276 2782 2438 2846 dicat,
2464 2783 2748 2839 Matthaaus
2776 2795 2955 2839 autem
2979 2786 3045 2839 de
3067 2785 3273 2839 morbis
3296 2786 3497 2856 posuit,

1900 2885 1965 2926 eo
2005 2874 2152 2941 qttod
2184 2858 2433 2943 plerique
2479 2890 2548 2929 ex
2585 2879 2826 2946 peccatis
2857 2879 3133 2933 accidant.

1977 3135 2141 3192 Vens.
2193 3138 2282 3192 18.
2320 3157 2338 3188 r
2379 3139 2514 3192 Cum
2571 3141 2796 3195 vidisset
2860 3155 3041 3197 autem
3091 3139 3251 3197 Jt-sus
3316 3145 3502 3199 turluas

1904 3230 2102 3285 multas
2132 3233 2336 3285 circum
2369 3249 2507 3298 sese,
2541 3232 2704 3299 jussit
2735 3247 2790 3288 ttt
2825 3236 3039 3288 ahircut
3073 3237 3123 3287 iu
3184 3235 3499 3290 ulteri0rcm

1901 3325 2096 3391 ripam.
2133 3342 2152 3376 ι
2190 3321 2305 3376 Non
2337 3335 2452 3377 erat
2487 3324 2672 3394 gloria:
2692 3326 2975 3394 quaesitor,
3006 3337 3061 3380 et
3096 3342 3191 3395 pcr
3215 3327 3314 3380 hoc
3333 3328 3501 3381 etiam

1897 3413 2205 3468 Judteorum
2226 3415 2536 3468 declinabat
2562 3414 2848 3470 invidiam.

1979 3504 2146 3561 Vens.
2207 3508 2296 3570 l9,
2333 3508 2425 3563 ΞΟ.
2471 3527 2487 3558 ι
2535 3507 2596 3560 Ει
2649 3524 2770 3563 cum
2829 3511 3028 3566 adisset
3090 3530 3228 3568 unus
3286 3515 3501 3577 Srriha,

1898 3600 2037 3654 dixit
2063 3601 2112 3653 ei
2141 3619 2155 3666 ;
2195 3599 2528 3669 Praeceptor,
2562 3617 2761 3669 sequar
2789 3614 2842 3658 te
2896 3604 3224 3676 quocunque
3259 3610 3407 3664 ieris.
3438 3611 3506 3664 Et

1898 3695 2030 3749 dicit
2059 3676 2112 3748 ei
2153 3692 2315 3760 Iesus
2347 3711 2361 3747 :
2395 3695 2607 3762 Vulpes
2633 3695 2822 3750 foveas
2877 3696 3107 3763 lubent,
3141 3710 3198 3754 et
3255 3702 3502 3755 volucres

1897 3787 2022 3842 caeli
2059 3787 2259 3842 nidos:
2297 3797 2352 3840 at
2381 3785 2550 3842 Filius
2606 3789 2842 3842 hominis
2871 3806 2978 3844 nou
3009 3791 3173 3847 habet
3219 3795 3307 3848 ubi
3341 3805 3504 3863 caput

1897 3879 2147 3932 reclinet.
2197 3898 2216 3931 ι
2255 3877 2505 3933 Scribam
2560 3879 2716 3946 dicit,
2744 3880 2985 3934 litteram
3039 3884 3171 3953 legis
3205 3887 3498 3942 scientem.

1897 3969 1995 4025 llic
2041 3971 2208 4039 igitur
2249 3979 2308 4024 ut
2354 3970 2486 4024 vidit
2523 3971 2690 4025 multa
2745 3973 2924 4043 signa,
2964 3976 3268 4032 arbitratus
3309 3987 3396 4032 est
3427 3995 3496 4033 ex

1897 4063 1981 4116 his
2019 4061 2206 4118 .Jcsum
2269 4073 2533 4134 qurestum
2589 4061 2791 4129 facere,
2827 4075 2882 4119 et
2939 4067 3144 4121 idcirco
3182 4069 3394 4138 laborat
3436 4082 3500 4125 ut

1894 4169 2017 4210 eum
2083 4157 2235 4225 sequi
2295 4163 2502 4226 posset,
2538 4171 2647 4224 quo
2679 4163 2732 4208 et
2765 4156 2882 4224 ipse
2946 4157 3155 4226 aliquid
3187 4159 3498 4230 colligeret.

1893 4249 2146 4304 Christus
2179 4259 2383 4316 autem,
2425 4252 2737 4323 cogitationi
2767 4252 3217 4322 ejusoccurrens,
3250 4257 3404 4325 quasi
3450 4257 3504 4310 in

1899 4341 2045 4396 hunc
2065 4343 2288 4396 modum
2324 4343 2458 4397 dicit
2485 4361 2498 4396 :
2521 4346 2600 4396 Au
2631 4353 2794 4412 putas
2821 4360 2907 4399 me
2938 4347 3091 4414 sequi
3128 4355 3186 4399 ut
3218 4361 3349 4415 opes
3387 4347 3506 4399 col—

1899 4435 2074 4500 ligas?
2106 4451 2210 4489 non
2277 4435 2427 4490 vides
2489 4451 2555 4490 ne
2606 4437 2826 4492 domum
2875 4437 3099 4507 quidem
3163 4438 3294 4492 mihi
3341 4439 3506 4492 esse?

193 4551 506 4608 ἀκολουθῶν
539 4524 997 4620 ἐμοὶξχρήματα
1046 4541 1351 4608 συλλέγεινο
1382 4538 1480 4608 οὐχ
1525 4537 1657 4608 ὁρᾷς
1705 4536 1788 4588 ὅτι

1899 4524 2082 4581 Talem
2114 4542 2238 4583 esse
2296 4537 2514 4596 oportet
2550 4539 2606 4583 et
2645 4545 2771 4583 eum
2800 4531 2890 4598 qui
2937 4545 3023 4584 me
3075 4531 3344 4598 sequitur.
3381 4529 3506 4585 Ilzuc

195 4646 381 4708 ἇοικός
417 4645 570 4713 ειμις
610 4639 866 4703 Τοιοῦτος
899 4637 994 4691 καὶ
1028 4638 1056 4689 ό
1093 4630 1406 4687 ἀκολουθῶν
1457 4630 1582 4700 ἐμοὶ
1633 4628 1790 4696 ὀφεί-

195 4749 268 4794 λει
294 4734 460 4794 εἷναι.
491 4734 678 4790 Ταῦτα
712 4733 767 4787 δὲ
796 4731 982 4799 ἔλεγεν
1011 4728 1144 4782 ὡσεὶ
1172 4725 1339 4797 πείσῃ
1391 4723 1554 4776 αὺτὸν
1611 4738 1786 4790 μετα-

195 4831 464 4903 ϐληθέντα
488 4826 806 4884 ἀκολουθεῖν
843 4841 857 4855 ·
895 4823 923 4875 6
952 4823 1008 4875 δὲ
1041 4820 1336 4890 ἀναχωρεῖ.
1391 4815 1547 4878 Τινές
1570 4814 1626 4868 δὲ
1645 4813 1791 4868 ἀλώ-

194 4943 368 4986 πεκας
395 4925 490 4977 καὶ⁸
521 4919 766 4985 πετεινὰ,
788 4919 912 4982 τοὺς
940 4915 1203 4985 δαίμονας
1228 4912 1468 4981 λέγουσι.
1495 4910 1666 4978 Φησὶν
1695 4907 1790 4961 οὖν

193 5021 274 5073 ὅτι
307 5020 372 5072 Ol
405 5016 660 5084 δαίμονες
692 5013 750 5066 ὲν
777 5011 863 5064 σοὶ
907 5006 1307 5071 ἀναπαύονται,
1339 5001 1571 5073 κα“ι,²εγὼ
1601 5000 1792 5055 λοιπὸν

195 5110 291 5164 οὐκ
321 5109 433 5179 ἔχω
468 5109 524 5160 ὲν
549 5107 617 5175 τῇ
647 5105 712 5174 σῇ
732 5103 876 5173 ψυχῇ
895 5100 1236 5154 ἀνάπαυσιν.

272 5224 290 5256 ι
313 5205 543 5270 Ἕτερος
563 5199 619 5252 δὲ
638 5198 745 5251 τῶν
767 5194 1024 5266 μαθητῶν
1040 5190 1205 5246 αὐτοῦ
1223 5186 1375 5243 εἶπεν
1395 5186 1566 5258 αὐτῷ’
1592 5185 1790 5258 Κύριε,

199 5295 490 5366 επίτρεψόν
550 5310 640 5365 μοι
674 5291 891 5361 πρῶτον
921 5286 1181 5342 ἀπελθεῖν
1217 5285 1311 5338 καὶ
1334 5283 1503 5352 θάψαι
1527 5281 1618 5333 τὸν
1676 5297 1782 5332 πα-

201 5393 328 5464 τέρα
357 5409 484 5463 μου.
530 5387 590 5442 '0
621 5386 678 5439 δὶ
703 5382 912 5456 Ἰησοῦς
938 5377 1092 5434 εῐπεν
1120 5377 1290 5449 αὐτῷ’
1325 5373 1642 5429 Ἀκολούθει
1677 5390 1790 5444 μοι,

204 5487 293 5540 καὶ
329 5487 467 5554 ἄφες
498 5481 626 5544 τοὺς
656 5479 886 5548 νεκροὺς
912 5475 1083 5541 θάψαι
1106 5473 1234 5536 τοὺς
1255 5469 1466 5525 ἑαυτῶν
1485 5467 1736 5539 νεκρούς.
1771 5484 1788 5516 ι

202 5579 332 5634 Μεθ’
353 5579 382 5632 6
431 5575 593 5630 δώσει
619 5590 704 5636 τις
733 5570 928 5626 ἑαυτὸν
962 5568 1040 5640 τῷ
1069 5566 1216 5638 Θεῷ,
1248 5565 1350 5618 οὐκ
1380 5561 1589 5634 ὀφείλει
1633 5560 1795 5630 στρέ-

205 5670 395 5741 φεσθαι
419 5670 499 5733 εἰς
524 5666 595 5722 τὰ
620 5665 870 5739 βιωτικά.
903 5663 995 5716 Δεῖ
1039 5661 1140 5732 μὲν
1166 5662 1275 5731 γὰρ
1322 5659 1417 5712 καὶ
1446 5656 1576 5718 τοὺς
1610 5657 1792 5723 γονεῖς

205 5760 383 5829 τιμᾷν.
413 5755 551 5813 ἀλλά
577 5757 669 5810 τὸν
708 5753 843 5808 Θεὸν
895 5752 1192 5824 προτιμᾷν.
1280 5747 1554 5803 Ἐνταῦθα
1603 5745 1660 5798 δὲ
1700 5745 1795 5798 καὶ

208 5848 427 5915 ἄπιστος
471 5844 540 5923 ἦν
595 5849 624 5904 6
678 5846 868 5918 γονεὺς
901 5885 915 5911 ,
963 5844 1058 5900 καὶ
1093 5843 1274 5916 δῆλον,
1311 5843 1378 5897 ἐκ
1436 5838 1531 5896 τοῦ
1580 5837 1786 5908 λέγειν·

1896 4629 2076 4673 autem
2127 4617 2365 4682 dicebat,
2420 4634 2532 4688 quo
2585 4620 2938 4689 persuaderet
2993 4621 3095 4684 illi,
3163 4631 3220 4674 ut
3280 4620 3508 4676 mutatis

1896 4714 2140 4767 tnorihus
2169 4723 2496 4781 sequeretur
2539 4731 2552 4767 :
2591 4721 2647 4768 at
2681 4712 2775 4768 ille
2797 4714 3048 4768 secessit.
3087 4711 3348 4768 Nonnulli
3385 4713 3506 4767 vul-

1897 4819 1992 4875 pes
2023 4815 2077 4859 et
2106 4803 2344 4858 volatilia
2390 4804 2640 4860 diabolos
2686 4807 2876 4861 dicunt
2911 4823 2924 4860 :
2953 4806 3105 4873 quasi
3137 4806 3369 4870 diceret,
3395 4807 3508 4862 dte-

1904 4913 2093 4950 moues
2131 4898 2182 4950 in
2215 4907 2268 4953 te
2301 4897 2549 4952 habitant
2583 4907 2637 4953 et
2668 4912 2770 4968 ego
2806 4899 2862 4952 in
2896 4899 3077 4953 anima
3116 4910 3206 4952 tua
3262 4899 3503 4967 quietem

1897 5004 2008 5052 nun
2041 4997 2282 5053 invenio.

1914 5245 1928 5262 ο
1971 5179 2140 5237 Vsus.
2184 5179 2280 5242 2|,
2331 5179 2401 5234 22
2440 5198 2458 5231 ι
2511 5179 2666 5234 Alius
2715 5191 2898 5234 autem
2952 5194 3016 5233 ex
3066 5175 3344 5246 discipulis
3389 5177 3508 5232 suis

1901 5276 2037 5330 dixit
2069 5277 2115 5331 ei
2160 5296 2174 5329 :
2216 5275 2465 5338 Domine,
2494 5274 2749 5343 permitte
2799 5272 2930 5327 mihi
2962 5271 3199 5340 primum
3249 5271 3402 5324 abire
3450 5280 3510 5322 ιιι

1895 5367 2156 5438 sepeliam
2185 5375 2396 5435 patrem
2421 5381 2621 5418 meum.
2645 5368 2712 5418 At
2742 5362 2901 5419 Jcsus
2930 5363 3068 5417 dixit
3102 5361 3176 5415 illi
3211 5378 3223 5414 :
3259 5361 3506 5426 Sequere

1899 5475 2005 5524 me,
2033 5469 2086 5512 et
2125 5460 2242 5513 sine
2282 5467 2528 5511 mortuos
2555 5455 2785 5524 sepelire
2816 5463 3062 5509 mortuos
3093 5466 3244 5506 suos.
3285 5468 3303 5502 ι
3337 5447 3499 5504 Post-

1898 5566 2060 5621 quam
2116 5550 2206 5620 qui
2259 5564 2381 5604 scse
2414 5547 2697 5602 tradiderit
2727 5547 2857 5612 Deo,
2885 5561 2990 5600 non
3017 5545 3174 5600 debet
3219 5540 3398 5597 denuo
3431 5541 3500 5595 ad

1899 5645 2021 5699 vita:
2080 5643 2238 5714 hujus
2268 5656 2430 5696 curas
2460 5638 2702 5695 couVerti
2733 5657 2746 5693 :
2779 5645 2995 5708 Oportet
3033 5648 3163 5690 sane
3194 5643 3248 5687 et
3295 5647 3499 5701 paren-

1900 5749 1979 5792 tes
2014 5736 2288 5804 venerari,
2323 5735 2417 5790 sed
2437 5733 2609 5804 magis
2642 5741 2860 5801 oportet
2889 5729 3134 5784 venerari
3170 5726 3360 5781 Deum.
3389 5723 3500 5776 llu-

1895 5833 1984 5904 jus
2024 5838 2204 5887 autem
2247 5839 2400 5900 pater
2429 5825 2741 5884 incredulus
2776 5832 2915 5890 erat,
2950 5819 3094 5890 quod
3149 5817 3498 5874 manifestum
