4080 6336
303 388 415 452 2ἓ5

961 374 1412 442 ENARRA'LIO
1454 373 1534 435 1N
1567 349 1902 435 EVANGEI

2008 366 2078 428 Μ
2128 363 2518 428 ΜᾹΤΤΗΑΞῙ.
2545 386 2616 400 -
2641 361 2800 425 CAP.
2843 361 2949 423 IX.

3495 356 3604 421 2:26

303 503 404 575 τὴν
438 498 741 572 ύπερΰολὴν
772 497 868 569 τῆς
899 495 1100 566 κακίας
1127 492 1329 557 αὐτῶν,
1364 492 1439 562 μὴ
1479 490 1769 560 ἀναμεῖναι
1795 486 1887 540 τὸν

2008 481 2137 554 ιυοά
2171 479 2560 537 existimabant
2585 477 2888 542 Christum,
2918 489 3022 530 non
3055 471 3317 528 ferentem
3367 471 3602 528 immen-

306 594 500 664 καιρὸν
532 593 632 662 τῆς
652 592 928 655 κολάσεῖυς
949 607 961 621 ο
995 591 1133 660 ὅπερ
1167 587 1270 640 οὐκ
1293 585 1440 639 ἐστιν
1475 601 1489 615 ο
1527 582 1630 646 ἕως
1665 582 1774 653 γὰρ
1791 580 1892 652 τῆς

310 686 627 750 συντελείας
651 683 851 740 ἐῶνται
880 683 1136 739 παλαίειν
1160 681 1324 751 ἡμῖν.

387 882 407 916 s
445 858 556 918 Ἦν
584 861 644 920 δὲ
677 861 900 933 μακρὰν
927 858 1023 914 ἀπ’
1055 857 1236 912 αὐτῶν
1254 856 1424 926 ἀγέλη
1452 855 1652 925 χοίρων
1683 851 1895 906 πολλῶν

309 954 618 1030 βοσκομάνη
649 970 663 984 ·
697 954 747 1008 oi
773 953 829 1007 δὲ
853 953 1102 1022 δαίμονες
1125 947 1474 1020 παρεκάλουν
1509 945 1694 1008 αὑτὸν,
1716 944 1895 1011 λέγον-

305 1066 422 1116 τεςο
456 1048 519 1102 El
553 1046 1018 1117 ἐκϐάλλειςὴμᾶς,
1047 1041 1340 1114 ἐπίτρεψον
1372 1041 1502 1109 ἡμῖν
1532 1037 1786 1103 ἀπελθεῖν
1814 1038 1895 1100 είς

304 1143 406 1216 τὴν
423 1142 624 1212 ἀγέλην
638 1139 745 1194 τῶν
766 1142 984 1211 χοίρων.
997 1137 1106 1190 Kal
1121 1129 1274 1188 εἶπεν
1293 1133 1496 1196 αὐτοῖς·
1517 1130 1809 1196 Ὑπάγετε.
1827 1126 1890 1181 Oi

305 1235 366 1289 δέ
419 1232 727 1300 ἐξελθόντες
749 1227 989 1299 ἀπῆλθον
1022 1229 1101 1290 είς
1124 1227 1223 1296 τὴν
1241 1223 1447 1294 ἀγέλην
1475 1222 1582 1276 τῶν
1605 1220 1828 1292 χοίρων.
1868 1239 1888 1272 ι

308 1325 373 1380 Ol
403 1325 502 1396 μὲν
529 1324 783 1395 δαίμονες
821 1319 1085 1382 αίτοῦσιν,
1117 1318 1192 1381 ὡς
1219 1317 1312 1382 ἂν,
1353 1317 1479 1378 τοὺς
1523 1313 1742 1385 χοίρους
1770 1313 1893 1366 πνί-

311 1416 527 1482 ξαντες,
559 1414 844 1484 λυπήσωσι
905 1410 1031 1472 τοὺς
1071 1406 1342 1468 δεσπότας
1394 1401 1764 1470 αύτῶν,ὥστε
1819 1400 1895 1471 μὴ

308 1504 720 1580 παραδέξασθαι
744 1502 836 1557 τὸν
865 1499 1122 1572 Χριστόν.
1165 1497 1224 1552 '0
1253 1497 1310 1551 δὲ
1357 1495 1592 1568 Χριστὸς
1624 1493 1897 1564 σνχχωρεί

308 1603 424 1663 τοῖς
445 1598 685 1670 δαίμοσι,
714 1593 978 1649 δεικνύων
1034 1590 1193 1644 ποίαν
1241 1590 1472 1660 πικρίαν
1516 1587 1705 1658 ἔχουσι
1759 1586 1896 1657 πρὸς

306 1693 440 1756 τοὺς
471 1684 818 1762 ἀνθρώπους,
850 1686 946 1740 καὶ
979 1686 1088 1748 ὅτι,
1120 1681 1452 1748 είλέξουσίαν
1481 1674 1626 1750 εἶχον
1654 1676 1748 1731 καὶ
1796 1678 1896 1732 ούκ

310 1770 847 1853 ἐκωλύοντο,χεῖρον
899 1776 1104 1832 ἀντῶν
1149 1774 1348 1846 χοίρων
1396 1770 1636 1825 διέθεντο
1685 1769 1834 1839 ἡμᾶς
1877 1784 1892 1798 ο

2009 590 2100 631 sas
2153 574 2391 643 ipsorum
2444 562 2697 635 malitias,
2745 585 2850 623 non
2904 562 3348 636 exspectaturum
3391 575 3604 635 tempus

2007 667 2438 737 suppliciorum;
2469 664 2520 718 id
2545 667 2687 732 quod
2721 678 2826 716 non
2845 671 2963 716 est:
3002 675 3125 714 nam
3161 673 3332 728 usque
3366 662 3431 713 ad
3465 674 3601 712 con-

2004 761 2425 818 summationetn
2481 757 2663 811 mundi
2710 759 2970 810 sinuntur
3008 764 3222 808 certare
3287 754 3594 807 nobiseum.

2074 853 2239 909 Vens.
2273 851 2463 907 50—52.
2506 870 2523 903 ι
2567 850 2695 903 Erat
2748 859 2926 902 autem
2958 847 3144 918 procul
3199 846 3266 900 ab
3318 845 3423 900 illis
3467 861 3598 914 grex

2006 963 2293 1019 porcorum
2343 945 2636 999 multorum
2670 957 2938 1012 pascens;
2972 941 3247 994 dwmoncs
3282 950 3462 992 autem
3509 952 3602 991 ro-

2003 1040 2343 1109 gabanteum
2382 1037 2626 1090 dicentes
2658 1051 2671 1087 :
2699 1033 2754 1088 Si
2798 1033 2949 1102 ejicis
2978 1045 3099 1095 nos.
3137 1029 3394 1101 permitte
3443 1030 3602 1084 nobis

2004 1140 2063 1186 ut
2097 1144 2286 1186 eamus
2316 1130 2368 1182 in
2403 1143 2620 1199 gregem
2677 1139 2986 1196 porcorum.
3014 1122 3080 1178 Et
3122 1124 3199 1178 ait
3230 1122 3374 1176 illis:
3403 1123 3590 1176 Abite.

2002 1222 2080 1278 Illi
2107 1236 2233 1278 vero
2273 1219 2478 1291 egressi
2532 1219 2786 1273 abierunt
2845 1215 2898 1272 in
2955 1214 3172 1287 gregem
3231 1230 3595 1284 porcorum.)

2004 1317 2285 1371 Daznioues
2317 1323 2529 1384 petunt,
2567 1322 2625 1367 ut
2685 1311 2768 1367 vel
2825 1310 3106 1366 suliocatis
3160 1310 3340 1382 porcis
3398 1310 3604 1365 contri-

2003 1418 2149 1465 stent
2176 1409 2426 1463 dominos
2452 1406 2688 1470 illorum,
2720 1415 2779 1459 ut
2825 1419 2894 1460 ne
2931 1404 3208 1460 Christum
3236 1404 3598 1474 susciperent.

2003 1502 2255 1557 Christus
2311 1511 2492 1554 autem
2548 1499 2800 1555 concedit
2833 1497 3172 1553 daemonibus
3221 1514 3236 1552 :
3286 1508 3600 1552 monstrans

2004 1609 2108 1665 qua
2137 1593 2500 1647 amaritudine
2519 1602 2572 1647 et
2600 1592 2725 1648 odio
2752 1606 2879 1660 erga
2905 1592 3153 1646 homines
3177 1590 3445 1656 ferantur,
3477 1600 3528 1646 et
3551 1589 3599 1646 si

2003 1695 2244 1758 potestas
2271 1685 2352 1742 eis
2394 1686 2642 1752 daretur,
2694 1693 2749 1738 et
2808 1699 2914 1738 non
2969 1684 3413 1753 prohiberentur,
3443 1683 3599 1754 pejus

2006 1793 2106 1834 nos
2141 1793 2301 1848 quam
2335 1791 2532 1848 porcos
2563 1777 2689 1832 illos
2747 1773 3071 1846 aﬂiigerent.
3135 1774 3252 1847 ipse
3307 1777 3452 1832 enim
3503 1792 3599 1833 cit-

310 1878 520 1940 ικεῖνος
561 1875 671 1947 γάρ
728 1873 989 1942 φυλάττει
1047 1869 1174 1934 τοὺς
1212 1866 1611 1940 δαιμονῶντας,
1637 1863 1779 1918 ὥστε
1819 1862 1897 1936 μὴ

2008 1869 2164 1927 stodit
2186 1870 2572 1935 daemoniacos,
2605 1885 2674 1925 ne
2703 1871 2914 1940 seipsos
2936 1857 3219 1923 occidant.

312 1970 563 2042 φονεύειν
590 1969 839 2031 ἑαυτούς.

390 2082 410 2116 ι
433 2065 542 2118 Kal
560 2064 669 2118 ίδοὺ
700 2062 929 2135 ὥρμησε
958 2061 1110 2114 πᾶσα
1141 2044 1371 2128 η’ἀγέλη
1403 2055 1513 2110 τῶν
1541 2054 1742 2126 χοίρων
1761 2054 1902 2106 κατά

307 2157 408 2212 τοῦ
436 2154 683 2228 κρημνοῦ
710 2155 791 2218 είς
819 2153 919 2225 τὴν
954 2151 1252 2216 Θάλασσαν,
1276 2150 1372 2203 καὶ
1401 2147 1676 2201 ἀπέθανον
1696 2148 1755 2199 ἐν
1784 2146 1897 2208 τοῖς

312 2249 528 2304 ὕδασιν.
563 2250 627 2302 Οἱ
654 2247 712 2302 δέ
748 2245 1038 2317 βόσκοντες
1061 2243 1287 2312 ἔφυγον,
1315 2243 1411 2295 καὶ
1440 2237 1770 2300 ἀπελθόντες
1818 2236 1898 2299 εἰς

308 2341 414 2412 τὴν
454 2340 630 2404 πόλιν,
664 2337 1005 2408 ἀπήγγειλαν
1045 2336 1245 2398 πάντα,
1292 2332 1386 2386 καὶ
1419 2331 1488 2384 τά
1515 2329 1624 2383 τῶν
1651 2331 1900 2398 δαιμονι-

311 2432 584 2502 ζομένων.
609 2430 719 2486 Kal
752 2429 861 2483 ίδοὺ
892 2429 1042 2483 πᾶσα
1076 2427 1110 2498 ἠ
1140 2425 1296 2489 πόλις
1331 2421 1558 2494 ἐξῆλθεν
1582 2424 1664 2485 είς
1699 2420 1897 2474 συνάν-

307 2540 474 2596 τησιν
513 2523 589 2595 τῷ
631 2519 832 2594 Ἰησοῦ,
856 2521 953 2574 καὶ
1009 2519 1210 2582 ίδόντες
1246 2516 1435 2580 αὑτὸν,
1495 2513 1896 2586 παρεκάλεσαν,

309 2617 464 2681 ὅπως
494 2614 705 2688 μεταὸῇ
739 2613 850 2669 ἀπὸ
881 2613 991 2667 τῶν
1023 2612 1188 2683 ὁρίων
1219 2609 1421 2664 αὐτῶν.
1474 2627 1492 2660 ι
1523 2607 1896 2678 Λυπηθέντες,

313 2714 418 2765 καὶ
452 2710 708 2777 δόξαντες
734 2707 914 2780 χεῖρόν
948 2724 1000 2760 τι
1042 2705 1178 2777 μετά
1233 2703 1406 2757 ταῦτα
1454 2702 1666 2767 παθεῖν,
1700 2717 1899 2771 παραι-

305 2803 540 2857 Ἰιτοῡνιιςαι
574 2803 759 2856 αὐτόν.
789 2802 861 2855 Σὺ
893 2801 949 2854 δὲ
984 2799 1147 2870 μάθε,
1179 2799 1260 2852 ὅτι
1288 2797 1417 2850 ἔνθα
1469 2794 1734 2866 χοιρὼδης
1760 2792 1898 2864 βίος,

313 2896 346 2949 ό
373 2894 608 2966 Χριστὸς
632 2895 731 2966 μὶν
763 2893 825 2949 ού
859 2893 1009 2964 μένει
1031 2892 1167 2959 ἐκεῖ,
1186 2891 1438 2961 δαίμονες
1460 2889 1537 2943 δέ.

923 3127 1173 3181 ΚΕΦΑΛ.
1209 3125 1287 3178 6’.

2075 2049 2241 2105 Vens.
2267 2047 2356 2113 33,
2392 2048 2481 2103 '54.
2519 2067 2536 2100 ι
2569 2046 2634 2101 Ει
2659 2064 2787 2105 ecce
2820 2048 3102 2106 ferebatur
3135 2061 3279 2106 tatus
3299 2065 3430 2121 grex
3465 2066 3596 2119 por-

2003 2154 2192 2194 corum
2230 2156 2326 2209 per
2358 2153 2599 2209 praeceps
2624 2140 2683 2194 in
2722 2155 2896 2208 mare,
2925 2151 2982 2196 et
3024 2143 3303 2214 perierunt
3326 2144 3378 2197 in
3417 2145 3595 2214 aquis.

2002 2233 2175 2290 Porro
2205 2233 2297 2305 qui
2331 2234 2647 2306 pascebant,
2685 2232 3034 2306 aufugerunt,
3063 2246 3115 2291 et
3148 2235 3382 2305 digressi
3416 2237 3467 2288 in
3500 2235 3585 2290 ci-

2002 2327 2248 2394 vitalem,
2276 2326 2725 2382 renuntiaverunt
2774 2329 2980 2392 omnia,
3014 2337 3069 2383 et
3120 2329 3251 2399 quid
3307 2327 3599 2383 accidisset

2000 2417 2375 2475 dremoniacis.
2417 2419 2483 2475 Et
2517 2433 2645 2475 ecce
2673 2429 2789 2476 tota
2822 2421 3016 2477 civitas
3042 2420 3152 2494 42
3184 2421 3352 2476 exivit
3387 2421 3441 2475 in
3499 2434 3596 2476 oc-

2002 2523 2224 2564 cursum
2245 2507 2374 2564 Jesu
2420 2527 2433 2564 :
2473 2518 2528 2565 et
2597 2524 2720 2564 cum
2759 2510 3028 2566 vidissent
3097 2513 3277 2582 illum,
3336 2511 3601 2581 rogabant

2002 2608 2059 2654 ut
2082 2599 2369 2654 decederet
2401 2614 2431 2653 a
2465 2599 2664 2655 finibus
2690 2601 2827 2659 suis.
2872 2619 2892 2654 ι
2926 2600 3182 2656 Tristitia
3209 2600 3386 2656 all'ecti
3416 2612 3598 2668 erant,

2000 2699 2055 2744 et
2111 2690 2507 2744 existimabant
2557 2704 2615 2744 se
2646 2692 2873 2760 gravius
2922 2691 3179 2760 quiddam
3228 2705 3512 2760 passuros,
3543 2701 3601 2745 et

2005 2783 2127 2837 ideo
2150 2784 2586 2853 deprecabantur
2613 2797 2760 2838 eum.
2804 2782 2886 2837 Tu
2912 2795 3094 2837 autem
3133 2784 3282 2837 disce
3333 2784 3476 2853 quod
3509 2781 3605 2839 ..ω

2002 2886 2087 2930 est
2126 2877 2232 2930 vita
2267 2878 2515 2945 porcina,
2544 2877 2616 2932 ibi
2657 2893 2764 2932 non
2814 2885 2995 2932 manet
3054 2862 3323 2944 Christus,
3357 2877 3452 2931 sed
3484 2877 3604 2931 dia-

2003 2968 2180 3023 holus.

2630 3124 2860 3182 CAPUT
2898 3124 2987 3181 IX.

313 3240 584 3319 Περίξοξ
605 3241 1038 3319 παραλυτικοῇ.
1073 3244 1212 3319 ιζερι
1252 3239 1360 3319 τοᾷ
1380 3241 1710 3319 Ματθαίογ.
1763 3238 1901 3306 Περὶ

2008 3240 2088 3296 De
2130 3241 2450 3319 parqiytico.
2484 3242 2562 3296 De
2592 3242 2831 3319 Matt/imi
2854 3242 3146 3319 vocatione.
3179 3238 3254 3296 De
3282 3239 3599 3319 ⁸,ςοίυ-αιονὶε

387 3315 497 3368 τοῦ
536 3312 827 3381 Σωτῆρος
856 3312 1008 3381 μετὰ
1065 3311 1185 3364 τῶν
1241 3311 1519 3364 τελωνῶν
1565 3311 1900 3376 ἐσθίοντος.

393 3381 664 3453 Ιιερίτᾶς
700 3385 992 3450 θυγατρὸς
1039 3383 1561 3453 ἀρχισυναγώγου.
1606 3382 1756 3453 Περί
1791 3381 1903 3453 τῆς

393 3450 851 3523 αίῂορῤοούσης.
878 3455 1013 3521 Περὶ
1048 3454 1164 3523 των
1198 3452 1309 3506 δύο
1334 3451 1597 3522 τυφλῶν.
1627 3451 1762 3518 Περὶ
1797 3450 1902 3503 τοῦ

393 3522 879 3594 δαιμονιζομένου
898 3522 1124 3592 κωφοῦ.

397 3655 419 3692 s
455 3639 563 3692 Kal
591 3638 766 3708 ἐμϐὰς
807 3640 884 3702 είς
939 3638 1000 3692 τὸ
1025 3637 1230 3701 πλοῖον,
1266 3636 1558 3708 διεπόρασε
1602 3636 1696 3691 καὶ
1740 3631 1906 3708 ἦλθεν

313 3733 403 3795 εἰς
453 3730 552 3801 τὴν
606 3730 743 3784 ἰδίαν
797 3730 974 3784 πόλιν.
1031 3730 1144 3784 Kal
1203 3730 1316 3784 ίδοὺ
1372 3730 1712 3800 προσέφερον
1756 3725 1907 3796 αύτῷ

315 3807 693 3896 παραλυτικὸν
743 3825 836 3878 ἐπὶ
873 3816 1059 3891 κλίνης
1113 3822 1470 3895 βεελημένον.
1532 3841 1550 3873 ι
1610 3821 1767 3874 Ἰδίαν
1810 3820 1908 3873 πό-

315 3919 406 3974 λιν
456 3916 554 3986 τὴν
591 3917 967 3987 Καπερναοὺμ
1008 3915 1178 3985 λέγει,
1212 3916 1332 3969 ἐκεῖ
1376 3914 1486 3985 γὰρ
1503 3912 1638 3985 ᾤκει
1670 3929 1684 3943 ·
1729 3915 1762 3985 ἡ
1805 3914 1906 3984 μὲν

317 4007 434 4077 γὰρ
491 4005 738 4077 Βηθλεὲμ
792 4006 978 4058 ἔτεκεν
1014 4045 1030 4071 ,
1086 4006 1122 4077 ἠ
1185 4003 1244 4057 δὲ
1299 4003 1558 4076 Ναζαρὲτ
1629 4003 1857 4076 ἔθρεψεν
1890 4044 1906 4070 ,

315 4099 353 4169 ἡ
397 4097 454 4150 δὲ
513 4097 889 4168 Καπερναοὺμ
921 4090 1034 4165 εἶχε
1081 4095 1348 4166 διηνεκῶς
1399 4096 1678 4148 οἰκοῦντα.
1753 4093 1812 4150 Ὀ
1850 4095 1908 4148 δὲ

319 4187 638 4259 παράλυτος
690 4181 872 4260 οὗτος,
922 4186 1107 4258 ἕτερός
1183 4189 1302 4240 ἐστι
1354 4188 1505 4257 παρὰ
1561 4187 1652 4241 τὸν
1711 4187 1768 4239 ὲν
1830 4186 1909 4257 τῷ

331 4283 579 4354 Ἰωάννῃ·
616 4281 957 4360 ἐκεῖνος”μέν
1015 4280 1337 4351 γαίῃ-παρά
1391 4283 1456 4350 τῇ
1501 4276 1810 4351 προϐατικῇ
1851 4281 1909 4334 ἐν

335 4375 718 4448 Ἰερουσαλὴμ,
760 4368 914 4437 οὗτος
961 4374 1038 4436 δὲ,
1088 4379 1138 4426 ὲν
1166 4371 1562 4444 Καπερναούμ.
1587 4372 1696 4426 Kal
1739 4374 1768 4426 ό
1808 4373 1909 4444 μὲν

318 4469 424 4524 ούκ
445 4465 587 4538 εῖχεν
623 4466 935 4537 ἄνθρωπον,
969 4460 1123 4530 οὗτος
1167 4465 1224 4518 δὲ
1271 4466 1373 4518 ὑπὸ
1400 4465 1682 4535 τεσσάρων
1707 4464 1909 4535 βαστάο

2081 3312 2358 3381 rcfrctiona
2391 3330 2510 3367 cum
2560 3313 2878 3382 publicanis.
2907 3313 2980 3365 De
3040 3313 3155 3380 [ilia
3210 3312 3462 3394 principis
3509 3330 3601 3436 εὖ·

2081 3398 2319 3436 ιιαοοοω.
2373 3385 2446 3436 De
2493 3385 2910 3436 hmmorrltousa.
2956 3382 3030 3436 De
3051 3383 3257 3436 duobus
3291 3400 3466 3436 (εει-ιε.
3576 3399 3601 3436 e

2080 3398 2319 3452 stagogw.
2373 3385 2446 3437 De
2493 3385 2910 3438 ha'morrltottsa.
2956 3382 3030 3437 De
3051 3383 3257 3438 duobus
3291 3386 3466 3438 cacis.
3525 3382 3603 3436 De

2076 3458 2240 3507 surdo
2258 3454 2609 3508 dtemoniaco.

2093 3636 2246 3691 iens.
2266 3637 2315 3702 l,
2340 3638 2392 3692 2.
2423 3660 2441 3690 ι
2464 3636 2531 3692 Et
2554 3639 2832 3708 ingressus
2857 3653 3089 3705 navem,
3121 3639 3338 3710 trajecit
3357 3653 3423 3694 ac
3452 3639 3603 3694 venit

2008 3730 2062 3784 in
2088 3744 2245 3785 suam
2277 3730 2577 3785 civitatem.
2621 3729 2686 3784 Et
2719 3746 2849 3787 ecce
2908 3732 3254 3786 adduxerunt
3306 3731 3384 3786 illi
3439 3747 3607 3802 para-

2007 3824 2227 3893 iyticum
2283 3824 2341 3878 in
2386 3823 2526 3878 lecto
2560 3825 2998 3880 dccumbentem.
3042 3845 3061 3878 ι
3121 3824 3290 3879 Suam
3321 3827 3601 3880 civitatem

2008 3915 2346 3986 Capernaum
2401 3915 2570 3982 dicit;
2600 3915 2708 3971 illic
2733 3917 2876 3970 enim
2931 3917 3216 3983 habitabat
3244 3935 3257 3970 :
3286 3914 3601 3971 Bethlcltem

2009 4010 2155 4063 enim
2174 4007 2402 4078 peperit,
2424 4006 2698 4062 Nazareth
2715 4007 3345 4078 educavit,Capernaum
3374 4009 3608 4076 praebuit

2009 4100 2364 4156 domicilium.
2399 4102 2745 4171 Paralyticus
2777 4109 2957 4156 autem
2990 4102 3092 4157 iste
3130 4102 3273 4156 alius
3307 4111 3394 4156 est
3438 4115 3604 4170 quam

2013 4193 2060 4246 is
2089 4190 2178 4260 qui
2209 4193 2352 4261 apud
2384 4189 2675 4246 Joannem.
2707 4191 2803 4246 llle
2833 4193 2981 4247 enim
3001 4201 3122 4246 erat
3167 4195 3234 4246 ad
3259 4193 3600 4263 probaticam

2013 4283 2068 4338 in
2120 4280 2447 4347 Jerusalem,
2484 4283 2572 4336 hic
2634 4291 2817 4357 autem
2883 4284 2939 4336 in
2989 4283 3360 4352 Capernaum.
3401 4281 3468 4336 Et
3514 4281 3608 4336 ille

2013 4369 2230 4444 quidem
2261 4388 2366 4428 non
2399 4373 2588 4428 habuit
2638 4375 2936 4440 hominem,
2971 4376 3058 4430 hic
3084 4385 3267 4430 autem
3310 4391 3340 4429 a
3372 4385 3608 4444 quatuor

2017 4475 2282 4534 portatur,
2308 4466 2448 4519 sicut
2482 4463 2693 4519 Marcus
2720 4466 2875 4530 dicit,
2910 4474 2965 4520 et
2991 4461 3098 4534 per
3131 4475 3329 4519 tectum
3363 4467 3605 4520 demitti-

319 4560 501 4626 ζεται,
531 4561 605 4622 ὡς
641 4559 912 4628 ὁΜάρκος
939 4558 1127 4626 φησὶν,
1160 4556 1301 4610 ὥστε
1346 4557 1440 4609 καὶ
1474 4555 1561 4610 διὰ
1588 4555 1689 4627 τῆς
1709 4556 1902 4626 στέγης

2018 4566 2105 4610 tur
2150 4574 2162 4610 :
2198 4557 2340 4625 quod
2397 4571 2425 4608 a
2455 4553 2711 4610 Matthazo
2772 4557 3229 4626 praetermissum.
3271 4573 3291 4607 ι
3361 4554 3606 4625 Cumque

321 4651 684 4723 χαλασθῆναι,
739 4651 877 4720 ὅπερ
915 4651 942 4702 ό
999 4648 1278 4710 Ματθαίος
1326 4647 1678 4718 παρέλειψεν.
1736 4666 1755 4699 ε
1801 4649 1911 4701 Kal

324 4742 454 4797 ίδὼν
482 4745 510 4797 ὁ
552 4740 758 4813 Ἰησοῦς
785 4741 885 4812 τὴν
937 4741 1121 4793 πίστιν
1176 4739 1380 4795 αὐτῶν.
1422 4758 1441 4792 ι
1476 4740 1548 4792 Ἢ
1585 4739 1693 4794 τῶν
1737 4756 1912 4812 προσ-

322 4835 692 4904 ενεγκάντων,
717 4835 813 4887 καὶ
854 4831 964 4904 γὰρ
986 4833 1244 4894 πολλάκις
1267 4833 1354 4886 διά
1377 4834 1477 4903 τὴν
1519 4832 1631 4886 τῶν
1678 4850 1914 4906 προσφε-

329 4927 536 4998 ρόντων
586 4925 770 4978 πίστιν
822 4923 1254 4995 θαυματουργεί,
1283 4921 1316 4994 ἢ
1349 4921 1446 4975 καὶ
1472 4921 1638 4975 αὑτοῦ
1663 4922 1900 4976 ἐκείνου.

330 5040 350 5074 ι
377 5016 510 5072 Eine
532 5018 610 5088 τῷ
637 5015 1017 5090 παραλυτικῷ
1041 5014 1497 5090 Θάρσει,,τέκνον,
1522 5015 1798 5084 ἀφέωνταί
1830 5033 1912 5069 σοι

326 5114 388 5168 al
410 5111 676 5182 ἁμαρτίαι
706 5126 823 5164 σου.
859 5109 1105 5180 ›,Τέκνον
1132 5106 1309 5171 καλεῖ,
1341 5106 1375 5178 ἢ
1403 5106 1476 5170 ὡς
1501 5106 1727 5176 πλάσμα
1752 5107 1909 5172 Θεοῦ,

329 5201 367 5272 ἢ
399 5201 474 5261 ὡς
506 5195 900 5252 πιστεύσαντα·
938 5197 1151 5260 δεικνὺς
1174 5197 1252 5263 δὲ,
1281 5197 1364 5250 ὅτι
1396 5197 1630 5267 μάλιστα
1673 5198 1707 5267 ὴ
1735 5198 1914 5268 παράσ-

326 5296 486 5357 λυσις
517 5291 577 5358 ἐξ
600 5291 908 5364 ἁμαρτιῶν,
936 5290 1052 5344 λύει
1080 5291 1297 5362 πρῶτον
1323 5289 1558 5353 ἐκείνας.

410 5407 431 5442 s
459 5387 568 5443 Kal
592 5385 702 5440 ίδού
725 5402 869 5449 τινες
883 5383 991 5437 τῶν
1010 5383 1389 5455 Γραμματέων
1418 5378 1572 5436 εἷπον
1591 5383 1647 5434 ἐν
1670 5383 1909 5446 ἐαυτοῖςο

331 5477 505 5544 Οὗτος
537 5477 872 5550 βλασφημεῖ.
896 5475 1008 5531 Kal
1042 5475 1163 5529 ίδὼν
1182 5478 1210 5528 ό
1234 5474 1440 5547 Ἰησοῦς
1458 5475 1558 5536 τάς
1587 5475 1914 5546 ἐνθυμήσεις

332 5574 537 5641 αὐτῶν,
571 5567 723 5626 εἶπεν
759 5587 775 5604 ο
809 5570 928 5624 Ἵνα
958 5569 1010 5622 τί
1039 5569 1197 5640 ὑμεῖς
1237 5567 1557 5639 ἐνθυμεῖσθε
1607 5569 1822 5638 πονηρὰ
1855 5571 1914 5620 ὲν

333 5670 456 5732 sai;
489 5665 743 5735 καρδίαις
779 5663 966 5736 ύμῶν;
997 5663 1062 5715 Τί
1091 5663 1200 5732 γάρ
1253 5664 1401 5714 ἐστιν
1431 5662 1811 5730 εὐκοπώτερον
1834 5663 1914 5713 εἰ-

333 5764 483 5827 πεῖν,
521 5758 824 5828 Ἂφέωνταί
847 5774 939 5812 σου
961 5757 1018 5810 αἱ
1045 5754 1390 5827 ἀμαρτίαι,ῆ
1425 5757 1623 5819 εἰπεῖν,
1659 5754 1913 5827 Ἐγειραι

334 5855 431 5913 atal
459 5855 784 5925 περιπάτιι;
833 5870 852 5905 ι
899 5851 995 5905 Ἐκ
1028 5849 1122 5906 τοῦ
1158 5849 1270 5921 τὰς¹
1302 5848 1628 5922 ἐνθυμήσεις
1684 5849 1909 5914 είδέναι,

2019 4647 2243 4703 vidisset
2265 4645 2423 4702 Jesus
2451 4647 2611 4702 tidem
2644 4646 2883 4703 illorum.
2928 4665 2948 4699 ι
2982 4649 3091 4702 Aut
3119 4663 3307 4702 eorum
3333 4649 3423 4716 qui
3472 4647 3607 4703 alie-

2017 4739 2230 4805 rebant,
2280 4739 2548 4810 siquidem
2610 4737 2928 4809 frequenter
2982 4750 3203 4809 propter
3261 4740 3606 4796 alierentium

2015 4831 2175 4886 iidem
2207 4831 2467 4886 miracula
2497 4829 2630 4886 facit
2662 4849 2675 4886 :
2710 4841 2803 4886 aut
2828 4831 2972 4886 illius
3000 4832 3164 4886 etiam
3194 4832 3380 4902 ipsius.
3419 4851 3436 4884 ι
3465 4833 3610 4888 Dixit

2015 4922 2353 4993 paralytico:
2385 4922 2634 4988 Conlide,
2682 4923 2787 4991 lili;
2818 4924 3172 4979 remittuntur
3231 4925 3324 4977 tibi
3385 4934 3606 4994 peccata

2019 5028 2132 5073 tua.
2173 5035 2192 5069 ι
2229 5015 2424 5071 Filium
2458 5026 2634 5082 vocat,
2678 5017 2759 5070 vel
2791 5027 3100 5072 creaturam
3133 5015 3252 5082 Dei,
3284 5018 3366 5070 vel
3400 5029 3604 5072 uteutn

2019 5110 2112 5181 qui
2139 5110 2478 5174 crediderat;
2509 5109 2795 5163 declarans
2823 5119 3002 5163 autem
3032 5111 3174 5179 quod
3205 5109 3492 5180 paralysis
3537 5123 3607 5165 ex

2018 5201 2257 5270 peccatis
2284 5208 2453 5263 esset,
2484 5200 2720 5267 primum
2747 5209 2966 5269 peccata
3003 5198 3189 5253 solvit.

2086 5381 2388 5439 Vans.3-5.
2419 5401 2436 5435 ι
2466 5383 2530 5436 Ει
2550 5398 2680 5440 ecce
2707 5381 2911 5440 Scriba
2933 5383 3154 5454 quidam
3178 5385 3431 5440 dixerunt
3466 5387 3606 5440 intra

2015 5479 2344 5546 semetipsos
2375 5497 2388 5532 :
2415 5477 2899 5548 llichlasphemat.
2935 5476 3001 5532 Et
3054 5457 3121 5533 ut:
3141 5479 3279 5534 vidit
3323 5479 3485 5534 Jesus
3513 5495 3606 5532 co.

2015 5571 2307 5640 gitatinnes
2343 5571 2577 5635 illorum,
2611 5572 2744 5625 dixit
2789 5589 2801 5625 :
2843 5571 3045 5643 thuid
3092 5590 3186 5629 vos
3264 5571 3400 5625 mala
3460 5573 3606 5642 cogi-

2019 5665 2145 5718 tatis
2202 5665 2252 5717 in
2302 5667 2558 5720 cordibus
2595 5667 3010 5733 vestris?'Qnid
3069 5667 3213 5721 enim
3261 5677 3345 5721 est
3395 5665 3609 5721 facilius

2018 5759 2184 5825 dictu,
2207 5757 2581 5814 “emittuntur
2611 5759 2703 5814 tibi
2733 5773 2952 5829 peccata
2974 5771 3085 5827 tua,
3106 5777 3173 5815 an
3207 5761 3407 5825 dicere,
3434 5759 3607 5828 Surge

2018 5862 2072 5907 ct
2109 5852 2327 5908 ambula
2359 5852 2382 5907 ?
2419 5872 2438 5906 ι
2482 5852 2579 5909 γει
2616 5868 2681 5909 ex
2712 5855 2815 5911 hoc
2852 5855 2996 5926 quod
3041 5856 3398 5927 cogitationes
3437 5855 3607 5909 resci-
