4080 6336
1488 391 2072 456 Tl-IEOPIIYLACTI
2101 394 2527 458 'BULGARL‘E
2574 398 2930 461 ARCHIEP.

3770 411 3875 477 233

643 501 744 562 vit,
777 499 1017 556 ostendit
1051 517 1107 554 εε-
1143 502 1326 556 Deum.
1368 501 1562 574 Arguit
1611 508 1774 578 igitur
1829 527 1923 566 eos
1947 513 2119 567 ferme
2141 518 2183 566 si

2288 553 2294 572 ,
2324 512 2598 567 δείκνυσιν
2630 515 2820 568 ἑαυτὸν
2842 516 2992 569 Θεὸν.
3041 515 3281 589 Ἐλέγχει
3325 520 3454 588 γοῦν
3497 524 3704 592 αὐτοὺς
3735 527 3901 597 λέγων

643 590 831 645 dicens
871 606 884 644 :
925 589 1033 645 Vos
1083 591 1299 661 quidem
1357 595 1560 663 putatis
1614 614 1701 655 me
1731 601 2122 673 blasphemum,
2154 619 2183 657 e

2323 601 2546 656 τοιαῦτα
2580 620 2596 636 ·
2639 604 2832 675 Ὑμεῖς
2867 606 2965 676 μὲν
3006 607 3257 678 νομίζετέ
3309 628 3379 682 με
3435 589 3898 688 βλάσφηιλονίώς

643 684 787 750 quod
817 680 1073 750 pollicear
1105 699 1189 737 me
1213 686 1506 751 ‘remittere
1533 700 1777 759 peccata,
1828 693 1878 746 id
1911 695 2052 762 quod
2103 709 2217 748 ma-

639 789 797 843 gnum
823 773 1040 841 quidem
1077 783 1160 828 est
1199 792 1212 841 ;
1252 776 1467 831 videtur
1500 791 1678 834 autem
1732 783 1884 837 vobis
1936 788 2076 852 quod
2116 801 2216 854 ego

638 879 732 930 per
781 864 884 919 hoc
935 864 1186 935 effugium
1254 883 1489 938 quaeram
1555 884 1612 926 ut
1668 890 1774 928 non
1830 876 2213 945 reprehendar.

639 953 748 1020 Ego
783 955 942 1022 igitur
965 965 1018 1010 et
1072 970 1136 1010 ex
1179 959 1423 1027 corporis
1463 976 1592 1016 cura
1641 963 1796 1018 tidem
1853 967 2004 1022 vobis
2074 967 2213 1023 facio

634 1043 775 1108 quod
803 1045 1012 1098 animas
1049 1061 1274 1102 sancm:
1318 1047 1420 1104 Per
1480 1067 1592 1105 rem
1651 1054 1914 1110 minorem
1966 1057 2208 1128 quidem,

634 1134 725 1186 sed
753 1150 874 1202 qua:
901 1135 1166 1192 dilIicilior
1192 1141 1458 1208 videatur,
1486 1143 1818 1202 confirmans
1849 1156 1902 1203 et
1949 1161 2205 1218 peccato-

634 1233 809 1278 torum
835 1229 1230 1293 remissionem,
1257 1248 1374 1301 qua:
1401 1249 1591 1304 magna
1622 1238 1841 1304 quidem
1870 1247 1974 1308 est,
2001 1241 2093 1296 sed
2127 1241 2208 1296 fa-

634 1314 787 1369 cilior
819 1318 969 1374 vobis
991 1321 1218 1384 videtur,
1251 1337 1313 1375 eo
1347 1326 1486 1390 quod
1519 1326 1700 1381 minus
1724 1342 2002 1398 appareat.

707 1404 868 1461 Vens.
894 1407 1009 1462 6-8.
1036 1425 1056 1459 ι
1086 1409 1160 1465 Ut
1191 1421 1367 1466 autem
1391 1414 1725 1485 sciatisqnod
1759 1429 2076 1488 potestatem
2107 1422 2205 1477 ha-

631 1497 748 1551 beat
776 1497 945 1554 Filius
967 1500 1201 1556 hominis
1222 1518 1382 1572 super
1415 1515 1612 1562 terram
1649 1511 1928 1567 remittere
1956 1524 2198 1582 peccata,

630 1599 754 1641 tunc
774 1589 903 1643 dicit
940 1592 1259 1662 paralytico,
1289 1595 1462 1667 Surge
1495 1614 1510 1652 :
1538 1610 1590 1654 et
1633 1601 1757 1654 tolle
1790 1603 1983 1658 lectum
2021 1615 2197 1673 tuum,

625 1685 680 1729 ct
704 1679 836 1732 vade
887 1679 937 1733 in
965 1680 1183 1736 domum
1238 1693 1406 1739 tuam.
1455 1686 1814 1760 Surrexitque
1858 1695 1946 1750 ille
1992 1707 2044 1750 et
2068 1699 2200 1753 abiit

626 1770 679 1824 in
709 1771 927 1827 domum
950 1790 1126 1832 suam.
1162 1777 1228 1832 Et
1250 1793 1370 1833 cum
1393 1782 1656 1836 vidissent
1691 1785 1892 1853 tnrbzr,
1916 1791 2197 1845 admiratae

2316 697 2693 768 ὑποσχόμενον
2722 700 2940 767 ἀφιέναι
2963 702 3264 771 ἁμαρτίας,
3297 705 3438 777 ὅπερ
3463 709 3610 778 μέγα
3640 713 3742 782 μέν
3764 713 3897 766 ἐστι·

2316 791 2525 843 δοκεῖτε
2563 791 2620 844 δέ
2646 808 2714 862 με
2735 793 2814 856 εἰς
2849 793 3006 846 τοῦτο
3036 796 3405 865 καταφεύγειν
3435 799 3511 862 ὡς
3537 801 3606 855 ἂν
3635 802 3711 872 μὴ
3748 803 3899 872 ἐλεγ-

2316 879 2450 948 χθῶ.
2530 879 2670 948 Ἐγὼ
2715 881 2772 935 δέ
2827 883 2892 935 ἐκ
2945 883 3046 952 τῆς
3121 883 3214 936 τοῦ
3295 886 3544 959 σώματος
3607 884 3903 962 θεραπείας

2315 973 2657 1045 πιστώσομαι
2688 975 2781 1027 καὶ
2825 973 2924 1044 τὴν
2955 975 3053 1044 τῆς
3094 975 3298 1050 ψυχῆς,
3331 980 3421 1034 διὰ
3465 982 3562 1037 τοῦ
3611 984 3900 1051 ἐλάττονος

2315 1063 2437 1132 μὲν,
2467 1064 2872 1138 δυσκολωτέρου
2900 1065 2960 1121 δέ
2996 1065 3304 1135 δοκοῦντος,
3345 1071 3583 1139 βεϐαιῶν
3637 1077 3732 1130 καὶ
3799 1079 3897 1149 τὴν

2310 1154 2419 1210 τῶν
2445 1157 2736 1227 ἁμαρτιῶν
2789 1158 3006 1228 ἄφεσιν,
3035 1159 3157 1228 ἧτις
3177 1162 3387 1235 μεγάλη
3412 1165 3531 1236 μὲν,
3553 1167 3898 1242 εὖκολωτέρα

2307 1245 2364 1298 δὲ
2403 1247 2533 1317 ὑμῖν
2563 1246 2715 1302 δοκεῖ
2730 1250 2819 1304 διὰ
2848 1250 2908 1304 τὸ
2931 1249 3142 1320 ἀφανὴς
3165 1245 3326 1309 εῐναι,

2382 1452 2401 1486 ι
2427 1433 2545 1487 Ἵνα
2562 1433 2619 1486 δέ
2641 1434 2838 1503 εἰδῆτε,
2864 1435 2948 1488 ὅτι
2972 1433 3221 1500 ἐξουσίαν
3247 1437 3359 1508 ἔχει
3377 1439 3407 1492 6
3428 1439 3552 1500 Υἱὸς
3573 1440 3667 1495 τοῦ
3695 1443 3898 1514 ἀνθρω-

2303 1542 2406 1578 που
2424 1526 2515 1580 ἐπὶ
2534 1526 2750 1595 τῆςξγῆς
2769 1527 2986 1597 ἀφιέναι
2999 1529 3294 1600 ἁμαρτίας,
3314 1530 3434 1583 τότε
3451 1525 3597 1600 λέγει
3618 1534 3698 1604 τῷ
3714 1551 3898 1608 παρα-

2301 1612 2520 1685 λυτικιῖν
2563 1615 2876 1685 Ἐγερθεὶς,
2910 1613 3044 1689 ἆρόν
3083 1635 3177 1672 σου
3197 1623 3296 1690 τὴν
3335 1620 3544 1692 κλίνην,
3572 1624 3667 1676 καὶ
3716 1623 3897 1696 ὕπαγε

2301 1709 2383 1768 εἰς
2420 1707 2512 1760 τὸν
2561 1703 2712 1762 οἶκόν
2761 1725 2876 1763 σου.
2911 1710 3024 1763 Καὶ
3057 1711 3328 1780 ἐγερθεὶς,
3360 1713 3604 1784 ἀπῆλθεν
3653 1719 3734 1781 εις
3804 1719 3896 1772 τὸν

2302 1793 2452 1851 οἶκον
2498 1798 2687 1852 αὑτοῦ.
2731 1799 2952 1863 Ἰδόντες
2969 1799 3026 1853 δὲ
3043 1800 3092 1853 οῖ
3117 1799 3263 1871 ὄχλοι
3296 1801 3631 1874 ἐθαύμασαν,
3655 1808 3752 1859 καὶ
3777 1807 3894 1861 ἐδό-

623 1872 747 1915 sunt
768 1865 1280 1934 etglorilicaverunt
1304 1869 1491 1935 Deum,
1525 1874 1616 1941 qui
1673 1875 1821 1930 dedit
1883 1881 2183 1938 hominibus

2302 1888 2470 1954 ξασαν
2504 1887 2596 1942 τὸν
2628 1888 2761 1944 Θεὸν
2805 1889 2898 1944 τὸν
2935 1862 3104 1945 δόντα
3149 1862 3410 1957 ,ἐξουσίαν
3434 1862 3726 1967 ’τοιαύτην
3775 1903 3892 1963 τοῖς

625 1960 951 2019 potestatem
991 1956 1171 2013 talem.
1212 1978 1229 2010 ι
1262 1959 1501 2030 lnjunxit
1530 1965 1578 2018 ei
1618 1977 1675 2018 ut
1707 1967 1904 2022 lectum
1937 1982 2195 2040 gestaret,

626 2050 684 2096 ut
741 2057 810 2096 ne
855 2043 1136 2113 phantasia
1175 2048 1443 2117 videatur,
1473 2063 1526 2107 et
1576 2066 1632 2109 ut
1664 2058 1831 2113 turbae
1871 2063 2053 2127 simul,
2080 2079 2200 2134 quae

623 2134 914 2190 maximum
953 2139 1169 2206 quidem
1223 2145 1490 2211 omnium,
1519 2161 1709 2214 purum
1731 2158 1908 2206 tamen
1925 2152 2195 2210 hominetn

620 2224 898 2292 putabant,
924 2228 1251 2283 miraculum
1281 2231 1616 2290 intueantur.

694 2303 855 2370 Vsus.
891 2317 975 2372 9.t
1004 2318 1070 2373 Et
1102 2325 1415 2389 pi-mteriens
1436 2322 1595 2381 Jesus
1619 2326 1726 2399 43
1757 2329 1924 2398 illinc,
1947 2334 2077 2389 vidit
2102 2336 2197 2390 ho-

621 2407 814 2461 minem
833 2413 1105 2464 sedentem
1136 2413 1187 2466 in
1209 2413 1427 2481 telonio,
1449 2419 1537 2484 qui
1562 2419 1843 2478 blatthazus
1861 2426 2139 2483 dicebatur
2170 2448 2185 2485 :

617 2506 672 2549 et
720 2497 850 2551 dicit
909 2501 1007 2564 illi,
1035 2500 1275 2572 Sequere
1326 2521 1430 2560 me.
1460 2506 1525 2562 Et
1565 2526 1798 2580 surgens
1846 2529 2064 2573 secutus
2113 2533 2195 2575 est

615 2602 760 2641 eum.
794 2607 812 2638 ι
838 2587 1092 2646 Noncum
1135 2593 1291 2649 Petro
1321 2607 1375 2651 et
1407 2595 1618 2654 Joanne
1642 2603 1786 2659 hunc
1825 2611 2064 2674 vocavit,
2098 2613 2192 2668 sed

614 2681 829 2746 quando
864 2682 998 2736 vidit
1027 2683 1552 2755 obtemperaturum.
1601 2695 1692 2748 Sic
1723 2708 1776 2749 et
1819 2697 2043 2755 Paulum
2084 2719 2180 2758 vo-

612 2772 754 2824 cavit
780 2782 962 2841 postea
998 2789 1098 2829 suo
1130 2787 1392 2846 tempore.
1453 2782 1738 2840 Adtnirare
1791 2800 1967 2844 autem
2026 2807 2193 2847 evan-

612 2862 879 2930 gelistam,
911 2871 1188 2935 quomodo
1218 2872 1380 2926 vitam
1435 2890 1588 2929 suam
1618 2879 1884 2949 invulgat,
1941 2888 2189 2949 quamvis

612 2953 701 3006 alii
732 2971 927 3010 nomen
949 2956 1068 3026 ejus
1091 2962 1458 3032 OCCultarunt,
1499 2983 1621 3022 eum
1671 2973 1998 3039 appellantes
2038 2975 2188 3034 Levi.

610 3043 706 3098 Dei
737 3055 916 3101 autem
948 3065 1081 3119 opus
1115 3051 1237 3121 fuit,
1267 3055 1381 3111 solo
1403 3060 1566 3114 verbo
1599 3076 1720 3114 eum
1754 3067 2019 3121 converti.

681 3225 840 3282 Vsus.
881 3230 962 3296 l0,
996 3229 1084 3288 ll.
1127 3253 1146 3286 ι
1188 3235 1252 3290 Ει
1291 3237 1489 3294 factum
1517 3254 1597 3300 est
1626 3247 1719 3303 illo
1753 3254 2099 3308 recumbente
2124 3255 2175 3309 in

605 3317 786 3384 domo,
821 3335 947 3377 ecce
987 3325 1137 3379 multi
1173 3330 1440 3396 publicani
1468 3345 1522 3388 et
1545 3349 1860 3405 peccatores
1891 3356 2176 3414 venerunt,

606 3417 658 3462 et
694 3410 1054 3468 recubuerunt
1084 3432 1204 3470 cum
1233 3417 1357 3475 Jesu
1386 3433 1440 3477 et
1463 3423 1743 3498 discipulis
1779 3433 1916 3502 ejus.
1949 3436 2015 3492 Et
2049 3410 2172 3494 enni

607 3497 870 3555 vidissent
918 3503 1203 3570 Pharisaii,
1251 3511 1506 3570 dixerunt
1543 3497 1824 3592 discipulis
1866 3528 2024 3598 ejus:
2067 3530 2178 3586 Cur

607 3605 726 3644 cum
758 3595 1055 3661 publicanis
1085 3611 1138 3654 et
1180 3609 1558 3670 peccatoribus
1591 3617 1757 3670 sumit
1800 3595 1977 3674 cibum
2039 3641 2171 3692 prm-

605 3695 790 3752 ceptor
817 3691 1024 3776 vester?
1067 3709 1085 3742 ι
1122 3692 1376 3753 Gaudeus
1411 3699 1691 3760 Mattheus
1725 3712 1868 3776 quod
1904 3716 1968 3768 ad
2004 3691 2062 3769 se
2090 3717 2174 3771 di-

601 3774 851 3828 vertisset
897 3774 1074 3845 Jesns,
1107 3781 1424 3848 publicanos
1461 3788 1598 3844 alios
1652 3774 1884 3852 vocavit.
1928 3798 2174 3856 Christus

598 3873 779 3918 autem
809 3867 967 3921 simul
1005 3873 1323 3929 vescebatur
1352 3893 1472 3934 cum
1519 3881 1617 3948 eis,
1659 3896 1717 3938 ut
1762 3888 1842 3942 eis
1875 3894 2152 3959 prodesset

600 3958 815 4011 tametsi
859 3973 1077 4031 propter
1114 3967 1215 4021 hoc
1257 3969 1396 4026 tnale
1431 3975 1664 4030 audiret.
1703 3958 1962 4036 Pharisaei
1994 3985 2169 4051 enim,

599 4045 840 4102 volentes
876 4053 1165 4121 discipulos
1197 4058 1263 4111 ab
1300 4075 1366 4114 eo
1410 4065 1639 4121 avellere
1663 4109 1676 4132 ,
1713 4073 2039 4129 accusabant
2073 4092 2170 4143 pu-

600 4137 926 4194 blicanorum
953 4148 1274 4205 convivium.

669 4227 830 4286 Vens.
863 4234 1048 4300 l2,l5.
1090 4260 1107 4291 ι
1144 4239 1326 4310 Jesus,
1357 4248 1839 4318 ubiaudivit,dixit
1874 4260 2012 4316 illis:
2048 4263 2164 4322 Non

594 4334 730 4388 opus
778 4323 974 4378 habent
1027 4328 1062 4381 ii
1103 4331 1192 4400 qui
1235 4335 1431 4402 valent,
1485 4341 1714 4410 medico,
1758 4348 1851 4400 sed
1890 4351 2028 4406 male
2070 4355 2164 4408 ha-

597 4412 804 4466 bet-tes.
839 4412 910 4468 lle
939 4429 1136 4488 autem,
1161 4435 1212 4477 et
1239 4426 1424 4483 discite
1468 4433 1594 4501 quid
1621 4437 1713 4491 sit.
1741 4436 2160 4502 Misericordiam

599 4500 741 4565 volo,
785 4513 837 4554 et
879 4521 981 4558 non
1030 4513 1378 4570 sacriliciutu.
1429 4500 1546 4576 Non
1594 4527 1736 4581 enim
1801 4534 1917 4585 veni
1968 4552 2031 4586 vo

591 4590 783 4658 justus,
814 4598 905 4648 sed
938 4609 1251 4665 peccatores
1289 4612 1354 4660 ad
1377 4613 1772 4676 penitentiam.
1818 4639 1836 4672 ι
1874 4621 1988 4677 Non
2023 4631 2165 4694 veni,

598 4681 790 4748 inquit,
811 4699 950 4738 nunc
966 4697 1218 4758 tanquam
1233 4693 1420 4763 judex,
1457 4703 1547 4754 sed
1579 4711 1636 4757 ut
1659 4707 1898 4764 medicus
1923 4727 1937 4764 :
1959 4719 2098 4769 unde
2115 4681 2169 4770 ei

596 4770 842 4826 faetorem
874 4774 1010 4833 fero.
1043 4779 1231 4850 Arguit
1265 4797 1441 4843 autem
1486 4791 1604 4848 illos
1650 4806 1707 4850 ut
1750 4797 2052 4870 imperitos,
2087 4807 2167 4858 di-

592 4876 743 4932 cens,
778 4863 876 4931 lte,
905 4880 957 4923 et
986 4873 1200 4942 discite,
1233 4877 1336 4933 hoc
1363 4891 1466 4947 est,
1497 4885 1619 4953 quia
1654 4863 1917 4948 hactenus
1945 4911 2049 4949 non
2081 4897 2168 4952 di-

590 4957 820 5026 dicistis,
857 4963 934 5016 vel
980 4966 1168 5021 saltem
1218 4986 1366 5027 nunc
1392 4975 1465 5031 ite
1495 4985 1550 5031 et
1593 4981 1803 5050 discite,
1843 4991 1987 5056 quod
2022 4989 2166 5046 Deus

591 5051 760 5119 pluris
795 5052 920 5108 facit
955 5058 1377 5117 misericordiam
1414 5068 1466 5120 in
1505 5084 1837 5140 peccatores,
1878 5096 2037 5147 quam
2074 5100 2164 5137 sa-

592 5145 872 5199 criftcinm.
917 5147 1066 5214 Quod
1113 5165 1292 5208 autem
1338 5157 1487 5224 dicit,
1538 5159 1652 5217 Non
1689 5171 1804 5222 veni
1854 5145 2045 5228 voeare
2076 5177 2164 5246 jn-

592 5243 726 5300 stos,
785 5252 879 5305 per
915 5240 1138 5295 ironiam
1177 5247 1327 5311 dicit,
1371 5249 1470 5304 hoc
1499 5263 1604 5318 est,
1641 5270 1751 5323 vos,
1784 5264 1871 5325 qui
1897 5240 2165 5331 jnstiliea-

592 5326 659 5379 tis
692 5327 1043 5400 vosmetipsos
1075 5351 1087 5387 :
1120 5340 1241 5404 quia
1283 5339 1464 5395 nullus
1507 5343 1783 5402 hominum
1821 5326 1938 5406 erat
1962 5357 2161 5425 justus.

595 5415 746 5471 Venit
795 5421 957 5490 igitur
1001 5440 1195 5484 vocare
1250 5443 1588 5504 peccatores,
1642 5455 1746 5495 non
1798 5455 1854 5498 ut
1911 5464 2161 5508 maneant

588 5523 916 5582 peccatores,
948 5517 1040 5572 sed
1071 5529 1128 5575 ut
1160 5523 1503 5595 resipiscant.

658 5710 730 5778 ιη)

584 5794 725 5834 “0.1;.

2300 1980 2628 2052 ἀνθρώποις.
2657 2000 2674 2034 ι
2710 1982 3050 2054 Προσέταξεν
3081 1983 3228 2054 αὐτῷ
3249 1986 3347 2058 τὴν
3382 1987 3569 2060 κλίνην
3597 1988 3890 2059 βαστάσαι,

2301 2072 2389 2125 ῖνα
2432 2075 2505 2144 μὴ
2545 2075 2820 2142 φαντασία
2841 2074 2992 2147 δόξῃ,
3027 2077 3121 2130 καὶ
3170 2078 3284 2149 ἅμα
3317 2079 3403 2134 ἵνα
3428 2081 3611 2136 ἴδωσιν
3660 2083 3710 2136 οἱ
3742 2082 3892 2155 ὄχλοι

2298 2165 2359 2216 τὸ
2416 2168 2658 2234 σημεῖον,
2705 2167 2755 2219 οῖ
2813 2167 2890 2231 ὡς
2940 2168 3095 2238 ψιλὸν
3147 2170 3247 2241 μέν
3280 2172 3568 2243 ἄνθρωπον
3624 2177 3881 2248 ἐνόμιζον

2296 2257 2481 2319 αὐτὸν,
2509 2259 2796 2328 κρείττονα
2854 2261 3045 2332 μέντοι
3076 2266 3312 2319 πάντων.

2375 2366 2395 2401 ι
2427 2351 2539 2403 Καὶ
2577 2353 2845 2420 παράγων
2868 2356 2896 2408 6
2935 2355 3141 2426 Ἰησοῦς
3169 2357 3399 2426 ἐκεῖθεν,
3429 2356 3570 2415 εἶδεν
3595 2361 3890 2434 ἄνθρωπον

2297 2436 2612 2506 καθήμενον
2660 2442 2756 2492 ἐπὶ
2813 2441 2874 2494 τὸ
2931 2442 3209 2510 τελώνιον,
3242 2449 3521 2503 Ματθαῖον
3559 2452 3884 2522 λεγόμενον,

2297 2528 2391 2581 καὶ
2411 2529 2568 2598 λέγει
2596 2531 2767 2600 αὐτῷ*
2801 2531 3115 2589 Ἀκολούθει
3143 2555 3255 2608 μοι.
3272 2541 3382 2594 Καὶ
3401 2543 3640 2608 ἀναστὰς
3665 2545 3889 2616 ἠκολού-

2297 2617 2463 2690 θησεν
2489 2622 2657 2694 αὐτῷ,
2696 2643 2716 2676 ι
2746 2625 2821 2677 Οὐ
2857 2627 2998 2694 μετὰ
3022 2627 3230 2700 Πέτρου
3249 2631 3342 2683 καὶ
3393 2624 3644 2688 Ἰωάννου
3689 2638 3884 2693 τοῦτον

2294 2710 2579 2778 ἐκάλεσεν,
2610 2714 2724 2766 ἀλλ’
2763 2715 2852 2768 ὅτε
2905 2716 3022 2788 ᾔδει
3067 2721 3523 2794 πεισθησὸμενον.
3578 2726 3736 2783 Οῦτω
3766 2729 3880 2800 γὰρ

2293 2804 2386 2856 καὶ
2414 2804 2626 2859 Παῦλον
2662 2807 2922 2862 ἐκάλεσεν
2955 2809 3185 2883 ὕστερον
3242 2815 3329 2869 ὅτε
3365 2818 3556 2889 καιρὸς
3613 2815 3705 2891 ἦν.
3735 2823 3883 2878 8.26-

2295 2912 2467 2964 μασον
2512 2896 2567 2949 δὲ
2629 2899 2721 2952 τὸν
2778 2900 3196 2976 εὑαγγελιστὴν,
3252 2908 3370 2972 πῶς
3420 2912 3880 2982 ἐκπομπεύειτῦν

2291 2987 2484 3040 ἐαυτοῦ
2513 2988 2647 3058 βίον,
2674 2991 2850 3047 καίτοι
2879 2996 2928 3046 oi
2959 2996 3109 3051 ἄλλοι
3133 2999 3374 3070 ἔκρυψαν
3404 3003 3464 3056 τὸ
3484 3004 3654 3074 ὄνομα
3682 3006 3880 3074 αὐτοῦ,

2291 3077 2424 3131 Λευτ
2453 3083 3000 3154 προσαγορεύσαντες
3035 3091 3197 3144 αὐτόν
3235 3108 3248 3123 ’
3281 3091 3417 3147 Θεοῦ
3470 3096 3527 3150 δέ
3566 3097 3749 3168 ἔργον,
3800 3099 3878 3170 τῷ

2217 3200 2255 3258 c
2289 3166 2433 3238 λόγῳ
2466 3172 2611 3243 μόνῳ
2654 3180 3032 3248 μεταστρέψαι
3055 3181 3241 3236 αὐτόν.

2365 3278 2382 3311 ι
2412 3262 2521 3314 Καὶ
2558 3264 2774 3332 ἐγένετο
2806 3260 2970 3322 attito-3
3005 3271 3368 3343 ἀνακειμένου
3398 3277 3456 3331 ἐν
3484 3280 3548 3349 τῇ
3576 3279 3749 3352 οἰκίᾳ,
3781 3285 3878 3335 καὶ

2289 3349 2399 3403 ἰδοὺ
2426 3353 2605 3407 πολλοὶ
2620 3357 2847 3412 τελῶναι
2872 3361 2967 3413 καὶ
2999 3363 3336 3436 ἁμαρτωλοὶ,
3370 3369 3618 3432 ἐλθόντες
3669 3349 3874 3429 σ-ιινιτν⁸

2284 3444 2492 3499 ἐκειντο
2511 3447 2586 3517 τῷ
2615 3450 2789 3520 Ἰησοῦ
2817 3456 2911 3506 καὶ
2937 3457 3049 3519 τοῖς
3111 3459 3377 3530 μαθηταῖς
3399 3465 3586 3518 αὐτοῦ·
3611 3468 3704 3519 καὶ
3739 3469 3876 3522 [86;-

2282 3551 2373 3598 τες
2406 3538 2454 3589 οἱ
2485 3539 2787 3608 Φαρισαῖοι,
2829 3539 2983 3598 εἷπον
3020 3550 3132 3611 τοῖς
3175 3551 3448 3622 μαθηταῖς
3485 3557 3675 3610 αὑτοῦ·
3713 3559 3874 3615 Διατί

2287 3628 2424 3696 μετὰ
2449 3629 2555 3682 τῶν
2583 3632 2828 3686 τελωνῶν
2857 3638 2952 3690 καὶ
2989 3640 3327 3709 ἁμαρτωλῶν
3360 3645 3532 3699 ἐσθίει
3559 3651 3586 3700 6
3611 3649 3875 3705 διδάσκα-

2284 3716 2372 3780 λος
2407 3719 2589 3788 ὑμῶν;
2635 3741 2651 3771 ι
2682 3723 3122 3797 Εὐφραινόμενος
3147 3733 3173 3784 6
3203 3733 3479 3799 Ματθαῖος
3507 3741 3572 3809 τῇ
3608 3739 3702 3791 τοῦ
3733 3742 3873 3814 Χρι-

2284 3808 2409 3861 στοῦ
2435 3811 2691 3883 ὑποδοχῇ,
2731 3817 2856 3880 τοὺς
2885 3817 3124 3883 τελώνας
3152 3824 3400 3889 ἐκάλεσε,
3441 3834 3789 3886 συνεστιᾶται
3815 3834 3873 3888 δὲ

2281 3899 2464 3963 αὐτοῖς
2497 3903 2525 3954 6
2563 3904 2820 3975 Χριστὸς,
2871 3908 3010 3963 ὥστε
3046 3912 3328 3985 ὠφελῆσαι
3361 3919 3581 3987 αὐτοὺς,
3635 3923 3740 3976 κᾶν
3780 3925 3870 3978 διὰ

2277 3991 2435 4044 τοῦτο
2464 3993 2726 4063 ἐψέγετο·
2750 4000 2800 4052 oi
2828 4002 2935 4075 γὰρ
2959 4005 3271 4075 Φαρισαῖοι,
3298 4008 3542 4075 θέλοντες
3559 4015 3870 4086 ἀποστῆσαι

2276 4082 2440 4136 αὐτοῦ
2479 4087 2604 4151 τοὺς
2631 4082 2899 4161 μαθητὰς,
2942 4094 3219 4150 διέϐαλλον
3260 4101 3360 4167 τὴν
3396 4104 3536 4172 μετά
3564 4106 3670 4159 τῶν
3693 4082 3866 4162 τελωο

2209 4194 2223 4206 ·
2275 4176 2382 4228 νῶν
2419 4181 2785 4238 συνεστίασιν.

2350 4287 2367 4320 ι
2422 4272 2479 4324 '0
2516 4275 2571 4328 δὲ
2619 4276 2824 4346 Ἰησοῦς
2855 4281 3117 4347 ἀκούσας,
3154 4280 3306 4341 εἷπεν
3336 4290 3541 4356 αὐτοῖς·
3571 4294 3647 4346 Οὐ
3672 4297 3866 4367 χρείαν

2273 4360 2484 4431 ἔχουσιν
2515 4369 2563 4419 οῖ
2602 4369 2881 4439 ἰσχύοντες
2916 4376 3120 4446 ἰατροῦ,
3157 4380 3273 4433 ἀλλ’
3317 4384 3366 4435 οἱ
3398 4385 3584 4451 κακῶς
3617 4360 3860 4458 ἔχοντες.

2274 4455 2633 4526 Πορευθέντες
2663 4461 2718 4512 δὲ
2751 4464 2950 4531 μάθετε
2990 4467 3041 4519 τί
3084 4470 3201 4522 ἐστι
3235 4473 3317 4524 τόο
3359 4473 3546 4528 Ἐλεον
3579 4455 3737 4546 θέλω,
3771 4484 3868 4537 καὶ

2037 4555 2160 4594 care
2202 4567 2240 4620 ι)
2268 4548 2325 4598 οὐ
2347 4549 2553 4604 θυσίαν.
2575 4551 2650 4606 Οὺ
2673 4553 2777 4625 γὰρ
2795 4552 2956 4626 ἦλθον
2983 4561 3208 4616 καλέσαι
3233 4564 3492 4633 δικαίους,
3516 4572 3651 4626 ἀλλὰ
3673 4575 3863 4647 ἁμαρ-

2261 4639 2462 4703 τωλοὺς
2490 4644 2569 4704 εἰς
2603 4648 2910 4713 μετάνοιαν.
2951 4671 2969 4702 ι
3019 4654 3135 4709 Οὐκ
3178 4653 3361 4725 ἦλθον,
3425 4664 3581 4731 φησὶ,
3638 4666 3735 4718 νῦν
3786 4667 3862 4731 ὡς

2267 4731 2484 4802 κριτὴς,
2512 4734 2628 4787 ἀλλ’
2658 4738 2732 4799 ὡς
2764 4741 2972 4812 ἰατρὸς,
3001 4739 3121 4798 ὅθεν
3145 4749 3238 4801 καὶ
3261 4751 3526 4817 δυσωδίας
3557 4755 3856 4827 ἀνέχομαι.

2269 4821 2509 4892 Ἐλέγχει
2540 4827 2596 4879 δὲ
2627 4831 2822 4894 αὐτοὺς
2850 4836 2941 4887 καὶ
2964 4835 3038 4900 ὡς
3064 4840 3316 4909 ἀμαθεῖς,
3340 4844 3536 4912 λέγων·
3561 4821 3862 4920 Πορέῦθὲν-

2263 4929 2357 4978 τες
2393 4918 2616 4985 μάθετε,
2651 4924 2953 4990 τουτέστιν,
2987 4931 3107 4983 ἐπεὶ
3140 4933 3302 5004 μέχρι
3334 4935 3429 4989 τοῦ
3456 4938 3551 4992 νῦν
3578 4941 3678 4994 οὐκ
3719 4945 3862 5012 ὲμάο

2268 5005 2410 5071 θετε,
2447 5011 2548 5064 κᾶν
2588 5014 2694 5067 ἀπὸ
2719 5016 2811 5069 τοῦ
2843 5019 2936 5072 νῦν
2965 5023 3228 5078 ἀπέλθετε
3274 5032 3366 5081 καὶ
3401 5031 3624 5100 μάθετε,
3652 5036 3734 5087 ὅτι
3767 5038 3862 5089 τὸν

2270 5101 2350 5160 εἰς
2390 5103 2514 5165 τοὺς
2558 5105 2921 5177 ἁμαρτωλοὺς
2962 5113 3110 5168 ἔλεον
3149 5125 3393 5192 προτιμᾷ
3435 5125 3543 5178 τῶν
3586 5128 3786 5183 θυσιῶν
3833 5131 3861 5183 6

2266 5189 2417 5254 636;.
2447 5193 2519 5245 T6
2547 5195 2622 5259 δέ,
2653 5199 2766 5251 υὺκ
2798 5196 2962 5270 ἦλθον
3007 5207 3229 5264 καλέσαι
3272 5189 3533 5281 δικαίους,
3567 5222 3861 5290 εἰρωνευό-

2265 5299 2424 5353 μενος
2465 5285 2636 5352 λέγει,
2669 5293 2951 5346 τουτέστιν
2992 5297 3136 5364 ὑμᾶς
3180 5303 3306 5366 τοὺς
3347 5305 3692 5373 δικαιοῦντας
3724 5314 3858 5366 ἐαυ-

2264 5375 2409 5438 τοὺς,
2445 5379 2568 5430 ἐπεὶ
2590 5381 2768 5445 οὐδεὶς
2797 5383 2906 5437 τῶν
2927 5387 3227 5460 ἀνθρώπων
3249 5397 3366 5448 εστὶ
3395 5398 3618 5464 δίκαιος.
3650 5396 3858 5459 ’Ἦλθον

2263 5463 2356 5517 οὖν
2391 5469 2616 5524 καλέσαι
2644 5474 3023 5547 ἁμαρτωλοὺς,
3053 5485 3150 5557 οὐχ
3178 5487 3263 5540 ἵνα
3295 5492 3551 5560 μείνωσιν
3584 5496 3854 5569 ἁμαρτωο

2266 5554 2367 5622 λοὶ,
2402 5561 2519 5613 ἀλλ’
2568 5564 2653 5617 ἵνα
2701 5573 3099 5642 μετανοήσωσι.

755 5710 891 5772 Edit.
937 5715 1056 5773 Lut.
1134 5721 1358 5782 Videant
1422 5732 1762 5806 miraculum,
1832 5744 2120 5802 maximum
2174 5756 2380 5821 quidem
2459 5763 2694 5822 omnium
2740 5775 3127 5849 exstimabant,
3180 5801 3371 5849 parum
3439 5797 3612 5846 tamen
3676 5795 3852 5853 Itami-
