4080 6336
1090 230 1137 247 /

282 381 392 446 229

937 386 1390 453 ENARRATIO
1430 393 1510 455 IN
1544 394 2051 456 EVANGELIUM
2101 398 2485 460 λΙᾹΤΤίΙρΕΙ.
2526 426 2590 439 --
2629 403 2787 464 CAP.
2832 405 2933 465 IX.

3475 408 3581 473 230

343 512 360 543 ι
409 490 543 547 Τότε
580 496 976 569 προσέρχονται
1014 500 1165 571 αὐτῷ
1200 502 1251 554 οἱ
1305 503 1552 575 μαθηταὶ
1594 504 1848 558 Ἰωάννου

2056 506 2219 563 \‘Eits.
2288 511 2374 565 Η.
2436 530 2455 563 ι
2516 511 2669 567 'l‘nnc
2726 516 2994 571 accedunt
3033 517 3099 571 ad
3153 531 3274 572 eum
3331 519 3578 590 discipuli

250 585 545 650 λέγοντες·
582 590 741 643 Διατί
790 593 950 663 ἡμεῖς
984 597 1081 649 καὶ
1129 597 1181 649 οἱ
1211 597 1499 667 Φαρισαῖοι
1535 599 1875 670 νηστεύομεν

254 676 454 740 πολλα.
481 680 531 733 ot
552 680 608 734 δὲ
637 681 881 751 μαθηταί
907 700 1001 738 σου
1034 684 1096 739 οὐ
1123 687 1514 757 νηστεύουσιν;
1554 708 1573 742 ι
1600 690 1663 742 Oi
1695 691 1875 762 μαθηο

251 772 351 824 ταὶ
398 773 674 843 Ἰωάννου,
732 777 1061 846 φωνοῦντες
1113 783 1181 852 τῇ
1234 780 1362 853 δόξῃ
1434 782 1531 836 τοῦ
1597 785 1868 855 Χριστοῦ,

253 864 589 931 ἐγκαλοῦσιν
637 869 787 941 αὐτῷ
839 872 914 943 μὴ
958 873 1310 942 νηστεύοντι·
1352 877 1717 949 διηποροῦντο
1763 882 1873 951 γὰρ

254 962 418 1023 ἴσως,
441 963 559 1026 πῶς
585 963 715 1018 ἄνευ
744 968 1032 1037 ἀσκήσεως
1054 968 1125 1022 τὰ
1152 970 1301 1041 πάθη
1330 973 1478 1043 νικᾷ,
1507 973 1645 1044 ὅπερ
1688 975 1873 1029 Ἰωάν-

253 1069 357 1121 νης
381 1054 480 1106 οὐκ
509 1054 733 1125 ἴσχυσεν
757 1072 769 1084 ·
803 1057 1037 1127 ἠγνόουν
1065 1058 1174 1129 γὰρ
1210 1060 1291 1114 ὅτι
1330 1062 1588 1135 Ἰωάννης
1618 1065 1721 1134 μὲν
1777 1068 1873 1121 ἄν·

256 1142 480 1213 θρωπος
511 1144 686 1211 ψιλὸς,
724 1148 820 1199 καὶ
851 1144 911 1213 ἐξ
956 1150 1161 1221 ἀρετῆς
1198 1150 1413 1216 δίκαιος
1437 1170 1451 1185 ο
1502 1155 1742 1227 Χριστὸς
1788 1160 1868 1224 δὲ,

257 1238 595 1311 αὐτοαρετὴ,
630 1240 703 1304 ὡς
725 1241 879 1304 θεός.

340 1441 358 1472 ι
398 1419 568 1475 Εἶπεν
598 1421 691 1475 οὖν
717 1424 905 1489 αὐτοῖς
936 1427 963 1479 ό
1014 1426 1248 1498 Ἰησοῦς⁹
1275 1430 1367 1501 Μὴ
1399 1431 1657 1488 δύνανται
1687 1438 1733 1489 οἱ
1763 1439 1870 1493 υἱοὶ

255 1514 353 1566 τοῦ
400 1515 693 1586 νυμφῶνος
735 1517 976 1582 πενθεῖν,
1031 1522 1118 1591 ἐφ’
1167 1522 1293 1575 ὅσον
1344 1527 1463 1595 μετ’
1505 1527 1689 1582 αὐτῶν
1723 1532 1869 1583 ἐστιν

250 1606 284 1659 ὁ
316 1609 590 1677 νυμφίος
627 1607 975 1664 Ἐλεύσονται
1015 1612 1072 1665 δὲ
1099 1614 1305 1685 ἡμέραι
1333 1617 1464 1670 ὅταν
1513 1619 1735 1691 ἀπαρθῇ
1772 1622 1867 1674 ἀπ’

252 1697 440 1751 αὐτῶν
486 1701 515 1753 ὁ
555 1701 809 1769 νυμφίος,
847 1702 940 1755 καὶ
978 1703 1101 1756 τότε
1150 1704 1566 1775 νηστεύσουσιν.
1610 1728 1626 1759 ι
1650 1711 1865 1780 Χαρᾶς,

253 1790 457 1861 φησὶν,
491 1791 518 1844 ὁ
552 1791 748 1862 παρὼν
780 1794 996 1865 καιρὸς,
1030 1793 1136 1858 ἕως
1184 1789 1244 1850 οὗ
1281 1798 1420 1867 μετὰ
1449 1800 1558 1853 τῶν
1607 1777 1867 1873 μαθητῶν

247 1881 392 1949 εἰμι.
420 1881 679 1952 Νυμφίον
703 1881 813 1953 γὰρ
846 1885 1040 1939 ἑαυτὸν
1067 1887 1347 1957 ὀνομάζει,
1380 1888 1455 1954 ὼς
1484 1869 1863 1966 ἁρμοζόμενον
1902 1869 1939 1926 υ

247 1971 436 2042 ἐαυτῷ
464 1975 566 2045 τὴν
613 1974 740 2028 νέαν
792 1978 1142 2049 συναγωγὴν,
1189 1980 1576 2055 ἀποθανούσης
1613 1986 1714 2056 τῆς
1755 2006 1862 2040 πα-

244 2062 412 2126 λαιᾶς
433 2080 446 2095 ο
477 2066 629 2129 υἱοὺς
662 2067 718 2119 δὲ
746 2068 1059 2137 νυμφῶνος,
1093 2071 1219 2145 τοὺς
1278 2074 1635 2141 ἀποστόλους.
1668 2079 1863 2133 Ἔσται

243 2156 345 2213 οὖν
363 2159 579 2228 καιρὸς,
608 2160 799 2231 φησιν,
826 2162 937 2229 ὅτε,
966 2163 1102 2234 ἐμοῦ
1122 2165 1389 2231 παθόντος
1411 2170 1507 2223 καὶ
1522 2170 1863 2241 ἀναληφθέν-

241 2269 360 2315 ςος,
392 2253 784 2322 νηστεύσουσιν
830 2256 889 2309 ἐν
923 2255 1071 2326 λιμῷ
1118 2259 1212 2311 καὶ
1240 2259 1368 2331 δίψῃ
1403 2261 1750 2333 διωκόμενοι.
1790 2265 1862 2319 Τὸ

243 2344 446 2409 ἀτελὲς
473 2346 530 2399 δὲ
555 2346 666 2400 τῶν
700 2345 967 2419 μαθητῶν
990 2350 1278 2415 δεικνύων,
1314 2354 1536 2419 ἐπάγει·

324 2548 343 2580 ι
384 2529 577 2595 Οὐδεὶς
612 2531 671 2585 δὲ
703 2532 991 2588 ἐπιϐάλλει
1027 2537 1311 2608 ἐπίϐλημα
1360 2540 1563 2609 ῥάκους
1606 2541 1855 2610 ἀγνάφου

240 2621 340 2675 ἐπὶ
372 2624 574 2695 ίματίῳ
598 2624 835 2699 παλαιῷ,
862 2628 1007 2698 αἴρει
1032 2632 1142 2701 γάρ
1165 2633 1225 2685 τὸ
1250 2633 1524 2705 πλήρωμα
1552 2636 1719 2689 αὐτοῦ
1750 2638 1857 2690 ἀπὸ

237 2716 341 2770 τοῦ
375 2718 615 2789 ἱματίου,
657 2724 754 2775 καὶ
791 2725 976 2793 χεῖρον
1013 2726 1222 2795 σχίσμα
1270 2729 1502 2795 γίνεται.
1544 2729 1679 2783 Οὐδὲ
1721 2729 1854 2800 βάλ-

238 2806 431 2861 λουσιν
473 2804 619 2863 οἶνον
654 2811 774 2863 νέον
806 2815 886 2876 είς
920 2815 1125 2879 ἀσκοὺς
1169 2816 1434 2882 παλαιούς
1460 2834 1475 2849 ο
1510 2821 1559 2873 εξ
1595 2819 1651 2873 δὲ
1685 2821 1852 2891 μήγε,

242 2900 551 2971 ῥήγνυνται
575 2902 623 2955 ot
648 2904 833 2971 disicet,
863 2906 1001 2981 uate
1020 2903 1165 2971 οἶνος
1189 2910 1456 2980 ἐκχεῖται,
1486 2911 1580 2965 καὶ
1608 2913 1658 2965 οἱ
1691 2914 1852 2967 ἀσκοὶ

240 2994 601 3050 ἀπόλλυνταυ
648 2999 789 3054 ἀλλὰ
833 3001 1125 3071 βάλλουσιν
1170 3001 1318 3059 οἶνον
1364 3008 1484 3060 νέον
1536 3010 1616 3071 είς
1649 3010 1854 3074 άσκούς

242 3089 492 3152 καινοὺς,
528 3090 620 3144 καὶ
645 3093 939 3166 ἀμφότερα
973 3096 1627 3169 συντηροῦνται.›οὐπω,
1658 3105 1850 3173 φησὶν,

239 3181 293 3235 οἱ
328 3182 571 3253 μαθηταὶ
599 3186 893 3255 γεγόνασιν
926 3190 1164 3261 ἰσχυροὶ,
1203 3192 1342 3246 ἀλλά
1379 3194 1847 3262 συγκαταϐάσεως

237 3270 490 3326 δέονται·
520 3275 615 3328 καὶ
642 3275 702 3328 οὐ
729 3276 837 3348 χρὴ
870 3278 1039 3349 βάρος
1100 3282 1282 3346 αὐτοῖς
1316 3283 1619 3340 ἐπιτιθέναι
1644 3286 1845 3340 ἐπιτα-

239 3362 494 3431 γμάτων.
522 3365 712 3421 Ταῦτα
732 3369 789 3421 δέ
813 3369 990 3440 ἔλεγε,
1016 3373 1286 3429 διδάσκων
1307 3378 1549 3442 καὶτοὺς
1573 3380 1847 3451 μαθητὰς,

242 3454 333 3507 ἵνα
352 3457 446 3509 καὶ
473 3458 652 3523 αὐτοὶ,
683 3461 817 3514 ὅταν
844 3463 1197 3533 μαθητεύωσι
1221 3468 1320 3538 τὴν
1346 3471 1695 3542 οἰκουμένην,
1726 3491 1851 3542 συγ-

239 3546 640 3603 καταϐαίνωσι.
688 3549 882 3618 Ῥάκος
930 3552 1024 3611 οὖν
1084 3557 1326 3629 ἅγναφον
1374 3564 1407 3633 ἡ
1452 3566 1698 3634 νηστεία,
1756 3568 1849 3620 καὶ

238 3633 388 3703 οἶνος
421 3640 582 3706 νέος·
620 3644 837 3716 ἱμάτιον
884 3648 942 3702 δέ
987 3650 1220 3705 παλαιὸν
1268 3654 1363 3707 καὶ
1404 3633 1588 3725 ἀσκοὶ,
1615 3660 1648 3729 ἡ
1680 3660 1849 3713 ἀσθέ-

239 3749 362 3785 νεια
389 3734 498 3788 τῶν
527 3735 812 3809 μαθητῶν.
1678 3807 1685 3815 _

319 3843 339 3876 ι
385 3825 569 3880 Ταῦτα
608 3828 776 3883 αὐτοῦ
829 3828 1118 3898 λαλοῦντος
1150 3837 1357 3905 αὐτοῖς,
1390 3840 1501 3897 ίδού
1539 3844 1725 3916 ἄρχων
1758 3865 1845 3911 τις

238 3918 575 3989 προσεκύνει
598 3921 769 3993 αὐτῷ,
803 3924 980 3992 λέγων
1000 3944 1014 3959 ο
1060 3927 1125 3981 Ἡ
1153 3929 1399 4004 θυγάτηρ
1437 3953 1539 4005 μου
1566 3938 1693 4009 ἄρτι
1722 3942 1841 3994 ἐτε-

235 4008 527 4103 λεύτησεν,
548 4013 687 4067 ἀλλὰ
706 4014 879 4071 ἐλθὼν
899 4018 1091 4084 ἐπίθες
1112 4022 1213 4093 τὴν
1235 4025 1396 4095 χεῖρά
1420 4044 1514 4081 σου
1538 4008 1625 4083 ἐπ’
1644 4031 1839 4103 αὐτὴν,

233 4102 335 4158 χιι
363 4100 623 4193 ζήσεται·
679 4106 771 4159 καὶ
823 4107 1077 4179 ἐγερθεὶς
1121 4114 1150 4166 ὁ
1216 4108 1423 4185 Τησοῦς
1469 4100 1843 4193 ἠκολούθησεν

232 4192 409 4286 αὐτῷ,
440 4197 536 4249 καὶ
560 4196 611 4249 ot
644 4198 889 4272 μαθηταὶ
914 4203 1103 4260 αὐτοῦ.
1142 4224 1160 4257 ι
1196 4207 1456 4264 Φαίνεται
1488 4213 1673 4267 πίστιν
1700 4192 1841 4286 ἔχων

231 4281 414 4377 οὗῖος.
447 4290 495 4343 ﬂ
532 4292 625 4343 καὶ
672 4291 748 4364 μὴ
783 4294 1029 4367 μεγάλην
1053 4312 1067 4327 ‘
1100 4302 1415 4371 παρακαλεί
1454 4305 1565 4376 γάρ
1595 4306 1687 4359 τὸν
1729 4281 1841 4377 λίη-

233 4375 389 4445 σσῦν,
426 4382 549 4451 οὐχὶ
578 4380 723 4455 λόγῳ
768 4385 918 4455 μόνῳ
960 4388 1161 4455 εἰπεῖν,
1198 4392 1339 4446 ἀλλὰ
1370 4396 1465 4448 καὶ
1514 4375 1713 4466 ἐλθεῖν,
1746 4375 1841 4454 καὶ

228 4471 337 4542 τὴν
362 4474 519 4541 χεῖρα
548 4472 842 4529 ἐπιθεῖναι.
869 4476 1333 4551 Τετελευτηκέναι
1361 4484 1419 4537 δὲ
1443 4484 1592 4554 λέγει
1615 4488 1715 4561 τὴν
1745 4488 1839 4544 θυ-

1979 598 2224 667 Juaunis,
2254 602 2495 659 dicentes
2529 622 2543 658 :
2579 604 2757 671 Quare
2778 624 2875 662 nos
2902 618 2957 663 et
2978 607 3237 664 Pltarisa‘i
3267 610 3581 681 jt-jnnamus

1979 692 2317 763 frequenter,
2353 696 2600 765 discipuli
2630 709 2809 754 autem
2837 702 2912 754 lui
2943 716 3048 754 non
3072 702 3367 771 jejunaut?
3398 724 3417 756 ι
3448 704 3568 761 υἱε-

1979 789 2142 856 cipnli
2210 788 2437 846 Joannis
2469 792 2710 849 invident
2735 794 2918 866 gloria:
2948 795 3173 864 Christi,
3208 809 3259 853 et
3286 800 3581 868 reprehen-

1976 880 2110 936 dunt
2152 898 2273 937 eum
2320 899 2425 939 non
2456 884 2816 956 jejunantem.
2883 888 3219 946 Dubitabant
3268 892 3414 946 enim
3466 891 3579 950 for-

1979 984 2125 1031 tasse
2171 977 2447 1046 quomodo
2497 982 2742 1033 vinceret
2788 982 2994 1049 absque
3043 984 3289 1051 corporis
3338 986 3577 1057 castiga-

1980 1070 2125 1124 tione
2158 1068 2496 1134 alfectioues,
2531 1070 2581 1123 id
2615 1072 2759 1141 quod
2790 1069 3033 1128 Joannes
3059 1090 3162 1129 non
3196 1077 3392 1144 potuit.
3421 1077 3579 1146 Igno-

1977 1161 2171 1214 rabaut
2224 1162 2368 1214 enim
2418 1161 2560 1231 quod
2601 1159 2837 1216 Joannes
2884 1162 3046 1218 homo
3086 1176 3231 1221 esset
3275 1182 3464 1236 purus,
3517 1180 3573 1223 et

1977 1254 2178 1307 virtute
2205 1253 2405 1322 justus.
2437 1252 2693 1309 Christus
2729 1264 2909 1309 autem
2968 1246 3141 1311 virtus
3196 1257 3347 1326 ipsa,
3391 1271 3577 1329 utpote

1979 1343 2140 1403 DttuS.

2050 1438 2210 1491 \‘sns.
2248 1437 2334 1493 I5.
2370 1456 2388 1489 ι
2430 1435 2573 1492 Dixit
2598 1437 2763 1507 igitur
2792 1436 2899 1491 illis
2930 1436 3130 1493 Jesus:
3170 1435 3309 1492 Num
3344 1451 3575 1510 possunt

1977 1532 2068 1586 ﬁlii
2104 1531 2327 1586 thalami
2380 1532 2567 1600 lugere
2618 1533 2861 1601 quandiu
2907 1546 3030 1587 cum
3068 1533 3147 1588 eis
3178 1544 3260 1588 est
3301 1538 3572 1605 sponsus?

1977 1624 2209 1681 Veniant
2243 1636 2425 1683 autem
2470 1628 2589 1683 dies
2630 1643 2752 1682 cum
2796 1626 3079 1683 auferetur
3110 1628 3177 1682 ab
3209 1629 3288 1683 eis
3313 1644 3567 1698 sponsus,

1971 1730 2025 1774 et
2079 1729 2207 1777 tunc
2258 1720 2606 1792 jt‘jtlltabtlnl.
2662 1740 2680 1773 ι
2754 1720 3023 1785 Pin-sena,
3088 1721 3283 1791 inquit,
3338 1732 3567 1793 tempus,

1975 1822 2187 1881 tempus
2236 1814 2417 1884 gaudii
2470 1824 2574 1878 est,
2624 1814 2861 1883 quandiu
2922 1828 3048 1870 cum
3082 1813 3365 1883 discipulis
3421 1831 3565 1872 sum.

1974 1905 2246 1977 Sponsum
2292 1906 2440 1963 enim
2489 1907 2728 1977 seipsum
2780 1918 2960 1972 vocat,
3007 1909 3151 1977 quod
3202 1916 3416 1978 cooptet
3464 1909 3567 1965 sibi

1969 2016 2160 2057 novam
2194 2002 2693 2073 congregationem,
2724 2009 2936 2056 mortua
2960 2001 3268 2066 veteri,hoc
3290 2012 3400 2067 θοι,
3435 2018 3565 2074 syn-

1967 2107 2157 2163 agoga.
2211 2092 2379 2147 Filios
2470 2103 2650 2147 autem
2721 2092 2971 2157 thalami,
3038 2092 3315 2161 aposutlos
3383 2104 3563 2147 vocat.

1968 2186 2207 2258 Tempus
2240 2188 2365 2255 erit,
2402 2186 2600 2257 inquit,
2636 2186 2852 2254 jejunii,
2885 2201 3008 2241 eum
3041 2201 3140 2257 ego
3165 2200 3356 2255 passus
3387 2186 3559 2249 fuero.

1966 2287 2020 2335 et
2066 2289 2377 2349 assumptus
2421 2281 2475 2333 in
2527 2278 2753 2334 celum.
2798 2278 3130 2349 Jejunabunt
3175 2277 3316 2334 l'atne
3345 2288 3399 2334 et
3447 2282 3558 2344 siti,

1965 2373 2404 2443 persecutionem
2437 2373 2730 2442 patientes.
2764 2370 3014 2425 Ostendit
3046 2382 3225 2426 autem
3259 2388 3420 2442 quant
3458 2376 3563 2426 itn-

1963 2466 2193 2536 perfecti
2221 2468 2333 2521 sint
2358 2465 2633 2535 discipuli,
2664 2475 2718 2519 et
2742 2466 2878 2519 dicit
2906 2483 2918 2519 :

2034 2558 2198 2615 Vens.
2242 2560 2326 2623 16,
2361 2561 2447 2613 l7.
2497 2576 2516 2609 ‹
2558 2557 2747 2612 Nullus
2787 2566 2968 2612 autem
3004 2556 3248 2609 immittit
3280 2570 3564 2610 assumen-

1964 2664 2073 2706 tttm
2114 2652 2275 2722 panni
2313 2653 2466 2707 rudis
2504 2652 2558 2705 in
2592 2662 2745 2705 veste
2788 2650 2960 2704 veteri
2999 2668 3010 2702 :
3062 2650 3201 2703 tollit
3241 2650 3384 2703 enim
3435 2666 3563 2716 snp-

1960 2745 2289 2815 plementum
2343 2746 2488 2801 illius
2550 2758 2581 2799 a
2631 2743 2983 2809 vestimento,
3035 2742 3145 2814 5.4
3190 2741 3449 2812 priorque
3505 2744 3561 2796 tit

1962 2848 2206 2910 ruptura.
2238 2837 2423 2908 Neque
2462 2838 2681 2891 mittunt
2716 2838 2900 2890 viuum
2939 2850 3137 2889 novum
3186 2834 3238 2887 in
3276 2843 3425 2887 utres
3464 2847 3554 2887 ve-

1963 2942 2104 2987 teres
2138 2952 2148 2985 :
2200 2930 2403 3000 alioqui
2458 2937 2784 2998 rumpuntur
2814 2939 2987 2992 utres,
3029 2934 3083 2980 et
3116 2925 3298 2977 vinum
3328 2925 3558 2979 etTundi-

1959 3031 2067 3086 tur,
2104 3027 2158 3075 et
2189 3032 2338 3075 utres
2385 3029 2657 3088 pereunt:
2707 3020 2801 3074 sed
2844 3021 3067 3072 mittunt
3123 3015 3305 3069 viuum
3354 3030 3551 3068 novum

1959 3112 2013 3165 in
2050 3122 2203 3166 utres
2229 3124 2423 3175 novos,
2461 3119 2512 3165 et
2550 3118 2784 3178 utraque
2808 3108 2969 3163 simul
3000 3116 3307 3161 servantur.
3349 3124 3367 3156 ι
3403 3103 3553 3158 Non-

1958 3204 2109 3267 dum,
2146 3202 2341 3271 inquit,
2394 3200 2523 3254 lacti
2571 3208 2700 3254 sunt
2742 3197 2993 3267 discipuli
3048 3196 3241 3261 l‘ortes,
3286 3195 3379 3250 sed
3417 3210 3555 3263 opus

1962 3293 2163 3348 habent
2203 3292 2568 3361 indulgentia,
2615 3304 2791 3359 neque
2823 3290 3045 3358 gravius
3094 3289 3264 3343 moles
3298 3287 3403 3341 illis
3448 3286 3554 3341 itn-

1961 3388 2207 3457 ponenda
2242 3385 2651 3440 mandatorum.
2692 3382 2819 3438 Hth
2859 3392 3041 3436 autem
3082 3381 3316 3447 diccbat,
3351 3380 3553 3435 docens

1959 3486 2014 3530 et
2049 3474 2365 3544 discipulos,
2400 3482 2457 3527 ut
2492 3482 2546 3526 et
2581 3471 2683 3539 ipsi
2714 3470 2928 3526 docturi
2955 3471 3165 3535 orbem,
3210 3468 3553 3539 indulgentes

1959 3569 2086 3623 sint.
2137 3566 2357 3621 Pannus
2412 3566 2556 3620 enim
2603 3563 2755 3619 rudis
2795 3562 3065 3633 jejunium
3116 3570 3222 3627 est,
3268 3569 3322 3616 et
3365 3562 3551 3615 vinum

1959 3676 2157 3715 novum
2206 3679 2219 3715 :
2276 3660 2444 3713 vestis
2494 3667 2677 3713 autem
2738 3665 2887 3711 vetus
2925 3664 2979 3712 et
3030 3666 3204 3720 utres,
3259 3652 3549 3710 inﬁrmitas

1957 3754 2370 3822 discipulorum.

2032 3844 2194 3897 VERS.
2240 3842 2325 3906 18,
2370 3842 2456 3896 ιν.
2500 3860 2519 3894 ι
2566 3848 2698 3895 rnim
2739 3840 2853 3894 haec
2901 3837 3005 3891 illis
3038 3836 3374 3907 loqueretur,
3417 3851 3546 3892 ecce

1958 3939 2207 4005 princeps
2259 3934 2477 4005 quidam
2513 3934 2739 3988 accessit
2797 3941 2852 3987 et
2886 3930 3134 3986 adoravit
3164 3945 3288 3985 eum
3316 3930 3499 3984 dicens
3528 3949 3543 3984 τ

1955 4030 2091 4086 Filia
2130 4045 2245 4084 mea
2309 4029 2469 4084 modo
2499 4026 2757 4083 defuncta
2809 4034 2933 4092 est;
2963 4025 3055 4079 sed
3098 4026 3256 4088 veni,
3302 4032 3356 4077 et
3404 4039 3543 4091 pune

1958 4142 2178 4179 manuni
2219 4133 2364 4178 tuam
2407 4137 2573 4193 super
2603 4136 2747 4186 eam,
2793 4129 2850 4175 et
2879 4120 3045 4174 vivet.
3083 4116 3427 4186 Surgensque
3454 4115 3545 4170 Je-

1954 4234 2046 4273 sus
2076 4226 2297 4271 secutus
2318 4226 2402 4270 est
2424 4229 2547 4269 eum
2585 4223 2641 4269 et
2678 4212 2924 4282 discipuli
2952 4212 3090 4281 ejus.
3140 4227 3159 4262 ι
3186 4207 3412 4263 Videtur
3451 4208 3542 4262 ille

1955 4311 2113 4365 ﬁdem
2145 4310 2365 4374 habere,
2388 4310 2637 4378 quamvis
2660 4320 2767 4361 non
2801 4319 3075 4375 magnam.
3107 4300 3372 4357 Obsecrat
3395 4300 3538 4353 enim

1950 4400 2157 4466 Iesum,
2187 4414 2295 4454 non
2327 4408 2385 4452 ut
2416 4396 2589 4451 solum
2606 4397 2831 4450 verbum
2858 4395 3023 4458 dicat,
3050 4391 3144 4446 sed
3169 4399 3223 4443 et
3251 4398 3309 4442 ut
3335 4389 3535 4453 veniat,

1950 4500 2002 4546 et
2038 4506 2257 4545 manum
2317 4490 2584 4557 imponat.
2633 4484 2951 4540 Defunctam
3002 4490 3182 4535 autem
3230 4492 3351 4533 esse
3403 4478 3538 4531 dicit

227 4564 465 4633 γατέρα,
492 4565 669 4620 καίτοι
704 4566 799 4621 τοῦ
843 4570 1031 4624 Λουκᾶ
1055 4572 1313 4642 λέγοντος
1360 4576 1439 4641 ὡς
1479 4578 1638 4634 οὔπω
1679 4599 1837 4637 τετε-

1958 4585 2138 4650 ﬁliam,
2189 4583 2437 4653 quamvis
2481 4580 2622 4651 apud
2664 4576 2867 4632 Lucam
2902 4575 3116 4630 dicatur
3150 4571 3386 4626 nondum
3440 4572 3534 4623 de-

226 4653 522 4726 λεύτηκεν,
567 4655 600 4727 ἢ
643 4658 720 4722 ὡς
752 4662 1174 4733 στοχαζόμενος,
1227 4666 1314 4721 διὰ
1360 4669 1421 4722 τὸ
1466 4671 1525 4723 ἐν
1574 4674 1836 4745 ἐσχάταις

1958 4679 2149 4743 iuncta,
2182 4677 2313 4731 dicit
2344 4685 2526 4729 autem
2578 4671 2726 4727 velut
2777 4669 3109 4739 coniectans,
3144 4678 3209 4720 eo
3248 4662 3389 4732 quod
3441 4676 3529 4715 re-

225 4748 531 4841 άναπλαοατς
556 4750 730 4821 αὐτὴν
754 4754 1005 4823 ἀφεῖναι,
1060 4757 1091 4828 ἢ
1120 4756 1373 4824 αὐξάνων
1396 4762 1495 4835 τὴν
1522 4769 1830 4841 συμφορὰν,

223 4839 304 4900 ὡς
333 4842 413 4904 είς
441 4841 593 4894 ἔλεον
624 4843 855 4899 ἑλκύσαι
883 4847 975 4901 τὸν
1006 4849 1264 4920 Χριστόν.

307 5049 325 5081 ι
358 5032 466 5085 Καὶ
500 5033 610 5088 ίδοὺ
638 5037 774 5107 γυνὴ
803 5038 1177 5111 αἱμορροοῦσα
1211 5040 1422 5097 δώδεκα
1448 5044 1570 5115 ἐτη,
1597 5048 1828 5117 προσελ-

218 5123 396 5180 θοῦσα
446 5128 694 5201 δπισθεν,
737 5135 916 5206 ἥψατο
964 5136 1058 5191 τοῦ
1108 5140 1422 5210 κρασπέδου
1466 5142 1560 5196 τοῦ
1604 5144 1822 5213 ἱματίου

214 5217 409 5273 αὐτοῦ.
446 5220 639 5291 Ἔλεγε
663 5225 772 5296 γάρ
801 5227 859 5280 ὲν
887 5228 1079 5300 ἐαυτῇο
1113 5230 1243 5284 Ἐὰν
1279 5234 1443 5302 μόνον
1469 5234 1698 5305 ἅψωμαι
1724 5238 1819 5291 τοῦ

216 5310 443 5378 ἱματίου
472 5314 661 5380 αὐτοῦ,
687 5318 1027 5391 σωθήσομαι.
1052 5321 1113 5375 '0
1138 5322 1195 5376 δὲ
1232 5325 1438 5395 Ἰησοῦς
1461 5327 1819 5400 ἐπιστραφεὶς

212 5402 319 5455 καὶ
350 5403 475 5457 ίὸὼν
502 5408 695 5481 αὐτὴν,
719 5404 861 5464 εἷπε·
896 5413 1124 5485 Θάρσει,
1160 5417 1420 5490 θύγατερ,
1451 5420 1483 5491 ἡ
1511 5420 1689 5485 πίστις
1722 5441 1816 5476 σου

214 5493 431 5550 σέσωκέ
463 5514 557 5580 σε..
591 5502 701 5554 Καὶ
737 5502 915 5576 ἐσώθη
964 5508 995 5576 ἡ
1037 5508 1175 5581 γυνὴ
1205 5510 1313 5563 ἀπὺ
1345 5512 1445 5583 τῆς
1476 5511 1625 5585 ὥρας
1663 5516 1809 5567 ὲκεί-

206 5605 333 5659 νης.
371 5609 389 5640 ι
437 5592 776 5668 Ἀκάθαρτος
806 5594 941 5653 οὐσα
970 5600 1059 5654 διὰ
1100 5603 1161 5656 τὸ
1200 5604 1393 5672 πάθος,
1443 5606 1503 5659 οὐ
1535 5610 1810 5680 προσῆλθε

206 5681 465 5753 φανερῶς
517 5687 550 5757 ἡ
594 5690 755 5760 γυνὴ,
790 5690 1167 5767 εὐλαϐουμένη
1213 5700 1408 5767 μήπως
1470 5702 1719 5774 κωλυθῇ
1762 5707 1811 5758 εί

203 5777 305 5832 καὶ
322 5781 545 5871 ἐνόμισε
565 5784 622 5837 δὲ
639 5785 946 5855 λανθάνειν,
971 5791 1113 5864 πλὴν
1133 5793 1365 5864 ἧλπισεν
1390 5797 1583 5866 ὑγείας
1602 5803 1806 5871 τυχεῖν,

202 5873 250 5924 εἰ
289 5870 454 5941 μόνον
484 5874 580 5929 τοῦ
615 5876 788 5950 ἄκρου
814 5880 906 5935 τοῦ
946 5883 1163 5954 ίματίου
1200 5886 1416 5957 ἅψεται.
1450 5892 1622 5948 Τοῦτο
1670 5870 1801 5965 γάρ,

1944 4770 2176 4841 liquerat
2210 4784 2330 4823 eam
2364 4768 2476 4838 jam
2516 4774 2824 4822 extremum
2860 4760 3204 4817 exhalantem
3249 4753 3528 4825 spiritum,

1941 4865 2025 4917 thl
2072 4874 2129 4918 ut
2158 4877 2364 4931 augens
2408 4858 2799 4921 calamitatem,
2843 4867 2951 4924 quo
2988 4851 3055 4906 ad
3096 4846 3522 4904 misericordiam

1940 4965 2262 5029 provocaret
2292 4954 2596 5009 Christum.
3587 5004 3599 5029 κη

2009 5052 2175 5106 Vens.
2232 5048 2421 5103 20-22.
2471 5064 2491 5099 ι
2550 5046 2617 5101 Ει
2657 5058 2784 5099 ecce
2831 5040 3029 5097 mulier
3082 5051 3202 5109 qua:
3240 5033 3521 5104 sanguinis

1936 5142 2203 5215 protluvio
2252 5139 2591 5196 laboraverat
2652 5136 2814 5191 annis
2861 5131 3171 5195 duodecim,
3200 5126 3433 5181 accessit
3486 5138 3518 5178 ε

1935 5251 2106 5308 tergo,
2141 5224 2213 5293 et
2240 5235 2414 5306 tetigit
2459 5233 2727 5288 ﬁmbriam
2780 5226 3083 5286 vestimenti
3115 5223 3269 5293 ejus;
3303 5220 3519 5275 dicebat

1931 5336 2073 5388 enim
2106 5335 2246 5387 intra
2282 5332 2637 5401 semetipsam
2673 5347 2687 5384 :
2723 5328 2778 5383 Si
2810 5333 3022 5380 tantum
3049 5321 3274 5392 tetigero
3308 5327 3513 5370 vestem

1927 5432 2068 5497 91"”.
2118 5429 2265 5484 Salva
2312 5442 2428 5482 ero.
2480 5425 2640 5482 Jesus
2673 5434 2855 5486 autem
2895 5431 3226 5479 conversus,
3274 5422 3333 5467 ut
3379 5414 3513 5464 vidit

1928 5525 2094 5584 illum,
2126 5523 2255 5576 dixit
2282 5539 2296 5575 :
2325 5519 2569 5586 Cunﬁde,
2605 5518 2737 5583 ﬁlia,
2769 5516 2902 5570 ﬁdes
2928 5522 3016 5567 tua
3050 5509 3253 5566 salvam
3286 5515 3338 5561 te
3360 5504 3511 5563 fecit.

1930 5616 1990 5669 Et
2040 5615 2186 5669 salva
2226 5616 2364 5668 facta
2421 5612 2523 5667 fuit
2572 5610 2772 5667 mulier
2802 5624 2867 5663 es
2912 5607 3044 5662 liora
3088 5604 3201 5661 illa.
3245 5620 3265 5655 ι
3315 5598 3510 5655 “utier

1921 5712 2036 5765 haec
2070 5710 2326 5780 quoniam
2373 5709 2442 5762 ob
2479 5708 2727 5764 morbum
2781 5702 3059 5760 immunda
3090 5706 3230 5763 erat,
3268 5710 3374 5751 non
3415 5710 3508 5749 ac-

1919 5805 2085 5859 cessit
2133 5804 2441 5871 manifeste,
2476 5802 2649 5858 verita
2697 5816 2766 5857 ne
2809 5799 2951 5855 forte
2991 5813 3098 5870 quo
3129 5805 3288 5870 pacto
3318 5793 3505 5864 prohi-

1918 5902 2158 5953 beretur.
2197 5899 2456 5964 Quamvis
2498 5908 2674 5955 autem
2726 5897 2947 5968 putabat
2997 5914 3056 5955 se
3093 5913 3259 5971 posse
3305 5900 3499 5964 latere,
