4080 6336
612 330 710 396 931

1473 327 2061 391 TIIEOPIIYLACTI
2114 325 2528 388 BULGARIE
2571 324 2929 387 ARCHIEP.

3799 323 3906 389 232

609 451 990 498 verumtamen
1026 440 1261 510 speravit
1295 454 1351 493 se
1397 439 1690 493 sanitatem
1729 444 2172 504 assecuturam,s

2275 434 2366 496 ⁵τὸ
2405 435 2740 505 κράσπεδον·
2770 434 2886 487 ἀλλ’
2917 433 2945 486 ό
2973 431 3164 505 Σωτὴρ
3199 437 3424 507 φανεροί
3451 435 3626 506 αὑτήν
3649 452 3661 464 ο
3702 436 3800 508 οὐχ
3829 439 3906 490 ὡς

606 547 812 592 tantum
847 551 1113 590 summam
1159 533 1275 600 ejus
1309 543 1510 587 vestem
1547 532 1910 598 contingeret,
1941 545 2060 600 quae
2097 544 2193 599 per

605 627 872 682 llmbriant
913 624 1272 694 significatur.
1305 627 1374 678 At
1414 623 1664 676 Salvator
1698 623 1884 692 prodit
1909 637 2050 685 eam,
2089 636 2194 675 non

603 729 660 771 ut
712 734 900 772 amans
940 720 1145 785 gloria',
1195 719 1288 770 sed
1332 728 1388 770 ut
1440 716 1598 770 fidem
1641 717 1784 771 illius
1840 717 1908 770 ad
1955 725 2192 769 nostram

602 811 886 863 utilitatem
915 811 1236 871 declararet,
1267 820 1319 864 et
1347 821 1402 861 ιιι
1435 811 1485 862 in
1517 808 1620 864 fide
1647 810 2008 863 roboraretur
2033 809 2194 862 etiam

601 901 1077 970 arcltisyuagogus.
1119 899 1342 953 (Ζιιιιίίλίε
1388 914 1565 954 autem
1617 901 1747 953 dicit
1795 900 1866 962 ei,
1915 914 1980 953 eo
2053 899 2195 969 quod

603 991 786 1044 tuuida
843 999 1008 1054 erat,
1062 994 1186 1061 quia
1246 993 1429 1046 furtim
1488 993 1686 1045 dunum
1765 1000 2074 1060 acceperat.
2130 989 2199 1043 Et.

601 1082 762 1137 filiam
794 1092 972 1147 vocat,
1018 1095 1075 1139 ιιι
1126 1083 1361 1137 fidelem.
1415 1082 1669 1137 Ostendit
1717 1083 1844 1136 item
1883 1084 2026 1152 quod
2082 1083 2188 1136 nisi

599 1175 878 1230 habuisset
920 1177 1101 1239 fidem,
1137 1175 1450 1243 neutiquam
1509 1175 1802 1245 recepisset
1840 1175 2187 1242 beneficium,
2230 1205 2238 1211 ν

596 1269 846 1335 quamvis
891 1279 1110 1324 sanctas
1177 1266 1491 1334 contigisset
1527 1274 1726 1320 vestes.
1774 1265 1970 1320 Dicunt
1995 1276 2185 1321 autem

594 1359 736 1424 quod
786 1368 1013 1412 statuam
1070 1357 1379 1412 Servatoris
1421 1356 1648 1421 fecerit,
1688 1355 1755 1411 ad
1804 1356 1960 1425 cujus
2022 1358 2186 1426 pedes

2297 524 2458 595 δόξης
2509 527 2671 597 ἐρῶν,
2721 527 2834 579 ἀλλ’
2875 528 2958 580 ἵνα
2997 526 3097 598 τὴν
3137 528 3323 581 πίστιν
3360 529 3531 598 αὐτῆς
3568 528 3724 602 δείξῃ
3762 532 3906 600 πρὸς

2294 617 2568 686 ὠφέλειαν
2592 618 2774 690 ήμῶν,
2810 619 2903 672 καὶ
2928 619 3014 673 ἵνα
3044 620 3292 691 πιστωθῇ
3321 623 3414 675 καὶ
3441 621 3468 673 ὁ
3503 623 3904 714 ἀρχισυνάγω-

2296 728 2409 780 γος.
2433 713 2635 783 Θάρσει
2663 713 2745 776 δὲ,
2769 712 2916 780 λέγει
2941 714 3102 784 αὐτῇ,
3123 714 3258 767 διότι
3283 715 3526 785 ἐφοϐήθη
3553 712 3632 778 ὡς
3651 717 3904 785 κλέψασα

2294 803 2395 874 τὴν
2448 805 2678 873 δωρεὰν,
2729 805 2823 857 καὶ
2870 805 3147 876 θυγατέρα
3203 806 3260 859 δὲ
3311 810 3488 874 καλεῖ,
3547 806 3626 871 ὡς
3674 810 3900 879 πιστὴν.

2298 896 2549 949 Δείκνυσι
2578 897 2634 950 δὲ
2664 899 2770 962 ὅτι,
2806 897 2902 950 ἐὰν
2945 899 3021 969 μὴ
3058 902 3241 952 πίστιν
3287 903 3665 970 προσήγαγεν,
3699 900 3798 954 οὐκ
3834 900 3904 956 ἂν

2294 988 2456 1041 ἐλαὸε
2485 989 2583 1058 τὴν
2622 991 2804 1060 χάριν,
2844 989 2947 1043 κᾶν
2974 990 3042 1043 τὰ
3080 992 3271 1061 ἱμάτια
3305 993 3437 1061 ἅγια
3469 989 3633 1064 ἦσαν.
3660 996 3901 1065 Λέγουσι

2292 1081 2348 1133 δὲ
2383 1081 2458 1143 ὠς
2508 1081 2803 1152 ἀνδριάντα
2855 1082 2996 1154 αὕτη
3029 1083 3122 1137 τοῦ
3163 1084 3420 1155 Σωτῆρος
3461 1087 3789 1156 εἰργάσατο,
3834 1085 3902 1142 οὗ

2291 1175 2444 1245 παρὰ
2475 1175 2601 1239 τοὺς
2630 1177 2798 1239 πόδας
2828 1176 3026 1245 ἐφύετο
3075 1177 3278 1248 βοτάνη
3306 1182 3425 1244 ταῖς
3457 1180 3901 1253 αίμορῤοούσαις

2290 1266 2585 1339 βοηθοῦσα,
2634 1267 2695 1322 ὃν
2725 1271 2782 1323 ἐν
2821 1273 2935 1334 τοῖς
2985 1271 3280 1326 Ἰουλιανοῦ
3321 1273 3539 1345 χρόνοις
3577 1276 3626 1327 ei
3675 1275 3899 1341 ἀσεϐεῖς

2291 1360 2642 1430 συνέτριψαν.

598 1449 914 1502 nascebatut
991 1449 1154 1503 herba
1198 1463 1316 1518 quae
1390 1447 1654 1518 prullttvio
1725 1448 2004 1521 sanguinis
2069 1448 2443 1507 laborantibus
2492 1453 2802 1521 medeatur,
2859 1469 3021 1524 quam
3071 1453 3272 1510 Juliani
3325 1459 3667 1528 temporibus
3739 1459 3896 1533 impii

592 1541 984 1595 coutriverunt.

666 1629 827 1686 Vens.
863 1631 955 1694 25,
986 1633 1079 1684 2t.
1114 1651 1132 1684 ‹
1165 1631 1379 1687 Etcum
1410 1635 1648 1691 venisset
1683 1633 1841 1690 Iesus
1870 1634 1923 1690 in
1957 1635 2177 1692 domum

2370 1657 2389 1689 ‹
2421 1637 2534 1690 Kal
2564 1637 2736 1693 ἐλθὼν
2765 1639 2793 1692 ὁ
2819 1639 3026 1713 Ἰησοῦς
3044 1645 3123 1708 είς
3141 1642 3238 1716 τὴν
3267 1646 3449 1701 οἰκίαν
3482 1647 3574 1701 τοῦ
3604 1649 3893 1723 ἄρχοντος,

592 1724 871 1792 principis,
920 1734 975 1780 et
1023 1725 1245 1781 vidisset
1296 1727 1548 1782 tibicines
1592 1738 1648 1782 et
1715 1731 1928 1784 turbam
1981 1731 2172 1784 tumul-

2289 1734 2382 1786 καί
2421 1731 2545 1786 ίδὼν
2583 1737 2707 1798 τοὺς
2737 1735 3000 1808 αὐλητὰς,
3028 1740 3121 1791 καὶ
3156 1740 3247 1793 τὸν
3273 1740 3430 1812 ὄχλον
3460 1742 3893 1816 θορυϐούμενον.

595 1816 855 1880 ιιιιιηιειη,
895 1818 1025 1871 dicit
1060 1817 1166 1872 illis
1197 1835 1211 1872 :
1247 1817 1517 1886 Secedite,
1552 1823 1657 1876 non
1689 1822 1832 1877 enim
1872 1831 2080 1877 mortua
2100 1833 2184 1880 est

591 1907 1018 1973 adulescentula,
1057 1911 1150 1964 sed
1191 1910 1415 1966 dormit.
1460 1912 1527 1966 Et
1574 1913 1896 1969 deridebant
1927 1915 2100 1970 illum.
2151 1935 2170 1968 ι

591 1996 859 2062 Quoniam
912 2001 1151 2054 nondum
1205 2014 1370 2072 nupta
1432 2013 1572 2070 erat,
1615 2004 1882 2062 deflebant
1925 2023 2042 2063 eam
2084 2025 2184 2063 nu-

589 2089 845 2158 ptialibus
903 2091 1071 2154 tibiis,
1129 2097 1426 2165 secundum
1485 2097 1658 2167 legem
1737 2101 1840 2156 hoc
1892 2100 2178 2158 facientes.

591 2180 841 2238 Dormire
883 2195 1063 2239 autem
1101 2186 1238 2241 dicit
1285 2189 1455 2256 illam,
1493 2205 1559 2247 eo
1590 2193 1732 2262 quod
1761 2194 1902 2264 apud
1945 2211 2005 2251 se
2034 2212 2182 2252 mors

601 2290 827 2331 somnus
868 2291 1012 2333 esset
1045 2296 1059 2333 :
1107 2281 1322 2337 valebat
1369 2285 1514 2340 enim
1565 2284 1726 2342 facile
1757 2289 2046 2345 suscitare.
2081 2288 2182 2346 Ceo

595 2379 767 2422 terum
801 2372 943 2438 quod
969 2373 1281 2430 deriserunt
1309 2390 1456 2442 eum,
1490 2393 1558 2433 ne
1595 2379 1849 2436 mireris:
1878 2399 2004 2438 nam
2036 2386 2184 2440 testi-

594 2461 830 2514 monium
876 2463 1107 2531 amplius
1156 2465 1287 2521 dant
1331 2470 1616 2534 miraculo,
1651 2474 1796 2541 quod
1845 2490 1972 2530 vere
2029 2493 2180 2532 mor-

590 2557 737 2604 tuam
776 2554 1072 2610 suscitarit.
1108 2555 1186 2613 Ne
1216 2562 1338 2628 quis
1375 2563 1519 2617 enim
1564 2564 1772 2620 diceret
1817 2569 1960 2637 quod
1995 2571 2050 2625 in
2079 2586 2177 2626 ex-

587 2657 745 2700 cessu
781 2649 1013 2715 quodam
1057 2658 1226 2720 esSet,
1262 2653 1466 2711 idcirco
1497 2655 1550 2712 in
1600 2657 1853 2716 confesso
1885 2673 2003 2718 erat
2036 2666 2176 2734 apud

587 2749 778 2792 omnes
811 2739 926 2807 ejus
962 2757 1127 2798 trors.

663 2825 826 2885 Vens.
858 2829 948 2897 25,
984 2831 1074 2888 26.
1113 2853 1132 2886 ι
1176 2834 1276 2891 Ubi
1317 2837 1424 2911 45
1460 2853 1638 2900 autem
1680 2848 1849 2919 ejecta
1878 2859 1958 2905 est
1993 2850 2172 2914 turba,

585 2915 864 2987 ingressus
896 2930 998 2986 est,
1043 2935 1096 2976 et
1133 2929 1305 2984 tenuit
1340 2947 1559 2989 manum
1606 2937 1753 2994 illius
1784 2959 1798 2995 :
1841 2953 1894 2996 et
1935 2944 2174 2998 surrexit

588 3010 1014 3069 adolescentula.
1051 3015 1114 3069 Et
1142 3025 1418 3077 emanavit
1446 3025 1588 3082 fama
1633 3030 1722 3084 illa
1769 3032 1821 3086 in
1859 3042 2025 3087 totam
2065 3046 2174 3091 ter-

2287 1826 2436 1895 λέγει
2468 1829 2675 1893 αὐτοῖς·
2708 1830 3102 1902 Ἀναχωρεῖτε,
3136 1833 3198 1885 ού
3230 1835 3341 1905 γάρ
3374 1836 3615 1892 ἀπέθανε
3637 1839 3700 1892 τὺ
3730 1841 3894 1910 κορά-

2288 1933 2424 1983 σιον,
2459 1920 2594 1973 ἀλλὰ
2630 1920 2905 1976 καθεύδει.
2929 1925 3039 1976 Kal
3066 1926 3378 1994 κατεγέλων
3410 1929 3634 1983 αὑτοῦ.)
3660 1931 3891 2003 Ἐπειδὴ

2284 2011 2498 2082 ἄγαμος
2517 2008 2605 2083 ἦν,
2633 2014 2770 2084 μετά
2790 2015 2898 2067 τῶν
2916 2018 3172 2087 γαμικῶν
3195 2020 3373 2074 αύλῶν
3398 2023 3570 2095 αὐτὴν
3592 2024 3889 2098 ἐθρήνουν,

2286 2105 2436 2174 παρὰ
2467 2107 2559 2158 τὶν
2585 2106 2752 2176 νόμον
2781 2108 2940 2161 τοῦτο
2972 2109 3257 2176 ποιοῦντες
3277 2129 3291 2145 ο
3327 2114 3616 2170 καθεύδειν
3640 2118 3700 2171 δὲ
3733 2119 3890 2188 λέγει

2283 2197 2474 2268 αὐτὴν,
2498 2198 2633 2252 διότι
2655 2201 2786 2271 παρ’
2810 2202 2960 2273 αύτῷ
2981 2206 3006 2255 ὁ
3030 2204 3260 2270 θάνατος
3281 2206 3450 2272 ὕπνος
3473 2204 3564 2280 ἦν,
3592 2210 3891 2283 δυναμένῳ

2283 2287 2525 2353 εὐκόλως
2570 2291 2900 2362 ἀναστῆσαι.
2954 2294 3016 2347 El
3067 2295 3125 2348 δὲ
3155 2297 3533 2368 καταγελῶσιν
3584 2303 3777 2370 αὑτοῦ,
3811 2303 3891 2375 μὴ

2282 2382 2601 2454 θαυμάσῃ;’
2642 2385 2981 2457 μαρτυροῦσι
3015 2389 3124 2458 γὰρ
3160 2390 3363 2459 μᾶλλον
3393 2390 3471 2462 τῷ
3503 2391 3770 2463 θαύματι,
3810 2396 3890 2458 ὡς

2280 2477 2485 2544 νεκράν
2514 2475 2593 2547 τῷ
2633 2479 2751 2531 ὄντι
2783 2479 3227 2551 άναστήσαντος·
3259 2481 3346 2536 ἵνα
3378 2483 3486 2555 γάρ
3529 2485 3696 2557 μήτις
3747 2487 3889 2559 λέγῃ

2279 2567 2362 2620 ὅτι
2414 2571 2647 2640 κάτοχος
2695 2570 2933 2639 ἐγένετο,
2984 2573 3075 2627 διὰ
3128 2573 3288 2628 τοῦτο
3343 2574 3676 2652 ὡμολογήθη
3729 2582 3890 2653 παρὰ

2280 2660 2500 2715 πάντων
2530 2662 2844 2719 ἀποθανεῖν.

2357 2865 2376 2898 ι
2417 2848 2549 2901 Ὅτε
2588 2849 2645 2902 δὲ
2690 2849 2956 2926 ἐξεϐλήθη
2993 2855 3020 2908 ό
3070 2854 3248 2926 ὄχλος,
3303 2857 3566 2912 εἰσελθὼν
3604 2861 3885 2933 ἐκράτησε

2278 2940 2377 3010 τῆς
2411 2944 2592 3014 χειρὸς
2618 2944 2809 3014 αὐτῆς,
2839 2946 2934 2999 καὶ
2961 2947 3168 3018 ἠγέρθη
3195 2950 3254 3002 τὸ
3283 2950 3567 3022 κοράσιον,
3600 2953 3699 3006 καὶ
3722 2954 3888 3025 ἐξῆλ-

2280 3031 2370 3085 θεν
2399 3037 2428 3103 ἡ
2462 3038 2619 3105 φήμη
2647 3035 2788 3107 αὕτη
2822 3040 2901 3101 είς
2925 3039 3182 3113 ὃληντὴν
3220 3043 3326 3112 γῆν
3362 3044 3603 3114 ἐκείνην.
3642 3065 3660 3098 ι
3707 3048 3886 3102 Ἔνθα

587 3117 700 3156 ram
732 3104 900 3159 illam.
947 3125 965 3157 ι
1007 3107 1105 3164 Ubi
1139 3115 1290 3169 turba
1320 3127 1396 3170 est
1426 3128 1479 3173 et
1507 3123 1874 3190 tumultuatio,
1915 3143 2018 3181 non
2048 3143 2171 3198 ope-

2278 3125 2434 3196 ὄχλος
2462 3104 2556 3180 και
2591 3104 3020 3202 περισττοισμδςί
3040 3135 3101 3187 ού
3131 3104 3547 3209 θαυῇματουργεέ
3569 3141 3598 3191 ό
3639 3139 3878 3212 Ἰησοῦς.

585 3200 736 3247 ratur
778 3197 1040 3254 miracula
1083 3198 1264 3259 Jesus.
1303 3204 1475 3264 Tenet
1518 3223 1698 3266 autem
1735 3230 1972 3285 manum,
2003 3219 2172 3273 virtu-

586 3291 692 3336 tem
746 3284 817 3339 illi
853 3287 1007 3345 dans.
1059 3289 1125 3345 Et
1173 3302 1252 3358 tu,
1306 3298 1351 3351 si
1403 3310 1654 3358 mortuus
1697 3304 1867 3362 fueris
1910 3284 2169 3376 peccatis.

582 3378 716 3426 tunc
746 3387 934 3444 surges
968 3381 1183 3446 quando
1226 3385 1600 3454 apprehendet
1632 3407 1855 3448 manum
1893 3403 2061 3463 tuam,
2096 3401 2170 3453 ita

584 3475 640 3517 ιιι
669 3469 910 3533 Opereris
958 3470 1129 3540 ejecta
1170 3477 1348 3543 turba,
1389 3489 1445 3534 et
1489 3485 1912 3543 tumultuatione
1957 3492 2166 3547 sedata.

652 3574 819 3632 Vens.
874 3579 962 3635 27.
1018 3601 1037 3633 ι
1081 3583 1144 3638 Ει
1194 3601 1313 3641 eum
1374 3589 1718 3650 discessisset
1777 3599 1924 3655 illinc
1982 3601 2166 3670 Jesus,

581 3669 753 3721 secuti
787 3679 911 3724 sunt
946 3673 1094 3727 illum
1138 3677 1244 3730 duo
1277 3680 1427 3746 czcci,
1461 3682 1762 3741 clamantes
1815 3700 1870 3744 et
1905 3693 2166 3761 dicentes,

581 3757 834 3815 Miserere
867 3766 1060 3831 nostri,
1095 3767 1191 3821 Fili
1225 3768 1412 3827 David.
1447 3793 1466 3825 ι
1491 3775 1626 3832 Caeci
1662 3789 1717 3833 ιιι
1748 3779 1859 3837 Deo
1891 3757 2164 3855 dicebant,

581 3846 875 3905 Miserere:
928 3865 984 3907 ttt
1026 3857 1225 3911 homini
1288 3874 1465 3918 autent
1506 3869 1783 3934 dicebant,
1819 3857 1921 3928 Fili
1974 3846 2161 3934 David:

579 3939 803 3996 Celebre
845 3948 986 3998 enim
1019 3958 1136 4002 erat
1175 3954 1312 4020 apttd
1341 3952 1578 4022 Judteos,
1613 3960 1861 4018 Messiam
1896 3980 1926 4019 e
1956 3969 2164 4025 semine

581 4033 743 4087 David
777 4051 1087 4096 vetttttruut.

649 4146 814 4202 Vatis.
850 4149 939 4203 28.
989 4169 1008 4202 ι
1048 4155 1117 4208 At
1159 4171 1281 4211 cum
1331 4161 1568 4217 venisset
1614 4165 1664 4219 in
1701 4169 1864 4236 aedes,
1911 4172 2164 4230 adierunt

577 4236 723 4291 illum
766 4243 913 4297 cmci.
949 4245 1012 4296 Et
1051 4246 1182 4300 dicit
1222 4251 1327 4305 illis
1364 4251 1519 4308 Jesus
1551 4257 1817 4315 :Creditis
1847 4265 1989 4330 quod
2035 4282 2162 4334 pos.

577 4329 676 4379 siut
705 4331 804 4383 ltoe
839 4332 1058 4387 facere?
1084 4339 1270 4394 dicunt
1309 4342 1382 4396 illi
1410 4361 1424 4397 ε
1459 4345 1658 4415 Etiam,
1700 4329 1943 4410 Domine.
1979 4376 1997 4408 ι
2027 4329 2162 4412 ’l‘ra-

574 4420 650 4472 ltit
681 4437 862 4477 secum
896 4440 1068 4482 caecos
1096 4445 1268 4500 usque
1295 4435 1347 4489 iu
1394 4437 1636 4508 domum,
1681 4453 1738 4497 ut
1770 4460 2037 4505 monstret
2069 4468 2158 4507 so-

573 4511 739 4564 lidam
769 4514 981 4570 illorum
1035 4520 1215 4588 fidem,
1253 4536 1300 4578 et
1350 4532 1933 4593 condemuetJudmos.
1980 4538 2154 4597 lnter-

573 4612 726 4671 rogat
753 4617 928 4661 autem
966 4624 1060 4665 eos
1086 4629 1154 4667 an
1185 4619 1432 4687 credant,
1465 4625 1756 4682 ostendens
1786 4627 1945 4684 fidem
1973 4642 2152 4688 omnia

571 4693 853 4760 perficere.

648 4809 807 4868 Vatis.
841 4815 930 4880 29,
970 4819 1061 4885 50,
1108 4841 1126 4873 ι
1165 4821 1318 4881 Tunc
1363 4827 1534 4899 tetigit
1577 4833 1760 4890 oculos
1794 4835 2025 4906 illorum,
2076 4844 2154 4896 di-

570 4919 698 4958 cens
733 4923 748 4959 :
783 4907 1087 4966 Secundum
1122 4927 1356 4972 vestram
1385 4920 1543 4976 fidem
1572 4924 1666 4979 fiat
1699 4928 1866 4984 vobis.
1898 4931 2153 5001 Etaperti

567 5005 694 5049 sunt
739 4997 947 5055 illorum
1004 5007 1166 5061 oculi.
1211 5029 1230 5060 ι
1287 5010 1343 5064 lu
1394 5015 1551 5068 domo
1599 5021 1828 5073 seorsitn
1880 5037 2057 5087 curat.
2096 5038 2154 5083 ιιι

569 5085 770 5140 vitetur
804 5090 980 5148 inanis
1020 5097 1208 5166 gloria.
1242 5101 1346 5157 Per
1378 5108 1562 5160 omnia
1595 5111 1738 5164 enim
1777 5114 1934 5169 docet
1969 5121 2152 5175 mode-

569 5177 728 5232 stiam
755 5191 803 5233 el
840 5183 1193 5244 humilitatem
1233 5197 1449 5252 mentis.

645 5289 807 5346 Vatis.
839 5295 926 5357 ὅθ,
973 5300 1061 5354 3i.
1107 5321 1125 5352 t
1166 5304 1234 5358 Et
1270 5307 1650 5369 interminatus
1695 5328 1780 5372 est
1821 5320 1928 5376 illis
1973 5322 2149 5393 Jesus,

567 5381 792 5439 dicens:
830 5387 1014 5446 Videte
1055 5410 1123 5447 ne
1155 5405 1277 5464 quis
1308 5404 1462 5455 sciat.
1515 5406 1588 5459 llli
1626 5422 1804 5464 autem
1855 5425 1911 5467 ut
1943 5421 2150 5484 egressi

570 5485 716 5538 sunt,
748 5479 1163 5540 diﬂ'atttnvernut
1198 5491 1346 5546 illum
1376 5496 1426 5547 iu
1459 5506 1568 5551 tota
1606 5512 1745 5556 terra
1782 5505 1891 5562 illa.
1936 5526 1953 5558 ι
1992 5509 2150 5566 Vides

567 5573 834 5634 quomodo
874 5573 1067 5629 fastum
1125 5579 1366 5649 fugerit?
1424 5586 1502 5640 Illi
1546 5605 1673 5644 vero
1715 5610 1820 5648 non
1859 5607 1915 5650 ut
1966 5600 2149 5656 inobe-

565 5655 791 5723 dientes,
825 5666 915 5716 setl
950 5675 1004 5719 ut
1034 5673 1195 5737 grati,
1221 5673 1651 5745 divulgavcruut.
1689 5682 2146 5749 Quamvisautem

564 5744 756 5804 alicubi
806 5753 985 5811 dicere
1020 5761 1246 5831 videtur,
1285 5744 1405 5836 Abi,
1455 5781 1506 5824 et
1547 5789 1704 5827 narra
1740 5777 1967 5846 gloriam
2028 5781 2144 5849 Dei,

2277 3218 2562 3290 Κροιτεῖδέ
2594 3222 2693 3291 τῆς
2723 3223 2929 3295 χειρὸς,
2975 3225 3213 3291 ἐντιθεὶς
3255 3228 3489 3300 δύναμιν
3512 3247 3528 3262 ·
3562 3233 3659 3286 καὶ
3697 3235 3762 3286 σὺ
3793 3235 3880 3300 δὲ,

2276 3309 2372 3361 ἐὰν
2415 3311 2698 3383 νεκρωθῇς
2741 3317 2864 3377 ταῖς
2921 3317 3247 3388 ἁμαρτίαις,
3282 3320 3403 3373 τότε
3453 3322 3737 3397 ἀναστήσῃ
3783 3326 3879 3380 ὅτι

2275 3403 2544 3473 κρατήσει
2579 3421 2673 3456 σου
2705 3405 2806 3474 τῆς
2858 3409 3045 3479 χειρὸς
3076 3410 3174 3481 τῆς
3206 3414 3547 3486 πρακτικῆς,
3575 3416 3672 3470 τὸν
3714 3418 3878 3489 ὄχλον

2273 3496 2366 3548 καὶ
2394 3496 2486 3549 τὸν
2517 3500 2904 3569 περισπάσμὺν
2931 3501 3202 3560 ἐκϐαλών.

2350 3629 2367 3660 ι
2403 3611 2509 3663 Kal
2542 3612 2849 3682 παράγοντι
2883 3617 3097 3670 ἐκεῖθεν
3129 3616 3208 3689 τῷ
3251 3620 3449 3693 Ἰησοῦ,
3491 3625 3878 3699 ἠκολούθησαν

2271 3702 2422 3770 αὖτῴ
2463 3702 2557 3755 δύο
2587 3705 2798 3772 τυφλοὶ,
2833 3709 3130 3777 κράζοντες
3165 3711 3261 3765 καὶ
3288 3713 3562 3780 λέγοντες·
3613 3719 3875 3791 Ἐλέησον

2269 3794 2437 3862 ἡμᾶς,
2467 3794 2564 3848 Υίὲ
2596 3799 2780 3850 Δαυῖδ.
2810 3817 2825 3848 ι
2858 3801 2919 3852 0i
2941 3801 3128 3871 τυφλοὶ
3157 3803 3232 3867 ὡς
3265 3807 3361 3864 τιέν
3387 3808 3507 3880 Θεῷ
3551 3811 3739 3881 ἔλεγον
3783 3817 3872 3880 τὸ,

2270 3883 2546 3955 Ἐλέησον’
2567 3886 2643 3950 ὡς
2675 3888 2730 3940 δὲ
2755 3889 3030 3963 ἀνθρώπῳ
3072 3893 3150 3956 τὸ,
3183 3895 3274 3949 Υἱὲ
3302 3899 3486 3953 Δαυῑδ.
3524 3901 3872 3973 Ἐθρυλλεῖτο

2267 3977 2375 4047 γὰρ
2407 3979 2555 4047 πυρὰ
2583 3982 2692 4041 τοῖς
2735 3980 3012 4046 Ἰουδαίοις
3053 3984 3127 4049 ὡς
3162 3987 3189 4038 ὁ
3220 3990 3465 4055 Μεσσίας
3503 3993 3568 4046 ἐκ
3608 3999 3870 4070 σπέρμα-

2266 4085 2358 4131 τος
2388 4069 2553 4121 Δαυῖδ
2592 4069 2894 4126 ἐλεύσεται.

2343 4201 2361 4233 ι
2412 4185 2651 4238 Ἐλθόντι
2692 4186 2748 4239 δὲ
2779 4188 2855 4251 είς
2893 4189 2991 4258 τὴν
3027 4191 3227 4258 οἰκίαν,
3275 4199 3582 4267 προσῆλθον
3626 4203 3776 4275 αὐτῷ
3810 4208 3866 4260 el

2265 4276 2478 4342 τυφλοί.
2514 4277 2622 4329 Καὶ
2672 4277 2820 4344 λέγει
2850 4281 3032 4342 αὐτοῖς
3077 4283 3105 4335 ό
3137 4285 3389 4355 Ἰησοῦς·
3436 4291 3732 4348 Πιστεύετε
3781 4301 3863 4352 ὅτι

2263 4365 2499 4436 δύναμαι
2525 4367 2682 4422 τοῦτο
2705 4371 2924 4441 ποιῆσαι
2943 4389 2958 4439 ;
2980 4375 3247 4443 Λέγουσιν
3271 4381 3444 4452 αὐτῷ’
3469 4385 3602 4450 Ναὶ,
3627 4387 3856 4458 Κύριε.)

2185 4489 2238 4548 D
2267 4459 2537 4530 Παρέλκει
2562 4464 2686 4526 τοὺς
2711 4466 2948 4534 τυφλοὺς
2971 4469 3098 4538 άχρι
3128 4471 3225 4525 καὶ
3252 4477 3352 4544 τῆς
3373 4477 3571 4544 οἰκίας,
3601 4481 3686 4534 ἵνα
3710 4481 3861 4556 δείξῃ

2265 4549 2364 4620 τὴν
2407 4552 2670 4622 ἐπίμονον
2717 4557 2899 4611 αὐτῶν
2954 4561 3164 4626 πίστιν,
3217 4567 3313 4618 καὶ
3368 4576 3675 4643 κατακρίνῃ
3733 4577 3859 4638 τοὺς

2267 4640 2577 4704 Ἰουδαίους.
2612 4645 2822 4717 Ἐρωτᾷ
2848 4648 2904 4701 δὲ
2949 4651 3146 4716 αὐτοὺς
3180 4657 3230 4708 εί
3259 4658 3608 4727 πιστεύουσι,
3641 4663 3854 4732 δεικνὺς

2263 4731 2345 4785 ὃτι
2372 4734 2547 4787 πάντα
2577 4738 2610 4806 ὴ
2644 4738 2828 4803 πίστις
2862 4745 3141 4815 κατορθοῖ.

2354 4868 2371 4900 t
2414 4850 2548 4904 Τότε
2575 4852 2755 4922 ἥψατο
2784 4856 2892 4910 τῶν
2923 4859 3221 4930 ὀφθαλμῶν
3251 4865 3453 4928 αὐτῶν,
3474 4869 3669 4939 λέγων·
3702 4874 3853 4929 Κατὰ

2263 4941 2361 5008 τὴν
2407 4943 2588 4997 πίστιν
2625 4947 2778 5015 ὑμῶν
2821 4950 3108 5022 γενηθήτω
3157 4955 3310 5026 ὑμῖν.
3344 4960 3454 5013 Kal
3498 4962 3854 5036 ἀνεῴχθησαν

2263 5033 2444 5086 αὐτῶν
2472 5037 2520 5088 oi
2550 5039 2840 5108 ὀφθαλμοί.
2876 5062 2894 5092 ι
2944 5042 3034 5098 Ἐν
3069 5049 3218 5116 οίκίᾳ
3265 5049 3565 5122 θεραπεύει
3614 5033 3711 5112 καὶ
3738 5033 3854 5115 κατ’

2266 5123 2421 5189 ἰδίαν,
2449 5128 2536 5180 διὰ
2569 5130 2627 5182 τὸ
2653 5133 2992 5201 ἀφιλόδοξον.
3026 5140 3316 5212 Πανταχοῦ
3349 5147 3460 5216 γάρ
3488 5165 3855 5224 ταπεινοφρο-

2262 5218 2373 5269 νεῖν
2401 5218 2662 5276 διδάσκει.

2340 5350 2358 5382 ι
2408 5334 2518 5386 Καὶ
2581 5337 2985 5410 ἐνεϐριμήσατο
3050 5345 3235 5412 αὐτοῖς
3286 5350 3316 5402 ό
3371 5352 3604 5422 Ἰησοῦς,
3655 5355 3854 5429 λέγων’

2275 5421 2468 5493 Ὁρᾶτε
2515 5428 2704 5497 μηδεὶς
2736 5435 3075 5499 γινωσκέτω.
3111 5441 3176 5492 Ui.
3231 5442 3286 5496 δὲ
3321 5421 3628 5512 ἐξελθόντες
3667 5421 3857 5524 διεφή-

2265 5534 2429 5585 μισαν
2464 5520 2625 5573 αὐτὸν
2651 5524 2708 5575 ἐν
2731 5525 2825 5595 ὅλῃ
2848 5530 2912 5596 τῇ
2941 5531 3010 5597 γῇ
3045 5532 3253 5604 ἐκείνῃ.
3279 5554 3295 5586 ι
3341 5537 3503 5610 Ὁρᾷς
3520 5541 3581 5594 τὸ
3611 5520 3852 5613 druso-1';

2274 5610 2502 5665 Ἐκεῖνοι
2550 5615 2627 5682 δὲ,
2687 5619 2785 5688 οὑχ
2832 5621 2905 5682 ὡς
2944 5623 3323 5696 ἀπειθοῦντες,
3366 5633 3481 5687 ἀλλ’
3513 5635 3591 5700 ὡς
3632 5643 3860 5714 εὐχαρ-

2262 5703 2510 5773 στοῦντες
2543 5708 2892 5780 διεφήμισαν.
2922 5715 2981 5766 Εἰ
3000 5715 3053 5766 δὲ
3084 5719 3319 5791 ἀλλαχοῦ
3346 5728 3619 5794 φαίνεται,
3640 5733 3818 5802 λέγων
3837 5753 3850 5767 ·

2265 5791 2526 5861 Ἀπελθῆ
2551 5798 2641 5849 7...".
2677 5800 2869 5868 διηγοῦ
2908 5803 3002 5874 τὴν
3023 5805 3179 5873 δόξαν
3209 5814 3301 5866 τοῦ
3334 5817 3489 5887 θεοῦ,
3519 5823 3676 5877 οὐδὲν
3699 5829 3857 5882 ενανο
