4080 6336
641 417 747 483 235

1493 421 2066 483 THEOPIIYLACTI
2105 419 2510 481 BULGARIJE
2552 421 2906 481 ARCHIEP.

3751 414 3867 477 236

625 531 722 586 eis
759 531 989 589 faciendi
1030 532 1283 587 miracula
1333 531 1604 598 virtutem,
1642 541 1698 584 ut
1728 545 1821 599 per
1857 529 2111 585 miracula
2152 529 2195 582 in

2307 543 2397 590 τες
2418 542 2430 557 ·
2463 527 2645 580 δίδωσι
2697 527 2752 580 δὲ
2779 526 2958 588 αὐτοῖς
2993 525 3049 578 τὸ
3099 524 3443 593 θαυματουργ
3457 525 3556 586 εῖν,
3580 525 3655 588 ὡς
3695 528 3763 580 ἂν
3791 529 3878 582 δια

641 623 1054 679 admirationem
1094 623 1442 688 adducerent,
1479 632 1532 676 ct
1569 623 1736 693 magis
1767 623 2197 692 obtemperantes

641 715 906 770 doctrina:
937 714 1167 768 habeant
1188 713 1494 769 auditores.

714 804 872 860 Vens.
901 806 955 860 2.
988 823 1005 856 ι
1048 805 1332 860 Duodecim
1361 815 1538 860 autem
1575 807 1938 876 apostolorum
1976 805 2195 860 nomina

637 908 761 953 sunt
795 898 907 953 hac
949 913 963 951 :
1007 894 1220 952 Primus
1272 896 1454 953 Simon
1507 899 1595 967 qui
1649 897 1845 953 dicitur
1886 895 2096 964 Pvtrus,
2145 907 2200 953 et

635 987 875 1042 Andreas
904 984 1070 1039 frater
1095 985 1229 1051 ejus.
1261 1004 1279 1036 ι
1304 983 1602 1040 Enumerat
1624 995 1804 1039 autem
1830 983 2194 1054 apostolorum

640 1078 878 1139 nomina,
912 1085 1132 1147 propter
1176 1077 1672 1147 pscudoapostolos.
1724 1074 1993 1145 Praepouit
2017 1085 2196 1133 autem

639 1167 853 1223 Petrum
881 1167 957 1240 (ο)
1011 1180 1065 1223 et
1094 1169 1383 1232 Andream,
1416 1169 1668 1238 quoniam
1699 1180 1752 1224 et
1783 1170 2012 1237 primum
2043 1177 2199 1223 erant

639 1260 832 1316 vocati.
857 1259 1060 1315 Deinde
1099 1274 1304 1330 ponens
1337 1259 1473 1314 Illius
1502 1259 1767 1324 Zebedtei,
1815 1259 2072 1335 pra'ponlt
2102 1256 2195 1312 Ja-

635 1349 1067 1414 cobum-Joanni,
1101 1366 1205 1405 non
1232 1362 1449 1420 propter
1472 1352 1808 1420 dignitatem,
1841 1350 1934 1405 sed
1968 1351 2090 1409 uuia
2120 1350 2192 1404 ita

635 1443 923 1498 acciderat.
958 1441 1094 1497 Dicit
1118 1442 1278 1512 igitur
1310 1459 1324 1496 :

709 1532 864 1586 Vens.
901 1533 956 1597 5,
1001 1530 1055 1585 ό.
1093 1549 1111 1582 ι
1146 1529 1378 1587 Jacobus
1408 1530 1650 1586 Zebedai
1683 1532 1845 1597 ﬁlius,
1880 1541 1934 1586 et
1961 1530 2196 1587 Joannes

635 1624 799 1677 frater
820 1621 956 1692 eius,
984 1621 1258 1691 Philippus
1289 1633 1344 1676 et
1375 1621 1826 1688 Bartholomreus,
1878 1623 2115 1680 Thomas
2144 1635 2198 1678 et

634 1713 914 1768 Matthazus
951 1711 1285 1782 publicanus,
1309 1711 1543 1768 Jucohus
1580 1714 1808 1781 Alphei,
1855 1723 1910 1768 et
1937 1713 2197 1768 Lebbaus

635 1815 991 1876 cognomento
1016 1803 1337 1868 Thaddreus,
1380 1803 1568 1860 Simon
1592 1805 1910 1871 Cananaeus,
1948 1817 2001 1860 et
2027 1804 2195 1860 Judas

2304 616 2412 671 τῶν
2451 619 2746 687 θαυμάτων
2784 617 3285 687 καταπλήσσοντες.
3321 616 3455 688 πρὸς
3490 617 3590 688 τὴν
3622 618 3876 675 διδασκα-

2303 711 2422 764 λίαν
2445 709 2755 780 πειθηνίους
2777 710 2944 780 ἔχωσι
2973 709 3098 772 τοὺς
3128 709 3422 779 ἀκροατάς.

2379 819 2396 850 ι
2437 799 2557 852 Τῶν
2618 799 2674 851 δὲ
2738 798 2948 852 δώδεκα
3007 798 3320 852 ἀποστόλων
3369 801 3438 852 τά
3486 801 3728 872 ὀνόματα
3771 803 3878 856 sict

2299 893 2495 948 ταῦτα·
2532 893 2756 964 Πρῶτος
2792 893 2974 962 Σίμων
3003 893 3033 944 ό
3063 893 3354 963 λεγόμενος
3378 895 3604 967 Πέτρος,
3636 901 3728 951 καὶ
3762 899 3878 951 Ἀνο

2299 985 2465 1055 δρὲας
2494 987 2521 1038 ό
2549 984 2777 1052 ἀδελφὸς
2807 983 2994 1038 αὑτοῦ.
3025 1003 3043 1036 ι
3075 983 3380 1051 Καταλέγει
3411 984 3478 1038 τὰ
3509 986 3618 1039 τῶν
3646 989 3878 1041 ἀποστό-

2299 1076 2406 1129 λων
2450 1078 2709 1142 ὀνόματα.
2744 1075 2831 1129 διὰ
2877 1075 3004 1138 τοὺς
3049 1074 3539 1144 ψευδαποστόλους.
3581 1079 3877 1146 Προτίθησι

2299 1166 2352 1218 δὲ
2389 1166 2590 1236 Πέτρον
2611 1167 2703 1219 καὶ
2733 1165 3012 1237 Ἀνδρίαν,
3037 1166 3169 1219 διότι
3194 1167 3288 1219 καὶ
3310 1167 3706 1237 πρωτόκλητοι.
3741 1165 3876 1223 Εἶτα

2298 1257 2420 1320 τοὺς
2445 1257 2540 1309 τοῦ
2571 1255 2856 1309 Ζεϐεδαίου
2881 1272 2896 1286 ο
2949 1257 3238 1326 προτάττει
3265 1257 3320 1311 δὲ
3349 1257 3440 1309 τὸν
3482 1257 3741 1310 Ἰάκωϐον
3777 1259 3874 1311 τοῦ

2313 1347 2588 1401 Ἱωάννου’
2617 1348 2677 1400 οὐ
2712 1347 2818 1418 γὰρ
2851 1347 2990 1400 κατά
3017 1347 3112 1416 τὴν
3141 1347 3318 1413 ἀξίαν,
3350 1348 3466 1400 ἀλλ’
3506 1347 3694 1412 ἁπλῶς
3730 1354 3876 1403 κατά

2298 1438 2358 1490 τὸ
2390 1439 2708 1509 παραπεσὸν
2747 1439 3037 1506 καταλέγει
3070 1437 3319 1502 τούτους.
3350 1440 3486 1507 Φησὶ
3516 1438 3650 1505 γοῦν
3681 1453 3696 1468 ·

2375 1547 2394 1582 t
2441 1532 2694 1594 Ἰάκωϐος
2731 1533 2758 1584 6
2784 1529 2876 1583 τοῦ
2915 1531 3224 1596 Ζεϐεδαίου,
3256 1531 3352 1583 καὶ
3381 1528 3638 1599 Ἰωάννης
3671 1533 3698 1582 ό
3723 1531 3880 1584 ἀδελ·

2300 1624 2396 1689 φὺς
2424 1621 2608 1686 αὑτοῦ,
2639 1622 2905 1684 Φίλιππος
2949 1622 3045 1675 καὶ
3085 1621 3509 1693 Βαρθολομαῖος,
3538 1621 3744 1691 Θωμᾶς
3779 1622 3874 1674 καὶ

2299 1716 2576 1778 Ματθάἰος
2606 1717 2633 1768 ό
2666 1715 2927 1786 τελώνης,
2967 1714 3226 1780 Ἰάκωϐος
3259 1719 3286 1769 ό
3332 1715 3426 1769 τοῦ
3453 1715 3736 1785 Ἀλφαίου,
3785 1718 3883 1769 καὶ

2299 1809 2562 1869 Λεϐϐαῖος
2584 1809 2611 1859 ό
2641 1807 2956 1879 ἐπικληθεὶς
2977 1808 3255 1871 Θαδδαῖος,
3278 1809 3460 1876 Σίμων
3483 1811 3509 1860 ό
3539 1809 3881 1878 Κανανίτης.

638 1873 941 1960 lac-ariotes,
974 1895 1064 1961 qui
1105 1905 1157 1946 et
1200 1894 1418 1947 tradidit
1458 1893 1627 1947 illum.
1680 1913 1697 1945 ι
1752 1894 1884 1949 Vide
1918 1895 2192 1950 humilita-

2299 1901 2390 1952 καὶ
2430 1899 2630 1963 Ἰούδας
2668 1873 3026 1969 Ἰσκαριώτης
3076 1902 3104 1952 6
3144 1900 3236 1952 καὶ
3287 1873 3564 1969 παραδοὺς
3613 1873 3819 1952 αὑτόνί
3853 1917 3876 1950 ι

637 1995 741 2039 tum
788 1983 1047 2046 Matthxi,
1080 1984 1350 2053 quomodo
1380 1999 1438 2038 se
1465 1994 1587 2054 post
1616 1985 1876 2040 Thomam
1908 1986 2190 2042 ordinarit.

635 2078 712 2128 Ad
742 2074 933 2128 ludam
972 2086 1146 2128 autem
1172 2090 1295 2128 cum
1325 2075 1579 2140 venisset,
1617 2093 1720 2131 non
1758 2078 1927 2132 dixit:
1960 2076 2197 2132 Pollutus

637 2169 741 2233 ille,
769 2170 1018 2226 inimicus
1052 2171 1139 2226 ille
1171 2171 1285 2237 Dei,
1316 2174 1409 2228 sed
1441 2171 1751 2227 lscarioletu
1785 2170 1932 2224 illum
1965 2185 1994 2224 a
2022 2169 2193 2238 patria

635 2260 948 2314 nominavit.
998 2261 1128 2315 Erat
1176 2262 1317 2314 enim
1359 2272 1412 2316 et
1453 2262 1593 2317 alius
1631 2260 1814 2326 ludas,
1852 2260 1941 2329 qui
1972 2270 2026 2314 et
2054 2258 2192 2313 Leb-

635 2355 776 2407 breus
809 2363 863 2406 et
913 2351 1211 2408 Thaddazus
1250 2353 1547 2408 dicebatur.
1597 2351 1712 2407 Duo
1759 2353 1923 2422 igitur
1983 2348 2192 2415 Jacobi,

635 2460 826 2514 ncmpe
868 2461 1006 2500 unus
1032 2444 1298 2511 Zehedaei,
1340 2446 1477 2500 alter
1505 2445 1708 2514 Alphaei
1741 2462 1754 2497 :
1789 2454 1844 2498 et
1885 2442 1991 2498 duo
2019 2441 2192 2506 ludas,

635 2534 934 2590 'l‘haddzeus
962 2553 1099 2592 unus
1121 2577 1136 2602 ,
1171 2548 1225 2590 et
1269 2537 1402 2590 alter
1433 2537 1690 2606 proditor.
1727 2536 1859 2592 Tres
1897 2545 2076 2591 autem
2112 2535 2196 2590 Si-

635 2640 839 2690 ntones,
860 2628 1064 2682 scilicet
1079 2626 1295 2692 Petrus,
1324 2635 1378 2681 et
1405 2628 1724 2694 Cananzeus,
1751 2638 1804 2683 et
1826 2626 2083 2699 proditor.
2108 2626 2193 2682 Si-

635 2730 756 2768 mon
786 2717 928 2770 enim
960 2715 1123 2772 ludis
1144 2716 1428 2773 lscariotes
1457 2717 1565 2790 47
1593 2719 1894 2773 dicebatur.

705 2801 868 2858 Vens.
931 2805 1049 2860 5-7.
1104 2823 1123 2858 ι
1171 2804 1285 2862 Hos
1328 2806 1606 2862 duodecim
1649 2809 1829 2862 emisit
1895 2804 2075 2874 Jesus,
2141 2816 2195 2861 et

634 2898 889 2964 przeccpit
909 2887 1010 2964 eis,
1033 2897 1219 2953 dicens
1243 2915 1256 2952 :
1279 2897 1336 2953 In
1360 2899 1496 2952 viam
1516 2899 1754 2968 gentium
1772 2913 1840 2953 ne
1862 2898 2195 2964 abieritis,et

632 2987 686 3040 iu
705 2987 974 3041 civitatem
994 2988 1461 3042 Samaritanorum
1493 3004 1559 3044 ne
1578 2989 1950 3057 ingrediamini
1971 3003 1986 3042 :
2007 2990 2098 3044 sed
2123 2989 2196 3043 ite

633 3079 811 3146 patitts
840 3079 908 3132 ad
939 3093 1066 3133 oves
1095 3079 1332 3148 perditas
1360 3079 1550 3134 domus
1578 3080 1761 3134 Israel.
1783 3078 2193 3135 Prollciscentes

2302 1993 2403 2042 Ἴδε
2433 1993 2778 2044 ταπείνωσιν
2830 1991 2926 2045 τοῦ
2975 1991 3283 2057 Ματθαίου,
3330 1992 3447 2053 πῶς
3496 1990 3689 2045 ἑαυτὸν
3740 1990 3881 2058 μετά

2295 2082 2387 2135 τὸν
2416 2084 2616 2150 Θωμᾶν
2667 2082 2876 2149 ἔταξεν.
2928 2083 3052 2136 Ἐπὶ
3097 2082 3152 2135 δὲ
3180 2081 3270 2135 τδν
3313 2080 3520 2135 Ἰούδαν
3549 2081 3744 2145 ἐλθὼν,
3779 2082 3884 2133 οὐκ

2293 2169 2446 2227 εἶπεν
2473 2176 2501 2227 6
2534 2173 2749 2243 μιαρὸς,
2781 2175 2810 2226 6
2839 2173 2929 2226 τοῦ
2961 2173 3094 2226 Θεοῦ
3126 2171 3340 2243 ἐχθρὸς.
3369 2173 3486 2227 ἀλλ’
3511 2172 3876 2241 Ἰσκαριώτην

2295 2265 2456 2318 αὐτὸν
2509 2264 2618 2318 ἀπὸ
2663 2267 2762 2335 τῆς
2815 2265 3072 2336 πατρίδος
3118 2266 3420 2332 ὠνόμασεν.
3466 2257 3575 2318 Ἦν
3633 2264 3742 2334 γὰρ
3787 2264 3884 2316 καὶ

2293 2354 2475 2425 ἕτερος
2513 2354 2751 2418 Ἰούδας,
2795 2356 2823 2407 6
2866 2357 2960 2408 καὶ
3011 2354 3278 2416 Λεϐϐαῖος
3308 2357 3399 2407 καὶ
3442 2355 3724 2414 Θαδδαῖος.
3775 2351 3884 2404 Δύο

2294 2445 2471 2498 τοίνυν
2489 2443 2772 2508 -Ἰάκωϐοι,
2828 2447 2856 2498 6
2904 2445 2999 2498 τοῦ
3051 2445 3360 2509 Ζεϐεδαίου,
3406 2445 3500 2497 καὶ
3547 2445 3576 2496 6
3627 2444 3723 2496 τοῦ
3754 2443 3881 2497 ’Λλο

2296 2538 2476 2604 φαίου,
2509 2538 2602 2590 καὶ
2631 2537 2721 2590 δύο
2753 2537 2968 2600 Ἰοῦδαι,
3008 2536 3035 2588 6
3077 2536 3356 2601 Θαδδαῖος,
3403 2537 3497 2589 καὶ
3527 2535 3554 2587 6
3583 2535 3872 2606 προδότης.

2297 2628 2404 2680 Καὶ
2433 2631 2582 2698 τρεῖς
2625 2629 2890 2697 Σίμωνες,
2933 2630 2961 2679 6
3006 2625 3233 2697 Πέτρος,
3266 2630 3293 2681 6
3343 2627 3678 2696 Κανανίτης,
3712 2628 3807 2680 καὶ
3840 2628 3869 2679 6

2293 2721 2578 2790 προδότης.
2610 2721 2789 2791 Σίμων
2831 2721 2938 2790 γὰρ
2969 2720 3168 2783 Ἰούδας
3202 2719 3554 2792 Ἰσκαριώτης
3598 2720 3838 2788 ἐλέγετο.

2367 2831 2388 2864 ε
2417 2813 2650 2876 Τούτους
2672 2814 2794 2876 τοὺς
2832 2813 3037 2866 δώδεκα
3075 2813 3388 2866 ἀπέστειλεν
3412 2813 3440 2866 6
3469 2811 3699 2881 Ἰησοῦς,
3732 2828 3877 2882 παρ-

2295 2904 2552 2973 αγγείλας
2606 2905 2812 2968 αὑτοϊς,
2848 2904 3055 2972 λέγων’
3096 2906 3188 2967 Εἰς
3228 2903 3343 2958 όδδν
3377 2903 3546 2956 ἐθνῶν
3594 2903 3670 2974 μὴ
3709 2902 3880 2956 ἀπελρ

2296 2994 2446 3066 θητε,
2476 2997 2566 3050 καὶ
2611 2997 2689 3057 είς
2740 2994 2894 3048 πόλιν
2920 2994 3275 3065 Σαμαρειτῶν
3300 3000 3374 3064 μη
3404 2992 3684 3062 είσέλθητε
3706 3007 3722 3021 °
3773 3009 3876 3044 που

2297 3085 2516 3156 ρεύεσθε
2556 3085 2612 3138 δὲ
2656 3085 2853 3155 μᾶλλον
2883 3085 3020 3156 πρὸς
3057 3085 3124 3138 τὰ
3173 3085 3421 3156 πρόϐατα
3455 3086 3521 3138 τὰ
3555 3083 3877 3138 ἀπολωλότα

636 3179 812 3223 autem
843 3171 1151 3238 pmdicate,
1173 3171 1415 3226 dicentes
1439 3189 1452 3225 :
1476 3173 1941 3243 Appmpinquavit
1969 3187 2189 3243 regnum

2299 3177 2442 3228 οἴκου
2471 3175 2707 3245 Ἰσραήλ.
2756 3176 3121 3246 Πορευόμενοι
3147 3171 3202 3229 δὶ
3235 3175 3564 3244 κηρύσσετε,
3592 3175 3876 3243 λέγοντες,

632 3260 912 3314 cmlorum.
952 3279 972 3312 ι
1005 3261 1132 3327 llos,
1151 3261 1373 3329 quales?
1399 3263 1722 3330 Piscatores,
1742 3265 2010 3334 vulgares,
2022 3263 2195 3332 publi-

633 3366 814 3405 canos.
836 3351 1075 3407 Primum
1106 3364 1287 3409 autem
1319 3341 1588 3409 eos°misit
1615 3355 1680 3409 ad
1705 3353 1941 3419 Judzos,
1963 3371 2028 3410 ne
2056 3356 2199 3409 dice.

634 3457 692 3496 re
718 3440 950 3511 queant':
972 3444 1236 3510 Quoniam
1269 3446 1334 3500 ad
1356 3446 1582 3516 gentiles
1600 3447 1746 3502 missi
1779 3448 2010 3511 luerunt,
2031 3447 2194 3501 idcir-

2294 3267 2375 3319 ὅτι
2422 3268 2687 3333 Ἤγγικεν
2736 3267 2769 3337 ἡ
2815 3267 3060 3337 βασιλεία
3108 3267 3216 3319 τῶν
3245 3262 3507 3335 οὐρανῶν.
3544 3285 3564 3318 ι
3612 3267 3872 3332 Τούτους·

2296 3352 2519 3419 ποίουςς
2561 3352 2700 3417 Τοὺς
2749 3355 2939 3418 ἁλιεῖς,
2991 3357 3116 3417 τοὺς
3181 3352 3414 3418 ἰδιώτας,
3463 3357 3589 3418 τοὺς
3614 3356 3874 3420 τελώνας.

2296 3445 2729 3515 Προηγουμένως
2754 3445 2810 3499 δὲ
2847 3446 2960 3510 τοῖς
3006 3444 3282 3508 Ἰουδαίοις
3312 3445 3628 3500 ἀποστέλλει
3652 3447 3876 3513 αὐτοὺς,

633 3545 698 3587 co
726 3546 825 3587 nos
851 3532 1017 3590 «ιυάὼὶ
1042 3535 1165 3604 jure
1195 3550 1300 3591 non
1345 3537 1697 3592 credidimus.
1739 3539 1988 3593 Destituit
2033 3539 2194 3608 igitur

2299 3535 2380 3588 ίνα
2422 3537 2496 3604 μὴ
2519 3536 2682 3605 ἔχωσι
2705 3535 2882 3603 λέγειν
2927 3537 3007 3588 ὅτι
3038 3539 3175 3604 πρὸς
3197 3539 3324 3599 τοὺς
3349 3535 3597 3600 ἑθνικοῦς
3627 3540 3876 3594 ἀπεστά-

634 3623 847 3679 Judzeos
885 3628 1028 3681 omni
1063 3629 1432 3684 excusatione.
1456 3628 1745 3700 Conjungit
1784 3641 1958 3685 autem
1997 3629 2191 3685 Sama-

636 3715 840 3770 ritanos
893 3717 1204 3786 gentilibus,
1243 3720 1499 3788 quoniam
1552 3719 1830 3791 Babylonii
1866 3733 2110 3790 erant,et
2141 3725 2192 3777 itt

633 3806 813 3861 Judaa
851 3808 1175 3865 domicilium
1209 3811 1496 3878 habebant,
1523 3813 1915 3884 prophetasque
1957 3831 2061 3869 non
2105 3831 2189 3870 re-

635 3897 926 3966 cipiebant,
952 3900 1046 3955 sed
1079 3903 1449 3956 tantummodo
1491 3904 1728 3972 quinque
1774 3904 1940 3960 libros
1971 3903 2187 3974 Moysis.

636 3986 802 4044 Porro
850 4003 945 4058 per
1001 4006 1226 4062 regnum
1276 3993 1558 4060 calorum,
1603 3996 1904 4050 futurorum
1957 3996 2193 4065 itttelligc

637 4080 962 4136 lruitionem.
999 4084 1188 4138 Arutat
1239 4095 1417 4140 autem
1469 4100 1562 4140 eos
1620 4088 1916 4150 miraculis,
1964 4090 2190 4142 diccus:

709 4357 871 4414 Vens.
897 4361 948 4414 7.
979 4378 998 4412 ι
1026 4360 1271 4416 lnlirtuos
1293 4371 1504 4430 sanato,
1526 4361 1766 4431 leprosos
1790 4365 2060 4430 mundata,
2084 4365 2190 4418 dae-

2292 3627 2486 3694 λησαν,
2527 3629 2619 3680 καὶ
2643 3628 2729 3681 διὰ
2756 3628 2913 3682 τοῦτο
2943 3630 3102 3698 ἡμεῖς
3131 3630 3181 3680 οι
3225 3627 3470 3681 Ἰουδαῖοι
3497 3629 3598 3683 οὐκ
3618 3631 3878 3684 ἐπιστεύ-

2297 3733 2486 3788 σαμεν.
2541 3719 3011 3788 Ἀπροφασίστους
3067 3714 3160 3772 οὖν
3207 3720 3332 3782 τοὺς
3373 3719 3658 3790 Ἰουδαίους
3705 3725 3876 3776 ποιεῖ.

2295 3810 2562 3861 Συνάπτει
2617 3810 2674 3862 δὲ
2719 3809 2846 3873 τοὺς
2898 3809 3243 3880 Σαμαρείτας
3289 3814 3405 3874 τοῖς
3457 3812 3716 3877 ὲθνικοίς,
3749 3815 3879 3865 ἐπεὶ

2291 3893 2621 3950 Βαϐυλώνιοι
2678 3897 2830 3961 ὄντες
2885 3897 3213 3969 κατῴκησαν
3269 3900 3369 3968 τὴν
3437 3899 3726 3963 Ἰουδαίαν,
3777 3901 3878 3953 καὶ

2293 3989 2411 4041 οὐδὲ
2440 3990 2563 4052 τοὺς
2595 3991 2874 4060 προφήτας
2897 3991 3162 4062 ἐδέχοντο,
3220 3992 3356 4045 ἀλλὰ
3431 3992 3570 4062 μόνα
3609 3992 3678 4045 τά
3709 3995 3875 4046 πέντε

2295 4077 2388 4130 τοῦ
2420 4079 2660 4141 Μωσέως
2692 4079 2870 4149 βιϐλία
2893 4098 2906 4111 ·
2941 4082 3215 4150 βασιλείαν
3243 4084 3299 4136 δὲ
3340 4084 3607 4152 οὐρανῶν,
3657 4088 3752 4138 καὶ
3776 4086 3878 4156 τὴν

2301 4172 2600 4240 μέλλουσαν
2638 4172 2938 4226 ἀπόλαυσιν
2971 4175 3104 4230 νόει.
3153 4175 3394 4239 Ὀπλίζει
3441 4176 3497 4229 δὲ
3529 4176 3724 4238 αὐτοὺς
3757 4180 3876 4238 τοῖς

2298 4262 2560 4332 θαύμασι,
2589 4263 2760 4332 λέγων
2780 4282 2792 4295 ·

2374 4394 2392 4424 t
2447 4375 2831 4440 ’Δσθενοῦντας
2866 4378 3223 4448 θεραπεύετε,
3249 4379 3484 4450 λεπροὺς
3520 4380 3874 4452 καθαρίζετε,

640 4464 825 4504 mones
866 4449 1070 4516 ejicite.
1094 4449 1274 4507 Gratis
1299 4453 1606 4522 accepistis,
1639 4454 1806 4524 gratis
1836 4457 1975 4509 date.
1999 4473 2018 4506 ι
2051 4455 2192 4509 Nihil

2299 4466 2546 4537 δαιμόνια
2568 4469 2876 4523 ἐκϐάλλετε.
2914 4473 3132 4540 Δωρεάν
3169 4473 3413 4537 ἐλάϐετε,
3441 4449 3815 4543 δωρεὰν-δότε.
3849 4495 3868 4526 ι

638 4553 744 4595 tam
779 4545 934 4598 decet
963 4543 1263 4609 doctorem,
1286 4559 1444 4612 quam
1477 4545 1752 4598 humilitas
1801 4554 1854 4599 et
1883 4547 2194 4599 divitiarum

2303 4557 2468 4610 Οὐδὲν
2498 4559 2667 4622 οὓτως
2705 4561 2934 4632 ἁρμόζει
2973 4565 3051 4631 τῷ
3086 4565 3416 4634 διδασκάλῳ,
3445 4566 3520 4628 ὡς
3543 4570 3876 4632 ταπείνωσις

638 4643 1000 4704 contemptus.
1023 4633 1138 4688 Duo
1163 4636 1325 4704 igitur
1355 4637 1466 4690 haec
1494 4637 1594 4690 hoc
1624 4638 1740 4691 loco
1772 4641 1948 4702 docet,
1975 4639 2192 4693 dicens:

637 4727 814 4778 Gratis
841 4727 1144 4794 accepistis,
1181 4741 1246 4780 ne
1275 4727 1632 4796 superbirent,
1661 4733 1799 4798 quod
1834 4731 1954 4784 talia
1988 4731 2122 4784 dona
2143 4741 2196 4784 ct

637 4817 899 4871 haberent
939 4827 993 4870 et
1019 4817 1230 4873 darent.
1256 4817 1587 4873 Gratisenitn
1617 4831 1663 4874 et
1683 4836 1779 4889 per
1811 4824 2037 4890 gratiam
2067 4822 2190 4876 talia

634 4908 941 4977 accepistis,
960 4909 1052 4961 sed
1091 4924 1211 4963 cum
1258 4909 1560 4965 humilitate
1585 4920 1635 4964 et
1679 4911 1985 4966 divitiarum
2029 4923 2200 4968 estote

637 5006 1057 5067 contemptores.
1108 4997 1289 5052 Gratis
1312 4999 1479 5064 enim,
1506 4999 1700 5068 inquit,
1726 5005 1868 5055 date.
1895 4999 1962 5053 Et
1995 5012 2048 5054 ut
2079 5017 2201 5070 pcr-

641 5086 832 5142 leclius
863 5088 1123 5142 tnalorutu
1146 5089 1386 5143 Omnium
1427 5089 1573 5142 radix
1605 5091 1951 5159 exstirpetur,
1995 5093 2200 5163 inquit:

713 5297 874 5352 Vrsas.
892 5297 945 5361 9,
969 5299 1050 5353 ll).
1075 5319 1091 5350 ι
1121 5297 1232 5352 Non
1253 5300 1568 5368 pussideatis
1586 5316 1802 5364 aurum,
1821 5318 1991 5371 neque
2009 5320 2203 5373 argen-

643 5397 772 5450 tum,
794 5403 968 5458 neque
994 5404 1068 5443 es
1099 5389 1152 5442 in
1178 5389 1328 5444 zonis
1347 5391 1560 5454 vestris,
1587 5408 1756 5462 neque
1780 5407 1962 5462 peram
1987 5395 2051 5447 ad
2079 5396 2202 5461 iter,

644 5494 813 5547 neque
831 5479 964 5533 duas
1010 5481 1241 5543 tunicas,
1267 5495 1439 5550 neque
1467 5483 1854 5546 calceamenta,
1880 5497 2052 5552 neque
2092 5486 2202 5538 vir-

642 5584 760 5637 gam
782 5591 791 5620 ;
812 5571 1000 5638 dignus
1022 5573 1166 5624 enim
1187 5571 1562 5640 estoperarius
1583 5588 1678 5628 suo
1702 5572 1842 5627 cibo.
1873 5593 1890 5624 ι
1913 5573 2100 5642 Magno
2117 5586 2229 5629 stu-

649 5822 658 5834 _
714 5755 788 5823 (α)
823 5755 1036 5836 Videtur
1079 5761 1163 5836 hic
1203 5765 1458 5819 interesse
1494 5762 1876 5836 Thcophylacti
1921 5771 2204 5836 primatum

648 5837 781 5882 tctcr
814 5834 1083 5898 apostolus
1112 5833 1267 5888 l'ctt'o
1295 5840 1604 5900 cornedcte,
1639 5833 1756 5891 cum
1810 5833 1934 5893 vcre
1972 5843 2196 5910 dignita-

2303 4651 2392 4702 καὶ
2429 4652 2802 4721 ἀκτημοτύνη.
2834 4650 2914 4706 Τά
2943 4655 3036 4706 δύο
3065 4657 3242 4708 τοίνυν
3288 4658 3457 4711 ταῦτα
3488 4657 3720 4711 ενταῦθα
3763 4659 3876 4714 δεί-

2301 4759 2474 4804 κνυσι,
2493 4743 2707 4810 Δωρεὰν
2733 4744 2977 4807 ἐλάϐετε,
2999 4747 3121 4814 λέγμ
3142 4764 3190 4800 ν·
3209 4751 3282 4818 μὴ
3304 4750 3411 4818 γὰρ
3429 4749 3873 4822 ὑψηλοφρονεῐτε,

2303 4834 2376 4896 ῶς
2407 4834 2629 4887 τοιαῦτα
2657 4837 2835 4903 ἀγαθά
2861 4838 3074 4906 ἔχοντες
3097 4842 3190 4893 καὶ
3222 4842 3475 4907 διδόντες.
3511 4846 3730 4916 Δωρεάν
3765 4847 3876 4915 γὰρ

2306 4923 2400 4976 καὶ
2432 4925 2613 4994 χάριτι
2670 4925 2840 4980 ταῦτα
2869 4928 3042 4996 ἔχετε,
3107 4929 3238 4983 ἀλλά
3273 4932 3370 4984 σὺν
3417 4933 3493 5003 τῷ
3519 4951 3880 5006 ταπεινοφρο-

2306 5018 2434 5079 νείν,
2461 5020 2551 5069 καὶ
2572 5017 3001 5088 ἀφιλοχρήματοι
3021 5022 3266 5088 γένεσθε.
3301 5026 3520 5093 Δωρεάν
3553 5027 3679 5098 γὰρ,
3718 5029 3877 5097 φησι,

2305 5106 2443 5161 δότε.
2477 5109 2810 5177 Τελεώτερον
2839 5110 2894 5162 δὲ
2921 5111 3180 5166 ἀνασπῶν
3207 5113 3305 5184 τὴν
3339 5115 3496 5185 ῥίζαν
3523 5118 3743 5172 πάντων
3767 5117 3874 5171 τῶν

2309 5198 2509 5261 κακῶν,
2543 5198 2703 5267 φησίν
2725 5215 2737 5262 j

2381 5329 2398 5360 ι
2428 5310 2515 5380 Μὴ
2545 5313 2817 5383 κτήσησθε
2846 5315 3062 5384 χρυσὸν,
3092 5316 3226 5386 μηδὲ
3248 5315 3511 5386 ἄργυρον,
3547 5319 3682 5389 μηδὲ
3740 5319 3875 5390 χαλ-

2309 5401 2400 5453 κὸν
2424 5404 2498 5464 είς
2529 5403 2624 5466 τὰς
2651 5403 2824 5467 ζώνας
2855 5405 3031 5474 ὑμῶν,
3084 5407 3158 5475 μὴ
3206 5409 3389 5480 πήραν
3446 5411 3526 5473 είς
3554 5409 3692 5476 666v,
3745 5411 3877 5481 μηδὲ

2305 5489 2398 5542 δύο
2427 5491 2679 5560 χιτῶνας,
2731 5493 2866 5561 μηδὲ
2898 5495 3241 5565 ὑποδήματα,
3277 5498 3410 5567 μηδὲ
3444 5497 3669 5569 ῥάϐδους
3730 5501 3880 5566 ἄξιος

2306 5590 2415 5649 γαρ
2446 5586 2473 5634 6
2497 5585 2731 5652 ἐργάτης
2763 5587 2859 5654 τῆς
2890 5587 3092 5656 τροφῆς
3123 5587 3286 5641 αὑτοῦ
3317 5589 3484 5642 ἐστιν.
3519 5608 3537 5642 t
3583 5591 3675 5654 Ei;
3696 5595 3882 5646 πᾶσαν

2317 5783 2420 5826 te-u
2471 5774 2711 5877 absolute
2761 5793 2865 5832 non
2923 5780 3257 5837 vocationem
3320 5792 3626 5852 spectarent
3685 5780 3886 5852 ubique

2307 5863 2333 5897 ε
2354 5883 2356 5886 μ
2375 5860 2663 5913 ιιιιξςυῑιῆὶακ
