  <div class='ocr_page' id='page_1' title='image "/cluster/home/n/w/nwhite01/storage/ocr_20150623/123/pst.000005714384/124.png"; bbox 0 0 4080 6336; ppageno 0'>
   <div class='ocr_carea' id='block_1_1' title="bbox 198 447 305 509">
    <p class='ocr_par' dir='ltr' id='par_1_1' title="bbox 198 447 305 509">
     <span class='ocr_line' id='line_1_1' title="bbox 198 447 305 509; baseline 0.028 -3"><span class='ocrx_word' id='word_1_1' title='bbox 198 447 305 509; x_wconf 70' lang='grc' dir='ltr'>εῖτ-ι</span> 
     </span>
    </p>
   </div>
   <div class='ocr_carea' id='block_1_2' title="bbox 874 443 2781 511">
    <p class='ocr_par' dir='ltr' id='par_1_2' title="bbox 874 443 2781 511">
     <span class='ocr_line' id='line_1_2' title="bbox 874 443 2781 511; baseline -0.002 -2"><span class='ocrx_word' id='word_1_2' title='bbox 874 449 1321 511; x_wconf 76' lang='lat' dir='ltr'><strong>ENARRATIO</strong></span> <span class='ocrx_word' id='word_1_3' title='bbox 1359 447 1441 510; x_wconf 79' lang='lat' dir='ltr'><strong>IN</strong></span> <span class='ocrx_word' id='word_1_4' title='bbox 1479 443 1981 509; x_wconf 79' lang='lat' dir='ltr'><strong>EVANGELIUM</strong></span> <span class='ocrx_word' id='word_1_5' title='bbox 2010 446 2393 506; x_wconf 70' lang='lat' dir='ltr'><strong>MATTIl/El.</strong></span> <span class='ocrx_word' id='word_1_6' title='bbox 2426 472 2486 483; x_wconf 84' lang='lat'><strong>-</strong></span> <span class='ocrx_word' id='word_1_7' title='bbox 2518 447 2672 507; x_wconf 86' lang='lat' dir='ltr'><strong>CAP.</strong></span> <span class='ocrx_word' id='word_1_8' title='bbox 2709 449 2781 507; x_wconf 85' lang='lat' dir='ltr'><strong>X.</strong></span> 
     </span>
    </p>
   </div>
   <div class='ocr_carea' id='block_1_3' title="bbox 3332 445 3438 509">
    <p class='ocr_par' dir='ltr' id='par_1_3' title="bbox 3332 445 3438 509">
     <span class='ocr_line' id='line_1_3' title="bbox 3332 445 3438 509; baseline 0 0"><span class='ocrx_word' id='word_1_9' title='bbox 3332 445 3438 509; x_wconf 75' lang='lat'><strong>238</strong></span> 
     </span>
    </p>
   </div>
   <div class='ocr_carea' id='block_1_4' title="bbox 197 552 1772 631">
    <p class='ocr_par' dir='ltr' id='par_1_4' title="bbox 197 559 1772 631">
     <span class='ocr_line' id='line_1_4' title="bbox 197 559 1772 631; baseline -0.004 -16"><span class='ocrx_word' id='word_1_10' title='bbox 197 576 487 631; x_wconf 80' lang='grc' dir='ltr'>ακριοειαν</span> <span class='ocrx_word' id='word_1_11' title='bbox 542 559 737 621; x_wconf 79' lang='grc' dir='ltr'>αὐτοὺς</span> <span class='ocrx_word' id='word_1_12' title='bbox 788 559 1077 629; x_wconf 73' lang='grc' dir='ltr'>γυμνάζει,</span> <span class='ocrx_word' id='word_1_13' title='bbox 1130 560 1219 613; x_wconf 76' lang='grc' dir='ltr'>διὰ</span> <span class='ocrx_word' id='word_1_14' title='bbox 1250 559 1407 612; x_wconf 83' lang='grc' dir='ltr'>τοῦτο</span> <span class='ocrx_word' id='word_1_15' title='bbox 1450 559 1772 627; x_wconf 78' lang='grc' dir='ltr'>ἀπερίττους</span> 
     </span>
    </p>
   </div>
   <div class='ocr_carea' id='block_1_5' title="bbox 1874 552 3437 631">
    <p class='ocr_par' dir='ltr' id='par_1_5' title="bbox 1878 552 3437 624">
     <span class='ocr_line' id='line_1_5' title="bbox 1878 552 3437 624; baseline 0.002 -17"><span class='ocrx_word' id='word_1_16' title='bbox 1878 556 1965 609; x_wconf 89' lang='lat' dir='ltr'><strong>dio</strong></span> <span class='ocrx_word' id='word_1_17' title='bbox 1995 569 2088 608; x_wconf 88' lang='lat' dir='ltr'><strong>eos</strong></span> <span class='ocrx_word' id='word_1_18' title='bbox 2119 563 2354 619; x_wconf 87' lang='lat' dir='ltr'><strong>exercet,</strong></span> <span class='ocrx_word' id='word_1_19' title='bbox 2396 564 2447 607; x_wconf 90' lang='lat' dir='ltr'><strong>et</strong></span> <span class='ocrx_word' id='word_1_20' title='bbox 2479 563 2758 623; x_wconf 77' lang='lat' dir='ltr'><strong>propterea</strong></span> <span class='ocrx_word' id='word_1_21' title='bbox 2809 552 2989 607; x_wconf 80' lang='lat' dir='ltr'><strong>omnia</strong></span> <span class='ocrx_word' id='word_1_22' title='bbox 3033 554 3102 607; x_wconf 84' lang='lat' dir='ltr'><strong>ab</strong></span> <span class='ocrx_word' id='word_1_23' title='bbox 3136 555 3220 609; x_wconf 83' lang='lat' dir='ltr'><strong>bis</strong></span> <span class='ocrx_word' id='word_1_24' title='bbox 3251 570 3437 624; x_wconf 86' lang='lat' dir='ltr'><strong>super-</strong></span> 
     </span>
    </p>
   </div>
   <div class='ocr_carea' id='block_1_6' title="bbox 197 648 1772 721">
    <p class='ocr_par' dir='ltr' id='par_1_6' title="bbox 197 648 1772 721">
     <span class='ocr_line' id='line_1_6' title="bbox 197 648 1772 721; baseline -0.005 -14"><span class='ocrx_word' id='word_1_25' title='bbox 197 652 397 713; x_wconf 76' lang='grc' dir='ltr'>αὑτοὺς</span> <span class='ocrx_word' id='word_1_26' title='bbox 436 649 712 711; x_wconf 68' lang='grc' dir='ltr'>παντελῶς</span> <span class='ocrx_word' id='word_1_27' title='bbox 766 648 934 701; x_wconf 82' lang='grc' dir='ltr'>ποιῶν</span> <span class='ocrx_word' id='word_1_28' title='bbox 977 652 1085 702; x_wconf 63' lang='grc' dir='ltr'><strong>κώ.</strong></span> <span class='ocrx_word' id='word_1_29' title='bbox 1113 650 1473 721; x_wconf 80' lang='grc' dir='ltr'><strong>ἀμερίμνους,</strong></span> <span class='ocrx_word' id='word_1_30' title='bbox 1526 648 1647 701; x_wconf 69' lang='grc' dir='ltr'>οὐδὲ</span> <span class='ocrx_word' id='word_1_31' title='bbox 1679 648 1772 717; x_wconf 80' lang='grc' dir='ltr'><strong>ῥά-</strong></span> 
     </span>
    </p>
   </div>
   <div class='ocr_carea' id='block_1_7' title="bbox 198 740 1775 811">
    <p class='ocr_par' dir='ltr' id='par_1_7' title="bbox 198 740 1775 811">
     <span class='ocr_line' id='line_1_7' title="bbox 198 740 1775 811; baseline -0.002 -17"><span class='ocrx_word' id='word_1_32' title='bbox 198 741 357 802; x_wconf 89' lang='grc' dir='ltr'>ϐδους</span> <span class='ocrx_word' id='word_1_33' title='bbox 390 742 668 810; x_wconf 76' lang='grc' dir='ltr'><strong>συγχωρεῖ</strong></span> <span class='ocrx_word' id='word_1_34' title='bbox 689 740 854 809; x_wconf 75' lang='grc' dir='ltr'>ἔχειν.</span> <span class='ocrx_word' id='word_1_35' title='bbox 880 740 1053 794; x_wconf 83' lang='grc' dir='ltr'>Τοῦτο</span> <span class='ocrx_word' id='word_1_36' title='bbox 1084 741 1245 811; x_wconf 82' lang='grc' dir='ltr'>γὰρὴ</span> <span class='ocrx_word' id='word_1_37' title='bbox 1272 742 1507 811; x_wconf 79' lang='grc' dir='ltr'>ἀκριϐὴς</span> <span class='ocrx_word' id='word_1_38' title='bbox 1531 740 1775 809; x_wconf 85' lang='grc' dir='ltr'>ἀκτημο-</span> 
     </span>
    </p>
   </div>
   <div class='ocr_carea' id='block_1_8' title="bbox 198 830 1774 903">
    <p class='ocr_par' dir='ltr' id='par_1_8' title="bbox 198 830 1774 903">
     <span class='ocr_line' id='line_1_8' title="bbox 198 830 1774 903; baseline -0.001 -19"><span class='ocrx_word' id='word_1_39' title='bbox 198 834 363 900; x_wconf 86' lang='grc' dir='ltr'>σύνη,</span> <span class='ocrx_word' id='word_1_40' title='bbox 410 831 640 883; x_wconf 81' lang='grc' dir='ltr'>ποιοῦσα</span> <span class='ocrx_word' id='word_1_41' title='bbox 682 831 1034 885; x_wconf 76' lang='grc' dir='ltr'><strong>πιστεύεσθαι</strong></span> <span class='ocrx_word' id='word_1_42' title='bbox 1079 833 1171 885; x_wconf 77' lang='grc' dir='ltr'>τὸν</span> <span class='ocrx_word' id='word_1_43' title='bbox 1202 836 1329 903; x_wconf 76' lang='grc' dir='ltr'>περὶ</span> <span class='ocrx_word' id='word_1_44' title='bbox 1392 830 1774 902; x_wconf 84' lang='grc' dir='ltr'>ἀκτημοσύνης</span> 
     </span>
    </p>
   </div>
   <div class='ocr_carea' id='block_1_9' title="bbox 198 918 1775 992">
    <p class='ocr_par' dir='ltr' id='par_1_9' title="bbox 198 918 1775 992">
     <span class='ocr_line' id='line_1_9' title="bbox 198 918 1775 992; baseline 0.001 -19"><span class='ocrx_word' id='word_1_45' title='bbox 198 922 537 990; x_wconf 76' lang='grc' dir='ltr'>διδάσκοντα.</span> <span class='ocrx_word' id='word_1_46' title='bbox 580 918 713 974; x_wconf 79' lang='grc' dir='ltr'>Εἶτα</span> <span class='ocrx_word' id='word_1_47' title='bbox 749 922 835 975; x_wconf 79' lang='grc' dir='ltr'>ἵνα</span> <span class='ocrx_word' id='word_1_48' title='bbox 862 923 935 992; x_wconf 79' lang='grc' dir='ltr'><strong>μὴ</strong></span> <span class='ocrx_word' id='word_1_49' title='bbox 960 922 1180 991; x_wconf 81' lang='grc' dir='ltr'>λέγωσι,</span> <span class='ocrx_word' id='word_1_50' title='bbox 1216 924 1386 977; x_wconf 84' lang='grc' dir='ltr'><strong>Πόθεν</strong></span> <span class='ocrx_word' id='word_1_51' title='bbox 1412 919 1775 992; x_wconf 72' lang='grc' dir='ltr'>διατραφησό-</span> 
     </span>
    </p>
   </div>
   <div class='ocr_carea' id='block_1_10' title="bbox 200 1011 1777 1081">
    <p class='ocr_par' dir='ltr' id='par_1_10' title="bbox 200 1011 1777 1081">
     <span class='ocr_line' id='line_1_10' title="bbox 200 1011 1777 1081; baseline 0.002 -18"><span class='ocrx_word' id='word_1_52' title='bbox 200 1011 378 1079; x_wconf 83' lang='grc' dir='ltr'>μεθα;</span> <span class='ocrx_word' id='word_1_53' title='bbox 414 1012 610 1080; x_wconf 83' lang='grc' dir='ltr'>φησίν·</span> <span class='ocrx_word' id='word_1_54' title='bbox 650 1031 669 1063; x_wconf 74' lang='grc' dir='ltr'>ι</span> <span class='ocrx_word' id='word_1_55' title='bbox 704 1012 885 1077; x_wconf 71' lang='grc' dir='ltr'>Ἄξιος</span> <span class='ocrx_word' id='word_1_56' title='bbox 917 1016 946 1066; x_wconf 90' lang='lat'><strong>6</strong></span> <span class='ocrx_word' id='word_1_57' title='bbox 999 1013 1239 1081; x_wconf 76' lang='grc' dir='ltr'><strong>ἐργάτης</strong></span> <span class='ocrx_word' id='word_1_58' title='bbox 1286 1012 1384 1080; x_wconf 79' lang='grc' dir='ltr'>τῆς</span> <span class='ocrx_word' id='word_1_59' title='bbox 1422 1012 1629 1081; x_wconf 79' lang='grc' dir='ltr'><strong>τροφῆς</strong></span> <span class='ocrx_word' id='word_1_60' title='bbox 1677 1013 1777 1066; x_wconf 85' lang='grc' dir='ltr'>αύ-</span> 
     </span>
    </p>
   </div>
   <div class='ocr_carea' id='block_1_11' title="bbox 195 1100 1773 1172">
    <p class='ocr_par' dir='ltr' id='par_1_11' title="bbox 195 1100 1773 1172">
     <span class='ocr_line' id='line_1_11' title="bbox 195 1100 1773 1172; baseline 0 -19"><span class='ocrx_word' id='word_1_61' title='bbox 195 1100 317 1161; x_wconf 75' lang='grc' dir='ltr'>τοΰ,</span> <span class='ocrx_word' id='word_1_62' title='bbox 359 1119 379 1151; x_wconf 70' lang='grc' dir='ltr'><strong>ι</strong></span> <span class='ocrx_word' id='word_1_63' title='bbox 442 1100 741 1165; x_wconf 75' lang='grc' dir='ltr'><strong>τουτέστιν,</strong></span> <span class='ocrx_word' id='word_1_64' title='bbox 796 1104 860 1154; x_wconf 80' lang='grc' dir='ltr'><strong>εκ</strong></span> <span class='ocrx_word' id='word_1_65' title='bbox 916 1101 1027 1154; x_wconf 83' lang='grc' dir='ltr'>τῶν</span> <span class='ocrx_word' id='word_1_66' title='bbox 1095 1100 1353 1171; x_wconf 75' lang='grc' dir='ltr'>μαθητῶν</span> <span class='ocrx_word' id='word_1_67' title='bbox 1404 1102 1773 1172; x_wconf 76' lang='grc' dir='ltr'><strong>τραφήσεσθε.</strong></span> 
     </span>
    </p>
   </div>
   <div class='ocr_carea' id='block_1_12' title="bbox 200 1190 1775 1263">
    <p class='ocr_par' dir='ltr' id='par_1_12' title="bbox 200 1190 1775 1263">
     <span class='ocr_line' id='line_1_12' title="bbox 200 1190 1775 1263; baseline 0.001 -21"><span class='ocrx_word' id='word_1_68' title='bbox 200 1190 552 1259; x_wconf 74' lang='grc' dir='ltr'>Χρεωστοῦσι</span> <span class='ocrx_word' id='word_1_69' title='bbox 583 1192 689 1261; x_wconf 85' lang='grc' dir='ltr'><strong>γὰρ</strong></span> <span class='ocrx_word' id='word_1_70' title='bbox 719 1193 878 1244; x_wconf 83' lang='grc' dir='ltr'>τοῦτο</span> <span class='ocrx_word' id='word_1_71' title='bbox 907 1193 1033 1259; x_wconf 76' lang='grc' dir='ltr'>ὑμῖν</span> <span class='ocrx_word' id='word_1_72' title='bbox 1069 1193 1143 1253; x_wconf 84' lang='grc' dir='ltr'>ὠς</span> <span class='ocrx_word' id='word_1_73' title='bbox 1167 1193 1441 1261; x_wconf 72' lang='grc' dir='ltr'><strong>ἐργάταις.</strong></span> <span class='ocrx_word' id='word_1_74' title='bbox 1471 1193 1691 1263; x_wconf 83' lang='grc' dir='ltr'>Τροφῆς</span> <span class='ocrx_word' id='word_1_75' title='bbox 1719 1192 1775 1244; x_wconf 68' lang='grc' dir='ltr'>δὲ</span> 
     </span>
    </p>
   </div>
   <div class='ocr_carea' id='block_1_13' title="bbox 198 1276 1777 1354">
    <p class='ocr_par' dir='ltr' id='par_1_13' title="bbox 198 1276 1777 1354">
     <span class='ocr_line' id='line_1_13' title="bbox 198 1276 1777 1354; baseline 0.003 -22"><span class='ocrx_word' id='word_1_76' title='bbox 198 1276 379 1347; x_wconf 77' lang='grc' dir='ltr'>εἶπεν,</span> <span class='ocrx_word' id='word_1_77' title='bbox 400 1286 459 1333; x_wconf 78' lang='grc' dir='ltr'><strong>οὐ</strong></span> <span class='ocrx_word' id='word_1_78' title='bbox 484 1283 715 1352; x_wconf 77' lang='grc' dir='ltr'>τρυφῆς.</span> <span class='ocrx_word' id='word_1_79' title='bbox 744 1282 820 1333; x_wconf 84' lang='grc' dir='ltr'><strong>Οὐ</strong></span> <span class='ocrx_word' id='word_1_80' title='bbox 870 1284 977 1350; x_wconf 77' lang='grc' dir='ltr'><strong>γὰρ</strong></span> <span class='ocrx_word' id='word_1_81' title='bbox 1007 1283 1088 1336; x_wconf 81' lang='grc' dir='ltr'><strong>δεῖ</strong></span> <span class='ocrx_word' id='word_1_82' title='bbox 1124 1284 1335 1354; x_wconf 75' lang='grc' dir='ltr'>τρυφᾷν</span> <span class='ocrx_word' id='word_1_83' title='bbox 1365 1284 1488 1347; x_wconf 77' lang='grc' dir='ltr'>τοὺς</span> <span class='ocrx_word' id='word_1_84' title='bbox 1512 1283 1736 1336; x_wconf 79' lang='grc' dir='ltr'>διδασκά</span> <span class='ocrx_word' id='word_1_85' title='bbox 1755 1311 1777 1323; x_wconf 90' lang='grc'><strong><em>-</em></strong></span> 
     </span>
    </p>
   </div>
   <div class='ocr_carea' id='block_1_14' title="bbox 199 1373 350 1436">
    <p class='ocr_par' dir='ltr' id='par_1_14' title="bbox 199 1373 350 1436">
     <span class='ocr_line' id='line_1_14' title="bbox 199 1373 350 1436; baseline 0.026 -13"><span class='ocrx_word' id='word_1_86' title='bbox 199 1373 350 1436; x_wconf 77' lang='grc' dir='ltr'>λους.</span> 
     </span>
    </p>
   </div>
   <div class='ocr_carea' id='block_1_15' title="bbox 279 1450 1778 1536">
    <p class='ocr_par' dir='ltr' id='par_1_15' title="bbox 279 1450 1778 1536">
     <span class='ocr_line' id='line_1_15' title="bbox 279 1450 1778 1536; baseline 0.003 -21"><span class='ocrx_word' id='word_1_87' title='bbox 279 1482 297 1515; x_wconf 80' lang='grc' dir='ltr'>ι</span> <span class='ocrx_word' id='word_1_88' title='bbox 334 1466 425 1525; x_wconf 82' lang='grc' dir='ltr'><strong>Εἰς</strong></span> <span class='ocrx_word' id='word_1_89' title='bbox 459 1450 525 1533; x_wconf 74' lang='grc' dir='ltr'>ἦν</span> <span class='ocrx_word' id='word_1_90' title='bbox 550 1464 597 1516; x_wconf 68' lang='grc' dir='ltr'>δ’</span> <span class='ocrx_word' id='word_1_91' title='bbox 644 1463 711 1516; x_wconf 81' lang='grc' dir='ltr'><strong>ἂν</strong></span> <span class='ocrx_word' id='word_1_92' title='bbox 746 1464 901 1517; x_wconf 83' lang='grc' dir='ltr'>πόλιν</span> <span class='ocrx_word' id='word_1_93' title='bbox 940 1464 1196 1535; x_wconf 68' lang='grc' dir='ltr'>ῆκώμην</span> <span class='ocrx_word' id='word_1_94' title='bbox 1233 1464 1536 1536; x_wconf 78' lang='grc' dir='ltr'><strong>εἰσέλθητε,</strong></span> <span class='ocrx_word' id='word_1_95' title='bbox 1591 1462 1778 1531; x_wconf 66' lang='grc' dir='ltr'>ἐξετά-</span> 
     </span>
    </p>
   </div>
   <div class='ocr_carea' id='block_1_16' title="bbox 195 1555 1778 1626">
    <p class='ocr_par' dir='ltr' id='par_1_16' title="bbox 195 1555 1778 1626">
     <span class='ocr_line' id='line_1_16' title="bbox 195 1555 1778 1626; baseline 0.004 -21"><span class='ocrx_word' id='word_1_96' title='bbox 195 1569 333 1606; x_wconf 88' lang='grc' dir='ltr'>σατε</span> <span class='ocrx_word' id='word_1_97' title='bbox 384 1555 467 1617; x_wconf 89' lang='grc' dir='ltr'><strong>τίς</strong></span> <span class='ocrx_word' id='word_1_98' title='bbox 520 1557 578 1607; x_wconf 78' lang='grc' dir='ltr'><strong>ὲν</strong></span> <span class='ocrx_word' id='word_1_99' title='bbox 606 1556 745 1623; x_wconf 78' lang='grc' dir='ltr'>αὐτῇ</span> <span class='ocrx_word' id='word_1_100' title='bbox 786 1556 935 1621; x_wconf 79' lang='grc' dir='ltr'>ἄξιός</span> <span class='ocrx_word' id='word_1_101' title='bbox 974 1558 1113 1623; x_wconf 78' lang='grc' dir='ltr'>ἐστι,</span> <span class='ocrx_word' id='word_1_102' title='bbox 1138 1558 1301 1610; x_wconf 78' lang='grc' dir='ltr'>κάκεῖ</span> <span class='ocrx_word' id='word_1_103' title='bbox 1329 1558 1550 1626; x_wconf 81' lang='grc' dir='ltr'><strong>μείνατε</strong></span> <span class='ocrx_word' id='word_1_104' title='bbox 1572 1559 1675 1621; x_wconf 74' lang='grc' dir='ltr'>ἕως</span> <span class='ocrx_word' id='word_1_105' title='bbox 1711 1559 1778 1612; x_wconf 83' lang='grc' dir='ltr'>ἂν</span> 
     </span>
    </p>
   </div>
   <div class='ocr_carea' id='block_1_17' title="bbox 193 1648 1778 1725">
    <p class='ocr_par' dir='ltr' id='par_1_17' title="bbox 193 1648 1778 1725">
     <span class='ocr_line' id='line_1_17' title="bbox 193 1648 1778 1725; baseline 0.005 -25"><span class='ocrx_word' id='word_1_106' title='bbox 193 1648 473 1718; x_wconf 80' lang='grc' dir='ltr'>ἐξέλθητε.</span> <span class='ocrx_word' id='word_1_107' title='bbox 524 1670 541 1701; x_wconf 85' lang='grc'><strong>›</strong></span> <span class='ocrx_word' id='word_1_108' title='bbox 601 1654 713 1705; x_wconf 85' lang='grc' dir='ltr'>Ούκ</span> <span class='ocrx_word' id='word_1_109' title='bbox 768 1655 847 1716; x_wconf 87' lang='grc' dir='ltr'><strong>εἰς</strong></span> <span class='ocrx_word' id='word_1_110' title='bbox 886 1654 1094 1716; x_wconf 87' lang='grc' dir='ltr'>πάντας</span> <span class='ocrx_word' id='word_1_111' title='bbox 1142 1654 1353 1707; x_wconf 89' lang='grc' dir='ltr'>κελεύει</span> <span class='ocrx_word' id='word_1_112' title='bbox 1379 1654 1659 1725; x_wconf 74' lang='grc' dir='ltr'>ἔρχεσθαι,</span> <span class='ocrx_word' id='word_1_113' title='bbox 1691 1656 1778 1708; x_wconf 81' lang='grc' dir='ltr'><strong>ἵνα</strong></span> 
     </span>
    </p>
   </div>
   <div class='ocr_carea' id='block_1_18' title="bbox 197 1741 1779 1816">
    <p class='ocr_par' dir='ltr' id='par_1_18' title="bbox 197 1741 1779 1816">
     <span class='ocr_line' id='line_1_18' title="bbox 197 1741 1779 1816; baseline -0.006 -9"><span class='ocrx_word' id='word_1_114' title='bbox 197 1741 279 1812; x_wconf 75' lang='grc' dir='ltr'>μὴ</span> <span class='ocrx_word' id='word_1_115' title='bbox 307 1744 414 1805; x_wconf 78' lang='grc' dir='ltr'><strong>τοῖς</strong></span> <span class='ocrx_word' id='word_1_116' title='bbox 448 1744 686 1810; x_wconf 66' lang='grc' dir='ltr'>ἀναξίοις</span> <span class='ocrx_word' id='word_1_117' title='bbox 722 1746 1066 1816; x_wconf 74' lang='grc' dir='ltr'><strong>μιγνύμενοι,</strong></span> <span class='ocrx_word' id='word_1_118' title='bbox 1090 1743 1483 1801; x_wconf 81' lang='grc' dir='ltr'>διαϐάλλωνται</span> <span class='ocrx_word' id='word_1_119' title='bbox 1508 1764 1521 1777; x_wconf 76' lang='grc' dir='ltr'><strong>ο</strong></span> <span class='ocrx_word' id='word_1_120' title='bbox 1548 1746 1643 1799; x_wconf 63' lang='grc' dir='ltr'><strong>ἐὰν</strong></span> <span class='ocrx_word' id='word_1_121' title='bbox 1670 1746 1779 1815; x_wconf 85' lang='grc' dir='ltr'><strong>γὰρ</strong></span> 
     </span>
    </p>
   </div>
   <div class='ocr_carea' id='block_1_19' title="bbox 192 1834 1772 1909">
    <p class='ocr_par' dir='ltr' id='par_1_19' title="bbox 192 1834 1772 1909">
     <span class='ocr_line' id='line_1_19' title="bbox 192 1834 1772 1909; baseline 0.001 -25"><span class='ocrx_word' id='word_1_122' title='bbox 192 1834 280 1894; x_wconf 82' lang='grc' dir='ltr'><strong>εἰς</strong></span> <span class='ocrx_word' id='word_1_123' title='bbox 315 1834 438 1893; x_wconf 79' lang='grc' dir='ltr'>τοὺς</span> <span class='ocrx_word' id='word_1_124' title='bbox 474 1836 655 1900; x_wconf 74' lang='grc' dir='ltr'>ἀξίους</span> <span class='ocrx_word' id='word_1_125' title='bbox 684 1837 877 1905; x_wconf 81' lang='grc' dir='ltr'>μόνους</span> <span class='ocrx_word' id='word_1_126' title='bbox 924 1834 1216 1909; x_wconf 69' lang='grc' dir='ltr'>ἔρχωνται,</span> <span class='ocrx_word' id='word_1_127' title='bbox 1262 1834 1481 1897; x_wconf 85' lang='grc' dir='ltr'>πάντως</span> <span class='ocrx_word' id='word_1_128' title='bbox 1516 1837 1611 1888; x_wconf 72' lang='grc' dir='ltr'><strong>καὶ</strong></span> <span class='ocrx_word' id='word_1_129' title='bbox 1658 1836 1772 1887; x_wconf 76' lang='grc' dir='ltr'>διαο</span> 
     </span>
    </p>
   </div>
   <div class='ocr_carea' id='block_1_20' title="bbox 190 1923 1775 1998">
    <p class='ocr_par' dir='ltr' id='par_1_20' title="bbox 190 1923 1775 1998">
     <span class='ocr_line' id='line_1_20' title="bbox 190 1923 1775 1998; baseline 0.003 -25"><span class='ocrx_word' id='word_1_130' title='bbox 190 1926 587 1992; x_wconf 70' lang='grc' dir='ltr'><strong>τραφήσονται.</strong></span> <span class='ocrx_word' id='word_1_131' title='bbox 620 1927 849 1979; x_wconf 81' lang='grc' dir='ltr'>Κελεύει</span> <span class='ocrx_word' id='word_1_132' title='bbox 878 1928 933 1979; x_wconf 87' lang='grc' dir='ltr'>δὲ</span> <span class='ocrx_word' id='word_1_133' title='bbox 987 1928 1337 1998; x_wconf 81' lang='grc' dir='ltr'><strong>προσμένειν,</strong></span> <span class='ocrx_word' id='word_1_134' title='bbox 1373 1927 1467 1979; x_wconf 76' lang='grc' dir='ltr'>καὶ</span> <span class='ocrx_word' id='word_1_135' title='bbox 1501 1923 1577 1995; x_wconf 82' lang='grc' dir='ltr'><strong>μὴ</strong></span> <span class='ocrx_word' id='word_1_136' title='bbox 1599 1926 1775 1977; x_wconf 80' lang='grc' dir='ltr'>οἰκίαν</span> 
     </span>
    </p>
   </div>
   <div class='ocr_carea' id='block_1_21' title="bbox 192 2011 1776 2084">
    <p class='ocr_par' dir='ltr' id='par_1_21' title="bbox 192 2011 1776 2084">
     <span class='ocr_line' id='line_1_21' title="bbox 192 2011 1776 2084; baseline -0.001 -21"><span class='ocrx_word' id='word_1_137' title='bbox 192 2011 257 2073; x_wconf 71' lang='grc' dir='ltr'><strong>ἐξ</strong></span> <span class='ocrx_word' id='word_1_138' title='bbox 287 2012 461 2072; x_wconf 78' lang='grc' dir='ltr'><strong>οἰκίας</strong></span> <span class='ocrx_word' id='word_1_139' title='bbox 493 2012 763 2080; x_wconf 76' lang='grc' dir='ltr'>ἀμείϐειν,</span> <span class='ocrx_word' id='word_1_140' title='bbox 796 2013 885 2065; x_wconf 80' lang='grc' dir='ltr'><strong>ἵνα</strong></span> <span class='ocrx_word' id='word_1_141' title='bbox 916 2014 990 2084; x_wconf 78' lang='grc' dir='ltr'><strong>μὴ</strong></span> <span class='ocrx_word' id='word_1_142' title='bbox 1025 2014 1101 2075; x_wconf 87' lang='grc' dir='ltr'><strong>ὠς</strong></span> <span class='ocrx_word' id='word_1_143' title='bbox 1127 2012 1535 2083; x_wconf 78' lang='grc' dir='ltr'><strong>γαστρίμαργοι</strong></span> <span class='ocrx_word' id='word_1_144' title='bbox 1563 2012 1776 2081; x_wconf 79' lang='grc' dir='ltr'>ψέγων-</span> 
     </span>
    </p>
   </div>
   <div class='ocr_carea' id='block_1_22' title="bbox 189 2103 1699 2175">
    <p class='ocr_par' dir='ltr' id='par_1_22' title="bbox 189 2103 1699 2175">
     <span class='ocr_line' id='line_1_22' title="bbox 189 2103 1699 2175; baseline 0.001 -21"><span class='ocrx_word' id='word_1_145' title='bbox 189 2116 307 2166; x_wconf 66' lang='lat' dir='ltr'><strong>cut,</strong></span> <span class='ocrx_word' id='word_1_146' title='bbox 344 2103 435 2157; x_wconf 85' lang='grc' dir='ltr'>καὶ</span> <span class='ocrx_word' id='word_1_147' title='bbox 473 2104 665 2168; x_wconf 82' lang='grc' dir='ltr'><strong>δόξωσι</strong></span> <span class='ocrx_word' id='word_1_148' title='bbox 686 2106 811 2166; x_wconf 78' lang='grc' dir='ltr'>τοὺς</span> <span class='ocrx_word' id='word_1_149' title='bbox 839 2105 1054 2175; x_wconf 85' lang='grc' dir='ltr'>πρῶτον</span> <span class='ocrx_word' id='word_1_150' title='bbox 1080 2104 1410 2175; x_wconf 76' lang='grc' dir='ltr'><strong>δεξαμένους</strong></span> <span class='ocrx_word' id='word_1_151' title='bbox 1434 2103 1699 2175; x_wconf 78' lang='grc' dir='ltr'>ὑϐρίζειν.</span> 
     </span>
    </p>
   </div>
   <div class='ocr_carea' id='block_1_23' title="bbox 274 2178 1773 2264">
    <p class='ocr_par' dir='ltr' id='par_1_23' title="bbox 274 2178 1773 2264">
     <span class='ocr_line' id='line_1_23' title="bbox 274 2178 1773 2264; baseline 0.001 -22"><span class='ocrx_word' id='word_1_152' title='bbox 274 2211 294 2242; x_wconf 77' lang='grc' dir='ltr'>ι</span> <span class='ocrx_word' id='word_1_153' title='bbox 330 2192 718 2263; x_wconf 83' lang='grc' dir='ltr'>Εἰσερχόμενοι</span> <span class='ocrx_word' id='word_1_154' title='bbox 764 2194 821 2247; x_wconf 74' lang='grc' dir='ltr'>δὲ</span> <span class='ocrx_word' id='word_1_155' title='bbox 848 2195 930 2257; x_wconf 86' lang='grc' dir='ltr'><strong>εἰς</strong></span> <span class='ocrx_word' id='word_1_156' title='bbox 967 2194 1068 2264; x_wconf 79' lang='grc' dir='ltr'><strong>τὴν</strong></span> <span class='ocrx_word' id='word_1_157' title='bbox 1096 2193 1299 2257; x_wconf 87' lang='grc' dir='ltr'>οἰκίαν,</span> <span class='ocrx_word' id='word_1_158' title='bbox 1325 2178 1645 2247; x_wconf 78' lang='grc' dir='ltr'>ἀσπάσασθε</span> <span class='ocrx_word' id='word_1_159' title='bbox 1674 2187 1773 2245; x_wconf 83' lang='grc' dir='ltr'>αύ-</span> 
     </span>
    </p>
   </div>
   <div class='ocr_carea' id='block_1_24' title="bbox 126 2267 1775 2355">
    <p class='ocr_par' dir='ltr' id='par_1_24' title="bbox 126 2267 1775 2355">
     <span class='ocr_line' id='line_1_24' title="bbox 126 2267 1775 2355; baseline -0.001 -21"><span class='ocrx_word' id='word_1_160' title='bbox 126 2284 143 2293; x_wconf 54' lang='grc'><strong>“</strong></span> <span class='ocrx_word' id='word_1_161' title='bbox 190 2282 317 2351; x_wconf 72' lang='grc' dir='ltr'>τὴν,</span> <span class='ocrx_word' id='word_1_162' title='bbox 347 2283 593 2349; x_wconf 77' lang='grc' dir='ltr'>λέγοντες</span> <span class='ocrx_word' id='word_1_163' title='bbox 614 2300 629 2315; x_wconf 91' lang='grc'><strong>·</strong></span> <span class='ocrx_word' id='word_1_164' title='bbox 684 2286 890 2355; x_wconf 81' lang='grc' dir='ltr'><strong>Εἰρήνη</strong></span> <span class='ocrx_word' id='word_1_165' title='bbox 918 2286 995 2355; x_wconf 84' lang='grc' dir='ltr'>τῷ</span> <span class='ocrx_word' id='word_1_166' title='bbox 1023 2285 1156 2355; x_wconf 71' lang='grc' dir='ltr'>οἴκῳ</span> <span class='ocrx_word' id='word_1_167' title='bbox 1177 2285 1353 2353; x_wconf 86' lang='grc' dir='ltr'>τούτῳ</span> <span class='ocrx_word' id='word_1_168' title='bbox 1372 2267 1395 2312; x_wconf 67' lang='grc'><strong>·’</strong></span> <span class='ocrx_word' id='word_1_169' title='bbox 1422 2285 1516 2335; x_wconf 78' lang='grc' dir='ltr'>καὶ</span> <span class='ocrx_word' id='word_1_170' title='bbox 1544 2282 1640 2336; x_wconf 75' lang='grc' dir='ltr'><strong>ἐὰν</strong></span> <span class='ocrx_word' id='word_1_171' title='bbox 1674 2282 1775 2351; x_wconf 80' lang='grc' dir='ltr'><strong>μὲν</strong></span> 
     </span>
    </p>
   </div>
   <div class='ocr_carea' id='block_1_25' title="bbox 194 2370 1770 2447">
    <p class='ocr_par' dir='ltr' id='par_1_25' title="bbox 194 2370 1770 2447">
     <span class='ocr_line' id='line_1_25' title="bbox 194 2370 1770 2447; baseline -0.003 -20"><span class='ocrx_word' id='word_1_172' title='bbox 194 2370 229 2445; x_wconf 75' lang='grc' dir='ltr'>ᾗ</span> <span class='ocrx_word' id='word_1_173' title='bbox 272 2376 306 2441; x_wconf 85' lang='grc' dir='ltr'><strong>ή</strong></span> <span class='ocrx_word' id='word_1_174' title='bbox 332 2375 477 2427; x_wconf 87' lang='grc' dir='ltr'>οἰκία</span> <span class='ocrx_word' id='word_1_175' title='bbox 522 2377 669 2440; x_wconf 69' lang='grc' dir='ltr'>ἀξία,</span> <span class='ocrx_word' id='word_1_176' title='bbox 725 2376 927 2428; x_wconf 73' lang='grc' dir='ltr'>ἐλθέτω</span> <span class='ocrx_word' id='word_1_177' title='bbox 966 2378 998 2446; x_wconf 76' lang='grc' dir='ltr'><strong>η</strong></span> <span class='ocrx_word' id='word_1_178' title='bbox 1042 2377 1231 2447; x_wconf 82' lang='grc' dir='ltr'>εἰρήνη</span> <span class='ocrx_word' id='word_1_179' title='bbox 1285 2373 1439 2443; x_wconf 83' lang='grc' dir='ltr'>ὑμῶν</span> <span class='ocrx_word' id='word_1_180' title='bbox 1468 2374 1770 2444; x_wconf 68' lang='grc' dir='ltr'>ιπάύτὴν,</span> 
     </span>
    </p>
   </div>
   <div class='ocr_carea' id='block_1_26' title="bbox 192 2460 1773 2536">
    <p class='ocr_par' dir='ltr' id='par_1_26' title="bbox 192 2460 1773 2536">
     <span class='ocr_line' id='line_1_26' title="bbox 192 2460 1773 2536; baseline -0.001 -19"><span class='ocrx_word' id='word_1_181' title='bbox 192 2466 297 2517; x_wconf 70' lang='grc' dir='ltr'><strong>ἐὰν</strong></span> <span class='ocrx_word' id='word_1_182' title='bbox 315 2465 370 2517; x_wconf 82' lang='grc' dir='ltr'><strong>δὲ</strong></span> <span class='ocrx_word' id='word_1_183' title='bbox 397 2464 471 2535; x_wconf 81' lang='grc' dir='ltr'><strong>μὴ</strong></span> <span class='ocrx_word' id='word_1_184' title='bbox 550 2464 695 2529; x_wconf 82' lang='grc' dir='ltr'>ἀξία,</span> <span class='ocrx_word' id='word_1_185' title='bbox 717 2466 751 2535; x_wconf 77' lang='grc' dir='ltr'><strong>ἡ</strong></span> <span class='ocrx_word' id='word_1_186' title='bbox 781 2466 973 2536; x_wconf 78' lang='grc' dir='ltr'><strong>εἰρήνη</strong></span> <span class='ocrx_word' id='word_1_187' title='bbox 999 2466 1151 2534; x_wconf 82' lang='grc' dir='ltr'>ὑμῶν</span> <span class='ocrx_word' id='word_1_188' title='bbox 1174 2464 1311 2534; x_wconf 68' lang='grc' dir='ltr'>πρὸς</span> <span class='ocrx_word' id='word_1_189' title='bbox 1343 2464 1487 2533; x_wconf 73' lang='grc' dir='ltr'>ὑμᾶς</span> <span class='ocrx_word' id='word_1_190' title='bbox 1510 2463 1773 2531; x_wconf 61' lang='grc' dir='ltr'>ἐπιστρα-</span> 
     </span>
    </p>
   </div>
   <div class='ocr_carea' id='block_1_27' title="bbox 188 2552 1771 2627">
    <p class='ocr_par' dir='ltr' id='par_1_27' title="bbox 188 2552 1771 2627">
     <span class='ocr_line' id='line_1_27' title="bbox 188 2552 1771 2627; baseline -0.003 -17"><span class='ocrx_word' id='word_1_191' title='bbox 188 2558 369 2627; x_wconf 76' lang='grc' dir='ltr'>φήτω.</span> <span class='ocrx_word' id='word_1_192' title='bbox 415 2576 434 2608; x_wconf 79' lang='grc' dir='ltr'><strong>ι</strong></span> <span class='ocrx_word' id='word_1_193' title='bbox 482 2557 797 2627; x_wconf 72' lang='grc' dir='ltr'>Ἀσπασμὸν</span> <span class='ocrx_word' id='word_1_194' title='bbox 821 2554 917 2610; x_wconf 65' lang='grc' dir='ltr'><strong>καὶ⁹</strong></span> <span class='ocrx_word' id='word_1_195' title='bbox 950 2559 1172 2627; x_wconf 83' lang='grc' dir='ltr'>εἰρήνην</span> <span class='ocrx_word' id='word_1_196' title='bbox 1222 2558 1323 2627; x_wconf 80' lang='grc' dir='ltr'><strong>τὴν</strong></span> <span class='ocrx_word' id='word_1_197' title='bbox 1356 2555 1609 2622; x_wconf 78' lang='grc' dir='ltr'>εὐλογίαν</span> <span class='ocrx_word' id='word_1_198' title='bbox 1640 2552 1771 2618; x_wconf 89' lang='grc' dir='ltr'>νόει,</span> 
     </span>
    </p>
   </div>
   <div class='ocr_carea' id='block_1_28' title="bbox 184 2644 1769 2719">
    <p class='ocr_par' dir='ltr' id='par_1_28' title="bbox 184 2644 1769 2719">
     <span class='ocr_line' id='line_1_28' title="bbox 184 2644 1769 2719; baseline -0.001 -20"><span class='ocrx_word' id='word_1_199' title='bbox 184 2648 317 2717; x_wconf 66' lang='grc' dir='ltr'>ητις</span> <span class='ocrx_word' id='word_1_200' title='bbox 340 2648 648 2719; x_wconf 81' lang='grc' dir='ltr'>παραμένει</span> <span class='ocrx_word' id='word_1_201' title='bbox 672 2648 854 2719; x_wconf 86' lang='grc' dir='ltr'>μόνοις</span> <span class='ocrx_word' id='word_1_202' title='bbox 876 2652 991 2712; x_wconf 78' lang='grc' dir='ltr'>τοῖς</span> <span class='ocrx_word' id='word_1_203' title='bbox 1014 2644 1190 2713; x_wconf 80' lang='grc' dir='ltr'>ἀξίοις</span> <span class='ocrx_word' id='word_1_204' title='bbox 1210 2665 1224 2679; x_wconf 87' lang='grc'><strong>·</strong></span> <span class='ocrx_word' id='word_1_205' title='bbox 1285 2647 1425 2718; x_wconf 83' lang='grc' dir='ltr'>μάθε</span> <span class='ocrx_word' id='word_1_206' title='bbox 1454 2645 1546 2701; x_wconf 76' lang='grc' dir='ltr'>οὖν</span> <span class='ocrx_word' id='word_1_207' title='bbox 1585 2647 1769 2701; x_wconf 71' lang='grc' dir='ltr'>ἐντεύ-</span> 
     </span>
    </p>
   </div>
   <div class='ocr_carea' id='block_1_29' title="bbox 188 2737 1731 2809">
    <p class='ocr_par' dir='ltr' id='par_1_29' title="bbox 188 2737 1731 2809">
     <span class='ocr_line' id='line_1_29' title="bbox 188 2737 1731 2809; baseline 0.001 -21"><span class='ocrx_word' id='word_1_208' title='bbox 188 2740 284 2789; x_wconf 72' lang='lat' dir='ltr'><strong>tm</strong></span> <span class='ocrx_word' id='word_1_209' title='bbox 322 2737 404 2788; x_wconf 80' lang='grc' dir='ltr'><strong>ὅτι</strong></span> <span class='ocrx_word' id='word_1_210' title='bbox 438 2738 675 2804; x_wconf 80' lang='grc' dir='ltr'>μάλιστα</span> <span class='ocrx_word' id='word_1_211' title='bbox 694 2740 763 2791; x_wconf 79' lang='grc' dir='ltr'>τὰ</span> <span class='ocrx_word' id='word_1_212' title='bbox 796 2739 1040 2808; x_wconf 75' lang='grc' dir='ltr'>ἡμέτερα</span> <span class='ocrx_word' id='word_1_213' title='bbox 1064 2738 1199 2807; x_wconf 76' lang='grc' dir='ltr'>ἔργα</span> <span class='ocrx_word' id='word_1_214' title='bbox 1225 2737 1541 2807; x_wconf 70' lang='grc' dir='ltr'><strong>εὐλογοῦσιν</strong></span> <span class='ocrx_word' id='word_1_215' title='bbox 1564 2738 1731 2809; x_wconf 77' lang='grc' dir='ltr'><strong>ἡμᾶς.</strong></span> 
     </span>
    </p>
   </div>
   <div class='ocr_carea' id='block_1_30' title="bbox 271 2824 1772 2899">
    <p class='ocr_par' dir='ltr' id='par_1_30' title="bbox 271 2824 1772 2899">
     <span class='ocr_line' id='line_1_30' title="bbox 271 2824 1772 2899; baseline 0.002 -23"><span class='ocrx_word' id='word_1_216' title='bbox 271 2846 291 2876; x_wconf 71' lang='grc' dir='ltr'>ι</span> <span class='ocrx_word' id='word_1_217' title='bbox 325 2828 433 2880; x_wconf 74' lang='grc' dir='ltr'><strong>Καὶ</strong></span> <span class='ocrx_word' id='word_1_218' title='bbox 456 2828 512 2889; x_wconf 87' lang='grc' dir='ltr'>δς</span> <span class='ocrx_word' id='word_1_219' title='bbox 544 2828 610 2880; x_wconf 79' lang='grc' dir='ltr'>ἂν</span> <span class='ocrx_word' id='word_1_220' title='bbox 641 2828 715 2898; x_wconf 77' lang='grc' dir='ltr'><strong>μὴ</strong></span> <span class='ocrx_word' id='word_1_221' title='bbox 736 2828 957 2899; x_wconf 81' lang='grc' dir='ltr'><strong>δέξηται</strong></span> <span class='ocrx_word' id='word_1_222' title='bbox 998 2829 1164 2898; x_wconf 78' lang='grc' dir='ltr'>ὑμᾶς,</span> <span class='ocrx_word' id='word_1_223' title='bbox 1216 2824 1353 2897; x_wconf 75' lang='grc' dir='ltr'>μηδὲ</span> <span class='ocrx_word' id='word_1_224' title='bbox 1406 2827 1619 2896; x_wconf 82' lang='grc' dir='ltr'><strong>ἀκούσῃ</strong></span> <span class='ocrx_word' id='word_1_225' title='bbox 1644 2829 1772 2888; x_wconf 73' lang='grc' dir='ltr'>τοὺς</span> 
     </span>
    </p>
   </div>
   <div class='ocr_carea' id='block_1_31' title="bbox 189 2916 1772 2988">
    <p class='ocr_par' dir='ltr' id='par_1_31' title="bbox 189 2916 1772 2988">
     <span class='ocr_line' id='line_1_31' title="bbox 189 2916 1772 2988; baseline 0 -19"><span class='ocrx_word' id='word_1_226' title='bbox 189 2916 389 2983; x_wconf 81' lang='grc' dir='ltr'>λόγους</span> <span class='ocrx_word' id='word_1_227' title='bbox 414 2918 588 2985; x_wconf 82' lang='grc' dir='ltr'>ὑμῶν,</span> <span class='ocrx_word' id='word_1_228' title='bbox 618 2917 963 2988; x_wconf 79' lang='grc' dir='ltr'>ἐξερχόμενοι</span> <span class='ocrx_word' id='word_1_229' title='bbox 1022 2919 1122 2988; x_wconf 82' lang='grc' dir='ltr'>τῆς</span> <span class='ocrx_word' id='word_1_230' title='bbox 1168 2920 1343 2979; x_wconf 87' lang='grc' dir='ltr'>οἰκίας</span> <span class='ocrx_word' id='word_1_231' title='bbox 1375 2918 1407 2987; x_wconf 76' lang='grc' dir='ltr'><strong>ἢ</strong></span> <span class='ocrx_word' id='word_1_232' title='bbox 1440 2918 1539 2987; x_wconf 82' lang='grc' dir='ltr'><strong>τῆς</strong></span> <span class='ocrx_word' id='word_1_233' title='bbox 1566 2918 1772 2980; x_wconf 77' lang='grc' dir='ltr'>πόλεως</span> 
     </span>
    </p>
   </div>
   <div class='ocr_carea' id='block_1_32' title="bbox 186 3007 1765 3079">
    <p class='ocr_par' dir='ltr' id='par_1_32' title="bbox 186 3007 1765 3079">
     <span class='ocr_line' id='line_1_32' title="bbox 186 3007 1765 3079; baseline 0.001 -19"><span class='ocrx_word' id='word_1_234' title='bbox 186 3008 434 3076; x_wconf 71' lang='grc' dir='ltr'>ἐκείνης,</span> <span class='ocrx_word' id='word_1_235' title='bbox 467 3007 785 3071; x_wconf 78' lang='grc' dir='ltr'>ἐκτινάξατε</span> <span class='ocrx_word' id='word_1_236' title='bbox 811 3008 903 3060; x_wconf 78' lang='grc' dir='ltr'><strong>τὸν</strong></span> <span class='ocrx_word' id='word_1_237' title='bbox 935 3007 1212 3077; x_wconf 77' lang='grc' dir='ltr'>κονιορτὸν</span> <span class='ocrx_word' id='word_1_238' title='bbox 1236 3007 1347 3061; x_wconf 83' lang='grc' dir='ltr'>τῶν</span> <span class='ocrx_word' id='word_1_239' title='bbox 1369 3008 1543 3061; x_wconf 82' lang='grc' dir='ltr'>ποδῶν</span> <span class='ocrx_word' id='word_1_240' title='bbox 1589 3008 1765 3079; x_wconf 84' lang='grc' dir='ltr'>ὑμῶν.</span> 
     </span>
    </p>
   </div>
   <div class='ocr_carea' id='block_1_33' title="bbox 199 3102 1771 3175">
    <p class='ocr_par' dir='ltr' id='par_1_33' title="bbox 199 3102 1771 3175">
     <span class='ocr_line' id='line_1_33' title="bbox 199 3102 1771 3175; baseline 0.002 -21"><span class='ocrx_word' id='word_1_241' title='bbox 199 3104 381 3171; x_wconf 74' lang='grc' dir='ltr'>Ἀμὴν</span> <span class='ocrx_word' id='word_1_242' title='bbox 405 3102 547 3169; x_wconf 84' lang='grc' dir='ltr'>λέγω</span> <span class='ocrx_word' id='word_1_243' title='bbox 580 3103 708 3173; x_wconf 84' lang='grc' dir='ltr'>ύμῖν</span> <span class='ocrx_word' id='word_1_244' title='bbox 731 3102 1087 3174; x_wconf 76' lang='grc' dir='ltr'>ἀνεκτότερον</span> <span class='ocrx_word' id='word_1_245' title='bbox 1125 3102 1278 3157; x_wconf 72' lang='grc' dir='ltr'>ἔσται</span> <span class='ocrx_word' id='word_1_246' title='bbox 1304 3107 1374 3173; x_wconf 76' lang='grc' dir='ltr'>γῇ</span> <span class='ocrx_word' id='word_1_247' title='bbox 1406 3103 1652 3175; x_wconf 83' lang='grc' dir='ltr'><strong>Σοδόμων</strong></span> <span class='ocrx_word' id='word_1_248' title='bbox 1674 3104 1771 3157; x_wconf 76' lang='grc' dir='ltr'>καὶ</span> 
     </span>
    </p>
   </div>
   <div class='ocr_carea' id='block_1_34' title="bbox 185 3193 1841 3298">
    <p class='ocr_par' dir='ltr' id='par_1_34' title="bbox 185 3193 1841 3298">
     <span class='ocr_line' id='line_1_34' title="bbox 185 3193 1841 3298; baseline 0.002 -53"><span class='ocrx_word' id='word_1_249' title='bbox 185 3193 487 3263; x_wconf 76' lang='grc' dir='ltr'>Γομόρρων</span> <span class='ocrx_word' id='word_1_250' title='bbox 507 3194 564 3245; x_wconf 64' lang='grc' dir='ltr'>ἐν</span> <span class='ocrx_word' id='word_1_251' title='bbox 596 3194 779 3265; x_wconf 67' lang='grc' dir='ltr'>ἡμέρα</span> <span class='ocrx_word' id='word_1_252' title='bbox 812 3198 1067 3264; x_wconf 87' lang='grc' dir='ltr'>κρίσεως,</span> <span class='ocrx_word' id='word_1_253' title='bbox 1108 3195 1141 3264; x_wconf 78' lang='grc' dir='ltr'>ἢ</span> <span class='ocrx_word' id='word_1_254' title='bbox 1172 3198 1239 3264; x_wconf 82' lang='grc' dir='ltr'>τῇ</span> <span class='ocrx_word' id='word_1_255' title='bbox 1291 3195 1445 3248; x_wconf 81' lang='grc' dir='ltr'>πόλει</span> <span class='ocrx_word' id='word_1_256' title='bbox 1498 3196 1706 3267; x_wconf 62' lang='grc' dir='ltr'>εκείνη.</span> <span class='ocrx_word' id='word_1_257' title='bbox 1744 3215 1762 3248; x_wconf 74' lang='grc' dir='ltr'>ι</span> <span class='ocrx_word' id='word_1_258' title='bbox 1795 3239 1841 3298; x_wconf 75' lang='lat' dir='ltr'>c</span> 
     </span>
    </p>
   </div>
   <div class='ocr_carea' id='block_1_35' title="bbox 197 3281 1768 3353">
    <p class='ocr_par' dir='ltr' id='par_1_35' title="bbox 197 3281 1768 3353">
     <span class='ocr_line' id='line_1_35' title="bbox 197 3281 1768 3353; baseline 0.001 -19"><span class='ocrx_word' id='word_1_259' title='bbox 197 3281 576 3335; x_wconf 83' lang='grc' dir='ltr'>Ἐκτινάσσειν</span> <span class='ocrx_word' id='word_1_260' title='bbox 629 3282 875 3352; x_wconf 82' lang='grc' dir='ltr'>βούλεται</span> <span class='ocrx_word' id='word_1_261' title='bbox 930 3284 1021 3335; x_wconf 85' lang='grc' dir='ltr'><strong>τὸν</strong></span> <span class='ocrx_word' id='word_1_262' title='bbox 1074 3283 1372 3353; x_wconf 84' lang='grc' dir='ltr'>κονιορτὸν,</span> <span class='ocrx_word' id='word_1_263' title='bbox 1403 3282 1768 3349; x_wconf 83' lang='grc' dir='ltr'>δεικνύοντας,</span> 
     </span>
    </p>
   </div>
   <div class='ocr_carea' id='block_1_36' title="bbox 183 3372 1766 3445">
    <p class='ocr_par' dir='ltr' id='par_1_36' title="bbox 183 3372 1766 3445">
     <span class='ocr_line' id='line_1_36' title="bbox 183 3372 1766 3445; baseline 0.001 -20"><span class='ocrx_word' id='word_1_264' title='bbox 183 3375 270 3425; x_wconf 81' lang='grc' dir='ltr'><strong>ὅτι</strong></span> <span class='ocrx_word' id='word_1_265' title='bbox 292 3372 446 3426; x_wconf 81' lang='grc' dir='ltr'>οὐδὲν</span> <span class='ocrx_word' id='word_1_266' title='bbox 473 3373 664 3426; x_wconf 74' lang='grc' dir='ltr'>ἔλαϐον</span> <span class='ocrx_word' id='word_1_267' title='bbox 692 3374 921 3439; x_wconf 68' lang='grc' dir='ltr'>ἐκεῖθεν,</span> <span class='ocrx_word' id='word_1_268' title='bbox 946 3372 1033 3426; x_wconf 81' lang='grc' dir='ltr'><strong>διὰ</strong></span> <span class='ocrx_word' id='word_1_269' title='bbox 1054 3375 1153 3445; x_wconf 82' lang='grc' dir='ltr'><strong>τὴν</strong></span> <span class='ocrx_word' id='word_1_270' title='bbox 1190 3373 1475 3427; x_wconf 70' lang='grc' dir='ltr'>ἀπείθειαν</span> <span class='ocrx_word' id='word_1_271' title='bbox 1496 3374 1697 3439; x_wconf 84' lang='grc' dir='ltr'>αὐτῶν,</span> <span class='ocrx_word' id='word_1_272' title='bbox 1733 3374 1766 3445; x_wconf 78' lang='grc' dir='ltr'>ἢ</span> 
     </span>
    </p>
   </div>
   <div class='ocr_carea' id='block_1_37' title="bbox 183 3458 1772 3536">
    <p class='ocr_par' dir='ltr' id='par_1_37' title="bbox 183 3458 1772 3536">
     <span class='ocr_line' id='line_1_37' title="bbox 183 3458 1772 3536; baseline 0.003 -22"><span class='ocrx_word' id='word_1_273' title='bbox 183 3461 335 3515; x_wconf 81' lang='grc' dir='ltr'>ὥστε</span> <span class='ocrx_word' id='word_1_274' title='bbox 397 3464 698 3535; x_wconf 89' lang='grc' dir='ltr'>μαρτύριον</span> <span class='ocrx_word' id='word_1_275' title='bbox 764 3462 900 3518; x_wconf 76' lang='grc' dir='ltr'>εἶναι</span> <span class='ocrx_word' id='word_1_276' title='bbox 966 3466 1062 3535; x_wconf 79' lang='grc' dir='ltr'>τῆς</span> <span class='ocrx_word' id='word_1_277' title='bbox 1105 3458 1322 3535; x_wconf 76' lang='grc' dir='ltr'>μακρᾶς</span> <span class='ocrx_word' id='word_1_278' title='bbox 1371 3465 1676 3536; x_wconf 86' lang='grc' dir='ltr'>ὁδοιπορίας</span> <span class='ocrx_word' id='word_1_279' title='bbox 1705 3467 1772 3535; x_wconf 73' lang='grc' dir='ltr'>ἢν</span> 
     </span>
    </p>
   </div>
   <div class='ocr_carea' id='block_1_38' title="bbox 184 3556 1773 3628">
    <p class='ocr_par' dir='ltr' id='par_1_38' title="bbox 184 3556 1773 3628">
     <span class='ocr_line' id='line_1_38' title="bbox 184 3556 1773 3628; baseline 0.002 -19"><span class='ocrx_word' id='word_1_280' title='bbox 184 3558 470 3620; x_wconf 70' lang='grc' dir='ltr'>εϐάδισαν,</span> <span class='ocrx_word' id='word_1_281' title='bbox 502 3558 597 3610; x_wconf 79' lang='grc' dir='ltr'>καὶ</span> <span class='ocrx_word' id='word_1_282' title='bbox 618 3559 814 3620; x_wconf 63' lang='grc' dir='ltr'>αὐτοὺς</span> <span class='ocrx_word' id='word_1_283' title='bbox 838 3560 938 3610; x_wconf 75' lang='grc' dir='ltr'><strong>οὐκ</strong></span> <span class='ocrx_word' id='word_1_284' title='bbox 967 3558 1276 3626; x_wconf 85' lang='grc' dir='ltr'>ὠφέλησαν·</span> <span class='ocrx_word' id='word_1_285' title='bbox 1301 3559 1653 3628; x_wconf 78' lang='grc' dir='ltr'>ἀνεκτότερον</span> <span class='ocrx_word' id='word_1_286' title='bbox 1679 3556 1773 3614; x_wconf 83' lang='grc' dir='ltr'>οὖν</span> 
     </span>
    </p>
   </div>
   <div class='ocr_carea' id='block_1_39' title="bbox 185 3647 1773 3719">
    <p class='ocr_par' dir='ltr' id='par_1_39' title="bbox 185 3647 1773 3719">
     <span class='ocr_line' id='line_1_39' title="bbox 185 3647 1773 3719; baseline 0.002 -19"><span class='ocrx_word' id='word_1_287' title='bbox 185 3648 349 3701; x_wconf 72' lang='grc' dir='ltr'>ἔσται</span> <span class='ocrx_word' id='word_1_288' title='bbox 369 3650 481 3711; x_wconf 76' lang='grc' dir='ltr'>τοῖς</span> <span class='ocrx_word' id='word_1_289' title='bbox 511 3648 787 3719; x_wconf 82' lang='grc' dir='ltr'><strong>Σοδόμοις,</strong></span> <span class='ocrx_word' id='word_1_290' title='bbox 818 3651 851 3717; x_wconf 77' lang='grc' dir='ltr'>ἡ</span> <span class='ocrx_word' id='word_1_291' title='bbox 884 3651 999 3711; x_wconf 83' lang='grc' dir='ltr'>τοῖς</span> <span class='ocrx_word' id='word_1_292' title='bbox 1026 3647 1336 3712; x_wconf 75' lang='grc' dir='ltr'>ἀπειθοῦσι,</span> <span class='ocrx_word' id='word_1_293' title='bbox 1360 3647 1494 3701; x_wconf 87' lang='grc' dir='ltr'>διότι</span> <span class='ocrx_word' id='word_1_294' title='bbox 1538 3650 1587 3701; x_wconf 92' lang='grc' dir='ltr'>οί</span> <span class='ocrx_word' id='word_1_295' title='bbox 1618 3650 1773 3703; x_wconf 70' lang='lat'><strong>2060-</strong></span> 
     </span>
    </p>
   </div>
   <div class='ocr_carea' id='block_1_40' title="bbox 188 3738 1775 3811">
    <p class='ocr_par' dir='ltr' id='par_1_40' title="bbox 188 3738 1775 3811">
     <span class='ocr_line' id='line_1_40' title="bbox 188 3738 1775 3811; baseline 0.001 -20"><span class='ocrx_word' id='word_1_296' title='bbox 188 3741 348 3809; x_wconf 79' lang='grc' dir='ltr'>μϊται</span> <span class='ocrx_word' id='word_1_297' title='bbox 385 3738 625 3793; x_wconf 77' lang='grc' dir='ltr'>ἐνταῦθα</span> <span class='ocrx_word' id='word_1_298' title='bbox 650 3740 1026 3804; x_wconf 83' lang='grc' dir='ltr'>κολασθέντες,</span> <span class='ocrx_word' id='word_1_299' title='bbox 1063 3741 1180 3793; x_wconf 76' lang='grc' dir='ltr'>ἐκεῖ</span> <span class='ocrx_word' id='word_1_300' title='bbox 1212 3739 1577 3811; x_wconf 82' lang='grc' dir='ltr'>μετριώτερον</span> <span class='ocrx_word' id='word_1_301' title='bbox 1607 3741 1775 3793; x_wconf 65' lang='grc' dir='ltr'>κολαδ</span> 
     </span>
    </p>
   </div>
   <div class='ocr_carea' id='block_1_41' title="bbox 184 3829 507 3897">
    <p class='ocr_par' dir='ltr' id='par_1_41' title="bbox 184 3829 507 3897">
     <span class='ocr_line' id='line_1_41' title="bbox 184 3829 507 3897; baseline 0.006 -16"><span class='ocrx_word' id='word_1_302' title='bbox 184 3829 507 3897; x_wconf 81' lang='grc' dir='ltr'>σθήσονται.</span> 
     </span>
    </p>
   </div>
   <div class='ocr_carea' id='block_1_42' title="bbox 265 3923 1772 3996">
    <p class='ocr_par' dir='ltr' id='par_1_42' title="bbox 265 3923 1772 3996">
     <span class='ocr_line' id='line_1_42' title="bbox 265 3923 1772 3996; baseline 0 -21"><span class='ocrx_word' id='word_1_303' title='bbox 265 3943 285 3974; x_wconf 72' lang='grc' dir='ltr'><strong>ε</strong></span> <span class='ocrx_word' id='word_1_304' title='bbox 334 3923 464 3976; x_wconf 79' lang='grc' dir='ltr'>Ἰδοὺ</span> <span class='ocrx_word' id='word_1_305' title='bbox 491 3923 602 3993; x_wconf 71' lang='grc' dir='ltr'><strong>ἐγὼ</strong></span> <span class='ocrx_word' id='word_1_306' title='bbox 633 3924 947 3977; x_wconf 65' lang='grc' dir='ltr'>ἀποστέλλω</span> <span class='ocrx_word' id='word_1_307' title='bbox 975 3924 1117 3994; x_wconf 85' lang='grc' dir='ltr'>ὑμᾶς</span> <span class='ocrx_word' id='word_1_308' title='bbox 1150 3924 1226 3988; x_wconf 87' lang='grc' dir='ltr'>ὡς</span> <span class='ocrx_word' id='word_1_309' title='bbox 1254 3925 1501 3996; x_wconf 87' lang='grc' dir='ltr'>πρόϐατα</span> <span class='ocrx_word' id='word_1_310' title='bbox 1528 3926 1585 3977; x_wconf 79' lang='grc' dir='ltr'><strong>ἑν</strong></span> <span class='ocrx_word' id='word_1_311' title='bbox 1620 3923 1772 3993; x_wconf 80' lang='grc' dir='ltr'>μέσῳ</span> 
     </span>
    </p>
   </div>
   <div class='ocr_carea' id='block_1_43' title="bbox 182 4013 1777 4085">
    <p class='ocr_par' dir='ltr' id='par_1_43' title="bbox 182 4013 1777 4085">
     <span class='ocr_line' id='line_1_43' title="bbox 182 4013 1777 4085; baseline 0.002 -21"><span class='ocrx_word' id='word_1_312' title='bbox 182 4013 391 4068; x_wconf 77' lang='grc' dir='ltr'>λύκων.</span> <span class='ocrx_word' id='word_1_313' title='bbox 444 4033 464 4065; x_wconf 70' lang='grc' dir='ltr'><strong>ι</strong></span> <span class='ocrx_word' id='word_1_314' title='bbox 520 4014 881 4068; x_wconf 83' lang='grc' dir='ltr'>Καθώπλισεν</span> <span class='ocrx_word' id='word_1_315' title='bbox 953 4016 1152 4079; x_wconf 76' lang='grc' dir='ltr'>αὐτοὺς</span> <span class='ocrx_word' id='word_1_316' title='bbox 1230 4016 1505 4084; x_wconf 84' lang='grc' dir='ltr'>σημείοις,</span> <span class='ocrx_word' id='word_1_317' title='bbox 1554 4016 1777 4085; x_wconf 70' lang='grc' dir='ltr'>εποίησε</span> 
     </span>
    </p>
   </div>
   <div class='ocr_carea' id='block_1_44' title="bbox 183 4104 1770 4176">
    <p class='ocr_par' dir='ltr' id='par_1_44' title="bbox 183 4104 1770 4176">
     <span class='ocr_line' id='line_1_44' title="bbox 183 4104 1770 4176; baseline 0.001 -20"><span class='ocrx_word' id='word_1_318' title='bbox 183 4106 414 4176; x_wconf 68' lang='grc' dir='ltr'>θαρρεῖν</span> <span class='ocrx_word' id='word_1_319' title='bbox 444 4107 574 4175; x_wconf 79' lang='grc' dir='ltr'>περὶ</span> <span class='ocrx_word' id='word_1_320' title='bbox 604 4104 702 4174; x_wconf 80' lang='grc' dir='ltr'>τῆς</span> <span class='ocrx_word' id='word_1_321' title='bbox 731 4104 959 4175; x_wconf 83' lang='grc' dir='ltr'>τροφῆς,</span> <span class='ocrx_word' id='word_1_322' title='bbox 977 4106 1076 4167; x_wconf 83' lang='grc' dir='ltr'>τὰς</span> <span class='ocrx_word' id='word_1_323' title='bbox 1103 4106 1211 4157; x_wconf 84' lang='grc' dir='ltr'><strong>τῶν</strong></span> <span class='ocrx_word' id='word_1_324' title='bbox 1238 4105 1403 4169; x_wconf 81' lang='grc' dir='ltr'>ἀξίων</span> <span class='ocrx_word' id='word_1_325' title='bbox 1426 4104 1641 4172; x_wconf 78' lang='grc' dir='ltr'>ἀνοίξας</span> <span class='ocrx_word' id='word_1_326' title='bbox 1672 4104 1770 4158; x_wconf 88' lang='grc' dir='ltr'><strong>θύ-</strong></span> 
     </span>
    </p>
   </div>
   <div class='ocr_carea' id='block_1_45' title="bbox 185 4194 1771 4268">
    <p class='ocr_par' dir='ltr' id='par_1_45' title="bbox 185 4194 1771 4268">
     <span class='ocr_line' id='line_1_45' title="bbox 185 4194 1771 4268; baseline 0.001 -20"><span class='ocrx_word' id='word_1_327' title='bbox 185 4212 311 4264; x_wconf 72' lang='grc' dir='ltr'>ρας.</span> <span class='ocrx_word' id='word_1_328' title='bbox 341 4194 507 4262; x_wconf 82' lang='grc' dir='ltr'>Λέγει</span> <span class='ocrx_word' id='word_1_329' title='bbox 539 4195 633 4250; x_wconf 84' lang='grc' dir='ltr'><strong>νῦν</strong></span> <span class='ocrx_word' id='word_1_330' title='bbox 661 4196 755 4249; x_wconf 77' lang='grc' dir='ltr'>καὶ</span> <span class='ocrx_word' id='word_1_331' title='bbox 777 4198 847 4250; x_wconf 72' lang='grc' dir='ltr'><strong>τὰ</strong></span> <span class='ocrx_word' id='word_1_332' title='bbox 897 4197 1290 4267; x_wconf 76' lang='grc' dir='ltr'>συμϐησόμενα</span> <span class='ocrx_word' id='word_1_333' title='bbox 1318 4197 1487 4262; x_wconf 84' lang='grc' dir='ltr'>δεινὰ,</span> <span class='ocrx_word' id='word_1_334' title='bbox 1510 4198 1608 4267; x_wconf 79' lang='grc' dir='ltr'>τὴν</span> <span class='ocrx_word' id='word_1_335' title='bbox 1635 4198 1771 4268; x_wconf 88' lang='grc' dir='ltr'>πρό-</span> 
     </span>
    </p>
   </div>
   <div class='ocr_carea' id='block_1_46' title="bbox 182 4286 1769 4358">
    <p class='ocr_par' dir='ltr' id='par_1_46' title="bbox 182 4286 1769 4358">
     <span class='ocr_line' id='line_1_46' title="bbox 182 4286 1769 4358; baseline 0.004 -23"><span class='ocrx_word' id='word_1_336' title='bbox 182 4303 394 4353; x_wconf 87' lang='grc' dir='ltr'>γνωσιν</span> <span class='ocrx_word' id='word_1_337' title='bbox 425 4286 658 4349; x_wconf 90' lang='grc' dir='ltr'>δεικνύς.</span> <span class='ocrx_word' id='word_1_338' title='bbox 688 4288 1100 4358; x_wconf 85' lang='grc' dir='ltr'>Παραμυθείται</span> <span class='ocrx_word' id='word_1_339' title='bbox 1117 4289 1195 4353; x_wconf 77' lang='grc' dir='ltr'>δὲ,</span> <span class='ocrx_word' id='word_1_340' title='bbox 1219 4287 1307 4341; x_wconf 77' lang='grc' dir='ltr'>διὰ</span> <span class='ocrx_word' id='word_1_341' title='bbox 1330 4287 1425 4341; x_wconf 78' lang='grc' dir='ltr'>τοῦ</span> <span class='ocrx_word' id='word_1_342' title='bbox 1447 4287 1576 4356; x_wconf 73' lang='grc' dir='ltr'><strong>ἐγώ.</strong></span> <span class='ocrx_word' id='word_1_343' title='bbox 1610 4289 1769 4357; x_wconf 84' lang='grc' dir='ltr'>Ἐγὼ,</span> 
     </span>
    </p>
   </div>
   <div class='ocr_carea' id='block_1_47' title="bbox 182 4376 1774 4450">
    <p class='ocr_par' dir='ltr' id='par_1_47' title="bbox 182 4376 1774 4450">
     <span class='ocr_line' id='line_1_47' title="bbox 182 4376 1774 4450; baseline 0.004 -23"><span class='ocrx_word' id='word_1_344' title='bbox 182 4376 381 4445; x_wconf 72' lang='grc' dir='ltr'>φησὶν,</span> <span class='ocrx_word' id='word_1_345' title='bbox 411 4378 439 4429; x_wconf 90' lang='lat'><strong>6</strong></span> <span class='ocrx_word' id='word_1_346' title='bbox 484 4379 763 4448; x_wconf 88' lang='grc' dir='ltr'>κραταιός.</span> <span class='ocrx_word' id='word_1_347' title='bbox 822 4378 984 4430; x_wconf 83' lang='grc' dir='ltr'>Ὥστε</span> <span class='ocrx_word' id='word_1_348' title='bbox 1016 4378 1272 4449; x_wconf 81' lang='grc' dir='ltr'>θαρρεῖτε</span> <span class='ocrx_word' id='word_1_349' title='bbox 1302 4394 1315 4408; x_wconf 82' lang='grc'>⁶</span> <span class='ocrx_word' id='word_1_350' title='bbox 1350 4379 1640 4448; x_wconf 81' lang='grc' dir='ltr'>ἀχείρωτοι</span> <span class='ocrx_word' id='word_1_351' title='bbox 1666 4382 1774 4450; x_wconf 77' lang='grc' dir='ltr'><strong>γὰρ</strong></span> 
     </span>
    </p>
   </div>
   <div class='ocr_carea' id='block_1_48' title="bbox 182 4468 1777 4540">
    <p class='ocr_par' dir='ltr' id='par_1_48' title="bbox 182 4468 1777 4540">
     <span class='ocr_line' id='line_1_48' title="bbox 182 4468 1777 4540; baseline 0.003 -20"><span class='ocrx_word' id='word_1_352' title='bbox 182 4468 405 4522; x_wconf 72' lang='grc' dir='ltr'>ἔσεσθε.</span> <span class='ocrx_word' id='word_1_353' title='bbox 455 4469 769 4539; x_wconf 77' lang='grc' dir='ltr'>Ἑτοιμάζει</span> <span class='ocrx_word' id='word_1_354' title='bbox 802 4470 859 4522; x_wconf 81' lang='grc' dir='ltr'>δὲ</span> <span class='ocrx_word' id='word_1_355' title='bbox 895 4471 1095 4532; x_wconf 80' lang='grc' dir='ltr'>αὐτοὺς</span> <span class='ocrx_word' id='word_1_356' title='bbox 1124 4470 1259 4540; x_wconf 79' lang='grc' dir='ltr'>πρὸς</span> <span class='ocrx_word' id='word_1_357' title='bbox 1300 4470 1362 4522; x_wconf 84' lang='grc' dir='ltr'>τὸ</span> <span class='ocrx_word' id='word_1_358' title='bbox 1391 4471 1622 4540; x_wconf 84' lang='grc' dir='ltr'>πάσχειν</span> <span class='ocrx_word' id='word_1_359' title='bbox 1648 4486 1662 4499; x_wconf 74' lang='grc'><strong>⁸</strong></span> <span class='ocrx_word' id='word_1_360' title='bbox 1700 4472 1777 4533; x_wconf 81' lang='grc' dir='ltr'><strong>ὡς</strong></span> 
     </span>
    </p>
   </div>
   <div class='ocr_carea' id='block_1_49' title="bbox 179 4558 1767 4629">
    <p class='ocr_par' dir='ltr' id='par_1_49' title="bbox 179 4558 1767 4629">
     <span class='ocr_line' id='line_1_49' title="bbox 179 4558 1767 4629; baseline -0.001 -19"><span class='ocrx_word' id='word_1_361' title='bbox 179 4561 293 4626; x_wconf 77' lang='grc' dir='ltr'>γὰρ</span> <span class='ocrx_word' id='word_1_362' title='bbox 325 4558 589 4611; x_wconf 71' lang='grc' dir='ltr'>ἀδύνατον</span> <span class='ocrx_word' id='word_1_363' title='bbox 617 4562 673 4611; x_wconf 75' lang='grc' dir='ltr'>ὲν</span> <span class='ocrx_word' id='word_1_364' title='bbox 699 4560 851 4629; x_wconf 75' lang='grc' dir='ltr'><strong>μὲεῳ</strong></span> <span class='ocrx_word' id='word_1_365' title='bbox 880 4558 1059 4611; x_wconf 85' lang='grc' dir='ltr'>λύκων</span> <span class='ocrx_word' id='word_1_366' title='bbox 1085 4560 1355 4629; x_wconf 82' lang='grc' dir='ltr'>πρόϐατον</span> <span class='ocrx_word' id='word_1_367' title='bbox 1401 4559 1476 4629; x_wconf 81' lang='grc' dir='ltr'>μὴ</span> <span class='ocrx_word' id='word_1_368' title='bbox 1516 4560 1767 4627; x_wconf 76' lang='grc' dir='ltr'>πάσχειν,</span> 
     </span>
    </p>
   </div>
   <div class='ocr_carea' id='block_1_50' title="bbox 177 4650 1772 4721">
    <p class='ocr_par' dir='ltr' id='par_1_50' title="bbox 177 4650 1772 4721">
     <span class='ocr_line' id='line_1_50' title="bbox 177 4650 1772 4721; baseline 0.001 -19"><span class='ocrx_word' id='word_1_369' title='bbox 177 4650 333 4703; x_wconf 76' lang='grc' dir='ltr'>οὕτω</span> <span class='ocrx_word' id='word_1_370' title='bbox 362 4652 455 4703; x_wconf 74' lang='grc' dir='ltr'>καὶ</span> <span class='ocrx_word' id='word_1_371' title='bbox 489 4652 633 4719; x_wconf 82' lang='grc' dir='ltr'>ὑμᾶς</span> <span class='ocrx_word' id='word_1_372' title='bbox 663 4652 867 4721; x_wconf 76' lang='grc' dir='ltr'>μεταξὺ</span> <span class='ocrx_word' id='word_1_373' title='bbox 902 4652 1011 4703; x_wconf 86' lang='grc' dir='ltr'>τῶν</span> <span class='ocrx_word' id='word_1_374' title='bbox 1050 4651 1343 4714; x_wconf 68' lang='grc' dir='ltr'>Ἰουδαίων,</span> <span class='ocrx_word' id='word_1_375' title='bbox 1376 4652 1512 4703; x_wconf 81' lang='grc' dir='ltr'><strong>ἀλλὰ</strong></span> <span class='ocrx_word' id='word_1_376' title='bbox 1539 4652 1641 4705; x_wconf 84' lang='grc' dir='ltr'><strong>κᾶν</strong></span> <span class='ocrx_word' id='word_1_377' title='bbox 1665 4652 1772 4703; x_wconf 81' lang='grc' dir='ltr'>πά-</span> 
     </span>
    </p>
   </div>
   <div class='ocr_carea' id='block_1_51' title="bbox 180 4743 1773 4814">
    <p class='ocr_par' dir='ltr' id='par_1_51' title="bbox 180 4743 1773 4814">
     <span class='ocr_line' id='line_1_51' title="bbox 180 4743 1773 4814; baseline 0 -19"><span class='ocrx_word' id='word_1_378' title='bbox 180 4760 379 4813; x_wconf 80' lang='grc' dir='ltr'>σχητε,</span> <span class='ocrx_word' id='word_1_379' title='bbox 412 4744 488 4814; x_wconf 81' lang='grc' dir='ltr'><strong>μὴ</strong></span> <span class='ocrx_word' id='word_1_380' title='bbox 538 4744 851 4814; x_wconf 64' lang='grc' dir='ltr'>ὀργίζεσθε*</span> <span class='ocrx_word' id='word_1_381' title='bbox 880 4744 955 4806; x_wconf 81' lang='grc' dir='ltr'><strong>ὡς</strong></span> <span class='ocrx_word' id='word_1_382' title='bbox 976 4744 1223 4814; x_wconf 87' lang='grc' dir='ltr'>πρόϐατα</span> <span class='ocrx_word' id='word_1_383' title='bbox 1242 4745 1349 4812; x_wconf 81' lang='grc' dir='ltr'>γὰρ</span> <span class='ocrx_word' id='word_1_384' title='bbox 1375 4744 1583 4812; x_wconf 86' lang='grc' dir='ltr'>πράους</span> <span class='ocrx_word' id='word_1_385' title='bbox 1630 4743 1773 4812; x_wconf 80' lang='grc' dir='ltr'>ὑμᾶς</span> 
     </span>
    </p>
   </div>
   <div class='ocr_carea' id='block_1_52' title="bbox 178 4829 1772 4902">
    <p class='ocr_par' dir='ltr' id='par_1_52' title="bbox 178 4829 1772 4902">
     <span class='ocr_line' id='line_1_52' title="bbox 178 4829 1772 4902; baseline 0.001 -20"><span class='ocrx_word' id='word_1_386' title='bbox 178 4829 326 4883; x_wconf 82' lang='grc' dir='ltr'>εἶναι</span> <span class='ocrx_word' id='word_1_387' title='bbox 373 4830 659 4900; x_wconf 76' lang='grc' dir='ltr'>βούλομαι,</span> <span class='ocrx_word' id='word_1_388' title='bbox 719 4832 815 4885; x_wconf 71' lang='grc' dir='ltr'>καὶ</span> <span class='ocrx_word' id='word_1_389' title='bbox 849 4831 993 4885; x_wconf 78' lang='grc' dir='ltr'>οὓτω</span> <span class='ocrx_word' id='word_1_390' title='bbox 1030 4832 1230 4902; x_wconf 81' lang='grc' dir='ltr'>μᾶλλον</span> <span class='ocrx_word' id='word_1_391' title='bbox 1265 4833 1443 4902; x_wconf 79' lang='grc' dir='ltr'>νικᾷν.</span> <span class='ocrx_word' id='word_1_392' title='bbox 1484 4851 1501 4883; x_wconf 83' lang='grc' dir='ltr'>ι</span> <span class='ocrx_word' id='word_1_393' title='bbox 1554 4830 1772 4886; x_wconf 83' lang='grc' dir='ltr'>Γίνεσθε</span> 
     </span>
    </p>
   </div>
   <div class='ocr_carea' id='block_1_53' title="bbox 178 4914 1773 4993">
    <p class='ocr_par' dir='ltr' id='par_1_53' title="bbox 178 4914 1773 4993">
     <span class='ocr_line' id='line_1_53' title="bbox 178 4914 1773 4993; baseline 0.003 -24"><span class='ocrx_word' id='word_1_394' title='bbox 178 4914 275 4970; x_wconf 78' lang='grc' dir='ltr'>οὖν</span> <span class='ocrx_word' id='word_1_395' title='bbox 306 4919 569 4987; x_wconf 82' lang='grc' dir='ltr'>φρόνιμοι</span> <span class='ocrx_word' id='word_1_396' title='bbox 601 4917 675 4980; x_wconf 85' lang='grc' dir='ltr'><strong>ὠς</strong></span> <span class='ocrx_word' id='word_1_397' title='bbox 702 4921 750 4972; x_wconf 86' lang='grc' dir='ltr'>οἰ</span> <span class='ocrx_word' id='word_1_398' title='bbox 783 4919 958 4989; x_wconf 76' lang='grc' dir='ltr'>ὄφεις,</span> <span class='ocrx_word' id='word_1_399' title='bbox 995 4923 1087 4973; x_wconf 77' lang='grc' dir='ltr'><strong>καὶ</strong></span> <span class='ocrx_word' id='word_1_400' title='bbox 1121 4921 1371 4991; x_wconf 78' lang='grc' dir='ltr'>ἀκέραιοι</span> <span class='ocrx_word' id='word_1_401' title='bbox 1401 4920 1475 4983; x_wconf 87' lang='grc' dir='ltr'>ὡς</span> <span class='ocrx_word' id='word_1_402' title='bbox 1527 4924 1583 4973; x_wconf 91' lang='grc' dir='ltr'><strong>αί</strong></span> <span class='ocrx_word' id='word_1_403' title='bbox 1625 4939 1773 4993; x_wconf 82' lang='grc' dir='ltr'>περι-</span> 
     </span>
    </p>
   </div>
   <div class='ocr_carea' id='block_1_54' title="bbox 178 5010 1762 5084">
    <p class='ocr_par' dir='ltr' id='par_1_54' title="bbox 178 5010 1762 5084">
     <span class='ocr_line' id='line_1_54' title="bbox 178 5010 1762 5084; baseline 0.004 -22"><span class='ocrx_word' id='word_1_404' title='bbox 178 5011 398 5079; x_wconf 86' lang='grc' dir='ltr'>στεραί.</span> <span class='ocrx_word' id='word_1_405' title='bbox 438 5029 458 5061; x_wconf 74' lang='grc' dir='ltr'><strong>ι</strong></span> <span class='ocrx_word' id='word_1_406' title='bbox 487 5010 641 5063; x_wconf 82' lang='grc' dir='ltr'>Θέλει</span> <span class='ocrx_word' id='word_1_407' title='bbox 681 5015 806 5075; x_wconf 76' lang='grc' dir='ltr'>τοὺς</span> <span class='ocrx_word' id='word_1_408' title='bbox 836 5012 1083 5083; x_wconf 84' lang='grc' dir='ltr'>μαθητὰς</span> <span class='ocrx_word' id='word_1_409' title='bbox 1127 5016 1221 5067; x_wconf 69' lang='lat' dir='ltr'><strong>xui.</strong></span> <span class='ocrx_word' id='word_1_410' title='bbox 1258 5015 1559 5084; x_wconf 85' lang='grc' dir='ltr'>φρονίμους</span> <span class='ocrx_word' id='word_1_411' title='bbox 1598 5010 1762 5068; x_wconf 78' lang='grc' dir='ltr'>εἶναι.</span> 
     </span>
    </p>
   </div>
   <div class='ocr_carea' id='block_1_55' title="bbox 178 5100 1774 5176">
    <p class='ocr_par' dir='ltr' id='par_1_55' title="bbox 178 5100 1774 5176">
     <span class='ocr_line' id='line_1_55' title="bbox 178 5100 1774 5176; baseline 0.004 -25"><span class='ocrx_word' id='word_1_412' title='bbox 178 5100 302 5152; x_wconf 84' lang='grc' dir='ltr'>Ἵνα</span> <span class='ocrx_word' id='word_1_413' title='bbox 327 5112 441 5170; x_wconf 86' lang='grc' dir='ltr'><strong>γαρ</strong></span> <span class='ocrx_word' id='word_1_414' title='bbox 464 5105 561 5171; x_wconf 83' lang='grc' dir='ltr'><strong>μὴ,</strong></span> <span class='ocrx_word' id='word_1_415' title='bbox 596 5103 842 5170; x_wconf 81' lang='grc' dir='ltr'>πρόϐατα</span> <span class='ocrx_word' id='word_1_416' title='bbox 872 5106 1095 5166; x_wconf 84' lang='grc' dir='ltr'>τούτους</span> <span class='ocrx_word' id='word_1_417' title='bbox 1115 5106 1351 5169; x_wconf 81' lang='grc' dir='ltr'>ἀκούων,</span> <span class='ocrx_word' id='word_1_418' title='bbox 1381 5108 1507 5176; x_wconf 80' lang='grc' dir='ltr'>νοῇς</span> <span class='ocrx_word' id='word_1_419' title='bbox 1537 5107 1619 5159; x_wconf 86' lang='grc' dir='ltr'>ὅτι</span> <span class='ocrx_word' id='word_1_420' title='bbox 1656 5105 1774 5175; x_wconf 73' lang='grc' dir='ltr'>ὴλί-</span> 
     </span>
    </p>
   </div>
   <div class='ocr_carea' id='block_1_56' title="bbox 178 5192 1771 5271">
    <p class='ocr_par' dir='ltr' id='par_1_56' title="bbox 178 5192 1771 5271">
     <span class='ocr_line' id='line_1_56' title="bbox 178 5192 1771 5271; baseline 0.004 -24"><span class='ocrx_word' id='word_1_421' title='bbox 178 5201 293 5249; x_wconf 84' lang='grc' dir='ltr'>υιον</span> <span class='ocrx_word' id='word_1_422' title='bbox 320 5197 405 5249; x_wconf 79' lang='grc' dir='ltr'>δεῖ</span> <span class='ocrx_word' id='word_1_423' title='bbox 433 5192 574 5250; x_wconf 77' lang='grc' dir='ltr'>εἶναι</span> <span class='ocrx_word' id='word_1_424' title='bbox 608 5198 699 5249; x_wconf 81' lang='grc' dir='ltr'>τὸν</span> <span class='ocrx_word' id='word_1_425' title='bbox 730 5200 1078 5268; x_wconf 83' lang='grc' dir='ltr'>Χριστιανὸν,</span> <span class='ocrx_word' id='word_1_426' title='bbox 1108 5202 1272 5269; x_wconf 77' lang='grc' dir='ltr'>φησὶν</span> <span class='ocrx_word' id='word_1_427' title='bbox 1306 5203 1387 5253; x_wconf 87' lang='grc' dir='ltr'>ὃτι</span> <span class='ocrx_word' id='word_1_428' title='bbox 1412 5202 1495 5254; x_wconf 81' lang='grc' dir='ltr'>δεῖ</span> <span class='ocrx_word' id='word_1_429' title='bbox 1520 5202 1611 5254; x_wconf 80' lang='grc' dir='ltr'>καὶ</span> <span class='ocrx_word' id='word_1_430' title='bbox 1641 5202 1771 5271; x_wconf 79' lang='grc' dir='ltr'>φρό-</span> 
     </span>
    </p>
   </div>
   <div class='ocr_carea' id='block_1_57' title="bbox 176 5287 1770 5363">
    <p class='ocr_par' dir='ltr' id='par_1_57' title="bbox 176 5287 1770 5363">
     <span class='ocr_line' id='line_1_57' title="bbox 176 5287 1770 5363; baseline 0.002 -21"><span class='ocrx_word' id='word_1_431' title='bbox 176 5308 337 5360; x_wconf 80' lang='grc' dir='ltr'>νιμον</span> <span class='ocrx_word' id='word_1_432' title='bbox 382 5287 542 5354; x_wconf 82' lang='grc' dir='ltr'>εἶναι,</span> <span class='ocrx_word' id='word_1_433' title='bbox 595 5294 771 5346; x_wconf 80' lang='grc' dir='ltr'>εἰδότα</span> <span class='ocrx_word' id='word_1_434' title='bbox 818 5292 934 5355; x_wconf 80' lang='grc' dir='ltr'>πῶς</span> <span class='ocrx_word' id='word_1_435' title='bbox 955 5292 1034 5344; x_wconf 84' lang='grc' dir='ltr'><strong>δεῖ</strong></span> <span class='ocrx_word' id='word_1_436' title='bbox 1063 5292 1498 5363; x_wconf 78' lang='grc' dir='ltr'>ἀναστρέφεσθαι</span> <span class='ocrx_word' id='word_1_437' title='bbox 1528 5295 1585 5346; x_wconf 82' lang='grc' dir='ltr'><strong>ἐν</strong></span> <span class='ocrx_word' id='word_1_438' title='bbox 1620 5295 1770 5363; x_wconf 76' lang='grc' dir='ltr'>μέσῳ</span> 
     </span>
    </p>
   </div>
   <div class='ocr_carea' id='block_1_58' title="bbox 174 5386 1769 5457">
    <p class='ocr_par' dir='ltr' id='par_1_58' title="bbox 174 5386 1769 5457">
     <span class='ocr_line' id='line_1_58' title="bbox 174 5386 1769 5457; baseline 0.001 -18"><span class='ocrx_word' id='word_1_439' title='bbox 174 5387 394 5441; x_wconf 77' lang='grc' dir='ltr'>πολλῶν</span> <span class='ocrx_word' id='word_1_440' title='bbox 431 5387 661 5457; x_wconf 75' lang='grc' dir='ltr'><strong>ἐχθρῶν.</strong></span> <span class='ocrx_word' id='word_1_441' title='bbox 701 5388 789 5447; x_wconf 75' lang='grc' dir='ltr'>Ὠς</span> <span class='ocrx_word' id='word_1_442' title='bbox 816 5387 925 5457; x_wconf 85' lang='grc' dir='ltr'>γὰρ</span> <span class='ocrx_word' id='word_1_443' title='bbox 953 5390 980 5439; x_wconf 87' lang='lat'><strong>6</strong></span> <span class='ocrx_word' id='word_1_444' title='bbox 1012 5387 1135 5455; x_wconf 80' lang='grc' dir='ltr'>ὄφις</span> <span class='ocrx_word' id='word_1_445' title='bbox 1204 5388 1313 5439; x_wconf 81' lang='grc' dir='ltr'><strong>πᾶν</strong></span> <span class='ocrx_word' id='word_1_446' title='bbox 1351 5386 1450 5455; x_wconf 81' lang='grc' dir='ltr'><strong>μὲν</strong></span> <span class='ocrx_word' id='word_1_447' title='bbox 1493 5387 1555 5439; x_wconf 88' lang='grc' dir='ltr'><strong>τὸ</strong></span> <span class='ocrx_word' id='word_1_448' title='bbox 1584 5386 1769 5441; x_wconf 59' lang='grc' dir='ltr'>λοιπὴν</span> 
     </span>
    </p>
   </div>
   <div class='ocr_carea' id='block_1_59' title="bbox 176 5476 1765 5549">
    <p class='ocr_par' dir='ltr' id='par_1_59' title="bbox 176 5476 1765 5549">
     <span class='ocr_line' id='line_1_59' title="bbox 176 5476 1765 5549; baseline -0.001 -18"><span class='ocrx_word' id='word_1_449' title='bbox 176 5480 345 5549; x_wconf 83' lang='grc' dir='ltr'>σῶμα</span> <span class='ocrx_word' id='word_1_450' title='bbox 392 5480 577 5531; x_wconf 83' lang='grc' dir='ltr'>δίδωσι</span> <span class='ocrx_word' id='word_1_451' title='bbox 632 5478 991 5549; x_wconf 82' lang='grc' dir='ltr'>πλήττεσθαι,</span> <span class='ocrx_word' id='word_1_452' title='bbox 1046 5478 1145 5549; x_wconf 78' lang='grc' dir='ltr'>τὴν</span> <span class='ocrx_word' id='word_1_453' title='bbox 1177 5477 1234 5530; x_wconf 82' lang='grc' dir='ltr'>δὲ</span> <span class='ocrx_word' id='word_1_454' title='bbox 1285 5476 1527 5547; x_wconf 81' lang='grc' dir='ltr'>κεφαλὴν</span> <span class='ocrx_word' id='word_1_455' title='bbox 1587 5481 1765 5549; x_wconf 86' lang='grc' dir='ltr'>τηρεί,</span> 
     </span>
    </p>
   </div>
   <div class='ocr_carea' id='block_1_60' title="bbox 174 5570 1768 5642">
    <p class='ocr_par' dir='ltr' id='par_1_60' title="bbox 174 5570 1768 5642">
     <span class='ocr_line' id='line_1_60' title="bbox 174 5570 1768 5642; baseline -0.002 -17"><span class='ocrx_word' id='word_1_456' title='bbox 174 5573 321 5626; x_wconf 74' lang='grc' dir='ltr'>οὕτω</span> <span class='ocrx_word' id='word_1_457' title='bbox 349 5574 441 5626; x_wconf 75' lang='grc' dir='ltr'>καὶ</span> <span class='ocrx_word' id='word_1_458' title='bbox 471 5572 500 5623; x_wconf 97' lang='lat'><strong>6</strong></span> <span class='ocrx_word' id='word_1_459' title='bbox 531 5572 856 5642; x_wconf 73' lang='grc' dir='ltr'>Χριστιανὸς</span> <span class='ocrx_word' id='word_1_460' title='bbox 893 5573 1073 5624; x_wconf 75' lang='grc' dir='ltr'>πάντα</span> <span class='ocrx_word' id='word_1_461' title='bbox 1103 5571 1169 5623; x_wconf 82' lang='grc' dir='ltr'><strong>τὰ</strong></span> <span class='ocrx_word' id='word_1_462' title='bbox 1205 5570 1402 5623; x_wconf 80' lang='grc' dir='ltr'>ἑαυτοῦ</span> <span class='ocrx_word' id='word_1_463' title='bbox 1434 5570 1642 5635; x_wconf 81' lang='grc' dir='ltr'>διδότω,</span> <span class='ocrx_word' id='word_1_464' title='bbox 1672 5571 1768 5622; x_wconf 65' lang='grc' dir='ltr'><strong>καί⁵</strong></span> 
     </span>
    </p>
   </div>
   <div class='ocr_carea' id='block_1_61' title="bbox 172 5663 1768 5735">
    <p class='ocr_par' dir='ltr' id='par_1_61' title="bbox 172 5663 1768 5735">
     <span class='ocr_line' id='line_1_61' title="bbox 172 5663 1768 5735; baseline -0.003 -17"><span class='ocrx_word' id='word_1_465' title='bbox 172 5667 235 5719; x_wconf 68' lang='grc' dir='ltr'><strong>τὸ</strong></span> <span class='ocrx_word' id='word_1_466' title='bbox 266 5666 431 5735; x_wconf 83' lang='grc' dir='ltr'>σῶμα</span> <span class='ocrx_word' id='word_1_467' title='bbox 466 5664 635 5718; x_wconf 77' lang='grc' dir='ltr'>αὑτοῦ</span> <span class='ocrx_word' id='word_1_468' title='bbox 661 5669 770 5729; x_wconf 86' lang='grc' dir='ltr'>τοῖς</span> <span class='ocrx_word' id='word_1_469' title='bbox 794 5665 1087 5735; x_wconf 85' lang='grc' dir='ltr'>πλήττουσι</span> <span class='ocrx_word' id='word_1_470' title='bbox 1107 5681 1119 5695; x_wconf 83' lang='grc'><em>’</em></span> <span class='ocrx_word' id='word_1_471' title='bbox 1146 5665 1249 5735; x_wconf 86' lang='grc' dir='ltr'><strong>’τὴν</strong></span> <span class='ocrx_word' id='word_1_472' title='bbox 1270 5664 1327 5716; x_wconf 83' lang='grc' dir='ltr'>δὲ</span> <span class='ocrx_word' id='word_1_473' title='bbox 1360 5663 1624 5733; x_wconf 72' lang='grc' dir='ltr'>κεφαλὴν,</span> <span class='ocrx_word' id='word_1_474' title='bbox 1643 5663 1768 5733; x_wconf 76' lang='grc' dir='ltr'>ἥτις</span> 
     </span>
    </p>
   </div>
   <div class='ocr_carea' id='block_1_62' title="bbox 176 5757 1762 5827">
    <p class='ocr_par' dir='ltr' id='par_1_62' title="bbox 176 5757 1762 5827">
     <span class='ocr_line' id='line_1_62' title="bbox 176 5757 1762 5827; baseline -0.001 -17"><span class='ocrx_word' id='word_1_475' title='bbox 176 5761 331 5812; x_wconf 69' lang='grc' dir='ltr'>ἐστὶν</span> <span class='ocrx_word' id='word_1_476' title='bbox 386 5761 414 5811; x_wconf 86' lang='lat'><strong>6</strong></span> <span class='ocrx_word' id='word_1_477' title='bbox 445 5758 681 5826; x_wconf 73' lang='grc' dir='ltr'>Χριστὸς</span> <span class='ocrx_word' id='word_1_478' title='bbox 714 5761 807 5812; x_wconf 55' lang='grc' dir='ltr'><strong>καὶ⁸</strong></span> <span class='ocrx_word' id='word_1_479' title='bbox 844 5760 875 5827; x_wconf 82' lang='grc' dir='ltr'><strong>ἡ</strong></span> <span class='ocrx_word' id='word_1_480' title='bbox 911 5760 990 5821; x_wconf 85' lang='grc' dir='ltr'><strong>εἰς</strong></span> <span class='ocrx_word' id='word_1_481' title='bbox 1024 5758 1187 5811; x_wconf 67' lang='grc' dir='ltr'>αὐτὸν</span> <span class='ocrx_word' id='word_1_482' title='bbox 1243 5757 1445 5823; x_wconf 76' lang='grc' dir='ltr'>πίστις,</span> <span class='ocrx_word' id='word_1_483' title='bbox 1492 5758 1725 5827; x_wconf 86' lang='grc' dir='ltr'>τηρείτω</span> <span class='ocrx_word' id='word_1_484' title='bbox 1750 5773 1762 5785; x_wconf 88' lang='grc'><strong>·</strong></span> 
     </span>
    </p>
   </div>
   <div class='ocr_carea' id='block_1_63' title="bbox 172 5851 1765 5927">
    <p class='ocr_par' dir='ltr' id='par_1_63' title="bbox 172 5851 1765 5927">
     <span class='ocr_line' id='line_1_63' title="bbox 172 5851 1765 5927; baseline -0.002 -21"><span class='ocrx_word' id='word_1_485' title='bbox 172 5854 267 5906; x_wconf 60' lang='grc' dir='ltr'>καὶ</span> <span class='ocrx_word' id='word_1_486' title='bbox 298 5851 491 5921; x_wconf 74' lang='grc' dir='ltr'>ὥσπερ</span> <span class='ocrx_word' id='word_1_487' title='bbox 520 5854 548 5905; x_wconf 89' lang='lat'><strong>6</strong></span> <span class='ocrx_word' id='word_1_488' title='bbox 577 5851 699 5922; x_wconf 80' lang='grc' dir='ltr'>δφις</span> <span class='ocrx_word' id='word_1_489' title='bbox 744 5856 905 5923; x_wconf 82' lang='grc' dir='ltr'>στενῇ</span> <span class='ocrx_word' id='word_1_490' title='bbox 958 5870 1064 5907; x_wconf 67' lang='grc' dir='ltr'>τινι</span> <span class='ocrx_word' id='word_1_491' title='bbox 1102 5854 1209 5926; x_wconf 75' lang='grc' dir='ltr'><strong>ὁπῇ</strong></span> <span class='ocrx_word' id='word_1_492' title='bbox 1266 5852 1765 5927; x_wconf 74' lang='grc' dir='ltr'>περισφιγγόμενος</span> 
     </span>
    </p>
   </div>
   <div class='ocr_carea' id='block_1_64' title="bbox 1874 644 3439 715">
    <p class='ocr_par' dir='ltr' id='par_1_64' title="bbox 1874 644 3439 715">
     <span class='ocr_line' id='line_1_64' title="bbox 1874 644 3439 715; baseline -0.001 -17"><span class='ocrx_word' id='word_1_493' title='bbox 1874 644 1977 699; x_wconf 89' lang='lat' dir='ltr'><strong>llua</strong></span> <span class='ocrx_word' id='word_1_494' title='bbox 2006 644 2203 706; x_wconf 83' lang='lat' dir='ltr'><strong>aufert,</strong></span> <span class='ocrx_word' id='word_1_495' title='bbox 2223 656 2276 697; x_wconf 89' lang='lat' dir='ltr'><strong>et</strong></span> <span class='ocrx_word' id='word_1_496' title='bbox 2309 660 2467 697; x_wconf 82' lang='lat' dir='ltr'><strong>curas</strong></span> <span class='ocrx_word' id='word_1_497' title='bbox 2512 648 2589 699; x_wconf 83' lang='lat' dir='ltr'><strong>eis</strong></span> <span class='ocrx_word' id='word_1_498' title='bbox 2629 646 2838 700; x_wconf 88' lang='lat' dir='ltr'><strong>adimit.</strong></span> <span class='ocrx_word' id='word_1_499' title='bbox 2864 646 2995 701; x_wconf 82' lang='lat' dir='ltr'><strong>Nam</strong></span> <span class='ocrx_word' id='word_1_500' title='bbox 3026 658 3201 714; x_wconf 86' lang='lat' dir='ltr'><strong>neque</strong></span> <span class='ocrx_word' id='word_1_501' title='bbox 3235 648 3439 715; x_wconf 89' lang='lat' dir='ltr'><strong>virgam</strong></span> 
     </span>
    </p>
   </div>
   <div class='ocr_carea' id='block_1_65' title="bbox 1872 736 3443 807">
    <p class='ocr_par' dir='ltr' id='par_1_65' title="bbox 1872 736 3443 807">
     <span class='ocr_line' id='line_1_65' title="bbox 1872 736 3443 807; baseline -0.001 -16"><span class='ocrx_word' id='word_1_502' title='bbox 1872 750 1968 791; x_wconf 79' lang='lat' dir='ltr'><strong>eos</strong></span> <span class='ocrx_word' id='word_1_503' title='bbox 1996 736 2197 790; x_wconf 81' lang='lat' dir='ltr'><strong>habere</strong></span> <span class='ocrx_word' id='word_1_504' title='bbox 2243 736 2391 798; x_wconf 86' lang='lat' dir='ltr'><strong>sinit,</strong></span> <span class='ocrx_word' id='word_1_505' title='bbox 2420 737 2564 803; x_wconf 87' lang='lat' dir='ltr'><strong>quod</strong></span> <span class='ocrx_word' id='word_1_506' title='bbox 2614 748 2819 792; x_wconf 66' lang='lat' dir='ltr'><strong>exactae</strong></span> <span class='ocrx_word' id='word_1_507' title='bbox 2868 736 3206 807; x_wconf 73' lang='lat' dir='ltr'><strong>paupertatis</strong></span> <span class='ocrx_word' id='word_1_508' title='bbox 3235 748 3318 792; x_wconf 85' lang='lat' dir='ltr'><strong>est</strong></span> <span class='ocrx_word' id='word_1_509' title='bbox 3349 744 3443 790; x_wconf 88' lang='lat' dir='ltr'><strong>:et</strong></span> 
     </span>
    </p>
   </div>
   <div class='ocr_carea' id='block_1_66' title="bbox 1874 827 3444 898">
    <p class='ocr_par' dir='ltr' id='par_1_66' title="bbox 1874 827 3444 898">
     <span class='ocr_line' id='line_1_66' title="bbox 1874 827 3444 898; baseline 0.001 -16"><span class='ocrx_word' id='word_1_510' title='bbox 1874 830 2065 897; x_wconf 84' lang='lat' dir='ltr'><strong>dignos</strong></span> <span class='ocrx_word' id='word_1_511' title='bbox 2090 827 2193 884; x_wconf 80' lang='lat' dir='ltr'><strong>ﬁde</strong></span> <span class='ocrx_word' id='word_1_512' title='bbox 2225 829 2352 883; x_wconf 78' lang='lat' dir='ltr'><strong>facit</strong></span> <span class='ocrx_word' id='word_1_513' title='bbox 2381 830 2987 898; x_wconf 77' lang='lat' dir='ltr'><strong>eos,quipaupertatem</strong></span> <span class='ocrx_word' id='word_1_514' title='bbox 3016 831 3262 885; x_wconf 73' lang='lat' dir='ltr'><strong>doceant.</strong></span> <span class='ocrx_word' id='word_1_515' title='bbox 3282 828 3444 884; x_wconf 86' lang='lat' dir='ltr'><strong>Dein-</strong></span> 
     </span>
    </p>
   </div>
   <div class='ocr_carea' id='block_1_67' title="bbox 1874 916 3445 988">
    <p class='ocr_par' dir='ltr' id='par_1_67' title="bbox 1874 916 3445 988">
     <span class='ocr_line' id='line_1_67' title="bbox 1874 916 3445 988; baseline -0.003 -15"><span class='ocrx_word' id='word_1_516' title='bbox 1874 919 1940 973; x_wconf 87' lang='lat' dir='ltr'><strong>de</strong></span> <span class='ocrx_word' id='word_1_517' title='bbox 1956 932 2024 973; x_wconf 88' lang='lat' dir='ltr'><strong>ne</strong></span> <span class='ocrx_word' id='word_1_518' title='bbox 2041 919 2244 981; x_wconf 89' lang='lat' dir='ltr'><strong>dicant,</strong></span> <span class='ocrx_word' id='word_1_519' title='bbox 2264 917 2545 983; x_wconf 84' lang='lat' dir='ltr'><strong>Quomodo</strong></span> <span class='ocrx_word' id='word_1_520' title='bbox 2566 917 2951 972; x_wconf 81' lang='lat' dir='ltr'><strong>educabimur?</strong></span> <span class='ocrx_word' id='word_1_521' title='bbox 2969 919 3140 988; x_wconf 90' lang='lat' dir='ltr'><strong>inquit</strong></span> <span class='ocrx_word' id='word_1_522' title='bbox 3160 936 3174 973; x_wconf 87' lang='lat'><strong>:</strong></span> <span class='ocrx_word' id='word_1_523' title='bbox 3197 935 3216 970; x_wconf 84' lang='grc' dir='ltr'>ι</span> <span class='ocrx_word' id='word_1_524' title='bbox 3242 916 3445 987; x_wconf 79' lang='lat' dir='ltr'><strong>Dignus</strong></span> 
     </span>
    </p>
   </div>
   <div class='ocr_carea' id='block_1_68' title="bbox 1876 1003 3447 1079">
    <p class='ocr_par' dir='ltr' id='par_1_68' title="bbox 1876 1003 3447 1079">
     <span class='ocr_line' id='line_1_68' title="bbox 1876 1003 3447 1079; baseline -0.001 -18"><span class='ocrx_word' id='word_1_525' title='bbox 1876 1016 1959 1061; x_wconf 84' lang='lat' dir='ltr'><strong>est</strong></span> <span class='ocrx_word' id='word_1_526' title='bbox 1986 1009 2268 1077; x_wconf 80' lang='lat' dir='ltr'><strong>operarius</strong></span> <span class='ocrx_word' id='word_1_527' title='bbox 2298 1009 2419 1063; x_wconf 91' lang='lat' dir='ltr'><strong>cibo</strong></span> <span class='ocrx_word' id='word_1_528' title='bbox 2447 1023 2567 1074; x_wconf 88' lang='lat' dir='ltr'><strong>suo,</strong></span> <span class='ocrx_word' id='word_1_529' title='bbox 2598 1025 2617 1059; x_wconf 73' lang='grc' dir='ltr'>ι</span> <span class='ocrx_word' id='word_1_530' title='bbox 2650 1003 2753 1062; x_wconf 83' lang='lat' dir='ltr'><strong>hoc</strong></span> <span class='ocrx_word' id='word_1_531' title='bbox 2780 1016 2885 1072; x_wconf 90' lang='lat' dir='ltr'><strong>est,</strong></span> <span class='ocrx_word' id='word_1_532' title='bbox 2905 1023 2935 1061; x_wconf 74' lang='grc' dir='ltr'><strong>ε</strong></span> <span class='ocrx_word' id='word_1_533' title='bbox 2962 1008 3237 1079; x_wconf 86' lang='lat' dir='ltr'><strong>discipulis</strong></span> <span class='ocrx_word' id='word_1_534' title='bbox 3262 1024 3447 1079; x_wconf 51' lang='lat' dir='ltr'><strong>pasce.</strong></span> 
     </span>
    </p>
   </div>
   <div class='ocr_carea' id='block_1_69' title="bbox 1876 1094 3445 1168">
    <p class='ocr_par' dir='ltr' id='par_1_69' title="bbox 1876 1094 3445 1168">
     <span class='ocr_line' id='line_1_69' title="bbox 1876 1094 3445 1168; baseline 0 -16"><span class='ocrx_word' id='word_1_535' title='bbox 1876 1098 2028 1152; x_wconf 88' lang='lat' dir='ltr'><strong>mini.</strong></span> <span class='ocrx_word' id='word_1_536' title='bbox 2051 1096 2333 1154; x_wconf 86' lang='lat' dir='ltr'><strong>Debebunt</strong></span> <span class='ocrx_word' id='word_1_537' title='bbox 2375 1100 2518 1155; x_wconf 89' lang='lat' dir='ltr'><strong>enim</strong></span> <span class='ocrx_word' id='word_1_538' title='bbox 2569 1100 2672 1153; x_wconf 84' lang='lat' dir='ltr'><strong>hoc</strong></span> <span class='ocrx_word' id='word_1_539' title='bbox 2715 1095 2869 1153; x_wconf 80' lang='lat' dir='ltr'><strong>vobis</strong></span> <span class='ocrx_word' id='word_1_540' title='bbox 2900 1109 2959 1152; x_wconf 88' lang='lat' dir='ltr'><strong>ut</strong></span> <span class='ocrx_word' id='word_1_541' title='bbox 2988 1101 3273 1168; x_wconf 84' lang='lat' dir='ltr'><strong>operariis.</strong></span> <span class='ocrx_word' id='word_1_542' title='bbox 3298 1094 3445 1153; x_wconf 81' lang='lat' dir='ltr'><strong>Dixit</strong></span> 
     </span>
    </p>
   </div>
   <div class='ocr_carea' id='block_1_70' title="bbox 1876 1185 3446 1261">
    <p class='ocr_par' dir='ltr' id='par_1_70' title="bbox 1876 1185 3446 1261">
     <span class='ocr_line' id='line_1_70' title="bbox 1876 1185 3446 1261; baseline 0.002 -21"><span class='ocrx_word' id='word_1_543' title='bbox 1876 1197 2054 1241; x_wconf 83' lang='lat' dir='ltr'><strong>autem</strong></span> <span class='ocrx_word' id='word_1_544' title='bbox 2089 1185 2235 1253; x_wconf 90' lang='lat' dir='ltr'><strong>cibo,</strong></span> <span class='ocrx_word' id='word_1_545' title='bbox 2261 1204 2363 1243; x_wconf 88' lang='lat' dir='ltr'><strong>non</strong></span> <span class='ocrx_word' id='word_1_546' title='bbox 2395 1187 2545 1245; x_wconf 91' lang='lat' dir='ltr'><strong>luxu.</strong></span> <span class='ocrx_word' id='word_1_547' title='bbox 2564 1189 2747 1259; x_wconf 73' lang='lat' dir='ltr'><strong>Neque</strong></span> <span class='ocrx_word' id='word_1_548' title='bbox 2775 1189 2919 1244; x_wconf 88' lang='lat' dir='ltr'><strong>enim</strong></span> <span class='ocrx_word' id='word_1_549' title='bbox 2962 1188 3200 1244; x_wconf 80' lang='lat' dir='ltr'><strong>deliciari</strong></span> <span class='ocrx_word' id='word_1_550' title='bbox 3231 1198 3446 1261; x_wconf 86' lang='lat' dir='ltr'><strong>oportet</strong></span> 
     </span>
    </p>
   </div>
   <div class='ocr_carea' id='block_1_71' title="bbox 1876 1275 2148 1332">
    <p class='ocr_par' dir='ltr' id='par_1_71' title="bbox 1876 1275 2148 1332">
     <span class='ocr_line' id='line_1_71' title="bbox 1876 1275 2148 1332; baseline 0.004 -2"><span class='ocrx_word' id='word_1_551' title='bbox 1876 1275 2148 1332; x_wconf 89' lang='lat' dir='ltr'><strong>doctores.</strong></span> 
     </span>
    </p>
   </div>
   <div class='ocr_carea' id='block_1_72' title="bbox 1949 1454 3441 1531">
    <p class='ocr_par' dir='ltr' id='par_1_72' title="bbox 1949 1454 3441 1531">
     <span class='ocr_line' id='line_1_72' title="bbox 1949 1454 3441 1531; baseline 0.002 -19"><span class='ocrx_word' id='word_1_552' title='bbox 1949 1454 2114 1514; x_wconf 71' lang='lat' dir='ltr'><strong>Vens.</strong></span> <span class='ocrx_word' id='word_1_553' title='bbox 2139 1458 2227 1515; x_wconf 83' lang='lat' dir='ltr'><strong>ll.</strong></span> <span class='ocrx_word' id='word_1_554' title='bbox 2259 1480 2279 1512; x_wconf 83' lang='grc' dir='ltr'>ι</span> <span class='ocrx_word' id='word_1_555' title='bbox 2309 1457 2363 1514; x_wconf 89' lang='lat' dir='ltr'><strong>In</strong></span> <span class='ocrx_word' id='word_1_556' title='bbox 2395 1473 2772 1531; x_wconf 79' lang='lat' dir='ltr'><strong>quamcunque</strong></span> <span class='ocrx_word' id='word_1_557' title='bbox 2821 1460 3098 1519; x_wconf 88' lang='lat' dir='ltr'><strong>civitatem</strong></span> <span class='ocrx_word' id='word_1_558' title='bbox 3146 1462 3230 1519; x_wconf 88' lang='lat' dir='ltr'><strong>vel</strong></span> <span class='ocrx_word' id='word_1_559' title='bbox 3265 1466 3441 1517; x_wconf 89' lang='lat' dir='ltr'><strong>vicum</strong></span> 
     </span>
    </p>
   </div>
   <div class='ocr_carea' id='block_1_73' title="bbox 1879 1550 3449 1626">
    <p class='ocr_par' dir='ltr' id='par_1_73' title="bbox 1879 1550 3449 1626">
     <span class='ocr_line' id='line_1_73' title="bbox 1879 1550 3449 1626; baseline 0.003 -21"><span class='ocrx_word' id='word_1_560' title='bbox 1879 1550 2089 1608; x_wconf 87' lang='lat' dir='ltr'><strong>fueritis</strong></span> <span class='ocrx_word' id='word_1_561' title='bbox 2143 1554 2393 1621; x_wconf 80' lang='lat' dir='ltr'><strong>ingressi,</strong></span> <span class='ocrx_word' id='word_1_562' title='bbox 2470 1555 2741 1625; x_wconf 78' lang='lat' dir='ltr'><strong>exquirite</strong></span> <span class='ocrx_word' id='word_1_563' title='bbox 2797 1557 2919 1626; x_wconf 84' lang='lat' dir='ltr'><strong>quis</strong></span> <span class='ocrx_word' id='word_1_564' title='bbox 2984 1558 3036 1611; x_wconf 91' lang='lat' dir='ltr'><strong>in</strong></span> <span class='ocrx_word' id='word_1_565' title='bbox 3114 1570 3177 1611; x_wconf 85' lang='lat' dir='ltr'><strong>ea</strong></span> <span class='ocrx_word' id='word_1_566' title='bbox 3252 1558 3449 1626; x_wconf 81' lang='lat' dir='ltr'><strong>dignus</strong></span> 
     </span>
    </p>
   </div>
   <div class='ocr_carea' id='block_1_74' title="bbox 1878 1643 3446 1714">
    <p class='ocr_par' dir='ltr' id='par_1_74' title="bbox 1878 1643 3446 1714">
     <span class='ocr_line' id='line_1_74' title="bbox 1878 1643 3446 1714; baseline 0.002 -16"><span class='ocrx_word' id='word_1_567' title='bbox 1878 1643 1984 1699; x_wconf 89' lang='lat' dir='ltr'><strong>sit:</strong></span> <span class='ocrx_word' id='word_1_568' title='bbox 2014 1656 2175 1714; x_wconf 84' lang='lat' dir='ltr'><strong>atque</strong></span> <span class='ocrx_word' id='word_1_569' title='bbox 2220 1646 2329 1700; x_wconf 91' lang='lat' dir='ltr'><strong>illic</strong></span> <span class='ocrx_word' id='word_1_570' title='bbox 2382 1658 2615 1711; x_wconf 87' lang='lat' dir='ltr'><strong>manete,</strong></span> <span class='ocrx_word' id='word_1_571' title='bbox 2659 1648 2829 1702; x_wconf 83' lang='lat' dir='ltr'><strong>donec</strong></span> <span class='ocrx_word' id='word_1_572' title='bbox 2883 1650 3113 1704; x_wconf 85' lang='lat' dir='ltr'><strong>exeatis.</strong></span> <span class='ocrx_word' id='word_1_573' title='bbox 3153 1668 3172 1702; x_wconf 73' lang='grc' dir='ltr'><strong>ι</strong></span> <span class='ocrx_word' id='word_1_574' title='bbox 3209 1649 3325 1704; x_wconf 76' lang='lat' dir='ltr'><strong>Non</strong></span> <span class='ocrx_word' id='word_1_575' title='bbox 3380 1652 3446 1703; x_wconf 85' lang='lat' dir='ltr'><strong>ad</strong></span> 
     </span>
    </p>
   </div>
   <div class='ocr_carea' id='block_1_75' title="bbox 1876 1732 3446 1809">
    <p class='ocr_par' dir='ltr' id='par_1_75' title="bbox 1876 1732 3446 1809">
     <span class='ocr_line' id='line_1_75' title="bbox 1876 1732 3446 1809; baseline 0.003 -22"><span class='ocrx_word' id='word_1_576' title='bbox 1876 1745 2065 1788; x_wconf 83' lang='lat' dir='ltr'><strong>Omnes</strong></span> <span class='ocrx_word' id='word_1_577' title='bbox 2089 1735 2251 1803; x_wconf 83' lang='lat' dir='ltr'><strong>jussit</strong></span> <span class='ocrx_word' id='word_1_578' title='bbox 2280 1738 2380 1801; x_wconf 89' lang='lat' dir='ltr'><strong>ire,</strong></span> <span class='ocrx_word' id='word_1_579' title='bbox 2404 1751 2473 1791; x_wconf 82' lang='lat' dir='ltr'><strong>ne</strong></span> <span class='ocrx_word' id='word_1_580' title='bbox 2505 1732 2648 1789; x_wconf 85' lang='lat' dir='ltr'><strong>misti</strong></span> <span class='ocrx_word' id='word_1_581' title='bbox 2680 1737 2915 1807; x_wconf 72' lang='lat' dir='ltr'><strong>indignis</strong></span> <span class='ocrx_word' id='word_1_582' title='bbox 2947 1751 3262 1809; x_wconf 83' lang='lat' dir='ltr'><strong>arguantur.</strong></span> <span class='ocrx_word' id='word_1_583' title='bbox 3311 1739 3446 1794; x_wconf 81' lang='lat' dir='ltr'><strong>Nam</strong></span> 
     </span>
    </p>
   </div>
   <div class='ocr_carea' id='block_1_76' title="bbox 1878 1817 3445 1896">
    <p class='ocr_par' dir='ltr' id='par_1_76' title="bbox 1878 1817 3445 1896">
     <span class='ocr_line' id='line_1_76' title="bbox 1878 1817 3445 1896; baseline 0.006 -25"><span class='ocrx_word' id='word_1_584' title='bbox 1878 1819 1925 1872; x_wconf 92' lang='lat' dir='ltr'><strong>si</strong></span> <span class='ocrx_word' id='word_1_585' title='bbox 1974 1817 2041 1872; x_wconf 85' lang='lat' dir='ltr'><strong>ad</strong></span> <span class='ocrx_word' id='word_1_586' title='bbox 2086 1820 2232 1875; x_wconf 92' lang='lat' dir='ltr'><strong>solos</strong></span> <span class='ocrx_word' id='word_1_587' title='bbox 2278 1822 2471 1892; x_wconf 87' lang='lat' dir='ltr'><strong>dignos</strong></span> <span class='ocrx_word' id='word_1_588' title='bbox 2536 1822 2717 1888; x_wconf 86' lang='lat' dir='ltr'><strong>ierint,</strong></span> <span class='ocrx_word' id='word_1_589' title='bbox 2759 1826 2984 1881; x_wconf 83' lang='lat' dir='ltr'><strong>omnino</strong></span> <span class='ocrx_word' id='word_1_590' title='bbox 3035 1837 3089 1882; x_wconf 91' lang='lat' dir='ltr'><strong>et</strong></span> <span class='ocrx_word' id='word_1_591' title='bbox 3138 1839 3445 1896; x_wconf 85' lang='lat' dir='ltr'><strong>pascentur.</strong></span> 
     </span>
    </p>
   </div>
   <div class='ocr_carea' id='block_1_77' title="bbox 1810 1890 3446 1982">
    <p class='ocr_par' dir='ltr' id='par_1_77' title="bbox 1810 1890 3446 1982">
     <span class='ocr_line' id='line_1_77' title="bbox 1810 1890 3446 1982; baseline 0.007 -20"><span class='ocrx_word' id='word_1_592' title='bbox 1810 1890 1852 1947; x_wconf 78' lang='grc' dir='ltr'><strong><em>Β</em></strong></span> <span class='ocrx_word' id='word_1_593' title='bbox 1879 1906 2039 1963; x_wconf 78' lang='lat' dir='ltr'><strong>Jubet</strong></span> <span class='ocrx_word' id='word_1_594' title='bbox 2060 1912 2239 1965; x_wconf 77' lang='lat' dir='ltr'><strong>autem</strong></span> <span class='ocrx_word' id='word_1_595' title='bbox 2272 1925 2509 1979; x_wconf 86' lang='lat' dir='ltr'><strong>manere,</strong></span> <span class='ocrx_word' id='word_1_596' title='bbox 2534 1925 2589 1968; x_wconf 87' lang='lat' dir='ltr'><strong>et</strong></span> <span class='ocrx_word' id='word_1_597' title='bbox 2619 1929 2724 1969; x_wconf 92' lang='lat' dir='ltr'><strong>non</strong></span> <span class='ocrx_word' id='word_1_598' title='bbox 2756 1910 2822 1971; x_wconf 89' lang='lat' dir='ltr'><strong>de</strong></span> <span class='ocrx_word' id='word_1_599' title='bbox 2852 1918 3079 1973; x_wconf 88' lang='lat' dir='ltr'><strong>domoin</strong></span> <span class='ocrx_word' id='word_1_600' title='bbox 3099 1920 3315 1974; x_wconf 89' lang='lat' dir='ltr'><strong>domum</strong></span> <span class='ocrx_word' id='word_1_601' title='bbox 3347 1921 3446 1982; x_wconf 83' lang='lat' dir='ltr'><strong>ire.</strong></span> 
     </span>
    </p>
   </div>
   <div class='ocr_carea' id='block_1_78' title="bbox 1884 2008 3452 2088">
    <p class='ocr_par' dir='ltr' id='par_1_78' title="bbox 1884 2008 3452 2088">
     <span class='ocr_line' id='line_1_78' title="bbox 1884 2008 3452 2088; baseline 0.008 -29"><span class='ocrx_word' id='word_1_602' title='bbox 1884 2020 1950 2061; x_wconf 89' lang='lat' dir='ltr'><strong>nc</strong></span> <span class='ocrx_word' id='word_1_603' title='bbox 2000 2017 2253 2076; x_wconf 79' lang='lat' dir='ltr'><strong>tanquam</strong></span> <span class='ocrx_word' id='word_1_604' title='bbox 2286 2008 2457 2079; x_wconf 87' lang='lat' dir='ltr'><strong>gulosi</strong></span> <span class='ocrx_word' id='word_1_605' title='bbox 2496 2012 2639 2066; x_wconf 88' lang='lat' dir='ltr'><strong>male</strong></span> <span class='ocrx_word' id='word_1_606' title='bbox 2668 2012 2986 2079; x_wconf 86' lang='lat' dir='ltr'><strong>audiant,et</strong></span> <span class='ocrx_word' id='word_1_607' title='bbox 3023 2017 3306 2073; x_wconf 88' lang='lat' dir='ltr'><strong>videantur</strong></span> <span class='ocrx_word' id='word_1_608' title='bbox 3342 2019 3452 2088; x_wconf 86' lang='lat' dir='ltr'><strong>pri-</strong></span> 
     </span>
    </p>
   </div>
   <div class='ocr_carea' id='block_1_79' title="bbox 1884 2100 3021 2173">
    <p class='ocr_par' dir='ltr' id='par_1_79' title="bbox 1884 2100 3021 2173">
     <span class='ocr_line' id='line_1_79' title="bbox 1884 2100 3021 2173; baseline 0.011 -22"><span class='ocrx_word' id='word_1_609' title='bbox 1884 2114 2000 2152; x_wconf 88' lang='lat' dir='ltr'><strong>mos</strong></span> <span class='ocrx_word' id='word_1_610' title='bbox 2034 2100 2126 2167; x_wconf 90' lang='lat' dir='ltr'><strong>qui</strong></span> <span class='ocrx_word' id='word_1_611' title='bbox 2158 2112 2530 2169; x_wconf 84' lang='lat' dir='ltr'><strong>susceperant,</strong></span> <span class='ocrx_word' id='word_1_612' title='bbox 2557 2103 2753 2173; x_wconf 79' lang='lat' dir='ltr'><strong>injuria</strong></span> <span class='ocrx_word' id='word_1_613' title='bbox 2784 2105 3021 2163; x_wconf 81' lang='lat' dir='ltr'><strong>allicere.</strong></span> 
     </span>
    </p>
   </div>
   <div class='ocr_carea' id='block_1_80' title="bbox 1950 2186 3449 2263">
    <p class='ocr_par' dir='ltr' id='par_1_80' title="bbox 1950 2186 3449 2263">
     <span class='ocr_line' id='line_1_80' title="bbox 1950 2186 3449 2263; baseline 0.009 -21"><span class='ocrx_word' id='word_1_614' title='bbox 1950 2189 2115 2243; x_wconf 70' lang='lat' dir='ltr'><strong>Vens.</strong></span> <span class='ocrx_word' id='word_1_615' title='bbox 2140 2186 2228 2254; x_wconf 75' lang='lat' dir='ltr'><strong>l2,</strong></span> <span class='ocrx_word' id='word_1_616' title='bbox 2256 2192 2342 2248; x_wconf 79' lang='lat' dir='ltr'><strong>l3.</strong></span> <span class='ocrx_word' id='word_1_617' title='bbox 2370 2212 2388 2243; x_wconf 77' lang='grc' dir='ltr'>ι</span> <span class='ocrx_word' id='word_1_618' title='bbox 2428 2194 2559 2247; x_wconf 88' lang='lat' dir='ltr'><strong>Cum</strong></span> <span class='ocrx_word' id='word_1_619' title='bbox 2586 2205 2768 2250; x_wconf 82' lang='lat' dir='ltr'><strong>autem</strong></span> <span class='ocrx_word' id='word_1_620' title='bbox 2794 2199 3070 2256; x_wconf 84' lang='lat' dir='ltr'><strong>iutrabitis</strong></span> <span class='ocrx_word' id='word_1_621' title='bbox 3092 2200 3335 2263; x_wconf 87' lang='lat' dir='ltr'><strong>domum,</strong></span> <span class='ocrx_word' id='word_1_622' title='bbox 3358 2217 3449 2256; x_wconf 85' lang='lat' dir='ltr'><strong>sa-</strong></span> 
     </span>
    </p>
   </div>
   <div class='ocr_carea' id='block_1_81' title="bbox 1883 2280 3447 2363">
    <p class='ocr_par' dir='ltr' id='par_1_81' title="bbox 1883 2280 3447 2363">
     <span class='ocr_line' id='line_1_81' title="bbox 1883 2280 3447 2363; baseline 0.01 -31"><span class='ocrx_word' id='word_1_623' title='bbox 1883 2281 2121 2336; x_wconf 81' lang='lat' dir='ltr'><strong>lutabitis</strong></span> <span class='ocrx_word' id='word_1_624' title='bbox 2140 2282 2283 2337; x_wconf 89' lang='lat' dir='ltr'><strong>illam</strong></span> <span class='ocrx_word' id='word_1_625' title='bbox 2305 2284 2548 2341; x_wconf 85' lang='lat' dir='ltr'><strong>dicentes</strong></span> <span class='ocrx_word' id='word_1_626' title='bbox 2567 2305 2580 2339; x_wconf 90' lang='lat'>:</span> <span class='ocrx_word' id='word_1_627' title='bbox 2596 2280 2706 2343; x_wconf 80' lang='lat' dir='ltr'><strong>Pax</strong></span> <span class='ocrx_word' id='word_1_628' title='bbox 2724 2288 2850 2344; x_wconf 88' lang='lat' dir='ltr'><strong>huic</strong></span> <span class='ocrx_word' id='word_1_629' title='bbox 2867 2290 3049 2346; x_wconf 87' lang='lat' dir='ltr'><strong>domui</strong></span> <span class='ocrx_word' id='word_1_630' title='bbox 3065 2312 3080 2347; x_wconf 86' lang='lat'><strong>:</strong></span> <span class='ocrx_word' id='word_1_631' title='bbox 3095 2304 3149 2348; x_wconf 90' lang='lat' dir='ltr'><strong>et</strong></span> <span class='ocrx_word' id='word_1_632' title='bbox 3169 2295 3213 2348; x_wconf 89' lang='lat' dir='ltr'><strong>si</strong></span> <span class='ocrx_word' id='word_1_633' title='bbox 3232 2295 3447 2363; x_wconf 87' lang='lat' dir='ltr'><strong>quidem</strong></span> 
     </span>
    </p>
   </div>
   <div class='ocr_carea' id='block_1_82' title="bbox 1882 2369 3464 2453">
    <p class='ocr_par' dir='ltr' id='par_1_82' title="bbox 1882 2369 3464 2453">
     <span class='ocr_line' id='line_1_82' title="bbox 1882 2369 3464 2453; baseline 0.011 -30"><span class='ocrx_word' id='word_1_634' title='bbox 1882 2369 2246 2429; x_wconf 85' lang='lat' dir='ltr'><strong>fueritdomus</strong></span> <span class='ocrx_word' id='word_1_635' title='bbox 2259 2375 2441 2445; x_wconf 87' lang='lat' dir='ltr'><strong>digna,</strong></span> <span class='ocrx_word' id='word_1_636' title='bbox 2468 2380 2645 2433; x_wconf 82' lang='lat' dir='ltr'><strong>veniat</strong></span> <span class='ocrx_word' id='word_1_637' title='bbox 2664 2396 2765 2448; x_wconf 84' lang='lat' dir='ltr'><strong>pax</strong></span> <span class='ocrx_word' id='word_1_638' title='bbox 2784 2391 2956 2435; x_wconf 86' lang='lat' dir='ltr'><strong>vestra</strong></span> <span class='ocrx_word' id='word_1_639' title='bbox 2978 2398 3138 2453; x_wconf 85' lang='lat' dir='ltr'><strong>supra</strong></span> <span class='ocrx_word' id='word_1_640' title='bbox 3163 2385 3309 2438; x_wconf 80' lang='lat' dir='ltr'><strong>illam</strong></span> <span class='ocrx_word' id='word_1_641' title='bbox 3333 2388 3464 2441; x_wconf 82' lang='lat' dir='ltr'><strong>:sin.</strong></span> 
     </span>
    </p>
   </div>
   <div class='ocr_carea' id='block_1_83' title="bbox 1883 2458 3444 2537">
    <p class='ocr_par' dir='ltr' id='par_1_83' title="bbox 1883 2458 3444 2537">
     <span class='ocr_line' id='line_1_83' title="bbox 1883 2458 3444 2537; baseline 0.01 -24"><span class='ocrx_word' id='word_1_642' title='bbox 1883 2462 2058 2516; x_wconf 78' lang='lat' dir='ltr'><strong>niinus</strong></span> <span class='ocrx_word' id='word_1_643' title='bbox 2080 2458 2241 2519; x_wconf 81' lang='lat' dir='ltr'><strong>fuerit</strong></span> <span class='ocrx_word' id='word_1_644' title='bbox 2264 2460 2447 2535; x_wconf 84' lang='lat' dir='ltr'><strong>digna,</strong></span> <span class='ocrx_word' id='word_1_645' title='bbox 2497 2482 2599 2537; x_wconf 85' lang='lat' dir='ltr'><strong>pax</strong></span> <span class='ocrx_word' id='word_1_646' title='bbox 2626 2482 2805 2525; x_wconf 84' lang='lat' dir='ltr'><strong>vestra</strong></span> <span class='ocrx_word' id='word_1_647' title='bbox 2834 2474 2901 2526; x_wconf 90' lang='lat' dir='ltr'><strong>ad</strong></span> <span class='ocrx_word' id='word_1_648' title='bbox 2935 2488 3028 2528; x_wconf 86' lang='lat' dir='ltr'><strong>vos</strong></span> <span class='ocrx_word' id='word_1_649' title='bbox 3062 2486 3383 2533; x_wconf 84' lang='lat' dir='ltr'><strong>revertatur.</strong></span> <span class='ocrx_word' id='word_1_650' title='bbox 3426 2500 3444 2529; x_wconf 73' lang='grc' dir='ltr'><strong>ν</strong></span> 
     </span>
    </p>
   </div>
   <div class='ocr_carea' id='block_1_84' title="bbox 1881 2549 3447 2638">
    <p class='ocr_par' dir='ltr' id='par_1_84' title="bbox 1881 2549 3447 2638">
     <span class='ocr_line' id='line_1_84' title="bbox 1881 2549 3447 2638; baseline 0.012 -34"><span class='ocrx_word' id='word_1_651' title='bbox 1881 2549 1983 2605; x_wconf 83' lang='lat' dir='ltr'><strong>Per</strong></span> <span class='ocrx_word' id='word_1_652' title='bbox 2009 2552 2388 2610; x_wconf 85' lang='lat' dir='ltr'><strong>salutationem</strong></span> <span class='ocrx_word' id='word_1_653' title='bbox 2412 2564 2466 2612; x_wconf 83' lang='lat' dir='ltr'><strong>et</strong></span> <span class='ocrx_word' id='word_1_654' title='bbox 2483 2574 2691 2626; x_wconf 82' lang='lat' dir='ltr'><strong>pacein,</strong></span> <span class='ocrx_word' id='word_1_655' title='bbox 2710 2560 3139 2619; x_wconf 83' lang='lat' dir='ltr'><strong>benedictionem</strong></span> <span class='ocrx_word' id='word_1_656' title='bbox 3166 2566 3404 2638; x_wconf 81' lang='lat' dir='ltr'><strong>iutcllige</strong></span> <span class='ocrx_word' id='word_1_657' title='bbox 3430 2608 3447 2634; x_wconf 94' lang='lat'><strong>,</strong></span> 
     </span>
    </p>
   </div>
   <div class='ocr_carea' id='block_1_85' title="bbox 1878 2648 3450 2727">
    <p class='ocr_par' dir='ltr' id='par_1_85' title="bbox 1878 2648 3450 2727">
     <span class='ocr_line' id='line_1_85' title="bbox 1878 2648 3450 2727; baseline 0.01 -28"><span class='ocrx_word' id='word_1_658' title='bbox 1878 2660 2000 2714; x_wconf 66' lang='lat' dir='ltr'><strong>quae</strong></span> <span class='ocrx_word' id='word_1_659' title='bbox 2061 2648 2201 2716; x_wconf 84' lang='lat' dir='ltr'><strong>apud</strong></span> <span class='ocrx_word' id='word_1_660' title='bbox 2254 2648 2401 2703; x_wconf 87' lang='lat' dir='ltr'><strong>solos</strong></span> <span class='ocrx_word' id='word_1_661' title='bbox 2453 2652 2645 2720; x_wconf 85' lang='lat' dir='ltr'><strong>dignos</strong></span> <span class='ocrx_word' id='word_1_662' title='bbox 2697 2664 2898 2709; x_wconf 91' lang='lat' dir='ltr'><strong>manet.</strong></span> <span class='ocrx_word' id='word_1_663' title='bbox 2941 2654 3100 2712; x_wconf 89' lang='lat' dir='ltr'><strong>Disce</strong></span> <span class='ocrx_word' id='word_1_664' title='bbox 3151 2657 3314 2727; x_wconf 91' lang='lat' dir='ltr'><strong>igitur</strong></span> <span class='ocrx_word' id='word_1_665' title='bbox 3350 2661 3450 2715; x_wconf 83' lang='lat' dir='ltr'><strong>hoc</strong></span> 
     </span>
    </p>
   </div>
   <div class='ocr_carea' id='block_1_86' title="bbox 1880 2740 3447 2817">
    <p class='ocr_par' dir='ltr' id='par_1_86' title="bbox 1880 2740 3447 2817">
     <span class='ocr_line' id='line_1_86' title="bbox 1880 2740 3447 2817; baseline 0.008 -25"><span class='ocrx_word' id='word_1_666' title='bbox 1880 2740 1998 2793; x_wconf 92' lang='lat' dir='ltr'><strong>loco</strong></span> <span class='ocrx_word' id='word_1_667' title='bbox 2043 2741 2183 2809; x_wconf 89' lang='lat' dir='ltr'><strong>quod</strong></span> <span class='ocrx_word' id='word_1_668' title='bbox 2238 2754 2416 2796; x_wconf 80' lang='lat' dir='ltr'><strong>nostra</strong></span> <span class='ocrx_word' id='word_1_669' title='bbox 2470 2745 2701 2800; x_wconf 81' lang='lat' dir='ltr'><strong>maxime</strong></span> <span class='ocrx_word' id='word_1_670' title='bbox 2748 2762 2913 2817; x_wconf 89' lang='lat' dir='ltr'><strong>opera</strong></span> <span class='ocrx_word' id='word_1_671' title='bbox 2960 2762 3065 2803; x_wconf 85' lang='lat' dir='ltr'><strong>nos</strong></span> <span class='ocrx_word' id='word_1_672' title='bbox 3108 2750 3447 2806; x_wconf 86' lang='lat' dir='ltr'><strong>benedicant.</strong></span> 
     </span>
    </p>
   </div>
   <div class='ocr_carea' id='block_1_87' title="bbox 1951 2829 3446 2907">
    <p class='ocr_par' dir='ltr' id='par_1_87' title="bbox 1951 2829 3446 2907">
     <span class='ocr_line' id='line_1_87' title="bbox 1951 2829 3446 2907; baseline 0.007 -25"><span class='ocrx_word' id='word_1_673' title='bbox 1951 2829 2113 2883; x_wconf 73' lang='lat' dir='ltr'><strong>Vsus.</strong></span> <span class='ocrx_word' id='word_1_674' title='bbox 2156 2830 2243 2895; x_wconf 73' lang='grc'><strong>14,</strong></span> <span class='ocrx_word' id='word_1_675' title='bbox 2273 2831 2358 2885; x_wconf 81' lang='grc'><strong>15.</strong></span> <span class='ocrx_word' id='word_1_676' title='bbox 2417 2852 2433 2883; x_wconf 81' lang='grc' dir='ltr'>ι</span> <span class='ocrx_word' id='word_1_677' title='bbox 2476 2834 2539 2885; x_wconf 83' lang='grc' dir='ltr'><strong>Ει</strong></span> <span class='ocrx_word' id='word_1_678' title='bbox 2563 2837 2872 2906; x_wconf 89' lang='lat' dir='ltr'><strong>quicunque</strong></span> <span class='ocrx_word' id='word_1_679' title='bbox 2904 2853 3008 2891; x_wconf 82' lang='lat' dir='ltr'><strong>non</strong></span> <span class='ocrx_word' id='word_1_680' title='bbox 3038 2841 3313 2907; x_wconf 78' lang='lat' dir='ltr'><strong>exceperit</strong></span> <span class='ocrx_word' id='word_1_681' title='bbox 3332 2857 3446 2905; x_wconf 76' lang='lat' dir='ltr'><strong>vos,</strong></span> 
     </span>
    </p>
   </div>
   <div class='ocr_carea' id='block_1_88' title="bbox 1883 2922 3450 2991">
    <p class='ocr_par' dir='ltr' id='par_1_88' title="bbox 1883 2922 3450 2991">
     <span class='ocr_line' id='line_1_88' title="bbox 1883 2922 3450 2991; baseline 0.011 -21"><span class='ocrx_word' id='word_1_682' title='bbox 1883 2934 2053 2987; x_wconf 87' lang='lat' dir='ltr'><strong>neque</strong></span> <span class='ocrx_word' id='word_1_683' title='bbox 2079 2922 2312 2975; x_wconf 79' lang='lat' dir='ltr'><strong>audierit</strong></span> <span class='ocrx_word' id='word_1_684' title='bbox 2357 2937 2637 2978; x_wconf 82' lang='lat' dir='ltr'><strong>sermones</strong></span> <span class='ocrx_word' id='word_1_685' title='bbox 2683 2937 2915 2991; x_wconf 79' lang='lat' dir='ltr'><strong>vestros,</strong></span> <span class='ocrx_word' id='word_1_686' title='bbox 2941 2942 3201 2984; x_wconf 81' lang='lat' dir='ltr'><strong>exeuntes</strong></span> <span class='ocrx_word' id='word_1_687' title='bbox 3228 2946 3293 2985; x_wconf 86' lang='lat' dir='ltr'><strong>ex</strong></span> <span class='ocrx_word' id='word_1_688' title='bbox 3324 2935 3450 2988; x_wconf 54' lang='lat' dir='ltr'><strong>andi.</strong></span> 
     </span>
    </p>
   </div>
   <div class='ocr_carea' id='block_1_89' title="bbox 1882 3007 3449 3089">
    <p class='ocr_par' dir='ltr' id='par_1_89' title="bbox 1882 3007 3449 3089">
     <span class='ocr_line' id='line_1_89' title="bbox 1882 3007 3449 3089; baseline 0.009 -28"><span class='ocrx_word' id='word_1_689' title='bbox 1882 3007 1980 3062; x_wconf 83' lang='lat' dir='ltr'><strong>bus</strong></span> <span class='ocrx_word' id='word_1_690' title='bbox 2012 3018 2106 3062; x_wconf 85' lang='lat' dir='ltr'><strong>aut</strong></span> <span class='ocrx_word' id='word_1_691' title='bbox 2128 3010 2349 3064; x_wconf 79' lang='lat' dir='ltr'><strong>citrltate</strong></span> <span class='ocrx_word' id='word_1_692' title='bbox 2377 3011 2484 3077; x_wconf 91' lang='lat' dir='ltr'><strong>illa,</strong></span> <span class='ocrx_word' id='word_1_693' title='bbox 2510 3015 2751 3068; x_wconf 89' lang='lat' dir='ltr'><strong>excutite</strong></span> <span class='ocrx_word' id='word_1_694' title='bbox 2798 3014 2912 3086; x_wconf 63' lang='grc'><strong>48</strong></span> <span class='ocrx_word' id='word_1_695' title='bbox 2953 3016 3223 3085; x_wconf 82' lang='lat' dir='ltr'><strong>pulverem</strong></span> <span class='ocrx_word' id='word_1_696' title='bbox 3254 3024 3449 3089; x_wconf 89' lang='lat' dir='ltr'><strong>pedum</strong></span> 
     </span>
    </p>
   </div>
   <div class='ocr_carea' id='block_1_90' title="bbox 1879 3104 3452 3171">
    <p class='ocr_par' dir='ltr' id='par_1_90' title="bbox 1879 3104 3452 3171">
     <span class='ocr_line' id='line_1_90' title="bbox 1879 3104 3452 3171; baseline 0.01 -17"><span class='ocrx_word' id='word_1_697' title='bbox 1879 3113 2205 3159; x_wconf 87' lang='lat' dir='ltr'><strong>vestrorum.</strong></span> <span class='ocrx_word' id='word_1_698' title='bbox 2231 3107 2398 3158; x_wconf 83' lang='lat' dir='ltr'><strong>Amen</strong></span> <span class='ocrx_word' id='word_1_699' title='bbox 2432 3104 2553 3159; x_wconf 86' lang='lat' dir='ltr'><strong>dico</strong></span> <span class='ocrx_word' id='word_1_700' title='bbox 2592 3107 2763 3171; x_wconf 84' lang='lat' dir='ltr'><strong>vobis,</strong></span> <span class='ocrx_word' id='word_1_701' title='bbox 2797 3110 3133 3166; x_wconf 88' lang='lat' dir='ltr'><strong>tolerabilius</strong></span> <span class='ocrx_word' id='word_1_702' title='bbox 3159 3115 3263 3167; x_wconf 88' lang='lat' dir='ltr'><strong>erit</strong></span> <span class='ocrx_word' id='word_1_703' title='bbox 3294 3124 3452 3171; x_wconf 57' lang='lat' dir='ltr'><strong>terra</strong></span> 
     </span>
    </p>
   </div>
   <div class='ocr_carea' id='block_1_91' title="bbox 1881 3192 3450 3273">
    <p class='ocr_par' dir='ltr' id='par_1_91' title="bbox 1881 3192 3450 3273">
     <span class='ocr_line' id='line_1_91' title="bbox 1881 3192 3450 3273; baseline 0.006 -26"><span class='ocrx_word' id='word_1_704' title='bbox 1881 3192 2237 3248; x_wconf 90' lang='lat' dir='ltr'><strong>Sodomorum</strong></span> <span class='ocrx_word' id='word_1_705' title='bbox 2272 3204 2325 3248; x_wconf 86' lang='lat' dir='ltr'><strong>et</strong></span> <span class='ocrx_word' id='word_1_706' title='bbox 2350 3193 2821 3250; x_wconf 72' lang='lat' dir='ltr'><strong>Gomorrbzedrum</strong></span> <span class='ocrx_word' id='word_1_707' title='bbox 2856 3198 2910 3251; x_wconf 89' lang='lat' dir='ltr'><strong>in</strong></span> <span class='ocrx_word' id='word_1_708' title='bbox 2945 3198 3031 3253; x_wconf 88' lang='lat' dir='ltr'><strong>die</strong></span> <span class='ocrx_word' id='word_1_709' title='bbox 3051 3198 3262 3268; x_wconf 87' lang='lat' dir='ltr'><strong>judicii,</strong></span> <span class='ocrx_word' id='word_1_710' title='bbox 3288 3218 3450 3273; x_wconf 85' lang='lat' dir='ltr'><strong>quam</strong></span> 
     </span>
    </p>
   </div>
   <div class='ocr_carea' id='block_1_92' title="bbox 1877 3280 3454 3356">
    <p class='ocr_par' dir='ltr' id='par_1_92' title="bbox 1877 3280 3454 3356">
     <span class='ocr_line' id='line_1_92' title="bbox 1877 3280 3454 3356; baseline 0.006 -17"><span class='ocrx_word' id='word_1_711' title='bbox 1877 3286 2081 3339; x_wconf 85' lang='lat' dir='ltr'><strong>civitati</strong></span> <span class='ocrx_word' id='word_1_712' title='bbox 2116 3286 2211 3339; x_wconf 91' lang='lat' dir='ltr'><strong>illi.</strong></span> <span class='ocrx_word' id='word_1_713' title='bbox 2246 3306 2264 3338; x_wconf 74' lang='grc' dir='ltr'><strong>ι</strong></span> <span class='ocrx_word' id='word_1_714' title='bbox 2298 3280 2566 3339; x_wconf 78' lang='lat' dir='ltr'><strong>Excutere</strong></span> <span class='ocrx_word' id='word_1_715' title='bbox 2610 3286 2726 3339; x_wconf 87' lang='lat' dir='ltr'><strong>vult</strong></span> <span class='ocrx_word' id='word_1_716' title='bbox 2766 3287 3062 3356; x_wconf 88' lang='lat' dir='ltr'><strong>pulverem,</strong></span> <span class='ocrx_word' id='word_1_717' title='bbox 3087 3302 3454 3348; x_wconf 69' lang='lat' dir='ltr'><strong>monstrantes</strong></span> 
     </span>
    </p>
   </div>
   <div class='ocr_carea' id='block_1_93' title="bbox 1878 3374 3451 3445">
    <p class='ocr_par' dir='ltr' id='par_1_93' title="bbox 1878 3374 3451 3445">
     <span class='ocr_line' id='line_1_93' title="bbox 1878 3374 3451 3445; baseline 0.003 -17"><span class='ocrx_word' id='word_1_718' title='bbox 1878 3376 2019 3444; x_wconf 90' lang='lat' dir='ltr'><strong>quod</strong></span> <span class='ocrx_word' id='word_1_719' title='bbox 2052 3375 2185 3429; x_wconf 82' lang='lat' dir='ltr'><strong>nihil</strong></span> <span class='ocrx_word' id='word_1_720' title='bbox 2215 3374 2362 3429; x_wconf 84' lang='lat' dir='ltr'><strong>illim:</strong></span> <span class='ocrx_word' id='word_1_721' title='bbox 2391 3376 2699 3442; x_wconf 87' lang='lat' dir='ltr'><strong>acceperint</strong></span> <span class='ocrx_word' id='word_1_722' title='bbox 2720 3388 2939 3445; x_wconf 87' lang='lat' dir='ltr'><strong>propter</strong></span> <span class='ocrx_word' id='word_1_723' title='bbox 2963 3379 3214 3432; x_wconf 88' lang='lat' dir='ltr'><strong>duritiam</strong></span> <span class='ocrx_word' id='word_1_724' title='bbox 3239 3380 3451 3435; x_wconf 90' lang='lat' dir='ltr'><strong>illorum</strong></span> 
     </span>
    </p>
   </div>
   <div class='ocr_carea' id='block_1_94' title="bbox 1878 3462 3452 3537">
    <p class='ocr_par' dir='ltr' id='par_1_94' title="bbox 1878 3462 3452 3537">
     <span class='ocr_line' id='line_1_94' title="bbox 1878 3462 3452 3537; baseline 0.004 -20"><span class='ocrx_word' id='word_1_725' title='bbox 1878 3462 1967 3535; x_wconf 88' lang='lat' dir='ltr'><strong>qui</strong></span> <span class='ocrx_word' id='word_1_726' title='bbox 2020 3465 2334 3533; x_wconf 85' lang='lat' dir='ltr'><strong>persuaderi</strong></span> <span class='ocrx_word' id='word_1_727' title='bbox 2385 3481 2489 3519; x_wconf 91' lang='lat' dir='ltr'><strong>non</strong></span> <span class='ocrx_word' id='word_1_728' title='bbox 2539 3476 2849 3535; x_wconf 81' lang='lat' dir='ltr'><strong>patuerunt,</strong></span> <span class='ocrx_word' id='word_1_729' title='bbox 2876 3467 2957 3522; x_wconf 86' lang='lat' dir='ltr'><strong>vel</strong></span> <span class='ocrx_word' id='word_1_730' title='bbox 3004 3470 3147 3537; x_wconf 93' lang='lat' dir='ltr'><strong>quod</strong></span> <span class='ocrx_word' id='word_1_731' title='bbox 3179 3476 3452 3525; x_wconf 80' lang='lat' dir='ltr'><strong>testantur</strong></span> 
     </span>
    </p>
   </div>
   <div class='ocr_carea' id='block_1_95' title="bbox 1876 3558 3448 3632">
    <p class='ocr_par' dir='ltr' id='par_1_95' title="bbox 1876 3558 3448 3632">
     <span class='ocr_line' id='line_1_95' title="bbox 1876 3558 3448 3632; baseline 0.003 -20"><span class='ocrx_word' id='word_1_732' title='bbox 1876 3572 1934 3612; x_wconf 83' lang='lat' dir='ltr'><strong>se</strong></span> <span class='ocrx_word' id='word_1_733' title='bbox 1966 3558 2177 3612; x_wconf 91' lang='lat' dir='ltr'><strong>illorum</strong></span> <span class='ocrx_word' id='word_1_734' title='bbox 2211 3558 2427 3611; x_wconf 87' lang='lat' dir='ltr'><strong>nomine</strong></span> <span class='ocrx_word' id='word_1_735' title='bbox 2457 3573 2709 3625; x_wconf 84' lang='lat' dir='ltr'><strong>maguum</strong></span> <span class='ocrx_word' id='word_1_736' title='bbox 2736 3559 2838 3613; x_wconf 83' lang='lat' dir='ltr'><strong>iter</strong></span> <span class='ocrx_word' id='word_1_737' title='bbox 2864 3559 3186 3628; x_wconf 85' lang='lat' dir='ltr'><strong>confecisse,</strong></span> <span class='ocrx_word' id='word_1_738' title='bbox 3204 3562 3448 3632; x_wconf 77' lang='lat' dir='ltr'><strong>nihilque</strong></span> 
     </span>
    </p>
   </div>
   <div class='ocr_carea' id='block_1_96' title="bbox 1877 3643 3449 3719">
    <p class='ocr_par' dir='ltr' id='par_1_96' title="bbox 1877 3643 3449 3719">
     <span class='ocr_line' id='line_1_96' title="bbox 1877 3643 3449 3719; baseline 0.004 -18"><span class='ocrx_word' id='word_1_739' title='bbox 1877 3643 1981 3702; x_wconf 88' lang='lat' dir='ltr'><strong>illis</strong></span> <span class='ocrx_word' id='word_1_740' title='bbox 2047 3648 2333 3718; x_wconf 82' lang='lat' dir='ltr'><strong>profuisse.</strong></span> <span class='ocrx_word' id='word_1_741' title='bbox 2384 3646 2742 3702; x_wconf 81' lang='lat' dir='ltr'><strong>Tolerabilius</strong></span> <span class='ocrx_word' id='word_1_742' title='bbox 2804 3651 2965 3719; x_wconf 88' lang='lat' dir='ltr'><strong>igitur</strong></span> <span class='ocrx_word' id='word_1_743' title='bbox 3030 3652 3137 3706; x_wconf 86' lang='lat' dir='ltr'><strong>erit</strong></span> <span class='ocrx_word' id='word_1_744' title='bbox 3196 3651 3449 3708; x_wconf 81' lang='lat' dir='ltr'><strong>Sodomis</strong></span> 
     </span>
    </p>
   </div>
   <div class='ocr_carea' id='block_1_97' title="bbox 1876 3740 3450 3813">
    <p class='ocr_par' dir='ltr' id='par_1_97' title="bbox 1876 3740 3450 3813">
     <span class='ocr_line' id='line_1_97' title="bbox 1876 3740 3450 3813; baseline 0.006 -22"><span class='ocrx_word' id='word_1_745' title='bbox 1876 3754 2037 3808; x_wconf 86' lang='lat' dir='ltr'><strong>quam</strong></span> <span class='ocrx_word' id='word_1_746' title='bbox 2070 3740 2385 3805; x_wconf 85' lang='lat' dir='ltr'><strong>incredulis,</strong></span> <span class='ocrx_word' id='word_1_747' title='bbox 2409 3754 2473 3795; x_wconf 90' lang='lat' dir='ltr'><strong>eo</strong></span> <span class='ocrx_word' id='word_1_748' title='bbox 2506 3740 2647 3809; x_wconf 87' lang='lat' dir='ltr'><strong>quod</strong></span> <span class='ocrx_word' id='word_1_749' title='bbox 2680 3740 2977 3795; x_wconf 72' lang='lat' dir='ltr'><strong>Sodomita:</strong></span> <span class='ocrx_word' id='word_1_750' title='bbox 3006 3742 3093 3796; x_wconf 82' lang='lat' dir='ltr'><strong>hic</strong></span> <span class='ocrx_word' id='word_1_751' title='bbox 3124 3744 3321 3813; x_wconf 88' lang='lat' dir='ltr'><strong>puniti.</strong></span> <span class='ocrx_word' id='word_1_752' title='bbox 3346 3746 3450 3800; x_wconf 87' lang='lat' dir='ltr'><strong>ali-</strong></span> 
     </span>
    </p>
   </div>
   <div class='ocr_carea' id='block_1_98' title="bbox 1880 3831 2493 3898">
    <p class='ocr_par' dir='ltr' id='par_1_98' title="bbox 1880 3831 2493 3898">
     <span class='ocr_line' id='line_1_98' title="bbox 1880 3831 2493 3898; baseline 0.002 -14"><span class='ocrx_word' id='word_1_753' title='bbox 1880 3831 1931 3884; x_wconf 87' lang='lat' dir='ltr'><strong>bi</strong></span> <span class='ocrx_word' id='word_1_754' title='bbox 1966 3832 2152 3885; x_wconf 81' lang='lat' dir='ltr'><strong>Initius</strong></span> <span class='ocrx_word' id='word_1_755' title='bbox 2180 3833 2493 3898; x_wconf 82' lang='lat' dir='ltr'><strong>punientur.</strong></span> 
     </span>
    </p>
   </div>
   <div class='ocr_carea' id='block_1_99' title="bbox 1950 3916 3453 3993">
    <p class='ocr_par' dir='ltr' id='par_1_99' title="bbox 1950 3916 3453 3993">
     <span class='ocr_line' id='line_1_99' title="bbox 1950 3916 3453 3993; baseline 0.007 -19"><span class='ocrx_word' id='word_1_756' title='bbox 1950 3916 2115 3976; x_wconf 68' lang='lat' dir='ltr'><strong>Vsus.</strong></span> <span class='ocrx_word' id='word_1_757' title='bbox 2179 3922 2266 3975; x_wconf 73' lang='lat' dir='ltr'><strong>lli.</strong></span> <span class='ocrx_word' id='word_1_758' title='bbox 2322 3939 2341 3972; x_wconf 82' lang='grc' dir='ltr'>ι</span> <span class='ocrx_word' id='word_1_759' title='bbox 2396 3922 2535 3977; x_wconf 85' lang='lat' dir='ltr'><strong>Ecce</strong></span> <span class='ocrx_word' id='word_1_760' title='bbox 2596 3937 2696 3993; x_wconf 86' lang='lat' dir='ltr'><strong>ego</strong></span> <span class='ocrx_word' id='word_1_761' title='bbox 2755 3928 2910 3978; x_wconf 81' lang='lat' dir='ltr'><strong>mitto</strong></span> <span class='ocrx_word' id='word_1_762' title='bbox 2968 3940 3061 3980; x_wconf 87' lang='lat' dir='ltr'><strong>vos</strong></span> <span class='ocrx_word' id='word_1_763' title='bbox 3120 3926 3261 3982; x_wconf 84' lang='lat' dir='ltr'><strong>sicut</strong></span> <span class='ocrx_word' id='word_1_764' title='bbox 3321 3944 3453 3984; x_wconf 76' lang='lat' dir='ltr'><strong>oves</strong></span> 
     </span>
    </p>
   </div>
   <div class='ocr_carea' id='block_1_100' title="bbox 1879 4012 3449 4085">
    <p class='ocr_par' dir='ltr' id='par_1_100' title="bbox 1879 4012 3449 4085">
     <span class='ocr_line' id='line_1_100' title="bbox 1879 4012 3449 4085; baseline 0.007 -20"><span class='ocrx_word' id='word_1_765' title='bbox 1879 4012 1932 4065; x_wconf 92' lang='lat' dir='ltr'><strong>in</strong></span> <span class='ocrx_word' id='word_1_766' title='bbox 1991 4013 2167 4067; x_wconf 92' lang='lat' dir='ltr'><strong>medio</strong></span> <span class='ocrx_word' id='word_1_767' title='bbox 2219 4012 2490 4081; x_wconf 89' lang='lat' dir='ltr'><strong>luporum.</strong></span> <span class='ocrx_word' id='word_1_768' title='bbox 2548 4034 2567 4066; x_wconf 75' lang='grc' dir='ltr'><strong>ι</strong></span> <span class='ocrx_word' id='word_1_769' title='bbox 2622 4015 2946 4071; x_wconf 72' lang='lat' dir='ltr'><strong>Artnavernt</strong></span> <span class='ocrx_word' id='word_1_770' title='bbox 2993 4032 3089 4072; x_wconf 90' lang='lat' dir='ltr'><strong>eos</strong></span> <span class='ocrx_word' id='word_1_771' title='bbox 3146 4019 3449 4085; x_wconf 87' lang='lat' dir='ltr'><strong>miraculis,</strong></span> 
     </span>
    </p>
   </div>
   <div class='ocr_carea' id='block_1_101' title="bbox 1879 4103 3449 4181">
    <p class='ocr_par' dir='ltr' id='par_1_101' title="bbox 1879 4103 3449 4181">
     <span class='ocr_line' id='line_1_101' title="bbox 1879 4103 3449 4181; baseline 0.005 -25"><span class='ocrx_word' id='word_1_772' title='bbox 1879 4103 1947 4156; x_wconf 88' lang='lat' dir='ltr'><strong>de</strong></span> <span class='ocrx_word' id='word_1_773' title='bbox 2026 4104 2164 4158; x_wconf 89' lang='lat' dir='ltr'><strong>cibis</strong></span> <span class='ocrx_word' id='word_1_774' title='bbox 2210 4104 2405 4157; x_wconf 89' lang='lat' dir='ltr'><strong>bonam</strong></span> <span class='ocrx_word' id='word_1_775' title='bbox 2482 4105 2735 4159; x_wconf 78' lang='lat' dir='ltr'><strong>fiduciam</strong></span> <span class='ocrx_word' id='word_1_776' title='bbox 2784 4108 2889 4162; x_wconf 86' lang='lat' dir='ltr'><strong>illis</strong></span> <span class='ocrx_word' id='word_1_777' title='bbox 2944 4108 3169 4175; x_wconf 79' lang='lat' dir='ltr'><strong>fecerat,</strong></span> <span class='ocrx_word' id='word_1_778' title='bbox 3242 4114 3449 4181; x_wconf 64' lang='lat' dir='ltr'><strong>apertis</strong></span> 
     </span>
    </p>
   </div>
   <div class='ocr_carea' id='block_1_102' title="bbox 1879 4190 3454 4271">
    <p class='ocr_par' dir='ltr' id='par_1_102' title="bbox 1879 4190 3454 4271">
     <span class='ocr_line' id='line_1_102' title="bbox 1879 4190 3454 4271; baseline 0.007 -23"><span class='ocrx_word' id='word_1_779' title='bbox 1879 4195 2162 4263; x_wconf 90' lang='lat' dir='ltr'><strong>dignorum</strong></span> <span class='ocrx_word' id='word_1_780' title='bbox 2198 4190 2399 4263; x_wconf 80' lang='lat' dir='ltr'><strong>januis.</strong></span> <span class='ocrx_word' id='word_1_781' title='bbox 2445 4195 2582 4251; x_wconf 90' lang='lat' dir='ltr'><strong>Dicit</strong></span> <span class='ocrx_word' id='word_1_782' title='bbox 2612 4213 2752 4253; x_wconf 88' lang='lat' dir='ltr'><strong>nunc</strong></span> <span class='ocrx_word' id='word_1_783' title='bbox 2785 4208 2841 4253; x_wconf 88' lang='lat' dir='ltr'><strong>et</strong></span> <span class='ocrx_word' id='word_1_784' title='bbox 2884 4202 3069 4269; x_wconf 85' lang='lat' dir='ltr'><strong>gravia</strong></span> <span class='ocrx_word' id='word_1_785' title='bbox 3116 4216 3237 4271; x_wconf 73' lang='lat' dir='ltr'><strong>qua:</strong></span> <span class='ocrx_word' id='word_1_786' title='bbox 3290 4217 3454 4259; x_wconf 80' lang='lat' dir='ltr'><strong>even-</strong></span> 
     </span>
    </p>
   </div>
   <div class='ocr_carea' id='block_1_103' title="bbox 1878 4292 3449 4359">
    <p class='ocr_par' dir='ltr' id='par_1_103' title="bbox 1878 4292 3449 4359">
     <span class='ocr_line' id='line_1_103' title="bbox 1878 4292 3449 4359; baseline 0.009 -21"><span class='ocrx_word' id='word_1_787' title='bbox 1878 4297 1995 4339; x_wconf 88' lang='lat' dir='ltr'><strong>tura</strong></span> <span class='ocrx_word' id='word_1_788' title='bbox 2071 4296 2266 4349; x_wconf 89' lang='lat' dir='ltr'><strong>erant,</strong></span> <span class='ocrx_word' id='word_1_789' title='bbox 2341 4302 2496 4343; x_wconf 85' lang='lat' dir='ltr'><strong>suam</strong></span> <span class='ocrx_word' id='word_1_790' title='bbox 2581 4292 2980 4359; x_wconf 72' lang='lat' dir='ltr'><strong>praescientiam</strong></span> <span class='ocrx_word' id='word_1_791' title='bbox 3070 4294 3449 4352; x_wconf 82' lang='lat' dir='ltr'><strong>manifestans.</strong></span> 
     </span>
    </p>
   </div>
   <div class='ocr_carea' id='block_1_104' title="bbox 1876 4377 3449 4458">
    <p class='ocr_par' dir='ltr' id='par_1_104' title="bbox 1876 4377 3449 4458">
     <span class='ocr_line' id='line_1_104' title="bbox 1876 4377 3449 4458; baseline 0.006 -27"><span class='ocrx_word' id='word_1_792' title='bbox 1876 4377 2205 4432; x_wconf 87' lang='lat' dir='ltr'><strong>Consolatur</strong></span> <span class='ocrx_word' id='word_1_793' title='bbox 2257 4389 2435 4433; x_wconf 83' lang='lat' dir='ltr'><strong>autem</strong></span> <span class='ocrx_word' id='word_1_794' title='bbox 2486 4394 2583 4448; x_wconf 89' lang='lat' dir='ltr'><strong>per</strong></span> <span class='ocrx_word' id='word_1_795' title='bbox 2632 4381 2732 4435; x_wconf 89' lang='lat' dir='ltr'><strong>hoc</strong></span> <span class='ocrx_word' id='word_1_796' title='bbox 2783 4384 2925 4450; x_wconf 88' lang='lat' dir='ltr'><strong>quod</strong></span> <span class='ocrx_word' id='word_1_797' title='bbox 2974 4383 3128 4451; x_wconf 88' lang='lat' dir='ltr'><strong>dicit,</strong></span> <span class='ocrx_word' id='word_1_798' title='bbox 3169 4400 3289 4455; x_wconf 79' lang='lat' dir='ltr'><strong>ego.</strong></span> <span class='ocrx_word' id='word_1_799' title='bbox 3318 4386 3449 4458; x_wconf 82' lang='lat' dir='ltr'><strong>Ego,</strong></span> 
     </span>
    </p>
   </div>
   <div class='ocr_carea' id='block_1_105' title="bbox 1878 4469 3451 4541">
    <p class='ocr_par' dir='ltr' id='par_1_105' title="bbox 1878 4469 3451 4541">
     <span class='ocr_line' id='line_1_105' title="bbox 1878 4469 3451 4541; baseline 0.008 -19"><span class='ocrx_word' id='word_1_800' title='bbox 1878 4469 2071 4539; x_wconf 85' lang='lat' dir='ltr'><strong>inquit,</strong></span> <span class='ocrx_word' id='word_1_801' title='bbox 2118 4480 2308 4537; x_wconf 87' lang='lat' dir='ltr'><strong>potens</strong></span> <span class='ocrx_word' id='word_1_802' title='bbox 2346 4472 2457 4535; x_wconf 89' lang='lat' dir='ltr'><strong>ille,</strong></span> <span class='ocrx_word' id='word_1_803' title='bbox 2503 4482 2556 4525; x_wconf 91' lang='lat' dir='ltr'><strong>et</strong></span> <span class='ocrx_word' id='word_1_804' title='bbox 2592 4472 2820 4541; x_wconf 80' lang='lat' dir='ltr'><strong>proinde</strong></span> <span class='ocrx_word' id='word_1_805' title='bbox 2854 4475 3037 4530; x_wconf 88' lang='lat' dir='ltr'><strong>lidite:</strong></span> <span class='ocrx_word' id='word_1_806' title='bbox 3068 4478 3255 4533; x_wconf 83' lang='lat' dir='ltr'><strong>invicti</strong></span> <span class='ocrx_word' id='word_1_807' title='bbox 3305 4482 3451 4535; x_wconf 86' lang='lat' dir='ltr'><strong>enim</strong></span> 
     </span>
    </p>
   </div>
   <div class='ocr_carea' id='block_1_106' title="bbox 1807 4559 3451 4635">
    <p class='ocr_par' dir='ltr' id='par_1_106' title="bbox 1807 4559 3451 4635">
     <span class='ocr_line' id='line_1_106' title="bbox 1807 4559 3451 4635; baseline 0.007 -22"><span class='ocrx_word' id='word_1_808' title='bbox 1807 4574 1851 4633; x_wconf 86' lang='grc' dir='ltr'>υ</span> <span class='ocrx_word' id='word_1_809' title='bbox 1880 4562 2050 4615; x_wconf 86' lang='lat' dir='ltr'><strong>eritis.</strong></span> <span class='ocrx_word' id='word_1_810' title='bbox 2078 4559 2302 4615; x_wconf 89' lang='lat' dir='ltr'><strong>Instruit</strong></span> <span class='ocrx_word' id='word_1_811' title='bbox 2332 4573 2512 4616; x_wconf 87' lang='lat' dir='ltr'><strong>autem</strong></span> <span class='ocrx_word' id='word_1_812' title='bbox 2540 4578 2635 4618; x_wconf 89' lang='lat' dir='ltr'><strong>eos</strong></span> <span class='ocrx_word' id='word_1_813' title='bbox 2663 4565 2727 4617; x_wconf 89' lang='lat' dir='ltr'><strong>ad</strong></span> <span class='ocrx_word' id='word_1_814' title='bbox 2762 4566 3090 4635; x_wconf 86' lang='lat' dir='ltr'><strong>passionem.</strong></span> <span class='ocrx_word' id='word_1_815' title='bbox 3118 4569 3253 4623; x_wconf 71' lang='lat' dir='ltr'><strong>Nam</strong></span> <span class='ocrx_word' id='word_1_816' title='bbox 3309 4571 3451 4626; x_wconf 89' lang='lat' dir='ltr'><strong>sicut</strong></span> 
     </span>
    </p>
   </div>
   <div class='ocr_carea' id='block_1_107' title="bbox 1882 4654 3450 4732">
    <p class='ocr_par' dir='ltr' id='par_1_107' title="bbox 1882 4654 3450 4732">
     <span class='ocr_line' id='line_1_107' title="bbox 1882 4654 3450 4732; baseline 0.006 -26"><span class='ocrx_word' id='word_1_817' title='bbox 1882 4654 2211 4723; x_wconf 82' lang='lat' dir='ltr'><strong>impossibile</strong></span> <span class='ocrx_word' id='word_1_818' title='bbox 2241 4665 2485 4709; x_wconf 72' lang='lat' dir='ltr'><strong>estates</strong></span> <span class='ocrx_word' id='word_1_819' title='bbox 2526 4656 2577 4708; x_wconf 89' lang='lat' dir='ltr'><strong>in</strong></span> <span class='ocrx_word' id='word_1_820' title='bbox 2626 4658 2801 4709; x_wconf 90' lang='lat' dir='ltr'><strong>medio</strong></span> <span class='ocrx_word' id='word_1_821' title='bbox 2850 4657 3098 4726; x_wconf 89' lang='lat' dir='ltr'><strong>luporum</strong></span> <span class='ocrx_word' id='word_1_822' title='bbox 3150 4660 3285 4716; x_wconf 85' lang='lat' dir='ltr'><strong>nihil</strong></span> <span class='ocrx_word' id='word_1_823' title='bbox 3320 4665 3450 4732; x_wconf 82' lang='lat' dir='ltr'><strong>pati.</strong></span> 
     </span>
    </p>
   </div>
   <div class='ocr_carea' id='block_1_108' title="bbox 1880 4745 3451 4821">
    <p class='ocr_par' dir='ltr' id='par_1_108' title="bbox 1880 4745 3451 4821">
     <span class='ocr_line' id='line_1_108' title="bbox 1880 4745 3451 4821; baseline 0.006 -22"><span class='ocrx_word' id='word_1_824' title='bbox 1880 4745 1954 4799; x_wconf 84' lang='lat' dir='ltr'><strong>ita</strong></span> <span class='ocrx_word' id='word_1_825' title='bbox 1995 4756 2051 4799; x_wconf 88' lang='lat' dir='ltr'><strong>et</strong></span> <span class='ocrx_word' id='word_1_826' title='bbox 2091 4762 2189 4799; x_wconf 86' lang='lat' dir='ltr'><strong>vos</strong></span> <span class='ocrx_word' id='word_1_827' title='bbox 2234 4748 2375 4799; x_wconf 90' lang='lat' dir='ltr'><strong>inter</strong></span> <span class='ocrx_word' id='word_1_828' title='bbox 2416 4745 2652 4814; x_wconf 75' lang='lat' dir='ltr'><strong>Judmos,</strong></span> <span class='ocrx_word' id='word_1_829' title='bbox 2678 4764 2863 4803; x_wconf 87' lang='lat' dir='ltr'><strong>verum</strong></span> <span class='ocrx_word' id='word_1_830' title='bbox 2898 4751 3021 4805; x_wconf 85' lang='lat' dir='ltr'><strong>licet</strong></span> <span class='ocrx_word' id='word_1_831' title='bbox 3049 4752 3356 4821; x_wconf 83' lang='lat' dir='ltr'><strong>patiamini,</strong></span> <span class='ocrx_word' id='word_1_832' title='bbox 3382 4774 3451 4809; x_wconf 82' lang='lat' dir='ltr'><strong>ne</strong></span> 
     </span>
    </p>
   </div>
   <div class='ocr_carea' id='block_1_109' title="bbox 1878 4836 3454 4906">
    <p class='ocr_par' dir='ltr' id='par_1_109' title="bbox 1878 4836 3454 4906">
     <span class='ocr_line' id='line_1_109' title="bbox 1878 4836 3454 4906; baseline 0.008 -20"><span class='ocrx_word' id='word_1_833' title='bbox 1878 4836 2266 4889; x_wconf 82' lang='lat' dir='ltr'><strong>succenseatis.</strong></span> <span class='ocrx_word' id='word_1_834' title='bbox 2300 4836 2431 4889; x_wconf 86' lang='lat' dir='ltr'><strong>Volo</strong></span> <span class='ocrx_word' id='word_1_835' title='bbox 2477 4840 2622 4891; x_wconf 89' lang='lat' dir='ltr'><strong>enim</strong></span> <span class='ocrx_word' id='word_1_836' title='bbox 2672 4855 2765 4892; x_wconf 79' lang='lat' dir='ltr'><strong>vos</strong></span> <span class='ocrx_word' id='word_1_837' title='bbox 2810 4854 3127 4898; x_wconf 81' lang='lat' dir='ltr'><strong>mansuetos</strong></span> <span class='ocrx_word' id='word_1_838' title='bbox 3153 4848 3454 4906; x_wconf 75' lang='lat' dir='ltr'><strong>esse,sirut</strong></span> 
     </span>
    </p>
   </div>
   <div class='ocr_carea' id='block_1_110' title="bbox 1876 4928 3454 5012">
    <p class='ocr_par' dir='ltr' id='par_1_110' title="bbox 1876 4928 3454 5012">
     <span class='ocr_line' id='line_1_110' title="bbox 1876 4928 3454 5012; baseline 0.005 -32"><span class='ocrx_word' id='word_1_839' title='bbox 1876 4942 2026 4992; x_wconf 88' lang='lat' dir='ltr'><strong>oves,</strong></span> <span class='ocrx_word' id='word_1_840' title='bbox 2056 4938 2111 4981; x_wconf 89' lang='lat' dir='ltr'><strong>et</strong></span> <span class='ocrx_word' id='word_1_841' title='bbox 2154 4928 2233 4982; x_wconf 89' lang='lat' dir='ltr'><strong>sic</strong></span> <span class='ocrx_word' id='word_1_842' title='bbox 2266 4929 2435 4995; x_wconf 84' lang='lat' dir='ltr'><strong>magis</strong></span> <span class='ocrx_word' id='word_1_843' title='bbox 2472 4928 2709 4983; x_wconf 80' lang='lat' dir='ltr'><strong>vincere.</strong></span> <span class='ocrx_word' id='word_1_844' title='bbox 2742 4949 2760 4981; x_wconf 82' lang='grc' dir='ltr'>ι</span> <span class='ocrx_word' id='word_1_845' title='bbox 2802 4929 2989 4985; x_wconf 82' lang='lat' dir='ltr'><strong>Estote</strong></span> <span class='ocrx_word' id='word_1_846' title='bbox 3022 4934 3185 5001; x_wconf 86' lang='lat' dir='ltr'><strong>igitur</strong></span> <span class='ocrx_word' id='word_1_847' title='bbox 3217 4938 3454 5012; x_wconf 66' lang='lat' dir='ltr'><strong>pruden-</strong></span> 
     </span>
    </p>
   </div>
   <div class='ocr_carea' id='block_1_111' title="bbox 1879 5019 3450 5089">
    <p class='ocr_par' dir='ltr' id='par_1_111' title="bbox 1879 5019 3450 5089">
     <span class='ocr_line' id='line_1_111' title="bbox 1879 5019 3450 5089; baseline 0.008 -20"><span class='ocrx_word' id='word_1_848' title='bbox 1879 5028 1957 5070; x_wconf 84' lang='lat' dir='ltr'><strong>tes</strong></span> <span class='ocrx_word' id='word_1_849' title='bbox 1987 5019 2131 5072; x_wconf 88' lang='lat' dir='ltr'><strong>sicut</strong></span> <span class='ocrx_word' id='word_1_850' title='bbox 2179 5028 2559 5087; x_wconf 84' lang='lat' dir='ltr'><strong>serpentes.et</strong></span> <span class='ocrx_word' id='word_1_851' title='bbox 2610 5021 2883 5089; x_wconf 86' lang='lat' dir='ltr'><strong>simplices</strong></span> <span class='ocrx_word' id='word_1_852' title='bbox 2932 5025 3075 5078; x_wconf 82' lang='lat' dir='ltr'><strong>velut</strong></span> <span class='ocrx_word' id='word_1_853' title='bbox 3112 5026 3396 5082; x_wconf 66' lang='lat' dir='ltr'><strong>columba.</strong></span> <span class='ocrx_word' id='word_1_854' title='bbox 3428 5048 3450 5081; x_wconf 71' lang='grc' dir='ltr'><strong>ι</strong></span> 
     </span>
    </p>
   </div>
   <div class='ocr_carea' id='block_1_112' title="bbox 1875 5108 3451 5182">
    <p class='ocr_par' dir='ltr' id='par_1_112' title="bbox 1875 5108 3451 5182">
     <span class='ocr_line' id='line_1_112' title="bbox 1875 5108 3451 5182; baseline 0.006 -19"><span class='ocrx_word' id='word_1_855' title='bbox 1875 5108 2001 5163; x_wconf 82' lang='lat' dir='ltr'><strong>Vult</strong></span> <span class='ocrx_word' id='word_1_856' title='bbox 2027 5111 2321 5180; x_wconf 82' lang='lat' dir='ltr'><strong>discipulos</strong></span> <span class='ocrx_word' id='word_1_857' title='bbox 2350 5114 2512 5166; x_wconf 87' lang='lat' dir='ltr'><strong>etiam</strong></span> <span class='ocrx_word' id='word_1_858' title='bbox 2566 5116 2857 5182; x_wconf 78' lang='lat' dir='ltr'><strong>prudentes</strong></span> <span class='ocrx_word' id='word_1_859' title='bbox 2905 5133 3045 5171; x_wconf 71' lang='lat' dir='ltr'><strong>eSse.</strong></span> <span class='ocrx_word' id='word_1_860' title='bbox 3074 5118 3282 5173; x_wconf 81' lang='lat' dir='ltr'><strong>ldcirco</strong></span> <span class='ocrx_word' id='word_1_861' title='bbox 3324 5136 3451 5175; x_wconf 67' lang='lat' dir='ltr'><strong>curn</strong></span> 
     </span>
    </p>
   </div>
   <div class='ocr_carea' id='block_1_113' title="bbox 1875 5202 3455 5281">
    <p class='ocr_par' dir='ltr' id='par_1_113' title="bbox 1875 5202 3455 5281">
     <span class='ocr_line' id='line_1_113' title="bbox 1875 5202 3455 5281; baseline 0.007 -26"><span class='ocrx_word' id='word_1_862' title='bbox 1875 5204 2117 5258; x_wconf 86' lang='lat' dir='ltr'><strong>audieris</strong></span> <span class='ocrx_word' id='word_1_863' title='bbox 2148 5202 2493 5259; x_wconf 86' lang='lat' dir='ltr'><strong>Christianos</strong></span> <span class='ocrx_word' id='word_1_864' title='bbox 2524 5207 2628 5259; x_wconf 87' lang='lat' dir='ltr'><strong>dici</strong></span> <span class='ocrx_word' id='word_1_865' title='bbox 2675 5222 2827 5271; x_wconf 81' lang='lat' dir='ltr'><strong>oves,</strong></span> <span class='ocrx_word' id='word_1_866' title='bbox 2853 5224 2962 5262; x_wconf 90' lang='lat' dir='ltr'><strong>non</strong></span> <span class='ocrx_word' id='word_1_867' title='bbox 2999 5210 3267 5279; x_wconf 80' lang='lat' dir='ltr'><strong>intelligas</strong></span> <span class='ocrx_word' id='word_1_868' title='bbox 3308 5215 3455 5281; x_wconf 79' lang='lat' dir='ltr'><strong>quod</strong></span> 
     </span>
    </p>
   </div>
   <div class='ocr_carea' id='block_1_114' title="bbox 1874 5299 3455 5371">
    <p class='ocr_par' dir='ltr' id='par_1_114' title="bbox 1874 5299 3455 5371">
     <span class='ocr_line' id='line_1_114' title="bbox 1874 5299 3455 5371; baseline 0.004 -22"><span class='ocrx_word' id='word_1_869' title='bbox 1874 5308 2124 5365; x_wconf 88' lang='lat' dir='ltr'><strong>oporteat</strong></span> <span class='ocrx_word' id='word_1_870' title='bbox 2150 5314 2245 5352; x_wconf 88' lang='lat' dir='ltr'><strong>eos</strong></span> <span class='ocrx_word' id='word_1_871' title='bbox 2280 5299 2526 5367; x_wconf 79' lang='lat' dir='ltr'><strong>stupidus</strong></span> <span class='ocrx_word' id='word_1_872' title='bbox 2564 5313 2709 5361; x_wconf 86' lang='lat' dir='ltr'><strong>esse,</strong></span> <span class='ocrx_word' id='word_1_873' title='bbox 2743 5314 2863 5352; x_wconf 82' lang='lat' dir='ltr'><strong>nam</strong></span> <span class='ocrx_word' id='word_1_874' title='bbox 2891 5310 2944 5353; x_wconf 85' lang='lat' dir='ltr'><strong>et</strong></span> <span class='ocrx_word' id='word_1_875' title='bbox 2969 5303 3265 5369; x_wconf 82' lang='lat' dir='ltr'><strong>prudentes</strong></span> <span class='ocrx_word' id='word_1_876' title='bbox 3290 5318 3455 5371; x_wconf 51' lang='lat' dir='ltr'><strong>otior-</strong></span> 
     </span>
    </p>
   </div>
   <div class='ocr_carea' id='block_1_115' title="bbox 1877 5390 3456 5460">
    <p class='ocr_par' dir='ltr' id='par_1_115' title="bbox 1877 5390 3456 5460">
     <span class='ocr_line' id='line_1_115' title="bbox 1877 5390 3456 5460; baseline 0.005 -20"><span class='ocrx_word' id='word_1_877' title='bbox 1877 5401 1951 5444; x_wconf 89' lang='lat' dir='ltr'><strong>tet</strong></span> <span class='ocrx_word' id='word_1_878' title='bbox 1984 5404 2126 5455; x_wconf 71' lang='lat' dir='ltr'><strong>esse,</strong></span> <span class='ocrx_word' id='word_1_879' title='bbox 2150 5400 2205 5443; x_wconf 90' lang='lat' dir='ltr'><strong>et</strong></span> <span class='ocrx_word' id='word_1_880' title='bbox 2233 5391 2376 5445; x_wconf 84' lang='lat' dir='ltr'><strong>scire</strong></span> <span class='ocrx_word' id='word_1_881' title='bbox 2426 5390 2701 5460; x_wconf 85' lang='lat' dir='ltr'><strong>quomodo</strong></span> <span class='ocrx_word' id='word_1_882' title='bbox 2737 5393 3058 5446; x_wconf 85' lang='lat' dir='ltr'><strong>versandum</strong></span> <span class='ocrx_word' id='word_1_883' title='bbox 3090 5396 3161 5447; x_wconf 88' lang='lat' dir='ltr'><strong>sit</strong></span> <span class='ocrx_word' id='word_1_884' title='bbox 3191 5396 3244 5449; x_wconf 90' lang='lat' dir='ltr'><strong>in</strong></span> <span class='ocrx_word' id='word_1_885' title='bbox 3278 5400 3456 5451; x_wconf 81' lang='lat' dir='ltr'><strong>medio</strong></span> 
     </span>
    </p>
   </div>
   <div class='ocr_carea' id='block_1_116' title="bbox 1876 5481 3452 5556">
    <p class='ocr_par' dir='ltr' id='par_1_116' title="bbox 1876 5481 3452 5556">
     <span class='ocr_line' id='line_1_116' title="bbox 1876 5481 3452 5556; baseline 0.006 -23"><span class='ocrx_word' id='word_1_886' title='bbox 1876 5482 2170 5534; x_wconf 86' lang='lat' dir='ltr'><strong>multorum</strong></span> <span class='ocrx_word' id='word_1_887' title='bbox 2228 5481 2596 5536; x_wconf 86' lang='lat' dir='ltr'><strong>inimicormn.</strong></span> <span class='ocrx_word' id='word_1_888' title='bbox 2625 5484 2780 5536; x_wconf 79' lang='lat' dir='ltr'><strong>Sicut</strong></span> <span class='ocrx_word' id='word_1_889' title='bbox 2826 5485 2971 5538; x_wconf 89' lang='lat' dir='ltr'><strong>enim</strong></span> <span class='ocrx_word' id='word_1_890' title='bbox 3012 5501 3243 5556; x_wconf 79' lang='lat' dir='ltr'><strong>serpens</strong></span> <span class='ocrx_word' id='word_1_891' title='bbox 3282 5500 3452 5544; x_wconf 87' lang='lat' dir='ltr'><strong>totum</strong></span> 
     </span>
    </p>
   </div>
   <div class='ocr_carea' id='block_1_117' title="bbox 1871 5569 3448 5643">
    <p class='ocr_par' dir='ltr' id='par_1_117' title="bbox 1871 5569 3448 5643">
     <span class='ocr_line' id='line_1_117' title="bbox 1871 5569 3448 5643; baseline 0.005 -19"><span class='ocrx_word' id='word_1_892' title='bbox 1871 5586 2067 5640; x_wconf 81' lang='lat' dir='ltr'><strong>corpus</strong></span> <span class='ocrx_word' id='word_1_893' title='bbox 2104 5569 2293 5637; x_wconf 86' lang='lat' dir='ltr'><strong>objicit</strong></span> <span class='ocrx_word' id='word_1_894' title='bbox 2324 5580 2380 5623; x_wconf 92' lang='lat' dir='ltr'><strong>ut</strong></span> <span class='ocrx_word' id='word_1_895' title='bbox 2410 5572 2763 5639; x_wconf 83' lang='lat' dir='ltr'><strong>percutiatur,</strong></span> <span class='ocrx_word' id='word_1_896' title='bbox 2791 5584 2953 5643; x_wconf 85' lang='lat' dir='ltr'><strong>caput</strong></span> <span class='ocrx_word' id='word_1_897' title='bbox 3000 5586 3181 5629; x_wconf 89' lang='lat' dir='ltr'><strong>autem</strong></span> <span class='ocrx_word' id='word_1_898' title='bbox 3228 5591 3407 5631; x_wconf 86' lang='lat' dir='ltr'><strong>servat</strong></span> <span class='ocrx_word' id='word_1_899' title='bbox 3435 5596 3448 5640; x_wconf 85' lang='lat'><strong>;</strong></span> 
     </span>
    </p>
   </div>
   <div class='ocr_carea' id='block_1_118' title="bbox 1870 5664 3445 5739">
    <p class='ocr_par' dir='ltr' id='par_1_118' title="bbox 1870 5664 3445 5739">
     <span class='ocr_line' id='line_1_118' title="bbox 1870 5664 3445 5739; baseline 0.004 -21"><span class='ocrx_word' id='word_1_900' title='bbox 1870 5666 1945 5719; x_wconf 82' lang='lat' dir='ltr'><strong>ita</strong></span> <span class='ocrx_word' id='word_1_901' title='bbox 1992 5676 2048 5719; x_wconf 89' lang='lat' dir='ltr'><strong>et</strong></span> <span class='ocrx_word' id='word_1_902' title='bbox 2095 5664 2461 5727; x_wconf 84' lang='lat' dir='ltr'><strong>Christianus,</strong></span> <span class='ocrx_word' id='word_1_903' title='bbox 2513 5665 2709 5734; x_wconf 85' lang='lat' dir='ltr'><strong>inquit,</strong></span> <span class='ocrx_word' id='word_1_904' title='bbox 2756 5666 2939 5720; x_wconf 85' lang='lat' dir='ltr'><strong>omnia</strong></span> <span class='ocrx_word' id='word_1_905' title='bbox 2996 5684 3093 5721; x_wconf 88' lang='lat' dir='ltr'><strong>sua</strong></span> <span class='ocrx_word' id='word_1_906' title='bbox 3124 5670 3236 5732; x_wconf 88' lang='lat' dir='ltr'><strong>det,</strong></span> <span class='ocrx_word' id='word_1_907' title='bbox 3282 5681 3445 5739; x_wconf 80' lang='lat' dir='ltr'><strong>atque</strong></span> 
     </span>
    </p>
   </div>
   <div class='ocr_carea' id='block_1_119' title="bbox 1870 5760 3451 5831">
    <p class='ocr_par' dir='ltr' id='par_1_119' title="bbox 1870 5760 3451 5831">
     <span class='ocr_line' id='line_1_119' title="bbox 1870 5760 3451 5831; baseline 0.003 -20"><span class='ocrx_word' id='word_1_908' title='bbox 1870 5760 2034 5811; x_wconf 85' lang='lat' dir='ltr'><strong>etiam</strong></span> <span class='ocrx_word' id='word_1_909' title='bbox 2085 5772 2284 5826; x_wconf 84' lang='lat' dir='ltr'><strong>corpus</strong></span> <span class='ocrx_word' id='word_1_910' title='bbox 2336 5772 2496 5812; x_wconf 74' lang='lat' dir='ltr'><strong>suum</strong></span> <span class='ocrx_word' id='word_1_911' title='bbox 2538 5761 2997 5827; x_wconf 82' lang='lat' dir='ltr'><strong>percutientibus;</strong></span> <span class='ocrx_word' id='word_1_912' title='bbox 3058 5772 3220 5831; x_wconf 81' lang='lat' dir='ltr'><strong>caput</strong></span> <span class='ocrx_word' id='word_1_913' title='bbox 3269 5777 3451 5817; x_wconf 85' lang='lat' dir='ltr'><strong>autem</strong></span> 
     </span>
    </p>
   </div>
   <div class='ocr_carea' id='block_1_120' title="bbox 1871 5848 3453 5921">
    <p class='ocr_par' dir='ltr' id='par_1_120' title="bbox 1871 5848 3453 5921">
     <span class='ocr_line' id='line_1_120' title="bbox 1871 5848 3453 5921; baseline 0.003 -20"><span class='ocrx_word' id='word_1_914' title='bbox 1871 5852 2012 5921; x_wconf 86' lang='lat' dir='ltr'><strong>quod</strong></span> <span class='ocrx_word' id='word_1_915' title='bbox 2048 5861 2129 5907; x_wconf 86' lang='lat' dir='ltr'><strong>est</strong></span> <span class='ocrx_word' id='word_1_916' title='bbox 2161 5849 2435 5914; x_wconf 79' lang='lat' dir='ltr'><strong>Christus,</strong></span> <span class='ocrx_word' id='word_1_917' title='bbox 2459 5859 2514 5905; x_wconf 83' lang='lat' dir='ltr'><strong>et</strong></span> <span class='ocrx_word' id='word_1_918' title='bbox 2541 5848 2700 5907; x_wconf 83' lang='lat' dir='ltr'><strong>fidem</strong></span> <span class='ocrx_word' id='word_1_919' title='bbox 2736 5850 2789 5907; x_wconf 90' lang='lat' dir='ltr'><strong>iu</strong></span> <span class='ocrx_word' id='word_1_920' title='bbox 2820 5849 2966 5906; x_wconf 88' lang='lat' dir='ltr'><strong>illum</strong></span> <span class='ocrx_word' id='word_1_921' title='bbox 2997 5863 3194 5909; x_wconf 83' lang='lat' dir='ltr'><strong>servet.</strong></span> <span class='ocrx_word' id='word_1_922' title='bbox 3216 5851 3276 5906; x_wconf 87' lang='lat' dir='ltr'><strong>Et</strong></span> <span class='ocrx_word' id='word_1_923' title='bbox 3312 5852 3453 5915; x_wconf 63' lang='lat' dir='ltr'><strong>sicut</strong></span> 
     </span>
    </p>
   </div>
  </div>
