4080 6336
681 403 785 463 Ξῖἶθ

1545 396 2124 456 THEOPHYLACTI
2168 393 2579 455 BULGARIE
2620 393 2977 453 ARCHIEP.

3788 393 3891 458 260

680 525 899 578 serpens
934 512 986 563 iu
1014 519 1236 575 angusto
1259 505 1484 574 quodam
1520 506 1777 560 foramine
1803 506 2212 573 circumstringit

2325 502 2416 554 καὶ
2439 501 2865 570 διεξερχόμενος,
2892 499 3181 554 ἀποδύεται
3202 499 3260 551 τὺ
3284 500 3510 554 παλαιὸν
3532 502 3738 573 δέρμα,
3755 504 3892 560 οὕτω

677 620 756 665 se,
777 611 827 654 et
857 599 1121 653 transiens
1151 596 1339 665 pellem
1373 606 1599 649 veterem
1630 596 1922 666 exspoliat:
1955 594 2027 648 ita
2049 606 2103 649 et
2129 610 2225 647 nos

675 709 771 762 per
810 701 1089 760 augustam
1122 690 1260 741 viam
1309 689 1718 752 incedamus,ut
1774 698 2005 742 veterem
2059 702 2224 740 exua-

677 797 794 835 mus
821 775 1505 833 hominem.Verumtamen
1547 774 1669 843 quia
1706 786 1758 825 et
1810 787 2028 840 serpens
2077 774 2224 824 noci-

678 886 772 924 vus
806 878 905 932 est,
925 868 1078 936 jubet
1110 882 1208 919 nos
1235 865 1504 934 simplices
1544 879 1681 927 esse,
1710 867 1808 918 hoc
1839 874 1941 928 est,
1967 864 2220 926 sincerus,

672 972 722 1014 ei
753 961 955 1027 absque
985 958 1202 1021 malitia,
1230 957 1542 1025 nullumque
1589 955 1938 1021 uﬂcndetites,
1964 959 2102 1010 sicut
2135 971 2222 1010 Cu-

670 1054 863 1105 lutubze
892 1068 905 1104 :
935 1050 1032 1104 illae
1074 1050 1214 1102 enim
1271 1063 1390 1102 cum
1452 1047 1769 1100 auferuntur
1825 1050 1903 1101 eis
1953 1047 2136 1110 fatus,
2169 1057 2221 1100 et

670 1144 1090 1212 persecutionem
1129 1141 1421 1210 patiuntur,
1453 1155 1636 1194 rursus
1688 1141 1751 1193 ad
1805 1139 2047 1193 dominos
2094 1155 2220 1194 suos

668 1242 1027 1287 revertuntur.
1055 1232 1181 1285 Esto
1225 1231 1388 1299 igitur
1429 1231 1662 1299 prudens
1712 1230 1868 1297 sicut!
1895 1232 2217 1298 serpens,ita

669 1337 724 1378 ut
758 1341 823 1379 ne
855 1324 1146 1377 deridearis
1171 1322 1244 1374 .ob
1279 1322 1440 1374 vitam
1485 1321 1552 1374 ab
1593 1321 1728 1382 aliis,
1758 1321 1851 1374 sed
1903 1321 2078 1373 omnia
2130 1331 2215 1373 tua

665 1420 796 1470 citra
831 1416 999 1468 labem
1032 1412 1294 1481 perticias.
1325 1412 1460 1482 Erga
1492 1413 1623 1464 alios
1656 1421 1830 1464 autem
1867 1427 1934 1465 ne
1969 1412 2075 1464 illis
2116 1427 2216 1463 n0-

667 1523 811 1567 ceas,
851 1507 923 1560 sis
960 1503 1100 1557 velut
1133 1501 1400 1564 columba,
1441 1505 1539 1556 hoc
1573 1513 1673 1564 est,
1705 1503 2012 1570 neutiquam
2067 1502 2214 1554 mali-

666 1614 822 1665 gnos.

742 1691 898 1743 \‘eus.
945 1689 1028 1751 Π,
1093 1687 1175 1740 13.
1233 1706 1248 1737 ι
1290 1685 1484 1739 Cavete
1519 1694 1694 1737 autem
1734 1686 1820 1736 .ab
1877 1685 2209 1748 hominibus,

667 1779 876 1832 tradent
905 1782 1044 1830 enim
1077 1793 1169 1831 vos
1197 1780 1245 1830 in
1297 1777 1545 1840 concilia,
1570 1785 1622 1828 et
1658 1776 1706 1828 in
1749 1777 2034 1845 synagogis
2100 1778 2212 1830 suis

2329 594 2422 646 καὶ
2451 595 2605 662 ἡμεῖς
2625 593 2711 644 διὰ
2735 597 2830 660 τῆς
2859 593 3046 662 στενῆς
3076 591 3194 644 ὁδοῦ
3224 591 3514 658 ὁδεύοντες,
3546 595 3636 648 τὸν
3664 596 3890 658 παλαιὸν

2326 685 2682 753 ἀποδυώμεθα
2714 683 3016 753 ἄνθρωπον.
3064 683 3214 735 Ἐπεὶ
3237 684 3293 736 δὲ
3323 683 3350 734 6
3384 683 3505 752 ὄφις
3538 685 3632 737 καὶ
3664 685 3890 754 βλαπτι-

2325 777 2416 838 κός
2446 779 2584 840 ἐστι,
2645 775 2856 828 κελεύει
2891 777 3036 845 ἡμᾶς
3067 775 3355 843 ἀκεραίους
3387 771 3548 841 εἶναι,
3589 780 3888 840 τουτέστιν.

2322 868 2526 930 ἁπλοῦς
2587 875 2678 920 καὶ
2737 868 3042 937 ἀπονήρους
3086 867 3177 920 καὶ
3232 869 3305 936 μὴ
3342 866 3696 935 βλαπτικοὺς,
3725 871 3800 933 ὡς
3837 872 3889 924 oi

2322 961 2672 1029 περιστεραί·
2711 955 2871 1014 α’ὗται
2901 960 3030 1029 γάρ,
3057 962 3151 1012 καὶ
3195 959 3595 1026 ἀφαιρούμεναι
3626 963 3693 1014 τΞι
3723 964 3888 1017 τέκνα

2321 1053 2414 1103 καὶ
2439 1051 2787 1120 διωκόμεναι,
2846 1046 2999 1113 αὖθις
3055 1051 3548 1120 ἐπανακόιμπτουσι
3598 1053 3738 1122 πρὸς
3765 1056 3888 1116 τοὺς

2317 1142 2601 1204 δεσπότας.
2640 1143 2769 1194 Ἐσο
2796 1139 2887 1194 οὖν
2918 1143 3176 1211 φρόνιμος
3231 1142 3303 1203 ὡς
3333 1142 3474 1209 ὄφις,
3519 1141 3661 1195 ὥστε
3686 1142 3764 1212 μὴ
3797 1159 3889 1210 τες

2318 1235 2508 1286 λᾶσθαι
2535 1236 2588 1285 ἐν
2613 1235 2689 1303 τῷ
2715 1234 2832 1303 βίῳ,
2860 1233 2991 1285 ἀλλὰ
3021 1234 3202 1285 πάντα
3235 1234 3302 1284 τὰ
3337 1233 3478 1285 κατὰ
3513 1233 3573 1284 σὲ
3612 1235 3890 1302 ἀμώμητα

2317 1321 2638 1373 διατιθέναι’
2669 1323 2802 1390 πρὸς
2854 1323 2908 1373 δὲ
2956 1321 3015 1373 τὸ
3047 1322 3306 1390 βλάπτειν
3351 1321 3594 1390 ἑτέρους,
3627 1320 3718 1373 ἔσο
3755 1321 3887 1373 ὡσεὶ

2321 1427 2382 1461 πε
2393 1412 2634 1480 ριστερὰ,
2661 1412 2963 1476 τουτέστιν,
3006 1410 3300 1479 ἀπόνηρος.

2391 1701 2406 1731 ι
2452 1682 2749 1751 Προσέχετε
2779 1682 2834 1734 δὲ
2859 1684 2958 1734 ἀπὶ
2995 1683 3101 1735 τῶν
3141 1683 3462 1754 ἀνθρώπων,
3498 1686 3885 1756 παραδώσουσι

2315 1775 2423 1844 γὰρ
2456 1775 2597 1844 ὑμᾶς
2633 1779 2708 1838 είς
2742 1779 3011 1846 συνέδρια,
3044 1779 3138 1830 καὶ
3165 1780 3221 1831 ἐν
3250 1785 3370 1843 ταῖς
3419 1784 3758 1849 συναγωγαῖς
3786 1785 3885 1834 αὑ·

665 1869 1002 1936 tiageilabunt
1061 1883 1183 1930 vos,
1232 1875 1284 1920 et
1327 1868 1390 1919 ad
1445 1867 1608 1919 dmzes
1653 1875 1705 1919 et
1752 1880 1902 1936 reges
1951 1866 2212 1920 ducemini

2318 1867 2424 1919 τῶν
2453 1867 2889 1936 μαστιγώσουσιν
2941 1868 3106 1936 ὑμᾶς,
3159 1871 3250 1920 καὶ
3277 1871 3368 1922 ἐπὶ
3395 1870 3667 1939 ἡγεμόνας
3701 1870 3757 1922 δὲ
3787 1871 3886 1922 καὶ

663 1971 877 2030 propter
931 1961 1118 2022 me,iu
1171 1959 1531 2015 testimonium
1596 1958 1723 2026 ipsis
1777 1974 1838 2012 ac
1893 1957 2208 2025 gentibus:

667 2052 822 2104 Vides
853 2052 954 2104 hoc
981 2066 1098 2104 esse
1130 2050 1425 2116 prodeatis,
1458 2063 1666 2112 cavere,
1687 2060 1740 2101 et
1771 2064 1873 2103 non
1905 2049 2031 2102 dare
2058 2063 2216 2102 ocea-

663 2144 868 2197 sionem
929 2141 1222 2194 volentibus
1285 2140 1554 2208 persequi,
1580 2141 1672 2192 sed
1723 2145 2010 2206 prudenter
2060 2152 2216 2207 agere

665 2248 750 2287 res
785 2241 1016 2286 nostras.
1046 2231 1100 2284 Si
1133 2229 1411 2300 pecuniam
1442 2230 1668 2283 voluerit
1707 2230 1796 2297 qui
1851 2231 2215 2297 persequitur,

663 2327 705 2376 si
738 2326 1018 2387 honorem,
1047 2324 1110 2375 da
1147 2332 1202 2374 ut
1238 2337 1305 2374 ne
1325 2322 1667 2375 occasionem
1701 2322 1892 2374 habeat
1925 2339 1936 2374 :
1965 2321 2008 2375 si
2036 2331 2212 2374 autem

666 2417 819 2470 tidem
856 2414 1049 2478 aufert,
1081 2414 1286 2468 custodi
1320 2423 1466 2466 tuum
1502 2411 1816 2481 caput.Non
1847 2419 2028 2466 aute'm
2057 2410 2214 2465 disci-

663 2506 814 2572 pUlOS
847 2505 1107 2557 missurus
1135 2512 1250 2556 erat
1282 2504 1349 2555 ad
1379 2499 1590 2556 Judaeos
1620 2503 1814 2568 solum,
1838 2504 1930 2556 sed
1962 2502 2119 2556 etiam
2148 2500 2214 2553 ad

661 2603 845 2661 gentes
875 2609 890 2644 :
917 2593 1118 2646 idcirco
1145 2591 1274 2645 dicit
1296 2608 1310 2645 :
1330 2590 1388 2644 in
1416 2593 1774 2645 testimonium
1806 2590 1934 2660 ipsis
1961 2602 2013 2644 et
2043 2590 2216 2660 genti-

663 2691 788 2749 bus,
818 2686 921 2739 boc
953 2684 1130 2751 est,in
1156 2691 1334 2736 notam
1365 2690 1416 2737 et
1445 2683 1495 2734 in
1528 2680 1996 2752 reprehensionem
2028 2695 2211 2735 eorum

659 2777 747 2844 qui
777 2789 880 2827 non
908 2775 1148 2828 credunt.

732 2952 899 3007 Vens.
931 2951 1124 3017 19,20.
1155 2969 1172 3001 ι
1220 2951 1286 3004 At
1332 2967 1452 3004 cum
1502 2949 1814 3004 tradiderint
1857 2948 1966 3020 5,9
2005 2966 2115 3013 vos,
2150 2965 2214 3002 ne

659 3050 775 3101 sitis
800 3048 1010 3102 solliciti
1050 3045 1316 3116 quomodo
1346 3051 1439 3097 aut
1468 3044 1593 3117 quid
1631 3043 1956 3111 loquamini;
2003 3042 2213 3095 dabitur

658 3141 800 3190 enim
823 3137 973 3191 vobis
1015 3137 1067 3190 in
1116 3135 1203 3188 illa
1245 3137 1372 3187 hora
1418 3134 1542 3202 quid
1581 3133 1892 3202 loquamini.
1920 3131 2034 3186 Non
2069 3132 2211 3187 enim

660 3240 756 3281 vos
799 3226 932 3281 estis
981 3225 1052 3278 illi
1102 3225 1401 3292 loquentes,
1436 3191 1530 3276 sed
1563 3191 1797 3291 Spiritus
1842 3221 2017 3276 Patris
2051 3221 2211 3274 vestri
2237 3191 2282 3252 Ο

655 3319 746 3388 qui
815 3316 1048 3385 loquitur
1107 3317 1160 3370 in
1234 3314 1405 3369 vobis.
1455 3334 1472 3364 ι
1528 3314 1603 3369 Ne
1651 3315 1830 3368 dicant
1872 3330 1885 3366 :
1930 3313 2206 3379 Quomodo

657 3408 984 3476 persuadere
1035 3406 1326 3475 poterimus
1385 3405 1560 3458 idiotte
1615 3404 1875 3471 sapientia
1923 3401 2207 3471 praeditos?

651 3500 803 3568 jubet
831 3496 1078 3550 ﬁduciam
1134 3494 1353 3556 habere,
1380 3506 1432 3549 et
1464 3494 1876 3549 sollicitudinem
1905 3495 2201 3562 deponere:

658 3604 782 3642 nam
901 3602 1022 3640 cum
1092 3586 1231 3640 inter
1310 3585 1493 3640 fideles
1576 3599 1879 3647 sermonem
1974 3583 2205 3638 habituri

654 3693 862 3739 sumus,
904 3679 1117 3746 dignum
1164 3684 1245 3730 est
1302 3686 1359 3729 ut
1411 3675 1865 3745 praemedite'mur,
1919 3683 1973 3728 et
2028 3674 2203 3741 parati

656 3773 827 3824 simus
892 3769 956 3822 ad
1035 3767 1424 3831 defensionem,
1480 3766 1936 3836 quemadmodum
2004 3764 2199 3820 Petrus

655 3863 906 3916 admonet
939 3861 1001 3913 ιθ.
1035 3861 1177 3914 inter
1209 3860 1393 3912 turbas
1442 3867 1617 3913 autem
1655 3866 1708 3912 et
1740 3871 1890 3926 reges
1934 3855 2207 3910 insanien-

655 3964 735 4005 tes
785 3965 938 4004 suum
991 3951 1255 4018 promittit
1289 3951 1472 4015 robur,
1498 3963 1566 4003 ne
1627 3933 1930 4001 timeamus.
1953 3945 2204 4000 Nostrum

653 4050 736 4094 est
799 4041 942 4093 enim
978 4041 1219 4094 confiteri
1252 4062 1264 4093 ;
1297 4041 1566 4107 sapienter
1621 4049 1800 4091 autem
1862 4039 2203 4106 respondere,

657 4131 770 4183 Dei.
795 4129 862 4181 Et
884 4143 949 4183 ne
980 4129 1270 4197 suspiceris
1307 4128 1601 4180 naturalem
1640 4139 1763 4180 esse
1793 4125 1845 4178 in
1871 4123 2207 4179 defendendo

658 4219 996 4283 industriam,
1031 4219 1251 4288 inquit:
1297 4215 1410 4272 Non
1440 4233 1535 4274 vos
1592 4217 1893 4284 loquimini,
1939 4218 2032 4271 sed
2091 4216 2208 4285 Spi-

659 4309 813 4363 ritus.

726 4396 887 4452 Vens.
915 4397 1003 4454 ει.
1040 4414 1056 4448 ι
1094 4397 1292 4451 Tradet
1317 4405 1495 4450 autem
1517 4395 1681 4450 frater
1716 4395 1937 4450 fratrem
1969 4396 2021 4449 in
2054 4409 2202 4450 mor-

658 4500 784 4553 tem,
829 4496 884 4540 et
944 4497 1094 4557 pater
1133 4489 1323 4550 liiiutu,
1379 4494 1432 4540 et
1483 4488 1760 4556 ineat-gent
1816 4486 1908 4539 filii
1952 4488 2206 4540 adversus

2319 1959 2550 2028 βασιλεῖς
2580 1959 2879 2029 ἀχθήσεσθε
2921 1960 3104 2010 ἕνεκεν
3151 1959 3306 2027 ἐμοῦ,
3341 1963 3419 2021 είς
3455 1962 3754 2032 μαρτύριον
3781 1961 3876 2011 αύ-

2316 2052 2428 2110 τοῖς
2457 2052 2547 2101 καὶ
2576 2053 2686 2111 τοῖς
2714 2049 2938 2100 ἔθνεσιν.
2978 2067 2995 2098 ›
3051 2049 3232 2118 Ὁρᾷς,
3279 2050 3434 2102 τοῦτό
3471 2052 3589 2101 ἐστι
3611 2051 3671 2102 τὸ
3697 2051 3886 2120 φρόνι-

2319 2158 2416 2208 μον
2447 2135 2603 2202 εἶναι,
2636 2141 2694 2191 τὸ
2720 2130 3004 2209 προσέχειν
3043 2140 3135 2191 καὶ
3170 2141 3242 2208 μὴ
3267 2140 3464 2192 διδόναι
3491 2141 3743 2210 ἀφορμὴν
3773 2143 3883 2203 τοῖς

2316 2229 2528 2282 θέλουσι
2586 2229 2808 2293 θλίϐειν,
2870 2230 3002 2282 ἀλλὰ
3056 2235 3333 2298 φρονίμως
3381 2229 3600 2281 διοικεῖν
3634 2230 3703 2283 τὰ
3757 2227 3881 2282 καθ’

2317 2322 2569 2382 ἑαυτούς’
2603 2320 2667 2373 ἂν
2707 2321 2962 2390 χρήματα
2993 2320 3121 2389 θέλῃ
3163 2323 3189 2372 6
3215 2319 3445 2384 διώκων,
3480 2319 3545 2378 ἂν
3577 2319 3763 2389 τιμὴν,
3793 2320 3883 2382 δὸς

2317 2412 2399 2465 ἵνα
2433 2411 2506 2480 μὴ
2533 2411 2630 2481 ἔχη
2657 2413 2944 2480 ἀφορμήν·
2988 2412 3052 2464 ἂν
3103 2411 3160 2461 δὲ
3198 2409 3294 2480 τὴν
3325 2410 3508 2462 πίστιν
3557 2403 3884 2479 ἀφαιρῆται,

2316 2502 2547 2570 φύλαττέ
2604 2518 2696 2552 σου
2740 2501 2839 2568 τὴν
2885 2501 3145 2570 κεφαλήν.
3180 2501 3254 2550 Οὐ
3289 2500 3448 2567 μόνον
3476 2497 3535 2551 δὲ
3569 2499 3706 2567 πρὸς
3755 2501 3886 2550 Ἰου-

2313 2593 2493 2654 δαίους
2522 2593 2763 2658 πέμπειν
2793 2589 2973 2660 μέλλει
2998 2592 3122 2653 τοὺς
3153 2588 3424 2659 μαθητὰς,
3458 2588 3592 2643 ἀλλὰ
3619 2589 3714 2641 καὶ
3743 2590 3883 2660 πρὸς

2311 2684 2382 2736 τὰ
2410 2683 2558 2751 ἔθνη,
2583 2682 2661 2734 διὸ
2689 2683 2779 2735 καὶ
2801 2682 2970 2749 λέγει,
2997 2683 3092 2743 Είς
3123 2682 3420 2752 μαρτύριον
3448 2680 3631 2742 αὐτοῖς
3655 2681 3749 2732 καὶ
3772 2682 3884 2744 τοῖς

2314 2773 2514 2838 ἔθνεσι,
2544 2773 2818 2825 τουτέστιν
2852 2774 2930 2832 είς
2970 2775 3188 2840 ἔλεγχον
3237 2772 3416 2824 αὐτῶν
3467 2772 3542 2840 μὴ
3597 2772 3885 2828 πιστευόν-

2313 2886 2440 2923 των.

2390 2978 2406 3009 ι
2440 2959 2604 3011 Ὅταν
2636 2957 2691 3011 δὲ
2721 2958 3086 3026 παραδιδῶσιν
3144 2960 3309 3028 ὑμᾶς,
3372 2959 3447 3029 μὴ
3505 2957 3882 3029 μεριμνήσητε

2314 3049 2430 3112 πῶς
2459 3051 2491 3118 ἢ
2525 3050 2575 3102 τί
2625 3050 2915 3119 λαλήσητε,
2974 3051 3259 3120 δοθήσεται
3308 3050 3415 3120 γὰρ
3445 3051 3574 3119 ὑμῖν
3607 3053 3665 3102 ὲν
3701 3051 3888 3122 ἐκείνῃ

2311 3141 2376 3209 τῇ
2407 3139 2524 3210 ὥρᾳ
2544 3141 2594 3191 τί
2626 3139 2916 3209 λαλήσητε.
2955 3143 3026 3193 Οὺ
3065 3142 3173 3210 γὰρ
3204 3141 3362 3210 ὑμεῖς
3391 3142 3514 3194 ἐστε
3561 3142 3612 3192 οί
3660 3140 3886 3192 λαλοῦν·-

2311 3246 2425 3295 τες,
2463 3230 2598 3282 ἀλλὰ
2634 3231 2692 3283 τὸ
2717 3229 2940 3299 Πνεῦμα
2986 3231 3079 3283 τοῦ
3120 3232 3332 3302 Πατρὸς
3363 3231 3537 3301 ὑμῶν,
3573 3231 3634 3283 τὸ
3690 3229 3887 3282 λαλοῦν

2313 3322 2370 3372 ὲν
2401 3321 2550 3388 ὑμῖν.
2609 3338 2626 3371 ι
2674 3321 2793 3373 Ἵνα
2849 3321 2924 3390 μὴ
2959 3322 3175 3386 εἴπωσι,
3212 3322 3320 3374 Καὶ
3380 3322 3491 3383 πῶς
3543 3321 3884 3389 δυνησόμεθα

2312 3414 2491 3464 πεῖσαι
2522 3412 2716 3480 σοφοὺς
2742 3411 2946 3466 ίδιῶται
2973 3412 3159 3478 ὄντες;
3208 3411 3418 3465 κελεύει
3476 3413 3726 3483 θαρρεῖν,
3783 3414 3878 3465 καὶ

2317 3503 2391 3571 μὴ
2435 3504 2705 3572 μεριμνᾷν
2740 3518 2751 3531 ⁸
2787 3505 2915 3555 ὅταν
2951 3504 3048 3571 μὲν
3079 3505 3187 3571 γὰρ
3239 3504 3524 3573 μέλλωμεί
3553 3503 3760 3572 μεταξὺ
3794 3519 3875 3554 πι-

2316 3592 2456 3645 στῶν
2481 3593 2842 3662 διαλέγεσθαι,
2893 3595 2972 3646 δεῖ
3027 3596 3170 3663 ἡμᾶς
3221 3595 3579 3664 προμελετᾷν,
3615 3596 3709 3648 καὶ
3741 3595 3884 3648 ἑτοί-

2316 3700 2447 3753 μους
2471 3680 2605 3737 εἷναι
2637 3685 2772 3754 πρὸς
2800 3684 3115 3751 ἀπολογίαν,
3165 3687 3240 3746 ὡς
3272 3687 3299 3737 6
3329 3685 3530 3752 Πέτρος
3584 3687 3846 3756 παραινεί
3867 3700 3881 3715 ³

2315 3775 2515 3844 μεταξὺ
2539 3775 2594 3827 δὲ
2622 3776 2793 3845 ὄχλων
2822 3776 2912 3829 καὶ
2946 3775 3207 3845 βασιλέων
3241 3778 3605 3845 μαινομένων,
3631 3776 3729 3844 τὴν
3751 3777 3892 3826 ἑαυα-

2310 3864 2402 3917 τοῦ
2430 3866 2766 3936 ὑπισχνεῖται
2807 3867 2980 3936 ἰσχὺν,
3043 3867 3128 3918 ἵνα
3182 3865 3256 3936 μὴ
3287 3865 3613 3935 φοϐηθῶμεν
3638 3883 3652 3896 ·
3689 3865 3751 3918 τὸ
3781 3865 3884 3934 μιν

2311 3955 2421 4025 γὰρ
2448 3957 2749 4025 ὁμολογεῖν,
2778 3956 3045 4026 ἡμέτερον
3067 3973 3080 3986 ’
3108 3956 3168 4009 τὸ
3183 3956 3238 4009 δὲ
3261 3955 3440 4023 σοφῶς
3469 3956 3882 4024 ἀπολογεῖσθαι,

2312 4046 2466 4100 Θεοῦ.
2502 4047 2609 4100 Καὶ
2632 4048 2718 4100 ἶνα
2750 4047 2823 4119 μὴ
2855 4048 3129 4118 ὑπολάϐῃς
3160 4048 3240 4101 ὅτι
3275 4048 3476 4118 φυσικὴ
3504 4051 3654 4102 ἐστιν
3679 4050 3713 4117 ἡ
3745 4050 3883 4116 πρὸς

2312 4139 2408 4202 τὰς
2437 4139 2727 4207 ἀπολογίας
2759 4139 3148 4208 ἐπιτηδειότης,
3200 4141 3384 4208 φησιν,
3418 4139 3529 4208 Οὐχ
3578 4139 3739 4208 ὑμεῖς
3782 4139 3880 4190 λα-

2312 4231 2476 4294 λεῖτε,
2513 4231 2644 4282 ἀλλά
2675 4231 2733 4282 τὸ
2768 4229 3007 4298 Πνεῦμα.

2389 4422 2406 4455 ι
2452 4403 2770 4474 Παραδώσει
2807 4406 2861 4459 δὲ
2891 4405 3118 4476 ἀδελφὸς
3151 4403 3377 4474 ἀδελφὺν
3408 4406 3484 4468 είς
3510 4405 3761 4470 θάνατον,
3789 4409 3884 4458 καὶ

2316 4497 2496 4565 πατὴρ
2521 4495 2728 4550 τέκνον.
2751 4498 2856 4549 Καὶ
2884 4498 3353 4567 ἐπαναστήσονται
3372 4496 3536 4549 τέκνα
3566 4498 3660 4549 επὶ
3682 4500 3884 4563 γονεῖς,

657 4587 927 4643 parentes,
956 4590 1009 4630 et
1035 4585 1204 4629 morte
1233 4574 1466 4628 afficieut
1489 4589 1597 4628 eos.
1644 4593 1661 4626 ι
1690 4576 1936 4629 Praedieit
1958 4577 2034 4629 eis
2051 4591 2211 4630 even-

2315 4585 2402 4638 καὶ
2435 4586 2834 4639 θανατώσουσιν
2856 4588 3070 4650 αὐτούς.
3104 4607 3121 4638 ›
3153 4588 3411 4657 ιΙρολέγει
3435 4588 3617 4649 αὐτοῖς
3652 4588 3720 4640 τὰ
3748 4604 3885 4656 συμ-

659 4679 888 4728 tura,ne
925 4666 1209 4719 turbentur
1239 4680 1357 4718 eum
1389 4664 1703 4719 acciderint.
1744 4663 1990 4720 Ostendit
2029 4677 2205 4719 autem

657 4768 708 4810 et
742 4757 1138 4826 praedicationis
1168 4759 1298 4818 vim,
1329 4760 1592 4825 quomodo
1615 4769 1860 4812 naturam
1886 4758 2055 4827 ipsam
2077 4774 2209 4812 con-

657 4858 894 4900 temnere
945 4846 1127 4899 faciat.
1163 4846 1259 4900 llic
1305 4848 1448 4900 enim
1498 4848 1945 4902 Cbristianismus
1998 4858 2100 4912 est,
2157 4859 2209 4902 et

658 4938 931 4990 insaniant
977 4937 1184 4992 illorum
1218 4937 1433 4992 interim
1472 4937 1796 5005 manifestat,
1847 4942 1987 5009 quod
2036 4955 2208 5010 neque

660 5027 1009 5082 f-.uui|iaribus
1039 5040 1280 5096 parcunt.

738 5117 895 5174 Vens.
945 5120 1037 5175 ἓξ.
1097 5139 1114 5170 ι
1163 5122 1227 5175 Et
1277 5124 1428 5177 eritis
1479 5122 1602 5178 odio
1651 5122 1817 5177 habiti
1865 5124 1933 5178 ab
1960 5124 2206 5178 omnibus

659 5220 875 5277 pt‘Oplef'
927 5225 1116 5263 nomen
1169 5227 1364 5266 meum.
1403 5212 1500 5278 Qui
1559 5222 1735 5267 autem
1782 5215 2205 5282 perseveraverit

656 5314 822 5365 usque
851 5298 902 5350 in
934 5297 1116 5361 liuent,
1149 5299 1232 5352 hic
1265 5303 1443 5355 salvus
1476 5303 1601 5356 erit.
1646 5320 1663 5353 ι
1697 5303 1777 5355 Ab
1807 5303 2074 5368 omnibus,
2106 5303 2205 5357 hoc

655 5399 753 5449 nt,
787 5405 815 5441 a
845 5387 1043 5443 multis.
1073 5389 1188 5443 Non
1215 5392 1355 5444 enim
1395 5406 1581 5448 cumes
1622 5391 1740 5448 illos
1768 5394 1890 5447 odio
1920 5410 2204 5463 perseque-

655 5483 848 5532 lmiillll’
892 5499 902 5532 :
940 5497 1059 5534 nam
1111 5482 1351 5536 nonnulli
1402 5495 1454 5537 et
1511 5484 1664 5538 fidem
1711 5497 2048 5552 acceperant.
2100 5486 2199 5551 Qui

653 5584 828 5622 autem
867 5587 1030 5640 usque
1062 5573 1112 5626 in
1142 5577 1298 5628 linem
1337 5579 1778 5644 perseveraverit,
1811 5590 1861 5630 et
1889 5594 1993 5631 nun
2029 5580 2199 5633 solum

654 5661 936 5724 ιιιιϊβριὶι,
979 5663 1062 5715 ille
1086 5674 1299 5718 aeterna:
1335 5666 1450 5718 vita:
1487 5668 1752 5739 particeps
1787 5677 1907 5721 erit.

722 5777 767 5806 "
802 5777 821 5831 ι
857 5777 1000 5836 Pctr.
1035 5797 1116 5835 ιιι.

2314 4677 2611 4747 ϐησόμενα,
2656 4678 2740 4730 ἵνα
2775 4680 2904 4733 ὅταν
2941 4682 3226 4745 γένωνται,
3265 4679 3341 4748 μὴ
3374 4678 3748 4750 θορυϐηθῶσιο
3772 4679 3884 4732 δεί-

2314 4756 2471 4821 κνυσῖ
2504 4769 2563 4821 δὲ
2611 4769 2704 4822 καὶ
2735 4771 2833 4840 τὴν
2891 4770 2984 4823 τοῦ
3042 4772 3398 4842 κηρύγματος
3451 4770 3705 4838 δύναμιν,
3765 4771 3884 4833 πῶς

2313 4863 2458 4913 ποιεῖ
2485 4863 2842 4931 καταφρονεῖν
2886 4863 2984 4932 τῆς
3019 4864 3259 4932 φύσεως·
3297 4862 3533 4925 τοιοῦτος
3563 4864 3672 4934 γὰρ
3695 4864 3723 4914 6
3749 4864 3882 4934 Χρι-

2317 4951 2630 5021 στιανισμός
2653 4969 2665 4983 ·
2697 4952 2832 5005 ἀλλὰ
2860 4955 2952 5005 καὶ
2981 4956 3079 5025 τὴν
3105 4955 3305 5022 μανίαν
3336 4954 3562 5007 ἐκείνων
3601 4954 3878 5024 ἐμφαίνει,

2313 5046 2394 5097 ὅτι
2425 5044 2542 5098 οὐδὲ
2568 5045 2672 5097 τῶν
2706 5046 3047 5098 οἰκειοτάτων
3087 5046 3388 5115 φείσονται.

2389 5155 2406 5186 ι
2448 5137 2555 5190 Καὶ
2584 5136 2770 5189 ἔσεσθε
2804 5139 3120 5208 μισούμενοι
3147 5140 3252 5191 ὑπὸ
3281 5140 3496 5192 πάντων
3518 5140 3608 5194 διὰ
3627 5143 3688 5196 τὸ
3713 5143 3888 5214 ὄνομα

2311 5242 2410 5296 μου
2431 5244 2444 5258 ο
2475 5229 2501 5280 6
2531 5228 2586 5281 δὲ
2631 5229 2927 5297 ὑπομείνας
2978 5232 3055 5293 είς
3089 5231 3259 5294 τέλος,
3289 5226 3440 5295 οὗτος
3492 5233 3819 5306 σωθήσεται.
3862 5257 3882 5289 ι

2312 5318 2382 5368 Τὸ
2411 5317 2513 5369 ὑπὸ
2541 5317 2777 5380 πάντων,
2814 5319 2934 5370 ἀντὶ
2966 5319 3081 5382 τοῦ,
3111 5320 3214 5373 ὑπὸ
3245 5322 3476 5380 πολλῶν.
3500 5325 3575 5378 Οὐ
3604 5329 3714 5394 γὰρ
3750 5325 3889 5379 πάν-

2310 5424 2397 5468 τες
2430 5407 2652 5482 ἑμίσουν
2679 5408 2898 5470 αύτούς.
2932 5404 3108 5463 Ἦσαν
3137 5409 3244 5482 γὰρ
3273 5413 3365 5466 καὶ
3394 5413 3444 5464 oi
3497 5415 3888 5486 παραδεξάμεο

2310 5514 2387 5549 νοι
2410 5499 2506 5565 τὴν
2531 5497 2746 5549 πίστιν·
2779 5499 2806 5549 6
2833 5497 2888 5550 δὲ
2939 5499 3064 5569 ἄχρι
3091 5501 3278 5564 τέλους
3320 5502 3646 5571 ὑπομείνας,
3679 5508 3776 5558 καὶ
3807 5507 3892 5577 μὴ

2312 5589 2368 5640 ὲν
2397 5591 2462 5658 τῇ
2489 5590 2627 5658 ἀρχῇ
2659 5589 2840 5658 μόνον,
2865 5591 3066 5653 ἐκεῖνος
3095 5591 3193 5660 τῆς
3221 5593 3442 5646 αἰωνίου
3474 5595 3688 5662 μεθέξει
3715 5597 3883 5666 ζωῆς.
