4080 6336
231 341 328 384 εὶίὶ

233 341 332 404 Ξεὲ
867 344 1306 404 ENARRATIU
1338 341 1414 402 ΙΝ
1448 337 1818 401 EVANGELI

1929 337 1940 396 [
1987 334 2368 396 ΜΑΤΓΗΕΙ.
2398 359 2472 371 -
2506 335 2659 393 CAP.
2701 332 2805 392 ΧΓ.

3375 326 3487 387 iii!

310 476 328 508 ι
369 458 534 510 Ὅταν
557 455 609 508 δὲ
635 455 904 508 διώκωσιν
935 458 1075 525 ὑμᾶς
1097 459 1153 510 ὲν
1181 460 1245 526 τῇ
1277 457 1427 509 πόλει
1463 455 1654 524 ταύτῃ,
1673 450 1804 522 φεύ-

1982 451 2144 506 Vens.
2181 453 2269 508 2'5.
2318 472 2336 503 ι
2373 451 2508 507 Cum
2543 461 2721 503 autem
2759 463 2853 503 vos
2882 445 3082 500 fuerint
3122 445 3389 513 persecuti
3431 446 3486 498 in

229 567 357 619 τετε
388 555 466 615 εἰς
495 550 590 620 τὴν
623 549 812 616 ἄλλην.
863 551 1036 620 Ἀμὴν
1072 551 1215 617 λέγω
1258 551 1406 618 ύμῖν,
1463 550 1524 602 ού
1561 548 1634 617 μὴ
1656 547 1807 599 τελέ-

233 661 367 714 σητε
401 643 496 705 τὰς
528 643 707 703 πόλεις
731 641 822 696 τοῦ
867 643 1083 711 Ἰσραὴλ
1112 643 1218 706 ἕως
1249 642 1314 696 ἂν
1341 642 1468 713 ἔλθῃ
1500 644 1527 695 ὁ
1553 641 1681 703 Υἱὸς
1708 639 1802 693 τού

229 732 540 802 ἀνθρώπου.
591 750 608 781 ι
651 731 732 784 Τὰ
765 732 864 800 μὲν
887 732 999 784 ἄνω
1028 730 1283 800 ῥηθέντα,
1321 729 1551 801 φοϐερίᾶ.
1584 723 1694 780 οἷον
1721 727 1801 789 τὸ,

232 823 659 894 Παραδώσουσιν
720 823 886 890 ὑμᾶς,
927 821 1020 874 καὶ
1063 823 1146 886 τὸ,
1181 819 1409 873 Ἔσεσθε
1462 818 1801 888 μισούμενοι,

232 917 362 983 περὶ
387 914 495 966 τῶν
529 914 666 984 μετὰ
693 913 796 985 τὴν
835 912 1128 982 Ἀνάληψιν
1162 909 1595 981 συμϐησομένων
1620 904 1760 978 ἦσαν
1788 923 1803 938 ⁸

241 1009 305 1060 τὸ
336 1007 392 1059 δὲ
419 1007 512 1058 νῦν
546 1007 858 1076 λεγόμενον,
885 1005 1014 1074 περὶ
1042 1004 1150 1057 τῶν
1179 1004 1284 1074 πρὸ
1307 1003 1399 1056 τοῦ
1438 1000 1695 1071 σταυροῦ.
1729 997 1803 1053 Οὐ

231 1098 308 1166 μὴ
329 1098 438 1168 γὰρ
464 1098 720 1166 τελέσητε
759 1099 856 1161 τὰς
876 1097 1059 1159 πόλεις
1088 1095 1181 1148 τοῦ
1223 1095 1440 1165 Ἰσραὴλ
1461 1093 1803 1161 διωκόμενοι,

229 1189 328 1242 val.
347 1189 508 1253 εὐθὺς
539 1189 832 1259 ἐλεύσομαι
865 1186 1002 1259 πρὸς
1035 1188 1197 1257 ὑμᾶς.
1233 1186 1463 1240 Κελεύει
1499 1185 1555 1238 δὲ
1581 1183 1807 1252 φεύγειν

227 1280 616 1348 διωκομένους.
682 1277 755 1332 Τὸ
783 1281 890 1350 γὰρ
939 1279 1221 1349 προδήλως
1253 1277 1464 1348 ῥίπτειν
1493 1275 1686 1330 ἑαυτὸν
1726 1279 1808 1339 εἰς

230 1372 498 1437 κίνδυνον,
543 1373 635 1424 καὶ
677 1372 848 1425 αἴτιον
893 1370 1140 1438 γίνεσθαι
1171 1369 1548 1440 κατακρίσεως
1577 1370 1689 1431 τοῖς
1713 1385 1808 1436 φο·

227 1468 469 1531 νευταίς,
501 1467 595 1519 καὶ
627 1463 856 1535 ζημιοῦν
891 1466 1017 1526 τοὺς
1052 1463 1340 1534 μέλλοντας
1373 1462 1697 1532 ὠφελεῖσθαι
1720 1461 1807 1516 διὰ

228 1555 326 1608 τοῦ
367 1555 741 1624 κηρύγματος,
771 1553 1075 1608 διαϐολικόν
1109 1555 1225 1606 ἐστι
1252 1571 1266 1583 ⁸
1302 1553 1364 1606 τὸ
1398 1551 1530 1620 γοῦν
1569 1552 1715 1614 Ἕως
1742 1550 1807 1605 ἂν

230 1644 366 1718 ἔλθῃ
413 1648 442 1698 ὁ
469 1645 594 1709 Υίὸς
642 1643 737 1699 τοῦ
779 1643 1092 1715 ἀνθρώπου,
1128 1643 1200 1713 μὴ
1240 1643 1498 1712 περὶτῆς
1550 1641 1810 1711 δευτέρας

232 1735 540 1805 παρουσίας
570 1735 770 1807 νοήσῃς
791 1774 806 1799 ,
847 1733 985 1788 ἀλλὰ
1025 1733 1156 1803 περὶ
1187 1732 1286 1803 τῆς
1317 1731 1422 1801 πρὸ
1450 1730 1544 1784 τοῦ
1571 1730 1807 1804 σταυροῦ

1909 549 2130 602 civitate
2165 547 2286 611 hac,
2318 546 2483 615 fugite
2516 545 2566 598 in
2598 544 2773 597 aliam.
2813 543 2984 595 Amen
3014 539 3134 592 dico
3172 539 3347 600 vobis,
3379 554 3484 591 neu

1908 641 2413 713 perambulaveritis
2458 653 2647 693 omnes
2678 636 2926 691 civitates
2961 632 3143 694 Israel,
3177 631 3349 685 donec
3381 645 3479 682 ve-

1909 737 2022 790 niat
2057 734 2225 788 Filius
2259 731 2514 786 hominis.
2550 750 2567 780 ι
2602 728 2731 795 Quae
2763 743 2925 795 supra
2963 724 3104 780 dicta
3141 733 3286 785 sunt,
3319 722 3482 776 terri-

1909 828 2242 881 bilia-erant
2279 844 2290 878 :
2331 834 2388 878 ut
2422 824 2566 891 quod
2607 821 2820 875 tradent
2855 833 2971 882 vos,
3013 827 3066 870 ct
3122 815 3277 870 eritis
3329 814 3479 872 odio,

1907 930 2029 989 post
2070 917 2189 987 ejus
2238 915 2619 971 Ascensionem
2675 912 2852 966 futura
2883 917 3084 965 erant:
3127 906 3269 976 quod
3305 915 3486 960 autem

1911 1024 2072 1075 nunc,
2103 1007 2299 1062 dicitur
2330 1006 2394 1060 de
2434 1005 2518 1059 his
2575 1019 2696 1074 qum
2730 1013 2854 1056 ante
2879 1015 3118 1056 crucem.
3169 997 3287 1052 Non
3338 997 3482 1050 enim

1910 1099 2414 1170 perambulaveritis
2442 1098 2690 1153 civitates
2713 1095 2880 1151 Israel
2911 1095 2961 1149 in
2990 1090 3482 1162 persccutionihus,

1908 1201 1962 1250 et
2011 1194 2193 1248 statim
2244 1191 2455 1246 veniam
2489 1191 2555 1245 ad
2590 1204 2703 1244 vos.
2740 1185 2903 1242 Jubet
2955 1194 3134 1239 autem
3179 1182 3365 1251 fugere
3398 1198 3494 1236 eos

1910 1285 2002 1355 qui
2035 1293 2452 1355 persequuntur.
2498 1281 2783 1335 Enimtero
2825 1290 3028 1334 temere
3088 1291 3147 1330 se
3192 1274 3244 1327 in
3280 1273 3497 1341 pericu-

1912 1378 2020 1430 lum
2049 1375 2292 1445 injicere,
2327 1381 2382 1428 et
2408 1383 2684 1428 auctorem
2726 1370 2838 1424 fieri
2883 1367 3354 1423 condcmnationis
3393 1365 3495 1418 ho—

1913 1469 2146 1534 micidis,
2185 1475 2241 1533 et
2272 1467 2469 1521 damno
2499 1478 2618 1520 esse
2669 1464 2754 1519 his
2782 1461 2979 1532 quibus
3018 1476 3111 1530 per
3147 1458 3496 1529 praedicatio-

1914 1577 2032 1615 nem
2067 1560 2322 1629 prodesse
2360 1566 2597 1628 poterat,
2623 1555 2950 1611 diabolicum
2980 1563 3082 1608 est.
3117 1553 3295 1606 Donec
3324 1551 3504 1605 veniat

1912 1651 2082 1706 Filius
2114 1651 2368 1711 hominis,
2418 1665 2522 1704 non
2554 1649 2621 1704 de
2660 1648 2898 1702 secundo
2944 1647 3176 1700 adventu
3205 1643 3498 1713 intelligas.

1917 1745 2010 1800 scd
2038 1743 2104 1798 de
2132 1751 2399 1799 conventu
2430 1751 2487 1796 et
2526 1739 2892 1796 consolatione
2923 1746 3050 1792 ante
3077 1751 3321 1792 crucem.
3353 1734 3503 1787 Missi

234 1827 526 1890 συνουσίας
552 1828 647 1880 καὶ
689 1826 1061 1898 παραμυθίας.
1109 1824 1527 1887 Ἀποσταλέντες
1575 1825 1685 1895 γὰρ
1721 1824 1813 1878 καὶ

1929 1838 2062 1892 enim
2107 1837 2174 1891 ad
2205 1834 2636 1905 praedicandum,
2671 1833 2868 1886 iterum
2912 1832 2977 1884 ad
3017 1828 3292 1884 Christum
3326 1826 3504 1882 redie-

233 1919 592 1986 κηρύξαντες,
628 1920 789 1973 πάλιν
809 1919 1239 1990 ὑπεστρὼρησαν
1269 1918 1405 1988 πρὸς
1440 1917 1532 1970 τὸν
1554 1917 1810 1990 Χριστὸν,

233 2013 331 2064 καὶ
361 2012 597 2082 συνῆσαν
618 2012 784 2082 αύτῷ.

312 2123 330 2152 ι
379 2104 492 2155 Ούκ
541 2103 654 2156 ἔστι
713 2101 961 2173 μαθητὴς
1013 2102 1152 2173 ὑπὲρ
1181 2103 1272 2154 τὸν
1317 2100 1658 2162 διδάσκαλον,
1690 2096 1813 2151 οὐδὲ

230 2192 420 2257 δοῦλος
451 2194 590 2264 ὑπὲρ
618 2194 708 2246 τὸν
739 2194 928 2263 κύριον
973 2193 1171 2246 αὐτοῦ·
1203 2191 1437 2263 ἀρκετὸν
1482 2189 1560 2260 τῷ
1595 2189 1813 2260 μαθητῇ

235 2286 327 2339 ἵνα
351 2285 573 2356 γένηται
604 2286 680 2349 ὡς
707 2289 736 2339 ὁ
767 2285 1085 2348 διδάσκαλος
1123 2285 1311 2346 αὑτοῦ,
1339 2283 1432 2337 καὶ
1458 2287 1484 2336 ὁ
1518 2283 1706 2345 δοῦλος
1739 2282 1816 2347 ὡς

233 2379 262 2430 ὁ
294 2378 484 2449 κύριος
527 2377 717 2433 αύτοῦ.
749 2397 765 2428 ι
805 2377 1055 2431 Διδάσκει
1101 2377 1334 2430 ἐνταῦθα
1374 2375 1663 2446 ἀνέχεσθαι
1708 2373 1815 2427 τῶν

235 2469 475 2540 ὕϐρεων.
530 2469 730 2538 Είγὰρ
789 2467 901 2538 ἐγὼ
949 2471 977 2522 ὁ
1033 2469 1350 2531 διδάσκαλος
1405 2471 1498 2521 καὶ
1548 2469 1817 2538 δεσπότης

235 2562 571 2631 ἠνεσχόμην,
614 2560 795 2630 πολλῷ
860 2561 1063 2629 μᾶλλον
1097 2561 1254 2630 ὑμεῖς
1315 2563 1363 2612 οί
1399 2559 1662 2630 ’μαθηταὶ
1723 2559 1819 2612 καὶ

235 2652 440 2706 δοῦλοι.
493 2653 736 2724 Ἐρωτᾷς
759 2653 814 2706 δὲ
842 2653 960 2716 πῶς
992 2669 1125 2721 φησι
1155 2654 1236 2717 τὸ,
1264 2653 1379 2705 Ούκ
1429 2653 1543 2704 ἐστι
1572 2651 1820 2722 μαθητὴς

237 2745 380 2816 ὑπὲρ
414 2745 507 2798 τὸν
543 2743 885 2808 διδάσκαλον,
924 2746 1059 2798 ὅπου
1090 2761 1153 2811 γε
1190 2743 1417 2806 πολλοὺς
1472 2743 1692 2814 ὁρῶμεν
1723 2759 1821 2812 μα·

237 2837 414 2905 θητὰς
436 2837 721 2908 κρείττους
739 2837 846 2890 τῶν
866 2836 1239 2902 διδασκάλων;
1273 2834 1429 2890 Μάθε
1461 2834 1554 2887 οὖν
1584 2835 1686 2890 ὅτι.
1717 2834 1822 2896 ἕως

236 2925 307 2979 ἂν
336 2918 438 2979 ὦσι
471 2925 735 2998 μαθηταὶ,
770 2927 1026 2989 ἐλάττους
1069 2927 1177 2979 είσὶ
1211 2927 1318 2979 τῶν
1343 2925 1700 2991 διδασκάλων,
1728 2925 1822 2978 ὲὰν

236 3011 296 3063 δὲ
331 3012 613 3082 κρείττους
639 3013 926 3081 γένωνται,
966 3015 1066 3066 οὑκ
1095 3014 1174 3067 ἔτι
1203 3015 1387 3068 λοιπόν
1426 3016 1532 3067 είσι
1557 3015 1821 3086 μαθηταὶ,

1923 1939 2069 1994 runt,
2104 1937 2156 1984 et
2187 1942 2308 1984 cunt
2344 1941 2410 1981 eo
2441 1922 2748 1980 conversati
2782 1929 2929 1978 sunt.

1995 2113 2158 2167 Vsus.
2191 2109 2284 2164 24.
2324 2127 2342 2160 ι
2383 2106 2499 2163 Non
2534 2117 2617 2163 est
2656 2105 2956 2174 discipulus
3004 2117 3164 2171 supra
3209 2110 3508 2172 pracepto-

1923 2218 2058 2267 rem,
2097 2215 2272 2269 neque
2310 2212 2503 2254 servus
2549 2211 2712 2267 supra
2737 2195 3016 2250 dominum
3070 2209 3225 2248 suum
3256 2210 3269 2246 :
3307 2192 3510 2246 sufficit

1923 2294 2066 2349 enim
2097 2280 2366 2362 discipulo
2390 2298 2451 2344 ut
2470 2289 2542 2345 sit
2569 2289 2709 2344 sicut
2730 2295 3033 2358 praeceptor
3059 2300 3212 2350 suus,
3237 2293 3289 2339 et
3317 2299 3511 2339 servus

1922 2385 2062 2442 sicut
2122 2383 2372 2439 dominus
2403 2396 2552 2436 suus.
2588 2399 2605 2430 ι
2645 2379 2813 2434 Docet
2838 2378 2940 2432 hoc
2985 2379 3100 2431 loco
3131 2373 3381 2430 ferendas
3431 2378 3513 2428 iu-

1919 2478 2112 2544 jurias.
2145 2475 2277 2529 Nam
2307 2474 2350 2528 si
2392 2487 2491 2543 ego
2523 2481 2823 2542 prmceptor
2855 2480 2908 2524 et
2941 2467 3202 2522 Dominus
3250 2466 3505 2524 sustinui.

1927 2568 2096 2622 multo
2124 2567 2297 2635 magis
2332 2579 2427 2619 vos
2461 2561 2708 2631 discipuli
2742 2569 2798 2616 et
2843 2561 3006 2615 servi.
3056 2557 3367 2626 Interrogas
3409 2571 3511 2608 au-

1928 2671 2034 2713 tem
2067 2658 2335 2728 quomodo
2371 2654 2526 2718 dicit,
2559 2651 2675 2708 Non
2704 2661 2786 2707 est
2821 2650 3116 2720 discipulus
3169 2665 3330 2718 supra
3367 2665 3508 2716 prat-

1925 2761 2221 2820 ceptorem,
2272 2763 2394 2803 cum
2443 2746 2721 2802 videamus
2762 2744 2960 2798 multos
3024 2740 3318 2812 discipulos
3372 2757 3511 2807 prae-

1929 2845 2238 2914 ceptoribus
2281 2839 2606 2896 antecellere
2630 2839 2653 2892 ?
2678 2836 2917 2906 lntellige
2949 2835 3114 2906 igitur
3147 2835 3292 2904 quod
3335 2833 3508 2885 donec.

1931 2937 2131 2994 fuerint
2157 2933 2430 3005 discipuli,
2467 2933 2705 2986 minores
2739 2929 2846 3000 50
2879 2937 3038 2983 erunt
3066 2925 3509 2996 praeceptoribus.

1932 3027 2072 3096 quod
2101 3029 2142 3080 si
2171 3023 2581 3096 praestantiores
2611 3021 2830 3086 fuerint,
2867 3034 2976 3074 non
3005 3026 3167 3072 erunt
3203 3015 3314 3085 jam
3345 3015 3512 3069 disci-

236 3099 435 3172 ὥσπερ
463 3101 557 3156 καὶ
579 3105 603 3155 ό
629 3101 833 3168 δοῦλυς,
863 3103 967 3167 ἕως
998 3103 1064 3157 ἂν
1146 3104 1350 3172 δοῦλος,
1372 3106 1471 3159 οὐκ
1504 3104 1651 3159 ἔστιν
1685 3107 1822 3179 ὑπὲρ

1933 3119 2042 3187 puli
2078 3135 2091 3172 :
2124 3115 2582 3186 quemadmodum
2611 3122 2666 3168 et
2688 3127 2885 3167 servus
2915 3108 3159 3180 quanditt
3195 3118 3278 3167 εει
3301 3122 3515 3170 εει-γης,

237 3192 336 3245 τὸν
361 3192 549 3263 κύριον
583 3194 772 3250 αὐτοῦ.

321 3303 341 3336 ι
378 3286 439 3339 Ei
465 3286 555 3338 τὸν
613 3287 999 3361 οἰκοδεσπότην
1069 3290 1396 3355 Βεελζεϐοὺλ
1451 3294 1822 3359 ἁπεκάλεσαν,

242 3377 401 3447 πόσῳ
437 3377 638 3445 μᾶλλον
668 3380 796 3442 τοὺς
824 3381 1102 3444 οίκιακοὺς
1122 3383 1320 3449 aurati;
1380 3385 1472 3456 Μὴ
1530 3383 1624 3440 οὖν
1655 3388 1826 3457 φοϐηο

241 3467 380 3536 θῆτε
431 3469 668 3533 αὐτοὺς,
702 3471 856 3523 οὐδὲν
883 3473 990 3545 γάρ
1039 3473 1157 3527 ἐστι
1202 3476 1622 3546 κεκαλυμμένον
1675 3478 1703 3530 ὃ
1727 3480 1829 3534 οὐκ

242 3557 794 3630 ἀποκαλυφθήσεται,
821 3563 915 3614 καὶ
941 3563 1180 3632 κρυπτὸν
1202 3563 1229 3616 ὃ
1269 3565 1328 3617 ού
1367 3567 1770 3638 γνωσθήσεται.
1807 3592 1822 3622 ι

245 3651 702 3722 ηαραμυθείσθε,
739 3654 925 3724 φησὶν,
959 3655 1068 3710 ἀπὸ
1097 3656 1204 3708 τῶν
1228 3658 1378 3727 ὲμῶν
1405 3675 1419 3689 ο
1483 3661 1532 3712 εἰ
1573 3662 1682 3732 γὰρ
1729 3664 1830 3732 ἐμὲ

245 3743 488 3814 ἄρχοντα
517 3743 625 3797 ’τῶν
655 3745 949 3815 δαιμονίων
981 3749 1269 3815 ἐκάλεσαν,
1314 3749 1368 3802 τί
1406 3751 1580 3806 δεινὸν
1609 3757 1656 3806 εί
1689 3755 1831 3825 ὑμᾶς

242 3837 564 3892 διαϐαλοῦσι
591 3839 717 3900 τοὺς
744 3839 976 3902 οἰκείους
995 3841 1118 3910 ἐμοί
1145 3859 1158 3904 ;
1186 3843 1481 3906 Οίκιακοὺς
1503 3846 1613 3916 γὰρ
1638 3849 1835 3912 αὐτοὺς

245 3933 530 3987 ἐκάλεσεν.
564 3933 706 3989 Ἀλλ’
734 3934 796 3986 ού
827 3934 1067 4002 δούλους,
1089 3936 1188 4005 τὴν
1220 3939 1355 4008 πρὸς
1387 3941 1586 4004 αὐτοὺς
1620 3943 1836 4006 δεικνὺς

244 4026 582 4097 οίκειότητα.
633 4025 796 4079 Ἀλλὰ
819 4025 1094 4099 Θαρῤεἰτε.
1126 4030 1198 4082 Ού
1231 4030 1337 4101 γὰρ
1390 4032 1422 4102 ὴ
1453 4033 1680 4102 ἀλήθεια
1707 4052 1837 4104 συγ-

246 4117 611 4190 κρυϐήσεται,
637 4117 753 4169 ἀλλ’
781 4118 808 4169 ὁ
835 4118 1026 4188 χρόνος
1061 4119 1224 4185 δείξει
1269 4123 1363 4176 καὶ
1384 4123 1483 4194 τὴν
1516 4125 1670 4196 ύμῶν
1701 4129 1836 4197 ἀρε.

247 4210 373 4281 τὴν,
400 4210 496 4264 καὶ
519 4209 618 4281 τὴν
649 4209 760 4262 τῶν
786 4210 1186 4267 διαϐαλλόντων
1236 4214 1458 4280 κακίαν,
1490 4217 1552 4269 ού
1584 4220 1691 4289 γάρ
1721 4222 1836 4276 ἔστι

248 4303 496 4373 κρυπτὸν
522 4302 550 4355 ὂ
576 4301 638 4354 ού
668 4301 1043 4373 γνωσθήσεται
1064 4320 1077 4334 ο
1111 4304 1253 4358 ὥστε
1271 4307 1324 4358 εί
1348 4307 1442 4361 καὶ
1467 4307 1835 4378 διαϐαλοῦσιν,

246 4393 367 4450 ἀλλ’
410 4391 637 4463 ὕστερον
666 4392 982 4462 γνωριοῦσικ
1019 4392 1186 4462 ὑμᾶς.

328 4605 349 4638 α
385 4587 451 4640 '0
473 4585 617 4653 λέγω
643 4586 771 4654 ύμῖν
801 4586 858 4637 ὲν
882 4587 947 4655 τῇ
989 4584 1201 4654 σκοτίᾳ,
1243 4582 1431 4636 εἴπατε
1478 4583 1536 4635 ὲν
1569 4582 1646 4652 τῷ
1679 4584 1837 4652 φωτί.

249 4676 415 4732 Καὶό
442 4679 522 4739 είς
553 4676 613 4729 τὸ
650 4675 744 4739 οὓς
766 4675 1017 4738 ἀκούετε,
1073 4675 1347 4746 κηρύξατε
1389 4674 1481 4726 ἐπὶ
1516 4673 1625 4727 τῶν
1657 4676 1840 4746 δωμά-

247 4784 382 4822 των.
413 4784 432 4818 ι
473 4765 673 4834 "Amp,
709 4766 865 4832 φησὶ,
907 4765 1092 4833 μόνοις
1124 4763 1252 4832 ύμῖν
1309 4755 1484 4827 εἷπον,
1533 4763 1627 4815 καὶ
1655 4764 1714 4816 ὲν
1761 4766 1841 4818 ἑνὶ

248 4859 428 4928 τύπῳ,
457 4855 616 4911 τοῦτο
645 4857 756 4927 γάρ
791 4859 905 4910 ἐστι
929 4856 992 4909 τὸ
1013 4855 1149 4926 πρὸς
1182 4855 1242 4908 τὸ
1281 4851 1373 4918 οὖς
1401 4854 1494 4908 καὶ
1523 4857 1580 4909 ὲν
1613 4859 1678 4926 τῇ
1710 4873 1839 4911 σκο-

249 4948 534 5019 ﬁgurati
586 4948 902 5021 παρρησίας
954 4947 1199 5012 suam:
1253 4947 1345 5000 καὶ
1413 4947 1836 5017 μεγαλοφὼνως,

251 5042 398 5094 ὥστε
425 5038 633 5102 πάντας
669 5039 890 5100 ἀκούειν
939 5038 1114 5108 ὑμῶν.
1152 5038 1309 5091 Ἐπεὶ
1362 5037 1418 5090 δὲ
1448 5041 1513 5108 τῇ
1555 5041 1840 5111 παρρησίᾳ

250 5134 479 5186 ἕπονται
502 5131 595 5184 καὶ
624 5130 879 5192 κλίώυνοι,
911 5131 1109 5198 ἐπάγει
1145 5147 1158 5161 ·

331 5243 353 5275 ι
397 5223 506 5277 Καὶ
561 5221 634 5292 μὴ
670 5222 944 5294 φοϐηθῆτε
999 5222 1108 5276 ἀπὸ
1159 5223 1267 5276 τῶν
1314 5223 1748 5279 ἀποκτεινόντων
1779 5227 1840 5280 τὸ

255 5316 440 5383 σῶμα,
473 5313 571 5381 τὴν
611 5313 668 5366 δὲ
694 5313 874 5385 ψυχὴν
906 5313 980 5384 μὴ
1012 5314 1325 5384 δυναμένων
1359 5315 1701 5382 ἀποκτεῖναι,
1739 5335 1838 5386 φο-

255 5407 461 5477 ϐήθητε
489 5406 545 5460 δὲ
576 5406 777 5476 μᾶλλον
805 5406 895 5458 τὸν
920 5405 1218 5474 δυνάμενον
1235 5407 1328 5459 καὶ
1355 5406 1532 5478 ψυχήν
1554 5407 1649 5460 καὶ
1679 5408 1844 5478 σῶμα

254 5498 526 5552 ἀπολέσαι
553 5499 609 5550 ὲν
625 5499 838 5571 γεέννῃ.
857 5517 875 5550 ι
910 5497 1162 5551 Διδάσκει
1190 5501 1284 5551 καὶ
1302 5497 1537 5552 θανάτου
1564 5517 1837 5570 καταφρο-

256 5590 368 5643 νεῖν
390 5605 405 5619 ·
448 5588 800 5659 φοϐερωτέρα
824 5589 954 5658 γὰρ,
989 5591 1176 5658 φησὶν,
1213 5591 1245 5660 ὴ
1273 5592 1330 5643 ὲν
1370 5591 1565 5663 γεέννῃ
1587 5591 1838 5655 κόλασις.

255 5682 302 5733 οἱ
338 5679 436 5749 μὲν
475 5681 583 5752 γὰρ
639 5680 993 5744 θανατοῦντες
1060 5681 1228 5751 μόνης
1311 5682 1513 5753 σαρκδς
1561 5683 1840 5736 ποιοῦνται

262 5772 488 5844 pingiu,
529 5773 622 5841 τὴν
651 5771 705 5825 δέ
736 5773 912 5842 ψυχὴν
961 5773 1120 5844 τυχδν
1154 5775 1242 5826 καὶ
1271 5775 1654 5844 εὐεργετοῦσιν
1675 5791 1686 5802 ’
1729 5778 1754 5828 ὁ
1786 5775 1843 5828 δὲ

1929 3226 2034 3266 non
2067 3213 2172 3264 erit
2195 3223 2357 3278 supra
2393 3208 2668 3262 dominum
2697 3220 2877 3262 suum.

2001 3301 2164 3357 Vens.
2193 3302 2282 3364 25.
2325 3300 2414 3355 26.
2452 3319 2470 3352 ι
2514 3298 2570 3354 Si
2631 3300 2806 3370 ipsum
2864 3297 3313 3368 patremfamilias
3356 3310 3517 3348 voca.

1930 3401 2126 3448 verunt
2157 3391 2486 3456 Beelzebub,
2529 3399 2732 3459 quanto
2769 3389 2940 3458 magis
2972 3387 3300 3444 domesticos
3325 3386 3468 3439 illitis
3498 3384 3523 3436 ἲ

1931 3484 2009 3538 Ne
2038 3483 2204 3554 igitur
2232 3482 2466 3536 timeatis
2489 3494 2584 3535 eos
2615 3494 2628 3531 :
2665 3479 2800 3544 nihil
2829 3479 2976 3534 enim
3004 3488 3089 3533 est.
3115 3487 3344 3541 tectum,
3373 3477 3519 3544 quod

1936 3593 2039 3632 non
2079 3577 2151 3630 sit
2189 3573 2541 3643 retegendum
2574 3589 2588 3626 :
2619 3581 2671 3626 et
2701 3570 2831 3624 nihil
2880 3569 3153 3626 occultum
3189 3569 3320 3638 quin
3359 3567 3520 3640 .futu-

1936 3682 2052 3722 rum
2086 3675 2145 3720 ut
2176 3666 2402 3720 sciatur.
2437 3683 2455 3715 ι
2497 3661 2958 3726 Consolationem,
2997 3661 3193 3730 inquit,
3226 3661 3461 3731 accipite
3494 3677 3524 3728 av
3567 3723 3574 3732 π

1937 3772 2043 3810 me.
2079 3755 2134 3809 Si
2185 3754 2333 3810 enim
2371 3768 2459 3807 me
2491 3751 2791 3822 principem
2845 3751 3234 3806 daemoniorum
3290 3765 3521 3805 vocave-

1938 3858 2085 3911 runt,
2116 3847 2435 3930 qnidgrare
2460 3846 2504 3900 si
2537 3852 2591 3899 et
2615 3859 2715 3900 vos
2742 3843 3040 3898 familiares
3080 3857 3229 3898 meos
3259 3841 3525 3898 cenviciis

1941 3950 2124 3995 laxent
2152 3941 2184 3994 ?~
2209 3938 2546 3994 Domesticos
2596 3938 2850 3998 vocavit.
2919 3952 3024 3992 non
3076 3949 3260 3991 autem
3313 3951 3522 3996 servos,

1939 4048 2093 4088 suam
2127 4046 2256 4102 erga
2287 4031 2406 4088 illos
2434 4031 2719 4086 declarans
2761 4031 3212 4086 familiaritatem.
3254 4028 3360 4084 Sed
3391 4044 3522 4083 ron-

1940 4120 2111 4187 fidite,
2143 4121 2350 4177 veritas
2387 4135 2494 4176 non
2549 4121 2930 4184 occultabitur,
2969 4121 3062 4175 sed
3123 4131 3336 4190 tempus
3375 4134 3530 4173 reve-

1944 4211 2154 4266 labitet
2180 4217 2416 4265 vestram
2453 4210 2732 4276 virtutem,
2784 4220 2835 4266 et
2879 4210 3308 4265 conviciatorum
3366 4207 3524 4262 mali-

1945 4303 2096 4358 tiam.
2130 4302 2274 4358 Nihil
2304 4301 2449 4358 enim
2481 4310 2566 4358 est
2610 4301 2908 4368 occultum,
2944 4302 3085 4370 quod
3140 4316 3244 4356 non
3293 4301 3522 4356 sciatur.

1944 4394 2096 4450 Licet
2150 4393 2314 4464 igitur
2363 4409 2509 4448 nunc
2569 4393 2896 4458 traducant,
2942 4401 3122 4448 tamen
3195 4404 3382 4464 postea
3435 4409 3534 4447 vos

1873 4493 1917 4548 1)
1946 4487 2109 4542 etiam
2142 4485 2318 4541 claros
2352 4484 2598 4540 reddent.

2020 4579 2180 4635 Vens.
2211 4579 2303 4635 27.
2345 4597 2364 4630 ι
2401 4578 2552 4645 Quod
2580 4578 2700 4634 dico
2727 4578 2881 4635 vobis
2910 4581 2962 4634 in
3004 4580 3261 4652 tenebris,
3291 4582 3395 4637 hoc
3440 4585 3528 4637 di-

1943 4674 2049 4728 cite
2089 4672 2141 4726 in
2175 4671 2293 4726 luce
2325 4687 2339 4725 :
2367 4671 2588 4741 etquod
2619 4671 2671 4725 in
2723 4687 2914 4727 aurem
2961 4674 3181 4737 auditis,
3235 4673 3531 4742 praedicante

1944 4765 1996 4817 in
2035 4765 2212 4820 tectis.
2264 4780 2283 4813 ι
2325 4759 2381 4816 Id
2402 4762 2544 4830 quod
2577 4775 2822 4816 seorsum
2871 4762 2981 4816 dixi
3039 4763 3210 4826 vobis,
3249 4775 3304 4819 et
3340 4766 3393 4818 in
3424 4781 3527 4816 ιιιιο

1941 4857 2081 4920 loco,
2117 4858 2219 4910 hoc
2245 4869 2330 4911 est
2351 4854 2590 4919 enim,in
2620 4868 2805 4910 aurem
2859 4864 2913 4909 et
2950 4854 3294 4923 intenebris,
3360 4857 3530 4912 fiden-

1945 4961 2026 5005 ter
2063 4951 2253 5005 docete
2306 4957 2362 5002 et
2395 4961 2592 5018 magna
2627 4960 2782 5014 voce,
2835 4946 2908 5001 ita
2940 4955 3000 5001 ut
3048 4961 3238 5003 omnes
3289 4964 3385 5004 vos
3434 4965 3528 5003 au-

1944 5043 2113 5096 diant.
2156 5039 2290 5107 Quia
2351 5047 2531 5094 autem
2584 5038 2798 5095 dicendi
2849 5040 3162 5094 libertatem
3206 5051 3255 5095 et
3293 5042 3528 5110 pericula

1943 5141 2268 5200 sequuntur,
2301 5128 2484 5185 subdit
2522 5149 2534 5184 :

2016 5223 2180 5278 Vnus.
2207 5223 2301 5280 28.
2343 5243 2362 5278 ι
2403 5223 2470 5279 Ει
2530 5239 2596 5281 ne
2651 5225 2883 5280 timeatis
2917 5225 2984 5279 ah
3019 5223 3105 5280 his
3134 5225 3223 5294 qui
3275 5227 3531 5281 occidunt

1947 5331 2182 5384 corpus,
2237 5317 2477 5371 animam
2531 5324 2712 5371 autem
2771 5329 2880 5370 non
2930 5325 3159 5386 possunt
3228 5318 3527 5372 occidere:

1947 5408 2132 5463 timete
2153 5419 2334 5463 autem
2373 5408 2545 5478 magis
2584 5421 2707 5461 eum
2741 5408 2831 5476 qui
2879 5415 3060 5476 potest
3084 5417 3139 5462 et
3183 5409 3424 5462 animam
3479 5417 3532 5462 et

1944 5514 2140 5569 corpus
2175 5501 2402 5569 perdere
2449 5499 2500 5551 iu
2551 5499 2871 5569 gehennam.
2939 5519 2955 5551 ι
2996 5498 3161 5553 Docet
3197 5509 3250 5554 ct
3297 5509 3526 5554 mortem

1946 5591 2413 5645 contemnendam.
2449 5589 2770 5643 Terribilius
2815 5591 2984 5654 enim,
3023 5590 3222 5660 inquit,
3266 5591 3528 5660 gehennae

1947 5681 2266 5750 supplicium
2310 5690 2414 5736 cst.
2449 5679 2552 5745 Qui
2596 5681 2739 5735 enim
2772 5681 3050 5742 occidunt,
3098 5682 3273 5736 solum
3331 5697 3531 5750 corpus

1951 5775 2278 5841 destruunt,
2348 5776 2540 5829 anima:
2601 5783 2779 5828 autem
2847 5773 3091 5829 fortassis
3161 5774 3509 5831 benefaciuut
