4080 6336
200 446 308 511 ‘269

812 434 1262 501 ENARRATIO
1297 433 1383 492 ΙΝ
1421 424 1802 491 ενΑΝοΕω

1912 423 1930 482 ι
1970 415 2359 480 ΜΛΤΤΠᾹΞῙ.
2398 438 2443 448 -υ
2488 412 2648 477 CAP.
2692 413 2830 474 ΧΠ.

3388 411 3501 479 tiu

202 562 332 635 ὁμὴ
368 559 617 627 συνάγων
653 555 769 627 μετ’
801 551 958 625 ἐμοῦ,
994 548 1299 623 σκορπίζει.
1353 568 1369 598 ι
1421 546 1566 609 Πῶς,
1600 546 1788 613 φησὶν,

1912 547 1947 593 ει
1967 536 2057 606 qui
2087 549 2191 588 non
2215 530 2420 599 colligit
2449 542 2681 592 mecum,
2709 527 2989 600 dispergit.
3025 546 3042 579 ι
3066 528 3374 594 Quomodo,
3415 532 3494 586 in-

206 656 237 708 6
276 650 608 717 Βεελζεϐοἰιλ
650 647 844 718 ἔμελλέ
890 663 982 714 μοι
1014 645 1313 713 συνεργεῖν,
1350 641 1409 703 ὃς
1436 639 1792 706 ἀντιπράττει

214 766 304 818 μοι
339 747 542 818 μᾶλλον
570 764 583 807 ;
624 742 766 811 Ἐγὼ
802 741 901 811 μὲν
928 739 1037 808 γὰρ
1060 738 1261 809 ἀρετὴν
1294 736 1554 795 διδάσκω,
1587 734 1793 793 ἐκεῖνος

204 842 262 895 δὲ
292 840 509 894 κακίαν.
556 836 678 898 Πῶς
705 834 797 888 οὖν
822 837 938 886 ἐστι
975 831 1093 902 μετ’
1125 828 1260 900 ἐμοῦ
1286 846 1300 895 ;
1336 826 1508 894 Κάγὼ
1536 826 1635 896 μὲν
1666 841 1793 877 συν-

209 934 327 1000 αγω
385 931 512 992 τοὺς
572 926 903 997 ἀνθρώπους
970 927 1052 985 εὶς
1104 922 1404 991 σωτηρίαν,
1465 922 1677 982 ἐκεῖνος
1735 918 1793 971 δὲ

211 1020 498 1095 σκορπίζει
521 1036 535 1050 ·
591 1020 890 1075 αἰνίττεται
936 1018 999 1071 δὲ
1034 1018 1130 1069 καὶ
1166 1017 1293 1081 τοὺς
1328 1016 1680 1086 Φαρισαίους,
1710 1014 1793 1067 ὅτι

208 1114 373 1169 αὐτοῦ
410 1112 753 1176 διδάσκοντος
788 1110 880 1164 καὶ
928 1108 1265 1179 ὠφελοῦντος
1306 1106 1555 1171 πολλοὺς,
1593 1107 1794 1159 ἐκεῖνοι

207 1206 561 1260 ἐσκεδάννυον
586 1204 679 1257 τὸν
708 1204 855 1269 λαὸν,
884 1201 1029 1255 ὥστε
1056 1203 1131 1272 μὴ
1173 1195 1578 1271 προσέρχεσθαι
1620 1197 1789 1267 αὐτῷ.

206 1299 493 1351 Δείκνυσιν
515 1294 611 1351 οὖν
642 1296 842 1358 αὐτοὺς
880 1293 1259 1365 δαιμονιώδεις
1289 1292 1367 1365 τῷ
1397 1291 1537 1345 ὄντι.

286 1412 305 1443 ι
341 1392 439 1444 Διὰ
467 1390 627 1445 τοῦτο
653 1390 798 1457 λέγω
826 1389 954 1458 ὑμῖν
978 1358 991 1416 Σ
1047 1388 1201 1440 Πᾶσα
1228 1358 1475 1456 ἀείαρτία
1506 1384 1598 1437 καὶ
1632 1383 1796 1453 βλασ-

207 1483 390 1553 φημία
418 1482 753 1551 ἀφεθήσεται
767 1482 882 1542 τοῖς
908 1477 1300 1548 hominum
1329 1476 1387 1529 δὲ
1413 1475 1508 1528 τοῦ
1535 1475 1792 1544 Πνεῦμα-

206 1591 299 1636 to;
357 1573 678 1643 βλασφημία
740 1572 841 1624 οὐκ
893 1569 1229 1639 ἀφεθήσεται
1296 1568 1409 1629 τοῖς
1462 1564 1792 1635 ἀνθρώποις.

208 1668 319 1720 Καὶ
346 1666 404 1729 δς
439 1666 535 1718 ἐὰν
566 1667 697 1736 εἴπῃ
723 1663 882 1731 λόγον
913 1663 1053 1716 κατὰ
1074 1661 1165 1713 τοῦ
1190 1659 1321 1713 Υίοῦ
1352 1659 1444 1712 τοῦ
1477 1657 1791 1728 ἀνθρώπου,

208 1755 550 1825 ἀφεθήσεται
584 1753 732 1825 αὖτῷ
753 1772 766 1784 ·
788 1753 847 1817 ὃς
872 1753 915 1805 δ’
936 1753 1001 1805 ἂν
1034 1754 1165 1825 εἴπῃ
1186 1750 1327 1803 κατὰ
1350 1751 1443 1803 τοῦ
1476 1749 1796 1819 Πνεύματος

207 1847 306 1901 τοῦ
354 1848 532 1916 ἁγίου,
586 1847 686 1900 οὐκ
741 1845 1081 1915 ἀφεθήσεται
1121 1843 1288 1914 αὐτῷ
1332 1843 1457 1895 οὔτε
1491 1846 1548 1897 ἐν
1580 1841 1657 1911 τῷ
1701 1842 1795 1894 νῦν

1897 629 2035 699 quit,
2071 625 2375 680 Beelzebub
2405 623 2536 676 mihi
2569 630 2959 691 cooperatnrns
2990 632 3095 687 cst,
3129 622 3221 691 qui
3271 633 3495 677 contra-

1900 722 2041 773 rium
2070 720 2203 772 mihi
2244 716 2544 786 operatur?
2576 715 2690 785 Ego
2728 705 2948 785 quidem
3018 714 3273 770 virtutem
3299 715 3492 780 doceo,

1900 813 1992 866 ille
2040 821 2219 865 autem
2264 808 2551 871 malitiam,
2601 808 2876 876 quomodo
2928 805 3093 876 igitur
3124 815 3209 860 est
3242 807 3497 862 mecum?

1900 904 1968 958 Et
2010 918 2111 973 ego
2142 902 2365 972 quidem
2410 913 2685 969 congrego
2724 897 2975 953 homines
3008 900 3074 953 ad
3110 896 3367 964 salutem,
3405 898 3499 952 ilvle

1900 1007 2081 1051 autem
2114 993 2393 1064 dispergit.
2447 990 2613 1047 Notat
2661 999 2845 1044 autem
2882 988 3210 1052 Pharisazos,
3246 989 3393 1060 quod
3436 1003 3499 1043 se

1897 1094 2131 1148 docente
2182 1099 2241 1146 et
2276 1088 2462 1143 multis
2487 1086 2745 1155 prodesse
2771 1084 3047 1154 cupiente,
3085 1083 3185 1152 ipsi
3216 1082 3501 1153 disperge-

1901 1195 2023 1239 rent
2062 1183 2316 1253 pupulum
2365 1180 2465 1243 ita,
2520 1194 2587 1233 ne
2625 1180 2948 1232 accederent
2994 1177 3060 1229 ad
3091 1190 3171 1231 se.
3210 1173 3370 1231 Unde
3402 1188 3498 1232 os-

1902 1277 2074 1331 tendit
2095 1290 2195 1330 eos
2221 1288 2408 1336 revera
2443 1271 2729 1327 duliianiis
2764 1269 2975 1338 plenos.

1974 1372 2137 1426 V’sns.
2158 1366 2622 1439 51,τ›21‹1‹1οἰωο
2651 1366 2772 1423 dico
2795 1366 2982 1421 vobis:
3012 1363 3189 1421 Omne
3209 1373 3499 1434 peccatum

1900 1478 1953 1524 et
1982 1468 2290 1524 convicium
2321 1466 2631 1519 remittetur
2656 1461 2991 1526 hominibus,
3025 1472 3078 1515 at
3104 1461 3501 1517 con’vicium'in

1900 1555 2164 1624 Spiritum
2209 1566 2459 1609 sanctum
2522 1567 2626 1607 non
2689 1550 3001 1607 remittetur
3050 1548 3379 1605 hominibus.
3436 1548 3505 1604 Et

1898 1650 2146 1719 quisquis
2194 1650 2396 1704 dixerit
2429 1647 2654 1703 verbum
2705 1647 2967 1702 adversus
2999 1644 3195 1701 Filium
3236 1645 3497 1706 hominis.

1902 1742 2211 1815 remittetur
2238 1742 2317 1795 illi
2345 1764 2356 1795 :
2389 1742 2483 1811 qui
2506 1751 2687 1795 autem
2715 1740 2915 1795 dixerit
2939 1742 3201 1795 adversus
3228 1732 3497 1809 Spiritum

1900 1844 2172 1897 sanctum.
2209 1850 2321 1890 non
2356 1836 2668 1889 remittetur
2693 1834 2766 1897 ei,
2815 1846 2993 1902 neque
3031 1832 3085 1886 in
3112 1833 3368 1901 praesenti
3399 1846 3503 1888 sa-

209 1938 396 2001 αἰῶνι,
421 1936 547 1991 οὔτε
576 1938 634 1990 ὲν
674 1934 753 2005 τῷ
780 1934 1048 2006 μέλλοντι.
1090 1954 1107 1984 ι
1145 1934 1318 1987 Τοῦτο
1347 1932 1589 1985 ἐνταῦθα
1619 1932 1790 1999 λέγει,

1912 1929 2051 1993 :ulo,
2079 1942 2255 1997 neque
2280 1927 2335 1980 in
2373 1924 2578 1980 futuro.
2618 1940 2640 1977 ι
2678 1924 2822 1979 Dicit
2848 1924 2959 1978 hoc
3002 1922 3122 1979 loco
3150 1938 3313 1978 omne
3344 1922 3499 1977 aliud

204 2032 294 2084 ὅτι
328 2032 477 2084 πᾶσα
510 2028 611 2100 μὲν
658 2028 791 2097 ἄλλη
826 2026 1093 2099 ἁμαρτία,
1128 2027 1236 2079 κᾶν
1283 2028 1487 2097 μικρὰν
1516 2026 1647 2093 γοῦν
1681 2026 1794 2094 ἔχει

208 2124 538 2191 ἀπολογίαν,
578 2116 689 2175 οἷον
719 2121 967 2191 πορνεία,
999 2121 1197 2190 κλοπή.
1226 2120 1664 2189 Καταφεὺγομεν
1688 2120 1797 2188 γὰρ

214 2220 295 2280 είς
325 2217 425 2286 τὴν
453 2215 803 2285 ἀνθρωπίνην
838 2214 1148 2280 ἀσθένειαν,
1184 2214 1277 2266 καὶ
1326 2211 1796 2282 συγγνωστότεροί

211 2310 402 2379 ἐσμεν.
432 2308 599 2361 Ὅταν
632 2308 689 2361 δὲ
723 2324 805 2370 τις
834 2307 1009 2377 βλέπῃ
1029 2306 1286 2377 Θαύματα
1307 2306 1395 2359 διὰ
1425 2305 1518 2358 τοῦ
1544 2305 1798 2375 Πνεῦμα·

209 2416 302 2463 τος
336 2398 659 2469 τελούμενα,
690 2398 782 2452 καὶ
804 2397 1068 2468 διαϐάλλῃ
1096 2398 1271 2452 ταῦτα
1296 2398 1371 2459 ώς
1398 2397 1505 2449 ὑπὸ
1544 2396 1798 2465 δαίμονος

209 2494 499 2562 γινόμενα,
554 2493 714 2546 ποίαν
785 2492 900 2556 ἕξει
946 2486 1102 2555 οὗτος
1148 2491 1479 2558 ἁπολογίαν;
1525 2490 1799 2560 Πρόδηλον

211 2584 323 2655 γὰρ
350 2584 434 2638 ὅτι
456 2580 565 2638 οἵδε
599 2585 698 2653 μὲν
737 2584 819 2637 ὅτι
848 2584 957 2637 ἀπὸ
984 2584 1303 2653 Πνεύματος
1331 2583 1491 2651 ἁγίου
1535 2585 1799 2651 γίνονται.

209 2675 532 2730 ἐθελοκακεῖ
585 2676 662 2730 δέ.
710 2675 832 2737 Πῶς
885 2670 979 2729 οὖν
1031 2676 1061 2727 ό
1110 2674 1355 2739 τοιοῦτος
1414 2676 1799 2742 συγγνωστόςς

208 2767 389 2821 Ὅταν
422 2766 522 2836 μὲν
551 2766 649 2821 οὖν
672 2766 901 2821 ἔϐλεπον
925 2768 977 2820 οι
1016 2766 1254 2820 Ἰουδαῖοι
1296 2766 1387 2819 τὸν
1416 2765 1623 2834 Κύριον
1662 2767 1805 2838 τρώ-

213 2876 385 2927 γοντα
416 2860 511 2913 καὶ
562 2860 810 2923 πίνοντα,
844 2860 940 2913 καὶ
967 2861 1110 2930 μετὰ
1142 2858 1394 2913 τελωνῶν
1421 2859 1675 2929 διάγοντα
1708 2861 1804 2915 καὶ

216 2951 457 3022 πορνῶν,
487 2953 583 3004 καὶ
612 2951 782 3006 τᾶλλα
815 2953 994 3006 πάντα
1029 2951 1104 3015 ὡς
1134 2952 1259 3005 Υἰδν
1288 2951 1582 3024 ἀνθρώπου
1626 2953 1803 3023 πράτ-

211 3059 405 3109 τοντα,
431 3038 552 3097 εἶτα
573 3044 852 3098 διέϐαλλον
879 3045 1045 3098 αὐτὸν
1065 3046 1141 3109 ὡς
1174 3046 1351 3114 φάγον
1371 3047 1468 3099 καὶ
1490 3048 1800 3117 οἰνοπότην,

214 3135 363 3207 ὑπὲρ
406 3136 598 3189 τούτου
636 3135 968 3207 συγγνώμης
1003 3137 1165 3204 ἄξιοι,
1220 3148 1314 3192 και
1351 3138 1475 3193 οὐδὲ
1512 3140 1807 3209 μετάνοιαν

1898 2028 2182 2088 peccatum
2229 2016 2311 2071 vel
2342 2030 2566 2087 parvam
2601 2015 2795 2070 saltem
2822 2014 3033 2070 habere
3059 2015 3502 2079 excusationem.

1900 2119 2088 2179 utpote
2120 2109 2537 2172 scortstionem,
2574 2106 2782 2163 furtum
2818 2125 2831 2160 :
2867 2105 3214 2176 confugimus
3240 2104 3385 2160 enim
3432 2106 3502 2159 ad

1901 2186 2195 2257 humanam
2233 2200 2632 2265 inﬁrmitatem,
2662 2209 2716 2254 et
2753 2201 2811 2252 tit
2840 2198 3011 2253 venia:
3044 2197 3197 2253 locus
3228 2218 3241 2254 :
3277 2197 3504 2269 quando

1908 2306 2091 2351 autem
2122 2296 2246 2363 quis
2271 2295 2468 2349 viderit
2504 2292 2767 2347 miracula
2816 2306 2912 2362 per
2952 2290 3215 2362 Spiritum
3244 2300 3504 2347 sanctum

1904 2388 2044 2450 fieri.
2078 2397 2131 2443 et
2164 2388 2502 2443 accusaverit
2542 2400 2605 2441 ea
2626 2386 2787 2455 quasi
2821 2400 2850 2438 a
2882 2383 3102 2438 diabolo
3137 2381 3284 2438 facta
3314 2400 3329 2438 :
3366 2395 3505 2452 qua-

1902 2480 2011 2536 lem
2043 2482 2329 2537 habiturus
2356 2480 2548 2537 estille
2574 2477 3020 2534 excusationem?
3050 2476 3394 2533 Manifestum
3418 2487 3505 2531 est

1904 2574 2048 2629 enim
2072 2574 2215 2630 scire
2233 2588 2358 2632 eum
2390 2575 2535 2644 quod
2572 2589 2599 2627 a
2628 2572 2833 2643 Spiritu
2863 2583 3056 2629 sancto
3092 2572 3243 2637 nant,
3275 2584 3373 2626 sua
3407 2584 3507 2624 au-

1907 2681 2015 2727 tem
2039 2682 2236 2736 sponte
2252 2671 2396 2726 male
2409 2670 2623 2741 operari
2652 2688 2667 2723 :
2692 2670 2967 2738 quomodo
3002 2666 3173 2737 igitur
3204 2664 3331 2722 talis
3346 2667 3503 2723 venia

1904 2769 2097 2839 dignus
2115 2767 2257 2823 erit?
2281 2765 2466 2836 Itaque
2494 2764 2663 2820 Judai
2691 2763 2911 2833 quando
2946 2762 3199 2818 viderunt
3221 2761 3505 2817 Christum

1907 2860 2326 2928 manducantem
2358 2866 2414 2913 et
2445 2857 2746 2921 bibentem,
2788 2871 2852 2913 ac
2887 2867 3198 2912 versantem
3243 2870 3369 2911 cum
3402 2870 3506 2924 pu-

1906 2951 2138 3005 blicanis
2183 2961 2239 3005 et
2263 2948 2665 3014 meretricibus,
2709 2937 2927 3019 aliaque
2956 2948 3138 3003 omnia
3174 2962 3326 3003 more
3379 2945 3507 3003 Filui

1912 3045 2185 3109 hominis,
2215 3030 2530 3112 iacientem,
2580 3054 2634 3098 et
2678 3044 2874 3099 deinde
2919 3053 3227 3114 arguerunt
3276 3056 3400 3097 eum
3448 3052 3510 3096 ut

1908 3122 2285 3206 comedonem,
2319 3148 2377 3194 et
2411 3138 2523 3193 vini
2566 3146 2812 3208 potorem
2841 3154 2856 3190 :
2917 3136 2972 3191 in
3022 3138 3125 3191 hoc
3152 3143 3313 3190 erant
3351 3133 3511 3189 venia

215 3228 695 3299 ἀπαιτηθήσονται
720 3229 860 3299 ὑπὲρ
896 3229 1110 3284 τούτου.
1156 3230 1386 3285 Δοκοῦσι
1431 3231 1540 3302 γὰρ
1568 3232 1807 3300 εὐλόγως

1916 3229 2087 3301 digni,
2137 3240 2194 3285 et
2246 3245 2426 3301 neque
2454 3232 2775 3301 paenitentia
2807 3245 2974 3299 super
3014 3229 3120 3283 hoc
3168 3229 3238 3283 ab
3266 3227 3351 3282 cis
3399 3226 3501 3297 θ]

218 3321 697 3385 σκα-νδαλίζεσθαι.
748 3323 917 3377 Ὅταν
950 3322 1008 3376 δὲ
1043 3323 1336 3394 βλέποντες
1378 3324 1543 3377 αὐτὸν
1590 3325 1809 3395 θαυμα-

218 3411 581 3484 τουργοῦντα.
623 3414 905 3468 διέϐαλλον
949 3417 1041 3468 καὶ
1075 3415 1465 3487 ἐϐλασφήμουν
1494 3418 1556 3471 τὸ
1582 3415 1809 3487 Πνεῦμα

220 3506 285 3558 τὸ
309 3506 489 3574 ἅγιον,
511 3506 765 3574 λέγοντες
796 3509 929 3561 αὐτὸ
963 3508 1331 3578 δαιμονιῶδες
1358 3504 1523 3575 εἷναι,
1563 3510 1680 3573 πῶς
1709 3511 1812 3577 ἀφ-

217 3602 486 3669 εθήσεται
522 3602 681 3655 τοῦτο
705 3602 767 3656 τὸ
800 3603 1106 3674 ἁμάρτημα
1137 3604 1345 3668 αὐτοῖς,
1376 3604 1473 3658 ἐὰν
1509 3603 1585 3674 μὴ
1643 3621 1808 3673 μετα-

228 3693 539 3760 νοήσωσιν;
572 3692 738 3745 Ὥστε
769 3692 1009 3761 γίνωσκε
1038 3693 1114 3757 ὡς
1145 3695 1173 3747 ὀ
1205 3693 1306 3764 μὲν
1333 3695 1411 3758 εἰς
1438 3693 1534 3747 τὸν
1556 3694 1685 3747 Υίὸν
1709 3693 1803 3747 τοῦ

223 3781 518 3853 ἀνθρώπου
566 3781 927 3855 βλασφημῶν,
966 3783 1334 3853 ἀνθρωπικῶς
1365 3784 1546 3849 ζῶντα
1589 3785 1807 3857 βλέπων

221 3873 415 3937 αὐτὸν,
450 3873 545 3926 καὶ
586 3873 763 3941 λέγων
809 3874 973 3926 αὑτὸν
1013 3874 1167 3942 φίλον
1198 3874 1435 3946 πορνῶν,
1471 3878 1567 3931 καὶ
1613 3876 1811 3947 φάγον,

224 3963 326 4017 καὶ
370 3962 675 4031 οἰνοπότην,
720 3963 809 4015 διὰ
848 3963 911 4015 τὸ
940 3963 1116 4018 ταῦτα
1151 3966 1244 4017 τὸν
1282 3966 1522 4035 Χριστὸν
1559 3970 1752 4031 ποιεῖν,
1787 3971 1815 4020 ὁ

225 4055 475 4118 τοιοῦτος
504 4054 612 4108 κᾶν
663 4055 738 4127 μὴ
770 4058 1102 4128 μετανοήσῃ,
1146 4059 1210 4110 οὔ
1242 4056 1405 4111 δώσει
1451 4059 1593 4129 ὑπὲρ
1624 4060 1814 4113 τούτου

225 4147 392 4214 λόγον
415 4163 427 4175 ’
459 4142 896 4215 συγγινώσκεται
916 4147 1024 4219 γὰρ
1052 4148 1128 4212 ὡς
1162 4150 1236 4221 μὴ
1271 4152 1467 4221 νοήσας
1497 4151 1662 4203 αὑτὸν
1684 4151 1816 4205 Θεὸν

227 4244 369 4296 ὅντα
397 4244 641 4315 κρυπτὸν
661 4260 676 4274 ⁸
714 4245 743 4297 ὁ
784 4244 840 4297 δὲ
869 4246 949 4307 εἰς
978 4244 1039 4296 τὸ
1064 4242 1221 4310 αγιον
1270 4243 1518 4313 Πνεῦμα,
1568 4244 1689 4313 ἦτοι
1718 4243 1815 4306 τὰς

229 4336 614 4408 πνευματικὰς
642 4336 872 4406 πράξεις
897 4335 991 4390 τοῦ
1027 4335 1291 4407 Χριστοῦ,
1329 4334 1688 4406 βλασφημῶν,
1722 4336 1818 4390 καὶ

224 4430 410 4497 λέγων
461 4430 628 4492 αὑτὰς
676 4429 1075 4498 δαιμονιώδεις,
1110 4430 1205 4483 ἐὰν
1254 4431 1329 4501 μὴ
1383 4432 1717 4502 μετανοήσῃ,
1754 4431 1815 4481 οὑ

230 4520 718 4589 συγγνωσθήσεται
740 4536 752 4549 ·
792 4520 867 4590 μὴ
892 4523 1001 4591 γὰρ
1036 4519 1257 4588 εὔλογόν
1286 4538 1410 4573 τινα
1450 4519 1705 4591 ἀφορμὴν
1739 4521 1818 4583 εἰς

1914 3325 2185 3396 exigetur.
2230 3325 2573 3381 Videbantur
2610 3324 2758 3379 enim
2830 3322 3239 3378 rationabiliter
3280 3320 3510 3377 oﬂendi.

1913 3420 2146 3487 Quando
2193 3430 2374 3474 autem
2410 3420 2667 3474 viderunt
2717 3432 2841 3473 eum
2873 3417 3093 3487 operari
3138 3415 3422 3481 miracula,
3458 3428 3515 3471 et

1914 3522 2240 3581 arguerunt,
2272 3521 2327 3568 et
2352 3511 2801 3583 blasphemarunt
2822 3509 3091 3579 Spiritum
3120 3516 3392 3573 sanctum,
3425 3507 3514 3563 di-

1916 3615 2107 3661 centes
2137 3606 2242 3660 boc
2294 3605 2692 3659 damoniacum
2721 3618 2867 3663 esse.
2898 3602 3173 3672 quomodo
3201 3602 3516 3656 remittetur

1916 3697 2021 3751 hoc
2077 3704 2360 3766 peccatum
2413 3694 2518 3749 nisi
2580 3692 2961 3763 paenitentiam
3020 3689 3273 3761 egerint?
3319 3689 3387 3745 Et
3440 3693 3516 3747 ita

1915 3787 2067 3855 disce
2100 3784 2245 3857 quod
2275 3784 2366 3840 ille
2397 3786 2491 3855 qui
2530 3785 2878 3855 blasphemat
2900 3786 2956 3839 in
3003 3782 3199 3840 Filium
3246 3786 3512 3848 lteruinis,

1916 3877 2106 3933 videns
2163 3890 2289 3929 eum
2322 3874 2565 3930 humano
2597 3890 2751 3930 more
2797 3875 3003 3938 vivere,
3032 3882 3088 3929 et
3142 3874 3338 3929 dicens
3371 3893 3386 3930 :
3416 3872 3518 3931 llic

1918 3970 2327 4026 meretricarius
2361 3978 2471 4034 cst,
2494 3982 2661 4023 vorax
2688 3976 2743 4024 et
2773 3968 2883 4022 vini
2918 3978 3098 4038 potor,
3118 3969 3244 4022 dum
3262 3967 3517 4022 Christus

1918 4064 2019 4119 hoc
2047 4061 2212 4118 facit:
2250 4061 2371 4116 talis
2397 4063 2503 4117 etsi
2526 4076 2631 4116 non
2661 4061 2948 4130 pteniteat,
2973 4060 3041 4114 de
3066 4060 3170 4116 hoc
3193 4075 3300 4114 non
3327 4059 3519 4115 reddet

1916 4157 2208 4213 rationem.
2267 4156 2491 4211 Veniam
2522 4156 2669 4209 enim
2718 4156 2953 4224 accepit,
2989 4164 3250 4224 tanquam
3270 4154 3365 4224 qui
3397 4169 3513 4208 non

1917 4250 2248 4306 intellexerit
2270 4250 2419 4303 illum
2449 4248 2617 4304 fuisse
2640 4249 2830 4315 Deum,
2857 4262 2923 4303 eo
2945 4248 3090 4317 quod
3119 4257 3229 4302 tam
3263 4246 3519 4303 occultus

1920 4341 2104 4397 fuerit.
2133 4342 2234 4408 Qui
2268 4350 2451 4395 autem
2482 4341 2821 4411 blasphemat
2858 4341 2912 4395 in
2950 4339 3214 4409 Spiritum
3242 4352 3516 4403 sanctum,

1920 4435 2023 4489 hoc
2052 4442 2156 4499 est,
2201 4421 2264 4487 in
2314 4433 2621 4503 spiritualia
2674 4448 2841 4503 opera
2877 4432 3104 4499 Christi,
3161 4445 3217 4488 et
3259 4434 3394 4488 dicit
3440 4450 3509 4489 ea

1919 4542 2045 4583 esse
2070 4526 2363 4590 diabolica,
2399 4525 2506 4581 nisi
2536 4526 2917 4595 paenitentiam
2942 4526 3137 4594 egerit,
3167 4526 3381 4580 veniam
3408 4540 3515 4581 nou

227 4611 294 4663 τὸ
362 4610 672 4665 διαϐάλλειν
730 4607 896 4680 εἶχεν,
938 4610 1132 4679 ὥσπερ
1160 4611 1417 4673 ἐκεῖνοςό
1450 4609 1542 4663 τὸν
1583 4610 1807 4680 Χριστὸν

1926 4627 2271 4688 assequetur.
2304 4616 2421 4673 Non
2468 4620 2615 4672 enim
2658 4617 3037 4673 rationabilem
3077 4632 3302 4672 causam
3331 4618 3521 4673 [tabuit

226 4703 380 4771 δρῶν
419 4702 557 4772 μετὰ
585 4703 803 4772 πορνῶν
832 4703 961 4756 ὅντα
995 4705 1089 4756 καὶ
1127 4702 1401 4767 τελωνῶν,
1433 4698 1556 4755 εἶτα
1595 4702 1820 4755 διαϐάλ-

227 4799 379 4861 λων;
417 4796 532 4848 Οὐκ
564 4797 898 4865 ἀφεθήσεται
924 4794 1017 4850 οὖν
1056 4796 1233 4867 τούτῳ
1261 4795 1384 4850 οὔτε
1429 4794 1664 4848 ἐνταῦθα
1694 4795 1818 4848 οὔτε

229 4890 389 4941 ἑκεῖο
434 4888 571 4942 ἀλλὰ
618 4890 714 4942 καὶ
760 4890 994 4943 ἐνταῦθα
1045 4890 1141 4942 καὶ
1201 4891 1318 4942 ἐκεῖ
1346 4888 1817 4959 τιμωρηθήσεται.

230 4983 433 5037 Πολλοὶ
459 4985 568 5051 γὰρ
605 4983 838 5036 ἐνταῦθα
884 4986 984 5054 μὲν
1031 4984 1385 5050 κολάζονται,
1444 4985 1564 5035 ἐκεῖ
1595 4983 1653 5035 δὲ
1708 4983 1819 5036 οὐδ’

229 5079 371 5141 ὅλως
398 5093 410 5105 '
446 5077 522 5139 ώς
554 5080 580 5129 ὁ
612 5077 821 5148 πτωχὸς
854 5079 1123 5149 Λάζαρος.
1158 5079 1346 5132 Ἀλλοι
1374 5078 1451 5142 δὲ,
1487 5079 1582 5131 καὶ
1610 5071 1709 5131 ὦδε
1730 5080 1822 5131 καὶ

1207 5239 1294 5295 Ex
1348 5237 1695 5302 collatione
1729 5238 1913 5300 codd.

229 5424 423 5465 autem
462 5410 603 5483 ejus,
654 5412 914 5466 daemonia
960 5413 1134 5466 eidem
1179 5412 1424 5479 subjecta
1458 5424 1636 5478 vocat;
1698 5430 1820 5483 qute

234 5483 451 5537 scilicet
484 5482 631 5535 velut
664 5496 811 5552 arma
850 5483 1019 5552 ipsius
1050 5493 1216 5537 sunt:
1255 5499 1379 5537 vasa
1412 5485 1558 5537 enim
1582 5495 1635 5537 et
1668 5482 1822 5539 arma

236 5562 663 5624 nuncupantur.
729 5551 909 5618 Quare
982 5551 1161 5608 Lucas
1236 5565 1565 5607 armaturam
1654 5556 1825 5624 ipsius

232 5625 435 5677 eadem
496 5622 783 5693 appellavit
813 5640 830 5681 :
862 5623 984 5691 quia
1022 5639 1119 5689 per
1171 5625 1260 5678 illa
1309 5626 1538 5679 miseros
1574 5622 1825 5681 homines

186 5756 189 5757 ν
235 5694 345 5745 sibi
381 5693 601 5767 Subigit.
628 5693 879 5749 Christus
913 5695 1095 5767 itaque
1127 5695 1228 5750 hoc
1258 5696 1507 5765 exemplo
1536 5711 1828 5767 argumen-

235 5771 356 5817 tum
414 5761 699 5834 cﬂ‘urmat,
749 5761 1044 5819 ostendens
1071 5767 1213 5834 quod
1245 5783 1353 5819 nun
1397 5761 1572 5821 solum
1600 5761 1827 5822 ‘nullaln

238 5849 366 5887 cum
430 5832 671 5903 principe
736 5832 1125 5889 όεειιιοιιὶυιυιίι
1211 5838 1505 5891 amicitiam
1586 5837 1822 5903 habeat;

242 5919 435 5959 verum
495 5904 657 5958 etiam
715 5908 855 5976 quod
914 5908 1168 5960 virtutem
1219 5908 1369 5975 ejus,
1440 5919 1499 5963 ut
1557 5909 1660 5964 sibi
1712 5926 1825 5963 ma-

1923 4723 1982 4766 ιιι
2006 4712 2461 4775 calumniaretnr,
2484 4710 2942 4776 quemadmodum
2968 4710 3058 4765 ille
3103 4713 3195 4781 qui
3229 4710 3517 4766 Christum

1924 4800 2113 4853 videns
2140 4814 2265 4853 cum
2298 4799 2685 4855 meretricibus
2723 4808 2780 4855 et
2809 4799 3114 4868 publicanis
3142 4801 3374 4865 versari,
3404 4810 3519 4856 tum

1925 4890 2381 4944 calumniabatur.
2422 4888 2541 4945 Non
2583 4891 2890 4946 remittetur
2936 4892 3101 4962 igitur
3135 4892 3218 4947 vel
3278 4892 3389 4959 hic,
3436 4894 3522 4948 vel

1926 4981 2053 5036 alibi
2084 4998 2099 5036 :
2134 4982 2229 5036 sed
2254 4990 2308 5035 et
2340 4983 2427 5036 hic
2453 4990 2511 5037 et
2540 4982 2671 5037 alibi
2704 4982 2983 5053 punietur.
3033 4982 3185 5039 Multi
3215 4984 3362 5039 enim
3394 4993 3525 5039 sunt

1918 5070 2019 5146 ἠιιί
2042 5077 2129 5131 hic
2149 5076 2367 5145 quidem
2391 5076 2712 5147 puniuntur,
2741 5077 2838 5133 sed
2865 5078 2989 5135 alibi
3014 5092 3244 5148 prorsus
3264 5081 3511 5135 immune

1956 5242 2182 5301 Venet.
2221 5241 2533 5302 S.1iiarci.

1932 5417 2076 5469 xime
2129 5416 2397 5477 invisam,
2460 5413 2782 5483 alligaverit.
2847 5413 2946 5469 Est
2996 5429 3125 5469 vero
3176 5414 3297 5467 talis
3360 5429 3519 5481 argu-

1932 5488 2096 5540 menti
2131 5486 2277 5539 illius
2297 5496 2517 5554 Scnpus.
2554 5486 3026 5551 Quemadmodum
3045 5499 3204 5539 nemo
3232 5485 3285 5539 in
3306 5486 3524 5539 domum

1934 5558 2163 5624 alicujus
2195 5559 2430 5624 potentis
2453 5558 2678 5617 intrare,
2699 5569 2941 5624 vasaqne
2968 5554 3084 5621 ejus
3118 5554 3526 5624 abipso-custo-

1936 5628 2307 5695 ditadiripere
2334 5636 2531 5697 potest,
2562 5630 2605 5681 si
2638 5628 2789 5695 prius
2827 5640 2933 5681 nan
2951 5626 3256 5693 alligaverit
3285 5626 3479 5681 fortem
3508 5645 3521 5679 :

1940 5700 2021 5753 sic
2055 5709 2108 5751 et
2144 5698 2257 5765 ipse
2283 5714 2557 5768 nunquam
2584 5698 2851 5752 daemonia
2880 5697 3217 5767 diripuisset,
3241 5699 3347 5751 nisi
3376 5698 3540 5768 prius.

1940 5770 2241 5840 principem
2274 5766 2535 5836 ipsorum,
2571 5769 2664 5837 qui
2701 5768 2859 5824 fortis
2898 5776 3016 5834 est,
3067 5768 3363 5838 alligasset.
3420 5766 3529 5833 Qui

1940 5854 2130 5896 nonest
2164 5857 2385 5907 merum,
2423 5859 2441 5893 ι
2471 5851 2577 5897 etc.
