4080 6336
227 381 336 445 273

872 378 1326 440 ΕΝΑΒΒΑΤΙΟ
1356 380 1437 438 ΙΝ
1481 375 1802 440 EVANGEJ

1909 377 1989 436 llll
2027 377 2416 438 ΜΑΤΤΗᾸΠ.
2454 401 2520 410 --
2547 377 2707 438 CAP.
2750 375 2896 437 XII.

3407 375 3510 439 274

231 493 321 544 δεῖ
349 488 584 543 ἐνταῦθα
633 486 800 558 ἡμᾶς,
847 489 929 540 ὅτι
976 491 1068 542 καὶ
1104 490 1246 558 ὑπὲρ
1296 489 1390 542 τοῦ
1435 488 1606 560 ἀργοῦ
1660 487 1802 556 λόγοι

1927 488 2119 542 Terret
2155 490 2241 545 hic
2277 505 2394 553 nos,
2428 491 2684 559 quoniam
2715 499 2769 544 et
2800 505 2898 558 pro
2927 490 3104 546 otioso
3131 489 3298 545 verbo
3339 492 3511 552 ratio-

229 582 477 652 δώσομεν
503 581 689 648 λόγον,
717 582 991 646 τουτέστι,
1021 582 1115 634 τοῦ
1138 581 1388 650 ψευδοῦς,
1423 581 1515 635 τοῦ
1552 599 1820 649 συκοφαν-

230 675 408 738 τικοῦ,
433 674 464 743 ἢ
490 674 587 726 καὶ
611 675 704 726 τοῦ
732 675 969 726 ἀτάκτου
995 675 1088 726 καὶ
1117 674 1456 742 γελοιώδους.
1481 670 1612 727 Εἶτα
1637 675 1819 743 τίθησι

233 765 546 833 μαρτυρίαν
570 765 677 816 ἀπὸ
712 763 810 833 τῆς
835 763 1078 834 Γραφῆς,
1119 766 1204 817 ἵνα
1239 765 1314 837 μὴ
1340 766 1464 836 δόξῃ
1497 767 1674 819 οἰκεῖά
1697 783 1819 819 τινα

228 856 409 923 λέγειν
437 873 450 885 ·
490 874 506 906 ι
533 857 625 908 Ἐκ
644 855 754 908 τῶν
784 857 957 926 λόγων
983 874 1074 911 σου
1103 857 1462 930 δικαιωθήσῃ.
1493 858 1587 912 καὶ
1618 861 1682 912 ἐκ
1710 859 1820 914 τῶν

228 947 404 1015 λόγων
433 965 524 1000 σου
551 948 1015 1021 καταδικασθήσῃ.
1059 968 1077 1000 ι

306 1055 324 1086 ι
367 1037 501 1089 Τότε
531 1037 915 1109 ἀπεκρίθησαν
964 1057 1108 1104 τινες
1153 1040 1261 1095 τῶν
1297 1043 1676 1114 γραμματέων
1723 1044 1819 1096 καὶ⁵

223 1128 557 1198 Φαρισαίων,
592 1128 840 1197 λέγοντες
862 1146 876 1160 °
910 1131 1235 1199 Διδάσκαλε,
1274 1133 1513 1205 Θέλομεν
1560 1138 1668 1191 ἀπὸ
1721 1137 1816 1190 σοῦ

226 1225 453 1292 σημεῖον
506 1223 652 1278 ἰδεῖν.
703 1244 721 1275 ι
761 1224 1068 1296 Θαυμάζων
1101 1229 1128 1280 6
1176 1228 1595 1301 εὐαγγελιστὴς,
1641 1248 1815 1302 προσ-

225 1312 392 1381 έθηκε
442 1313 523 1376 τὸ,
574 1314 716 1367 τότε.
754 1315 882 1368 Ὅτε
920 1317 1028 1387 γὰρ
1072 1318 1415 1388 ὑποταγῆναι
1467 1321 1576 1373 ἔδει
1627 1321 1715 1375 διὰ
1747 1322 1816 1375 τὰ

224 1405 610 1475 προγεγονότα
653 1405 931 1473 Θαύματα,
988 1408 1111 1461 τότε
1159 1412 1387 1481 σημεῖον
1440 1411 1717 1466 αἰτοῦσιν·
1757 1413 1816 1479 ἐξ

222 1495 459 1565 οὐρανοῦ
488 1496 542 1548 δὲ
576 1495 822 1548 Θέλουσιν
863 1499 993 1550 ίδεῖν
1041 1503 1290 1570 σημεῖον,
1330 1501 1403 1566 ὡς
1440 1503 1600 1566 ἄλλος
1652 1505 1815 1574 εὐαγ-

221 1589 482 1658 γελισθὴς
524 1589 692 1657 λέγει.
745 1591 995 1644 Ἐὃόκουν
1034 1593 1165 1664 γὰρ,
1215 1595 1294 1648 ὃτι
1325 1596 1391 1649 τὰ
1438 1598 1531 1652 ἐπὶ
1579 1599 1677 1667 τῆς
1713 1599 1814 1669 γῆς

221 1681 501 1750 Θαύματα,
557 1682 665 1734 ἀπὸ
717 1683 816 1748 τῆς
864 1684 957 1736 τοῦ
1010 1685 1258 1739 διαόόλου
1313 1687 1596 1757 δυνάμεως
1649 1695 1811 1743 ποιεῖ’

221 1775 620 1845 κοσμοκράτωρ
645 1776 753 1844 γὰρ
799 1777 824 1828 6
849 1777 1116 1841 διάϐολος.
1161 1779 1227 1831 Τί
1269 1777 1363 1833 οὖν
1391 1782 1417 1832 6
1444 1782 1669 1852 Σωτήρ;

1927 594 2050 630 nem
2085 579 2263 633 daturi
2299 594 2505 644 sumus,
2546 581 2647 633 hoc
2679 587 2788 643 est,
2825 595 2922 649 pro
2959 580 3267 645 mendacio,
3299 580 3511 634 calum-

1926 671 2037 736 nia,
2074 679 2165 724 aut
2204 671 2366 724 etiam
2403 684 2501 738 pro
2533 670 2859 724 inordinatis
2898 680 2952 725 et
2997 670 3264 726 ridiculis.
3308 669 3513 726 Deinde

1926 763 2073 831 ponit
2097 763 2462 816 testimonium
2489 776 2554 818 ex
2581 761 2881 830 Scriptura,
2925 776 2994 816 ne
3024 761 3273 817 videatur
3288 763 3510 833 propria

1924 854 2121 908 dicere.
2152 851 2229 907 Ex
2253 854 2602 909 sermonibus
2636 854 2746 908 tuis
2765 853 3178 922 justiﬁeaberis,
3219 864 3274 909 et
3303 869 3368 910 ex
3393 870 3511 912 ser-

1924 946 2177 1001 monibus
2211 943 2317 998 tuis
2344 946 2824 1011 condemnaberis.

1995 1036 2158 1090 Vens.
2199 1035 2289 1091 38.
2327 1035 2480 1091 Tunc
2512 1038 2914 1102 responderunt
2945 1037 3166 1106 quidam
3199 1050 3265 1092 ex
3312 1036 3514 1093 scribis

1922 1142 1975 1184 et
2005 1129 2318 1196 Pbariszeis,
2343 1131 2585 1184 dicentes
2610 1146 2625 1186 :
2655 1128 3208 1201 Magister,volumus
3243 1131 3307 1182 ad
3351 1139 3404 1186 te
3432 1129 3511 1185 si—

1920 1233 2084 1285 gnum
2110 1217 2313 1273 videre.
2339 1236 2359 1269 ι
2383 1217 2673 1273 Admiratus
2700 1220 3033 1289 evangelista
3053 1221 3323 1289 apposuit,
3355 1230 3502 1276 tunc.

1920 1309 2055 1363 Cum
2125 1313 2271 1364 enim
2319 1310 2540 1366 obedire
2594 1311 2718 1367 illos
2764 1320 3040 1381 oporteret
3087 1321 3308 1383 propter
3352 1316 3511 1382 signa

1919 1403 2302 1472 prmcedentia,
2338 1412 2465 1457 tunc
2507 1404 2719 1474 signum
2770 1413 2982 1474 petunt.
3028 1403 3105 1458 De
3145 1404 3286 1459 coelo
3323 1411 3505 1458 auten-

1918 1495 2108 1550 volnnt
2148 1496 2362 1566 signum
2395 1495 2583 1552 videre
2614 1497 2756 1551 sicut
2794 1497 2935 1551 alius
2971 1495 3307 1566 evangelista
3339 1497 3507 1552 dicit:

1918 1590 2180 1659 putabant
2212 1590 2356 1644 enim
2401 1591 2543 1659 quod
2585 1589 2736 1661 signa
2778 1605 2942 1660 super
2980 1599 3180 1645 terram
3240 1597 3510 1658 potestate

1917 1682 2121 1738 diaboli
2168 1683 2410 1737 faceret:
2458 1682 2646 1736 mundi
2694 1682 2837 1736 enim
2883 1692 3063 1738 rector
3098 1692 3179 1737 est
3238 1682 3506 1736 diabolus.

1922 1774 2058 1841 Quid
2095 1774 2259 1843 igitur
2280 1774 2349 1828 ad
2377 1774 2491 1828 haec
2523 1773 2811 1828 Salvator?

301 1884 319 1916 ι
374 1868 432 1919 Ὀ
457 1867 533 1932 δὲ,
561 1868 880 1938 ἀποκριθεὶς
924 1864 1075 1922 εἶπεν
1108 1873 1294 1935 αὐτοῖς
1327 1889 1340 1902 ·
1385 1874 1554 1926 Γενεὰ
1598 1877 1802 1944 πονηρά

1992 1867 2153 1921 Vsus.
2188 1866 2277 1933 59,
2307 1866 2396 1921 40.
2432 1885 2450 1918 ι
2493 1869 2559 1920 At
2598 1867 2684 1921 ille
2717 1868 3055 1935 respondens
3084 1868 3217 1922 dixit
3245 1868 3371 1923 illis:
3397 1867 3506 1922 Ge-

226 1959 327 2010 xa‘t
365 1959 612 2028 μοιχαλὶς
647 1963 872 2028 σημεῖον
920 1961 1192 2032 ἐπιζητεῖ,
1242 1965 1336 2016 καὶ
1374 1969 1601 2035 σημεῖον
1629 1968 1689 2020 ού
1728 1969 1812 2020 δο-

217 2050 448 2119 θήσεται
478 2051 639 2120 αὐτῇ,
676 2052 722 2102 εί
747 2050 904 2120 μὴτὸ
935 2055 1164 2122 σημεῖον
1203 2055 1470 2108 Ἰωνᾶτοῦ
1499 2058 1805 2127 προφήτου.

218 2142 435 2211 ’Ὠσπερ
463 2143 570 2210 γὰρ
603 2137 669 2212 ἦν
716 2144 899 2206 Ἰωνᾶς
935 2146 991 2195 ὲν
1012 2147 1075 2215 τῇ
1105 2147 1282 2218 κοιλίᾳ
1315 2147 1410 2200 τοῦ
1441 2150 1638 2219 κήτους
1661 2154 1810 2221 τρεῖς

223 2235 444 2302 ἡμέρας
500 2236 594 2287 καὶ
625 2237 771 2304 τρεῖς
812 2237 1034 2302 νύκτας,
1068 2236 1241 2301 οὕτως
1290 2240 1445 2292 ἔσται
1498 2243 1590 2294 καὶ
1623 2245 1651 2294 6
1679 2243 1807 2307 Υἱὸς

213 2326 314 2377 τοῦ
354 2325 646 2398 ἀνθρώπου
688 2329 746 2380 ὲν
786 2332 854 2400 τῇ
891 2329 1091 2402 καρδίᾳ
1144 2331 1245 2402 τῆς
1279 2332 1385 2403 γῆς
1413 2337 1561 2405 τρεῖς
1597 2335 1808 2406 ἡμέρας

216 2421 315 2471 καὶ
373 2422 521 2490 τρεῖς
578 2419 799 2483 νύκτας.
843 2441 861 2474 ι
909 2424 1159 2494 Πονηρὰν
1214 2424 1316 2493 μὲν
1364 2427 1557 2494 γενεὰν
1608 2430 1808 2493 αὐτοὺς

214 2510 395 2574 καλεῖ,
428 2512 502 2574 ὡς
533 2512 880 2581 famosae-rei;
935 2515 1032 2568 καὶ
1077 2516 1351 2588 δολερούς.
1389 2519 1695 2589 Μοιχαλίδα
1726 2521 1804 2590 δὲ,

211 2603 291 2664 ὡς
324 2603 732 2671 ἀφισταμένους
762 2605 869 2658 ἀπὸ
895 2604 989 2658 τοῦ
1022 2605 1177 2672 Θεοῦ,
1215 2610 1306 2662 καὶ
1353 2608 1572 2678 δαίμοσι
1602 2612 1806 2666 κολλω-

220 2691 439 2761 μὲνους.
491 2694 724 2762 Σημεῖον
753 2695 809 2748 δὲ
842 2696 991 2764 λέγει
1023 2698 1124 2767 τὴν
1175 2700 1475 2754 ἀνάστασιν
1509 2703 1698 2770 αὑτοῦ,
1730 2705 1806 2768 ὡς

213 2785 558 2854 παράδοξον·
602 2789 659 2840 ὲν
693 2791 796 2858 γὰρ
832 2791 896 2859 τῇ
930 2789 1130 2860 καρδίᾳ
1177 2791 1278 2860 τῆς
1333 2793 1456 2863 γῆς,
1491 2793 1570 2864 τῷ
1619 2812 1802 2850 κατω-

207 2877 364 2930 τάτω
396 2878 537 2944 λέγω
566 2879 739 2949 τόπῳ,
777 2879 853 2949 τῷ
880 2880 980 2952 ᾅδῃ
1003 2882 1248 2953 δηλονότι
1277 2885 1544 2950 καταϐὰς,
1573 2889 1806 2958 τριήμε-

211 2984 312 3037 ρος
367 2969 599 3038 ἀνέστη⁹
650 2972 750 3033 τὰς
810 2976 960 3043 τρεῖς
1013 2975 1070 3027 δὲ
1126 2975 1340 3046 ἡμέρας
1378 2980 1474 3032 καὶ
1521 2979 1620 3042 τὰς
1652 2984 1802 3050 τρεῖς

211 3061 445 3125 νύκτας,
502 3064 612 3116 ἀπὸ
664 3066 864 3135 μέρους
921 3067 1114 3135 νόησον
1175 3069 1269 3121 καὶ
1324 3069 1398 3140 μὴ
1448 3070 1795 3143 ὁλοκλήρους,

1915 1962 2128 2015 neratio
2161 1975 2325 2028 prava
2358 1969 2412 2015 et
2443 1960 2685 2015 adultera
2711 1959 2924 2030 signum
2954 1962 3170 2028 qumrit,
3204 1971 3251 2014 et
3290 1965 3508 2030 signum

1914 2067 2021 2106 non
2054 2053 2273 2106 dabitur
2300 2051 2398 2117 illi,
2434 2052 2532 2105 nisi
2562 2052 2775 2121 signum
2806 2050 2955 2105 Jonae
2985 2052 3476 2120 prophctte.Quetn

1913 2145 2206 2200 admodum
2243 2146 2387 2199 enim
2446 2144 2546 2198 fuit
2596 2142 2762 2199 Jonas
2825 2143 2875 2197 in
2923 2154 3114 2198 ventre
3164 2145 3268 2198 ceti
3332 2143 3506 2198 tribue

1913 2239 2102 2293 diebus
2131 2253 2196 2293 ac
2226 2239 2399 2292 tribus
2425 2238 2705 2303 noctibus,
2739 2237 2821 2292 sic
2857 2237 2963 2290 erit
2990 2235 3158 2290 Filius
3188 2235 3423 2292 hominis
3450 2239 3505 2291 in

1911 2332 2075 2387 corde
2119 2341 2279 2386 terra:
2313 2331 2486 2386 tribus
2509 2331 2698 2386 diebus
2725 2341 2779 2384 et
2804 2331 2973 2383 tribus
2996 2330 3268 2385 noctibus.
3307 2349 3323 2382 ι
3367 2329 3505 2385 Pra-

1913 2439 2031 2478 vatn
2076 2424 2481 2494 generationem
2541 2432 2697 2477 vocat
2737 2437 2854 2487 eos,
2889 2421 3013 2488 quia
3050 2423 3237 2476 dolose
3288 2438 3506 2490 sempar

1913 2517 2227 2572 tentabant:
2275 2515 2574 2571 adulteram
2623 2524 2828 2578 autem,
2877 2517 3005 2585 quia
3046 2517 3430 2573 desciscebant
3472 2533 3501 2573 a

1917 2609 2043 2674 Deo,
2086 2619 2141 2662 et
2168 2607 2517 2663 adbazrebant
2552 2606 2908 2662 daemonibus.
2948 2606 3176 2678 Signum
3208 2618 3388 2662 autem
3417 2608 3505 2663 di-

1911 2703 1988 2757 cit
2011 2699 2470 2756 resurrectionem
2488 2712 2665 2760 suam,
2690 2705 2749 2751 ut
2772 2698 3171 2754 admirabilem.
3194 2697 3500 2770 Postquam

1909 2796 2053 2849 enim
2077 2793 2132 2847 in
2155 2807 2252 2848 cor
2276 2801 2456 2855 terrae,
2487 2790 2542 2843 in
2579 2790 2826 2844 inﬁmum
2853 2791 3079 2863 inquam
3111 2792 3307 2858 locum,
3337 2793 3509 2849 infer-

1909 2904 2036 2943 num
2084 2886 2315 2949 scilicet,
2361 2885 2662 2950 descendit,
2687 2884 2844 2939 tertio
2881 2885 2969 2940 die
3009 2887 3328 2940 resurrexit.
3364 2887 3501 2942 Tres

1909 2985 2088 3030 autem
2123 2975 2242 3030 dies
2277 2983 2330 3029 et
2371 2979 2483 3028 tres
2514 2982 2702 3028 noctes
2729 2988 2757 3028 a
2785 2983 2939 3044 parte
2967 2974 3259 3045 intelligas,
3294 2987 3348 3030 et
3388 2993 3494 3031 non

1909 3070 2166 3136 integras.
2200 3067 2448 3125 Mortuus
2479 3067 2622 3123 enim
2655 3074 2741 3121 est
2768 3066 2820 3120 in
2863 3065 3183 3131 Parasceve,
3231 3081 3350 3137 qua
3380 3070 3498 3138 ipsa

220 3153 493 3248 :ArréOavs
547 3156 646 3226 μὲν
674 3158 785 3229 γὰρ
818 3161 883 3229 τῇ
921 3165 1268 3232 παρασκευῇ,
1309 3163 1410 3229 μία
1435 3164 1572 3236 αὕτη
1618 3167 1802 3238 ἡμέρα

1911 3177 2016 3216 una
2041 3160 2156 3216 dies
2177 3169 2295 3215 est:
2327 3168 2384 3214 et
2423 3168 2669 3214 mortuus
2695 3157 2798 3213 fuit
2821 3156 3082 3220 Sabbato.
3117 3172 3244 3214 ecce
3295 3169 3348 3214 et
3391 3161 3500 3216 alia

203 3242 305 3317 ἦν’
344 3247 438 3298 καὶ
468 3246 544 3316 τῷ
589 3249 854 3320 Σαϐὅὰτῳ
888 3255 1100 3323 νεκρὸς,
1152 3255 1259 3312 ἰδοὺ
1292 3259 1388 3308 καὶ
1422 3257 1556 3328 ἄλλη
1585 3259 1793 3330 ἡμέρα·

204 3339 368 3408 καὶὴ
400 3339 496 3402 νὺξ
524 3340 578 3392 δὲ
609 3342 707 3411 τῆς
756 3345 1064 3411 Κυριακῆς,
1101 3346 1180 3398 ἔτι
1215 3348 1406 3419 νεκρὸν
1462 3351 1624 3404 αὑτὸν
1670 3370 1802 3407 κατ-

203 3431 394 3485 έλαϐε.
426 3433 565 3503 Τρία
591 3429 684 3487 οὖν
714 3437 1084 3507 ήμερονύκτια
1115 3440 1222 3493 ἀπὸ
1256 3443 1456 3510 μέρους
1497 3444 1798 3514 ἀριθμοῦν-

202 3540 328 3578 ται.
374 3523 529 3578 Ἐπεὶ
560 3527 653 3578 καὶ
688 3526 860 3592 οὕτως
889 3520 1162 3600 εἰώθαμεν
1218 3535 1482 3598 πολλάκις
1517 3538 1795 3608 ἀριθμεῖν.

284 3635 307 3666 ς
351 3615 577 3688 Ἄνδρες
625 3619 909 3672 Νινευῗται
956 3624 1358 3694 ἀναστήσονται
1408 3630 1465 3680 ἐν
1503 3631 1567 3698 τῇ
1617 3631 1797 3699 κρίσει

203 3706 354 3776 μετά
386 3707 483 3777 τῆς
515 3710 711 3775 γενεᾶς
744 3711 964 3781 ταύτης,
1003 3715 1100 3764 καὶ⁹
1142 3717 1797 3798 κατακρινοῦσιναύτὴν,

198 3800 285 3851 ὄτι
355 3801 686 3868 μετενόησαν
755 3805 835 3864 είς
883 3803 942 3854 τὸ
992 3806 1257 3876 κήρυγμα
1324 3810 1499 3875 Ἰωνᾶ,
1547 3811 1643 3863 καὶ
1688 3814 1796 3866 ίδοὺ

200 3896 395 3948 πλεῖον
425 3897 584 3948 Ἰωνᾶ
608 3892 728 3950 ὧδε.
775 3917 791 3948 ι
841 3899 900 3949 ’0
939 3902 1035 3970 μὲν
1077 3902 1284 3966 Ἰωνᾶς,
1320 3906 1471 3972 φησὶ,
1522 3908 1659 3975 μετά
1699 3908 1798 3975 τὴν

201 3989 268 4040 ἐκ
310 3987 408 4039 τοῦ
443 3989 643 4054 κήτους
697 3989 892 4058 ἔξοδον,
941 3994 1186 4063 κηρύξας
1230 3997 1553 4068 ἐπιστεύθηο
1596 3999 1708 4066 ἐγὼ
1742 3999 1799 4053 δὲ

198 4080 325 4134 οὐδὲ
363 4081 505 4150 μετά
535 4082 633 4152 τὴν
658 4084 955 4139 ἀνάστασιν
987 4089 1115 4155 ὑμῖν
1144 4089 1601 4162 πιστευθήσομαι.
1638 4093 1799 4148 Ὅθεν

203 4174 300 4224 καὶ
336 4174 812 4245 κατακριθήσεσθε
847 4179 949 4230 ὑπὸ
985 4180 1092 4232 τῶν
1123 4181 1426 4235 Νινευῐτῶν
1463 4186 1796 4238 πιστευσάν-

201 4281 311 4318 των
344 4264 423 4334 τῷ
450 4266 621 4337 δούλῳ
660 4285 760 4337 μου
803 4270 959 4341 Ἰωνᾷ
985 4275 1156 4343 χωρὶς
1199 4278 1466 4344 σημείων,
1503 4280 1595 4331 καὶ
1621 4278 1797 4333 ταῦτα

200 4357 507 4428 Βαρϐάρων
543 4359 733 4412 ὄντων·
774 4362 929 4432 ὑμεῖς
962 4365 1012 4416 oi
1045 4368 1352 4439 προφήταις
1380 4371 1795 4443 συντεθραμμέ-

200 4465 308 4511 νοι,
341 4449 393 4500 οἱ
429 4453 631 4517 σημεῖα
679 4452 899 4518 ἰδόντες,
942 4455 1017 4526 μὴ
1065 4459 1396 4514 πιστεύσατε
1449 4466 1574 4533 ἐμοὶ
1597 4467 1675 4536 τῷ
1707 4467 1794 4519 δε-

1900 3260 2055 3316 dies:
2089 3271 2196 3313 nox
2227 3264 2406 3310 autem
2433 3253 2729 3311 Dominicae
2777 3255 2956 3325 ipsum
3006 3255 3188 3311 adhuc
3220 3268 3499 3312 mortuum

1904 3349 2288 3423 apprehendit.
2332 3347 2467 3404 Tres
2495 3349 2661 3419 igitur
2686 3349 2804 3404 dies
2832 3359 2888 3404 et
2918 3359 3108 3405 noctes
3136 3366 3162 3404 a
3195 3361 3348 3420 parte
3396 3368 3500 3406 nu-

1904 3453 2209 3508 merantur,
2245 3443 2369 3512 quia
2402 3450 2457 3497 et
2488 3443 2566 3496 sic
2598 3456 2742 3512 saepe
2765 3456 3055 3497 numerare
3088 3444 3496 3500 consuevimus.

1976 3628 2140 3684 Vens.
2170 3629 2261 3683 41.
2294 3646 2311 3679 ι
2336 3627 2453 3682 Viri
2503 3625 2752 3681 Ninivitte
2794 3637 3019 3697 surgent
3049 3628 3102 3682 in
3143 3627 3349 3698 judicio
3371 3643 3493 3682 cum

1905 3723 2261 3791 generatione
2299 3722 2424 3784 bac,
2458 3728 2512 3773 et
2554 3720 3002 3773 condemnabunt
3037 3734 3181 3785 eam,
3214 3720 3357 3788 quod
3390 3720 3495 3790 ipsi

1905 3815 2278 3882 paenitentiam
2304 3812 2515 3882 egerint
2533 3813 2598 3865 ad
2619 3812 3060 3881 praedicationem
3077 3811 3263 3867 Jonze:
3294 3820 3348 3868 et
3368 3827 3499 3868 ecce

1905 3909 2021 3975 plus
2075 3921 2235 3974 quam
2284 3903 2452 3960 Jonas
2501 3914 2585 3960 est
2642 3904 2746 3959 hoc
2795 3903 2935 3958 loco.
2975 3921 2994 3956 ι
3041 3901 3374 3974 Postquam,
3412 3905 3500 3958 iu-

1905 3999 2045 4068 quit,
2072 3998 2239 4052 Jonas
2260 3998 2390 4051 cxiii
2420 4011 2447 4050 a
2477 4008 2620 4063 ceto,
2645 4006 2700 4051 et
2730 3997 3069 4067 praedicavit,
3105 3997 3491 4053 crediderunt:

1903 4094 1958 4147 in
1998 4109 2081 4147 me
2117 4102 2319 4156 autem,
2356 4093 2518 4146 etiam
2547 4109 2668 4148 cum
2712 4109 3006 4149 surrexere
3029 4135 3044 4159 ,
3077 4108 3184 4149 non
3233 4092 3495 4149 credetis.

1904 4184 2056 4240 Unde
2122 4195 2178 4238 et
2228 4185 2723 4241 condemnabimini
2779 4202 2806 4239 a
2866 4186 3143 4252 Ninivitis,
3216 4188 3309 4257 qui
3372 4202 3497 4244 cre-

1901 4276 2164 4332 diderunt
2234 4293 2390 4331 servo
2453 4293 2571 4331 meo
2664 4277 2812 4333 Jonze
2897 4278 3106 4348 absque
3191 4279 3493 4345 miraculis,

1901 4371 2149 4439 quamvis
2215 4369 2438 4425 Βιιιὺιιιί
2488 4371 2729 4426 fuerint:
2770 4387 2866 4428 vos
2888 4385 3072 4428 autem
3123 4374 3323 4429 assueti
3367 4391 3498 4444 pro-

1901 4463 2099 4531 pbetis,
2124 4463 2253 4517 visis
2283 4464 2475 4533 signis,
2508 4480 2612 4518 non
2634 4466 2857 4520 creditis
2889 4465 3022 4520 mibi
3055 4467 3319 4523 Domino:
3349 4470 3496 4539 quod

198 4539 610 4626 onézna'l‘oito
665 4542 770 4612 γὰρ
822 4546 1076 4616 σημαίνει
1121 4549 1203 4614 τὸ,
1239 4552 1346 4605 Καὶ
1397 4553 1530 4607 ἰδοὺ
1577 4556 1794 4611 πλεῖον

1909 4556 2190 4626 signiﬁcat,
2231 4557 2448 4612 dicens:
2480 4558 2545 4610 Et
2575 4573 2692 4610 ecce
2715 4557 2832 4626 plus
2857 4559 2997 4613 Jona
3019 4558 3116 4616 hoc
3147 4561 3282 4616 loco.

198 4629 376 4686 Ἰωνᾶ
402 4625 534 4692 ὦδε.

273 4740 292 4772 ι
342 4723 648 4777 Βασίλισσα
675 4725 850 4780 Νότου
880 4729 1238 4800 ἐγερθήσεται
1261 4734 1320 4787 ἐν
1341 4738 1405 4806 τῇ
1437 4737 1617 4808 κρίσει
1656 4741 1794 4809 μετά

196 4815 299 4883 τῆς
341 4818 545 4882 γενεᾶς
570 4819 796 4891 ταύτης,
821 4825 914 4876 καὶ
947 4830 1271 4897 κατακρινεῖ
1301 4831 1495 4902 αὐτὴν,
1522 4834 1606 4886 ὃτι
1631 4830 1794 4906 ἦλθεν

193 4910 258 4960 ἐκ
288 4908 404 4960 τῶν
438 4911 690 4979 περάτων
725 4913 822 4982 τῆς
853 4917 959 4987 γῆς
999 4918 1233 4972 ἀκοῦσαι
1262 4921 1360 4993 τὴν
1406 4923 1600 4994 σοφίαν
1632 4927 1793 4980 Σολο-

188 4999 450 5078 ῙΑῶντοςο
499 5001 592 5053 καὶ
626 5004 736 5056 ίὸοὺ
769 5003 950 5058 πλεῖον
982 5008 1329 5077 Σολομῶντος
1359 5006 1480 5068 ὧδε.
1521 5035 1539 5065 ι
1595 5017 1657 5068 Ἦ
1690 5018 1788 5086 μὲν

194 5091 517 5159 βασίλισσα,
551 5094 709 5162 φησὶ,
746 5097 1019 5165 μακρόθεν
1063 5095 1217 5168 ἦλθε,
1261 5105 1438 5157 καίτοι
1463 5109 1597 5177 γυνὴ
1625 5109 1787 5162 ἀσθε-

196 5182 289 5252 νὴς
320 5182 482 5246 οὖσα,
516 5183 601 5234 ἵνα
637 5186 765 5255 περὶ
796 5185 1029 5258 δένδρων
1063 5195 1158 5246 καὶ
1200 5192 1372 5256 ξύλων
1415 5202 1508 5251 καὶ
1540 5203 1786 5268 φυσικῶν

200 5291 358 5328 τινων
382 5276 615 5348 ἀκούσῃ.
657 5277 846 5348 Ὑμεῖς
875 5281 950 5343 δὲ,
985 5285 1078 5336 καὶ
1096 5285 1318 5341 ἰελθόντα
1353 5307 1419 5355 με
1445 5293 1581 5360 πρὸς
1616 5295 1782 5364 ὑμᾶς,

195 5368 288 5421 καὶ
318 5370 613 5441 ἀπόρρητα
644 5371 892 5440 λέγοντα,
923 5375 1022 5429 οὐκ
1046 5378 1316 5442 ἐδέξασθε.

272 5480 291 5512 ι
326 5460 501 5515 Ὅταν
532 5462 587 5516 δὲ
620 5455 683 5517 τδ
709 5465 1016 5537 ἀκάθαρτον
1053 5471 1272 5541 πνεῦμα
1321 5475 1513 5546 ἐξέλθῃ
1546 5479 1653 5530 ἀπὸ
1686 5479 1779 5532 τοῦ

1976 4742 2136 4797 Vens.
2163 4743 2252 4797 42.
2294 4762 2312 4794 ι
2361 4743 2566 4814 Regina
2604 4746 2786 4799 Austri
2835 4747 3164 4803 excitabitur
3195 4749 3247 4802 in
3283 4749 3493 4818 judicio

1899 4852 2020 4891 cum
2068 4835 2418 4906 generatione
2471 4836 2670 4901 hac,ct
2706 4840 3094 4893 condemnabit
3154 4855 3310 4894 eam:
3361 4841 3488 4911 quia

1898 4929 2097 4983 venita
2139 4927 2337 4983 ﬁnibus
2363 4937 2522 4983 terra:
2550 4940 2608 4983 ut
2635 4930 2848 4985 audiret
2875 4931 3200 4999 sapientiam
3238 4930 3490 4988 Salomo-

1898 5023 2022 5088 nis;
2060 5032 2114 5075 et
2174 5037 2300 5076 ecce
2332 5023 2452 5091 plus
2484 5038 2644 5092 quam
2680 5023 2934 5078 Salomon
2996 5024 3098 5079 hoc
3137 5025 3276 5080 loco.
3317 5045 3336 5076 ι
3377 5025 3488 5081 Re-

1896 5111 2044 5179 gina,
2074 5112 2320 5179 inquit,a
2373 5111 2530 5178 longe
2590 5113 2756 5177 venit,
2800 5114 3049 5182 quamvis
3111 5113 3487 5169 essct'mulier

1898 5205 2134 5263 inﬁrma,
2163 5213 2218 5255 nt
2240 5203 2306 5257 de
2333 5204 2619 5258 arboribus
2647 5211 2698 5258 et
2733 5205 2890 5272 lignis
2917 5216 2968 5259 et
2996 5205 3333 5261 naturalibus
3361 5206 3484 5276 qui-

1897 5297 2120 5350 busdam
2151 5297 2402 5351 audiret:
2433 5312 2525 5351 vos
2568 5306 2745 5350 autem
2773 5313 2878 5364 me,
2901 5299 3010 5369 63
3035 5313 3154 5352 cum
3174 5299 3238 5354 ad
3265 5314 3356 5354 vos
3387 5315 3485 5354 ve-

1892 5388 2064 5442 nerim
2105 5397 2156 5442 et
2180 5403 2377 5441 arcana
2407 5389 2657 5454 dixerim,
2691 5404 2794 5444 non
2825 5391 3159 5459 suscepistis.

1965 5480 2130 5535 Vsus.
2176 5481 2367 5535 45-45.
2417 5499 2435 5533 ι
2483 5481 2618 5535 Cum
2667 5492 2842 5537 autem
2905 5481 3219 5538 immundus
3256 5480 3482 5551 spiritus

1190 5632 1283 5695 Ex
1319 5632 1664 5696 collatione
1702 5635 1890 5697 codd.
1926 5637 2151 5698 Venet.
2186 5639 2246 5700 S.
2284 5638 2506 5700 Marci.

195 5747 470 5828 procedat.
511 5748 614 5828 sed
649 5752 694 5804 si
725 5755 840 5828 quis
883 5755 1044 5808 bonus
1076 5755 1145 5828 {id
1173 5757 1577 5824 aediﬁcationem
1629 5761 1774 5828 ﬁdei,

198 5827 257 5875 ut
285 5818 370 5872 det
420 5821 648 5888 gratiam
684 5818 1037 5880 audientibus.
1063 5826 1244 5883 Nolite
1275 5818 1587 5886 contristare
1608 5818 1781 5902 ἔρινἰὲ

1885 5772 1994 5838 t_ym
2049 5775 2289 5817 sanctum
2326 5763 2457 5838 Dei;
2513 5778 2622 5833 quo
2655 5763 2784 5833 quid
2845 5763 3043 5836 pejus-
3077 5776 3200 5821 esse
3255 5768 3479 5838 potest!

1894 5833 2082 5890 Terret
2139 5850 2316 5888 autem
2380 5835 2465 5891 hic
2514 5851 2632 5902 nos,
2677 5843 2832 5892 ιρις.
