4080 6336
658 358 768 420 179

1530 359 2105 424 TH‘EOPll‘YLACTJ‘
2134 360 2554 424 .BULGARIrE
2607 364 2956 424 ARCHIEI'.

3763 361 3888 442 om

657 479 792 534 opus
815 462 950 534 ejus,
974 477 1146 533 neque
1175 465 1404 533 prolicit,
1437 466 1889 523 sollicitudinibus
1918 468 2211 537 prohiben-

2323 474 2518 534 ποιεῖν,
2547 472 2664 524 ἀλλ’
2695 475 2843 542 ὅμως
2883 472 2982 524 οὐκ
3032 472 3246 536 αὐξάνει
3272 474 3302 541 ή
3333 472 3527 543 πρᾶξις
3563 470 3727 542 αὕτη,
3775 475 3886 525 οὐδὲ

660 557 822 611 tibus:

731 646 891 702 Vens.
935 647 986 711 7,
1024 648 1074 702 8.
1124 666 1146 698 ι
1186 649 1303 702 Alia
1356 663 1482 703 vero
1536 650 1846 705 ceciderunt
1903 652 1958 705 in
2020 664 2213 707 terram

656 738 871 802 bonam,
902 747 954 792 et
1003 739 1263 794 dederunt
1295 739 1553 806 fructum,
1583 741 1672 796 ille
1715 742 1927 810 quidem
1976 755 2212 810 centum,

655 825 792 882 alius
835 840 1010 883 autem
1064 831 1367 901 sexaginta,
1400 831 1539 886 alius
1584 846 1716 887 vero
1750 834 1987 903 triginta.
2028 854 2047 886 ι
2081 835 2215 890 Tres

571 903 574 918 ⁵
653 929 835 986 partes
863 921 1084 975 seminis
1111 924 1409 990 perierunt,
1435 932 1488 976 et
1512 930 1704 991 Quarta
1733 925 1846 979 sola
1875 939 2086 981 servata
2111 938 2212 982 est.

660 1011 819 1067 Pauci
847 1014 988 1066 enim
1021 1022 1144 1068 sunt
1175 1015 1262 1082 qui
1294 1014 1596 1068 salvantur.
1618 1013 1810 1070 Postea
1838 1031 1968 1069 vero
2001 1017 2128 1071 dicit
2150 1017 2216 1071 de

661 1114 802 1157 terra
835 1105 1000 1168 bona,
1029 1105 1151 1158 data
1201 1104 1354 1160 nobis
1404 1106 1735 1175 ραιηίιεηιίω
1785 1121 1900 1176 spe.
1935 1107 2030 1163 Est
2068 1109 2210 1162 enim

654 1194 928 1261 possibile,
959 1195 1120 1248 etiam
1155 1195 1198 1249 si
1232 1196 1353 1264 quis
1388 1207 1608 1264 petrosa
1645 1207 1784 1250 terra
1815 1199 1912 1262 sit,
1940 1209 2034 1252 aut
2059 1198 2211 1267 juxta

656 1285 824 1350 viam,
853 1286 936 1342 vel
979 1287 1215 1355 spinosa,
1248 1303 1371 1341 eum
1422 1288 1533 1342 ﬁeri
1590 1298 1782 1345 terram
1835 1290 2050 1346 bonam.
2095 1289 2210 1346 Non

654 1378 794 1430 enim
835 1379 1096 1446 aequalem
1144 1380 1374 1435 fructum
1421 1381 1601 1436 ferunt
1644 1397 1832 1437 omnes
1870 1382 1960 1451 qui
1991 1385 2211 1438 verbum

654 1465 954 1534 suscipiunt
983 1486 995 1521 :
1027 1468 1121 1522 sed
1152 1469 1289 1522 alius
1322 1470 1535 1538 quidem
1567 1473 1896 1542 centuplum,
1923 1473 2057 1529 forte
2085 1489 2214 1542 pau-

655 1564 914 1623 pertatem
946 1559 1236 1628 perfectam
1268 1561 1472 1618 habens
1494 1574 1546 1618 et
1572 1579 1835 1619 summam
1866 1566 2212 1620 exercitatio-

658 1663 798 1703 nem.
831 1649 981 1705 Alius
1015 1661 1193 1706 autem
1217 1656 1646 1724 sexagecuplum,
1676 1667 1734 1710 ut
1770 1658 2036 1712 cmnobita
2074 1657 2214 1713 forte

653 1740 964 1804 monachus,
991 1744 1229 1798 etadhuc
1255 1759 1504 1813 operans.
1523 1748 1815 1804 Aliusvero
1841 1751 2210 1819 trigecuplum,

653 1839 709 1884 ut
737 1836 826 1899 qui
861 1833 1116 1889 honestas
1150 1838 1364 1904 nuptias
1392 1839 1606 1910 delegit,
1639 1849 1694 1895 et
1723 1842 1974 1897 virtutem
2003 1859 2099 1911 pro
2133 1846 2208 1898 vi-

652 1921 733 1976 rili
755 1924 1108 1992 amplexatur.
1136 1927 1269 1982 Vide
1293 1937 1467 1984 autem
1497 1931 1588 1988 Dei
1614 1933 1923 2000 bonitatem,
1944 1939 2212 2006 quomodo

654 2033 839 2072 omnes
889 2023 1134 2091 suscipit,
1159 2032 1213 2078 et
1265 2041 1454 2096 magna
1489 2037 1539 2081 et
1593 2031 1885 2086 mediocria
1936 2041 1990 2087 et
2045 2049 2209 2102 parva

653 2110 906 2165 cclentes.

722 2201 883 2258 Vens.
914 2206 967 2258 9.
1003 2225 1022 2256 ι
1063 2206 1161 2273 Qui
1210 2208 1368 2263 habet
1413 2224 1571 2268 aures
1627 2214 1918 2282 audiendi,
1949 2219 2149 2272 audiat.
2187 2239 2204 2270 ο

651 2288 951 2348 Manifestat
975 2296 1113 2363 quod
1137 2296 1249 2351 haec
1272 2298 1624 2366 spiritualiter
1650 2306 1988 2377 intelligenda
2013 2311 2122 2365 sint
2145 2311 2211 2366 ab

650 2384 733 2438 his
754 2385 842 2454 qui
868 2386 1173 2453 spirituales
1208 2404 1363 2443 aures
1393 2391 1584 2446 anima:
1611 2394 1828 2449 habent.
1858 2398 2004 2452 Multi
2031 2411 2207 2454 autem

651 2489 809 2528 aures
856 2476 1077 2539 habent,
1122 2478 1216 2530 sed
1248 2480 1447 2532 nonad
1493 2483 1865 2551 audiendum;
1931 2495 2208 2555 propterea

649 2567 828 2620 subdit
862 2584 874 2620 :
911 2565 1011 2634 Qui
1048 2567 1208 2622 habet
1239 2583 1396 2623 aures
1442 2572 1718 2636 audiendi,
1749 2575 1835 2629 ille
1872 2577 2073 2629 audiat.

719 2656 1112 2723 VensJOJQ.
1167 2679 1184 2710 ι
1233 2660 1297 2714 Et
1352 2678 1473 2716 cum
1523 2667 1896 2721 accessissent.
1941 2670 2208 2740 discipuli,

647 2745 899 2803 dixerunt
942 2750 1054 2805 illi:
1112 2749 1290 2817 Quare
1340 2751 1393 2805 in
1448 2752 1717 2822 parabolis
1773 2756 2012 2826 loqueris
2068 2761 2212 2817 illis?

647 2837 768 2911 Ipse
796 2849 974 2894 autem
1002 2843 1332 2910 respondens
1361 2843 1495 2897 dixit
1527 2844 1633 2899 illis
1662 2864 1674 2899 :
1706 2844 1870 2902 Vobis
1908 2850 2090 2905 datum
2126 2863 2208 2907 est

647 2937 792 2992 scire
821 2951 1016 2990 arcana
1048 2936 1196 3004 regni
1228 2936 1507 3002 caelorum,
1536 2939 1642 2993 illis
1674 2951 1853 2994 autem
1884 2958 1991 2997 non
2025 2945 2206 3001 datum

647 3038 749 3082 est.
779 3029 1016 3095 Quisque
1045 3029 1186 3082 enim
1213 3030 1396 3094 habet,
1447 3030 1667 3085 dabitur
1717 3032 1816 3098 illi,
1859 3043 1914 3087 et
1961 3033 2211 3092 reddetur

649 3120 1008 3174 abundantior
1047 3141 1058 3175 :
1097 3121 1340 3189 quisquis
1389 3136 1566 3178 antem
1625 3141 1729 3179 non
1799 3127 1994 3191 habet,
2043 3132 2201 3184 etiam
2232 3158 2272 3211 ϐ

649 3209 778 3264 illud
798 3213 936 3277 quod
963 3209 1145 3272 habet,
1170 3211 1383 3264 tolletur
1413 3215 1478 3266 ab
1509 3228 1592 3267 eo.
1627 3235 1644 3265 ι
1680 3215 1935 3272 Videntes
1959 3219 2203 3288 discipuli

648 3316 898 3370 magnam
932 3300 982 3353 in
1004 3295 1086 3355 his
1101 3316 1220 3369 qua:
1251 3318 1277 3355 ο
1298 3299 1515 3358 Christo
1535 3304 1871 3370 dicebantur,
1905 3311 2208 3364 obscurita-

651 3405 799 3446 tem:
830 3401 888 3446 ut
920 3407 1236 3447 communes
1271 3393 1626 3449 multitudinis
1672 3409 2049 3464 procuratores
2103 3416 2208 3453 ac-

649 3482 846 3535 cedunt
894 3483 1308 3547 interrogantes.
1343 3483 1411 3536 At
1464 3484 1552 3538 ille
1608 3484 1779 3538 dicit:
1814 3486 1978 3542 Vobis
2023 3489 2205 3544 datum

649 3584 733 3626 est
764 3574 900 3626 scire
935 3574 1188 3636 mysteria
1217 3615 1230 3640 ,
1268 3574 1371 3628 hoc
1418 3585 1520 3639 est,
1549 3576 1673 3645 quia
1717 3579 1924 3633 habetis
1963 3579 2211 3634 alacrita-

647 3674 755 3718 tem
805 3675 858 3718 et
889 3666 1146 3729 studium,
1181 3667 1362 3720 datum
1397 3678 1480 3721 est
1530 3669 1678 3724 vobis
1704 3687 1718 3726 :
1746 3671 1850 3726 illis
1896 3682 2073 3726 autem
2107 3690 2209 3726 non

650 3756 1028 3809 adhibentibtts
1059 3757 1318 3821 studium,
1344 3775 1446 3811 non
1476 3769 1558 3813 est
1587 3760 1791 3814 datum.
1821 3762 1915 3817 ille
1944 3764 2086 3817 enim
2120 3781 2208 3818 ac—

650 3847 798 3915 cipit,
831 3847 917 3914 qui
951 3848 1161 3915 quaerit.
1213 3847 1446 3913 Qdazrite
1476 3852 1644 3915 enim,
1678 3852 1870 3921 inquit,
1905 3864 1958 3908 et
1993 3855 2207 3908 dabitur

653 3942 821 3996 vobis.
853 3941 983 3995 Vide
1016 3942 1142 3997 item
1169 3947 1437 4012 quomodo
1466 3948 1566 4000 hoc
1595 3947 1712 4001 loco
1740 3951 2046 4017 parabolam
2076 3953 2210 4005 dixit

649 4031 821 4093 .lesus,
835 4041 887 4085 et
903 4032 1148 4101 discipuli
1163 4034 1257 4088 soli
1279 4036 1368 4104 qui
1387 4035 1655 4107 interroga
1666 4049 1850 4093 verant
1865 4051 2206 4108 acceperunt.

654 4123 803 4176 Unde
843 4123 979 4176 bene
1017 4124 1269 4188 diximus,
1297 4126 1569 4181 adhibenti
1612 4129 1847 4182 studium
1877 4137 2058 4184 datum
2093 4148 2212 4188 esse

655 4217 878 4270 scicntia
913 4218 1361 4271 abundantiorem
1389 4218 1505 4271 ﬁeri
1538 4238 1550 4271 :
1583 4220 1649 4273 ab
1674 4234 1736 4274 eo
1771 4231 1948 4276 autem
1980 4225 2070 4291 qui
2101 4238 2209 4278 non

654 4310 811 4363 habet
853 4311 1109 4372 studium,
1159 4326 1262 4365 nec
1320 4321 1556 4364 mentem
1617 4313 1847 4380 dignam,
1882 4323 1938 4366 ut
1981 4331 2077 4383 par
2104 4326 2207 4380 est,

653 4400 884 4464 adhibet,
911 4403 1073 4456 etiam
1127 4403 1235 4457 tolli
1285 4404 1427 4471 quod
1463 4405 1660 4458 habere
1693 4405 1944 4459 videtur:
1973 4407 2073 4461 hoc
2107 4417 2210 4473 est,

2323 562 2643 631 προκόπτει,
2681 563 2995 632 κωλυομένη
3026 562 3128 613 ὑπὸ
3155 562 3262 613 τῶν
3292 562 3598 632 μεριμνῶν.

2393 674 2420 706 ι’
2457 654 2625 707 Ἀλλα
2669 655 2724 706 δὲ
2772 655 2967 707 ἔπεσεν
3007 654 3097 706 ἐπὶ
3147 655 3245 722 τὴν
3290 654 3394 722 γῆν
3422 655 3523 724 τὴν
3553 655 3724 722 καλήν
3749 671 3763 682 θ
3800 658 3886 706 καὶ

2315 750 2486 803 ἐδίδου
2538 748 2817 815 καρπὸν,ὃ
2850 748 2948 818 μὲν
3008 747 3274 806 sxa-coma
3325 747 3380 798 δὲ
3428 746 3714 814 ἐξήκοντα,
3749 747 3776 798 ὃ
3835 747 3888 798 τὲ

2316 839 2636 908 τριάκοντα.
2673 857 2691 888 ›
2729 838 2810 892 Τὰ
2846 839 2970 905 τρία
3008 838 3150 905 μέρη
3193 835 3287 887 τοῦ
3339 835 3538 903 σπόρου
3591 834 3888 894 ἀπιίιλοντο,

2319 933 2412 983 καὶ
2444 931 2504 982 τὸ
2546 930 2806 996 τέταρτον
2855 928 3030 994 ἐσώθη
3088 927 3278 995 μόνον·
3316 925 3490 993 ὀλίγοι
3535 926 3644 994 γάρ
3675 927 3812 977 εἰσιν
3843 926 3891 977 οἱ

2317 1018 2614 1085 σωζόμενοι
2637 1034 2648 1047 °
2682 1018 2906 1087 ὕστερον
2941 1016 2998 1069 δὲ
3023 1016 3167 1082 λέγει
3203 1017 3329 1085 περὶ
3363 1019 3459 1085 τῆς
3485 1017 3587 1085 γῆς
3628 1016 3732 1084 τῆς
3763 1018 3894 1074 ἀγα-

2314 1108 2432 1180 θῆς,
2458 1110 2631 1173 διδοὺς
2665 1112 2796 1180 ἡμῖν
2819 1108 3106 1180 μετανοίας
3137 1108 3327 1161 ἐλπίδα
3351 1125 3363 1138 ·
3396 1107 3508 1159 ἔστι
3533 1108 3642 1178 γὰρ
3673 1106 3892 1160 δυνατὸν

2315 1203 2418 1255 κᾶν
2467 1202 2751 1271 πετρώδης
2801 1204 2885 1270 εἴη
2943 1219 3062 1264 τις,
3115 1200 3217 1253 κᾶν
3265 1201 3416 1270 παρὰ
3453 1201 3552 1268 τὴν
3605 1199 3744 1263 ὁδὸν,
3794 1198 3891 1251 κᾶν

2314 1293 2724 1365 ἀκανθοφορῶν,
2772 1293 2874 1363 γῆν
2902 1294 3111 1363 ἀγαθὴν
3150 1292 3404 1361 γενέσθαι
3438 1292 3622 1351 αὐτόν.
3675 1293 3749 1345 οὐ
3791 1293 3892 1362 μὴν

2314 1386 2508 1455 ἐπίσης
2543 1385 2954 1454 καρποφοροῦσι
2989 1386 3192 1447 πάντες
3211 1385 3262 1436 οἱ
3278 1385 3561 1455 δεξάμενοι
3598 1386 3692 1438 τὸν
3712 1386 3886 1453 λόγον·

2313 1477 2427 1530 ἀλλ’
2457 1478 2486 1527 ό
2529 1478 2625 1544 μὲν
2662 1460 2664 1462 ⁷
2699 1477 2913 1539 ἑκατὸν,
2971 1479 3133 1546 τυχὸν
3167 1480 3194 1530 ὁ
3227 1476 3622 1548 ἀκτημοσύνην
3677 1477 3893 1531 τελείαν

2315 1569 2452 1639 ἔχων
2501 1572 2596 1622 καὶ
2639 1570 2815 1638 ἄκραν
2882 1568 3150 1637 ἄσκησιν·
3185 1571 3212 1621 ὁ
3254 1569 3309 1621 δὲ
3348 1568 3632 1637 ἑξήκοντα,
3669 1571 3697 1622 ὁ
3725 1587 3895 1622 κοινο-

2314 1662 2502 1724 ὕιακδς
2525 1662 2684 1731 τυχὸν
2719 1661 2945 1731 μοναχὺς
3003 1661 3091 1714 καὶ
3128 1663 3207 1712 ἔτι
3242 1657 3575 1731 πρακτικός·
3605 1664 3634 1714 δ
3655 1661 3712 1714 δὲ
3741 1661 3896 1730 τριάο

2317 1771 2500 1816 κοντα,
2539 1755 2565 1805 ό
2589 1753 2765 1820 γάμον
2791 1752 2987 1820 σεμνὸν
3026 1749 3298 1819 ἑλόμενος,
3341 1753 3434 1805 καὶ
3465 1752 3558 1814 τὰς
3589 1753 3791 1821 ἀρετὰς
3821 1752 3894 1814 ὡς

2319 1847 2549 1915 ἐγχωρεῖ
2614 1843 2910 1905 σπουδαίως
2969 1844 3389 1912 μετερχόμενος.
3455 1845 3596 1913 Ὅρα
3642 1844 3702 1896 δὲ
3757 1842 3894 1896 Θεσῦ

2319 1937 2677 2008 χρηστότητα,
2733 1936 2850 1997 πῶς
2905 1934 3110 1996 πάντας
3163 1936 3257 1988 καὶ
3301 1934 3428 1997 τοὺς
3457 1935 3522 1987 τὰ
3556 1934 3768 2004 μεγάλα
3801 1934 3894 1988 καὶ

2315 2033 2442 2093 τοὺς
2473 2029 2540 2084 τά
2591 2029 2730 2099 μέσα
2780 2029 2873 2081 καὶ
2917 2028 3040 2090 τοὺς
3087 2025 3154 2079 τὰ
3190 2025 3362 2096 μικρά
3410 2025 3772 2096 ἐνεργοῦντας
3812 2026 3891 2072 δέ-

2315 2141 2489 2194 χεται.

2395 2233 2411 2263 ι
2467 2211 2527 2266 Ὀ
2573 2211 2712 2282 ἔχων
2761 2205 2875 2262 ὦτα
2918 2208 3159 2274 ἀκούειν,
3213 2207 3478 2258 ἀκουέτω.
3519 2223 3536 2256 ι
3580 2204 3763 2272 Δηλοῖ,
3807 2203 3894 2256 ὅτι

2315 2305 2702 2376 πνευματικῶς
2737 2304 2815 2357 δεῖ
2845 2303 3101 2373 νοηθῆναι
3132 2301 3305 2353 ταῦτα
3335 2299 3482 2369 παρὰ
3506 2298 3614 2349 τῶν
3639 2299 3704 2349 τὰ
3729 2312 3893 2349 πνευ-

2319 2398 2525 2469 ματικά
2559 2397 2694 2450 ὠτία
2725 2395 3102 2466 κεκτημένων.
3145 2392 3334 2444 Πολλοὶ
3366 2392 3422 2444 δὲ
3455 2384 3568 2443 ὦτα
3598 2391 3697 2459 μὲν
3732 2390 3892 2458 ἔχου-

2317 2509 2426 2557 σιν,
2470 2491 2584 2545 ἀλλ’
2620 2493 2718 2543 οὑκ
2761 2491 2844 2552 είς
2875 2489 2934 2540 τὸ
2982 2486 3201 2540 ἀκούειν
3225 2503 3237 2516 ·
3267 2485 3354 2538 διὰ
3387 2483 3545 2537 τοῦτο
3584 2479 3676 2535 οὖν
3722 2499 3892 2552 προσ-

2314 2583 2478 2654 έθηκε
2498 2585 2581 2648 τὸ,
2609 2583 2666 2634 '0
2687 2581 2824 2650 ἔχων
2837 2574 2947 2633 ὦτα
2965 2581 3041 2642 είς
3057 2578 3116 2630 τὸ
3134 2579 3373 2641 ἀκούειν,
3395 2576 3598 2638 ἐκεῖνος
3618 2574 3886 2628 ἀκουέτω.

2395 2695 2411 2725 ι
2449 2675 2558 2728 Καὶ
2615 2671 3002 2740 προσελθόντες
3048 2672 3096 2722 οἱ
3154 2668 3423 2738 μαθηταὶ,
3498 2663 3651 2719 εἷπον
3702 2665 3888 2735 αὐτῷ’

2316 2769 2470 2821 Διατί
2498 2767 2555 2817 ἐν
2587 2763 2924 2834 παραϐολαῖς
2976 2760 3158 2822 λαλεῖς
3187 2761 3406 2823 αὑτοῖς;
3451 2757 3508 2811 '0
3536 2757 3616 2820 δὲ,
3653 2759 3891 2825 ἀποκριο

2312 2859 2423 2921 θεὶς
2441 2853 2594 2910 εἶπεν
2622 2857 2822 2918 αὐτοῖς,
2842 2855 2923 2905 ὅτι
2961 2850 3121 2920 Ὑμῖν
3143 2851 3346 2904 δέδοται
3368 2848 3569 2918 γνῶναι
3590 2848 3656 2901 τὰ
3681 2848 3890 2916 μυστή·

2315 2969 2402 3018 ρια
2457 2951 2553 3018 τῆς
2614 2946 2890 3018 βασιλείας
2949 2944 3058 2997 τῶν
3119 2941 3396 3013 οὐρανῶν,
3453 2941 3683 3002 ἐκείνοις
3721 2938 3778 2992 δὲ
3820 2938 3888 2990 οὐ

2313 3044 2545 3095 δέδοται.
2585 3040 2772 3102 Ὅστις
2810 3039 2916 3107 γὰρ
2953 3036 3066 3106 ἔχει
3089 3075 3103 3098 ,
3155 3036 3441 3104 δοθήσεται
3475 3032 3626 3101 αὐτῷ
3658 3033 3753 3085 καὶ
3786 3048 3887 3082 πε-

2316 3133 2730 3206 ρισσευθήσεται
2751 3145 2763 3160 ’
2794 3131 2941 3192 ὅστις
2967 3129 3021 3180 δὲ
3050 3129 3150 3180 οὐκ
3184 3127 3318 3196 ἕχει,
3372 3125 3465 3177 καὶ
3494 3126 3521 3176 ὃ
3549 3125 3664 3194 ἔχει
3710 3123 3890 3193 ἀρθή-

2318 3246 2466 3280 σεται
2495 3225 2588 3278 ἀπ’
2632 3223 2821 3276 αὑτοῦ.
2846 3243 2880 3275 ν»
2936 3221 3201 3293 Ὀρῶντες
3248 3221 3294 3271 οί
3334 3217 3573 3288 μαθηταὶ
3615 3219 3890 3286 ἀσάφειαν

2315 3315 2513 3382 πολλὴν
2563 3313 2619 3364 ὲν
2662 3315 2771 3371 τοῖς
2832 3310 2934 3362 ὑπὸ
2991 3307 3081 3361 τοῦ
3122 3305 3358 3378 Χριστοῦ
3415 3305 3764 3374 λεγομένοις,
3808 3305 3887 3366 ὡς

2313 3409 2480 3460 κοινοὶ
2502 3404 2796 3474 κηδεμόνες
2819 3401 2910 3453 τοῦ
2941 3399 3178 3470 πλήθους
3211 3399 3604 3468 προσέρχονται
3634 3396 3892 3465 ἐρωτῶν-

2312 3516 2418 3560 τες·
2459 3499 2514 3550 '0
2543 3497 2597 3549 δέ
2629 3511 2819 3564 φησιν’
2859 3493 3018 3563 Ὑμῖν
3042 3491 3246 3543 δέδοται
3269 3491 3468 3557 γνῶναι
3495 3489 3558 3542 τά
3583 3490 3887 3558 μυστήρια,

2313 3591 2610 3650 τουτέστιν,
2646 3586 2831 3653 ἐπειδὴ
2863 3585 3012 3653 ἔχετε
3033 3583 3343 3652 προθυμίαν
3374 3581 3466 3634 καὶ
3503 3581 3762 3651 σωυδῆν,
3796 3581 3886 3633 δέ·

2311 3683 2459 3732 δοται
2510 3677 2672 3745 ὑμῖν·
2728 3675 2956 3731 ἐκεῖνοις
2996 3671 3078 3736 δὲ,
3133 3671 3206 3740 μὴ
3258 3671 3442 3739 ἔχουσι
3503 3671 3760 3738 σπουδὴν,
3821 3671 3885 3722 οὐ

2311 3771 2536 3824 δέδοται.
2585 3766 2822 3827 Ἐκεῖνος
2867 3765 2976 3831 γὰρ
3027 3762 3312 3828 λαμϐάνει,
3349 3764 3375 3813 ὁ
3406 3761 3604 3831 ζητῶν.
3659 3764 3884 3831 Ζητεῖτε

2311 3862 2439 3930 γὰρ,
2474 3859 2624 3927 φησι,
2679 3857 2770 3908 καὶ
2800 3855 3084 3924 δοθήσεται
3115 3854 3261 3923 ὑμῖν.
3309 3852 3412 3904 Ἴδε
3450 3852 3580 3919 γοῦν
3623 3853 3742 3916 πῶς
3795 3855 3883 3906 ἐν.

2312 3951 2485 4014 ταῦοα
2513 3946 2630 4000 εἷπε
2671 3948 2766 4017 μὲν
2796 3945 2821 3996 ὁ
2850 3945 3051 4014 Κύριος
3082 3944 3180 4014 τὴν
3215 3943 3550 4014 παραϐολὴν,
3579 3945 3731 4012 μόνοι
3755 3946 3810 3998 δὲ
3833 3947 3882 3998 oi.

2318 4042 2554 4111 μαθηταὶ
2588 4039 2919 4109 ζητήσαντες
2960 4037 3165 4088 ἔλαϐον.
3222 4037 3386 4087 Ὥστε
3424 4036 3601 4097 καλῶς
3632 4039 3885 4104 εῐπομεν,

2312 4135 2393 4185 ὅτι
2441 4131 2517 4200 τῷ
2558 4131 2732 4199 ἔχοντι
2791 4128 3056 4200 σπουδὴν,
3109 4127 3301 4198 ἐκείνῳ
3347 4127 3548 4179 δίδοται
3587 4132 3620 4196 η
3657 4129 3882 4195 γνῶσις,

2316 4227 2406 4276 καὶ
2461 4222 2859 4292 περισσεύεται.
2910 4222 2998 4292 Τῷ
3040 4220 3096 4272 δὲ
3148 4220 3221 4290 μὴ
3278 4220 3454 4287 ἔχοντι
3502 4221 3739 4290 σπουδὴν
3790 4223 3885 4274 καὶ

2312 4317 2535 4385 γνώμην
2562 4313 2736 4378 ἀξίαν,
2763 4316 2855 4366 καὶ
2872 4315 2898 4366 ὃ
2919 4314 3064 4366 δοκεῖ
3093 4315 3236 4383 ἔχειν
3255 4312 3550 4381 ἀρθήσεται
3573 4312 3668 4365 ἀπ’
3689 4314 3882 4366 αὐτοῦ·

2318 4406 2581 4471 τουτέστι,
2606 4405 2708 4457 κᾶν
2744 4405 2940 4474 μικρὸν
2960 4421 3080 4456 τινα
3110 4403 3380 4471 σπινθῆρα
3411 4404 3508 4474 ἔχῃ
3531 4403 3622 4456 τοῦ
3645 4405 3882 4472 ἀγαθοῦ.

653 4493 809 4543 etiam
844 4493 886 4543 si
921 4506 1137 4559 parvam
1174 4493 1458 4559 quamdam
1493 4495 1615 4548 boui
1647 4495 1936 4549 scintillam
1980 4499 2204 4566 habeat,

2318 4499 2564 4552 σϐέννυσι
2613 4500 2707 4551 καὶ
2753 4498 2968 4560 τοῦτον,
3023 4496 3096 4565 μὴ
3139 4495 3391 4562 ἐκψυσῶν
3441 4498 3602 4551 αὐτὸν
3645 4499 3735 4552 διὰ
3782 4501 3882 4553 τοῦ

653 4594 703 4633 υι
734 4597 850 4635 cam
882 4598 984 4636 non
1006 4586 1202 4637 excitet
1229 4595 1282 4638 et
1311 4587 1564 4639 accendat
1597 4601 1692 4655 per
1709 4587 1951 4655 spiritum
1972 4602 2024 4643 et
2050 4592 2210 4659 spiri-

654 4674 814 4727 tualia
848 4689 1006 4742 Opera
1042 4678 1332 4745 exstingui.

721 4763 883 4818 Vens.
916 4764 1001 4818 f3.
1036 4784 1053 4816 t
1089 4766 1377 4838 Pmptcrea
1408 4783 1502 4837 per
1531 4772 1813 4839 parabolas
1843 4774 2034 4844 loquor
2067 4775 2169 4829 illis
2196 4818 2208 4843 ,

654 4856 775 4921 quia
794 4855 1038 4910 videntes
1069 4873 1172 4910 non
1206 4859 1406 4922 vident,
1437 4867 1490 4913 et
1519 4863 1799 4917 audientes
1831 4880 1934 4918 non
1963 4867 2209 4933 audiunt,

655 4960 824 5015 neque
857 4949 1173 5018 intelligunt.
1210 4973 1226 5001 ι
1263 4953 1507 5007 Attende.
1545 4953 1640 5010 llic
1669 4958 1810 5010 cnim
1844 4959 2001 5010 solvit
2031 4975 2208 5028 quaes-

655 5040 852 5093 tionem
884 5041 1179 5095 dicentium
1213 5046 1351 5110 quod
1383 5062 1410 5097 a
1442 5056 1630 5099 natura
1665 5058 1716 5100 ct
1742 5067 1768 5101 a
1800 5051 1906 5103 Deo
1935 5053 2055 5103 mali
2088 5064 2212 5106 sunt

654 5133 886 5196 quidam.
907 5132 1226 5198 Dixitenim,
1253 5136 1519 5205 inquiunt,
1546 5140 1819 5194 Christus:
1853 5142 2011 5197 Vobis
2030 5146 2208 5198 datum

655 5231 736 5273 est
756 5238 908 5276 nosse
931 5239 1149 5289 arcana,
1180 5225 1377 5283 Judaeis
1399 5241 1576 5281 autem
1613 5247 1713 5282 non
1739 5243 1818 5285 est
1840 5235 2040 5288 datum.
2077 5235 2212 5289 Dici-

657 5326 774 5365 tuus
833 5326 960 5380 ergo
999 5317 1062 5369 ad
1119 5316 1240 5371 illos
1295 5333 1414 5371 cum
1470 5319 1598 5386 Deo,
1631 5321 1886 5387 dicentes,
1929 5325 2039 5394 66
2071 5325 2210 5392 quod

659 5403 795 5458 Deus
824 5416 1014 5459 omnes
1044 5407 1204 5461 iaciat
1230 5410 1530 5481 intelligere
1565 5420 1753 5464 natura
1785 5425 2043 5481 quantum
2079 5430 2212 5483 Opus

658 5505 757 5548 est.
789 5496 1012 5552 Omnem
1050 5500 1187 5552 enim
1227 5501 1493 5557 hominem
1531 5503 1795 5557 illuminat
1831 5508 2129 5561 venientem
2161 5509 2210 5561 in

649 5583 798 5639 hunc
831 5591 1081 5642 mundum
1104 5590 1463 5648 ml.Voluntas
1486 5603 1665 5650 autem
1690 5605 1870 5651 nostra
1895 5599 2213 5655 ohtcnehrat

730 5770 801 5803 ν’
832 5772 981 5826 Jnatt.
1014 5793 1046 5838 ι,
1086 5779 1134 5830 ί).

2317 4593 2623 4658 πνεύματος
2672 4592 2762 4642 καὶ
2825 4591 2931 4642 τῶν
2980 4591 3363 4659 πνευματικῶν
3404 4595 3599 4664 ἔργων,
3642 4594 3737 4646 καὶ
3782 4595 3883 4650 ἀν’

2315 4686 2519 4739 ἀπτων.

2390 4801 2406 4831 ι
2452 4779 2549 4831 Διὰ
2575 4777 2729 4830 τοῦτο
2750 4778 2815 4828 ’ἐν
2847 4776 3181 4846 παραϐολαῖς
3212 4777 3395 4841 αὐτοῖς
3448 4774 3616 4843 λαλῶ,
3640 4777 3724 4831 ὃτι
3755 4777 3882 4846 βλί-

2317 4889 2503 4934 ττοντες
2539 4872 2598 4922 οὐ
2628 4871 2902 4940 βλέπουσι,
2955 4871 3046 4922 καὶ
3076 4869 3364 4930 ἀκούοντες
3414 4869 3513 4922 οὐκ
3567 4870 3883 4933 ἀκούουσιν,

2312 4963 2429 5014 οὐδὲ
2484 4961 2769 5013 συνιοῦσιν.
2815 4962 3073 5028 Πρόσεχε.
3140 4957 3418 5010 Ἐντεῦθεν
3446 4957 3554 5025 γὰρ
3598 4957 3787 5008 λύεται
3825 4960 3887 5009 τιι

2314 5053 2528 5121 ζήτημα
2584 5053 2688 5102 τῶν
2732 5051 2996 5116 λεγόντων
3023 5052 3104 5101 ὅτι
3138 5052 3200 5100 ἐκ
3234 5048 3443 5112 questo;
3471 5048 3566 5100 καὶ
3602 5050 3706 5099 ἀπο
3743 5049 3881 5099 Θεσιῦ

2311 5144 2452 5206 τινές
2491 5146 2592 5195 εἰσι
2622 5144 2798 5196 κακοί.
2838 5140 2969 5194 Eine
2998 5147 3126 5214 γὲρ,
3157 5144 3305 5211 φασὶ,
3339 5145 3473 5196 καὶὸ
3507 5144 3763 5211 Χριστὸς,
3799 5146 3883 5196 ὅτι

2324 5235 2482 5304 Ὑμῖν
2516 5237 2719 5289 δέδοται
2759 5235 2958 5303 γνῶναι
2993 5237 3057 5287 τὰ
3098 5238 3392 5306 μυστήρια,
3435 5235 3702 5298 Ἰουδαίοις
3732 5237 3788 5288 δὲ
3819 5238 3881 5289 οὐ

2314 5328 2539 5381 δέδοται.
2584 5331 2826 5398 Λέγομεν
2861 5325 2951 5380 οὖν
2985 5331 3120 5397 πρὸς
3167 5329 3291 5388 τοὺς
3338 5326 3562 5380 τοιαῦτα
3596 5327 3880 5395 λέγοντας,

2317 5421 2411 5471 συν
2443 5420 2581 5488 Θεῷ,
2617 5421 2698 5471 ὃτι
2733 5423 2760 5472 ὁ
2788 5420 2886 5489 μὲν
2917 5421 3050 5484 Θεὸς
3081 5421 3288 5480 πάντας
3321 5422 3464 5471 ποιεῖ
3504 5421 3645 5472 νοεῖν
3677 5419 3737 5470 τὸ
3763 5421 3884 5473 δέον

2316 5511 2576 5579 φυσικῶς.
2633 5512 2812 5565 Πάντα
2849 5512 2953 5580 γὰρ
2995 5513 3281 5581 ἄνθρωπον
3317 5511 3538 5578 φωτίζει
3585 5500 3882 5582 ἐρχόμενον

2316 5607 2389 5665 είς
2443 5606 2530 5656 τὸν
2574 5607 2789 5676 κόσμονσ
2850 5609 2878 5656 ὗ
2947 5606 3001 5658 δὲ
3045 5605 3359 5676 προαίρεσις
3425 5600 3580 5672 ἡμῶν
3639 5603 3882 5668 σκοιίςει
