4080 6336
290 360 396 432 2M

896 367 1348 430 ENARRATIO
1379 365 1459 429 ΙΝ
1502 367 2002 432 EVANGELIUM
2045 369 2434 431 MA'I‘THASI.
2461 393 2524 404 -
2556 370 2720 434 CAP.
2749 371 2923 432 XIII.

3456 368 3566 435 282

292 483 465 553 ἡμᾶς.
510 481 679 535 Τοῦτο
711 477 804 535 οὖν
853 482 944 535 καὶ
975 481 1209 536 ἐνταῦθα
1262 481 1536 552 δηλοῦται.
1571 483 1709 552 Φησὶ
1737 483 1862 553 γὰρ,

1977 499 2102 539 nos.
2169 483 2280 539 tloc
2336 484 2504 555 igitur
2571 493 2624 540 et
2673 485 2726 536 in
2779 484 2887 537 isto
2953 480 3075 536 loco
3153 481 3558 538 manifestatur.

291 571 378 624 δτι
409 570 706 633 Βλέποντες
757 572 1022 640 φυσικῶς,
1081 571 1382 636 τουτέστιν,
1429 573 1533 624 ὑπὸ
1584 571 1678 625 τοῦ
1733 572 1870 626 Θεοῦ

294 661 795 732 δημιουργηθέντες
841 665 980 716 νοεῖν
1002 705 1016 728 ,
1050 663 1110 716 ού
1142 663 1397 734 βλέπουσι
1449 665 1872 735 προαιρετικῶς·

297 755 394 809 καὶ
439 757 770 823 ἀκούοντες,
821 742 1104 821 τουτέστι,
1169 758 1414 826 φυσικῶς
1450 756 1554 810 ὑπὸ
1592 756 1686 810 τοῦ
1737 755 1874 809 Θεοῦ

293 847 830 920 δημιουργηθέντες,
882 847 1022 901 ὥστε
1065 848 1286 902 ἀκούειν
1337 850 1431 902 καὶ
1479 849 1739 914 συνιέναι,
1775 849 1876 901 οὐκ

297 940 614 1004 ἀκούουσιν,
665 941 784 994 οὐδὲ
845 942 1089 993 συνιᾶσιν
1130 940 1238 995 ἀπὸ
1286 941 1680 1012 προαιρέσεως.
1741 940 1874 992 Εἰπέ

297 1029 408 1099 γάρ
444 1049 564 1100 μοι,
623 1032 724 1084 οὐκ
776 1031 1007 1086 ἔϐλεπον
1047 1033 1114 1087 τά
1160 1031 1412 1101 θαύματα
1451 1031 1546 1084 τοῦ
1594 1031 1870 1103 Χριστοῦ;

299 1121 425 1185 Ναὶ,
455 1123 572 1176 ἀλλ’
601 1124 820 1180 ἐποίουν
847 1124 1076 1188 ἑαυτοὺς
1109 1123 1364 1193 τυφλοὺς,
1404 1124 1496 1178 καὶ
1530 1123 1872 1194 κατηγόρουν

294 1213 485 1268 αὑτοῦ.
517 1215 691 1270 Τοῦτο
723 1217 852 1285 γοῦν
902 1220 1020 1271 ἐστι
1048 1219 1130 1282 τὸ,
1187 1217 1476 1288 βλέποντες
1499 1218 1560 1270 οὐ
1591 1217 1869 1288 βλέπουσι.

295 1307 543 1378 Παράγει
573 1311 754 1364 τοίνυν
782 1313 875 1365 καὶ
905 1310 997 1364 τὸν
1025 1312 1312 1383 προφήτην
1339 1311 1621 1380 μάρτυρα.

372 1419 392 1452 ι
428 1401 536 1454 Καὶ
567 1402 974 1474 ἀναπληροῦται
1008 1405 1192 1468 αὐτοῖς
1215 1406 1248 1474 ἡ
1277 1405 1588 1474 προφητεία
1623 1403 1869 1466 Ἡσαΐου,

295 1490 327 1558 ἡ
364 1489 632 1559 λέγουσα·
659 1492 820 1563 ’Ἀκοῇ
853 1493 1134 1560 ἀκούσετε,
1176 1493 1268 1546 καὶ
1303 1493 1362 1546 οὗ
1397 1493 1470 1563 μὴ
1509 1492 1724 1561 συνῆτε,
1779 1492 1872 1544 καὶ

295 1583 583 1652 βλέποντες
604 1586 848 1655 βλέψετε,
881 1589 976 1640 καὶ
1006 1589 1066 1639 οὐ
1098 1587 1172 1658 μὴ
1203 1587 1372 1656 ἴδητε.
1419 1585 1727 1656 Ἐπαχύνθη
1763 1585 1871 1655 γὰρ

292 1678 326 1743 ἠ
362 1677 558 1748 καρδία
592 1677 685 1731 τοῦ
733 1679 864 1732 λαοῦ
921 1678 1137 1743 τούτου,
1175 1680 1270 1732 καὶ
1326 1681 1439 1743 τοῖς
1495 1679 1599 1732 ὠσὶ
1659 1679 1871 1750 βαρέως

292 1769 556 1836 ἤκουσαν.
612 1772 702 1824 καὶ
746 1772 868 1833 τοὺς
920 1771 1231 1842 ὀφθαλμοὺς
1290 1773 1468 1825 αὐτῶν
1519 1771 1866 1842 ἐκάμμυσαν,

293 1866 506 1930 μήποτε
542 1863 691 1916 ῖδωσι
726 1865 838 1925 τοῖς
880 1863 1200 1933 ὀφθαλμοῖς,
1241 1868 1334 1917 καὶ
1383 1867 1496 1924 τοῖς
1540 1866 1675 1918 ὠσὶν
1706 1865 1871 1920 ἀκού-
1904 1852 1943 1904 Β

289 1970 450 2015 cum,
482 1955 576 2008 καὶ
605 1958 667 2027 τῇ
701 1956 894 2029 καρδία
927 1959 1150 2026 συνῶσι,
1188 1960 1280 2011 καὶ
1328 1958 1729 2029 ἐπιστρέψωσι,
1773 1961 1869 2010 καὶ

291 2046 533 2118 ίάσωμαι
592 2049 811 2113 αὐτούς.
854 2069 872 2101 ι
927 2050 1089 2120 Ὁρᾷς
1143 2051 1196 2103 τί
1243 2068 1408 2122 φησιν
1458 2055 1490 2122 ἡ
1531 2052 1864 2123 προφητεία;

286 2136 440 2204 Ὀτι,
474 2139 533 2190 οὐ
559 2139 644 2192 διὰ
685 2139 840 2193 τοῦτο
869 2142 928 2194 οὺ
962 2141 1036 2210 μὴ
1064 2141 1278 2211 συνῆτε,
1306 2143 1385 2196 ὅτι
1417 2145 1648 2212 παχεῖαν
1679 2142 1868 2195 ἓκτισα

285 2232 392 2298 τὴν
424 2233 655 2302 καρδίαν
686 2235 862 2304 ὑμῶν,
898 2235 1012 2287 ἀλλ’
1042 2237 1122 2290 ὅτι
1151 2236 1453 2307 ἐπαχύνθη,
1487 2237 1657 2308 λεπτὴ
1683 2237 1868 2306 δηλον-

282 2318 383 2375 ότι
423 2323 684 2394 πρότερον
737 2320 911 2380 οὖσαι
960 2327 1020 2380 τὸ
1064 2327 1176 2396 γὰρ
1218 2328 1614 2398 παχυνόμενον,
1668 2328 1865 2382 λεπτὸν

285 2415 558 2486 πρότερον
589 2413 676 2487 ἦν.
736 2420 1105 2492 Παχυνθείσης
1160 2421 1217 2474 δὲ
1267 2422 1491 2490 ταύτης,
1545 2419 1688 2474 οὕτω
1739 2423 1864 2484 τοὺς

281 2508 596 2579 ὀφθαλμοὺς
620 2511 799 2565 αὐτῶν
827 2514 1178 2584 ἐκάμμυσαν.
1213 2513 1326 2566 Ούκ
1352 2511 1474 2566 εἷπε
1496 2513 1551 2566 δὲ
1574 2513 1654 2566 ὅτι
1692 2513 1864 2582 ἐκάμ-

283 2619 460 2671 μυσεν
494 2605 521 2656 ὁ
553 2603 684 2667 Θεὸς
715 2606 841 2670 τοὺς
871 2607 1186 2677 ὀφθαλμοὺς
1227 2607 1428 2672 αὐτῶν,
1459 2607 1576 2660 ἀλλ’
1609 2609 1693 2661 ὅτι
1720 2609 1865 2660 ἐκεῖ·

279 2708 362 2744 νοι
397 2691 460 2745 ἐκ
503 2693 896 2764 προαιρέσεως.
929 2697 1100 2751 Τοῦτο
1127 2697 1184 2750 δὲ
1217 2698 1502 2768 ἐποίησαν,
1555 2700 1739 2768 φησὶν,
1775 2701 1862 2754 ἵνα

283 2782 361 2852 μὴ
405 2784 774 2854 ἐπιστρέψωσι
818 2788 911 2840 καὶ
957 2788 1196 2857 ίάσωμαι
1240 2787 1469 2852 αὐτούς’
1520 2789 1861 2854 ἐθελοκὰκως

277 2872 392 2939 γὰρ
469 2873 812 2929 ἐσπούδασαν
885 2875 1248 2946 ἀθεράπευτοι
1308 2877 1402 2928 καὶ
1471 2876 1858 2948 ἀνεπίστροιροι

353 2966 485 3020 ῖναι.

357 2982 485 3020 ιναι.

278 2982 374 3112 με(
429 3051 613 3138 Ὑμῶν
649 3062 704 3116 δέ
753 3063 1016 3136 μακάριοι
1046 3067 1096 3118 οἱ
1130 3067 1422 3138 ὀφθαλμοὶ,
1457 3072 1538 3122 ὅτι
1572 3068 1855 3138 βλέπουσι,

275 3157 371 3208 καὶ
401 3155 469 3208 τά
488 3149 601 3209 ὦτα
629 3157 804 3226 ὑμῶν,
834 3159 916 3212 ὅτι
945 3159 1149 3213 ἀκούει.
1194 3162 1365 3233 Ἀμὴν
1393 3163 1501 3233 γὰρ
1530 3163 1672 3231 λέγω
1707 3165 1852 3233 ύμῖν,
1885 3197 1926 3255 C

272 3249 358 3301 ὅτι
395 3248 577 3302 πολλοὶ
605 3252 879 3321 προφῆται
915 3253 1006 3305 καὶ
1051 3253 1248 3307 δίκαιοι
1283 3256 1639 3326 ἐπεθύμησαν
1670 3254 1852 3309 ἰδεῖνᾶ

275 3339 529 3408 βλέπετε,
570 3340 663 3394 καὶ
689 3343 788 3394 οὐκ
819 3337 982 3404 εἶδον,
1021 3345 1117 3397 καὶ
1151 3344 1385 3400 ἀκοῦσαι
1411 3345 1446 3401 ἃ
1475 3347 1726 3413 ἀκούετε,
1760 3349 1852 3399 καὶ

272 3433 377 3486 οὐκ
417 3435 678 3504 ἥκουσαν.
719 3455 739 3489 ι
779 3437 888 3489 Καὶ
929 3439 978 3490 οἱ
1007 3439 1258 3508 αἰσθητοὶ
1301 3441 1399 3510 μὲν
1441 3440 1711 3511 ὀφθαλμοὶ
1746 3441 1853 3494 τῶν

272 3526 590 3580 ἀποστόλων
625 3528 717 3580 καὶ
748 3528 815 3581 τά
847 3522 960 3582 ὦτα
995 3530 1268 3600 μακάριαο
1310 3531 1449 3601 πλὴν
1479 3532 1613 3586 ἀλλὰ
1653 3533 1855 3602 μᾶλλον

272 3622 323 3671 οἱ
355 3619 573 3688 ψυχικοὶ
607 3619 876 3688 ὀφθαλμοὶ
916 3622 1009 3673 καὶ
1039 3621 1108 3674 τά
1155 3615 1270 3675 ὦτα
1304 3623 1658 3693 μακαρισμοῦ
1701 3623 1850 3689 ἀξια,

271 3715 356 3767 ὅτι
406 3711 619 3780 ἐπέγνω
663 3713 756 3766 τὸν
799 3714 1054 3784 Χριστόν.
1094 3715 1344 3784 Προτιμᾷ
1386 3715 1443 3768 δὲ
1475 3715 1699 3778 τούτους
1745 3715 1854 3768 τῶν

275 3808 594 3879 προφητῶν,
626 3808 758 3861 διότι
791 3812 885 3862 καὶ
914 3811 1240 3880 σωματικῶς
1271 3805 1412 3864 εἶδον
1433 3805 1580 3864 οὗτοι
1611 3809 1700 3862 τὸν
1724 3811 1858 3880 Χρι-

277 3900 426 3966 στὸν,
457 3902 652 3954 ἐκεῖνοι
679 3901 756 3966 δέ,
795 3903 995 3971 νοερῶς
1033 3903 1224 3973 μόνον·
1258 3903 1393 3957 ἀλλὰ
1422 3905 1514 3956 καὶ
1545 3905 1628 3956 ὅτι
1658 3906 1855 3956 ἐκεῖνοι

272 3993 337 4048 οὐ
387 3993 659 4048 τοσούτων
713 3994 1031 4066 μυστηρίων
1080 3997 1172 4050 καί
1228 3997 1486 4067 τοιαύτης
1543 3995 1857 4066 ἠξιώθησαν

272 4086 558 4155 γνώσεως,
590 4087 722 4155 ὅσης
749 4080 891 4140 οὗτοι
916 4102 930 4118 ο
953 4087 1111 4140 ’κατὰ
1140 4087 1234 4140 δύο
1262 4083 1355 4141 οὖν
1395 4089 1721 4158 ὑπερέχουσι
1749 4087 1857 4140 τῶν

273 4180 575 4251 προφητῶν
620 4182 667 4232 οἱ
706 4179 1027 4246 ἀπόστολοι,
1074 4181 1174 4233 καὶ
1247 4180 1385 4233 κατὰ
1431 4181 1492 4232 τὸ
1528 4180 1857 4250 σωματικῶς

276 4273 432 4336 ἰδεῖν,
479 4271 575 4325 καὶ⁷
620 4271 763 4324 κατά
800 4273 858 4323 τὸ
895 4271 1414 4343 πνευματικώτερον
1453 4266 1743 4344 ’μυηθῆναι
1789 4275 1859 4328 τά

271 4365 417 4420 Οεῖα.
448 4363 740 4434 Σαφηνίζει
779 4362 870 4416 οῦν
897 4365 995 4434 τὴν
1031 4365 1347 4436 παραϐολὴν
1396 4367 1510 4428 τοῖς
1565 4366 1854 4435 μαθηταῖς,

268 4457 446 4524 λέγων
467 4473 481 4488 °

1982 575 2124 631 Dicit
2187 576 2330 630 enim
2394 576 2539 646 quod
2603 575 2850 630 videntes
2919 582 3137 636 natura,
3199 575 3301 628 hoc
3360 584 3465 637 est,
3533 589 3561 628 a
3613 621 3624 633 .

1981 666 2089 720 Deo
2117 664 2266 730 faeti,
2297 677 2353 721 ut
2385 676 2576 720 natura
2621 664 2923 735 intelligere
2966 665 3199 733 possint,
3232 680 3337 718 non
3378 667 3565 719 vident

1981 756 2305 820 voluntarie,
2346 763 2400 809 et.
2427 756 2730 820 audientes,
2762 757 2864 810 hoc
2893 763 2999 817 est,
3035 754 3362 808 naturaliter
3393 766 3422 807 a
3454 754 3565 808 Deo

1980 849 2054 903 ita
2086 848 2239 914 facti,
2269 857 2328 902 ut
2359 851 2549 904 audire
2574 858 2630 904 et
2681 848 2984 918 intelligere
3007 857 3233 917 queant,
3267 864 3370 901 non
3401 848 3560 902 audi-

1979 949 2074 993 unt
2138 954 2311 1010 neque
2381 939 2688 1010 intelligunt
2747 949 2969 1008 propter
3043 938 3404 993 voluntatem.
3467 937 3563 990 Due

1978 1032 2150 1100 enim,
2208 1048 2414 1102 quaeso,
2441 1048 2509 1086 an
2545 1046 2649 1086 non
2699 1031 2955 1085 videbant
3003 1030 3266 1085 miracula
3318 1029 3568 1083 Christi?

1978 1126 2229 1181 Profecto
2256 1125 2390 1182 :‘sed
2440 1123 2711 1180 faciebant
2755 1124 2966 1194 seipsos
2989 1137 3183 1187 caecos,
3211 1131 3266 1176 et
3298 1121 3558 1177 taxaliant

1976 1233 2121 1274 eum.
2170 1217 2283 1273 Hoc
2315 1232 2445 1288 ergo
2490 1228 2597 1284 est,
2630 1217 2873 1272 videntes
2915 1231 3020 1270 non
3053 1215 3264 1270 vident.
3328 1216 3564 1270 Adducit

1977 1311 2142 1381 igitur
2163 1299 2218 1364 iet
2240 1311 2560 1381 prophetam
2599 1319 2812 1364 testent.

2049 1402 2216 1458 Vsus.
2247 1404 2335 1468 Η,
2390 1404 2475 1458 15.
2519 1422 2536 1453 ι
2578 1403 2644 1458 Et
2692 1403 2948 1472 impletur
2995 1402 3049 1456 in
3101 1401 3209 1456 illis
3273 1398 3560 1470 prophetia

1977 1497 2131 1551 Isaia:
2168 1513 2288 1566 quae
2308 1497 2473 1551 dicit:
2509 1496 2748 1551 Auribus
2779 1495 3034 1557 audietis,
3059 1503 3114 1550 et
3143 1509 3247 1549 non
3279 1493 3557 1561 intelnge-

1977 1591 2088 1646 tis:
2123 1599 2176 1645 et
2210 1591 2456 1644 videntes
2497 1589 2766 1653 videbitis,
2796 1597 2852 1642 et
2891 1603 2996 1641 non
3047 1587 3307 1643 cernetis.
3347 1585 3560 1638 lucras-

1975 1693 2151 1740 satum
2201 1692 2285 1737 est
2333 1683 2478 1736 enim
2519 1697 2617 1736 cor
2662 1680 2842 1750 populi
2890 1679 3073 1745 huius,
3098 1688 3152 1734 et
3181 1679 3408 1732 auribus
3435 1694 3558 1748 gra-

1978 1781 2117 1833 viter
2159 1777 2470 1839 audierunt,
2520 1786 2574 1830 et
2619 1776 2804 1829 oculos
2859 1789 2988 1829 suos
3042 1774 3411 1835 occluserunt,
3465 1788 3558 1826 ne-

1973 1870 2191 1937 quando
2244 1868 2490 1922 viderent
2550 1866 2761 1929 oculis,
2800 1875 2854 1920 et
2910 1865 3134 1920 auribus
3189 1864 3445 1919 audirent
3501 1873 3555 1916 et

1972 1963 2136 2015 corde
2156 1959 2537 2029 intelligerent,
2563 1967 3037 2024 etconvertantur,
3066 1965 3118 2011 et
3142 1971 3326 2010 sancm
3369 1956 3505 2009 illos.
3533 1973 3552 2006 ι

1974 2054 2136 2109 Vides
2168 2054 2296 2122 quid
2331 2054 2473 2107 dicat
2512 2051 2844 2122 prophetia?
2877 2065 3158 2120 propterea
3198 2064 3303 2103 non
3347 2047 3559 2102 intelli-

1971 2147 2128 2212 getis,
2163 2160 2266 2198 non
2301 2143 2439 2212 quod
2491 2158 2737 2196 crassum
2793 2141 3092 2196 creaverim
3145 2155 3241 2195 cor
3290 2147 3555 2201 vestrum,

1970 2225 2062 2292 sed
2109 2237 2251 2306 quod
2298 2237 2658 2289 incrassatum
2690 2234 2781 2297 sit,
2811 2235 2952 2302 quod
3009 2241 3166 2286 antea
3205 2230 3554 2286 manifestum

1967 2339 2051 2384 est
2113 2327 2307 2383 subtile
2365 2328 2552 2382 fuisse.
2605 2327 2756 2392 Quod
2808 2327 2954 2380 enim
3011 2326 3368 2391 iucrassatnr,
3408 2326 3558 2391 prius

1967 2432 2125 2476 tenue
2149 2419 2245 2473 fuit
2276 2437 2289 2472 :
2319 2421 2627 2474 incrassato
2683 2427 2863 2473 autem
2913 2418 3022 2482 illo,
3061 2417 3138 2471 sic
3188 2416 3373 2471 oculos
3427 2431 3556 2470 suos

1967 2513 2316 2567 occluserunt
2345 2529 2358 2565 :
2391 2528 2498 2566 non
2539 2511 2677 2564 dixit
2707 2511 2850 2581 quod
2898 2510 3194 2564 occ-luserit
3237 2509 3427 2563 oculos
3457 2524 3549 2562 en-

1966 2621 2085 2658 rum
2125 2605 2286 2666 Deus,
2323 2603 2413 2656 sed
2453 2601 2527 2655 illi
2567 2617 2663 2654 sua
2701 2601 2998 2655 voluntate.
3034 2599 3165 2653 Illud
3201 2599 3344 2653 enim
3408 2596 3552 2652 fere—

1966 2706 2124 2762 runt,
2154 2695 2363 2763 inquit,
2411 2708 2478 2750 ne
2507 2702 2918 2759 convertantur,
2949 2703 3001 2747 et
3039 2706 3226 2745 sanem
3270 2691 3407 2744 illos.
3443 2688 3552 2742 Sua

1962 2784 2110 2839 enim
2143 2784 2350 2838 malitia
2397 2799 2617 2854 operam
2641 2782 2908 2838 dederunt
2938 2792 2995 2836 ut
3028 2781 3354 2837 incuraliiles
3400 2787 3454 2835 et
3485 2781 3550 2834 ad

1963 2877 2377 2932 conversionem
2413 2877 2578 2946 inepti
2613 2875 2826 2931 tierent.

2036 3064 2200 3118 Vens.
2234 3063 2323 3129 16,
2359 3062 2446 3116 l7.
2477 3082 2496 3114 ι
2533 3061 2713 3118 Vestri
2739 3076 2868 3117 vero
2895 3063 3037 3117 beati
3071 3072 3198 3118 sunt
3229 3061 3392 3129 oeuli,
3425 3062 3549 3132 quia

1968 3157 2186 3221 vident;
2214 3165 2268 3211 et
2298 3171 2456 3211 aures
2483 3164 2699 3221 vestrm,
2725 3159 2847 3224 quia
2877 3156 3122 3209 audiunt.
3151 3157 3322 3210 Amen
3352 3155 3552 3225 quippe

1959 3247 2079 3302 dico
2108 3247 2284 3310 vobis,
2327 3247 2470 3315 quod
2506 3246 2663 3300 multi
2700 3247 2978 3316 propheta:
3013 3257 3065 3300 et
3097 3245 3226 3315 justi
3264 3245 3550 3301 desidera-

1949 3349 2152 3394 verunt
2179 3339 2364 3394 videre
2389 3353 2512 3408 quae
2543 3338 2761 3404 videtis,
2796 3349 2848 3393 et
2894 3354 3000 3392 non
3042 3341 3334 3394 viderunt:
3364 3348 3417 3394 ct
3453 3355 3552 3392 au-

1958 3433 2078 3487 dire
2115 3445 2235 3500 qua:
2273 3431 2496 3494 auditis,
2524 3439 2578 3484 et
2616 3445 2722 3484 non
2759 3430 3074 3486 audierunt.
3113 3449 3131 3482 ›
3169 3429 3233 3482 Et
3263 3431 3551 3486 sensibiles

1960 3528 2178 3597 quidem
2206 3525 2576 3597 apostolorum
2602 3523 2742 3580 oculi
2770 3533 2824 3579 et
2847 3541 3006 3581 aures
3038 3527 3232 3589 beatae,
3262 3526 3355 3580 sed
3379 3527 3550 3581 multo

1960 3621 2132 3688 magis
2189 3617 2498 3688 spirituales
2565 3617 2704 3671 oculi
2759 3629 2923 3688 atque
2982 3633 3146 3674 aures
3207 3618 3551 3673 beatitudine

1959 3714 2134 3783 digna:
2181 3711 2326 3782 quod
2383 3721 2718 3780 agnoverunt
2767 3710 3072 3766 Christum.
3105 3711 3330 3767 Praefert
3365 3723 3550 3766 autem

1960 3809 2079 3864 illos
2118 3809 2418 3879 prophetis,
2450 3823 2516 3861 eo
2548 3810 2692 3876 quod
2757 3809 2807 3862 hi
2857 3809 3136 3865 Christum
3195 3809 3554 3879 corporaliter

1960 3903 2229 3964 viderunt,
2259 3901 2333 3962 illi
2374 3902 2686 3956 mentaliter
2709 3910 2945 3965 tantum,
2969 3902 3062 3957 sed
3091 3911 3146 3957 et
3172 3903 3316 3972 quod
3338 3902 3412 3955 illi
3446 3917 3550 3955 non

1961 3992 2196 4048 assecuti
2233 3990 2455 4046 fuerunt
2482 3999 2632 4045 tanta
2668 3993 2928 4061 mysteria
2977 4001 3032 4046 et
3080 3992 3242 4046 talem
3295 3993 3547 4046 nmitiam

1961 4093 2222 4155 quantum
2251 4086 2308 4139 ii.
2336 4085 2392 4138 In
2439 4084 2651 4140 duobus
2694 4087 2838 4138 enim
2888 4085 3271 4156 praecellebant
3308 4087 3545 4155 prophe-

1965 4188 2044 4231 tas
2068 4175 2325 4244 apnstoli,
2350 4186 2404 4228 et
2437 4175 2796 4245 corporaliter
2829 4176 3078 4242 vivendo,
3107 4185 3162 4230 et
3191 4176 3365 4245 magis
3389 4177 3549 4245 spiri-

1963 4268 2182 4324 tualiter
2209 4267 2557 4338 intelligendo
2589 4268 2794 4322 divina.
2825 4267 3137 4322 Manifestat
3169 4268 3337 4339 igitur
3389 4283 3548 4337 para-

1960 4361 2138 4417 bolam
2172 4361 2477 4432 discipulis,
2511 4361 2698 4415 dicens
2747 4381 2758 4414 :

2038 4448 2198 4505 Vsus.
2240 4449 2466 4514 18,19.
2525 4469 2542 4501 ι
2601 4448 2705 4504 Vos
2761 4451 2927 4519 igitur
2992 4452 3173 4507 audite
3231 4450 3546 4522 parabolam

352 4567 370 4598 ι
426 4548 612 4618 Ὑμεῖς
642 4549 734 4603 οὖν
768 4550 1040 4603 ἀκούτατε
1068 4552 1166 4622 τὴν
1198 4549 1517 4621 παραῦολὴν
1549 4550 1640 4603 τοῦ
1693 4552 1846 4604 σπεί-

1966 4545 2296 4598 seminantis.
2329 4544 2462 4600 Cum
2515 4547 2641 4615 quis
2672 4548 2911 4600 audierit
2945 4562 3254 4602 sermonem
3289 4550 3462 4617 regni,
3495 4559 3549 4602 et

272 4657 486 4710 ροντος.
531 4641 744 4705 Παντὸς
773 4643 1062 4707 ἀκούοντος
1089 4645 1180 4697 τὸν
1206 4644 1362 4712 λόγον
1392 4644 1491 4714 τῆς
1547 4642 1845 4713 βασιλείας,

268 4735 366 4785 καὶ
398 4732 473 4800 μὴ
503 4735 797 4798 συνιέντος,
832 4735 1047 4804 ἔρχεται
1079 4737 1105 4787 ὁ
1135 4736 1366 4806 πονηρὸς
1397 4737 1492 4790 καὶ
1524 4737 1762 4806 ἁρπάζει
1791 4737 1849 4789 τὸ

266 4823 619 4894 ἐσπαρμένον
643 4826 700 4877 ἐν
721 4827 786 4894 τῇ
822 4826 1015 4897 καρδία
1042 4826 1228 4889 αὑτοῦ,
1265 4819 1426 4890 οὗτός
1466 4829 1612 4880 ἐστιν
1643 4830 1670 4880 ὁ
1698 4827 1848 4897 παρὰ

265 4918 370 4985 τὴν
399 4916 515 4970 ὁδὸν
547 4918 795 4987 σπαρείς.
837 4937 854 4969 ι
886 4919 1261 4989 Προτρέπεται
1303 4921 1451 4989 ἡμᾶς
1477 4922 1555 4981 εἰς
1583 4921 1642 4972 τὸ
1675 4921 1848 4973 συνιέ-

266 5028 360 5063 ναι
390 5012 498 5074 τῶν
530 5010 839 5080 λεγομένων
889 5013 1038 5082 παρά
1076 5011 1184 5065 τῶν
1232 5013 1614 5076 διδασκόντων,
1651 5013 1738 5064 ἵνα
1773 5013 1846 5081 μὴ

269 5104 368 5154 καὶ
398 5102 560 5171 ἡμεῖς
585 5102 759 5169 ὅμοιοι
791 5096 940 5171 ὦμεν
971 5105 1082 5164 τοῖς
1126 5103 1276 5172 παρά
1304 5105 1402 5173 τὴν
1434 5104 1582 5156 ὀδόν⁹
1638 5106 1847 5179 μήποτε

265 5195 348 5251 δὲ.
384 5195 503 5245 ἐπεὶ
533 5194 648 5256 ὁδός
696 5196 840 5246 ἐστιν
868 5196 896 5247 ὁ
924 5197 1177 5264 Χριστὸς,
1213 5196 1367 5264 παρά
1413 5195 1512 5266 τὴν
1557 5197 1674 5248 ὁδόν
1709 5197 1849 5248 εἰσιν

263 5289 321 5339 οἱ
363 5285 467 5350 ἔξω
497 5285 590 5338 τοῦ
638 5287 897 5357 Χριστοῦ.
930 5288 992 5341 Οἳ
1026 5290 1124 5342 οὑκ
1160 5292 1299 5342 εἰσὶν
1326 5291 1383 5340 ἐν
1416 5293 1481 5360 τῇ
1532 5289 1658 5359 ὁδῷ,
1711 5290 1847 5343 ἀ).λὰ

268 5376 550 5447 παρεκτὸς
581 5377 679 5446 τῆς
710 5379 849 5433 ὁδοῦ.

349 5490 366 5520 t
420 5471 477 5522 Ὀ
502 5470 558 5522 δέ
590 5471 682 5522 ἐπὶ
706 5471 772 5522 τὰ
802 5471 1052 5542 πετρώδη
1080 5474 1332 5542 σπαρεὶς,
1356 5466 1506 5536 οὗτός
1535 5477 1681 5527 ἐστιν
1710 5479 1736 5528 ὁ
1758 5477 1844 5528 τὸν

265 5562 429 5629 λόγον
478 5561 839 5627 ἀκούῳνκαὶ
893 5561 1052 5623 εὐθὺς
1121 5565 1260 5618 μετὰ
1317 5568 1490 5636 χαρᾶς
1549 5566 1840 5636 λαμϐάνων

1955 4653 2060 4691 nou
2087 4637 2444 4703 intellexerit,
2473 4641 2622 4692 vadit
2653 4640 2921 4710 malignus
2941 4641 3049 4708 ille,
3077 4651 3129 4695 et
3152 4641 3542 4712 rapitinsitum

1957 4730 2010 4783 iu
2040 4744 2137 4784 cor
2177 4734 2309 4798 ejus.
2341 4730 2443 4783 llic
2471 4741 2555 4787 est
2587 4733 2676 4799 qui
2704 4733 2860 4799 juxta
2892 4734 3030 4788 viam
3055 4734 3355 4788 seminatus
3380 4744 3483 4788 cst.
3521 4753 3540 4785 ι

1958 4821 2303 4878 Adliortatur
2356 4841 2454 4878 nos
2496 4824 2562 4877 ad
2618 4823 3035 4892 intelligendum
3075 4839 3195 4892 qua:
3229 4825 3484 4879 dicuntur
3513 4841 3542 4879 a

1958 4917 2304 4982 docentibus,
2330 4931 2396 4970 ne
2429 4927 2483 4969 ct
2522 4932 2620 4970 nos
2655 4916 2860 4970 similes
2904 4918 3097 4970 ﬁamus
3130 4917 3214 4970 his
3252 4918 3341 4985 qui
3385 4915 3540 4983 juxta

1959 5011 2122 5062 viam.
2151 5007 2407 5062 Fortasse
2452 5018 2629 5061 autem
2663 5008 2785 5074 quia
2821 5008 2904 5060 via
2937 5018 3016 5062 est
3049 5007 3301 5062 Christus
3325 5008 3425 5079 (η),
3450 5010 3542 5077 qui

1953 5116 2109 5157 secus
2150 5100 2289 5154 viam
2319 5108 2465 5166 sunt,
2495 5103 2546 5156 hi
2574 5111 2725 5154 extra
2753 5100 3030 5155 Christum
3063 5109 3211 5165 sunt,
3248 5116 3353 5154 non
3395 5101 3539 5154 enim

1951 5202 2078 5247 sunt
2107 5191 2161 5246 in
2186 5193 2292 5255 via,
2320 5193 2412 5247 sed
2444 5203 2593 5246 extra
2627 5192 2788 5246 viam.

2021 5473 2184 5528 V’sns.
2213 5473 2413 5536 20,2l.
2455 5494 2472 5526 ι
2521 5478 2587 5529 At
2628 5477 2717 5544 qui
2784 5477 2834 5529 in
2876 5486 3090 5544 petrusa
3121 5491 3304 5531 semen
3332 5479 3536 5548 jar-tum

1951 5579 2259 5637 exceperat,
2311 5570 2394 5622 hic
2419 5580 2502 5622 est
2540 5570 2628 5640 qui
2661 5587 2966 5626 sermonem
2998 5571 3165 5636 audit,
3196 5589 3255 5626 ac
3290 5571 3538 5640 protinus

341 5806 416 5869 (rt)
452 5801 596 5858 Edit.
625 5799 746 5856 Lttt.
777 5805 862 5872 qui
894 5814 1043 5857 extra
1088 5805 1353 5860 Christum
1402 5819 1542 5862 stult.
1571 5807 1619 5858 lu
1652 5807 1840 5860 (ir-.ccu
1883 5808 2091 5863 videtur
2122 5811 2322 5878 aliquid
2356 5813 2563 5868 deesse.
