4080 6336
596 319 711 385 283

1478 312 2055 378 THEOPHYLACTI
2096 308 2510 372 ΒυιοΑιιιΑι
2551 306 2911 370 ARCHIEP.

3713 307 3820 372 281

594 447 717 486 cum
731 429 921 501 gaudio
939 429 1126 498 arripit
1143 442 1263 483 eum
1282 446 1296 481 :
1320 442 1423 481 non
1444 428 1601 487 habet
1626 439 1801 482 autem
1823 428 2057 481 radicem
2092 424 2144 477 in

2265 425 2433 488 ιὺτὸν,
2470 424 2568 476 οὐκ
2593 422 2705 493 ἔχει
2736 422 2790 476 δὲ
2816 422 2974 491 ῥίζαν
3000 420 3057 473 ἓν
3083 418 3285 490 ἑαυτῷ,
3320 420 3457 474 ἀλλά
3488 415 3819 491 πρόσκαιρός

596 524 797 587 seipse,
824 520 919 574 sed
953 518 1312 586 temporarius
1344 527 1447 573 est».
1485 538 1502 570 ι
1536 517 1703 573 Porro
1737 533 1857 571 cum
1895 518 2147 571 inciderit

596 614 894 682 persecutio
906 610 987 665 vel
1015 610 1229 665 afflictio
1252 620 1469 680 propter
1495 624 1817 674 sermonem,
1842 612 2021 665 statim
2038 610 2145 679 67

595 702 899 773 offenditur.
928 698 1184 763 Afﬂictio,
1216 702 1414 770 inquit.
1444 703 1566 771 quia
1584 701 1735 758 multi
1771 720 1798 755 a
1833 703 2148 770 parentibus

594 794 675 847 vel
734 791 853 845 aliis
907 791 1187 847 infortunii
1244 791 1462 857 alii-icti,
1515 792 1693 848 statim
1752 792 2146 861 hlasphemant.

596 882 900 935 Pi-rsecutio
929 891 1108 935 autem
1154 884 1282 937 dicit
1326 891 1543 953 propter
1587 897 1683 937 eos
1712 882 1908 949 quibus
1939 882 2147 952 tyranni

594 972 803 1025 molesti
830 974 977 1027 sunt.

667 1062 941 1118 νωλε.
985 1084 1004 1116 ι
1045 1064 1228 1133 Atqui
1277 1064 1328 1117 in
1373 1064 1556 1133 spinas
1605 1079 1789 1120 semen
1840 1074 2149 1138 exceperat,

594 1149 677 1205 hic
704 1162 787 1205 est
824 1154 913 1220 qui
949 1155 1171 1207 verbum
1224 1154 1395 1218 audit,
1422 1162 1475 1208 et
1504 1170 1631 1208 cura
1673 1156 1850 1209 smeuli
1910 1155 2067 1225 hujus
2096 1166 2151 1210 et

594 1242 836 1308 deceptio
860 1243 1163 1296 divitiarum
1185 1243 1409 1297 snﬂ'ocat
1439 1246 1679 1310 verbum,
1707 1254 1761 1300 et
1789 1246 1987 1301 sterilis
2013 1248 2089 1300 fit.
2125 1268 2145 1300 ι

594 1331 707 1385 Non
740 1334 894 1399 dixit,
929 1335 1187 1393 Saeculum
1217 1336 1316 1390 hoc
1344 1334 1599 1398 suffocat,
1628 1339 1721 1390 sed
1744 1335 1884 1391 Cura
1927 1341 2105 1393 saeculi
2133 1358 2147 1395 :

596 1439 766 1494 neque
791 1425 1118 1489 Divitiaz,sed
1142 1429 1384 1497 deceplio
1420 1430 1746 1485 divitiarum.
1774 1430 1977 1485 Divitiae
2006 1433 2149 1486 enim

596 1517 805 1582 qoando
852 1516 1255 1588 disperguntur,
1310 1535 1415 1575 non
1466 1519 1752 1587 sull‘ocant,
1779 1522 1871 1577 sed
1905 1538 2151 1579 crescere

597 1606 799 1660 faciunt
828 1609 1070 1663 verbum.
1106 1609 1283 1679 Spinm
1322 1620 1527 1676 autem,
1562 1627 1707 1667 curae
1733 1622 1786 1667 et
1829 1614 2055 1676 delit:i.e.
2085 1631 2152 1671 eo

594 1702 733 1767 quod
775 1699 948 1769 ignem
981 1704 1422 1771 concupiscentiae
1446 1713 1502 1759 et
1546 1706 1801 1775 gehennae
1825 1709 2147 1763 accendunt.

605 1789 664 1841 Et
694 1791 998 1858 sicutspina
1024 1805 1175 1847 acuta
1203 1794 1254 1847 in
1290 1810 1485 1865 corpus
1520 1806 1786 1866 penetrat,
1806 1807 1860 1853 et
1895 1801 1999 1854 vix-
2026 1816 2149 1854 era-
2185 1789 2222 1840 Β

596 1882 843 1952 dicatur;
876 1886 955 1939 sic
1012 1897 1063 1941 et
1116 1887 1318 1943 delicia:
1360 1889 1749 1947 invalescentes
1804 1892 1860 1946 in
1910 1894 2147 1949 animam

599 1972 989 2044 ingrediuntur,
1026 1980 1181 2035 etvix
1216 1982 1578 2037 eradicantur.

670 2250 825 2307 Vens.
855 2254 947 2309 25.
975 2271 995 2304 ι
1035 2253 1301 2309 Caeterum
1327 2256 1414 2325 qui
1437 2257 1487 2310 in
1523 2266 1719 2312 terram
1756 2259 1947 2314 bonam
1991 2276 2122 2316 exce

596 2344 668 2408 pit
700 2356 905 2409 semen,
937 2344 1021 2397 hic
1050 2353 1131 2397 est
1172 2346 1259 2413 qni
1294 2348 1515 2400 verbum
1572 2349 1719 2403 audit
1772 2359 1826 2404 et
1875 2352 2149 2419 intelligit.

598 2434 689 2499 qui
751 2435 979 2503 denique
1010 2434 1240 2489 fructum
1278 2438 1452 2491 reddit
1481 2451 1535 2492 et
1584 2440 1731 2507 facit,
1764 2442 1900 2496 alius
1937 2444 2149 2510 quidem

597 2524 1075 2589 centuplum,alius
1104 2542 1231 2581 vero
1248 2533 1680 2601 sexagecuplum,
1700 2533 1836 2587 alius
1857 2544 2032 2588 autem
2058 2536 2154 2587 tri-

596 2617 895 2681 gecnplum.
926 2636 945 2668 ι
984 2616 1153 2673 Variae
1178 2622 1391 2675 virtutis
1413 2626 1622 2692 species
1652 2635 1797 2691 sunt,
1815 2628 1949 2680 varii
1974 2635 2029 2682 et
2060 2628 2152 2697 qui

598 2708 899 2772 proticinnt.
935 2708 1063 2764 Vide
1099 2722 1273 2766 autem
1297 2714 1539 2769 ordinem
1573 2719 1626 2769 in
1649 2718 1923 2785 parabola.
1961 2718 2145 2789 Opor-

600 2808 673 2850 lt'l
697 2800 836 2851 enim
872 2815 969 2854 nos
1014 2802 1244 2870 primum
1275 2805 1461 2859 audire
1504 2822 1804 2862 sermonem
1866 2820 1920 2864 et
1958 2812 2153 2865 intelli-

600 2904 729 2954 gere
757 2905 823 2943 ne
844 2892 1013 2945 simus
1039 2890 1179 2947 sicut
1207 2896 1298 2963 qui
1324 2896 1477 2965 juxta
1507 2898 1667 2952 viam.
1694 2900 1899 2959 Deinde
1928 2903 2153 2957 firmiter

604 2984 833 3037 retinere
886 2985 1026 3053 quod
1076 2988 1321 3041 auditum
1375 2998 1506 3046 est:
1561 3003 1819 3062 praeterea
1875 3010 1981 3049 non
2035 3010 2153 3051 esse

602 3081 870 3145 amatores
895 3089 1077 3142 opum.
1113 3077 1250 3141 Quid
1296 3082 1435 3135 enim
1472 3084 1735 3149 proderit,
1762 3084 1808 3137 si
1838 3084 2057 3141 audiero
2100 3096 2155 3141 et

602 3154 894 3226 retinuere,
925 3172 979 3217 et
1003 3166 1505 3229 divitiarumamore
1535 3172 1811 3229 sulfocor?

674 3253 1032 3310 Vacat-30.
1067 3276 1085 3308 ι
1114 3254 1288 3311 Aliam
1320 3263 1626 3329 parabolam
1646 3267 1921 3334 proposuit
1953 3267 2055 3331 eis,
2077 3269 2161 3322 di-

604 3355 761 3409 cens:
792 3343 1193 3405 Similefactnm
1214 3360 1295 3405 est
1314 3364 1531 3420 regnum
1552 3354 1811 3408 cmlorum
1842 3357 2044 3411 homini
2068 3373 2156 3412 sec

604 3434 825 3488 minanti
846 3435 1043 3491 bonum
1068 3452 1250 3495 semen
1268 3440 1320 3494 in
1347 3457 1475 3509 agro
1490 3458 1623 3511 suo;
1654 3448 1745 3500 sed
1772 3447 2160 3505 dormientibus

604 3527 905 3582 hominibus
939 3530 1083 3584 venit
1118 3531 1257 3588 illius
1288 3533 1533 3591 inimicus
1555 3547 1608 3591 et
1625 3539 1914 3594 seminavit
1951 3544 2159 3596 zizania

600 3617 743 3671 inter
778 3618 1034 3687 triticum,
1088 3620 1343 3691 abiitque.
1385 3622 1517 3678 Cum
1573 3638 1752 3682 autem
1806 3631 2164 3699 germinusset

604 3708 790 3777 herba,
814 3720 867 3767 et
894 3711 1123 3768 fructum
1156 3712 1389 3781 fecisset,
1433 3725 1555 3771 tunc
1577 3733 2003 3788 apparueruntet
2021 3725 2165 3778 ziza-

606 3802 1064 3859 nia.Accedentes
1089 3796 1266 3859 autlem
1301 3808 1441 3861 servi
1477 3808 1875 3875 patrisfamilias
1915 3814 2163 3868 dixerunt

608 3895 730 3948 illi:
778 3894 1027 3960 Domine,
1057 3911 1233 3953 nonne
1278 3896 1474 3951 bonum
1508 3914 1691 3953 semen
1749 3904 2049 3959 seininaras
2110 3906 2160 3958 in

610 3996 700 4037 tuo
733 3986 894 4054 agro?
923 3988 1062 4041 unde
1091 3987 1427 4056 igiturhabet
1453 3988 1659 4044 zizania
1686 3991 1709 4042 ?
1736 3990 1828 4045 llle
1869 4008 1995 4045 vero
2026 3995 2163 4048 dixit

611 4079 716 4134 illis
748 4080 1036 4134 :lnimiens
1064 4084 1221 4136 homo
1247 4084 1346 4137 hoc
1363 4084 1505 4137 fecit.
1539 4082 1883 4137 Serviautem
1915 4084 2166 4139 dixerunt

610 4170 683 4223 illi
720 4188 732 4223 :
772 4169 866 4225 Vis
895 4172 1054 4240 igitur
1095 4174 1367 4238 abeamus,
1399 4184 1451 4228 et
1494 4175 1804 4245 colligamus
1852 4175 1950 4231 ea?
1980 4179 2047 4230 At
2077 4178 2165 4234 ille

612 4263 742 4314 dixit
780 4261 937 4316 :Non
970 4281 983 4315 :
1014 4278 1081 4317 ne
1129 4265 1252 4317 dum
1291 4265 1541 4334 colligitis
1590 4266 1831 4332 zizania,
1882 4271 2165 4325 eradicetis

611 4350 767 4402 simul
808 4366 927 4404 cum
976 4351 1079 4405 illis
1110 4362 1163 4405 et
1198 4354 1432 4407 triticum
1464 4355 1663 4410 :sinite
1693 4356 1893 4423 pariter
1921 4373 2165 4415 crescere

610 4450 834 4508 utraque
892 4457 1058 4509 usque
1103 4444 1168 4498 ad
1225 4459 1475 4510 messem,
1508 4458 1560 4500 et
1607 4450 1658 4500 in
1702 4458 1942 4517 tempore
1976 4452 2167 4506 messis

612 4534 783 4585 dicam
838 4534 1229 4589 messoribus:
1273 4535 1518 4603 Colligite
1576 4540 1805 4605 primum
1859 4542 2088 4608 zizania,
2116 4554 2169 4598 et

612 4622 858 4691 colligate
894 4626 945 4677 in
1009 4625 1290 4681 fasciculos
1320 4630 1385 4682 ad
1432 4631 1856 4685 comburemlum
1918 4648 1977 4687 ea
2008 4676 2020 4699 ,
2072 4636 2169 4689 tri-

614 4715 773 4767 ticum
819 4730 943 4768 vcro
990 4732 1309 4787 congregate
1364 4721 1415 4774 in
1474 4722 1727 4777 horreum
1787 4738 1990 4780 meum.
2046 4746 2063 4777 ι
2112 4727 2168 4782 in

614 4806 772 4875 priori
834 4809 1082 4875 parabola
1146 4809 1306 4877 dixit,
1368 4822 1613 4882 quartam
1681 4824 1885 4882 partem
1947 4817 2170 4871 seminis

613 4903 802 4955 cadere
839 4904 888 4954 in
924 4912 1117 4955 terram
1175 4906 1389 4971 bonam;
1428 4908 1480 4961 ir.
1540 4909 1642 4962 hac
1689 4920 1869 4965 autem
1910 4914 2169 4977 ostendit,

614 4993 959 5061 quod,neque
995 4994 1123 5047 illud
1158 4995 1328 5061 ipsum
1375 5014 1554 5053 semen
1587 5004 1725 5069 quod
1756 5002 1808 5056 in
1843 5013 2041 5057 terram
2078 5006 2172 5059 bo-

617 5098 736 5135 nam
785 5084 998 5147 cecidit,
1032 5083 1400 5153 incorruptum
1458 5089 1596 5142 sinat
1636 5092 1825 5155 hostis,
1870 5094 1997 5147 dum
2068 5112 2167 5149 nos

612 5178 907 5257 dormimus
940 5189 993 5231 et
1054 5180 1229 5247 ignavi
1265 5197 1469 5235 sumus.
1502 5185 1641 5249 Ager
1674 5190 1872 5241 etenim
1939 5188 2169 5243 Mundus

614 5278 716 5329 est,
754 5268 830 5321 rel
863 5270 1093 5335 cujusvis
1140 5274 1336 5327 anima.
1370 5273 1535 5328 Porro
1565 5275 1812 5333 Christus
1843 5289 1924 5335 est
1955 5283 2046 5351 qui
2079 5297 2166 5337 se-

621 5359 854 5429 minavit.
889 5358 1088 5413 Bonum
1145 5376 1347 5427 semen,
1382 5366 1506 5420 boni
1544 5368 1788 5424 homines
1821 5372 1902 5425 vel
1956 5374 2165 5443 cogita-

616 5449 808 5503 tiones.
866 5451 1105 5517 Zizania,
1157 5454 1386 5511 haereses
1436 5459 1518 5512 vel
1571 5461 1724 5515 mala:
1788 5459 2165 5532 cogitationes.

615 5539 716 5603 Qui
751 5557 875 5595 vero
924 5545 1156 5598 seminat
1214 5551 1346 5614 hinc,
1394 5549 1659 5607 diabolus.
1715 5557 1786 5609 At
1846 5558 2170 5613 dormientes

621 5633 881 5698 homines,
906 5637 1243 5708 quipropter
1275 5642 1536 5708 ignaviam
1581 5661 1731 5701 suam
1780 5648 1954 5703 locum
2004 5651 2167 5705 deder

626 5733 742 5777 runt
804 5726 1063 5784 haereticis
1101 5734 1175 5785 vel
1214 5733 1367 5789 mulis
1400 5736 1849 5805 cogitationibus;
1884 5744 2022 5797 servi
2072 5759 2167 5796 au-

2251 516 2388 567 ὲστι.
2436 534 2458 565 r
2500 515 2802 583 Γενομένης
2847 512 2906 565 δὲ
2950 510 3180 580 θλίψεως
3221 511 3252 580 ἢ
3298 510 3543 581 διωγμοῦ
3585 511 3671 564 διά
3732 514 3818 563 τὸν

2249 608 2427 675 λόγον,
2471 605 2629 668 εὐθὺς
2683 605 3119 667 σκανδαλίζεται.
3164 602 3410 672 Θλίψεως
3458 600 3646 667 εἶπεν,
3699 603 3819 656 ἐπεὶ

2252 698 2436 752 πολλοὶ
2485 698 2593 749 ὑπὸ
2634 694 2899 765 γονέωνῆ
2940 694 3115 748 ἄλλων
3148 693 3445 763 συμφορῶν
3485 695 3817 764 θλισόμενοι,

2252 790 2409 853 εὐθὺς
2445 788 2865 859 βλασφημοῦσι·
2916 786 3157 857 διωγμοῦ
3192 784 3269 849 δὲ,
3309 784 3398 839 διὰ
3427 786 3555 850 τοὺς
3583 787 3677 838 ἐπὶ
3715 786 3819 839 τῶν

2250 884 2532 953 τυράννων
2571 880 3042 951 παραπίπτοντας.

2329 1086 2348 1118 ι
2396 1066 2453 1119 '0
2487 1064 2546 1117 δὲ
2588 1067 2667 1127 είς
2710 1066 2807 1125 τὰς
2846 1062 3087 1127 ἀκάνθας
3128 1064 3377 1133 σπαρεὶς,
3401 1055 3560 1127 οὗτός
3602 1064 3753 1116 ἔστιν
3786 1065 3813 1115 6

2253 1158 2344 1211 τὸν
2366 1157 2525 1225 λόγον
2560 1156 2794 1218 ἀκούων,
2821 1156 2914 1208 καὶ
2946 1158 2977 1228 ἡ
3010 1156 3247 1226 μέριμνα
3275 1155 3369 1208 τοῦ
3397 1156 3595 1218 αἰῶνος
3631 1156 3816 1208 τούτου

2256 1252 2348 1307 καὶ
2398 1253 2431 1317 ὴ
2493 1248 2674 1317 ἀπάτη
2722 1247 2816 1299 τοῦ
2863 1247 3099 1301 πλούτου
3160 1248 3455 1317 συμπνίγει
3508 1246 3598 1299 τὸν
3642 1245 3819 1309 λόγον,

2255 1342 2348 1395 καὶ
2370 1343 2613 1407 ἄκαρπος
2648 1338 2874 1406 γίνεται.
2919 1356 2936 1389 ι
2972 1338 3085 1390 Οὐκ
3105 1333 3277 1401 εἶπεν,
3300 1338 3381 1389 ὅτι
3416 1338 3475 1389 '0
3497 1337 3631 1389 αἰὼν
3668 1331 3821 1397 οὗτος

2258 1430 2694 1503 συμπνίγει,άλλ’
2722 1430 2787 1482 Ἣ
2810 1430 3047 1499 μέριμνα
3076 1428 3169 1481 τοῦ
3200 1428 3391 1490 αἰῶνος
3415 1446 3428 1458 ο
3448 1429 3569 1480 οὐδὲ
3601 1428 3631 1480 6
3665 1426 3824 1479 πλοῦ-

2254 1542 2366 1586 τος,
2421 1523 2535 1577 ἀλλ’
2562 1524 2624 1575 Ἠ
2653 1522 2835 1591 ἀπάτη
2896 1521 2990 1573 τοῦ
3024 1520 3275 1575 πλούτου.
3329 1521 3386 1572 Ὀ
3426 1520 3651 1582 πλοῦτος
3717 1519 3825 1590 γὰρ

2254 1617 2377 1669 ὅταν
2426 1614 2770 1684 σκορπισθῇ,
2820 1612 2879 1665 οὐ
2938 1612 3276 1681 συμπνίγει,
3346 1610 3460 1661 ἀλλ’
3521 1608 3679 1673 αὔξει
3737 1611 3827 1660 τὸν

2256 1709 2410 1777 λόγον
2438 1725 2449 1737 ·
2475 1706 2709 1761 ἀκανθαι
2732 1706 2810 1770 δὲ,
2842 1706 2900 1759 αἱ
2929 1704 3194 1775 μέριμναι
3227 1703 3319 1755 καὶ
3343 1704 3399 1755 αἱ
3433 1703 3659 1771 τρυφαὶ,
3693 1702 3827 1761 διότι

2260 1802 2319 1854 τὺ
2363 1799 2471 1870 πῦρ
2504 1798 2598 1851 καὶ
2650 1797 2709 1850 τὸ
2751 1797 2849 1867 τῆς
2889 1794 3182 1864 ἐπιθυμίας
3243 1794 3339 1846 καὶ
3370 1794 3449 1845 τὸ.
3473 1794 3571 1862 τῆς
3603 1794 3829 1861 γεέννης

2262 1891 2582 1943 ἀνάπτουσι..
2637 1888 2745 1939 Καὶ
2774 1886 2961 1956 ὥσπερ
2998 1888 3031 1954 ἡ
3066 1884 3275 1938 ἄκανθα
3305 1883 3453 1947 ὀξεῖα
3498 1879 3657 1949 οὖσα,
3708 1885 3826 1936 εἰσ-

2266 1983 2415 2035 δύνει
2460 1982 2539 2044 είς
2600 1980 2658 2033 τὸ
2698 1980 2879 2048 σῶμα,
2932 1978 3024 2030 καὶ
3077 1977 3229 2049 μόλις
3286 1976 3626 2039 ἐκϐάλλεται,
3689 1975 3830 2031 οὓτω

2260 2075 2354 2128 καὶ
2408 2074 2676 2145 ἠτρυφὴ,
2723 2072 2815 2124 ἐὰν
2872 2070 3047 2139 ψυχῆς
3110 2069 3383 2139 κρατήσῃ,
3423 2067 3677 2133 είσδύνει,
3736 2073 3831 2122 καὶ

2263 2168 2415 2237 μόλις
2468 2164 2797 2235 ὲκριξοῦται.

2339 2277 2356 2309 ι
2411 2258 2467 2309 '0
2517 2257 2572 2309 δὲ
2596 2257 2691 2307 ἐπὶ
2728 2255 2826 2324 τὴν
2875 2254 2977 2323 γῆν
3012 2252 3111 2322 τὴν
3160 2250 3328 2321 καλὴν
3381 2250 3637 2321 σπαρεὶς.
3674 2244 3832 2312 οὗτός

2262 2352 2407 2402 ἔστιν
2434 2353 2461 2401 6
2486 2349 2576 2399 τὸν
2606 2348 2761 2413 λόγον
2793 2346 3005 2399 ἀκούων
3037 2344 3129 2397 καὶ
3174 2342 3391 2408 συνιὼν,
3418 2342 3475 2403 ὃς
3507 2342 3569 2410 δὴ
3622 2357 3832 2411 καρπο-

2265 2442 2419 2510 φορεῖ
2448 2440 2536 2493 καὶ
2591 2440 2755 2500 ποιεῖ,
2786 2440 2813 2490 6
2852 2436 2950 2507 μὲν
3001 2434 3213 2499 ἑκατὸν,
3247 2436 3274 2485 6
3306 2433 3362 2486 δὲ
3390 2432 3682 2503 ἑξήκοντα,
3717 2434 3745 2483 6
3773 2431 3835 2483 δὲ

2263 2534 2574 2603 τριάκοντα.
2616 2550 2634 2583 ι
2672 2532 2915 2597 Διάφορα
2950 2528 3019 2581 τά
3059 2529 3160 2596 τῆς
3190 2525 3390 2597 ἀρετῆς
3431 2524 3833 2595 εῐδη,διάφοροι

2266 2624 2359 2676 καὶ
2382 2624 2431 2675 οἱ
2470 2622 2884 2693 προκόπτοντες.
2928 2620 3065 2689 Ὅρα
3096 2619 3173 2681 δὲ,
3198 2620 3277 2691 ὅτι
3304 2617 3459 2681 ’τάξις
3499 2617 3648 2668 ἐστὶν
3676 2617 3733 2668 ὲν
3765 2618 3834 2685 τῇ

2264 2714 2568 2785 παραϐολῇ.
2601 2716 2691 2766 Δεί
2726 2713 2831 2783 γὰρ
2877 2713 3026 2781 ἡμᾶς
3058 2711 3275 2782 πρῶτον
3322 2710 3422 2779 μὲν
3456 2707 3691 2762 ἀκοῦσαι
3740 2708 3833 2760 τὸν

2263 2808 2418 2875 λόγον
2464 2808 2557 2859 καὶ
2592 2805 2850 2866 συνιέναι,
2876 2805 2963 2856 ἵνα
3018 2804 3092 2873 μὴ
3140 2797 3287 2871 ὦμεν
3316 2801 3388 2862 ὡς
3435 2801 3483 2853 οἱ
3524 2801 3676 2869 παρὰ
3734 2800 3833 2868 τὴν

2266 2898 2402 2953 ὀδόν.
2434 2900 2665 2951 Ἔπειτα
2697 2899 2989 2965 κατασχεῖν
3021 2894 3248 2963 ὲδραίως
3288 2892 3346 2943 τὸ
3373 2889 3661 2945 ἀκουσθέν.
3702 2886 3837 2944 Εἶτα

2272 2992 2345 3062 μὴ
2384 2991 2823 3061 φιλοχρημάτους
2867 2986 3027 3041 εἶναι.
3053 2987 3117 3039 Τί
3151 2988 3257 3055 γάρ
3279 2986 3476 3054 ὄφελος
3510 2986 3560 3037 ει
3616 2984 3837 3040 ἀκούσω

2268 3084 2363 3137 καὶ
2389 3083 2665 3153 κατάσχω,
2692 3082 2795 3134 ὑπὸ
2824 3080 2880 3133 δὲ
2903 3079 3333 3149 φιλοχρηματίας
3350 3076 3660 3147 συμπνίξω;

2337 3286 2355 3318 ι
2401 3266 2605 3337 Ἀλλην
2660 3263 2977 3335 παραϐολὴν
3036 3261 3346 3331 παρέθηκεν
3382 3261 3586 3325 αυτοῖς,
3613 3260 3787 3329 λέγων
3813 3275 3832 3292 ·

2268 3356 2597 3427 Ὦμοιώθηὴ
2632 3354 2878 3425 βασιλεία
2922 3353 3029 3405 τῶν
3071 3351 3317 3423 οὐρανῶν
3361 3351 3635 3422 ἀνθρώπῳ
3668 3351 3837 3421 ,σπεί-

2264 3465 2413 3519 ραντι
2444 3446 2605 3499 καλὸν
2636 3445 2854 3514 σπέρμα
2874 3445 2930 3496 ὲν
2953 3443 3027 3511 τῷ
3047 3441 3204 3511 ἀγρῷ
3229 3441 3416 3505 αὐτοῦ,
3450 3443 3507 3492 ὲν
3523 3442 3581 3494 δὲ
3602 3442 3678 3511 τῷ
3700 3441 3837 3494 καθα

2261 3540 2432 3592 εὐδειν
2470 3540 2594 3599 τοὺς
2640 3536 2984 3606 ἀνθρώπους,
3024 3531 3187 3604 ἦλθεν
3217 3533 3384 3586 αὐτοῦ
3432 3537 3461 3587 6
3485 3534 3702 3603 ἐχθρὸς,
3746 3537 3837 3588 καί

2264 3632 2487 3701 ἔσπειρε
2522 3630 2736 3694 ζιζάνια
2775 3629 2878 3681 ἀνὰ
2916 3628 3078 3696 μέσον
3103 3628 3196 3680 τοῦ
3237 3628 3408 3691 σίτου,
3441 3628 3535 3680 καὶ
3572 3627 3835 3693 ἀπῆλθεν.

2267 3725 2396 3779 Ὅτε
2443 3724 2501 3775 δὲ
2556 3722 2886 3790 ὲόλάστησεν
2915 3722 2943 3773 6
2985 3721 3176 3790 χόρτος
3214 3719 3308 3774 x0).
3353 3719 3564 3789 καρπὸν
3591 3720 3834 3787 ἐποίησε,

2264 3817 2384 3870 τότε
2449 3818 2621 3884 ἐφάνη
2664 3816 2757 3867 καὶ
2813 3814 2883 3866 τά
2942 3812 3182 3877 ζιζάνια.
3227 3812 3627 3882 Προσελθόντες
3677 3811 3735 3864 δὲ
3787 3814 3835 3865 oi

2263 3907 2435 3959 δοῦλοι
2480 3906 2573 3958 τοῦ
2623 3905 3022 3971 οἰκοδεσπότου,
3072 3900 3223 3956 εἷπον
3255 3903 3441 3972 αὐτῷ’
3475 3904 3672 3972 Κύριε,
3718 3904 3838 3973 οὐχὶ

2266 3998 2429 4050 καλὸν
2480 3999 2699 4066 σπέρμα
2751 3996 3015 4066 ἔσπειρας
3067 3997 3123 4048 ὲν
3182 3994 3258 4064 τῷ
3306 3996 3384 4063 σῷ
3440 3994 3839 4064 ἀγρῷ;Π5θεν

2265 4088 2356 4140 οὖν
2388 4088 2589 4157 ἔχειτὰ
2614 4087 2822 4150 ζιζάνια
2847 4106 2861 4151 ;
2906 4087 2961 4139 '0
2990 4086 3043 4138 δὲ
3074 4086 3174 4156 ἔφη
3205 4087 3389 4149 αὐτοῖς
3414 4104 3427 4117 ·
3457 4086 3686 4157 Ἐχθρὸς
3742 4089 3838 4141 άν-

2269 4179 2651 4249 θρωποςτοῦτο
2691 4180 2963 4246 ἐποίησεν.
2995 4180 3056 4230 Oi
3110 4178 3165 4229 δὲ
3204 4180 3378 4233 δοῦλοι
3441 4175 3596 4234 εἶπον
3651 4182 3825 4252 αὐτῷ·

2269 4273 2451 4335 Θέλεις
2474 4271 2568 4323 οὖν
2606 4272 2931 4333 ἀπελθόντες
2959 4270 3299 4340 συλλέξωμεν
3327 4274 3499 4338 αὐτά;
3538 4272 3598 4326 Ὀ
3624 4274 3682 4326 δὲ
3712 4275 3838 4346 ἔφη·

2268 4363 2365 4416 Οὖ·
2396 4364 2607 4433 μήποτε
2634 4364 2987 4428 συλλέγοντες
3011 4366 3080 4416 τά
3106 4365 3341 4429 ζιζάνια,
3361 4364 3698 4435 ἐκριζώσητε
3722 4368 3841 4437 ἅμα

2270 4451 2449 4512 αὐτοῖς
2476 4452 2565 4503 τὸν
2586 4454 2960 4522 σῖτον,Ἀφετε
2983 4449 3074 4506 οὖν
3097 4454 3522 4519 συναυξάνεσθαι
3548 4458 3839 4527 ἀμφότερα

2278 4542 2436 4611 μέχρι
2462 4541 2554 4593 τοῦ
2586 4542 2869 4612 θερισμοῦ,
2896 4546 2989 4597 καὶ
3018 4546 3073 4597 ὲν
3114 4544 3191 4613 τῷ
3222 4544 3398 4614 καιρῷ
3434 4545 3526 4598 τοῦ
3575 4547 3841 4618 θερισμοῦ

2275 4634 2386 4702 ὲρῶ
2441 4636 2552 4696 τοῖς
2573 4634 2867 4703 θερισταῖς·
2904 4634 3194 4697 Συλλέξατε
3229 4636 3443 4707 πρῶτον
3475 4638 3543 4690 τὰ
3603 4636 3842 4704 ζιζάνια,

2274 4724 2367 4774 καὶ
2415 4724 2614 4795 δήσατε
2650 4726 2788 4777 αὐτὰ
2828 4728 2905 4789 εἰς
2965 4726 3171 4795 δέσμας
3203 4728 3341 4798 πρὸς
3404 4728 3463 4781 τὸ
3496 4732 3845 4785 κατακαῦσαι

2274 4817 2433 4878 αὐτὰ,
2486 4819 2576 4869 τὸν
2608 4818 2666 4869 δὲ
2722 4820 2866 4871 σῖτον
2899 4819 3236 4887 συναγάγετε
3284 4821 3363 4882 είς
3414 4821 3515 4891 τὴν
3554 4822 3846 4894 ἀποθήκην

2276 4908 2399 4977 μου.
2457 4929 2474 4959 ι
2560 4910 2644 4961 Ἐν
2692 4912 2755 4979 τῇ
2817 4910 3057 4980 προτέρᾳ
3112 4912 3396 4983 παραϐολῇ
3448 4908 3570 4965 εἷπε
3634 4915 3694 4967 τὸ
3761 4918 3848 4969 τέ-

2272 5016 2467 5067 ταρτον
2521 5001 2684 5069 μέρος
2730 4998 2823 5051 τοῦ
2874 5001 3073 5070 σπόρου
3108 5003 3291 5051 πεσεῖν
3344 5003 3423 5063 είς
3476 5000 3575 5071 τὴν
3610 5002 3714 5070 γῆν
3744 5004 3845 5071 τὴν

2274 5091 2499 5161 ἀγαθὴν,
2532 5093 2589 5142 ὲν
2619 5092 2674 5142 δὲ
2703 5094 2768 5161 τῇ
2820 5092 3065 5161 παρούσῃ
3116 5091 3405 5157 δείκνυσιν,
3440 5093 3523 5145 ὅτι
3562 5094 3685 5147 οὐδὲ
3713 5095 3846 5147 αὐτὸ

2273 5186 2445 5237 ἐκεῖνο
2476 5186 2533 5237 τὸ
2568 5186 2731 5239 πεσὸν
2765 5188 2843 5247 είς
2859 5185 2957 5255 τὴν
2982 5185 3084 5253 γῆν
3113 5185 3211 5253 τὴν
3242 5186 3477 5251 ἀγαθὴν,
3517 5186 3845 5256 ἀδιάφθορον

2273 5282 2453 5331 εῐασεν
2500 5283 2528 5331 6
2580 5279 2790 5349 ἐχθρὸς,
2842 5279 2931 5333 διὰ
2987 5281 3046 5332 τὸ
3107 5280 3387 5333 καθεύδειν
3433 5282 3527 5334 καὶ
3573 5280 3844 5352 ῥᾳθυμεῖν

2274 5372 2437 5440 ἡμᾶς.
2476 5373 2669 5441 Ἀγρὸς
2702 5371 2815 5435 οὖν,
2850 5376 2877 5425 6
2922 5373 3142 5442 κόσμος,
3180 5374 3211 5439 ἢ
3242 5378 3275 5444 ὴ
3313 5374 3542 5428 ἑκάστου
3570 5374 3738 5442 ψυχὴ.
3783 5374 3845 5425 Ὀ

2275 5462 2524 5531 στείρας,
2548 5464 2575 5516 6
2606 5463 2865 5531 Χριστός.
2896 5464 3074 5517 Καλὸν
3121 5465 3364 5535 σπέρμα,
3394 5466 3443 5517 oi
3492 5464 3690 5531 ἀγαθοὶ
3741 5466 3836 5516 άν-

2275 5552 2534 5625 Ορωποιῆ
2567 5555 2835 5624 λογισμοί.
2867 5556 3110 5621 Ζιξάνια,
3144 5560 3197 5611 αι
3224 5557 3460 5626 αἱρέσεις
3506 5558 3538 5627 ἢ
3573 5557 3623 5609 oi
3673 5574 3843 5625 πονη-

2276 5651 2359 5719 ροὶ
2380 5650 2645 5719 λογισμοί.
2696 5652 2750 5704 'O
2777 5652 3003 5723 σπείρας
3032 5655 3088 5706 δὲ
3119 5654 3310 5717 ταῦτα,
3343 5656 3370 5707 6
3398 5653 3665 5716 διάϐολος.
3690 5654 3843 5709 Καθ-

2274 5742 2511 5809 εύδοντες
2538 5744 2593 5796 δὲ
2624 5745 2919 5813 ἄνθρωποι,
2950 5750 2995 5799 oi
3028 5746 3113 5801 δίά
3142 5748 3414 5819 ῥᾳθυμίαν
3460 5748 3646 5819 χώραν
3671 5745 3843 5802 διδόν-
