4080 6336
570 344 672 409 237

1451 343 2030 407 THEOPHYLACTI
2069 344 2166 404 BU
2178 342 2482 404 LGARI/E
2519 338 2886 401 ARCHIEP.

3705 329 3810 391 288

572 473 668 527 per
699 458 978 513 umlierrm
1020 469 1170 519 vero,
1199 456 1430 509 animam
1460 472 1576 526 quae
1615 456 2056 526 praedicationem
2091 457 2142 510 in

2251 454 2344 524 τὴν
2391 455 2454 506 τὸ
2494 455 2756 525 κήρυγμα
2806 446 3240 516 κατακρύψασαν
3297 446 3356 498 ἐν
3439 442 3644 506 πάσαις
3696 444 3812 504 ταῖς

569 552 817 606 omnibus
871 552 984 603 suis
1060 547 1404 602 facultatibus
1446 551 1719 613 recondit,
1777 550 2132 615 commiscet,

572 642 856 695 fermentat
877 681 892 705 ,
924 655 1087 706 seque
1113 647 1275 691 totam
1300 654 1399 708 per
1423 638 1567 692 illam
1613 640 1932 693 sanctificat.
1964 638 2135 708 Opor-

575 735 808 788 Ictenim
844 747 939 785 nos
982 730 1205 784 omnino
1237 731 1548 786 fermentari
1581 742 1634 786 et
1656 731 2027 786 transformari
2083 734 2133 784 in

571 827 769 879 divina.
820 824 933 896 69
989 823 1125 879 Dicit
1181 825 1324 879 enim
1357 863 1372 888 ,
1426 827 1595 879 donec
1660 823 2011 879 fermentetur
2064 833 2140 878 to-

572 929 701 969 111111.

642 1009 801 1062 Vens.
843 1008 932 1071 54.
975 1010 1070 1064 55.
1109 1029 1127 1062 ι
1152 1009 1277 1062 Haec
1309 1009 1489 1062 omnia
1517 1010 1730 1064 locutus
1759 1018 1838 1064 est
1863 1008 2022 1064 Jesus
2045 1022 2138 1076 per

570 1100 851 1170 parabolas
875 1103 940 1154 ad
972 1101 1180 1166 turbas,
1209 1108 1260 1154 et
1285 1100 1404 1155 sine
1434 1103 1710 1167 parabolis
1753 1102 1887 1156 nihil
1924 1102 2138 1155 locutus

569 1200 652 1244 est
678 1191 797 1248 illis.
831 1202 888 1246 ut
916 1194 1276 1263 compleretur
1296 1194 1435 1261 quod
1465 1195 1665 1247 dictum
1691 1193 1868 1248 fuerat
1896 1209 1993 1264 per
2013 1207 2138 1263 pro-

571 1288 781 1354 phetam
802 1288 890 1356 qui
922 1288 995 1339 ait
1022 1307 1035 1339 :
1060 1287 1312 1357 Aperiam
1336 1285 1387 1339 in
1412 1285 1681 1354 parabolis
1697 1300 1755 1338 os
1783 1301 1981 1349 meum,
2011 1301 2137 1339 eru-

572 1377 728 1430 etabo
765 1377 1078 1430 abscondita
1110 1391 1139 1429 a
1169 1376 1555 1431 constitutione
1587 1376 1790 1431 mundi.
1840 1396 1857 1426 ιι
1910 1377 2142 1430 Addueit

570 1469 877 1536 prophetam
900 1469 1275 1538 praedicentem
1306 1469 1580 1536 quomodo
1605 1469 1861 1521 docturus
1898 1479 2012 1521 erat
2045 1467 2129 1522 Je-

569 1576 682 1622 sus,
709 1572 763 1615 et
792 1562 841 1613 in
895 1561 1183 1629 parabolis,
1211 1575 1276 1614 ne
1309 1571 1361 1614 tu
1393 1570 1548 1630 putes
1568 1561 1842 1614 Christum
1867 1559 2138 1614 invenisse

570 1667 764 1705 novum
787 1655 1067 1721 quemdam
1104 1653 1330 1707 docendi
1364 1656 1598 1708 modum.
1628 1652 1898 1708 Particula
1960 1662 2137 1705 autem

571 1739 789 1808 Ut,uon
835 1753 916 1796 est
965 1760 1160 1807 cansze,
1184 1747 1275 1799 sed
1325 1755 1547 1799 eventus
1598 1745 1977 1813 significativa.
2010 1744 2129 1797 Non

572 1837 714 1887 enim
750 1837 932 1888 docuit
961 1852 1027 1889 eo
1059 1836 1214 1889 modo
1249 1835 1403 1890 Jesus
1431 1847 1481 1889 ut
1509 1837 1792 1905 impleatur
1821 1835 2135 1904 prOphelia:

574 1927 666 1977 sed
702 1927 826 1992 quia
863 1927 978 1993 ipse
1014 1942 1109 1995 per
1147 1929 1433 1995 parabolas
1465 1928 1666 1989 docuit,
1700 1943 1763 1980 ex
1793 1926 1987 1979 ell'ectu
2041 1927 2140 1978 im-

571 2019 713 2089 pleta
742 2030 822 2074 est
880 2021 933 2074 in
973 2021 1090 2088 ipso
1143 2019 1447 2089 prophetia.
1494 2022 1706 2089 Absque
1751 2031 1929 2072 autem
1973 2035 2139 2089 mara-

573 2111 692 2166 hola
748 2099 851 2165 non
887 2112 1203 2180 loquebatur
1248 2114 1348 2174 eis,
1385 2123 1510 2166 tunc
1564 2113 1784 2166 solum:
1839 2127 1941 2165 non
1998 2113 2138 2163 enim

573 2219 787 2271 semper
829 2205 880 2256 in
933 2204 1208 2272 parabolis
1259 2204 1601 2272 loquebatur.
1637 2204 1913 2258 Eructavit
1961 2214 2138 2256 autem

573 2296 831 2349 Dominus
891 2310 1009 2364 qua:
1075 2294 1390 2348 abscondita
1464 2303 1617 2348 erant
1668 2310 1697 2348 a
1756 2295 2142 2349 constitutione

575 2389 779 2441 mundi.
809 2388 925 2455 Ipse
960 2388 1103 2440 enim
1131 2387 1498 2441 manifestavit
1532 2388 1690 2441 nobis
1721 2388 1978 2454 mysteria
2024 2398 2142 2453 quae

573 2479 626 2531 in
663 2479 812 2532 omlis
838 2487 983 2533 sunt.

645 2569 808 2626 Vsus.
832 2570 920 2626 56.
965 2589 982 2622 ι
1023 2571 1172 2623 Τιιιιο
1203 2571 1402 2624 relictis
1439 2570 1612 2624 tmbis
1659 2570 1805 2624 venit
1842 2570 1894 2622 in
1919 2570 2140 2621 domum

582 2663 757 2718 Jesus.
793 2683 810 2713 ι
851 2662 1000 2716 Tunc
1030 2663 1247 2731 reliquit
1290 2663 1493 2722 turbas,
1543 2676 1662 2714 cum
1698 2660 1832 2715 nihil
1863 2661 2144 2729 prodesset

582 2753 849 2807 deetriua.
892 2754 1012 2821 Ipse
1055 2753 1196 2806 enim
1253 2753 1304 2806 in
1361 2751 1626 2819 parabolis
1688 2752 2039 2819 laquebatur,
2087 2760 2144 2804 ut

575 2859 696 2899 cum
741 2845 1132 2914 interrogarent
1171 2859 1185 2895 :
1233 2855 1420 2898 contra
1469 2844 1541 2896 illi
1591 2858 1693 2896 non
1734 2844 2016 2904 curabant,
2052 2859 2144 2896 ue.

576 2950 680 3001 quc
720 2935 927 2988 discere
953 2937 1285 3001 quaerebant,
1323 2935 1460 2988 unde
1508 2934 1573 2987 ab
1607 2949 1670 2988 eo
1707 2934 1896 2988 merito
1958 2934 2132 2987 relicti

575 3035 725 3079 sunt.
767 3044 783 3076 ι
824 3027 887 3078 Ει
929 3035 1273 3079 accesserunt
1325 3025 1390 3078 ad
1430 3041 1549 3079 eum
1597 3025 1842 3093 discipuli
1901 3041 2036 3093 epis,
2063 3028 2143 3078 di-

577 3131 806 3170 centes:
843 3117 933 3170 Dic
993 3117 1146 3170 nobis
1185 3117 1488 3184 parabolaiu
1539 3117 1871 3171 zizaniorum
1933 3117 2067 3184 agri.
2123 3136 2138 3165 ι

578 3210 654 3263 De
688 3210 787 3264 hac
817 3209 927 3264 Sola
958 3218 1169 3278 rogant,
1197 3209 1314 3262 alia:
1346 3210 1739 3264 manifeStiorcs
1768 3210 1846 3262 eis
1887 3209 2143 3262 ridebau-
2171 3242 2215 3304 Ο

580 3314 683 3356 tur.
728 3303 947 3356 Zizania
975 3311 1153 3356 autem
1191 3304 1468 3367 dicuntur,
1499 3318 1616 3373 quin
1650 3303 1792 3356 inter
1826 3304 2002 3372 fruges
2027 3304 2144 3369 pnl-

579 3396 748 3451 lulant
811 3398 976 3451 etiam
1039 3399 1258 3457 nociva.
1315 3407 1505 3466 utpote
1566 3398 1772 3461 lolium,
1824 3397 1982 3460 vicia,
2032 3397 2145 3450 bro-

580 3490 764 3554 miunt,
799 3498 851 3543 et
886 3500 1099 3544 uetera.

651 3671 811 3727 Vens.
865 3671 1051 3726 57-42.
1106 3690 1125 3720 ι
1200 3671 1270 3724 At
1314 3670 1403 3724 ille
1431 3670 1761 3738 respondens
1811 3668 1953 3722 dixit
1994 3666 2143 3720 illis:

583 3763 684 3829 Qui
747 3765 975 3819 seminat
1023 3763 1223 3817 bonam
1273 3777 1478 3825 semen,
1512 3768 1594 3816 est
1640 3760 1809 3816 Filius
1859 3760 2144 3815 hominis:

582 3872 709 3925 ager
754 3866 952 3916 autem,
1007 3866 1090 3908 est
1148 3854 1400 3907 nnnnlus.
1449 3852 1617 3909 Porro
1670 3853 1871 3906 bonum
1935 3865 2142 3916 semen,

582 3950 709 3997 sunt
739 3944 824 3995 lilii
864 3942 1011 4010 regni
1041 3959 1054 3996 :
1083 3943 1288 3996 zizania
1326 3956 1475 4004 vero,
1498 3951 1622 3995 sunt
1657 3941 1749 3996 lilii
1796 3941 1937 3996 illius
1965 3941 2088 3994 mali
2134 3959 2145 3994 :

583 4034 832 4089 inimicus
862 4036 949 4104 qui
980 4035 1212 4088 seminat
1237 4050 1320 4100 ea,
1357 4042 1439 4087 est
1459 4032 1704 4088 diabolus
1736 4051 1750 4087 :
1783 4032 1974 4087 messis
1997 4048 2146 4098 vero,

583 4113 972 4179 consummatio
1009 4125 1190 4179 εωουιί
1246 4134 1670 4178 estzmessores
1737 4131 1914 4176 autem
1974 4122 2150 4191 angeli

584 4225 729 4268 sunt.
754 4215 907 4268 Sicut
944 4216 1104 4282 igitur
1129 4214 1452 4283 colliguntur
1505 4214 1738 4279 zizania,
1767 4225 1825 4268 et
1863 4214 1972 4283 igni
1997 4230 2151 4268 com-

585 4305 854 4360 buruntur
881 4322 893 4357 :
927 4305 1006 4358 sic
1031 4308 1133 4358 erit
1163 4304 1214 4358 in
1240 4306 1706 4359 consummatione
1752 4305 1929 4360 szcculi
1973 4305 2148 4374 hujus.

587 4398 760 4452 Mittct
803 4398 970 4452 Filius
1016 4397 1251 4451 hominis
1302 4397 1519 4466 angelos
1550 4412 1699 4463 suos,
1730 4408 1786 4451 et
1831 4398 2084 4468 colligeut
2124 4413 2154 4453 e

592 4506 755 4561 regno
797 4491 939 4545 illius
977 4492 1156 4545 omnia
1204 4489 1548 4554 offendicula,
1584 4499 1637 4544 et
1665 4506 1757 4546 eos
1792 4491 1881 4560 qui
1937 4499 2154 4559 patrant

2245 3121 2404 3190 ἦλθον
2451 3120 2598 3188 αυτῷ
2645 3122 2693 3171 οἱ
2752 3119 2991 3188 μαθηταὶ
3038 3115 3225 3179 αὑτοῦ,
3264 3116 3544 3182 λέγοντες”

2234 547 2405 614 αὐτῆς
2463 545 2750 612 δυνάμεσι,
2785 541 2878 593 καὶ
2940 537 3463 607 συνανακραθεῖσαν,
3507 534 3602 587 καὶ
3633 535 3813 601 ζυμω-

2238 638 2442 700 θεῖσαν,
2477 636 2568 686 καὶ
2622 632 2974 702 ἀγιασθεῖσαν
3009 628 3100 681 ὑπ’
3153 625 3316 680 αὐτοῦ
3377 627 3503 696 ὅλην
3530 641 3544 655 ⁸
3581 623 3663 675 δεῖ
3710 623 3814 690 γὰρ

2238 730 2384 799 ἡμᾶς
2425 730 2579 788 ὅλους
2630 725 2935 793 ζυμοῦσθαι
2965 722 3057 774 καὶ⁹
3113 718 3529 790 μεταποιεῖσθαι
3589 716 3725 785 πρὸς
3760 716 3818 766 τὸ

2239 821 2527 889 θειότερον.
2563 818 2699 886 Φησὶ
2732 816 2863 886 γὰρ,
2892 815 2997 877 ἕως
3045 807 3105 866 οὗ
3147 810 3404 881 ἐζυμώθη
3430 812 3571 863 ὅλον.

2317 1024 2333 1054 ι
2375 1002 2564 1054 Ταῦτα
2589 1003 2765 1054 πάντα
2800 999 3059 1068 ἐλάλησεν
3090 999 3118 1049 6
3154 995 3363 1066 Ἰησοῦς
3391 996 3448 1048 ὲν
3480 992 3822 1065 παραϐολαῖς

2240 1097 2349 1158 τοῖς
2374 1095 2576 1164 ὄχλοις,
2609 1095 2702 1146 καὶ
2733 1093 2900 1162 χωρὶς
2932 1089 3250 1160 παραϐολῆς
3271 1088 3370 1140 οὐκ
3395 1086 3575 1138 ὲλάλει
3615 1084 3821 1144 αὐτοῖς,

2239 1188 2386 1249 ὅπως
2411 1185 2672 1256 πληρωθῇ
2700 1185 2760 1236 τὸ
2779 1183 2940 1253 ῥηθὲν
2972 1181 3060 1234 διὰ
3090 1180 3184 1233 τοῦ
3209 1179 3516 1250 προφήτου,
3539 1177 3816 1243 λέγοντος’

2255 1280 2471 1344 Ἀνοίξω
2506 1281 2561 1331 ὲν
2586 1277 2917 1348 παραϐολαῖς
2946 1277 3007 1328 τδ
3033 1274 3203 1344 στόμα
3241 1289 3362 1343 μου,
3395 1269 3694 1342 ἐρεύξομαι
3737 1282 3827 1319 κι-

2242 1373 2537 1445 κρυμμένα
2593 1372 2701 1424 ἀπὸ
2750 1371 3055 1440 καταϐολῆς
3110 1368 3338 1436 κόσμου.
3375 1384 3394 1416 ι
3445 1364 3696 1433 Παράγει
3736 1358 3828 1412 τὸν

2243 1468 2530 1536 προφήτην
2568 1463 3080 1536 προαναφωνοῢντα,
3114 1459 3230 1524 πῶς
3255 1459 3446 1529 ἔμελλε
3487 1457 3767 1509 διδάσκειν
3801 1451 3828 1503 ό

2242 1559 2477 1630 Ἰησοῦς,
2506 1561 2598 1611 καὶ
2638 1560 2719 1611 ὅτι
2751 1559 2809 1609 ὲν
2833 1555 3192 1625 παραϐολαῖς,
3227 1552 3316 1604 ἵνα
3345 1550 3420 1621 μὴ
3469 1548 3701 1617 νομίσῃς
3737 1546 3823 1608 σὺ,

2250 1652 2332 1703 ὅτι
2368 1652 2394 1702 6
2423 1649 2657 1720 Χριστὸς
2686 1649 2869 1702 καινόν
2883 1665 3003 1700 τινα
3024 1643 3372 1706 διδασκαλίας
3397 1642 3600 1712 τρόπον
3615 1637 3825 1707 ἐξεῦρε.

2243 1745 2314 1796 Τὸ
2358 1744 2437 1807 δὲ,
2489 1744 2700 1807 Ὅπως,
2735 1741 2808 1812 μὴ
2833 1738 3208 1808 αἱτιολογικῶς
3246 1737 3438 1808 λάϐῃς,
3469 1733 3588 1787 ἀλλ’
3617 1733 3682 1783 ὲκ
3731 1730 3830 1799 τῆς

2245 1840 2524 1901 ἐκϐάσεως
2555 1837 2646 1890 τοῦ
2676 1838 3025 1904 πράγματος.
3066 1835 3139 1886 Οὐ
3173 1832 3277 1902 γὰρ
3313 1832 3594 1884 ἐδίδασκεν
3626 1830 3652 1880 ό
3689 1827 3825 1894 Χρι-

2248 1931 2370 1994 στὶς
2430 1931 2880 1998 τοιουτοτρόπως,
2930 1928 3016 1980 ἵνα
3081 1925 3340 1994 πληρωθῇ
3409 1924 3441 1992 ἡ
3497 1918 3831 1990 προφητεία,

2244 2024 2379 2077 ἀλλᾶ
2413 2024 2544 2075 διότι
2567 2023 2840 2074 ἐδίδασκεν
2868 2022 2923 2078 ὲν
2959 2018 3314 2088 παραϐολαῖς,
3349 2015 3407 2078 ἐξ
3440 2011 3820 2080 ἀποτελέσμα-

2246 2133 2334 2177 τος
2367 2115 2680 2181 εὑρίσκεται
2702 2112 2786 2164 ἐπ’
2819 2110 2966 2179 αὐτῷ
2993 2108 3280 2178 πληρωθὲν
3317 2108 3376 2160 τὺ
3397 2105 3488 2158 τοῦ
3521 2105 3828 2174 προφήτου.

2241 2209 2424 2278 Χωρὶς
2459 2208 2515 2259 δὲ
2547 2206 2859 2275 παραϐολῆς
2887 2204 2987 2256 οὐκ
3027 2201 3206 2254 ἐλάλει
3235 2201 3438 2258 αὐτοῖς,
3463 2197 3585 2249 τότε
3635 2195 3821 2263 μόνον·

2242 2302 2302 2354 οὐ
2334 2301 2444 2370 γὰρ
2473 2300 2535 2366 δὴ
2572 2298 2882 2351 πάντοτεεὲν
2911 2294 3243 2364 παραϐολαῖς
3276 2291 3480 2344 ἐλάλει.
3534 2285 3838 2356 Ἦρεύξστο

2244 2393 2298 2444 δὲ
2341 2394 2368 2443 6
2408 2391 2609 2460 Κύριος
2662 2389 2695 2442 ἃ
2729 2388 3063 2458 ἐκρύπτοντο
3098 2385 3205 2437 ἀπὸ
3243 2380 3545 2449 καταϐολῆς
3600 2377 3831 2446 κόσμου.

2245 2484 2417 2546 Αὐτὸς
2437 2483 2544 2552 γὰρ
2572 2481 2910 2549 ἐφανέρωσεν
2937 2481 3070 2548 ἡμῖν
3094 2477 3163 2529 τὰ
3184 2478 3240 2528 ὲν
3256 2475 3502 2544 οὐρανοῖς
3536 2471 3835 2540 μυστήρια.

2342 2596 2358 2629 ι
2397 2575 2531 2628 Τότε
2567 2575 2725 2644 ἀφεὶς
2776 2575 2900 2634 τοὺς
2948 2573 3159 2641 ὄχλους,
3195 2564 3360 2639 ἦλθεν
3411 2566 3490 2628 εἰς
3520 2565 3619 2632 τὴν
3659 2563 3838 2614 οἰκίαν

2245 2673 2273 2723 ὁ
2323 2671 2550 2739 Ἰησοῦς.
2605 2691 2622 2719 ι
2692 2667 2896 2734 ’Δφῆκε
2956 2665 3081 2726 τοὺς
3122 2664 3311 2732 ὄχλους
3357 2661 3498 2722 τότε,
3562 2659 3649 2708 ὅτε
3683 2655 3840 2708 οὐδὲν

2251 2759 2559 2828 ὠφελοῦντο
2593 2758 2701 2811 ἀπὸ
2751 2756 2842 2826 ῑῆς
2875 2754 3246 2815 διδασκαλίας.
3284 2751 3453 2813 Αὑτδέ
3490 2750 3587 2819 μὲν
3619 2749 3729 2817 γὰρ
3772 2750 3829 2798 ἐν

2247 2851 2588 2921 παραϐολαῖς
2633 2849 2837 2916 ἔλεγεν,
2870 2847 2943 2909 ὡς
2984 2846 3049 2899 ἂν
3079 2847 3427 2915 ἐρωτήσωσιν
3468 2841 3656 2893 αὐτόν’
3689 2841 3840 2891 ἐκεῖ-

2245 2943 2404 2995 νοιδὲ
2435 2943 2494 2993 οὐ
2546 2941 2929 3009 φροντίσαντες
2978 2937 3194 3000 τούτου,
3229 2935 3348 2987 οὐδὲ
3400 2931 3734 3004 ζητήσαντες
3786 2947 3842 2982 τι

2251 3033 2464 3100 μαθεῖν,
2506 3031 2726 3092 εἰκότως
2763 3030 3013 3096 ἀφίενται
3065 3027 3193 3097 παρ’
3235 3023 3418 3079 αὑτοῦ.
3465 3043 3482 3075 ι
3522 3025 3633 3075 Καὶ
3664 3038 3840 3091 προσ-

3614 3113 3833 3183 Φράσον

2249 3214 2381 3282 ἡμῖν
2417 3213 2514 3282 τὴν
2573 3211 2886 3280 παραϐολὴν
2957 3211 3066 3262 τῶν
3118 3207 3375 3273 ζιζανίων
3436 3207 3529 3260 τοῦ
3577 3205 3774 3276 ἀγροῦ.
3804 3223 3832 3256 ι

2251 3306 2386 3374 Περὶ
2414 3305 2614 3374 ταύτης
2652 3305 2818 3374 μόνης
2851 3305 3153 3374 ἐρωτῶσιν,
3190 3304 3265 3364 ὡς
3298 3301 3405 3354 τῶν
3437 3300 3614 3354 ἄλλων
3668 3316 3837 3367 σαφε-

2253 3399 2458 3466 στέρων
2507 3396 2873 3466 νομιζομένων
2917 3396 3123 3458 αὐτοῖς.
3161 3396 3384 3458 Ζιζάνια
3428 3393 3485 3446 δέ
3511 3395 3628 3457 ¹εἰσι
3658 3391 3844 3445 πάντα

2250 3492 2319 3543 τὰ
2352 3491 2428 3561 τῷ
2483 3491 2615 3559 σίτῳ
2660 3489 3001 3558 ἐπιφυόμενα
3043 3487 3340 3558 φθαρτικὰ,
3401 3482 3555 3557 αἷρα,
3623 3482 3842 3554 δροϐος.

2253 3579 2516 3651 βρὼμιον,
2562 3581 2656 3633 καὶ
2693 3581 2876 3634 τᾶλλα.

2326 3694 2344 3726 ι
2397 3675 2455 3726 Ὀ
2491 3674 2552 3726 ’δὲ
2582 3671 2901 3743 ἀποκριθεὶς
2927 3667 3079 3725 εἶπεν
3125 3673 3331 3734 αὐτοῖς.
3373 3671 3428 3724 Ὀ
3482 3669 3724 3738 σπείρων
3784 3667 3845 3719 τδ

2251 3766 2414 3819 καλὸν
2475 3765 2698 3834 σπέρμα
2747 3765 2890 3818 ἐστὶν
2933 3768 2960 3817 ό
3020 3764 3147 3828 Υἱὸς
3196 3763 3289 3816 τοῦ
3338 3763 3629 3830 ἀνθρώπου
3664 3779 3677 3791 ’
3713 3761 3845 3814 όιδδ

2251 3858 2418 3930 ἀγρὸς
2462 3860 2609 3912 ὲστίν
2651 3860 2678 3911 6
2715 3858 2936 3928 κόσμος.
2978 3859 3051 3911 Τὸ
3095 3859 3152 3911 δὲ
3208 3858 3370 3910 καλὸν
3433 3857 3675 3926 σπέρμα,
3704 3851 3846 3909 οὗτοι

2252 3954 2389 4007 εἰσιν
2420 3955 2469 4005 οἱ
2509 3953 2614 4005 υίοι
2656 3955 2751 4022 τῆς
2793 3951 3092 4022 βασιλείας.
3127 3953 3205 4005 Τὰ
3254 3952 3310 4004 δὲ
3341 3951 3582 4017 ζιζάνια,
3617 3950 3762 4002 εἰσιν
3797 3949 3846 4001 et

2253 4045 2360 4096 υἱοὶ⁵
2382 4044 2476 4096 τοῦ
2522 4045 2780 4113 πονηροῦ·
2807 4047 2834 4096 ό
2855 4045 2910 4096 δὲ
2932 4044 3121 4114 ἐχθρὸς
3149 4046 3175 4096 6
3205 4043 3435 4113 σπείρας
3459 4042 3618 4107 αὐτὰ,
3647 4040 3798 4095 ἐστὶν
3820 4044 3848 4094 6

2256 4134 2522 4196 διάϐολος·
2547 4136 2574 4187 6
2599 4135 2656 4187 δὲ
2686 4135 2943 4207 Θερισμὸς
2977 4137 3008 4206 ἡ
3040 4134 3433 4189 συντέλειατοῦ
3465 4134 3660 4198 αίῶνός
3674 4136 3842 4188 ἐστιν·

2255 4227 2301 4278 οί
2328 4225 2382 4278 δὲ
2415 4226 2656 4297 θερισταὶ
2688 4229 2738 4279 οί
2786 4229 3006 4296 ἄγγελοί
3049 4230 3206 4283 εἰσιν.
3242 4230 3452 4293 Ὥσπερ
3507 4224 3600 4280 οὖν
3654 4229 3846 4282 συλλέ-

2260 4333 2417 4384 γεται
2451 4318 2519 4370 τὰ
2570 4316 2786 4381 ζιζάνια
2839 4319 2933 4371 καὶ
2960 4321 3090 4391 πυρὶ
3131 4319 3368 4382 καίεται,
3400 4317 3576 4383 οὕτως
3599 4321 3754 4373 ἔσται
3790 4323 3845 4372 ἐν

2255 4413 2319 4481 τῇ
2356 4409 2638 4481 συντελείᾳ
2687 4411 2781 4464 τοῦ
2821 4413 3019 4474 αἰῶνος
3053 4417 3245 4464 τούτου
3279 4426 3293 4441 ·
3325 4411 3624 4466 ἀποστελεῖ
3650 4415 3678 4465 6
3714 4413 3843 4476 Υἱὸς

2256 4502 2351 4555 τοῦ
2377 4502 2671 4574 ἀνθρώπου
2694 4505 2820 4565 τοὺς
2852 4504 3117 4572 ἀγγέλους
3143 4504 3332 4566 αὑτοῦ,
3370 4508 3462 4558 καὶ
3493 4505 3850 4570 συλλέξουσιν

589 4582 954 4652 iniquitatem,
985 4597 1046 4637 ac
1081 4581 1298 4635 mittent
1324 4582 1442 4635 illos
1475 4583 1527 4633 io
1565 4582 1835 4634 caminum
1873 4582 2046 4644 ignis:
2082 4583 2145 4635 ibi

2264 4597 2328 4648 ἐκ
2384 4597 2480 4664 τῆς
2535 4596 2808 4663 βασιλείας
2860 4598 3024 4649 αὑτοῦ
3070 4596 3248 4650 πάντα
3293 4597 3364 4649 τά
3410 4597 3708 4663 σκάνδαλα,
3752 4601 3851 4651 καὶ

587 4679 691 4730 erit
745 4677 1005 4745 ploratus,
1065 4675 1373 4744 stridorque
1437 4675 1698 4727 dentium.
1743 4693 1760 4724 ι
1821 4674 1992 4744 Supra
2039 4676 2153 4730 hinc

590 4766 730 4820 dicta
785 4772 950 4827 sunt,
994 4778 1112 4832 qua:
1167 4765 1254 4817 hic
1313 4765 1561 4818 dicenda.
1616 4763 1941 4821 Dicebamus
2009 4766 2153 4820 enim

590 4861 727 4929 quod
758 4864 822 4913 de
853 4860 1145 4913 haeresibus
1171 4859 1422 4927 accipiat,
1454 4874 1573 4929 quin
1608 4861 1993 4928 permittuntur
2034 4876 2156 4916 esse

591 4966 760 5019 usque
792 4951 856 5004 ad
889 4954 1414 5005 consummationem
1460 4951 1663 5006 saeculi.
1695 4952 1828 5006 Nam
1861 4955 1907 5008 si
1938 4955 2157 5009 exscin-

591 5045 838 5098 deremus
865 5056 918 5098 et
964 5044 1342 5099 occideremus
1386 5045 1693 5111 hereticos,
1731 5046 2027 5100 seditiones
2065 5046 2157 5098 lie-

595 5145 711 5188 rent
759 5146 808 5187 et
853 5145 1081 5203 pbgttte;
1119 5146 1172 5189 et
1233 5135 1372 5191 forte
1425 5136 1587 5190 etiam
1622 5137 1772 5192 multi
1819 5137 2052 5192 ﬁdelium
2103 5139 2155 5191 in

593 5225 946 5280 seditionibus
978 5228 1215 5295 perirent
1247 5244 1260 5281 :
1302 5229 1558 5297 quoniam
1612 5239 1667 5283 et
1695 5228 1893 5284 Paulus
1932 5243 1985 5284 et
2021 5231 2157 5285 latro

595 5320 896 5372 habuerunt
939 5319 1067 5371 olim
1123 5319 1326 5376 zizania
1391 5323 1705 5391 priusquam
1772 5325 2150 5376 crediderunt:

595 5419 699 5456 non
725 5416 939 5459 exsecta
976 5417 1153 5459 autem
1189 5418 1314 5462 sunt
1350 5421 1473 5464 tunc
1499 5421 1722 5480 propter
1755 5410 1987 5464 futuram
2039 5412 2151 5465 fru-

596 5513 639 5563 ς·
663 5511 733 5548 ιιι.
759 5494 950 5552 Postea
983 5509 1160 5553 autem
1201 5501 1430 5555 fructum
1466 5502 1905 5557 attuleruutDeo.
1937 5501 2158 5558 Zizania

600 5601 722 5638 vero
754 5591 985 5657 Spiritus
1011 5595 1178 5647 sancti
1205 5596 1324 5664 igne
1351 5600 1628 5650 combusta
1679 5605 1802 5650 sunt
1838 5607 1889 5652 et
1924 5597 2154 5656 fervore.

2260 4686 2385 4746 τοὺς
2406 4684 2695 4748 ποιοῦντας
2728 4686 2824 4756 τὴν
2863 4688 3119 4758 ἀνομίαν,
3155 4689 3247 4742 καὶ
3267 4688 3519 4758 βαλοῦσιν
3545 4689 3744 4752 αὐτοὺς
3768 4692 3853 4754 εἰς

2258 4777 2356 4850 τὴν
2402 4780 2628 4851 κάμινον
2660 4781 2750 4834 τοῦ
2799 4785 2968 4853 πυρός
3000 4799 3014 4815 ο
3050 4785 3166 4836 ἐκεῖ
3202 4783 3353 4838 ἔσται
3385 4787 3412 4838 6
3442 4784 3722 4856 κλαυθμὸς
3753 4787 3853 4840 καὶ

2258 4870 2287 4922 6
2311 4869 2552 4939 βρυγμὸς
2583 4871 2691 4924 τῶν
2735 4873 2983 4928 ὀδόντων.
3023 4893 3041 4926 ι
3075 4875 3217 4928 Ὅσα
3265 4875 3371 4928 ἔδει
3408 4877 3667 4947 ῥηθῆναι,
3705 4879 3852 4930 ἀνω.

2261 4962 2404 5030 τέρω
2439 4962 2676 5033 εἴρηται.
2720 4965 2964 5036 Εἴπομεν
3002 4968 3112 5040 γὰρ
3155 4970 3238 5023 ὅτι
3279 4972 3407 5040 περὶ
3444 4969 3551 5023 τῶν
3578 4970 3851 5041 αἱρέσεων

2265 5052 2500 5106 ἐνταῦθα
2555 5055 2934 5126 διαλαμϐάνει,
2977 5060 3179 5124 αἵτινες
3231 5061 3642 5134 συγχωροῦνται
3704 5058 3848 5118 εἶναι

2269 5145 2394 5214 ἄχρι
2462 5151 2558 5218 τῆς
2629 5151 2957 5214 συντελείας.
3025 5155 3084 5206 Εἰ
3139 5156 3247 5225 γὰρ
3307 5156 3631 5225 φονεύοιμεν
3717 5158 3848 5220 τοὺς

2268 5238 2578 5308 αἱρετικοὺς
2635 5244 2727 5295 καὶ
2772 5245 3157 5317 ὲκκόπτοιμεν,
3207 5250 3427 5314 στάσεις
3477 5252 3696 5305 ἔσονται
3751 5253 3850 5306 καὶ

2273 5327 2462 5396 μάχαι,
2498 5331 2591 5383 καὶ
2630 5334 2769 5404 τάχα
2799 5339 2894 5388 καὶ
2932 5339 3039 5390 τῶν
3071 5342 3276 5392 πιστῶν
3330 5341 3510 5394 πολλοὶ
3543 5342 3851 5416 διαφθαρή-

2274 5435 2453 5475 σονται
2483 5425 2538 5474 ὲν
2581 5428 2701 5489 ταῖς
2753 5427 3029 5482 στάσεσιν
3061 5432 3196 5484 ἀλλά
3245 5432 3338 5485 καὶ¹
3374 5435 3402 5484 ό
3452 5433 3661 5498 Παῦλος
3699 5438 3795 5491 καὶ
3820 5439 3851 5490 ό

2268 5511 2470 5582 λῃστὴς
2499 5517 2712 5582 ζιζάνια
2744 5517 2887 5589 εἶχον
2921 5525 3050 5594 πρὶν
3105 5526 3137 5595 ἢ
3181 5527 3493 5581 πιστεῦσαι*
3527 5531 3626 5583 οὐκ
3655 5531 3846 5595 ἐξεκό-

2271 5622 2450 5674 πησαν
2505 5606 2598 5664 οὖν
2650 5614 2792 5677 τότε,
2824 5617 2910 5669 διὰ
2965 5618 3054 5670 τὸν
3113 5618 3373 5689 μέλλοντα
3424 5621 3726 5692 βλαστῆσαι
3789 5625 3848 5678 ἐν

597 5682 779 5748 αὐτοῖς
834 5688 997 5751 σῖτον,
1041 5688 1268 5758 ὓστερον
1295 5689 1400 5759 γὰρ
1429 5691 1886 5760 ὲκαρποφόρησαν
1915 5691 1989 5762 τῷ
2019 5693 2135 5761 Θεῷ
2157 5710 2168 5722 ’
2214 5697 2281 5749 τὰ
2350 5700 2405 5751 δὲ
2447 5703 2681 5772 ζιζάνια,
2715 5708 2788 5776 τῷ
2826 5711 2956 5781 πυρὶ
3021 5682 3458 5784 τουῐῖνεύματός
3482 5716 3574 5770 καὶ
3607 5682 3674 5788 τῇ
3699 5715 3846 5781 ξὲσιι

595 5777 964 5834 κατέκαυσαν.
