4080 6336
252 401 364 465 289

331 535 348 565 ι
388 512 521 564 τότε
555 511 604 562 οἱ
631 509 827 560 δίκαιοι
865 503 1236 573 ἐκλάμψουσιν
1265 500 1338 563 ὡς
1369 501 1395 552 6
1448 499 1598 569 ἥλιος
1671 499 1727 548 ὲν
1764 497 1829 566 τῇ
1865 500 1911 552 Α

249 607 498 679 βασιλείᾳ
544 603 636 658 τοῦ
670 601 880 670 Πατρός
931 597 1110 651 αὐτῶν
1135 614 1147 625 ·
1186 598 1212 646 6
1243 594 1381 664 ἔχων
1422 587 1536 645 ῶτα
1595 589 1835 652 ἀκούειν,

245 701 512 756 ἀκουέτω.
552 715 570 747 ι
618 695 774 748 Ἐπεὶ
806 697 832 746 6
888 692 1037 760 ἥλιος
1081 690 1229 740 δοκεῖ
1273 688 1408 756 ἡμῖν
1443 685 1664 736 πάντων
1725 680 1834 733 τῶν

245 793 492 859 ἀστέρων
536 786 941 857 λαμπρότατος,
1005 781 1092 833 διά
1148 778 1306 832 τοῦτο
1364 773 1644 844 συγκρίνει
1702 771 1838 838 πρὸς

244 887 340 938 τὸν
381 883 530 953 ἥλιον
573 879 672 951 τὴν
716 878 822 930 τῶν
850 874 1073 928 δικαίων
1109 869 1493 940 λαμπρότητα,
1554 866 1710 918 Ἐπεὶ
1745 863 1838 916 καὶ

248 978 388 1048 ὑπὲρ
412 977 502 1028 τὸν
550 973 700 1042 ἣλιον
732 968 1006 1040 λάμψουσι
1027 982 1040 995 ·
1069 966 1280 1036 μήποτε
1329 963 1384 1015 δὲ
1424 960 1616 1027 ἐπειδὴ
1647 957 1837 1020 ’Ἤλιος

241 1065 590 1134 δικαιοσύνης
636 1062 785 1114 ἐστὶν
843 1063 870 1112 6
924 1055 1179 1126 Χριστὸς,
1212 1053 1334 1106 τότε
1372 1054 1421 1104 οἱ
1487 1051 1688 1102 δίκαιοι
1745 1051 1836 1101 ἐκ·

245 1157 554 1228 λάμψουσιν
615 1152 689 1216 ὡς
741 1153 767 1203 6
819 1145 1076 1219 Χριστός·
1105 1145 1332 1197 -έσονται
1359 1141 1468 1212 γὰρ
1518 1141 1614 1194 καὶ
1676 1137 1834 1191 αὐτοὶ

249 1251 389 1304 θεοί.

325 1405 342 1437 ι
389 1383 556 1438 Πάλιν
583 1379 740 1449 ὁμοία
773 1375 919 1430 ἐστὶν
946 1375 978 1443 ἠ
1008 1371 1256 1440 βασιλεία
1297 1367 1405 1421 τῶν
1433 1365 1685 1436 οὐρανῶν
1729 1364 1829 1433 θη-

246 1473 438 1546 σαυρῷ
485 1466 857 1540 κεκρυμμένῳ
893 1466 948 1516 ἐν
991 1461 1169 1532 ἀγρῷ,
1203 1461 1262 1514 ὃν
1306 1456 1493 1528 εὑρὼν
1542 1455 1832 1534 ἄνθρωπος

245 1566 478 1640 ἔκρυψε,
499 1565 593 1617 καὶ
617 1562 724 1640 ἀπὸ
748 1559 846 1628 τῆς
869 1557 1046 1628 χαρᾶς
1070 1554 1232 1608 αὑτοῦ
1265 1551 1489 1618 ὑπάγει,
1520 1548 1700 1602 πάντα
1724 1547 1826 1599 ὅσα

245 1637 364 1731 ἔχει
388 1656 578 1719 πωλεῖ,
618 1638 711 1707 καὶ
738 1649 998 1721 ἀγοράζει
1036 1648 1127 1701 τὸν
1159 1645 1325 1715 ἀγρὸν
1361 1644 1590 1696 ἐκεῖνον.
1636 1637 1831 1731 Ἀγρὸς

243 1726 529 1820 ὁηκόσμος,
558 1745 828 1817 θησαυρὸς
869 1743 932 1796 τὸ
979 1743 1242 1811 κήρυγμα
1286 1736 1381 1789 καὶ
1410 1735 1442 1803 ἡ
1473 1731 1675 1801 γνῶσις
1735 1726 1828 1781 τοῦ

244 1839 507 1914 Χριστοῦ.
546 1838 870 1908 Κέκρυπται
899 1835 954 1887 δὲ
999 1836 1056 1886 ὲν
1098 1831 1176 1901 τῷ
1229 1830 1441 1898 κόσμῳ.
1466 1823 1666 1892 Σοφίαν
1692 1821 1826 1914 γὰρ,

874 386 1322 453 ENARRATIO
1364 386 1444 447 ΙΝ
1488 381 1826 447 EVANGEI

1937 384 1990 444 Μ
2039 377 2424 446 ΜΑΤΤΗᾹΠ.
2457 379 2703 442 -ΟΑΡ,
2746 381 2920 442 XIII.

3424 386 3532 449 200

2023 493 2184 547 Vens.
2228 493 2316 548 45.
2361 510 2380 544 ι
2414 491 2583 560 {Tunc
2626 491 2760 558 justi
2808 490 3089 562 fulgebunt
3137 491 3279 548 sicut
3335 496 3412 548 sol
3467 503 3516 549 in

1943 602 2109 657 regno
2134 585 2312 656 Patris
2336 583 2442 638 sui.
2464 583 2565 651 Qui
2585 585 2746 638 habet
2776 600 2936 639 aures
2969 584 3242 652 audiendi,
3265 588 3467 642 audiat.
3509 608 3527 640 ι

1944 680 2211 746 Quoniam
2239 679 2319 734 sol
2356 678 2565 732 videtur
2600 679 2757 733 nobis
2817 678 3072 733 omnibus
3103 680 3282 734 stellis
3317 681 3530 752 fulgen-

1945 775 2072 839 tior,
2110 783 2400 843 propterea
2422 783 2700 841 comparat
2726 773 2834 842 7o
2857 772 2959 827 soli
2993 773 3264 840 iustorum
3296 773 3524 829 clarita-

1942 876 2070 920 tem.
2095 865 2228 919 Nam
2251 874 2306 920 et
2336 879 2499 929 super
2529 864 2698 919 solem
2729 864 3032 933 fulgebunt,
3057 863 3290 940 fortasse
3321 873 3528 925 autem,

1939 959 2064 1028 quia
2107 957 2199 1012 Sol
2229 958 2455 1028 iustitia:
2482 957 2755 1012 Christus.
2782 957 2935 1010 Tunc
2953 955 3090 1025 justi
3159 955 3442 1026 fulgebunt
3474 967 3533 1010 nt

1937 1054 2209 1108 Christus.
2249 1052 2423 1107 Erunt
2453 1053 2599 1108 enim
2635 1061 2690 1106 et
2718 1051 2822 1122 ipsi
2857 1051 2952 1108 dii.

2007 1370 2291 1426 Vens“.
2333 1384 2587 1448 alterum
2637 1369 2818 1423 simile
2849 1376 2932 1423 est
2980 1382 3207 1438 regnum
3260 1369 3525 1425 caelorum

1935 1467 2193 1520 thesauro
2232 1465 2286 1517 in
2333 1478 2464 1532 agro
2488 1462 2828 1526 abscondito,
2883 1475 3041 1529 quem
3101 1462 3265 1515 homo
3298 1464 3387 1531 qui
3443 1464 3524 1515 iu-

1934 1559 2102 1618 venit,
2169 1557 2472 1617 abscondit,
2517 1565 2572 1608 et
2631 1570 2740 1621 prae
2811 1553 3008 1623 gaudio
3058 1552 3204 1609 illius
3271 1555 3417 1608 vadit
3473 1567 3530 1609 et

1932 1651 2114 1703 vendit
2177 1649 2427 1703 universa
2508 1662 2629 1717 quae
2688 1647 2900 1711 habet,
2987 1655 3044 1701 et
3120 1647 3254 1700 emit
3333 1662 3524 1714 agrum

1931 1742 2107 1797 illum.
2166 1760 2185 1792 ι
2246 1743 2411 1811 Ager,
2479 1739 2716 1793 mundus
2774 1754 2789 1791 :
2855 1738 3158 1802 thesaurus,
3216 1739 3526 1808 praedicatio

1931 1845 1984 1889 et
2008 1834 2240 1889 scientia
2280 1833 2509 1889 Christi.
2551 1832 2813 1886 Occultus
2853 1835 2938 1884 est
2980 1841 3159 1884 autem
3193 1831 3246 1883 in
3294 1831 3517 1884 mundo.

193 1909 223 1944 ⁹
248 1909 423 2000 φησιν
448 1927 478 1980 6
528 1925 762 1990 Παῦλος,
791 1923 1133 1995 κηρύττομεν
1171 1920 1269 1987 τὴν
1301 1912 1824 1985 ἀποκεκρυμμένην·

1937 1923 2278 1994 Sapientiam
2316 1925 2485 1988 enim,
2529 1921 2708 1990 inquit
2757 1925 2975 1985 Paulus,
3007 1924 3366 1991 praedicamus
3395 1926 3524 1976 ahs-

245 2027 276 2079 6
327 2023 385 2077 δὲ
415 2021 596 2091 ζητῶν
627 2021 726 2090 τὴν
768 2018 860 2071 τοῦ
914 2015 1046 2069 Θεοῦ
1097 2014 1320 2082 γνῶσιν,
1351 2009 1596 2080 εὑρίσκει
1637 2009 1828 2078 αὐτὴν

243 2118 344 2171 καὶ
380 2118 557 2188 πάντα
601 2114 699 2167 ὃσα
739 2111 886 2182 ἔχει,
946 2108 1056 2161 εἴτε
1111 2107 1357 2176 δόγματα
1407 2103 1683 2174 έλληνικά,
1721 2101 1832 2153 είτε

244 2210 354 2280 ἢθη
405 2207 695 2278 πονηρὰυ
727 2204 834 2257 εἴτε
885 2203 1177 2273 χρήματα,
1234 2202 1414 2267 ῥίπτει
1451 2196 1676 2256 εὐθέως,
1737 2193 1832 2247 καὶ

247 2298 511 2370 ἀγοράζει
539 2297 630 2350 τὸν
658 2295 850 2367 ἀγρὸν,
914 2292 1165 2345 τουτέστι
1193 2331 1206 2352 ,
1232 2291 1323 2341 τὸν
1376 2289 1578 2358 κόσμον
1599 2305 1611 2317 ·
1643 2286 1830 2356 κτῆμα

244 2395 357 2462 γὰρ
411 2391 537 2442 ἴδιον
578 2391 691 2457 ἔχει
722 2387 815 2446 τὸν
861 2384 1083 2453 κόσμον,
1124 2384 1150 2434 6
1186 2381 1283 2450 τὴν
1316 2380 1514 2448 γνῶσιν
1557 2377 1651 2431 τοῦ
1697 2379 1830 2446 Χρι-

246 2483 376 2538 στοῦ
411 2484 568 2553 ἔχων·
599 2480 750 2536 οὐδὲν
790 2479 898 2548 γὰρ
933 2477 1092 2547 ἔχων,
1121 2477 1188 2527 τά
1219 2476 1393 2528 πάντα
1437 2472 1679 2543 κατέχει,
1735 2472 1830 2524 καὶ

241 2578 409 2630 δοῦλα
456 2578 568 2646 ἔχει
598 2575 665 2626 τὰ
695 2573 956 2642 στοιχεῖα,
987 2570 1291 2622 ἐπιτάττων
1317 2567 1501 2628 αὐτοῖς
1531 2565 1604 2627 ὡς
1639 2565 1666 2615 6
1719 2565 1827 2631 Ἰη-

246 2668 400 2732 σοῦς,
433 2668 508 2729 ὼς
533 2665 758 2733 Μωσῆς.

322 2802 341 2836 ι
394 2783 561 2836 Πάλιν
609 2779 772 2850 ὁμοία
821 2777 969 2830 ἐστὶν
1021 2776 1054 2846 ἡ
1118 2773 1364 2844 βασιλεία
1421 2772 1528 2824 τῶν
1581 2768 1827 2841 οὐρανῶν

241 2874 519 2944 ἀνθρώπῳ
558 2871 785 2942 ἐμπόρῳ
836 2867 1088 2938 ζητοῦντι
1143 2865 1341 2926 καλοὺς
1375 2862 1736 2934 μαργαρίτας,
1766 2860 1828 2923 ὃς

240 2965 424 3038 εὑρὼν
448 2966 542 3018 ἕνα
571 2963 866 3031 πολύτιμον
894 2960 1260 3032 μαργαρίτην,
1284 2956 1539 3010 ἀπελθὼν
1571 2956 1826 3025 πέπρακε

242 3060 426 3113 πάντα
461 3059 564 3112 ὅσα
593 3051 729 3126 εἶχε,
753 3057 847 3109 καὶ
893 3054 1166 3124 ἠγόρασεν
1216 3050 1402 3104 αὐτόν.
1435 3068 1453 3100 ι
1485 3047 1763 3114 Θάλασσα,
1798 3049 1826 3102 6

243 3151 440 3224 παρὼν
472 3150 604 3218 βίος.
637 3150 934 3218 Ἔμποροι,
961 3149 1010 3199 οἱ
1043 3146 1131 3199 διὰ
1148 3145 1339 3198 τούτου
1374 3141 1826 3214 διερχόμενοικαὶ

238 3245 537 3317 ζητοῦντες
592 3241 793 3312 γνῶσίν
824 3230 1184 3310 τιναλεῦρεϊν.
1215 3238 1408 3291 Πολλοὶ
1450 3237 1548 3308 μὲν
1583 3235 1678 3289 οὖν
1734 3236 1822 3287 δο-

1935 2020 2231 2072 conditam.
2286 2018 2547 2083 Quaereris
2593 2026 2773 2068 autem
2831 2014 3111 2068 scientiam
3159 2015 3270 2080 Dei,
3320 2016 3525 2069 invenit

1936 2126 2054 2184 eam
2090 2130 2101 2164 :
2137 2119 2184 2162 et
2225 2110 2408 2164 omnia
2453 2123 2572 2177 qua:
2599 2107 2781 2168 habet,
2826 2106 2939 2158 sive
2977 2105 3193 2174 gentilia
3246 2104 3523 2173 dogmata,

1935 2197 2051 2257 sive
2087 2203 2258 2257 malos
2306 2216 2510 2265 mores,
2547 2201 2664 2255 sive
2705 2199 2944 2263 divitias,
2983 2198 3167 2266 abjicit
3228 2198 3435 2256 statim,
3469 2211 3526 2249 et

1935 2299 2120 2352 vendit
2158 2313 2365 2367 agrum,
2403 2296 2453 2350 id
2487 2306 2591 2360 est,
2629 2295 2909 2348 mundum.
2935 2290 3069 2345 Nam
3095 2293 3188 2361 qni
3227 2291 3518 2344 scientiam

1935 2393 2099 2448 habet
2125 2393 2350 2454 Christi,
2381 2392 2778 2460 possessionem
2826 2389 3102 2460 propriam
3159 2387 3322 2442 habet
3368 2403 3524 2439 umn-

1933 2488 2052 2540 dam
2089 2502 2104 2550 ;
2143 2486 2276 2538 nihil
2309 2485 2451 2538 enim
2483 2485 2708 2548 habens,
2766 2483 2946 2536 omnia
3001 2482 3256 2549 possidet,
3300 2490 3354 2534 et
3412 2479 3520 2533 ele-

1933 2579 2111 2624 menta
2146 2571 2194 2624 ei
2218 2571 2483 2635 serviunt,
2513 2580 2567 2623 et
2596 2569 2823 2638 imperat
2854 2568 2980 2631 illis,
3012 2570 3152 2621 sicut
3183 2579 3238 2621 et
3267 2565 3425 2620 Jesus
3465 2580 3521 2618 et

1934 2661 2168 2734 Moyses.

2013 2777 2177 2831 Vens.
2221 2777 2311 2840 45,
2349 2775 2439 2830 46.
2477 2793 2495 2826 ι
2526 2774 2724 2829 lterum
2746 2774 2922 2829 simile
2954 2783 3036 2826 est
3089 2789 3311 2842 regnum
3347 2774 3520 2827 cado-

1931 2883 2049 2922 rum
2084 2867 2288 2921 homini
2317 2867 2639 2940 negotiatori
2678 2865 2938 2935 quaerenti
2972 2864 3140 2919 bonas
3168 2867 3517 2933 margaritas.

1931 2962 2022 3031 qui
2097 2977 2218 3015 cum
2256 2949 2258 2974 ί
2292 2945 2500 3014 invenit
2559 2975 2724 3014 unam
2787 2960 3078 3027 pretiosam
3126 2959 3518 3028 margaritam,

1936 3052 2127 3107 abiens
2158 3052 2399 3106 vendidit
2428 3051 2610 3104 omnia
2643 3066 2762 3119 qum
2786 3049 3113 3119 possidebat,
3149 3059 3202 3103 et
3247 3058 3520 3103 mercatus

1926 3155 2011 3199 est
2034 3143 2202 3198 illam.
2239 3162 2256 3195 ι
2295 3141 2441 3196 Mare
2466 3151 2549 3196 est
2582 3157 2820 3211 praesens
2846 3142 2976 3194 vita.
3003 3139 3397 3209 Negmiatores,
3427 3141 3517 3208 qui

1929 3253 2028 3308 per
2071 3239 2208 3290 hanc
2231 3235 2509 3289 ambulant
2531 3244 2585 3288 et
2617 3242 2866 3302 qnmrunt
2908 3233 3193 3286 scientiam
3226 3233 3516 3296 quamdam

238 3338 406 3393 κοῦσι
442 3336 799 3407 μαργαρῖται,
837 3333 891 3385 αἱ
939 3332 1049 3385 τῶν
1079 3330 1290 3384 πολλῶν
1322 3328 1504 3398 σοφῶν
1536 3326 1714 3392 δόξαι·
1743 3319 1824 3389 εἷς

1930 3331 2194 3386 invenire.
2228 3329 2408 3384 Multae
2431 3329 2575 3381 enim
2608 3326 2938 3395 margaritae,
2971 3325 3264 3378 multorum
3307 3324 3520 3392 sapien-

235 3430 297 3484 δὲ
327 3440 356 3482 ο
403 3428 718 3495 πολύτιμος.
766 3425 882 3478 Μία
920 3424 1027 3493 γὰρ
1078 3425 1112 3493 ἡ
1167 3422 1414 3491 ἀλήθεια,
1449 3421 1569 3490 ἦτις
1599 3418 1747 3472 ἐστὶν
1794 3421 1822 3470 6

235 3520 497 3592 Χριστός.
558 3518 766 3586 Ὠσπερ
805 3515 897 3570 οῦν
927 3518 953 3568 6
981 3513 1324 3585 μαργαρίτης
1357 3513 1651 3581 ἱστορεῖται
1695 3526 1821 3576 γεν-

242 3615 442 3672 νᾶσθαι
473 3618 530 3666 ἐν
562 3612 794 3681 ὀστρέῳ,
829 3605 980 3679 ᾧπερ
1038 3609 1311 3674 ἀνοίγοντι
1337 3607 1436 3667 τὰς
1468 3605 1698 3673 πτύχας,
1740 3605 1824 3656 ὲν-

237 3710 476 3778 σκήπτει
506 3705 782 3774 ἀστραπήο
817 3697 936 3754 εἶτα
981 3701 1143 3752 πάλιν
1175 3698 1552 3767 συγκλείοντος
1593 3696 1820 3759 ταύτας,

235 3794 303 3846 ὲκ
343 3793 440 3862 τῆς
471 3789 760 3862 ἀστραπῆς
811 3788 905 3841 καὶ
939 3787 1034 3855 τῆς
1068 3785 1260 3857 δρόσου
1315 3784 1753 3853 συλλαμϐάνεται
1793 3783 1822 3835 6

237 3883 614 3955 μαργαρίτης,
651 3883 743 3934 καὶ
781 3880 867 3932 διὰ
919 3877 1075 3930 τοῦτο
1106 3875 1429 3937 λευκότατός
1463 3877 1630 3928 ἐστιν·
1663 3872 1808 3926 οὓτω

232 3975 339 4027 καὶ
377 3975 403 4025 6
443 3973 673 4043 Χριστὸς
705 3971 762 4022 ὲν
794 3972 858 4037 τῇ
887 3967 1143 4037 Παρθένῳ
1174 3962 1477 4032 συνελήφθη
1508 3962 1566 4028 ἐξ
1618 3963 1821 4030 ἀστρα·

235 4071 351 4139 πῆς
383 4073 480 4139 τῆς
512 4065 736 4128 ἀνωθεν,
767 4064 858 4116 τοῦ
893 4063 1049 4129 ἁγίου
1080 4058 1415 4126 Πνεῦματοςο
1455 4059 1549 4108 καὶ
1570 4054 1759 4124 ὥσπερ
1794 4054 1822 4106 6

241 4159 598 4230 μαργαρίτην
644 4155 800 4225 ἔχων,
841 4152 1100 4213 πολλάκις
1127 4150 1374 4218 κατέχων
1410 4144 1601 4198 τοῦτον
1633 4146 1691 4195 ἐν
1751 4145 1818 4213 τῇ

232 4253 406 4322 χειρὶ,
444 4250 605 4311 αὐτὸς
640 4249 735 4317 μὲν
777 4241 884 4298 οἶδε
921 4245 1084 4296 πόθον
1135 4241 1365 4294 πλοῦτον
1412 4239 1544 4309 ἔχει,
1584 4236 1732 4290 ἄλλοι
1764 4234 1820 4286 δὲ

230 4341 548 4410 ἀγνοοῦσιν·
588 4339 732 4391 οῦτω
787 4338 878 4390 καὶ
911 4337 970 4388 τὸ
1002 4337 1262 4403 κήρυγμα
1323 4335 1379 4384 ἐν
1420 4333 1532 4394 τοῖς
1589 4329 1819 4397 ἀφανέσι

231 4434 330 4487 καὶ
362 4432 604 4484 εὐτελέσι
631 4430 952 4500 κρύπτεται.
991 4427 1072 4477 ,κεῖ
1106 4422 1197 4476 οὖν
1231 4423 1417 4477 τοῦτον
1457 4423 1549 4475 τὸν
1608 4436 1824 4491 μαργα-

230 4524 401 4596 ρίτην
427 4522 678 4585 κτᾶσθαι,
710 4521 887 4572 πάντα
913 4520 1170 4580 διδόντας.

311 4660 330 4691 ι
406 4639 570 4690 Πάλιν
618 4636 778 4704 ὁμοία
837 4633 1045 4701 ὲστὶνὴ
1101 4631 1348 4702 βασιλεία
1415 4631 1522 4685 τῶν
1575 4633 1818 4704 οὐρανῶν

1930 3432 2041 3476 tum
2073 3423 2380 3492 opiniones.
2419 3418 2535 3474 Una
2598 3429 2774 3472 autem
2820 3419 3080 3486 pretiosa,
3115 3431 3218 3469 una
3264 3425 3347 3469 est
3377 3417 3520 3470 veri-

1928 3528 2034 3583 tas,
2066 3532 2184 3585 qua:
2211 3515 2422 3568 scilicet
2467 3513 2718 3566 Christus
2751 3522 2854 3565 est.
2887 3510 3055 3580 Igitur
3082 3509 3222 3562 sient
3270 3509 3334 3561 de
3375 3523 3520 3560 mar-

1915 3609 2100 3678 garita
2147 3608 2379 3661 traditur
2419 3605 2562 3673 quod
2611 3604 2660 3655 in
2713 3603 2919 3657 concha
2967 3611 3248 3662 nascatur,
3289 3614 3407 3667 quae
3457 3615 3516 3650 se.

1926 3700 2103 3770 aperit
2160 3708 2400 3768 tempore
2441 3697 2682 3766 fulguris,
2732 3704 2785 3748 et
2829 3695 2952 3747 dein
3017 3694 3214 3745 iterum
3261 3691 3461 3745 claudit
3501 3733 3511 3743 .

1927 3793 2234 3860 concipitur
2267 3793 2450 3859 itaque
2475 3797 2585 3842 tum
2615 3805 2680 3843 ex
2709 3787 2917 3856 fulgore
2945 3796 2996 3841 et
3026 3801 3168 3851 rore,
3206 3793 3517 3854 prepterea-

1925 3900 2029 3954 que
2057 3883 2284 3938 candida
2315 3891 2392 3937 est
2429 3899 2442 3934 :
2478 3881 2555 3935 sic
2600 3889 2653 3932 et
2679 3879 2926 3933 Christus
2963 3878 3014 3931 in
3051 3876 3269 3942 Virgine
3315 3889 3514 3929 conce-

1925 3986 2112 4044 ceptus
2143 3983 2242 4041 est,
2272 3989 2334 4028 ex
2361 3988 2592 4042 superno
2624 3971 2832 4040 fulgore
2870 4012 2885 4035 ,
2915 3970 3146 4041 Spiritus
3176 3969 3347 4023 sancti
3373 3969 3518 4021 scili-

1925 4079 2029 4123 cet.
2059 4069 2121 4122 Et
2180 4069 2319 4121 sicut
2370 4080 2512 4135 saepe
2570 4064 2916 4132 margaritam
2971 4073 3161 4116 tenens
3212 4061 3264 4113 in
3330 4074 3514 4120 mann,

1928 4163 2036 4230 ipse
2060 4163 2162 4214 st-it
2185 4167 2415 4227 quantas
2441 4157 2638 4210 habeat
2656 4155 2893 4217 divitias,
2918 4154 3002 4206 alii
3023 4163 3198 4206 autem
3224 4151 3515 4221 ignorant:

1927 4253 1996 4303 ita
2033 4261 2087 4303 et
2123 4249 2433 4317 prmdieatio
2460 4248 2509 4300 in
2547 4244 2797 4299 obscuris
2828 4253 2880 4297 et
2902 4241 3240 4307 simplicibus
3274 4243 3512 4294 absc0n-

1927 4345 2038 4398 dita
2072 4352 2174 4397 est.
2204 4343 2368 4396 Docet
2399 4341 2564 4410 igitur
2596 4351 2654 4393 ut
2684 4338 2826 4392 datis
2853 4335 3108 4390 omnibus
3157 4334 3508 4404 margaritam

1927 4437 2062 4489 hanc
2084 4435 2478 4503 possideamus.

2001 4635 2162 4689 Vens.
2195 4634 2383 4688 47-50.
2419 4653 2436 4685 ι
2485 4632 2682 4688 lterum
2725 4631 2903 4688 simile
2946 4641 3027 4688 est
3081 4647 3302 4700 regnum
3339 4631 3510 4686 ρωπο-

228 4735 454 4803 σαγήνῃ
493 4731 746 4801 βληθείσῃ
788 4731 866 4791 εἰς
928 4728 1027 4798 τὴν
1071 4728 1346 4780 Θάλασσαν
1387 4727 1480 4778 καὶ
1519 4730 1581 4779 ὲκ
1623 4729 1820 4790 παντὸς

1929 4746 2044 4782 rum
2093 4744 2328 4799 sagenae,
2357 4743 2479 4797 quae
2513 4729 2562 4780 in
2601 4742 2748 4781 mare
2782 4727 2946 4781 missa
2999 4741 3066 4779 ex
3106 4726 3250 4779 omni
3310 4740 3512 4794 genere

227 4830 428 4896 γένους
444 4821 860 4891 συναγωγούσῃ,
880 4821 945 4889 ἣν
969 4819 1056 4870 ὅτε
1078 4817 1370 4887 ἐπληρώοη
1391 4817 1824 4880 ἀναϐιϐάσαντες

1929 4821 2291 4890 congregavit,
2326 4836 2489 4890 quam
2529 4829 2588 4873 ut
2643 4820 2859 4886 impleta
2896 4818 3090 4872 luisset
3137 4817 3500 4871 subdttcettlcs

225 4919 324 4973 ἐπὶ
363 4916 455 4969 τδν
479 4913 746 4982 αἰγιαλὸν,
776 4912 869 4964 καὶ
898 4910 1239 4972 καθίσαντες,
1271 4908 1558 4972 συνέλεξαν
1583 4909 1649 4962 τὰ
1681 4909 1822 4962 καλά

1929 4914 1986 4966 ad
2023 4914 2195 4977 littus,
2224 4924 2279 4968 et
2329 4914 2581 4967 sedentes
2631 4913 2966 4983 collegerunt
3033 4927 3145 4982 piae
3190 4914 3324 4964 bona
3360 4923 3505 4974 sunt,

224 5013 310 5072 είς
341 5009 564 5076 ἀγγεῖα,
595 5006 663 5056 τὰ
721 5004 777 5058 δὲ
819 5001 1000 5072 σαπρά
1045 5000 1149 5065 ἔξω
1193 5000 1383 5054 ἔϐαλον
1413 5017 1427 5032 ο
1463 5000 1634 5063 οὕτως
1669 5000 1822 5053 ἔσται

1929 5013 1972 5064 in
2005 5023 2130 5062 vasa
2162 5025 2174 5061 :
2213 5022 2333 5075 qua:
2370 5020 2499 5061 vero
2551 5005 2715 5072 mala,
2745 5005 2892 5060 foras
2944 5006 3246 5075 eiecerunt.
3278 5004 3369 5058 Sic
3399 5008 3506 5058 erit

225 5105 286 5154 ὲν
321 5102 403 5171 τῇ
422 5097 703 5166 συντελείᾳ
737 5095 830 5148 τοῦ
878 5096 1093 5157 αἰῶνος.
1151 5091 1561 5156 Ἐξελεύσονται
1618 5095 1666 5146 οί
1716 5094 1819 5161 ἄγ-

227 5197 407 5261 γελοι,
437 5192 532 5243 καὶ
582 5189 865 5257 ἀφοριοῦσι
902 5188 1025 5250 τοὺς
1068 5189 1337 5257 πονηροὺς
1379 5189 1443 5239 ὲκ
1498 5186 1665 5256 μέσου
1710 5187 1820 5239 τῶν

226 5285 482 5346 δικαίων,
537 5282 630 5333 καὶ
668 5281 916 5351 βαλοῦσιν
962 5281 1157 5341 αὐτοὺς
1187 5280 1266 5341 εἰς
1299 5280 1396 5348 τὴν
1443 5280 1674 5348 κάμινον
1719 5278 1813 5332 τοῦ

227 5375 428 5448 πυρός’
465 5377 580 5428 ἐκεῖ
630 5373 781 5427 ἔσται
833 5375 860 5426 6
907 5373 1183 5441 κλαυθμὸς
1237 5372 1331 5424 καὶ
1360 5375 1387 5424 6
1431 5371 1678 5440 βρυγμὸς
1707 5372 1816 5424 τῶν

223 5470 486 5523 ὀδόντων.
525 5485 543 5516 ι
571 5467 780 5536 Φοϐερά
803 5467 938 5533 αὕτη
962 5467 992 5534 ἡ
1012 5464 1318 5534 παραϐολή·
1349 5465 1587 5518 δείκνυσι
1607 5467 1714 5536 γὰρ
1730 5466 1814 5519 ὅτι

227 5564 335 5615 κᾶν
376 5560 741 5628 πιστεύωμεν,
782 5559 856 5627 μὴ
881 5559 1091 5629 ἔχωμεν
1132 5558 1186 5611 δὲ
1222 5559 1335 5626 βίον
1378 5558 1599 5625 ἀγαθὸν,
1632 5562 1709 5622 είς
1755 5559 1815 5610 τὸ

226 5654 343 5722 τνῦρ
369 5651 715 5723 ριφησόμεθα
737 5668 748 5681 ’
780 5653 987 5721 σαγήνη
1026 5651 1122 5720 μὲν
1157 5652 1262 5719 γὰρ
1294 5652 1324 5719 ἡ
1351 5651 1671 5703 διδασκαλία
1703 5651 1812 5704 τῶν

223 5746 430 5800 ἁλιέων
471 5743 804 5808 ἀποστόλων,
836 5744 869 5813 ἢ
902 5743 1115 5812 ὲπλάκη
1157 5741 1264 5793 ἀπό
1305 5759 1363 5792 τε
1423 5744 1665 5812 σημείων
1719 5746 1809 5797 καὶ

228 5835 554 5908 μαρτυριῶν
600 5837 976 5908 προφητικῶν.
1019 5838 1084 5888 Ἀ
1126 5833 1233 5905 γὰρ
1277 5833 1552 5889 ἐδίδασκον
1592 5838 1637 5889 oi
1666 5837 1806 5890 ἀπό-

1924 5103 1974 5156 in
2013 5099 2480 5155 consmnmalione
2508 5101 2711 5152 smeltli.
2777 5098 3013 5151 Exibunt
3041 5099 3240 5166 angeli,
3267 5107 3320 5152 et
3350 5113 3506 5166 sepa-

1921 5195 2115 5248 rahnnt
2150 5191 2315 5245 malos
2357 5193 2421 5244 de
2457 5193 2633 5245 medio
2656 5191 2948 5256 iustorum,
2974 5201 3028 5246 et
3072 5192 3286 5244 mittent
3319 5206 3413 5244 eos
3455 5192 3506 5242 iu

1925 5286 2193 5339 caminum
2225 5284 2384 5351 ignis,
2419 5285 2486 5337 ibi
2521 5285 2623 5336 erit
2659 5282 2817 5336 ﬂetus
2849 5293 2901 5336 et
2928 5282 3131 5336 stridor
3177 5285 3446 5335 dentium.
3485 5302 3500 5331 ι

1925 5375 2211 5430 Terribilis
2245 5387 2326 5429 eat
2365 5376 2477 5430 haec
2521 5375 2775 5445 parabola
2808 5393 2821 5441 ;
2871 5375 3108 5428 ostendit
3141 5376 3283 5428 enim
3335 5375 3504 5443 quod,

1923 5468 2046 5522 licet
2092 5471 2398 5532 credamus,
2435 5482 2538 5520 non
2612 5468 2903 5521 habeamus
2959 5478 3137 5518 autem
3183 5466 3348 5518 vitam
3410 5467 3512 5517 ho-

1925 5578 2072 5624 nam,
2113 5562 2168 5614 in
2221 5562 2400 5629 ignem
2444 5560 2816 5629 projicietnur.
2872 5557 3084 5629 Sagana
3150 5559 3368 5625 quidem
3422 5567 3506 5611 est
3552 5587 3553 5590 η

1922 5656 2164 5709 doctrina
2223 5655 2554 5722 piscatorum
2591 5655 2978 5720 apostolorum,
3014 5668 3132 5723 quin
3172 5668 3237 5705 ex
3275 5654 3508 5703 miracu-

1919 5747 1983 5799 lis
2036 5756 2090 5799 et
2144 5746 2468 5798 testimoniis
2518 5745 2898 5814 prolihetarum
2934 5759 3180 5799 connexa
3239 5753 3339 5796 est.
3375 5745 3507 5808 una;

1917 5838 2062 5893 enim
2115 5837 2382 5893 docebant
2442 5838 2693 5907 apostoli,
2757 5837 3045 5895 ﬁrmabant
3105 5836 3400 5900 miraculis,
3455 5845 3510 5888 et
