4080 6336
590 364 696 427 £95

1425 351 2000 416 THEOPHYLACT‘I
2050 350 2146 409 ΒΗ
2159 349 2294 408 LG.\
2310 349 2458 409 RLE
2499 347 2854 409 AllCHIEP.

3727 341 3832 406 £96

595 477 646 528 in
690 471 1055 542 superioribus
1099 476 1204 520 non
1253 462 1496 517 meminit
1549 461 1851 523 alattharus,
1901 475 1965 513 eo
2013 462 2154 523 quod

2264 457 2482 511 λαϐοῦσι
2513 457 2606 510 τοῦ
2633 458 2772 509 κατὰ
2811 455 2899 507 τὸν
2943 454 3195 524 Ἰωάννην
3233 452 3568 522 διηγήματος
3603 455 3631 505 6
3679 453 3829 506 Ματ-

593 578 786 633 ςεοριιε
831 563 901 616 illi
945 571 1060 615 erat
1099 572 1160 611 ea
1202 557 1456 609 duntaxat
1486 554 1726 608 scribere
1758 566 1875 620 qua:
1904 550 1970 604 ad
1998 547 2158 604 Chri-

595 666 738 710 stum
782 651 1111 723 spectabant.
1145 646 1285 700 Sane
1327 659 1426 699 nec
1472 659 1614 698 nunc
1656 641 1990 696 meminisset
2018 640 2154 710 ejus,

599 745 701 800 nisi
743 753 796 798 et
841 743 940 794 hoe
988 738 1053 792 ad
1102 738 1378 791 Christum
1424 733 1712 789 retulisset.
1741 730 1933 801 Arguit
1977 740 2158 784 autem

596 834 826 890 Joannes
861 829 966 901 73
1007 829 1295 890 ilerodetn,
1325 835 1383 880 ut
1413 824 1595 879 fratris
1626 838 1851 878 uxorem
1879 837 1983 876 non
2016 819 2155 890 legi-

599 926 725 979 time
768 923 1076 976 habentem.
1113 918 1223 974 Lex
1268 918 1408 973 enim
1447 915 1671 986 jubebat
1720 914 1908 969 fratris
1938 927 2156 967 uxorem

595 1016 842 1083 accipere
889 1023 1016 1066 tunc
1060 1009 1311 1075 fratrem,
1342 1007 1552 1076 quando
1594 1005 1681 1060 ille
1721 1007 1923 1074 absque
1969 1004 2159 1058 liberis

596 1103 1008 1169 defungeretur.
1051 1098 1147 1152 llic
1178 1107 1356 1151 autem
1393 1093 1672 1164 Philippus
1700 1109 1807 1149 non
1857 1095 2060 1161 absque
2091 1092 2158 1146 li-

599 1195 743 1248 beris
766 1192 1050 1248 defunctus
1071 1199 1206 1245 erat.
1237 1188 1365 1246 Erat
1391 1189 1533 1242 enim
1559 1188 1733 1257 puella
1760 1203 1878 1258 quze
1909 1186 2158 1241 saltabat.

597 1286 737 1341 Sttttt
761 1294 936 1338 autem
967 1282 1182 1350 quidam
1214 1281 1304 1350 qui
1334 1281 1520 1334 dicunt
1558 1279 1723 1346 quod,
1776 1281 1938 1332 etiam
1986 1278 2163 1331 adhuc

595 1377 839 1442 vivente,
877 1373 1118 1444 Philippo
1148 1372 1384 1426 Herodes
1415 1371 1463 1425 ei
1513 1371 1793 1425 abstulerit
1835 1381 1888 1426 et
1913 1383 2159 1433 uxorem,

596 1478 652 1521 et
677 1466 1044 1521 tetrarchiam.
1076 1463 1200 1518 Sive
1230 1471 1408 1517 autem
1442 1463 1562 1527 hoc,
1598 1463 1713 1516 sive
1740 1461 1869 1516 illud
1901 1469 2039 1526 erat,
2067 1460 2165 1514 illi-

597 1559 764 1612 citum
809 1564 928 1611 erat
958 1556 1183 1611 facinus.
1219 1555 1332 1609 Non
1375 1554 1600 1608 timebat
1626 1562 1803 1606 autem
1847 1550 2036 1616 Deum,
2069 1551 2163 1606 sed

595 1646 807 1701 turbam
838 1646 1082 1710 timebat,
1118 1647 1256 1700 unde
1299 1645 1503 1698 distulit
1535 1645 1734 1699 caedem
1774 1661 1788 1697 :
1821 1652 1877 1698 at
1917 1643 2165 1699 diabolus

593 1745 949 1807 opportunum
981 1730 1188 1804 tempus
1221 1734 1322 1789 sibi
1349 1733 1575 1790 invenit.

2263 549 2432 612 Οαῖος,
2459 548 2595 602 διότι
2637 547 2836 609 σκοπὸς
2868 541 2934 614 ἦν
2963 542 3112 615 αὑτῷ
3143 545 3279 615 μόνα
3318 547 3385 597 τὰ
3430 543 3562 613 περὶ
3598 542 3831 612 Χριστοῦ

2261 639 2488 711 γράψαι.
2518 641 2628 692 Καὶ
2667 639 2771 709 γὰρ
2802 636 2925 690 οὐδέ
2979 635 3075 689 νῦν
3122 634 3366 706 ἐμνήσθη
3397 635 3484 699 ἂν,
3535 636 3584 686 εί
3637 635 3712 702 μή
3742 635 3832 685 καὶ

2263 731 2420 786 τοῦτο
2464 733 2542 794 εἰς
2581 728 2817 799 Χριστὸν
2867 727 3080 798 ἔφερεν,
3118 726 3350 796 Ἔλεγχε
3405 726 3462 778 δέ
3506 726 3534 778 6
3576 725 3831 790 Ἰωάννης

2261 822 2354 875 τὸν
2386 820 2656 893 Ἡρώδην,
2700 825 2776 881 ὡς
2835 817 3169 888 παρανόμως
3216 815 3408 885 ἔχοντα
3456 813 3551 866 τοῦ
3597 811 3830 878 ἀδελφοῦ

2261 912 2427 967 αὐτοῦ
2456 912 2553 982 τήν
2580 913 2810 980 γυναῖκα
2843 929 2856 941 ·
2891 912 2918 963 ὁ
2969 910 3079 978 γὰρ
3108 907 3270 976 νόμος
3312 905 3552 970 ἐκέλευε,
3589 902 3688 974 τὴν
3738 901 3829 955 τοῦ

2261 1002 2490 1074 ἀδελφοῦ
2545 1004 2777 1072 γυναῖκα
2826 1003 2946 1055 τότε
2995 999 3292 1069 λαμϐάνειν
3329 997 3421 1049 τὸν
3460 995 3712 1062 ἀδελφὸν,
3743 994 3830 1046 ὅτε

2263 1093 2430 1154 ἄπαις
2476 1090 2790 1160 τελευτήσοι
2824 1091 3048 1152 ἐκεῖνος.
3091 1085 3355 1140 Ἐνταῦθα
3383 1085 3440 1138 δέ
3466 1088 3492 1139 6
3540 1083 3828 1144 Φίλιππος,

2262 1185 2364 1238 οὐκ
2392 1184 2561 1247 ἄπαις
2587 1182 2960 1253 ἐτελεύτησεν.
2984 1176 3093 1232 Ἦν
3129 1180 3235 1249 γὰρ
3259 1177 3410 1248 αὐτῷ
3441 1179 3568 1239 παῖς
3604 1177 3636 1245 ἢ
3664 1175 3828 1244 ὀρχη-

2265 1276 2496 1344 σαμένη.
2545 1272 2698 1335 Τινὲς
2733 1273 2789 1326 δὲ
2839 1273 3087 1340 λέγουσιν
3118 1273 3199 1325 ὅτι
3237 1269 3438 1332 ζῶντος
3473 1265 3554 1320 ἔτι
3597 1265 3693 1318 τοῦ
3735 1265 3831 1316 Qt-

2262 1366 2463 1419 λίππου
2514 1365 2768 1434 ἀφείλετο
2800 1365 2826 1417 ὁ
2894 1362 3140 1432 Ἡρώδης
3177 1363 3271 1415 καὶ
3321 1360 3416 1429 τήν
3465 1359 3702 1427 γὺναῑκα
3738 1354 3831 1408 καὶ

2263 1459 2363 1528 τὴν
2391 1457 2742 1528 τετραρχίαν.
2769 1455 2892 1508 Εἴτε
2926 1456 2981 1509 δὲ
3009 1455 3186 1515 τοῦτο,
3219 1453 3328 1505 εἴτε
3355 1452 3554 1512 ἐκεῖνο,
3585 1447 3830 1518 παράνο·

2266 1564 2368 1619 μον
2394 1545 2461 1620 ἦν
2488 1549 2548 1602 τὸ
2581 1547 2846 1618 πραχθέν.
2881 1547 2974 1616 Μή
3003 1545 3337 1615 φοϐούμενος
3358 1543 3413 1597 δέ
3435 1543 3526 1596 τὸν
3551 1541 3708 1604 Θεὸν,
3739 1538 3831 1592 τίαν

2262 1639 2424 1709 ὄχλον
2455 1639 2722 1707 ἐφοϐεῖτο,
2756 1637 2879 1694 ὅθεν
2924 1637 3018 1688 καὶ
3050 1634 3376 1689 ἀνεϐάλλετο
3405 1631 3499 1686 τοῦ
3547 1629 3827 1701 φονεῦσαι,

2265 1731 2380 1785 ἀλλ’
2420 1732 2449 1785 6
2478 1729 2718 1793 διάϐολος
2750 1728 2971 1799 ἐξεῦρεν
2999 1727 3148 1798 αὑτῷ
3180 1727 3372 1797 καιρὸν
3401 1723 3736 1792 ἐπιτήδειον.

671 1825 835 1882 Vens.
867 1823 982 1882 6-8.
1036 1844 1053 1879 t
1103 1824 1236 1880 Cum
1284 1834 1466 1880 autem
1513 1824 1923 1881 celebrarentur
1959 1825 2158 1881 natalia

2337 1843 2356 1877 ο
2397 1823 2661 1877 Γενεσίων
2688 1823 2743 1878 δέ
2779 1823 3062 1893 ἀγομένων
3094 1821 3189 1876 τοῦ
3233 1822 3494 1894 Ἡρώδου,
3529 1820 3831 1892 ὠρχήσατο

597 1915 846 1976 llerodis.
882 1915 1112 1970 saltabat
1144 1913 1250 1968 tilia
1282 1914 1600 1970 Herodiadis
1644 1916 1696 1970 in
1728 1917 1922 1982 medio,
1955 1925 2010 1972 et
2043 1917 2157 1988 pla-

594 2006 704 2061 cuit
737 2005 951 2073 llerodi,
983 2006 1122 2061 unde
1155 2021 1274 2060 cum
1302 2005 1655 2076 jurejurando
1687 2007 1957 2077 pollicitus
1984 2018 2064 2064 est
2101 2023 2159 2064 se

596 2096 670 2149 illi
694 2097 944 2151 daturum
964 2097 1219 2167 quidquid
1256 2107 1480 2165 peteret.
1512 2099 1578 2152 At
1598 2099 1682 2154 illa
1710 2099 1859 2168 prius
1887 2099 2156 2155 instructa

595 2204 624 2238 ει
666 2189 834 2241 matre
865 2202 961 2242 sua
992 2206 1006 2241 :
1053 2189 1122 2240 Da
1156 2188 1308 2251 mihi,
1345 2188 1537 2256 inquit,
1582 2188 1667 2243 hic
1697 2190 1748 2244 itt
1787 2189 1970 2260 patina
2000 2200 2159 2262 caput

589 2275 821 2332 Joannis
860 2277 1128 2344 Baptista.
1169 2297 1187 2329 ι
1233 2278 1362 2333 Vide
1396 2279 1616 2333 luxum:
1660 2282 1842 2350 regina
1881 2282 2057 2344 saltat,
2103 2293 2158 2336 et

592 2377 800 2435 quanto
838 2369 1112 2437 pulchrius
1143 2368 1384 2433 saltavit,
1420 2377 1569 2425 tanto
1599 2370 1771 2439 pejus.
1802 2367 1982 2442 Turpe
2012 2375 2156 2427 enim

591 2467 679 2514 est
742 2459 958 2526 reginae,
1013 2459 1210 2528 aliquid
1269 2461 1577 2514 indecorum
1629 2461 1710 2514 vel
1767 2463 1904 2518 scite
1956 2463 2154 2518 facere.

599 2548 894 2606 Considera
929 2538 1115 2604 autem
1141 2550 1302 2604 aliam
1337 2550 1694 2620 insipientiam
1731 2552 1979 2609 Herodis.
2011 2555 2163 2609 Jura-

598 2642 671 2693 tit
715 2641 968 2710 quidquid
1007 2651 1213 2710 peteret
1271 2644 1517 2697 daturum
1586 2657 1666 2700 se.
1710 2643 1860 2710 Quod
1908 2645 1952 2700 si
2000 2657 2160 2714 caput

598 2741 746 2784 tuum
788 2731 1031 2797 petisset,
1065 2731 1378 2786 dedissesne
1424 2731 1597 2786 illud?
1641 2733 1712 2785 Da
1759 2732 1912 2795 mihi,
1961 2735 2153 2802 inquit,

599 2822 686 2874 hic
728 2827 886 2890 caput
934 2819 1179 2876 Joannis.
1226 2822 1403 2888 Quare
1448 2825 1697 2894 opposuit
1748 2823 1881 2880 Hic?
1910 2824 2158 2904 Timebat

599 2927 671 2964 ne
728 2910 869 2965 forte
921 2908 1157 2966 Herodes
1204 2912 1528 2980 resipiscens
1582 2923 1766 2983 postea
1827 2917 2160 2988 paenitudine

598 3003 884 3055 duceretur
916 3019 928 3054 :
967 3007 1249 3070 propterea
1298 3012 1453 3070 urget
1496 3002 1680 3058 dicens
1713 3021 1728 3058 :
1774 3005 1846 3059 Da
1882 3007 2155 3062 mibi-hic.

676 3177 840 3233 Vens.
881 3177 1033 3233 9-12.
1071 3198 1090 3231 ι
1127 3179 1188 3232 Et
1220 3180 1445 3236 indoluit
1488 3197 1580 3237 rex
1616 3201 1631 3238 :
1673 3193 1908 3239 attamen
1941 3147 2230 3257 propter‘3

593 3269 965 3338 jusjurandum
986 3279 1041 3325 et
1062 3271 1435 3327 accumbentes
1459 3274 1616 3342 jussit
1642 3275 1776 3331 dari.
1812 3277 1877 3331 Et
1907 3293 2030 3333 eum
2057 3282 2163 3333 mi-

598 3363 758 3416 sisset
797 3362 1100 3426 caruiiices,
1148 3364 1445 3431 amputavit
1487 3377 1646 3434 caput
1683 3365 1905 3424 Joannis
1935 3370 1992 3424 in
2036 3387 2157 3424 rar-

601 3466 746 3516 cere,
787 3461 840 3507 et
866 3453 1081 3508 allatum
1112 3462 1196 3508 est
1234 3462 1390 3523 caput
1417 3455 1532 3527 ejus
1561 3457 1616 3512 in
1655 3459 1859 3528 patina,
1889 3469 1944 3516 et
1977 3461 2161 3516 datum

600 3544 810 3609 puellae,
841 3553 1002 3612 atque
1030 3543 1116 3599 illa
1139 3544 1335 3600 obtulit
1366 3547 1529 3601 matri
1557 3563 1687 3603 suae.
1725 3535 1790 3604 Et
1815 3562 2163 3608 accesserunt

595 3633 846 3704 discipuli
879 3637 1032 3701 ejus,
1079 3645 1135 3690 et
1161 3636 1396 3691 tulerunt
1447 3654 1668 3708 corpus,
1728 3651 1783 3696 et
1834 3642 2166 3712 sepelierunt

602 3725 753 3778 illud.
789 3742 807 3774 ι
853 3724 1086 3778 indoluit
1120 3733 1339 3794 prepter
1371 3725 1643 3782 virtutem.
1682 3729 1994 3785 Admiratur
2020 3734 2164 3786 enim

603 3815 869 3867 virtutem
906 3821 960 3866 et
1013 3815 1203 3878 hostis,
1251 3822 1490 3870 attamen
1526 3824 1747 3886 propter
1781 3815 2161 3889 jusjurandum

601 3904 691 3956 dat
719 3901 918 3956 donum
958 3903 1330 3960 Inhumanum.
1363 3907 1647 3964 Discamus
1687 3919 1868 3966 autem
1908 3914 2012 3967 hoc
2048 3911 2165 3966 loco

601 4008 725 4048 esse
755 3993 1040 4063 aliquando
1067 3994 1263 4051 melius
1296 3995 1536 4067 peierare
1577 4013 1739 4068 quam
1773 4012 1988 4071 propter
2012 4004 2165 4072 jura-

603 4076 862 4147 mcutum,
904 4085 1128 4163 impium
1180 4087 1380 4155 aliquid
1433 4087 1629 4145 facere.
1664 4091 1939 4160 Sepultum
1985 4107 2162 4150 autem

601 4185 687 4229 est
722 4189 913 4244 corpus
958 4176 1210 4245 Baptista:
1257 4178 1308 4230 in
1360 4176 1587 4235 Sebaste
1626 4179 1890 4236 ϐασι-εει.
1927 4183 2164 4239 Venera-

604 4267 712 4321 bile
741 4274 918 4320 autem
945 4267 1063 4336 ejus
1105 4279 1261 4336 caput
1297 4269 1529 4337 primum
1563 4271 1616 4324 in
1666 4271 1917 4327 Emesam
1961 4277 2168 4342 reposi-

608 4343 718 4411 tum
763 4356 882 4410 fuit.
917 4376 935 4409 ι
974 4357 1340 4429 Abieruntque
1379 4370 1432 4414 et
1467 4365 1909 4419 renuntiaverunt
1955 4365 2102 4423 Jesu.
2142 4388 2161 4420 ι

2259 1919 2295 1988 ή
2327 1917 2572 1985 θυγάτηρ
2610 1916 2706 1984 τῆς
2749 1914 3075 1986 Ἡρωδιάδος
3113 1916 3169 1966 ἐν
3215 1914 3292 1984 τῷ
3327 1915 3501 1983 μέσῳ,
3539 1914 3634 1965 καὶ
3666 1911 3831 1982 ήρεσε

2259 2007 2336 2078 τῷ
2382 2003 2592 2078 Ἡρώδῃ
2612 2021 2625 2036 ·
2651 2001 2773 2059 ὅθεν
2807 2003 2925 2076 μεθ’
2951 2004 3113 2075 ὅρκου
3147 2002 3501 2072 ὡμολόγησεν
3528 2002 3667 2071 αὐτῇ
3709 1999 3834 2054 δοῦ;

2259 2117 2346 2153 ναι
2376 2100 2403 2153 ὃ
2432 2097 2527 2153 ἐὰν
2556 2081 2869 2169 α’ίτήσηται.
2905 2097 2970 2150 Ἦ
2996 2094 3074 2162 et,
3111 2094 3544 2165 προϐιϐασθεῖσα
3587 2093 3693 2146 ὑπὸ
3733 2091 3832 2162 τῆς

2261 2191 2468 2262 μητρὸς
2496 2190 2662 2261 αὐτῆς
2685 2207 2699 2220 ο
2733 2188 2832 2253 Δός
2866 2205 2984 2258 μοι,
3009 2188 3195 2257 φησιν,
3228 2179 3330 2240 ὦδε
3361 2185 3454 2237 ἐπὶ
3495 2183 3688 2237 πίνακι
3736 2181 3834 2253 τήν

2260 2282 2499 2353 κεφαλήν
2543 2279 2787 2335 Ἰωάννου
2823 2283 2917 2333 τοῦ
2951 2278 3276 2334 Βαπτιστοῦ.
3322 2298 3340 2330 ι
3379 2274 3482 2330 Ἴδε
3508 2275 3828 2345 ἀσέλγειανί

2270 2376 2334 2429 'H
2371 2375 2658 2444 βασίλισσα
2683 2376 2947 2445 ὀρχεῖται,
2977 2375 3069 2426 καὶ
3101 2374 3211 2443 ὅσῳ
3241 2370 3422 2433 καλῶς
3448 2370 3714 2440 ὀρχεῖται,
3742 2384 3831 2420 το-

2263 2466 2434 2534 σούτῳ
2463 2465 2664 2528 κακῶς.
2713 2465 2952 2534 Λίσχύνη
2997 2466 3105 2533 γὰρ
3152 2463 3440 2533 βασιλίσσῃ
3475 2460 3535 2513 τὸ
3566 2461 3832 2531 πράττειν

2260 2575 2310 2610 τι
2349 2558 2591 2627 ἀπρεπὲς
2613 2556 2913 2622 ἐπιδεξίως.
2950 2557 3146 2609 Σκόπει
3177 2554 3233 2608 δέ
3262 2554 3357 2607 καὶ
3379 2553 3544 2622 άλλην
3571 2551 3833 2621 ἁνοησίσν

2263 2648 2356 2702 τοῦ
2401 2647 2662 2719 Ἡρώδου,
2695 2647 2908 2716 ὤμοσεν
2932 2647 2959 2699 δ
2993 2649 3089 2699 ἐὰν
3124 2645 3437 2714 αἰτήσηται,
3468 2641 3652 2696 δοῦναι
3683 2642 3829 2711 ιὲοίο

2261 2743 2308 2793 εί
2347 2742 2401 2794 δὲ
2426 2742 2524 2808 τὴν
2553 2741 2794 2810 κεφαλήν
2826 2757 2917 2792 σου
2943 2738 3205 2811 ᾐτήσατο,
3234 2736 3466 2798 δέδωκας
3517 2735 3584 2788 ἂν
3623 2734 3830 2802 αὑτήνς

2261 2834 2359 2893 Δός
2399 2850 2513 2902 μοι,
2556 2837 2740 2901 φησίν,
2781 2825 2884 2885 ὦδε
2922 2832 3019 2896 τὴν
3069 2827 3310 2898 κεφαλήν
3359 2826 3632 2881 Ἰωάννου.
3674 2824 3834 2884 Τίνος

2259 2924 2445 2976 ἕνεκεν
2477 2922 2782 2995 προσέθηκε
2800 2922 2881 2986 τὸ,
2905 2917 3040 2986 ὦδε;
3066 2919 3360 2990 Ἐφοϐεῐτο,
3388 2917 3587 2990 μήπως
3609 2919 3636 2970 6
3660 2915 3810 2982 Ἡρώ

2259 3016 2358 3085 δης
2406 3015 2765 3084 σωφρονήσας
2817 3012 3047 3082 ὕστερον
3093 3008 3467 3080 μεταμεληθῇ.
3511 3009 3610 3061 Διὰ
3668 3005 3832 3059 τοῦτο

2264 3105 2576 3172 κατεπείγει
2603 3121 2615 3136 ’
2653 3104 2752 3168 Δός
2789 3121 2876 3173 μοι
2897 3100 3020 3168 ὧδε,
3057 3101 3308 3171 λέγουσα.

2341 3215 2359 3249 t
2413 3198 2522 3250 Καὶ
2552 3195 2792 3266 ἐλυπήθη
2838 3197 2865 3248 6
2893 3195 3171 3264 βασιλεὺς,
3222 3193 3412 3247 διαιδέ
3457 3193 3581 3255 τοὺς
3629 3191 3833 3262 ὅρκους

2262 3286 2361 3341 καὶ
2410 3289 2536 3350 ’τοὺς
2597 3286 3092 3355 συνανακειμένους
3150 3285 3408 3338 ἐκέλευσε
3459 3281 3704 3350 δοθῆναι,
3739 3282 3835 3334 καὶ

2265 3375 2511 3446 πέμψας,
2554 3376 2928 3444 ἀπεκεφάλισε
2968 3375 3058 3427 τὸν
3099 3374 3351 3443 Ἰωάννην
3389 3373 3446 3425 ἐν
3481 3373 3542 3442 τῇ
3594 3372 3831 3440 φυλακῇ.

2265 3469 2359 3521 καὶ
2384 3467 2584 3538 ἠνέχθη
2611 3469 2644 3537 ή
2668 3465 2878 3535 κεφαλὴ
2907 3464 3073 3519 αὑτοῦ
3103 3466 3194 3517 ἐπὶ
3213 3464 3422 3531 πίνακι,
3448 3464 3542 3516 καὶ
3571 3461 3730 3532 ἐδόθη
3758 3463 3836 3531 τῷ

2265 3560 2528 3629 κορασίῳ,
2555 3559 2648 3610 καὶ
2674 3558 2873 3628 ήνεγκε
2895 3559 2960 3628 τῇ
3008 3555 3179 3628 μητρὶ
3227 3555 3416 3624 αὐτῆς.
3452 3555 3833 3629 Καὶᾳπροσελ-

2265 3620 2447 3710 θόντες
2474 3620 2524 3698 ei
2550 3620 2795 3718 μαθηταὶ.
2821 3620 3023 3711 αὐτοῦ,-
3041 3620 3181 3718 ἧ-ραν
3218 3650 3278 3700 τὸ
3303 3620 3460 3716 adipe.
3501 3620 3593 3699 καῖ
3624 3620 3831 3716 έθαψαν

2264 3734 2415 3788 αὑτό.
2454 3752 2472 3783 ι
2519 3733 2794 3804 Ἐλυπήθη
2838 3733 2930 3786 διὰ
2976 3734 3075 3806 τήν
3121 3737 3342 3806 ἀρετήν.
3400 3735 3682 3805 Θαυμάζει
3726 3738 3831 3805 γάρ

2265 3826 2467 3894 ἀρετὴν
2502 3827 2593 3880 καὶ
2623 3826 2880 3895 πολέμιος
2900 3841 2915 3857 ο
2939 3826 3088 3894 ὅμως
3117 3827 3204 3879 διὰ
3244 3828 3369 3890 τοὺς
3397 3829 3611 3896 ὅρκους,
3640 3828 3823 3882 δίδωσι

2262 3918 2473 3987 δωρεὰν
2501 3917 2887 3986 ἀπάνθρωπον.
2924 3917 3303 3988 Μανθάνωμεν
3330 3919 3386 3970 δέ
3436 3917 3707 3982 ἐντεῦθεν,
3748 3920 3830 3972 ὅτι

2263 4007 2411 4061 ἔστιν
2438 4008 2528 4060 ὅτε
2552 4008 2797 4079 κρεῖττον
2818 4005 3118 4077 ἐπιορκεῖν,
3150 4008 3182 4080 ή
3217 4007 3303 4060 διὰ
3331 4007 3454 4070 τοὺς
3475 4009 3673 4078 ὅρκους
3703 4010 3830 4061 ἀσε-

2264 4099 2358 4162 ϐές
2388 4117 2438 4152 τι
2478 4102 2671 4152 ποιεῖν.
2722 4099 2924 4168 Ἑτάφη
2952 4099 3006 4151 δὲ
3036 4099 3095 4151 τὸ
3127 4099 3286 4170 σῶμα
3308 4099 3403 4152 τοῦ
3443 4099 3754 4154 Βαπτιστοῦ
3775 4102 3831 4153 ἐν

2261 4193 2329 4259 τῇ
2359 4190 2599 4261 Σεϐαστῇ
2637 4189 3028 4261 Καισαρείᾳοή
3073 4189 3129 4244 δὲ
3171 4190 3329 4261 τιμία
3387 4189 3552 4245 αὐτοῦ
3596 4191 3823 4262 κεφαλή,

2262 4281 2324 4332 τὸ
2373 4280 2586 4350 πρῶτον
2649 4282 2912 4350 κατετέθη
2958 4283 3038 4345 είς
3091 4283 3356 4353 Ἐμεσαν.
3427 4281 3831 4348 Καὶ,ἐλθόντες

2265 4373 2605 4444 ἀπήγγειλαν
2629 4374 2706 4443 τῷ
2753 4374 2948 4445 Ἰησοῦ.
2995 4375 3037 4426 Τ
3043 4372 3061 4426 ί
3101 4373 3443 4443 ἀπήγγειλαν
3493 4375 3570 4442 τῷ
3610 4376 3830 4446 Ἰησοῦς

605 4446 746 4513 Quid
789 4450 1109 4512 annuntiaut
1155 4448 1327 4505 Jesu?
1379 4465 1484 4505 non
1545 4455 1686 4522 quod
1734 4467 1975 4511 mortuus
2017 4470 2162 4514 esset

2273 4463 2386 4533 οὐχ
2425 4465 2505 4516 ὅτι
2533 4462 2803 4518 ἀπέθανεν
2840 4463 3095 4535 Ἰωάννης
3120 4482 3134 4496 θ
3157 4466 3219 4517 τὸ
3241 4465 3348 4537 γὰρ
3376 4466 3518 4519 κατὰ
3538 4466 3630 4520 τὸν
3663 4468 3834 4523 Ἱωάν⁶

604 4539 859 4605 Joannes,
897 4555 1018 4592 nam
1049 4541 1099 4593 id
1134 4541 1274 4595 fama
1318 4543 1545 4598 subinde
1586 4546 1858 4614 attulerat,
1897 4550 1992 4604 sed
2022 4553 2162 4619 quod

2272 4573 2367 4626 νην
2397 4556 2639 4627 διήγημα
2671 4558 3004 4627 παρενετέθη
3040 4557 3224 4627 μέσον·
3265 4557 3378 4612 ἀλλ’
3412 4559 3495 4612 ὅτι
3531 4561 3560 4613 6
3586 4558 3835 4632 Ἡρώδης

607 4626 850 4683 Herodes
879 4631 946 4683 de
973 4628 1098 4685 Jesu
1136 4633 1356 4697 diceret,
1390 4636 1530 4702 quod
1557 4635 1792 4693 Joannes
1818 4649 1981 4694 esset.

685 4717 848 4774 νεεδ.
877 4720 962 4773 l5.
997 4737 1016 4770 ι
1056 4718 1109 4773 ld
1142 4734 1262 4774 cum
1299 4722 1535 4778 audisset
1558 4724 1740 4791 Jesus,
1766 4732 1990 4784 secessit
2018 4732 2163 4788 illiue

611 4813 665 4866 lu
686 4814 806 4864 navi
839 4812 900 4865 ad
934 4813 1202 4867 desertum
1235 4813 1409 4868 locum
1435 4819 1680 4873 seorsim.
1713 4838 1731 4870 ο
1768 4820 1980 4877 Secedit
1999 4819 2162 4880 Iesus

608 4912 828 4970 propter
853 4902 1077 4987 Herodis
1124 4903 1491 4970 homicidimn,
1545 4907 1745 4965 docens
1800 4927 1896 4967 nos
1945 4929 2163 4987 quoque

610 5008 680 5046 ne
710 4985 1023 5058 objiciamus
1053 4995 1299 5078 nosipsos
1329 5004 1534 5051 temere
1565 4999 1617 5051 in
1647 5002 1903 5070 pericula,
1940 5014 1997 5058 et
2031 4985 2166 5062 inte-

612 5079 713 5133 ritu
751 5092 816 5132 ne
861 5079 1107 5133 videatur
1142 5079 1294 5147 juxta
1330 5085 1698 5152 apparentiatn
1745 5099 1950 5144 tantum
1984 5095 2165 5148 incar-

613 5179 792 5235 natus,
834 5180 1117 5240 propterea
1167 5173 1392 5229 secedit.
1447 5176 1500 5230 Si
1552 5179 1695 5234 enim
1746 5184 2003 5238 tenuisset
2040 5201 2164 5238 eum

616 5257 871 5327 Herodes,
908 5273 1132 5318 conatus
1160 5263 1348 5319 fuisset
1379 5267 1522 5321 illum
1557 5273 1804 5327 occidere
1835 5292 1848 5328 :
1889 5285 1941 5330 et
1972 5280 2041 5342 si,
2071 5294 2164 5332 co-

619 5363 782 5407 nante
814 5356 914 5408 hoc
933 5349 1166 5422 Herode,
1191 5357 1344 5414 Jesus
1369 5361 1603 5427 selpsum
1638 5375 1670 5414 e
1698 5363 1886 5419 mediis
1917 5369 2167 5436 periculis

614 5443 924 5511 eripuisset,
943 5462 1010 5501 eo
1035 5454 1173 5516 quod
1199 5456 1429 5507 nondum
1464 5455 1697 5510 instabat
1718 5466 1928 5530 tempus
1954 5468 2164 5532 mortis,

2269 4642 2417 4712 λέγει
2461 4646 2589 4716 περὶ
2627 4646 2790 4698 αὐτοῦ
2828 4647 2904 4709 ὡς
2945 4647 3201 4718 Ἰωάννης
3229 4646 3370 4701 ἐστί.

2347 4753 2366 4785 t
2399 4736 2509 4789 Καὶ
2540 4737 2774 4801 ἀκούσας
2810 4740 2839 4790 6
2889 4739 3118 4809 Ἰησοῦς,
3153 4741 3503 4814 ἀνεχώρησεν
3535 4742 3750 4800 ἐκεῖθεν
3781 4747 3838 4802 ἐν

2271 4826 2443 4896 πλοίῳ
2459 4844 2484 4879 ε
2495 4829 2536 4890 ίς
2553 4829 2575 4879 ἐ
2580 4846 2649 4899 ρη
2658 4846 2756 4898 μον
2771 4831 2931 4885 τρίπον
2948 4834 3067 4884 κατ’
3085 4833 3239 4889 ἰδίαν.
3256 4835 3621 4909 »Ἀναχιορετδ
3634 4835 3838 4910 Ἰησοῦς

2267 4918 2356 4970 διὰ
2374 4919 2472 4988 τήν
2504 4921 2744 4993 Ἡρώδου
2779 4924 3115 4993 μιαιφονίαν,
3159 4926 3425 4983 διδάσκων
3453 4932 3547 4985 καὶ
3570 4931 3719 5002 ήμᾶς
3762 4932 3841 5005 μὴ

2275 5009 2491 5077 ῥίπτειν
2521 5011 2744 5075 ἑαυτοὺς
2764 5014 3056 5084 προφανῶς
3087 5019 3165 5080 είς
3181 5018 3478 5084 κινδύνους.
3493 5021 3610 5075 Καὶ
3625 5023 3742 5093 ἅμα
3755 5021 3841 5077 ἵνα

2275 5102 2352 5169 μὴ
2370 5099 2492 5175 δόξῃ
2509 5102 2649 5155 κατὰ
2664 5107 2962 5171 φαντασίαν
2975 5124 3038 5159 σα
3043 5111 3344 5180 ρκωοῆναι,
3358 5112 3445 5166 διὰ
3461 5113 3621 5168 τοῦτο
3631 5117 3844 5188 ἀναχω-

2277 5194 2379 5259 ρεῖ.
2401 5194 2462 5246 Et
2485 5195 2592 5265 γὰρ
2615 5196 2918 5267 ἐκράτησεν
2932 5199 3094 5251 αὑτὸν
3121 5202 3149 5252 6
3178 5201 3447 5273 Ἡρώδης,
3482 5206 3843 5278 ἐπεχείρησεν

2275 5283 2341 5334 ἂν
2353 5285 2561 5340 ἀνελεῖν
2584 5304 2595 5315 ·
2613 5289 3013 5361 ἐπιχειροῦντος
3025 5292 3326 5359 δέζάνελείν,
3344 5295 3439 5348 ἐὰν
3455 5296 3519 5350 ἐκ
3534 5298 3719 5367 μέσων
3737 5300 3843 5353 τῶν

2273 5378 2536 5431 κινδύνων
2562 5378 2868 5451 ἐξήρπασεν
2905 5383 3098 5437 ἑαυτὸν
3129 5388 3156 5438 6
3200 5385 3430 5457 Ἰησοῦς,
3471 5388 3560 5441 διὰ
3585 5391 3646 5442 τὸ
3675 5391 3844 5461 μήπω

2272 5471 2523 5539 ἐνστῆναι
2546 5473 2633 5525 τὸν
2656 5476 2844 5545 καιρὸν
2863 5477 2953 5530 τοῦ
2975 5477 3224 5543 θανάτου,
3252 5479 3430 5544 ἔδοξεν
3453 5480 3517 5534 ἂν
3545 5483 3842 5554 φάντασμα

1521 5576 1609 5636 Ex
1644 5576 1988 5643 collatione
2021 5584 2202 5649 codd.
2241 5588 2464 5652 Venet.
2501 5595 2565 5653 S.
2600 5595 2815 5657 Marci.

684 5665 1421 5779 εὲοληίὲξνέὶξέεἲτ,,ῖξίξξεῖεξηδν
1452 5679 2076 5779 mammam
2113 5692 2162 5744 αῖ

2264 5707 2399 5748 rat-ro
2432 5694 2636 5752 δοῦναι.
2673 5717 2694 5751 ί
2728 5699 2957 5769 iuravit,
2997 5701 3045 5760 si
3079 5703 3355 5775 eleganter
3375 5705 3603 5764 saltaret
3629 5745 3648 5774 ,
3680 5705 3844 5779 quiti-

613 5737 738 5807 quid
773 5740 1008 5810 petierit,
1032 5737 1278 5801 daturust
1309 5761 1388 5815 se,
1411 5737 1444 5800 ἰ
1475 5757 1582 5808 etc.
