4080 6336
192 397 300 463 294

834 393 1292 462 ENARRATIO
1323 393 1404 454 IN
1447 387 1948 454 EVANGELIUM
1981 355 2377 451 mum/er.
2405 411 2475 423 —
2519 385 2678 447 CAP.
2720 382 2878 446 xw.

3356 383 3467 447 298

194 500 357 573 εἶναι,
385 505 472 560 διὰ
508 506 680 561 ταῦτα
715 504 848 573 γοῦν
876 505 1172 575 ἀναχωρεῖ.
1217 503 1309 566 Εἰς
1341 501 1550 572 ἔρημον
1589 499 1648 552 δὲ
1690 498 1778 551 τό·

1903 499 2103 556 iabitus
2140 497 2334 554 fuisset
2367 496 2692 568 phantasma
2729 507 2873 557 esse,
2906 498 2960 546 et
2993 497 3280 561 eapropter
3312 503 3472 545 sece-

194 613 299 650 που
352 595 476 652 κατ’
522 597 686 662 ἰδίαν,
736 597 841 652 ἵνα
877 595 1354 666 θαυματουργήση
1406 595 1467 644 τὸ
1524 591 1616 644 ἐπὶ
1664 591 1777 652 τοῖς

189 688 392 759 ἄρτοις
407 688 618 761 easne.

264 888 290 922 ι
351 869 462 925 Kal
519 863 852 928 ἀκούσαντες
894 864 965 934 οἰκ
1002 863 1173 932 ὄχλοι,
1209 857 1582 931 ἠκολούθησαν
1632 859 1780 929 αὐτῷ

196 963 339 1034 πεζῇ
369 949 477 1029 ἀπὸ
505 960 614 1013 τῶν
657 957 888 1011 πόλεων.
925 954 1038 1009 Καὶ
1078 952 1311 1018 ἐξελθὼν
1343 954 1370 1005 ι
1409 950 1640 1020 Ἰησοῦς,
1672 945 1781 1003 eis:

194 1056 366 1110 πολὺν
392 1053 572 1123 ὖχλον,
609 1050 704 1104 καὶ
733 1043 1143 1120 ἐσπλαγχνίσθη
1178 1044 1266 1096 ἐπ’
1302 1042 1508 1105 αὐτοῖς,
1546 1041 1639 1094 καὶ
1664 1039 1782 1093 ἐθε-

196 1149 439 1221 ράπευσε
479 1143 607 1207 τοὺς
647 1139 992 1215 ἀρρώστουςἼ
1021 1136 1224 1190 αὐτῶν.
1273 1155 1291 1188 ι
1343 1134 1534 1190 Πίστιν
1573 1134 1782 1188 ἐνδείκ-

195 1257 385 1295 νυνται
443 1237 494 1290 οἱ
536 1235 704 1305 ὄχλοι,
749 1235 880 1285 ὅπου
916 1248 980 1299 γε
1033 1231 1130 1285 καὶ
1183 1227 1560 1300 ἀναχωροῦντι
1612 1243 1785 1298 προσ-

191 1332 456 1403 τρέχουσι
521 1327 599 1397 τῷ
672 1323 871 1394 Ἰησοῦ.
939 1323 1031 1374 Διὸ
1107 1319 1297 1391 μισθὸν
1367 1318 1470 1389 τῆς
1544 1319 1783 1380 πίστεως

195 1423 518 1494 κομίζονται
566 1419 666 1481 τάς
727 1417 920 1481 ίάσεις,
959 1412 1097 1468 άλλά
1143 1413 1239 1466 καὶ⁸
1288 1413 1348 1465 τὸ
1378 1410 1517 1482 πεζῇ
1551 1410 1779 1464 ἀκολου-

197 1517 388 1587 θῆσαι,
425 1514 520 1568 καὶ
562 1514 622 1568 τὸ
653 1512 821 1583 χωρὶς
852 1508 1085 1580 τροφῆς,
1117 1507 1295 1561 πάντα
1318 1504 1492 1558 ταῦτα
1525 1505 1780 1565 πίστεως.

273 1627 293 1664 t
344 1608 532 1675 Ὀψίας
562 1605 618 1658 δὲ
649 1603 972 1672 γενομένης,
1004 1599 1316 1671 προσῆλθον
1341 1598 1492 1667 αὑτῷ
1527 1598 1576 1651 οι
1605 1595 1784 1668 μαθη-

197 1699 288 1752 ταὶ
314 1697 517 1770 αὑτοῦ,
553 1695 798 1764 λὲγόντες
827 1711 840 1726 ·
879 1692 1129 1767 Ἔρημός
1175 1693 1321 1744 ἐστιν
1360 1692 1387 1744 ὀ
1413 1689 1597 1753 τόπος,
1632 1690 1782 1758 καὶὴ

199 1792 319 1860 ὥρα
348 1791 448 1862 ήδη
481 1788 786 1860 παρῆλθεν
820 1786 1092 1840 ἀπόλυσον
1115 1785 1239 1847 τοὺς
1268 1783 1482 1854 ὄχλους,
1506 1782 1594 1838 ἵνα
1617 1781 1782 1836 ἀπελ·

200 1859 390 1945 θόντες
417 1859 497 1945 είς
523 1859 621 1945 τάς
646 1877 860 1949 κώμας,
887 1877 1234 1948 ἀγοράσωσιν
1254 1875 1468 1938 ἑαυτοῖς
1495 1874 1782 1946 βρώματα.
1821 1859 1862 1913 Β

217 1977 275 2032 Ὀ
330 1976 385 2029 δὲ
448 1975 684 2047 Ἰησοῦς⁹
714 1967 872 2025 εἷπεν
929 1970 1113 2034 αὐτοῖς
1142 1985 1156 2000 ·
1202 1969 1276 2022 Οὐ
1315 1969 1505 2040 χρείαν
1568 1965 1787 2038 ἔχουσιν

200 2070 501 2125 ἀπελθεῖν-⁸
532 2068 651 2124 δότε
691 2064 876 2127 αὐτοῖς
907 2066 1066 2138 ὑμεῖς
1097 2065 1313 2133 φαγεῖν.
1355 2082 1374 2116 ›
1407 2063 1787 2135 Φιλάνθρωποί

199 2165 343 2234 εἰσιν
374 2165 422 2216 οἱ
473 2161 734 2233 μαθηταὶ,
794 2159 1052 2228 κήδονται
1106 2157 1213 2228 γάρ
1245 2156 1337 2210 τοῦ
1369 2155 1551 2227 ὄχλου,
1579 2155 1673 2210 καὶ
1700 2153 1789 2209 διά

197 2255 365 2317 τοῦτο
393 2255 462 2331 et)
517 2254 734 2307 θέλουσι
786 2252 1004 2322 νήστεις
1055 2249 1255 2312 αὐτοὺς
1301 2245 1459 2301 εἶναι.
1499 2247 1565 2300 Τί
1614 2243 1707 2302 οὖν
1763 2249 1790 2300 ὁ

199 2345 436 2415 Σωτήρ;
469 2344 620 2409 Δότε,
650 2340 836 2412 φησὶν,
866 2340 1059 2403 αὐτοῖς
1089 2339 1248 2410 ὑμεῖς
1282 2339 1498 2408 φαγεῖν.
1534 2336 1706 2391 Τοῦτο
1730 2337 1787 2390 δὲ

204 2437 382 2506 λέγει,
408 2439 509 2508 οὐχ
535 2436 612 2506 ὡς
643 2434 856 2503 ἀγνοῶν
893 2434 1026 2504 ὅσην
1061 2432 1252 2485 πενίαν
1294 2428 1441 2501 εἶχον
1479 2433 1526 2483 οί
1556 2430 1791 2483 ἀπόστοο

199 2528 312 2598 λοι,
340 2529 545 2598 ἄπαγε,
580 2527 695 2600 ἀλλ’
726 2526 814 2579 ἵνα
845 2525 1107 2578 εἰπόντων
1138 2523 1385 2588 ἐκείνων,
1410 2523 1492 2576 ὅτι
1532 2523 1647 2575 Οὐκ
1675 2521 1790 2592 ἐχο-

205 2640 333 2694 μεν,
357 2602 488 2696 δόξῃ
511 2612 570 2688 ἐξ
604 2622 851 2691 ἀνάγκης
905 2617 1084 2671 ἐλθεῖν
1132 2617 1224 2670 ἐπὶ
1258 2615 1318 2670 τὸ
1361 2616 1792 2686 θαυματουργῆ-

206 2731 323 2781 erat,
356 2715 449 2768 καὶ
483 2714 542 2766 οὐ
574 2711 715 2766 κατὰ
741 2710 1074 2780 φιλοδοξίαν.

288 2823 308 2860 ι
341 2807 403 2859 Οί
433 2803 491 2857 δέ
522 2802 772 2873 λέγουσιν
1049 2801 1162 2854 Οὐκ
1191 2799 1194 2801 ’
1223 2799 1419 2871 ἔχομεν
1447 2791 1572 2866 ὦδε,
1621 2799 1668 2851 εί
1718 2798 1793 2867 μὴ

202 2898 376 2960 πέντε
405 2896 603 2969 ἄρτους
637 2896 732 2949 καὶ
780 2893 875 2964 δύο
923 2887 1132 2971 ἰχθύας.
1177 2893 1234 2947 '0
1268 2893 1325 2945 δὲ
1372 2887 1526 2946 εἷπε·
1591 2888 1795 2961 Φέρετέ

206 3007 306 3062 μοι
331 2971 533 3052 αὖτοὺς
554 2985 676 3064 ὦδε.
708 2975 832 3042 Καὶ.Δ
867 2987 1132 3048 κελεύσας
1178 2987 1306 3050 τοὺς
1339 2985 1535 3056 ὄχλους
1568 2985 1796 3040 ἀνακλι-

193 3074 377 3159 θῆναι
409 3084 505 3138 ἐπὶ
531 3083 657 3148 τοὺς
696 3080 947 3152 χόρτους,
987 3078 1172 3136 λαϐὼν
1225 3082 1353 3144 τοὺς
1402 3080 1566 3133 πέντε
1597 3081 1796 3151 ἄρτους

199 3175 310 3248 ,καὶ
339 3176 468 3239 τοὺς
495 3173 831 3245 δύοίχθύας,
861 3172 1173 3243 evastata;
1205 3172 1398 3269 sig-“rev
1441 3172 1672 3244 οὐρανὸν
1705 3172 1796 3225 εὑ·
1825 3208 1870 3269 c

201 3261 455 3340 λόγησε.
485 3285 504 3318 ι
540 3265 740 3337 Φέρετέ
770 3283 860 3337 μοι
888 3268 1012 3329 τοὺς
1050 3267 1248 3338 ἄρτους
1278 3257 1412 3334 ὧδε·
1473 3266 1522 3318 εί
1552 3265 1662 3336 γὰρ
1705 3267 1800 3318 καὶ

178 3359 343 3432 ’ὀψία
366 3359 539 3428 ἐστὶν,
581 3359 699 3413 ἀλλ’
735 3358 892 3413 ὀτῶν
949 3359 1111 3430 ὡρῶν
1140 3358 1384 3430 Ποιητὴς
1424 3358 1694 3430 πάρειμιο
1749 3360 1799 3412 εἰ

201 3452 426 3532 lpum;
457 3455 486 3507 ό
532 3452 718 3518 τόπος,
752 3451 920 3506 ἀλλ’ὀ
970 3450 1386 3521 διδοὺςτροφὴν
1443 3451 1595 3523 πάσῃ
1636 3452 1802 3521 σαρκὶ

200 3540 326 3614 ἐγώ
354 3544 497 3614 ειμι.
544 3542 905 3611 Μανθάνομεν
953 3541 1010 3594 δὲ
1051 3539 1304 3607 ἐντεῦθεν
1351 3541 1434 3594 ὅτι
1491 3540 1594 3595 κᾶν
1643 3539 1800 3608 ὀλίγα

202 3621 457 3714 ἔχωμεν,
512 3634 595 3689 δεῖ
624 3633 794 3689 ταῦτα
825 3635 904 3697 εἰς
958 3632 1057 3703 τὴν
1101 3631 1410 3701 φιλοξενίαν
1459 3631 1797 3695 ἀναλίσκειν,

203 3731 454 3802 καὶγὰρ
497 3727 547 3781 οῖ
603 3727 893 3792 ἀπόστολοι
931 3727 1090 3794 ὀλίγα
1118 3724 1337 3797 ἔχοντες
1389 3725 1654 3780 δεδώκασι
1689 3728 1802 3790 τοῖς

202 3804 423 3896 ὄχλοις.
466 3819 608 3896 Ἀλλ’
642 3818 833 3890 ὥσπερ
885 3818 955 3873 τά
1005 3817 1164 3887 ὀλίγα
1223 3817 1396 3872 ταῦτα
1443 3817 1799 3886 ἐπλεόνασαν,

204 3909 368 3974 οὕτω
393 3913 487 3970 καὶ
517 3912 587 3970 τὰ
642 3911 709 3966 σὰ
742 3909 900 3979 ὀλίγα
937 3909 1438 3988 ςπληθυνθήσονται.
1476 3907 1801 3970 μ’Λνακλίνει

204 4009 272 4064 δὲ
298 4009 432 4070 τοὺς
459 4005 651 4076 δχλους
674 4004 766 4058 ἐπὶ
789 4005 916 4068 τοὺς
952 3993 1208 4074 χόρτους,
1253 4002 1525 4060 διδάσκων
1564 4003 1665 4074 τὴν
1714 4003 1805 4057 εὑ·

202 4101 461 4165 τίλειαν,
494 4098 583 4152 ῖνα
614 4097 710 4151 καὶ
753 4095 817 4150 σὺ
854 4095 929 4167 μὴ
975 4095 1068 4149 ἐπὶ
1101 4093 1304 4148 κλινῶν
1351 4093 1661 4150 πολυτελῶν
1709 4092 1806 4148 καὶ

183 4181 566 4271 ⁹στειιιψέάτων
594 4187 874 4268 ἀναπαύῃ.
918 4187 1245 4243 ’Δναὸλέπει
1298 4187 1354 4241 δὲ
1388 4188 1468 4252 είς
1502 4187 1595 4242 τὸν
1635 4186 1806 4258 οὐρα-

201 4285 314 4340 νδνν
360 4283 458 4359 καὶ
507 4280 722 4351 εὐλογεῖ
764 4277 894 4346 τοὺς
953 4278 1178 4352 ἄρτους,
1210 4278 1351 4359 τάχα
1409 4277 1531 4350 μὲν,
1579 4277 1676 4334 καὶ
1719 4280 1807 4331 ἵνα

203 4357 572 4450 πιστώσηται
604 4375 679 4438 ὡς
712 4374 814 4427 οὐκ
843 4370 1090 4434 ἀντίθεός
1113 4357 1286 4435 ἐστιν,
1322 4369 1439 4423 ἀλλ’
1464 4371 1530 4423 ἐκ
1561 4369 1658 4424 τοῦ
1692 4370 1808 4423 Πα-

1885 591 1984 650 dit.
2015 589 2077 646 In
2106 591 2382 646 desertum
2421 597 2604 645 autem
2638 585 2815 642 locum
2846 593 3205 650 seorsum.th
3241 582 3467 648 miracu-

1885 680 1996 740 lum
2026 681 2158 737 illud
2184 680 2254 738 de
2281 679 2511 752 panibus
2540 683 2887 748 oneraretur.

1960 866 2125 928 Vens,
2157 866 2244 931 15,
2278 864 2366 919 14.
2414 881 2431 915 ι
2475 861 2537 918 Et
2566 876 2688 916 cum
2722 861 3005 916 audissent
3037 859 3243 926 turbae,
3277 867 3477 914 secuta:

1885 964 2013 1014 sunt
2035 973 2158 1013 eum
2191 957 2390 1012 itinere
2423 954 2660 1026 pedestri
2697 953 2898 1009 relictis
2924 950 3174 1006 urbibus.
3209 949 3276 1005 Et
3294 963 3475 1022 egres-

1886 1050 1980 1106 Sus
2011 1049 2172 1106 Jesus
2208 1049 2344 1104 vidit
2379 1047 2618 1120 multam
2657 1047 2871 1101 turbam
2893 1086 2908 1111 ,
2944 1054 2998 1100 et
3043 1043 3338 1100 miseratus
3367 1043 3480 1115 75

1887 1146 2059 1211 illam,
2094 1143 2311 1200 sanavit
2355 1142 2602 1197 infirmos
2643 1133 2880 1196 illorum.
2941 1157 2960 1193 ι
3007 1137 3197 1195 Fidem
3234 1138 3482 1195 indicant

1886 1238 2078 1303 turbae,
2114 1234 2260 1308 unde
2309 1244 2364 1289 et
2415 1232 2484 1288 ad
2516 1233 2866 1288 secedentem
2913 1237 3241 1297 accurrunt,
3274 1242 3330 1287 et
3360 1231 3481 1287 ideo

1885 1324 2202 1392 sanitatem.
2239 1325 2364 1381 fidei
2403 1323 2713 1381 mercedem
2751 1325 3043 1394 deportant
3047 1339 3088 1409 ἑ
3123 1323 3220 1378 sed
3250 1331 3305 1379 et
3329 1325 3476 1393 quod

1886 1419 2121 1488 pedestri
2160 1417 2353 1474 itinere
2385 1418 2664 1484 incedunt,
2706 1427 2762 1474 et
2791 1419 2936 1490 quod
2967 1420 3177 1491 absque
3208 1421 3347 1477 cibis
3383 1435 3479 1477 ve-

1889 1512 2062 1577 niunt,
2093 1510 2220 1566 fidei
2255 1511 2408 1581 signa
2443 1519 2593 1566 sunt.

1959 1601 2124 1660 Vens.
2178 1603 2266 1670 15,
2305 1601 2389 1657 l6.
2439 1620 2457 1653 ι
2498 1601 2663 1658 Facta
2710 1609 2888 1658 autem
2938 1617 3190 1672 vespera,
3235 1617 3484 1660 accesse-

1891 1709 2016 1754 runt
2055 1698 2124 1752 ad
2171 1712 2296 1752 eum
2330 1697 2580 1767 discipuli
2631 1697 2825 1766 ipsius,
2864 1696 3112 1752 dicentes
3163 1716 3175 1750 :
3227 1698 3483 1754 Desertus

1888 1797 1970 1842 est
2003 1787 2180 1853 locus,
2211 1795 2265 1840 ct
2300 1787 2430 1841 hora
2459 1786 2570 1855 jam
2607 1787 2874 1856 prmteriit
2909 1805 2920 1842 :
2955 1787 3167 1842 dimitte
3209 1789 3394 1842 turbas
3423 1796 3482 1843 ut

1890 1880 2090 1934 abeant
2121 1879 2176 1934 in
2204 1878 2374 1943 vicos,
2399 1885 2453 1934 et
2487 1887 2674 1934 emant
2706 1879 2809 1935 sibi
2844 1879 3071 1934 cibaria.
3105 1881 3176 1934 At
3210 1880 3316 1935 illis
3345 1879 3485 1935 dixit

1891 1971 2047 2026 Jesus
2075 1987 2089 2024 :
2117 1969 2235 2025 Non
2264 1979 2351 2024 est
2377 1969 2480 2024 illis
2507 1983 2735 2026 necesse
2757 1979 2815 2024 ut
2846 1970 3067 2036 abeant,
3102 1970 3226 2026 date
3255 1970 3360 2026 illis
3385 1985 3484 2027 vos

1892 2063 2034 2132 quod
2073 2063 2261 2119 edant.
2305 2081 2322 2114 ι
2355 2061 2740 2117 Misericordes
2788 2070 2916 2117 sunt
2956 2062 3238 2132 discipuli.
3283 2063 3483 2119 Curam

1893 2156 2035 2210 enim
2074 2164 2270 2225 gerunt
2299 2155 2492 2220 turbae,
2524 2163 2578 2208 et
2612 2155 2900 2224 propterea
2933 2154 3129 2210 nolunt
3163 2170 3292 2212 eam
3323 2155 3471 2225 jeju-

1895 2252 2018 2303 n‘am
2045 2262 2191 2304 esse.
2224 2245 2365 2314 Quid
2416 2247 2580 2318 igitur
2607 2245 2904 2304 Salvator?
2954 2249 3111 2314 Date,
3148 2247 3346 2316 inquit,
3391 2263 3488 2306 vos

1896 2340 1999 2400 illis
2035 2341 2178 2411 quod
2225 2342 2408 2400 edant.
2463 2339 2578 2395 Hoc
2634 2349 2818 2396 autem
2864 2341 3016 2408 dicit,
3067 2357 3173 2396 non
3227 2351 3487 2411 tanquam

1896 2434 2157 2504 ignorans
2191 2433 2246 2488 in
2275 2443 2481 2505 quanta
2507 2433 2745 2503 apostoli
2778 2443 3023 2504 egestate
3056 2443 3242 2491 essent
3277 2451 3289 2487 :
3325 2434 3487 2499 absit,

1896 2527 1988 2582 sed
2027 2537 2085 2582 ut
2117 2526 2428 2583 dicentibus
2473 2528 2583 2583 illis
2626 2542 2686 2584 se
2727 2542 2830 2582 non
2879 2524 3082 2582 habere
3113 2529 3257 2598 quod
3302 2527 3488 2592 edant,

1896 2629 2158 2689 appareat
2195 2618 2368 2687 ipsum
2397 2634 2503 2674 non
2536 2618 2715 2674 inanis
2737 2619 2920 2692 gloria:
2949 2619 3148 2684 studio,
3178 2621 3271 2675 sed
3300 2632 3492 2676 neces‘

1899 2713 2061 2766 sitate
2087 2712 2152 2767 ad
2179 2713 2518 2784 operandum
2547 2712 2868 2768 miraculum
2907 2715 3226 2783 procedere.

1972 2802 2138 2859 Vens.
2188 2803 2376 2860 17-19.
2410 2821 2430 2856 ι
2483 2805 2552 2858 At
2585 2803 2659 2858 illi
2706 2803 2894 2859 dicunt
2925 2805 3015 2860 ei:
3057 2804 3174 2862 Non
3222 2808 3491 2864 habemus

1902 2893 1990 2948 hic
2037 2894 2140 2948 nisi
2183 2893 2429 2963 quinque
2462 2907 2652 2964 panes,
2696 2902 2753 2950 et
2796 2895 2930 2949 duos
2976 2894 3174 2964 pisces.
3219 2894 3312 2952 Ille
3363 2911 3494 2965 vero

1901 2981 2075 3037 dixit:
2114 2980 2319 3038 Afferte
2341 2982 2474 3038 mihi
2505 2997 2599 3038 eos
2621 2983 2744 3039 huc.
2771 2981 2837 3036 Et
2856 2984 3023 3054 jussit
3046 2986 3231 3040 turbas
3251 2986 3496 3042 discum-

1901 3072 2031 3127 bere
2065 3087 2232 3143 super
2274 3076 2548 3145 gramina,
2597 3081 2941 3146 sumptisque
2970 3078 3210 3147 quinque
3263 3081 3496 3150 panibus

1903 3179 1968 3219 ac
2014 3165 2226 3221 duobus
2266 3165 2530 3235 piscibus,
2579 3181 2645 3223 ac
2695 3168 2924 3224 sublatis
2973 3171 3026 3225 in
3075 3170 3272 3226 coalum
3322 3174 3496 3229 oculis

1906 3255 2208 3311 benedixit.
2261 3276 2279 3308 ›
2334 3256 2536 3314 Aﬂ‘erte
2579 3259 2709 3314 mihi
2767 3276 2938 3328 panes
2991 3263 3130 3325 huc,
3160 3273 3214 3319 et
3253 3266 3379 3320 licet
3423 3268 3499 3322 sit

1903 3361 2151 3416 vespera,
2219 3357 2522 3417 temporum
2582 3365 2682 3421 ego
2741 3348 3004 3407 Conditor
3065 3353 3256 3407 adsum
3307 3372 3319 3407 :
3368 3355 3499 3410 licet

1903 3440 2151 3498 desertus
2181 3439 2334 3496 locus
2365 3440 2456 3504 sit,
2499 3455 2601 3513 ego
2639 3451 2821 3498 tamen
2858 3456 2982 3498 sum
3017 3445 3110 3513 qui
3144 3447 3293 3501 omni
3333 3449 3490 3502 carni

1903 3545 2088 3586 escam
2135 3530 2224 3586 do.
2262 3529 2545 3588 Diseamus
2592 3535 2775 3588 autem
2819 3534 2924 3589 hoc
2960 3536 3081 3591 loco
3123 3538 3268 3606 quod
3328 3537 3494 3594 etiam

1903 3636 2076 3693 pauca
2124 3638 2248 3693 qua:
2297 3624 2583 3688 habemus,
2634 3623 2687 3678 in
2740 3626 3167 3696 hospitalitatem
3219 3628 3498 3686 insumere

1906 3717 2184 3771 debemus.
2213 3715 2428 3773 Etenim
2459 3717 2690 3788 apostoli
2721 3733 2890 3788 pauca
2920 3721 3204 3789 habentes,
3231 3722 3500 3779 dederunt

1908 3807 2084 3864 turbis
2115 3826 2129 3863 :
2163 3817 2219 3863 et
2252 3809 2714 3879 quemadmodum
2747 3826 2914 3881 pauca
2940 3814 3054 3868 haec
3089 3815 3495 3885 multiplicavit,

1907 3900 1984 3957 lta
2017 3909 2072 3956 et
2099 3911 2188 3957 tua
2215 3917 2389 3974 pauca
2420 3903 2949 3973 multiplicabuntur.
2990 3905 3145 3963 Facit
3176 3919 3354 3964 autem
3385 3920 3502 3965 tur-

1907 3995 2007 4050 bas
2037 4009 2202 4064 super
2229 3995 2475 4065 gramina
2516 3995 2830 4062 considere,
2865 3996 3235 4067 frugalitatem
3272 4001 3499 4069 docens,

1909 4101 1977 4141 ne
2009 4094 2064 4139 tu
2095 4085 2150 4140 in
2187 4086 2451 4155 pretiosis
2487 4086 2645 4143 lectis
2678 4096 2734 4142 et
2766 4089 2956 4143 stratis
2990 4091 3300 4146 recumbas.
3331 4092 3502 4149 Porro

1909 4177 2140 4248 suspicit
2177 4178 2232 4232 in
2266 4177 2462 4233 malum
2501 4189 2555 4234 et
2587 4178 2862 4234 benedicit
2903 4194 3074 4250 panes
3109 4197 3122 4235 :
3158 4181 3406 4238 fortassis
3440 4196 3500 4238 ut

1911 4269 2086 4338 major
2112 4269 2245 4329 fides
2271 4272 2319 4327 ei
2344 4272 2611 4328 habeatur
2634 4274 2776 4343 quod
2802 4289 2908 4328 non
2939 4275 3011 4328 sit
3034 4275 3347 4331 contrarius
3367 4276 3499 4340 Deo,

1912 4362 2007 4417 sed
2035 4363 2250 4418 caelitus
2283 4374 2337 4419 et
2370 4381 2399 4420 a
2427 4362 2590 4419 Patre
2627 4366 2859 4421 venerit.
2898 4365 3065 4421 Docet
3108 4383 3324 4438 quoque
3357 4379 3415 4423 ut
3447 4382 3504 4424 ct

201 4472 352 4543 τρὸς
378 4456 647 4542 ἦλθεκαὶ
671 4465 966 4535 οὐρανόθεν
993 4483 1006 4496 ·
1034 4464 1152 4536 ἅμα
1190 4463 1271 4528 δὲ,
1293 4461 1388 4517 καὶ
1422 4463 1512 4517 ἵνα
1544 4462 1801 4534 παιδεύσῃ

1917 4470 2017 4511 nos
2046 4471 2289 4512 mensam
2331 4459 2679 4525 accedentes,
2722 4459 2956 4529 primum
2998 4460 3204 4531 gratias
3253 4475 3503 4533 agamus,

204 4563 374 4634 ἡμᾶς
409 4559 754 4632 ἀπτομένους
811 4554 1090 4628 τραπέζης
1125 4557 1476 4627 εὐχαριστεῖν
1512 4555 1607 4609 καὶ
1634 4553 1809 4619 οὕτως

201 4654 448 4710 ἐσθίειν.

292 4764 317 4797 τ
364 4745 478 4799 Καὶ
502 4745 709 4809 κλάσας
735 4743 905 4798 ἔδωκε
946 4745 1060 4806 τοῖς
1095 4741 1369 4812 μαθηταῖς
1413 4741 1538 4803 τοὺς
1585 4738 1808 4808 ἄρτους,

201 4837 263 4890 οἱ
306 4834 372 4888 δὲ
411 4833 658 4903 μαθηταὶ
708 4835 823 4895 τοῖς
852 4832 1062 4904 ὄχλοις·
1103 4833 1199 4886 καὶ
1234 4831 1440 4900 ἔφαγον
1475 4831 1677 4889 πάντες
1715 4829 1810 4881 καὶ

201 4923 669 4997 ἐχορτάσθησαν,
696 4923 792 4977 καὶ
813 4918 954 4996 ᾗραν
980 4922 1042 4976 τὸ
1066 4923 1395 4992 περισσεῦον
1421 4920 1532 4973 τῶν
1560 4919 1786 4990 κλασμά

198 5035 358 5082 των,
379 5015 593 5070 δώδεκα
632 5016 884 5084 κοφίνους
910 5014 1159 5085 πλήρεις.
1194 5015 1258 5069 Ui
1293 5013 1350 5067 δὲ
1375 5012 1648 5076 ἐσθίοντες
1671 5008 1813 5083 ἦσαν

201 5111 424 5181 ἄνδρες
460 5108 592 5162 ὡσεὶ
648 5108 1105 5178 πεντακισχίλιοι.
1164 5108 1333 5178 χωρὶς
1387 5105 1669 5176 γυναικῶν
1720 5106 1814 5158 καὶ

201 5185 480 5256 παιδίων.
527 5217 547 5251 ι
585 5199 710 5262 Τοῖς
768 5197 1040 5269 μαθηταῖς
1073 5197 1261 5251 δίδωσι
1299 5197 1424 5260 τοὺς
1474 5197 1693 5267 ἄρτους,
1727 5196 1814 5249 ἵνα

200 5295 308 5350 διὰ
355 5292 582 5363 μνήμης
615 5290 812 5362 ἔχωσιν
840 5290 929 5344 ἀεὶ
962 5289 1022 5343 τὸ
1046 5282 1253 5360 θαῦμα,
1284 5290 1392 5358 ,καὶ
1448 5290 1522 5362 μὴ
1559 5289 1813 5361 ἀπορρύῃ

200 5387 324 5456 τῆς
362 5382 607 5442 διανοίας
652 5381 855 5446 αὐτῶν,
883 5381 986 5435 κᾶν
1019 5382 1217 5435 ἐκεῖνοι
1279 5380 1563 5450 συντόμως
1620 5381 1816 5435 ἐπελά-

204 5477 428 5539 θοντοο
459 5471 548 5526 ῖνα
579 5471 636 5524 δὲ
668 5472 746 5543 μὴ
767 5471 996 5545 νομίσῃς
1019 5472 1100 5526 ὅτι
1128 5471 1270 5526 κατὰ
1301 5472 1606 5539 φαντασίαν
1648 5473 1814 5525 ἐθαυ-
1856 5484 1858 5487 '

206 5559 617 5638 pd‘iodpmas,
681 5563 768 5618 διὰ
823 5557 982 5617 τοῦτο
1025 5563 1428 5633 περιττεύουσι.
1483 5563 1703 5618 Δώδεκα
1757 5565 1814 5618 δὲ

205 5659 472 5728 κόφινοι,
517 5657 604 5709 ῖνα
637 5657 736 5710 καὶ
778 5657 980 5719 Ἰούδας
1021 5656 1288 5728 βαστάσῃ,
1319 5657 1415 5710 καὶ
1464 5659 1540 5728 μὴ
1573 5660 1650 5722 είς
1685 5676 1819 5728 προ-

204 5751 422 5810 δοσίαν
456 5748 884 5822 ἐκτραχηλισθῇ,
916 5750 1320 5822 ἐνθυμούμενος
1352 5751 1413 5804 τὸ
1447 5751 1656 5822 θαῦμα.
1701 5753 1813 5807 Καὶ

204 5845 362 5908 τοὺς
387 5839 586 5914 ἄρτους
613 5842 669 5896 δέ
696 5841 954 5913 πληθύνει
1007 5841 1101 5895 καὶ
1126 5844 1252 5907 τοὺς
1283 5841 1495 5915 ίχθύας,
1530 5843 1616 5900 ἵνα
1661 5842 1811 5917 δείξῃ

482 5935 755 5997 Parnm.
795 5935 912 5997 Oa.
945 5935 1224 5999 CXXI”.

1913 4557 1967 4599 et
1998 4547 2076 4600 sic
2097 4549 2469 4604 comedamus.

1990 4729 2154 4788 Vens.
2185 4731 2375 4788 l9-21.
2419 4751 2438 4786 ι
2479 4733 2546 4788 Et
2575 4751 2695 4789 cum
2727 4734 2998 4806 fregisset,
3040 4739 3188 4792 dedit
3222 4741 3506 4811 discipulis

1915 4841 2103 4896 panes,
2139 4827 2389 4898 discipuli
2419 4843 2547 4884 vero
2580 4830 2776 4886 turbis.
2814 4829 2881 4886 Et
2909 4834 3265 4889 comederunt
3290 4849 3504 4900 omnes,

1916 4928 1970 4974 et
1999 4922 2226 4976 saturati
2253 4931 2400 4988 sunt,
2429 4929 2482 4978 et
2515 4924 2859 4979 sustulerunt
2893 4927 3037 4995 quod
3071 4927 3415 4998 superfuerat
3440 4935 3508 4987 de

1916 5017 2237 5089 fragmentis
2288 5020 2574 5077 duodecim
2619 5023 2885 5092 cophinos
2927 5024 3138 5094 plenos.
3190 5024 3361 5083 Porro
3414 5033 3506 5099 qui

1917 5111 2291 5177 comederant,
2351 5113 2506 5169 fuere
2558 5117 2659 5170 viri
2735 5116 2910 5172 ferme
2980 5119 3272 5189 quinquies
3335 5122 3505 5188 mille,

1917 5212 2118 5271 praeter
2147 5205 2402 5261 mulieres
2443 5223 2504 5261 ac
2534 5222 2753 5277 pueros.
2793 5228 2812 5261 ›
2851 5210 3142 5282 Discipulis
3179 5212 3272 5267 dat
3316 5229 3506 5283 panes.

1919 5305 1978 5350 ut
2022 5297 2074 5351 in
2118 5299 2381 5353 memoria
2414 5315 2629 5372 semper
2678 5303 2916 5359 habeant
2959 5306 3308 5370 miraculum,
3349 5318 3404 5363 et
3441 5324 3508 5361 ne

1919 5388 2101 5444 efﬂuat
2142 5404 2170 5443 a
2221 5392 2549 5461 cogitatione
2581 5409 2790 5462 eorum,
2840 5398 3056 5454 tametsi
3104 5397 3180 5451 illi
3224 5398 3335 5454 cito
3367 5399 3511 5454 oblio

1921 5483 2291 5538 viscehantur.
2336 5483 2416 5540 Ne
2460 5494 2642 5544 autem
2694 5491 2936 5559 opineris
2988 5492 3132 5560 quod
3178 5502 3506 5563 apparenter

1925 5583 2136 5629 tantum
2193 5577 2460 5632 miracula
2511 5579 2724 5646 fecerit,
2763 5583 3197 5654 multiplicantur
3239 5601 3410 5656 usque
3441 5589 3508 5639 ad

1921 5665 2294 5735 impletionem
2345 5670 2633 5728 duodecim
2687 5674 3046 5744 c0phinorum
3103 5693 3292 5747 panes,
3345 5688 3404 5733 ut
3457 5688 3511 5734 et

1921 5753 2090 5811 Judas
2121 5766 2320 5826 portet,
2364 5770 2419 5814 et
2466 5763 2532 5815 ad
2565 5765 2898 5833 prodeundum
2952 5783 3060 5821 non
3111 5769 3183 5822 sit
3230 5771 3510 5838 pervicax,

1924 5848 2248 5906 miraculum
2295 5866 2480 5909 secum
2513 5859 2782 5927 cogitans.
2817 5858 2993 5916 Panes
3027 5870 3208 5916 autem
3239 5862 3499 5932 multipli-

3163 5954 3234 6013 10
