4080 6336
126 399 222 463 301

124 511 219 565 καὶ
263 509 372 562 ἀπὸ
424 506 518 560 τοῦ
564 505 729 574 φόϐου
778 506 1036 579 ἔκραξαν.
1090 507 1307 569 Εὐθέως
1341 506 1397 559 δὲ
1453 506 1715 578 ἐλάλησεν
1743 516 1789 571 Α
1822 514 2153 572 maverunt;

123 603 308 664 αὐτοῖς
358 604 386 654 6
425 597 650 670 Ἰησοῦς,
692 598 905 668 λέγων·
948 600 1240 671 Θαρσεῖτε,
1274 598 1385 668 ἐγὼ
1428 600 1569 669 είμι,
1630 600 1707 671 μὴ

125 694 396 761 φοϐεῖσθε.
424 712 441 743 ι
477 692 591 745 Οὐκ
615 691 728 763 (21)
746 690 950 755 εὐθέως
981 693 1163 756 αὐτοῖς
1189 692 1393 762 ἐπέστη
1412 691 1588 746 λύσων
1616 691 1707 744 τὸν

123 787 386 859 χειμῶνα,
456 786 729 841 παιδεύων
785 787 861 857 μὴ
922 785 1135 856 ταχέως
1193 784 1350 839 λύσιν
1382 787 1555 840 αίτεῖν
1598 786 1707 839 τῶν

125 877 443 948 συμφορῶν,
474 877 612 932 ἀλλὰ
646 877 835 947 φέρειν
860 876 1148 946 γενναίως,
1179 877 1313 931 ἀλλὰ
1346 877 1477 945 περὶ
1505 878 1706 948 τετάρ-

122 956 223 1039 ⁴ιέην
255 969 502 1039 φυλακήν
522 986 536 1001 ο
559 970 642 1032 είς
670 970 908 1039 τέσσαρα
932 970 1041 1041 γὰρ
1070 968 1365 1042 διαιρεῖται
1393 968 1536 1040 ήνὺξ
1559 968 1709 1041 παρὰ

120 1063 236 1124 τοῖς
300 1061 667 1131 φυλάσσουσιν
723 1063 787 1115 ἐκ
848 1061 1102 1133 διαδοχῆς
1160 1061 1546 1131 στρατιώταις,
1603 1060 1707 1116 ἀνὰ

120 1160 273 1227 τρεῖς
322 1157 470 1227 ὥρας
534 1157 766 1230 ἐχούσης
826 1159 1066 1229 ἑκάστης
1125 1160 1398 1229 φυλακῆς.
1460 1158 1520 1213 '0
1578 1157 1708 1227 γοῦν

121 1249 329 1320 Κύριος
363 1251 500 1319 μετὰ
527 1253 626 1319 τὴν
656 1252 883 1322 ἐννάτην
911 1251 1064 1322 ὥραν
1092 1251 1190 1322 τῆς
1216 1252 1432 1316 νυκτὸς,
1464 1262 1708 1324 περιπα-

120 1341 232 1393 τῶν
260 1341 443 1394 ἐπάνω
471 1340 566 1394 τοῦ
594 1341 810 1406 ὓδατος,
837 1341 914 1406 ὡς
943 1342 1094 1406 Θεὸς,
1132 1341 1359 1413 ἐπέστη.
1415 1343 1480 1396 Οί
1508 1342 1592 1406 δὲ,
1620 1342 1709 1398 διὰ

118 1431 183 1484 τὸ
229 1430 398 1502 ἄηθες
431 1434 524 1487 καὶ
549 1432 718 1499 ξένον,
750 1432 939 1501 ἔδοξαν
967 1434 1265 1504 φάντασμα
1294 1430 1459 1490 εἶναι.
1493 1434 1569 1490 Οὐ
1598 1434 1708 1507 γὰρ

120 1523 232 1577 ἀπὸ
266 1523 365 1577 τοῦ
394 1524 568 1588 εἴδους
614 1524 919 1596 ἐγνώρισαν
970 1526 1153 1593 αὑτὸν,
1196 1527 1313 1598 ἅμα
1348 1528 1450 1598 μὲν
1489 1528 1583 1581 καὶ
1621 1527 1710 1582 διὰ

121 1615 228 1686 τὴν
278 1615 470 1682 νύκτα,
507 1616 624 1687 ἃμα
654 1617 708 1670 δὲ
741 1618 835 1671 καὶ
866 1616 953 1671 διὰ
978 1618 1069 1671 τὸν
1100 1619 1285 1689 φόϐον·
1316 1620 1344 1673 6
1390 1618 1470 1685 δὲ,
1525 1635 1707 1691 παρα-

122 1707 390 1780 θαῤῥύνει
422 1707 641 1779 πρῶτον
666 1709 886 1776 αὐτοὺς,
908 1709 1104 1779 λέγων’
1146 1710 1288 1779 Ἐγώ
1309 1712 1447 1782 είμι,
1476 1713 1505 1765 6
1532 1712 1709 1765 πάντα

119 1803 449 1871 δυνάμενος,
478 1800 751 1873 θαρσεῖτε.

793 397 1237 458 ENARBATIO
1282 397 1363 458 IN
1404 396 1704 458 EVANGE

1819 396 1914 459 3M
1954 394 2347 457 ΜΑΤΤΗᾸΞΙ.
2390 416 2457 431 ··-
2500 395 2658 457 CAP.
2696 395 2851 457 XIV.

3304 396 3412 461 302

2239 505 2333 561 sed
2383 504 2566 560 statim
2625 504 2841 561 locutus
2912 511 2994 559 est
3076 503 3184 561 illis
3251 506 3411 565 Iesus

1815 599 2004 655 dicens
2026 616 2051 654 τ
2076 597 2274 663 Fidite,
2304 613 2407 669 ego
2438 613 2580 664 sum,
2617 612 2687 653 ne
2710 597 3047 654 tcrreamini.
3079 617 3096 651 ι
3132 599 3251 655 Non
3297 611 3412 655 ste-

1819 693 1913 747 Iim
1946 692 2116 747 astitit
2148 691 2229 747 eis
2271 700 2329 745 ut
2375 698 2753 760 tempestatem
2786 692 3024 755 sedaret,
3064 692 3265 748 docens
3302 708 3411 749 non

1817 787 1926 842 cito
1957 788 2241 855 petendam
2274 784 2665 841 adversitatum
2714 783 3065 852 solutionem,
3092 784 3189 841 sed
3221 784 3409 841 feren-

1817 880 1914 935 das
1941 879 2155 935 fortiter
2184 896 2199 937 :
2226 888 2282 933 at
2310 878 2456 934 circa
2496 887 2747 947 quartam
2780 876 3043 948 vigiliam.
3081 878 3141 933 In
3174 888 3413 948 quatuor

1818 971 1931 1043 76
1972 980 2157 1041 partes
2200 979 2414 1025 noctem
2456 969 2704 1023 dividunt
2736 972 2994 1024 custodes
3019 968 3175 1040 juxta
3207 968 3411 1023 milita-

1819 1079 1933 1119 rem
1990 1062 2357 1132 disciplinam,
2421 1060 2650 1132 singulis
2706 1076 2803 1130 per
2865 1068 2976 1117 tres
3028 1060 3193 1116 horas
3250 1074 3407 1116 suam

1816 1156 2164 1211 servantibus
2205 1153 2819 1211 custodiam.Dominus
2852 1160 3032 1209 autem
3058 1163 3179 1224 post
3202 1168 3407 1209 nonam

1816 1249 2006 1305 horam
2066 1249 2239 1304 noctis
2296 1247 2585 1302 ambulans
2665 1260 2829 1315 supra
2885 1260 3105 1315 aquam,
3148 1236 3405 1317 tanquam

1817 1343 1983 1410 Deus,
2014 1340 2317 1398 astitil.llli
2348 1350 2529 1396 autem
2567 1353 2680 1394 rem
2732 1346 2842 1394 tam
2894 1354 3073 1393 raram
3130 1353 3193 1392 ac
3219 1337 3408 1393 insolio

1819 1444 1927 1490 tam
1994 1443 2327 1505 spectantes,
2382 1432 2642 1502 putabant
2702 1441 2979 1501 spectrum
3035 1445 3177 1486 esse.
3221 1429 3410 1501 Neque

1817 1528 1961 1581 enim
2021 1542 2051 1581 a
2104 1526 2286 1597 specie
2364 1526 2538 1596 ipsum
2579 1523 3003 1595 cognoscebant,
3046 1523 3246 1592 partim
3285 1538 3410 1590 pro-

1816 1629 1937 1692 pter
1962 1628 2199 1687 noctem,
2223 1619 2422 1691 partim
2456 1627 2679 1689 propter
2710 1625 2935 1673 metum.
2960 1615 3053 1671 Ille
3078 1626 3258 1671 autem
3289 1615 3409 1670 ani-

1822 1727 1981 1767 mans
2012 1711 2132 1766 illos
2167 1711 2402 1782 primum
2436 1708 2569 1765 dixit
2593 1726 2606 1763 :
2629 1705 2740 1780 Ego
2775 1723 2917 1777 sum,
2943 1708 3036 1780 qui
3070 1707 3254 1765 omnia
3282 1721 3410 1778 pos-

1817 1818 1935 1860 sum
1963 1822 1977 1859 :
2007 1802 2174 1859 fidite.

198 1910 219 1944 ε
276 1893 700 1966 ’Δποκριθεὶςδὶ
734 1896 883 1967 αὐτῷ
915 1898 943 1950 6
973 1897 1180 1969 Πέτρος
1214 1894 1337 1951 εἷπε
1361 1912 1376 1927 ⁸
1427 1897 1623 1970 Κύριε,
1659 1900 1710 1952 εί

1890 1896 2171 1954 Vsas.28.
2206 1914 2225 1949 ι
2280 1895 2637 1967 Respondens
2662 1904 2842 1950 autem
2874 1894 2948 1949 illi
2984 1892 3181 1950 Petrus
3218 1893 3355 1977 dixit
3389 1912 3403 1948 :

120 1986 188 2038 σὺ
214 1981 288 2049 εί,
349 1986 606 2041 κέλευσόν
654 2005 722 2058 με
754 1989 888 2059 πρὸς
942 1990 1002 2042 σὲ
1042 1990 1216 2045 ἐλθεῖν
1246 1991 1339 2045 ἐπὶ
1373 1991 1441 2045 τά
1470 1991 1656 2047 ὕδατα.
1684 2008 1703 2044 ι

1819 1992 2069 2056 Domine,
2121 1991 2168 2046 si
2198 2000 2252 2045 tu
2300 1990 2584 2061 es,jubelo
2636 2004 2724 2043 me
2774 1989 2960 2044 venire
3016 1988 3084 2044 ad
3135 1997 3189 2043 te
3242 2002 3409 2057 super

118 2076 471 2149 Θερμὸτατος
498 2077 575 2131 ὣν
598 2082 626 2133 6
651 2081 856 2150 Πέτρος
885 2082 985 2155 τὴν
1020 2084 1159 2154 πρλις
1186 2084 1423 2155 Χριστὸν
1460 2085 1707 2157 ἀγάπην,

116 2172 389 2245 ἐπιθυμεῖ
414 2174 625 2244 ταχέως
658 2175 827 2244 ἐγγὺς
851 2177 1019 2231 αὑτοῦ
1044 2178 1299 2247 γενέσθαι
1330 2178 1428 2233 καὶ
1459 2180 1566 2252 πρὸ
1599 2179 1713 2234 τῶν

116 2261 323 2316 ἄλλων.
375 2263 629 2319 Πιστεύει
683 2266 737 2320 δὲ
773 2266 907 2321 ὅτιό
970 2268 1179 2340 Ἰησοῦς
1221 2271 1281 2323 οὐ
1330 2270 1493 2341 μόνον
1548 2271 1711 2336 αὐτὸς

116 2358 423 2425 περιπατεῖ
467 2356 560 2409 ἐπὶ
593 2357 702 2411 τῶν
741 2358 975 2425 ὑδάτων,
1037 2359 1176 2415 ἀλλὰ
1230 2362 1327 2415 καὶ
1368 2362 1518 2434 αύτῷ
1550 2361 1711 2416 τοῦτο

117 2444 311 2501 δώσει⁹
336 2449 439 2503 οὐκ
464 2443 586 2503 εἷπε
616 2450 696 2517 δέ,
720 2443 995 2506 Κέλευσόν
1032 2469 1098 2523 με
1130 2452 1372 2524 βαδίσαι,
1398 2454 1535 2512 ἀλλὰ
1564 2455 1710 2527 Πρὸς

116 2540 181 2593 σὲ
216 2541 419 2597 ἐλθεῖν.
453 2543 526 2596 Τὸ
554 2542 655 2614 μὲν
689 2545 797 2617 γὰρ
836 2544 1153 2612 ἐπιδείξεως
1188 2541 1289 2618 ἦν·
1319 2548 1380 2601 τὸ
1406 2548 1464 2602 δέ
1489 2548 1711 2620 ἀγάπης

113 2630 221 2700 τῆς
250 2631 391 2703 πρὸς
418 2632 671 2703 Χριστόν.

202 2744 225 2778 ε
274 2728 333 2780 ’0
364 2727 422 2780 δὲ
451 2722 624 2781 εἶπεν
645 2727 823 2783 Ἐλθέ.
848 2729 959 2784 Καὶ
992 2729 1238 2795 καταϐὰς
1262 2729 1373 2785 άπὸ
1401 2730 1494 2785 τοῦ
1525 2729 1710 2784 πλοίου

112 2819 143 2871 6
188 2818 423 2891 Πέτρος,
457 2820 784 2890 περιεπάτει
809 2822 902 2875 ἐπὶ
920 2820 988 2875 τά
1019 2820 1210 2889 ὕδατα,
1238 2814 1417 2875 ἐλθεῖν
1444 2820 1579 2892 πρὸς
1617 2822 1712 2877 τὸν

128 2908 355 2981 Ἰησοῦν
378 2926 391 2941 ’
426 2909 638 2981 βλέπων
676 2911 733 2964 δέ
765 2911 857 2965 τὸν
902 2914 1105 2983 ἄνεμον
1154 2914 1394 2984 ἰσχυρὸν,
1434 2912 1704 2985 ἐφοϐήθη,

114 3004 222 3055 καὶ
284 3002 595 3075 ἀρξάμενος
640 3005 1161 3070 καταποντίζεσθαι.
1221 3004 1443 3074 έκραξε,
1491 3005 1667 3075 λέγων
1694 3022 1710 3037 ·

111 3096 331 3169 Κύριε,
362 3097 536 3152 σῶσόν
568 3117 657 3170 με.
698 3118 717 3151 ι
765 3100 1122 3170 ’Υπέστρωσε
1150 3097 1229 3171 τῷ
1258 3099 1455 3170 Πέτρῳ
1483 3098 1584 3171 τὴν
1613 3098 1713 3154 θά-

1819 2100 2008 2157 aquas.
2046 2103 2064 2136 ›
2096 2082 2521 2140 Ferventissima
2557 2080 2705 2136 Petri
2741 2095 2871 2150 erga
2900 2077 3181 2135 Christum
3218 2078 3408 2135 citari.-

1822 2186 1905 2233 tas
1928 2184 2044 2231 erat
2070 2192 2082 2230 :
2112 2172 2456 2231 desiderabat
2482 2170 2627 2226 enim
2661 2169 2846 2226 statim
2875 2181 3046 2238 prope
3077 2166 3228 2222 illum
3261 2180 3404 2235 esse,

1818 2277 1873 2325 ct
1912 2282 2035 2338 prae-
2059 2267 2201 2322 aliis.
2221 2264 2465 2322 Credidit
2494 2271 2678 2318 autem
2714 2260 2858 2331 quod
2893 2258 3052 2317 Jesus
3085 2274 3191 2314 non
3226 2258 3404 2314 solum

1821 2358 1936 2428 ipse
1952 2356 2254 2412 ambularet
2281 2367 2449 2424 super
2488 2365 2680 2422 aquas,
2699 2351 2792 2407 sed
2814 2357 2869 2407 et
2884 2350 2991 2415 sibi
3006 2350 3234 2405 daturus
3259 2355 3409 2405 esset

1819 2453 1943 2508 hoc.
1966 2450 2081 2507 Non
2102 2450 2239 2507 dixit
2268 2457 2472 2514 autem,
2497 2445 2637 2503 Jube
2663 2461 2750 2501 me
2773 2444 3077 2508 ambulare,
3101 2444 3220 2509 sed,
3246 2443 3329 2498 Ad
3355 2450 3409 2497 te

1820 2544 1921 2600 ire.
1947 2542 2079 2598 Nam
2116 2542 2246 2598 illud
2282 2540 2665 2598 ostentationis
2691 2548 2794 2606 est,
2825 2539 2928 2593 hoc
2964 2545 3149 2591 autem
3203 2536 3410 2590 amoris

1818 2634 1872 2690 in
1900 2634 2199 2690 Christum.

1891 2730 2057 2786 Vsus.
2104 2728 2308 2796 29,50.
2342 2748 2363 2782 ι
2400 2729 2497 2785 Ille
2548 2738 2730 2785 autem
2774 2727 2944 2784 dixit:
2976 2725 3143 2793 Veni;
3176 2732 3233 2780 et
3283 2737 3407 2780 cum

1820 2824 2191 2879 descendisset
2222 2837 2253 2879 e
2289 2823 2413 2879 navi
2453 2821 2671 2886 Petrus,
2690 2820 3005 2877 ambulabat
3032 2832 3197 2889 super
3214 2830 3407 2887 aquas.

1820 2928 1881 2972 ut
1909 2917 2013 2972 iret
2053 2916 2120 2971 ad
2153 2914 2360 2970 Iesum.
2406 2912 2675 2970 Cmterum
2733 2928 2856 2968 cum
2917 2910 3126 2967 videret
3186 2918 3412 2990 ventum

1822 3007 2080 3072 validum,
2125 3006 2345 3061 territus
2398 3012 2605 3061 estzet
2657 3019 2780 3059 cum
2837 3001 3100 3071 coepisset
3138 2996 3409 3068 demergi,

1820 3100 2076 3157 clamavit
2130 3100 2335 3165 dicens,
2387 3098 2634 3164 Domine,
2679 3112 2837 3153 serva
2887 3110 2991 3150 me.
3026 3114 3045 3148 ι
3099 3092 3413 3149 Substravlt

111 3188 342 3242 λασσαν
376 3191 404 3243 6
427 3189 654 3263 Κύριος,
685 3190 901 3255 δεικνὺς
926 3190 1024 3261 τὴν
1047 3191 1243 3246 ἑαυτοῦ
1266 3190 1535 3260 δύναμιν.
1566 3191 1711 3261 Ὅρα

1822 3193 2082 3254 Dominus
2135 3190 2299 3249 Petro
2355 3206 2527 3257 mare,
2573 3205 2727 3245 suam
2771 3188 3060 3245 declarans
3127 3186 3410 3242 virtutem.

108 3278 175 3331 δὲ
217 3279 346 3339 πῶς
384 3280 478 3333 τοῦ
510 3281 758 3351 μείζονος
806 3282 1234 3352 περιγενόμενος
1286 3285 1315 3337 6
1344 3283 1574 3353 Πέτρος,
1616 3282 1714 3353 τῆς

110 3370 416 3441 θαλάσσης
464 3372 627 3441 λέγω,
665 3373 757 3427 τὸν
807 3374 1009 3443 ἄνεμον
1042 3375 1309 3445 ἐφοϐήθη,
1354 3376 1525 3439 οὕτως
1565 3374 1715 3428 ἐστὶν

108 3461 373 3532 ἀσθενὴς
404 3464 437 3533 ἡ
468 3462 786 3534 ἀνθρωπίνη
818 3463 981 3532 φύσις
1012 3477 1024 3491 ·
1074 3465 1170 3517 καὶ
1222 3465 1424 3519 αὐτίκα
1467 3465 1557 3519 ὅτε
1590 3464 1717 3533 lepo-

109 3553 303 3625 ϐήθη,
342 3552 466 3607 τότε
493 3554 705 3626 ἤρξατο
730 3553 1223 3621 καταποντίζεσθαι
1242 3574 1257 3589 ο
1294 3557 1383 3610 ὅτε
1414 3557 1523 3627 γὰρ
1550 3556 1717 3627 ἠσθέ-

108 3646 356 3716 νησενή
389 3646 593 3710 πίστις,
623 3646 737 3699 τότε
788 3645 1068 3716 βυθίζεται
1101 3648 1129 3700 6
1172 3646 1401 3719 Πέτρος.
1437 3646 1609 3702 Τοῦτο
1658 3648 1717 3702 δὲ

109 3737 220 3789 καὶ
267 3734 438 3789 αὐτὸν
462 3736 691 3807 ἐποίησε
736 3739 813 3807 μὴ
846 3738 1277 3809 ὑψηλοφρονεῖν,
1335 3742 1429 3794 καὶ
1461 3741 1589 3803 τοὺς
1622 3740 1717 3795 άλ-

107 3828 257 3890 λους
294 3825 549 3897 μαθητὰς
576 3828 1050 3899 παρεμυθήσατο.’
1070 3830 1233 3895 Ἴσως
1260 3831 1370 3902 γάρ
1399 3830 1711 3905 ἐφθόνησαν

110 3918 290 3989 αὐτῷ
314 3936 327 3950 ·
358 3917 494 3972 ἀλλὰ
532 3923 626 3972 καὶ
672 3919 837 3974 πόσον
886 3920 1151 3993 ὑπερέχει
1176 3924 1205 3976 6
1254 3923 1489 3993 Χριστὸς
1524 3922 1714 3989 αὐτοῦ,

108 4010 364 4075 ἔδειξεν.

201 4124 223 4155 ε
285 4101 506 4166 Εὐθέως
535 4102 592 4156 δὲ
622 4106 651 4158 6
689 4104 897 4174 Ἰησοῦς
932 4105 1183 4185 ἐκτείνας
1210 4105 1308 4176 τὴν
1362 4108 1545 4177 χεῖρα,
1595 4113 1721 4161 ἐπε-

103 4193 336 4250 λάϐετο
362 4193 547 4258 αὐτοῦ,
588 4195 686 4249 καὶ
720 4195 872 4265 λέγει
922 4197 1103 4269 αὐτῷ·
1147 4197 1514 4268 Ὀλιγόπιστε,
1557 4201 1638 4265 είς
1664 4201 1719 4255 τί

104 4290 431 4353 ἐδίστασας
457 4306 471 4354 ;
506 4289 616 4345 Καὶ
647 4289 935 4359 ἐμϐάντων
961 4292 1142 4345 αὐτῶν
1165 4293 1243 4356 είς
1271 4292 1333 4345 τὸ
1365 4292 1568 4359 πλοῖον,
1594 4295 1718 4348 ἐκό-

106 4396 320 4435 πασεν
347 4380 377 4432 6
402 4380 600 4450 ἄνεμος
625 4397 641 4414 ο
671 4381 721 4433 οί
744 4380 802 4434 δὲ
833 4382 890 4434 ἐν
920 4381 998 4453 τῷ
1020 4382 1210 4454 πλοίῳ,
1242 4384 1490 4449 ἐλθόντες
1519 4403 1718 4459 προσεο

100 4474 386 4544 κύνησαν
414 4471 585 4544 αὐτῷ,
619 4472 870 4542 λέγοντες
893 4490 910 4508 ο
938 4475 1182 4546 Ἀληθῶς
1219 4476 1356 4531 Θεοῦ
1401 4477 1530 4543 Υίὸς
1586 4474 1653 4533 εί.
1693 4498 1711 4531 ›

1817 3288 2053 3343 Attende
2080 3297 2261 3342 autem
2281 3287 2425 3357 quod
2455 3286 2649 3356 majori
2677 3284 2944 3355 periculo,
2986 3298 3185 3353 nempe
3208 3280 3404 3346 maris,

1819 3387 2100 3451 superato,
2146 3387 2367 3433 ventum
2405 3376 2627 3432 timuit:
2659 3376 2734 3430 ita
2762 3374 2982 3432 inﬁrma
3038 3381 3126 3429 est
3162 3373 3404 3428 humana

1820 3481 2021 3525 natura
2066 3488 2081 3524 :
2123 3479 2179 3525 et
2236 3468 2420 3524 statim
2482 3476 2542 3522 ut
2597 3466 2802 3529 timuit,
2850 3466 3017 3535 cwpit
3077 3457 3406 3535 submergi:

1820 3564 2036 3635 quando
2064 3562 2209 3617 enim
2252 3562 2387 3617 ﬁdes
2441 3559 2656 3615 inﬁrma
2719 3566 2824 3623 est,
2852 3568 2979 3615 tunc
3029 3558 3081 3613 in
3140 3556 3409 3629 profunda

1820 3655 2101 3711 descendit
2128 3653 2343 3709 Petrus.
2366 3652 2479 3708 Iloc
2512 3662 2692 3709 autem
2726 3650 2877 3716 fecit,
2902 3666 2968 3706 ne
3018 3651 3111 3707 ille
3158 3650 3411 3719 superbi-

1822 3757 1929 3812 ret,
1957 3755 2014 3803 et
2041 3746 2177 3802 alios
2208 3745 2481 3801 solaretur
2514 3743 2835 3815 discipulos.
2861 3742 3023 3799 Forte
3076 3742 3223 3797 enim
3267 3742 3411 3798 invi-

1821 3839 2048 3904 dissent,
2083 3838 2176 3895 sed
2222 3846 2277 3893 et
2329 3836 2584 3894 Christus
2612 3846 2876 3906 quantum
2926 3837 3103 3905 ipsum
3158 3844 3410 3906 superet,

1821 3932 2079 3989 ostendit.

1897 4115 2280 4171 Vsas.5I-33.
2315 4133 2334 4166 ‹
2383 4113 2684 4172 Confestim
2738 4126 2918 4172 autem
2970 4116 3132 4174 Jesus
3185 4129 3409 4175 extenta

1824 4224 1984 4264 manu
2036 4209 2397 4279 apprehendit
2442 4209 2839 4275 eum,etdixlt
2889 4210 3210 4268 illizl'arva:
3264 4212 3409 4279 fidei,

1823 4302 1891 4357 ad
1939 4301 2069 4371 quid
2119 4301 2461 4355 formidasti?
2507 4301 2576 4356 Et
2626 4301 2893 4374 ingressis
2941 4294 3051 4367 illis
3099 4306 3151 4360 in
3202 4310 3411 4374 navim,

1823 4392 2139 4462 conquievit
2164 4401 2378 4447 ventus.
2404 4393 2573 4447 Porro
2602 4393 2696 4462 qui
2748 4394 2801 4449 in
2858 4394 2983 4450 navi
3030 4408 3191 4452 erant
3227 4414 3417 4454 acces-

1824 4493 2011 4539 serunt
2046 4484 2112 4537 ad
2143 4498 2289 4544 eum,
2314 4491 2370 4538 et
2403 4482 2789 4549 adoraverunt,
2816 4485 3097 4543 dicentes:
3132 4487 3267 4543 Vere
3318 4490 3415 4548 Dei

98 4563 416 4620 Δεικνύων
441 4566 469 4618 6
496 4565 752 4637 Χριστὸς,
783 4567 865 4620 ὅτι
889 4564 989 4639 οὐχ
1015 4569 1043 4621 6
1067 4567 1265 4639 ἄνεμος
1292 4568 1464 4633 αίτιος
1489 4571 1582 4625 τοῦ
1622 4589 1711 4625 και

1825 4574 1996 4629 Filius
2024 4587 2104 4628 es.
2138 4592 2156 4627 ι
2182 4572 2486 4629 Ostendens
2506 4573 2760 4631 Christus
2794 4590 2898 4631 nou
2924 4587 3173 4647 ventum,
3193 4582 3285 4637 sed
3314 4598 3415 4653 pu-

95 4655 593 4727 τατεοντισθῆναι,
623 4656 739 4711 ἀλλ’
794 4658 829 4728 ἡ
892 4658 1251 4731 μικροψυχία,
1298 4662 1364 4714 οὐ
1402 4661 1481 4732 τῷ
1527 4664 1711 4735 ἀνέμῳ

1823 4665 2251 4722 sillanimitatem
2283 4667 2669 4736 submergendi
2700 4682 2925 4743 causam
2959 4684 3101 4736 esse,
3135 4688 3244 4728 non
3277 4690 3417 4730 ven-

98 4750 402 4820 ἐπιτιμᾷ,
447 4747 585 4805 ἀλλὰ
622 4746 700 4819 τῷ
738 4750 1212 4822 μικροψυχήσαντι
1255 4753 1473 4825 Πέτρῳ.
1505 4755 1597 4809 Διὸ
1629 4756 1711 4807 καὶ

1819 4770 1939 4816 tum
1966 4759 2233 4828 increpat,
2258 4760 2353 4815 sed
2378 4758 2599 4829 Petrum
2633 4760 3052 4830 pusillanimem.
3073 4764 3200 4822 Ideo
3228 4778 3283 4823 et
3313 4784 3415 4839 ap-

96 4840 529 4905 άναϐαστάσας
558 4840 742 4910 αὑτὸν,
773 4840 1005 4914 ἔστησεν
1034 4844 1128 4897 ἐπὶ
1160 4843 1256 4899 τοῦ
1301 4844 1517 4911 ὓδατος,
1550 4848 1711 4912 ἐάσας

1826 4852 2154 4925 prehensum
2207 4867 2330 4909 eum
2400 4854 2591 4909 statuit
2654 4869 2819 4924 super
2884 4872 3081 4928 aquam
3144 4865 3416 4931 permisso

94 4937 207 4989 τὸν
244 4936 469 5005 ἄνεμον
504 4936 680 4990 πνεῖν.
736 4934 852 4989 Οὐκ
900 4936 981 5000 είς
1010 4936 1071 4989 τὸ
1128 4938 1238 4991 πᾶν
1280 4938 1337 4991 δὲ
1386 4939 1711 4994 sumam

1829 4955 1989 5001 vento
2032 4944 2184 4999 ﬂare.
2210 4943 2329 5000 Non
2379 4932 2605 5002 omnino
2654 4956 2835 5003 autem
2878 4948 3159 5007 dubitabat
3194 4952 3413 5021 Petrus,

95 5029 379 5098 Πέτρος,
410 5025 528 5079 ἀλλ’
558 5026 641 5089 εῖς
667 5042 745 5091 τι,
781 5027 1051 5091 τουτέστι,
1101 5028 1344 5100 μερικῶς
1365 5046 1378 5059 ·
1413 5029 1533 5084 καθ’
1562 5028 1592 5082 δ
1623 5031 1711 5101 pst

1830 5039 1923 5093 sed
1968 5038 2264 5094 secundum
2298 5038 2452 5109 quid,
2472 5040 2710 5107 hocest,
2732 5054 2800 5097 ex
2830 5052 3003 5111 parte,
3024 5059 3147 5099 nam
3177 5047 3336 5117 juxta
3363 5050 3415 5105 id

93 5116 538 5193 yhplcpoﬁﬁﬂq,
560 5118 702 5172 κατὰ
722 5117 883 5171 τοῦτο
900 5116 1171 5189 ἠπίστησε
1191 5135 1206 5150 ⁸
1230 5118 1355 5174 καθ’
1374 5122 1401 5174 ὃ
1422 5122 1479 5175 δὲ
1502 5124 1711 5194 έκραξε,

1831 5130 1976 5200 quod
2027 5129 2313 5196 dubitavit,
2354 5130 2667 5188 incredulus
2718 5132 2819 5188 fuit
2859 5152 2872 5188 :
2910 5135 3064 5204 juxta
3118 5116 3185 5194 id
3231 5151 3412 5196 autem

100 5216 345 5287 Κύριε,
387 5209 566 5263 σῶσόν
605 5227 693 5281 με,
735 5212 879 5266 κατὰ
909 5210 1071 5265 τοῦτο
1104 5212 1295 5267 ἰάσατο
1324 5213 1422 5285 την
1443 5216 1711 5271 ἀπιστίαν.

1824 5224 1970 5292 quod
2006 5221 2281 5291 clamavit,
2309 5224 2557 5293 Domine,
2595 5238 2753 5281 serva
2787 5243 2896 5292 me,
2922 5230 3134 5285 curavit
3162 5231 3417 5287 incredu-

98 5306 209 5359 Διδ
236 5302 658 5372 ὀλιγόπιστος
673 5304 883 5367 ἀκούει,
912 5303 1141 5357 ἀλλὀὐκ
1172 5304 1451 5372 ἄπιστος.
1470 5304 1535 5362 Ol
1552 5303 1645 5362 οὖν
1666 5310 1711 5362 ἐκ

1823 5314 2055 5371 litatetn.
2099 5315 2227 5372 Ideo
2270 5332 2448 5386 parva:
2470 5319 2597 5387 ﬁdei
2643 5319 2867 5387 dicitur,
2919 5338 3024 5377 non
3075 5326 3409 5381 incredulus.

97 5400 191 5470 τῷ
227 5395 452 5467 πλοίῳ,
483 5397 579 5450 καὶ
604 5397 760 5451 αὐτοὶ
787 5395 882 5450 τοῦ
919 5396 1091 5467 φόϐου
1137 5398 1512 5470 ἀπελύθησαν.
1571 5402 1697 5455 Ἐκό

1825 5405 1993 5477 Igitur
2021 5407 2115 5478 qui
2145 5408 2198 5463 in
2231 5409 2379 5475 navi,
2412 5420 2467 5464 et
2494 5410 2594 5480 ipsi
2623 5422 2768 5467 metu
2806 5413 2966 5469 soluti
2997 5426 3143 5471 sunt.
3164 5416 3412 5474 Cessavit

98 5506 272 5543 πασς
340 5488 454 5558 γὰρ
505 5490 534 5541 6
572 5488 810 5559 ἄνεμος·
847 5489 942 5542 καὶ
974 5489 1039 5561 δὴ
1089 5490 1325 5572 γνόντες.
1360 5490 1471 5545 άπὸ
1518 5491 1725 5546 τούτων

94 5587 206 5639 τὸν
261 5580 513 5652 Ἰησοῦν,
548 5580 871 5651 ὁμολογοῦσι
898 5583 999 5655 τὴν
1028 5582 1193 5637 αὐτοῦ
1223 5582 1479 5655 θεότητα.
1506 5584 1581 5640 Ού
1616 5585 1726 5657 γὰρ

1825 5499 1969 5553 enim
2003 5509 2214 5555 ventus.
2240 5498 2309 5554 Et
2340 5514 2408 5556 ex
2441 5500 2526 5557 his
2554 5503 2770 5573 cognito
2799 5502 2951 5573 Jesu,
2986 5506 3223 5563 confessi
3284 5523 3416 5566 sunt

1826 5590 1945 5657 ejus
1980 5590 2260 5649 deitatem.
2288 5592 2475 5664 Neque
2501 5595 2647 5650 enim
2683 5596 2921 5653 hominis
2953 5609 3039 5655 est
3069 5616 3237 5673 super
3263 5617 3415 5659 mare

1081 5708 1170 5769 Ex
1203 5707 1548 5771 collatione
1585 5710 1774 5773 codd.
1811 5714 2045 5776 Venet.
2080 5717 2142 5779 S.
2181 5718 2400 5782 Marci.

96 5834 231 5905 (at)
272 5827 432 5886 Edit.
473 5828 596 5884 Lut.
648 5829 832 5885 omisit
871 5830 1006 5897 06x;
1039 5830 1240 5886 habent
1306 5834 1464 5889 codd.
1501 5833 1560 5890 S.
1588 5833 1751 5893 Marci
1793 5837 1862 5893 '50
1896 5848 1949 5893 et
1991 5839 2080 5895 δι.
