4080 6336
125 369 232 432 305

806 375 1259 439 ENARRATIO
1297 379 1381 442 IN
1433 380 1707 443 EV'ANG]

1813 383 1944 445 EUM
1983 385 2373 446 ΜΛΤῙΊΙῈῙ.
2412 408 2483 421 -
2516 386 2676 446 CAP.
2747 384 2866 446 XV.

3289 415 3292 418 ~
3317 386 3424 450 336

127 478 347 549 πατέρα
373 498 471 533 σου
532 481 627 534 καὶ
663 482 761 551 τὴν
794 486 1009 556 μητέρα
1031 504 1044 518 ’
1083 490 1177 542 καὶ
1209 492 1236 542 6
1266 492 1582 560 κακολογῶν
1623 509 1707 546 πα-

1831 491 2042 547 Ιλῐοιιοτη
2095 487 2300 562 patrem
2370 507 2516 549 tuum
2576 505 2630 550 et
2692 502 3048 552 matrem:et
3105 498 3195 566 qui
3255 498 3421 551 male—

126 574 264 638 τέρα
291 572 323 641 ἦ
345 575 576 645 μητέρα,
602 575 817 648 Θανάτῳ
835 581 1160 636 τελευτάτω.
1204 584 1396 653 Ὑμεῖς
1421 585 1478 638 δὲ
1505 585 1716 654 λέγετε·

133 665 230 724 Ὃς
275 664 343 718 ἂν
378 666 518 736 εἴπῃ
539 667 616 737 τῷ
657 662 879 741 πατρὶ
907 673 972 742 τῇ
1006 674 1174 744 μητρί
1200 690 1219 707 ο
1245 675 1429 743 Δῶρον
1458 676 1488 728 ὃ
1539 675 1634 729 ἐὰν
1660 676 1719 743 ἐξ

129 755 266 821 ἐμοῦ
304 757 616 828 ὠφεληθῇς,
652 761 748 814 καὶ
770 762 829 815 ού
863 763 1166 837 μὴτιμήσῃ
1194 767 1530 839 τὸνκπατέρα
1550 767 1717 823 αὐτοῦ

127 844 158 912 ἢ
197 846 299 915 τὴν
354 849 565 920 μητέρα
595 865 606 878 ·
671 853 767 906 καὶ
803 853 1128 926 ὴκυρὼσατε
1177 859 1276 926 τὴν
1341 858 1566 930 ἐντολὴν
1616 859 1711 912 τοῦ

124 939 268 993 Θεοῦ
291 939 379 994 διά
411 942 512 1013 τὴν
538 945 842 1015 παράδοσιν
893 947 1068 1018 ὑμῶν.
1117 969 1134 1002 ι
1185 953 1246 1004 Οί
1276 951 1376 1022 μὲν
1424 953 1717 1024 Φαρισαῖοι

124 1032 473 1102 κατηγόρουν
502 1033 612 1088 τῶν
641 1037 926 1108 μαθητῶν,
971 1040 1048 1104 ῶς
1093 1043 1315 1114 ἐντολὴν
1342 1044 1451 1098 τῶν
1477 1046 1718 1117 πρεσϐυ-

121 1123 301 1191 τέρων
324 1127 775 1198 παραϐαινόντων
795 1148 810 1162 ο
848 1133 882 1188 δ,
912 1134 970 1187 δὲ
990 1135 1227 1205 Χριστὸς
1247 1135 1483 1191 δεικνύει
1517 1139 1715 1203 αὐτοὺς

121 1213 217 1266 τὸν
245 1215 339 1268 τοῦ
394 1217 529 1272 Θεοῦ
564 1220 736 1288 ,νόμον
767 1223 1239 1294 παραϐαίνοντας’
1277 1227 1556 1282 ἐδίδασκον
1605 1229 1716 1300 γὰρ

121 1305 252 1367 τοὺς
279 1307 478 1370 παῖδας
508 1310 676 1378 μηδὲν
703 1312 906 1367 διδόναι
932 1317 1048 1379 τοῖς
1081 1317 1352 1385 γονεῦσιν,
1377 1319 1493 1374 ἀλλ’
1525 1323 1714 1376 ἀνατι-

121 1394 275 1448 θέναι
293 1397 393 1451 ὅσα
422 1399 604 1469 ἔχουσι
631 1401 708 1471 τῷ
734 1405 1122 1478 γαζοφυλακίῳ
1151 1408 1247 1462 τοῦ
1275 1411 1445 1481 ἱεροῦ.
1468 1409 1578 1466 Ἦν
1603 1414 1712 1486 γὰρ

121 1486 283 1556 ἐντῷ
315 1490 445 1560 ἱερῷ
485 1491 780 1564 Θησαυρὸς,
814 1496 874 1549 ὲν
918 1490 963 1564 ᾧ
1013 1500 1042 1551 6
1083 1499 1416 1574 βουλόμενος
1460 1505 1708 1573 Ιἔϐαλλεν,

123 1578 378 1635 ἐκαλεῖτο
402 1583 458 1637 δὲ
478 1602 635 1648 ουτος
665 1586 830 1654 γάζα.
878 1588 936 1642 '0
961 1590 1017 1644 δὲ
1042 1592 1317 1665 θησαυρὸς
1353 1600 1466 1657 τοῖς
1506 1597 1705 1670 πένησι

121 1670 403 1727 διεδέδοτο.
430 1676 492 1728 Oi
523 1676 704 1730 τοίνυν
724 1679 1010 1750 Φαρισαῖοι
1043 1683 1324 1751 πείθοντες
1356 1689 1482 1750 τοὺς
1509 1690 1708 1754 παῖδας

125 1765 300 1831 μηδὲν
339 1766 538 1822 διδόναι
585 1773 700 1834 τοῖς
747 1773 1020 1840 γονεῦσιν,
1053 1777 1171 1830 ἀλλ’
1219 1778 1531 1835 ἀνατιθέναι
1567 1784 1707 1837 αὐτὰ

1823 585 2025 639 dixerit
2056 588 2194 654 patri
2231 598 2323 641 aut
2353 589 2533 654 matri,
2567 599 2745 642 morte
2775 588 3042 642 moriatur
3069 607 3081 643 :
3111 604 3206 643 vos
3238 600 3418 642 autem

1824 676 2038 730 dicitis:
2070 676 2391 747 Quicunque
2430 678 2626 734 dixerit
2660 680 2800 749 patri
2838 688 2930 733 aut
2978 681 3158 743 matri,
3207 681 3419 735 bonum

1824 767 1914 823 Dei
1953 779 2056 834 est,
2091 770 2357 839 quidquid
2384 772 2497 841 {per
2542 786 2627 825 me
2659 771 2715 824 in
2763 779 2914 825 tuum
2963 786 3252 826 cessurum
3297 781 3420 826 erat

1821 845 2188 927 commodum,
2235 875 2290 918 et
2340 879 2448 919 non
2505 864 2793 920 honorabit
2825 864 2936 935 78
2966 873 3178 936 patrem
3230 880 3414 931 suum,

1821 963 1914 1006 aut
1964 964 2195 1010 matrem
2231 969 2384 1011 suam
2412 972 2426 1010 :
2455 965 2512 1012 et
2566 956 2785 1012 irritum
2829 955 3414 1026 fecistis‘prteceptum

1822 1043 1917 1099 Dei
1948 1055 2171 1116 propter
2201 1046 2554 1102 traditionem
2595 1055 2857 1102 vestram.
2886 1064 2905 1098 ι
2944 1045 3204 1102 Pharisaei
3247 1062 3414 1102 accu-

1829 1137 2028 1192 sabant
2057 1139 2353 1208 discipulos
2382 1139 2538 1209 quasi
2572 1139 2888 1194 mandatum
2927 1140 3206 1194 seniorum
3262 1155 3408 1210 prae-

1821 1231 2144 1287 varicantes.
2170 1230 2425 1286 Christus
2461 1240 2643 1286 autem
2669 1231 2911 1286 ostendit
2940 1232 3086 1301 ipsos
3113 1229 3206 1285 Dei
3235 1231 3410 1301 legem

1817 1324 2188 1391 praevaricari.
2213 1322 2490 1378 Docebant
2522 1324 2666 1378 enim
2716 1339 2915 1393 pueros
2953 1339 3020 1380 ne
3051 1323 3183 1394 quid
3213 1324 3412 1379 darent

1822 1417 2160 1484 parentibus,
2212 1417 2307 1472 sed
2362 1416 2619 1471 oﬂ‘errent
2655 1432 2991 1487 quascunque
3033 1417 3307 1471 habebant
3353 1417 3408 1472 in

1817 1507 2268 1579 gazophylacium
2302 1508 2510 1577 templi.
2535 1508 2668 1564 Erat
2719 1519 2900 1564 autem
2941 1509 2994 1563 in
3038 1508 3237 1577 templo
3281 1509 3406 1564 the-

1813 1615 2027 1667 saurus,
2055 1602 2109 1655 in
2138 1615 2297 1671 quem
2329 1603 2577 1672 quisquis
2609 1603 2822 1657 volebat
2869 1600 3151 1670 quidpiam
3195 1602 3401 1656 immit-

1815 1698 1977 1754 teret,
2028 1693 2437 1763 vocabaturque
2481 1693 2571 1749 ille
2597 1694 2844 1765 gaza.At
2890 1694 3320 1748 distribuebatur
3350 1696 3404 1765 in

1814 1798 2079 1852 pauperes
2127 1785 2437 1840 thesaurus.
2483 1784 2742 1841 Pharisaei
2809 1786 2973 1856 igitur
3019 1787 3410 1853 persuadentes

120 1856 200 1924 τῷ
229 1857 492 1931 Θησαυρῷ
520 1861 614 1915 τοῦ
647 1864 816 1932 ίεροῦ,
845 1866 1126 1922 ἐδίδασκον
1153 1871 1352 1936 αὐτοὺς
1398 1873 1582 1942 λέγειν
1625 1877 1706 1931 ὅτι

1817 1877 1997 1946 pueris
2032 1892 2099 1932 ne
2127 1877 2260 1946 quid
2291 1877 2485 1932 darent
2529 1877 2871 1946 parentibus,
2900 1876 2994 1932 sed
3043 1875 3305 1932 oli'errent
3353 1875 3409 1930 in

120 1946 309 2037 ἒῶρόν
336 1950 474 2013 ἐστι,
499 1955 802 2022 τουτέστιν,
829 1957 1250 2031 ἀνατεθειμένον
1277 1963 1355 2034 τῷ
1384 1964 1506 2037 Θεῷ
1534 1969 1705 2033 ἐστιν,

121 2031 167 2090 ὦ
211 2039 412 2110 πάτερ,
451 2042 480 2094 ὂ
510 2044 696 2113 ζητεῖς
726 2045 786 2112 ἐξ
815 2049 951 2118 ἐμοῦ
977 2031 1356 2127 ὠφεληθῆναι.
1394 2031 1508 2111 καὶ
1532 2031 1706 2125 οὕτως

120 2132 382 2204 ὲμέριζον
409 2135 564 2189 αὐτοὶ
619 2138 760 2208 μετά
798 2140 910 2196 τῶν
949 2143 1157 2199 παίδων
1185 2147 1254 2201 τά
1283 2149 1565 2220 χρήματα,
1612 2154 1707 2206 καὶ

119 2225 170 2275 οἱ
208 2227 387 2291 γονεῖς
418 2229 894 2301 κατελιμπάνοντο
923 2235 1337 2309 ἀγηροκόμητοι
1361 2258 1374 2273 ·
1403 2243 1624 2297 ἐποίουν
1648 2245 1708 2299 δὲ

120 2315 283 2370 τοῦτο
314 2318 408 2373 καὶ
437 2321 487 2373 οί
516 2321 814 2378 δανεισταί.
873 2327 1001 2380 Ἐὰν
1054 2329 1163 2401 γάρ
1198 2345 1276 2395 τις
1324 2333 1564 2388 ὲδάνεισέ
1598 2351 1707 2390 τινι

120 2409 229 2476 χρή
239 2425 409 2477 ματα,
434 2409 552 2465 εἶτα
573 2413 833 2479 δύσκολος
861 2420 890 2471 6
918 2420 1202 2491 χρεώστης
1227 2418 1297 2494 ἦν
1331 2425 1427 2479 καὶ
1449 2427 1550 2480 οὐκ
1573 2427 1708 2482 ἀπε-

118 2498 267 2552 δίδου
297 2502 358 2554 τὸ
383 2503 756 2575 ὀφειλόμενον,
801 2509 991 2579 ἔλεγε-ι
1021 2515 1049 2566 6
1077 2513 1364 2587 δανειστὴς
1413 2518 1551 2588 πρὸς
1577 2520 1673 2574 τοῦ
1692 2549 1706 2562 -

119 2607 213 2681 τον
250 2593 340 2646 τὸν
365 2596 659 2667 ἀγνώμονα
697 2601 982 2674 χρεώστην
1006 2621 1019 2634 '
1061 2607 1281 2678 Κορϐάν
1310 2611 1459 2664 ἐστιν
1487 2610 1516 2665 ὃ
1555 2613 1707 2681 ὀφεί-

119 2680 239 2744 λεις
297 2701 413 2752 μοι,
458 2690 731 2759 τουτέστι,
780 2693 952 2764 δῶρον
983 2696 1063 2766 τῷ
1103 2699 1222 2766 Θεῷ
1261 2701 1703 2772 ἀνατεθειμένον.

131 2774 190 2826 '0
219 2774 314 2830 οὖν
339 2778 620 2849 χρεώστης
643 2782 716 2845 ὡς
733 2783 811 2853 τῷ
824 2785 943 2856 Θεῷ
962 2786 1148 2843 ἔκτοτε
1162 2791 1415 2858 ὀφείλων,
1442 2796 1538 2850 καὶ
1558 2795 1708 2851 ἄκων

119 2867 424 2922 κατέϐαλλε
445 2884 457 2898 ·
492 2871 651 2926 τοῦτο
672 2875 955 2931 ἐδίδασκον
980 2881 1108 2944 τοὺς
1134 2884 1331 2948 παῖδας
1356 2887 1402 2938 οί
1419 2887 1706 2958 Φαρισαῖοι

123 2973 326 3009 ποιειν.

196 3068 217 3100 ε
290 3051 653 3125 Ὑποκριταὶ,
706 3061 886 3125 καλῶς
937 3066 1313 3135 προεφήτευσε
1376 3072 1501 3140 περῖ
1552 3071 1707 3140 ὑμῶν

1812 1967 2125 2024 thesaurum
2162 1967 2371 2037 templi,
2431 1969 2701 2024 docebant
2773 1969 2922 2037 ipsos
2987 1977 3047 2023 ut
3110 1969 3406 2024 dicerent:

1816 2058 2022 2113 Donum
2056 2057 2150 2114 Dei
2181 2071 2289 2124 eet,
2317 2058 2368 2114 id
2391 2069 2493 2125 est,
2535 2060 2782 2121 oblatum
2800 2059 2911 2115 Deo
2945 2069 3050 2125 est,
3082 2075 3116 2114 ο
3146 2068 3323 2130 pater,
3357 2059 3408 2112 id

1809 2155 1954 2222 quod
1983 2168 2079 2223 per
2103 2169 2190 2210 me
2223 2154 2315 2211 tibi
2348 2155 2466 2210 usui
2507 2170 2632 2212 esse
2668 2157 2842 2227 cupis.
2894 2155 2959 2211 Et
2982 2155 3063 2210 sic
3092 2155 3406 2225 partieban-

1809 2250 1901 2300 tur
1931 2245 2031 2316 ipsi
2069 2261 2192 2302 cum
2223 2246 2351 2304 ﬁliis
2380 2261 2512 2316 opes
2537 2264 2550 2302 :
2579 2257 2634 2301 et
2662 2257 2917 2317 parentes
2955 2247 3406 2317 relinquebantur

1808 2347 1865 2391 et
1901 2321 2414 2404 conteninebantur,
2439 2353 2539 2395 nec
2587 2337 2641 2396 in
2696 2349 2914 2396 senecta
2968 2340 3274 2394 alebantur.
3304 2328 3406 2393 ἦ·

1810 2430 2029 2484 ciebant
2054 2438 2238 2486 autem
2272 2431 2376 2486 hoc
2403 2441 2460 2487 et
2490 2432 2812 2488 creditores.
2833 2433 2890 2486 Si
2925 2434 3050 2504 quis
3080 2433 3224 2488 enim
3279 2433 3404 2488 cni-

1810 2521 1954 2590 piam
2013 2530 2201 2578 mutuo
2255 2523 2498 2580 dedisset
2547 2524 2925 2594 pecunias:et
2975 2525 3175 2582 deinde
3230 2526 3405 2579 malus

1807 2613 2025 2668 debitor
2056 2629 2162 2668 non
2197 2615 2450 2670 redderet
2485 2615 2752 2680 debitum,
2778 2616 2997 2671 dicebat
3045 2617 3284 2671 creditor
3337 2617 3405 2670 ad

1811 2703 1964 2756 illum
2004 2705 2275 2776 ingratum
2305 2707 2609 2763 debitorem
2641 2726 2652 2761 :
2680 2707 2897 2763 Corban
2929 2717 3014 2763 est
3049 2709 3192 2777 quod
3240 2709 3405 2765 debes

1811 2795 1965 2861 mihi,
1995 2797 2098 2853 hoc
2128 2808 2231 2862 est,
2257 2798 2459 2853 donum
2518 2801 2625 2855 Deo
2670 2799 2932 2855 oblatum.
2964 2801 3183 2856 Debitor
3237 2802 3406 2872 igitur

1812 2897 1942 2941 tunc
1974 2890 2126 2957 quasi
2169 2889 2278 2945 Deo
2306 2891 2529 2956 debens,
2555 2893 2719 2949 etiam
2767 2893 2974 2948 invitus
3001 2893 3401 2950 dinumerabat.

1813 2978 1926 3035 Hoc
1961 2981 2230 3036 docebant
2265 2982 2528 3039 Pharisaei
2557 2999 2756 3054 pueros
2789 2984 2989 3040 facere.

1888 3072 2051 3130 Vens.
2081 3077 2112 3129 7
2144 3077 2199 3132 9.
2244 3095 2264 3129 ι
2322 3074 2654 3148 Hypocritze,
2704 3077 2842 3132 bene
2917 3079 3264 3150 prophetarit
3340 3082 3406 3135 de

125 3143 386 3211 Ἡσαΐας,
413 3146 590 3215 λέγων
616 3168 627 3180 ·
661 3153 906 3222 Ἐγγίζει
940 3173 1027 3225 μοι
1059 3159 1087 3211 6
1117 3153 1244 3224 λαὸς
1288 3155 1548 3236 οὗτοςπῷ
1581 3166 1701 3220 στό·

1814 3165 1970 3223 vobis
2002 3166 2172 3223 Isaias
2207 3143 2875 3238 dicens-:Appropinquat
2899 3143 3034 3225 mihi
3061 3172 3292 3242 populus
3315 3173 3406 3228 hic

122 3250 262 3302 ματι
294 3237 496 3301 αὐτῶν,
523 3243 617 3294 καὶ
647 3247 759 3308 τοῖς
791 3247 996 3315 χείλεσι
1028 3268 1096 3318 με
1155 3255 1312 3324 τιμᾷ,
1356 3257 1389 3326 ἡ
1421 3256 1478 3310 δὲ
1508 3260 1707 3331 καρδία

115 3329 303 3382 αὐτῶν
333 3334 528 3404 πόρρω
569 3337 765 3408 ἀπέχει
797 3343 895 3394 ἀπ’
922 3344 1080 3414 ἐμοῦ.
1112 3347 1312 3416 Μάτην
1343 3347 1402 3401 δὲ
1455 3329 1708 3405 σέϐονταί

119 3440 212 3486 με,
240 3421 592 3492 διδάσκοντες
614 3431 962 3497 διδασκαλίας
988 3437 1306 3507 ἐντάλματα
1326 3441 1654 3512 ἀνθρώπων.
1684 3463 1702 3496 ι

116 3511 375 3566 Δείκνυσι
403 3515 488 3567 διὰ
517 3518 615 3588 τῆς
657 3519 878 3576 Ἠσαῖου
923 3527 1131 3595 φωνῆς,
1161 3529 1255 3581 καὶ
1292 3511 1554 3599 περὶντδν
1589 3533 1705 3586 Πα-

118 3602 258 3672 τέρα
304 3605 471 3661 αὐτοῦ
505 3608 781 3675 τοιούτους
811 3613 970 3678 ὄντας
1029 3617 1250 3682 αὐτοὺς,
1287 3614 1390 3672 οἷοι
1442 3622 1537 3675 καὶ
1581 3625 1710 3695 περὶ

117 3695 288 3749 αὑτὸν
316 3698 703 3766 εὑρίσκονται-ο
741 3705 970 3777 πονηροὶ
1002 3706 1109 3779 γὰρ
1144 3709 1318 3774 ὄντες,
1360 3713 1456 3766 καὶ
1476 3714 1567 3769 διά
1596 3715 1708 3770 τῶν

120 3789 380 3860 πονηρῶν
411 3791 589 3862 ἔργων
622 3797 990 3869 μικρύνοντες
1015 3801 1249 3866 ἑαυτοὺς
1278 3803 1372 3856 τοῦ
1403 3804 1562 3871 Θεοῦ,
1590 3810 1710 3862 στό-

122 3899 256 3949 ματι
291 3883 458 3952 μόνον
497 3885 722 3941 ἐλάλουν
765 3890 832 3942 τὰ
862 3890 956 3944 τοῦ
985 3892 1122 3946 θεοῦ
1159 3895 1335 3964 λόγια.
1377 3897 1572 3968 Μάτην
1599 3900 1709 3972 γάρ

119 3974 343 4039 πάντως
379 3977 628 4034 σέϐονται
653 3982 745 4034 καὶ
767 3982 985 4043 δοκοῦσι
1025 3988 1190 4059 τιμᾷν
1221 3989 1315 4044 τὸν
1357 3990 1512 4057 Θεὸν,
1542 3995 1590 4047 οἱ
1618 3994 1709 4049 διὰ

116 4065 441 4137 τῶνέέργων
469 4070 633 4124 αὑτὸν
659 4075 1052 4144 ἀτιμάζοντες..

196 4177 217 4209 ι
261 4159 379 4213 Καὶ
403 4164 920 4236 προσκαλεσάμενος
949 4169 1042 4224 τὸν
1080 4171 1260 4243 ὄχλον,
1293 4172 1449 4231 εἶπεν
1480 4179 1665 4244 αὐτοῖς
1690 4196 1703 4210 ⁸

131 4251 394 4306 Ἀκούετε
444 4257 538 4309 καὶ
597 4258 829 4315 συνίετε.
869 4261 947 4316 Οὐ
983 4263 1044 4316 τὸ
1082 4267 1468 4339 εἰσερχόμενον
1513 4273 1594 4335 εἰς
1648 4273 1709 4326 τὸ

119 4348 297 4416 στόμα
325 4351 500 4402 κοινοί
521 4351 613 4404 τὸν
638 4352 947 4422 ἄνθρωπον,
984 4357 1124 4412 ἀλλά
1175 4361 1236 4414 τὸ
1258 4363 1704 4436 ἐκπορευόμενον

118 4439 183 4491 ἐκ
211 4439 310 4494 τοῦ
340 4441 632 4511 στόματος,
666 4445 827 4504 τοῦτο
855 4453 1024 4503 κοινοί
1051 4451 1143 4506 τὸν
1174 4453 1490 4526 ἄνθρωπον.
1531 4476 1549 4510 ι
1587 4460 1706 4514 Οὐκ

1813 3274 1909 3315 ore
1949 3273 2068 3324 suo,
2094 3268 2149 3314 et
2177 3259 2336 3315 labiis
2375 3273 2465 3315 me
2498 3261 2750 3329 honorat,
2795 3272 3053 3318 caeterum
3082 3278 3178 3318 cor
3212 3279 3402 3318 eorum

1813 3351 2001 3418 procul
2029 3349 2184 3405 abest
2216 3365 2247 3404 a
2276 3364 2382 3405 me.
2401 3348 2508 3406 Sed
2542 3352 2746 3408 [rustra
2797 3368 2884 3408 me
2919 3352 3105 3409 colunt
3146 3354 3407 3411 docentes

1813 3453 2083 3512 praecepta
2113 3442 2378 3501 doctrinae
2414 3444 2714 3499 hominum.
2751 3466 2768 3498 ι
2804 3442 3055 3501 Ostendit
3086 3447 3239 3502 Isaize
3270 3463 3405 3504 voce

1815 3534 1958 3602 quod
2013 3535 2177 3589 etiam
2221 3534 2358 3590 tales
2397 3536 2509 3590 sint
2543 3552 2671 3606 erga
2719 3535 2940 3593 Patrem
2984 3554 3164 3605 suum,
3214 3543 3405 3609 quales

1811 3635 1866 3680 et
1892 3640 2020 3696 erga
2062 3641 2121 3681 se
2151 3626 2532 3687 inveniuntur.
2579 3627 2712 3683 Nam
2765 3645 2888 3686 cum
2926 3630 3052 3685 mali
3093 3642 3299 3697 essent,
3350 3645 3405 3689 et

1813 3726 2035 3787 pmpter
2063 3718 2205 3773 mala
2243 3735 2408 3790 opera
2442 3720 2654 3792 longius
2688 3737 2718 3779 a
2753 3721 2862 3778 Deo
2898 3726 3244 3789 recederent.
3268 3727 3403 3782 divi-

1814 3824 1939 3862 num
1987 3809 2063 3881 (a)
2105 3824 2415 3865 sermonem
2450 3810 2570 3866 solo
2621 3826 2718 3866 ore
2755 3812 3141 3880 loquebantur.
3170 3814 3405 3873 Frustra

1812 3900 1955 3954 enim
1984 3900 2172 3955 colunt
2195 3912 2250 3955 et
2276 3911 2471 3972 putant
2493 3917 2552 3958 se
2586 3902 2769 3960 colere
2790 3903 2977 3974 Deum,
3001 3906 3092 3977 qui
3120 3922 3220 3978 per
3237 3923 3402 3978 opera

1813 3991 1961 4048 illum
1999 3994 2364 4050 debonorant.

1889 4177 2278 4242 Vens.10,ll.
2316 4198 2334 4231 ι
2375 4179 2439 4234 Ει
2485 4181 2878 4253 θάνοοειὶεῖοά
2923 4198 2984 4239 se
3027 4185 3224 4250 turbis,
3268 4186 3405 4242 dixit

1811 4271 1927 4327 eis:
1969 4273 2166 4327 Audite
2192 4282 2245 4328 et
2291 4273 2598 4343 intelligite.
2637 4275 2750 4332 Non
2790 4275 2933 4346 quod
2976 4278 3278 4347 ingreditur
3316 4296 3398 4348 os,

1812 4362 2055 4432 impurat
2080 4365 2358 4422 hominem
2387 4384 2401 4419 :
2426 4366 2522 4422 sed
2551 4367 2694 4435 quod
2739 4370 3020 4437 egreditur
3049 4385 3112 4428 ex
3144 4386 3261 4436 ore,
3298 4374 3401 4428 hoc

1812 4454 2085 4523 impurum
2129 4455 2306 4510 reddit
2357 4456 2660 4512 hominem.
2726 4477 2743 4507 ι
2785 4456 2902 4514 Non
2958 4459 3200 4529 loquitur
3253 4463 3401 4519 ultra

119 4530 197 4618 έτι
227 4532 346 4594 τοῖς
377 4531 710 4602 Φαρασαίοις
757 4537 1094 4608 διαλέγεται,
1151 4543 1228 4608 ὡς
1277 4546 1701 4618 ἀθεραπεύτοις,

1815 4546 2128 4613 Ρὴιιτίεαξίε,
2178 4559 2365 4618 utpOte
2407 4549 2846 4605 incurabilibus:
2881 4551 3052 4607 turbat
3102 4565 3284 4610 autem
3319 4557 3400 4611 lo-

115 4617 192 4684 τῷ
218 4618 371 4688 ὄχλῳ
397 4619 476 4674 δέ.
509 4622 621 4675 Καὶ
649 4623 737 4679 διὰ
780 4626 875 4680 τοῦ
901 4632 1387 4700 προσκαλέσασθαι
1428 4638 1581 4694 δοκεῖ
1619 4617 1707 4696 τιέι

118 4714 227 4782 μᾷν
279 4713 509 4777 αὐτοὺς,
556 4715 643 4770 ἵνα
685 4713 1102 4789 παραδέξωνται
1157 4727 1252 4780 τὸν
1291 4728 1452 4798 λόγον
1511 4735 1702 4802 αὐτοῦ,

117 4801 208 4854 καί
238 4820 414 4872 φησιν
434 4820 446 4834 ⁸
483 4805 736 4862 Ἀκούετε
773 4812 868 4864 καὶ
897 4813 1132 4882 συνίετε,
1174 4818 1470 4874 διανιστῶν
1501 4805 1704 4890 α’ύτοὺς

115 4896 192 4955 εἰς
235 4899 540 4969 προσοχὴν.
573 4900 694 4953 Τῶν
733 4902 790 4956 δὲ
833 4905 1147 4976 Φαρισαίων
1172 4911 1537 4983 ἀἰτιωμένων
1576 4919 1701 4984 τοὺς

119 4986 374 5081 μαθητὰς
529 4991 782 5058 ἀνίπτοις
821 4998 1009 5066 χερσὶν
1057 4999 1381 5071 ὲσθίοντας,,
1411 5007 1440 5060 ὁ
1495 5009 1705 5081 Κύριος

120 5094 180 5127 πε
193 5076 246 5145 pi.
279 5077 594 5148 βρωμάτων
623 5081 794 5151 λέγει,
829 5086 912 5140 ὅτι
945 5086 1098 5142 οὐδὲν
1142 5091 1342 5163 βρῶμα
1395 5101 1570 5152 κοινοῖ
1587 5076 1704 5156 ,τὸν

116 5168 432 5250 ἄνθρωπον,
484 5177 734 5229 τουτέστι
787 5178 1030 5247 μολύνει.
1075 5183 1185 5236 Καὶ
1233 5186 1283 5238 εί
1327 5186 1387 5247 τὸ
1422 5189 1617 5261 βρῶμα
1641 5195 1700 5246 οὐ

123 5261 370 5328 μολύνει,
404 5265 586 5336 πολλῷ
613 5269 816 5336 μᾶλλον
859 5271 919 5325 τὸ
951 5273 1200 5340 ἀνίπτοις
1248 5281 1438 5351 χερσὶν
1478 5284 1704 5341 ἐσθίειν.

119 5354 360 5410 Μολύνει
393 5359 502 5429 γάρ
547 5361 644 5414 τὶν
678 5363 831 5427 ἐντὸς
863 5364 1178 5436 ἄνθρωπον,
1226 5373 1287 5425 τὸ
1345 5373 1527 5443 λέγειν
1558 5379 1592 5432 ἂ
1628 5382 1704 5448 μὴ

119 5448 214 5501 ίεῖ.
251 5451 567 5505 Δίνὶττεται
599 5455 655 5507 δὲ
699 5456 785 5509 διά
817 5459 1009 5513 τούτου
1045 5464 1171 5527 τοὺς
1222 5466 1573 5536 Φαρισαίους,
1611 5490 1706 5542 μο-

121 5541 450 5612 λυνομένους
489 5546 552 5599 ἐκ
580 5549 673 5600 τοῦ
697 5549 877 5618 λέγειν
917 5554 1255 5621 φθονούντων
1313 5561 1533 5630 ῥήματα
1559 5581 1572 5596 ·
1601 5567 1705 5635 ὅρα

120 5634 175 5686 δὲ
207 5637 437 5705 σοφίαν,
490 5640 607 5703 πῶς
649 5641 769 5695 οὗτε
824 5647 1074 5717 φανερῶς
1109 5651 1170 5702 τὸ
1219 5651 1444 5707 ἄνιπτον
1502 5656 1704 5711 ἐσθίειν

1815 4643 2023 4711 quitur,
2072 4652 2126 4697 et
2169 4657 2265 4711 per
2291 4643 2440 4712 quod
2467 4643 2597 4704 illos
2650 4644 2715 4700 ad
2770 4659 2829 4700 se
2865 4645 3096 4702 advocat
3134 4649 3398 4704 honorem

1812 4733 1919 4791 illis
1946 4731 2163 4792 deferre
2195 4734 2432 4799 videtur,
2457 4742 2512 4788 ιιι
2542 4735 2838 4803 suscipiant
2870 4751 3175 4794 sermonem
3202 4755 3396 4796 suum:

1811 4835 1866 4883 et
1905 4825 2104 4895 inquit,
2153 4824 2372 4893 Audite,
2393 4834 2448 4886 et
2479 4827 2801 4896 ‘intelligite,
2825 4830 3072 4886 excitans
3104 4845 3290 4900 cos,et
3322 4845 3399 4889 at—

1808 4928 1987 4976 tentos
2021 4919 2248 4974 faciens.
2278 4919 2415 4986 Quia
2447 4930 2626 4976 autem
2663 4921 2922 4978 Pharisaai
2977 4927 3276 4996 arguebant
3311 4930 3388 4983 di-

1804 5012 2045 5083 scipulos
2068 5012 2213 5083 quod
2248 5012 2414 5072 illotis
2445 5014 2696 5070 manibus
2723 5017 3094 5083 comedereut,
3128 5019 3396 5078 Dominus

1805 5107 1873 5163 de
1893 5105 2031 5162 cibis
2052 5105 2183 5161 dicit
2204 5104 2345 5174 quod
2376 5105 2556 5160 nullus
2577 5107 2731 5162 cibus
2753 5109 3065 5178 coinquinet
3093 5112 3392 5179 hominem,

1809 5197 1888 5253 vel
1919 5198 2178 5270 impuret.
2202 5193 2333 5253 Etsi
2368 5198 2523 5254 ribus
2559 5216 2667 5256 non
2700 5200 2973 5269 inquinat,
3000 5207 3168 5262 multo
3199 5211 3391 5279 magis,

1807 5289 1972 5347 illotis
2029 5291 2315 5346 comedere
2371 5291 2640 5347 inanibus.
2671 5290 3004 5360 Coinquinat
3059 5296 3202 5349 enim
3244 5299 3392 5355 intus

1808 5381 2081 5436 hominem
2123 5381 2306 5436 dicere
2339 5399 2460 5452 quzn
2488 5398 2594 5436 non
2626 5394 2858 5452 oportet.
2884 5383 3052 5441 Natat
3089 5400 3270 5444 autem
3310 5391 3392 5444 la-

1806 5485 1980 5528 tenter
2013 5474 2317 5530 Pharisazos
2355 5489 2448 5543 per
2480 5474 2565 5527 illa
2613 5476 2904 5545 verba,qui
2963 5479 3207 5537 dicentes
3245 5483 3388 5536 invi-

1803 5567 1995 5621 dorum
2038 5568 2197 5620 verba
2230 5567 2742 5635 coinquinabantur.
2776 5567 2908 5626 Vide
2939 5583 3122 5628 autem
3174 5577 3395 5644 sapien—

1805 5661 1956 5721 tiam,
2000 5660 2270 5723 quomodo
2331 5674 2505 5728 neque
2560 5659 2851 5718 ma-nifcslc
2910 5664 3076 5723 illotis
3136 5672 3390 5724 inanilm-z

189 5818 263 5883 μ)
306 5819 449 5873 Ειιὶι.
486 5819 600 5876 Lut.
636 5839 746 5878 sum
783 5827 907 5881 muli
937 5841 1126 5898 (sunt,
1150 5845 1361 5905 propin
1385 5835 1522 5888 multi
1551 5852 1705 5906 opcru

1813 5855 1896 5909 me
1929 5839 2123 5907 flebunt
2154 5859 2182 5894 (ι
2212 5843 2339 5912 Deo,
2373 5855 2416 5898 cl
2451 5845 2699 5900 ιίὶιὶιιιιθεε.
