4080 6336
678 366 782 432 3οἹ

1595 354 2170 419 THEOPHYLACTI
2207 327 2618 415 summm
2657 345 3021 409 ARCHIEP.

3825 336 3923 398 303

681 484 970 542 comedere
1029 477 1310 548 approbat.
1371 489 1547 542 neque
1616 478 1923 537 aversatur,
1952 469 2047 526 sed
2105 465 2263 522 aliud

2373 463 2655 534 νομοθετεῖ,
2679 461 2804 516 οὔτε
2834 459 3159 532 ἀποτρέπει.
3203 457 3343 512 Ἀλλ’
3369 453 3561 527 ἕτερόν
3581 469 3636 506 τι
3667 450 3922 516 διδάσκει,

686 571 938 646 quiddam
980 573 1160 639 docet,
1189 567 1334 642 quod
1364 581 1468 622 non
1505 565 1724 638 ejiciant
1754 578 1783 621 ε
1810 572 2030 636 pectore
2077 559 2252 616 malos

686 681 984 726 sermones.

754 761 920 815 Vens.
966 759 1054 814 l2.
1084 777 1102 811 ι
1147 758 1299 813 Tunc
1331 754 1650 811 accedentes
1681 749 1929 821 discipuli
1958 749 2075 819 ejus
2101 749 2250 803 dixe-

686 862 814 907 runt
877 851 1177 906 illizNosti
1243 848 1554 904 Pharistros
1611 846 1796 901 audito
1853 856 2105 899 sermone
2151 840 2254 895 isto

685 943 922 1001 oilensos
965 943 1166 998 fuisse?
1196 961 1216 996 ι
1259 940 1518 1011 Discipuli
1559 949 1778 1009 propter
1809 935 1918 1008 79
1948 934 2252 990 Pharisaaos

693 1035 881 1091 dicunt
920 1034 1064 1104 quod
1093 1033 1278 1089 otlcnsi
1310 1032 1440 1099 sint,
1471 1031 1682 1087 tametsi
1711 1029 1875 1084 etiam
1915 1026 2013 1098 ipsi
2056 1023 2251 1080 turbati

688 1125 910 1189 fuerint,
953 1126 1097 1195 quod
1147 1123 1488 1190 manifestum
1538 1137 1606 1177 ex
1641 1136 1724 1176 'eo
1772 1119 1916 1190 quod
1968 1115 2256 1171 accesserit

687 1217 978 1285 Petrus,et
1008 1215 1424 1288 iuterrogaverit
1445 1216 1511 1270 de
1543 1214 1664 1269 hoc.
1706 1212 1872 1281 Igitur
1919 1207 2082 1264 Jesus
2131 1219 2253 1260 cum

689 1312 928 1368 audisset
958 1310 1101 1380 quod
1132 1308 1319 1383 oti‘ensi
1351 1315 1531 1364 essent
1560 1301 1994 1369 Pharisci,dixit
2022 1318 2037 1355 :

763 1496 929 1552 Vsus.
989 1494 1209 1557 15,”.
1265 1512 1285 1544 ι
1347 1491 1536 1548 Omnis
1603 1488 1863 1560 plantatio
1932 1500 2093 1558 quam
2141 1499 2256 1538 non

691 1587 956 1654 plantavit
985 1589 1145 1644 Pater
1175 1601 1323 1642 meus
1361 1585 1619 1649 cmlestis,
1641 1581 2026 1640 eradicabitur.
2056 1575 2261 1634 Omitte

693 1679 833 1747 illos,
863 1680 1028 1735 duces
1065 1687 1189 1734 sunt
1243 1677 1369 1733 caeci
1439 1691 1731 1732 caecorum.
1788 1673 1959 1729 Porro
1982 1673 2027 1728 si
2084 1684 2262 1727 caecus

693 1783 846 1824 caeco
871 1769 979 1823 dux
1012 1768 1198 1834 fuerit,
1236 1766 1396 1822 ambo
1441 1767 1492 1821 in
1524 1767 1732 1822 foveam
1768 1764 1980 1820 cadent.
2021 1781 2040 1815 ι
2075 1761 2260 1818 Senio-

692 1875 814 1915 rum
856 1860 1173 1916 traditiones
1202 1869 1256 1914 et
1286 1857 1593 1922 Iudaeorum
1626 1865 1890 1927 praecepta
1925 1856 2256 1914 eradicatum

690 1951 758 2005 iri
802 1951 956 2017 dixit,
1002 1966 1106 2006 non
1142 1950 1353 2020 legalia,
1386 1960 1444 2006 ut
1482 1949 1798 2006 existimant
1825 1946 2127 2003 Manichaei.
2150 1944 2260 2001 Lex

694 2042 836 2097 enim
864 2043 1125 2112 plantatio
1145 2054 1227 2098 est
1255 2041 1374 2107 Dei,
1409 2057 1513 2098 non
1538 2040 1705 2112 igitur
1731 2039 1825 2095 illa
1851 2039 2125 2095 eradicata
2154 2045 2255 2093 est.

694 2133 874 2188 ﬂanet
912 2134 1057 2188 enim
1114 2133 1267 2190 radix
1317 2134 1453 2205 ejus,
1484 2132 1538 2189 id
1568 2131 1924 2203 est,‘splritus
1951 2129 2042 2201 qui
2082 2130 2134 2184 in
2169 2142 2261 2183 oc-

695 2224 841 2278 culto
865 2231 968 2278 est.
1006 2223 1156 2280 Folia
1205 2231 1411 2292 autem,
1460 2225 1562 2281 hoc
1591 2233 1696 2290 est,
1759 2237 2028 2292 apparens
2059 2221 2258 2288 littera,

696 2314 959 2372 deﬂuunt.
980 2316 1176 2388 Legem
1204 2318 1348 2375 enim
1391 2316 1530 2372 ultra
1561 2331 1671 2372 non
1688 2315 1841 2386 juxta
1873 2315 2136 2379 litteram,
2167 2312 2263 2370 sed

690 2409 844 2477 juxta
878 2411 1126 2480 spiritum
1155 2409 1526 2481 intelligimus.
1567 2409 1832 2478 Quoniam
1861 2417 2037 2464 autem
2066 2407 2263 2476 despe-

694 2501 800 2557 rati
822 2516 889 2557 ac
930 2501 1254 2557 inebrabiles
1299 2510 1455 2559 erant
1493 2501 1772 2567 Pharisai,
1812 2501 1985 2555 dixit:
2018 2498 2266 2562 Omittite

698 2589 840 2649 illus.
881 2591 1018 2648 Hinc
1065 2594 1208 2671 enim
1254 2593 1530 2661 discimus,
1586 2593 1728 2663 quod
1777 2591 1972 2649 oﬁendi
2014 2592 2131 2649 illos
2175 2591 2265 2662 qui

696 2695 895 2748 sponte
928 2685 1294 2750 offenduntur,
1343 2696 1393 2742 et
1440 2686 1768 2741 incurabiles
1809 2694 1954 2751 sunt,
2008 2700 2116 2740 non
2183 2691 2267 2741 est

697 2775 851 2833 nobis
875 2774 1213 2831 damnosum.
1246 2775 1606 2846 Praeceptores
1633 2783 1814 2831 autem
1842 2774 1965 2830 illos
1993 2774 2123 2829 dicit
2162 2787 2264 2842 etc:

698 2879 791 2920 cus
814 2878 1076 2923 cacatum
1109 2867 1290 2933 duces,
1319 2875 1378 2921 ut
1415 2867 1482 2922 ab
1512 2869 1591 2922 eis
1627 2867 1810 2924 turbas
1839 2865 2088 2921 abducat.

773 3049 932 3106 Vsns.
960 3051 1047 3106 15.
1085 3069 1103 3102 ι
1159 3049 1512 3122 ReSpOndens
1547 3059 1725 3120 autem
1778 3050 1970 3108 Petrus
2025 3052 2162 3110 dixit
2185 3052 2267 3108 ei:

2285 1820 2333 1880 B

2355 555 2416 610 τὸ
2449 556 2523 628 μὴ
2558 552 2842 611 ἐκϐάλλειν
2871 552 2978 606 ἀπὸ
3002 552 3106 622 τῆς
3135 550 3366 621 καρδίας
3413 544 3691 617 πονηροὺς
3719 541 3923 612 λόγους.

2440 759 2458 791 ι
2519 737 2650 792 Τότε
2711 732 3100 819 προσελθόντες
3141 731 3191 784 ot
3242 727 3482 800 μαθηταὶ
3540 726 3735 790 αὐτοῦ,
3781 719 3928 776 εἶπεν

2354 830 2503 904 αὐτῷ
2528 846 2544 864 ο
2580 825 2742 892 Οἶδας
2774 829 2855 882 δτι
2890 828 2939 879 οί
2964 816 3248 896 Φαρισαῖοι
3271 821 3605 883 ἀκούσαντες
3627 819 3724 872 τὸν
3753 816 3928 884 λόγον,

2357 922 2903 994 ὲσκανδαλίσθησανς
2946 937 2964 970 ι
3005 919 3069 971 Ol
3111 917 3210 986 μὲν
3263 913 3503 985 μαθηταὶ
3529 911 3622 965 διὰ
3651 909 3784 972 τοὺς
3827 909 3931 960 Φαο

2362 1020 2607 1091 ρισαίους
2633 1014 2902 1083 λέγουσιν,
2930 1013 3012 1066 δτι
3052 1006 3579 1074 ἐσκανδαλίσθησαν.
3617 1002 3769 1072 Πλὴν
3803 1001 3934 1054 ἀλλὰ

2358 1088 2451 1164 καὶ
2493 1108 2649 1162 αὐτοὶ
2693 1103 3144 1177 ιθορυσήθησαν·
3183 1097 3341 1151 τοῦτο
3393 1097 3451 1150 δὲ
3502 1094 3666 1164 δῆλον
3703 1091 3815 1145 ἀπὸ
3844 1088 3933 1142 τοῦ

2359 1199 2679 1273 προσελθεῖν
2715 1196 2808 1250 τὸν
2841 1196 3051 1265 Πέτρον
3085 1191 3180 1246 καὶ
3222 1189 3495 1261 ιρωτῆσαι
3551 1186 3682 1254 περὶ
3723 1184 3934 1237 τούτου,

2372 1294 2431 1347 Ὀ
2477 1291 2608 1361 γοῦν
2655 1285 2866 1359 Ἰησοῦς
2907 1283 3167 1351 ἀκούσας,
3219 1283 3301 1337 δτι
3347 1276 3852 1346 ἐσκανδαλίσθησαν
3891 1275 3936 1326 el

2358 1387 2662 1458 Φαρισαῖοι,
2685 1397 2827 1437 ειπε·

2435 1499 2452 1530 ι
2491 1477 2646 1531 Πᾶσα
2675 1473 2870 1544 φυτεία
2908 1472 2975 1544 ἢν
3015 1471 3117 1524 οὐκ
3147 1467 3444 1538 ἐφύτευσεν
3479 1466 3506 1517 6
3541 1462 3738 1532 Πατήρ
3778 1477 3881 1529 μου
3913 1459 3938 1510 δ

2358 1571 2627 1643 οὐράνιος,
2656 1565 3092 1638 ὲκριζωθήσεται
3115 1579 3127 1593 ⁸
3161 1561 3329 1631 ἄφετε
3357 1557 3554 1620 αὐτούς
3575 1573 3588 1586 ’
3617 1554 3807 1624 ὁδηγοί
3837 1552 3937 1603 eis:

2358 1663 2547 1732 τυφλοὶ
2579 1658 2819 1727 τυφλῶν.
2856 1654 3053 1724 τυφλὸς
3081 1653 3139 1706 δὲ
3183 1651 3384 1720 τυφλὸν
3413 1649 3506 1703 ἐὰν
3533 1648 3727 1716 ὁδηγῇ,
3761 1643 3940 1711 ἀμφό-

2359 1770 2506 1824 τεροι
2529 1752 2607 1814 εἰς
2634 1749 2853 1820 βόθυνον
2880 1745 3198 1799 πεσοῦνται.
3233 1761 3252 1794 ι
3279 1741 3389 1803 Τὰς
3419 1740 3526 1793 τῶν
3551 1734 3824 1808 πρεσευτέ
3836 1750 3940 1801 ρων

2361 1843 2687 1917 παραδόσεις
2726 1841 2819 1894 καὶ
2853 1839 2922 1892 τὰ
2959 1835 3227 1890 Ἰουδαϊκὰ
3258 1832 3570 1900 ἐντάλματα
3597 1828 3752 1896 λέγει
3793 1828 3942 1894 ἓκρι·

2363 1935 2737 2004 ζωθήσεσθαιθ
2779 1932 2900 2002 οὐχὶ
2941 1930 3011 1984 τὰ
3043 1927 3136 1982 τοῦ
3172 1926 3372 1998 νόμου,
3409 1923 3485 1986 ὡς
3532 1921 3715 1977 νοοῦσι
3768 1922 3942 1974 Μανι-

2362 2031 2528 2100 χαῖοιο
2551 2028 2579 2081 6
2607 2025 2716 2095 γὰρ
2742 2023 2905 2094 νόμος
2932 2021 3128 2092 φυτεία
3159 2019 3274 2072 ἐστὶ
3299 2016 3432 2070 Θεοῦ
3463 2033 3476 2045 ·
3507 2016 3567 2069 οὐ
3591 2015 3775 2068 τοίνυν
3794 2008 3942 2074 οὗτος

2364 2116 2720 2190 δξερῤιζώθη.
2756 2114 2924 2168 Μὲνει
2955 2111 3066 2180 γὰρ
3100 2113 3133 2180 ή
3179 2108 3304 2180 ῥίζα
3347 2105 3537 2169 αὑτοῦ,
3581 2106 3854 2164 τουτέστι,
3890 2103 3944 2154 τὸ

2325 2247 2332 2253 ι
2364 2209 2739 2282 κρυπτόμενον
2775 2203 3010 2273 πνεῦμα.
3044 2202 3123 2256 Τὰ
3156 2201 3212 2254 δὲ
3246 2199 3441 2268 φύλλα,
3482 2198 3602 2267 ἦτοι
3650 2195 3714 2248 τὸ
3756 2193 3944 2262 φαινόο

2368 2319 2525 2374 μενον
2559 2300 2828 2370 γράμμα,
2879 2293 3167 2367 ἀπερῤύηυ
3216 2293 3316 2345 οὐκ
3365 2291 3445 2344 ἔτι
3481 2290 3592 2361 γὰρ
3638 2288 3734 2341 τὸν
3785 2288 3946 2358 νόμον

2366 2395 2508 2450 κατὰ
2547 2392 2608 2446 τὸ
2638 2391 2912 2462 γράμμα,
2969 2388 3107 2442 ἀλλὰ
3148 2387 3288 2441 κατὰ
3323 2385 3385 2438 τὸ
3437 2383 3656 2451 πνεῦμα
3693 2383 3944 2450 νοοῦμενο

2379 2491 2436 2543 Ἀ
2445 2486 2839 2556 πεγνωσμένων
2854 2481 3096 2544 δεόντων
3110 2478 3220 2532 τῶν
3239 2475 3548 2548 Φαρισαίων
3570 2473 3669 2527 καὶ
3687 2471 3945 2534 ἀνιάτων,

2368 2575 2489 2650 εἷπε
2517 2578 2576 2632 τό
2597 2595 2611 2609 ο
2650 2577 2850 2643 Ἅφετε
2881 2571 3100 2635 αὐτούς.
3136 2567 3417 2623 Ἐντεῦθεν
3448 2562 3540 2618 οὖν
3570 2563 3942 2634 μανθάνομεν,

2367 2657 2449 2726 δτι
2478 2669 2538 2722 τὸ
2577 2662 3024 2728 σκανδαλίζεσθαι
3056 2661 3184 2725 τοὺς
3215 2659 3394 2712 ἑκοντὶ
3424 2654 3949 2724 σκανδαλιζομένους

2367 2761 2463 2816 καὶ
2486 2756 2763 2824 ἀνιάτους,
2795 2758 2896 2811 οὐκ
2927 2755 3073 2815 ἔστιν
3104 2754 3238 2823 ἡμῖν
3271 2747 3557 2821 βλαϐερόν·
3589 2743 3948 2804 διδασκάλους

2366 2854 2424 2909 δὲ
2449 2833 2646 2915 αὐτοὺς
2674 2850 2822 2918 λέγει
2857 2847 3092 2918 τυφλοὺς
3120 2845 3360 2914 τυφλῶν·
3388 2840 3549 2894 τοῦτο
3580 2837 3638 2890 δέ
3678 2853 3852 2907 φησιν
3882 2825 3948 2896 ὡς

2369 2948 2435 3002 ἂν
2466 2945 2752 3016 ἀποστήσῃ
2781 2942 2875 2996 ἀπ’
2901 2939 3080 2993 αὐτῶν
3110 2939 3237 3001 τοὺς
3268 2937 3477 3006 ὄχλους.

2447 3057 2465 3091 ι
2527 3035 2872 3107 Ἀποκριθεὶς
2903 3034 2960 3087 δὲ
2987 3034 3016 3086 6
3046 3034 3250 3101 Πέτρος
3272 3071 3286 3093 ,
3319 3026 3472 3082 εἶπεν
3519 3027 3674 3100 αὐτῷ
3695 3042 3710 3056 ⁸
3742 3025 3952 3097 ⁴Ιιρά.σον

702 3142 797 3200 Dic
851 3143 1005 3199 nobis
1035 3116 1341 3214 parabolam
1379 3143 1538 3198 hanc.
1579 3161 1598 3195 ι
1633 3116 1827 3198 Detrus
1888 3143 2013 3213 quia
2069 3143 2270 3200 sciebat

2373 3133 2504 3204 ἡμῖν
2526 3131 2624 3201 τὴν
2656 3126 2971 3197 παραϐολὴν
3000 3123 3227 3195 ταύτην.
3276 3141 3295 3176 ι
3343 3120 3403 3175 ὐ
3440 3121 3643 3184 Πέτρος
3678 3117 3817 3170 ,ἐπεὶ
3845 3116 3952 3187 ᾔδει

700 3238 872 3305 legem
898 3234 1184 3306 prohibere
1219 3226 1524 3305 promiscue
1546 3248 1698 3290 esum
1746 3233 2008 3295 omnium.
2042 3242 2095 3289 et
2118 3225 2275 3289 time-

703 3331 794 3381 bat
845 3327 1027 3384 dicere
1054 3325 1178 3382 Jesu
1209 3343 1222 3379 :
1253 3324 1327 3378 Ex
1357 3325 1441 3380 his
1476 3340 1610 3394 'quat
1657 3323 1865 3388 dixisti,
1907 3321 2269 3382 oll‘endimur:

707 3423 966 3484 apparent
993 3415 1135 3470 enim
1169 3415 1270 3484 legi
1302 3414 1529 3470 adversa
1568 3428 1686 3470 esse
1720 3431 1732 3466 :
1768 3413 1986 3469 simulat
2019 3414 2273 3484 igupran-

706 3507 857 3570 tiam,
883 3513 937 3560 et
967 3505 1275 3574 interrogat.

784 3596 951 3654 Vsus.
992 3596 1088 3653 l6—
1107 3597 1196 3651 ει).
1239 3614 1258 3648 ι
1313 3595 1468 3653 Jesus
1497 3607 1672 3654 autem
1706 3595 1868 3650 dixit:
1897 3597 2082 3652 Adhuc
2109 3605 2163 3651 et
2183 3610 2278 3652 vos

712 3687 1060 3758 intelligentia
1096 3687 1317 3744 caretis.
1350 3686 1592 3743 Nondum
1635 3687 1933 3758 intelligilis
1958 3688 2102 3759 quod
2123 3688 2276 3757 quid-

710 3781 839 3852 quid
866 3780 1162 3850 ingreditur
1189 3781 1242 3834 in
1266 3794 1348 3848 os,
1401 3780 1453 3835 in
1477 3781 1652 3835 alvum
1678 3782 1808 3846 abit,
1839 3789 1891 3836 et
1923 3779 1974 3834 iu
2007 3793 2276 3840 secessum

611 3889 614 3891 λ
711 3874 969 3945 ejicitur?
997 3875 1065 3929 At
1112 3889 1173 3929 ea
1201 3887 1321 3942 quas
1345 3873 1771 3942 proﬁciscuntur
1799 3888 1865 3928 ex
1915 3887 2032 3939 ore,
2069 3885 2134 3926 ex
2162 3871 2278 3942 ipso

716 3967 880 4022 corde
907 3966 1272 4036 egrediuntur,
1301 3975 1354 4021 et
1384 3965 1470 4020 illa
1527 3967 1797 4035 impurum
1848 3963 2074 4023 reddunt
2109 3963 2280 4018 bomio

714 4073 857 4115 nem.
887 4057 1019 4113 Nam
1054 4073 1118 4113 ex
1149 4057 1312 4114 corde
1337 4065 1537 4113 exeunt
1565 4057 1922 4126 cogitationes
1963 4055 2146 4120 malae,
2171 4068 2280 4108 cae-

711 4153 828 4215 des,
858 4150 1147 4212 adulteria,
1181 4157 1382 4218 stupra,
1410 4148 1573 4213 furta,
1610 4147 1739 4201 falsa
1777 4145 2106 4212 testimonia,
2154 4159 2283 4200 con-

716 4240 872 4296 vicia.
924 4238 1048 4294 Haec
1103 4249 1226 4294 sunt
1270 4253 1390 4307 qua:
1435 4239 1705 4308 impuram
1765 4236 2063 4292 hominem.
2114 4236 2284 4291 Crete-

720 4347 835 4385 rum
879 4331 1042 4385 illotis
1093 4330 1341 4385 manibus
1381 4331 1558 4385 cibum
1602 4343 1817 4398 capere,
1870 4343 1975 4384 non
2038 4327 2284 4399 inquinat

718 4423 1012 4478 hominem.
1057 4441 1074 4473 ι
1129 4421 1378 4491 Increpat
1406 4421 1696 4490 discipulos
1734 4419 2001 4486 Salvator,
2055 4432 2107 4475 et
2153 4419 2281 4474 insi-

2375 3225 2456 3278 ὃτι
2490 3225 2518 3274 6
2555 3221 2716 3291 νόμος
2757 3218 2961 3272 ἐκώλυε
2991 3216 3169 3272 πάντα
3201 3213 3420 3276 ἐσθίειν,
3448 3212 3641 3274 δεδιὼς
3673 3211 3859 3262 εἰπεῖν
3886 3208 3953 3278 τῷ

2389 3313 2585 3386 Ἰησοῦ,
2613 3313 2694 3366 ὅτι
2725 3308 3163 3379 Σκανδαλίζομαι
3185 3305 3269 3376 ἐφ’
3295 3303 3372 3368 οἷς
3404 3295 3588 3367 εἶπας,
3609 3303 3954 3370 φαινομένοις

2377 3406 2716 3478 παρανόμοις
2733 3399 2870 3458 εἶναι
2883 3417 2895 3432 ·
2921 3402 3298 3474 προσποιεῖται
3321 3399 3542 3469 ἄγνοιαν
3563 3396 3658 3449 καὶ
3681 3396 3782 3446 ἐπε
3795 3393 3952 3463 ρωτᾷ.

2457 3610 2475 3644 ι
2525 3592 2583 3645 Ὀ
2609 3590 2666 3644 δὲ
2714 3588 2918 3660 Ἰησοῦς
2941 3582 3116 3652 εἶπεν,
3150 3584 3364 3656 Ἀκμὴν
3398 3584 3489 3636 καὶ
3520 3584 3680 3652 ὑμεῖς
3707 3581 3956 3634 ἀσύνετοί

2382 3687 2524 3738 ἐστε.
2555 3681 2722 3736 Οΰπω
2743 3682 2936 3745 νοεῖτε,
2968 3680 3048 3733 δτι
3078 3679 3185 3732 πᾶν
3219 3677 3281 3730 τὺ
3311 3676 3770 3744 εἰσπορευόμενον
3799 3674 3880 3735 εἰς
3906 3671 3958 3722 τδ

2381 3776 2576 3848 στόμα,
2594 3776 2673 3838 εἰς
2693 3773 2792 3844 τὴν
2816 3773 3024 3826 κοιλίαν
3039 3772 3211 3842 χωρεῖ
3232 3769 3326 3823 καὶ
3345 3771 3421 3831 εἰς
3443 3767 3735 3838 ἀφεδρῶνα
3766 3764 3959 3818 ὲκσάλ-

2379 3872 2529 3924 λεται
2556 3887 2569 3935 ;
2595 3868 2676 3920 Τὰ
2710 3866 2768 3920 δὲ
2793 3864 3206 3935 ἐκπορευόμενα
3233 3864 3296 3914 ὲκ
3319 3861 3408 3915 τοῦ
3444 3862 3738 3929 στόματος,
3771 3860 3840 3912 ὲκ
3868 3859 3959 3926 τῆς

2381 3960 2606 4032 καρδίας
2630 3959 2932 4029 ἐξέρχεται,
2967 3958 3199 4009 κάκεῖνα
3230 3955 3397 4007 κοινοῖ
3422 3953 3513 4006 τὸν
3550 3952 3867 4022 ἄνθρωποψ
3901 3952 3958 4003 ἑκ

2382 4051 2490 4119 γὰρ
2541 4049 2641 4118 τῆς
2681 4047 2905 4117 καρδίας
2956 4046 3269 4117 ἐξέρχονται
3316 4044 3659 4113 διαλογισμοὶ
3700 4043 3957 4113 πονηροὶ,

2385 4141 2555 4210 φόνοι,
2594 4141 2854 4210 μοιχεῖαι,
2890 4140 3140 4206 πορνεῖαι
3165 4175 3178 4199 ,
3213 4136 3432 4200 κλοπαὶ,
3461 4133 3957 4205 ψευδομαρτυρίαι,

2386 4229 2746 4303 βλασφημίαι.
2775 4228 2958 4284 Ταῦτᾶ
2982 4230 3096 4281 ἔστι
3118 4229 3186 4281 τὰ
3212 4225 3499 4281 κοινοῦντα
3525 4226 3618 4279 τὸν
3651 4225 3957 4296 ἄνθρωπον.
3999 4285 4020 4290 _

2383 4323 2456 4376 Τὸ
2488 4321 2544 4374 δὲ
2585 4322 2832 4385 ἀνίπτοις
2863 4337 2922 4392 χε
2935 4319 3022 4392 ρσὶ
3063 4322 3284 4389 φαγεῖν,
3330 4318 3389 4372 οὐ
3424 4319 3594 4372 κοινοῖ
3626 4319 3718 4371 τὸν
3749 4317 3960 4389 ἀνθρω-

2385 4431 2506 4468 πον.
2551 4431 2569 4464 ι
2609 4414 2868 4483 Ἐπιτιμᾷ
2911 4414 3023 4475 τοῖς
3055 4411 3324 4482 μαθηταῖς
3353 4412 3382 4465 6
3413 4410 3626 4483 Σωτὴρ,
3663 4411 3759 4464 καὶ
3793 4412 3961 4479 ἀφρο-

717 4514 972 4582 pientiam
1006 4513 1315 4580 exprobrat,
1348 4511 1430 4565 vel
1452 4521 1511 4564 ut
1535 4509 1774 4573 oll‘ensis,
1803 4510 1883 4563 vel
1907 4519 1963 4562 ut
1995 4507 2270 4575 manifesta

2387 4506 2551 4576 σύνην
2579 4504 2845 4570 ὀνειδίζει,
2883 4503 2916 4572 ἢ
2953 4505 3026 4565 ὡς
3055 4501 3521 4557 σκανδαλισθεῖσιν
3542 4542 3555 4566 ,
3588 4501 3620 4571 ἦ
3655 4501 3732 4566 ὡς
3763 4503 3960 4572 ἀγνοή-

717 4603 1112 4672 ignorantibus.
1147 4601 1283 4655 Dicit
1317 4600 1510 4670 igitur:
1533 4598 1647 4655 Non
1673 4600 1968 4669 intelligitis
1991 4599 2133 4669 quod
2161 4614 2280 4653 om-

603 4729 608 4734 -
719 4708 816 4749 nes
838 4694 1152 4763 intelligunt
1191 4704 1246 4748 et
1292 4692 1651 4748 sciunt?Cibi
1705 4693 1848 4747 enim
1906 4705 2012 4748 non
2067 4699 2284 4746 manent

717 4788 886 4852 intus,
928 4787 1022 4842 sed
1061 4784 1196 4839 infra
1256 4792 1454 4839 exeunt
1495 4799 1588 4854 per
1617 4784 1818 4845 alvum,
1856 4793 1909 4839 et
1947 4783 2080 4838 nihil
2115 4783 2286 4837 homi-

718 4895 840 4934 nem
877 4879 928 4932 in
958 4879 1136 4931 anima
1165 4875 1538 4946 coinquinant,
1567 4891 1672 4930 non
1706 4876 1849 4930 enim
1874 4888 2092 4932 manent
2116 4877 2280 4931 intus.

718 4973 1088 5044 Cogitationes
1137 4981 1314 5025 autem
1347 4969 1671 5024 intrinsecus
1727 4980 2045 5035 nascuntur,
2079 4979 2136 5025 et
2169 4984 2284 5024 ma-

723 5073 852 5120 nent
910 5065 1040 5128 illie,
1083 5073 1136 5117 et
1190 5062 1546 5130 egredientes,
1579 5061 1680 5116 hoc
1700 5070 1804 5124 est,
1839 5062 1890 5115 in
1921 5077 2056 5133 opus
2091 5077 2281 5133 proce-

725 5158 915 5210 dentes
944 5165 998 5209 et
1030 5163 1183 5208 actus
1219 5153 1499 5221 inquinant
1522 5153 1814 5207 hominem.
1847 5151 2283 5224 Cogitatio'enim

723 5247 1065 5303 scortatiouis
1114 5244 1436 5299 intrinsecus
1486 5258 1707 5300 manens
1764 5245 2013 5311 maculat,
2045 5253 2098 5299 et
2135 5259 2285 5314 egre-

723 5339 876 5394 diens
928 5337 980 5392 in
1004 5351 1136 5407 opus
1164 5334 1414 5390 maculat.

799 5527 956 5581 Vsus.
984 5525 1074 5592 ει,
1108 5525 1199 5581 25.
1239 5544 1255 5577 ι
1290 5525 1356 5580 Ει
1382 5525 1656 5595 digressus
1690 5523 1832 5578 illinc
1856 5522 2033 5587 Jesus,
2065 5524 2287 5578 secrssit

728 5620 780 5675 in
825 5628 1005 5685 partes
1043 5616 1168 5688 Tyri
1205 5627 1258 5671 et
1284 5616 1543 5673 Sidonis:
1599 5624 1652 5669 et
1688 5630 1813 5669 ecce
1858 5616 2046 5669 mulier
2077 5615 2286 5668 Chana-

728 5727 839 5766 naaa
877 5726 995 5780 qua:
1026 5725 1053 5764 a
1086 5710 1277 5766 ﬁnibus
1302 5709 1408 5764 illis
1439 5718 1679 5774 venerat,
1721 5707 1978 5760 clamabat
2013 5707 2077 5761 ad
2111 5706 2282 5770 illum,

727 5805 940 5861 dicens:
971 5802 1221 5859 Miserere
1256 5804 1380 5870 mei,
1416 5801 1656 5868 Domine,
1694 5800 1761 5856 tili
1801 5799 1964 5856 David
1995 5817 2006 5855 :
2039 5800 2140 5853 tilia
2168 5813 2282 5853 mea

2387 4615 2511 4653 σασι
2535 4597 2596 4652 τὺ
2629 4598 2816 4667 σαφές·
2851 4596 3013 4666 φησὶν
3043 4591 3155 4657 οὗν,
3183 4596 3266 4648 δτι
3293 4592 3464 4646 Τοῦτο
3484 4594 3709 4646 τὸ¹πᾶσι
3738 4594 3960 4664 νοούμε-

2386 4708 2477 4744 νον
2512 4689 2605 4742 καὶ
2647 4688 2970 4758 φαινόμενον
3002 4687 3062 4740 οὺ
3105 4688 3311 4753 νοεῖτε;
3340 4687 3421 4739 ὃτι
3452 4684 3522 4738 τὰ
3559 4685 3660 4755 μὲν
3699 4685 3960 4755 βρώματι

2387 4784 2446 4836 οὐ
2483 4782 2632 4853 μένει
2677 4782 2804 4846 ἔσω,
2841 4780 2977 4835 ἀλλὰ
3023 4781 3173 4834 κάτω
3216 4778 3769 4849 ὲξέρχονται,·μηδὶν
3801 4779 3960 4848 μολύ-

2387 4893 2545 4930 νοντα
2590 4875 2731 4929 κατὰ
2764 4874 2943 4944 ψυχὴν
2977 4875 3066 4926 τὸν
3098 4873 3404 4941 ἄνθρωπον,
3437 4871 3495 4923 οὐ
3542 4873 3652 4942 γὰρ
3709 4872 3957 4942 μένουσιν

2388 4966 2556 5020 ἔνδον.
2617 4967 2679 5019 Οί
2739 4965 2791 5016 ῖὲ
2843 4964 3094 5034 λογισμοὶ
3145 4962 3347 5016 ἒσωθέν
3391 4979 3449 5014 τε
3496 4962 3817 5030 γεννῶνται,
3867 4964 3960 5015 καὶ

2391 5060 2643 5129 μένουσιν
2673 5060 2734 5110 ὲκ
2772 5059 2810 5121 ἰ,
2844 5060 2935 5110 καὶ
2965 5056 3336 5127 ἐξερχόμενοι,
3363 5055 3662 5120 τουτέστιν,
3693 5056 3773 5117 εἰς
3803 5054 3959 5124 ἔργον

2389 5152 2803 5223 προχωροῦντες
2835 5149 2928 5203 καὶ
2958 5150 3036 5212 είς
3067 5147 3290 5218 πρᾶξιν,
3326 5147 3615 5216 μολύνουσι
3635 5148 3728 5199 τὸν
3754 5147 3958 5214 ἄνθρω-

2390 5261 2489 5297 πον
2513 5260 2526 5274 ο
2549 5244 2577 5295 6
2602 5243 2709 5314 γὰρ
2730 5241 2986 5311 λογισμὸς
3012 5241 3107 5311 τῆς
3137 5239 3415 5309 πορνείας,
3445 5237 3649 5292 ἔσωθεν
3673 5255 3732 5291 τε
3762 5239 3956 5308 μένων,

2393 5335 2617 5404 μιαίνει,
2649 5335 2740 5387 καὶ
2764 5333 3116 5404 ἐξερχόμενος
3143 5333 3221 5394 είς
3254 5330 3413 5404 ἔργον
3441 5331 3536 5383 καὶ
3562 5329 3954 5402 πραττόμενος,

2389 5427 2731 5480 κατασπιλοῖ.

2467 5539 2484 5570 ι
2528 5521 2633 5571 Καὶ
2668 5516 2894 5583 ἐξελθὼν
2929 5515 3189 5572 ἐκεῖθενὸ
3230 5516 3435 5584 Ἰησοῦς
3459 5554 3474 5578 ,
3505 5513 3852 5586 ἀνεχώρησεν
3883 5515 3956 5575 si;

2389 5613 2453 5665 τὰ
2488 5611 2626 5681 μέρη
2655 5613 2831 5680 Τύρου
2860 5610 2949 5662 καὶ
2980 5610 3228 5670 Σιδῶνος*
3258 5609 3350 5660 καὶ
3373 5608 3479 5660 ἰδοὺ
3512 5608 3650 5678 γυνὴ
3683 5607 3957 5661 Χαναναία

2391 5705 2504 5758 ἀπὸ
2520 5705 2624 5756 τῶν
2646 5705 2807 5774 ὁρίων
2838 5702 3061 5755 ἐκείνων
3088 5702 3398 5768 ἐξελθοῦσα,
3424 5701 3769 5773 ὲκραύγαζεν
3795 5699 3954 5769 αὐτῷ,

2390 5799 2640 5868 λέγουσα·
2666 5793 2921 5867 Ἐλέησόν
2948 5815 3033 5867 με,
3055 5795 3223 5867 Κύριε
3249 5794 3327 5847 υἱὲ
3347 5796 3573 5866 Διυίδ·ἡ
3596 5796 3840 5865 θυγάτηρ
3861 5811 3953 5865 μου
