4080 6336
194 376 296 439 300

909 361 1359 430 ENARRA-TIO
1390 361 1471 423 IN
1503 355 2015 422 EVANGELIUM
2065 354 2458 420 MA'I'TH/Ei.
2496 378 2566 391 --
2603 355 2765 417 CAP.
2792 356 2915 417 XV.

3365 350 3473 415 310

197 486 381 550 κακῶς
412 481 805 555 δαιμονίζεται.
849 481 907 535 '0
937 480 993 534 δέ
1031 480 1130 535 οὐκ
1181 476 1458 548 ἀπεκρίθη
1503 476 1640 546 αὐτῇ
1689 473 1778 527 λό-

1890 472 2021 527 male
2048 488 2073 525 a
2107 472 2378 527 «Ιωιιιοηίο
2407 471 2664 541 agitatur.
2692 470 2785 527 ille
2816 484 2949 527 vero
2982 486 3089 526 non
3118 468 3395 538 respondit
3417 472 3466 526 ei

197 595 310 645 γον.
358 596 377 630 ι
406 576 565 637 Τίνος
599 575 788 628 ἐνεκεν
814 574 939 638 τοῦς
973 571 1221 643 μαθητὰς
1260 567 1515 632 κωλύσας
1552 570 1631 629 εἰς
1660 566 1777 621 ὁδὸν

199 668 367 722 ἐθνῶν
407 665 701 729 ἀπελθεῖν,
739 664 901 727 αὐτὸς
929 664 1010 727 είς
1048 662 1227 733 Τύρον
1276 660 1370 715 καὶ
1405 658 1648 723 Σιδῶνα,
1677 656 1778 720 τάς

194 750 419 821 ἐθνικὰς
445 756 652 823 πόλεις,
683 755 1084 828 παραγίνεταις
1121 753 1275 831 Μάθε
1314 751 1409 807 οὖν
1456 753 1539 805 ὅτι
1574 753 1673 823 οὐχ
1702 747 1778 815 ὡς

197 850 451 923 κηρύξων
478 846 641 922 ἦλθεν
675 850 812 913 ἐκεῖ,
846 849 970 902 ἐπεὶ
997 846 1073 911 ὡς
1102 848 1130 900 ό
1165 845 1396 919 Μάρκος
1428 848 1586 916 φησὶ,
1615 864 1634 897 ι
1673 846 1772 900 καὶ

192 928 432 1017 ἐκρυψιν
458 943 670 999 ἐαυτόν.
714 961 733 994 ι
784 943 992 1005 Ἄλλως
1023 954 1083 995 τε
1106 980 1120 1005 ,
1164 942 1287 994 ἐπεὶ
1314 936 1421 994 εἶδε
1454 941 1580 1003 τοὺς
1608 941 1777 1009 Φαρι-

200 1038 386 1101 σαίους
432 1037 507 1109 μὴ
556 1036 886 1106 δεξαμένους
930 1036 1023 1089 τὸν
1069 1037 1198 1106 περὶ
1247 1034 1554 1106 βρωμάτων
1597 1032 1775 1102 λόγον,

201 1127 519 1208 μεταϐαίνει
555 1128 648 1181 ἐπὶ
690 1128 760 1182 τά
802 1128 951 1199 Ιθνη.
1011 1126 1266 1197 Ἐλέησον
1317 1127 1373 1181 δέ
1438 1126 1621 1195 λέγει,
1658 1125 1780 1195 οὐχὶ

199 1226 298 1293 τὴν
330 1221 606 1293 θυγατέρα
647 1239 770 1293 μου⁸
802 1221 983 1294 ἐκείνη
1012 1222 1121 1292 γάρ
1160 1222 1500 1292 ἀναισθητεῖ,
1533 1219 1651 1274 ἀλλ’
1680 1220 1781 1292 ἐμέ

201 1313 295 1385 τὴν
344 1314 412 1367 τά
445 1313 593 1368 δεινά
644 1313 957 1384 πάσχουσαν
989 1316 1085 1367 καὶ
1115 1314 1536 1385 αίσθανομένην.
1572 1314 1684 1368 Καὶ
1717 1314 1777 1367 ού

200 1404 369 1472 λέγει,
394 1405 564 1471 Ἐλθέ,
592 1406 686 1459 καὶ
709 1404 878 1473 ῖασαι,
904 1406 1018 1460 ἀλλ’
1048 1406 1326 1476 Ἐλέησον.
1348 1408 1405 1458 '0
1422 1405 1479 1458 δέ
1506 1406 1606 1459 οὐκ
1639 1407 1779 1460 ἀπο-

201 1498 445 1566 κρίνεται
477 1498 616 1568 αὐτῇ
648 1497 807 1566 λόγον
830 1537 845 1559 ,
870 1498 969 1567 οὐχ
1000 1497 1075 1559 ὡς
1104 1496 1466 1568 καταφρονῶν
1484 1535 1500 1562 ,
1548 1496 1666 1550 ἀλλ’
1695 1497 1782 1551 ῖνα

196 1587 370 1662 δείξῃ,
400 1589 483 1641 δτι
521 1588 610 1641 διά
638 1589 764 1653 τοὺς
824 1588 1112 1651 Ἰουδαίους
1139 1585 1272 1659 ἦλθε
1314 1587 1745 1659 προηγουμένως
1764 1604 1778 1620 ο

200 1680 292 1731 καὶ
333 1677 583 1749 ἐμφράξῃ
630 1680 727 1740 si;
766 1679 1137 1748 συκοφαντίας
1179 1679 1382 1742 αὐτῶν,
1421 1679 1496 1750 μὴ
1547 1682 1782 1751 ἐχόντων

201 1768 424 1839 ὕστερον
457 1769 670 1838 λέγειν,
716 1771 800 1823 ὅτι
835 1772 963 1834 τοὺς
1010 1772 1263 1835 ἐθνικοὺς
1315 1772 1626 1841 εὐεργετεῖο
1661 1774 1779 1843 ἅμα

200 1857 275 1922 δέ,
309 1858 397 1911 ῖνα
436 1858 528 1910 καὶ
556 1858 657 1929 τὴν
685 1858 946 1931 ἐπίμονον
985 1861 1170 1915 πίστιν
1214 1862 1314 1931 τῆς
1357 1864 1616 1932 γυναικὸς
1655 1865 1781 1918 ἐπι-

198 1950 368 2023 δείξῃ.

274 2062 295 2095 ε
337 2044 451 2098 Καὶ
488 2043 881 2115 προσελθόντες
930 2046 981 2100 cl
1032 2048 1274 2119 μαθηταὶ
1322 2049 1526 2115 αὐτοῦ,
1555 2052 1783 2123 ⁴ἠρώτων

201 2135 386 2203 αὐτὸν,
408 2135 679 2204 λέγοντεςο
700 2139 997 2195 Ἀπόλυσον
1024 2140 1214 2213 αὐτὴν,
1230 2143 1311 2196 ὅτι
1330 2142 1526 2213 κράζει
1558 2146 1784 2199 δπισθεν

203 2230 381 2298 ἡμῶν.
416 2228 474 2283 '0
496 2231 576 2294 δέ,
600 2231 925 2304 ἀποκριθεὶς
947 2231 1122 2289 εἶπεν·
1151 2236 1265 2289 Οὐκ
1290 2236 1607 2307 ἀπεστάλην
1632 2241 1678 2291 εί
1708 2240 1784 2311 μὴ

202 2322 282 2385 είς
312 2322 382 2374 τά
418 2321 671 2393 πρόϐατα
713 2324 781 2377 τά
814 2325 1137 2382 ἀπολωλότα
1166 2328 1319 2382 οίκου
1362 2329 1600 2402 Ἰσραήλ.
1662 2352 1678 2383 ε
1723 2333 1786 2385 Oi

204 2414 446 2484 μαθηταὶ
494 2414 860 2485 βαρυνθέντες
916 2420 981 2487 τῇ
1043 2422 1262 2490 κραυγῇ
1321 2422 1423 2490 τῆς
1488 2421 1783 2489 γυναικὸς,

199 2504 461 2577 ἠρώτων,
492 2508 580 2562 ῖνα
614 2508 862 2582 ἀπολύσῃ
894 2511 1066 2582 αὐτὴν
1088 2552 1101 2572 ,
1130 2512 1405 2577 τουτέστι,
1437 2514 1787 2584 παρεκάλουν

199 2598 637 2669 ἀποπέμψασθαι
677 2602 869 2672 αὐτήν.
931 2602 1104 2657 Τοῦτο
1146 2604 1203 2657 δὲ
1265 2603 1507 2669 ἐποίουν,
1554 2605 1653 2675 οὐχ
1712 2605 1787 2668 ὼς

199 2686 575 2760 ἀσπλαγχνοι,
613 2692 749 2748 ἀλλά
783 2692 986 2763 μᾶλλον
1020 2694 1270 2758 θέλοντες
1305 2699 1491 2748 πεῖσαι
1532 2696 1625 2749 τὸν
1669 2697 1787 2749 Κύ-

203 2796 321 2848 ριον
349 2781 571 2852 ἐλεῆσαι
599 2783 791 2855 αὑτήν.
819 2786 883 2837 '0
904 2786 984 2838 δέ’
1015 2786 1130 2839 Οὐκ
1160 2788 1498 2857 ἀπεστάλην,
1524 2787 1709 2858 φησὶν,
1739 2790 1799 2841 εί.

202 2870 280 2940 μὴ
311 2875 393 2937 εις
422 2874 549 2937 τοὺς
591 2876 896 2941 Ἰουδαίους,
936 2878 987 2931 οῖ
1029 2878 1349 2933 ἀπολωλότα
1376 2880 1481 2933 εἰσὶ
1513 2881 1785 2950 πρόϐατα,

201 2963 311 3017 ἀπὸ
338 2965 537 3029 κακίας
580 2968 689 3021 τῶν
719 2969 1195 3038 ἐμπιστευθέντων
1233 2971 1390 3025 αὐτά.
1425 2970 1527 3025 Διά
1569 2972 1627 3025 δὲ
1660 2974 1753 3025 τού

204 3073 313 3111 των
344 3056 665 3128 δημοσιεύει
698 3062 797 3133 τὴν
835 3062 1018 3116 πίστιν
1055 3065 1154 3134 τῆς
1185 3066 1446 3132 γυναικὸς
1480 3064 1573 3118 ἐπὶ
1605 3067 1785 3122 πλέον.

1885 565 2125 621 verbum.
2170 584 2187 618 ι
2224 564 2409 632 Quare
2450 563 2746 633 discipulos
2786 563 3063 634 prohibuit
3113 563 3194 617 ire
3242 562 3297 616 in
3332 561 3473 615 viam

1879 660 2143 729 gentium,
2185 658 2299 728 ipse
2329 665 2509 711 autem
2540 656 2595 709 in
2627 655 2829 727 Tyrum
2877 663 2934 709 et
2976 654 3259 718 Sidonem,
3292 653 3472 723 genti-

1880 748 2009 802 lium
2046 748 2318 810 civitates,
2345 745 2483 800 ivit?
2507 746 2664 801 Disce
2695 745 2861 813 igitur
2884 744 3030 816 quod
3055 759 3161 798 non
3194 754 3252 799 ut
3278 743 3477 814 pra-di-

1882 850 2100 897 caturus
2127 841 2222 894 ivit
2250 838 2398 905 illuc,
2431 839 2560 908 quia
2590 837 2672 908 (ut
2691 837 2903 894 Marcus
2929 836 3082 903 dicit)
3106 855 3125 888 ι
3151 844 3205 891 et
3235 835 3476 891 occulta-

1882 933 1959 988 vit
1990 948 2068 988 se.
2106 950 2123 984 ι
2150 931 2246 989 Vel
2286 930 2444 986 aliter
2468 930 2548 989 sic
2578 949 2592 985 :
2627 930 2756 1000 quia
2790 930 2925 985 vidit
2952 966 2955 967 ν
2979 928 3285 985 Ριιοιιίειεοε
3334 927 3477 981 nolle

1880 1025 2156 1096 suscipere
2185 1036 2497 1080 sermonem
2516 1022 2585 1079 de
2606 1023 2903 1095 so'cibis,
2941 1022 3136 1077 transit
3159 1022 3226 1076 ad
3253 1029 3468 1092 gentes.

1884 1116 2142 1173 Miserere
2186 1127 2391 1180 autem,
2441 1116 2575 1170 dicit
2625 1130 2731 1168 non
2799 1116 2922 1170 tiliae
2979 1127 3133 1175 mere.
3193 1114 3279 1167 illa
3329 1114 3474 1169 enim

1882 1225 2045 1265 sensu
2104 1218 2279 1273 caret,
2322 1207 2416 1263 sed
2454 1209 2582 1273 mei,
2625 1223 2747 1278 quae
2800 1216 2910 1261 tam
2977 1208 3161 1276 gravia
3222 1206 3399 1273 patior
3422 1212 3481 1260 et

1883 1300 2076 1355 sentio.
2116 1299 2226 1354 Nec
2250 1298 2407 1363 dicit,
2443 1296 2602 1362 Veni,
2655 1307 2713 1353 et
2737 1313 2892 1365 sana,
2927 1286 3047 1362 sed,
3089 1296 3372 1351 Miserere.
3414 1296 3482 1349 At

1835 1434 1858 1454 υ
1885 1394 1973 1449 ille
2005 1410 2112 1450 non
2146 1393 2429 1467 respondit
2454 1392 2504 1448 el
2544 1393 2789 1459 verbum,
2824 1407 2930 1446 non
2964 1392 3104 1460 quod
3136 1398 3473 1451 contemnat,

1883 1486 1975 1541 sed
2001 1495 2059 1541 ut
2093 1487 2344 1543 ostendat
2374 1485 2519 1555 quod
2571 1494 2793 1555 propter
2825 1483 3042 1541 Iudaeos
3095 1484 3351 1555 inprimis
3386 1498 3477 1537 ve-

1885 1580 2023 1634 nerit
2051 1595 2065 1633 :
2094 1587 2243 1635 et-ut
2268 1578 2518 1634 occludat
2554 1576 2856 1633 calumnias
2912 1590 3128 1638 eorum,
3172 1590 3241 1629 ne
3263 1574 3475 1644 possint

1884 1676 2067 1741 postea
2102 1671 2283 1727 dicere
2313 1670 2458 1740 quod
2492 1667 2787 1740 gentilibus
2805 1666 3159 1731 benefecerit,
3179 1666 3311 1736 ipsis
3340 1681 3475 1720 cou-

1887 1763 2140 1833 temptis;
2178 1764 2243 1817 ad
2276 1763 2411 1824 haec,
2457 1769 2516 1816 ut
2543 1762 2706 1817 etiam
2738 1760 2953 1817 tirmam
3006 1758 3253 1816 mulieris
3310 1758 3473 1814 ﬁdem

1886 1856 2229 1912 manifestam
2258 1854 2468 1912 reddat.

1966 2043 2127 2104 Vens,
2160 2041 2352 2108 ἰδέη.
2387 2061 2405 2093 ι
2444 2040 2509 2096 Ει
2540 2041 2865 2096 accedentes
2899 2038 3147 2111 discipuli
3176 2039 3293 2107 ejus
3326 2052 3485 2110 roga-

1888 2133 2212 2199 bantillum,
2263 2135 2557 2189 dicentes:
2612 2132 2815 2189 Omitte
2875 2132 3044 2199 illam,
3103 2146 3228 2185 nam
3286 2131 3487 2185 clamat

1890 2234 2010 2295 post
2031 2235 2154 2282 nos.
2188 2225 2259 2280 At
2288 2224 2375 2281 ille
2406 2226 2746 2295 respondens
2782 2226 2951 2280 dixit:
2995 2224 3109 2279 Non
3136 2240 3255 2279 sum
3284 2226 3486 2279 missus

1892 2318 1994 2373 nisi
2024 2318 2089 2373 ad
2124 2333 2255 2375 oves
2282 2334 2403 2388 quae
2427 2319 2704 2388 perierunt
2729 2321 2925 2375 domus
2945 2319 3132 2375 lsrael.
3170 2338 3189 2372 ι
3228 2319 3486 2389 Discipuli

1891 2412 2160 2481 gravatim
2213 2410 2453 2468 ferentes
2509 2412 2804 2467 clamorem
2870 2411 3137 2478 mulieris,
3170 2415 3481 2483 rogabant:

1892 2505 2114 2561 Dimitte
2137 2521 2284 2570 eam,
2310 2507 2415 2561 hoc
2441 2516 2544 2570 est,
2598 2506 2967 2563 obsecrabant
3002 2516 3060 2560 ut
3110 2507 3391 2577 ablegaret
3425 2506 3489 2559 il-

1891 2596 1996 2650 lam
2035 2612 2063 2652 a
2110 2614 2189 2653 se.
2233 2596 2347 2652 Hoc
2389 2609 2568 2652 autem
2601 2598 2885 2655 faciebant
2920 2614 3024 2653 non
3094 2607 3349 2666 tanquam
3383 2596 3486 2651 imo

1890 2691 2297 2755 misericordes,
2330 2691 2423 2748 sed
2461 2691 2633 2763 magis
2664 2692 2911 2748 volentes
2940 2693 3273 2762 persuadere
3308 2691 3489 2747 Domi—

1892 2800 1967 2838 no
1998 2792 2057 2838 ut
2087 2784 2439 2840 misereretur
2471 2785 2542 2839 ei.
2577 2786 2644 2838 At
2675 2784 2764 2839 ille
2794 2785 2969 2855 inquit
3004 2802 3017 2841 :
3054 2784 3171 2840 Non
3205 2798 3326 2841 sum
3357 2785 3489 2839 mis-

1871 2878 2110 2944 ~susnisi
2143 2877 2207 2931 ad
2249 2875 2489 2943 Judmos,
2522 2879 2616 2948 qui
2671 2886 2799 2933 sunt
2832 2894 2962 2934 oves
3005 2880 3229 2949 perdita:
3255 2893 3353 2946 per
3383 2894 3485 2933 eo-

1894 2982 2016 3022 rum
2050 2966 2337 3032 mslitiam,
2380 2970 2577 3038 quibus
2615 2966 2833 3023 fuerant
2865 2968 3221 3024 concreditae.
3251 2966 3357 3023 Per
3389 2970 3490 3025 hoc

1895 3068 2074 3141 autem
2104 3060 2335 3127 amplius
2357 3060 2575 3128 evulgat
2604 3061 2766 3117 tidem
2790 3060 3054 3116 mulieris.

279 3167 301 3200 ε
351 3149 419 3204 Ἦ
463 3151 542 3217 δέ,
581 3152 813 3207 ἐλθοῦσα
851 3156 1265 3227 προσεκύνησεν
1298 3158 1477 3228 αὐτῷ,
1513 3158 1745 3226 λέγουσα
1770 3198 1785 3221 ,

1973 3151 2132 3208 Vens.
2162 3153 2257 3219 9.5,
2282 3152 2373 3206 ‘27.
2409 3164 2427 3204 ι
2466 3152 2559 3209 Illa
2611 3168 2738 3209 vero
2770 3153 2918 3209 venit
2950 3162 3005 3208 et
3062 3152 3312 3208 adoravit
3339 3153 3488 3207 illum

207 3240 407 3313 Κύριε,
439 3244 623 3316 βοήθει
646 3263 759 3317 μοι.
801 3247 861 3300 ’θ
882 3247 958 3312 δέ,
988 3249 1309 3319 ἀποκριθεὶς
1332 3247 1507 3304 εῐπεν·
1533 3250 1646 3304 υύκ
1668 3250 1782 3303 ἐστι

202 3332 370 3388 καλὸν
404 3334 588 3389 λαόεῖν
616 3338 708 3404 τὸν
733 3338 898 3409 ἀρτον
929 3338 1039 3392 τῶν
1073 3342 1301 3405 τέκνων,
1319 3377 1322 3379 λ
1340 3343 1433 3395 καὶ
1464 3342 1645 3413 βαλεῖν
1669 3344 1785 3406 τοῖς

201 3426 504 3496 κυναρίοις.
542 3426 605 3479 'H
631 3426 688 3479 δέ
708 3423 856 3482 κεῐπεο
888 3428 1016 3494 Ναὶ,
1044 3431 1240 3500 Κύριε’
1265 3433 1360 3485 καὶ
1390 3434 1499 3503 γὰρ
1526 3433 1593 3486 τά
1623 3433 1787 3486 κυνά-

203 3533 298 3587 ρια
333 3516 504 3570 ἐσθίει
541 3519 649 3571 ἀπὸ
677 3519 786 3572 τῶν
825 3520 1023 3591 ψιχίων
1062 3505 1177 3578 τῶν
1204 3525 1516 3579 πιπτόντων
1546 3528 1655 3581 ἀπὸ
1689 3532 1787 3600 τῆς

202 3607 485 3679 τραπέζης
525 3611 635 3663 τῶν
675 3612 880 3683 κυρίων
910 3613 1110 3667 αὐτῶν.
1144 3633 1163 3667 ι
1220 3614 1372 3669 Ἐπεὶ
1401 3600 1542 3669 εἶδέν
1575 3620 1607 3689 ὴ
1652 3621 1789 3693 γυνὴ

201 3701 329 3762 τοὺς
355 3702 693 3773 συνηγόρους
720 3704 891 3773 αὐτῆς
949 3706 1073 3769 τοὺς
1102 3707 1455 3773 ἀποστόλους,
1489 3710 1791 3782 ἀποτυχόν-

204 3806 325 3856 τας,
372 3789 538 3844 πάλιν
570 3793 821 3861 πρόσεισι
857 3794 1098 3866 θερμῶς,
1134 3797 1230 3850 καὶ
1264 3798 1468 3869 Κύριον
1499 3804 1787 3860 ἀποκαλεῖ.

216 3884 376 3937 Ἐπεὶ
398 3884 456 3937 δέ
484 3885 513 3934 ό
534 3884 769 3953 Χριστὸς
796 3885 937 3939 κύνα
956 3888 1128 3954 αὐτὴν
1150 3890 1440 3955 ἀποκαλεῖ,
1470 3893 1557 3945 διὰ
1583 3895 1643 3947 τὸ
1664 3896 1790 3959 τοὺς

204 3974 457 4037 ἐθνικοὺς
472 3974 784 4046 ἀκάθαρτον
803 3976 915 4046 βίον
939 3976 1084 4048 ἔχειν
1111 3982 1345 4052 καὶπερὶ
1368 3983 1437 4036 τά
1456 3984 1667 4053 αἵματα
1683 3988 1790 4041 τῶν

204 4066 575 4121 εἰδωλοθύτων
592 4068 1052 4139 ἀναστρέφεσθαι,
1070 4072 1234 4125 τέκνα
1250 4071 1308 4125 δὲ
1324 4076 1451 4137 τοὺς
1481 4074 1789 4146 Ἰουδαίους,

204 4161 397 4229 ἐκείνη
457 4160 698 4223 συνετῶς
757 4162 1114 4232 ἀποκρίνεται
1146 4165 1243 4217 καὶ
1283 4165 1427 4235 μάλα
1474 4168 1674 4237 σοφῶς,
1708 4170 1791 4223 ὃτι

206 4252 265 4305 El
298 4254 393 4305 καὶ
430 4252 575 4306 κύων
606 4253 722 4323 sip).
753 4254 846 4305 καὶ
878 4254 976 4307 οὐκ
1016 4253 1146 4317 ἀξία
1172 4255 1335 4323 ἄρτον
1377 4256 1565 4311 λαϐεῖν
1592 4301 1604 4320 ,
1636 4277 1793 4311 τουτ-

204 4344 343 4408 ἐστι,
397 4344 629 4415 δύναμιν
672 4362 794 4399 τινα
823 4348 914 4398 καὶ
935 4348 1078 4416 μέγα
1105 4352 1354 4417 σημεῖον⁶
1378 4349 1493 4403 ἀλλ’
1515 4347 1609 4405 οὖν
1635 4351 1793 4405 τοῦτο

202 4437 263 4489 τὸ
299 4437 503 4508 μικρὸν
541 4436 641 4507 μὲν
682 4438 756 4500 ὡς
812 4439 949 4509 πρὸς
982 4442 1083 4509 τὴν
1114 4439 1213 4509 σὴν
1261 4440 1525 4511 δύναμιν,
1561 4444 1686 4515 ἐμοὶ
1734 4446 1789 4497 δὲ

208 4529 373 4596 μέγα,
406 4529 515 4591 δός·
548 4529 739 4599 ὥσπερ
766 4530 858 4584 καὶ
888 4530 984 4593 τὰς
1008 4530 1197 4600 ψίχας,
1232 4533 1281 4583 oi
1315 4532 1415 4600 μέν
1440 4535 1565 4597 τοὺς
1590 4510 1786 4606 ἀρτους
1826 4510 1866 4565 D

203 4616 483 4679 ἐσθίοντες
521 4618 580 4670 οὺ
615 4617 756 4688 μέγα
784 4635 838 4671 τι
869 4619 1105 4690 ἔχουσιν,
1141 4622 1190 4673 oi
1218 4620 1275 4673 δέ
1311 4622 1472 4685 κύνες
1501 4623 1664 4692 μέγα,
1695 4626 1790 4677 καὶ

203 4709 270 4760 ἐκ
307 4710 519 4762 τούτων
558 4710 867 4781 τρέφονται.

278 4818 297 4851 ε
330 4800 469 4853 Τότε
495 4801 816 4871 ἀποκριθεὶς
844 4804 871 4857 ό
904 4804 1130 4874 Ἰησοῦς,
1158 4799 1311 4859 εἶπεν
1336 4807 1496 4877 αὑτῇ⁶
1523 4803 1591 4861 Ὦ
1609 4808 1790 4876 γύναι,

207 4892 424 4961 μεγάλη
456 4910 548 4945 σου
584 4895 618 4963 ἠ
658 4894 871 4958 πίστις,
905 4897 1188 4965 γενηθήτω
1231 4916 1312 4951 σοι
1344 4899 1418 4961 ὡς
1449 4900 1658 4961 θέλεις·
1700 4901 1793 4953 καὶ

206 4985 330 5057 ίάθη
356 4987 391 5056 ἡ
422 4986 672 5057 θυγάτηρ
701 4987 874 5056 αὐτῆς
903 4989 1009 5041 ἀπὸ
1030 4992 1128 5058 τῆς
1154 4990 1302 5059 ὥρας
1325 4992 1560 5061 ἐκείνης.
1600 4992 1791 5059 Ἐφαν-

204 5076 380 5144 έρωσε
436 5077 530 5130 νῦν
569 5080 598 5130 ὁ
644 5078 848 5150 Ἰησοῦς
894 5082 993 5151 τὴν
1023 5082 1203 5135 αἰτίαν
1236 5082 1303 5135 δι’
1350 5083 1416 5152 ἥν
1470 5084 1792 5139 ἀνεϐάλλετο

204 5170 303 5239 τὴν
343 5170 645 5240 θεραπείαν
676 5172 735 5236 ἐξ
776 5173 949 5244 ἀρχῆς
977 5191 988 5203 ·
1026 5175 1112 5227 ἴνα
1162 5175 1271 5244 γάρ
1316 5179 1348 5244 ἡ
1390 5178 1571 5238 πίστις
1623 5178 1718 5231 καὶ
1760 5179 1791 5247 ἡ

206 5260 428 5325 σύνεσις
464 5261 565 5331 τῆς
597 5266 854 5331 γυναικὸς
886 5268 1157 5338 ἀναφανῇ,
1190 5267 1278 5320 διά
1315 5267 1476 5321 τοῦτο
1502 5267 1602 5321 οὐκ
1629 5269 1791 5333 εὐθὺς

205 5351 266 5417 ἐξ
296 5354 477 5426 ἀρχῆς
503 5356 828 5411 κατένευσεν
860 5360 888 5411 ό
926 5360 1159 5429 Χριστὸς
1183 5400 1197 5422 ,
1232 5360 1368 5413 ἀλλά
1409 5366 1504 5414 καὶ⁵
1538 5363 1793 5430 ἀποπέμ-

209 5460 374 5497 πεται
411 5446 630 5514 μᾶλλον.
657 5447 769 5499 Νῦν
796 5450 849 5501 δέ
881 5451 1006 5502 ἐπεὶ
1031 5451 1369 5522 ἐξεκαλύφθη
1402 5456 1432 5523 ἡ
1460 5453 1645 5517 πίστις
1678 5456 1791 5527 (22)

1889 3247 2111 3303 dicens:
2145 3247 2390 3309 Domine,
2418 3262 2673 3302 succurre
2696 3248 2851 3302 mibi.
2880 3246 3061 3303 Atille
3096 3247 3393 3317 respondit,
3429 3262 3492 3301 ac

1889 3339 2059 3394 dixit:
2091 3340 2206 3395 Non
2234 3348 2333 3401 est
2348 3339 2547 3394 bonmn
2571 3354 2786 3395 sumere
2814 3342 3290 3410 panem'ﬂliorum,
3320 3349 3374 3397 et
3401 3342 3491 3395 ob-

1886 3432 2057 3502 iicere
2113 3430 2341 3486 catellis.
2378 3413 2505 3487 illa.
2531 3442 2713 3486 autem
2752 3432 2889 3487 dixit
2927 3451 2942 3487 :
2976 3434 3177 3499 Etiam,
3235 3434 3486 3491 Domine.

1893 3523 2102 3577 Etenim
2135 3522 2310 3578 catelli
2336 3524 2632 3578 comedunt
2671 3525 2737 3579 de
2784 3526 2939 3580 micis
2996 3541 3119 3596 quae
3172 3528 3374 3581 cadunt
3422 3529 3489 3581 de

1894 3631 2077 3672 tuensa
2112 3616 2459 3670 dominorum
2497 3632 2739 3672 suorum.
2785 3637 2803 3669 ι
2869 3618 3331 3686 Ροειτιιιιηηλνίἀίι
3362 3636 3485 3674 ιιιιι-

1895 3711 1994 3767 lier
2024 3721 2284 3781 patronos
2342 3728 2469 3767 suos
2516 3713 2789 3783 repulsam
2833 3730 3045 3785 passos,
3075 3715 3270 3771 iterum
3300 3716 3487 3771 Domi-

1896 3818 2025 3859 num
2080 3803 2355 3858 ferventer
2407 3804 2636 3868 accedit,
2672 3812 2725 3859 et
2782 3805 3003 3860 invocat
3052 3813 3111 3862 ut
3175 3807 3487 3862 Dominum.

1895 3895 2032 3958 Quia
2068 3902 2247 3949 autem
2321 3893 2574 3949 Christus
2642 3911 2835 3951 canem
2904 3897 3046 3950 illam
3126 3898 3369 3964 dixerat,
3424 3914 3490 3953 co

1894 3984 2040 4053 quod
2074 3984 2302 4055 gentiles
2332 3985 2600 4055 impuram
2646 3998 2872 4057 agerent
2912 3990 3100 4055 vitam,
3168 3999 3222 4044 et
3275 3994 3326 4046 in
3367 4009 3490 4047 sau-

1896 4077 2057 4146 guine
2083 4074 2241 4131 idolis
2282 4076 2684 4132 immolatorum
2736 4089 3112 4143 versarentur,
3181 4081 3319 4136 filius
3360 4098 3489 4137 vero

1895 4167 2160 4224 Iudaeos:
2221 4168 2309 4223 illa
2360 4169 2513 4225 valde
2549 4170 2821 4238 sapienter
2848 4180 2905 4225 et
2961 4187 3158 4241 magno
3220 4174 3490 4229 intellectu

1900 4260 2180 4329 respondit
2213 4261 2516 4327 :Quamvis
2546 4271 2598 4314 et
2652 4262 2803 4316 canis
2850 4262 2974 4327 sim,
3008 4273 3064 4317 ct
3125 4265 3344 4327 indigna
3371 4281 3492 4334 quze

1900 4367 2091 4422 panem
2118 4354 2409 4423 accipiam,
2440 4356 2541 4409 hoc
2571 4366 2677 4421 est,
2707 4356 2985 4421 virtutem,
3028 4368 3080 4411 et
3106 4358 3316 4426 signum
3373 4376 3492 4412 ma-

1904 4458 2113 4511 gnum:
2158 4444 2253 4499 sed
2286 4444 2389 4498 hoc
2416 4460 2637 4514 parvum
2690 4448 2858 4515 qttid,
2901 4458 3160 4518 quantum
3216 4450 3283 4505 ad
3324 4453 3491 4504 virtu-

1897 4544 2004 4589 tem
2043 4545 2185 4591 tuam
2223 4537 2443 4602 attinet,
2489 4539 2620 4592 mihi
2659 4550 2839 4596 autent
2889 4558 3141 4613 magnum
3187 4542 3370 4606 fuerit,
3400 4545 3488 4604 da,

1895 4629 2037 4682 sicut
2064 4639 2117 4682 et
2148 4630 2237 4697 qui
2268 4646 2440 4699 panes
2469 4634 2783 4695 comedunt,
2819 4650 2922 4688 non
2985 4638 3161 4705 magni
3196 4635 3408 4692 faciunt
3444 4639 3487 4692 si

1899 4721 2068 4773 micas
2104 4722 2231 4775 dent
2267 4740 2277 4775 :
2318 4738 2483 4776 canes
2507 4732 2686 4778 autem
2718 4726 2856 4781 bene
2880 4742 2943 4783 ex
2974 4729 3058 4782 bis
3100 4741 3414 4796 pascuntur.

1977 4812 2252 4868 Vens.’28.
2296 4834 2311 4866 ι
2352 4814 2504 4870 Tunc
2557 4819 2893 4885 respondens
2929 4818 3087 4875 Jesus
3120 4823 3257 4875 dixit
3292 4823 3365 4875 illi
3404 4842 3413 4877 :
3447 4824 3491 4877 ί)

1904 4906 2118 4971 mulier,
2152 4922 2343 4976 magna
2370 4918 2452 4963 est
2505 4910 2638 4962 iidcs
2667 4919 2778 4973 tua,
2833 4912 2924 4964 iiat
2952 4913 3045 4965 tibi
3080 4914 3223 4967 sicut
3286 4917 3387 4970 vis.
3425 4919 3490 4970 Et

1900 5006 2087 5051 sanata
2129 5008 2211 5051 est
2248 5000 2353 5051 lilia
2388 4999 2503 5065 eius
2532 5016 2594 5054 ex
2622 5002 2708 5054 illa
2742 5002 2895 5056 liora.
2935 5022 2952 5052 ι
2997 5004 3143 5059 Nunc
3183 5006 3492 5062 manifestat

1899 5087 2055 5144 Jesus
2082 5106 2302 5143 causam
2355 5104 2575 5160 propter
2618 5110 2779 5163 quam
2835 5099 3175 5152 sanationem
3227 5103 3294 5153 ab
3328 5102 3483 5157 initio

1900 5182 2197 5243 distulerit.
2234 5199 2424 5253 nempe
2463 5196 2519 5237 ut
2552 5186 2682 5239 iides
2712 5196 2765 5238 et
2795 5189 3079 5256 prndrntia
3112 5191 3356 5247 mulieris
3380 5195 3487 5248 cia-

1906 5284 2103 5330 rescat.
2146 5276 2435 5343 PrOpterea
2464 5295 2567 5332 non
2596 5282 2779 5333 statim
2806 5280 2869 5332 ab
2903 5282 3057 5335 initio
3085 5286 3281 5338 annuit
3333 5286 3461 5339 Chri

1902 5381 2040 5432 slus,
2078 5370 2169 5423 scd
2204 5372 2377 5440 magis
2411 5371 2553 5425 illam
2591 5388 2617 5424 a
2650 5388 2707 5425 se
2748 5375 3057 5429 amandavit
3086 5395 3097 5429 :
3135 5394 3280 5431 nunc
3309 5388 3488 5431 autem

1899 5463 2336 5529 quandoquidem
2400 5466 2515 5533 ejus
2561 5465 2693 5519 fides
2750 5466 3092 5533 manifestata
3144 5478 3247 5531 est,
3312 5470 3487 5524 laudat

201 5535 408 5607 αὐτῆς,
475 5538 812 5605 ἐπαινεῖται,
873 5544 1173 5597 ἀκουουσα·
1240 5564 1257 5596 ι
1318 5546 1545 5615 Μεγάλη
1607 5565 1699 5599 σου
1759 5552 1786 5619 ἡ

1894 5568 2047 5605 eain:
2093 5573 2110 5603 ι
2140 5554 2327 5626 Magna
2352 5566 2435 5611 est
2468 5557 2600 5612 ﬁdes
2626 5568 2734 5612 tua.
2767 5578 2780 5605 ν
2813 5558 2924 5615 Hoc
2956 5550 3138 5615 autem
3164 5565 3302 5630 quod
3329 5563 3483 5621 diem

1156 5684 1233 5740 Ιῖι
1273 5684 1617 5747 t‘nllalimu'
1661 5688 1842 5747 (will.
1894 5692 2115 5751 Venet.
2163 5694 2222 5751 Ξ.
2267 5694 2482 5754 Marci.

239 5748 353 5801 ('22)
396 5751 497 5806 Καὶ
536 5757 563 5821 ἡ
600 5757 810 5824 τύνεοις
843 5764 964 5817 add.
1005 5767 1159 5821 tndd.
1194 5769 1279 5825 '29.
