4080 6336
628 341 729 410 311

1545 344 2130 405 THEOPHYLACTI
2172 344 2578 406 BULGARLE
2620 343 2978 409 ARCHIEP.

3763 343 3867 411 3i!

634 458 753 514 Fiat
795 456 889 512 tibi
950 457 1087 512 sicut
1136 455 1237 521 vis,
1291 455 1526 512 ostendit
1569 455 1711 524 quod
1744 455 1848 510 nisi
1895 456 2052 510 (idem
2101 457 2181 509 ha-

2300 457 2500 521 πίστις·
2541 477 2560 510 ι
2589 459 2651 513 τὸ
2671 459 2748 523 δὲ,
2771 459 3062 531 Γενηθήτω
3078 476 3158 512 σοι
3190 459 3264 524 ὡς
3294 450 3491 526 θῧιεις,
3511 458 3704 521 εἰπὼν.
3736 459 3866 514 ἔδει.

629 551 850 615 buisset,
883 548 1010 602 nihil
1045 547 1241 602 fuisset
1288 555 1557 603 assecuta.
1605 547 1786 617 Atque
1815 548 1888 602 ita
1939 549 1986 602 si
2013 547 2194 603 volue-

631 641 800 696 rimus
826 648 878 693 et
910 653 1025 702 nos,
1065 637 1194 692 nihil
1224 647 1367 692 vetat
1395 648 1448 692 et
1479 654 1577 693 nos
1605 639 1820 708 assequi
1860 653 1982 707 quae
2013 638 2194 692 volue-

631 718 1084 785 rimus.'0bserva
1117 739 1292 782 autem
1337 731 1479 798 quod
1510 730 1635 785 licet
1681 730 1852 784 sancti
1899 739 2060 784 orent
2099 745 2194 800 pro

631 821 805 886 nobis,
839 821 978 874 sicut
1010 835 1104 889 pro
1147 820 1233 874 illa
1279 821 1528 888 apostoli,
1559 828 1792 874 attamen
1827 835 1926 875 nos
1955 835 2053 890 pro
2096 835 2190 874 no-

628 913 708 970 bis
743 911 872 981 ipsis
905 920 1150 979 petentes
1181 913 1348 980 magis
1397 912 1664 965 audimur.
1717 910 1811 965 Est
1837 919 2016 965 autem
2051 910 2191 965 Cha-

627 1018 808 1057 nanaca
869 1003 1167 1074 symbolum
1231 1003 1482 1058 Ecclesia:
1541 1017 1571 1057 e
1616 1004 1867 1073 gentibus
1927 1003 2184 1058 collectae.

623 1096 728 1164 81
756 1093 887 1148 Nam
915 1105 967 1149 et
989 1103 1176 1164 gentes
1208 1095 1359 1164 prius
1399 1094 1625 1164 repulsae
1688 1094 1928 1160 luerunt,
1957 1105 2011 1149 et
2041 1102 2188 1164 post-

623 1202 686 1240 ea
721 1190 772 1240 in
808 1188 1040 1243 ﬁliorum
1079 1187 1320 1243 ordinem
1380 1196 1649 1257 provectae
1693 1187 2044 1244 obtinuerunt
2093 1201 2187 1256 pa-

625 1292 769 1342 nem,
811 1293 1024 1348 corpus,
1076 1277 1316 1347 inquam,
1368 1279 1600 1335 Domini.
1651 1278 1820 1334 Judaei
1859 1288 2041 1334 autem
2099 1293 2188 1333 ca-

625 1385 721 1426 nes
748 1369 890 1436 facti,
958 1386 1024 1425 ex
1081 1355 1238 1426 micis
1299 1370 1551 1426 videntur
1583 1373 1752 1442 pasci,
1792 1373 1896 1427 hoc
1925 1382 2026 1437 est,
2065 1387 2186 1444 pnr-
2221 1407 2226 1414 ς

623 1463 786 1516 vitate
807 1471 862 1516 et
890 1462 1097 1518 vilitate
1135 1463 1345 1518 litterae.
1382 1463 1662 1533 Signiﬁcat
1693 1465 1836 1519 enim
1891 1465 2066 1537 Tyrus
2095 1481 2186 1521 co-

621 1552 959 1618 hibitionem,
1015 1554 1182 1609 Sidon
1243 1562 1420 1610 autem
1469 1564 1728 1610 venantes
1786 1574 1799 1610 :
1855 1555 2183 1622 Chananma,

620 1655 914 1713 praeparata
969 1645 1356 1704 humiliationi.
1382 1646 1625 1701 Gentiles
1667 1646 1830 1717 igitur
1855 1648 1946 1717 qui
1979 1648 2184 1702 ntalitia

622 1735 963 1800 tenebantur,
1021 1737 1162 1792 inter
1222 1751 1360 1806 quos
1404 1737 1623 1791 fuerunt
1659 1747 1946 1792 venatores
1975 1739 2183 1791 anima-

2295 549 2384 612 ξεν
2415 550 2497 602 ὅτι
2529 550 2625 602 δάν
2676 550 2753 621 μὴ
2791 551 2981 604 πίστιν
3021 545 3189 620 εἶχεν,
3215 551 3315 604 οὐκ
3353 550 3421 604 ἂν
3454 551 3614 618 ἔτυχε
3647 550 3747 619 τῆς
3787 552 3869 603 αι·-

2291 640 2527 709 τήσεως·
2559 640 2700 695 ὥστε
2735 641 2836 694 δάν
2865 640 3108 709 θέλωμεν
3143 642 3239 693 καὶ
3272 641 3455 708 ἡμεῖς,
3489 641 3641 693 οὐδὲν
3664 640 3728 692 το
3762 658 3868 692 κω-

2293 729 2418 783 λὺον
2447 732 2632 800 τυχεῖν
2658 725 2736 784 ὧν
2764 731 3008 802 θέλομεν.
3038 730 3353 801 Σημείωσαι
3386 732 3441 784 δὲ
3472 731 3553 784 ὅτι
3585 731 3864 797 κὶν⁶ᾶγιοι

2293 818 2517 871 αἰτῶσιν
2550 819 2687 889 ὑπὲρ
2715 820 2891 889 ἡμῶν,
2919 819 3108 889 ῶσπερ
3144 821 3283 890 ὑπὲρ
3308 819 3523 889 ἐκείνης
3555 821 3606 873 oi
3634 821 3864 874 ἀπόστο-

2293 911 2396 973 λοι,
2442 911 2560 964 ἀλλ’
2592 910 2685 964 οὖν
2728 913 2885 982 ἡμεῖς
2924 913 3064 981 ὑπὲρ
3107 911 3318 964 ἑαυτῶν
3353 909 3650 973 αἰτοῦντες,
3707 910 3866 962 πλέον

2291 1003 2547 1071 ἁνύομεν.
2581 1003 2856 1072 Σύμϐολον
2887 1004 2944 1057 δὲ
2967 1005 3000 1073 ἡ
3035 1003 3316 1057 Χαναναία
3361 1004 3455 1056 καὶ
3481 1004 3577 1072 τῆς
3613 1003 3671 1069 ἐξ
3701 1003 3867 1054 ἐθνῶν

2304 1095 2650 1166 Ἐκκλησίας.
2679 1096 2789 1149 Καὶ
2823 1096 2931 1167 γάρ
2957 1096 3049 1149 καὶ
3085 1096 3154 1150 τὰ
3180 1097 3308 1166 ἔθνη
3343 1095 3644 1164 ἀπωσμένα
3673 1096 3868 1164 πρότε-

2293 1204 2406 1257 ρον,
2439 1186 2668 1253 ὕστερον
2700 1190 2780 1250 είς
2805 1187 2902 1257 τὴν
2927 1188 3039 1242 τῶν
3073 1187 3204 1241 υἱῶν
3225 1187 3380 1250 τάξιν
3406 1185 3865 1253 άντδιὸάσθησαν,

2290 1278 2507 1333 καὶτοῦ
2538 1279 2705 1349 ἄρτου
2757 1281 3102 1350 ἠξιώθησαν,
3148 1280 3242 1334 τοῦ
3283 1277 3535 1348 σώματος
3578 1279 3725 1346 λέγω
3774 1280 3864 1332 τοῦ

2290 1370 2518 1439 Κυρίου.
2553 1372 2616 1423 Oi
2647 1371 2703 1424 δὲ
2747 1370 3012 1434 Ἰουδαῖοι,
3044 1371 3204 1434 κύνες
3230 1371 3478 1439 ἐγένοντο
3498 1411 3511 1431 ,
3545 1371 3608 1422 ἐκ
3639 1370 3750 1422 τῶν
3781 1371 3868 1438 ψι-

2287 1457 2420 1527 χίων
2445 1459 2728 1522 δοκοῦντες
2754 1460 3070 1531 τρέφεσθαι,
3104 1461 3375 1522 τουτέστι,
3399 1459 3506 1512 τῶν
3537 1458 3753 1530 μικρῶν
3777 1458 3869 1510 καὶ

2287 1549 2520 1603 εὐτελῶν
2541 1551 2633 1604 τοῦ
2666 1553 3014 1622 γράμματος.
3043 1551 3310 1622 Σημαίνει
3337 1552 3445 1621 δὲή
3473 1550 3675 1619 Τύρος,
3710 1565 3868 1603 συνο-

2287 1643 2408 1716 χήν·
2430 1643 2538 1713 ἠδὲ
2559 1643 2746 1708 Σιδὼν,
2768 1645 3067 1715 θηρῶντες.
3092 1643 3374 1698 Χαναναία
3390 1643 3468 1707 δὲ,
3487 1641 3868 1712 ἡτοιμασμένη

2285 1735 2352 1803 τῇ
2375 1733 2720 1787 ταπεινώσεν
2745 1735 2795 1787 ot
2819 1735 2954 1802 γοῦν
2978 1735 3328 1803 συνεχόμενοι
3358 1736 3422 1802 τῇ
3452 1733 3619 1802 κακίᾳ
3644 1731 3866 1795 ἐθνικοὶ,

620 1840 740 1879 rum
791 1826 1083 1892 daemones,
1131 1829 1428 1884 humilitate
1487 1839 1614 1884 sunt
1683 1831 1987 1899 praeparati.
2039 1828 2180 1886 Iusti

2286 1802 2346 1877 ἐν
2371 1820 2451 1887 οἷς
2488 1821 2629 1897 ἦσαν
2657 1829 2705 1878 ot
2741 1826 3016 1897 θηρῶντες
3183 1802 3363 1895 ψυχὰς
3393 1824 3647 1892 δαίμονες
3668 1863 3684 1887 ,
3719 1816 3863 1877 οὗτοι

620 1919 762 1972 enim
793 1919 1007 1973 sublimi
1043 1933 1203 1991 regno
1235 1921 1326 1976 Dei
1356 1929 1478 1976 sunt
1509 1922 1819 1990 praeparati.

696 2098 853 2155 Vens.
886 2099 976 2167 29,
1038 2100 1128 2154 5t.
1165 2119 1184 2152 ι
1239 2102 1302 2156 Ει
1335 2117 1654 2172 progressus
1709 2103 1854 2160 illinc
1887 2103 2061 2170 Iesus,
2094 2120 2185 2160 ve.

621 2194 702 2247 nit
723 2194 874 2264 juxta
899 2209 1048 2250 mare
1073 2195 1326 2261 Galilzea,
1354 2207 1408 2251 et
1439 2210 1736 2253 conscenso
1759 2207 1939 2252 monte
1961 2199 2184 2252 sedebat

622 2284 732 2338 illic
765 2302 780 2338 :
819 2293 872 2338 et
903 2296 1251 2342 accesserunt
1310 2288 1377 2342 ad
1409 2303 1533 2343 eum
1581 2289 1753 2344 turba:
1816 2289 2021 2354 multae,
2083 2291 2184 2346 ha-

620 2377 808 2432 bentes
841 2392 1023 2433 secum
1052 2378 1294 2447 claudos,
1351 2395 1546 2448 caecos,
1597 2382 1818 2448 surdos,
1855 2383 2097 2450 mutilos,
2131 2392 2186 2439 et

620 2468 754 2524 alios
779 2470 996 2539 multos,
1024 2481 1078 2528 et
1105 2471 1415 2540 abiecerunt
1445 2486 1538 2529 eos
1587 2484 1712 2529 ante
1747 2475 1908 2543 pedes
1938 2473 2086 2540 Jesu,
2132 2484 2187 2531 et

621 2562 829 2616 sanavit
856 2577 970 2630 eos,
997 2564 1131 2618 adeo
1159 2573 1218 2619 ut
1246 2565 1412 2619 turbae
1441 2565 1646 2620 mirata:
1697 2565 1804 2621 sint
1863 2582 1982 2621 cum
2031 2567 2184 2622 vide-

622 2659 740 2704 rent
799 2663 976 2708 mutos
1043 2652 1212 2722 loqui,
1273 2656 1490 2712 mutilos
1540 2671 1661 2713 esse
1714 2673 1892 2724 sanos,
1966 2659 2185 2714 claudos

615 2741 910 2816 ambulare,
939 2758 1112 2800 czecos
1141 2746 1325 2802 videre
1360 2766 1373 2801 :
1410 2757 1463 2802 et
1489 2749 1863 2818 gloriﬁcabant
1910 2750 2074 2804 Deum
2110 2750 2185 2805 ls-

617 2834 746 2889 rael.
786 2853 804 2887 ι
840 2835 956 2891 Non
985 2838 1245 2892 continuo
1269 2841 1587 2894 versatunin
1619 2840 1825 2905 Iudaea,
1854 2843 1947 2896 sed
1997 2842 2049 2896 in
2074 2843 2182 2897 Ga-

615 2927 772 2994 lilzea,
841 2939 1063 2999 propter
1109 2931 1331 2988 multam
1368 2933 1798 2988 incredulitatem
1851 2934 2178 2991 Iudaeorum.

611 3019 816 3072 Galilzei
843 3023 986 3075 enim
1016 3021 1286 3078 ﬁdeliores
1317 3023 1424 3079 illis
1447 3033 1625 3079 erant.
1661 3025 1794 3079 Vide
1832 3026 1996 3095 igitur
2022 3027 2180 3081 ﬁdem

2289 1917 2380 1970 καὶ
2411 1918 2476 1986 τῇ
2523 1916 2850 1970 ταπεινώσει
2905 1918 3042 1969 είσὶν
3087 1916 3518 1986 ἡτοιμασμένοι·
3555 1917 3603 1968 οἱ
3648 1915 3760 1986 γὰρ
3785 1914 3866 1967 δί-

2288 2025 2455 2069 καιοι,
2484 2007 2559 2076 τῷ
2583 2006 2708 2077 ῦψει
2734 2008 2834 2076 τῆς
2859 2007 3134 2078 βασιλείας
3159 2009 3250 2060 τοῦ
3274 2005 3408 2060 Θεοῦ
3431 2004 3865 2078 ἡτοιμάσθησαν.

2363 2117 2381 2149 ι
2427 2101 2534 2153 Καὶ
2563 2099 2801 2169 μεταϐὰς
2834 2099 3042 2152 ἐκεῖθεν
3073 2101 3102 2152 ὁ
3144 2098 3375 2168 Ἰησοῦς,
3402 2094 3533 2169 ἦλθε
3580 2099 3736 2170 παρὰ
3770 2097 3868 2168 τὴν

2287 2192 2562 2246 θάλασσαν
2599 2193 2698 2262 τῆς
2738 2192 3029 2255 Γαλιλαίας
3054 2229 3069 2256 ,
3123 2191 3220 2245 καὶ
3269 2191 3476 2253 ἀναϐὰς
3510 2191 3590 2254 είς
3621 2190 3686 2242 τὸ
3719 2189 3866 2260 ὅρος,

2286 2286 2522 2356 ἐκάθητο
2566 2286 2703 2339 ἐκεῖ·
2757 2286 2850 2340 καὶ
2897 2285 3206 2356 προσῆλθον
3255 2282 3405 2355 αὐτῷ
3451 2285 3598 2355 δχλοι
3642 2283 3864 2346 πολλοὶ,

2287 2378 2500 2449 ἔχοντες
2531 2377 2648 2447 μεθ’
2682 2377 2891 2431 ἑαυτῶν
2914 2377 3140 2447 χωλοὺς,
3170 2376 3426 2445 τυφλοὺς,
3459 2372 3701 2444 κωφοὺς,
3734 2373 3864 2426 xul-

2287 2472 2435 2536 λοὺς,
2466 2472 2560 2524 καὶ
2585 2471 2806 2541 ἑτέρους
2837 2471 3087 2536 πολλοὺς,
3113 2471 3210 2523 καὶ⁵
3237 2469 3466 2541 έρῤιψαν
3491 2469 3689 2530 αὐτοὺς
3715 2466 3868 2537 παρὰ

2286 2565 2413 2627 τοὺς
2444 2563 2610 2626 πόδας
2652 2563 2746 2616 τοῦ
2805 2561 3015 2632 Ἰησοῦ,
3066 2563 3161 2615 καὶ
3212 2562 3578 2630 ἐθεράπευσεν
3629 2559 3863 2622 αὐτούς·

2285 2656 2425 2709 ὥστε
2461 2655 2586 2718 τοὺς
2623 2655 2814 2724 ὄχλους
2847 2653 3125 2723 Θαυμάσαι
3161 2653 3479 2724 βλέποντας,
3518 2652 3737 2719 κωφοὺς
3779 2650 3868 2702 λαο

2271 2746 2532 2813 λοῦντας,
2565 2746 2790 2808 κυλλοὺς
2823 2747 3018 2813 ὑγιεῖς,
3049 2746 3256 2814 χωλοὺς
3283 2741 3744 2814 περιπατοῦντας,
3776 2760 3867 2796 τυ-

2285 2843 2450 2909 φλοὺς
2489 2841 2804 2910 βλέποντας·
2846 2841 2939 2894 καὶ
2969 2839 3228 2905 ἐδόξασαν
3264 2839 3355 2892 τὸν
3388 2838 3520 2891 Θεὸν
3565 2836 3803 2907 Ἰσραήλ.
3844 2856 3861 2888 ι

2285 2936 2360 2988 Οὐ
2393 2939 2457 3005 τῇ
2504 2935 2734 3005 Ἰουδαίᾳ
2761 2933 2999 3003 συνεχῶς
3023 2933 3298 3002 ἐπιδημεῖ,
3325 2932 3459 2985 ἀλλὰ
3483 2935 3549 3000 τῇ
3583 2929 3865 3000 Γαλιλαίᾳ,

2283 3028 2370 3082 διὰ
2396 3028 2494 3096 τὴν
2522 3027 2718 3096 πολλὴν
2750 3025 3003 3080 ἀπιστίαν
3031 3025 3138 3078 τῶν
3183 3024 3471 3077 Ἰουδαίων·
3503 3025 3552 3076 οἱ
3574 3025 3684 3095 γὰρ
3710 3023 3866 3076 Γαλι-

612 3111 847 3175 illorum,
887 3114 1155 3181 quomodo
1201 3122 1254 3169 et
1313 3117 1367 3169 in
1404 3123 1637 3171 montem
1675 3118 1974 3172 ascendant
2001 3119 2178 3175 claudi

2286 3119 2422 3172 λαῖοι
2456 3119 2766 3188 πιστότεροι
2797 3113 2936 3188 ἦσαν
2984 3117 3230 3171 ἐκείνων.
3288 3115 3394 3169 Ἴδε
3421 3110 3514 3169 οὖν
3543 3113 3645 3183 τὴν
3685 3113 3865 3166 πίστιν

608 3203 932 3258 exsistentes
961 3211 1017 3258 et
1037 3205 1201 3259 caci:
1232 3218 1338 3260 non
1358 3220 1550 3276 segnes
1570 3216 1716 3272 sunt,
1739 3209 1832 3264 sed
1857 3218 1911 3265 et
1935 3216 2003 3265 ad
2019 3211 2182 3281 pedes

607 3296 733 3352 .lcsu
763 3297 1114 3366 objiciuntur,
1156 3308 1338 3368 utpote
1367 3301 1516 3356 illum
1543 3315 1703 3373 supra
1759 3305 2033 3361 hominem
2057 3321 2178 3363 esse

608 3390 1002 3456 existimantes,
1031 3392 1172 3444 unde
1197 3401 1250 3446 et
1287 3393 1604 3452 sanitatem.
1628 3397 1861 3452 assecuti
1905 3408 2051 3454 sunt.
2111 3400 2177 3454 Et

610 3491 663 3534 tu
684 3481 846 3551 igitur
861 3482 1092 3537 ascende
1115 3483 1168 3536 in
1207 3492 1440 3539 montem
1473 3487 1868 3556 mandatorum,
1898 3489 1986 3545 ubi
2025 3492 2176 3548 sedet

607 3571 802 3626 .lesus:
837 3571 954 3626 etsi
991 3587 1166 3628 caecus
1214 3573 1404 3639 fueris,
1463 3592 1568 3632 non
1606 3578 1794 3634 valens
1847 3581 2032 3644 videre
2083 3599 2178 3653 per

606 3663 836 3732 teipsum
868 3664 1009 3732 quod
1032 3663 1232 3719 bonum
1260 3681 1273 3718 :
1298 3675 1352 3719 et
1382 3666 1427 3720 si
1467 3665 1710 3734 claudus,
1734 3668 1923 3727 videns
1956 3672 2176 3742 quidem

608 3753 750 3822 quod
785 3755 1010 3821 bonum,
1047 3772 1152 3811 non
1177 3755 1359 3814 valens
1389 3767 1566 3815 autem
1605 3761 1672 3816 ad
1709 3763 1813 3824 hoc
1848 3766 2130 3832 pervenire
2160 3786 2174 3821 :

608 3855 664 3899 et
697 3845 738 3901 si
767 3848 983 3914 surdus,
1018 3849 1109 3917 qui
1141 3863 1314 3920 neque
1348 3851 1514 3906 alium
1546 3852 1734 3909 audias
1772 3857 2171 3926 admonentem,

609 3953 782 4008 neque
810 3938 975 3994 alium
1025 3941 1317 3999 admonere
1348 3943 1532 4000 valeas
1563 3961 1580 4000 :
1612 3957 1667 4002 et
1714 3945 1758 4002 si
1810 3949 2037 4006 mutilus
2076 3953 2172 4018 sis,

606 4045 712 4086 non
739 4030 923 4088 valens
939 4035 1229 4088 extendere
1258 4049 1472 4090 manum
1535 4039 1602 4092 ad
1657 4039 2057 4111 eleemosynam
2083 4065 2096 4099 :
2123 4055 2175 4098 et

607 4121 654 4175 si
681 4121 786 4174 alio
816 4122 1044 4190 quodam
1073 4123 1259 4178 morbo
1286 4133 1519 4194 teneare,
1553 4137 1864 4197 prosternas
1915 4141 1965 4187 te
1991 4131 2057 4187 ad
2081 4148 2174 4203 pe-

611 4212 703 4267 des
734 4211 858 4267 Jesu
883 4253 898 4279 ,
927 4224 980 4268 et
1015 4215 1240 4284 vestigia
1287 4217 1408 4272 vitae
1460 4219 1602 4274 illius
1650 4221 1888 4292 attinge,
1942 4225 2174 4282 curatio-

609 4319 841 4374 nemque
871 4305 1113 4362 habebis.

678 4397 841 4454 Vsus.
888 4399 978 4455 52.
1022 4419 1041 4454 ι
1077 4401 1232 4456 Jesus
1253 4413 1431 4458 autem
1463 4407 1668 4462 vocatis
1712 4409 1777 4462 ad
1805 4423 1866 4465 se
1894 4410 2174 4482 discipulis

2287 3213 2491 3274 αὐτῶν,
2521 3211 2636 3273 πῶς
2668 3210 2762 3264 καὶ
2790 3212 2870 3272 είς
2907 3209 2968 3261 τὸ
2994 3208 3118 3280 ὅρος
3150 3207 3471 3278 άνέρχονται
3512 3206 3677 3276 χωλοὶ
3715 3205 3866 3270 ὄντες

2288 3305 2382 3357 καὶ
2411 3303 2623 3369 τυφλοὶ,
2657 3302 2752 3355 καὶ
2779 3302 2840 3354 οὐ
2867 3298 3245 3363 κατοκνοῦσιν,
3271 3299 3408 3352 ἀλλὰ
3441 3300 3533 3351 καὶ
3575 3298 3713 3369 πρδς
3744 3299 3866 3359 τοὺς

2287 3394 2454 3457 πόδας
2486 3392 2768 3464 ῥίπτονται
2798 3391 2892 3445 τοῦ
2944 3388 3120 3462 Ἰησοῦ
3147 3433 3161 3457 ,
3192 3391 3267 3454 ὡς
3296 3390 3437 3460 ὑπὲρ
3467 3389 3761 3461 ἄνθρωπον
3785 3389 3867 3442 δο-

2285 3490 2509 3549 κοῦντες
2545 3487 2728 3550 αὑτὸν,
2771 3486 2894 3539 ὅθεν
2932 3487 3023 3538 καὶ
3051 3486 3151 3554 τῆς
3183 3486 3377 3547 ίάσιως
3413 3484 3626 3553 ἔτυχον.
3667 3484 3775 3536 Καὶ
3805 3483 3866 3535 σὺ

2286 3573 2378 3631 οὖν
2407 3577 2596 3631 ἄνελθε
2619 3579 2699 3640 τίς
2733 3575 2792 3630 τὸ
2830 3576 2959 3647 δρος
2995 3577 3104 3630 τῶν
3132 3576 3384 3639 ἐντολῶν,
3417 3575 3544 3628 ἔνθα
3572 3575 3812 3644 κάθηται
3840 3576 3868 3627 ὁ

2289 3668 2525 3737 Κύριος·
2568 3668 2676 3720 κᾶν
2716 3667 2916 3736 τυφλὸς
2962 3662 3049 3738 ᾖς,
3090 3667 3163 3738 μὴ
3210 3666 3504 3738 δυνάμενος
3538 3667 3633 3735 ἀφ’
3671 3665 3866 3720 tau-.03

2289 3759 2417 3813 ίδεῖν
2450 3760 2510 3812 τὸ
2541 3760 2705 3813 καλόν
2725 3776 2739 3790 ·
2768 3755 2872 3812 κᾶν
2906 3759 3098 3827 χωλὸς,
3132 3759 3345 3828 βλέπων
3379 3758 3476 3828 μὲν
3506 3758 3566 3810 τὺ
3592 3757 3780 3821 καλὸν,
3805 3757 3866 3810 οὗ

2282 3851 2584 3920 δυνάμενος
2605 3851 2663 3904 δὲ
2681 3853 2759 3913 είς
2785 3849 2917 3904 αὐτὸ
2944 3849 3118 3902 ἐλθεῖν
3136 3863 3151 3878 ο
3185 3847 3286 3901 κᾶν
3308 3847 3510 3916 κωφὸς,
3541 3849 3683 3917 μήτε
3708 3847 3867 3902 ἄλλου

2285 3943 2499 3998 ἀκούων
2522 3943 2946 4014 παραινοῦντος,
2999 3942 3136 4012 μήτε
3171 3940 3316 4011 ἄλλῳ
3347 3939 3676 4007 παραινέσαι
3711 3939 3866 3991 δυνά-

2289 4053 2448 4107 μενος
2471 4051 2484 4066 ·
2523 4036 2628 4089 κᾶν
2657 4035 2872 4099 κυλλδς,
2905 4036 3173 4094 τουτέστι,
3205 4033 3306 4103 τὴν
3337 4036 3491 4102 χεῖρα
3520 4034 3601 4095 είς
3636 4033 3865 4102 ἐλεημο-

2288 4129 2454 4199 σύνην
2487 4128 2560 4198 μὴ
2604 4127 2905 4196 δυνάμενος
2941 4123 3211 4178 ἐκτεῖναι·
3248 4125 3354 4178 κᾶν
3395 4123 3527 4177 ἄλλο
3579 4141 3633 4176 τι
3681 4126 3864 4193 νοσῇς,

2284 4222 2466 4274 πεσὼν
2517 4220 2667 4289 παρὰ
2697 4218 2822 4282 τοὺς
2853 4217 3018 4277 πόδας
3055 4216 3152 4269 τοῦ
3195 4214 3374 4286 Ἰησοῦ
3409 4215 3500 4268 καὶ
3545 4215 3657 4268 τῶν
3707 4214 3864 4285 ἰχνῶν

2280 4311 2372 4366 τοῦ
2401 4311 2516 4378 βίου
2540 4311 2746 4364 ἐκείνου
2775 4309 3070 4379 ἁψάμενος,
3098 4306 3506 4378 θεραπευθήσῃ.

2362 4425 2379 4458 ι
2435 4404 2492 4456 Ὀ
2525 4405 2582 4456 δὲ
2622 4403 2829 4474 Ἰησοῦς
2874 4401 3392 4472 προσκαλεσάμενος
3441 4401 3568 4463 τοὺς
3615 4399 3862 4472 μαθητὰς

610 4492 723 4545 suis
750 4491 884 4545 dixit
916 4508 931 4545 :
965 4491 1185 4549 Miseret
1241 4509 1325 4548 me
1356 4497 1546 4562 turbae,
1579 4509 1864 4568 prepterea
1895 4503 2037 4571 quod
2063 4503 2173 4572 jam

2286 4497 2471 4564 αὐτοῦ,
2513 4492 2632 4549 εἷπε
2655 4511 2670 4527 ·
2722 4495 3164 4564 Σπλαγχνίζομαι
3194 4495 3288 4546 ἐπὶ
3317 4493 3407 4546 τὸν
3433 4493 3614 4562 ὄχλον,
3653 4494 3736 4546 ὅτι
3763 4495 3860 4564 ήδη

614 4583 792 4636 triduo
835 4594 1186 4652 perseverant
1229 4587 1366 4656 apud
1399 4603 1503 4652 me,
1529 4599 1582 4644 et
1616 4605 1720 4645 non
1764 4592 1962 4647 habent
2038 4598 2177 4663 quod

609 4671 773 4726 edant
806 4690 819 4726 :
847 4681 903 4729 et
920 4674 1192 4730 dimittere
1239 4692 1331 4732 eos
1368 4676 1584 4747 jejunos
1617 4681 1762 4747 nolo,
1820 4696 1888 4738 ne
1925 4683 2180 4739 deliciaut

609 4763 803 4818 invia.
844 4782 862 4816 ι
917 4764 1108 4820 Turba:
1156 4767 1370 4836 quidem
1398 4784 1504 4824 non
1570 4771 1840 4826 audebant
1886 4788 2052 4843 panes
2087 4789 2181 4843 pe-

613 4863 746 4918 tere,
779 4863 962 4923 utpote
992 4859 1080 4923 qui
1129 4857 1194 4910 ad
1255 4857 1619 4927 recipiendam
1672 4861 1957 4916 sanitatem
2012 4875 2177 4916 vene-

611 4953 732 4998 rant
764 4959 784 4998 :
813 4945 926 5012 ipse
954 4955 1130 5002 autem
1157 4949 1461 5004 misericors
1485 4951 1777 5016 cxsistcns,
1814 4967 1997 5007 curam
2018 4953 2129 5022 agit
2161 4969 2175 5007 :

608 5047 662 5089 ct
690 5051 755 5092 ne
784 5038 906 5106 quis
936 5039 1114 5094 dicere
1150 5042 1316 5110 possit
1338 5043 1477 5108 quod
1532 5044 1634 5097 alia
1685 5045 1874 5098 viatica
1925 5044 2176 5110 habeant,

607 5129 802 5197 inquit,
863 5132 1003 5199 quod
1065 5133 1111 5187 si
1169 5135 1330 5188 etiam
1391 5135 1721 5200 habuissent,
1780 5137 2009 5193 fuissent
2049 5152 2176 5192 con-

610 5230 862 5290 sumpta:
897 5231 1005 5278 tres
1025 5226 1166 5280 enim
1211 5225 1319 5294 jam
1354 5228 1469 5282 dies
1501 5237 1642 5282 sunt.
1698 5229 1947 5284 Ostendit
1999 5238 2176 5285 autem

610 5312 755 5380 quod
779 5313 987 5385 alonge
1017 5317 1278 5382 venerint,
1303 5319 1554 5387 dicendo,
1587 5319 1665 5374 Ne
1696 5322 1949 5377 deﬁciant
1980 5323 2030 5376 in
2068 5324 2170 5377 via.

610 5402 736 5457 Haec
762 5415 936 5458 autem
992 5405 1210 5460 dicitad
1277 5408 1588 5478 discipulos,
1654 5412 1889 5466 excitare
1933 5427 2025 5467 eos
2080 5429 2173 5468 vu-

611 5498 728 5550 lens
758 5497 1016 5553 utdicant
1049 5498 1146 5568 ipsi
1177 5502 1314 5567 quod
1357 5503 1525 5570 possit
1570 5518 1663 5557 eos
1729 5504 1893 5571 alere,
1919 5507 2054 5560 sicut
2120 5516 2173 5559 et

610 5587 844 5656 quinque
897 5590 1118 5645 millia:
1181 5593 1274 5648 sed
1324 5592 1399 5646 illi
1468 5597 1640 5651 adhuc
1700 5598 1961 5666 sapientia
2019 5613 2174 5653 care—

610 5679 759 5730 bnnt.

688 5767 844 5824 VERS.
878 5772 965 5828 55.
1001 5791 1019 5824 ι
1079 5773 1140 5830 Ει
1166 5775 1349 5832 dicunt
1408 5777 1482 5833 illi
1516 5778 1760 5849 discipuli
1827 5779 1943 5849 ejus
1979 5801 1988 5834 :
2019 5781 2170 5837 Unde

2283 4587 2496 4656 ἡμέρας
2536 4589 2686 4655 τρεῖς
2722 4585 3091 4656 προσμένουσί
3137 4600 3264 4653 μοι,
3317 4585 3410 4636 καὶ
3443 4584 3543 4635 οὐκ
3583 4583 3770 4652 ἔχουσι
3812 4583 3861 4635 τί

2285 4680 2532 4748 φάγωσι,
2570 4678 2664 4730 καὶ
2695 4676 2963 4729 ἀπολῦσαι
2994 4675 3192 4738 αὐτοὺς
3235 4676 3451 4744 νήστεις
3492 4674 3554 4727 οὑ
3590 4674 3751 4739 θέλω,
3787 4677 3858 4744 μή

2283 4786 2413 4823 ποτε
2448 4766 2747 4822 ἐκλυθῶσιν
2774 4769 2830 4820 έν
2859 4769 2924 4839 τῇ
2966 4765 3090 4836 ὁδῷ.
3130 4785 3148 4817 ι
3186 4765 3249 4818 0i
3285 4767 3385 4836 μὲν
3411 4765 3559 4836 ὄχλοι
3589 4766 3688 4818 οὐκ
3713 4767 3858 4818 ἐτόλ-

2285 4877 2402 4930 μων
2435 4861 2627 4928 ἄρτους
2659 4857 2901 4927 αίτῆσαι,
2932 4855 3006 4920 ὡς
3035 4855 3128 4909 ἐπὶ
3151 4855 3417 4925 θεραπείᾳ
3446 4854 3716 4917 ἐλθόντες.
3754 4855 3856 4907 Αὑ-

2280 4951 2368 5014 τδς
2388 4951 2441 5003 δὲ
2468 4949 2849 5019 φιλάνθρωπος
2879 4946 2975 5011 ῶν,
3009 4947 3308 5018 φροντίζει·
3340 4947 3425 5000 ἵνα
3457 4946 3516 4998 δὲ
3545 4946 3622 5017 μὴ
3649 4947 3747 5019 ἔχῃ
3776 4963 3857 5008 τις

2281 5046 2457 5097 εἰπεῖν
2488 5043 2590 5107 ὅτι,
2623 5044 2790 5094 Ἀλλα
2821 5042 3007 5110 ἐφόδια
3023 5042 3226 5110 ἔχουσι,
3259 5039 3446 5108 φησὶν,
3474 5039 3537 5091 Ei
3566 5040 3661 5091 καὶ
3690 5035 3852 5106 εἶχον,

2279 5134 2638 5205 ἀνηλώθησαν
2665 5135 2749 5188 ἄν·
2779 5136 2927 5204 τρεῖς
2956 5133 3064 5202 γὰρ
3099 5133 3197 5203 ἠδη
3223 5133 3426 5202 ἡμέραι
3447 5131 3574 5187 εἰσί,
3603 5130 3852 5182 Δείκνυσι

2279 5231 2334 5284 δὲ
2361 5231 2443 5283 ὅτι
2478 5231 2572 5284 καὶ
2622 5229 2896 5300 μακρόθεν
2926 5225 3111 5299 ἦλθον,
3146 5229 3203 5281 ὲν
3236 5227 3313 5297 τῷ
3364 5228 3565 5295 λέγειν,
3621 5225 3736 5280 Ἱνα
3777 5227 3848 5296 μὴ

2280 5320 2578 5374 ἐκλυθῶσιν
2608 5322 2665 5373 ὲν
2692 5324 2757 5390 τῇ
2787 5321 2909 5390 ὁδῷ·
2941 5320 3110 5373 ταῦτα
3139 5321 3194 5372 δὲ
3237 5319 3387 5386 λέγει
3419 5319 3554 5388 πρὸς
3583 5317 3708 5380 τοὺς
3743 5335 3846 5386 μα-

2279 5412 2478 5483 θητάς,
2516 5412 2780 5480 διεγεῖραι
2819 5411 3016 5473 αὐτοὺς
3049 5411 3372 5481 βουλόμενος
3404 5410 3539 5480 πρὸς
3575 5410 3634 5461 τὸ
3678 5411 3847 5462 είπείν

2276 5505 2445 5574 αὐτῷ,
2472 5507 2552 5556 ὅτι
2575 5505 2806 5556 Δύνασαι
2835 5506 3029 5566 αὐτοὺς
3063 5504 3255 5573 θρέψαι
3273 5503 3348 5566 ὡς
3378 5503 3618 5568 καὶτοὺς
3651 5520 3844 5556 πεντα-

2278 5596 2594 5666 κισχιλίους·
2625 5596 2737 5649 ἀλλ’
2771 5598 2966 5650 ἐκεῖνοι
2993 5595 3403 5668 ἁνοηταίνουσιν
3431 5593 3530 5649 ἔτι.

2357 5800 2374 5835 ι
2418 5783 2526 5836 Καὶ
2576 5781 2826 5852 λέγουσιν
2861 5783 3007 5854 αὐτῷ
3060 5784 3106 5836 oi
3163 5782 3403 5853 μαθηταὶ
3459 5779 3644 5836 αὑτοῦ·
3681 5779 3841 5836 lli-0v:
