4080 6336
230 390 341 455 313

933 387 1389 449 ENARBATIO
1419 386 1501 448 ΙΝ
1543 384 2057 451 EVANGELIUM
2109 385 2502 448 MATTH/EI.
2544 411 2613 422 --
2641 385 2798 448 CAP.
2841 387 2997 450 XVI.

3415 380 3521 446 314

228 505 364 573 ἡμῖν
384 484 439 555 ὲν
468 499 678 572 ἐρημίᾳ
706 499 862 568 ἄρτοι
895 496 1164 557 τοσοῦτοι,
1194 496 1335 551 ὥστε
1366 495 1633 568 χορτάσαι
1661 496 1820 568 ὄχλον

1931 498 2089 555 nobis
2123 498 2176 553 in
2201 496 2492 553 solitudine
2522 509 2692 565 panes
2758 504 2866 552 tam
2916 493 3071 550 multi
3105 501 3164 549 ut
3214 499 3523 550 saturemus

226 595 522 660 τοσοῦτον;
575 613 594 646 ι
630 591 826 647 Καίτοι
877 591 985 645 ἔδει
1027 591 1267 645 συνιέναι
1316 591 1540 657 αὐτοὺς,
1580 591 1665 644 ὅτι
1724 589 1820 643 καὶ

230 689 500 760 πρότερον
535 684 754 750 πλείους
789 685 1107 756 ἐτράφησαν
1139 686 1196 737 ἂν
1232 683 1442 755 ἐρημία
1467 701 1483 716 ·
1515 683 1636 738 ἀλλ’
1663 683 1822 735 ἀναι-

238 782 451 851 σθήτως
482 778 699 848 ἔχουσιν
719 820 733 843 ,
766 775 834 830 ἶν’
864 778 992 832 ὅταν
1041 776 1161 847 ῖδῃς
1194 774 1420 841 τούτους
1471 775 1699 843 ὕστερον
1735 791 1824 827 σο-

236 875 368 941 φίας
399 869 670 942 τοσαύτης
698 870 952 941 πλήρεις,
993 867 1286 940 θαυμάζῃς
1317 871 1418 938 τὴν
1460 866 1556 924 τοῦ
1583 866 1822 938 Χριστοῦ

229 982 413 1037 χαριν.

309 1078 327 1109 ι
356 1056 465 1109 Καὶ
488 1055 639 1121 λέγει
662 1054 848 1117 αὐτοῖς
869 1054 898 1106 ὁ
927 1051 1157 1122 Ἰησοῦς·
1190 1051 1396 1113 Πόσους
1418 1050 1620 1121 ἄρτους
1641 1047 1821 1121 ῖχετες

233 1153 300 1206 Oi
328 1147 590 1204 δὲιεῖπον·
632 1147 830 1212 Ἑπτὰ,
866 1147 960 1202 καὶ
984 1146 1142 1214 ὀλίγα
1167 1145 1402 1227 ίχθύδια.
1434 1146 1545 1199 Καὶ
1569 1144 1824 1198 ὶκέλευσε

231 1246 348 1308 τοῖς
379 1245 556 1313 ὄχλοις
579 1243 873 1296 ἀναπεσεῖν
908 1239 1001 1293 ἐπὶ
1033 1239 1134 1310 τὴν
1165 1239 1267 1307 γῆν
1297 1255 1310 1268 ·
1353 1239 1447 1291 καὶ
1485 1237 1665 1291 λαϐὼν
1696 1237 1824 1300 τοὺς

232 1339 378 1391 ἑπτὰ
406 1337 605 1406 ἄρτους
631 1336 724 1387 καὶ
759 1333 886 1395 τοὺς
917 1331 1128 1402 ἰχθύας,
1164 1331 1572 1400 εὐχαριστήσας
1603 1328 1824 1395 ῑκλασε,

229 1432 330 1484 καὶ
362 1428 528 1481 ἔδωκε
569 1428 683 1488 τοῖς
728 1424 1001 1493 μαθηταῖς
1037 1421 1206 1477 αὐτοῦ
1234 1437 1246 1451 °
1283 1423 1333 1475 οῖ
1375 1421 1432 1474 δὲ
1475 1420 1720 1490 μαθηταὶ
1747 1418 1825 1490 τῷ

229 1520 396 1590 ὄχλῳ.
435 1519 544 1571 Καὶ
595 1517 796 1586 ἔφαγον
827 1516 1049 1578 ,πάντες
1101 1515 1196 1567 καὶ
1241 1513 1677 1585 ἐχορτάσθησαν,
1730 1512 1826 1566 καὶ

226 1609 373 1686 ἦραν
415 1613 477 1666 τὸ
507 1609 830 1680 περισσεῦον
868 1607 980 1662 τῶν
1017 1608 1352 1679 κλασμάτων
1381 1607 1524 1661 ἑπτά
1558 1606 1826 1676 σπυρίδας

230 1707 482 1776 πλήρεις.
513 1705 576 1757 Oi
599 1704 657 1757 δὲ
680 1703 952 1764 ἐσθίοντες
975 1698 1119 1774 ἦσαν
1148 1701 1581 1773 τετρακισχίλιοι
1604 1700 1820 1771 ἄνδρες,

227 1800 403 1870 χωρὶς
433 1797 710 1867 γυναικῶν
737 1797 833 1850 καὶ
864 1796 1111 1850 παιδίων.
1149 1815 1168 1848 ι
1204 1796 1496 1849 Εὐτὲλειαν
1526 1795 1820 1859 διδάσκων,

351 1862 455 1957 τὴν
481 1879 583 1958 γῆν
611 1886 912 1940 ἀνακλίνει·
951 1888 1295 1956 εὐχαριστεῖν
1327 1886 1382 1938 δὲ
1414 1885 1684 1938 διδάσκων
1716 1883 1822 1955 πρὸ
1855 1862 1897 1918 Β

228 1974 438 2045 τροφῆς
466 1975 632 2044 ἡμᾶς,
666 1975 984 2046 εὐχαριστεῖ
1010 1977 1104 2028 καὶ
1127 1976 1312 2038 αὐτός.
1353 1975 1591 2045 Ἐρωτᾷς
1619 1974 1676 2026 δὲ
1704 1974 1822 2037 πῶς

229 2067 350 2119 ἐκεῖ
385 2066 504 2136 μὲν,
542 2066 722 2121 καίτοι
756 2068 920 2120 πέντε
950 2068 1119 2121 ὅντων
1146 2068 1327 2137 άρτων
1349 2068 1447 2121 καὶ
1470 2085 1823 2140 πεντακισχι-

227 2159 362 2212 λίων
401 2159 508 2212 τῶν
545 2159 898 2230 τραφέντων,
942 2158 1152 2214 δώδεκα
1195 2162 1446 2231 κόφινοι·
1493 2160 1731 2215 ἐνταῦθα
1764 2161 1822 2215 δὲ

229 2251 498 2305 πλειόνων
530 2253 639 2305 τῶν
673 2252 856 2321 ἄρτων
893 2250 1065 2306 ὄντων
1093 2254 1187 2306 καὶ
1223 2253 1525 2308 ἐλαττόνων
1551 2252 1662 2307 τῶν
1689 2270 1824 2325 τρι-

232 2346 465 2413 φέντων,
516 2343 657 2397 ἑπτὰ
709 2344 967 2414 σπυρίδες
1011 2345 1444 2416 ὲπερίττευςανς
1493 2346 1685 2400 Ἔστιν
1730 2344 1825 2401 οὖν

229 2439 428 2500 εἰπεῖν,
461 2437 544 2488 ὅτι
577 2436 610 2506 ἦ
643 2436 701 2490 αί
730 2437 990 2508 σπυρίδες
1016 2437 1234 2508 μείζους
1260 2432 1403 2508 ἦσαν
1428 2437 1537 2493 τῶν
1563 2438 1821 2507 κοφίνων,

122 2555 124 2557 >
229 2529 265 2598 ἢ
303 2528 389 2582 ἵνα
425 2527 501 2598 μὴ
539 2530 572 2599 η
623 2529 805 2597 ίσότης
853 2528 945 2582 τοῦ
976 2528 1257 2599 θαύματος
1297 2531 1378 2592 είς
1413 2521 1597 2600 ’λήθην
1627 2530 1824 2595 αὐτοὺς

227 2620 466 2691 ἑμδάλῃ.
488 2619 549 2672 Ei
573 2621 685 2691 γὰρ
704 2623 796 2674 καὶ
819 2621 914 2675 νῦν
933 2621 1334 2693 ἐπερίσσευσαν
1357 2622 1565 2676 δώδεκα
1587 2624 1820 2692 κόφινοι,

229 2715 561 2769 ἐπελάθοντο
583 2714 650 2767 ἂν
667 2716 728 2767 ὲκ
749 2716 847 2785 τῆς
869 2715 1137 2784 ίσότητος,
1159 2716 1243 2768 ὅτι
1264 2716 1517 2785 δεύτερον
1547 2716 1825 2786 ὲθαυματ-

230 2806 505 2878 ούργησεν
536 2806 628 2860 ἐπὶ
655 2806 861 2877 ἄρτοις.
895 2806 967 2866 Συ
997 2806 1054 2860 δὲ
1102 2808 1198 2861 καὶ
1231 2807 1390 2860 τοῦτο
1426 2807 1617 2874 γνῶθι,
1649 2811 1732 2862 ὅτι
1774 2811 1824 2881 οἱ

229 2896 698 2967 τετρακισχίλιοι,
743 2895 1047 2958 τουτέστιν,
1092 2896 1140 2947 οί
1178 2894 1276 2957 τὰς
1314 2895 1588 2966 τέσσαρας
1621 2897 1824 2967 ἀρετὰς

231 2991 454 3061 ἔχοντες
483 2987 728 3052 τελείως,
752 2980 900 3041 οὗτοι
940 2989 1082 3042 ἑπτά
1115 2985 1322 3057 ἄρτοις,
1357 2987 1628 3051 τουτέστι,
1655 3005 1824 3040 πνευο

235 3083 636 3153 ματικωτέροις
662 3081 844 3149 λόγοις
880 3082 974 3136 καὶ
1013 3079 1369 3149 τελειοτέροις
1399 3081 1715 3149 τρέφονται.
1765 3081 1825 3134 '0

229 3175 344 3243 γὰρ
371 3173 511 3226 ἑπτὰ
539 3171 798 3242 ἀριθμὸς,
826 3171 937 3225 τῶν
969 3172 1112 3225 ἑπτά
1131 3171 1522 3241 πνευματικῶν
1544 3171 1824 3242 χαρισμά-

229 3282 344 3316 των
369 3263 431 3316 σύ
439 3263 658 3333 μόολον·
687 3264 1059 3319 ἀναπίπτουσι
1089 3264 1146 3318 δὲ
1166 3265 1262 3318 ἐπὶ
1287 3263 1386 3336 τὴν
1412 3264 1538 3335 γῆν,
1563 3265 1824 3318 ὑποκάτω

230 3357 418 3411 αὐτῶν
446 3357 690 3420 τιθέντες
719 3359 898 3412 πάντα
924 3358 992 3415 τὰ.
1017 3359 1203 3428 γήϊνα,
1239 3360 1336 3412 καὶ
1374 3357 1826 3421 καταπατοῦντες

230 3449 398 3514 αὐτὰ,
435 3449 622 3520 ὥσπερ
652 3451 748 3503 καὶ
778 3453 826 3504 οἱ
857 3450 1288 3521 πεντακισχίλιοι
1313 3450 1407 3505 ἐπὶ
1439 3451 1569 3516 τοὺς
1595 3453 1826 3521 χόρτους

228 3543 520 3607 ἀνέπεσον,
543 3543 812 3609 τουτέστι,
837 3545 936 3614 τὴν
955 3544 1135 3616 σάρκα
1158 3543 1252 3598 καὶ
1276 3543 1374 3615 τὴν
1391 3524 1550 3610 δόξαν
1565 3544 1825 3597 ὑποκάτω

229 3637 417 3690 αὐτῶν
452 3637 659 3691 ἔθεντο.
696 3657 714 3689 ι
749 3638 905 3691 Πᾶσα
940 3638 1050 3708 γάρ
1080 3638 1237 3709 σὰρξ,
1282 3638 1508 3709 χόρτος·
1544 3638 1642 3690 καὶ
1675 3639 1826 3691 πᾶσα

231 3727 529 3798 ἀνθρώπου
567 3728 717 3796 δόξα,
754 3729 830 3793 ὼς
862 3727 1024 3792 ἄνθος
1059 3713 1278 3801 χόρτου.
1320 3749 1339 3781 ι
1396 3728 1569 3783 Ἑπτά
1595 3730 1655 3784 δὲ
1687 3747 1828 3782 σπυ-

232 3821 384 3892 ρίδες
436 3820 672 3874 ἐνταῦθα
717 3821 786 3874 τὰ
835 3822 1086 3893 περιττά,
1141 3823 1279 3876 διότι
1333 3821 1684 3890 πνευματικὰ
1713 3825 1829 3878 ,καὶ

230 3906 548 3978 τελειότερα
585 3906 725 3979 ἦσαν
753 3908 788 3963 ἃ
823 3909 924 3963 οὐκ
967 3909 1314 3981 ἠδυνήθησαν
1360 3913 1592 3980 φαγεῖν·
1643 3914 1830 3968 ἐκεῖνα

229 3993 328 4050 οὖν
369 3998 768 4067 ἐπερίσσευσαν
816 4000 852 4055 ἃ
895 4001 1040 4056 ἑπτά
1082 4001 1340 4073 σπυρίδες
1391 4003 1665 4074 χωροῦσι,
1703 4023 1829 4058 του-

229 4093 439 4158 τέστιν,
485 4093 520 4148 ἃ
554 4093 715 4162 μόνον
745 4093 806 4147 τὸ
852 4095 1008 4162 ἅγιον
1058 4094 1288 4166 Πνεῦμα
1332 4090 1464 4150 οἶδε.
1522 4114 1542 4147 ι
1596 4096 1670 4150 Τὸ
1718 4098 1829 4170 γάρ

234 4185 462 4257 Πνεῦμα
493 4189 673 4242 πάντα
703 4189 920 4260 ὲρευλᾷ,
950 4189 1045 4243 καὶ⁸
1071 4189 1138 4243 τὰ
1166 4189 1307 4261 βάθη
1335 4189 1431 4244 τοῦ
1461 4188 1624 4245 Θεοῦ.
1655 4209 1675 4244 ι

312 4389 332 4424 ι
368 4371 478 4425 Καὶ
513 4370 793 4435 ἀπολύσας
827 4374 954 4436 τοὺς
982 4373 1200 4443 ὄχλους,
1230 4373 1395 4444 ὲνέὅη
1425 4375 1506 4438 είς
1529 4372 1828 4440 τὶνπλοῖον,

233 4465 335 4519 καὶ
368 4457 534 4536 ἦλθεν
564 4465 644 4528 είς
677 4465 748 4519 τά
777 4465 904 4536 ὅρια
937 4466 1226 4536 Μαγδαλά.
1261 4485 1281 4519 ι
1324 4468 1624 4538 ’Δναχωρεῖ
1655 4470 1684 4521 ό
1727 4469 1832 4538 ’1η-

1849 3217 1896 3279 C

1934 591 2145 650 turbam
2178 590 2422 659 tantum;l
2452 607 2470 640 ι
2503 589 2766 657 Quamvis
2785 603 2892 644 non
2923 587 3212 657 oportebat
3240 585 3359 640 illos
3381 583 3524 639 obli~

1931 694 2016 737 tos
2038 697 2181 748 esse,
2218 685 2362 752 quod
2391 691 2446 738 et
2495 683 2649 752 prius
2673 681 2856 751 plures
2886 679 3100 750 paverit
3123 679 3175 732 in
3208 677 3523 737 solitudine.

1928 776 2024 830 sed
2053 775 2253 846 stupidi
2285 785 2467 840 erant,
2498 784 2556 831 ut
2604 790 2726 830 cum
2762 782 2951 842 postea
2979 772 3080 827 hos
3131 771 3337 825 videris
3372 776 3525 824 tanta

1929 870 2194 939 sapientia
2216 868 2495 940 praeditos,
2519 867 2736 924 mireris
2759 865 2962 921 Christi
2983 864 3235 934 gratiam.

2002 1055 2167 1112 Vsus.
2212 1054 2401 1112 54-58.
2445 1073 2463 1106 ι
2497 1053 2563 1108 Et
2615 1052 2749 1108 dicit
2800 1052 2908 1108 illis
2940 1051 3143 1107 Iesus:
3177 1049 3319 1117 Quot
3349 1064 3521 1119 panes

1926 1149 2180 1207 habetis?
2234 1148 2313 1203 llli
2354 1156 2537 1203 autem
2597 1147 2858 1201 dixerunt
2895 1162 2909 1201 :
2950 1145 3195 1213 Septem,
3232 1153 3285 1198 et
3323 1157 3527 1210 paucos

1925 1247 2036 1318 82
2091 1244 2408 1315 pisciculos.
2475 1242 2541 1296 Et
2606 1240 2771 1310 jussit
2840 1241 3029 1294 turbas
3087 1238 3434 1294 discumbere
3474 1235 3526 1290 in

1932 1351 2102 1403 terra,
2129 1345 2184 1395 et
2217 1335 2449 1406 sumpsit
2485 1341 2694 1404 septem
2721 1348 2892 1403 panes
2921 1346 2984 1386 ac
3019 1332 3198 1400 pisces
3226 1349 3240 1386 :
3282 1340 3337 1384 et
3373 1338 3529 1399 post-

1927 1444 2088 1498 quam
2137 1430 2344 1499 gratias
2391 1425 2617 1496 egisset,
2676 1423 2860 1491 fregit,
2921 1419 3183 1488 deditque
3248 1415 3530 1487 discipulis

1926 1523 2041 1579 suis
2083 1539 2097 1576 :
2148 1519 2398 1595 discipuli
2422 1523 2606 1573 autem
2665 1516 2859 1597 turbae.
2899 1512 3384 1581 Comedcruntqne
3411 1524 3531 1565 om,

1924 1631 2048 1680 nes,
2081 1624 2136 1669 et
2165 1612 2394 1669 satttrati
2426 1619 2576 1666 sunt.
2603 1608 2669 1663 Et
2708 1608 3048 1664 sustulerunt
3080 1606 3224 1676 quod
3247 1610 3531 1672 supererat

1929 1705 2384 1774 fragmentorum,
2435 1711 2643 1769 septem
2701 1697 2978 1766 sportulas
3010 1696 3220 1766 plenas.
3254 1696 3325 1750 At
3348 1694 3403 1748 hi
3436 1693 3528 1761 qui

1929 1798 2302 1857 con.ederant,
2328 1802 2485 1850 erant
2536 1801 2734 1862 quater
2771 1789 2918 1844 mille
2951 1789 3078 1856 viri,
3113 1797 3310 1856 prmter
3334 1785 3530 1840 mulie-

1929 1907 2019 1946 res
2074 1898 2128 1943 et
2170 1903 2386 1956 pueros,
2427 1904 2445 1936 ι
2485 1883 2876 1953 Frugalitatem
2922 1883 3151 1943 docens,
3209 1892 3375 1948 super
3414 1887 3527 1932 ter-

1929 1995 2045 2035 ram
2089 1979 2407 2034 recumbere
2431 1976 2584 2044 jubet
2613 1993 2628 2030 :
2659 1983 2710 2030 et
2760 1976 2966 2045 gratias
2987 1988 3150 2044 agere
3181 1981 3309 2027 ante
3347 1970 3525 2028 cibum

1928 2086 2027 2126 nos
2051 2073 2270 2133 docens,
2319 2068 2522 2138 gratias
2572 2067 2684 2137 agit
2707 2075 2770 2121 et
2802 2069 2943 2136 ipse.
2973 2064 3156 2135 Rogas
3179 2075 3384 2127 autem,
3417 2076 3528 2132 quo

1928 2173 2090 2234 pacto
2123 2161 2232 2216 illic
2273 2159 2493 2229 quidem
2539 2173 2662 2213 cum
2693 2165 2878 2214 essent
2932 2157 3176 2228 quinque
3235 2170 3423 2225 panes,
3475 2165 3533 2210 et

1927 2252 2171 2321 quinque
2203 2249 2369 2304 millia
2431 2247 2546 2304 aliti
2578 2258 2784 2312 essent,
2835 2247 3125 2304 duodecim
3178 2247 3400 2315 eOpbini
3437 2261 3531 2303 su-

1927 2343 2249 2416 perfuerunt
2279 2359 2293 2396 :
2329 2341 2421 2398 hic
2450 2351 2632 2397 autem
2681 2356 2807 2396 cum
2855 2351 3044 2396 essent
3081 2341 3372 2410 pauciores
3431 2354 3534 2409 pa-

1927 2437 2144 2499 scendi,
2183 2446 2236 2490 et
2263 2435 2450 2505 plures
2483 2448 2676 2501 panes,
2705 2431 3195 2504 septemxsportae?
3229 2430 3342 2487 Dici
3367 2431 3533 2503 igitur

1929 2541 2118 2598 posset
2143 2527 2227 2583 vel
2256 2529 2400 2597 quod
2421 2538 2622 2599 sportae
2651 2528 2886 2594 majores
2919 2535 3106 2582 essent
3137 2526 3410 2596 cophinis,
3446 2524 3531 2578 vel

1927 2638 1998 2678 ne
2030 2622 2312 2692 aequalitas
2353 2621 2598 2678 miraculi
2624 2635 2719 2676 eos
2747 2620 2995 2675 oblivisci
3051 2619 3276 2675 faceret.
3314 2619 3450 2673 Nam
3485 2619 3530 2674 si

1927 2732 2074 2774 nunc
2114 2731 2328 2786 quoque
2352 2715 2753 2783 superfuissent
2779 2714 3065 2770 duodecim
3094 2712 3340 2781 cophini,
3373 2712 3528 2766 obliti

1927 2811 2160 2865 fuissent
2191 2811 2263 2863 ob
2291 2807 2680 2878 aequalitatem,
2745 2809 2888 2879 quod
2933 2809 3132 2860 iterum
3205 2804 3526 2860 miraculum

1927 2901 2148 2958 fecisset
2179 2901 2232 2956 in
2299 2901 2556 2970 panibus.
2597 2897 2677 2954 Tu
2740 2908 2923 2953 autem
2950 2907 3005 2952 et
3065 2899 3168 2952 hoc
3200 2897 3344 2952 scias
3380 2897 3522 2966 quod

1928 3003 2161 3064 quatuor
2216 2992 2403 3058 millia,
2443 2991 2545 3046 hoc
2569 2999 2671 3056 est,
2721 2990 2814 3058 qui
2869 2996 3104 3057 quatuor
3129 2988 3356 3042 virtutes
3380 2995 3532 3040 recte

1930 3086 2232 3152 possident,
2282 3086 2336 3140 hi
2367 3093 2574 3154 septem
2613 3083 2863 3152 panibus,
2899 3082 3003 3134 hoc
3033 3090 3141 3144 est,
3189 3079 3363 3148 magis
3416 3077 3529 3145 spi-

1933 3179 2218 3234 ritualibus
2249 3185 2304 3232 et
2349 3174 2607 3244 perfectis
2656 3173 3004 3229 sermonibus
3052 3181 3375 3240 pascuntur.
3425 3169 3530 3224 Se-

1931 3273 2218 3342 ptenarius
2240 3271 2386 3326 enim
2419 3283 2702 3332 numerus,
2737 3276 2946 3336 septem
2980 3265 3342 3335 spiritualium
3369 3266 3534 3318 dono-

1932 3382 2049 3421 rum
2081 3374 2164 3419 est
2187 3363 2516 3434 symbolum.
2554 3359 2916 3415 Discumbunt
2959 3368 3142 3412 autent
3211 3370 3376 3426 super
3420 3365 3533 3410 ter~

1931 3475 2070 3524 ram,
2099 3458 2227 3527 quia
2271 3456 2526 3510 omnibus
2562 3453 2796 3510 terrenis
2816 3453 3129 3522 superiores
3151 3457 3303 3515 sunt,
3333 3457 3387 3504 et
3420 3448 3535 3503 cal-

1930 3561 2056 3606 cant
2094 3565 2156 3604 ea
2187 3568 2200 3604 :
2227 3549 2372 3605 sicut
2403 3556 2459 3603 et
2491 3547 2730 3616 quinque
2758 3545 2927 3599 millia
2991 3559 3157 3613 super
3181 3541 3366 3604 fenum
3424 3540 3536 3597 dis-

1929 3645 2256 3707 cubuerunt,
2285 3644 2385 3696 hoc
2402 3650 2505 3706 est,
2531 3656 2750 3695 carnem
2771 3649 2824 3694 et
2840 3640 3067 3707 gloriam
3090 3642 3441 3706 subjeccrunt
3460 3637 3530 3692 ".

1937 3739 2175 3794 «Omnis
2223 3739 2368 3793 enim
2429 3751 2580 3798 caro,
2637 3735 2938 3790 fenumzet
2960 3734 3136 3790 omnis
3162 3731 3332 3804 gloria
3355 3729 3534 3785 homi-

1932 3835 2018 3887 nis
2039 3831 2292 3888 sicutllos
2326 3830 2517 3884 feni“.
2552 3849 2570 3882 ι
2596 3829 2811 3899 Septem
2834 3836 3012 3892 autem
3046 3835 3245 3896 sporta:
3292 3825 3396 3879 hoc
3417 3823 3536 3878 loco

1933 3926 2183 3988 residuae,
2216 3937 2282 3977 eo
2306 3923 2449 3992 quod
2477 3920 2784 3989 spiritualia
2820 3929 2873 3974 et
2913 3918 3236 3988 perfectiora
3270 3915 3527 3979 fuerunt,

1932 4033 2053 4086 quae
2077 4031 2180 4070 nou
2210 4023 2500 4085 potuerunt
2540 4014 2848 4067 comedere.
2883 4010 2977 4065 llla
3007 4011 3169 4079 igitur
3189 4017 3535 4080 supererant,

1933 4126 2054 4181 quze
2091 4119 2296 4179 septem
2351 4117 2549 4178 sporta:
2603 4108 2849 4175 capiunt,
2883 4105 2986 4160 hoc
3043 4113 3147 4169 est,
3187 4119 3307 4174 qua:
3387 4106 3538 4158 solus

1934 4213 2161 4259 sanctus
2191 4201 2432 4272 Spiritus
2485 4201 2609 4254 scit.
2640 4199 2872 4267 Spiritus
2915 4199 3060 4254 enim
3100 4199 3283 4253 omnia
3318 4208 3539 4253 scruta-

1937 4305 2044 4357 tur,
2075 4293 2238 4347 ctiam
2267 4291 2664 4361 profunditates
2697 4290 2813 4344 Dei.

2007 4384 2172 4440 Vens.
2209 4385 2298 4439 39.
2348 4402 2366 4436 ι
2408 4382 2473 4437 Et
2497 4382 2738 4437 dimissis
2770 4381 2945 4436 turbis
2975 4381 3296 4437 conscendit
3333 4379 3536 4446 navim,

1936 4478 2262 4548 venitquein
2296 4476 2431 4532 lines
2461 4475 2730 4546 Magdala.
2775 4493 2796 4526 ι
2829 4475 3047 4530 Secedit
3101 4472 3283 4529 Jesus.
3316 4473 3536 4527 Nullum

235 4557 388 4620 σοῦς,
425 4557 548 4609 ἐπεὶ
584 4555 738 4609 οὐδὲν
776 4557 906 4612 ἄλλο
951 4562 1175 4630 σημεῖον
1212 4559 1386 4613 ἐποίει
1427 4560 1647 4623 πλείους
1677 4561 1826 4632 αὐτῷ

1939 4572 2083 4627 enim
2115 4572 2327 4639 signum
2358 4570 2560 4640 plures,
2595 4579 2653 4623 ut
2678 4585 2804 4624 eum
2837 4577 3222 4638 sequerentur,
3254 4567 3535 4631 incitabat,

232 4648 552 4702 ἀκολουθεῖν
585 4647 660 4711 ὡς
690 4649 752 4701 τὸ
785 4649 893 4703 τῶν
923 4652 1123 4720 ἄρτων.
1145 4651 1312 4704 ’Ὥστε
1339 4653 1435 4705 καὶ
1466 4651 1695 4722 βασιλέα
1725 4653 1826 4706 αὐ.

232 4741 326 4792 τλν
367 4739 591 4809 ἔμελλον
631 4741 892 4810 ποιῆσαι,
930 4742 1006 4806 ὠς
1048 4744 1308 4814 Ἰωάννης
1348 4745 1534 4814 φησίν.
1572 4744 1692 4800 Ἵνα
1734 4741 1830 4800 οὖν

236 4833 390 4906 φύγῃ
416 4831 515 4905 τὴν
547 4833 648 4903 τῆς
676 4833 985 4906 τυραννίδος
1015 4835 1279 4906 ὑποψίαν,
1309 4836 1651 4908 μεταϐαίνει.

823 5083 1077 5138 ΚΕΦΔΛ.
1109 5081 1225 5153 ις’.

233 5225 374 5293 Περὶ
412 5223 525 5290 τῆς
553 5223 736 5294 ζύμης
763 5224 880 5297 τῶν
901 5227 1260 5294 Φαρισαίων.
1291 5227 1428 5297 Περὶ
1456 5227 1566 5295 τῆς
1597 5228 1668 5282 ἐν
1690 5231 1830 5283 Καιο

303 5297 523 5370 σαρείίςι
571 5295 1015 5370 ἐπερωτήσεως.
1073 5299 1247 5370 [18pr
1260 5295 1402 5370 τῆςλ
1429 5299 1830 5370 ἐπιτιμήσεως

305 5367 417 5422 τοῦ
443 5366 706 5435 Πέτρου,.
727 5366 888 5433 ὅπως
919 5367 1006 5436 μὴ
1038 5369 1294 5437 Χριστὸς
1323 5368 1508 5438 πάθῃ.

312 5497 331 5530 ι
360 5477 473 5532 Καὶ
499 5477 886 5550 προσελθόντες
920 5480 970 5532 oi
997 5480 1283 5549 Φαρισαῖοι
1314 5481 1408 5534 καὶ
1443 5482 1824 5550 Σαδδουκαῖοι,

235 5571 589 5643 πειράζοντες
636 5570 1006 5644 ἐπηρώτησαν
1046 5572 1210 5627 αὐτὸν
1250 5577 1476 5641 σημεῖον
1507 5577 1569 5628 ἐκ
1597 5576 1692 5630 τοῦ
1727 5579 1823 5630 οὐ-

237 5663 402 5733 ρανοῦ
427 5663 694 5729 ἐπιδεῖξαι
716 5665 920 5728 αὐτοῖς.
959 5684 976 5717 ι
1006 5665 1126 5719 Κᾶν
1154 5668 1266 5730 τοῖς
1288 5667 1526 5737 δόγμασι
1553 5668 1826 5722 διίσταντο

234 5757 522 5827 Φαρισαῖοι
565 5760 660 5811 καὶ
709 5759 1078 5825 Σαδδουκαῖοι,
1114 5759 1252 5814 ἀλλά
1296 5777 1353 5827 γε
1404 5760 1542 5814 κατὰ
1585 5763 1824 5833 Χριστοῦ

311 5921 352 5952 ἐ
396 5919 562 5978 Ευιίί.

640 5938 743 5989 τιιν,
793 5923 869 5977 l8.
951 5925 992 5953 τ’
1034 5922 1287 5990 lCor.:I,
1345 5925 1422 5978 ιο.

1939 4679 2101 4734 quam
2137 4664 2266 4718 illud
2302 4663 2446 4733 quod
2475 4664 2530 4717 in
2581 4661 3014 4728 multiplicandis
3047 4661 3282 4730 panibus
3313 4660 3534 4716 fecerat.

1937 4757 2014 4812 Ita
2048 4768 2104 4810 ut
2138 4756 2323 4822 etiam,
2369 4755 2830 4825 quemadmodum
2857 4752 3219 4820 altJoannes,
3258 4754 3312 4806 in
3353 4768 3536 4823 regem

1939 4850 2266 4920 assumpturi
2315 4859 2473 4904 erant
2535 4849 2684 4903 illum
2711 4849 2780 4902 ’³.
2840 4847 2998 4903 Unde
3049 4855 3105 4902 et
3157 4847 3382 4911 secedit,
3430 4862 3539 4917 quo

1939 4942 2243 5014 tyrannidis
2271 4941 2493 5012 effugiat
2531 4941 2928 5011 suspicionem.

2537 5091 2766 5148 CAPUT
2797 5091 2938 5148 XVI.

1941 5223 2018 5280 De
2050 5227 2306 5296 fermento
2336 5224 2762 5283 Pharisaeorum.
2799 5227 2874 5284 De
2902 5228 3046 5297 facta
3077 5225 3337 5282 Ca'sareaz
3371 5229 3542 5282 inter~

2014 5300 2306 5379 rogatione.
2345 5299 2417 5352 De
2459 5300 2817 5368 increpatione
2849 5297 2999 5353 Petri
3059 5299 3325 5353 renuenlis
3386 5302 3540 5355 (Αἰνί-

2010 5381 2153 5422 stum
2179 5380 2316 5438 patt.

2014 5485 2179 5541 Vens.
2214 5487 2263 5539 l.
2300 5504 2317 5536 ι
2347 5485 2414 5542 Εῑ
2441 5484 2681 5556 aggressi
2711 5484 2972 5540 Pharisaei
3033 5501 3138 5540 una
3163 5501 3282 5541 cum
3330 5484 3541 5540 Saddu-

1938 5579 2375 5644 caeis,lentantes
2391 5581 2794 5649 rogabanteum
2821 5581 3109 5651 utsignum
3130 5595 3161 5635 e
3189 5579 3326 5634 ρωιο
3349 5589 3540 5633 osten-

1936 5671 2089 5728 deret
2120 5672 2244 5727 sibi.
2286 5691 2304 5724 ι
2341 5672 2581 5727 Tametsi
2647 5674 2917 5743 dogmatis
2970 5673 3269 5728 dissideant
3328 5671 3541 5726 Saddu-

1941 5769 2034 5821 caci
2072 5779 2124 5821 ct
2158 5767 2445 5831 Pharisaei,
2483 5768 2838 5823 nihilominus
2893 5777 3074 5824 tamen
3139 5775 3327 5821 contra
3379 5763 3536 5823 Cbri-

1505 5925 1546 5954 ²²
1573 5922 1728 5980 dum.
1764 5941 1834 5993 Vl,
1885 5928 1965 5982 f7).
