4080 6336
598 362 705 428 315

1516 357 2100 421 THEOPHYLACTI
2136 355 2549 421 Βυωλιιιιε
2574 356 2943 423 ARCHIEP.

3747 358 3849 421 διο

605 485 745 529 stum
776 472 1103 541 conspirant.
1134 466 1355 538 Signum
1390 472 1573 520 autem
1606 481 1637 521 ο
1660 464 1801 521 creto
1844 474 2049 534 petunt,
2107 472 2165 519 ut

2275 464 2643 535 συμπνίουσι·
2683 467 2913 537 σημεῖον
2950 465 3006 519 δι
3049 465 3114 521 ἐκ
3152 466 3246 521 τοῦ
3289 465 3521 537 οὐρανοῦ
3564 466 3844 537 ζητοῦσιν,

603 566 797 619 sistere
845 562 1010 617 solem
1056 552 1139 614 vel
1164 559 1365 612 lunam.
1398 556 1792 612 Existimabam
1841 557 1985 611 enim
2027 556 2168 625 quod

606 656 757 725 signa
787 669 903 722 qum
938 666 1097 722 super
1126 660 1323 706 terram
1352 650 1570 717 fiebant,
1629 649 1893 707 diabolica
1974 650 2171 704 vinulo

606 758 661 802 et
687 748 739 801 in
771 744 1067 799 Beelzebub
1106 742 1319 801 ﬂerent.
1344 740 1667 812 ignorabant
1687 741 1827 795 enim
1857 740 2171 810 insipientes

607 837 745 907 quod
770 836 879 907 83
911 845 966 891 et
1016 834 1193 890 lloses
1246 833 1300 889 in
1338 831 1567 905 Egypto
1598 834 1761 888 multa
1792 834 1943 901 signa
2006 848 2168 903 super

612 941 807 984 terram
834 929 1057 992 fecerat,
1087 936 1139 982 et
1162 928 1338 999 ignem
1367 943 1397 982 e
1444 926 1578 981 cmlo
1613 926 1959 981 descendisse
2009 940 2170 997 super

607 1032 797 1088 pecora
842 1018 961 1082 lob,
990 1032 1019 1071 a
1064 1016 1280 1073 diabolo
1330 1024 1466 1083 erat,
1505 1025 1667 1087 atque
1694 1017 1827 1072 adeo
1858 1031 1962 1072 non
1988 1016 2167 1071 omnia

606 1124 775 1179 quae
797 1108 963 1175 casio,
990 1124 1018 1163 a
1053 1107 1163 1164 Deo
1197 1126 1210 1163 :
1249 1122 1423 1178 neque
1468 1122 1589 1177 qua:
1612 1108 1665 1163 in
1724 1117 1867 1162 terra
1896 1107 2099 1175 omnia,
2140 1122 2167 1163 a

607 1201 953 1256 daemonibus.
1079 1243 1082 1247 .
2040 1248 2043 1253 ,

681 1289 840 1347 Vsus.
872 1290 988 1346 2.4.
1026 1309 1046 1342 ι
1081 1290 1150 1344 At
1184 1290 1273 1347 ille
1310 1291 1667 1361 respondens,
1707 1291 1844 1347 dicit
1872 1292 1995 1349 eis:
2032 1293 2167 1348 Cum

608 1383 831 1451 cmperit
862 1396 982 1438 esse
1025 1397 1272 1453 vespera,
1309 1382 1509 1447 dicitis,
1538 1381 1814 1439 Seneritas
1864 1388 2000 1453 erit,
2050 1402 2171 1440 nam

611 1473 764 1527 rubet
814 1472 1031 1528 caelum.
1085 1472 1153 1527 Et
1198 1489 1396 1529 mane:
1431 1474 1599 1530 Hodie
1650 1483 1960 1546 tempestas,
2017 1481 2174 1533 rubet

610 1564 753 1617 enim
788 1564 984 1620 coelum
1018 1565 1185 1619 triste.
1230 1564 1567 1637 Hypocritaz,
1623 1567 1814 1624 faciem
1862 1571 1986 1626 cceli
2027 1571 2174 1627 scitis

610 1656 938 1726 dijudicare,
990 1660 1141 1729 signa
1174 1674 1305 1721 vero
1353 1672 1651 1731 temporum
1694 1680 1799 1719 non
1849 1667 2111 1735 potestis?
2151 1688 2166 1720 ι

610 1746 971 1816 Repreltendit
1002 1750 1313 1805 tentativam
1365 1752 1577 1807 illorum
1607 1754 1981 1822 quaestionem,
2010 1758 2175 1828 hypo-

612 1838 777 1893 t-ritas
819 1838 963 1907 ipsos
1006 1837 1314 1905 nominans,
1354 1852 1406 1895 et
1448 1844 1617 1913 inquit
1656 1864 1673 1899 ι
1711 1846 1863 1902 Sicut
1893 1849 2170 1918 signorum

611 1920 983 1996 apparentium
1020 1931 1070 1983 in
1099 1931 1237 1987 cmlo
1268 1932 1409 1987 aliud
1433 1933 1649 2004 quidem
1672 1935 2000 2006 pluvarium,
2027 1937 2169 1993 aliud

612 2029 789 2072 autem
829 2021 1137 2076 serenitatis
1184 2023 1440 2078 indicium
1493 2034 1611 2081 est:
1664 2038 1719 2083 et
1771 2043 1929 2084 nemo
1984 2031 2168 2088 videns
2216 2023 2217 2027 “

610 2110 909 2178 pluviarum
956 2112 1188 2182 signum,
1232 2116 1584 2171 serenitatem
1617 2118 1878 2188 requirit:
1913 2121 1994 2175 vel
2022 2137 2170 2178 sere;

612 2195 795 2252 uitatis
820 2196 1033 2266 signum
1063 2200 1283 2268 videns,
1316 2202 1521 2272 pluvias
1547 2205 1694 2260 timet
1722 2225 1735 2262 :
1780 2208 1859 2263 sic
1905 2219 1960 2265 et
1991 2211 2058 2267 de
2086 2227 2171 2268 me

610 2288 847 2357 cogitare
866 2297 1099 2359 oportet,
1126 2291 1269 2360 quod
1291 2293 1435 2349 aliud
1461 2294 1670 2365 tempus
1696 2297 1855 2369 huius
1882 2300 2167 2371 adventus,

611 2390 664 2435 et
692 2380 835 2436 aliud
870 2381 1056 2439 futuri.
1081 2382 1246 2440 Nunc
1281 2398 1417 2455 opus
1444 2396 1528 2442 est
1553 2389 1828 2447 miraculis
1873 2392 1928 2447 in
1976 2404 2116 2452 terra
2154 2413 2167 2451 :

612 2486 727 2538 qua
760 2480 934 2526 autem
969 2474 1019 2527 iu
1058 2474 1196 2529 ctelo
1243 2476 1405 2541 flent,
1454 2492 1623 2550 usque
1676 2481 1730 2536 in
1783 2482 1914 2538 illud
1964 2492 2173 2556 tempus

613 2563 1049 2631 reservabuntur,
1080 2580 1186 2635 quo
1222 2564 1304 2621 soi
1337 2568 1733 2640 exstinguetur,
1770 2573 1894 2628 luna
1929 2575 2169 2631 occulta-

612 2652 775 2719 bitur,
824 2655 1019 2733 caalum
1065 2656 1435 2714 lmmutabitur
1490 2661 1556 2714 “.
1620 2680 1638 2714 ι
1694 2663 1852 2719 Natio
1900 2680 2065 2735 prava
2121 2678 2175 2725 et

611 2744 851 2799 adultera
885 2742 1097 2817 signum
1126 2750 1374 2818 requirit,
1408 2763 1462 2808 et
1487 2753 1701 2823 signum
1735 2771 1839 2811 non
1865 2756 2079 2813 dabitur
2100 2760 2172 2825 el,

610 2830 714 2885 nisi
744 2834 952 2901 signum
974 2833 1122 2890 lente
1155 2839 1452 2907 prophetat.
1486 2842 1549 2897 Et
1582 2844 1781 2901 relictis
1811 2847 1937 2914 illis,
1966 2849 2117 2905 abiit.
2151 2870 2167 2901 ι

611 2917 771 2976 Natio
796 2922 952 2988 mala,
980 2933 1163 2995 utpote
1189 2934 1407 2986 tentans
1432 2947 1443 2984 :
1471 2940 1525 2985 et
1550 2932 1810 2998 adultera,
1838 2945 1897 2991 ut
1922 2940 2175 2995 deficiens

612 3025 641 3063 ιι
698 3009 835 3077 Deo,
896 3022 947 3068 et
1008 3015 1289 3074 adhaerens
1348 3020 1581 3077 diabolo.
1631 3023 1944 3084 Petentibus
1993 3040 2173 3085 autem

2270 550 2382 607 οἷον
2411 555 2561 625 ήλιον
2599 555 2822 624 στῆσαι,
2863 556 3115 628 σελήνην·
3147 556 3370 611 ἐδόκουν
3403 557 3511 629 γάρ
3542 559 3625 610 ότι
3653 558 3722 611 τά
3756 558 3846 608 ἐπὶ

2270 649 2369 717 τῆς
2399 650 2499 719 γῆς
2546 653 2768 721 σημεῖα,
2826 650 2935 705 άπὸ
2972 651 3291 722 δαιμονικῆς
3337 653 3620 722 δυνάμεως
3655 651 3751 705 καὶ
3790 654 3847 703 ἐν

2271 741 2600 806 Βεελζεϐοὺλ
2638 748 2897 811 γίνονται.
2946 744 3205 813 Ἰἰγνόουν
3241 746 3349 816 γὰρ
3390 747 3437 798 oi
3469 746 3716 815 ἀνόητοι,
3764 745 3846 796 ὅτι

2271 831 2366 883 καὶ
2396 833 2425 884 6
2448 831 2654 902 Μωσῆς
2683 835 2741 886 ὲν
2778 833 3039 903 Αἰγύπτῳ
3077 835 3246 890 πολλὰ
3289 838 3491 906 σημεῖα
3524 838 3587 889 ὲκ
3622 836 3721 905 τῆς
3746 835 3843 903 γῆς

2271 922 2516 994 ἐποίησε,
2558 926 2653 979 καὶ
2681 926 2741 981 τὸ
2777 928 2889 1000 πῦρ
2917 927 2977 981 τὸ
3020 927 3079 993 ἐξ
3108 929 3339 999 οὐρανοῦ
3368 927 3629 981 κατελθὸν
3658 928 3756 981 ἐπὶ
3780 926 3845 979 τὰ

2270 1016 2363 1068 τοῦ
2404 1014 2526 1070 Ἰὼϐ
2553 1018 2745 1089 κτήνη,
2779 1020 2887 1074 άπὺ
2907 1018 3000 1074 τοῦ
3026 1021 3272 1075 διαϐόλου
3304 1016 3391 1093 ἦν·
3418 1022 3559 1075 ὥστε
3581 1023 3642 1075 οὐ
3668 1022 3847 1077 πάντα

2270 1109 2339 1161 τὰ
2372 1110 2432 1175 ἐξ
2459 1109 2690 1181 οὖρανοῦ
2712 1151 2727 1177 ,
2755 1114 2818 1166 ἐκ
2861 1112 3021 1168 Θιοῦο
3048 1113 3166 1168 οὑδδ
3198 1115 3266 1169 τά
3294 1115 3359 1168 ὲκ
3388 1114 3490 1187 γῆς
3536 1116 3748 1179 πάντα,
3785 1118 3847 1169 ἐκ

2272 1200 2561 1272 δαιμόνων.

2348 1312 2367 1345 ι
2416 1294 2475 1347 '0
2503 1294 2560 1348 δὲ
2614 1297 2934 1367 ἀποκριθεὶς
2962 1293 3115 1353 εἷπεν
3142 1300 3346 1365 αὐτοῖς’
3390 1301 3582 1371 Ὀψίας
3618 1305 3845 1373 γενομέ-

2276 1395 2393 1453 νης,
2430 1385 2647 1465 λέγετε·
2683 1388 2871 1456 Εὐδία,
2908 1391 3181 1463 πυρράζει
3232 1392 3341 1464 γάρ
3378 1396 3406 1449 6
3442 1395 3693 1466 οὐρανός.
3741 1397 3851 1451 Καὶ

2276 1462 2435 1549 πρωέ
2485 1462 2746 1551 Σήμερον
2790 1462 3019 1553 χειμὼν,
3064 1462 3335 1556 πυρράζει
3390 1462 3849 1559 γὰρ-στυγνάζων

2275 1572 2302 1623 6
2330 1567 2559 1642 οὐρανός
2581 1588 2597 1605 ο
2633 1572 2950 1647 ὑποκριταὶ,
2972 1574 3030 1628 τὸ
3058 1574 3156 1647 μὲν
3188 1578 3477 1648 πρόσωπον
3502 1578 3596 1631 τοῦ
3617 1580 3850 1647 οὐρανοῦ

2276 1662 2570 1727 γινώσκετε
2604 1663 2925 1737 διακρίνειν,
2955 1666 3022 1720 τὰ
3059 1666 3115 1720 δὲ
3156 1671 3359 1739 σημεῖα
3388 1670 3495 1724 τῶν
3536 1670 3757 1743 καιρῶν
3788 1671 3849 1725 οὐ

2275 1754 2502 1808 δύνασθε
2528 1773 2541 1823 ;
2576 1773 2595 1808 ι
2618 1755 2863 1827 Ἐλέγχει
2885 1758 2985 1829 τὴν
3016 1761 3376 1831 πειραστικὴν
3393 1761 3573 1815 αὐτῶν
3599 1762 3849 1833 ζήτησιν,

2278 1847 2577 1919 ὑποκριτάς
2604 1848 2801 1913 αὐτοὺς
2838 1846 3143 1919 ὀνομάζων,
3177 1852 3272 1907 καὶ
3306 1854 3471 1923 φησὶν
3519 1856 3601 1907 ὅτι
3632 1855 3851 1923 Ὠσπερ

2275 1938 2382 1993 νῶν
2416 1941 2475 1994 ἐν
2510 1941 3096 2013 οὐρανῷ-φαινομένων
3138 1944 3266 1999 ἄλλο
3325 1947 3425 2016 μὲν
3457 1947 3553 2000 τοῦ
3583 1947 3852 2017 χειμῶνος

2230 2094 2235 2101 ⁵
2278 2033 2521 2102 σημεῖον,
2551 2033 2682 2087 ἄλλο
2706 2034 2763 2088 δὲ
2785 2034 2887 2105 τῆς
2920 2035 3123 2101 εὐδίας,
3155 2038 3251 2090 καὶ
3298 2038 3399 2092 οὐκ
3437 2038 3502 2093 άν
3533 2057 3615 2102 τις
3658 2039 3722 2092 τὸ
3753 2057 3850 2110 ση-

2279 2124 2429 2192 μεῖον
2461 2123 2555 2176 τοῦ
2600 2117 2873 2196 χειμῶνος
2922 2127 3066 2195 ίδὼν,
3108 2129 3353 2200 γαλήνην
3383 2130 3696 2201 ζητήσειεν,
3730 2126 3852 2184 οὐδὲ

2277 2211 2336 2267 τὺ
2362 2215 2462 2285 τῆς
2496 2215 2760 2288 γαλήνης,
2791 2219 3066 2290 χειμῶνα·
3096 2220 3238 2276 οὕτω
3272 2223 3365 2277 καὶ
3398 2224 3526 2295 περὶ
3546 2223 3681 2295 ἐμοῦ
3708 2224 3853 2293 λογίο

2278 2307 2470 2370 ζεσθαι
2496 2309 2626 2381 χρή.
2656 2310 2850 2376 ’Δλλος
2888 2312 2995 2383 γάρ
3044 2306 3198 2378 οὗτος
3224 2314 3324 2384 τῆς
3360 2316 3662 2386 παρουσίας
3683 2320 3711 2371 6
3732 2333 3854 2370 και-

2277 2396 2391 2467 ρὸς,
2424 2397 2522 2452 καὶ
2551 2398 2711 2463 ἄλλος
2739 2402 2768 2454 6
2810 2401 3023 2471 μέλλων
3046 2420 3060 2436 ο
3096 2403 3192 2457 νῦν
3222 2407 3381 2476 χρεία
3411 2404 3519 2469 τῶν
3559 2407 3618 2459 ὲν
3659 2410 3728 2478 τῇ
3758 2424 3855 2477 σηρ

2280 2486 2471 2556 μείων.
2499 2487 2580 2541 Τά
2603 2488 2662 2541 δὲ
2695 2490 2752 2543 ὲν
2790 2489 2869 2560 τῷ
2890 2490 3128 2561 οὐρανῷ,
3162 2492 3220 2547 ὲν
3256 2492 3449 2560 ἐκείνῳ
3474 2491 3549 2563 τῷ
3567 2492 3744 2564 καιρῷ
3760 2509 3855 2547 τα·

2279 2582 2548 2648 μιεύεται,
2581 2579 2670 2633 ὅτε
2722 2581 2751 2634 6
2793 2581 2945 2652 ήλιος
2989 2582 3370 2655 σδεσθήσεται,
3410 2586 3443 2655 ὴ
3486 2584 3683 2655 σελήνη
3721 2601 3857 2657 κρυ-

2276 2668 2568 2739 6ήσεται,ό
2592 2671 2819 2741 οὐρανὸς
2860 2672 3275 2745 άλλαγήσεται.ι
3307 2674 3475 2727 Γενεὰ
3508 2674 3723 2745 πονηρὰ
3756 2674 3856 2729 καὶ

2278 2759 2525 2829 μοιχαλὶς
2555 2764 2780 2831 σημεῖον
2807 2761 3078 2833 ἐπιζητεῖ,
3106 2762 3201 2816 καὶ
3234 2766 3459 2835 σημεῖον
3479 2765 3538 2817 οὐ
3564 2765 3853 2836 δοθήσεται

2274 2851 2437 2919 αὐτῇ,
2473 2850 2521 2902 εί
2551 2851 2626 2922 μὴ
2659 2851 2719 2905 τὸ
2774 2856 3002 2924 σημεῖον
3038 2854 3196 2908 Ἰωνᾶ
3243 2854 3336 2907 τοῦ
3396 2856 3703 2925 προφήτου,
3757 2854 3855 2907 καὶ

2278 2942 2592 2998 καταλιπὼν
2624 2943 2823 3008 αὐτοὺς
2853 2942 3087 3016 ἀπῆλθε.
3129 2965 3147 2999 ι
3174 2946 3398 3018 Πονηρά
3420 2946 3602 3015 γενεὰ,
3624 2946 3702 3010 ὠς
3734 2962 3856 2998 πει-

2244 3068 2246 3071 -
2279 3030 2554 3102 ρὰζοντες,
2604 3034 2884 3105 μοιχαλὶς,
2917 3036 2993 3101 ὼς
3028 3038 3387 3108 ἀφιστάμενοι
3426 3037 3521 3093 τοῦ
3567 3038 3726 3092 Θεοῦ·
3758 3039 3857 3092 καὶ

611 3103 819 3173 signum
846 3121 875 3161 e
897 3106 1055 3173 ctelo,
1084 3124 1187 3163 non
1209 3112 1300 3164 dat
1332 3112 1432 3166 nisi
1456 3114 1671 3183 signum
1703 3116 1850 3173 lunae
1873 3121 2168 3190 prophetae,

2279 3127 2611 3199 κολλώμενοι
2637 3103 2730 3199 τῷή
2750 3128 3004 3201 διαϐόλῳ.
3036 3103 3271 3201 Σημεῐον
3315 3132 3371 3184 δὲ
3402 3130 3461 3198 ὲξ
3490 3132 3724 3202 ούρανοῦ
3754 3135 3856 3202 ζη-

615 3194 715 3248 Ιιοο
747 3204 847 3261 est,
878 3200 1019 3265 quod
1046 3200 1097 3253 in
1131 3209 1321 3257 ventre
1340 3207 1516 3274 magni
1548 3209 1675 3276 ceti,
1702 3210 1801 3265 hoc
1826 3222 1929 3277 est,
1961 3218 2171 3283 mortis,

615 3284 786 3341 factus
812 3288 1111 3358 triduanus,
1139 3294 1543 3364 resurget.‘Hoc
1566 3310 1745 3355 autem
1771 3303 1983 3373 signum
2012 3308 2172 3363 etiam

611 3392 643 3432 e
680 3379 817 3434 cmio
843 3394 963 3437 esse
992 3382 1216 3440 dixeris.
1246 3385 1303 3439 lu
1336 3399 1507 3445 morte
1535 3392 1679 3446 enim
1708 3394 1826 3463 ejus
1854 3396 2177 3454 obtenebra-

614 3479 699 3526 tus
723 3481 805 3527 est
838 3472 948 3542 sol,
991 3485 1045 3530 et
1089 3489 1337 3533 creatura
1374 3484 1549 3537 onmis
1592 3482 1871 3542 immutata
1906 3500 2007 3545 est.
2043 3492 2176 3547 Vide

613 3572 793 3617 autem
837 3581 1175 3638 sermonem:
1215 3556 1500 3641 rSignum
1562 3590 1668 3631 non
1715 3580 1931 3635 dabitur
1977 3585 2024 3637 ei
2072 3586 2174 3640 nisi

610 3653 821 3723 signum
842 3654 988 3711 Jonte
1008 3661 1299 3728 prophetae.
1331 3680 1348 3714 ι
1380 3662 1513 3733 Ipsis
1532 3669 1673 3722 enim
1699 3668 1821 3724 data
1846 3682 1970 3727 sunt
1996 3676 2173 3745 signa,

614 3744 715 3801 hoc
743 3756 845 3813 est,
875 3759 1097 3820 propter
1122 3752 1269 3823 ipsos
1300 3752 1443 3810 facta
1469 3765 1625 3825 sunt,
1662 3762 1874 3817 tametsi
1910 3780 2013 3819 non
2053 3744 2174 3822 ere—

614 3836 868 3980 diderint.
900 3840 1132 3900 Proinde
1162 3845 1215 3900 et
1253 3844 1457 3903 relictis
1497 3848 1604 3904 illis
1644 3859 1701 3906 ut
1750 3852 2171 3924 incurabilibus,

614 3941 641 3978 a
681 3926 766 3980 iit.

613 3926 766 3983 abiit.

684 4118 846 4175 Vens.
889 4122 941 4183 5.
974 4124 1024 4178 6.
1058 4144 1075 4176 ι
1113 4124 1324 4181 Etcum
1363 4128 1635 4183 venissent
1674 4130 1918 4202 discipuli
1961 4134 2077 4205 ejus
2122 4139 2172 4193 iu
2226 4146 2228 4150 ‘

615 4209 922 4265 ulteriorem
973 4214 1175 4282 ripam,
1217 4231 1313 4285 per
1358 4216 1678 4273 oblivionem
1715 4236 1821 4276 non
1852 4228 2175 4294 acceperunt

614 4316 797 4369 panes.
831 4300 897 4355 At
928 4302 1081 4358 Jesus
1111 4306 1243 4359 dixit
1278 4306 1382 4362 illis
1411 4326 1424 4361 :
1460 4306 1642 4364 Videte
1684 4316 1736 4365 et
1769 4321 1956 4367 cavete
1986 4330 2013 4367 a
2064 4315 2173 4369 fer-

616 4400 797 4443 mento
830 4392 1223 4449 Pharisaeorum
1265 4404 1319 4449 et
1368 4396 1806 4455 Sadductcorum.
1845 4421 1863 4454 ι
1898 4404 2170 4470 Quemad-

2276 3216 2536 3284 τούντων,
2570 3219 2630 3271 ού
2652 3218 2867 3275 δίδωσιν
2894 3221 2942 3274 εί
2964 3220 3041 3291 μή
3092 3221 3153 3274 τδ
3189 3224 3415 3291 σημείον
3454 3220 3628 3288 Ἰωνᾶ,
3688 3240 3856 3277 τουτ-

2274 3310 2442 3377 έστιν,
2467 3311 2549 3365 ὅτι
2572 3314 2870 3383 τριήμερος
2897 3314 2953 3367 ἐν
2972 3318 3037 3385 τῃ
3056 3314 3233 3386 κοιλίᾳ
3262 3314 3357 3368 τοῦ
3385 3316 3625 3383 μεγάλου
3652 3317 3858 3386 κήτους

2274 3403 2368 3455 τοῦ
2422 3404 2657 3460 Θανάτου
2715 3406 3026 3477 γενόμενος,
3082 3407 3470 3479 ἀναστήσεται.
3504 3406 3676 3462 Τοῦτο
3717 3408 3775 3461 δὴ
3796 3409 3859 3460 τὸ

2276 3498 2522 3565 σημεῖον,
2553 3500 2645 3550 καὶ
2674 3495 2735 3562 ἐξ
2766 3498 2999 3569 οὐρανοῦ
3028 3499 3202 3564 είποις
3228 3499 3293 3555 ἂν
3312 3495 3473 3553 εἶναι.
3517 3500 3605 3553 Ἓν
3638 3501 3752 3572 γὰρ
3777 3501 3857 3571 τῷ

2277 3587 2490 3657 Θανάτῳ
2511 3588 2700 3653 αὐτοῦ,
2723 3588 2751 3641 6
2776 3589 2925 3659 ἥλιος
2954 3589 3242 3660 ἐσκοτίσθη
3264 3604 3278 3619 ·
3315 3592 3413 3643 καὶ
3436 3584 3469 3660 ἡ
3494 3590 3671 3654 κτίσις
3706 3593 3856 3645 πᾶσα

2275 3678 2555 3750 ἠλλοίωτο.
2593 3679 2738 3751 Ὅρα
2770 3680 2944 3749 δὲτὴν
2965 3680 3166 3747 λέξιν,ι
3209 3683 3441 3751 Σημεϊον
3472 3682 3533 3734 οὐ
3565 3681 3857 3753 δοθήσεται

2274 3774 2410 3846 αὐτῇ
2444 3775 2492 3828 εί
2518 3776 2594 3848 μὴ
2624 3775 2684 3828 τὺ
2725 3778 2952 3847 σημεῖον
2996 3777 3150 3831 Ἰωνᾶ
3208 3778 3301 3831 τοῦ
3341 3778 3647 3849 προφήτου.
3690 3797 3708 3829 ι
3750 3780 3859 3833 Αὐ-

2271 3870 2385 3931 τοῐς
2411 3866 2520 3938 γὰρ
2564 3866 2800 3921 ἐδίδοντο
2847 3867 2916 3921 τὰ
2973 3870 3197 3939 σημεῖα,
3241 3868 3509 3933 τουτέστι,
3556 3868 3627 3922 δι’
3658 3870 3858 3934 αὐτοὺς

2276 3958 2539 4027 ἐγίνοντο,
2574 3961 2678 4014 κᾶν
2711 3961 2910 4014 ἐκεῖνοι
2952 3960 3241 4029 ἠπίστουν.
3276 3962 3369 4015 Διὸ
3415 3961 3508 4016 καὶ
3537 3962 3857 4016 καταλιπὼν

2276 4049 2471 4113 αὐτοὺς
2496 4049 2569 4114 ὼς
2588 4051 3021 4123 ἀθεραπεύτους,
3052 4054 3320 4125 ἀπῆλθεν.

2354 4161 2372 4193 ι
2418 4143 2528 4195 Καὶ
2568 4144 2815 4208 ἐλθόντες
2870 4148 2917 4199 οὶ
2972 4146 3214 4217 μαθηταὶ
3255 4147 3423 4201 αὐτοῦ
3453 4150 3532 4212 είς
3564 4148 3623 4202 τὸ
3657 4150 3853 4220 πέραν,

2277 4234 2604 4289 ἐπελάθοντο
2644 4237 2841 4307 ἄρτους
2880 4238 3084 4291 λαδεῐν.
3130 4238 3188 4291 'O
3219 4240 3275 4292 δὲ
3317 4239 3525 4310 Ἰησοῦς
3571 4236 3727 4294 εἶπεν
3753 4241 3853 4296 αύ-

2280 4327 2421 4389 τοϊς’
2468 4324 2665 4396 Ὁρᾶτε
2694 4329 2787 4380 καὶ
2826 4329 3120 4399 προσέχετε
3148 4331 3256 4383 ἀπὸ
3277 4331 3374 4400 τῆς
3410 4329 3592 4400 ζύμης
3615 4333 3726 4385 τῶν
3752 4334 3857 4385 Φα-

2278 4419 2505 4487 ρισαίων
2546 4419 2639 4471 καὶ
2682 4420 3080 4475 Σαδδουκαίων.
3122 4441 3141 4475 s
3175 4424 3389 4495 Ὥσπερ
3422 4426 3452 4495 ὴ
3484 4424 3630 4497 ζύμη
3650 4424 3857 4495 ὀξώδης

614 4483 828 4536 modum
876 4481 1193 4540 fermentum
1241 4503 1482 4543 amarum
1535 4503 1617 4546 est
1666 4504 1719 4546 et
1772 4506 1960 4564 vetus,
2015 4502 2173 4554 itaet

2278 4481 2394 4560 εστὶ
2441 4510 2534 4562 καὶ
2586 4510 2811 4575 παλαιὰ,
2842 4511 2983 4565 οὕτω
3014 4515 3107 4567 καὶ
3159 4517 3192 4585 ή
3240 4481 3370 4569 τῶν.
3400 4481 3715 4588 Φαρισαίων

615 4572 1003 4629 Pliarismorum
1062 4588 1113 4631 et
1171 4580 1582 4636 Sndducaznrum
1650 4587 1891 4639 doctrina
1965 4592 2173 4645 mordet

617 4666 841 4729 animas,
873 4682 1052 4719 amara
1086 4672 1373 4739 exs’stens,
1400 4681 1451 4725 et
1476 4683 1685 4730 veteres
1714 4678 1982 4731 seniorum
2009 4683 2174 4734 tradi-

621 4759 793 4813 tiones
822 4760 1180 4816 iutrodueens.
1218 4764 1281 4817 Et
1302 4766 1441 4819 sicut
1466 4766 1785 4822 fermentum
1816 4782 2172 4838 temperatura

616 4864 696 4906 est
737 4868 884 4921 aqua)
936 4867 989 4908 et
1043 4855 1229 4911 farina:
1279 4876 1291 4910 :
1347 4861 1423 4913 sic
1477 4861 1717 4916 doctrina
1772 4862 2166 4919 Pharisaeorum

622 4946 776 4997 mistu
818 4956 899 4999 est
944 4965 1005 5000 ex
1073 4964 1317 5005 sermone
1362 4961 1414 5006 et
1477 4968 1539 5005 ex
1592 4955 1697 5008 vita
1739 4968 2009 5025 corrupta.
2062 4957 2174 5011 Non

620 5040 751 5090 dixit
783 5048 960 5092 autem
993 5041 1097 5095 illis
1127 5044 1438 5097 manifeste:
1474 5045 1667 5100 Cavete
1695 5064 1721 5099 a
1763 5048 2006 5101 doetriua
2034 5048 2174 5102 Pha-

617 5133 911 5197 rismorum,
946 5142 1001 5186 ut
1028 5146 1290 5190 memores
1318 5152 1408 5191 eos
1449 5135 1649 5193 faceret
1681 5140 1817 5210 signi
1846 5158 2062 5211 panum.

694 5313 853 5368 Vsus.
880 5317 1016 5371 7-H.
1055 5340 1071 5370 ι
1107 5320 1173 5375 At
1200 5322 1271 5374 illi
1298 5324 1610 5391 reputabant
1633 5326 1771 5380 intra
1798 5342 1874 5395 se,
1900 5330 2173 5385 dicentes:

624 5404 795 5459 Panes
844 5422 950 5459 non
1008 5413 1347 5478 sumpsimus.
1398 5414 1546 5479 Quod
1582 5416 1668 5469 ubi
1702 5420 1949 5487 cognovit
1996 5420 2173 5487 .lesus,

622 5498 753 5551 dixit
790 5498 928 5553 illis:
963 5502 1098 5567 Quid
1125 5504 1372 5571 cogitatis
1409 5507 1544 5559 intra
1592 5512 1869 5579 vosipsos,
1917 5526 1948 5563 ιι
1988 5529 2174 5579 parum

623 5588 879 5657 fidentes,
946 5594 1085 5660 quod
1134 5610 1298 5662 panes
1356 5611 1458 5651 non
1512 5603 1879 5672 sumpseritis?
1924 5604 2171 5661 Nondum

702 5773 739 5802 "
776 5772 963 5827 .‘latth.
1002 5791 1145 5841 xxiv,
1182 5779 1246 5835 ‘29

2281 4598 2656 4653 Σαδδουκαίων
2698 4602 3019 4656 διδασκαλία
3048 4604 3239 4660 ἔδακνε
3287 4608 3385 4672 τὰς
3421 4610 3621 4681 ψυχὰς,
3652 4609 3857 4679 ὀξώδης

2280 4684 2340 4743 οὗ
2354 4708 2435 4754 σα,
2463 4692 2556 4745 καὶ
2582 4693 2815 4758 παλαιὰς
2849 4696 3175 4767 παραδόσεις
3192 4701 3303 4754 τῶν
3332 4703 3724 4774 πρεσϐυτέρων
3746 4708 3857 4757 εἱσ-

2281 4784 2516 4849 άγουσα’
2564 4788 2657 4839 καὶ
2700 4786 2889 4856 ὥσπερ
2918 4790 2948 4859 ή
2978 4789 3123 4860 ζύμη
3148 4792 3327 4860 μίγμα
3362 4795 3510 4847 ἐστὶν
3537 4795 3729 4860 ὕδατος
3764 4801 3856 4852 καὶ

2284 4876 2537 4945 ἀλεύρου,
2591 4878 2737 4930 οὕτω
2788 4881 2879 4931 καὶ
2937 4882 3322 4950 ήδιδασκαλία
3378 4885 3486 4939 τῶν
3520 4888 3852 4959 Φαρισαίων,

2288 4969 2451 5039 μικτὴ
2483 4969 2544 5022 ἐκ
2567 4988 2623 5022 τε
2652 4971 2810 5039 λόγου
2844 4972 2939 5025 καὶ
2966 4973 3082 5042 βίου
3134 4974 3552 5048 διεφθαρμένου.
3587 4982 3705 5035 Οὐκ
3736 4982 3853 5038 εἶπε

2283 5054 2338 5107 δὲ
2368 5057 2549 5120 αὐτοῖς
2577 5061 2851 5130 φανερῶς.
2881 5063 3183 5135 Προσέχετε
3216 5067 3323 5119 ἀπὸ
3366 5070 3463 5139 τῆς
3505 5070 3853 5137 διδασκαλίας

2282 5147 2389 5199 τῶν
2414 5150 2742 5218 Φαρισαίων,
2780 5154 2865 5207 ῐνα
2923 5156 3214 5229 ὑπομνήσῃ
3243 5160 3441 5225 αὐτοὺς
3474 5163 3582 5216 τῶν
3614 5168 3853 5235 σημείων

2188 5243 2194 5249 ’
2282 5237 2389 5291 τῶν
2418 5239 2619 5309 ἄρτων.

2355 5333 2414 5384 Ol
2445 5333 2499 5384 δὲ
2518 5334 2877 5403 διελογίζοντο
2902 5338 2959 5391 ὲν
2994 5339 3174 5404 αὐτοῖς
3212 5342 3465 5412 λέγοντες
3493 5347 3601 5409 ὅτι,
3627 5350 3856 5419 ’Ἄρτους

2282 5422 2379 5475 οὐκ
2409 5425 2691 5498 ὲλάόομεν.
2724 5430 2889 5491 Γνοὺς
2920 5430 2975 5482 δὲ
3013 5434 3039 5485 ὁ
3075 5433 3280 5503 Ἰησοῦς
3302 5475 3315 5499 ,
3352 5433 3505 5491 εἶπεν
3555 5441 3764 5505 αὐτοῖς’
3793 5445 3855 5497 Ῥί

2282 5513 2651 5583 διαλογίζεσθε
2693 5520 2750 5571 ὲν
2773 5520 3007 5587 ἐαυτοίς,
3046 5523 3503 5594 ὀ).ιγόπιστοι,δτι
3538 5532 3735 5603 ἄρτους
3760 5535 3856 5587 οὐκ

2284 5606 2529 5672 ὲ).ά6ετε;
2565 5610 2732 5665 οὔπω
2758 5614 2924 5665 νοεῖτε
2967 5614 3085 5667 οὐδὲ
3120 5620 3491 5688 μνημον;ύετε
3514 5626 3637 5685 τοῦς
3696 5627 3857 5679 πέντε
