4080 6336
348 373 452 438 317

1061 369 1511 431 ENARRATIO
1555 370 1639 432 IN
1679 367 2186 431 EVANGELIUM
2217 360 2611 434 ΜΑΤΤἨΖΕῙ.
2638 398 2706 410 -
2738 374 2899 437 CAP.
2933 373 3092 436 XVI-

3519 373 3627 440 318

351 491 549 555 ἀρτους
587 486 695 540 τῶν
745 482 1224 552 πεντακισχιλίων.
1280 482 1376 535 καὶ
1431 482 1629 544 πόσους
1668 480 1916 549 κοφίνους

2036 476 2374 549 intelligitis,
2409 494 2583 550 neque
2638 482 2897 537 memoria
2966 481 3159 538 tenetis
3210 482 3452 554 quinque
3501 486 3624 545 illos

351 562 609 643 ἐλάϐετες
640 576 761 630 οὐδδ
816 575 1122 639 τοὺςέπτά
1177 574 1377 644 ἄρτους
1418 573 1527 627 τῶν
1583 590 1931 644 τετρακισχι-

349 671 502 731 λίων,
530 670 625 721 καὶ
678 670 850 733 πόσας
909 667 1180 737 σπυρίδας
1208 665 1431 719 ἐλάσετε
1458 684 1473 731 ;
1508 665 1633 728 Πῶς
1661 666 1722 718 οὐ
1754 667 1927 719 νοεῖτε

349 766 432 818 ὅτι
462 762 525 814 ού
560 762 689 832 περὶ
738 761 904 833 ἄρτου
943 756 1098 813 εἷπον
1128 761 1279 828 ὑμῖν,
1336 758 1644 829 Προσέχετε
1694 758 1803 810 ἀπὸ
1828 757 1930 827 τῆς

349 854 532 923 ζύμης
558 854 669 907 τῶν
700 852 1011 923 Φαρισαίων
1044 854 1137 905 καὶ
1161 849 1569 915 Σαδδουκαίωνς
1597 850 1735 903 Τότε
1761 846 1928 919 συνῆ-

350 963 452 1001 καν
481 946 565 998 ὅτι
591 944 692 998 οὐκ
729 940 851 996 εἷπε
884 943 1175 1012 προσέχειν
1208 942 1315 995 ἀπὸ
1345 943 1443 1013 τῆς
1478 941 1659 1011 ζύμης
1700 939 1794 995 τοῦ
1826 940 1927 1011 ἄρ-

347 1053 465 1099 του,
490 1035 629 1088 άλλά
650 1036 759 1088 ἀπὸ
779 1034 877 1104 τῆς
907 1034 1127 1103 διδαχῆς
1156 1034 1265 1086 τῶν
1300 1034 1613 1103 Φαρισαίων
1662 1033 1757 1086 καὶ
1787 1034 1927 1087 Σαδ-

346 1128 635 1181 δουκαίων.
683 1126 967 1197 Ἐνόμιζον
985 1126 1243 1181 ὄτι-τοῦτο
1280 1126 1469 1196 ἔλεγεν
1500 1126 1708 1192 αὐτοῖς,
1740 1127 1802 1180 τὸ
1828 1144 1929 1195 φυ-

347 1218 641 1273 λάττεσθαι
676 1218 769 1271 τὸν
795 1221 859 1272 ἐκ
905 1218 1033 1271 τῶν’
1060 1217 1372 1271 Ἰουδαϊκῶν
1410 1216 1719 1288 βρωμάτων
1768 1218 1930 1285 μολυ-

348 1310 509 1379 σμδν,
540 1309 620 1363 διὸ
647 1310 741 1363 καὶ
790 1308 1152 1375 διελογίζοντο
1216 1309 1299 1363 ὅτι
1338 1309 1539 1379 ἄρτους
1568 1309 1667 1362 οὐκ
1697 1308 1889 1362 ἐλαδον
1910 1324 1924 1340 ο

346 1400 598 1467 ὀνειδίζει
628 1397 721 1455 οὖν
749 1400 933 1463 αὐτοῖς
982 1400 1057 1465 ὡς
1105 1402 1356 1470 ἀνοήτοις
1386 1402 1479 1455 καὶ
1536 1401 1925 1469 ὀλιγοπίστοις.

348 1492 489 1547 Καθ’
512 1493 541 1547 δ
575 1494 675 1563 μὲν
707 1494 815 1565 γὰρ
848 1493 949 1547 οὐκ
986 1494 1341 1564 ἐμνήσθησαν
1382 1493 1571 1557 πόσοις
1600 1495 1787 1565 άρτοις
1828 1495 1927 1548 πό-

348 1602 476 1649 σους
501 1583 747 1655 ἔθρεψεν,
771 1583 1008 1653 ἀνόητον
1052 1584 1175 1637 καθ’
1214 1585 1243 1637 δ
1265 1584 1322 1637 δέ
1355 1585 1689 1654 ἠπίστησαν,
1714 1587 1797 1638 ὅτι
1826 1587 1927 1638 κᾶν

350 1675 426 1747 μὴ
460 1675 739 1745 ἠγόρασαν
784 1674 984 1745 ἄρτους
1045 1675 1104 1739 ἐξ
1151 1675 1459 1740 Ἰουδαίων,
1509 1676 1743 1745 ἠδύνατο
1786 1694 1927 1748 παρ-

349 1770 579 1836 αγαγεῖν
607 1768 790 1832 αὐτὸς,
815 1768 955 1822 κατὰ
977 1768 1135 1822 τοῦτο
1167 1768 1503 1838 ὀλιγόπιστοι
1524 1784 1539 1800 ⁸
1571 1769 1646 1832 ὡς
1674 1769 1730 1822 δέ
1748 1769 1926 1822 ἐπετί-

348 1876 523 1931 μησεν
553 1860 737 1925 αὐτοῖς
768 1861 1151 1931 σφοδρότερον,
1172 1862 1232 1915 οὐ
1258 1862 1369 1930 γάρ
1389 1858 1719 1931 πανταχοῦή
1748 1861 1923 1933 πραό-

342 1970 442 2021 της
475 1951 660 2017 καλὸν,
691 1952 894 2015 εὐθέως
921 1954 1163 2027 συνῆκαν
1184 1954 1265 2007 ὄτι
1312 1952 1492 2022 ζύμην
1522 1952 1621 2021 τὴν
1666 1952 1923 2006 διδασκα-

343 2044 468 2098 λίαν
499 2044 747 2098 ἐκάλεσε.
782 2042 1050 2098 Τοσοῦτον
1102 2044 1277 2115 ίσχύει
1326 2042 1605 2114 πανταχοῦ
1640 2043 1924 2115 ήεῠλογος

341 2138 686 2208 ἐπιτίμησις.

434 2426 453 2460 ι
477 2408 681 2465 Ἐλθὼν
706 2409 763 2464 δέ
869 2410 1076 2481 Ἰησοῦς
1107 2412 1184 2475 είς
1211 2411 1279 2465 τὰ
1298 2412 1441 2484 μέρη
1459 2414 1802 2485 Καισαρείας
1824 2416 1925 2484 τῆς

335 2502 627 2566 Φιλίππου,
666 2502 855 2574 ἠρώτα
881 2503 1009 2565 τοὺς
1040 2504 1293 2575 μαθητὰς
1321 2505 1512 2569 αὑτοῦ,
1543 2505 1753 2575 λέγων·
1786 2508 1920 2560 Τίνα

341 2610 409 2665 με
438 2594 691 2662 λέγουσιν
716 2597 763 2649 οἱ
794 2594 1074 2666 ἄνθρωποι
1104 2593 1266 2661 εῖναι,
1302 2598 1393 2651 τὸν
1420 2598 1548 2652 Υῖδν
1576 2599 1669 2652 τοῦ
1706 2599 1923 2669 ἀνθρώ-

335 2700 482 2751 που;
523 2704 543 2737 ι
576 2685 856 2757 Ἐμνήσθη
912 2686 1005 2738 τοῦ
1054 2687 1339 2751 κτίσαντος
1372 2689 1475 2761 τὴν
1522 2690 1696 2755 πόλιν,
1732 2693 1919 2763 ἐπειδή

332 2778 451 2830 ἐστι
484 2778 578 2831 καὶ
601 2777 736 2848 άλλη
789 2778 1114 2849 Καισάρεια,
1148 2781 1180 2850 ἡ
1221 2781 1563 2852 Στράτωνος.
1605 2784 1700 2835 καὶ
1730 2783 1830 2836 οὐκ
1860 2784 1919 2837 ἐν

331 2867 545 2939 ἐκείνῃ,
604 2867 720 2921 ἀλλ’
750 2870 809 2921 ἐν
837 2868 1011 2940 ταύτῃ
1067 2870 1267 2934 αὐτοὺς
1313 2872 1517 2943 ἐρωτᾷ.
1562 2872 1760 2943 Πόῤῥω
1809 2874 1919 2945 γάρ

329 2956 443 3009 τῶν
478 2958 748 3011 Ἰουδαίων
778 2960 983 3026 ἀπάγει
1042 2962 1169 3025 τοὺς
1204 2960 1481 3033 μαθητάς,
1504 2962 1581 3027 ὡς
1614 2963 1678 3017 ἂν
1715 2964 1921 3034 μηδένα

329 3047 677 3118 φοόούμινοι,
721 3050 860 3120 μετά
890 3046 1201 3123 παρρησίας
1230 3054 1446 3107 εῖπωσι.
1479 3054 1703 3123 Πρῶτον
1730 3055 1786 3109 δὲ
1814 3056 1914 3125 τὴν

2034 584 2225 639 panes,
2264 585 2387 627 cum
2420 571 2667 628 homines
2698 584 2883 629 essent
2912 575 3151 645 quinque
3181 576 3371 641 millia,
3407 587 3461 633 et
3489 592 3626 648 quot

2032 664 2295 732 cOphinos
2328 663 2699 721 sustuleritisi
2752 682 2925 737 neque
2979 678 3184 737 septem
3250 670 3369 725 illos
3428 687 3622 741 panes,

2032 767 2157 808 cum
2192 766 2374 810 essent
2405 765 2640 827 quatuor
2676 757 2864 822 millia,
2904 764 2958 813 et
2988 767 3123 827 quot
3153 768 3368 828 sportas
3395 776 3626 833 accepe-

2030 844 2197 900 ritis?
2233 846 2335 911 Qui
2377 846 2438 901 iit
2484 857 2545 901 ut
2588 861 2694 901 non
2743 848 3059 917 intelligatis
3105 865 3193 905 me
3229 865 3335 904 non
3385 855 3451 907 de
3481 869 3622 921 pane

2032 937 2234 993 dixisse
2246 939 2402 995 vobis
2428 939 2561 994 illud
2580 979 2595 1003 ,
2616 948 2676 995 ut
2696 940 2965 995 caveretis
2979 956 3005 994 a
3020 940 3135 1013 84
3154 942 3418 997 fermento
3432 944 3596 998 Phari
3611 975 3627 986 -

2033 1043 2264 1084 szeorum
2282 1041 2335 1087 et
2362 1032 2785 1087 Sadducarorum
2810 1032 2833 1085 ?
2858 1031 3011 1087 Tunc
3043 1033 3453 1097 intellexerunt,
3478 1035 3621 1102 quod

2031 1138 2139 1180 non
2157 1124 2409 1195 jussisset
2434 1138 2629 1180 cavere
2653 1139 2682 1177 a
2720 1123 2990 1179 fermento
3010 1124 3187 1193 panis,
3205 1126 3300 1180 sed
3319 1141 3348 1178 a
3373 1128 3620 1182 doctrina

2035 1217 2438 1272 Pharisaeorum
2461 1224 2513 1270 et
2538 1215 2988 1273 Sadducatorum.
3023 1234 3040 1265 ι
3064 1214 3460 1270 Existimabam
3481 1217 3624 1285 quod

2035 1309 2137 1363 hoc
2165 1306 2375 1361 diceret
2406 1306 2545 1371 illis,
2578 1316 2634 1359 ut
2665 1306 3003 1360 custodirent
3027 1322 3085 1361 se
3110 1323 3176 1362 ne
3200 1307 3625 1377 coinquinarcno

2032 1406 2126 1452 tur
2156 1414 2184 1451 a
2213 1396 2351 1452 cibis
2379 1395 2620 1451 Judaicis
2642 1438 2657 1463 ,
2709 1397 2937 1467 ideoque
2972 1396 3336 1466 loquebantur
3377 1398 3522 1453 inter
3566 1415 3625 1454 se

2030 1493 2172 1562 quod
2223 1506 2389 1560 panes
2427 1486 2531 1545 non
2562 1491 2921 1560 accepissent.
2983 1490 3290 1559 Exprobrat
3320 1492 3484 1559 igitur
3519 1490 3626 1547 illis

2030 1584 2170 1653 quod
2198 1593 2303 1638 tam
2334 1584 2535 1653 stupidi
2568 1591 2621 1638 et
2653 1590 2761 1636 tam
2792 1596 2973 1650 parvae
3003 1581 3129 1637 fidei
3158 1591 3343 1637 essent
3371 1599 3383 1635 ι
3413 1583 3622 1651 impru-

2030 1677 2220 1731 dentes
2251 1678 2393 1728 enim
2430 1684 2586 1729 erant
2626 1682 2681 1729 et
2704 1674 2939 1743 stupidi,
2983 1674 3125 1743 quod
3158 1688 3263 1728 non
3294 1675 3617 1744 cogitabant
3688 1741 3692 1744 ,

2031 1783 2196 1837 quam
2220 1769 2409 1838 paucis
2438 1768 2667 1837 panibus
2697 1766 2895 1821 multos
2926 1781 3087 1836 supra
3114 1766 3375 1834 aluisset;
3402 1777 3454 1822 et
3480 1768 3621 1837 quod

2030 1874 2214 1929 pauca:
2246 1857 2391 1923 iidei,
2425 1860 2567 1929 quod
2595 1859 2721 1929 quia
2754 1874 2858 1912 nou
2886 1868 3136 1912 emerant
3158 1874 3188 1912 a
3217 1857 3423 1914 Judaeis
3454 1873 3621 1927 panes

2029 1949 2339 2005 diiiidereut
2392 1951 2566 2019 ipsqu
2624 1964 2781 2019 posse
2828 1950 3082 2005 alicunde
3120 1952 3424 2021 acquirere.
3465 1952 3529 2006 Et
3559 1961 3620 2006 ut

2028 2044 2214 2097 acrius
2258 2056 2351 2096 eos
2390 2040 2710 2111 perstrinxit
2747 2045 2877 2111 (non
2920 2040 3063 2095 enim
3109 2040 3310 2110 ubique
3359 2042 3501 2095 bona
3537 2052 3623 2097 est

2028 2134 2434 2205 mansuetudo),
2459 2134 2644 2189 statim
2715 2132 3107 2187 intellexerunt
3129 2132 3269 2199 quod
3298 2132 3622 2189 fermentum

2030 2225 2335 2281 doctrinam
2358 2222 2877 2281 vocasset.Tantum
2900 2224 3099 2294 ubique
3117 2224 3263 2280 valet
3285 2225 3621 2281 rationabilis

2028 2318 2349 2387 increpatio.

2100 2408 2271 2463 Vsus.
2306 2409 2392 2465 15.
2429 2427 2447 2461 ι
2484 2408 2620 2464 Cum
2652 2410 2889 2466 venisset
2926 2418 3106 2465 autem
3138 2409 3297 2465 Jesus
3341 2410 3394 2464 in
3436 2418 3621 2481 partes

2026 2503 2285 2559 Caesareae
2343 2502 2623 2574 Philippi,
2673 2503 3045 2575 interrogabat
3093 2503 3396 2573 discipulos
3450 2518 3619 2570 suos,

2026 2595 2252 2649 dicens:
2296 2594 2466 2661 Quem
2526 2610 2611 2649 me
2667 2596 2855 2650 dicunt
2906 2596 3152 2651 homines
3211 2611 3367 2657 esse.
3420 2595 3615 2651 Filium

2028 2688 2308 2743 hominis?
2352 2706 2369 2739 ι
2416 2687 2664 2743 Meminit
2706 2688 2824 2757 ejus
2866 2689 2957 2759 qui
3005 2688 3283 2744 civitatem
3333 2688 3617 2754 condidit,

2027 2779 2151 2849 quia
2181 2786 2340 2832 estet
2370 2776 2474 2831 alia
2510 2777 2760 2833 Caesarea
2794 2777 3071 2837 Stratonis
3098 2818 3114 2845 ,
3145 2787 3199 2832 et
3232 2793 3338 2833 non
3384 2779 3439 2832 iu
3490 2778 3615 2843 illa,

2025 2870 2119 2926 sed
2166 2870 2218 2923 in
2257 2869 2359 2924 hac
2401 2869 2522 2925 illos
2571 2871 2895 2941 interrogat.
2944 2869 3138 2926 Procul
3170 2869 3314 2925 enim
3360 2885 3387 2922 a
3419 2867 3623 2924 Judazis

2026 2961 2250 3016 abducit
2301 2961 2615 3031 discipulos,
2668 2972 2728 3016 ut
2784 2962 2990 3017 nullum
3041 2962 3295 3017 timentes
3346 2961 3515 3017 libere
3556 2975 3622 3017 ac

2028 3052 2258 3107 ﬁdenter
2303 3052 2507 3107 dicant.
2546 3052 2788 3108 Primum
2827 3066 3007 3108 autem
3045 3065 3399 3122 percontatur
3437 3053 3621 3110 multi-

327 3140 426 3195 τοῦ
450 3141 687 3212 πλήθους
714 3144 897 3214 ἐρωτᾷ
928 3144 1224 3215 ὑπόληψιν,
1268 3146 1358 3199 ῖνα
1404 3148 1483 3223 είς
1534 3146 1761 3217 μείζονα
1819 3148 1915 3201 άν-

2033 3142 2237 3198 tudinis
2272 3145 2603 3213 opinionem,
2648 3154 2707 3198 ut
2755 3145 2821 3199 ad
2869 3146 3245 3200 sublimiorem
3276 3148 3623 3202 adducantur

336 3236 633 3306 ενεχθῶσιν
658 3236 891 3301 ἔννοιαν,
923 3238 1017 3291 καὶ
1042 3239 1117 3308 μὴ
1136 3240 1215 3300 είς
1240 3238 1337 3307 τὴν
1360 3238 1529 3309 αὐτὴν
1548 3240 1916 3309 ταπεινότητα

2024 3233 2438 3303 cogitationem,
2468 3243 2525 3287 et
2565 3235 2726 3301 nein
2758 3236 3032 3302 eamdem,
3072 3237 3124 3290 in
3158 3252 3321 3307 quam
3356 3238 3619 3308 plerique,

327 3330 445 3389 τοῖς
480 3326 693 3391 πολλοῖς
723 3330 964 3382 πέσωσιν
985 3345 998 3358 '
1030 3331 1132 3382 οὐκ
1162 3332 1343 3400 ἐρωτᾷ
1366 3330 1443 3396 δέ,
1473 3330 1611 3385 Τίνα
1641 3349 1708 3399 με
1727 3330 1918 3399 λόγου-

328 3434 423 3483 σιν
450 3420 500 3471 οί
516 3420 807 3490 Φαρισαῖοι
834 3440 846 3488 ;
873 3421 1010 3487 ἀλλ’,
1040 3422 1103 3476 Oi
1128 3421 1431 3491 ἄνθρωποι,
1462 3423 1592 3493 περὶ
1608 3422 1702 3476 τοῦ
1722 3419 1916 3477 ἀδόλου

328 3508 578 3580 πλήθους
611 3511 806 3577 λέγων.

409 3620 431 3655 s
466 3603 527 3654 Oi
556 3602 610 3653 δὲ
636 3597 826 3655 εἷπον·
862 3603 924 3655 Ol
983 3602 1081 3672 μὲν
1130 3603 1387 3675 Ἰωάννην
1436 3603 1529 3657 τὸν
1578 3606 1913 3676 Βαπτιστὴν,

326 3692 483 3747 ἄλλοι
517 3693 574 3746 δὲ
618 3693 838 3746 Ἠλίαν
893 3693 1071 3764 ἕτεροι
1129 3693 1187 3747 δὲ
1223 3693 1585 3765 Ἰερεμίαν,ἦ
1641 3696 1741 3750 ἐνα
1799 3695 1911 3749 τῶν

331 3785 653 3856 προφητῶν.
690 3804 707 3836 ι
747 3786 811 3837 Oi
866 3784 1265 3856 μὲνἸωάννην
1319 3786 1483 3840 αὐτὸν
1525 3787 1912 3857 ὀνομάζοντες,

325 3870 471 3945 ἦσαν
496 3874 568 3936 ὼς
604 3875 633 3925 6
674 3874 943 3946 Ἡρώδης,
976 3873 1297 3943 νομίζοντες
1345 3877 1437 3930 τὸν
1481 3876 1737 3947 Ἰωάννην
1775 3878 1915 3948 μετά

327 3968 429 4037 τὴν
465 3966 765 4021 ἀνάστασιν
800 3966 1077 4021 καὶτοῦτο
1108 3968 1168 4019 τὸ
1192 3970 1443 4039 χάρισμα
1472 3968 1683 4035 λαθεῖν,
1716 3971 1776 4022 τὸ
1806 3971 1906 4041 τῆς

327 4058 810 4130 θαυματουργίας’
839 4060 888 4112 oi
950 4059 1007 4113 δέ
1048 4061 1269 4126 Ἠλίαν,
1321 4062 1409 4115 διὰ
1462 4062 1522 4114 τὸ
1572 4062 1911 4131 ἐλεγκτικὸν,

325 4151 424 4204 καὶ
457 4150 547 4204 διὰ
574 4151 634 4204 τὸ
658 4150 1065 4223 προσδοκᾶσθαι
1106 4152 1187 4205 δτι
1223 4152 1503 4206 ἐλεύσεται
1528 4169 1541 4182 ·
1578 4154 1627 4206 οῖ
1656 4153 1712 4206 δὲ
1746 4152 1913 4223 Ἰερε-

326 4241 482 4310 μίαν,
526 4242 611 4293 διὰ
632 4240 695 4293 τὸ
728 4240 999 4309 αὐτοφυὲς
1030 4240 1133 4311 τῆς
1186 4240 1371 4308 σοφίας
1416 4242 1513 4294 καὶ¹
1556 4241 1688 4294 ἀνευ
1737 4243 1914 4311 μαθή-

329 4351 471 4396 σεως
498 4351 513 4364 ο
546 4337 573 4386 6
628 4336 739 4405 γάρ
781 4333 1074 4405 Ἱερεμίας,
1128 4352 1143 4363 ·
1177 4336 1259 4399 αῖς
1290 4334 1366 4387 ὢν
1422 4336 1501 4397 είς
1572 4334 1912 4405 προφητείαν

320 4427 557 4497 ἐτάχθη.

398 4627 418 4661 s
463 4608 628 4677 Λέγει
692 4608 909 4673 αὐτοῖς·
948 4608 1141 4676 Ὑμεῖς
1179 4609 1236 4661 δέ
1259 4608 1383 4662 τίνα
1414 4626 1479 4679 με
1502 4608 1689 4676 λέγετε
1720 4604 1859 4664 εἶναι
1892 4628 1909 4678 ;

316 4699 677 4770 Ἀποκριθεὶς
710 4700 765 4753 δὲ
793 4701 977 4770 Σίμων
999 4700 1228 4771 Πέτρος,
1252 4699 1372 4754 εἶπε
1393 4716 1405 4729 ·
1438 4702 1509 4757 Σὺ
1540 4697 1592 4755 εἴ
1616 4702 1643 4752 6
1672 4702 1910 4772 Χριστὸς

317 4792 347 4841 6
372 4791 501 4855 Υἱὸς
529 4792 623 4845 τοῦ
655 4791 789 4845 Θεοῦ
820 4792 913 4845 τοῦ
956 4791 1178 4856 ζῶντος.
1217 4811 1234 4843 ι
1267 4792 1381 4845 Καὶ
1410 4792 1571 4845 πάλιν
1588 4792 1665 4856 ὠς
1701 4794 1906 4863 θερμὸς

316 4885 346 4937 6
381 4885 585 4954 Ιιέτρος
630 4884 907 4954 προπηδᾷ,
964 4884 1057 4936 καὶ
1105 4882 1362 4954 ὁμολογεῖ
1394 4883 1613 4953 άληθῶς
1636 4884 1799 4938 αὑτὸν
1826 4882 1907 4939 εἷ-

317 4994 407 5029 ναι
444 4977 535 5028 τὸν
573 4974 700 5027 Υίὺν
731 4975 824 5029 τοῦ
866 4975 1021 5030 Θεοῦ.
1054 4978 1126 5030 υύ
1179 4977 1287 5046 γάρ
1337 4972 1481 5040 εἷπε,
1520 4978 1590 5030 Σὺ
1621 4973 1673 5030 εἶ
1705 4978 1733 5031 6
1771 4979 1907 5046 Χρι-

317 5065 443 5128 στὸς
469 5066 596 5129 Υίδς
622 5064 715 5118 τοῦ
749 5064 909 5131 Θεοῦ,
941 5070 1108 5137 χωρὶς
1142 5067 1235 5121 τοῦ
1259 5072 1293 5123 ό
1326 5068 1557 5139 ἄρθρου,
1600 5070 1736 5123 ἀλλά
1764 5074 1905 5142 μετά

313 5158 411 5211 τοῦ
444 5158 670 5228 ἄρθρου,
718 5161 749 5211 ό
787 5158 943 5224 rule,
978 5160 1280 5226 τουτέστιν,
1312 5160 1475 5224 αὐτὸς
1514 5163 1721 5226 ἐκεῖνος
1765 5166 1793 5217 6
1825 5158 1905 5228 εἷς

315 5251 412 5302 καὶ
445 5250 627 5319 μόνος,
650 5249 710 5301 οὐ
740 5252 924 5319 χάριτι
970 5250 1121 5315 Υίδς,
1158 5249 1276 5304 ἀλλ’
1320 5253 1348 5304 6
1382 5250 1439 5317 ἐξ
1472 5253 1642 5324 αὐτῆς
1672 5254 1771 5325 τῆς
1808 5256 1902 5308 οὺ-

317 5341 438 5404 σίας
468 5341 560 5393 τοῦ
588 5342 801 5412 Πατρὸς
831 5341 1140 5411 γεννηθεὶς,
1167 5344 1289 5397 ἐπεὶ
1318 5344 1411 5397 καὶ
1454 5346 1679 5415 Χριστοὶ
1712 5347 1900 5402 πολλοὶ

312 5428 475 5503 ἦσαν,
500 5434 546 5485 οἱ
579 5435 742 5501 ἱερεῖς
764 5435 963 5498 πάντες
987 5437 1081 5489 καὶ
1108 5436 1156 5487 οί
1182 5436 1443 5507 βασιλεῖς,
1464 5440 1578 5491 ἀλλ’
1608 5442 1635 5493 6
1664 5441 1903 5511 Χριστὸς

315 5523 459 5594 μετά
486 5524 577 5577 τοῦ
611 5523 841 5595 ἀρθρου,
871 5520 951 5587 εἷς
983 5528 1153 5582 ἐστιν.

388 5634 408 5667 ι
448 5617 558 5670 Καὶ
579 5617 898 5687 ἀποκριθεὶς
924 5622 950 5671 6
980 5620 1211 5690 Ἰησοῦς,
1238 5618 1393 5675 εἶπεν
1417 5622 1588 5695 αὐτῷ·
1611 5625 1899 5695 Μακάριος

313 5704 381 5773 εἴ,
410 5708 595 5780 Σίμων
621 5710 735 5780 Βᾶρ
769 5713 945 5777 Ἰωνά,
982 5714 1062 5766 ὅτι
1090 5713 1229 5784 σὰρξ
1270 5715 1368 5768 καὶ
1397 5710 1537 5785 αἷμα
1565 5718 1665 5770 οὐκ
1688 5718 1903 5772 ἀπεκά-

316 5799 449 5873 λυψέ
498 5819 600 5868 σοι,
654 5803 769 5858 ἀλλ’
804 5807 829 5857 6
883 5806 1075 5877 Πατήρ
1108 5825 1209 5879 μου
1242 5810 1267 5863 6
1296 5810 1352 5863 ἐν
1397 5812 1509 5873 τοῖς
1563 5810 1838 5881 οὐρανοῖς.
1878 5831 1894 5864 ι

2022 3328 2220 3383 cadant
2268 3328 2661 3385 humilitatem.
2709 3330 2823 3385 Non
2866 3331 3171 3402 interrogat
3204 3344 3409 3393 autem,
3444 3332 3615 3399 Quem

2021 3434 2109 3473 me
2160 3420 2348 3475 dicunt
2388 3421 2698 3477 Pharisaei?
2730 3424 2859 3490 sed,
2910 3422 3211 3481 ilomines:
3266 3428 3333 3480 de
3383 3426 3619 3497 simplici

2021 3510 2365 3569 multitudine
2388 3512 2595 3569 dicens.

2098 3599 2264 3656 Vsus.
2328 3602 2415 3661 16.
2496 3620 2516 3653 ι
2569 3602 2647 3657 illi
2693 3619 2825 3659 vero
2876 3606 3175 3662 dicebant:
3226 3609 3332 3663 Alii
3392 3611 3613 3680 quidem

2019 3692 2283 3747 Joannem
2334 3693 2675 3763 Baptistam,
2734 3696 2827 3753 alii
2874 3712 3005 3753 vero
3056 3699 3254 3769 Eliam,
3298 3703 3389 3757 alii
3438 3714 3621 3761 autem

2022 3781 2381 3850 Hieremiam,
2413 3796 2509 3840 aut
2538 3802 2704 3840 unum
2736 3802 2804 3842 ex
2833 3790 3138 3859 prophetis.
3178 3811 3195 3843 ι
3228 3792 3329 3860 Qui
3354 3792 3618 3849 Joannem

2020 3873 2172 3929 illum
2215 3876 2596 3944 nominabant,
2638 3888 2796 3933 erant
2841 3894 2908 3935 cx
2946 3882 3031 3937 bis
3070 3884 3161 3953 qui
3228 3900 3350 3940 cum
3400 3886 3614 3946 Herode

2018 3964 2283 4036 putabant
2354 3967 2621 4025 Joannem
2704 3982 2825 4042 post
2911 3978 3371 4033 resurrectionem
3448 3984 3617 4037 etiam

2020 4059 2224 4113 donum
2283 4064 2562 4133 accepisse
2610 4064 2875 4133 operandi
2931 4067 3215 4126 miracula.
3278 4071 3378 4136 Qui
3434 4083 3617 4129 autem

2018 4150 2191 4205 Eliam
2214 4190 2231 4217 ,
2264 4156 2624 4211 movebantur
2646 4170 2710 4213 ex
2739 4172 2805 4214 eo
2834 4159 2978 4230 quod
3013 4161 3214 4217 acriter
3244 4165 3615 4233 reprehende-

2016 4246 2132 4312 bat,
2160 4256 2212 4301 et
2239 4252 2654 4319 exspectabant,
2690 4254 2832 4321 quod
2861 4256 3211 4324 veniret.Qni
3245 4276 3377 4316 vero
3410 4260 3605 4319 Hiere-

2018 4340 2217 4404 miam,
2246 4340 2357 4403 hoc
2379 4343 2653 4411 dicebant,
2678 4348 2821 4415 quod
2854 4348 3018 4404 simili
3051 4352 3317 4421 sapientia
3350 4357 3614 4423 praeditus

2016 4444 2186 4502 esset,
2236 4450 2469 4505 quam.a
2520 4438 2668 4493 nullo
2714 4440 2999 4496 didicerat.
3056 4429 3269 4498 Etenim
3308 4444 3613 4505 Hieremias

1942 4511 1987 4567 θ
2016 4541 2140 4582 cum
2171 4542 2305 4595 puer
2341 4536 2511 4596 esset,
2545 4529 2597 4584 in
2635 4534 2956 4601 prophetam
2986 4548 3303 4605 assumptus
3334 4548 3436 4593 est.

2085 4617 2253 4674 Vens.
2284 4620 2372 4685 15,
2414 4621 2503 4676 16‘.
2542 4641 2560 4674 ι
2597 4623 2741 4686 Dicit
2788 4625 2935 4680 illis:
2974 4626 3079 4681 Vos
3112 4635 3291 4683 autem
3325 4646 3483 4699 quem
3524 4649 3613 4690 me

2014 4712 2196 4767 dicitis
2253 4714 2418 4770 esse?
2480 4710 2835 4785 Respor'tdens
2896 4727 3079 4773 autem
3161 4719 3351 4776 Simon
3418 4724 3611 4780 Petrus

2011 4802 2190 4859 dixit:
2229 4805 2309 4861 Tu
2358 4822 2417 4861 es
2460 4806 2716 4863 Christus
2760 4808 2849 4864 ille
2898 4809 3069 4865 Filius
3129 4811 3225 4869 Dei
3288 4815 3542 4870 viventis.
3585 4836 3604 4869 ι

2010 4894 2214 4951 Iterum
2248 4908 2304 4953 ut
2340 4898 2638 4955 ferventior
2672 4899 2868 4957 Petrus
2914 4904 3147 4972 prosilit,
3180 4914 3232 4960 et
3262 4921 3388 4961 vere
3432 4909 3603 4962 conii-

2014 4998 2161 5044 tetur
2188 4990 2364 5058 ipsum
2396 5006 2520 5046 esse
2543 4991 2739 5047 Filium
2770 4993 2888 5049 Dei.
2928 4993 3042 5049 Non
3067 4996 3213 5049 enim
3248 4996 3409 5066 dixit,
3442 5001 3519 5054 Tu
3544 5017 3607 5056 es

2008 5078 2260 5135 Christus
2317 5079 2489 5136 Filius
2550 5082 2687 5148 Dei,
2744 5086 2954 5154 absque
3008 5089 3263 5157 articulo,
3318 5094 3414 5148 sed
3480 5111 3603 5150 cum

2008 5168 2257 5233 articulo,
2312 5170 2402 5223 ille
2432 5169 2629 5233 Filius,
2664 5172 2769 5226 hoc
2806 5184 2911 5238 est,
2949 5175 3039 5230 ille
3068 5176 3203 5247 ipse,
3237 5182 3327 5249 qui
3361 5183 3509 5235 solus
3550 5195 3605 5237 et

2007 5263 2245 5316 unicus:
2295 5278 2401 5317 non
2443 5265 2618 5333 gratia
2668 5264 2860 5331 Filius,
2906 5269 3001 5323 sed
3047 5270 3137 5339 qui
3171 5286 3235 5325 ex
3274 5274 3387 5341 ipsa
3425 5272 3605 5330 r\atris

2008 5353 2315 5407 substantia
2376 5356 2630 5424 genitus:
2680 5357 2804 5425 quin
2860 5367 2915 5411 et
2966 5359 3115 5413 multi
3148 5360 3354 5418 Curisti
3405 5375 3599 5431 erant,

2006 5445 2321 5500 sacerdotes
2359 5457 2609 5518 et-reges
2636 5463 2861 5516 omnes,
2893 5450 2987 5505 sed
3018 5452 3268 5508 Christus
3301 5471 3423 5510 cum
3458 5458 3595 5510 arti-

2007 5537 2129 5591 culo
2167 5552 2305 5591 unus
2336 5546 2440 5594 est.

2076 5630 2241 5683 Vens.
2275 5630 2361 5683 17.
2421 5648 2439 5683 ι
2513 5631 2579 5686 Et
2632 5633 2972 5701 respondens
3025 5633 3229 5701 Iesus,
3290 5640 3427 5693 dixit
3481 5642 3593 5696 illi:

2011 5722 2209 5777 Beatus
2236 5738 2315 5789 es,
2350 5722 2662 5779 Simon'Bar
2687 5724 2842 5792 Jona,
2867 5743 2991 5795 quia
3020 5745 3147 5783 caro
3170 5741 3221 5787 et
3245 5734 3464 5805 sanguis
3492 5753 3597 5791 non

2012 5812 2269 5869 revelavit
2320 5815 2455 5881 tibi,
2506 5815 2599 5872 sed
2646 5816 2807 5873 Pater
2840 5833 2989 5876 meus
3036 5824 3126 5890 qui
3158 5832 3237 5879 cst
3278 5824 3327 5879 in
3357 5826 3527 5883 oculis.
3571 5845 3586 5876 ι
