4080 6336
544 382 661 446 3l9'

1469 376 2047 440 THEOPHYLACTI
2088 374 2497 436 BULGARI/E
2542 377 2906 440 ARCHI‘E’P.

3677 370 3785 434 33.0

547 492 774 546 Beatum
802 491 930 547 dicit
965 491 1212 556 Petrum,
1252 491 1376 558 quia
1423 505 1450 542 a
1496 489 1677 555 divina
1711 489 1884 559 gratia
1933 487 2106 541 scieuo

2215 485 2637 555 Μακαρίζειτδν
2670 489 2874 559 Πέτρον
2914 487 2989 551 ὡς
3016 487 3078 540 ἐκ
3103 484 3252 548 θείας
3293 486 3514 557 χάριτος
3557 480 3792 536 λαϐόντα

543 585 678 638 tiam
712 592 1030 652 acceperat:
1065 583 1368 650 approbatis
1398 588 1576 637 autem
1608 581 1848 645 Petrum,
1871 578 2110 634 ostendit

549 683 941 744 consequenter
985 673 1216 728 aliorum
1256 674 1538 729 hominum
1596 673 1880 744 opiniones
1921 673 2106 728 falsas.

547 766 693 822 Dixit
713 775 892 821 autem
927 766 1072 819 illum
1110 766 1212 820 Bar
1247 764 1380 821 Jona
1405 806 1420 831 ,
1456 767 1556 821 hoc
1585 775 1690 833 est,
1727 763 2070 820 ﬁliuvaona
2094 803 2109 828 ,

547 857 697 925 quasi
719 855 804 909 ita
825 859 1062 912 diceret:
1089 858 1242 912 Sicut
1271 868 1322 911 ιιι
1352 858 1502 913 Jonas
1528 858 1687 920 filius,
1711 859 1785 912 ita
1817 873 1916 930 ego
1938 858 2113 914 Patris

546 946 649 1000 mei
668 945 779 1017 85
804 947 1058 1010 cmlestis,
1087 948 1558 1004 consubstantialis
1580 948 1651 1002 illi
1680 948 1952 1004 exsistens
1972 964 2109 1006 sum.

548 1035 948 1093 Reveiationetn
983 1049 1166 1094 autem
1200 1040 1483 1096 scientiam
1517 1038 1651 1096 dicit
1673 1079 1688 1103 ,
1725 1041 1851 1110 quia
1874 1041 2112 1098 abscon-

544 1128 659 1184 dita
693 1141 746 1186 et
778 1131 960 1201 ignota
1005 1132 1108 1188 eia
1136 1132 1291 1188 l‘atre
1315 1141 1468 1190 erant
1498 1132 1758 1189 revelata.

617 1306 787 1368 Vsus.
825 1311 911 1368 18.
952 1328 972 1363 t
1012 1311 1079 1366 At
1114 1327 1215 1382 ego
1252 1314 1346 1369 tibi
1375 1314 1523 1381 dico,
1553 1318 1696 1387 quod
1727 1327 1778 1371 tu
1807 1331 1866 1372 es
1897 1315 2111 1385 Petrus,

546 1413 600 1457 et
643 1415 803 1472 super
845 1402 987 1458 hanc
1031 1413 1237 1473 petram
1269 1407 1546 1464 aedificabo
1586 1408 1878 1464 Ecclesiam
1915 1424 2114 1474 meam,

546 1503 601 1546 et
643 1501 811 1562 portae
860 1493 1018 1548 inferi
1064 1511 1175 1550 non
1225 1499 1590 1565 praevalebunt
1637 1510 1826 1555 contra
1871 1499 2046 1555 illam.
2089 1519 2108 1552 a

547 1583 878 1639 Remunerat
922 1585 1138 1641 Petrum
1186 1588 1480 1656 Dominus,
1531 1592 1832 1646 mercedem
1873 1591 1946 1646 illi
1976 1592 2116 1647 dans

551 1687 816 1742 magnam.
874 1676 1016 1743 quod
1070 1691 1229 1746 supra
1281 1693 1402 1732 eum
1460 1681 1747 1735 aedificavit
1799 1682 2114 1738 Ecclesiam.

545 1761 853 1823 Quia'enim
886 1763 1166 1820 confessus
1201 1780 1315 1822 erat
1345 1785 1467 1822 eum
1515 1770 1609 1825 Dei
1656 1771 1848 1825 Filium
1888 1771 2111 1838 Petrus,

547 1854 686 1908 dixit
710 1857 851 1923 quod
898 1855 1013 1911 haec
1043 1858 1314 1914 confessio
1345 1875 1506 1929 quam
1541 1862 1824 1918 confessus
1880 1874 1965 1920 est
1996 1864 2118 1921 fun-
2150 1841 2185 1894 Β

549 1946 862 1999 damentum
895 1946 996 2001 erit
1039 1947 1280 2004 futurum
1320 1952 1696 2008 credentium:
1745 1956 1820 2009 ita
1852 1963 1912 2009 ut
1938 1959 2117 2014 omnis

552 2037 712 2091 homo
743 2046 1119 2096 exstructurus
1154 2041 1273 2098 fidei
1317 2042 1535 2100 domum
1559 2085 1572 2110 ,
1624 2047 1724 2102 hoc
1760 2047 2008 2117 jacturus
2044 2052 2116 2107 sit

550 2123 980 2188 fundamentum.
1007 2127 1138 2185 Nam
1174 2132 1298 2188 licet
1333 2134 1647 2192 innumeras
1683 2140 1977 2195 condamus
2009 2141 2118 2195 vir-

549 2222 709 2279 totes,
747 2232 851 2272 non
884 2219 1176 2278 habeamus
1225 2233 1405 2280 autem
1455 2227 1868 2285 fundamentum
1911 2240 2115 2288 rectam

547 2305 966 2376 confessionem,
1022 2312 1288 2370 inutiliter
1334 2317 1703 2374 aedificamus:
1762 2335 1883 2378 cum
1933 2332 2114 2379 autem

543 2397 708 2466 dixit,
733 2399 1036 2459 Eecleaiam
1067 2420 1261 2471 meam,
1297 2411 1530 2465 05tendit
1572 2427 1631 2466 se
1679 2414 1962 2468 Dominum
1994 2419 2117 2470 uni-

549 2490 730 2545 versi:
791 2492 901 2548 Deo
949 2495 1095 2549 enim
1152 2500 1397 2554 serviunt
1449 2504 1652 2557 omnia.
1707 2503 1883 2569 Porta;
1937 2517 2115 2563 autem

549 2578 733 2647 inferi,
759 2585 1096 2652 temporales
1129 2598 1257 2643 sunt
1289 2603 1686 2660 persecutores,
1727 2596 1817 2662 qui
1853 2598 1918 2650 ad
1951 2598 2120 2654 infer-

547 2686 672 2726 num
725 2673 938 2731 mittere
998 2690 1260 2734 conantur
1301 2682 1662 2741 Chrisﬁanos.
1736 2688 1802 2743 Et
1878 2691 2116 2746 haeretici

545 2779 764 2835 quoque
808 2782 974 2838 portat
1020 2783 1146 2826 sunt
1197 2775 1262 2828 ad
1300 2775 1569 2831 infernum
1613 2780 1890 2837 ducentes.
1940 2782 2118 2839 Multis

547 2857 707 2925 igitur
736 2863 1193 2929 persecutoribus,
1234 2877 1288 2920 et
1321 2868 1503 2924 multis
1528 2871 1801 2927 lizereticis
1831 2875 2115 2940 prmvaluit

545 2953 806 3021 Ecclesia.
826 2954 918 3010 Est
936 2967 1112 3012 autem
1135 2969 1188 3014 et
1212 2965 1556 3034 nnusquique
1583 2979 1824 3023 nostrum
1849 2971 2112 3034 Ecclesia.

545 3060 664 3112 quae
699 3046 759 3100 fit
784 3047 975 3104 domus
1001 3049 1117 3105 Dei.
1149 3051 1206 3107 Si
1253 3055 1414 3123 igitur
1446 3059 1497 3112 in
1527 3059 1874 3117 confessione
1908 3063 2113 3119 Christi

2212 578 2311 649 τὴν
2340 579 2563 646 γνῶσιν·
2596 581 2995 650 ἀποδεχόμενος
3019 579 3076 633 δὲ
3105 577 3268 631 αὐτὸν
3288 619 3301 641 ,
3330 577 3571 630 δείκνυσι
3606 575 3792 628 λοιπὸν

2214 671 2311 734 τὰς
2336 673 2445 724 τῶν
2478 672 2656 727 ἄλλων
2683 672 2989 743 ἀνθρώπων
3032 670 3330 740 ὑπολήψεις
3369 670 3629 738 ψευδεῖςετ
3670 665 3791 721 εἷπε

2214 761 2269 814 δὲ
2299 763 2445 832 αὐτῷ
2466 762 2769 832 ΒὰρἾωνᾶ,
2795 763 3092 826 τουτέστιν,
3127 763 3208 815 υἱὲ
3238 761 3332 814 τοῦ
3381 762 3558 835 Ἰωνᾶ,
3583 777 3780 830 ito-tow

2215 853 2338 923 ουχὶ
2399 854 2558 907 τοῦτο
2580 854 2776 921 λέγων,
2825 855 2908 908 ὅτι
2953 855 3168 924 Ὠσπερ
3213 854 3278 907 σὺ
3324 853 3418 906 τοῦ
3445 852 3606 907 Ἰωνᾶ
3638 855 3791 917 παῖς,

2215 943 2390 1009 οὕτως
2420 944 2530 1014 ἐγὼ
2576 945 2671 1000 τοῦ
2713 945 2928 1020 Πατρός
2968 963 3070 1018 μου
3115 946 3209 1000 τοῦ
3255 947 3313 999 ἐν
3351 944 3563 1014 οὐρανῷ
3596 945 3793 1013 ὁμοού-

2218 1056 2332 1103 σιος
2359 1040 2433 1094 ὢν
2461 1040 2676 1111 ἐκείνῳ.
2723 1040 3091 1109 ’Δποκάλυψιν
3120 1040 3177 1094 δὲ
3223 1038 3373 1108 λέγει
3418 1039 3518 1108 τὴν
3567 1037 3790 1105 γνῶσιν,

2215 1132 2291 1195 ὡς
2307 1133 2417 1186 τῶν
2447 1134 2692 1204 κρυφίων
2715 1134 2809 1188 καὶ
2844 1133 3142 1202 ἀγνώστων
3185 1129 3611 1203 φανερωθέντων
3643 1131 3792 1201 παρὰ

2216 1224 2312 1278 τοῦ
2345 1226 2578 1296 Πατρός.

2295 1334 2314 1367 ι
2346 1318 2515 1385 Κάγὼ
2543 1317 2600 1370 δέ
2636 1336 2716 1373 σοι
2761 1318 2906 1387 λέγω
2950 1319 3035 1372 ὅτι
3069 1320 3136 1372 σὺ
3183 1309 3237 1370 εἴ
3281 1316 3506 1385 Πέτρος,
3559 1318 3652 1369 καὶ
3703 1316 3795 1368 ἐπὶ

2217 1409 2389 1482 ταύτῃ
2423 1414 2488 1482 τῇ
2526 1411 2702 1481 πέτρα
2752 1397 3093 1482 οἰκοδομήσω
3145 1428 3249 1481 μου
3302 1411 3400 1481 τὴν
3439 1409 3789 1478 Ἐκκλησίαν,

2216 1503 2312 1555 καὶ
2339 1503 2504 1556 πύλαι
2538 1503 2665 1575 ᾅδου
2696 1504 2758 1558 οὐ
2785 1505 3206 1575 κατισχύσουσιν
3228 1504 3452 1572 αὐτῆς.»
3477 1501 3794 1570 Ἀμείϐεται

2215 1590 2308 1644 τὸν
2365 1593 2575 1663 Πέτρον
2623 1594 2652 1646 ὁ
2702 1593 2930 1663 Κύριος,
2961 1593 3172 1663 ’μισθὸν
3212 1592 3362 1662 αὐτῷ
3391 1592 3568 1654 διδοὺς
3599 1591 3793 1659 μέγαν,

2216 1681 2278 1733 τὸ
2308 1682 2397 1733 ἐπ’
2442 1683 2589 1752 αὐτῷ
2634 1683 3055 1753 οἰκοδομηθῆναι
3103 1684 3204 1754 τὴν
3241 1684 3589 1754 Ἐκκλησίαν.
3643 1681 3795 1735 Ἐπεὶ

2218 1775 2325 1840 γὰρ
2357 1772 2710 1842 ὡμολόγησεν
2739 1775 2904 1828 αὐτὸν
2937 1776 3065 1828 Υἰὸν
3089 1775 3224 1828 Θεοῦ
3261 1779 3288 1829 ὁ
3341 1776 3567 1840 Πέτρος.
3629 1778 3795 1844 φησὶν

2218 1864 2321 1926 ὃτι,
2356 1863 2504 1934 Λῦτη
2532 1867 2564 1936 ἡ
2593 1866 2854 1935 ὁμολογία
2885 1867 2951 1937 ἢν
2981 1867 3360 1937 ὡμολόγησας,
3391 1867 3642 1936 θεμέλιον
3671 1867 3796 1931 μέλ-

2219 1959 2299 2009 λει
2329 1953 2465 2011 εἶναι
2499 1958 2607 2012 τῶν
2661 1962 3052 2026 πιστευόντων,
3085 1960 3226 2015 ὥστε
3268 1963 3446 2015 πάντα
3494 1962 3786 2032 ἄνθρωπον

2220 2050 2484 2120 μέλλοντα
2516 2053 2722 2116 κτίζειν
2747 2053 2839 2107 τὸν
2873 2057 2972 2125 τῆς
3003 2055 3239 2120 πίστεως
3268 2050 3442 2120 οἷκον,
3463 2055 3668 2126 ταύτην
3697 2058 3794 2126 τὴν

2216 2144 2508 2212 ὁμολογίαν
2557 2145 2873 2200 ὑποτιθέναι
2947 2147 3218 2231 θεμέλιον.
3270 2151 3389 2204 Κᾶν
3440 2151 3548 2220 γὰρ
3594 2151 3794 2219 μυρίας

2215 2232 2418 2303 ἀρετὰς
2445 2232 2747 2304 κτίζωμεν,
2785 2235 2858 2305 μὴ
2892 2235 3108 2305 ἔχωμεν
3131 2237 3188 2290 δὲ
3221 2238 3472 2309 θεμέλιον
3501 2239 3602 2307 τὴν
3623 2238 3793 2308 ὀρθὴν

2217 2325 2526 2393 ὁμολογίαν,
2559 2327 2735 2397 σαθρὰ
2763 2329 3036 2397 κτίζομεν.
3063 2329 3246 2382 Εἰπὼν
3285 2331 3366 2395 δὲ,
3396 2332 3512 2399 Τὴν
3557 2332 3794 2400 Ἐκκληο

2219 2413 2342 2464 σίαν
2403 2429 2524 2482 μου,
2571 2413 2849 2468 δείκνυσιν
2885 2418 3079 2470 ἑαυτὸν
3115 2420 3396 2490 Δεσπότην
3427 2420 3521 2474 τοῦ
3555 2422 3794 2484 παντός·

2218 2504 2355 2557 Θεοῦ
2396 2506 2504 2577 γὰρ
2535 2506 2699 2560 δοῦλα
2753 2509 2823 2561 τὰ
2872 2509 3182 2579 σύμπαντα.
3233 2512 3407 2566 Πύλαι
3467 2513 3521 2567 δὲ
3553 2514 3703 2585 ᾅδου,
3748 2514 3798 2567 ιι

2219 2595 2360 2647 κατὰ
2383 2597 2608 2666 καιροὺς
2638 2598 2885 2663 διῶκται,
2919 2601 2968 2653 οἳ
2994 2603 3073 2664 είς
3102 2601 3234 2673 ᾅδην
3271 2604 3636 2674 παρέπεμπον
3670 2607 3796 2668 τοὺς

2218 2685 2600 2754 Χριστιανούς.
2631 2689 2738 2741 Καὶ
2763 2692 2811 2742 oi
2847 2692 3116 2760 αἱρετικοὶ
3180 2694 3260 2759 δὲ,
3324 2695 3487 2750 πύλαι
3541 2700 3622 2761 είς
3665 2699 3798 2768 ᾅδην

2218 2778 2518 2846 φέρουσαι·
2555 2780 2768 2833 πιλλῶν
2825 2781 2917 2834 οῦν
2962 2783 3206 2838 διωκτῶν
3257 2790 3352 2840 καὶ
3397 2789 3607 2843 πολλῶν
3642 2793 3796 2861 αἶρε-

2217 2865 2387 2918 τικών
2421 2869 2792 2938 ὑπερίσχυσεν
2831 2874 2862 2941 ἠ
2908 2873 3225 2943 Ἐκκλησία.
3268 2879 3422 2931 Ἐστι
3457 2879 3511 2932 δὲ
3535 2883 3628 2934 καὶ
3663 2883 3795 2934 ἐκα-

2229 2973 2352 3019 στος
2392 2959 2552 3027 ἡμῶν
2602 2961 2921 3034 Ἐκκλησία,
2967 2961 3116 3029 οἶκος
3156 2969 3293 3021 Θεοῦ
3319 2971 3622 3040 γινόμενος.
3670 2975 3797 3026 Ἐὰν

2215 3047 2308 3100 οῦν
2338 3051 2427 3102 ἐπὶ
2458 3053 2522 3120 τῇ
2557 3053 2815 3125 ὁμολογίᾳ
2850 3055 2943 3109 τοῦ
3001 3059 3235 3129 Χριστοῦ
3287 3064 3673 3132 στηριχθῶμεν
3695 3107 3707 3129 ,
3741 3066 3800 3116 αἱ

541 3135 845 3192 conﬁrmati
883 3138 1163 3209 fuerimus,
1199 3151 1368 3214 portae
1397 3147 1577 3212 inferi;
1615 3152 1838 3218 hocjest,
1871 3167 2109 3224 peccata,

2221 3139 2385 3194 πύλαι
2419 3142 2512 3196 τοῦ
2542 3143 2691 3214 ᾅδου,
2727 3147 2844 3217 ἢτοι
2878 3149 2934 3201 αι
2961 3151 3250 3220 ἁμαρτίαι,
3280 3153 3336 3204 οὐ
3366 3154 3798 3222 κατισχύσουσιν

543 3241 650 3282 non
678 3230 1044 3296 praevalebant
1077 3234 1255 3291 nobis.
1297 3237 1372 3293 De
1414 3240 1498 3294 his
1527 3243 1672 3297 enim
1704 3247 1874 3313 portis
1907 3249 2112 3302 exalta-

544 3315 823 3405 tnaiDav-id
855 3319 1072 3379 dicebat
1101 3339 1118 3380 :
1159 3335 1180 3379 t
1207 3325 1308 3392 Qui
1349 3330 1555 3387 exaltas
1583 3348 1667 3386 me
1690 3334 1754 3389 de
1777 3336 1946 3405 portis
1969 3354 2110 3392 mor-

545 3402 612 3456 tis
643 3404 709 3500 'f.
732 3403 934 3500 Quales
960 3413 1162 3479 porta)?
1186 3428 1221 3469 ο
1248 3415 1444 3475 David.
1494 3419 1652 3478 Duae:
1677 3402 1842 3492 caedis
1877 3427 2108 3500 scilicet,

544 3498 595 3542 et
622 3491 893 3549 adulterii.

615 3579 778 3678 Vens.
809 3585 894 3642 l9.
938 3607 963 3641 ι
1016 3591 1083 3645 Ει
1125 3593 1266 3650 dabo
1301 3598 1398 3652 tibi
1439 3600 1616 3658 clavras
1649 3607 1797 3676 regni
1824 3609 2105 3678 crelorum,

537 3684 593 3726 et
623 3674 882 3746 quidquid
911 3681 1214 3752 alligaveris
1236 3703 1400 3758 super
1426 3702 1628 3747 terram
1693 3674 1797 3751 erit
1830 3674 2105 3771 alligatum

541 3769 598 3820 in
631 3768 817 3824 cmlis:
851 3782 906 3827 et
935 3776 1195 3846 quidquid
1241 3782 1470 3839 solveris
1521 3800 1685 3853 super
1737 3768 1949 3849 terram‘
1997 3799 2104 3851 erit

540 3856 858 3914 aolutumin
883 3864 1054 3921 ctelis.
1089 3884 1110 3918 ι
1137 3866 1413 3940 Tanquam
1446 3875 1584 3933 Dens
1615 3893 1808 3949 magna
1841 3892 2106 3952 potestate

539 3948 698 4002 dicit:
726 3950 870 4008 Dabo
895 3955 1016 4011 tibi.
1050 3959 1203 4015 Sicut
1230 3965 1370 4018 enim
1398 3969 1564 4023 Pater
1591 3948 1742 4027 dedit
1772 3948 1865 4030 tibi
1899 3982 2107 4035 revela-

540 4041 760 4112 tionem,
792 4046 884 4133 sic.
909 4064 1009 4120 ego
1037 4052 1237 4111 claves.
1264 4059 1455 4116 Claves
1483 4073 1661 4118 autem
1690 4067 1956 4139 intelligas
1986 4088 2107 4141 quas

539 4133 705 4201 ligant
738 4147 793 4191 et
822 4130 1057 4204 solvunt,
1090 4145 1192 4200 hoc
1219 4157 1325 4210 est,
1351 4152 1669 4208 delictorum
1704 4158 2104 4233 velgindulgen-

540 4224 642 4279 tias
663 4225 746 4281 vel
777 4243 985 4296 poenas.
1027 4233 1235 4293 Habent
1268 4241 1411 4294 enim
1443 4252 1766 4312 potestatem
1790 4224 2101 4312 remittendi

539 4325 595 4368 et
612 4315 832 4408 ligandi,
853 4323 944 4390 qui
961 4323 1327 4394 sicutPetrns,
1356 4333 1697 4405 episcopatus
1710 4341 1936 4408 gratiam
1955 4358 2106 4401 asse-

535 4407 648 4464 cuti
671 4419 816 4466 sunt.
836 4415 1093 4479 Quamvis
1110 4428 1288 4475 autem
1309 4419 1469 4478 Petro
1490 4429 1588 4481 soli
1614 4407 1814 4484 dictum
1839 4432 1929 4496 sit,
1956 4434 2102 4491 Dabo

2225 3231 2418 3301 ἡμῶν
2446 3235 2509 3286 ὲκ
2573 3237 2682 3306 γὰρ
2737 3238 2940 3292 τούτων
2989 3241 3094 3294 τῶν
3149 3243 3333 3320 stulta»;
3389 3244 3625 3314 ὑψωθεὶς
3657 3247 3799 3301 καὶὸ

2223 3325 2388 3378 Δαυῒδ
2417 3325 2625 3394 ἔλεγεν·
2666 3347 2686 3379 ι
2742 3329 2801 3382 '0
2835 3331 2984 3398 ὑψῶν
3022 3349 3087 3402 με
3119 3334 3182 3385 ἐκ
3221 3334 3327 3387 τῶν
3360 3337 3544 3390 πυλῶν
3577 3339 3673 3391 τοῦ
3701 3339 3797 3392 θαι

2222 3413 2403 3467 νάτου.
2441 3435 2460 3466 ι
2501 3416 2698 3482 Ποίων,
2730 3413 2777 3473 ὦ
2806 3420 2990 3484 Δαυῒδ,
3033 3422 3221 3476 πυλῶν
3245 3441 3261 3491 ;
3288 3425 3410 3478 Τῶν
3434 3426 3548 3491 δύο,
3581 3428 3678 3482 τοῦ
3703 3430 3798 3499 c46-

2221 3522 2312 3558 νου
2337 3508 2429 3563 καὶ
2463 3508 2563 3576 τῆς
2589 3512 2855 3581 μοιχείας.

2299 3600 2438 3651 ιΚαὶ
2467 3599 2622 3652 δώσω
2650 3619 2731 3655 σοι
2762 3605 2860 3666 τὰς
2885 3606 3033 3670 κλεῖς
3056 3607 3154 3676 τῆς
3182 3608 3457 3679 βασιλείας
3482 3611 3592 3664 τῶν
3627 3612 3794 3679 οὐρα-

2222 3691 2348 3754 νῶν,
2387 3693 2479 3744 καὶ
2511 3692 2538 3745 ὃ
2570 3695 2665 3748 ἐὰν
2689 3695 2862 3769 δήσῃς
2894 3699 3120 3774 ὲπὶτῆς
3147 3703 3269 3770 γῆς,
3297 3704 3469 3774 ,ἔσται
3513 3704 3794 3774 δεδεμένον

2218 3781 2278 3835 ὲν
2323 3783 2433 3846 τοῖς
2470 3783 2756 3854 οὐρανοῖς·
2847 3790 2942 3842 καὶ
2985 3791 3012 3843 ὃ
3061 3792 3156 3845 ἐὰν
3197 3773 3366 3866 λύσῃς
3397 3794 3490 3847 ἐπὶ
3539 3795 3638 3864 τῆς
3668 3797 3789 3865 γῆς,

2217 3871 2371 3927 ἔσται
2403 3873 2693 3946 λελυμένον
2728 3880 2786 3930 ἐν
2819 3884 2930 3944 τοῖς
2947 3884 3248 3953 οὐρανοῖς.»
3277 3886 3363 3949 Ὠς
3389 3885 3519 3949 Θεὸς
3539 3886 3688 3952 λέγει
3711 3888 3788 3949 τὸ,

2217 3964 2385 4020 Δώσω
2414 3983 2522 4033 σοι,
2565 3969 3015 4036 ὲξουσιαστικῶς’
3053 3974 3128 4038 ὡς
3173 3978 3280 4046 γὰρ
3311 3978 3342 4028 ό
3375 3979 3564 4048 Πατὴρ
3591 3981 3792 4033 δέδωκὲ

2219 4072 2301 4108 σοι
2329 4057 2428 4126 τὴν
2450 4062 2819 4132 ἀποκάλυψιν,
2855 4065 3029 4128 οὕτως
3065 4067 3175 4135 ἐγὼ
3215 4067 3313 4131 τὰς
3357 4072 3520 4133 κλεῖς.
3560 4073 3790 4135 Κλεὶδας

2215 4146 2273 4198 δὲ
2332 4148 2569 4218 νοήσεις,
2600 4153 2696 4217 τὰς
2746 4154 3049 4225 δεσμούσας
3103 4160 3197 4211 καὶ
3253 4160 3483 4225 λυοῦσας
3547 4162 3647 4217 τὰς
3684 4166 3789 4217 τῶν

2217 4243 2550 4315 σφαλμάτων
2605 4245 2636 4315 ἢ
2682 4251 3055 4320 συγχωρήσεις
3106 4252 3137 4321 ἢ
3185 4255 3573 4325 ἐπιτιμήσειςο
3605 4261 3790 4328 έχουσι

2215 4336 2323 4403 γὰρ
2353 4335 2602 4401 ἐξουσίαν
2628 4337 2846 4406 ἀφιέναι
2879 4341 2974 4393 καὶ
3021 4342 3264 4411 δεσμεῖν,
3298 4348 3348 4398 οι
3405 4348 3548 4400 κατὰ
3583 4350 3788 4421 Πέτρον

2214 4427 2313 4493 τῆς
2344 4427 2716 4499 ὲπισκοπικῆς
2779 4432 3105 4497 ἀξιωθέντες
3163 4439 3380 4506 χάριτος
3404 4455 3418 4469 '
3449 4441 3495 4493 εί
3531 4429 3639 4510 γὰρ
3697 4445 3788 4497 καὶ

538 4499 631 4554 tibi
659 4503 959 4560 :omnibus
1003 4516 1180 4563 tamen
1226 4520 1280 4565 et
1319 4517 1576 4582 apostolis
1603 4534 1666 4573 ea
1709 4532 1944 4590 potestas
1975 4538 2107 4581 con-

2219 4518 2353 4588 πρὸς
2385 4520 2789 4593 Πέτρονμὸνον
2823 4524 3039 4596 εἴρηται
3073 4499 3376 4586 studebatu—
3391 4549 3494 4596 σοι,
3533 4499 3670 4586 αλλὰ
3697 4538 3787 4590 καὶ

535 4600 814 4646 cessa‘est.
835 4592 1060 4657 Quando
1081 4597 1241 4652 chm
1275 4600 1432 4662 dixit,
1456 4603 1909 4679 Quorumcnnque
1935 4617 2101 4670 τειιιί-

536 4680 714 4736 seritis
736 4693 975 4752 peccata,
999 4692 1368 4746 remittuntur.
1389 4692 1596 4750 Etenim
1622 4714 1744 4753 cum
1767 4703 1916 4770 dixit,
1937 4705 2100 4776 Dabo,

537 4771 772 4829 futurum
804 4786 1020 4846 tempus
1047 4781 1256 4851 signat,
1294 4785 1394 4842 hoc
1423 4799 1541 4856 est,
1587 4803 1711 4860 post
1746 4771 2100 4855 resurrectio;

534 4877 677 4918 nem.
730 4866 866 4923 Caeli
913 4879 1090 4927 autem
1147 4875 1402 4934 dicuntur
1453 4890 1506 4936 et
1559 4885 1807 4952 virtutes,
1867 4904 2100 4965 quarum

531 4954 711 5010 claves
734 4968 857 5012 sunt
890 4962 1040 5017 bonae
1067 4968 1426 5034 operatioues.
1455 4971 1588 5028 Nam
1612 4954 1899 5044 operando
1918 4980 2098 5051 ingre-

533 5047 734 5113 dimur,
780 5053 936 5120 quasi
993 5070 1087 5124 per
1138 5059 1319 5115 claves
1368 5068 1628 5131 quasdam
1672 5072 2003 5140 aperientes,
2044 5075 2096 5130 in

537 5155 972 5214 unamquamque
1008 5148 1281 5207 virtutum.
1314 5154 1368 5208 Si
1396 5167 1574 5212 autem
1610 5177 1720 5216 non
1753 5179 1967 5233 operor,
2002 5169 2095 5222 sed

534 5231 706 5286 solum
746 5235 857 5289 scio
890 5238 1104 5304 bonmn,
1149 5243 1319 5301 habeo
1356 5250 1577 5318 quidem
1615 5255 1818 5310 clavezn
1854 5257 2095 5315 scicntia:

535 5324 730 5390 solum,
761 5337 915 5384 extra
942 5343 1118 5388 autem
1147 5353 1355 5396 maneo.
1391 5343 1610 5412 Ligatnr
1635 5359 1812 5401 autem
1844 5352 1894 5403 in
1923 5351 2095 5416 cmiis,

535 5416 639 5471 hoc
675 5428 777 5484 est,
816 5421 868 5474 in
898 5424 1208 5492 virtutibus,
1262 5435 1350 5500 qui
1399 5452 1527 5513 non/
1550 5441 1785 5494 ambulat
1837 5443 1890 5494 iu
1945 5443 2093 5497 illis:

535 5524 657 5564 nam
689 5513 908 5569 sedulus
936 5516 990 5571 in
1023 5518 1127 5574 illis
1156 5523 1362 5578 solutus
1387 5538 1486 5582 est.
1515 5524 1593 5584 Ne
1620 5531 1910 5586 habeamus
1936 5534 2099 5604 igitur

533 5607 796 5664 peccata,
855 5612 1047 5659 utnon
1109 5614 1316 5667 catenis
1371 5630 1675 5676 nostrorum
1749 5634 2095 5691 peccatorum

535 5685 682 5755 l:g:tli
723 5691 909 5747 simus.

612 5815 652 5842 ”
687 5813 827 5869 l‘sul.
853 5833 925 5882 lx,
959 5819 1044 5873 l3.

2209 4611 2345 4662 πᾶσι
2382 4613 2492 4675 τοῖς
2520 4613 2838 4679 ἀποστόλοις
2859 4617 3090 4673 δέδοται.
3120 4620 3257 4672 Πότε
3283 4639 3298 4687 ;
3338 4623 3467 4676 Ὅτε
3501 4621 3654 4678 εἶπεν
3682 4628 3782 4679 Ἀν

2203 4700 2366 4753 τινῶν
2401 4703 2574 4772 ἀφῆτε
2604 4706 2703 4769 τὰς
2733 4706 3032 4777 ἁμαρτίας,
3085 4711 3365 4781 ἀφίενται.
3413 4715 3523 4769 Καὶ
3560 4718 3668 4788 γὰρ
3701 4719 3783 4787 τὸ,

2205 4793 2394 4859 Δώσω,
2417 4794 2682 4862 μέλλοντα
2709 4798 2900 4868 χρόνον
2921 4801 3200 4871 σημαίνει,
3225 4810 3496 4870 τουτέστι,
3523 4806 3612 4860 τὸν
3644 4811 3783 4879 μετὰ

2208 4884 2525 4938 ἀνάστασιν.
2587 4889 2823 4959 Οὐρανοὶ
2880 4891 2935 4944 δὲ
2975 4893 3243 4960 ’λέγονται
3297 4897 3392 4950 καὶ
3447 4899 3506 4951 αἱ
3562 4901 3780 4970 ἀρεταὶ,

2210 4975 2416 5041 κλεῖδες
2469 4977 2526 5031 δὲ
2555 4981 2782 5047 τούτων,
2834 4984 2892 5036 αἱ
2929 4986 3213 5055 ἐργασίαν
3235 4987 3323 5041 διὰ
3355 4987 3464 5059 γὰρ
3505 4990 3598 5044 τοῦ
3622 4994 3784 5064 ἐργά-

2210 5068 2394 5133 ζεσθαι
2428 5072 2811 5144 εἰσερχόμεθα,
2845 5076 3037 5148 ὥσπερ
3066 5078 3152 5132 διά
3192 5097 3355 5136 τινων
3387 5082 3616 5136 κλειδῶν
3642 5087 3786 5139 ἀνοι-

2207 5161 2437 5228 γουσῶν,
2468 5165 2547 5228 είς
2570 5165 2807 5238 ἑκάστην
2823 5169 2934 5220 τῶν
2973 5170 3206 5240 ἀρετῶν.
3253 5170 3377 5226 Ἐὰν
3407 5174 3464 5228 δὲ
3486 5176 3589 5229 οὐκ
3618 5177 3784 5248 ὲργά-

2207 5253 2409 5324 ζωμαι,
2451 5254 2589 5310 ἀλλὰ
2642 5259 2802 5327 μόνον
2853 5256 2971 5314 οἶδα
3026 5262 3088 5315 τὸ
3119 5264 3346 5332 ἀγαθὸν,
3396 5266 3507 5337 ἔχω
3556 5269 3656 5338 μὲν
3683 5270 3781 5341 τὴν

2209 5347 2388 5399 κλεῖδα
2432 5347 2534 5417 τῆς
2598 5350 2855 5417 γνώσεως
2901 5355 3086 5421 μόνον,
3130 5356 3237 5422 ἔξω
3265 5357 3322 5409 δὲ
3358 5358 3541 5427 μένω·
3570 5359 3784 5416 δέδεται

2202 5439 2258 5492 δὲ
2282 5441 2340 5492 ἐν
2364 5443 2475 5505 τοῖς
2509 5442 2780 5512 οὐρανοῖς,
2836 5447 3137 5515 τουτέστιν,
3189 5450 3247 5501 ὲν
3292 5453 3413 5514 ταῖς
3475 5454 3718 5522 ἀρεταῖς,
3751 5458 3779 5508 ό

2209 5534 2281 5602 μὴ
2309 5534 2540 5603 βαδίζων
2563 5538 2620 5588 ὲν
2645 5537 2869 5601 αὐταῖς·
2903 5541 2930 5592 ὁ
2959 5541 3068 5610 γὰρ
3105 5543 3415 5607 σπουδαῖος,
3466 5547 3525 5596 ὲν
3554 5549 3784 5609 ταύταις

2206 5626 2442 5679 λέλυται.
2473 5628 2562 5698 Μὴ
2619 5630 2832 5700 ἔχωμεν
2880 5627 2972 5686 οὖν
3005 5634 3304 5703 ἁμαρτίας,
3344 5637 3429 5690 ἵνα
3464 5639 3538 5709 nni;
3573 5645 3784 5710 σειραῖς

2207 5720 2312 5773 τῶν
2343 5721 2563 5775 οἰκείων
2588 5722 2876 5795 ἁμαρτιῶν
2915 5725 3270 5798 δεσμώμεοα.
