4080 6336
361 390 460 451 ρει
1067 389 1517 451 ENARRATIO
1556 388 1636 450 IN
1685 388 1933 449 EVANG

2035 389 2190 450 .IUM
2221 389 2616 451 ΜΛΤΤΗἉΕΙ.
2650 413 2715 422 -·
2756 389 2919 449 CAP.
2963 388 3121 449 XVI.

363 390 460 452 εει

3524 384 3631 447 322

440 521 457 552 ι
491 503 622 556 Τότε
639 499 968 556 διεστεῖλατο
983 504 1096 562 τοῖς
1119 499 1388 570 μαθηταῖς
1418 497 1585 552 αὐτοῦ
1620 499 1705 552 ἵνα
1742 496 1933 570 μηδενὶ

2116 499 2285 554 Vens.
2316 499 2406 555 90.
2471 519 2489 553 ι
2546 499 2700 554 Tunc
2735 499 2904 554 edixit
2959 495 3235 567 discipulis
3276 496 3392 552 suis
3428 513 3495 552 ne
3537 503 3628 558 cui

360 595 590 647 εἴπωσιν
629 590 906 653 etiam;
956 592 1104 643 ἐστιν
1152 595 1180 645 6
1225 593 1479 662 Χριστός.
1521 612 1540 645 ι
1595 592 1877 646 Ἐϐούλετο
1909 593 1939 645 6

361 687 618 755 Χριστὸς,
645 682 870 753 προτοῦ
917 683 1150 754 σταυροῦ
1201 684 1593 747 συσκιάζεσθαι
1651 683 1751 756 τὴν
1812 684 1939 753 περὶ

360 777 528 829 αὑτοῦ
579 775 757 838 δόξαν.
794 775 856 826 Εί
883 776 990 844 γὰρ
1048 775 1286 844 ἥκουσαν
1309 778 1357 829 οί
1387 776 1666 846 ἄνθρωποι
1699 775 1806 846 πρὸ
1838 777 1933 829 τοῦ

361 870 569 930 πάθους
588 869 667 920 ὅτι
700 869 828 929 Θεός
857 869 1025 930 ἐστιν,
1049 862 1167 919 εἶτα
1194 868 1422 924 ἔϐλεπον
1447 870 1610 924 αὑτὸν
1635 869 1934 938 πάσχοντα,

357 960 478 1020 πῶς
516 960 614 1010 οὐκ
653 959 716 1011 ἂν
757 957 1288 1028 ἐσκανδαλίσθησαν;
1320 960 1416 1013 Διά
1469 959 1624 1012 τοῦτο
1675 959 1766 1012 οὖν
1805 958 1938 1029 κρύ-

359 1071 484 1106 πτει
533 1055 725 1106 ἑαυτὸν
753 1057 863 1117 τοῖς
906 1053 1138 1117 πολλοῖς,
1185 1054 1271 1106 ῐνα
1308 1056 1446 1125 μετά
1495 1057 1595 1124 τὴν
1639 1055 1936 1110 ἀνάστασιν

357 1147 812 1209 ἀσκανδαλίστως
867 1147 1121 1216 γνωσθῇ,
1197 1147 1289 1199 τοῦ
1371 1147 1689 1217 Πνεύματος
1757 1147 1934 1203 πάντα

355 1239 770 1309 ἐξομαλίζοντος
816 1241 904 1294 διὰ
931 1239 1038 1292 τῶν
1073 1240 1552 1310 θαυματουργιῶν.

435 1437 452 1469 ι
479 1420 610 1471 Ἀπὸ
636 1423 752 1471 τότε
781 1421 984 1489 ἤρξατο
1013 1423 1038 1472 6
1058 1417 1272 1490 Ἰησοῦς
1320 1420 1584 1472 δεικνύειν
1611 1422 1725 1484 τοῖς
1761 1421 1937 1490 μαθη-

355 1512 482 1572 ταῖς
522 1511 686 1562 αὑτοῦ
714 1513 794 1564 ὅτι
829 1512 910 1564 δεῖ
939 1513 1104 1563 αὑτὸν
1145 1512 1401 1565 ἀπελθεῖν
1449 1514 1526 1575 είς
1559 1514 1932 1583 Ἱεροσόλυμα,

360 1604 456 1653 καὶ
493 1604 664 1655 πολλὰ
697 1603 890 1656 παθεῖν
919 1605 1026 1657 ἀπὸ
1063 1605 1171 1656 τῶν
1204 1607 1593 1675 πρεσϐυτέρων
1629 1608 1722 1658 καὶ
1753 1610 1938 1677 ἀρχιε-

359 1692 500 1758 ρέων
529 1692 622 1744 καὶ
654 1693 1057 1762 Γραμματέων,
1106 1697 1196 1746 καὶ
1255 1695 1682 1764 ἀποκτανθῆναι,
1728 1698 1823 1750 καὶ
1868 1699 1932 1766 τῇ

355 1786 517 1855 τρίτῃ
546 1785 729 1854 ἡμέρᾳ
762 1785 1074 1855 ἐγερθῆναι.
1113 1806 1129 1836 ι
1154 1786 1419 1857 Προλέγει
1445 1788 1626 1851 αὺτοῖς
1651 1789 1708 1840 τὸ
1740 1788 1928 1852 πάθος,

356 1876 444 1927 ἶνα
470 1877 542 1945 μὴ
568 1877 812 1939 ἐλθόντος
838 1878 1279 1946 ἀπροσδοκήτως,
1309 1879 1792 1943 σκανδαλισθῶσιν,
1825 1882 1933 1947 οἰη-

355 1964 542 2026 θέντες
587 1966 660 2026 ὡς
714 1967 861 2020 ἄκων
899 1968 992 2019 καὶ
1040 1969 1248 2035 ἀγνοῶν
1303 1969 1574 2022 πέπονθεν
1602 1986 1614 2000 ο
1647 1972 1770 2022 ἐπεὶ
1828 1973 1935 2041 γὰρ

355 2055 595 2118 ἥκουσαν
624 2055 709 2106 διά
744 2057 842 2124 τῆς
898 2055 991 2108 τοῦ
1045 2058 1256 2127 Πέτρου
1315 2059 1605 2129 ὁμολογίας
1645 2062 1777 2114 ὃτιό
1812 2063 1936 2124 Υίος

356 2143 448 2196 τοῦ
485 2145 620 2197 Θεοῦ
648 2149 788 2210 ἐστι,
812 2146 932 2199 τότε
968 2149 1343 2203 ἀποκαλύπτει
1385 2151 1570 2214 αὐτοῖς
1602 2152 1695 2204 καὶ
1733 2151 1800 2205 τὰ
1840 2151 1934 2204 τοῦ

250 2310 254 2314 .
356 2235 586 2300 πάθους.
616 2239 771 2290 Μετὰ
818 2239 871 2292 δέ
923 2239 990 2291 τά
1020 2241 1258 2312 λυπηρά,
1292 2244 1487 2310 ἐπάγει
1517 2246 1612 2297 καὶ⁴
1636 2245 1695 2296 τὸ
1723 2246 1934 2314 χαρμό-

358 2343 540 2393 συνον,
566 2329 624 2381 τὸ
659 2331 715 2380 ὲν
745 2333 809 2399 τῇ
835 2330 994 2402 τρίτῃ
1023 2333 1206 2404 ἡμέρᾳ
1228 2334 1541 2402 ἐγερθῆναι.

433 2437 451 2469 ι
484 2421 589 2474 Καὶ
615 2421 1054 2492 προσλαϐόμενος
1084 2425 1245 2476 αὑτὸν
1271 2427 1298 2477 6
1334 2426 1560 2500 Πέτρος,
1583 2425 1784 2496 ἤρξατο
1815 2429 1935 2480 ἐπι·-

352 2512 522 2582 τιμᾷν
555 2512 724 2582 αὐτῷ,
751 2512 959 2580 λέγων·
995 2514 1181 2577 Ἵλεώς
1214 2532 1317 2576 σοι,
1351 2517 1545 2586 Κύριε,
1586 2520 1646 2570 οὐ
1681 2519 1755 2588 μὴ
1781 2519 1933 2572 ἔσται

357 2616 438 2652 σοι
473 2599 651 2655 τοῦτο.
703 2623 719 2653 ι
767 2606 829 2655 ’Ὁ
861 2604 961 2672 μὲν
1021 2607 1400 2678 ἀπεκαλύςρθη,
1451 2611 1478 2661 6
1516 2610 1719 2679 Πέτρος
1757 2610 1933 2680 ὀρθῶς

351 2691 728 2763 ὡμολόγησεν,
759 2695 787 2747 ὃ
815 2696 870 2748 δέ
890 2699 989 2750 οὐκ
1021 2701 1405 2771 ἀπεκαλύφθη,
1437 2703 1642 2772 ἐσφάλη
1669 2719 1680 2730 ·
1715 2705 1802 2757 ἵνα
1831 2707 1934 2774 μά-

354 2784 538 2856 θωμεν
589 2788 670 2840 ὅτι
722 2788 894 2857 χωρὶς
942 2788 1075 2841 Θεοῦ
1135 2792 1252 2844 οὐδέ
1309 2794 1485 2846 ἐκεῖνο
1541 2795 1843 2863 ἐφθέγξατο
1875 2799 1932 2850 τὸ

358 2882 521 2952 μέγα.
556 2881 645 2950 Μὴ
699 2879 870 2930 θέλων
899 2875 991 2932 οὗν
1036 2882 1227 2935 παθεῖν
1268 2885 1354 2940 τὸν
1377 2885 1613 2954 Χριστὸν
1646 2889 1673 2940 6
1704 2888 1929 2958 Πέτρος,

353 2973 451 3026 καὶ
482 2973 691 3040 ἀγνοῶν
723 2971 782 3022 τὸ
816 2969 913 3038 τῆς
965 2974 1322 3039 ἀναστάσεως
1369 2979 1675 3049 μυστήριον
1696 2997 1709 3009 ⁸
1747 2980 1931 3043 Ἵλεώς

356 3083 461 3130 σοι,
510 3063 701 3133 Κύριε,
735 3062 795 3114 ού
829 3063 906 3131 μὴ
951 3065 1105 3118 ἔσται
1151 3085 1232 3120 σοι
1262 3071 1440 3136 τοῦτο,
1472 3072 1656 3141 φησίν.

430 3272 450 3302 ο
499 3253 555 3306 Ὁ
582 3255 637 3308 δὲ
666 3260 929 3327 στραφεὶς
963 3256 1083 3311 εἶπε
1110 3255 1186 3327 τῷ
1210 3255 1401 3327 Πέτρῳ
1421 3271 1435 3284 ·
1473 3256 1690 3324 ’Υπαγε
1754 3256 1932 3309 όπίσω

357 3359 482 3411 μου,
539 3345 774 3410 Σατανᾶ,
837 3349 1132 3403 σκάνδαλον
1167 3364 1267 3416 μου
1318 3344 1387 3412 εί,
1414 3348 1581 3401 ὅτιού
1615 3351 1834 3418 φρονεῖς
1863 3349 1930 3401 τά

352 3434 448 3485 τοῦ
478 3434 635 3496 Θεοῦ.
669 3438 806 3492 ἀλλά
841 3440 907 3493 τὰ
932 3439 1041 3492 τῶν
1079 3440 1405 3508 ἀνθρώπων.
1451 3458 1470 3490 ι
1507 3440 1636 3491 "Ore
1668 3440 1766 3510 μὲν
1794 3441 1932 3510 ὀρθά

354 3525 534 3579 ἐλάλει
563 3528 590 3578 6
620 3529 846 3600 Πέτρος,
884 3532 1177 3600 μακαρίζει
1211 3531 1375 3584 αὐτὸν
1398 3533 1425 3584 6
1465 3531 1719 3600 Χριστὸς,
1751 3534 1838 3584 ὅτε
1875 3532 1931 3584 δέ

355 3615 565 3685 ἀλόγως
597 3619 880 3682 ἐδειλίασε,
913 3622 1008 3674 καὶ
1035 3622 1135 3676 οὐκ
1159 3621 1317 3692 ἤθελε
1363 3621 1556 3676 παθεῖν
1589 3623 1774 3688 αὑτὸν,
1807 3625 1934 3676 ἐπέ-

355 3704 579 3775 πληξεν,
634 3709 804 3760 εἰπών
829 3725 844 3741 ο
880 3708 1099 3777 Ὕπαγε
1138 3711 1314 3763 ὀπίσω
1362 3727 1496 3778 μου,
1531 3711 1768 3765 Σατανᾶ.
1827 3714 1932 3766 Σα-

351 3797 523 3860 τανᾶς
546 3798 623 3862 δὲ,
664 3801 691 3851 6
737 3800 1118 3872 ἀντικείμενος
1174 3800 1414 3869 λέγεται.
1449 3802 1669 3871 Ὕπαγε
1691 3799 1784 3857 οὖν
1810 3805 1935 3858 ὀπί-

357 3904 437 3940 σω
469 3906 602 3959 μου,
631 3889 901 3957 τουτέστι,
930 3893 1005 3963 μὴ
1038 3893 1334 3948 ἀνθίστασο
1357 3936 1371 3960 ,
1401 3894 1516 3948 ἀλλ’
1545 3896 1828 3953 ἀκολούθει
1854 3899 1933 3970 τῷ

357 3977 627 4049 θελήματί
661 3998 786 4050 μου.
818 3982 990 4036 Καλεῖ
1011 3983 1070 4037 δὲ
1101 3984 1282 4048 οὕτως
1311 3987 1404 4038 τὸν
1440 3985 1671 4058 Πέτρον,
1694 3991 1814 4042 ἐπεὶ
1837 3992 1933 4045 καὶ

351 4069 432 4140 τῷ
456 4072 671 4143 Σατανᾷ
705 4073 966 4146 ἀθέλητον
993 4071 1143 4147 ἦν’τδ
1172 4077 1364 4132 παθεῖν
1409 4078 1500 4131 τὸν
1534 4080 1769 4151 Χριστόν
1791 4100 1803 4113 ·
1831 4098 1934 4153 φη-

355 4181 439 4216 σ.ν
473 4164 570 4218 οὖν
599 4167 706 4230 ὅτι,
741 4168 812 4220 Σὺ
834 4169 937 4239 ’μὲν
981 4169 1309 4242 ἀνθρωπίνῳ
1357 4171 1605 4243 λογισμῷ
1659 4173 1836 4237 δοκεῖς
1870 4175 1932 4227 τὸ

353 4254 524 4317 πάθος
556 4257 810 4327 ἀπρεπές
847 4275 938 4328 μοι
974 4255 1148 4314 εἶναι’
1176 4263 1236 4314 οὑ
1275 4267 1415 4326 νοεῖς
1449 4265 1502 4316 ξε
1524 4265 1605 4317 ὃτι
1629 4267 1655 4317 6
1681 4265 1816 4327 Θεὸς
1844 4266 1932 4320 διὰ

351 4346 542 4398 τούτου
588 4348 865 4418 σωτηρίαν
892 4349 1213 4419 ἐργάζεται,
1240 4353 1440 4406 Win
1470 4353 1629 4407 τοῦτο
1654 4357 1778 4427 ἐμοὶ
1801 4357 1935 4429 πρέ-

354 4453 448 4490 πει
472 4439 727 4507 μάλιστα.

2041 594 2286 648 dicerent
2320 593 2462 662 quod
2505 593 2619 661 ipse
2655 601 2800 645 esset
2829 590 3102 644 Christus.
3145 608 3166 645 ι
3214 587 3436 643 Volebat
3464 591 3626 646 Chri-

2042 696 2158 740 stus
2185 694 2316 739 ante
2351 699 2568 740 crucem
2603 684 2887 737 obscurari
2920 697 3075 736 suam
3107 681 3358 750 gloriam.
3411 682 3544 736 Nam
3583 685 3629 738 si

2042 773 2380 828 audivissent
2433 774 2682 828 homines
2741 782 2866 828 ante
2920 775 3232 841 passionem
3286 775 3428 842 quod
3490 773 3631 829 Deus

2040 876 2207 930 esset,
2248 877 2303 921 et
2337 866 2530 920 deinde
2558 865 2826 919 vidissent
2863 880 2986 918 eum
3021 865 3165 934 pati,
3204 867 3473 934 quomodo
3521 881 3626 920 non

2041 957 2268 1015 fuissent
2299 957 2533 1011 otTensi?
2579 956 2871 1026 Propterea
2924 958 3090 1026 igitur
3139 957 3377 1012 occultat
3413 958 3525 1028 86
3554 974 3614 1012 se

2039 1049 2250 1113 multis,
2295 1059 2352 1104 ut
2389 1059 2509 1119 post
2561 1049 3018 1104 resurrectionem
3055 1051 3261 1117 absque
3301 1049 3628 1104 oiIendicnlo

2041 1156 2070 1194 a
2101 1143 2287 1196 multis
2317 1144 2544 1205 sciatur,
2573 1144 2782 1211 Spiritu
2812 1153 3000 1198 sancto
3023 1145 3205 1198 omnia
3237 1143 3624 1198 miraculorum

2039 1235 2448 1301 Operatiouibus
2482 1235 2825 1304 adaequante.

2115 1417 2275 1471 Vens.
2301 1416 2390 1470 21.
2417 1435 2434 1468 ι
2464 1417 2539 1470 Ex
2557 1432 2622 1471 eo
2649 1427 2892 1487 tempore
2913 1420 3068 1489 cmpil
3091 1417 3251 1473 Jesus
3277 1419 3516 1473 indicare
3539 1420 3625 1473 di-

2040 1509 2264 1579 scipulis
2281 1511 2394 1564 suis
2419 1511 2561 1578 quod
2579 1518 2791 1579 oportet
2807 1510 2978 1578 ipsum
3001 1511 3149 1565 abire
3170 1511 3538 1580 Hierosolyma
3551 1527 3624 1573 ιιι,

2040 1612 2094 1654 et
2116 1601 2284 1655 multa
2310 1601 2419 1669 pati
2449 1616 2478 1654 a
2505 1603 2813 1656 senioribus
2838 1613 2889 1656 et
2914 1603 3250 1671 principibus
3274 1603 3624 1656 sacerdotum

2039 1707 2093 1750 et
2139 1698 2367 1760 scribis,
2409 1707 2463 1751 et
2496 1697 2708 1761 occidi,
2765 1707 2820 1751 et
2857 1698 3018 1752 tertio
3068 1698 3156 1750 die
3215 1697 3555 1752 resuscitari.
3597 1715 3617 1749 ι

2047 1788 2296 1842 Praedicit
2337 1787 2442 1842 illis
2475 1789 2820 1857 passionem,
2864 1804 2931 1843 ne
2983 1789 3354 1859 inexspectata
3391 1790 3477 1842 illa
3529 1804 3624 1843 ve-

2045 1881 2228 1936 niente
2263 1881 2603 1945 oll'endatur,
2659 1892 2912 1952 putantes
2963 1882 3106 1952 quod
3161 1883 3365 1936 invitus
3418 1892 3472 1936 et
3519 1898 3623 1935 non

2038 1974 2326 2042 prsesciens
2353 1988 2548 2043 passus
2581 1987 2746 2028 esset.
2789 1974 3082 2043 POSIquam
3109 1974 3254 2028 enim
3288 1975 3614 2028 audiverunt

2040 2081 2133 2133 per
2177 2065 2580 2119 confessionem
2628 2066 2770 2119 Petri
2821 2064 2966 2134 quod
2997 2063 3170 2117 Filius
3212 2065 3281 2117 sit
3319 2065 3436 2128 Dei,
3496 2073 3625 2118 tunc

2042 2159 2300 2212 revelavit
2351 2159 2458 2213 illis
2519 2169 2574 2213 et
2629 2158 2961 2228 passionem.
3015 2157 3143 2211 Post
3201 2157 3377 2212 tristia
3441 2166 3622 2210 autem

2037 2252 2220 2305 subdit
2267 2260 2322 2304 et
2367 2251 2640 2316 laetitiam,
2692 2265 2886 2319 nempe
2930 2251 3072 2320 quod
3119 2252 3206 2304 die
3247 2252 3406 2305 tertio
3438 2265 3626 2305 resur~

2036 2357 2210 2414 geret.

2110 2437 2275 2490 Vens.
2309 2435 2398 2488 ᾗ.
2460 2453 2478 2486 ι
2519 2436 2583 2488 Ει
2631 2451 2753 2488 cum
2816 2435 3136 2491 abduxisset
3191 2435 3339 2489 illum
3395 2433 3623 2498 Petrus,

2037 2530 2205 2596 cmpit
2252 2529 2533 2594 increpare
2571 2527 2742 2594 illum,
2783 2528 2970 2582 dicens
3002 2546 3017 2582 :
3057 2528 3330 2596 Propitius
3359 2537 3475 2582 esto
3504 2529 3620 2590 tibi,

2037 2620 2287 2682 Domine,
2321 2633 2666 2687 nequaquam
2701 2621 2814 2674 erit
2845 2621 2937 2674 tibi
2973 2621 3095 2674 hoc.
3146 2638 3166 2672 ι
3203 2621 3262 2675 id
3296 2622 3438 2690 quod
3469 2636 3628 2674 reve--

2036 2712 2203 2765 latum
2235 2719 2376 2776 erat,
2407 2710 2602 2767 Petnls
2630 2723 2776 2768 recte
2805 2711 3090 2769 confessus
3115 2724 3196 2767 est
3222 2729 3237 2766 :
3276 2713 3327 2766 in
3359 2727 3425 2765 eo
3441 2724 3622 2764 autem

1993 2804 2182 2873 .quod
2237 2819 2354 2857 non-
2397 2804 2741 2871 revelatum,
2803 2805 3024 2875 lapsus:
3081 2815 3140 2859 ut
3187 2805 3425 2860 sciamus
3479 2803 3622 2872 quod

2035 2897 2242 2964 absque
2270 2893 2383 2950 Deo
2423 2911 2598 2964 neque
2651 2897 2870 2954 locutus
2932 2909 3014 2952 est
3046 2913 3306 2966 magnum
3341 2896 3620 2966 quiddam.

2036 2987 2238 3044 Nolens
2278 2989 2447 3061 igitur
2488 2990 2684 3046 Petrus
2730 2992 3006 3050 Christum
3052 2993 3199 3062 pati,
3255 3000 3308 3046 et
3365 2993 3625 3061 ignorans

2035 3083 2457 3137 resurrectioms
2480 3084 2819 3154 mysterium,
2858 3086 3030 3139 dixit:
3059 3085 3330 3155 Propitius
3351 3094 3472 3140 esto
3503 3084 3621 3149 libi,

1956 3183 1997 3241 ο
2040 3173 2286 3238 Domine,
2314 3188 2657 3242 nequaquam
2692 3174 2796 3228 erit
2829 3174 2922 3229 tibi
2963 3175 3086 3229 hoc.

2108 3264 2277 3320 Vnns.
2308 3265 2400 3319 25.
2440 3283 2459 3316 ι
2495 3265 2808 3320 Conversus
2852 3278 3030 3320 autem
3068 3268 3176 3330 ille,
3227 3268 3365 3321 dixit
3418 3266 3618 3323 Petro:

2035 3359 2138 3411 Abi
2171 3367 2293 3427 post
2325 3373 2429 3422 me,
2462 3357 2685 3421 Salaria,
2714 3358 2993 3412 obs'aculo
3036 3373 3098 3414 es
3143 3360 3275 3413 mihi
3303 3377 3317 3414 :
3355 3360 3479 3430 quia
3512 3375 3619 3414 non

2035 3451 2183 3520 sapis
2215 3465 2276 3504 ea
2303 3466 2422 3518 quae
2453 3459 2579 3505 sunt
2607 3450 2723 3517 Dei,
2750 3451 2842 3505 sed
2873 3465 2932 3505 ea
2965 3467 3083 3518 quac
3108 3463 3234 3505 sunt
3258 3453 3563 3506 hominum.
3597 3470 3617 3502 ο

2035 3540 2254 3595 Petrum
2293 3548 2440 3594 recte
2493 3541 2709 3608 quidem
2746 3541 3082 3610 loquentem,
3115 3544 3328 3596 beatum
3361 3545 3623 3613 praedicat

2033 3630 2324 3687 Christus:
2366 3631 2820 3686 irrationabiliter
2861 3640 3043 3685 autem
3098 3632 3518 3699 formidantem,
3569 3645 3624 3690 et

2035 3725 2307 3780 nolentem
2359 3739 2418 3781 se
2465 3724 2595 3793 pati,
2646 3725 2964 3794 perstringit
3005 3724 3196 3779 dicens
3247 3724 3448 3782 :Vade
3501 3739 3624 3795 post

2035 3831 2122 3872 me
2150 3857 2164 3880 ,
2206 3815 2430 3871 Satana.
2483 3814 2720 3870 Satanas
2775 3825 2957 3870 autem
2999 3814 3349 3873 adversarius
3397 3818 3621 3875 dicitur.

2039 3907 2183 3963 Vade
2204 3908 2511 3978 igitur,post
2534 3923 2641 3973 me,
2660 3908 2764 3962 hoc
2785 3917 2889 3972 est,
2909 3923 2976 3963 ne
2996 3909 3252 3974 obsistas,
3276 3911 3373 3965 sed
3392 3925 3624 3981 sequere

2034 4000 2372 4056 voluntatem
2405 4014 2606 4054 meam.
2652 3998 2821 4056 Vocat
2848 4015 3030 4055 autem
3075 4004 3153 4056 sic
3197 4001 3417 4056 Petrum
3445 4040 3460 4066 ,
3496 4004 3624 4072 quia

2033 4092 2196 4146 etiam
2223 4089 2440 4145 Satanae
2459 4091 2775 4160 displicebat
2796 4092 2904 4161 pati
2926 4091 3225 4147 Christum.
3255 4093 3394 4146 Dicit
3415 4092 3580 4161 igitur
3606 4111 3620 4148 :

2037 4179 2159 4236 Tibi
2188 4182 2408 4252 quidem
2438 4181 2590 4250 juxta
2617 4181 2914 4236 humanam
2945 4185 3212 4238 rationem
3244 4183 3458 4237 videtur
3486 4184 3624 4237 mihi

2038 4273 2295 4330 indecens
2330 4275 2552 4344 passio:
2609 4290 2715 4328 non
2776 4274 3032 4344 intelligis
3085 4283 3266 4329 autem
3298 4275 3441 4345 quod
3484 4275 3626 4329 Deus

2035 4381 2133 4436 per
2167 4365 2306 4419 hanc
2334 4366 2562 4419 salutem
2603 4375 2892 4435 operetur,
2922 4375 2977 4420 et
3002 4367 3147 4436 quod
3186 4366 3288 4422 hoc
3327 4381 3415 4421 me
3449 4369 3625 4422 maxi-

2039 4471 2124 4509 me
2161 4458 2352 4510 deceat

435 4546 454 4577 σ
491 4529 621 4580 Τότε
648 4530 676 4582 6
707 4529 916 4601 Ἰησοῦς
943 4528 1063 4585 εἷπε
1092 4535 1207 4598 τοῖς
1241 4534 1508 4604 μαθηταῖς
1532 4536 1699 4590 αὐτοῦ
1719 4553 1734 4566 ·
1756 4537 1823 4590 Εἴ
1844 4555 1925 4601 τις

2107 4544 2277 4603 Vens.
2307 4546 2398 4601 9.4.
2438 4564 2458 4597 ι
2493 4544 2646 4602 Tunc
2677 4545 2836 4602 Jesus
2870 4548 3008 4602 dixit
3034 4547 3320 4618 discipulis
3345 4547 3458 4603 suis
3495 4567 3508 4603 :
3565 4549 3620 4603 Si

352 4617 502 4673 θέλει
539 4619 712 4672 ὀπίσω
746 4639 847 4688 μου
878 4622 1072 4686 ἐλθεῖν,
1122 4625 1532 4697 ἀπαρνησάσθω
1589 4628 1801 4693 ἑαυτὸν,
1836 4628 1928 4680 καὶ

355 4709 543 4778 ἀράτω
563 4711 651 4764 τὸν
680 4713 911 4783 σταυρὸν
956 4715 1155 4782 αὑτοῦ,
1183 4719 1278 4770 καὶ
1334 4719 1697 4772 ἀκολουθείτω
1755 4737 1863 4790 μοι.
1905 4739 1922 4772 ι

350 4802 510 4868 Τότε,
539 4804 705 4868 πότες
747 4807 874 4859 Ὀτε
899 4807 976 4878 τῷ
1017 4808 1211 4880 Πέτρῳ
1241 4811 1540 4883 ἐπετίμησε
1570 4827 1583 4840 ·
1613 4812 1786 4865 θέλων
1819 4813 1929 4882 γὰρ

352 4893 524 4958 δεῖξαι
576 4895 657 4947 ὅτι
701 4897 910 4966 ἐσφάλη
931 4899 960 4950 6
981 4898 1185 4970 Πέτρος
1219 4902 1445 4955 κωλύων
1507 4905 1672 4958 αὑτὸν
1699 4905 1793 4959 τοῦ
1825 4925 1930 4959 πα-

353 4983 490 5050 θεῖν,
523 4987 708 5056 φησὶν,
757 4988 840 5041 ὅτι
880 4989 950 5043 Σὺ
973 4991 1076 5061 ἐμὲ
1101 4991 1351 5058 κωλύεις.
1399 4994 1543 5063 Ἐγὼ
1566 4996 1621 5049 δὲ
1670 4997 1814 5066 λέγω
1845 5016 1928 5053 σοι

352 5074 436 5127 ὄτι
461 5075 527 5127 οὐ
554 5076 718 5145 μόνον
744 5077 806 5130 τὸ
829 5078 930 5147 ἐμὲ
978 5079 1056 5151 μὴ
1101 5082 1294 5135 παθεῖν
1327 5084 1621 5149 ἐπιϐλαϐές
1675 5104 1778 5152 σοι,
1812 5087 1927 5141 ἀλλ’

348 5165 474 5219 οὖδέ
504 5168 568 5220 σὺ
597 5167 842 5237 σωθῆναι
879 5169 1104 5242 δυνήσῃ,
1145 5174 1239 5226 ἐάν
1273 5174 1348 5246 μὴ
1382 5177 1477 5230 καὶ
1513 5178 1677 5242 αὐτὸς
1717 5181 1928 5234 ἀποθά-

352 5256 628 5326 mmini
654 5258 746 5311 καὶ
773 5258 828 5311 ετ
848 5276 932 5315 τις
965 5261 1144 5327 ἄλλος,
1186 5265 1290 5318 κᾶν
1317 5268 1477 5337 ἀνὴρ,
1510 5270 1612 5324 κᾶν
1643 5272 1801 5340 γυνὴ,
1822 5272 1928 5326 κᾶν

351 5347 542 5417 πένης,
582 5350 684 5403 κᾶν
734 5350 1011 5415 πλούσιος.
1045 5356 1213 5408 Θέλει
1247 5357 1302 5411 δὲ
1351 5355 1525 5423 εἶπεν,
1559 5363 1644 5416 ἵνα
1675 5365 1822 5436 δείξῃ
1846 5366 1927 5417 ὅτι

347 5439 701 5504 αὐτεξούσιον
740 5443 833 5497 καὶ
869 5443 970 5495 οὐκ
1021 5447 1362 5512 ἀναγκαστὸν
1409 5453 1441 5522 ἡ
1491 5453 1684 5522 ἀρετή.
1724 5455 1928 5509 Ὀπίσω

346 5529 404 5583 δὲ
432 5530 717 5585 ἀκολουθεῖ
738 5533 832 5586 τοῦ
876 5537 1073 5604 Ἰησοῦ,
1106 5540 1205 5610 οὐχ
1251 5540 1278 5591 ὁ
1313 5543 1591 5612 ὁμολογῶν
1631 5546 1794 5600 αὑτὸν
1833 5549 1929 5617 μό-

347 5639 440 5676 νον
475 5624 602 5676 Υίὸν
634 5625 793 5688 Θεοῦ,
826 5628 943 5680 ἀλλ’
975 5633 1001 5682 6
1026 5632 1120 5683 καὶ
1176 5631 1263 5683 διὰ
1316 5634 1532 5688 πάντων
1581 5637 1688 5690 τῶν
1737 5638 1928 5691 δεινῶν
2015 5638 2020 5642 ’

347 5715 668 5786 ἐρχόμενος,
703 5719 797 5771 καὶ
827 5721 893 5773 τὰ
912 5721 1052 5774 αύτά
1079 5723 1464 5795 ὑφιστάμενος.
1492 5728 1928 5799 ’Λπαρνησάσθω

348 5809 402 5865 δὲ
437 5809 652 5873 ἑαυτὸν,
705 5805 850 5876 εἷπε,
884 5813 982 5885 τὴν
1012 5817 1225 5871 τελείαν
1253 5821 1483 5892 ἄρνησιν
1531 5824 1618 5877 διὰ
1653 5826 1752 5895 τῆς
1807 5828 1927 5882 ἀπό

2029 4637 2157 4706 quis
2187 4636 2306 4691 vult
2343 4648 2463 4706 post
2494 4653 2582 4692 me
2619 4638 2825 4702 venire,
2858 4638 3090 4707 abneget
3129 4642 3480 4709 semetipsum
3510 4683 3526 4707 ,
3568 4655 3624 4697 et

2030 4728 2187 4783 tollat
2211 4743 2429 4784 crucem
2464 4743 2641 4796 suam,
2678 4737 2732 4784 et
2760 4739 3018 4799 sequatur
3052 4745 3160 4786 me.
3196 4749 3214 4783 ι
3252 4730 3407 4786 Tunc
3449 4749 3622 4802 quan-

2033 4819 2139 4873 do?
2167 4835 2290 4874 cum
2313 4818 2532 4874 Petrum
2559 4822 2910 4891 increpasse-2.
2942 4822 3137 4877 Veiens
3162 4825 3307 4877 enim
3332 4828 3622 4883 ostendere

2032 4926 2218 4967 errare
2251 4912 2469 4969 Petrum
2497 4913 2876 4983 prohibentem
2908 4929 2968 4969 se
3012 4916 3144 4983 pati,
3179 4917 3343 4972 dicit:
3389 4918 3466 4972 Tu
3501 4919 3624 4988 qui-

2035 5003 2156 5058 dem
2189 5019 2274 5062 me
2299 5006 2591 5074 prohibes,
2628 5021 2730 5076 ego
2765 5019 2944 5062 autem
2979 5008 3100 5062 dico
3133 5009 3251 5073 tibi,
3282 5025 3390 5064 non
3417 5012 3620 5076 solum.

2029 5096 2206 5152 sinon
2229 5098 2429 5166 patiar,
2453 5099 2552 5154 tibi
2577 5103 2896 5154 damnosum
2922 5105 3073 5169 cssej:
3097 5104 3190 5157 sed
3220 5118 3399 5172 neque
3421 5107 3621 5161 salvari

2032 5189 2260 5258 poteris,
2299 5191 2401 5245 nisi
2430 5201 2484 5246 et
2515 5193 2629 5261 ipse
2662 5193 2916 5247 moriaris
2945 5204 3001 5249 et
3028 5195 3279 5266 quisquis
3316 5196 3475 5262 alius,
3508 5199 3624 5254 sive

2035 5282 2138 5346 vir,
2165 5282 2280 5335 sive
2307 5283 2523 5349 mulier,
2547 5285 2664 5339 sive
2687 5300 2910 5354 pauper,
2929 5287 3043 5342 sive
3069 5288 3389 5343 dives.Dicit
3412 5302 3618 5353 autem,

2034 5372 2180 5437 Vult,
2212 5378 2552 5431 ntostendat
2602 5378 2831 5432 liberum
2889 5380 3197 5444 arbitrium,
3245 5392 3299 5436 et
3371 5400 3476 5437 non
3527 5400 3622 5438 co-

2035 5476 2210 5520 actam
2243 5467 2521 5523 virtutem.
2557 5467 2992 5528 PostChristum
3026 5485 3204 5528 autem
3236 5478 3481 5546 sequitur
3510 5492 3618 5531 non

2034 5557 2205 5612 Solum
2261 5559 2308 5614 is
2348 5561 2439 5628 qui
2487 5561 2635 5616 illum
2678 5563 2968 5619 conﬁtetur
3004 5565 3198 5620 Filium
3229 5569 3370 5634 Dei,
3421 5571 3518 5624 sed
3569 5582 3620 5625 et

2035 5649 2123 5717 qui
2157 5664 2255 5717 per
2283 5652 2462 5705 omnia
2492 5654 2674 5721 gravia
2712 5657 2924 5723 transit,
2954 5668 3011 5712 et
3040 5659 3124 5711 illa
3149 5660 3404 5715 sustinet.
3436 5661 3620 5719 Abne-

2033 5752 2123 5809 get
2159 5752 2341 5797 autem
2371 5746 2718 5812 semetipsum
2753 5749 2921 5809 dixit,
2960 5750 3252 5818 perfectam
3302 5753 3620 5821 a-bnegatio-

2033 5848 2165 5887 nem
2220 5851 2317 5903 per
2367 5839 2826 5909 ιιι-αιροεὶιίοιιοηι,
2871 5849 2957 5910 ab,
3004 5844 3356 5915 signiﬁcans:
3390 5847 3619 5902 exetnuh
