4080 6336
548 405 655 470 323

1463 380 2047 451 THEOPHYLACTI
2079 371 2487 439 BULGARIE
2517 356 2876 432 ARCHIEP.

3672 359 3776 425 324

542 514 739 587 gratia,
796 525 865 567 ne
920 509 1114 587 haheat
1172 501 1601 561 communionem
1639 496 1925 568 quamdam
1974 504 2092 545 cum

2202 482 2516 555 προθέσεως
2542 479 2847 551 σημαίνων.
2876 478 3024 540 Ο.ον,
3059 475 3135 546 μὴ
3171 474 3343 546 ἐχέτω
3361 490 3414 529 τι
3435 473 3619 528 κοινὸν
3642 473 3777 545 πρὸς

542 585 792 675 corpore,
821 602 911 659 sed
939 585 1243 656 contemnat
1266 596 1505 665 seipsum
1531 610 1546 647 :
1572 592 1711 646 sicut
1729 586 2105 644 consuevimus

543 697 727 754 dicere
760 691 902 763 quod
935 691 1056 762 quis
1086 682 1391 758 quempiam
1438 682 1665 751 negarit,
1716 682 1817 735 hoc
1852 685 1965 743 est,
1996 690 2103 730 non

545 787 705 843 habet
749 798 869 839 eum
900 797 1001 852 pro
1038 779 1217 833 amico
1255 775 1336 831 vel
1394 784 1540 830 noto.
1592 771 1684 827 Sic
1724 770 1888 841 igitur
1915 780 2103 822 omnes

542 875 695 930 docet
727 872 930 927 nullam
967 885 1089 925 cum
1135 881 1361 937 corpore
1404 864 1604 920 habere
1641 859 2100 921 communionem,

539 968 592 1022 id
620 975 723 1031 est,
753 963 1068 1026 amicitiam,
1100 961 1174 1016 ita
1208 969 1267 1014 ut
1296 967 1349 1015 et
1373 970 1589 1012 crucem
1626 952 1834 1018 tollant,
1857 954 1955 1007 hoc
1983 957 2098 1015 est,

539 1064 765 1111 mortem
814 1052 1051 1123 eligant,
1105 1060 1159 1104 et
1205 1063 1324 1103 cum
1388 1044 1565 1101 studio
1611 1041 1887 1111 inquirant
1936 1038 2099 1093 etiam

540 1157 764 1201 mortem
797 1140 1384 1213 iguominiosissimam,
1412 1135 1521 1208 87
1547 1132 1736 1204 qualis
1779 1145 1911 1185 crux
1955 1127 2100 1196 apud

539 1248 749 1292 veteres
772 1235 892 1289 fuit.
923 1233 1051 1300 Sed,
1078 1232 1143 1286 Et
1162 1239 1419 1299 sequatur
1438 1238 1539 1293 nte,
1564 1226 1758 1295 inquit.
1784 1222 1928 1276 Multi
1955 1222 2099 1274 enim

539 1330 928 1397 cruciﬁguntur
956 1325 1194 1379 latrones
1217 1330 1281 1376 et
1312 1319 1479 1384 fures,
1511 1329 1565 1371 at
1611 1316 1685 1370 illi
1735 1328 1840 1368 non
1869 1320 1993 1366 sunt
2020 1310 2101 1364 di—

538 1417 727 1488 scipuli
760 1416 884 1469 mei.
917 1413 1189 1482 Sequatur
1219 1408 1402 1479 igitur,
1438 1406 1540 1460 hoc
1566 1412 1669 1471 est,
1698 1416 1913 1456 omnem
1938 1399 2097 1453 aliam

537 1511 784 1565 virtutem
816 1520 925 1575 prae
951 1518 1009 1558 se
1042 1501 1198 1557 ferat.
1238 1500 1481 1568 Abnegat
1528 1508 1705 1551 autem
1754 1494 1994 1564 scipsum
2046 1500 2100 1546 et

536 1605 627 1671 qui
660 1600 770 1654 heri
802 1598 1017 1667 quidem
1068 1595 1451 1660 intemperatus
1497 1597 1652 1652 erat,
1711 1586 1869 1641 hodie
1916 1590 2095 1638 autem

535 1700 714 1747 castus
746 1696 799 1743 et
827 1686 1062 1741 sobrius.
1092 1681 1238 1737 Talis
1270 1690 1388 1737 erat
1421 1678 1643 1745 Paulus,
1684 1677 1775 1745 qui
1804 1673 2095 1746 abnegavit

535 1784 879 1849 semetipsum
904 1791 1026 1831 cum
1077 1774 1317 1829 diceret:
1353 1789 1372 1823 ι
1405 1769 1540 1825 Vivo
1590 1778 1767 1823 autem
1825 1781 1935 1821 non
1986 1766 2095 1835 jam

2203 576 2265 629 τὸ
2292 574 2476 645 σῶμα,
2506 572 2641 627 ἀλλά
2667 568 3082 640 καταφρονείτω
3119 566 3337 630 ἑαυτοῦ,
3370 564 3559 635 ὥσπερ
3585 563 3779 617 uasa-

2211 683 2310 737 μεν
2341 665 2544 733 λέγειν,
2581 663 2643 717 Ὀ
2676 662 2823 715 δεῖνα
2852 660 2945 713 τδν
2971 659 3117 712 δεῖνα
3156 658 3451 728 ἠρνήσατο,
3494 655 3616 709 ἀντὶ
3659 652 3776 717 τοῦ,

2204 757 2321 811 Ούκ
2348 754 2462 827 ἔχει
2487 753 2663 824 φίλον,
2700 750 2824 806 οὐδὲ
2855 749 3114 821 γνωστόν.
3150 747 3337 811 Οὕτως
3380 744 3473 802 οὖν
3522 748 3619 801 καὶ
3664 745 3780 809 πᾶς

2204 846 2412 917 ὀφείλει
2436 845 2711 916 μηδεμίαν
2730 842 2925 914 ’φιλίαν
2955 840 3101 912 ἔχειν
3131 840 3268 911 πρὸς
3300 838 3362 892 τὸ
3401 839 3564 908 σῶμα
3588 855 3603 870 ·
3637 837 3777 891 ὥστε

2204 938 2301 994 καὶ
2328 938 2420 993 τὸν
2453 937 2688 1009 σταυρὸν
2710 935 2911 1006 αἴρειν,
2931 933 3204 999 τουτέστι,
3227 932 3458 987 Θάνατον
3480 928 3773 1001 αίρεϊσθαι,

2202 1034 2300 1097 καὶ
2332 1030 2472 1101 μετὰ
2500 1028 2738 1097 σπουδῆς
2772 1027 3053 1098 ιπιζητεϊν
3079 1026 3171 1079 καὶ
3195 1023 3425 1079 θάνατον
3453 1023 3546 1077 τὸν
3568 1024 3775 1076 ἐπονεί-

2201 1121 2403 1176 διστον·
2431 1120 2673 1183 τοιοῦτος
2698 1119 2805 1190 γὰρ
2840 1120 2868 1172 ὁ
2906 1118 3140 1188 σταυρὸς
3174 1116 3324 1187 παρὰ
3359 1116 3470 1178 τοῖς
3504 1115 3772 1177 παλαιοῖς.

2214 1212 2399 1279 Ἀλλὰ,
2422 1211 2537 1267 Καὶ
2562 1210 2922 1265 ἀκολουθείτω
2948 1227 3062 1280 μοι,
3086 1208 3241 1278 φησί.
3268 1206 3459 1262 Πολλοὶ
3479 1207 3591 1278 γὰρ
3618 1224 3778 1259 σταυ-

2203 1304 2423 1378 ροῦνται
2455 1303 2654 1376 λῃσταὶ
2676 1304 2770 1356 καὶ
2804 1301 3059 1365 κλέπται,
3087 1298 3202 1353 ἀλλ’
3229 1298 3331 1351 οὐκ
3385 1296 3526 1350 εἰσὶν
3579 1299 3775 1349 ἐκεῖνοι

2203 1397 2441 1467 μαθηταί
2473 1413 2574 1467 μου
2604 1412 2616 1425 ⁸
2656 1392 3019 1449 ἀκολουθείτω
3072 1390 3184 1455 οῦν,
3217 1388 3487 1453 τουτέστι,
3524 1390 3621 1441 καὶ
3669 1388 3775 1441 πᾶ-

2201 1505 2301 1542 σαν
2326 1489 2425 1560 τὴν
2456 1487 2622 1558 ἀλλην
2645 1485 2849 1557 ἀρετὴν
2876 1480 3292 1537 ἐπιδεικνύσθω.
3334 1479 3765 1559 Ἀπαρνεῖταιδι

2200 1556 2391 1632 ἑαυτὸν
2413 1579 2508 1631 καὶ
2537 1556 2726 1647 eges;
2779 1575 2878 1646 μὶν
2918 1573 3273 1653 ἀσελγαίνων,
3308 1574 3549 1643 σήμερον
3586 1572 3645 1624 δὲ
3670 1556 3775 1624 σω.

2200 1672 2434 1742 φρονῶν.
2477 1669 2730 1733 Τοιοῦτος
2755 1664 2824 1738 ἦν
2844 1670 2872 1722 ὀ
2905 1657 3136 1730 Παῦλος,
3163 1665 3628 1736 ἀπαρνησάμενος
3653 1664 3778 1717 ἑαυ-

2198 1762 2290 1814 τὸν
2324 1763 2381 1814 ἑν
2403 1761 2482 1833 τῷ
2522 1760 2725 1830 λέγειν,
2758 1757 2875 1813 «Ζῶ
2897 1758 2955 1838 δὲ
2982 1758 3082 1810 οὐκ
3107 1756 3189 1809 ἐτι
3217 1756 3349 1820 ἐγὼ,
3374 1755 3441 1827 ζῇ
3480 1755 3536 1808 δὶ
3558 1756 3616 1807 tv
3652 1754 3775 1823 ἐμοὶ

535 1887 657 1941 ego,
696 1844 825 1925 vivit
860 1878 1040 1924 autem
1078 1869 1130 1922 in
1166 1879 1253 1923 me
1281 1864 1532 1920 Christus
1550 1862 1619 1915 “.
1657 1880 1675 1913 ι
1724 1858 1887 1914 Tollit
1918 1868 2092 1912 autem

2198 1852 2453 1923 Χριστός.
2470 1852 2654 1922 »Αῐρει
2678 1850 2733 1903 δὲ
2754 1848 2846 1903 τὸν
2871 1847 3124 1920 σταυρὸν,
3144 1846 3469 1918 ὀνεκρώσας
3490 1844 3588 1899 καὶ
3616 1861 3777 1898 σταυο

534 1978 789 2028 crucem,
849 1962 940 2033 qui
999 1957 1345 2016 mortiﬁcavit
1397 1964 1451 2011 et
1508 1953 1778 2010 cruciﬁxit
1853 1952 2090 2021 seipsum

534 2056 751 2109 mundo.

600 2145 765 2201 Vens.
796 2144 886 2199 25.
936 2161 955 2195 ι
1009 2141 1111 2208 Qui
1162 2142 1304 2197 enim
1360 2138 1592 2195 voluerit
1643 2138 1876 2191 animam
1932 2147 2088 2189 suam

530 2251 781 2302 servare,
817 2236 1005 2305 perdet
1059 2248 1174 2288 eam
1213 2250 1228 2292 ;
1264 2232 1509 2302 quisquis
1562 2239 1742 2284 autem
1799 2224 2093 2297 perdiderit

537 2329 771 2381 animam
841 2342 992 2381 suam
1055 2333 1273 2396 propter
1345 2338 1471 2389 me,
1541 2320 1779 2377 inveniet
1837 2333 1979 2374 eam.
2026 2336 2078 2395 ⁸ι

535 2419 614 2472 Ad
663 2419 975 2489 martyrium
1019 2418 1338 2472 adhortatur
1380 2429 1479 2470 uos
1511 2432 1527 2468 :
1561 2413 1762 2468 invenit
1798 2412 1939 2465 enim
1974 2410 2094 2463 aui-

533 2513 789 2568 mam,ad
837 2524 1097 2578 praesens,
1142 2511 1243 2563 hoc
1288 2515 1390 2571 est,
1449 2514 1648 2573 servat,
1697 2505 1785 2575 qui
1825 2513 2007 2573 negat,
2038 2512 2094 2558 et

530 2612 714 2671 postea
746 2601 939 2671 perdit.
969 2599 1153 2656 Perdit
1197 2611 1373 2654 autem
1423 2598 1680 2665 animant,
1725 2598 1819 2653 sed
1873 2607 2094 2667 propter

530 2692 828 2759 Christum,
861 2692 952 2762 qui
1000 2692 1064 2746 de
1100 2707 1165 2748 eo
1214 2690 1693 2758 testiﬁcatur:qui
1746 2696 1802 2743 et
1858 2688 2096 2743 inveniet

529 2800 648 2839 eam
683 2784 736 2837 in
769 2782 1194 2853 incorruptione,
1225 2791 1278 2836 et
1308 2780 1416 2835 vita
1452 2772 1675 2836 aeterna.

603 2874 767 2929 Vens.
799 2872 891 2937 26,
924 2871 1013 2925 27.
1047 2889 1067 2923 ι
1130 2871 1271 2938 Quid
1317 2870 1456 2925 enim
1492 2869 1707 2939 prodest
1768 2869 1991 2935 homini,
2046 2868 2093 2924 si

538 2971 710 3020 totum
762 2963 1017 3015 mundum
1077 2961 1317 3014 lucratus
1357 2959 1539 3025 fuerit,
1573 2960 1767 3013 anima:
1814 2974 1940 3031 vero
1982 2974 2093 3013 sua:

526 3056 792 3125 jacmram
833 3050 1060 3107 fecerit?
1101 3052 1206 3105 Aut
1235 3050 1365 3120 quid
1395 3050 1545 3105 dabit
1578 3050 1757 3116 homo,
1789 3051 1941 3119 cujus
1971 3067 2093 3119 per-

534 3145 827 3200 mutatione
888 3144 1116 3199 redimat
1171 3143 1404 3197 animam
1458 3142 1646 3196 suam?
1693 3141 1957 3197 Venturus
2009 3152 2094 3197 est

2198 1943 2382 2014 ρώσας
2416 1943 2613 1998 ἑαυτὸν
2634 1942 2713 2015 τῷ
2747 1941 2962 2012 κόσμῳ.

2272 2142 2292 2178 ι
2334 2126 2429 2189 '0;
2460 2125 2569 2198 γὰρ
2599 2127 2665 2180 ἂν
2708 2123 2836 2196 θέλῃ
2880 2124 2980 2194 τήν
3016 2122 3195 2194 ψυχὴν
3225 2120 3389 2176 αὐτοῦ
3416 2121 3607 2188 σῶσαι,
3631 2121 3769 2175 ἀπο-

2195 2216 2343 2270 λέσει
2403 2217 2609 2289 αὑτήν·
2657 2216 2717 2281 ὃς
2771 2217 2817 2269 δ’
2853 2217 2918 2271 ἂν
2960 2215 3201 2287 ἀπολέσῃ
3240 2215 3339 2285 τὴν
3383 2212 3561 2286 ψυχὴν
3606 2209 3773 2266 αὐτοῦ

2193 2308 2376 2362 ἕνεκεν
2398 2308 2556 2377 ἐμοῦ,
2598 2308 2820 2378 εὑρήσει
2864 2309 3056 2377 αὑτήν.
3092 2325 3113 2359 ι
3142 2306 3269 2365 Ἐπὶ
3301 2306 3603 2377 μαρτύριον
3640 2320 3775 2375 προ-

2193 2400 2455 2470 τρέπεται
2486 2401 2657 2471 ὴμᾶς.
2690 2398 2949 2470 Εὑρίσκει
2978 2400 3076 2470 μὲν
3100 2395 3193 2454 οὖν
3223 2400 3322 2471 τήν
3350 2398 3525 2468 ψυχὴν
3557 2396 3694 2467 πρὸς
3715 2394 3775 2448 τὸ

2195 2490 2389 2560 παρὸν,
2427 2490 2696 2555 τουτέστι,
2731 2489 2915 2555 σώζει,
2947 2493 2975 2543 ό
3002 2490 3355 2562 ἀρνούμενος,
3392 2489 3451 2553 δς
3479 2489 3575 2542 καὶ
3608 2487 3777 2543 ἀπόλ·

2194 2579 2347 2633 λυσιν
2377 2579 2605 2650 ὕστερον
2625 2597 2641 2613 ο
2686 2580 2951 2634 ἀπόλλυσι
2990 2580 3048 2635 δὲ
3077 2581 3179 2653 τὴν
3205 2580 3405 2652 ψυχὴν,
3436 2580 3552 2635 ἀλλ’
3590 2580 3774 2633 ἕνεκεν

2193 2668 2288 2721 τοῦ
2338 2669 2598 2739 Χριστοῦ,
2640 2669 2699 2733 ὃς
2732 2671 3073 2741 μαρτυρήσει
3126 2670 3263 2741 ὑπὲρ
3309 2669 3495 2724 αὑτοῦ.
3542 2670 3639 2733 Ὃς
3668 2667 3777 2738 ,καὶ

2194 2759 2413 2831 εὑρήσει
2452 2760 2623 2831 αὐτὴν
2667 2762 2725 2813 ὲν
2756 2761 3037 2833 ἀφθαρσίᾳ
3070 2762 3164 2825 καὶ
3194 2764 3308 2832 ζωῇ
3345 2761 3567 2833 αίωνίᾳ.

2268 2871 2286 2904 t
2325 2852 2390 2905 Τί
2422 2854 2529 2924 γὰρ
2557 2853 2848 2921 ὠφελεῖται
2878 2854 3161 2924 ἄνθρωπος
3189 2855 3283 2908 ἐὰν
3311 2855 3403 2907 τὸν
3428 2854 3632 2924 κόσμον
3652 2852 3778 2907 ὅλον

2194 2943 2455 3016 κερδήσῃ,
2487 2942 2586 3015 τὴν
2611 2941 2667 2996 δὲ
2697 2942 2875 3014 ψυχὴν
2903 2945 3069 2998 αὑτοῦ
3097 2944 3347 3016 ζημιωθῇ
3375 2964 3391 3012 ;
3426 2947 3495 2998 Ἢ
3528 2947 3582 2999 τί
3610 2942 3774 3000 δώσει

2194 3035 2480 3107 ἄνθρωπος
2536 3036 2895 3107 ἀντάλλαγμα
2939 3038 3040 3108 τῆς
3080 3038 3259 3109 ψυχῆς
3311 3040 3513 3105 aurei};
3570 3041 3773 3096 Μέλλει

2196 3128 2303 3198 γὰρ
2340 3132 2367 3182 ὁ
2400 3128 2526 3193 Υἱὸς
2557 3128 2653 3183 τοῦ
2702 3129 2989 3201 ἀνθρώπου
3028 3132 3281 3202 ἔρχεσθαι
3327 3137 3386 3187 ἐν
3416 3137 3479 3206 τῇ
3513 3134 3640 3208 δόξῃ
3676 3135 3771 3189 τοῦ

529 3236 673 3290 enim
715 3234 883 3290 Filius
924 3232 1157 3288 hominis
1197 3232 1250 3285 in
1278 3231 1445 3301 gloria
1492 3230 1668 3286 Patris
1708 3231 1791 3287 sui
1834 3247 1953 3285 cum
1997 3246 2092 3285 an-

2203 3219 2415 3288 Πατρὸς
2448 3219 2614 3273 αὐτοῦ
2658 3222 2798 3291 μετά
2833 3222 2941 3277 τῶν
2980 3224 3453 3294 ἀγγέλωνεαὺτοῦ,
3492 3227 3599 3280 καὶ
3652 3229 3773 3281 τότε

530 3326 660 3394 gelis
706 3325 837 3390 suis,
878 3334 932 3379 et
987 3333 1114 3377 tunc
1166 3323 1352 3377 reddet
1408 3321 1696 3390 unicuique
1738 3319 1895 3389 juxta
1947 3321 2087 3376 facta

533 3418 724 3486 ipsius.
763 3435 780 3468 ι
818 3414 909 3470 Sic
943 3414 1103 3483 igitur
1127 3423 1180 3467 et
1213 3412 1477 3483 ﬁngamus
1519 3413 1661 3479 quod
1714 3420 1881 3465 totum
1933 3426 2089 3465 mun-

530 3508 653 3562 dum
676 3505 924 3571 lucreris,
947 3504 1038 3559 sed
1060 3518 1177 3572 qua:
1194 3502 1399 3557 utilitas
1422 3503 1466 3557 si
1490 3517 1689 3572 corpus
1714 3503 1848 3557 bene
1872 3502 2088 3566 habeat,

527 3608 583 3653 et
627 3599 805 3651 anima
857 3595 995 3650 male
1024 3593 1791 3663 afﬁciaturiquemadmodum
1835 3592 1879 3647 si
1919 3604 2094 3669 mater

528 3690 759 3744 familias
789 3687 966 3741 lacera
998 3695 1168 3750 veste,
1196 3694 1249 3740 et
1286 3686 1492 3740 ancillae
1540 3684 1743 3755 fulgida
1783 3697 1979 3740 ornatu
2007 3685 2091 3739 iu-

531 3781 745 3836 cedaut.
772 3778 954 3847 Neque
997 3781 1050 3832 ln
1092 3778 1274 3833 futuro
1310 3776 1507 3833 saeculo
1550 3779 1747 3848 poterit
1787 3779 1911 3848 quis
1962 3779 2089 3833 dare

528 3872 1000 3928 commutationem
1041 3880 1146 3939 pro
1172 3870 1351 3924 anima
1383 3885 1478 3924 sua
1512 3889 1523 3923 :
1552 3871 1637 3925 hic
1667 3871 1879 3940 quidem
1912 3880 2089 3941 potest

528 3965 657 4017 dare
710 3965 976 4033 lacrymas
1036 3972 1089 4017 et
1122 3962 1538 4031 eleemosynam,
1570 3971 1623 4017 et
1667 3962 1933 4033 jejunare,
1981 3962 2088 4019 illic

526 4065 704 4108 autem
733 4070 861 4107 non.
886 4052 1053 4108 Judex
1070 4054 1210 4108 enim
1241 4061 1368 4107 tunc
1394 4067 1493 4107 nos
1521 4053 1774 4121 excipiet,
1798 4054 1939 4108 dona
1996 4070 2085 4108 re-

524 4160 759 4215 spuens:
790 4159 908 4209 nam
938 4145 1087 4213 juxta
1112 4159 1271 4210 opera
1313 4160 1410 4197 sua
1445 4143 1706 4211 iudicabit
1735 4160 2089 4215 unumquem-

527 4251 651 4304 que.
678 4235 771 4289 Est
794 4247 971 4289 autem
993 4244 1048 4288 ct
1076 4234 1429 4289 metuendus:
1458 4236 1640 4289 veniet
1666 4236 1807 4289 enim
1836 4236 1889 4291 in
1918 4236 2086 4307 gloria

526 4342 621 4382 sua
657 4336 710 4382 et
742 4341 862 4379 cum
894 4324 1119 4395 angelis,
1148 4332 1202 4379 et
1232 4338 1337 4378 non
1364 4325 1802 4396 contemptibilis.

598 4508 758 4564 Vens.
786 4507 875 4564 28.
915 4527 933 4560 ι
970 4511 1138 4566 Amen
1184 4508 1497 4569 dicovohis
1528 4526 1542 4563 :
1577 4517 1701 4566 sunt
1724 4508 1941 4579 quidam
1996 4510 2083 4566 hic

2200 3310 2471 3364 ἀποδώσει
2509 3314 2727 3384 ἑκάστῳ
2760 3315 2900 3368 κατὰ
2937 3315 3035 3387 τὴν
3064 3315 3264 3388 πρᾶξιν
3287 3318 3472 3372 αὐτοῦ.
3512 3338 3529 3370 ι
3571 3320 3771 3386 Ἔστω,

2201 3409 2359 3471 φησι,
2393 3403 2812 3473 καθ’ύπόθεσιν,
2848 3407 2927 3460 ὅτι
2961 3408 3051 3462 τὸν
3082 3410 3284 3479 κόσμον
3305 3410 3423 3465 ὅλον
3456 3412 3769 3483 ὲκέρδανας,

2196 3490 2334 3545 ἀλλὰ
2360 3493 2413 3545 τι
2440 3494 2501 3547 τὸ
2532 3493 2745 3563 δφελος,
2782 3498 2881 3565 τῆς
2925 3497 3123 3571 ψυχῆς,
3157 3498 3343 3565 κακῶς
3398 3502 3768 3575 διακειμένης,

2195 3582 2257 3634 τὸ
2286 3582 2445 3652 σῶμα
2490 3585 2789 3652 εύπαΘείνς
2827 3587 3014 3659 ὥσπερ
3059 3590 3127 3641 ἂν
3160 3592 3208 3643 εξ
3238 3589 3337 3661 τῆς
3368 3593 3771 3664 οἰκοδεσποίνης

2198 3674 2363 3744 ῥάκια
2391 3675 2763 3747 διερῤηγμένα
2800 3679 3090 3752 φορούσης,
3125 3684 3182 3735 ai
3217 3683 3602 3754 θεραπαινίδες
3637 3686 3772 3757 λαμ-

2197 3770 2548 3836 προφοροῖεν.
2585 3770 2718 3823 Οὐδὲ
2750 3772 2857 3842 γὰρ
2890 3774 2946 3827 ὲν
2974 3771 3052 3844 τῷ
3082 3774 3325 3844 μέλλοντι
3352 3771 3509 3829 αἰῶνι
3546 3776 3769 3833 δύναταί

2193 3874 2278 3921 τις
2330 3858 2515 3913 δοῦναι
2581 3862 2937 3933 ἀντάλλαγμα
2985 3865 3126 3937 ὑπὲρ
3182 3867 3282 3936 τῆς
3334 3867 3514 3938 ψυχῆς
3578 3870 3766 3925 αὑτοῦ.

2206 3950 2468 4005 Ἐνταῦθα
2503 3953 2602 4023 μὲν
2635 3956 2743 4026 γὰρ
2789 3956 3010 4010 δύναται
3046 3958 3230 4013 δοῦναι
3273 3958 3504 4030 δάκρυα,
3549 3978 3769 4031 στεναγ-

2195 4044 2351 4112 μοὺς,
2390 4044 2758 4117 ἐλεημοσύνην
2780 4063 2794 4073 ⁸
2832 4051 2950 4102 ἐκεῖ
2985 4050 3041 4103 δὲ
3073 4050 3157 4106 οῦ.
3203 4051 3629 4125 Ἀδωροδόκητος
3662 4054 3766 4125 γὰρ

2193 4137 2384 4209 κριτὴς
2408 4138 2736 4202 διαδέξεται·
2762 4140 2905 4195 κατά
2925 4142 3032 4212 γὰρ
3054 4142 3121 4196 τὰ
3137 4143 3277 4215 ἔργα
3301 4144 3511 4210 δικάζει
3530 4147 3764 4219 ἑκάστῳ·

2191 4231 2329 4285 ἀλλὰ
2374 4232 2466 4284 καὶ
2509 4232 2761 4303 φοϐερὸς,
2806 4236 2865 4288 ὲν
2896 4238 2962 4307 τῇ
2993 4236 3129 4310 δόξῃ
3173 4237 3284 4308 γὰρ
3321 4238 3486 4292 αὑτοῦ
3548 4240 3765 4312 ἔρχεται

2192 4321 2284 4373 καὶ
2335 4322 2474 4391 μετά
2528 4322 2639 4376 τῶν
2690 4323 2969 4393 ἀγγέλων,
3021 4326 3115 4379 καὶ
3168 4329 3290 4398 οὐχὶ
3344 4346 3765 4405 καταπεφρονη-

2193 4413 2373 4482 μένος.

2267 4518 2285 4551 ι
2338 4500 2508 4574 Ἀμὴν
2542 4501 2683 4570 λέγω
2713 4503 2865 4572 ὑμῖν,
2911 4503 3018 4557 elei
3044 4521 3187 4569 τινες
3216 4506 3323 4560 τῶν
3353 4500 3453 4561 ὧδε
3489 4509 3762 4577 ἑστώτων,

531 4600 875 4668 ειαιιιοιφιί
903 4612 1010 4653 non
1045 4602 1339 4670 gustabunt
1364 4609 1611 4667 mortem,
1644 4602 1818 4656 donec
1862 4603 2090 4658 viderint

2197 4590 2383 4656 οἵτινες
2407 4594 2466 4645 οὺ
2501 4594 2575 4663 μὴ
2603 4592 2907 4662 γεύσωνται
2945 4594 3197 4665 θανάτου,
3242 4598 3346 4663 ἓως
3396 4599 3463 4653 ἂν
3493 4600 3646 4654 rem;
3676 4602 3763 4657 τὸν

528 4689 722 4746 Filium
756 4690 988 4745 nominis
1018 4694 1321 4745 venientem
1363 4692 1413 4744 iu
1455 4704 1619 4760 regno
1649 4706 1768 4746 suo.
1806 4710 1825 4743 ι
1867 4692 2088 4748 Dixerat

530 4794 813 4837 venturum
849 4780 1043 4836 Filium
1079 4782 1311 4836 hominis
1343 4781 1398 4835 in
1433 4780 1601 4850 gloria
1636 4796 1729 4836 sua
1766 4799 1779 4835 :
1813 4796 1879 4838 ne
1925 4782 2090 4852 igitur

528 4873 790 4929 increduli
818 4875 946 4937 siut,
978 4872 1107 4928 dicit
1139 4873 1261 4944 quia
1291 4881 1415 4927 sunt
1446 4874 1533 4927 hic
1562 4874 1779 4944 quidam
1810 4876 1904 4944 qui
1932 4875 2088 4943 juxta

523 4969 665 5036 quod
705 4980 898 5034 capere
943 4976 1187 5035 possunt,
1218 4966 1476 5020 videbunt
1516 4966 1567 5019 in
1605 4967 2088 5039 transﬁguratione

523 5058 746 5127 gloriam
790 5058 1009 5113 secundi
1050 5058 1331 5114 adventus.
1362 5054 1583 5112 interim
1620 5067 1800 5113 autem
1852 5061 2090 5115 ostendit

529 5152 582 5203 in
611 5166 712 5219 qua
749 5150 916 5218 gloria
946 5156 1105 5204 erunt
1129 5151 1217 5221 qui
1253 5161 1471 5220 propter
1498 5152 1668 5219 ipsum
1698 5152 1839 5221 passi
1862 5151 2087 5208 fuerint.

529 5242 681 5295 Sicut
714 5241 855 5295 enim
892 5251 1016 5295 tunc
1064 5256 1190 5297 caro
1229 5241 1346 5311 ejus
1387 5241 1697 5310 fulguravit,
1730 5242 1803 5296 ita
1847 5259 1942 5313 pro
1995 5259 2089 5299 sua

525 5333 768 5401 portione
792 5344 917 5385 tunc
947 5332 1220 5400 fulgebunt
1242 5334 1415 5389 sancti
1446 5351 1459 5387 :
1488 5332 1760 5401 signiﬁcat
1783 5344 1961 5390 autem
1992 5336 2093 5391 hoc

526 5424 640 5479 loco
657 5424 872 5477 Petrum
895 5433 949 5478 et
962 5424 1245 5488 Jacobum,
1259 5433 1310 5479 et
1325 5422 1609 5491 Joannem,
1627 5438 1765 5496 quos
1783 5426 1839 5481 in
1853 5434 2091 5482 montem

525 5515 835 5583 assumpsit,
866 5523 920 5568 et
955 5515 1190 5570 ostendit
1235 5515 1341 5572 illis
1384 5531 1609 5587 regnum
1642 5531 1821 5581 suum,
1852 5516 1954 5572 hoc
1987 5527 2091 5585 est,

526 5604 763 5661 futurum
800 5618 1005 5665 statum
1041 5608 1092 5662 in
1122 5622 1229 5679 quo
1259 5617 1518 5665 venturus
1552 5619 1697 5664 esset
1721 5609 1855 5679 ipse,
1884 5620 1935 5667 et
1962 5609 2093 5680 justi

597 5786 640 5817 ¹⁵
670 5783 845 5840 Calai.
890 5799 948 5850 tt,
978 5780 1067 5837 20.

2194 4683 2323 4737 Υίδν
2345 4683 2438 4737 τοῦ
2463 4684 2749 4757 ἀνθρώπου
2770 4686 3067 4757 ἐρχόμενον
3083 4689 3141 4741 ὲν
3160 4692 3223 4759 τῇ
3258 4689 3505 4762 βασιλείᾳ
3525 4694 3714 4749 αὑτοῦ.
3738 4713 3756 4746 ι

2195 4770 2361 4828 Εἶπεν
2391 4777 2472 4830 ὃτι
2504 4777 2685 4849 μέλλει
2734 4776 2989 4849 ἔρχεσθαι
3018 4781 3046 4833 δ
3076 4781 3202 4845 Tib;
3241 4782 3337 4836 τοῦ
3382 4783 3675 4855 ἀνθρώπου
3706 4789 3763 4841 ιν

2193 4872 2261 4939 τῇ
2283 4868 2412 4941 δόξῃ
2432 4869 2619 4924 αὑτοῦ.
2657 4869 2779 4926 ’Ὶνα
2803 4867 2896 4927 οῦν
2929 4872 3329 4944 μήάπιστῶσιν
3356 4877 3574 4946 ικεϊνοι,
3600 4885 3763 4952 φησιν

2191 4960 2273 5013 ὅτι
2304 4961 2410 5013 είσί
2439 4978 2583 5025 τινες
2618 4961 2874 5031 ἐνταῦθα,
2905 4964 2955 5019 οἶ
2984 4967 3124 5021 κατὰ
3151 4969 3213 5021 τὸ
3237 4970 3517 5041 ἐγχωροῦν
3539 4973 3762 5043 ὄψονται

2191 5053 2249 5105 ιν
2279 5055 2343 5123 τῇ
2380 5070 2446 5122 με
2460 5054 2803 5125 εαμορφώσει
2824 5056 2923 5127 τήν
2951 5056 3109 5125 δόξαν
3137 5060 3236 5130 τῆς
3266 5060 3527 5133 δευτέρας
3550 5081 3762 5137 παρου-

2194 5143 2345 5207 σίας·
2380 5144 2497 5214 άμα
2528 5146 2586 5199 δὲ
2618 5148 2711 5199 καὶ
2741 5146 3011 5201 δείκνυσιν
3054 5152 3112 5203 ὲν
3140 5151 3265 5221 ποίᾳ
3298 5152 3425 5225 δόξῃ
3474 5156 3688 5213 ἔσονται
3714 5161 3761 5212 ol.

2190 5237 2255 5289 δι’
2281 5239 2443 5291 αὑτὸν
2477 5240 2761 5305 παθόντες.
2807 5241 2895 5303 '0;
2927 5242 3036 5314 γάρ
3069 5243 3410 5316 ἑξήστραψεν
3440 5250 3475 5319 ή
3506 5250 3645 5321 σάρξ
3668 5255 3763 5307 αύ-

2190 5330 2283 5383 τοῦ
2326 5330 2651 5401 τηνικαῦτα,
2685 5333 2828 5387 οὕτω
2867 5334 3007 5388 κατά
3051 5336 3350 5406 ἀναλογίαν
3380 5342 3430 5394 oi
3456 5340 3604 5409 ἀγιοι
3641 5344 3761 5400 τότε

2191 5420 2586 5490 ικλάμψουσιν·
2628 5422 2927 5476 αίνίττεται
2954 5422 3010 5477 δὲ
3040 5425 3279 5479 ἐνταῦθα
3308 5427 3399 5480 τὸν
3442 5430 3647 5502 Πέτρον
3669 5434 3763 5489 καὶ

2206 5515 2463 5568 Ἰάκωϐον
2498 5516 2589 5567 καὶ
2631 5513 2919 5587 ’Ἰωάννην,
2950 5516 3042 5580 οὓς
3076 5519 3387 5590 παρέλαϐεν
3420 5524 3499 5587 είς
3528 5524 3589 5577 τὸ
3614 5524 3758 5597 690;,

2195 5605 2287 5660 καὶ
2336 5606 2534 5672 ἔδειξεν
2570 5603 2756 5678 αὐτοῖς
2788 5609 2887 5679 τὴν
2922 5607 3202 5679 βλσιλείαν
3248 5612 3437 5682 αὐτοῦ,
3490 5619 3756 5685 τουτέστι,
