4080 6336
183 425 296 488 329

876 420 1323 484 ENAHRATIO
1361 423 1444 484 IN
1484 423 1736 487 EVANG

1846 426 1987 486 [UM
2030 423 2420 488 ΜΑΤΤΙῘΕῘ.
2465 452 2526 462 -
2553 428 2713 487 CAP.
2752 426 2920 489 XVII

3328 425 3438 490 330

183 543 482 610 εὐδ-ἰκησα,
514 535 678 593 αὑτοῦ
716 536 965 593 ἀκούετε.
1003 555 1021 588 ι
1054 538 1127 591 Σὺ
1163 537 1283 608 μὲν,
1315 531 1360 590 ὦ
1392 538 1585 608 Πέτρε,
1629 557 1739 610 σκηι

1866 542 2030 596 citum
2076 553 2198 598 est:
2240 543 2412 611 ipsum
2447 539 2650 596 audite.
2689 559 2710 592 ι
2763 539 2842 596 τυ
2892 540 3128 612 quidem,
3174 555 3206 595 ο
3254 533 3466 615 Petra?

183 633 287 695 νὰς
335 635 516 702 ζητεῖς
565 632 980 701 χειροποιήτους
1029 629 1316 697 γενέσθαι·
1365 631 1393 682 6
1442 631 1497 686 δὲ
1550 633 1756 702 Πατὴρ,

185 724 355 792 ἄλλην
387 720 592 791 σκηνὴν
638 721 1053 795 ἀχειροποίητον
1090 718 1188 787 τὴν
1221 719 1454 789 νεφέλην
1496 723 1758 793 περιστη-

188 830 313 884 σαί,
345 813 579 865 δεικνύει
618 813 698 865 ὃτι
745 813 932 882 ὥσπερ
957 871 960 874 ,
982 811 1146 874 αὐτὸς
1174 813 1230 864 ὲν
1257 811 1455 883 νεφέλῃ
1509 812 1759 880 ἐφαίνετο

179 909 297 968 τοῖς
354 906 604 967 παλαιοῖς
652 904 782 966 Θεὸς
842 901 938 965 ὢν,
994 903 1137 956 οὕτω
1192 905 1285 958 καὶ
1315 907 1344 958 6
1388 905 1552 957 αὑτοῦ
1608 906 1754 968 Υἱός.

178 999 424 1068 Φωτεινὴ
454 998 510 1050 δὲ
540 1000 571 1068 η
596 996 791 1066 νεφέλη
819 996 1075 1061 ἐνταῦθα,
1107 997 1165 1050 οὐ
1191 998 1474 1066 γνοφώδης
1501 999 1659 1061 ὡς’ὲν
1689 1003 1753 1072 τῇ

179 1091 411 1160 πιλαιᾷ,
442 1089 573 1141 διότι
602 1089 702 1141 οὐκ
732 1088 1033 1158 ὲκφοὸῆσαι
1061 1089 1338 1158 ἠϐούλετο,
1370 1089 1505 1142 ἀλλὰ
1527 1090 1754 1155 διδάξαι.

192 1183 290 1235 Ἐκ
323 1183 422 1250 τῆς,
445 1181 670 1249 νεφέλης
703 1180 777 1245 ,δὲ
829 1183 860 1251 ή
895 1181 1068 1249 φωνὴ,
1120 1181 1206 1234 ἵνα
1236 1182 1385 1254 δείξῃ
1422 1182 1504 1235 ὅτι
1549 1185 1610 1235 ἐκ
1659 1183 1753 1235 τοῦ

176 1272 319 1324 Θεοῦ
352 1267 443 1341 ἦν.
472 1273 544 1324 Τὸ
561 1271 615 1324 δὲ
655 1261 747 1324 Ἓν
783 1265 827 1339 ᾧ
851 1272 1143 1342 εὐδόκησα,
1177 1273 1296 1324 ἀντὶ
1325 1273 1441 1338 τοῦ,
1477 1269 1520 1340 ᾧ
1553 1275 1759 1328 tua-Ja-

179 1362 430 1431 παύομαι
480 1362 575 1412 καὶ
628 1360 959 1430 ἀρέσκομαι.
1036 1361 1288 1415 Διδάσκει
1336 1363 1393 1416 δὲ
1439 1364 1521 1415 ὅτι
1581 1364 1755 1416 Αὑτοῦ

180 1453 434 1518 ἀκούετε,
489 1452 589 1505 κᾶν
648 1450 1033 1523 σταυρωθῆναι
1078 1452 1228 1525 θέλῃ,
1280 1455 1356 1525 μὴ
1410 1455 1757 1510 ἐναντιοῦσθε

178 1543 354 1611 αὐτῷ.

260 1653 280 1685 ε
327 1635 437 1688 Καὶ
467 1634 800 1700 ἀκούσαντες
847 1637 896 1690 οἱ
951 1637 1211 1708 μαθηταὶ,
1238 1637 1431 1692 ἔπεσον
1465 1638 1560 1693 επὶ
1589 1639 1756 1711 πρόσ-

1864 633 2208 688 tabernacula
2240 635 2438 704 quatris
2467 632 2773 688 manufacta
2800 645 2855 688 ut
2878 634 3010 688 fiant
3040 632 3236 694 :Pater
3257 645 3438 690 autem

1861 724 2005 779 aliud
2047 724 2450 780 tabernaculum
2487 739 2593 779 non
2644 724 3010 779 manufactum
3061 726 3256 781 nubem
3301 741 3436 781 con-

1861 816 2057 880 stituit,
2088 825 2141 870 et
2175 815 2412 871 ostendit
2444 815 2588 885 quod
2622 816 2761 870 sicut
2795 815 2907 883 ipse
2935 816 2987 869 in
3017 818 3156 870 nube
3187 817 3437 886 apparuit

1861 891 2100 975 antiquis
2120 905 2258 959 Deus
2275 906 2567 969 exsistens,
2583 905 2660 960 sic
2678 915 2724 959 et
2743 903 2909 959 Filius
2927 922 3076 961 suus.
3093 906 3289 961 Lucida
3311 923 3438 964 vero

1862 997 2054 1052 nebula
2085 999 2185 1052 hoc
2211 998 2350 1061 loco,
2380 1013 2483 1051 non
2533 998 2829 1067 caliginosa
2864 998 3003 1052 sicut
3040 999 3091 1052 in
3120 998 3323 1061 Veteri,
3371 1014 3438 1052 eo

1861 1089 2003 1158 quod
2056 1104 2159 1142 non
2207 1097 2486 1143 exterrere
2524 1089 2712 1155 voluit,
2764 1091 2858 1143 sed
2907 1089 3122 1143 docere.
3179 1089 3256 1143 Ex
3294 1093 3439 1144 nube

1861 1175 2040 1233 autem
2063 1194 2184 1246 vox,
2214 1189 2271 1232 ut
2299 1181 2545 1234 ostendat
2566 1181 2706 1248 quod
2737 1195 2802 1235 ex
2836 1180 2944 1234 Deo
2976 1180 3066 1233 sit.
3095 1181 3148 1233 In
3172 1194 3276 1248 quo
3304 1183 3440 1235 bene

1865 1269 2244 1339 complacitum
2282 1270 2434 1337 mihi,
2463 1271 2564 1326 hoc
2595 1279 2697 1333 est,
2731 1285 2895 1338 super
2936 1285 3096 1340 quem
3130 1272 3438 1340 requiesco,

1859 1369 1911 1413 et
1945 1361 2034 1430 qui
2072 1360 2200 1414 mihi
2231 1359 2425 1429 placet.
2459 1359 2626 1416 Docet
2650 1375 2864 1431 quoque
2896 1361 3040 1415 illum
3068 1361 3437 1418 audiendum:

1859 1451 2020 1505 etiam
2057 1452 2101 1506 si
2130 1451 2369 1520 crucitigi
2395 1452 2642 1520 voluerit,
2675 1467 2740 1507 ne
2769 1453 3138 1509 obluctemini.

1934 1638 2093 1692 Vens.
2143 1638 2260 1695 6-8.
2324 1658 2341 1692 ι
2398 1639 2464 1693 Et
2512 1653 2633 1694 cum
2686 1639 2798 1694 haec
2851 1641 3132 1696 audissent
3163 1638 3436 1712 discipuli,

1856 1735 2205 1802 prociderunt
2261 1735 2314 1789 in
2367 1732 2563 1789 faciem
2610 1752 2786 1800 suam,
2827 1745 2882 1790 et
2915 1738 3090 1790 territi
3114 1749 3240 1791 sunt
3268 1739 3439 1793 vehe-

1869 1836 2099 1880 menter.
2155 1826 2222 1880 Et
2275 1827 2538 1882 accedens
2569 1824 2750 1890 Jesus,
2788 1827 2959 1896 tetigit
3015 1841 3109 1881 eos
3142 1836 3193 1881 et
3248 1827 3434 1882 dixit:

175 1741 332 1780 ωπον
353 1726 554 1794 αὐτῶν,
588 1729 680 1780 καὶ
701 1728 1042 1799 εφοϐήθησαν
1071 1729 1299 1800 σφόδρα,
1334 1733 1423 1785 καὶ
1445 1732 1755 1803 προσελθὼν

179 1820 209 1870 6
253 1818 483 1888 Ἰησοῦς,
511 1818 686 1889 ἥψατο
729 1819 929 1885 αὐτῶν,
963 1821 1058 1874 καὶ
1090 1817 1242 1874 εἶπεν
1263 1836 1278 1853 ·
1333 1822 1627 1894 Ἐγέρθητε
1662 1825 1755 1876 καὶ

178 1910 257 1978 μὴ
296 1888 569 1976 φοϐεῖσθε.
613 1911 1022 1981 Ἐπάραντεςδὲ
1048 1912 1172 1975 τοὺς
1201 1888 1518 1985 ὀφθαλμοῦς
1544 1888 1739 1981 αὐτῶν,

1858 1917 2092 1989 Surgite,
2118 1930 2171 1975 et
2201 1933 2270 1974 ne
2300 1920 2555 1974 timeatis.
2580 1917 2892 1974 Suhlevatis
2919 1919 3085 1989 igitur
3110 1919 3282 1975 oculis
3319 1919 3437 1975 suis

171 2000 370 2053 οὐδένα
402 1996 560 2064 εἶδον,
592 2004 640 2054 ει
676 2003 750 2072 μὴ
800 2004 890 2055 τὸν
937 2004 1144 2073 Ἰησοῦν
1181 2005 1364 2074 μόνον.
1412 2026 1431 2057 ι
1463 2007 1557 2077 Μὴ
1592 2008 1739 2073 ἐνεγ-

1856 2012 2121 2066 neminem
2149 2013 2420 2079 viderunt,
2451 2012 2554 2067 nisi
2575 2011 2760 2068 Jesum
2787 2015 3015 2068 solum.»
3051 2013 3302 2082 Discipuli
3329 2030 3434 2069 non

173 2093 365 2153 κόντες
397 2095 493 2162 τὴν
517 2091 835 2163 λαμπηδόνα
868 2094 961 2146 τοῦ
1007 2096 1202 2164 νέφους
1229 2097 1279 2148 oi
1311 2098 1572 2167 μαθηταὶ,
1611 2099 1739 2168 μηδὲ

1858 2103 2093 2159 ferentes
2141 2103 2405 2174 fulgorem
2438 2103 2618 2168 nubis,
2653 2119 2827 2174 neque
2874 2119 3080 2169 vocem,
3122 2107 3438 2161 ceciderunt

169 2184 273 2252 τὴν
306 2185 512 2252 φωνὴν,
562 2184 756 2238 ἔπεσον
787 2186 989 2256 χαμαίο
1036 2182 1175 2256 ἦσαν
1203 2189 1258 2242 δὲ
1286 2192 1378 2243 καὶ
1409 2192 1456 2242 οἱ
1484 2191 1739 2261 ὀφθαλμοῖ

1855 2195 1906 2249 in
1937 2205 2154 2261 terram,
2174 2205 2229 2250 et
2250 2196 2391 2251 oculi
2416 2211 2603 2251 eorum
2624 2196 2777 2266 quasi
2801 2211 2992 2251 somno
3013 2198 3219 2267 gravati
3249 2206 3430 2252 erant.

171 2275 356 2329 αὐτῶν
381 2273 534 2346 ὕπνῳ
561 2275 924 2347 βεϐαρημένοι
941 2294 954 2309 ·
981 2277 1146 2333 ῦπνον
1164 2281 1221 2333 δὲ
1248 2281 1394 2349 λέγει
1428 2282 1524 2351 τὴν
1551 2281 1750 2351 πολλὴν

174 2367 422 2435 κάρωσιν
453 2368 552 2437 τὴν
588 2368 694 2421 ἀπὸ
725 2372 822 2439 τῆς
858 2368 1070 2438 ὄψεων
1107 2371 1194 2423 ἵνα
1223 2371 1280 2424 δὲ
1314 2372 1390 2442 μὴ
1432 2373 1526 2424 ἐπὶ
1568 2373 1693 2426 πολὺ
1723 2376 1751 2426 6

170 2458 338 2526 φόϐος
374 2460 706 2528 παραμένων
739 2462 942 2537 ὲκὸά).ῃ
984 2463 1082 2534 τὴν
1123 2466 1343 2535 μνήμην
1374 2467 1481 2518 τῶν
1529 2466 1753 2537 ὁραθέν-

166 2564 298 2610 των,
329 2549 530 2618 ἐγείρει
560 2551 756 2615 αὐτοὺς
811 2555 902 2606 καὶ
940 2554 1220 2627 Θαρῤύνει,
1260 2557 1355 2609 καὶ
1390 2558 1550 2627 μόνος
1574 2558 1736 2622 αὐτὸς

166 2637 521 2708 εὑρίσκεται,
583 2641 669 2696 τνα
715 2643 792 2714 μὴ
839 2645 1069 2718 νομίσῃς
1117 2649 1199 2700 ὅτι
1259 2649 1389 2717 περὶ
1442 2649 1748 2719 Μωσέωςῆ

1859 2285 2117 2340 Somnum
2160 2286 2293 2341 dicit
2322 2287 2543 2341 multam
2582 2289 2955 2359 gravationem
2989 2305 3016 2342 a
3051 2289 3190 2345 visu.
3230 2288 3310 2345 Ne
3337 2303 3436 2344 au-

1859 2387 1962 2432 tem
1991 2379 2152 2433 timor
2177 2379 2380 2434 diutius
2410 2380 2652 2436 insidens
2691 2381 2875 2449 ejiciat
2906 2383 3220 2437 memoriam
3244 2398 3432 2439 eorum

1849 2483 1968 2538 qua:
1997 2469 2263 2535 viderant,
2303 2472 2530 2525 suscitat
2585 2485 2678 2526 eos
2704 2481 2758 2525 et
2787 2473 3014 2535 animat,
3045 2473 3434 2543 solusqueipse

1849 2570 2148 2628 comparet,
2179 2576 2245 2616 ne
2281 2577 2436 2632 putes
2467 2562 2611 2632 quod
2641 2565 2707 2617 de
2730 2563 2876 2619 Muse
2906 2564 2990 2619 vel
3021 2564 3134 2620 Elia
3158 2581 3262 2622 vox
3287 2567 3430 2622 dicta

1855 2649 1945 2715 sit,
1979 2651 2073 2706 sed
2102 2651 2168 2707 de
2196 2651 2315 2721 ipso
2342 2668 2357 2707 :
2400 2653 2514 2724 ipse
2534 2654 2680 2710 enim
2712 2666 2795 2711 est
2820 2655 3010 2713 Filius.

179 2727 362 2783 Ἢλιοὺ
391 2726 508 2801 ἦνή
533 2733 703 2804 φωνὴ,
723 2735 860 2790 ἀλλὰ
893 2740 1026 2810 περὶ
1050 2739 1214 2793 αὐτοῦ
1235 2756 1247 2768 ·
1283 2741 1444 2805 αὐτὸς
1470 2743 1576 2812 γάρ
1603 2743 1748 2796 ἐστιν
1785 2744 1814 2795 6
1838 2743 1986 2808 Υἱός.

241 2869 260 2900 ε
292 2851 400 2904 Καὶ
433 2853 884 2909 καταϐαινόντων
933 2859 1113 2912 αὐτῶν
1158 2859 1266 2912 ἀπὸ
1300 2860 1391 2912 τοῦ
1443 2861 1622 2932 ὅρους,
1661 2862 1746 2915 ὲν·

163 2944 413 2996 ετειλατο
442 2947 620 3008 αὐτοῖς
653 2948 682 2999 ό
724 2948 952 3018 Ἰησοῦς,
980 2949 1174 3019 λέγων’
1219 2951 1423 3021 Μηδενὶ
1469 2955 1658 3026 εἴπητε
1686 2954 1746 3007 τὸ

162 3030 352 3100 ὅραμα
385 3032 490 3095 ἕως
518 3028 578 3086 οὗ
608 3036 637 3086 6
667 3035 794 3099 Υἱὸς
823 3037 916 3090 τοῦ
951 3039 1240 3110 ἀνθρώπου
1279 3043 1341 3096 ὲκ
1368 3043 1577 3112 νεκρῶν
1610 3045 1741 3097 ἀνα-

1927 2863 2092 2918 Vsns.
2118 2863 2170 2919 θ.
2204 2884 2222 2917 ε
2271 2864 2482 2922 Etcum
2511 2867 2898 2924 descenderent
2917 2868 2985 2925 de
3003 2881 3210 2938 monte,
3231 2887 3433 2940 praece-

1852 2955 1928 3025 pit
1958 2956 2063 3010 illis
2102 2955 2280 3022 Jesus,
2341 2958 2528 3013 dicens
2565 2977 2577 3012 :
2623 2957 2700 3015 Ne
2730 2960 2816 3014 cui
2864 2961 3112 3016 dixeritis
3160 2963 3426 3019 visionem

1853 3046 2010 3112 hanc,
2045 3046 2218 3102 donec
2263 3047 2431 3104 Filius
2485 3048 2723 3103 hominis
2761 3064 2791 3103 e
2824 3050 3052 3105 mortuis
3097 3062 3366 3124 resurgat.
3403 3073 3424 3106 ι

164 3125 291 3190 στῇ.
332 3139 351 3172 t
400 3125 500 3177 Διὰ
559 3130 1065 3199 ταπεινοφροσύνην
1117 3132 1482 3200 παραγγέλλει
1551 3133 1739 3203 μηδενὶ

1846 3135 2067 3204 Propter
2151 3138 2509 3194 humilitatem
2574 3140 2860 3194 denuntiat
2921 3142 3054 3196 nulli
3108 3121 3422 3207 dicendum,

161 3214 360 3276 εἰπεῖν,
399 3217 491 3268 καὶ
528 3216 646 3284 ἅμα
679 3218 766 3271 ἴνα
805 3224 881 3290 μὴ
932 3222 1393 3276 σκανδαλισθῶσιν
1426 3226 1474 3277 οἱ
1512 3226 1736 3279 ἀκούον-

161 3321 254 3364 τες
275 3306 516 3371 τοιαῦτα,
544 3308 767 3379 ὕστερον
797 3312 1194 3382 σταυρούμενον
1226 3314 1513 3382 βλέποντες
1543 3317 1730 3370 αὐτόν.

173 3396 465 3465 Ἐνόμισαν
493 3399 601 3468 γὰρ
621 3399 687 3452 ἂν
718 3401 881 3454 αὑτὸν
909 3403 1113 3457 πλάνον
1153 3401 1313 3470 εἶναι,
1349 3408 1490 3459 κατὰ
1529 3425 1734 3475 φανταο

160 3487 289 3540 σίαν
318 3491 615 3559 ποιήσαντα
641 3492 708 3545 τὰ
738 3492 1042 3565 θεοπρεπῆ.
1074 3497 1146 3547 Σὺ
1186 3496 1242 3549 δὲ
1273 3498 1436 3569 μάθε,
1470 3502 1550 3552 ὅτι
1598 3500 1736 3568 μετὰ

156 3577 480 3651 ἰξὴμέρας,
535 3584 803 3648 τουτέστι,
863 3589 1002 3655 μετὰ
1058 3589 1148 3640 τὸν
1200 3591 1404 3660 κόσμον
1451 3592 1541 3645 τὸν
1591 3593 1734 3658 ὲνέξ

161 3671 396 3741 ἡμέραις
445 3673 938 3746 δημιουργηθέντα,
973 3678 1123 3748 ήτοῦ
1170 3680 1304 3733 Θεοῦ
1347 3680 1583 3751 θεωρία·
1637 3682 1732 3736 ἐὰν

157 3764 270 3833 γὰρ
319 3765 416 3832 οὐχ
467 3766 707 3836 ὑπερσῇς
750 3769 839 3820 τὸν
891 3772 1116 3840 κόσμον,
1153 3773 1248 3825 καὶ
1301 3773 1525 3843 ὑψωθῇς
1566 3776 1625 3826 ὲν
1652 3775 1730 3845 τῷ

155 3853 300 3922 ερει,
329 3857 392 3909 οὑ
425 3857 499 3928 μὴ
538 3858 653 3929 ἴδῃς
705 3860 960 3930 λαμπρὰ,
1008 3861 1131 3914 οῦτε
1179 3864 1242 3916 τὸ
1292 3865 1581 3933 πρόσωπον
1638 3866 1729 3918 τοῦ

155 3945 358 4016 Ἰησοῦ,
376 3948 476 4015 τὴν
499 3947 727 4018 θεότητα
745 3951 906 4018 λέγω,
927 3951 1053 4004 οὔτε
1071 3953 1138 4005 τὰ
1167 3955 1378 4022 ἱμάτια,
1402 3954 1498 4025 τὴν
1521 3955 1696 4024 σάρκα
1713 3971 1727 3985 °

157 4037 290 4101 ἴδοις
324 4038 380 4090 δὲ
413 4040 534 4092 τότε
567 4043 660 4093 καὶ
711 4043 916 4113 Μωσῆν
966 4046 1062 4096 καὶ
1099 4042 1289 4098 Ἠλίαν
1339 4047 1731 4110 συλλαλοῦντας

152 4128 238 4198 τῷ
297 4131 510 4200 Ἰησοῦ·
547 4135 575 4186 6
603 4135 711 4205 γὰρ
767 4134 931 4204 νόμος
980 4137 1076 4189 καὶ
1122 4139 1171 4191 οὶ
1234 4141 1510 4210 προφῆται
1565 4141 1657 4192 καὶ
1701 4142 1729 4192 6

164 4221 374 4289 Ἰησοῦς
425 4223 486 4275 εν
540 4225 757 4280 λαλοῦσι
802 4231 896 4281 καὶ
951 4229 1350 4298 συμφωνοῦσιν.
1425 4231 1581 4285 ’Δλλὰ
1635 4233 1728 4286 καὶ

1838 3228 1948 3297 9o
1976 3239 2138 3296 atque
2173 3230 2336 3283 etiam
2368 3244 2435 3283 ne
2463 3228 2807 3284 offendantur
2859 3230 2953 3299 qui
3003 3233 3226 3287 audiunt
3272 3234 3423 3297 talia.

1839 3331 2022 3387 postea
2052 3320 2226 3388 ipsum
2257 3320 2494 3388 crucifigi
2523 3321 2789 3376 videntes.
2821 3320 3110 3378 Putassent
3136 3325 3279 3377 enim
3316 3325 3418 3378 im-

1838 3427 2107 3484 postorem
2147 3413 2334 3482 fuisse,
2372 3417 2596 3486 haecque
2627 3418 2800 3472 solum
2845 3429 3172 3490 apparenter
3199 3421 3419 3476 fecisse.

1841 3507 1918 3561 Tu
1946 3517 2123 3561 autem
2149 3507 2316 3571 disce,
2347 3519 2465 3577 post
2486 3524 2578 3563 sex
2603 3509 2740 3574 dies,
2772 3512 2823 3564 id
2848 3519 2951 3574 est,
2981 3521 3105 3580 post
3133 3513 3419 3580 mundum,

1838 3597 1928 3662 qui
1964 3611 2057 3650 sex
2095 3595 2288 3650 diebus
2340 3598 2590 3652 conditus
2629 3609 2733 3664 est,
2779 3598 2872 3654 Dei
2908 3603 3416 3671 contemplationem

1836 3687 2090 3742 futuram.
2117 3689 2224 3742 Nsi
2255 3690 2398 3742 enim
2425 3691 2743 3745 tr‘ansiveris
2775 3693 3054 3757 mundum,
3081 3703 3132 3747 et
3151 3695 3418 3748 exaltatus

1834 3777 2000 3832 fueris
2049 3780 2099 3833 in
2136 3790 2338 3844 monte,
2374 3797 2711 3851 nequaquam
2768 3783 2975 3838 videbis
3037 3785 3206 3852 clara,
3242 3802 3418 3856 neque

1833 3869 2025 3924 faciem
2047 3868 2200 3931 Jesu.
2247 3871 2498 3927 deitatem
2531 3875 2652 3929 dico
2687 3892 2702 3929 :
2744 3891 2920 3945 neque
2945 3888 3172 3943 vestem,
3207 3880 3306 3933 hoc
3332 3883 3416 3934 es!

1846 3979 2087 4019 carnem.
2146 3965 2343 4020 Videre
2391 3976 2567 4022 autem
2619 3978 2745 4024 tunc
2784 3972 2986 4040 poteris
3044 3982 3099 4027 et
3132 3973 3315 4028 Mosen
3357 3987 3414 4029 ct

1833 4052 2000 4108 Eliam
2035 4055 2403 4126 colloquentes
2440 4057 2572 4113 Jesu
2606 4076 2620 4113 :
2657 4061 2742 4116 lex
2771 4064 2915 4116 enim
2947 4071 3000 4118 et
3048 4067 3324 4133 prophetae
3355 4079 3411 4122 et

1830 4143 1986 4200 Jesus
2019 4162 2186 4200 unum
2231 4148 2522 4217 loquuntur
2553 4161 2607 4207 et
2633 4163 2954 4208 consonant.
2986 4155 3124 4222 Quin
3181 4169 3236 4213 et
3283 4174 3407 4213 cum

1834 4238 2108 4295 inveneris
2136 4243 2422 4311 quemdam
2456 4258 2676 4299 sensum
2719 4245 3015 4315 Scriptura:
3042 4249 3188 4305 clare
3239 4251 3410 4307 inter-

149 4310 284 4363 ὅταν
313 4312 483 4384 εῦρης
510 4315 634 4368 τινὰ
677 4317 1048 4388 ἑρμηνεύοντα
1081 4324 1143 4374 τὸ
1165 4321 1265 4389 τῆς
1295 4323 1519 4392 Γραφῆς
1548 4323 1727 4393 νόημα

1846 4339 2150 4396 ποιεηιεηι,
2206 4347 2469 4399 cognosce
2523 4337 2666 4404 quod
2710 4337 2800 4392 ille
2847 4337 3041 4394 faciem
3081 4340 3206 4396 Jesu
3259 4343 3410 4401 clare

150 4401 444 4474 λαμπρῶς,
483 4406 717 4472 γίνωσκε
752 4409 941 4462 τοῦτον
988 4411 1048 4464 16
1075 4412 1368 4482 πρόσωπον
1398 4413 1493 4465 τοῦ
1551 4413 1724 4484 Ἰησοῦ

150 4488 382 4509 ΧΑ..-Α·⁸
455 4492 541 4509 ης.
771 4498 851 4509 ιι..
964 4499 976 4509 ι
1060 4500 1071 4509 ι
1147 4499 1236 4509 μ.-
1357 4501 1379 4509 λ
1590 4504 1610 4509 -
1707 4503 1715 4509 .

1846 4419 2013 4475 rideat
2042 4438 2055 4474 :
2089 4421 2230 4492 quod
2266 4423 2313 4478 si
2338 4435 2392 4478 et
2429 4401 2588 4481 verba
2648 4427 2883 4483 declaret
2913 4440 2967 4486 et
3000 4435 3287 4501 conspicua
3321 4436 3406 4490 fa-

148 4488 423 4561 λαμπρῶς
451 4492 670 4563 βλέπειν
691 4511 707 4527 ο
736 4498 786 4550 ει
805 4498 863 4552 δὲ
894 4499 988 4552 καὶ
1018 4500 1116 4563 τὰς
1147 4499 1320 4565 λέξεις
1353 4501 1610 4570 διασαφεῖ
1633 4503 1727 4555 καὶ

1846 4512 1963 4576 :iat,
1996 4512 2082 4567 hic
2105 4488 2164 4568 et
2187 4523 2364 4570 vestes
2392 4516 2520 4570 Jesu
2549 4519 2804 4575 candidas
2821 4522 2984 4578 videt.
3014 4488 3202 4580 Vestes
3233 4528 3404 4591 enim,

148 4579 496 4651 λαμπρύνει,
573 4579 730 4652 οὗτος
802 4590 897 4642 καὶ
967 4590 1038 4644 τὰ
1109 4592 1300 4662 ἱμάτια
1376 4593 1469 4646 τοῦ
1550 4592 1724 4664 Ἰησοῦ

147 4668 321 4723 λευκὰ
351 4671 568 4740 βλέπειο
602 4676 790 4746 ἱμάτια
838 4679 948 4749 γὰρ
976 4680 1084 4733 τῶν
1130 4683 1417 4752 νοημάτων
1445 4685 1499 4736 αι
1529 4682 1722 4749 λέξεις.

1829 4616 2083 4656 sensuum
2143 4604 2426 4663 dictiones.
2476 4605 2582 4662 Sed
2656 4624 2722 4664 ne
2777 4610 2983 4669 dixeris
3041 4630 3162 4670 cum
3219 4617 3404 4685 Petro,

1833 4713 1852 4746 ‹
1898 4695 2100 4751 Bonum
2126 4706 2209 4753 est
2252 4715 2351 4754 nos
2381 4699 2470 4755 hic
2514 4717 2673 4766 esse;
2709 4722 2730 4755 ι
2769 4721 2892 4761 nam
2925 4719 3139 4778 oportet
3189 4726 3406 4782 semper

149 4761 427 4868 Ἀλλὰνμὴ
453 4769 615 4842 εἴπῃς
643 4772 782 4825 κατὰ
830 4774 1055 4844 Πέτρον,
1095 4793 1113 4826 ε
1151 4776 1330 4830 Καλόν
1375 4779 1524 4832 ἐστιν
1575 4783 1722 4851 ἡμᾶς

2659 4761 2670 4766 -
2962 4761 2978 4778 ,
3190 4761 3397 4782 --η-τ--

1846 4788 2107 4853 irolicere,
2137 4798 2193 4844 et
2215 4805 2318 4844 non
2343 4807 2664 4861 permanere
2694 4795 2745 4850 in
2775 4812 2882 4851 uno
2905 4801 3074 4868 gradu
3105 4801 3319 4860 virtutis
3345 4815 3404 4862 et

145 4847 253 4906 ὦδε
294 4849 450 4909 εἶναι·
499 4878 517 4911 ο
551 4861 638 4912 ἀεὶ
665 4862 775 4931 γὰρ
820 4865 1154 4934 προκόπτειν
1187 4869 1268 4921 δεῖ
1313 4871 1405 4923 καὶ
1459 4870 1520 4923 οὐ
1553 4890 1720 4925 κατα-

1826 4882 2321 4952 contemplationis,
2351 4886 2443 4940 sed
2478 4887 2545 4942 ad
2577 4886 2683 4942 alia
2723 4890 2980 4946 transire.

148 4946 336 5016 μένειν
367 4949 428 5001 εν
450 4950 530 5003 ἑνὶ
564 4952 758 5023 βαθμῷ
795 4956 995 5026 ἀρετῆς
1033 4961 1127 5012 καὶ
1157 4959 1412 5032 Θεωρίας,
1445 4964 1580 5018 ἀλλά
1614 4969 1709 5020 κα)⁵
1747 4967 1984 5041 ἀλλαχοῦ
2020 4946 2393 5044 μεταϐαίνειν.

222 5081 243 5114 ε
290 5064 402 5118 Καὶ
445 5066 810 5139 ἐπηρώτησαν
848 5072 1010 5127 αὐτον
1045 5078 1092 5129 οἱ
1123 5078 1364 5150 μαθηταὶ
1401 5082 1588 5148 αὐτοῦ,
1622 5083 1711 5137 λέ-

1886 5089 2047 5147 Vrns.
2082 5093 2167 5147 l0.
2206 5112 2223 5144 ε
2251 5091 2314 5145 Et
2352 5094 2818 5167 interrogaverunt
2851 5101 3000 5156 illum
3031 5104 3282 5178 discipuli
3310 5114 3396 5167 sui

144 5172 365 5272 ·
403 5156 468 5209 Τί
497 5157 589 5260 οῦν
625 5161 676 5211 ol
707 5162 1057 5235 Γραμματείς
1091 5169 1342 5238 λέγουσιν
1383 5173 1465 5227 ὅτι
1526 5175 1713 5229 Ἥλίαν

1855 5184 2056 5241 icentes
2088 5205 2104 5240 :
2142 5187 2516 5260 Quareigitnr
2568 5193 2770 5250 Seritur.
2813 5198 2998 5255 dicunt
3030 5156 3201 5272 quodr
3221 5204 3392 5262 Etiam

141 5242 224 5296 δεῖ
250 5243 427 5297 ἐλθεῖν
459 5248 704 5317 πρῶτονς
735 5269 754 5301 ι
798 5252 1145 5322 Ἀπατῶντες
1173 5261 1264 5314 τὸν
1294 5263 1420 5316 λαὸν
1449 5267 1499 5316 οἱ
1527 5265 1711 5337 Γραμ-

143 5337 338 5404 ματεῖς
386 5336 570 5404 ελεγον
614 5341 696 5394 ὅτι
731 5343 830 5395 οὐκ
871 5341 937 5415 ἦν

138 5517 231 5570 τοῦ
259 5518 497 5588 Χριστοῦ
539 5527 848 5594 ,ταρουσιαι,
879 5522 954 5581 ὦν
984 5533 1080 5601 τῆς
1104 5535 1204 5602 μὶν
1231 5541 1452 5610 πρώτης
1478 5543 1704 5610 119669)-

142 5608 290 5676 μοςὸ
343 5609 614 5679 Ἰωάννης,
664 5614 762 5683 τῆς
799 5615 853 5667 δὲ
893 5617 1174 5688 δευτέρας.
1215 5624 1242 5674 6
1279 5608 1480 5690 Ἠλίας.

139 5693 228 5752 οὖν
255 5699 350 5753 καὶ
373 5701 402 5753 ὁ
429 5700 660 5769 Χριστὸς
690 5705 985 5776 ἑρμηνεύσει
1017 5715 1127 5774 τοῖς
1180 5715 1468 5787 μαθηταις.
1498 5693 1696 5774 Ἄκουε

137 5788 264 5858 ideo

211 5806 242 5862 ρ
419 5883 689 5946 Panos.
719 5888 830 5952 GR.
881 5892 980 5953 CX
996 5895 1164 5957 Xlll.

1812 5286 2022 5344 oportet
2083 5279 2268 5333 venire
2313 5283 2634 5348 primum?»
2708 5289 3048 5359 Decipientes
3131 5298 3389 5366 populum

987 5349 1146 5414 αὐτὶς
1175 5354 1202 5405 6
1237 5354 1491 5423 Χριστός·
1526 5359 1574 5409 εἰ
1604 5359 1710 5429 γὰρ

1846 5369 2014 5422 icribte
2042 5368 2290 5425 dicebant
2321 5375 2462 5442 quod
2487 5376 2599 5446 ipse
2634 5394 2739 5433 non
2770 5393 2912 5438 esset
2938 5349 3227 5442 Christiis:
3260 5405 3386 5443 nam

139 5422 228 5523 ἦν,
263 5427 551 5523 Βιλίαςᾷᾂν
581 5433 781 5503 ἧρχετο
830 5438 1070 5523 πρῶτον,
1125 5422 1449 5512 ἀγνοοῦντες
1483 5451 1563 5504 ὅτι
1813 5458 1856 5510 si
1891 5469 2058 5523 esset,

1813 5546 1915 5600 duo
1986 5553 2248 5607 adventus
2281 5554 2504 5622 Christi,
2559 5574 2788 5627 quorum
2853 5567 3012 5634 primi
3076 5546 3385 5626 Prrecursor

1525 5630 1701 5699 Ὅπερ
1808 5635 2060 5707 Joannes,
2111 5646 2329 5699 se¢undi
2361 5657 2536 5702 autem
2569 5649 2730 5707 Elias.
2762 5630 3024 5711 Sicvenim
3061 5669 3114 5714 et
3136 5660 3381 5718 Christus

1810 5727 2190 5800 interpretatur
2225 5737 2520 5806 discipulis.
2556 5739 2691 5796 Audi
2727 5745 2891 5798 enim.

2111 5459 2257 5518 Elias
2297 5465 2533 5531 primum
2568 5472 2802 5526 venisset
2841 5491 2855 5527 :
2893 5475 3203 5545 ignorantes
3242 5485 3384 5550 quod

2876 5928 2945 5988 11
