4080 6336
206 348 314 412 3'33

794 339 1242 405 ENARRATIO
1286 340 1368 400 IN
1409 338 1791 400 EVANGELI

1903 340 1913 400 l
1956 332 2343 397 ΜᾹΤΤΗιίΕΙ.
2389 355 2456 367 -
2496 332 2656 392 CAP.
2702 328 2887 389 XVII.

3382 320 3491 387 33's

208 454 605 524 συνδιαιτῶμαι
654 453 768 513 τοῖς
803 449 1089 521 ὑϐρισταῖς
1122 448 1218 503 καὶ
1252 446 1535 513 ἀπίστοις;
1580 446 1795 499 Ἐπετί-

1904 442 2111 515 quem?
2141 440 2487 497 Lunaticum.
2521 438 2597 495 Ex
2632 438 2723 495 illo
2755 438 2921 509 igitur
2947 433 3319 496 manifestum,
3350 434 3495 503 quod

207 566 354 621 μησε
382 548 441 600 δὲ
489 544 638 616 αὐτῷ
676 547 705 598 ὁ
741 543 970 612 Ἰησοῦς,
1011 541 1154 607 τίνι;
1192 540 1283 609 Τῷ
1324 539 1799 610 σεληνιαζομένῳο

204 643 275 696 hc
305 642 495 695 τόύτου
540 638 669 706 γοῦν
702 637 951 706 φαίνεται
990 635 1075 688 δτι
1125 635 1353 697 ἄπιστος
1384 632 1461 685 ὢν
1496 634 1588 685 κει)⁹
1618 631 1802 698 αὐτὸς,

204 733 304 786 τοῦ
342 733 597 801 δαίμονος
645 728 828 799 ἑαυτῷ
859 724 1119 797 πρόξενος
1159 724 1380 792 ἐγένετο
1419 722 1509 776 διὰ
1546 722 1644 793 τὴν
1672 722 1803 777 άπι-

209 826 390 880 στίαν.
920 834 921 837 ‘

288 930 309 963 ε
358 912 493 967 Τότε
544 909 934 980 προσελθόντες
969 911 1016 963 oi
1066 908 1310 979 μαθηταὶ
1343 908 1421 975 τῷ
1465 908 1641 979 Ἰησοῦ
1678 909 1800 962 κατ’

209 1002 374 1062 ιδίαν,
416 998 599 1055 εἷπονο
638 1002 793 1055 Διατί
824 1003 983 1071 ήμεῐς
1021 1002 1122 1054 οὐκ
1174 1001 1521 1071 ἠδυνήθημεν
1553 1001 1803 1054 ἐκϐαλεῖν

207 1096 376 1161 αὐτός
422 1094 480 1149 Ὀ
508 1095 563 1148 δὲ
607 1093 814 1165 Ἰησοῦς
848 1091 1003 1146 εἷπεν
1036 1094 1244 1156 αὐτοῖς·
1281 1094 1378 1146 Διά
1418 1093 1515 1161 τήν
1542 1094 1802 1146 ἀπιστίαν

209 1180 390 1251 ὑμῶν.
437 1180 610 1252 Ἀμὴν
661 1182 770 1252 γάρ
799 1181 941 1249 λέγω
987 1182 1139 1251 ὑμῖν,
1173 1182 1268 1235 saw
1306 1182 1469 1252 ἔχητε
1503 1183 1685 1235 πίστιν
1725 1181 1802 1245 ὡς

209 1272 415 1326 κόκκον
453 1274 747 1338 σινάπεως,
794 1275 970 1342 έρεϊτε
1001 1272 1081 1342 τῷ
1134 1274 1251 1343 δρει
1282 1274 1479 1343 τούτῳ,
1510 1273 1802 1342 Μετάϐηθι

207 1368 465 1422 ιντεῦθεν
509 1369 647 1428 licet.
698 1370 793 1421 καὶ
844 1367 1251 1438 μεταϐήσεται·
1294 1368 1390 1421 καὶ
1418 1368 1572 1421 οὐδὲν
1604 1369 1803 1422 ἀδυναη

205 1461 370 1524 etest
402 1460 565 1532 ὑμῖν·
608 1458 768 1513 τοῦτο
815 1459 871 1512 δὲ
907 1460 969 1512 τὸ
999 1459 1156 1529 γένος
1202 1460 1303 1513 οὐκ
1336 1460 1699 1530 ἐκπορεύεται
1750 1460 1800 1513 εί

210 1551 295 1620 νὴ
342 1553 398 1604 έν
457 1554 734 1621 προσευχῇ
775 1551 871 1604 καὶ
924 1551 1175 1623 νηστείᾳ.
1217 1571 1237 1604 ι
1319 1552 1703 1623 Ἑφοϐήθησαν
1748 1555 1799 1606 οἱ

210 1644 504 1699 ἀπόστολοι
563 1646 775 1715 μήποτε
834 1644 1128 1699 ἀπώλεσαν
1184 1649 1284 1717 τὴν
1325 1647 1574 1701 δοθεῖσαν
1616 1649 1800 1713 αὐτοῖς

210 1738 355 1791 κατά
380 1736 490 1791 τῶν
523 1736 797 1807 δαιμόνων
839 1740 1022 1808 χάριν·
1058 1738 1147 1792 διά
1169 1739 1330 1793 τοῦτο
1351 1740 1470 1792 κατ’
1497 1740 1636 1793 ίδίαν
1661 1742 1801 1811 ἐρω-

218 1828 387 1881 τῶσιν
436 1830 811 1897 ἀγωνιῶντες·
851 1833 879 1884 ό
931 1831 988 1884 δὲ
1040 1830 1244 1902 Κύριος
1303 1831 1380 1894 ὡς
1425 1832 1802 1903 ἀτελεστέροις

209 1921 487 1987 ὀνειδίζων
510 1923 713 1985 αὐτοῖς,
745 1924 930 1992 φησὶν,
968 1923 1056 1976 ὅτι
1086 1923 1176 1977 διὰ
1197 1922 1296 1993 τήν
1320 1925 1580 1978 ἀπιστὲαν
1610 1924 1765 1994 ὑμῶν
1783 1940 1798 1953 ο

208 2013 312 2068 ἐὰν
351 2012 461 2085 γάρ
500 2012 711 2086 θερμὴν
764 2014 858 2070 καὶ
912 2014 1147 2078 ζέουσαν
1201 2014 1377 2087 εἴχετε
1431 2014 1641 2081 πίστιν,
1700 2015 1801 2070 κᾶν

216 2108 396 2177 μικρά
438 2108 637 2172 ἐδόκει,
680 2108 1085 2178 κατωρθώσατε
1125 2108 1192 2163 ἂν
1226 2112 1295 2163 τὰ
1329 2110 1576 2181 μεγάλα·
1606 2108 1710 2163 ποῦ
1744 2111 1803 2165 δι

210 2196 318 2267 δρη
355 2196 697 2267 μετέστησαν
743 2200 792 2250 οἱ
838 2199 1152 2265 ἀπόστολοι,
1187 2200 1427 2268 οὐδαμοῦ
1463 2199 1563 2270 μὲν
1593 2201 1802 2272 γέγρα-

209 2301 369 2344 πται.
407 2286 546 2358 πλὴν
586 2288 733 2347 εἰκὸς
761 2283 829 2359 ἦν
856 2291 1221 2359 μεταστῆσαι,
1256 2292 1351 2345 καὶ
1385 2292 1463 2362 μὴ
1495 2292 1800 2363 γραφῆναι.

210 2376 293 2429 Οὐ
321 2377 431 2446 γάρ
466 2377 641 2430 πάντα
671 2380 1029 2449 ἐγράφησαν*
1066 2380 1241 2444 άλλως
1275 2399 1359 2446 τε,
1404 2382 1507 2435 οὐκ
1547 2384 1800 2454 ἀπῄτησα

209 2469 430 2539 καιρὸς,
471 2469 567 2522 καὶ
604 2469 693 2524 διά
727 2471 883 2524 τοῦτο
926 2472 987 2524 οὺ
1019 2472 1381 2541 μετέστησαν,
1413 2474 1550 2528 ἀλλα
1586 2474 1643 2527 δὲ
1680 2476 1801 2545 μείο

208 2558 346 2626 ζονα
386 2562 672 2632 ἐποίησαν.
724 2563 865 2635 Ὅρα
894 2564 1025 2628 γοῦν
1062 2564 1157 2618 καὶ
1199 2564 1291 2618 τὸν
1325 2566 1531 2637 Κύριον
1560 2565 1615 2619 τί
1652 2567 1757 2637 ἔφη
1784 2582 1799 2597 ⁸

214 2672 239 2707 a
292 2653 502 2718 Ἐρεῐτε
548 2654 626 2724 τῷ
674 2656 793 2726 δρει
841 2655 1039 2725 τούτῳ,
1083 2656 1393 2727 Μετάϐηθι,
1433 2675 1453 2709 ι
1493 2659 1798 2722 τουτέστιν,

212 2748 388 2801 Ὅταν
423 2747 637 2818 εῑπητε,
670 2750 790 2802 τότε
824 2750 1193 2820 μεταϐήσεται
1216 2770 1229 2783 ο
1265 2752 1366 2805 οὐκ
1414 2749 1569 2805 εἷπον
1619 2749 1713 2807 οὖν
1750 2754 1799 2807 οε

208 2839 527 2903 ἀπόστολοι,
571 2842 647 2904 ὡς
682 2841 757 2911 μὴ
808 2841 999 2911 καιροῦ
1032 2841 1324 2903 καλοῦντος
1362 2842 1498 2912 μηδὲ
1531 2843 1800 2913 ἀνάγκης,

208 2932 315 2985 καὶ
360 2931 448 2985 διὰ
490 2930 648 2983 τοῦτο
695 2931 757 2983 οὐ
809 2931 1124 3000 μετέϐησαν
1173 2931 1305 3002 δρηο
1350 2931 1426 2995 ὼς
1460 2932 1574 2999 εἴγε
1622 2928 1799 2997 εἷπον,

212 3024 525 3096 μετέστησαν
549 3026 640 3080 ἀν.
683 3024 853 3078 Τοῦτο
879 3024 937 3077 δὲ
972 3027 1034 3077 τὸ
1064 3024 1241 3094 γένος,
1275 3025 1338 3077 τὸ
1372 3024 1483 3080 τῶν
1505 3026 1799 3097 δαιμόνων,

1907 554 2029 593 cum
2074 546 2129 590 et
2163 534 2275 604 ipse
2320 532 2633 589 incredulus
2688 530 2871 596 fuerit,
2926 543 3024 598 per
3059 526 3497 584 incredulitatem

1908 630 2136 685 tlteuoni
2166 644 2223 683 se
2254 626 2541 682 invadendi
2571 626 2751 681 locum
2790 624 3019 680 dederit.

1977 909 2146 965 Vens.
2190 908 2378 966 18-20.
2422 928 2440 961 ι
2479 907 2636 963 Tunc
2673 906 2997 963 accedentes
3020 902 3272 975 discipuli
3322 901 3503 975 adde-

1906 1017 2024 1057 sttm
2068 1015 2351 1067 seorsum,
2399 999 2694 1054 dixerunt:
2725 999 2908 1064 Quare
2936 1011 3033 1051 nos
3076 1011 3182 1049 non
3226 973 3501 1063 potuimus

1906 1094 2105 1161 ejicere
2132 1093 2300 1147 illud?
2326 1093 2483 1148 Jesus
2499 1104 2682 1152 autem
2709 1091 2849 1146 dixit
2884 1090 3023 1145 illis:
3061 1086 3291 1157 Propter
3324 1088 3502 1141 incre-

1904 1186 2185 1240 dulitatem
2219 1194 2480 1239 vestram.
2512 1184 2687 1238 Amen
2723 1184 2923 1252 quippe
2961 1182 3081 1236 dico
3113 1180 3293 1245 vobis,
3324 1181 3370 1234 si
3401 1180 3503 1233 lia-

1904 1276 2080 1331 beatis
2138 1276 2299 1330 ﬁdem
2343 1275 2484 1330 sicut
2530 1290 2758 1342 granum
2819 1275 3050 1343 sinapis,
3100 1271 3291 1327 dicetis
3328 1272 3499 1326 monti

1906 1371 2078 1426 buic':
2116 1368 2368 1439 Dentigra
2418 1368 2547 1422 hinc
2596 1368 2743 1431 illuc,
2802 1376 2856 1422 et
2914 1365 3263 1433 demigrabit,
3319 1379 3498 1436 neque

1904 1461 2199 1532 quidquam
2250 1460 2587 1530 impossibile
2644 1461 2752 1515 erit
2788 1460 2963 1515 vobis.
3024 1457 3133 1513 Sed
3175 1460 3278 1514 lioc
3328 1473 3500 1529 genus

1903 1568 2010 1607 non
2041 1552 2319 1620 egreditur
2344 1552 2449 1607 nisi
2481 1566 2577 1620 per
2602 1550 3039 1620 deprecationem
3075 1561 3129 1605 et
3150 1550 3440 1621 jejunium.
3474 1568 3494 1599 ι

1904 1643 2221 1699 Timuerunt
2282 1644 2536 1714 apostoli,
2588 1658 2659 1697 ne
2732 1642 3095 1713 perdidissent
3162 1642 3341 1697 datam
3394 1640 3499 1696 sibi

1905 1746 2097 1793 contra
2120 1738 2393 1791 damones
2419 1736 2646 1806 gratiam
2677 1753 2689 1788 :
2721 1742 3004 1805 propterea
3037 1732 3278 1803 perplexi
3314 1734 3501 1788 animo

1907 1845 2153 1885 seorsum
2199 1831 2556 1899 interrogant.
2595 1827 2857 1881 Dominus
2887 1837 3067 1880 autem
3101 1825 3278 1896 arguit
3307 1840 3405 1880 eos
3440 1834 3502 1879 ut

1906 1921 2364 1993 imperfectiores,
2420 1924 2625 1985 dicens,
2664 1931 2885 1991 propter
2934 1920 3366 1974 incredulitatem
3404 1934 3497 1973 ve-

1907 2024 2098 2073 stram.
2131 2014 2264 2070 Nam
2294 2014 2338 2071 si
2386 2012 2683 2068 ferventem
2714 2021 2769 2066 et
2808 2013 3093 2068 ardentem
3131 2010 3405 2066 haberetis
3435 2009 3499 2063 ﬁ-

1904 2108 2063 2172 dem,
2095 2106 2258 2160 etiam
2301 2106 2347 2161 si
2386 2120 2549 2174 parva
2582 2102 2885 2170 videretur,
2934 2101 3271 2172 periiceretis
3313 2101 3499 2170 utique

1904 2214 2123 2267 magna.
2177 2196 2279 2253 Ubi
2323 2208 2503 2253 autem
2547 2207 2760 2251 montes
2802 2194 3198 2251 transtulerunt
3240 2194 3494 2265 apostoli,

1904 2304 2170 2359 nusquam
2204 2291 2421 2359 quidem
2452 2289 2713 2358 scriptum
2748 2298 2833 2341 est
2870 2303 2885 2341 :
2926 2295 3301 2341 verumtamen
3348 2285 3496 2341 veri-

1902 2384 2081 2441 simile
2109 2393 2192 2441 est
2230 2384 2377 2454 quod
2426 2383 2827 2448 transtulerint,
2874 2381 3086 2437 etiamsi
3120 2395 3225 2435 non
3253 2379 3327 2434 sit
3356 2381 3496 2433 scri-

1902 2486 2053 2547 ptum
2085 2495 2100 2533 :
2124 2494 2234 2534 non
2261 2479 2405 2533 enim
2430 2478 2610 2533 omnia
2637 2477 2842 2546 scripta
2867 2482 3011 2531 sunt.
3047 2472 3139 2529 Vel
3168 2473 3347 2540 aliter,
3380 2488 3493 2527 non

1902 2572 2154 2642 exigebat
2206 2583 2437 2641 tempus,
2494 2582 2548 2627 et
2596 2572 2719 2627 ideo
2756 2585 2867 2625 non
2924 2568 3321 2623 transtulerunt
3355 2585 3369 2622 :
3400 2568 3494 2621 sed

1903 2663 2010 2715 alia
2041 2661 2245 2731 majora
2279 2662 2541 2717 fecerunt.
2576 2658 2711 2715 Vide
2742 2671 2920 2715 autem
2958 2669 3013 2714 et
3053 2658 3340 2715 Dominum
3366 2659 3497 2727 quid

1903 2752 2091 2808 dicat:
2127 2771 2145 2803 ι
2186 2750 2387 2806 Dicetis
2432 2752 2598 2805 monti
2649 2751 2795 2815 huic,
2849 2747 3124 2819 Demlgra,
3174 2767 3193 2801 ι
3232 2746 3341 2801 hoc
3388 2757 3493 2811 est,

1903 2844 2120 2917 quando
2160 2846 2375 2911 dicetis,
2429 2855 2555 2900 tunc
2592 2844 2863 2900 transibit.
2891 2842 3008 2898 Non
3042 2845 3297 2898 dixerunt
3328 2842 3495 2912 igitur

1904 2938 2154 3007 apostoli,
2203 2939 2460 3008 quoniam
2510 2950 2722 3007 tempus
2767 2952 2877 2993 non
2930 2937 3257 3006 postulabat,
3318 2949 3495 3005 neque

1904 3032 2207 3087 necessitas
2235 3048 2249 3085 :
2278 3039 2333 3085 et
2368 3042 2656 3101 propterea
2691 3046 2793 3085 non
2826 3030 3219 3085 transtulerunt
3259 3041 3491 3085 montes.

207 3118 305 3173 8ιά
332 3120 642 3191 προσευχῆς
674 3122 767 3173 καὶ
796 3118 1050 3187 νηστείας
1071 3118 1415 3173 ἐκϐάλλεται.
1446 3122 1540 3173 Δεῐ
1569 3119 1679 3191 γὰρ
1708 3122 1798 3173 καὶ

1904 3122 2040 3179 Nam
2089 3124 2135 3179 si
2185 3126 2474 3189 dixissent,
2526 3123 2933 3179 transtulissent
2982 3123 3185 3194 utique.
3215 3122 3325 3194 92
3379 3123 3497 3179 Hoc

208 3212 417 3275 αὐτοὺς
468 3213 714 3275 έκείνους
776 3213 1017 3281 μάλιστα
1073 3213 1202 3275 τοὺς
1268 3212 1646 3282 δαιμονῶντας
1699 3230 1796 3283 νη-

211 3299 450 3369 στεύειν,
478 3306 573 3358 καὶ
596 3305 721 3367 τοὺς
751 3304 1047 3374 μέλλοντας
1077 3306 1274 3367 αὐτοὺς
1299 3304 1649 3376 θεραπεύειν
1675 3307 1797 3359 τότε

207 3395 269 3450 δὲ
306 3397 341 3466 ή
380 3399 675 3466 προσευχὴ,
712 3397 840 3449 ὅταν
868 3396 931 3449 οὐ
977 3395 1117 3466 μετά
1150 3396 1343 3467 μέθης,
1374 3396 1509 3449 ἀλλὰ
1539 3398 1677 3467 μετά
1700 3415 1799 3467 νη-

212 3489 402 3551 στείας
443 3489 692 3559 γίνηται·
728 3487 839 3542 νόει
870 3488 925 3541 δὲ
957 3490 1050 3541 καὶ
1072 3490 1153 3542 ὅτι
1190 3490 1340 3542 πᾶσα
1370 3490 1402 3558 ἡ
1434 3486 1640 3552 πίστις,
1671 3488 1801 3540 κόκ-

209 3598 313 3643 κος
357 3581 649 3643 σινάπεως,
684 3580 909 3651 εὐτελὴς
946 3580 1045 3650 μὲν
1074 3579 1407 3649 νομιζομένη
1443 3579 1531 3633 διὰ
1555 3580 1654 3648 τὴν
1687 3597 1798 3650 μω-

212 3674 342 3744 ρίαν
371 3672 466 3724 τοῦ
510 3671 887 3742 κηρύγματος
937 3672 1077 3739 πλὴν
1123 3672 1219 3724 MV
1249 3670 1390 3744 τύχῃ
1420 3672 1519 3740 γῆς
1550 3670 1797 3741 ἀταθῆςν

210 3767 294 3827 είς
319 3764 535 3835 δένδρον
558 3763 923 3833 αὐξανομένη,
946 3766 1003 3817 ὲν
1025 3757 1159 3830 ᾦξτά
1183 3767 1405 3817 πετεινὰ
1426 3763 1520 3818 τοῦ
1541 3764 1795 3833 οὐρανοῦ,

209 3858 264 3911 oi
324 3857 590 3911 ἀνωτάτω
638 3858 929 3925 πετόμενοι
988 3855 1281 3926 λογισμοὶ,
1337 3856 1796 3925 κατασκηνοῦσιν.

215 3951 414 4015 Ὅστις
453 3950 547 4004 οὖν
573 3950 685 4021 ἔχει
723 3950 905 4002 πᾶσαν
934 3949 1033 4017 τὴν
1083 3949 1288 4013 πίστιν,
1330 3949 1538 4012 ἐκεῖνος
1574 3948 1799 4002 δύναται

209 4046 391 4099 εἰπεῖν
438 4044 517 4114 τῷ
543 4043 660 4114 ὄρει
692 4041 899 4115 τούτῳ,
923 4042 1231 4112 Μετάϐηθι,
1274 4044 1525 4095 τουτέστι
1575 4041 1653 4113 τῷ
1679 4041 1798 4095 δαί-

213 4153 363 4210 μονι·
408 4136 647 4191 ἐδείκνυε
674 4135 781 4208 γάρ
806 4134 867 4188 τὸ
901 4132 1118 4201 εξελθὸν
1148 4134 1444 4202 δαιμόνιον.

292 4427 312 4461 ε
362 4405 879 4477 Ἀναστρεφομένων
932 4403 989 4458 δὲ
1045 4402 1229 4458 αὐτῶν
1282 4404 1342 4458 ὲν
1391 4407 1457 4475 τῇ
1510 4401 1792 4474 Γαλιλαίᾳ,

1907 3227 2088 3270 autem
2139 3230 2309 3284 genus
2351 3214 2742 3269 dtemOniorum
2796 3228 2894 3284 per
2946 3212 3383 3283 deprecationem
3439 3223 3497 3269 et

1899 3310 2167 3379 jejunium
2201 3308 2509 3376 expellitur.
2541 3305 2770 3376 Oportet
2791 3306 2936 3361 enim
2979 3315 3034 3360 et
3064 3304 3181 3361 illos
3208 3306 3357 3377 ipsos
3381 3306 3495 3362 dar.-

1908 3407 2185 3461 moniacos
2217 3404 2451 3459 maxime
2486 3401 2760 3474 jejunare,
2791 3414 2847 3456 et
2883 3416 2979 3456 eos
3012 3402 3103 3472 qui
3140 3400 3259 3457 illos
3300 3416 3497 3458 sanare

1906 3498 2114 3552 volunt.
2157 3498 2312 3551 Tunc
2362 3504 2542 3550 autem
2593 3503 2678 3549 est
2728 3493 3057 3564 deprecatio,
3119 3494 3340 3563 quando
3382 3509 3494 3548 non

1906 3605 2029 3645 cum
2063 3589 2347 3649 ebrietate,
2392 3584 2644 3641 sed'cum
2675 3584 2879 3654 jejunio
2914 3586 2990 3641 nt.
3034 3588 3296 3653 Observa,
3347 3587 3495 3657 quod

1904 3683 2085 3736 omnis
2119 3680 2251 3734 iides
2302 3694 2532 3749 granum
2578 3689 2661 3733 est
2708 3679 2932 3747 sinapis.
2970 3676 3298 3749 Contempta
3345 3680 3493 3733 enim

1906 3782 2127 3843 putatur
2175 3783 2398 3842 propter
2444 3771 2731 3826 stultitiam
2779 3771 3206 3840 prardicatinuis;
3248 3780 3491 3826 attamen

1905 3867 1951 3921 si
1984 3865 2243 3920 ceciderit
2288 3863 2341 3917 in
2378 3871 2581 3916 terram
2629 3862 2849 3927 bonam,
2884 3863 3082 3915 crescit
3123 3862 3174 3915 in
3212 3862 3491 3929 arborem,

1907 3958 2089 4025 inqua
2126 3955 2364 4010 volatilia
2410 3954 2555 4019 caeli,
2592 3955 2693 4009 hoc
2728 3966 2834 4021 est,
2867 3955 3226 4023 cegitationes
3278 3970 3492 4009 summa

1906 4058 2177 4119 petentes,
2208 4046 2540 4100 nidulantur.
2586 4044 2753 4115 Igitur
2785 4046 3034 4116 quisquis
3065 4047 3229 4101 liabet
3271 4061 3491 4102 omnem

1908 4142 2089 4205 tidem,
2125 4139 2212 4193 ille
2248 4149 2422 4207 potest
2470 4140 2649 4195 dicere
2682 4140 2851 4193 monti
2890 4139 3037 4201 bnic,
3072 4139 3344 4207 Demigra,
3390 4140 3495 4195 hoc

1905 4243 2007 4296 est,
2055 4232 2282 4287 ἀκαιοηί
2315 4250 2328 4285 :
2356 4231 2679 4287 ostendebat
2724 4233 2871 4286 enim
2912 4230 3055 4301 quod
3091 4232 3267 4286 exiret
3292 4235 3495 4287 daemo-

1982 4414 2141 4468 Vsns.
2182 4413 2274 4480 2|,
2320 4412 2411 4468 22.
2448 4431 2466 4465 t
2503 4414 2637 4469 Cum
2688 4423 2866 4469 autem
2899 4426 3250 4471 versarentur
3298 4419 3350 4472 in
3384 4417 3494 4472 Ga-

210 4498 367 4556 εἶπεν
401 4500 583 4562 αὐτοῖς
609 4501 638 4551 ό
681 4496 907 4567 Ἰησοῦςο
932 4495 1133 4550 Μέλλει
1158 4498 1186 4549 ό
1219 4497 1343 4559 Υἱὸς
1379 4496 1474 4549 τοῦ
1502 4496 1790 4563 ἀνθρώπου

1903 4507 2060 4571 lilaea,
2097 4508 2235 4562 dixit
2267 4508 2370 4562 illis
2412 4507 2569 4564 Jesus
2597 4525 2611 4562 :
2644 4507 2903 4562 Futurum
2952 4519 3034 4564 est
3068 4521 3128 4565 ut
3170 4510 3341 4567 Filius
3385 4512 3490 4567 ho-

211 4592 609 4666 παραδίδοσθαι
631 4592 708 4654 είς
730 4594 918 4660 χεῖρας
935 4589 1260 4659 ἀνθρώπων,
1282 4590 1377 4641 καὶ
1401 4589 1796 4641 ἀποκτενοῦσιν

1903 4601 2062 4655 minis
2082 4602 2326 4655 tradatur
2351 4603 2400 4655 in
2428 4618 2620 4656 manus
2642 4603 2949 4667 hominum,
2972 4618 3037 4659 ac
3056 4604 3306 4659 occident
3334 4620 3487 4671 eum,

211 4688 401 4749 αὐτὸν,
427 4686 521 4737 καὶ
546 4685 613 4753 τῇ
644 4682 803 4753 τρίτῃ
828 4682 1011 4752 ἡμέρᾳ
1045 4681 1405 4751 ἐγερθήσεται
1426 4700 1437 4713 ·
1467 4683 1562 4733 καὶ
1588 4680 1795 4751 ἐλυπή-

1903 4703 1953 4746 et
1987 4695 2146 4748 tertio
2177 4693 2266 4748 die
2295 4704 2556 4764 resurget.
2602 4694 2668 4747 Et
2697 4709 2931 4749 tttuarore
2960 4693 3133 4749 allecti
3167 4705 3297 4751 sunt
3327 4700 3493 4753 velte-

212 4778 389 4851 θησαν
415 4775 639 4844 σφόδρα.
679 4793 698 4825 ι
729 4772 976 4843 Συνεχῶς
999 4773 1255 4843 προλέγει
1284 4774 1411 4844 περὶ
1439 4772 1534 4825 τοῦ
1566 4772 1794 4835 πάθους,

213 4871 299 4924 ira
335 4870 415 4940 μὴ
445 4867 717 4929 ἀκουσίως
766 4864 962 4919 παθεῖν
999 4867 1228 4935 νομισθῇ
1252 4906 1265 4927 ,
1305 4866 1396 4918 καὶ
1422 4864 1536 4933 ἅμα
1574 4865 1660 4918 ἴνα
1699 4881 1798 4932 γυ-

216 4964 398 5036 μνάσῃ
432 4961 651 5024 αὐτοὺς,
685 4959 777 5012 καὶ
808 4958 883 5028 μὴ
913 4958 990 5027 τῷ
1017 4958 1414 5029 ἀπροσδοκήτῳ
1444 4958 1795 5027 ταραχθῶσιν

211 5054 340 5107 ὅταν
372 5054 632 5122 γένηταιο
670 5052 1032 5105 έπισυνάπτει
1074 5049 1132 5102 δὲ
1166 5052 1279 5113 τοῖς
1314 5052 1574 5120 λυπηροῖς
1608 5050 1705 5104 καὶ
1734 5051 1796 5103 τὸ

213 5144 573 5215 εὐφρόσυνον,
607 5142 690 5206 τὺ,
740 5142 1157 5211 Ἀναστήσεται.

289 5252 307 5286 t
363 5234 661 5287 Ἐλθόντων
690 5234 748 5287 δὲ
796 5233 978 5286 αὐτῶν
1010 5234 1089 5295 είς
1120 5234 1517 5303 Καπερναοὺμ,
1552 5234 1792 5305 προσῆλ-

213 5326 305 5381 θον
330 5329 381 5381 οι
409 5327 480 5379 τά
517 5326 791 5395 δίδραχμα
835 5324 1207 5394 λαμϐάνοντες
1232 5326 1313 5394 τῳ
1343 5326 1558 5395 Πέτρῳ,
1592 5328 1685 5378 καὶ
1714 5324 1791 5378 εἱ-

211 5435 333 5471 πον·
348 5418 412 5474 '0
429 5419 743 5479 διδάσκαλος
768 5417 922 5487 ὑμῶν
937 5418 996 5469 οὐ
1023 5416 1169 5469 τελεῖ
1191 5419 1255 5469 τά
1274 5418 1545 5488 δίδραχμα
1567 5439 1579 5483 ;
1608 5420 1792 5488 Λέγει,

215 5508 339 5567 Nai.
379 5529 399 5564 ι
446 5510 505 5564 Ὀ
525 5512 656 5575 Θεὸς
683 5513 805 5565 ἀντὶ
831 5513 939 5564 τῶν
971 5514 1334 5582 πρωτοτόκων
1364 5514 1474 5565 τῶν
1504 5512 1793 5582 Ἐϐραίων,

214 5606 479 5677 ἠθέλησεν
524 5607 895 5677 ἀφιερωθῆναι
938 5606 1087 5677 αὑτῴ
1140 5607 1237 5677 τὴν
1271 5605 1365 5659 τοῦ
1418 5606 1552 5659 Λευῒ
1598 5610 1793 5677 φυλήν.

217 5698 431 5770 Εὑρέθη
463 5698 521 5751 δὲ
554 5700 925 5770 ἀριθμηθεῖσα
974 5702 1005 5769 ὴ
1054 5701 1141 5752 τοῦ
1177 5700 1309 5753 Λευῒ
1338 5700 1477 5771 φυλή
1504 5743 1518 5764 ,
1558 5701 1652 5754 δύο
1702 5705 1797 5755 καὶ

195 5792 385 5845 ἐἰκοσι
432 5791 699 5863 χιλιάδες·
735 5795 801 5847 τὰ
854 5794 908 5847 δὲ
949 5798 1291 5865 πρωτότοκα,
1325 5796 1562 5864 χιλιάδες
1594 5798 1797 5850 εἰκοσι-

1903 4796 2131 4841 menter.
2177 4806 2195 4838 ι
2244 4786 2489 4842 Subinde
2535 4788 2851 4842 memoriam
2900 4787 3027 4843 facit
3077 4789 3371 4859 passionis,
3423 4806 3492 4845 ne

1900 4881 2217 4934 existiment
2254 4880 2397 4949 quod
2443 4879 2646 4935 invitus
2700 4879 2955 4949 patiatur,
3004 4889 3056 4937 et
3116 4881 3333 4936 interim
3385 4883 3491 4937 lioc

1901 4974 2029 5042 agit,
2057 4982 2115 5027 ut
2144 4986 2401 5027 exerceat
2435 4989 2552 5038 eos.
2589 4985 2645 5029 et
2690 4990 2754 5027 ne
2786 4983 3094 5030 terreantur
3126 4977 3171 5029 si
3199 4976 3303 5030 hoc
3332 4977 3491 5030 inex-

1900 5072 2202 5133 spectatum
2238 5065 2451 5118 eveniat
2513 5065 2808 5133 Conjunxit
2830 5075 3013 5121 autem
3045 5068 3294 5123 tristibus
3324 5069 3446 5123 laeta
3471 5107 3488 5135 ,

1899 5154 2106 5208 scilicet
2131 5153 2274 5223 quod
2300 5163 2570 5226 resurget.

1973 5244 2143 5299 Vsus.
2172 5247 2267 5307 23.
2294 5248 2384 5301 24.
2446 5265 2465 5298 ι
2500 5248 2633 5302 Cum
2685 5258 2863 5302 autem
2905 5250 3179 5306 venissent
3226 5253 3280 5305 in
3332 5252 3489 5323 nppi~

1900 5340 2026 5392 dum
2059 5338 2423 5407 Capernaum,
2458 5351 2809 5394 accesserunt
2835 5342 2925 5411 qui
2956 5342 3277 5399 ditlraebma
3309 5345 3489 5402 solent

1899 5432 2164 5499 accipere,
2196 5433 2261 5482 atl
2300 5429 2539 5495 Petrum,
2591 5431 2959 5503 dixeruntque
2991 5450 3005 5486 :
3040 5434 3349 5508 Praeceptor
3393 5456 3487 5496 ve-

1900 5532 2013 5575 ster
2036 5538 2161 5575 num
2185 5522 2719 5578 solvitdidracbma?
2752 5523 2912 5592 Dicil,
2944 5525 3141 5584 Etiam.
3176 5549 3194 5581 ι
3225 5530 3367 5587 Deus
3390 5548 3488 5602 pro

1900 5612 2273 5683 primugenitis
2305 5613 2655 5669 llcbraaorum
2695 5618 2867 5672 voluit
2894 5622 3204 5676 consecrari
3236 5624 3339 5679 sibi
3390 5626 3490 5679 tri-

1900 5703 2025 5759 bum
2060 5705 2209 5760 Levi.
2240 5708 2499 5762 Inventus
2534 5720 2618 5763 est
2648 5722 2827 5766 autem
2862 5728 3121 5769 numerus
3154 5718 3327 5772 tribus
3357 5716 3489 5773 Leri

1900 5799 2091 5869 viginti
2128 5801 2234 5855 duo
2260 5800 2430 5855 millia
2457 5816 2472 5867 ;
2502 5801 2849 5875 primogeniti
2874 5814 3087 5876 autem,
3109 5807 3373 5868 chiliadea
3406 5811 3490 5867 vi-
