4080 6336
638 361 752 423 335
1500 355 2072 443 'rnsornrmcrt
2119 356 2198 415 Bt

2303 355 2528 414 MRUE
2567 355 2921 416 ARCiliEP.
3769 361 3871 424 336

593 531 596 542 ι
644 475 775 542 ginti
821 473 936 527 dua:
966 484 1018 528 et
1051 474 1262 529 ducenti
1304 483 1356 530 ct
1388 476 1726 545 septuaginta
1754 485 1861 530 tres
1878 476 1943 545 ‘_’.
1974 475 2076 529 I’ro
2123 477 2198 529 his

2309 475 2400 528 δύο
2431 477 2521 527 καὶ
2549 475 2796 527 διακόσια
2823 474 3192 544 ἑϐδομήκοντα
3221 475 3312 527 καὶ
3343 472 3467 544 τρέα
3493 489 3507 502 ·
3532 474 3658 528 ἀντὶ
3673 478 3872 529 τούτων

644 563 812 631 igitur
841 564 928 631 qui
963 573 1116 617 erant
1161 564 1294 618 ultra
1327 564 1520 618 tribum
1571 564 1723 630 Levi,
1756 575 1810 620 et
1865 567 2198 634 primogeniti

2306 566 2396 619 οὖν
2435 566 2541 619 τῶν
2574 567 2826 619 ἐπέκεινα
2851 566 2950 633 τῆς
2985 564 3078 617 τοῦ
3100 563 3230 617 Λευῒ
3264 565 3438 634 φυλῆς
3463 565 3637 617 ὅντων
3658 581 3870 634 πρωτο-

652 665 824 719 erant,
857 654 1093 708 decrevit
1121 654 1257 709 Deos
1281 650 1392 709 dari
1419 654 1790 711 didrachmum
1816 657 2201 711 sacerdotibus.

647 746 786 801 llinc
805 747 965 816 igitur
987 744 1125 800 facta
1151 756 1231 800 est
1254 748 1578 802 consuetudo
1603 757 1659 800 ut
1685 747 1998 817 simpliciter
2017 762 2203 802 omnes

647 835 982 904 primogeniti
1017 836 1311 903 penderent
1335 837 1732 902 didrachmum,
1758 839 1847 907 qui
1871 847 1952 892 est
1970 840 2205 907 quinque

645 927 787 993 sicli,
840 927 941 981 hoc
991 939 1072 982 est
1111 926 1322 984 ducenti
1373 931 1532 985 oboli.
1585 929 1736 985 Unde
1791 933 1916 999 quia
1952 931 2205 985 Dominus

646 1019 1034 1089 primogenitus
1060 1029 1195 1085 erat,
1219 1021 1485 1089 pendebat
1519 1033 1571 1076 et
1595 1023 1728 1092 ipse.
1762 1021 1993 1077 Revcriti
2026 1033 2199 1075 autem

647 1111 891 1164 fortassis
923 1109 1196 1163 Christum
1234 1121 1450 1180 pr0pler
1497 1113 1752 1166 miracula
1782 1128 1909 1182 quze
1931 1113 2157 1166 faciebat
2181 1150 2196 1176 ,

646 1216 751 1254 non
798 1200 943 1254 illum
990 1203 1344 1271 interrogant,
1383 1205 1473 1257 sed
1507 1202 1741 1266 Petrum,
1783 1206 1862 1258 vel
1909 1206 2082 1272 patins
2111 1208 2205 1258 de-

645 1301 891 1360 ceptores
919 1301 1093 1354 erant,
1120 1292 1270 1360 quasi
1294 1290 1364 1345 ita
1396 1294 1635 1347 dicerent
1664 1311 1678 1345 :
1707 1292 2005 1361 Praeceptor
2029 1304 2204 1348 vester

647 1382 751 1450 legi
790 1381 1107 1447 contrarius,
1165 1397 1290 1434 num
1347 1381 1397 1435 id
1451 1383 1678 1436 admittit
1715 1393 1771 1436 ut
1807 1383 2075 1450 persulut
2129 1383 2206 1436 di-

645 1477 937 1530 (irai-luna?

718 1571 879 1626 Vens.
911 1572 1004 1635 ΞΗ,
1034 1572 1120 1627 25.
1161 1590 1178 1622 ι
1217 1570 1279 1624 Et
1309 1586 1428 1625 cum
1456 1570 1722 1639 ingressus
1748 1568 1934 1622 fuisset
1964 1571 2200 1634 domum,

644 1665 898 1732 praevenit
947 1664 1094 1717 illum
1140 1662 1316 1726 Jesus,
1375 1661 1605 1716 dicens:
1649 1662 1786 1728 Quid
1825 1660 1918 1715 tibi
1971 1661 2197 1723 videtur,

645 1754 869 1809 Simon?
902 1754 1068 1823 Reges
1105 1765 1263 1808 terrae
1293 1771 1319 1806 a
1356 1756 1548 1823 quibus
1577 1753 1846 1822 accipiunt
1872 1754 2070 1805 tributa
2113 1759 2203 1804 aut

2306 660 2495 721 τόκων,
2521 656 2719 725 ὥρισεν
2738 659 2764 709 6
2784 654 2913 717 Θεὸς
2929 655 3143 722 δοθῆναι
3163 654 3455 725 δίδραχμον
3477 658 3587 718 τοῖς
3613 655 3868 725 ἱερεῦσιν.

2311 753 2531 804 Ἐκτοτε
2571 750 2662 803 οὖν
2697 745 2884 819 γέγονε
2921 750 3073 814 ἔθος,
3110 748 3295 810 ἁπλῶς
3327 749 3534 811 πάντας
3559 749 3686 810 τοὺς
3725 765 3871 816 πρωο

2304 845 2556 907 τοτόκους
2613 843 2785 896 τελεῖν
2818 843 2879 894 τὸ
2917 842 3230 911 δίδραχμον,
3275 844 3301 894 ὃ
3330 846 3446 895 ἐστι
3479 843 3643 894 πέντε
3681 842 3870 906 σίκλου,

2305 940 2471 1008 ἤγουν
2498 937 2758 990 διακόσιοι
2787 936 2980 990 ὀϐολοί.
3007 935 3162 988 Ἐπεὶ
3193 931 3284 990 οὖν
3318 937 3408 988 καὶ
3441 938 3468 988 6
3497 937 3703 1012 Κύριος
3733 952 3874 1002 πρω-

2305 1033 2520 1090 τότοκος
2561 1025 2650 1099 ἦν,
2708 1028 2878 1080 ἐτέλει
2933 1029 3026 1080 καὶ
3072 1028 3262 1089 αὐτὸς·
3300 1027 3604 1094 αἰδούμενοι
3647 1026 3703 1078 δὲ
3751 1025 3871 1087 ἴσως

2306 1125 2395 1176 τὶν
2447 1121 2681 1191 Χριστὸν
2734 1119 2821 1172 διὰ
2871 1121 2968 1182 τὰς
2996 1119 3459 1188 θαυματουργίας,
3503 1118 3617 1170 οὐκ
3672 1119 3870 1169 ἐκεῖνον

2307 1213 2607 1285 ἐρωτῶσιν,
2643 1211 2777 1264 ἀλλά
2809 1211 2899 1264 τὸν
2936 1211 3160 1279 Πέτρον,
3211 1210 3242 1279 ἦ
3289 1209 3485 1277 μᾶλλον
3521 1207 3868 1277 πανούργως,

2305 1306 2503 1359 ὡσανεὶ
2536 1305 2781 1372 λέγοντες
2813 1302 3057 1368 τοιαῦτα,
3101 1303 3161 1354 '0
3191 1302 3462 1362 ἀντίθετος
3505 1301 3581 1368 τῷ
3611 1299 3764 1366 νόμῳ
3795 1297 3870 1348 δι-

2304 1399 2568 1461 δάσκαλος
2625 1398 2799 1467 ὑμῶν,
2865 1392 2973 1466 ἄρα
3040 1394 3365 1459 κατεδέξατο
3418 1392 3592 1444 τελεῖν
3657 1390 3727 1442 τὰ
3796 1388 3872 1441 6i-

2300 1492 2553 1562 δραχμα;
2896 1558 2902 1564 .

2380 1602 2399 1632 ι
2429 1583 2537 1634 Καὶ
2565 1581 2650 1633 ὅτε
2679 1579 2923 1650 εἰσῆλθεν
2951 1582 3030 1642 είς
3059 1580 3155 1648 τὴν
3172 1577 3369 1640 οἰκίαν,
3395 1575 3742 1644 προέφθασεν
3772 1572 3869 1623 a6-

2304 1677 2395 1730 τὸν
2431 1677 2458 1727 6
2495 1675 2721 1745 Ἰησοῦς,
2767 1673 2962 1740 λέγων·
2998 1674 3060 1724 Τί
3101 1689 3182 1725 σοι
3225 1672 3392 1734 δοκεῖ,
3423 1671 3643 1736 Σεμων;
3683 1667 3746 1717 Οί
3776 1665 3871 1733 βα-

2307 1768 2470 1830 σιλεῖς
2519 1769 2617 1837 τῆς
2659 1767 2763 1834 γῆς
2798 1766 2904 1818 ἀπὸ
2936 1765 3098 1818 τίνων
3128 1764 3464 1833 λαμϐάνουσι
3494 1760 3622 1827 τέλη
3659 1758 3692 1826 ἦ
3747 1757 3874 1822 κῆν-

641 1845 951 1901 εεηςιιηιῖα
991 1847 1108 1901 liliis
1154 1848 1283 1912 suis,
1318 1862 1384 1900 an
1435 1847 1500 1899 ah
1558 1847 1784 1902 alienis?
1826 1847 1960 1916 Dicit
1992 1847 2061 1899 illi
2107 1849 2198 1899 l’c-

2307 1880 2431 1928 σον;
2479 1862 2584 1915 ἀπὸ
2631 1862 2741 1928 τῶν
2781 1859 2911 1911 υἱῶν
2946 1857 3145 1919 αὐτῶν,
3179 1857 3210 1925 ἢ
3249 1855 3356 1906 ἀπὸ
3389 1851 3498 1904 τῶν
3536 1850 3872 1917 ἀλλοτρίων;

644 1945 779 1997 trus,
830 1936 910 1990 Ab
960 1937 1166 1992 alienis.
1218 1940 1306 1990 Ait
1359 1938 1431 1991 illi
1477 1936 1655 2003 Jesus,
1714 1937 1851 2007 Ergo
1891 1938 2039 1988 liberi
2077 1946 2202 1991 sunt

645 2024 762 2082 lilii.
799 2046 818 2080 ι
858 2026 1127 2097 Tanquam
1200 2029 1340 2083 Deus
1389 2030 1610 2094 Sciebat,
1661 2030 1904 2098 quamvis
1940 2045 2042 2082 non
2099 2045 2198 2081 an-

640 2120 834 2186 dierat,
867 2121 992 2190 quid
1024 2120 1096 2174 illi
1127 2121 1286 2175 locuti
1319 2120 1550 2176 fuissent
1582 2121 1648 2176 ad
1703 2121 1918 2175 Petrum
1952 2139 1963 2172 :
1997 2121 2198 2178 idcirco

640 2223 696 2269 et
736 2216 992 2284 praevenit
1019 2229 1160 2278 eum,
1200 2215 1381 2270 dicens
1412 2231 1425 2270 :
1458 2215 1515 2270 Si
1547 2229 1700 2287 reges
1733 2227 1886 2271 terra!
1916 2230 2022 2268 non
2054 2213 2198 2268 acci-

643 2303 801 2372 piunt
829 2304 1082 2358 tributqu
1114 2319 1144 2357 a
1176 2305 1299 2358 [iliis
1324 2307 1456 2370 suis,
1488 2306 1580 2359 sed
1608 2307 1674 2360 ab
1701 2306 1908 2369 alienis,
1935 2307 2200 2374 quonme

641 2394 904 2448 caelorum
934 2393 1045 2449 Rex
1072 2410 1098 2448 a
1129 2411 1213 2448 me
1234 2395 1369 2450 Filio
1394 2411 1490 2450 suo
1523 2396 1750 2465 accipiet
1780 2395 2198 2451 didrachmum?

641 2486 755 2544 Hoc
783 2486 926 2540 enim
959 2486 1131 2557 (sicut
1157 2500 1318 2555 supra
1347 2484 1493 2556 dixi)
1525 2486 1894 2542 sacerdotibus
1921 2500 1972 2541 et
2003 2488 2198 2555 templo

645 2578 998 2630 tribuebatur.
1034 2566 1086 2630 Si
1115 2586 1291 2630 autem
1325 2578 1476 2631 liberi
1511 2587 1636 2630 sunt
1671 2577 1762 2630 lilii
1793 2593 2072 2647 parvorum
2113 2592 2198 2630 re-

641 2685 788 2737 gum,
819 2665 1024 2724 scilicet
1072 2668 1201 2724 nihil
1230 2669 1615 2740 persolventes,
1655 2660 1820 2725 multo
1857 2669 2023 2741 magis
2071 2685 2196 2738 ego.

720 2962 881 3016 Vnus.
919 2961 1009 3016 26.
1068 2978 1087 3013 ι
1135 2956 1328 3014 Verum
1361 2972 1424 3012 ne
1477 2959 1647 3015 simus
1707 2958 1810 3013 illis
1859 2957 2197 3022 oll‘endiculo,

643 3059 780 3110 vade
810 3054 874 3107 ad
903 3068 1069 3116 mare,
1101 3062 1154 3106 et
1187 3053 1337 3106 mitte
1367 3052 1608 3117 hamum,
1644 3060 1698 3106 et
1726 3066 1848 3106 eum
1885 3053 2082 3119 piscem
2111 3053 2201 3121 qni

642 3145 902 3217 prodierit
937 3146 1160 3214 primus,
1191 3141 1336 3208 tolle,
1365 3152 1420 3198 et
1463 3155 1652 3214 aperto
1696 3158 1792 3199 ore
1843 3143 1981 3198 illius
2039 3145 2202 3199 inve-

2302 1955 2462 2023 Λέγει
2480 1953 2625 2023 αὑτῷ
2647 1955 2674 2006 6
2698 1953 2919 2021 Πέτροςο
2938 1949 3068 2003 Ἀπὸ
3083 1949 3191 2001 τῶν
3215 1945 3528 2014 ἀλλοτρίων.
3554 1943 3702 2008 Ἔφη
3731 1938 3874 2004 αὐτῷ

2302 2050 2330 2099 6
2372 2045 2743 2116 Ἰησοῦς’Ἃρα
2774 2059 2837 2110 γε
2866 2041 3137 2110 ἐλεύθεροί
3167 2041 3308 2091 εἰσιν
3333 2039 3381 2089 oi
3406 2034 3532 2100 υἱοί.
3561 2055 3577 2083 ι
3601 2032 3691 2094 Ὦς
3723 2032 3871 2090 Θεὸς,

2303 2139 2478 2193 καίτοι
2533 2138 2606 2208 μὴ
2631 2138 2888 2198 ἀγούσας,
2923 2134 3037 2205 ᾔδει
3058 2135 3110 2184 τί
3136 2129 3486 2198 διελέχθησαν
3513 2127 3714 2178 ἐκείνοι
3741 2121 3876 2190 πρὸς

2300 2232 2392 2284 τὸν
2440 2229 2662 2299 Πέτρον·
2703 2227 2783 2280 διὸ
2813 2227 2904 2277 καὶ
2941 2222 3244 2294 προφθάνει
3275 2217 3460 2280 αὐτὸν,
3490 2216 3692 2282 λέγων’
3739 2212 3802 2263 ἐξ
3829 2210 3876 2261 oi

2303 2323 2539 2394 βασιλεῖς
2563 2321 2664 2389 τῆς
2688 2321 2788 2389 γῆς
2817 2319 2877 2371 οὐ
2910 2315 3248 2386 λαμϐάνουσι
3274 2312 3437 2380 φόρον
3470 2307 3580 2362 ἀπὸ
3610 2305 3722 2358 τῶν
3746 2303 3877 2354 υἱῶν

2299 2412 2629 2478 αὐτῶν,ἀλλ⁹
2670 2411 2914 2468 ἀπδτῶν
2964 2406 3281 2477 ἀλλοτρίων,
3314 2401 3431 2464 πῶς
3475 2401 3508 2452 6
3550 2396 3874 2465 ἐπουράνιος

2304 2509 2561 2569 Βασιλεὺς
2589 2505 2682 2559 ἀπ’
2714 2503 2848 2574 ὲμοῦ
2881 2501 2972 2554 τοῦ
3002 2498 3133 2553 Υἰοῦ
3165 2495 3328 2551 αὑτοῦ
3350 2493 3583 2563 λήψεται
3602 2489 3664 2542 τὸ
3690 2489 3875 2556 δίδρα-

2302 2617 2438 2673 χμον
2463 2618 2476 2665 ;
2510 2598 2679 2652 Τοῦτο
2703 2598 2830 2665 γὰρ,
2855 2594 2947 2662 (ὡς
2973 2592 3107 2662 ἔφην
3136 2587 3269 2660 ἀνω)
3291 2590 3401 2647 τοῖς
3430 2585 3634 2655 ἱερεῦσι
3679 2582 3774 2634 καὶ
3801 2581 3876 2647 τῷ

2302 2697 2414 2764 ναῷ
2460 2693 2786 2764 προσήγετο.
2841 2689 2902 2741 Ei
2933 2686 3023 2740 οὖν
3063 2683 3339 2752 ἐλεύθεροί
3371 2681 3508 2733 εἰσιν
3535 2680 3584 2732 οἱ
3621 2677 3730 2730 υἱοὶ
3769 2674 3877 2727 τῶν

2301 2788 2451 2840 κάτω
2516 2785 2797 2856 βασιλέων,
2847 2783 3092 2834 τουτέστι
3154 2776 3318 2849 μηδὲν
3354 2773 3662 2837 τελοῦντες,
3719 2769 3875 2836 πόσῳ

2305 2881 2502 2953 μᾶλλον
2533 2878 2672 2947 ὲγὼι

2378 2992 2395 3025 ι
2440 2973 2557 3025 Ἵνα
2602 2971 2658 3024 δὲ
2701 2969 2775 3040 μὴ
2819 2969 3267 3038 σκανδαλίσωμεν
3315 2965 3533 3027 αὐτοὺς,
3583 2963 3879 3035 πορευθεὶς

2303 3070 2381 3128 ei;
2414 3067 2510 3135 τὴν
2545 3064 2817 3118 Θάλασσαν
2853 3063 2977 3130 βάλε
3013 3062 3329 3130 ἄγκιστρον,
3355 3059 3451 3112 καὶ
3476 3060 3567 3110 τὸν
3593 3057 3878 3110 ἀναϐάντα

2306 3157 2518 3228 πρῶτον
2559 3157 2714 3227 Ιχθὺν
2762 3150 2932 3224 ἆρονο
2987 3146 3093 3204 και
3118 3151 3335 3215 ἀνοίξας
3381 3149 3442 3202 τὸ
3473 3151 3649 3218 στόμα
3684 3147 3873 3208 αὐτοῦ,

640 3215 756 3288 nies
786 3240 1086 3287 staterem:
1129 3232 1234 3302 93
1273 3232 1418 3287 illum
1476 3234 1697 3302 accipe,
1732 3244 1785 3287 et
1831 3233 1898 3288 da
1949 3234 2052 3288 illis
2102 3249 2198 3302 pro

2303 3215 2558 3313 rimosi;
2581 3215 2845 3312 ’στατῆρα
2871 3254 2884 3267 ·
2927 3242 3130 3292 ἐκεῖνον
3173 3238 3373 3301 λαϐὼν,
3414 3238 3500 3300 δὸς
3536 3215 3723 3298 αὺτοῖς
3757 3235 3876 3288 ἀντὶ

638 3339 727 3378 me
754 3337 805 3378 et
835 3336 906 3377 te.
950 3344 965 3372 ι
999 3321 1078 3376 Ne
1113 3333 1422 3391 reputemur
1444 3363 1459 3389 ,
1501 3323 1693 3392 inquit,
1726 3333 2116 3393 contemptores
2148 3334 2201 3377 et

639 3417 988 3484 despectat-es
1011 3414 1161 3482 legis,
1201 3425 1254 3467 et
1283 3413 1639 3478 otiendamus,
1683 3418 1746 3467 da
1784 3415 1891 3470 illis
1921 3415 2196 3470 tributum.

641 3503 758 3561 Non
779 3507 922 3559 enim
958 3515 1015 3560 ut
1035 3505 1270 3560 debitum
1320 3507 1406 3571 do,
1443 3506 1536 3561 sed
1579 3514 1638 3561 ut
1666 3507 1878 3561 illorum
1920 3507 2198 3561 inlirmita-

641 3608 746 3653 tem
778 3598 1066 3667 corrigam.
1118 3596 1383 3652 Discimus
1410 3598 1551 3652 enim
1601 3597 1703 3654 hoc
1741 3599 1880 3660 loco.
1914 3600 2055 3667 quod
2092 3616 2198 3655 non

635 3699 850 3757 oportet
879 3687 1166 3751 ollendere,
1204 3687 1293 3740 ubi
1328 3687 1532 3742 nullum
1557 3697 1640 3742 est
1662 3688 1938 3743 damnum.
1964 3687 2062 3744 Ubi
2101 3707 2199 3743 au-

636 3787 749 3834 tem
780 3779 1035 3833 damnum
1070 3778 1301 3845 patimur
1343 3776 1394 3830 in
1450 3792 1612 3846 opere
1664 3775 1860 3844 aliquo,
1915 3793 2018 3831 non
2074 3788 2198 3832 sunt

639 3871 862 3923 curandi
918 3871 1008 3938 qui
1069 3869 1434 3936 imprudenter
1486 3867 1848 3924 offenduntur.
1925 3867 1993 3923 Ut
2037 3870 2198 3938 igitur

636 3960 879 4016 ostendat
921 3961 1062 4030 quod
1091 3960 1228 4014 Deus
1255 3961 1324 4014 sit
1345 3968 1398 4014 et
1428 3961 1588 4014 maris
1619 3961 1891 4026 Dominus,
1925 3962 2064 4016 misit
2096 3961 2194 4015 Pe-

640 4060 781 4103 trum
834 4050 1103 4104 tollentem
1149 4059 1400 4105 staterem
1451 4065 1517 4104 ex
1543 4064 1638 4103 ore
1688 4051 1868 4117 piscis.
1913 4051 2192 4109 Discavuus

641 4145 726 4197 hic
750 4151 801 4195 et
833 4143 1119 4212 myterium
1167 4143 1460 4210 quoddam.
1484 4142 1677 4196 Nostra
1710 4145 1854 4197 enim
1885 4154 2075 4196 natttra
2111 4154 2194 4199 est

641 4234 803 4303 piscis
831 4233 881 4286 in
913 4233 1175 4302 prolundo
1201 4230 1592 4288 incredulitatis
1619 4249 1788 4287 mersa
1813 4249 1829 4290 :
1858 4236 1950 4288 sed
1974 4245 2194 4303 aposto-

642 4325 775 4378 licus
811 4339 990 4377 sermo
1020 4322 1253 4376 extrahit
1285 4339 1398 4385 nos,
1446 4331 1499 4377 et
1539 4323 1593 4375 in
1627 4340 1720 4377 ore
1759 4334 1942 4378 nostro
1991 4325 2195 4378 invenit

641 4424 916 4480 staterem,
945 4415 1152 4484 eloquia
1184 4413 1415 4479 Domini,
1463 4425 1516 4468 et
1560 4414 1945 4471 confessionem
1971 4417 2191 4472 Christi.

2303 3334 2436 3403 ἐμοῦ
2487 3334 2581 3386 καὶ
2613 3333 2728 3386 σοῦ.
2775 3350 2791 3382 ι
2843 3332 2977 3395 Ἵνα,
3011 3330 3165 3399 φησὶ,
3205 3329 3279 3400 μὴ
3321 3328 3661 3396 λογισθῶμεν
3698 3329 3874 3395 ὑπερ-

2306 3427 2470 3480 όπται
2501 3427 2594 3478 καὶ
2642 3425 3048 3493 καταφρονηταὶ
3093 3422 3188 3475 τοῦ
3230 3422 3415 3490 νόμου,
3445 3419 3537 3472 καὶ
3585 3419 3874 3471 σκανδαλί-

2302 3533 2505 3582 σωμεν,
2554 3515 2642 3578 δὸς
2688 3515 2750 3566 τὸ
2795 3514 2980 3577 τέλοςθ
3031 3513 3098 3574 0,6
3123 3513 3231 3582 γὰρ
3273 3513 3348 3574 ὡς
3375 3510 3605 3580 ὀφείλων
3657 3510 3874 3578 δίδωμι.

2274 3602 2417 3662 ’ἀλλ’
2449 3609 2520 3667 ὡς
2556 3609 2654 3677 τὴν
2683 3606 2907 3658 ἐκείνων
2942 3604 3229 3658 ἀσθένειαν
3278 3602 3684 3673 διορθούμενος.
3717 3603 3874 3654 Μαν-

2303 3699 2532 3766 θάνομεν
2566 3697 2676 3766 γὰρ
2701 3695 2970 3761 ἐντεῦθεν,
2998 3695 3077 3748 ὅτι
3113 3695 3173 3746 οὐ
3204 3694 3284 3747 δεῖ
3312 3691 3632 3761 σκανδαλίζε
3645 3709 3714 3756 ιν,
3745 3691 3874 3742 ἔνθα

2306 3790 2381 3860 μὴ
2425 3787 2808 3859 βλαπτόμεθα·
2861 3786 2987 3838 ἔνθα
3020 3785 3127 3855 γὰρ
3177 3782 3524 3854 βλαπόμεθα
3570 3781 3678 3835 ἀπὸ
3711 3781 3873 3851 ῐργου

2301 3881 2466 3946 τινὸς,
2509 3881 2568 3934 οὐ
2616 3879 2696 3934 δεῖ
2742 3878 3047 3949 φροντίζειν
3100 3875 3206 3928 τῶν
3253 3877 3464 3943 ἀλόγως
3519 3873 3872 3936 σκανδαλιζο-

2307 3974 2506 4044 μόνων.
2526 3975 2645 4027 Ἵνα
2673 3972 2853 4025 τοίνυν
2886 3970 3054 4041 δείξῃ,
3076 3971 3156 4023 ὅτι
3185 3969 3314 4032 Θεός
3343 3970 3483 4034 ἐστι,
3519 3970 3611 4020 καὶ
3642 3967 3743 4036 τῆς
3774 3966 3872 4019 θα-

2303 4065 2508 4134 λάσσης
2561 4063 2800 4134 κρατῶν,
2853 4061 3140 4115 ἀπέστειλε
3169 4061 3260 4113 τὸν
3294 4059 3498 4129 Πέτρον
3539 4059 3739 4124 ἄξοντα
3783 4059 3873 4108 τὶν

2305 4154 2548 4222 στατῆρα
2598 4155 2660 4205 ὲκ
2691 4152 2782 4205 τοῦ
2839 4152 3020 4221 ίχΟύος
3045 4169 3057 4182 ·
3109 4151 3224 4221 ἅμα
3269 4150 3324 4204 δὲ
3357 4151 3450 4203 καὶ
3489 4149 3789 4219 μυστήριόν
3818 4164 3870 4199 τι

2307 4245 2648 4314 μανθάνομεν
2669 4261 2681 4274 ·
2723 4246 2755 4314 ή
2788 4246 3031 4314 ἡμετέρα
3061 4243 3168 4311 γάρ
3196 4245 3355 4311 φύσις
3378 4242 3522 4294 ἐστὶν
3548 4242 3576 4293 6
3609 4242 3782 4310 ἰχθὺς,
3813 4241 3870 4290 ἐν

2304 4336 2448 4408 βυθῷ
2478 4335 2737 4397 ἀπιστίας
2780 4333 3155 4404 βαπισθεῖσα,
3194 4333 3307 4387 ἀλλ’
3333 4333 3361 4385 6
3391 4332 3747 4393 ἀποστολικδς
3787 4330 3873 4383 λό-

2300 4446 2395 4498 γος
2424 4428 2736 4480 ἀνείλκυσεν
2771 4428 2935 4496 ἡμᾶς,
2975 4427 3068 4480 καὶ
3093 4427 3150 4477 ὲν
3177 4425 3256 4495 τῷ
3288 4425 3515 4494 στόματι
3545 4423 3705 4492 ήμῶν
3745 4416 3868 4489 εὗρε

637 4505 771 4560 Nam
812 4508 899 4576 qui
934 4507 1204 4560 Christum
1229 4508 1533 4570 conlitetnr,
1571 4506 1614 4561 is
1648 4515 1900 4561 staterem
1937 4509 2094 4562 habet
2144 4509 2197 4563 in

2303 4522 2392 4572 τὸν
2421 4519 2685 4588 στατῆρα,
2720 4519 2788 4570 τὰ
2825 4518 2981 4584 λόγια
3012 4516 3106 4569 τοῦ
3151 4515 3354 4584 Κυρίου
3374 4556 3388 4580 ,
3416 4515 3511 4567 καὶ
3537 4514 3634 4583 τὴν
3678 4515 3873 4580 ὁμολο-

639 4613 755 4664 ore,
791 4611 1042 4652 Staterem
1094 4598 1197 4651 duo
1243 4599 1555 4652 didrachma
1615 4607 1924 4653 tenentem:
1973 4603 2096 4669 quia
2137 4605 2184 4654 cl

645 4691 890 4739 Christus
917 4691 1046 4741 duas
1097 4698 1320 4740 naturas
1371 4685 1548 4750 habet,
1607 4687 1763 4739 homo
1816 4688 2083 4742 exsistens
2137 4705 2200 4744 ac

647 4779 803 4832 Dens.
840 4777 935 4830 llic
962 4777 1121 4844 igitur
1158 4785 1326 4830 Stater
1357 4777 1512 4830 datus
1552 4788 1635 4831 est
1671 4779 1914 4832 Christus
1943 4794 2037 4848 pro
2066 4782 2198 4831 duo-

643 4873 760 4934 bus,
798 4884 891 4927 pro
917 4866 1112 4920 Juda-is
1141 4879 1192 4920 et
1238 4868 1504 4936 gentibus,
1549 4871 1824 4938 projustis
1867 4880 1912 4922 et
1947 4880 2196 4937 peccato-

642 4963 807 5013 ribus.
837 4958 987 5024 Quod
1019 4960 1060 5012 εἰ
1093 4969 1145 5012 et
1203 4975 1423 5012 avarum
1474 4963 1777 5028 quempiam
1820 4961 2013 5013 videris
2061 4959 2193 5014 nihil

641 5053 782 5105 aliud
815 5052 1093 5105 habentem
1129 5053 1179 5104 in
1227 5066 1342 5111 ore,
1392 5052 1497 5103 nisi
1545 5068 1729 5105 aurum
1784 5063 1836 5105 et
1893 5062 2194 5118 argentum,

645 5147 780 5196 hunc
809 5144 942 5196 habe
968 5158 1064 5210 pro
1095 5146 1258 5208 pisce.
1295 5144 1347 5195 iu
1377 5141 1507 5194 mari
1544 5141 1697 5207 hujus
1728 5143 1848 5195 vita:
1879 5153 2147 5195 natantem
2182 5159 2194 5194 :

642 5242 696 5283 at
726 5232 810 5284 ubi
843 5233 1092 5285 inventus
1124 5233 1284 5283 luerit
1316 5238 1634 5297 praeceptor,
1661 5231 1835 5298 qualis
1863 5231 2071 5293 l’ctrtts,
2105 5232 2196 5301 qui

643 5328 819 5379 mittat
851 5327 1060 5377 hamum
1095 5326 1146 5378 iu
1180 5344 1207 5375 ιι
1233 5337 1358 5387 are,
1407 5324 1452 5377 is
1481 5325 1669 5391 eripiet
1702 5341 1763 5377 ex
1801 5340 1894 5379 ore
1931 5326 2069 5380 illius
2108 5343 2202 5380 au-

639 5435 759 5473 rum
793 5429 844 5472 et
868 5429 1167 5486 argentum.
1205 5421 1470 5472 Statcrem
1503 5419 1714 5485 quidam
1751 5429 1936 5487 putant
1970 5423 2198 5488 lapideut

639 5511 932 5578 pretiosum
966 5511 1014 5562 in
1050 5510 1226 5581 Syria,
1256 5511 1325 5563 illi
1360 5511 1640 5574 tributum,
1674 5512 1760 5564 alii
1789 5529 1915 5567 vero
1948 5526 2194 5582 quartam

642 5609 845 5669 partem
871 5602 1225 5654 numismatis.

2302 4611 2424 4678 γίαν
2468 4613 2561 4663 τοῦ
2602 4609 2869 4679 Χριστοῦ’
2917 4611 2943 4661 ό
2975 4609 3082 4676 γὰρ
3111 4606 3385 4675 ὁμολογῶν
3437 4604 3531 4658 τὸν
3589 4606 3866 4673 Χριστὸν,

2305 4704 2504 4763 ἐκεῖνο;
2539 4701 2650 4770 ἔχει
2676 4701 2766 4752 τὸν
2794 4701 3034 4768 στατῆρα
3059 4703 3114 4752 ὲν
3135 4699 3210 4768 τῷ
3235 4701 3482 4767 στόματι,
3510 4697 3758 4766 στατῆρα
3781 4696 3874 4748 δύο

2303 4791 2571 4861 δίδραχμα
2622 4792 2874 4843 ἕλκοντα.
2916 4790 3066 4842 Ἐπεὶ
3107 4793 3198 4842 καὶ
3225 4792 3252 4842 6
3281 4789 3512 4857 Χριστὸς
3545 4787 3638 4840 δύο
3681 4787 3872 4856 φύσεις

2305 4882 2437 4950 ἔχει,
2479 4883 2610 4943 (θεὸς
2649 4888 2741 4934 καὶ
2787 4882 3067 4951 ἄνθρωπος
3109 4880 3201 4934 ὥν.
3237 4877 3402 4941 Οὗτος
3429 4879 3520 4932 οὖν
3557 4881 3584 4932 6
3610 4881 3820 4948 στατὴρ
3843 4882 3871 4930 ὁ

2303 4973 2560 5041 Χριστὸς,
2597 4973 2751 5043 ἐδόθη
2787 4974 2925 5043 ὑπὲρ
2955 4974 3066 5038 δύο,
3101 4975 3240 5043 ὑπὲρ
3282 4973 3548 5025 Ἰουδαίων
3586 4975 3680 5025 καὶ
3733 4972 3872 5024 ἐθνι-

2304 5065 2432 5125 κῶν,
2465 5067 2555 5116 καὶ
2586 5065 2723 5134 ἑπὲρ
2750 5066 2972 5124 δικαίων
3011 5066 3103 5117 καὶ
3129 5063 3468 5134 ἁμαρτωλῶν
3489 5080 3502 5092 ⁸
3535 5065 3664 5116 ὅταν
3694 5064 3751 5116 δὲ
3780 5079 3872 5115 και

2303 5171 2423 5206 τινα
2447 5156 2557 5224 ἴδῃς
2584 5155 2936 5224 φιλάργυρον,
2960 5157 3112 5208 οὐδὲν
3130 5158 3256 5211 ἀλλο
3276 5156 3464 5224 ἔχοντα
3486 5156 3575 5208 διὰ
3605 5157 3872 5223 στόματος

2305 5246 2353 5295 εί
2387 5246 2459 5314 μὴ
2494 5247 2845 5315 χρυσίονκχὶ
2893 5248 3175 5318 ἀργύριον,
3221 5248 3408 5300 τοῦτον
3457 5248 3692 5314 γίνωσκε
3735 5241 3872 5298 sicut

2307 5335 2475 5404 ἰχθὺν,
2524 5339 2580 5388 ὲν
2631 5340 2695 5408 τῇ
2734 5337 2977 5409 Θαλάσσῃ
3025 5338 3117 5389 τοῦ
3166 5339 3279 5408 βίου
3315 5340 3643 5408 νηχόμενονο
3686 5340 3778 5390 ἐὰν
3815 5339 3870 5388 δὲ

2305 5427 2501 5496 εὑρεοῇ
2553 5444 2634 5489 τις
2689 5427 3002 5490 διδάσκαλος
3049 5429 3189 5480 κατὰ
3241 5430 3465 5498 Πέτρον,
3514 5428 3871 5496 ἀγκιστρεύει

2304 5517 2509 5581 τοῦτον,
2562 5522 2652 5570 καὶ
2705 5520 2954 5572 ἐκϐάλλει
3004 5521 3097 5574 ἀτ⁸
3164 5520 3254 5572 τοῦ
3300 5523 3566 5588 στόματος
3612 5518 3777 5571 αὑτοῦ
3818 5521 3872 5570 τὸ

2306 5609 2524 5676 χρυσίον
2549 5610 2639 5661 καὶ
2668 5609 2725 5660 το
2752 5609 3033 5680 ἀργύριον,
3063 5609 3312 5681 Στατῆρα
3341 5609 3396 5664 δέ
3420 5629 3562 5676 τινες
3591 5612 3870 5682 νομίζουσι

2993 5683 3022 5720 /

642 5693 790 5748 λίθον
825 5692 1116 5762 πολύτιμον
1152 5696 1531 5766 εὑρισκόμενον
1558 5696 1694 5751 κατὰ
1745 5699 1976 5770 Συρίαν·
2017 5704 2064 5753 οί
2117 5702 2172 5754 δὲ
2194 5741 2208 5762 ,
2244 5702 2476 5770 ἐξαγιον,
2505 5707 2757 5774 τέταρτον
2789 5692 3138 5776 νομίσματος.

721 5807 768 5842 ³³
793 5803 949 5863 Num.
988 5808 1182 5881 111,17,
1217 5824 1335 5879 sqq.
