4080 6336
210 428 314 491 3M

782 420 1227 484 ENARllATlO
1270 420 1349 481 IN
1393 419 1889 483 EVANGELIUM
1924 417 2314 481 MATIH.EI.
2355 440 2426 452 —
2452 414 2616 476 CAP;
2658 410 2880 474 XVIII.

3405 399 3519 465 SB

214 534 363 588 slew
389 534 580 587 οἰκεῖοι
609 530 687 600 τῷ
713 528 853 599 Θεῷ,
884 528 1027 583 ὥστε
1063 530 1125 583 τὸ
1162 531 1455 601 πρόσωπον
1498 529 1663 585 αὐτοῦ
1713 530 1801 585 διὰ

1945 537 2139 585 tantes.
2189 527 2430 596 Apparet
2459 534 2639 579 autem
2682 537 2749 578 ex
2794 522 2930 584 hoc,
2965 514 3109 587 quod
3159 512 3285 568 licet
3323 528 3519 568 oinoes

214 624 417 688 παντὸς
443 624 663 694 ὁρῶσιν,
687 620 998 693 ἔμπροσθεν
1021 621 1186 676 αὐτοῦ
1218 622 1518 694 ἱστάμενοι.
1549 623 1808 677 Φαίνεται

215 713 274 767 δι
289 715 353 765 ὲκ
379 711 596 775 τούτου,
614 711 697 765 δτι
725 712 774 763 εί
802 710 897 764 καὶ
920 712 1121 773 πάντες
1143 712 1410 782 ἀγγέλους
1439 712 1657 784 ἔχομεν,
1686 712 1803 766 ἀλλ’

216 806 268 856 οί
296 802 405 856 τῶν
446 802 792 872 ἁμαρτωλῶν
819 802 1045 871 ἄγγελοι
1080 804 1270 873 ὥσπερ
1294 805 1683 875 αἰσχυνόμενοι
1714 803 1804 858 διὰ

216 896 283 949 τὸ
307 893 463 977 ᾕμῶν
489 892 958 966 ἀπαρρησίαστον,
985 894 1104 947 οὐδὲ
1120 894 1274 948 αὐτοὶ
1292 896 1474 966 ἔχουσι
1490 895 1807 967 παρρησίαν

219 985 354 1055 δρᾷν
373 984 435 1036 τὸ
464 982 757 1053 πρόσωπον
787 981 883 1037 τοῦ
924 984 1084 1051 Θεοῦ,
1121 986 1218 1037 καὶ
1243 983 1462 1039 δέεσθαι
1489 984 1630 1055 τάχα
1662 984 1806 1055 ὑπὲρ

220 1075 379 1146 ἡμῶν
407 1092 422 1107 ο
458 1077 509 1129 ei
554 1076 611 1129 δὲ
658 1076 769 1129 τῶν
820 1076 1416 1147 ταπεινοφρονούντων,
1445 1068 1595 1130 οὗτοι
1636 1076 1807 1148 ὁρῶσι

219 1168 285 1223 τὸ
322 1168 465 1222 θεῖον
490 1169 811 1237 πρόσωπον,
845 1168 936 1221 διὰ
971 1170 1032 1222 τὸ
1067 1168 1211 1238 ἔχειν
1239 1170 1576 1240 παρρησίαν.
1609 1170 1718 1221 καὶ
1750 1167 1806 1221 τι

222 1258 391 1327 λέγω,
416 1259 607 1330 φησιν,
628 1261 712 1313 δτι
742 1259 1009 1328 ἀγγέλους
1033 1258 1249 1330 ἔχουσιν
1278 1261 1327 1314 οι
1356 1259 1625 1327 τοιοῦτοις
1666 1259 1812 1327 Ἐγὼ

1913 620 2138 693 angelos
2164 612 2483 682 habeamus,
2516 624 2867 688 peccatorum
2899 620 3084 665 tamen
3107 607 3309 678 angeli
3346 607 3511 675 quasi

1913 722 2137 783 pr0pter
2170 728 2270 768 nos
2300 708 2534 776 confusi,
2572 708 2754 763 minus
2778 704 3011 759 ﬁdentes
3038 711 3186 766 sunt,
3212 698 3389 769 neque
3411 698 3522 768 ipsi

1912 814 2139 877 possunt
2168 802 2474 859 tamlibere
2502 800 2690 855 videre
2704 796 2900 851 faciem
2930 794 3051 856 Dei.
3081 800 3138 846 et
3172 792 3379 861 precari
3403 788 3517 844 for-

1918 895 2061 951 sitan
2093 910 2190 963 pro
2220 894 2398 949 nobis.
2432 890 2732 946 Humilium
2763 898 2949 941 autem
2981 883 3184 951 angeli,
3218 882 3272 937 hi
3298 884 3529 949 semper

1912 987 2095 1041 vident
2126 986 2216 1040 Dei
2254 984 2470 1050 faciem,
2494 992 2782 1053 propterea
2802 976 2948 1047 quod
2979 976 3228 1030 fiduciam
3261 973 3518 1028 habeant.

1914 1077 1981 1132 Et
2009 1076 2138 1147 quid
2180 1076 2302 1131 dico
2317 1075 2460 1145 quod
2484 1075 2536 1128 hi
2558 1071 2781 1143 angelos
2802 1068 3075 1124 habeant?
3100 1065 3209 1135 Ego
3230 1073 3519 1134 propterea

1921 1172 2066 1233 veni,
2119 1177 2177 1224 ut
2226 1182 2443 1224 servem
2494 1164 2638 1235 quod
2693 1162 2959 1233 perierat,
2994 1170 3049 1214 et
3086 1159 3219 1211 mihi
3252 1156 3521 1229 vindicem

1918 1275 2013 1316 eos
2037 1262 2129 1330 qni
2158 1276 2185 1314 a
2221 1260 2493 1329 plerisque
2517 1257 2675 1328 plane
2703 1254 2836 1313 nihil
2869 1262 3159 1324 putantur.

223 1352 318 1411 διὰ
343 1352 503 1407 τοῦτο
547 1348 711 1425 ἦλθον
753 1354 841 1408 ἶνα
890 1352 1052 1409 σώσω
1082 1354 1142 1408 τὸ
1189 1352 1507 1418 ἀπολωλὸς,
1538 1354 1635 1409 καὶ
1673 1353 1803 1418 τοὺς
1842 1356 1995 1426 παρά
2014 1357 2127 1418 τοῖς
2169 1355 2387 1418 πολλοῖς
2460 1348 2853 1423 νομιζομένους
2920 1346 3253 1414 οὖδαμινοὺς
3298 1340 3524 1396 οἰκειώρ

228 1464 437 1517 σωμαι.

310 1554 332 1591 ε
369 1536 435 1591 Τί
483 1538 613 1607 om
668 1536 847 1603 δοκεῖς
907 1536 1034 1590 Ἐὰν
1090 1535 1321 1606 γένηταί
1370 1553 1477 1590 τινι
1543 1535 1818 1609 ἀνθρώπῳ

230 1630 442 1687 ικατδν
473 1628 724 1697 πρόϐατα
748 1668 764 1693 ,
798 1628 893 1682 καὶ
936 1627 1186 1700 πλανηθῇ
1221 1627 1281 1680 ἓν
1313 1628 1373 1693 ἐξ
1413 1628 1625 1694 αὐτῶν,
1694 1628 1818 1699 οὐχὶ

229 1724 392 1793 ἀφεὶς
434 1721 504 1781 τά
550 1720 1073 1789 ὲννενηκονταεννέα
1120 1721 1215 1773 επὶ
1246 1719 1315 1774 τά
1348 1720 1453 1791 δρη
1474 1760 1490 1783 ,
1522 1720 1819 1791 πορευθεὶς

230 1814 391 1885 (qui
419 1812 481 1865 τὺ
508 1809 901 1879 πλανώμενονς
929 1810 1039 1863 Καὶ
1064 1810 1162 1864 εὰν
1192 1810 1419 1881 γένηται
1444 1812 1630 1882 εὑρεῖν
1661 1811 1816 1875 αὐτὸ,

231 1905 391 1975 ἀμὴν
413 1904 561 1972 λέγω
602 1904 752 1973 ὑμῖν,
782 1903 867 1957 ὅτι
917 1902 1101 1973 χαίρει
1124 1903 1212 1956 ἔπ’
1238 1902 1388 1975 αὐτῷ
1411 1903 1612 1974 μᾶλλον
1648 1904 1681 1973 ἢ
1726 1903 1825 1957 ἐπὶ

230 1998 352 2059 τοῖς
375 1993 890 2063 ὲννεντικονταεννέα
918 1997 1029 2057 τοῖς
1050 1993 1127 2065 μὴ
1144 1992 1609 2064 πεπλανημένοις.
1633 1992 1827 2053 Οὕτως

232 2086 339 2141 οὐκ
390 2085 505 2139 ιστι
557 2085 771 2153 θέλημα
820 2084 1134 2156 ἔμπροσθεν
1156 2084 1249 2139 τοῦ
1282 2086 1496 2158 [ἰατρὸς
1536 2087 1694 2157 ὑμῶν
1726 2085 1823 2138 τοῦ

234 2180 298 2234 ἰν
326 2179 437 2241 τοῖς
473 2178 747 2249 οὐρανοῖς,
772 2178 862 2231 ἵνα
890 2176 1160 2248 ἀπόληται
1204 2174 1285 2241 εἷς
1315 2178 1425 2232 τῶν
1456 2177 1670 2247 μικρῶν
1698 2177 1823 2232 τού-

236 2287 370 2325 των.
403 2290 425 2326 ι
462 2271 579 2325 Τίνι
605 2270 876 2342 ἀνθρώπῳ
908 2269 1161 2339 ἐγένοντο
1188 2270 1385 2325 ἑκατὸν
1418 2268 1703 2342 πρόϐατα;
1736 2268 1829 2339 Τῷ

236 2362 485 2442 Χριστῷ.
522 2365 680 2417 Πᾶσα
718 2364 827 2435 γὰρ
851 2366 885 2433 ἡ
929 2363 1123 2433 λογικὴ
1158 2362 1358 2427 κτίσις,
1384 2363 1604 2433 ἄγγελοί
1638 2380 1699 2417 τε
1736 2362 1832 2417 καὶ

238 2452 544 2525 ἄνθρωποι,
594 2454 665 2506 τά
711 2453 905 2507 ἑκατόν
951 2455 1057 2507 είσι
1110 2453 1401 2524 πρόϐατα⁸
1443 2447 1519 2507 ὧν
1551 2455 1759 2525 ποιμὴν
1803 2455 1833 2507 0

240 2544 501 2616 Χριστὸς,
525 2545 587 2597 οὐ
618 2546 911 2614 πρόϐατον.
931 2546 1007 2599 Οὐ
1037 2546 1146 2618 γάρ
1179 2546 1537 2617 ὲστικτίσμα,
1566 2546 1682 2602 ἀλλ’
1706 2547 1833 2611 Υἱὸς

242 2635 401 2690 Θεοῦ.
435 2631 601 2700 Οὗτος
636 2633 729 2690 οὖν
774 2638 952 2707 ἀφῆκε
992 2640 1061 2693 τὰ
1108 2639 1631 2709 ὲννενηκονταεννέα
1663 2642 1721 2693 εν
1753 2639 1833 2710 τῷ

240 2726 497 2798 οὐρανῷ’
542 2728 757 2799 μορφὴν
785 2728 843 2781 δὲ
882 2729 1071 2783 δούλου
1105 2731 1313 2799 λαδὼν,
1340 2728 1469 2803 ἦλθε
1506 2731 1742 2801 ζητῆσαι
1773 2732 1835 2785 τὸ

245 2815 309 2871 ἓν
338 2818 636 2887 πρόϐατον,
660 2821 687 2873 ὃ
710 2822 857 2874 ὲστιν
884 2823 1255 2895 ήάνϐρωπίνη
1290 2841 1473 2893 φύσις.
1513 2826 1625 2879 Καὶ
1654 2824 1836 2895 χαίρει

248 2909 348 2963 ἐπὶ
378 2909 577 2980 τούτῳ,
608 2912 640 2982 ἢ
666 2913 757 2964 ἐπὶ
783 2915 849 2983 τῇ
877 2913 984 2966 τῶν
1004 2916 1256 2982 ἀγγέλων
1281 2917 1626 2987 στερρότητι.
1661 2916 1836 2970 Τοῦτο

251 3002 637 3073 συλληπτικῶς
671 3004 991 3069 αἰνίττεται,
1012 3004 1095 3058 ὅτι
1124 3006 1153 3057 0
1180 3005 1313 3069 Θεὸς
1339 3006 1685 3075 ἐπιμελεῖται
1737 3008 1837 3077 τῆς

249 3095 593 3165 ἐπιστροφῆς
635 3092 744 3147 τῶν
769 3095 1133 3167 ἁμαρτωλῶν,
1168 3097 1261 3149 καὶ
1298 3095 1481 3167 χαίρει
1506 3098 1599 3150 ἐπὶ
1626 3096 1839 3162 τούτοις

251 3184 459 3255 μᾶλλον
485 3184 518 3258 ἢ
542 3188 651 3249 τοῖς
681 3185 911 3256 μόνιμον
933 3187 1116 3258 ἔχουσι
1138 3190 1237 3256 τὴν
1270 3190 1498 3259 ἀρετήν.

336 3294 353 3323 ι
396 3274 521 3326 Ἐὰν
559 3273 615 3326 δὲ
657 3275 951 3347 ἁμαρτήσῃ
991 3278 1069 3339 είς
1096 3277 1153 3329 σὲ
1188 3278 1215 3329 0
1246 3276 1474 3347 ἁδελφός
1503 3294 1619 3341 σου,
1653 3267 1832 3345 ὕπαγε

254 3365 355 3419 καὶ
390 3365 609 3434 ἔλεγξον
653 3367 817 3421 αὐτὸν
871 3368 1077 3438 μεταξὺ
1118 3368 1213 3421 σοῦ
1258 3370 1352 3422 καὶ
1401 3368 1566 3423 αὐτοῦ
1626 3368 1789 3439 μόνου
1815 3385 1831 3401 ο

253 3455 354 3508 ἐάν
385 3474 480 3509 σου
534 3457 765 3533 ἀκούσῃ,
798 3459 1099 3530 ἐκέρδησας
1137 3461 1227 3513 τὸν
1276 3461 1502 3529 ἀδελφόν
1549 3478 1665 3514 σου.
1709 3459 1838 3513 Ἐὰν

254 3548 317 3601 δὲ
353 3549 427 3619 μὴ
468 3550 711 3622 ἀκούσῃ,
762 3550 1046 3621 παράλαϐε
1084 3551 1223 3620 μετὰ
1264 3550 1357 3603 σοῦ
1392 3550 1471 3605 ἔτι
1514 3552 1674 3623 ἒναῆ
1723 3550 1837 3616 δύο,

259 3639 355 3692 ἵνα
388 3639 481 3692 ἐπὶ
512 3642 780 3706 στόματος
807 3640 901 3693 δύο
931 3641 1224 3711 μαρτύρων
1260 3642 1293 3710 ἢ
1323 3642 1489 3713 τριιίν
1528 3642 1698 3711 σταθῇ
1732 3645 1842 3694 πᾶν

261 3731 421 3803 ῥῆμα
450 3748 462 3761 ·
499 3731 594 3786 ὲάν
634 3733 691 3785 δὲ
743 3733 1067 3803 παρακούσῃ
1100 3734 1319 3795 αὐτῶν,
1360 3734 1478 3787 εἰπὲ
1511 3738 1576 3804 τῇ
1624 3734 1822 3804 Ἐκκλη

264 3824 361 3893 eis.
385 3838 397 3851 ο
424 3822 518 3875 ἐὰν
544 3822 600 3875 δὲ
654 3824 750 3876 καὶ
792 3824 892 3892 τῆς
927 3824 1255 3893 Ἑκκλησίας
1288 3824 1619 3894 παρακούσῃ
1642 3863 1654 3883 ,
1704 3823 1846 3876 ἔστω

263 3929 350 3964 τοι
376 3913 615 3984 ῶσπερό
648 3914 862 3976 ἐθνικὸς
893 3915 986 3966 καὶ
1023 3916 1051 3966 0
1096 3914 1356 3982 τελώνης.
1402 3934 1420 3966 ι
1468 3914 1705 3983 Σ·,;οδρδν
1746 3931 1847 3967 κα-

263 4003 517 4064 τατείνας
565 4009 708 4056 κατὰ
755 4002 865 4057 τῶν
893 4002 1358 4066 σκανδαλιξόντων
1391 4004 1569 4072 λόγον,
1627 4004 1722 4056 νῦν
1752 4004 1847 4056 καὶ

266 4095 397 4157 τοὺς
446 4094 969 4165 σκανδαλιζομένους
1024 4095 1356 4166 διορθοῦται.
1393 4096 1513 4149 Ἰνα
1555 4096 1664 4166 γὰρ
1710 4098 1775 4150 σὺ
1822 4097 1851 4149 0

272 4185 766 4256 σκανδαλιζόμενος
818 4188 896 4256 μὴ
943 4188 1225 4251 παντελῶς
1286 4186 1587 4258 ἀναπέσῃς,
1629 4188 1702 4249 ὡς
1756 4188 1851 4241 τοῦ

270 4278 718 4351 mmmam;
762 4279 822 4331 τὸ
864 4280 985 4331 οὐαὶ
1018 4278 1235 4350 ἔχοντος
1260 4319 1277 4345 ,
1329 4280 1516 4348 φησιν,
1542 4280 1625 4331 ὅτι
1656 4279 1723 4331 Σὲ
1756 4280 1847 4331 τὸν

271 4369 763 4439 σκανδαλιζόμενον
787 4407 803 4433 ,
836 4370 1087 4423 τουτέστι
1142 4370 1540 4441 βλαπτόμενον,
1587 4369 1854 4440 βούλομαι

268 4460 517 4529 ἐλέγχειν
561 4463 688 4522 τοὺς
737 4459 1056 4523 ἀδικοῦντάς
1105 4478 1163 4514 σε
1214 4462 1309 4514 καὶ
1362 4461 1719 4530 βλάπτοντας,
1758 4462 1854 4515 ἐὰν

2003 1532 2168 1586 Vens.
2218 1529 2287 1584 l2
2318 1528 2405 1585 Ν.
2467 1546 2486 1580 ι
2523 1525 2664 1595 Quid
2710 1524 2865 1579 vobis
2911 1520 3169 1578 videtur?
3204 1520 3263 1575 Si
3326 1518 3531 1574 fuerim

1929 1627 2092 1682 alicui
2132 1623 2338 1678 homini
2374 1630 2596 1676 centum
2619 1632 2769 1682 oves,
2798 1625 2853 1671 et
2882 1613 3151 1670 erraverit
3176 1628 3280 1667 una
3308 1626 3375 1667 ex
3412 1611 3529 1668 eis:

1932 1733 2113 1772 nonne
2147 1713 2352 1771 relictis
2388 1712 2888 1780 nonagintanovem
2945 1707 2999 1761 in
3050 1705 3349 1767 montibus.
3385 1704 3535 1758 vadis

1932 1820 1987 1863 et
2022 1788 2218 1878 quaerit
2241 1819 2363 1860 eam
2400 1819 2519 1873 quae
2559 1798 2891 1857 erraverat?
2945 1796 3009 1852 Et
3055 1795 3105 1852 si
3144 1795 3441 1867 contigerit
3470 1803 3534 1847 ut

1932 1884 2176 1956 inveniat
2230 1913 2375 1961 eam,
2439 1911 2597 1950 amen
2645 1894 2765 1948 dico
2819 1891 2998 1955 vobis,
3038 1891 3237 1959 gaudet
3267 1902 3432 1957 super
3466 1902 3533 1941 ea

1930 1996 2129 2065 magis,
2157 2008 2321 2063 quam
2364 2005 2529 2061 super
2560 1988 3055 2059 nonagintanovem
3088 1998 3212 2053 quae
3245 1996 3353 2035 non
3386 1994 3537 2034 erra-

1938 2094 2147 2141 verant.
2176 2084 2267 2137 Sic
2299 2098 2404 2137 non
2446 2090 2530 2137 est
2566 2078 2815 2133 voluntas
2837 2092 3021 2131 coram
3050 2071 3211 2129 Patre
3234 2083 3418 2127 vestro
3438 2072 3534 2141 qui

1937 2178 1992 2233 in
2024 2176 2180 2233 cmlis
2204 2185 2307 2243 est,
2342 2182 2403 2229 ut
2432 2180 2621 2243 pereat
2654 2186 2793 2225 unus
2818 2172 2888 2223 de
2935 2167 3145 2239 pusillis
3197 2165 3339 2221 istis.
3380 2183 3399 2217 ι
3431 2163 3533 2218 Cui
3614 2188 3619 2191 Α

1935 2272 2144 2329 homini
2176 2266 2395 2325 fuerunt
2421 2275 2641 2322 centum
2670 2262 2837 2319 oves?
2870 2262 3111 2318 Christo.
3146 2258 3342 2314 Omnis
3386 2258 3535 2311 enim

1934 2362 2223 2421 rationalis
2252 2369 2524 2426 creatura,
2551 2366 2661 2413 tam
2693 2354 2890 2425 angeli,
2916 2368 3080 2424 quam
3114 2352 3384 2413 homines,
3406 2362 3537 2405 cen-

1936 2468 2048 2513 tum
2094 2468 2224 2512 oves
2256 2464 2407 2521 sunt,
2443 2466 2675 2523 quorum
2729 2457 2917 2520 pastor
2964 2455 3049 2499 est
3096 2444 3375 2505 Christus.
3428 2454 3538 2497 non

1934 2553 2071 2607 ovis.
2118 2549 2234 2605 Non
2270 2549 2416 2603 enim
2468 2556 2554 2601 est
2604 2553 2880 2609 creatura,
2910 2540 3003 2594 sed
3043 2537 3214 2592 Filius
3255 2536 3370 2591 Dei.
3431 2534 3533 2589 llic

1935 2644 2103 2713 igitur
2134 2639 2352 2709 reliquit
2379 2636 2672 2707 nonaginta
2707 2648 2899 2689 novem
2946 2632 2997 2685 in
3032 2630 3195 2691 caelo,
3234 2628 3407 2682 forma
3440 2641 3539 2680 au-

1939 2746 2045 2791 tem
2076 2735 2219 2788 servi
2246 2740 2546 2801 assumpta,
2575 2728 2721 2783 venit
2756 2737 3001 2795 quaerere
3036 2736 3194 2777 ovem
3237 2720 3381 2772 illam
3417 2718 3541 2772 unl-

1938 2842 2079 2893 cam,
2104 2840 2223 2893 quae
2268 2834 2353 2878 est
2382 2824 2619 2876 humana
2664 2828 2890 2875 natura.
2924 2824 2978 2869 et
3017 2816 3219 2883 gaudet
3248 2825 3416 2879 super
3444 2808 3537 2863 illa

1941 2917 2114 2985 magis
2147 2930 2308 2984 quam
2337 2914 2389 2966 in
2423 2910 2740 2981 angelorum
2772 2906 3049 2962 ﬁrmitate.
3081 2903 3138 2956 In
3182 2917 3393 2958 summa
3438 2914 3541 2953 au-

1942 3019 2048 3064 tem
2083 3010 2185 3064 hoc
2218 3008 2483 3069 insinuat,
2519 3004 2663 3074 quod
2700 3003 2843 3057 Dens
2871 3016 3061 3055 curam
3093 2996 3541 3067 agiteonversio-

1942 3101 2028 3154 nis
2063 3110 2433 3168 peccatorum,
2461 3104 2511 3151 et
2541 3095 2738 3165 gaudet
2779 3108 2941 3162 super
2980 3091 3085 3145 illis
3153 3090 3329 3159 magis
3376 3102 3540 3157 quam

1864 3198 1906 3256 (ἶ
1942 3190 2027 3245 his
2049 3190 2140 3259 qni
2178 3187 2358 3243 stabili
2391 3185 2594 3240 virtute
2625 3183 2834 3252 ιπεύίιί
2881 3192 3027 3235 sunt.

2010 3278 2174 3333 Vens.
2216 3276 2409 3331 15-17.
2448 3294 2467 3326 ι
2510 3272 2566 3328 Si
2600 3281 2784 3326 autem
2836 3269 3148 3338 peccaverit
3178 3269 3231 3321 in
3289 3276 3344 3322 te
3376 3267 3544 3320 frater

1940 3383 2083 3435 tuos,
2114 3370 2246 3424 vade
2273 3380 2326 3424 et
2352 3382 2520 3445 argue
2546 3366 2698 3421 illum
2730 3365 2873 3419 inter
2905 3373 2956 3419 te
2983 3372 3035 3419 et
3070 3363 3219 3416 illum
3244 3360 3442 3415 solum.
3481 3342 3540 3415 δέ

1942 3475 1993 3517 ιε
2016 3461 2269 3520 audierit.
2307 3459 2547 3512 lucratus
2579 3470 2642 3511 es
2675 3454 2899 3508 fratrem
2931 3464 3106 3507 tuum.
3139 3450 3197 3506 Si
3223 3462 3405 3504 autem
3432 3466 3544 3503 non

1944 3554 2200 3617 audierit,
2224 3566 2440 3607 assume
2460 3560 2637 3603 tecum
2672 3548 2853 3602 adhuc
2883 3562 3047 3600 unum
3078 3545 3159 3599 vel
3185 3546 3323 3598 duos
3353 3560 3368 3597 :
3399 3549 3460 3595 ut
3488 3542 3543 3594 in

1945 3663 2041 3701 ore
2075 3648 2304 3701 duorum
2347 3641 2433 3696 vel
2469 3641 2634 3695 trium
2668 3640 2888 3693 testium
2942 3646 3048 3691 stet
3082 3650 3247 3689 omne
3297 3633 3545 3688 verbum.

1946 3738 2101 3804 Quod
2130 3739 2173 3791 si
2210 3750 2314 3790 non
2354 3734 2586 3789 audierit
2610 3732 2752 3795 illos,
2780 3732 2867 3785 dic
2895 3728 3173 3783 Ecclesiae.
3226 3728 3320 3781 Sin
3356 3726 3564 3780 Eccle-.

1950 3833 2087 3885 siam
2114 3841 2330 3897 quoque
2362 3841 2465 3880 non
2504 3824 2762 3887 audierit,
2797 3822 2869 3877 sit
2902 3821 2998 3875 tibi
3039 3822 3185 3875 velut
3210 3819 3465 3873 ethnicus
3492 3828 3555 3871 es

1951 3922 2291 3993 publicanus.
2343 3937 2361 3969 ι
2393 3915 2714 3971 Sermonem
2734 3926 2924 3968 contra
2952 3910 3338 3967 oﬂ‘endiculum
3354 3909 3548 3965 dantes

1952 4011 2109 4066 valde
2130 4010 2452 4065 extenderat
2478 4026 2491 4061 :
2531 4021 2675 4061 nunc
2700 4016 2751 4059 et
2781 4020 2878 4060 eos
2902 4006 2991 4075 qui
3024 4001 3396 4066 offenduntur,
3409 4014 3550 4055 coro

1954 4103 2099 4171 rigit.
2133 4101 2201 4165 Ut
2224 4103 2370 4155 enim
2405 4111 2460 4153 tu
2492 4099 2582 4167 qui
2609 4097 2902 4152 oﬂ'emleris
2947 4111 3051 4149 n0n
3089 4095 3317 4149 ωηιιίηο
3358 4094 3547 4155 cadas,

1954 4195 2079 4259 quia
2108 4190 2469 4244 olfendentetn
2499 4203 2576 4241 va:
2609 4188 2917 4240 habiturum
2935 4186 3073 4239 dixit
3100 4201 3113 4239 :
3150 4185 3272 4237 volo
3299 4193 3354 4238 et
3384 4192 3434 4235 te
3455 4182 3549 4251 qui

1955 4282 2269 4344 offenderis,
2297 4284 2401 4335 hoc
2428 4289 2529 4343 est,
2551 4279 2787 4342 hederis,
2814 4277 2929 4348 96
2954 4291 3187 4346 arguere
3234 4290 3331 4330 eos
3364 4274 3453 4341 qni
3500 4283 3554 4327 te

1960 4377 2153 4445 injuria
2183 4376 2493 4430 aﬂiciuntet
2519 4386 2738 4437 nocent,
2768 4376 2811 4428 si
2850 4370 3387 4428 fuerintChristiani.
3416 4367 3555 4423 Vide

1960 4470 2102 4523 enim
2116 4471 2244 4539 quid
2258 4469 2429 4521 dicat:
2448 4467 2502 4520 Si
2520 4466 2827 4537 peccaverit
2848 4466 2899 4518 in
2920 4474 2970 4518 te
2986 4462 3156 4517 frater
3174 4464 3427 4527 ωυε,ιιοε
3445 4472 3551 4524 εει,

268 4549 377 4610 ὦσι
402 4556 741 4626 Χριστιανοί.
775 4558 917 4627 Ὀρα
945 4558 1053 4626 γὰρ
1081 4555 1133 4608 τί
1170 4554 1339 4624 λέγει’
1370 4556 1499 4608 Ἐὰν
1521 4556 1743 4627 ἁμάρτῃ
1772 4558 1837 4620 εἰς

1957 4558 2537 4616 (ἒΙιιὶειίειιυεΕιειιίιη
2554 4576 2598 4612 ει
2615 4567 2667 4611 te
2679 4557 2896 4628 quidam
2918 4570 3024 4609 non
3037 4555 3341 4625 baptizatus
3357 4551 3554 4622 injuria

272 4650 337 4704 οδ
368 4651 396 4703 0
424 4650 650 4717 ἀδελφός
686 4666 781 4702 σου
803 4691 817 4713 ,
847 4650 1149 4712 τουτέστιν,
1184 4652 1212 4701 0
1260 4649 1608 4719 Χριστιανός.
1660 4650 1722 4702 El
1757 4650 1855 4719 μὲν

274 4743 387 4812 γὰρ
419 4743 646 4804 ἄπιστος
676 4742 887 4806 ἀδικεῖ,
917 4740 1038 4795 τότε
1066 4741 1395 4805 ὑπεξίστασο
1418 4742 1512 4795 καὶ
1540 4740 1647 4794 τῶν
1684 4759 1856 4812 προσ-

271 4836 446 4887 όντων
480 4850 579 4886 σοι.
626 4832 691 4886 Ει
744 4833 802 4885 δὲ
861 4832 1086 4900 ἀδελφὸς
1113 4874 1125 4894 ,
1168 4833 1358 4901 ἔλεγχε
1395 4834 1583 4886 τοῦτον
1608 4850 1621 4862 ·
1662 4834 1721 4887 ού
1750 4834 1858 4904 γὰρ

274 4921 741 4995 εἷπεν,’Υ6ρισον,
764 4924 902 4989 ἀλλ’,
932 4915 1211 4992 Ἐλεγξον.
1230 4924 1359 4978 Ἐἀν
1378 4941 1470 4977 σου
1487 4925 1717 4999 ἀκούσῃ,
1735 4944 1859 4979 τους

272 5016 448 5081 τέστι,
472 5016 730 5086 καταγνῷ
751 5014 947 5070 ἑαυτοῦ
972 5033 987 5047 ο
1020 5017 1127 5085 ἰδία
1153 5017 1262 5085 γὰρ
1299 5016 1445 5069 Θέλει
1476 5018 1693 5085 πρῶτον
1732 5018 1859 5080 τοὺς

276 5110 695 5179 ἁμαρτάνοντας
731 5108 1077 5179 ἐλεγχθῆναι,
1131 5110 1218 5163 ἵνα
1252 5109 1327 5181 μὴ
1372 5109 1603 5163 ἐνώπιον
1647 5110 1861 5166 πολλῶν

278 5200 653 5271 ἐλεγχθέντες,
694 5202 1067 5271 ἀναιδέστεροι
1096 5204 1364 5270 γένωνται
1384 5219 1397 5231 ⁸
1422 5204 1520 5257 ἐὰν
1552 5204 1607 5257 δὲ
1638 5205 1732 5257 καὶ
1769 5206 1862 5257 ἐπὶ

278 5294 377 5349 δύο
410 5294 707 5364 μαρτύρων
754 5295 786 5363 ἢ
834 5296 1002 5363 τριῶν
1064 5293 1345 5365 ἐλεγχθεὶς
1409 5296 1483 5364 μὴ
1537 5296 1858 5366 δυσωπηθῇ,

278 5389 400 5442 τότε
435 5389 530 5441 ἐπὶ
548 5386 659 5440 τῶν
683 5386 781 5454 τῆς
824 5386 1154 5455 Ἐκκλησίας
1184 5385 1463 5455 προέδρων
1501 5384 1862 5455 δημοσῐευσον

280 5482 344 5534 τὸ
376 5482 647 5548 πταῖσμα.
699 5479 850 5531 Ἐπεὶ
874 5478 983 5548 γὰρ
1010 5481 1110 5531 οὐκ
1131 5480 1329 5548 ἢκουσε
1357 5477 1464 5529 τῶν
1496 5478 1642 5549 δύοῆ
1673 5481 1861 5548 τριῶν,

280 5572 524 5639 καίτοιγε
557 5574 585 5625 0
606 5569 769 5640 νόμος
794 5568 965 5635 λέγει,
991 5570 1079 5622 ἵνα
1109 5568 1304 5622 ὲπὶδύο
1332 5568 1625 5640 μαρτύρων
1645 5575 1675 5640 ἢ
1693 5570 1862 5639 τριῶν

283 5662 520 5726 ῐσταται,
561 5664 809 5715 τουτέστι
853 5662 1191 5731 βεϐαιοῦται,
1255 5663 1362 5715 πᾶν
1409 5662 1580 5732 ῥῆμα,
1627 5664 1729 5715 ὑπὸ
1765 5664 1865 5734 τῆς

296 5752 625 5822 Ἐκκλησίας
650 5750 835 5805 λοιπὸν
865 5752 1293 5823 σωφρονισθήτω
1324 5768 1337 5783 ο
1370 5752 1466 5804 ἐὰν
1493 5752 1547 5805 δὲ
1583 5754 1702 5806 οἶδὲ
1734 5755 1865 5808 ταύ-

282 5862 379 5918 της
402 5844 639 5916 ἀκούσῃ,
677 5844 796 5898 τότε
828 5843 968 5897 ἔστω
994 5844 1299 5915 ἀπόϐλητος
1325 5885 1337 5909 ,
1374 5843 1457 5899 ivx
1483 5845 1557 5917 μὴ
1588 5846 1687 5917 τῆς
1731 5845 1865 5911 ἰδίας

1959 4654 2177 4717 alliciat,
2208 4663 2338 4707 tunc
2385 4652 2489 4707 illis
2522 4653 2685 4708 etiam
2718 4664 2838 4718 qua:
2884 4660 2973 4702 tua
3009 4656 3135 4702 sunt
3174 4645 3448 4700 renuntia.
3494 4642 3555 4698 Si

1959 4748 2146 4812 frater,
2178 4762 2347 4816 argue
2374 4746 2545 4799 illum.
2572 4742 2689 4799 Non
2713 4743 2858 4797 enim
2892 4742 3051 4803 dixit,
3078 4738 3423 4799 Conviciare,
3456 4738 3555 4791 sed

1959 4841 2158 4908 Argue.
2214 4837 2271 4892 Si
2305 4848 2355 4892 te
2398 4838 2650 4901 audierit,
2690 4837 2795 4890 hoc
2835 4842 2953 4900 est,
2989 4832 3368 4887 condemnarit
3414 4828 3557 4899 seip-

1960 4948 2100 4987 suin.
2127 4930 2380 4985 Privatim
2416 4929 2562 4985 enim
2604 4929 2715 4981 vult
2737 4929 2970 4997 primum
2994 4931 3285 4994 peccantes
3303 4923 3480 4991 argui,
3498 4932 3557 4974 ut

1962 5036 2029 5076 ne
2048 5037 2230 5074 coram
2258 5019 2444 5074 multis
2464 5018 2739 5087 redarguti
2766 5019 2835 5069 im
2847 5014 3201 5083 pudentiores
3226 5012 3378 5065 fiant.
3399 5010 3557 5077 Quod

1961 5112 2004 5164 si
2035 5123 2085 5164 te
2119 5126 2224 5164 non
2248 5110 2503 5172 audierit,
2527 5120 2580 5163 et
2608 5123 2731 5162 enm
2762 5106 2973 5161 duobus
3006 5106 3088 5160 vel
3120 5104 3294 5158 tribus
3324 5104 3557 5157 testibus

1961 5204 2229 5274 argueris,
2263 5216 2329 5256 ne
2351 5202 2595 5270 graveris
2625 5210 2754 5256 tunc
2799 5198 3062 5254 Ecclesia:
3106 5196 3432 5267 praesidibus
3463 5196 3554 5249 iu-

1962 5295 2183 5365 vnlgare
2230 5304 2539 5363 peccatum.
2584 5294 2721 5360 Quia
2766 5291 2915 5347 enim
2950 5305 3056 5346 non
3112 5288 3263 5342 audit
3303 5288 3437 5340 duos
3471 5286 3558 5339 vel

1965 5398 2072 5441 tres
2089 5391 2499 5456 redarguentes,
2518 5385 2769 5455 quamvis
2787 5384 2874 5439 lex
2888 5383 3033 5437 dicat
3060 5390 3117 5434 ut
3139 5382 3189 5434 in
3211 5393 3305 5434 ore
3322 5378 3557 5431 duorum

1964 5480 2051 5533 vel
2086 5482 2248 5533 trium
2283 5479 2499 5533 testium
2550 5479 2841 5541 subsistat,
2887 5476 2940 5530 id
2980 5483 3084 5538 est,
3121 5472 3367 5525 firmetur
3395 5482 3557 5521 omne

1965 5571 2213 5635 verbum,
2242 5572 2309 5625 ab
2344 5568 2588 5623 Ecclesia
2616 5578 2803 5636 postea
2829 5566 3153 5635 castigetur.
3191 5561 3339 5615 Illam
3374 5568 3555 5613 autem

1964 5664 2009 5717 si
2059 5679 2161 5718 ttOn
2205 5663 2458 5727 audierit,
2516 5670 2645 5715 tunc
2703 5659 3019 5729 abjiciatur,
3052 5671 3121 5711 ne
3161 5670 3275 5712 suae
3326 5650 3553 5708 malitia

1967 5757 2259 5824 participes
2288 5756 2457 5810 faciat
2496 5754 2653 5809 alios.
2688 5751 2975 5809 Assimilat
3031 5759 3213 5803 autem
3257 5744 3558 5817 publicanis

1973 5848 2107 5905 tales
2142 5847 2361 5905 fratres.
2409 5847 2709 5903 lnfamatur
2736 5844 2883 5901 enim
2927 5845 2997 5899 ob
3033 5842 3289 5915 pecunias
3322 5836 3552 5909 publica-
