4080 6336
673 344 780 411 343

1547 348 2124 418 THEOPHYLACTI
2165 351 2579 413 BULGARI‘IE
2618 351 2973 413 ARCHIEP.

3794 357 3897 425 3U

669 466 797 508 nus.
846 450 1154 508 Consolatio
1187 460 1367 509 autem
1401 451 1459 507 iit
1493 452 1721 520 oﬂ'enso,
1753 456 1948 524 injuria
1984 456 2191 513 alﬁcien

2299 503 2301 515 ι
2331 458 2530 520 κακίας
2563 457 2781 527 μεταδῷ
2813 457 2902 510 καὶ
2928 459 3040 521 τοῖς
3082 457 3284 521 ἄλλοις.
3323 459 3658 530 Παρεικάζει
3691 461 3748 514 δὲ
3799 469 3907 527 τοῖς

671 552 778 597 tem
833 541 1173 612 publicanum
1223 543 1517 598 existimari
1577 556 1631 601 et
1683 549 1958 618 gentilem,
1997 551 2101 606 hoc
2145 561 2226 606 est

2338 544 2597 608 τελώναις
2641 544 2770 609 τοὺς
2816 543 3092 609 τοιοῦτους
3145 546 3406 615 ἀδελφοὺς
3459 549 3904 621 (διαὸεὸλημένον

667 645 998 705 peccatorem
1025 643 1078 688 et
1100 634 1457 691 incredulum.
1485 636 1734 708 Nunquid
1769 652 1947 695 autem
1979 643 2091 696 haec
2114 643 2193 697 sol

2336 636 2444 705 γάρ
2469 654 2519 689 τι
2547 635 2733 706 χρῆμα
2761 639 2790 690 6
2808 638 3065 709 τελώνης)
3089 655 3104 670 ·
3152 640 3477 710 παραμυθία
3506 642 3565 695 δὲ
3582 643 3692 714 θεῷ
3717 645 3904 715 ἠδικη-

666 724 915 794 injuriam
948 725 1197 784 facientis
1225 727 1432 798 paena?
1461 727 1700 786 Minime.
1737 730 1841 786 Sed
1874 731 1994 786 audi
2025 741 2081 788 et
2109 747 2193 803 qu:

2337 729 2503 798 μένῳ,
2561 727 2618 780 τὸ
2675 727 2764 781 τὸν
2810 729 3097 783 ἀδικοῦντα
3138 729 3374 800 τελώνην
3428 734 3752 802 νομίζεσθαι
3808 738 3904 789 καὶ

662 825 976 886 sequuntur.

729 1125 891 1183 Vens.
935 1129 1022 1184 18.
1067 1148 1086 1182 ι
1116 1133 1282 1187 Amen
1315 1133 1438 1188 dico
1464 1134 1635 1200 vobis,
1672 1151 2003 1207 qumcunque
2031 1137 2217 1208 alliga-

653 1216 842 1272 veritis
867 1234 1029 1290 super
1065 1230 1283 1286 terram.
1317 1235 1472 1281 erunt
1501 1227 1659 1295 ligata
1685 1228 1736 1282 in
1774 1229 1912 1285 caelo
1939 1248 1954 1283 :
1985 1238 2038 1284 et
2069 1245 2215 1298 quaa-

653 1320 866 1375 cunque
908 1310 1179 1368 solveritis
1236 1330 1397 1383 super
1443 1325 1672 1386 terratn,
1729 1329 1888 1374 erunt
1935 1320 2104 1376 soluta
2159 1322 2211 1376 in

652 1399 811 1454 caelo.
855 1417 873 1449 ι
919 1399 1076 1466 Situ,
1127 1403 1333 1473 inquit,
1363 1407 1640 1476 oﬂ'ensus,
1687 1409 1851 1466 habes
1876 1426 2000 1466 eum
2036 1413 2124 1481 qui
2164 1422 2213 1468 te

652 1486 848 1555 injuria
905 1488 1085 1544 alfecit
1125 1494 1261 1548 sicut
1307 1495 1646 1563 publicanum
1684 1509 1737 1553 et
1769 1501 2060 1570 gentilem,
2106 1503 2212 1558 erit

649 1577 739 1631 ille
768 1589 820 1634 et
850 1579 901 1634 in
934 1583 1072 1636 caelo
1105 1585 1245 1640 talis.
1275 1585 1329 1641 Si
1361 1598 1540 1644 autem
1578 1591 1803 1648 solveris
1829 1609 1973 1659 eum,
1997 1596 2097 1650 hoc
2129 1604 2212 1651 est

650 1667 941 1737 ignoveris,
969 1673 1073 1728 erit
1103 1675 1152 1730 ei
1183 1686 1238 1732 et
1267 1677 1320 1732 in
1354 1680 1492 1732 ρωῐο
1516 1682 1896 1740 condonatum.
1926 1685 2038 1741 Non
2065 1688 2207 1743 enim

647 1761 822 1815 solum
864 1778 983 1831 quae
1031 1766 1246 1823 solvunt
1293 1773 1638 1839 sacerdotes,
1694 1787 1818 1830 sunt
1859 1777 2077 1835 soluta:
2113 1781 2205 1835 sed

648 1867 981 1923 qnmcunque
1026 1868 1078 1912 et
1129 1876 1226 1916 nos
1274 1863 1464 1931 injuria
1509 1865 1680 1920 aﬂ'ecti
1715 1869 1798 1922 vel
1834 1869 2096 1938 ligamus,
2125 1873 2208 1926 vel

646 1944 922 2008 solvimus,
962 1957 1014 2002 et
1059 1951 1172 2020 ipsa
1201 1966 1358 2009 erunt
1407 1956 1568 2028 ligata
1607 1959 1692 2014 vei
1730 1961 1924 2017 soluta.

716 2072 877 2132 Vens.
912 2079 996 2143 19,
1022 2080 1109 2136 20.
1152 2102 1168 2135 ι
1192 2082 1421 2152 Rursus,
1447 2104 1601 2144 amen
1632 2091 1755 2146 dico
1789 2093 1961 2157 vobis,
1995 2095 2135 2163 quod
2159 2096 2206 2149 si

643 2170 750 2224 duo
791 2185 857 2225 ex
913 2173 1059 2228 vobis
1092 2181 1466 2234 consenserint
1516 2197 1678 2251 super
1707 2192 1930 2249 terram,
1963 2187 2029 2239 de
2057 2187 2228 2241 omni

645 2275 702 2314 rc
732 2276 1103 2331 quamcunque
1143 2269 1418 2336 petierint,
1454 2271 1545 2325 ﬁet
1583 2273 1688 2328 illis
1718 2289 1744 2327 a
1776 2274 1937 2331 Patre
1971 2291 2087 2332 meo
2109 2279 2200 2346 qui

641 2360 724 2403 Cal
753 2352 802 2403 in
831 2354 999 2409 cmlis.
1031 2356 1132 2411 Ubi
1159 2361 1305 2413 enim
1348 2372 1476 2415 sunt
1507 2364 1611 2418 duo
1640 2365 1717 2419 vel
1750 2375 1858 2421 tres
1894 2371 2198 2439 congregati

642 2439 693 2490 iu
729 2443 944 2498 nomine
973 2460 1115 2509 meo,
1156 2447 1262 2501 illic
1292 2463 1410 2503 sum
1440 2452 1489 2504 in
1525 2455 1700 2508 medio
1734 2455 1967 2511 illorum.
2003 2477 2022 2510 ι
2057 2459 2200 2513 Con-

639 2543 824 2600 gregat
867 2551 962 2591 nos
995 2538 1143 2593 hisce
1187 2542 1366 2598 verbis
1406 2545 1472 2598 ad
1511 2545 1851 2603 charitatem.
1889 2550 2021 2616 Quia
2056 2554 2197 2606 enim

636 2626 912 2689 prohibuit
963 2645 1029 2683 ne
1086 2641 1326 2687 mutuum
1373 2635 1807 2704 oﬂ'enderemus,
1866 2657 2008 2696 nunc
2051 2653 2102 2696 et
2137 2645 2201 2698 de

638 2725 820 2770 mutua
852 2723 1140 2777 concordia
1174 2725 1322 2779 dicit.
1373 2728 1686 2785 Concordes
1717 2743 1890 2786 autem
1922 2734 2195 2799 dieuntur,

635 2821 741 2862 non
770 2809 858 2877 qm‘
897 2809 952 2865 in
999 2811 1195 2868 malum
1223 2821 1554 2874 conveniunt
1578 2859 1592 2886 ,
1629 2820 1721 2877 sed
1758 2823 1853 2893 qui
1889 2823 1941 2878 in
1975 2823 2192 2881 bonum.

633 2899 768 2954 Vide
800 2903 942 2956 enim
975 2907 1101 2974 quid
1145 2908 1286 2962 dicat
1317 2929 1330 2964 :
1383 2910 1439 2965 Si
1471 2913 1577 2966 duo
1606 2928 1669 2968 ex
1721 2916 1899 2981 vobis,
1952 2918 2050 2971 hoc
2092 2930 2192 2984 cst,

633 2993 979 3052 credentibus
1014 3006 1068 3051 et
1133 2999 1328 3054 virtute
1405 3004 1660 3070 praeditis.
1740 3005 2195 3076 Conspiraverunt

632 3085 772 3138 enim
805 3089 1061 3144 etAnnas
1089 3104 1152 3144 ac
1179 3092 1433 3161 Caiphas,
1467 3099 1560 3149 sed
1605 3097 1767 3151 male.
1805 3099 1870 3152 Et
1905 3100 2190 3169 propterea

631 3193 771 3245 saepe
800 3190 1082 3247 precantes
1112 3199 1217 3236 non
1247 3186 1560 3254 accipimus,
1589 3205 1652 3243 eo
1674 3191 1813 3258 quod
1853 3201 2035 3246 mutua
2065 3208 2193 3247 con-

633 3270 816 3322 cordia
853 3285 1121 3328 caremus.
1165 3273 1281 3330 Non
1325 3278 1459 3331 dixit
1492 3289 1691 3346 autem,
1721 3281 1872 3353 Ero(
1909 3299 2012 3337 non
2046 3285 2190 3339 enim

632 3359 832 3423 tardat,
869 3361 948 3414 vel
982 3365 1314 3433 cunctatur),
1349 3369 1442 3420 sed
1480 3367 1633 3432 Sum,
1672 3370 1771 3424 hoc
1797 3381 1876 3425 est
1900 3413 1914 3437 ,
1942 3374 2052 3439 jam
2086 3375 2195 3428 illic

632 3449 898 3504 invenior.
931 3453 1205 3522 intelligas
1243 3456 1366 3510 item
1403 3461 1545 3526 quod
1579 3462 1793 3526 quando
1844 3465 2190 3532 conspirave-

633 3535 737 3587 rint
789 3538 1008 3604 spiritus
1037 3549 1091 3594 et
1127 3555 1289 3607 caro,
1345 3554 1399 3599 et
1447 3562 1553 3602 non
1589 3552 1954 3619 concupiverit
2004 3564 2191 3608 contra

629 3626 876 3694 spiritum
903 3644 1052 3694 caro,
1089 3641 1214 3688 tunc
1252 3636 1352 3690 erit
1377 3637 1428 3690 in
1461 3640 1637 3694 medio
1663 3641 1944 3698 Dominus.
1968 3643 2196 3714 Conspi-

636 3729 753 3770 rant
785 3729 961 3774 autem
987 3733 1042 3775 et
1074 3734 1184 3779 tres
1207 3727 1435 3783 virtutes
1466 3731 1679 3794 animae,
1714 3734 2028 3798 rationalis,
2072 3738 2196 3790 ira-

637 3809 851 3874 scitiva,
893 3820 946 3866 et
985 3813 1362 3871 desiderativa.
1403 3819 1506 3874 Sed
1540 3832 1587 3874 et
1613 3831 1764 3877 vetus
1793 3838 1855 3878 ac
1881 3840 2014 3879 nova
2048 3827 2194 3897 leges

627 3902 963 3968 conspirant,
1017 3905 1395 3978 inveniturque
1448 3913 1497 3964 in
1547 3913 1721 3969 medio
1748 3915 1986 3984 ipsarum
2035 3916 2193 3972 Chri-

625 4000 740 4045 stus
768 3994 833 4046 ab
863 4006 1088 4065 utraque
1129 4001 1473 4066 pra-dicatus.

701 4278 857 4333 Vens.
877 4281 967 4345 25,
989 4281 1077 4336 22.
1101 4304 1118 4334 ‹
1156 4285 1304 4342 Tunc
1331 4291 1590 4345 accedens
1606 4292 1714 4363 97
1749 4295 1939 4352 Petrus
1965 4299 2028 4352 ad
2048 4314 2190 4365 eum,

621 4369 790 4422 dixit:
815 4370 1053 4435 Domine,
1075 4377 1287 4442 quoties
1317 4380 1558 4447 peccabit
1585 4383 1734 4437 inme
1751 4384 1919 4440 frater
1945 4402 2115 4452 meus,
2142 4400 2195 4443 ct

2333 818 2565 884 ὲονικδν,
2605 819 2880 872 τουτέστιν
2927 821 3249 890 ἁμαρτωλὸν
3282 823 3376 875 καὶ
3425 825 3674 880 ἄπιστον.
3733 826 3901 879 Τοῦτο

2330 909 2421 964 οὖν
2446 911 2603 981 μόνον
2632 911 2851 976 κόλασις
2885 913 2977 966 τοῦ
2999 915 3315 978 ἀδικοῦντος
3337 933 3352 981 ;
3374 917 3525 988 Οὐχί.
3572 919 3715 972 Ἀλλ’
3734 921 3897 975 ἄκουε

2330 1001 2421 1053 και
2447 999 2551 1053 τῶν
2586 1000 2732 1071 ιεῆς.

2401 1133 2419 1164 ι
2473 1115 2641 1187 Ἀμὴν
2668 1115 2814 1187 λέγω
2840 1118 2990 1189 ὑμῖν,
3030 1121 3132 1175 ὅσα
3159 1121 3253 1176 ἐὰν
3277 1123 3479 1193 δήσητε
3508 1125 3602 1177 ἐπὶ
3638 1125 3743 1195 τῆς
3771 1126 3894 1196 γῆς,

2325 1201 2480 1257 ἔσται
2506 1203 2764 1274 δεδεμένα
2807 1206 2865 1261 ἐν
2903 1206 2981 1276 τῷ
3007 1207 3244 1279 οὐρανῷ,
3293 1211 3386 1262 καὶ
3428 1210 3526 1262 ὃσα
3567 1210 3666 1262 ἐὰν
3694 1211 3893 1281 λύσητε

2322 1296 2416 1348 ἐπὶ
2443 1295 2540 1365 τῆς
2569 1295 2692 1366 γῆς,
2729 1295 2882 1350 ἔσται
2923 1297 3190 1368 λελυμένα
3219 1301 3278 1352 ιν
3319 1299 3398 1368 τῷ
3426 1299 3658 1372 οὐρανῷ.
3702 1319 3720 1352 ι
3766 1302 3893 1355 Ἐάν

2323 1385 2408 1451 σὺ,
2437 1386 2664 1455 φησὶν,ό
2686 1387 2985 1458 ἀδικηθεὶς,
3026 1389 3160 1461 ἔχῃς
3183 1393 3258 1455 ώς
3287 1391 3524 1462 τελώνην
3547 1392 3641 1444 καὶ
3678 1392 3891 1446 ὲθνικδν

2318 1479 2408 1530 τὸν
2441 1477 2747 1543 ἀδικοῦντα,
2773 1480 2923 1533 ἔσται
2941 1483 3033 1535 καὶ
3058 1484 3112 1534 ἐν
3135 1482 3209 1553 τῷ
3235 1484 3446 1553 οὐρανῷ
3468 1483 3730 1547 τοιοῦτος.
3764 1483 3888 1536 Ἐὰν

2318 1570 2375 1624 δὲ
2418 1571 2586 1642 λύσῃς
2629 1572 2831 1638 αὐτὸν,
2866 1576 3107 1628 τουτέστι
3160 1578 3540 1648 συγχωρήσῃς,
3582 1576 3736 1630 ἔσται
3795 1579 3889 1630 καὶ

2318 1664 2375 1715 ὲν
2419 1660 2497 1733 τῷ
2524 1663 2738 1734 οὐρανῷ
2769 1666 3263 1736 συγκεχωρημένος
3293 1683 3306 1695 ·
3343 1668 3404 1721 οὐ
3440 1669 3547 1739 γὰρ
3583 1669 3748 1738 μόνον
3785 1670 3887 1723 ὅσα

2315 1756 2531 1810 λύουσιν
2563 1759 2612 1809 oi
2647 1759 2831 1828 ἱερεῖς,
2860 1759 2968 1810 εἰσὶ
2994 1757 3281 1830 λελυμένα,
3315 1759 3431 1814 ἀλλ’
3459 1761 3560 1815 ὅσα
3599 1759 3696 1814 καὶ
3729 1761 3888 1831 ἡμεῖς

2312 1848 2362 1899 ol
2403 1847 2798 1917 ἀδικηθέντεςῆ
2834 1847 3143 1920 δεσμοῦμεν
3171 1849 3204 1920 ἢ
3238 1848 3456 1922 λύομεν,
3481 1851 3707 1904 κάκεῖνα
3733 1851 3886 1904 ἔσται

2309 1940 2567 2010 δεδεμένα
2618 1936 2650 2010 ἢ
2685 1940 2972 2010 λελυμένα.

2387 2097 2415 2129 ι.
2443 2079 2633 2143 Πάλιν,
2661 2079 2806 2150 ἀμὴν
2835 2078 2978 2146 λέγω
3002 2079 3150 2150 ὑμῖν,
3182 2079 3265 2133 ὅτι
3311 2079 3404 2132 ὲάν
3423 2079 3518 2133 δύο
3555 2079 3713 2149 ὐμῶν
3743 2097 3884 2148 συμ-

2307 2173 2626 2241 φωνήσωσιν
2651 2174 2742 2223 ἐπὶ
2774 2172 2871 2238 τῆς
2894 2172 3016 2240 γῆς,
3056 2173 3183 2241 περὶ
3216 2171 3415 2234 παντὸς
3446 2171 3774 2241 πράγματος
3819 2166 3880 2227 οὐ

2307 2262 2404 2314 ὲάν
2435 2263 2789 2331 αἰτήσωνται,
2826 2264 3117 2333 γενήσεται
3147 2264 3329 2327 αὐτοῖς
3359 2265 3507 2333 παρά
3541 2263 3634 2316 τοῦ
3670 2263 3881 2333 Πατρός

2309 2370 2409 2422 μου
2435 2352 2528 2404 τοῦ
2557 2355 2612 2404 ἐν
2637 2353 2883 2422 οὐρανοῖς
2913 2370 2927 2384 ·
2957 2346 3018 2405 οὐ
3059 2353 3164 2423 γάρ
3196 2356 3301 2406 εἱσι
3325 2353 3430 2422 ιδύο
3484 2354 3516 2422 ἢ
3574 2356 3724 2424 τρεῖς
3753 2370 3849 2405 συν

2302 2445 2528 2513 ηγμένοι
2554 2446 2630 2506 εἰς
2647 2446 2708 2497 τὸ
2735 2445 2866 2514 ἐμὸν
2890 2446 3082 2514 ὄνομα,
3102 2447 3349 2514 ὲκεῖεὶμι
3375 2446 3433 2496 ὲν
3456 2445 3606 2514 μέσῳ
3626 2445 3827 2498 αὐτῶν.
3855 2465 3874 2496 ι

2303 2535 2535 2602 Συνάγει
2586 2537 2734 2604 ἡμᾶς
2768 2535 2855 2588 διὰ
2902 2536 3010 2589 τῶν
3042 2537 3301 2588 τοιούτων
3331 2537 3594 2606 ῥημάτων
3644 2538 3725 2597 εις
3774 2536 3874 2603 τὴν

2307 2629 2527 2697 ἀγάπην
2564 2645 2579 2660 ο
2614 2628 2733 2680 ἐπεὶ
2775 2628 2882 2697 γάρ
2933 2628 3205 2681 ἐκώλυσεν
3239 2629 3389 2696 ἡμᾶς
3443 2628 3549 2680 ἀπὸ
3575 2627 3669 2680 τοῦ
3712 2642 3879 2680 σκαν-

2301 2719 2534 2782 δαλίζειν
2563 2719 2845 2788 ἀλλήλους,
2902 2720 2996 2772 καὶ
3052 2719 3310 2790 βλάπτειν
3357 2720 3452 2773 καὶ
3505 2720 3872 2790 βλάπτεσθαι,

2299 2811 2392 2863 νῦν
2422 2810 2565 2876 λέγει
2602 2812 2695 2863 καὶ
2737 2812 2864 2881 περὶ
2914 2811 3013 2880 τῆς
3047 2812 3184 2882 πρὸς
3232 2812 3490 2882 ἀλλήλους
3523 2813 3873 2882 συμφωνίας.

2297 2901 2716 2972 Συμφωνοῦντες
2752 2901 2807 2956 δὲ
2847 2901 3090 2959 νοοῦνται
3123 2904 3226 2975 οὐχ
3277 2905 3325 2958 οἱ
3357 2903 3448 2958 ἐπὶ
3481 2903 3641 2975 κακῷ
3681 2918 3876 2974 συνερ-

2295 2995 2533 3064 χόμενοι,
2562 2995 2676 3047 ἀλλ’
2699 2997 2746 3049 οἱ
2785 2998 2871 3048 ὲπ’
2905 2995 3115 3066 ἀγαθῷ.
3144 2997 3283 3065 Ὅρα
3314 2997 3420 3067 γάρ
3442 2996 3496 3050 τί
3535 2992 3709 3049 εἷπεν-
3744 2997 3871 3050 Ἐἀν

2294 3087 2386 3140 δύο
2419 3087 2593 3158 ὑμῶν,
2640 3088 2883 3141 τουτέστι
2931 3089 3040 3142 τῶν
3089 3089 3475 3155 πιστευόντων,
3512 3091 3621 3142 τῶν
3674 3092 3872 3158 ὲναρέο

2293 3196 2399 3232 των
2434 3197 2447 3211 ·
2482 3180 2864 3250 συνεφώνησαν
2905 3181 3011 3251 γὰρ
3065 3181 3160 3234 καὶ
3193 3182 3390 3247 Ἀννας
3444 3181 3537 3232 καὶ
3589 3181 3868 3248 Καῐάφας,

2293 3272 2430 3324 άλλά
2461 3271 2677 3339 ψεκτῶς
2706 3288 2719 3302 ο
2753 3271 2890 3323 ὥστε
2914 3272 3001 3324 διά
3034 3270 3191 3324 τοῦτο
3210 3271 3470 3334 πολλάκις
3498 3271 3786 3340 εὐχόμενοι
3807 3273 3870 3324 οὐ

2297 3362 2667 3430 λαμϐάνομεν,
2725 3363 2858 3414 διότι
2906 3363 3025 3415 οὐδὲ
3069 3362 3390 3432 συμφωνίαν
3425 3362 3561 3432 πρὸς
3599 3361 3868 3432 ἀλλήλους

2301 3453 2518 3520 ἔχομεν.
2541 3452 2653 3505 Οὐκ
2681 3447 2799 3503 εἷπε
2816 3451 2892 3513 δὲ,
2913 3452 2994 3504 ὃτι
3027 3452 3260 3521 Ἐσομαι
3283 3467 3296 3482 °
3318 3452 3377 3504 οὐ
3407 3453 3516 3521 γάρ
3543 3451 3726 3521 μέλλει
3748 3451 3872 3505 οὐδὲ

2295 3540 2572 3612 βραδύνειο
2596 3540 2746 3605 ἀλλ’,
2783 3540 2933 3609 Εἰμὶ,
2957 3538 3465 3606 τουτέστιν,ξαύτικα
3484 3539 3599 3590 εκεῖ
3615 3539 3873 3607 εὐρὶσκοο

2297 3650 2393 3701 μαι
2413 3649 2427 3661 ο
2458 3634 2667 3699 νοήσεις
2698 3631 2754 3681 δὲ
2786 3631 2866 3682 ὅτι
2888 3630 2982 3683 καὶ
3012 3631 3139 3682 ὅταν
3175 3630 3514 3700 συμφωνήσῃ
3557 3631 3590 3696 ἡ
3618 3628 3756 3697 σὰρξ
3775 3629 3872 3681 καὶ

2294 3722 2354 3773 τὸ
2389 3725 2627 3790 πνεῦμα,
2663 3721 2756 3773 καὶ
2789 3722 2862 3790 μὴ
2888 3723 3129 3791 ἐπιθυμῇ
3178 3721 3319 3773 κατὰ
3346 3720 3439 3772 τοῦ
3494 3719 3805 3788 πνεύματος
3831 3722 3866 3787 ἡ

2298 3812 2453 3882 σὰρξ,
2485 3813 2604 3863 τότε
2632 3812 2778 3864 ἐστὶν
2815 3813 2874 3864 ὲν
2907 3813 3056 3881 μέσῳ
3083 3814 3110 3864 6
3142 3811 3363 3879 Κύριος.
3407 3809 3770 3881 Συμφωνοῦσι
3812 3811 3870 3863 δὲ

2293 3906 2388 3959 καὶ
2438 3905 2494 3956 αἱ
2545 3908 2693 3974 τρεῖς
2747 3905 3004 3973 δυνάμεις
3035 3905 3134 3974 τῆς
3165 3903 3376 3973 ψυχῆς,
3417 3903 3477 3957 τὺ
3526 3903 3769 3972 λογικὸν,
3807 3903 3870 3955 τύ

2295 3995 2545 4064 θυμικὸν,
2577 3996 2671 4049 καὶ
2706 3996 2765 4048 τὸ
2801 3995 3220 4066 ἐπιθυμητικόν.
3268 3996 3428 4049 Ἀλλά
3455 3997 3548 4049 καὶ
3585 3997 3616 4065 ὴ
3654 3996 3868 4052 παλαιά

2301 4091 2394 4141 καὶ
2449 4090 2483 4156 ἠ
2511 4088 2604 4140 νέα
2637 4087 3018 4155 συμφωνοῦσιν
3044 4090 3097 4140 αἱ
3139 4089 3231 4139 δύο
3253 4127 3265 4150 ,
3299 4089 3388 4140 καὶ
3419 4091 3476 4140 έν
3503 4087 3653 4156 μέσῳ
3685 4088 3867 4140 αὐτῶν

2295 4179 2608 4249 εὑρίσκεται
2637 4180 2664 4232 6
2686 4179 2939 4244 Χριστὸς,
2978 4180 3068 4230 ὐπ’
3099 4180 3299 4248 ἀμφοῖν
3333 4177 3758 4248 κηρυττόμενος.

2373 4312 2390 4343 r
2441 4292 2573 4344 Τότε
2611 4289 2920 4360 προσελθὼν
2959 4291 3106 4359 αὐτῷ
3134 4292 3162 4342 6
3200 4292 3421 4362 Πέτρος,
3469 4288 3590 4345 εἷπε
3619 4309 3632 4322 ⁶
3664 4293 3864 4363 Κύριε,

2297 4385 2524 4445 ποσάκις
2555 4383 2859 4452 ἁμαρτήσει
2883 4383 2960 4445 εἰς
2980 4382 3078 4452 ἐμὲ
3105 4386 3131 4434 ὁ
3155 4383 3380 4451 ἀδελφός
3407 4400 3531 4452 μου,
3548 4385 3644 4438 καὶ
3664 4387 3866 4454 ἀφήσω

617 4461 888 4516 remittam
907 4464 954 4516 ei
970 4464 992 4517 ?
1007 4463 1142 4519 Num
1170 4485 1337 4537 usque
1351 4474 1546 4540 septies
1567 4475 1590 4526 ?
1609 4474 1741 4530 Dicit
1762 4477 1833 4532 illi
1853 4477 2007 4534 Jesus
2031 4499 2041 4533 :
2060 4478 2173 4532 Non

2299 4475 2428 4546 ιύτῷ
2455 4493 2469 4541 ;
2503 4475 2605 4537 ἕως
2633 4475 2888 4541 ὲ·πτάκις;
2933 4477 3094 4543 Λέγει
3122 4477 3269 4545 αὐτῴ
3299 4480 3326 4530 6
3365 4477 3570 4545 Ἰησοῦς
3594 4495 3610 4510 ·
3663 4482 3738 4532 Οὐ
3776 4481 3866 4534 λέ-

616 4551 738 4606 dico
760 4555 852 4608 tibi
873 4571 1042 4624 usque
1063 4561 1281 4627 septies,
1299 4565 1391 4616 sed
1412 4580 1580 4634 usque
1603 4571 1906 4639 septuagies
1919 4573 2137 4640 septies.
2156 4593 2172 4623 ι

618 4638 730 4695 Hoc
760 4652 836 4694 est
873 4646 1013 4710 quod
1035 4647 1324 4717 interrogat
1344 4650 1535 4706 Petrus
1557 4638 1816 4721 :Quoties,
1839 4657 1882 4711 si
1906 4638 2181 4727 peccet,ct

617 4732 810 4785 deinde
843 4741 1065 4788 accedat
1101 4748 1154 4790 et
1193 4749 1336 4806 petat
1370 4742 1580 4796 veniam
1612 4747 1927 4812 paenitentia
1961 4751 2176 4811 ductus,

617 4824 905 4878 concedam
924 4827 970 4879 ei
991 4828 1264 4896 ?Addidit,
1301 4831 1355 4884 ln
1390 4849 1476 4888 me
1498 4836 1542 4888 si
1574 4839 1896 4898 peccaverit.
1923 4839 1979 4893 In
2011 4839 2175 4895 Deum

617 4917 759 4969 enim
799 4918 840 4970 si
865 4924 1188 4987 peccaverit,
1223 4941 1325 4978 non
1357 4943 1476 4996 ego,
1502 4931 1591 4998 qui
1617 4931 1806 4986 idiotes
1841 4950 1903 4989 ac
1938 4935 2180 5006 privatus

617 5017 755 5068 sum,
780 5019 995 5072 possum
1023 5010 1069 5063 ei
1098 5014 1392 5078 remittere,
1413 5017 1513 5071 nisi
1545 5018 1683 5073 forte
1710 5021 1799 5076 Dei
1818 5024 2062 5078 ordinem
2082 5026 2179 5078 lia-

615 5093 749 5146 bcns
778 5100 1051 5152 sacerdos.
1077 5099 1131 5152 Si
1161 5110 1336 5156 autem
1364 5105 1414 5157 in
1436 5121 1518 5159 me
1547 5118 1748 5175 peccet,
1781 5125 1843 5164 ac
1871 5111 2063 5167 deinde
2095 5127 2179 5167 re—

620 5185 816 5240 misero
834 5188 905 5252 ei,
929 5190 1030 5243 erit
1063 5192 1290 5259 solutus,
1316 5197 1478 5250 etiam
1514 5199 1556 5252 si
1574 5200 1815 5268 privatus
1842 5218 1938 5272 ego
1961 5206 2061 5258 sim
2085 5246 2098 5268 ,
2125 5216 2180 5259 et

615 5289 720 5327 non
763 5282 1035 5334 sacerdos.
1055 5282 1204 5346 Quod
1231 5296 1408 5340 autem
1444 5294 1748 5360 septuagies
1790 5296 1989 5363 septies
2021 5298 2175 5365 dixit,

619 5378 724 5415 non
739 5368 1010 5422 concludit
1029 5374 1234 5426 veniam
1250 5392 1492 5431 numero.
1517 5380 1816 5436 Absurdum
1831 5387 1970 5438 enim
1988 5389 2177 5442 sedere

616 5461 670 5505 et
717 5472 997 5512 numerare
1048 5479 1216 5528 usque
1263 5469 1386 5521 dum
1437 5471 1832 5542 quadringenta
1884 5478 2173 5550 nonaginta

614 5543 812 5600 habeas
871 5549 982 5622 [tot
1016 5555 1158 5606 enim
1211 5556 1414 5612 faciunt
1459 5565 1767 5634 septuagies
1798 5569 1992 5634 septies
2011 5543 2056 5641 ]'
2080 5573 2172 5624 sed

618 5632 935 5692 immensum
968 5659 1248 5699 numerum
1295 5649 1513 5717 signat:
1545 5656 1699 5723 quasi
1747 5658 1908 5724 dicat,
1953 5659 2176 5726 Quoties

616 5725 737 5791 quis
765 5727 944 5792 lapsus
969 5731 1144 5803 fuerit,
1180 5747 1232 5793 et
1280 5742 1647 5804 pmnitentiam
1675 5760 1790 5810 aget
1814 5787 1828 5811 .
1856 5725 2088 5808 concede
2123 5755 2173 5809 ei

2283 4588 2363 4637 γω
2393 4587 2472 4622 σοι
2503 4569 2608 4630 ἓως
2633 4568 2882 4632 ἑπτάκις,
2909 4570 3022 4622 ἀλλ’
3044 4570 3146 4632 ἕως
3173 4571 3634 4642 ἑϐδομηκοντάκις
3659 4576 3858 4629 ἑπτά.»

2283 4661 2453 4714 Τοῦτο
2484 4661 2628 4713 ἐστιν
2650 4661 2676 4712 ὃ
2705 4662 2885 4730 ὲρωτᾷ
2910 4664 2937 4714 6
2967 4662 3190 4732 Πέτρος·
3234 4665 3467 4731 Ποσάκις
3490 4668 3584 4720 ἐὰν
3613 4669 3859 4741 ἁμάρτῃ,

2284 4748 2401 4804 εἶτα
2435 4753 2805 4822 προσέρχηται
2830 4753 2923 4805 καὶ
2955 4756 3077 4824 αἰτῇ
3122 4756 3451 4828 συγγνώμην
3485 4762 3862 4830 μεταμελόμε-

2282 4862 2389 4907 νος,
2421 4844 2934 4914 συγχωρήσωξαύτοῦ
2958 4861 2972 4907 ;
3009 4847 3319 4917 Προσέθηκε
3344 4849 3495 4913 δὲτὸ,
3515 4851 3608 4913 Εἰς
3631 4853 3732 4920 ἐμὲ
3763 4856 3858 4907 ἐὰν

2281 4933 2502 5003 ἁμάρτῃ
2521 4948 2532 4958 '
2561 4936 2636 4995 εἰς
2660 4933 2767 5002 γὰρ
2791 4934 2921 4986 Θεὸν
2939 4935 3032 4986 ἐὰν
3060 4937 3301 5008 ἁμάρτῃ,
3325 4939 3424 4991 οὐκ
3450 4939 3561 5008 ἐγὼ
3582 4942 3611 4992 6
3641 4944 3858 5014 ἰδιώτης

2281 5025 2510 5093 δύναμαι
2540 5024 2688 5095 αὐτῷ
2720 5029 3039 5096 συγχωρεῖν,
3073 5029 3120 5080 εἰ
3155 5031 3338 5096 μήπου
3369 5049 3430 5100 γε
3462 5037 3488 5085 ὀ
3521 5035 3658 5089 Θεοῦ
3704 5039 3857 5103 τάξιν

2284 5116 2466 5184 ἔχωνό
2501 5117 2706 5185 ἱερεύς·
2747 5118 2842 5170 ἐὰν
2871 5120 2928 5171 δὲ
2967 5122 3044 5181 εἰς
3079 5122 3176 5190 ἐμὲ
3213 5122 3451 5194 ἁμάρτῃ.
3482 5122 3603 5180 εἶτα
3659 5131 3856 5198 ἀφήσω

2283 5208 2450 5277 αὐτῷ,
2489 5209 2641 5274 ἔσται
2692 5212 3006 5279 ἀφειμένος,
3042 5212 3145 5266 κᾶν
3173 5213 3387 5286 ἰδιώτης
3421 5219 3539 5287 εἰμὶ
3579 5220 3712 5288 ἐγὼ,
3762 5223 3855 5274 καὶ

2282 5301 2394 5370 οὐχὶ
2427 5303 2624 5371 ἱερεύς.
2663 5303 2736 5354 Τὸ
2756 5303 2830 5366 δὲ,
2863 5305 2966 5367 ἓως
2998 5307 3458 5376 ἑϐδομηκοντάκις
3492 5314 3653 5376 ἑπτά,
3679 5312 3852 5380 εἶπεν,

2281 5389 2378 5457 οὐχ
2421 5390 2505 5442 ἵνα
2539 5389 2758 5458 ἀριθμῷ
2789 5393 3107 5466 περικλείσῃ
3130 5397 3228 5466 τὴν
3249 5398 3628 5469 συγχώρησιν.
3660 5403 3854 5472 ἄλογον

2282 5484 2388 5551 γάρ
2407 5484 2522 5535 ἐστι
2546 5483 2815 5552 καθῆσθαί
2841 5503 2963 5539 τινα
2990 5488 3328 5558 άριθμοῦντα
3351 5491 3454 5553 ἕως
3479 5487 3537 5544 οὐ
3564 5496 3853 5550 ποσωθῶσι

2282 5573 2608 5642 τετρακόσια
2654 5576 3008 5646 ἐννενήκοντα
3069 5580 3327 5650 (τοσαῦτα
3368 5583 3476 5652 γάρ
3509 5587 3579 5638 τὰ
3617 5587 3852 5658 ἑϐδομητ-

2282 5667 2529 5728 κοντάκις
2572 5668 2754 5740 ἑπτὰ),
2777 5672 2908 5725 ἁλλά
2938 5674 2996 5725 τὸ
3028 5675 3251 5745 ἄπειρον
3278 5678 3510 5731 ἐνταῦθα
3552 5685 3806 5750 σημαίνει
3835 5701 3849 5716 ·

2277 5756 2348 5820 ὡς
2383 5758 2446 5810 ἂν
2471 5759 2514 5811 εἰ
2551 5760 2752 5829 ἔλεγεν·
2796 5762 3012 5828 Ὁσάκις
3049 5766 3111 5819 ἂν
3153 5769 3385 5834 πταίσας
3425 5777 3684 5843 μετανοῇ,
3719 5793 3838 5842 σιγ-
