4080 6336
262 456 369 522 ειν

877 457 1320 521 ENARRATIO
1358 458 1441 520 IN
1483 451 1990 520 EVANGELIUM
2028 450 2418 514 MATTILEI.
2441 478 2514 489 -
2538 453 2701 517 CAP.
2740 454 2907 516 XIX.

3432 452 3544 519 350

264 568 463 633 αὐτοὺς
500 568 696 623 ἄχεϊ-)
739 542 910 623 Πάλιν
948 571 1015 639 τῇ
1069 566 1303 637 Ἰουδαίᾳ
1336 566 1615 637 ἐπιδημεῖ,
1649 566 1737 617 ἵνα
1767 562 1841 632 μὴ

1957 575 2003 613 ιιι
2036 559 2245 628 ιίυιίωα,
2290 570 2347 617 ιιι
2377 562 2509 617 nihil
2541 572 2841 633 praztexere
2882 562 3092 627 possint
3140 562 3235 634 qui
3272 578 3379 618 non
3419 579 3544 619 cre-

266 663 433 733 ιχωσι
486 659 920 730 προφασίζεσθαι
977 660 1028 715 oi
1071 662 1432 722 ἀπιστοῦντες
1486 659 1597 713 τῶν
1670 660 1729 711 ὲν
1776 659 1843 727 τῇ

267 752 524 823 Ἰουδαίᾳ,
565 754 646 805 ὅτι
698 753 773 805 Οὐ
840 751 1227 823 συνεχέστερον
1278 753 1409 822 ἡμῖν
1450 750 1842 822 ἐπεχωρίαζεν,

269 845 404 898 ἀλλὰ
433 847 544 908 τοῖς
589 845 896 906 Γαλιλαίοις
918 862 931 875 ·
966 844 1128 897 πάλιν
1152 843 1245 897 οὖν
1274 843 1415 913 μετὰ
1454 844 1555 914 τὴν
1587 844 1845 897 διδασκα-

268 935 383 988 λίαν
411 937 504 989 καὶ
536 936 595 990 τὸ
620 935 1035 1005 συντελεσθῆναι
1083 938 1207 997 τοὺς
1241 935 1455 1002 λόγους,
1488 933 1846 989 ἀκολουθοῦσι

268 1028 338 1080 τὰ
370 1026 645 1097 θαύματα.
680 1028 776 1079 Δεῖ
807 1028 913 1097 γὰρ
948 1027 1100 1095 ἡμᾶς
1141 1027 1235 1079 καὶ
1262 1026 1561 1091 διδάσκειν,
1588 1024 1725 1079 ἀλλά
1753 1024 1847 1077 καὶ

266 1117 573 1187 πράττειν·
615 1116 732 1169 ἀλλ’
780 1116 830 1169 οἰ
883 1115 1101 1182 ἀνόητοι
1147 1116 1429 1184 Φαρισαῖοι
1478 1115 1549 1168 τὰ
1589 1114 1845 1182 θαύματα

272 1206 498 1271 ἰδόντες,
532 1206 652 1259 δέον
687 1211 998 1271 πιστεῦσαι,
1048 1206 1099 1260 oi
1145 1206 1202 1260 δὲ
1247 1207 1604 1279 πειράζουσιν
1634 1224 1647 1236 ·
1680 1207 1847 1261 ἄκουε

262 1300 400 1369 γάρ.

343 1411 361 1443 ι
410 1392 521 1444 Καὶ
562 1389 869 1463 προσῆλθον
925 1389 1073 1460 αὒτῷ
1105 1392 1153 1443 oi
1182 1390 1465 1458 Φαρισαῖοι
1493 1389 1849 1460 πειράζοντες

260 1485 449 1549 αὑτὸν,
475 1486 569 1537 καὶ
603 1486 872 1551 λέγοντες·
912 1484 975 1536 Εἰ
1023 1483 1233 1548 ἔξεστιν
1263 1483 1541 1554 ἀνθρώπῳ
1576 1483 1848 1537 ἀπολῦσαι

260 1575 364 1647 τὴν
397 1578 630 1644 γυναῖκα
663 1575 829 1629 αὐτοῦ
869 1575 1012 1628 κατὰ
1043 1576 1222 1628 πᾶσαν
1263 1577 1477 1641 αἰτίαν;
1523 1575 1581 1629 ὐ
1607 1575 1665 1629 δὲ
1712 1578 1850 1629 ἀπο-

261 1671 475 1741 κριῦεὶς
506 1664 656 1721 εἷπεν
705 1670 910 1730 αὐτοῖς’
963 1668 1076 1720 Ούκ
1132 1667 1403 1734 ἀνέγνωτε
1440 1668 1520 1719 ὅτι
1552 1667 1579 1718 6
1615 1668 1850 1738 ποιήσας

261 1766 359 1818 ἀπ’
390 1764 584 1833 ἀρχῆς,
616 1763 783 1831 ἄρσεν
825 1760 921 1813 καὶ
978 1759 1112 1829 (θῆλυ
1153 1760 1409 1829 ἐποίησεν
1446 1759 1691 1826 αὑτούς;
1752 1759 1850 1813 καὶ

262 1851 457 1907 εἶπεν·
524 1854 751 1905 Ἕνεκεν
804 1851 995 1904 τούτου
1047 1850 1371 1919 καταλείψει
1422 1849 1709 1919 ἄνθρωπος
1755 1849 1849 1903 τὸν

1950 654 2154 709 dehaut
2190 656 2240 707 in
2275 652 2486 723 Judaaa,
2518 655 2660 724 quod
2692 671 2797 709 non
2845 654 3185 724 frequentius
3218 660 3360 727 apud
3397 657 3545 725 ipsos

1949 757 2283 813 versaretur,
2319 746 2415 802 sed
2454 749 2596 817 apud
2644 746 2914 804 Galilzeos.
2966 749 3167 804 lterum
3218 750 3385 818 igitur
3418 757 3545 821 post

1950 840 2281 900 doctrinam.
2311 849 2365 892 et
2403 838 2800 893 consmnmatis
2845 840 3192 894 sermonibus
3234 850 3542 908 sequuntur

1952 932 2236 985 miracula.
2272 930 2501 1000 Oportet
2544 930 2688 983 enim
2732 945 2828 983 nos
2851 940 2906 984 et
2941 931 3139 985 docere
3198 940 3253 985 et
3280 930 3538 999 aperari:

1950 1034 2004 1076 at
2032 1025 2350 1093 insipientes
2373 1023 2449 1076 illi
2470 1022 2730 1075 Pharisaei
2764 1037 2886 1076 cum
2912 1024 3043 1077 visis
3078 1024 3356 1079 miraculis
3378 1038 3542 1094 opor-

1950 1108 2100 1170 tehat
2122 1116 2369 1180 credere,
2399 1122 2632 1170 tentant.
2664 1114 2804 1168 Audi
2837 1116 3003 1173 enim.

2019 1380 2189 1438 Vens.
2251 1380 2375 1437 3-6.
2423 1400 2443 1433 ι
2503 1382 2573 1437 Ει
2609 1392 2959 1438 accesserunt
3002 1385 3069 1437 ad
3111 1396 3233 1436 eum
3282 1380 3542 1437 Pharisaei

1954 1486 2227 1531 tentantes
2254 1476 2426 1537 illum.
2458 1485 2513 1529 et
2538 1476 2780 1531 dicentes
2808 1490 2823 1529 :
2862 1475 3084 1529 Licetne
3127 1475 3329 1529 homini
3356 1474 3546 1528 divor-

1956 1569 2090 1623 tium
2132 1566 2317 1623 facere
2339 1584 2461 1622 cum
2507 1582 2677 1621 uxore
2700 1585 2796 1623 sua
2828 1570 3070 1636 qualibet
3096 1583 3162 1621 ex
3205 1567 3410 1621 causa?
3442 1567 3543 1633 Qui

1952 1662 2285 1730 respondens
2312 1661 2507 1725 aiteis,
2535 1662 2616 1715 An
2644 1677 2747 1713 non
2782 1660 2995 1729 legistis
3016 1659 3157 1727 quod
3188 1660 3232 1713 is
3274 1659 3364 1727 qui
3411 1658 3539 1712 fecit

1952 1752 2021 1805 ab
2057 1752 2229 1815 initio,
2266 1752 2566 1805 musculum
2601 1758 2654 1802 et
2687 1752 2944 1802 feminam
2978 1749 3107 1802 fecit
3142 1748 3273 1803 eos?
3304 1758 3358 1801 et
3385 1748 3542 1810 dixit,

1953 1844 2243 1912 Propterea
2269 1844 2482 1897 deseret
2510 1844 2673 1896 homo
2696 1852 2903 1910 patrem
2930 1857 3088 1895 suum
3128 1852 3183 1896 et
3211 1850 3462 1906 matrem,
3489 1850 3546 1896 et

262 1926 483 2011 πατέρα
523 1945 688 1998 αὑτοῦ
746 1944 839 1997 καὶ
892 1944 991 2013 τὴν
1025 1944 1259 2013 μητέρα,
1294 1917 1395 1994 καὶ
1428 1917 1841 2012 προσκολληθή-

1957 1938 2377 2007 adglutiuabitur
2401 1937 2557 1991 uxori
2586 1952 2718 2001 sua},
2749 1947 2803 1991 et
2829 1947 2994 1990 erunt
3028 1938 3205 1990 duoin
3230 1950 3541 1989 carueuna.

260 2055 418 2091 σεται
442 2040 505 2107 τῇ
530 2037 753 2104 γυναικὶ
777 2034 965 2099 αὑτοῦ,
991 2034 1083 2087 καὶ
1114 2035 1327 2087 ἔσονται
1347 2035 1396 2086 οἱ
1430 2031 1524 2085 δύο
1555 2036 1634 2097 είς
1668 2034 1846 2103 σάρκα

263 2129 416 2199 μίαν.
477 2128 638 2180 Ὥστε
676 2128 777 2179 οὐκ
820 2126 899 2180 ἔτι
939 2127 1045 2178 εἰσὶ
1086 2124 1199 2191 δύο,
1254 2125 1390 2178 ἀλλά
1430 2126 1567 2195 σὰρξ
1623 2126 1743 2195 μία.
1782 2128 1846 2179 Ὃ

255 2217 357 2274 οὖν
396 2222 424 2273 6
463 2219 593 2282 Θεὸς
626 2218 967 2282 συνέζευξεν,
1017 2217 1306 2288 ἄνθρωπος
1348 2219 1422 2287 μὴ
1474 2217 1779 2288 χωριζέτω.
1816 2238 1834 2270 ι

262 2314 329 2365 Ὦ
374 2314 473 2383 τῆς
508 2311 726 2374 ἀνοίαςί
759 2312 928 2381 ᾤοντο
968 2312 1345 2378 ὲπιστομίσειν
1370 2312 1458 2363 διὰ
1493 2311 1601 2363 τῶν
1631 2314 1846 2383 ἐρωτη-

266 2405 457 2475 μάτων
495 2405 587 2459 τὸν
636 2404 892 2475 Χριστόνο
932 2403 1026 2457 ἐὰν
1055 2404 1163 2473 γὰρ
1216 2398 1345 2473 εἴπῃ
1372 2404 1453 2456 ὅτι
1491 2402 1673 2469 ἔξεστι
1706 2405 1848 2458 κατὰ

258 2498 445 2549 πᾶσαν
479 2497 663 2549 αἰτίαν
694 2494 954 2548 ἀπολύειν
1002 2494 1100 2564 τὴν
1156 2496 1413 2561 γυναῖκα,
1450 2494 1639 2559 ἕξουσι
1667 2494 1849 2562 λέγειν

256 2588 430 2658 αὐτῷ·
468 2588 589 2651 Πῶς
618 2582 711 2641 οὖν
754 2584 937 2654 εἶπας,
976 2588 1057 2640 ὃτι
1083 2588 1172 2654 Μὴ
1210 2585 1496 2640 ἀπολυέτω
1539 2606 1625 2650 τις
1675 2590 1723 2640 εἰ
1772 2590 1848 2659 μὴ

256 2682 364 2751 τὴν
404 2681 688 2752 μοιχαλίδα
742 2682 925 2752 μόνον·
969 2682 1017 2734 εἰ
1072 2681 1128 2734 δὲ
1183 2681 1314 2753 εῐπῃ
1360 2681 1443 2734 ὅτι
1490 2682 1591 2735 οὐκ
1637 2682 1848 2748 ἔξεστιν

262 2773 530 2826 ἀπολύειν
578 2774 677 2841 τὴν
720 2775 977 2839 γυναῖκα,
1004 2771 1356 2826 διαϐαλοῦσιν
1387 2772 1552 2827 αὑτὸν
1582 2774 1657 2837 ὡς
1688 2776 1843 2827 ἀντι-

262 2864 665 2934 νομοθετοῖωτα
720 2862 799 2935 τῷ
845 2865 1055 2921 Μωσεῖ.
1101 2867 1341 2930 Ἐκεῖνος
1397 2867 1507 2938 γὰρ
1562 2867 1850 2920 ἐκέλευσεν

259 2957 551 3011 ἐκϐάλλειν
582 2957 679 3028 τὴν
707 2956 1052 3026 μισηθεῖσαν,
1077 2959 1171 3011 xal.
1195 2960 1363 3029 χωρὶς
1394 2959 1621 3025 εὐλόγου
1646 2959 1850 3022 αἰτίας.

266 3045 335 3098 Τί
370 3044 463 3097 οὖν
485 3048 512 3098 6
536 3046 769 3113 Χριστός
793 3063 811 3112 ;
838 3046 1121 3099 Δείκνυσιν
1151 3048 1232 3100 ὅτι
1254 3048 1347 3100 τοῦ
1378 3048 1686 3112 πλάσαντος
1704 3050 1853 3120 ἡμᾶς

262 3136 326 3201 ἐξ
358 3137 532 3207 ἀρχῆς
574 3138 733 3207 ἔργον
776 3138 893 3189 ἐστι
940 3138 1036 3189 καὶ
1082 3138 1371 3207 νομοοεσία
1437 3142 1469 3208 ἡ
1521 3138 1852 3209 μονογαμία.

1950 2030 2142 2099 Itaque
2187 2032 2299 2097 jam
2333 2045 2437 2082 non
2468 2036 2594 2083 sunt
2617 2030 2744 2090 duo,
2773 2027 2867 2081 sed
2911 2044 3018 2081 una
3056 2043 3206 2081 caro.
3234 2026 3388 2093 Quod
3414 2041 3548 2097 ergo

1952 2124 2095 2178 Deus
2118 2122 2412 2191 capulavit,
2434 2123 2595 2175 homo
2623 2135 2730 2173 non
2752 2121 2986 2188 separet.
3023 2139 3043 2172 ι
3070 2118 3115 2174 Ο
3140 2115 3541 2187 insipientiam!

1949 2216 2313 2284 opinabantur
2340 2213 2736 2282 quastionihus
2761 2212 2873 2265 suis
2895 2211 3173 2265 Christum
3203 2225 3265 2265 se
3289 2208 3541 2274 confuta-

1952 2319 2137 2363 turos:
2174 2322 2300 2362 nam
2338 2309 2383 2361 si
2411 2307 2647 2362 dixisset
2697 2305 2865 2360 licere
2918 2319 3246 2373 quacunque
3279 2305 3345 2358 de
3370 2315 3543 2357 causa

1951 2402 2225 2455 dimittere
2261 2415 2507 2461 uxorem.
2546 2399 2861 2468 potuissent
2889 2397 2963 2450 illi
3000 2398 3221 2451 dicere:
3262 2392 3547 2461 Quomodo

1952 2493 2115 2562 igitur
2144 2491 2349 2555 dixisti,
2392 2490 2469 2544 Ne
2516 2492 2642 2559 quis
2678 2489 2935 2551 dimittat,
2971 2489 3071 2541 nisi
3110 2486 3412 2539 adulteram
3448 2498 3542 2537 so-

1952 2586 2055 2639 lam
2077 2585 2100 2638 ?
2123 2585 2177 2636 Si
2198 2592 2381 2637 autem
2407 2584 2638 2636 dixisset
2661 2597 2773 2635 non
2810 2582 2971 2634 licere
2988 2579 3264 2633 dimittere
3296 2589 3547 2639 uxorem,

1952 2676 2263 2743 argnissent
2286 2691 2409 2730 eum
2453 2684 2510 2727 ut
2542 2673 2914 2727 adversarium
2948 2670 3108 2724 Mosi.
3140 2670 3235 2723 ille
3267 2666 3551 2737 enimjus-

1954 2772 2024 2825 sit
2056 2781 2112 2824 ut
2142 2771 2517 2824 dimitteretur
2542 2768 2669 2823 odio
2700 2768 2883 2820 habita
2914 2764 2983 2827 ",
3020 2775 3074 2819 et
3118 2767 3333 2832 absque
3368 2766 3541 2816 ardua

1954 2872 2005 2916 et
2028 2860 2336 2915 rationabili
2374 2875 2563 2913 causa.
2599 2859 2739 2924 Quid
2774 2859 2940 2928 igitur
2967 2856 3259 2911 Christus?
3299 2854 3551 2909 Ostendit

1956 2969 2091 3022 opus
2120 2965 2175 3007 ct
2210 2952 2611 3023 legislationem
2640 2952 2760 3021 ejus
2790 2951 2880 3017 qui
2914 2967 3010 3003 nos
3061 2965 3088 3002 a
3139 2949 3405 3018 principio
3434 2947 3550 3003 for-

1957 3046 2148 3107 mavit,
2200 3059 2323 3098 esse
2367 3046 2795 3113 monogamiam.
2841 3044 2924 3096 Ah
2979 3042 3134 3094 initio
3178 3043 3324 3095 enim
3381 3055 3549 3093 mmm

1952 3137 2246 3206 conjunxit
2295 3136 2438 3191 Deus
2481 3139 2612 3191 uni:
2647 3147 2811 3205 atque
2847 3138 2922 3189 ita
2981 3149 3086 3187 non
3135 3140 3351 3200 oportet
3383 3148 3550 3186 unum

277 3229 370 3293 Ἐξ
421 3230 600 3301 ἀρχῆς
638 3231 769 3300 γὰρ,
805 3230 993 3299 φησιν,
1024 3230 1118 3282 ἕνα
1152 3230 1471 3295 συνέζευξεν
1501 3233 1529 3283 6
1563 3231 1695 3294 Θεὸς
1733 3233 1848 3302 μιᾷ·

1960 3234 2137 3286 virum
2160 3230 2421 3300 conjungi
2472 3231 2660 3284 multis
2694 3229 3033 3290 mulieribus,
3064 3244 3238 3295 neque
3267 3225 3553 3281 mulierem

257 3317 408 3373 ὥστε
466 3320 527 3370 οὐ
572 3320 651 3371 δεῖ
703 3321 799 3374 ἕνα
832 3320 1001 3391 ἄνδρα
1053 3320 1275 3383 πολλαῖς
1310 3322 1705 3382 συνάπτεσθαι,
1738 3324 1859 3376 οὐδὲ

257 3408 393 3480 μίαν
415 3407 647 3472 πολλοῖς
674 3409 789 3462 ἀλλ’
810 3410 884 3473 ὡς
915 3408 972 3474 ἐξ
998 3410 1173 3479 ἀρχῆς
1208 3411 1605 3482 συνεζύγησαν,
1650 3414 1855 3479 μένειν,

264 3502 347 3570 μὴ
401 3501 742 3564 διασπῶντας
771 3502 869 3569 τὴν
907 3503 1217 3571 συνοίκησιν
1241 3505 1471 3571 ἀλόγως·
1505 3507 1604 3558 οὐκ
1630 3502 1750 3558 εἶπε
1776 3508 1853 3569 δὲ,

254 3593 343 3647 ὅτι
382 3592 524 3660 Ἐγὼ
560 3596 792 3663 ἐποίησα
827 3594 992 3664 ἄρσεν
1020 3598 1113 3649 καὶ
1146 3596 1304 3665 θῆλυ,
1333 3599 1419 3649 ἵνα
1447 3599 1523 3669 μὴ
1550 3600 1728 3673 πλήξῃ
1766 3603 1859 3656 αξ-

256 3686 411 3751 τοὺς,
446 3685 563 3740 ἀλλ’
599 3687 887 3757 ἀορίστως,
936 3690 964 3743 6
1003 3690 1255 3761 ποιήσας.
1296 3689 1483 3756 Οὕτως
1526 3690 1642 3757 οὖν,
1698 3696 1853 3764 φησὶ,

258 3780 733 3851 περισπούδαστόν
765 3783 880 3835 ἐστι
914 3783 989 3853 τῷ
1016 3784 1135 3853 Θεῷ
1172 3786 1231 3837 τὸ
1274 3786 1373 3853 τῆς
1405 3787 1668 3853 συζυγίας
1709 3791 1853 3855 ἀγα-

258 3870 376 3935 θὸν,
428 3871 570 3925 ὥστε
607 3874 703 3925 καὶ
727 3874 853 3935 τοὺς
885 3876 1062 3941 γονεῖς
1089 3876 1468 3945 συνεχώρησεν
1496 3876 1858 3945 ἀφιέναι..καὶ

256 3962 561 4017 κολλᾶσθαι
611 3967 723 4027 τοῖς
768 3965 1043 4034 ἀνδράσιν.
1085 3968 1205 4029 Πῶς
1235 3967 1291 4019 δὲ
1324 3970 1380 4019 ὲν
1411 3970 1508 4037 μὲν
1534 3972 1599 4039 τῇ
1634 3969 1857 4021 Γενέσει

240 4052 579 4123 ,γέγραπται
606 4056 687 4107 ὅτι
718 4054 746 4106 6
778 4054 954 4124 Ἀδὰμ
988 4051 1108 4109 εἷπε
1144 4058 1225 4123 τὸ,
1280 4058 1427 4111 Ἄντί⁸
1460 4058 1652 4111 τούτου
1689 4076 1858 4112 κατα-

254 4142 436 4213 λείψει
465 4145 750 4217 ἄνθρωπος
777 4147 868 4200 τὸν
901 4149 1112 4218 πατέρα
1145 4148 1314 4202 αὐτοῦ
1346 4150 1443 4202 καὶ
1480 4151 1580 4220 τὴν
1619 4152 1855 4222 μητέρα,

254 4235 495 4290 ινταῦθα
520 4238 578 4289 δέ
608 4256 772 4307 φησιν
801 4242 828 4292 6
853 4240 1085 4310 Χριστὸς
1117 4243 1199 4293 ὄτι
1224 4242 1253 4295 6
1283 4240 1417 4304 Θεὸς
1435 4236 1851 4297 elusit-"Evam:

254 4329 453 4383 τούτου
477 4330 819 4400 καταλείψει,
848 4334 940 4385 καὶ
971 4334 1041 4385 τὰ
1063 4333 1228 4399 ὲξῆς;
1268 4335 1519 4405 Λέγομεν
1539 4332 1630 4390 οὖν
1654 4337 1735 4390 ὅτι
1760 4343 1855 4390 καὶ

251 4417 285 4472 δ
314 4414 468 4474 εἶπεν
513 4424 542 4473 6
581 4421 776 4491 ’Δδὰμ,
807 4425 870 4476 ὲκ
898 4422 1034 4476 Θεοῦ
1071 4422 1223 4477 εἶπεν
1252 4441 1265 4455 ⁶
1295 4426 1437 4481 ὥστε
1477 4428 1505 4481 6
1545 4429 1639 4481 τοῦ
1685 4430 1855 4498 Ἀδὰμ.

254 4511 416 4577 λόγος
464 4511 560 4564 τοῦ
614 4513 750 4567 Θεοῦ
786 4516 954 4569 ἐστιν.
1005 4517 1159 4570 Ἐπεὶ
1190 4519 1372 4572 τοίνυν
1408 4521 1507 4590 μία
1550 4521 1693 4591 σὰρξ
1723 4524 1848 4591 ὲγέι

1968 3340 2129 3378 unam
2162 3323 2294 3377 viris
2312 3323 2529 3376 multis:
2570 3325 2664 3376 sed
2702 3337 2799 3376 eos
2823 3322 2962 3375 sicut
2992 3323 3061 3373 ah
3093 3320 3248 3372 initio
3274 3316 3555 3386 conjuncti

1965 3415 2207 3478 fuerunt,
2258 3413 2503 3479 manere,
2544 3430 2718 3482 neque
2758 3415 2963 3481 alisque
2987 3426 3150 3466 causa
3192 3410 3558 3465 cohaliitatio-

1965 3524 2088 3562 nem
2133 3507 2414 3562 divellere.
2448 3505 2564 3559 Non
2590 3508 2721 3560 dicit
2747 3516 2949 3567 autem,
2983 3503 3094 3569 Ego
3114 3502 3215 3557 feci
3251 3502 3557 3557 masculum

1965 3608 2019 3655 et
2051 3599 2305 3655 feminam
2330 3640 2344 3665 ,
2405 3598 2565 3668 100
2604 3615 2669 3654 ne
2707 3598 2827 3668 plus
2852 3612 2947 3651 eos
2988 3605 3311 3665 exasperet;
3345 3594 3463 3661 sed,
3505 3593 3555 3649 ls

1966 3695 2055 3761 qui
2096 3693 2251 3752 fecit.
2305 3693 2608 3746 indefinite.
2635 3692 2812 3758 Atque
2847 3691 2920 3743 ita
2948 3691 3079 3744 dicit
3117 3691 3355 3741 maxime
3408 3702 3559 3741 cura:

1966 3784 2132 3838 fuisse
2169 3781 2278 3835 Deo
2310 3782 2544 3851 coniugii
2595 3782 2819 3844 bonum,
2872 3791 2929 3834 ut
3015 3780 3329 3850 permiserit
3386 3779 3557 3834 etiam

1964 3885 2220 3946 parentes
2260 3874 2487 3939 dimitti,
2517 3884 2572 3927 et
2628 3874 2762 3927 viris
2797 3874 3101 3927 adhaerere.
3140 3870 3425 3937 Quomodo
3454 3884 3557 3923 au-

1965 3978 2071 4021 tem
2106 3967 2160 4021 in
2194 3966 2391 4022 Genesi
2423 3967 2683 4023 scrinium
2710 3976 2794 4021 est
2822 3982 2834 4017 :
2875 3967 3044 4020 Adam
3074 3966 3233 4029 dixit,
3259 3963 3557 4033 Propterea

1962 4062 2177 4115 deseret
2223 4061 2383 4115 homo
2448 4067 2658 4129 patrem
2714 4075 2872 4113 sumn
2927 4069 2982 4114 et
3020 4069 3249 4113 matrem
3311 4057 3402 4125 ³¹;
3468 4055 3558 4110 hic

1960 4166 2140 4211 autem
2173 4154 2305 4208 dicit
2332 4152 2623 4207 Christus:
2655 4151 2794 4206 Deus
2814 4152 2975 4219 dixit,
3002 4149 3554 4221 Proptereaideseret,

1960 4262 2025 4301 ac
2049 4246 2293 4301 czetera?
2348 4244 2592 4299 Dicimus
2630 4245 2797 4315 igitur
2839 4245 2986 4311 quod
3019 4252 3072 4296 et
3108 4243 3157 4296 id
3188 4242 3334 4313 quod
3383 4240 3554 4295 Adam

1958 4340 2197 4405 dixil,ex
2224 4337 2333 4395 Deo
2354 4338 2512 4401 dixit,
2534 4347 2699 4405 atque
2725 4338 2797 4390 ita
2820 4350 3002 4390 sermo
3017 4334 3145 4388 Adae
3188 4333 3278 4387 Dei
3316 4342 3423 4387 est.
3449 4330 3559 4401 ἰδία

1961 4444 2046 4488 tur
2073 4435 2197 4501 quia
2222 4448 2327 4487 una
2356 4445 2485 4486 caro
2507 4429 2633 4483 facti
2665 4438 2812 4492 sunt,
2832 4437 2886 4483 et
2908 4437 3128 4496 propter
3155 4426 3359 4480 coitum
3385 4432 3441 4478 et
3462 4441 3560 4479 na.-

1961 4521 2191 4575 turalcm
2212 4535 2451 4574 amorem
2479 4520 2819 4574 cohaerentes
2842 4536 2853 4571 :
2876 4518 3017 4571 sicut
3036 4517 3261 4585 impium
3287 4526 3371 4570 est
3398 4530 3554 4570 suam

254 4620 433 4667 νοντο,
497 4604 594 4657 καὶ
641 4604 727 4659 διὰ
757 4605 855 4675 τὴν
883 4607 1030 4677 μίξιν
1079 4611 1173 4663 καὶ
1208 4610 1305 4681 τὴν
1334 4614 1572 4683 φυσικὴν
1602 4616 1838 4684 στοργὴν

1957 4627 2165 4669 :arnem
2196 4612 2459 4676 dividere,
2496 4612 2565 4664 ita
2599 4619 2653 4664 et
2682 4609 2939 4680 coniuges
2965 4610 3242 4663 divellere.
3276 4607 3390 4663 Non
3420 4608 3558 4662 dixit

254 4697 611 4768 κολλώμενοι,
646 4698 837 4771 ὥσπερ
870 4702 1065 4769 ὲναγές
1102 4702 1221 4755 ἐστι
1250 4704 1309 4756 τὸ
1336 4704 1435 4774 τὴν
1466 4707 1673 4758 οἰκείαν
1707 4707 1841 4778 σάρ-

258 4803 334 4845 κα
356 4792 594 4859 τέμνειν,
624 4792 766 4845 οὔτω
788 4795 880 4845 καὶ
910 4794 971 4845 τὸ
997 4794 1234 4866 διασπᾷν
1260 4797 1385 4864 τοὺς
1416 4796 1705 4864 συζύγους·
1742 4798 1843 4851 οὐκ

257 4879 382 4938 εἶπε
418 4883 495 4946 δὲ,
535 4886 626 4954 Μὴ
657 4887 937 4956 χωριζέτω
978 4888 1209 4957 Μωσῆς.
1237 4888 1326 4940 ἶνα
1369 4890 1445 4958 μὴ
1502 4892 1719 4963 ταράξῃ
1746 4893 1846 4944 αύ-

253 4974 407 5037 τοὺς,
446 4975 585 5040 ἀλλ’,
634 4977 921 5047 ἅνθρωπος
944 4980 1160 5043 ἁπλῶς,
1188 4980 1450 5036 δεικνύων
1469 4982 1529 5034 τὸ
1554 4984 1719 5053 μέσον
1749 4982 1845 5037 τοῦ

257 5066 622 5132 συζεύξαντος
651 5068 786 5121 Θεοῦ
814 5074 907 5122 καὶ
934 5070 1030 5123 τοῦ
1078 5072 1389 5137 διαλύοντος
1420 5073 1517 5127 ἀνθ
1529 5073 1737 5144 ρώπου.

336 5177 354 5206 ι
380 5160 646 5225 Λέγουσιν
673 5160 845 5231 αὐτῷ,
874 5162 940 5215 Τί
968 5160 1062 5216 οὖν
1092 5165 1300 5234 Μωσῆς
1333 5166 1637 5221 ἐνετείλατο
1661 5166 1845 5220 δοῦναι

256 5250 465 5321 βιϐλίον
488 5254 848 5318 ἀποστασίου,
880 5259 973 5309 καὶ
1002 5259 1275 5312 ἀπολῦσαι
1301 5260 1473 5332 αὑτήν
1498 5270 1515 5327 ;“
1542 5262 1703 5329 Λέγει
1740 5263 1845 5314 αύ-

255 5346 397 5408 τοῖς,
450 5345 533 5397 ὅτι
590 5348 797 5417 Μωσῆς
847 5350 984 5419 πρὸς
1039 5352 1139 5422 τὴν
1197 5354 1639 5424 σκληροκαρδίαν
1689 5354 1845 5423 ὑμῶν

256 5438 562 5509 ἐπέτρεψεν
609 5442 740 5510 ὑμῖν
793 5443 1065 5499 ἀπολῦσαι
1107 5446 1207 5509 τάς
1238 5451 1509 5515 γυναῖκας
1536 5448 1715 5517 ὑμῶν,
1748 5449 1845 5501 ἀπ’

254 5530 434 5603 ἀρχῆς
466 5532 522 5585 δὲ
551 5533 613 5586 οὐ
651 5535 871 5603 γέγονεν
896 5536 1086 5600 οὕτως.
1126 5539 1286 5607 Λέγω
1323 5540 1380 5593 δὲ
1418 5540 1546 5609 ὑμῖν
1576 5542 1658 5593 ὅτι
1684 5539 1740 5604 ὃς
1775 5539 1842 5595 ἂν

331 5714 377 5745 ³⁸
411 5714 565 5769 Deut.
598 5731 748 5783 xxiv,
775 5720 829 5774 3.
940 5720 979 5751 ³¹
1017 5718 1152 5774 Gen.
1180 5736 1241 5776 ιι.
1281 5722 1373 5775 Ἡ.

336 5894 421 5968 (α)
458 5896 599 5955 Edit.
630 5899 752 5956 Lut.
782 5902 988 5970 omisit,
1021 5913 1071 5959 et
1109 5915 1360 5960 matrem.

1950 4719 2154 4770 autem,
2178 4705 2256 4761 Ne
2287 4714 2505 4776 separet
2524 4692 2720 4769 Moses,
2746 4722 2811 4759 ne
2841 4704 3236 4769 turbaretillos,
3254 4705 3367 4767 sed,
3393 4702 3561 4757 homo

1959 4800 2310 4870 simpliciter:
2346 4798 2639 4852 ostendens
2665 4808 2929 4867 quantum
2961 4797 3179 4851 intersit
3202 4797 3344 4850 inter
3385 4792 3556 4848 Deum

1957 4891 2469 4960 conjungeutem,et
2501 4887 2779 4943 hominem
2814 4889 3133 4943 solventem.

2026 5150 2193 5223 Vsus.
2220 5167 2331 5223 7-9.
2372 5186 2390 5219 ι
2430 5166 2624 5221 Dicunt
2662 5165 2757 5232 illi,
2795 5164 2906 5220 Cur
2965 5164 3127 5234 igitur
3168 5161 3345 5219 Moses
3395 5160 3559 5234 iussit

1958 5263 2088 5317 dare
2116 5262 2356 5316 libellum
2395 5261 2631 5329 repudii,
2668 5269 2722 5314 et
2759 5258 3039 5313 dimittere
3090 5260 3247 5312 eam?
3294 5257 3383 5310 Ait
3428 5257 3553 5319 illis,

1958 5356 2141 5410 Moses
2166 5354 2233 5408 ad
2273 5355 2531 5407 duritiam
2554 5353 2735 5408 cordis
2774 5352 2943 5406 vestri
2988 5350 3241 5420 permisit
3272 5351 3426 5406 vobis
3466 5363 3557 5402 re-

1956 5448 2184 5520 pudiare
2218 5461 2413 5501 uxores
2449 5458 2683 5511 vestras,
2716 5456 2974 5500 caeterum
3004 5443 3072 5497 ab
3106 5443 3263 5498 initio
3298 5457 3410 5498 non
3450 5441 3555 5497 fuit

1956 5540 2061 5595 sic.
2091 5537 2219 5593 Dico
2245 5546 2425 5593 autem
2459 5538 2634 5601 vobis.
2663 5537 2806 5608 quod
2838 5537 3151 5607 quicunque
3180 5531 3552 5607 repudiaverit
