4080 6336
609 403 714 468 3ἱ1

1445 391 2021 454 TIIEUPHYLACTI
2063 385 2474 451 RULGARL-E
2517 384 2870 446 ARCHlEP.

3729 373 3834 439 352

614 531 840 572 uxorem
871 529 1043 578 suam,
1073 509 1174 566 nisi
1201 509 1267 564 oh
1303 516 1566 578 stuprum,
1595 516 1649 560 et
1676 507 1833 559 aliam
1865 503 2099 568 duxerit,
2130 503 2173 555 is

2293 497 2524 570 ἰπολύσῃ
2575 496 2675 565 τὴν
2734 497 2969 564 γυναῖκα
3015 492 3179 547 αὑτοῦ
3229 491 3302 563 μὴ
3351 490 3442 544 ἐπὶ
3475 489 3725 560 πορνείᾳ,
3754 488 3846 541 καὶ

610 607 897 664 committit
918 603 1257 659 adulterinum.
1289 601 1351 653 Et
1379 600 1468 657 qui
1503 599 1831 666 repudiatam
1867 595 2096 658 duxerit,
2126 595 2170 646 is

603 697 930 763 adulterium
999 693 1307 747 committit.
1357 709 1376 742 ι
1416 689 1549 745 Cum
1611 690 1874 741 vidissent
1919 685 2169 740 Phariszci

615 791 752 856 quod
775 787 1029 840 Dominus
1053 785 1195 852 ipsos
1212 784 1562 843 c0ttftttassel,
1588 783 1754 834 coacti
1784 780 1998 833 fuerunt
2029 786 2173 845 post-

601 894 678 934 .ea
711 879 758 928 in
792 876 1022 928 mrdium
1068 873 1260 927 nll'erre
1294 871 1475 926 Mosen
1523 869 1978 924 contradicenlcm
2023 865 2174 920 Chri—

618 986 644 1024 s
672 985 732 1022 o:
760 976 811 1020 et
831 968 1034 1025 dicunt,
1058 963 1334 1029 Quomodo
1363 945 1523 1032 igitur
1544 961 1716 1014 Moses
1745 959 2012 1026 mandavit
2049 959 2175 1011 dare

619 1061 814 1113 librum
846 1058 1070 1124 repudii,
1106 1067 1154 1111 ct
1204 1053 1511 1108 dimittere?
1558 1055 1719 1122 Igitur
1768 1045 2023 1106 DOInintts
2059 1066 2176 1121 ver-

622 1162 737 1202 tens
789 1164 1002 1202 omnem
1049 1148 1447 1202 aCCusationem
1499 1146 1554 1198 in
1612 1145 1821 1198 illorum
1866 1152 2044 1210 caput,
2079 1158 2177 1210 pro

619 1239 765 1293 Noae
796 1238 1080 1307 l't‘SpOltdcl.
1112 1253 1174 1290 ac
1206 1238 1364 1291 dicit:
1409 1235 1523 1289 Non
1558 1236 1825 1288 contraria
1865 1234 1972 1288 Deo
2004 1232 2176 1287 Moses

620 1330 921 1392 constituit,
953 1327 1044 1382 sed
1074 1329 1138 1379 ad
1162 1337 1393 1379 vestram
1419 1326 1674 1379 duritiam
1715 1323 1816 1378 hoc
1859 1324 2173 1393 pronuntia-

619 1422 733 1473 vit:
781 1434 846 1472 ne
880 1429 1094 1486 propter
1121 1416 1584 1485 intemperantiam
1621 1414 1858 1467 volentes
1892 1414 2011 1468 aliis
2043 1429 2174 1467 con-

614 1510 785 1578 iungi,
814 1509 1131 1562 occideretis
1163 1509 1366 1575 primas
1412 1520 1628 1558 uxores.
1668 1502 1800 1557 Nam
1844 1513 2179 1579 cumesseut

620 1601 918 1661 inhumani,
944 1599 1270 1652 occidis-sent
1300 1611 1515 1661 uxores,
1539 1596 1580 1649 si
1612 1599 1781 1650 coacti
1814 1595 2039 1650 fuissent
2066 1611 2180 1651 ser-

621 1705 748 1744 vare
778 1691 930 1744 illas:
963 1705 1104 1743 nunc
1134 1703 1313 1743 autem
1350 1690 1582 1744 libellum
1616 1689 1833 1744 divortii
1865 1687 2030 1758 jussit
2065 1689 2177 1742 dari

626 1785 707 1836 his
742 1799 860 1851 qua
907 1799 936 1837 a
986 1785 1117 1838 viris
1161 1784 1286 1836 odio
1319 1784 1676 1837 habebantur.
1715 1784 1824 1851 Ego
1851 1794 2029 1836 autem
2062 1783 2179 1837 dico

623 1849 794 1935 vobis,
840 1873 1036 1941 inquit,
1071 1875 1211 1942 quod
1261 1875 1456 1927 bonum
1497 1883 1580 1928 est
1621 1849 1844 1928 uxorem
1871 1889 1987 1941 quae
2017 1873 2183 1926 iurni-
2217 1849 2258 1907 Β

624 1975 742 2016 cata
766 1972 867 2024 est,
903 1964 1116 2029 ejicere,
1151 1973 1404 2031 tanquam
1436 1964 1756 2018 adulteram.
1788 1945 1846 2018 Si
1870 1966 1990 2030 quis
2008 1975 2183 2019 autem

621 2053 844 2115 eiecerit
875 2053 1106 2120 aliquam
1141 2067 1260 2121 qua:
1303 2070 1406 2106 non
1456 2061 1538 2107 est
1581 2053 1867 2117 fornicata,
1908 2065 2099 2109 auctor
2141 2054 2185 2086 “

627 2145 689 2196 l'tt
732 2143 802 2197 illi
845 2144 1109 2197 adulterii.
1165 2144 1405 2214 luteilige
1435 2155 1615 2198 autem
1649 2148 1787 2214 quod
1835 2147 1923 2216 qui
1953 2149 2188 2202 adhazret

629 2233 872 2296 Domitio,
907 2248 1046 2286 unus
1085 2235 1305 2302 spiritus
1340 2243 1442 2297 est,
1485 2244 1538 2288 et
1579 2235 1882 2304 conjugium
1919 2247 2003 2291 est
2044 2235 2187 2292 ﬁdeli

626 2339 745 2376 cum
776 2323 1010 2378 Christo.
1051 2323 1250 2380 Omnes
1281 2327 1422 2379 enim
1450 2328 1586 2381 idem
1621 2343 1818 2396 corpus
1845 2327 1971 2383 lacti
2003 2343 2187 2383 sunms

625 2427 744 2467 eum
780 2429 864 2480 eo,
907 2424 961 2467 et
1006 2430 1071 2467 ex
1122 2428 1272 2484 parte
1308 2419 1548 2472 membra
1583 2419 1784 2474 Christi
1831 2435 2036 2474 sumus.
2071 2421 2185 2474 Non

627 2503 786 2570 igitur
825 2513 970 2558 recte
1015 2506 1137 2572 quis
1186 2517 1360 2574 potest
1415 2511 1653 2577 separari
1709 2525 1738 2564 a
1788 2511 2034 2580 conjugio
2075 2512 2185 2575 tali,

521 2609 528 2616 ·
620 2593 775 2662 juxta
799 2610 1098 2652 sermonem
1131 2597 1279 2650 Pauli
1319 2599 1567 2666 dicentis,
1601 2620 1617 2652 ι
1642 2601 1772 2668 Quis
1803 2617 1900 2656 nos
1925 2605 2192 2670 separabit

626 2703 658 2740 a
687 2688 968 2742 dilectione
991 2689 1190 2745 Christi
1207 2691 1286 2744 ".1
1311 2709 1331 2742 ι
1360 2690 1490 2757 Quae
1519 2691 1680 2759 igitur
1719 2692 1857 2747 Deus
1886 2693 2188 2763 conjunxit,

628 2793 800 2847 neque
824 2780 1004 2844 homo,
1033 2797 1204 2851 neque
1231 2781 1336 2836 alia
1365 2793 1634 2848 creatura,
1663 2797 1835 2852 neque
1862 2783 2057 2853 angeli,
2099 2800 2193 2840 ne-

627 2867 732 2936 que
756 2871 1105 2938 principatus,
1144 2888 1315 2941 neque
1354 2881 1644 2943 potestates
1678 2873 1760 2945 (ut
1805 2871 2003 2928 Paulus
2041 2875 2193 2949 dicit)

626 2975 875 3027 separare
906 2971 1175 3030 poterunt.

700 3142 984 3251 VIEBS.-10.
1022 3165 1040 3198 ι
1083 3146 1349 3204 θί·ουιιιεί
1382 3147 1632 3220 discipuli
1668 3151 1820 3220 ejus:
1856 3151 1910 3207 Si
1936 3152 2000 3205 ad
2030 3153 2191 3209 istum
2217 3190 2260 3251 ε

631 3240 843 3289 modum
875 3238 1026 3292 habet
1050 3254 1209 3293 causa
1242 3241 1476 3296 hominis
1505 3257 1627 3297 cum
1668 3259 1858 3308 uxore,
1894 3260 1997 3298 non
2026 3261 2192 3315 expe-

628 3329 1042 3384 ditcontrahere
1070 3333 1490 3387 matrimonium.
1533 3353 1550 3386 ι
1588 3333 1896 3391 Turhantur
1918 3337 2189 3408 discipuli,

628 3428 683 3471 et
715 3421 942 3474 dicunt:
982 3421 1037 3476 Si
1092 3435 1370 3490 propterea
1425 3425 1696 3494 conjuncti
1743 3435 1888 3493 sunt,
1925 3441 1981 3481 nt
2028 3446 2189 3485 unum

632 3513 760 3574 sint,
811 3522 863 3565 et
904 3512 1148 3566 indivulsi
1213 3524 1464 3568 maneant
1510 3532 1602 3584 per
1657 3533 1872 3572 omnem
1901 3520 2086 3586 vitam,
2135 3531 2194 3575 ut

632 3602 794 3655 etiam
836 3603 879 3656 si
905 3603 1146 3670 improba
1177 3605 1374 3673 alioqui
1408 3609 1477 3660 sit
1518 3608 1727 3669 mulier,
1751 3624 1867 3662 eam
1902 3611 2052 3679 101
2092 3611 2192 3678 eji-

630 3707 752 3746 (ιι-το
782 3709 885 3746 non
913 3695 1096 3748 liceat:
1144 3712 1247 3749 non
1282 3700 1498 3767 expedit
1540 3702 1942 3756 matrimonium
1979 3713 2194 3758 contra-

634 3785 762 3837 here
795 3803 807 3839 :
839 3787 1005 3840 levius
1039 3788 1198 3841 fuerit
1257 3790 1661 3846 matrimonium
1694 3809 1798 3848 non
1846 3801 2190 3864 contrahere,

634 3874 724 3927 sed
760 3892 991 3944 pugnare
1028 3889 1080 3931 et
1117 3889 1327 3933 certare
1375 3896 1495 3935 cum
1533 3884 1865 3940 naturalibus
1906 3889 2192 3958 concupis-

634 3969 846 4028 centiis,
889 3985 1047 4037 quam
1083 3975 1347 4026 sustinere
1401 3975 1594 4028 malam
1629 3977 1926 4033 mulierem.
1960 3980 2191 4036 Causam

633 4059 778 4110 enim
806 4060 1035 4113 hominis
1067 4077 1187 4115 cum
1218 4065 1438 4118 muliere
1474 4067 1601 4119 dicit
1629 4078 1941 4137 perpetuam
1963 4080 2017 4124 et
2058 4074 2196 4127 inse-

637 4151 924 4215 parabilem
958 4155 1230 4204 unionem.
1263 4153 1512 4207 Nonnulli
1551 4168 1726 4210 autent
1766 4170 1821 4213 et
1871 4163 1949 4214 sic
1996 4162 2194 4216 intelli-

637 4250 798 4305 gunt:
829 4241 881 4291 Si
910 4242 984 4293 sic
1013 4250 1093 4292 ρει
1128 4257 1282 4294 causa
1311 4244 1563 4312 hominis,
1593 4249 1691 4302 hoc
1718 4257 1818 4314 est,
1839 4251 1882 4304 si
1907 4255 2195 4319 reprehen-

638 4327 843 4378 sionem
882 4339 933 4381 ct
976 4331 1182 4389 culpam
1225 4333 1502 4386 ltabilttt‘tts
1541 4346 1620 4389 est
1666 4339 1767 4403 vir,
1813 4350 1869 4391 nt
1924 4341 2196 4408 illegitinte

635 4419 1217 4485 leClttlUXIll'Cltl,l10ll
1265 4428 1480 4490 expedit
1530 4429 1927 4483 matrimonium
1975 4444 2192 4493 contra-

635 4514 783 4566 lte:c.

713 4606 871 4657 V'Etts.
915 4607 997 4657 ll.
1043 4624 1060 4655 ι
1099 4606 1164 4657 At
1193 4607 1278 4658 illc
1310 4606 1441 4660 dixit
1481 4608 1620 4662 illis:
1662 4609 1774 4663 Non
1811 4627 1998 4665 omnes
2027 4629 2192 4681 c-tpa-

645 4715 734 4749 ενδ
766 4708 884 4750 sunt
912 4698 1067 4765 hujus
1088 4698 1237 4760 dicti,
1278 4702 1371 4752 sed
1402 4703 1593 4769 quibus
1641 4703 1821 4757 datum
1851 4719 1950 4758 est.
1983 4725 2000 4756 ι
2036 4708 2192 4760 Post-

637 4805 793 4857 quam
839 4791 1085 4842 dixerunt
1130 4793 1379 4858 apostoli,
1439 4794 1629 4849 melius
1682 4811 1801 4851 esse
1863 4815 1965 4850 non
2015 4801 2195 4855 venite

638 4886 700 4934 al
735 4885 967 4950 nuptias,
1005 4884 1133 4935 dicit
1168 4881 1424 4939 Dominus
1456 4902 1696 4955 magnam
1728 4904 1847 4943 esse
1876 4891 2196 4958 virginitatis

641 4975 1051 5040 possessionem,
1112 4988 1167 5027 at
1210 4990 1328 5030 eam
1375 4993 1477 5034 nou
1513 4980 1577 5030 ab
1612 4981 1860 5036 omnibus
1895 4996 2038 5036 recte
2083 4998 2196 5037 scr-

639 5069 773 5128 Vari,
814 5069 904 5118 sed
951 5067 1018 5116 ah
1065 5067 1146 5119 his
1187 5069 1468 5133 duntaxat,
1498 5086 1726 5138 quorum
1765 5087 2086 5142 cooperator
2111 5085 2196 5129 est

640 5156 798 5209 Deus.
826 5156 956 5210 Nam
985 5160 1082 5211 hoe
1110 5159 1222 5212 loco
1251 5163 1427 5215 datum
1461 5175 1556 5229 est,
1612 5165 1768 5225 valet,
1799 5169 1984 5232 quibus
2015 5185 2198 5235 coope-

641 5265 788 5300 rmur
825 5251 980 5303 Deus.
1017 5250 1124 5302 Illis
1167 5263 1341 5305 autent
1387 5257 1560 5320 datur,
1595 5260 1684 5325 qui
1716 5269 1918 5324 petunt,
1965 5279 1980 5307 ι
2021 5263 2196 5315 Petite

639 5355 807 5405 enim,
851 5341 1046 5408 inquit,
1105 5352 1156 5395 et
1208 5345 1419 5396 dabitur
1466 5349 1616 5402 vobis
1670 5349 1730 5401 ³⁸.

640 5428 834 5494 inquit,
871 5433 960 5499 qui
990 5434 1139 5496 petit,
1177 5435 1373 5502 accipit
1409 5435 1474 5488 ".
1510 5455 1522 5475 ν

719 5518 997 5577 Venuli.
1034 5541 1052 5573 ι
1101 5522 1238 5576 Sunt
1273 5526 1414 5579 enim
1458 5531 1712 5593 eunuchi,
1747 5533 1838 5600 qui
1891 5536 1954 5587 de
2015 5538 2200 5592 matris

646 5625 799 5667 utero
832 5614 908 5668 sic
939 5616 1047 5670 nati
1076 5628 1231 5672 Sunt:
1279 5628 1332 5672 et
1372 5630 1488 5673 sunt
1526 5629 1754 5678 euuuulti
1790 5628 1877 5695 qui
1915 5628 2042 5682 facti
2075 5640 2199 5683 sunt

1806 5348 1994 5407 Omnis
2027 5354 2193 5416 Cttittt,

2279 591 2503 661 γαμήσῃ
2522 591 2707 660 ἄλλην,
2745 589 3022 659 μοιχᾶται.
3048 585 3154 639 Καὶ
3181 587 3208 638 6
3233 583 3643 653 ἀπολελυμένην
3662 583 3846 650 γαμή-

2281 701 2398 745 σας,
2437 684 2714 752 μοιχᾶται.
2749 702 2767 735 ι
2807 682 2870 736 Οί
2891 679 3172 750 Φαρισαῖοι
3217 676 3412 736 ἰδόντες
3441 674 3522 727 ὃτι
3574 676 3604 725 6
3645 673 3847 739 Κύριος

2279 775 2640 842 ἐπεστόμισεν
2676 772 2898 836 αὐτοὺς,
2939 766 3360 837 ἠναγκάσθησαν
3406 763 3612 828 λοιπὸν,
3646 764 3741 814 καὶ
3769 762 3849 823 εἰς

2285 866 2446 937 μέσον
2503 867 2695 931 ἄγουσι
2744 865 2835 917 τὸν
2895 861 3138 928 Μωῦσῆν
3198 855 3725 925 ἀντινομοθετοῦντα
3771 853 3846 916 τῷ

2283 956 2499 1024 Χριστῷ
2528 996 2541 1018 ,
2580 954 2673 1008 καί
2724 969 2879 1020 φασι·
2918 952 3040 1015 Πῶς
3065 946 3158 1002 οὖν
3191 948 3391 1010 Μωσῆς
3421 946 3725 997 ἐνετείλατο
3761 941 3844 1009 βι-

2282 1046 2427 1100 ϐλίον
2467 1045 2796 1098 ἀποστασίου
2851 1043 3059 1105 δοῦναι,
3124 1038 3219 1091 καὶ
3286 1036 3581 1099 ἀπολύειν;
3635 1033 3693 1084 '0
3755 1025 3846 1082 οὖν

2284 1139 2486 1207 Κύριος
2513 1137 2862 1207 περιτρέπων
2902 1135 2963 1186 τὸ
2985 1135 3092 1186 πᾶν
3123 1134 3220 1200 τῆς
3255 1127 3589 1197 κατηγορίας
3621 1125 3702 1186 είς
3747 1122 3844 1191 τὴν

2285 1233 2508 1285 ἐκείνων
2544 1229 2822 1297 κεφαλὴν,
2878 1228 3016 1296 ὑπὲρ
3066 1225 3308 1285 Μωσέως
3348 1220 3723 1287 ἀπολογεῖται,
3760 1215 3849 1267 καί

2286 1339 2474 1392 φησιν·
2511 1323 2625 1374 Οὐκ
2670 1320 2890 1372 ἐναντία
2924 1317 3001 1387 τῷ
3055 1315 3174 1384 θεῷ
3224 1315 3251 1366 6
3307 1315 3511 1380 Μωσῆς
3545 1306 3852 1378 νομοθετῶν

2289 1414 2441 1467 τοῦτό
2494 1429 2681 1483 φησιν,
2718 1411 2853 1465 ἀλλά
2898 1411 3032 1482 πρὸς
3084 1409 3181 1476 τὴν
3234 1406 3506 1475 ὑμετέραν
3551 1400 3853 1470 μοχθηρίαν

2288 1506 2445 1559 τοῦτο
2492 1503 2903 1574 ἐνομοθέτησεν’
2950 1502 3037 1554 ἴνα
3073 1501 3147 1570 μὴ
3181 1499 3245 1550 δι’
3283 1494 3576 1549 ἀκολασίαν
3611 1492 3855 1551 θέλοντες

2288 1599 2500 1668 ἑτέραις
2545 1599 2800 1661 συνεῖναι,
2854 1593 3074 1663 ἀνέλητε
3103 1592 3199 1653 τὰς
3261 1588 3530 1657 προτέρας
3568 1585 3852 1652 γυναῖκας.

2302 1693 2555 1761 ’Δπηνεῖς
2597 1689 2708 1759 γάρ
2751 1690 2925 1750 ϐντες,
2964 1688 3218 1754 ἐφόνευον
3268 1684 3332 1737 ἀν
3360 1684 3458 1744 τὰς
3491 1683 3781 1748 γυναῖκας,
3807 1679 3855 1729 εἰ

2287 1781 2664 1854 ἠναγκάζοντο
2713 1781 2967 1850 κατέχειν
3001 1779 3190 1840 αὐτάς.
3239 1777 3353 1829 Νῦν
3380 1775 3434 1827 δὲ
3475 1773 3681 1842 βιϐλίον
3720 1773 3857 1823 ἀπο-

2290 1875 2508 1928 στασίου
2547 1871 2844 1942 προσέταξε
2893 1870 3094 1922 διδόναι
3149 1870 3267 1928 ταῖς
3313 1867 3680 1935 μισουμέναις
3711 1859 3858 1932 παρὰ

2286 1970 2393 2021 τῶν
2415 1966 2640 2036 ἀνδρῶν.
2661 1963 2802 2032 Ἐγὼ
2831 1963 2888 2016 δὲ
2932 1962 3075 2027 λέγω
3107 1961 3252 2029 ὑμῖν,
3286 1959 3472 2028 φησιν,
3498 1959 3580 2010 ὅτι
3607 1960 3709 2026 τὴν
3734 1970 3864 2023 πορ-

2288 2059 2574 2112 νευθεῖσαν
2626 2058 2862 2124 γυναῖκα
2921 2053 3084 2107 καλὸν
3117 2051 3397 2104 ἐκϐάλλειν
3431 2049 3504 2112 ὡς
3551 2046 3858 2117 μοιχαλίδα·

2289 2153 2385 2205 ἐὰν
2423 2151 2478 2202 δὲ
2641 2148 2717 2218 μὴ
2743 2146 3135 2218 πορνευθεῖσαν
3176 2144 3386 2213 ἐκϐάλῃ
3416 2159 3500 2204 τις
3525 2181 3538 2206 ,
3577 2139 3865 2210 παραίτιος

2290 2246 2425 2314 αὐτῇ
2458 2244 2670 2312 γίνεται
2717 2242 2980 2311 μοιχείας’
3011 2239 3119 2292 νὸει
3151 2238 3208 2290 δὲ
3239 2238 3333 2289 καὶ
3363 2235 3543 2297 τοῦτο,
3580 2235 3663 2286 ὅτι
3689 2233 3718 2284 6
3747 2231 3867 2283 κολ-

2291 2336 2530 2404 λώμενος
2561 2334 2637 2404 τῷ
2670 2333 2882 2403 Κυρίῳ,
2935 2329 2992 2384 ἓν
3023 2329 3243 2398 πνεῦμά
3307 2329 3448 2389 ἐστι,
3499 2326 3594 2377 καὶ
3631 2322 3864 2388 συζυγία

2292 2427 2499 2496 γίνεται
2543 2425 2621 2495 τῷ
2654 2423 2830 2493 πιστῷ
2862 2421 3002 2492 πρὸς
3047 2419 3300 2490 Χριστόν.
3354 2419 3563 2479 Πάντες
3599 2416 3712 2484 γὰρ
3740 2415 3868 2466 σύσ-

2295 2534 2467 2587 σωμοι
2519 2517 2826 2586 γεγόναμεν
2885 2513 3057 2583 αὐτῷ.
3097 2513 3191 2565 καὶ
3225 2511 3362 2582 μέλη
3403 2512 3466 2562 ἐκ
3496 2509 3701 2578 μέρους
3730 2509 3867 2577 Χρι-

2294 2610 2422 2663 οτοῦ
2455 2627 2613 2679 σμεν.
2661 2608 2857 2670 Καλῶς
2899 2604 2993 2660 οὖν
3025 2605 3086 2658 οὑ
3125 2604 3348 2656 δύναταί
3377 2619 3459 2660 τις
3503 2601 3744 2670 χωρίσαι
3772 2599 3864 2667 τὴν

2291 2680 2547 2771 τοιαῦτην
2588 2700 2874 2767 συζυγίαν,
2931 2697 3074 2750 κατὰ
3127 2695 3219 2747 τὸν
3270 2693 3364 2746 τοῦ
3418 2691 3637 2745 Παύλου
3688 2690 3866 2756 λόγον.

2292 2790 2558 2858 λέγοντος·
2596 2808 2614 2841 ι
2651 2789 2746 2851 Τίς
2781 2789 2929 2859 ἡμᾶς
2963 2787 3187 2857 χωρίσει
3225 2784 3334 2838 ἀπὸ
3374 2783 3472 2853 τῆς
3507 2781 3734 2851 ἀγάπης
3774 2778 3869 2833 τοῦ

2295 2881 2529 2950 Χριστοῦ
2549 2897 2563 2945 ;
2595 2899 2614 2932 ι
2630 2882 2696 2933 Ἀ
2717 2879 2808 2934 οὖν
2838 2881 2866 2932 6
2892 2879 3023 2941 Θεὸς
3053 2875 3394 2941 συνέζευξεν,
3415 2873 3538 2927 οὕτε
3557 2873 3870 2941 ἄνθρωπος,

2292 2975 2417 3029 οὔτε
2470 2992 2551 3037 τις
2598 2974 2762 3043 ἑτέρα
2811 2972 3011 3034 κτίσις,
3068 2969 3191 3023 οὔτε
3246 2968 3489 3036 ἄγγελοι,
3522 2965 3648 3020 οὔτε
3677 2963 3868 3036 ἀρχαὶ,

2295 3066 2420 3120 οὔτε
2458 3064 2715 3129 ἐξουσίαι,
2750 3062 2822 3125 ὼς
2851 3065 2878 3115 ὁ
2911 3061 3118 3123 Παῦλός
3145 3077 3298 3128 φησι,
3327 3059 3561 3130 χωρίσαι
3591 3057 3870 3110 δύνανται.

2373 3176 2392 3208 ι
2441 3158 2702 3224 Λέγουσιν
2756 3154 2902 3223 αὐτῷ
2957 3153 3008 3205 oi
3065 3151 3302 3220 μαθηται
3339 3148 3544 3202 αὑτοῦ·
3583 3148 3649 3200 Εἰ
3697 3145 3872 3207 οὕτως

2304 3252 2453 3303 ἐστὶν
2489 3249 2520 3316 ἡ
2571 3247 2719 3299 αἰτία
2759 3245 2853 3297 τοῦ
2886 3242 3171 3313 ἀνθρώπου
3202 3240 3339 3312 μετά
3373 3242 3472 3311 τῆς
3500 3240 3780 3310 γυναικὸς,
3809 3240 3874 3293 οὐ

2301 3340 2566 3410 συμφέρει
2605 3339 2872 3406 γαμῆσαι.
2919 3355 2937 3387 ι
2987 3334 3353 3397 Θορυϐοὕνται
3397 3335 3446 3386 οἱ
3478 3333 3740 3403 μαθηταὶ,
3777 3331 3874 3385 καί

2300 3451 2482 3502 φασιν,
2519 3433 2598 3484 ὅτι
2625 3432 2686 3483 Εἰ
2718 3430 2805 3482 διὰ
2835 3429 2994 3482 τοῦτο
3026 3428 3382 3497 συνήφθησαν
3415 3427 3500 3479 ἵνα
3545 3427 3604 3478 ἐν
3649 3419 3754 3478 ὦσι
3781 3427 3876 3478 καὶ

2298 3526 2654 3578 ἀδιάσπασῖοι
2690 3522 2891 3591 μένωσι
2944 3520 3077 3590 παρ’
3105 3520 3227 3574 ὅλον
3282 3519 3373 3571 τὸν
3425 3518 3559 3588 βίον,
3600 3517 3744 3570 ὥστε
3773 3518 3879 3571 κᾶν

2303 3616 2551 3685 μοχθηρά
2595 3614 2771 3677 ἄλλως
2911 3613 2943 3682 ἡ
2994 3611 3164 3682 γυνὴ,
3216 3611 3291 3682 μὴ
3335 3611 3539 3679 τολμᾷν
3588 3611 3876 3664 ὲ-κϐἀλλειν

2299 3710 2489 3778 αὐτὴν,
2545 3709 2604 3760 οὐ
2667 3707 2934 3776 συμφέρει
2966 3705 3214 3774 γαμῆσαι
3238 3720 3251 3734 ·
3286 3704 3617 3772 κουφότερον
3639 3704 3764 3772 ’γὰρ
3802 3705 3878 3774 μὴ

2299 3805 2520 3868 γαμεῖν,
2560 3802 2696 3852 ἀλλά
2735 3799 3002 3868 μάχεσθαι
3038 3797 3132 3850 καὶ
3170 3797 3419 3851 παλαίειν
3466 3800 3726 3865 φυσικαῖς
3759 3800 3878 3850 ἐπι-

2301 3893 2544 3960 θυμίαις,
2584 3891 2615 3958 ἢ
2649 3888 3172 3959 πονηρᾶςγυναικὺς
3209 3887 3516 3958 ἀνέχεσθαι.
3545 3887 3738 3938 Λὶτίαν
3769 3887 3876 3958 γὰρ

2302 3984 2584 4056 ἀνθρώπου
2644 3982 2777 4052 μετά
2834 3982 2934 4050 τῆς
2994 3981 3254 4048 γυναικὸς
3331 3979 3428 4052 τὴν
3505 3981 3878 4034 ἀδιάσπαστον

2302 4078 2492 4130 ἕνωσιν
2515 4076 2684 4146 λέγει·
2720 4076 2864 4139 τινὲς
2889 4076 2944 4127 δὲ
2971 4078 3062 4128 καὶ
3081 4076 3224 4127 οὕτω
3253 4075 3584 4139 νοοῦσιν,ὃτι
3615 4075 3676 4128 Εἰ
3705 4075 3876 4135 οὕτως

2303 4171 2446 4222 ἐστὶν
2503 4171 2535 4238 ἡ
2585 4169 2735 4222 αἰτία
2769 4168 2862 4220 τοῦ
2917 4167 3225 4237 ἀνθρώπου,
3279 4168 3580 4230 τουτέστιν,
3615 4168 3662 4219 εἰ
3697 4168 3878 4219 αἰτίαν

2302 4261 2469 4330 ἤγουν
2505 4260 2727 4329 μομφὴν
2760 4260 2853 4312 καὶ⁵
2884 4260 3225 4311 καταιτίασιν
3259 4259 3444 4328 μέλλει
3484 4258 3625 4322 ἕξειν
3665 4259 3693 4309 6
3738 4259 3877 4328 ἀνὴρ

2299 4353 2372 4414 ὼς
2407 4353 2689 4406 ἐκϐάλλων
2721 4353 2820 4420 τὴν
2860 4353 3098 4420 γυναῖκα
3128 4353 3487 4421 παρανόμως,
3516 4351 3576 4402 οὐ
3610 4353 3874 4420 συμφέρει

2301 4447 2576 4515 γαμῆσλμ

2372 4645 2389 4676 ι
2412 4626 2470 4678 Ὀ
2492 4625 2546 4676 δὲ
2584 4619 2736 4677 εἶπεν
2761 4624 2964 4686 αὐτοῖς·
2990 4622 3067 4679 Οὐ
3103 4624 3302 4686 πάντες
3324 4622 3566 4694 χωροῦσι
3589 4624 3682 4677 τὸν
3721 4624 3876 4692 λόγον

2296 4717 2504 4781 τοῦτον,
2542 4717 2655 4768 ἀλλ’
2685 4711 2765 4779 οἷς
2811 4716 3041 4768 δέδοται.
3087 4735 3104 4766 ι
3165 4716 3382 4786 Ἐπειδὴ
3430 4713 3582 4770 εἷπον
3609 4720 3658 4770 οἰ
3696 4719 3872 4788 μαθη-

2293 4809 2405 4871 ταὶ,
2438 4809 2518 4859 ὅτι
2543 4806 2791 4876 κρεῖττόν
2811 4809 2929 4858 ἐστι
2960 4806 3020 4858 τὸ
3056 4806 3130 4876 μὴ
3156 4807 3234 4868 εἰς
3257 4806 3434 4875 γάμον
3470 4808 3668 4871 ἐλθεῖν,
3705 4812 3870 4879 φησιν

2299 4902 2328 4952 6
2361 4899 2582 4966 Κύριος,
2620 4900 2700 4949 ὃτι
2762 4898 2901 4966 μέγα
2947 4899 3047 4966 μὲν
3102 4899 3161 4949 τὸ
3191 4900 3288 4966 τῆς
3328 4900 3628 4968 παρθενίας
3663 4902 3870 4972 χρῆμα,

2302 4991 2415 5044 ἀλλ’
2445 4991 2506 5041 οὐ
2547 4991 2678 5041 πᾶσι
2711 4988 3086 5058 κατορθωτὸν,
3123 4989 3236 5040 ἀλλ’
3281 4991 3512 5052 ἐκείνοις
3572 4996 3758 5059 μόνοις
3796 4987 3874 5056 οἷς

2303 5083 2553 5148 συνεργεῖ
2583 5082 2610 5132 6
2643 5079 2794 5142 Θεός.
2822 5077 2894 5132 Τὸ
2921 5081 3048 5150 γὰρ,
3088 5080 3350 5144 δέδοται,
3387 5083 3622 5134 ἐνταῦθα
3672 5090 3871 5151 κεῖται,

2304 5177 2422 5228 ἀντὶ
2450 5175 2564 5242 τοῦ,
2596 5171 2683 5242 οἷς
2713 5177 2998 5244 συνεργεῖ
3021 5181 3052 5231 ὁ
3090 5180 3256 5244 Θεός.
3276 5178 3536 5243 Ἐκείνοις
3569 5180 3626 5232 δὲ
3650 5182 3873 5246 δίδοται,

2303 5270 2412 5331 τοῖς
2447 5269 2707 5335 αἰτοῦσιν,
2747 5293 2765 5320 ι
2808 5272 3020 5323 Αἰτεῖτε
3061 5273 3188 5341 γὰρ,
3233 5278 3389 5340 φησι,
3423 5275 3520 5327 καὶ
3576 5274 3867 5344 δοθήσεται

2305 5362 2449 5429 ὑμῖν.
2481 5363 2729 5432 ἰιᾶςιγάρ
2760 5364 2786 5414 ὁ
2823 5363 3008 5429 αἰτῶν,
3041 5363 3327 5432 λαμϐάνει.
3363 5383 3382 5414 ι

2379 5558 2397 5589 ι
2450 5541 2566 5592 Εἰσὶ
2613 5539 2721 5610 γὰρ
2772 5541 3016 5612 εὐνοῦχοι
3045 5543 3239 5606 οἵτινες
3285 5544 3350 5597 ἐκ
3412 5542 3622 5606 κοιλίας
3669 5544 3876 5615 μητρὸς

2307 5635 2672 5704 ἐγεννήθησαν
2704 5633 2866 5700 οὕτω,
2895 5637 2987 5688 καὶ
3013 5636 3150 5690 εἰσὶν
3180 5635 3424 5707 εὐνοῦχοι
3462 5637 3660 5700 οἵτινες
3685 5639 3874 5692 εὔνου-

725 5793 766 5822 ⁸¹
801 5751 976 5846 ιέυτ.
1029 5809 1099 5858 γι,
1126 5793 1209 5848 17.
1291 5795 1332 5825 ⁸³
1373 5794 1528 5851 Rom.
1583 5815 1697 5864 rm,
1744 5801 1830 5856 '55.
1909 5804 1950 5834 ³³
1979 5803 2109 5860 Luc.
2144 5823 2189 5860 xI

2293 5851 2294 5857 η
2374 5808 2413 5840 ³⁵
2447 5806 2599 5864 Juan.
2637 5811 2857 5877 xvt,2l.
