4080 6336
246 385 352 452 35τι

859 383 1304 446 ENARRATIO
1347 382 1430 445 IN
1464 380 1970 446 EVANGELIUM
2012 379 2398 443 MATTHEI.
2428 403 2499 414 —
2524 378 2682 441 CAP.
2728 380 2894 442 XIX.

3429 389 3538 456 3'4

249 495 518 571 χίσθησαν
551 494 653 549 ὑπὸ
706 493 815 550 τῶν
877 493 1208 565 ἀνθρώπων,
1241 494 1340 548 καὶ
1397 495 1537 548 είσὶν
1580 493 1828 566 εὐνοῦχοι

1934 492 2174 548 eunuchi
2202 492 2271 547 ab
2297 490 2607 546 hominibus
2639 509 2651 546 :
2684 501 2739 546 et
2770 503 2900 548 Sltttt
2929 489 3167 548 eunuchi
3201 495 3293 563 qui
3326 500 3536 566 scipsus

242 589 447 650 οἵτινες
475 585 796 655 εὐνούχισαν
843 585 1071 648 ἑαυτοὺς
1121 585 1211 638 διὰ
1253 585 1356 654 τὴν
1412 585 1694 656 βασιλείαν
1725 585 1832 640 τῶν

245 679 516 752 οὐρανῶν.
559 679 618 732 ὀ
646 677 945 748 δυνάμενος
983 680 1204 748 χωρεῖν,
1233 678 1509 748 χωρείτω.
1539 697 1557 732 ι
1583 679 1826 747 Ὀλίγων.

247 772 436 841 φησιν,
481 769 600 823 ἐστὶ
657 769 716 822 τὸ
773 767 1109 840 κατόρθωμα
1145 771 1304 822 τοῦτο
1359 770 1458 839 τῆς
1505 769 1830 842 παρθενίας.

246 863 374 917 Elui
410 860 522 932 γὰρ
577 860 824 931 εὐνοῦχοί
849 877 1000 924 τινες
1045 863 1109 914 ἐκ
1144 862 1354 923 κοιλίας
1389 861 1594 932 μητρὸς
1626 861 1830 926 αὐτῶν,

244 953 548 1018 τουτέστιν,
581 952 686 1006 είσί
717 969 867 1016 τινες
905 953 967 1005 ὲκ
998 953 1234 1024 φυσικῆς
1277 953 1531 1023 κράσεως
1579 953 1831 1023 ἀκίνητοι

249 1045 510 1117 μένοντες
561 1044 700 1114 πρὸς
737 1044 836 1104 τὰς
883 1045 1082 1114 μίξεις,
1119 1045 1169 1098 οἶ
1202 1045 1298 1098 καὶ
1329 1045 1578 1117 ἀκερδῶς
1618 1062 1834 1116 σωφρο-

248 1115 456 1192 νοῦσιν.
491 1139 613 1191 Elui.
655 1139 752 1191 καὶ
797 1139 846 1190 oi
891 1137 1331 1208 εύνουχιζόμενοι
1363 1115 1475 1191 ὑπέ)
1502 1115 1830 1209 ἀνθρώπων·

248 1229 478 1293 ἑαυτοὺς
510 1230 566 1283 δὲ
608 1228 1114 1300 εὐνουχίζουσιίδιὰ
1148 1231 1247 1301 τὴν
1281 1231 1561 1302 βασιλείαν
1600 1232 1708 1302 τῶν
1738 1232 1832 1283 οὐ-

252 1320 452 1391 ρανῶν,
491 1319 588 1390 οὐχ
632 1320 682 1374 οἱ
734 1320 1090 1388 ὲκτέμνοντες
1136 1321 1363 1383 ἑαυτοὺς
1406 1320 1833 1392 (ἑπικατάρατον

247 1415 358 1481 γὰρ
387 1411 592 1481 τοῦτο),
625 1411 826 1465 μάλλ”οί
877 1411 1360 1482 ὲγκρατευόμενοι.
1387 1413 1519 1466 Νόει
1547 1412 1604 1465 δὲ
1627 1413 1719 1466 καὶ
1736 1411 1832 1466 οὔ·

246 1503 582 1568 τωςοἜστιν
613 1503 868 1573 εὐνοῦχος
899 1503 1008 1558 ἀπὸ
1035 1503 1253 1573 φύσεως
1300 1503 1436 1558 ὁδιά
1471 1505 1561 1576 τὴν
1594 1505 1833 1574 φυσικὴν

247 1598 449 1666 κρᾶσιν
492 1595 568 1667 μὴ
609 1596 897 1665 εὐκίνητος
943 1597 1026 1659 είς
1079 1596 1416 1669 ἀφροδίσιαο
1476 1597 1677 1651 ὑπὸ-δὲ
1731 1598 1831 1651 ἀν-

249 1688 488 1760 θρώπων
514 1685 889 1757 εὐνουχίζεται
937 1688 966 1739 6
1009 1688 1449 1754 ικιδιδασκαλίας
1483 1690 1833 1762 ἀνθρωπίνης

246 1781 496 1852 ἐκτεμὼν
558 1783 657 1850 τὴν
710 1781 812 1851 τῆς
874 1785 1146 1854 σαρκικῆς
1207 1783 1501 1853 ἐπιθυμίας
1558 1782 1829 1854 πύρωσινο

254 1873 447 1926 ἑαυτὸν
498 1872 556 1925 δὲ
617 1872 920 1944 εύνουχίζει
988 1875 1017 1928 ὸ
1071 1875 1148 1946 μὴ
1184 1875 1276 1928 ὑπ’
1323 1876 1506 1941 ἄλλου,
1564 1876 1678 1930 ἀλλ’
1743 1877 1833 1944 ὑφ’
1869 1854 1910 1912 Β

252 1965 447 2021 ἑαυτοῦ
479 1966 776 2035 διδαχθεὶς,
806 1968 900 2020 καὶ
939 1965 1266 2038 αὖτομαθῶς
1301 1969 1438 2037 πρὸς
1475 1970 1838 2039 σωφροσύνην

251 2057 574 2120 ἀποκλίνας·
608 2052 761 2121 οὗτος
787 2055 882 2112 οὖν
907 2060 1002 2112 καὶ
1047 2059 1269 2131 ἄριστός
1303 2061 1470 2125 ἐστιν,
1503 2061 1531 2111 ὁ
1568 2059 1642 2130 μὴ
1665 2060 1832 2130 ἄλλῳ,

248 2149 367 2204 ἀλλ’
397 2149 573 2219 ἑαυτῷ
604 2150 893 2220 ὁδηγηθεὶς
929 2150 1064 2220 πρὸς
1097 2150 1197 2221 τὴν
1224 2150 1505 2221 βασιλείαν
1534 2149 1641 2203 τῶν
1666 2152 1834 2221 ούρα-

249 2243 379 2299 νῶν.
419 2243 829 2314 Προαιρετικῶς
869 2244 923 2298 δὲ
966 2243 1137 2297 θέλων
1181 2246 1314 2315 ἡμῖν
1366 2244 1709 2315 ἐνεργεῖσθαι
1736 2244 1836 2315 τὴν

245 2335 471 2405 ἀρετὴν,
506 2336 690 2407 φησίν·
721 2354 742 2388 ι
792 2337 852 2390 Ὀ
902 2336 1204 2407 δυνάμενος
1247 2340 1468 2407 χωρεῖν,
1505 2337 1772 2408 χωρείτω.
1811 2357 1829 2389 ι

248 2429 324 2482 Οὐ
347 2430 456 2500 γὰρ
485 2429 786 2499 ἀναγκάζει
827 2430 1208 2502 παρθενεύειν,
1241 2431 1362 2485 οὐδὲ
1389 2433 1479 2484 τὸν
1515 2432 1694 2501 γάμον
1730 2448 1834 2484 κα-

245 2521 459 2586 ταλύει,
493 2521 631 2575 ἀλλά
663 2522 763 2593 τὴν
800 2521 1100 2592 παρθενίαν
1132 2522 1478 2594 προτίθησιν.

326 2632 345 2664 ι
389 2612 524 2666 Τότε
549 2613 896 2684 προσηνέχθη
932 2614 1082 2684 αὐτῷ
1133 2614 1345 2678 παιδία,
1389 2615 1476 2668 ἵνα
1511 2612 1610 2677 τὰς
1643 2616 1834 2684 χεῖρας

244 2703 412 2774 ἐπιθῇ
443 2703 646 2769 αὐτοῖς,
681 2705 774 2755 καὶ
802 2702 1196 2774 προσεύξηται·
1233 2704 1282 2756 οί
1329 2704 1386 2757 δὲ
1432 2703 1677 2773 μαθηταὶ
1725 2705 1827 2756 ἑπ-

243 2795 518 2864 ετίμησαν
549 2796 756 2858 αὐτοῖς’
779 2798 805 2849 ὁ
827 2795 885 2850 δὲ
923 2795 1130 2866 Ἰησοῦς
1163 2793 1339 2850 εἶπεν·
1380 2799 1582 2866 ’Δφετε
1612 2797 1679 2850 τὰ
1702 2812 1835 2850 παι-

221 2888 357 2951 Δδία,
399 2888 490 2940 καὶ
519 2885 599 2958 μὴ’
625 2879 864 2962 κωλύετε
895 2889 1034 2942 αύτά
1070 2888 1248 2942 ἐλθεῖν
1282 2889 1419 2958 πρός
1447 2903 1537 2957 με’
1574 2888 1685 2942 τῶν
1724 2888 1835 2957 γάρ

244 2978 666 3033 τοιούτωνέστὶν
684 2978 981 3049 ὴίβασιλεία
1005 2979 1114 3031 τῶν
1134 2979 1402 3049 οὐρανῶν.
1432 2997 1451 3030 ι
1483 2977 1730 3048 Προσέφε
1741 2993 1834 3047 ρον

248 3070 492 3141 μητέρες
540 3069 610 3123 τά
639 3070 828 3137 τέκνα,
861 3071 947 3124 ἵνα
969 3069 1316 3142 εὲλογηθῶσι
1349 3070 1436 3122 διά
1485 3072 1584 3141 τῆς
1617 3070 1836 3139 ἐπαφῆς

243 3161 356 3214 τῶν
380 3161 601 3231 χειρῶν.
653 3160 937 3230 Ἀκόσμως
965 3159 1018 3213 δὲ
1053 3161 1147 3213 καὶ⁵
1173 3159 1632 3230 τεθορυϐημένως
1661 3174 1830 3230 προσ-

241 3256 504 3326 ήρχοντο,
553 3255 647 3308 καὶ
676 3255 766 3307 διά
801 3252 958 3311 τοῦτο
1005 3253 1308 3307 κωλύουσιν
1337 3253 1385 3306 οί
1425 3253 1686 3324 μαθηταὶ,
1713 3251 1830 3320 ἅμα

244 3346 343 3399 καὶ
374 3345 636 3416 οίόμενοι,
668 3346 751 3399 ὅτι
783 3344 1099 3400 ἐλαττοῦται
1125 3345 1185 3398 τὸ
1211 3345 1428 3414 ἀξίωμα
1452 3344 1547 3398 τοῦ
1571 3343 1831 3397 διδασκά-

243 3436 340 3492 λου
392 3439 458 3490 ἐκ
490 3437 585 3490 τοῦ
614 3437 684 3491 τὰ
721 3437 912 3490 παιδία
946 3436 1385 3509 προσφέρεσθαι.
1427 3435 1487 3489 Ὀ
1537 3435 1668 3505 γοῦν
1701 3438 1831 3507 Χρι-

244 3528 373 3593 ειὲνς
411 3527 699 3594 δεικνύων,
753 3529 836 3580 ὅτι
887 3529 947 3581 τὸ
1005 3528 1211 3599 ἄτυφον
1247 3529 1453 3599 μᾶλλον
1483 3529 1830 3600 ἀποδέχεται,

242 3621 437 3692 φησιν,
476 3640 495 3672 ι
527 3622 731 3688 ’Δφετε
768 3619 836 3674 τὰ
868 3620 1075 3674 παιδία·
1117 3622 1227 3674 τῶν
1253 3622 1363 3693 γὰρ
1394 3622 1651 3674 τοιούτων
1682 3622 1831 3675 ἐστὶν

240 3715 277 3784 ἡ
307 3712 561 3781 βασιλεία
585 3713 697 3766 τῶν
722 3713 1023 3784 οὐρανῶν.»
1049 3714 1165 3767 Ούκ
1195 3710 1341 3777 εἷπε,
1388 3716 1594 3767 τούτων
1613 3755 1628 3780 ,
1669 3714 1827 3781 ἀλλὰ,

241 3804 355 3858 τῶν
392 3803 677 3868 τοιούτων,
699 3803 972 3868 τουτέστι,
1003 3803 1114 3858 τῶν
1140 3802 1240 3874 τὴν
1264 3803 1544 3873 ἁπλότητα
1573 3805 1828 3874 ἐχόντων,

241 3895 355 3949 τῶν
377 3897 629 3959 ἀκάκων,
654 3895 761 3948 τῶν
783 3896 1093 3966 ἀπονήρων.
1119 3895 1237 3948 Κάν
1267 3894 1494 3965 διδάσκῃ
1523 3894 1577 3947 δέ
1601 3912 1705 3958 τις,
1737 3895 1832 3946 καὶ

243 3985 671 4056 προσᾶρχωνταί
707 3988 848 4048 τινες
874 3986 1026 4063 αὐτῷ
1054 3986 1284 4040 παιδικὰ
1326 3988 1662 4058 ἐρωτήματα
1690 3988 1832 4058 ἐρω-

240 4077 476 4141 τῶντες,
510 4076 893 4148 προσδεχέσθω
923 4077 1171 4144 τούτους,
1205 4078 1300 4132 καὶ
1334 4079 1408 4150 μὴ
1437 4079 1716 4134 κωλυέτω.

319 4186 339 4220 ι
381 4168 494 4221 Καὶ
527 4167 678 4219 imo:
707 4187 732 4231 ς
761 4169 946 4232 αὐτοῖς
986 4168 1084 4232 τὰς
1123 4172 1333 4240 χεῖρας,
1370 4170 1644 4242 ἐπορεύθη
1689 4172 1834 4226 Exci-

239 4261 356 4314 θεν.
391 4261 504 4314 Καὶ
540 4260 649 4313 ἰδοὺ
676 4254 754 4322 εἷς
781 4260 1122 4331 προσελθὼν,
1148 4256 1302 4315 εἶπεν
1334 4263 1504 4333 αὐτῷ·
1531 4262 1831 4316 Διδάσκαλε

238 4352 442 4422 ἀγαθὲ,
468 4352 524 4405 τί
553 4353 756 4417 ἀγαθὸν
789 4354 1001 4422 ποιήσω
1033 4353 1120 4406 τ’να
1159 4353 1267 4427 ἔχω
1299 4353 1448 4424 ζωὴν
1467 4356 1685 4408 αἰώνιον
1713 4372 1728 4420 ;
1773 4355 1832 4409 Ὀ

239 4445 295 4499 δὲ
319 4441 480 4498 εἶπεν
506 4444 674 4515 αὐτῷ’
699 4443 764 4498 Τί
789 4462 856 4515 με
882 4444 1018 4512 λέγε
1040 4462 1062 4507 ς
1107 4444 1314 4513 ἀγαθόν
1338 4463 1353 4512 ;
1386 4445 1573 4508 Οὐδεὶς
1600 4445 1829 4514 ἀγαθὸς,

1938 593 2321 640 castraverunt
2363 592 2583 653 propter
2613 600 2837 656 regnum
2866 585 3156 640 cmlurum.
3196 587 3298 654 Qui
3354 602 3536 657 potest

1937 692 2153 746 capere.
2186 675 2384 742 capiat.
2425 693 2444 726 ι
2477 674 2782 730 Paucorum
2815 686 2921 742 est,
2965 679 3159 745 inquit.
3203 681 3538 750 virginitatis

1937 773 2133 824 virtus.
2165 768 2303 822 Sunt
2333 769 2480 823 enim
2505 767 2746 822 eunuchi
2776 783 2840 823 ex
2867 776 3024 823 utero
3049 773 3260 834 matris,
3294 774 3393 828 hoc
3424 785 3530 839 est,

1936 872 2066 918 sunt
2096 860 2319 930 quidam
2343 861 2433 929 qui
2473 870 2698 929 propter
2726 846 2935 915 natura;
2982 865 3431 921 constitutionem
3468 873 3533 922 ad

1936 954 2139 1010 coitum
2177 969 2282 1006 non
2327 962 2454 1006 sunt
2491 953 2701 1013 idonei.
2734 954 2823 1020 qui
2868 962 2922 1007 et
2961 956 3080 1009 sine
3133 957 3370 1010 utilitate
3399 961 3533 1014 casti

1937 1054 2082 1100 sunt.
2127 1044 2264 1100 Sttut
2289 1046 2380 1114 qui
2413 1056 2467 1098 et
2497 1041 2733 1099 eunmhi
2766 1046 2903 1099 iiunt
2952 1046 3019 1100 ab
3052 1047 3390 1104 hnntinibm.
3426 1049 3530 1117 Qui

1937 1147 2116 1192 autem
2163 1137 2373 1213 seipsos
2419 1136 2703 1190 eunuchos
2762 1137 2968 1190 taciunt
3024 1149 3250 1206 propter
3305 1153 3532 1206 regnum

1935 1230 2198 1285 caelorum
2231 1221 2341 1283 non
2374 1239 2500 1282 sunt
2525 1228 2668 1296 iiqui
2697 1227 2928 1282 verenda
2959 1231 3062 1282 sibi
3087 1230 3218 1297 ipsis
3245 1241 3536 1299 amputant

1937 1321 2302 1392 (maledictum
2336 1321 2480 1374 enim
2508 1319 2759 1391 ἢθελεεά
2793 1321 2893 1390 qui-
2911 1323 3254 1375 continentes
3274 1333 3421 1378 sunt.
3443 1325 3535 1376 ln-

1936 1415 2112 1485 tellige
2136 1423 2315 1468 autem
2347 1420 2402 1466 et
2427 1413 2542 1467 sic:
2571 1413 2665 1466 Est
2692 1415 2981 1467 eunuchus
3010 1429 3039 1466 a
3067 1421 3261 1466 natura
3290 1415 3379 1480 qui
3404 1431 3532 1484 prn-

1936 1515 2054 1576 pter
2081 1505 2384 1558 naturalem
2428 1505 2860 1573 Complexionem
2904 1521 3009 1560 non
3045 1516 3296 1558 movetur
3333 1508 3400 1560 ad
3434 1522 3528 1562 ve-

1936 1612 2121 1653 nerea.
2162 1597 2580 1652 Abhominibns
2621 1606 2802 1651 autem
2847 1600 3130 1651 eunuchus
3179 1599 3256 1662 ﬁt,
3303 1601 3393 1662 qtti
3452 1615 3520 1654 ex

1936 1692 2181 1746 humano
2230 1699 2501 1761 praecepto
2545 1691 2783 1746 carnalis
2833 1692 3290 1761 concupiscentia
3338 1695 3533 1750 incen-

1937 1786 2083 1839 dium
2134 1784 2424 1839 exscindit.
2455 1784 2703 1854 Scipsum
2737 1792 2915 1838 autem
2953 1796 3176 1844 castrat.
3204 1788 3294 1856 qui
3329 1804 3432 1840 non
3465 1788 3532 1848 ab

1942 1877 2066 1940 alio,
2096 1877 2190 1932 sed
2219 1893 2246 1929 a
2280 1877 2462 1945 seipso
2503 1879 2694 1931 doctus
2729 1887 2833 1942 est,
2865 1888 2917 1932 et
2946 1894 3040 1932 sua
3075 1890 3272 1947 sponte
3303 1881 3368 1933 ad
3398 1895 3532 1933 con-

1943 1970 2228 2024 tinentiam
2255 1969 2569 2024 inclinatur.
2600 1968 2700 2023 llic
2723 1970 2890 2038 igitur
2935 1982 2985 2025 et
3027 1971 3265 2039 optimus
3305 1982 3408 2036 est,
3440 1973 3533 2041 qui

1943 2077 2046 2116 non
2081 2061 2149 2114 ab
2178 2060 2307 2125 alio,
2342 2060 2435 2114 sed
2481 2077 2510 2126 a_
2549 2062 2729 2131 seipso
2765 2062 3034 2116 deductus
3073 2077 3155 2116 εει
3197 2064 3262 2117 ad
3302 2077 3525 2131 regnum

1941 2152 2228 2207 cmlorum.
2269 2149 2476 2204 Volens
2506 2160 2688 2203 autem
2740 2161 2935 2218 sponte
2963 2166 3066 2205 nos
3105 2154 3319 2220 operari
3355 2154 3534 2205 virtu.

1943 2255 2072 2308 tem,
2107 2245 2316 2312 inquit:
2346 2262 2362 2292 ι
2400 2243 2498 2310 Qui
2520 2254 2696 2311 potest
2727 2258 2944 2313 capere,
2973 2244 3176 2314 capiat.
3201 2264 3217 2296 ι
3253 2244 3365 2298 Non
3383 2246 3528 2299 enim

1939 2337 2081 2407 regit
2129 2337 2393 2405 virginem
2444 2351 2585 2398 esse,
2631 2350 2804 2405 neque
2850 2336 3068 2405 nuptias
3116 2336 3372 2404 destruit,
3430 2337 3529 2393 sed

1941 2427 2302 2498 virginitatem
2335 2429 2575 2495 praefert.

2010 2601 2172 2656 Vens.
2213 2601 2300 2665 15,
2332 2601 2420 2656 Η.
2461 2619 2478 2652 ι
2503 2598 2656 2655 Tunc
2689 2601 2852 2656 oblati
2885 2611 3013 2655 stmt
3044 2601 3092 2655 ei
3119 2601 3302 2668 puelli.
3328 2611 3384 2656 ιιι
3416 2617 3534 2656 ina-

1938 2709 2040 2748 nns
2076 2695 2181 2748 illis
2214 2695 2537 2760 imponeret,
2583 2703 2638 2747 et
2686 2704 2892 2760 oraret;
2927 2693 3173 2761 discipuli
3221 2706 3404 2749 autem
3448 2697 3533 2749 iu—

1936 2787 2234 2854 crcpabant
2262 2800 2380 2839 eos.
2402 2785 2561 2841 Jesus
2595 2800 2721 2840 vero
2754 2787 2929 2854 inquit
2958 2785 3074 2839 eis:
3099 2786 3272 2840 Sinite
3303 2787 3533 2855 puellos,

1935 2891 1990 2935 et
2020 2897 2084 2935 ue
2112 2881 2450 2951 prohibeatis
2473 2896 2568 2936 eos
2611 2880 2794 2934 venire
2820 2881 2884 2932 ad
2905 2895 3022 2934 me:
3068 2879 3255 2932 talium
3279 2889 3362 2932 est
3384 2881 3532 2934 enim

1936 2989 2158 3045 regnum
2205 2974 2489 3029 cwlorum.
2539 2992 2556 3027 ι
2603 2971 2917 3028 ΛΙῙει-εὺοιιι
2963 2981 3168 3025 matres
3221 2987 3442 3041 pueros,
3476 2982 3535 3026 ut

1935 3067 2390 3122 bcnedicerentur
2419 3081 2675 3120 manuum
2711 3074 2985 3119 contactu.
3023 3063 3384 3133 Incomposite
3433 3079 3531 3119 au-

1937 3166 2043 3212 tum
2091 3168 2140 3214 et
2191 3160 2408 3213 turbate
2460 3156 2792 3211 accedebant
2842 3157 2907 3209 ad
2959 3171 3105 3222 eum,
3151 3167 3204 3209 et
3242 3165 3531 3226 propterea

1935 3251 2226 3322 prohibent
2275 3251 2551 3320 discipuli,
2605 3250 2765 3303 simul
2829 3250 2995 3302 etiam
3057 3248 3202 3316 quod
3253 3250 3536 3304 existima-

1883 3344 1888 3346 ‘
1935 3353 2057 3399 rent
2113 3343 2215 3397 hoc
2272 3343 2537 3414 derogare
2591 3343 2852 3397 doctrinae
2902 3342 3020 3411 ejus
3083 3342 3419 3408 auctoritati,
3484 3345 3532 3398 si

1934 3434 2261 3491 ollerreutur
2309 3436 2358 3490 ei
2414 3435 2647 3503 parvuli.
2689 3436 2942 3490 Christus
2987 3442 3171 3490 autem
3226 3437 3531 3493 ostendens

1936 3530 2124 3596 quoda
2148 3527 2289 3582 fastu
2323 3527 2532 3582 alienos
2561 3528 2732 3595 magis
2775 3526 3120 3590 amet,dicit:
3153 3544 3170 3577 ι
3208 3525 3380 3579 Sinite
3408 3539 3538 3595 par-

1936 3620 2126 3683 vulos;
2168 3617 2352 3672 talium
2408 3628 2496 3672 est
2540 3616 2686 3671 enim
2736 3631 2965 3685 regnum
3021 3617 3307 3672 caelorum.
3351 3635 3371 3671 ι
3416 3617 3533 3674 Non

1937 3711 2094 3772 dixit,
2139 3709 2510 3787 horumwsed,
2560 3708 2770 3772 talium,
2818 3709 2976 3778 102
3007 3711 3109 3764 hoc
3147 3716 3232 3765 est
3264 3709 3532 3781 simplici-

1938 3809 2049 3856 tate
2091 3801 2465 3870 praeditorum,
2498 3800 2894 3865 innocentium,
2943 3799 3162 3854 malitiae
3195 3801 3530 3870 espertiuut.

1935 3893 2112 3946 Etiam
2147 3891 2308 3947 hodie
2339 3891 2384 3945 si
2435 3892 2698 3946 accedant
2721 3893 2787 3945 ad
2821 3892 3097 3947 doctorem
3122 3891 3369 3947 nonnulli
3400 3909 3533 3963 pue-

1936 3982 2064 4036 riles
2111 3981 2442 4050 qttmstiones
2495 3981 2922 4052 interrogantes,
2955 3997 3064 4037 non
3100 3983 3411 4054 prohibeat,
3438 3986 3538 4040 sed

1934 4072 2219 4141 suscipiat.

2007 4181 2173 4238 Vens.
2209 4184 2390 4240 15-17.
2429 4203 2449 4236 ι
2480 4183 2545 4240 Et
2595 4201 2718 4241 cum
2775 4184 3128 4256 imposuisset
3175 4187 3283 4243 illis
3312 4203 3532 4256 manus,

1937 4276 2072 4332 abiit
2099 4277 2269 4334 illinc.
2300 4278 2365 4333 Et
2398 4293 2526 4334 ecce
2559 4294 2700 4334 unus
2727 4280 2995 4334 accedens
3023 4281 3102 4335 sit
3126 4279 3237 4336 illi:
3273 4281 3538 4355 Nag'ster

1937 4358 2099 4436 bene,
2139 4370 2412 4440 quidboni
2448 4370 2647 4425 faciant
2683 4381 2740 4425 ttt
2771 4370 3000 4426 habeam
3035 4372 3200 4426 vitam
3227 4375 3537 4430 aeternam?

1936 4464 2036 4530 Qui
2061 4463 2196 4518 dixit
2234 4465 2318 4518 ei:
2353 4463 2465 4518 Cur
2496 4478 2581 4518 me
2614 4478 2777 4518 vocas
2817 4464 3060 4520 bonum?
3092 4463 3282 4518 Nullus
3315 4475 3396 4535 est
3432 4467 3536 4523 bo-

240 4538 292 4591 εἰ
323 4537 400 4609 μὴ
430 4531 573 4601 εἷςιό
611 4536 762 4600 Θεός.
803 4556 822 4588 ι
854 4537 967 4606 Ούχ
997 4543 1072 4599 ως
1104 4536 1382 4608 πειράζων
1414 4536 1718 4608 προσῆλθεν
1747 4530 1833 4590 οὗ·

1945 4571 2067 4618 nus,
2103 4556 2206 4610 nisi
2245 4570 2404 4621 unus,
2439 4570 2633 4623 nempe
2656 4554 2821 4610 Deus.
2856 4572 2875 4606 ι
2906 4555 3024 4610 Non
3057 4564 3115 4610 ut
3145 4566 3364 4612 teutans
3393 4560 3537 4613 venit

241 4648 356 4695 τος,
388 4630 509 4683 ἀλλ’
541 4630 618 4692 ὡς
663 4630 834 4684 θέλων
889 4629 1104 4701 μαθεῖν,
1154 4630 1249 4682 καὶ
1278 4629 1448 4699 διψῶν
1479 4629 1580 4698 τῆς
1612 4631 1834 4682 αἰωνίου

240 4726 394 4796 ζωῆς
423 4744 437 4756 ·
474 4725 746 4797 προσῆλθε
771 4726 826 4779 δὲ
879 4726 958 4797 τῷ
996 4726 1218 4798 Χριστῷ
1248 4727 1320 4789 ὠς
1366 4727 1644 4798 ἀνθρώπῳ
1673 4726 1833 4797 ψιλῷο

241 4821 339 4872 καὶ
371 4819 466 4870 διὰ
493 4818 652 4871 τοῦτό
682 4835 848 4887 φησιν
875 4819 903 4870 ὁ
939 4818 1164 4889 Κύριος’
1197 4818 1262 4870 Τί
1296 4835 1363 4887 με
1382 4818 1559 4884 λέγεις
1592 4819 1834 4886 ἀγαθόν;

242 4911 436 4972 Ούδεὶς
475 4909 676 4976 ἀγαθὸς
703 4913 751 4962 εἰ
793 4909 868 4980 μὴ
904 4905 983 4972 εἷς
1006 4914 1032 4963 ὁ
1061 4909 1216 4973 Θεός·
1256 4912 1562 4976 τουτέστιν,
1604 4911 1731 4963 Ἐὰν
1761 4910 1836 4976 ὡς

239 5001 340 5053 ἕνα
385 5000 502 5054 τῶν
540 5000 878 5054 διδασκάλων
912 5018 976 5071 με
1008 5001 1185 5070 λέγεις
1215 4998 1355 5056 εἶναι
1391 5001 1617 5071 ἀγαθὸν,
1649 5003 1836 5066 κακῶς

239 5091 422 5166 λέγεις
447 5108 463 5124 ο
491 5092 667 5155 οὐδεὶς
697 5094 806 5162 γὰρ
837 5092 1144 5163 ἀνθρώπων
1188 5095 1393 5162 κυρίως
1427 5094 1630 5162 ἀγαθός
1660 5112 1672 5124 ·
1720 5096 1834 5164 ἅμα

247 5185 370 5253 μὲν,
423 5185 510 5238 ὅτι
562 5183 657 5236 καὶ
703 5185 1059 5260 εύμετὰβολοί
1123 5187 1290 5254 ἐσμεν
1339 5189 1446 5239 ἀπὸ
1480 5186 1573 5239 τοῦ
1627 5187 1835 5255 ἀγαθοῦ

241 5277 601 5345 τρεπόμενοι⁸
651 5275 766 5346 ἅμα
814 5277 890 5341 δὲ,
931 5279 1011 5330 ὅτι
1077 5278 1170 5330 καὶ
1223 5279 1628 5348 συγκρινομένη
1699 5279 1836 5351 πρὸς

242 5371 342 5438 τὴν
376 5368 472 5421 τ(ιῦ
528 5369 662 5421 Θεοῦ
694 5370 1012 5439 ἁγαθότητα
1044 5373 1075 5441 ἡ
1106 5371 1449 5441 ἀνθρωπίνη,
1489 5371 1725 5440 πονηρία
1751 5390 1837 5425 νο-

246 5460 495 5530 μίζεται.

324 5575 339 5603 ι
385 5555 447 5604 Ei
493 5551 554 5603 δὲ
607 5551 780 5616 θέλεις
828 5554 1089 5608 εἰσελθεῖν
1138 5557 1219 5618 είς
1250 5555 1348 5626 τὴν
1399 5557 1566 5624 ζωὴν,
1596 5561 1836 5630 τήρησον

244 5648 342 5708 τὰς
376 5646 625 5710 ἐντολάς.
652 5647 817 5715 Λέγει
847 5649 1013 5718 αὐτῷ·
1052 5650 1331 5716 [Ιοίας;”0
1357 5652 1414 5704 δὲ
1464 5651 1668 5721 Ἰησοῦς
1713 5648 1833 5702 εἷπε

244 5738 323 5800 τὸ,
355 5739 432 5790 Οὐ
463 5736 768 5803 φονεύσεις,
793 5741 853 5792 ού
884 5743 1214 5812 μοιχεύσεις,
1243 5747 1301 5796 οὐ
1334 5744 1575 5812 κλέψεις,
1606 5744 1668 5796 οὐ
1703 5744 1833 5813 ψευ-

243 5828 712 5900 δομαρτυρήσεις
759 5832 893 5902 τίμα.
929 5833 1018 5888 τὸν
1051 5837 1264 5896 πατέρα
1300 5854 1395 5890 σου
1443 5838 1538 5891 καὶ
1573 5837 1672 5903 τὴν
1723 5857 1829 5904 μη-

1943 4648 2052 4710 ille,
2091 4651 2184 4700 sed
2217 4657 2277 4701 ut
2312 4646 2527 4701 discere
2567 4648 2815 4716 cupiens,
2847 4655 2903 4700 et
2930 4649 3125 4702 sitiens
3159 4649 3326 4701 vitam
3369 4659 3532 4702 teter-

1941 4753 2087 4793 nam.
2114 4739 2358 4791 Accessit
2391 4748 2574 4791 autem
2611 4739 2678 4790 ad
2707 4736 2985 4791 Christum
3034 4739 3191 4806 quasi
3230 4740 3296 4792 ad
3333 4753 3532 4808 purum

1942 4829 2217 4884 hominem
2244 4847 2256 4882 :
2301 4840 2356 4884 et
2384 4830 2588 4885 idcirco
2614 4831 2744 4885 dicit
2784 4831 3072 4886 Dominus:
3093 4832 3236 4898 Quid
3263 4849 3348 4888 tne
3372 4849 3537 4889 vocas

1938 4922 2175 4976 bonum?
2223 4920 2411 4978 Nullus
2443 4924 2638 4987 bonus,
2672 4924 2773 4978 nisi
2815 4940 2954 4978 unus
2984 4924 3163 4980 Deus:
3208 4925 3312 4979 hoc
3340 4938 3445 4999 est,
3487 4930 3532 4982 si

1861 5062 1869 5069 .
1937 5015 2091 5084 quasi
2120 5031 2284 5067 untutt
2306 5029 2370 5069 ex
2404 5016 2833 5084 praeceptoribus
2857 5017 3055 5071 bonum
3094 5032 3179 5072 me
3210 5018 3365 5082 dicis,
3396 5021 3536 5074 male

1937 5106 2096 5163 dicis.
2135 5105 2328 5161 Nullus
2353 5107 2501 5161 enim
2532 5107 2811 5162 hominum
2840 5109 3059 5177 proprie
3092 5109 3295 5163 bonus:
3331 5112 3529 5178 pa.tint

1939 5201 2082 5268 quod
2121 5200 2408 5253 mutabiles
2449 5215 2637 5255 sumus
2680 5216 2708 5252 ει
2747 5200 2891 5254 bono
2924 5201 2977 5254 in
3035 5201 3276 5256 malum:
3327 5206 3530 5272 partiut

1939 5295 2082 5362 quod
2120 5305 2307 5346 nostra
2345 5293 2560 5347 bonitas
2594 5294 2661 5347 ad
2705 5293 2949 5348 divinam
2975 5293 3281 5349 bonitatem
3312 5294 3530 5365 collata,

1939 5385 2148 5440 malitia
2179 5393 2283 5440 est.

2008 5563 2172 5619 Vens.
2202 5563 2390 5618 17-19.
2425 5582 2441 5614 ι
2474 5562 2625 5629 Quod
2652 5565 2694 5617 si
2724 5564 2803 5617 vis
2823 5564 2891 5618 ad
2922 5565 3090 5618 vitam
3117 5562 3348 5634 ingredi,
3368 5579 3526 5618 serva

1938 5659 2214 5709 mandata.
2248 5655 2391 5708 Dicit
2427 5656 2501 5707 illi
2530 5672 2542 5707 :
2571 5653 2737 5720 Quae?
2777 5652 2935 5708 Jesns
2977 5665 3160 5708 autem
3195 5654 3372 5707 dixit:
3404 5649 3523 5704 Non

1938 5748 2107 5800 t’ucics
2151 5747 2527 5809 homicidium,
2563 5760 2668 5800 non
2702 5745 3015 5800 couttnitles
3036 5743 3386 5806 adulterium,
3422 5760 3528 5798 non

1938 5829 2105 5897 facies
2151 5841 2380 5905 furtum,
2421 5839 2525 5895 non
2583 5839 2778 5896 falsum
2810 5838 2959 5895 dices
2995 5840 3392 5903 testimonium,
3428 5838 3526 5892 ho-
