4080 6336
620 354 723 416 35")

1450 326 2031 396 THEOPHYLACTI
2073 319 2485 385 ΒυωΑΒιΑε
2523 317 2879 381 ARCHIEP.

3738 305 3845 366 355

620 471 746 511 liora
778 462 984 523 patrem
1018 459 1167 504 tuum
1205 456 1262 502 et
1292 454 1541 508 matrem,
1574 450 1630 496 et
1650 438 1838 510 diliges
1863 440 2167 510 proximum
2196 478 2205 492 .

2311 432 2425 500 ἐρα,
2458 432 2552 483 καὶ
2580 431 2891 500 ἀγαπήσεις
2931 426 3023 479 τὸν
3050 422 3273 494 πλησίον
3297 437 3393 476 σου
3423 419 3502 482 ὡς
3539 418 3784 471 σεαυτόν.
3828 436 3847 466 ι

619 554 770 600 tuum
806 555 863 599 ut
894 543 1142 611 teipsum.
1176 556 1195 590 s
1233 536 1486 590 Dtnniuus
1506 533 1572 587 ad
1603 535 1736 603 legis
1770 533 2021 586 mandata
2054 533 2179 587 mit-

625 636 694 689 tit
723 641 1025 703 rogantem,
1050 646 1120 685 ne
1146 626 1314 682 Judari
1346 627 1529 680 dicant
1561 625 1704 695 quod
1740 625 1910 693 legem
1935 632 2179 679 contem-

622 724 833 792 nat(a).
864 720 1000 788 Quid
1037 716 1240 788 igitur?

666 813 961 868 .Vsus.20.
985 830 1005 864 s
1047 811 1182 864 Dicit
1214 809 1285 863 illi
1321 808 1664 865 adolescens:
1696 804 1886 861 Omnia
1923 804 2039 859 haec
2064 817 2182 858 ser-

625 909 745 959 vavi
789 920 819 959 a
862 905 1142 973 iuventute
1182 918 1324 959 mea.
1366 902 1507 968 Quid
1549 902 1725 956 adhuc
1765 900 1895 953 tnibi
1936 897 2122 952 deest?
2158 914 2177 947 ι

624 998 1029 1052 Adolesceutetn
1068 1006 1250 1049 autem
1272 996 1490 1063 quidam
1522 1002 1581 1045 ut
1624 993 1910 1059 superbum
1945 1000 1998 1043 et
2031 1004 2183 1042 arro-

625 1101 839 1161 gantem
867 1097 1114 1156 arguunt.
1148 1086 1429 1153 Quomodo
1455 1086 1599 1138 enim
1624 1084 1898 1137 dilexisset
1929 1082 2029 1134 rite
2060 1094 2179 1148 pro-

626 1178 852 1242 ximum,
886 1176 975 1243 qui
998 1175 1147 1229 dives
1171 1174 1321 1228 erat?
1361 1171 1546 1226 Nullus
1577 1172 1719 1225 enim
1744 1167 1971 1238 diligens
2002 1166 2183 1229 proxi-

631 1283 775 1322 mum
804 1276 861 1321 ut
898 1267 1157 1334 seipsum,
1186 1266 1348 1319 ditior
1367 1272 1451 1319 est
1483 1262 1764 1332 proximo:
1796 1259 1971 1314 omnis
2004 1268 2184 1314 autem

628 1357 791 1413 homo
828 1357 1117 1423 proximus.
1155 1354 1383 1421 Quidum
1410 1354 1489 1407 sic
1525 1352 1850 1421 intelligunt.
1894 1350 1966 1405 Da
1990 1390 2006 1414 ,
2042 1350 2187 1421 quod

629 1447 744 1501 hac
769 1444 948 1499 omnia
974 1443 1232 1497 servarint
1255 1442 1417 1510 :quid
1448 1441 1621 1495 adhuc
1644 1439 1772 1493 tnihi
1793 1438 1979 1492 deest?

698 1534 858 1590 Vsus.
886 1533 1073 1599 21,22.
1097 1550 1118 1584 ι
1144 1534 1233 1585 Ait
1262 1531 1335 1585 illi
1363 1530 1557 1586 Jesus:
1584 1528 1640 1584 Si
1660 1530 1743 1585 vis
1761 1528 2187 1597 perlectusesse,

628 1627 786 1691 vade,
813 1623 985 1679 vende
1014 1638 1134 1693 quae
1160 1624 1348 1684 babes.
1378 1632 1434 1677 et
1463 1622 1528 1675 da
1559 1619 1904 1691 pauperibus,
1937 1632 1991 1673 et
2016 1621 2185 1674 habe-

630 1718 715 1773 bis
758 1717 1068 1771 thesaurum
1102 1715 1155 1769 in
1203 1715 1376 1769 cmio:
1409 1723 1462 1767 et
1488 1712 1630 1779 veni,
1658 1726 1886 1779 sequere
1917 1726 2024 1765 me.
2053 1710 2189 1764 Cum

632 1808 869 1863 audisset
922 1816 1100 1862 autem
1150 1806 1466 1862 adolescens
1512 1814 2009 1869 eum‘sermonem,
2056 1803 2188 1858 abiit

635 1899 829 1963 tristis,
872 1905 988 1952 erat
1035 1896 1176 1949 enim
1224 1895 1426 1949 habens
1473 1893 1845 1977 possessiones
1895 1889 2108 1944 multas.
2162 1906 2184 1941 s

635 1989 1011 2057 Qtttrcunque,
1066 1985 1260 2054 inquit,
1311 1984 1485 2039 fecisti
1538 1996 1703 2052 opera
1764 1980 1924 2045 bona,
1963 1976 2190 2035 Iudaico

636 2094 789 2133 more
813 2074 985 2132 iecisti
1022 2094 1037 2127 :
1068 2076 1111 2129 si
1146 2083 1322 2128 autem
1351 2076 1431 2128 vis
1466 2072 1757 2143 perlectus,
1778 2073 1880 2125 hoc
1897 2079 2005 2137 est,
2038 2084 2193 2125 meus

636 2169 930 2237 discipulus
972 2181 1090 2223 esse
1125 2175 1180 2221 et
1225 2164 1594 2218 Christianus:
1626 2164 1781 2226 vade,
1815 2163 1986 2217 vende
2011 2161 2191 2217 omnia

636 2277 757 2333 quae
782 2260 969 2325 babes,
1002 2268 1055 2313 et
1087 2259 1152 2312 de
1182 2260 1365 2312 statim
1404 2257 1563 2312 simul
1599 2258 1805 2321 omnia,
1837 2254 1980 2310 nulla
2026 2269 2195 2309 reser-

639 2368 791 2414 vans,
828 2361 884 2404 ut
910 2351 1218 2404 continuam
1255 2347 1421 2402 facias
1450 2348 1864 2418 eleemosynani.
1904 2345 2018 2401 Non
2049 2346 2192 2401 enim

644 2444 797 2501 dixit,
828 2439 1085 2493 Paulatim
1106 2439 1170 2491 da
1204 2435 1550 2507 pauperibus,
1582 2439 1678 2491 sed
1715 2437 1868 2498 dixit,
1897 2434 1973 2488 Da
2005 2436 2193 2498 semei,

640 2541 693 2586 t-t
717 2536 890 2586 nudus
922 2540 1062 2585 esto.
1091 2528 1223 2583 Dein
1269 2529 1397 2597 quia
1440 2537 1566 2584 sunt
1604 2528 1754 2583 multi
1793 2528 2197 2591 misericordes,

637 2624 803 2676 vitam
839 2630 1015 2677 tamen
1045 2619 1191 2673 omni
1228 2619 1430 2672 malitia
1463 2618 1675 2688 plenam
1712 2618 1993 2683 habentes,
2030 2620 2197 2674 dicit:

643 2731 663 2766 ι
702 2712 768 2767 Et
797 2713 941 2777 veni,
969 2724 1195 2781 sequere
1215 2725 1321 2776 me,
1356 2729 1375 2761 ι
1398 2712 1497 2764 hoc
1517 2720 1621 2776 est,
1640 2725 1853 2765 omnem
1874 2711 2033 2765 aliam
2064 2728 2201 2781 quo-

640 2819 745 2876 que
798 2806 1047 2858 virtutem
1108 2804 1264 2858 habe.
1313 2803 1643 2858 Adolescens
1696 2802 1860 2875 igitur
1931 2805 2197 2861 indoluit:

643 2897 983 2953 desiderabat
1018 2896 1238 2959 etenim,
1265 2903 1320 2950 et
1348 2904 1487 2949 terra
1534 2896 1711 2950 cordis
1741 2896 1909 2964 ipsius
1938 2896 2200 2966 profunda

642 2996 760 3042 erat
790 2996 841 3040 et
887 2988 1125 3058 pinguis,
1156 2986 1250 3041 sed
1298 2987 1464 3056 spina:
1493 2986 1802 3041 divitiarum
1843 2986 2198 3045 sull‘ocabaut.

2296 514 2354 579 Ὀ
2389 526 2592 595 Κύριος
2618 526 2711 577 ἐπὶ
2733 528 2833 586 τὰς
2860 519 3092 592 νομικὰς
3123 515 3343 578 ἐντολὰς
3372 511 3736 582 παραπέμπει
3760 509 3854 561 τὸν

2280 619 2660 688 ἐρωτήσαντα,
2705 613 2793 670 ἰνα
2848 615 2923 685 μὴ
2959 614 3124 682 ἔχωσι
3168 610 3351 675 λέγειν
3378 607 3429 660 οἰ
3466 604 3738 666 Ἰουδαῖοι,
3768 603 3851 654 ὅτι

2281 710 2375 763 τοῦ
2405 710 2571 778 νόμου
2602 705 2951 775 καταφρονεῖ.
2989 701 3054 754 Τί
3083 695 3175 753 οῦν
3202 715 3218 764 ;

2357 822 2379 855 ι
2417 802 2581 869 Λέγει
2604 798 2752 869 αὐτῷ
2780 801 2809 849 ὁ
2836 795 3136 854 νεανίσκος·
3170 792 3355 845 Πάνσα
3384 786 3558 840 ταῦτα
3585 779 3855 853 ἐφυλαεά-

2287 910 2395 966 μην
2425 896 2490 947 ιχ
2513 890 2761 961 νεότητός
2822 906 2945 959 μου.
3006 887 3070 939 Τί
3119 884 3199 937 In
3255 880 3500 952 ύστερῶς
3538 898 3556 930 ι
3584 878 3856 966 Τινὲς-ὼς

2285 960 2613 1059 πο-μπαστὴν
2660 960 2762 1037 Qui
2813 982 3050 1045 ἀλαζόνα
3077 977 3421 1033 διαϐάλλωσι
3472 972 3685 1025 τοῦτον.
3735 960 3856 1032 [Ῐῶς

2285 1082 2394 1151 γὰρ
2420 1078 2748 1147 κατώρθωσε
2779 1076 2839 1127 τὸ
2864 1073 3086 1142 ἀγαπᾷν
3128 1069 3220 1121 τὸν
3250 1066 3479 1135 πλησίον
3499 1104 3514 1127 ,
3543 1065 3659 1130 εῖγε
3691 1061 3858 1114 πλού-

2288 1190 2402 1235 σιος
2429 1168 2495 1242 ἦν
2518 1186 2533 1234 ;
2567 1168 2739 1229 οὐδεὶς
2766 1165 2877 1236 γὰρ
2898 1162 3127 1231 ἀγαπῶν
3160 1162 3251 1213 τὸν
3276 1159 3506 1226 πλησίον
3533 1157 3610 1218 ὼς
3641 1152 3857 1216 ἑαυτὸν,

2288 1261 2691 1331 πλουσιώτερός
2726 1261 2844 1312 ἐστι
2893 1256 2986 1311 τοῦ
3039 1253 3288 1325 πλησίον·
3323 1252 3430 1312 πᾶς
3456 1250 3513 1301 δι
3546 1247 3856 1316 ἄνθρωπος,

2288 1356 2537 1425 πλησίον.
2560 1353 2717 1415 Τινὲς
2732 1350 2791 1405 δὲ
2817 1349 2960 1403 οὕτω
2979 1348 3161 1401 νοοῦσι
3182 1345 3359 1398 τοῦτο·
3387 1340 3637 1398 ’Υπόθι;.
3671 1337 3857 1406 φησὶν,

2290 1446 2373 1499 δτι
2406 1443 2581 1497 ταῦτα
2614 1443 2789 1495 πάντα
2826 1436 3196 1507 φυλαξαίμην·
3220 1433 3271 1485 τί
3302 1449 3391 1501 μοι
3426 1430 3505 1482 ἔτι
3534 1428 3754 1490 λείπεις

2367 1554 2387 1587 ι
2430 1516 2578 1605 ¹Ἔφη
2622 1532 2771 1601 αὐτῷ
2800 1534 2829 1585 δ
2868 1528 3097 1600 Ἰησοῦς*
3128 1528 3191 1580 Εἰ
3226 1525 3404 1584 θέλεις
3441 1521 3646 1582 τέλειος
3696 1516 3858 1575 εἶναι.

2293 1628 2493 1696 ὕπαγε,
2523 1624 2779 1694 πώλησόν
2827 1639 2921 1675 σου
2977 1621 3045 1674 τὰ
3086 1619 3424 1689 ὑπάρχοντα,
3456 1614 3552 1666 καὶ
3586 1612 3677 1675 δὸς
3709 1626 3857 1662 πτω-

2293 1723 2429 1793 χοῖς,
2457 1719 2553 1773 καὶ
2582 1716 2725 1783 ῑξεις
2763 1712 3037 1783 θησαυρὸν
3075 1711 3132 1763 εν
3155 1708 3391 1779 οὐρανῷ,
3421 1704 3514 1758 καὶ
3541 1701 3704 1773 δεῦρο
3732 1701 3863 1753 rixo-

2292 1816 2473 1871 λούθει
2500 1831 2611 1885 μοι.
2630 1810 2897 1872 ’Δκούσας
2918 1809 2974 1861 δὲ
2992 1809 3020 1859 ὁ
3043 1806 3323 1864 νεανίσκος
3343 1802 3436 1855 τδν
3454 1801 3633 1867 λόγον,
3649 1794 3864 1862 ἀπῆλθε

2293 1906 2653 1977 λυπούμενοςο
2687 1898 2755 1973 ἦν
2782 1901 2891 1971 γὰρ
2935 1898 3075 1968 ἔχων
3130 1895 3387 1965 κτήματα
3420 1888 3610 1944 πολλὰ.
3664 1907 3684 1939 s
3729 1887 3865 1939 Ὅσα

2300 2003 2421 2073 μὲν,
2460 1999 2625 2070 φησὶν
2647 2037 2661 2063 ,
2701 1981 2854 2058 εἶπες
2902 1988 3270 2062 κατορθῶσαι,
3318 1984 3492 2039 ταῦτα
3549 1980 3863 2041 Ἰουδαϊκῶς

2298 2069 2670 2160 πατώρθωσας
2695 2104 2709 2118 ·
2760 2086 2811 2139 εἰ
2861 2083 2918 2137 st
2948 2081 3123 2142 θέλεις
3148 2078 3373 2140 τέλειος,
3400 2073 3705 2132 τουτέστιν,
3741 2069 3868 2138 ἐμὸς

2308 2178 2449 2235 εἶναι
2502 2178 2747 2249 μαθητὴς
2812 2175 2907 2228 καὶ⁵
2954 2170 3307 2244 Χριστιανὸς,
3356 2166 3563 2233 ῦπαγε,
3614 2160 3869 2229 πώλησόν

2301 2288 2397 2326 σου
2444 2270 2512 2324 τὰ
2549 2270 2885 2339 ὑπάρχοντα,
2917 2266 3012 2319 καὶ
3048 2263 3134 2325 δὸς
3166 2261 3364 2313 αὐτίκα
3397 2256 3533 2327 ὁμοῦ
3565 2254 3768 2313 πάντα,
3797 2250 3870 2321 μὴ

2302 2360 2674 2434 παρακρατῶν
2695 2376 2837 2419 τινα,
2869 2358 2953 2410 ἵνα
2974 2356 3317 2409 ἀδιάλειπτον
3339 2353 3500 2419 ποιῇς
3526 2348 3625 2416 τὴν
3641 2348 3770 2415 ὲλεη
3780 2362 3874 2412 μο·

2308 2432 2505 2523 σύνην.
2543 2454 2619 2506 Oti
2650 2452 2758 2519 γὰρ
2784 2448 2926 2514 εἷπε,
2959 2447 3103 2500 δίδου
3132 2446 3387 2514 πτωχοῖς,
3409 2440 3565 2505 ἀλλὰ,
3610 2437 3701 2498 δὸς
3727 2432 3875 2497 ἅπαξ

2306 2549 2401 2599 καὶ⁸
2429 2541 2765 2614 γυμνώθητι.
2798 2535 2928 2593 Εἶτα
2956 2537 3078 2591 ἐπεὶ
3108 2537 3215 2589 εἰσί
3259 2550 3404 2594 τινες
3440 2528 3723 2589 ἐλεοῦντες
3752 2525 3873 2596 μὲν,

2308 2640 2487 2703 πάσης
2525 2637 2581 2690 δὲ
2629 2634 2901 2706 ῥυπαρίας
2943 2631 3248 2701 ἀνάμεστον
3284 2628 3398 2698 βίον
3424 2626 3664 2697 ἔχοντες,
3701 2624 3871 2691 φησί’

2313 2750 2333 2783 ι
2370 2730 2477 2782 Καὶ
2532 2727 2691 2797 δεῦρο
2755 2724 3037 2778 ἀκολούθει
3109 2738 3223 2791 μοι,
3256 2738 3275 2771 s
3317 2718 3597 2781 τουτέστι,
3636 2716 3731 2768 καὶ
3779 2714 3879 2783 τὴν

2309 2823 2474 2890 ἄλλην
2522 2822 2702 2874 πᾶσαν
2730 2816 2928 2886 ἀρετὴν
2966 2814 3080 2884 ἔχε.
3124 2813 3185 2867 'O
3218 2812 3400 2881 μέντοι
3428 2809 3716 2870 νεανίσκος
3753 2806 3880 2858 ἰλυ-

2310 2917 2478 2988 πήθη·
2512 2912 2775 2981 ἐπεθύμει
2804 2908 2904 2978 μὲν
2932 2908 3064 2976 γὰρ,
3092 2904 3188 2958 καὶ
3228 2904 3416 2975 βαθεῖα
3440 2901 3537 2955 καὶ
3570 2900 3715 2953 πίων
3742 2893 3810 2967 ἦν
3842 2897 3876 2964 ἡ

2311 3010 2383 3078 γῆ
2411 3008 2507 3076 τῆς
2539 3004 2765 3075 καρδίας
2793 2998 2983 3063 αὑτοῦ,
3017 2997 3130 3051 ἀλλ’
3155 2998 3211 3050 αἰ
3242 2995 3474 3049 ἄκανθαι
3508 2992 3607 3046 τοῦ
3646 2990 3878 3044 πλούτου

644 3076 773 3133 Erat
791 3078 957 3148 enim,
978 3079 1175 3146 inquit,
1200 3076 1403 3131 habens
1425 3079 1797 3145 possessiones
1827 3079 2043 3135 multas.
2068 3080 2199 3135 Nam

2311 3076 2649 3168 συνέπνιγον
2700 3094 2768 3167 ἦν
2818 3095 2947 3165 γὰρ,
2994 3094 3182 3162 φησὶν,
3213 3090 3352 3159 ιχων
3392 3089 3652 3157 κτήματα
3680 3084 3874 3138 πολλά.

645 3172 952 3239 quipaucas
992 3169 1383 3233 babet,nouita
1410 3170 1476 3223 ab
1507 3169 1608 3225 illis
1646 3171 1917 3226 detinetur
1943 3190 1956 3226 :
1986 3172 2039 3226 iu
2070 3174 2206 3226 mni-

648 3262 719 3316 tis
744 3261 886 3317 enim
918 3261 1121 3315 divitiis
1142 3262 1431 3317 violentius
1458 3272 1540 3317 cst
1557 3263 1854 3318 vinculum.
1886 3264 2056 3321 Porro
2083 3270 2206 3337 quia

648 3352 798 3405 diviti
818 3352 1130 3421 loquebatur
1144 3350 1414 3419 Christus,
1439 3354 1672 3422 dicebat,
1692 3353 1987 3412 Habiturus
2011 3374 2070 3413 es
2092 3361 2208 3416 the-

652 3458 871 3497 saurum
894 3446 945 3497 in
977 3445 1136 3505 cmlo,
1161 3445 1314 3514 103
1344 3445 1652 3499 divitiarum
1685 3447 1827 3501 enim
1846 3459 2056 3504 amator
2070 3461 2209 3505 erat.

724 3534 885 3588 Vsus.
922 3534 1016 3596 25,
1038 3534 1129 3588 ει.
1159 3553 1177 3583 ο
1212 3534 1370 3590 .iesus
1390 3546 1569 3589 autem
1600 3536 1734 3591 dixit
1760 3540 2038 3610 discipulis
2064 3542 2210 3598 suis:

658 3627 825 3680 Anien
851 3627 973 3679 dico
991 3626 1174 3691 vobis,
1208 3626 1359 3682 dives
1395 3626 1611 3682 diiiiciie
1639 3628 1865 3682 intrabit
1910 3631 1963 3683 in
1996 3646 2213 3699 regnum

652 3721 935 3775 caelorum.
959 3719 1153 3775 iterum
1174 3732 1349 3776 autem
1374 3723 1493 3777 dico
1524 3724 1695 3789 vobis,
1718 3722 1927 3779 iacilius
1943 3734 2021 3778 est
2034 3738 2216 3779 came-

658 3810 765 3863 ium
803 3826 895 3877 per
935 3810 1174 3864 foramen
1217 3825 1348 3865 acus
1404 3814 1654 3878 transire,
1701 3828 1861 3881 quam
1914 3814 2133 3869 divitem
2162 3816 2215 3871 in

656 3916 877 3970 regnum
916 3904 1005 3956 Dei
1040 3904 1262 3972 ingredi.
1300 3922 1319 3955 ι
1348 3905 1759 3969 Quamliudives
1787 3914 1842 3960 et
1860 3908 1973 3975 ipse
1999 3909 2217 3976 quidem

658 3993 818 4045 bubet
876 3994 1164 4062 superﬂua,
1248 4004 1301 4048 et
1328 3995 1418 4048 alii
1478 4012 1582 4049 non
1610 3996 1693 4051 vel
1744 3999 2069 4064 necessaria,
2112 4014 2219 4053 non

658 4084 955 4153 ingreditur
1011 4087 1062 4137 in
1097 4100 1320 4150 regnum
1366 4088 1648 4141 etelorum.
1711 4086 1998 4156 Postquam
2042 4098 2220 4143 autem

660 4178 893 4229 excussit
920 4176 1119 4237 omnia,
1179 4187 1305 4229 tunc
1358 4191 1460 4229 non
1495 4184 1579 4229 est
1617 4177 1786 4239 dives,
1823 4185 1876 4230 et
1906 4186 2091 4246 postea
2142 4178 2224 4231 in-

659 4269 841 4322 trabit.
862 4266 1191 4334 lmpossihile
1206 4276 1286 4320 est
1316 4268 1455 4318 enim
1476 4268 1639 4321 multa
1673 4267 1959 4323 habentem
1998 4270 2219 4333 intrare,

660 4360 800 4415 sicut
816 4370 868 4412 et
888 4358 1148 4411 catneium
1169 4358 1496 4427 impossibile
1517 4373 1609 4423 per
1632 4358 1873 4414 foramen
1898 4376 2027 4415 acus
2052 4369 2225 4416 trans-

662 4454 760 4509 ire.
838 4452 966 4511 Vide
1017 4460 1191 4505 autem
1252 4452 1523 4521 quomodo
1577 4454 1718 4520 quod
1774 4455 2019 4522 superius
2089 4455 2221 4508 dixit

662 4545 898 4612 diuit-ile,
928 4546 1014 4599 hic
1045 4544 1541 4612 dicitimpossibile.
1568 4543 1819 4597 Nonnulli
1841 4556 2017 4599 autem
2042 4546 2227 4600 dicunt

666 4638 930 4693 camelum
952 4651 1057 4691 non
1086 4634 1625 4705 suimalsigniiicare,
1656 4636 1750 4689 sed
1764 4650 2005 4690 crassum
2038 4653 2228 4706 quem-

668 4728 791 4782 dam
826 4724 1026 4792 iunem,
1051 4740 1159 4797 quo
1185 4734 1361 4781 nauta:
1393 4736 1617 4782 utuntur
1642 4736 1700 4782 ut
1742 4726 2026 4798 projiciant
2073 4745 2232 4785 aueo.

668 4833 779 4873 ras.

744 5033 910 5090 Vsus.
933 5033 1024 5098 25,
1056 5033 1146 5087 2G.
1176 5052 1195 5085 ι
1226 5034 1437 5088 Auditis
1456 5045 1633 5090 autem
1664 5035 1769 5098 bis,
1792 5035 2038 5103 discipuli
2072 5051 2234 5104 expa-

681 5135 867 5181 verunt
900 5125 1073 5188 valde,
1102 5124 1344 5180 dicentes
1367 5144 1381 5179 :
1406 5126 1537 5193 Quis
1555 5142 1681 5195 ergo
1698 5137 1871 5193 potest
1888 5128 2064 5182 salvus
2086 5128 2200 5182 ﬂeri
2214 5131 2237 5181 ?

681 5218 911 5271 intuitus
943 5226 1119 5271 autem
1156 5217 1277 5271 illos
1311 5215 1467 5272 Jesus
1499 5219 1633 5272 dixit
1654 5218 1778 5283 illis,
1813 5219 1961 5286 Apud
1990 5220 2237 5275 homines

682 5315 784 5366 boc
816 5310 1148 5377 impossibile
1183 5320 1287 5375 est,
1320 5312 1455 5378 apud
1489 5311 1654 5365 Deum
1684 5321 1861 5363 autem
1903 5314 2080 5365 omnia
2113 5328 2236 5381 pos-

676 5402 851 5456 sibilia
899 5410 1046 5453 sunt.
1086 5418 1107 5452 s
1144 5400 1395 5470 Discipuli
1420 5410 1478 5455 ut
1516 5401 1907 5469 misericordes,
1935 5420 2038 5459 non
2071 5406 2240 5459 inter-

2325 3197 2384 3248 ‘0
2419 3196 2516 3264 μὲν
2547 3192 2656 3262 γὰρ
2687 3190 2842 3257 ὀλίγα
2865 3178 3021 3258 Exte»,
3049 3186 3150 3254 οὐχ
3178 3182 3377 3252 ὁμοίως
3420 3178 3718 3248 κατέχεται
3755 3174 3882 3229 τού-

2311 3306 2446 3351 τοις·
2472 3289 2530 3339 ὲν
2562 3285 2671 3355 γὰρ
2707 3285 2819 3345 τοῖς
2845 3281 3061 3343 πολλοῖς
3102 3272 3566 3345 τυραννικώτερος
3597 3272 3627 3323 ὁ
3658 3267 3879 3337 δεσμός·

2312 3384 2431 3439 ἐπεὶ
2456 3383 2511 3435 δὲ
2534 3383 2669 3452 πρὸς
2698 3378 2952 3432 πλούσιον
2974 3375 3245 3442 διελέγετο
3268 3373 3294 3424 ὁ
3321 3370 3546 3438 Κύριος,
3577 3366 3769 3433 φησὶν,
3797 3364 3882 3452 ὅτι

2313 3473 2495 3544 Ἕξεις
2527 3451 2588 3528 ὲν
2634 3470 2884 3542 οὐρανοῖς
2916 3466 3211 3537 θησαυρὸν,
3239 3463 3359 3518 ἐπεὶ
3392 3451 3881 3529 φιλοχρήματοςεῐ.

2391 3589 2411 3622 s
2456 3569 2513 3622 '0
2531 3568 2587 3620 δὲ
2623 3565 2827 3634 Ἰησοῦς
2862 3560 2983 3614 εἷπε
3012 3563 3123 3622 τοῖς
3151 3556 3418 3627 μαθηταῖς
3447 3552 3614 3605 αὑτοῦ
3655 3568 3667 3580 ·
3712 3550 3885 3618 ’Δμὴν

2316 3661 2460 3728 λέγω
2489 3660 2619 3727 ὑμῖν
2666 3656 2747 3709 ὃτι
2779 3654 3029 3714 πλούσιος
3056 3647 3331 3709 δυσκόλως
3378 3642 3751 3697 εἰσελεύσεται
3804 3640 3887 3701 εἰς

2316 3755 2419 3820 τὴν
2452 3748 2729 3822 βασιλείαν
2757 3747 2869 3798 τῶν
2924 3741 3191 3814 οὐρανῶν.
3230 3739 3399 3794 Πάλιν
3430 3738 3487 3790 δὲ
3536 3736 3687 3803 λέγω
3735 3735 3886 3803 ὑμῖν,

2318 3842 2690 3913 εὐκοπώτερόν
2722 3841 2837 3891 ἐστι
2865 3837 3109 3907 κάμηλον
3130 3834 3217 3888 διὰ
3265 3832 3622 3902 τρυπήματος
3664 3826 3888 3896 ῥαφίδος

2318 3935 2565 3997 διελθεῖν,
2600 3932 2635 4003 ἢ
2672 3930 2924 3984 πλούσιον
2956 3929 3033 3991 εἰς
3051 3929 3149 3998 τὴν
3180 3922 3455 3995 βασιλείαν
3483 3920 3577 3974 τοῦ
3612 3918 3750 3971 Θεοῦ
3780 3918 3861 3971 sio

2320 4028 2517 4081 ελθεῖν.
2557 4048 2575 4079 ι
2608 4028 2753 4089 Ἕως
2795 4025 2861 4079 ἂν
2906 4020 3244 4094 ᾖπλούσιος,
3308 4018 3404 4072 καὶ
3457 4016 3617 4077 αὐτὸς
3662 4014 3763 4083 μιν
3795 4011 3891 4079 ἔχῃ

2325 4119 2575 4189 περιττὰ,
2608 4117 2755 4171 ἄλλοι
2786 4116 2843 4167 δὲ
2868 4114 2989 4168 οὐδὲ
3015 4113 3083 4165 τὰ
3113 4111 3406 4177 ἀναγκαῖα,
3462 4106 3522 4159 οὑ
3559 4105 3635 4175 μὴ
3670 4102 3892 4172 εἰσέλθῃ

2325 4212 2404 4275 εἰς
2451 4210 2547 4280 τὴν
2594 4207 2870 4277 βασιλείαν
2921 4205 3031 4257 τῶν
3084 4201 3350 4273 οὐρανῶν.
3399 4197 3651 4252 Ἐπειδὰν
3710 4195 3892 4265 μέντοι

2326 4301 2717 4369 ἁποτινάξηται
2766 4298 2966 4361 πάντα,
3002 4296 3122 4351 τότε
3158 4295 3219 4347 οὐ
3264 4292 3538 4353 πλούσιος,
3579 4287 3676 4342 καὶ
3707 4286 3893 4340 λοιπὸν

2253 4426 2305 4487 D
2330 4394 2717 4450 εἰσελεύσεται.
2790 4388 3077 4443 ’Δδύνατον
3104 4387 3212 4455 γὰρ
3248 4384 3417 4437 πολλὰ
3469 4383 3661 4451 ἔχοντα
3720 4378 3895 4431 εἰσελ-

2330 4489 2465 4551 θεῖν,
2495 4485 2685 4555 ὥσπερ
2712 4483 2809 4537 καὶ
2849 4482 2945 4552 τὴν
2970 4479 3218 4550 κάμηλον
3246 4475 3505 4529 ἀδύνατον
3526 4472 3757 4526 διελθεῖν
3813 4471 3896 4523 διὰ

2330 4582 2689 4652 τρυπήματος
2745 4572 3133 4646 βελόνης-Ἴδε
3188 4568 3281 4621 οῦν
3325 4567 3439 4629 πῶς
3488 4563 3749 4630 ἀνωτέρω
3803 4562 3897 4631 μὶν

2332 4675 2589 4729 δύσκολον
2637 4669 2757 4725 εἷπε
2812 4672 2874 4723 τὸ
2915 4667 3197 4729 εἰσελθεῖν,
3254 4661 3489 4717 ινταῦθα
3542 4660 3599 4712 δὲ
3636 4658 3898 4711 ἀδύνατον

2334 4764 2632 4827 παντελῶς.
2693 4764 2849 4824 Τινὶς
2898 4761 2954 4814 δὲ
2990 4759 3255 4829 κάμηλον,
3283 4755 3345 4807 οὐ
3402 4754 3462 4807 τὸ
3512 4752 3653 4813 ζῶόν
3708 4766 3893 4819 φασιν,

2338 4858 2471 4912 ἀλλὰ
2501 4856 2559 4909 τὸ
2588 4854 2730 4924 παχὺ
2766 4852 3019 4923 σχοινίον,
3048 4844 3092 4919 ᾧ
3118 4848 3357 4921 χρῶνται
3386 4847 3436 4900 οἰ
3465 4844 3655 4898 ναῦται
3680 4843 3816 4913 πρὸς
3844 4841 3902 4894 τὸ

2339 4950 2555 5021 ῥίπτειν
2589 4949 2683 5010 τὰς
2718 4946 2985 5015 ἀγκύρας.

2412 5063 2431 5095 ι
2489 5042 2844 5102 Ἀκούσαντες
2879 5040 2934 5090 δὲ
2959 5040 3006 5090 οἰ
3041 5036 3279 5107 μαθηταὶ
3312 5033 3474 5088 αὐτοῦ
3510 5030 3903 5101 ἐξεπλήσσοντο

2340 5134 2565 5204 σφόδρα,
2594 5134 2845 5199 λέγοντες
2873 5145 2888 5162 ·
2916 5130 3009 5203 Τίς
3045 5131 3152 5199 ἄρα
3184 5128 3404 5180 δύναται
3432 5126 3705 5194 σωθῆναι;
3773 5124 3903 5191 Ἑμ-

2342 5226 2542 5295 6).ἐψα;
2570 5226 2625 5277 δὲ
2667 5227 2695 5277 ὁ
2734 5222 2940 5293 Ἰησοῦς
2970 5218 3124 5274 εἶπεν
3154 5222 3354 5284 αὐτοῖς,
3394 5217 3550 5288 Παρὰ
3595 5216 3902 5285 ἀνθρώποις

2339 5317 2498 5369 τοῦτο
2532 5314 2791 5368 ἀδύνατόν
2830 5316 2970 5373 ἐστι,
2995 5314 3142 5382 παρὰ
3175 5310 3229 5363 δὲ
3272 5309 3390 5379 Θεῷ
3424 5311 3600 5362 πάντα
3630 5307 3845 5361 δυνατά.
3880 5324 3897 5354 ι

2344 5411 2403 5461 Οἱ
2428 5407 2663 5477 μαθηταὶ
2694 5407 3062 5476 φιλάνθρωποι
3097 5405 3267 5468 ὄντες,
3306 5402 3582 5471 ἐρωτῶσιν
3616 5402 3713 5469 οὐχ
3768 5401 3905 5467 ὑπὲρ

678 5500 869 5559 rogant
891 5507 985 5559 pro
1013 5492 1205 5559 seipsis
1238 5494 1521 5559 (pauperes
1567 5493 1707 5545 enim
1741 5492 1998 5565 fuerant),
2029 5499 2121 5551 sed
2148 5514 2205 5565 pr

2345 5501 2554 5554 ἑαυτῶν
2594 5500 2849 5569 (πένητες
2882 5498 2990 5566 γὰρ
3015 5492 3199 5567 ἦσαν,,
3238 5495 3351 5546 ἀλλ’
3404 5494 3544 5554 ὑπὲρ
3573 5491 3787 5544 πάντων
3817 5492 3908 5541 ἀν-

683 5583 924 5635 nmuibus
981 5582 1306 5636 hominibus.
1377 5583 1632 5636 Dominus
1710 5586 1871 5653 igitur
1932 5590 2086 5640 docet
2137 5603 2241 5641 non

683 5673 913 5726 humana
955 5673 1608 5727 inﬁrmitatemeticndam
1640 5674 1885 5738 salutem,
1925 5679 2017 5732 seti
2065 5680 2241 5733 divina

2346 5592 2597 5663 θρώπων.
2642 5592 2698 5643 '0
2725 5586 2817 5642 οῦν
2862 5590 3065 5659 Κύριος
3094 5588 3335 5641 διδάσκει
3373 5586 3445 5655 μὴ
3498 5588 3565 5654 τῇ
3593 5583 3904 5653 ἀνθρωπίνῃ

2346 5683 2598 5753 ἀσθενείᾳ
2656 5685 2989 5752 συμμετρεῖν
3033 5681 3129 5749 τὴν
3184 5679 3476 5748 σωτηρίαν,
3526 5674 3662 5731 ἀλλὰ
3708 5676 3772 5744 τῇ
3813 5671 3906 5725 τοῦ

756 5786 829 5857 (a)
879 5787 1020 5844 Edit.
1053 5788 1173 5845 Lut.
1229 5790 1429 5859 omisit,
1484 5790 1624 5856 Quid
1667 5793 1831 5862 igitur
1870 5811 2037 5866 usque
2075 5800 2138 5853 ad
2180 5816 2239 5855 ea
2282 5804 2444 5858 verba
2483 5802 2892 5857 (idoli-stentem.
