4080 6336
569 379 682 441 359

1463 371 2045 450 THEOPHYLACTI
2086 369 2500 431 BULGARIE
2539 371 2897 431 ARCHILP.

3713 364 3824 427 360

563 487 872 543 vindicandi
906 487 1120 556 cupido.
1148 484 1332 540 Vende
1361 484 1529 552 igitur
1558 486 1691 550 haec,
1720 494 1775 537 et
1796 485 1863 538 da
1884 483 2135 553 pauperi-

2258 500 2330 536 παι
2385 484 2454 537 τὰ
2509 485 2832 556 ὑπάρχοντά
2869 501 2970 550 σοι,
3029 482 3123 541 ,καὶ
3157 479 3339 535 δοῦναι
3397 479 3512 541 τοῖς
3547 481 3815 547 ’κτινχοίδ

562 579 665 632 bus
696 578 1031 631 daemonibus
1083 588 1137 629 et
1175 576 1320 628 omni
1357 573 1497 628 bono
1543 575 1770 642 privatis
1808 592 1821 627 :
1872 583 2131 628 converte

564 668 874 722 all‘cctiones
907 679 1025 720 tuas
1056 667 1109 721 in
1167 665 1512 726 aﬂ'eetionum
1581 675 1832 720 auctores
1861 682 1875 720 :
1907 674 1960 716 et
2009 673 2138 718 tunc

2258 669 2300 722 δὲ
2343 669 2515 738 μοιχῷ
2582 670 2616 737 ή
2692 669 3007 739 μοιχευτικὴ
3065 668 3343 727 διάθεσις·

2248 757 2424 826 κάκῳ,
2457 759 2490 826 ή
2528 759 2888 827 μνησικακία.
2952 757 3206 826 Πώλησον
3230 750 3323 807 οὖν
3366 755 3557 813 ταῦτα,
3593 749 3690 802 καὶ
3730 749 3818 809 δὸς

567 760 788 812 habebis
831 760 1162 822 thesaurum,
1197 758 1298 812 hoc
1321 766 1403 813 est
1423 756 1723 823 Christum,
1770 758 1823 809 in
1862 755 2000 810 caelo
2024 765 2138 820 tun,

2255 575 2601 645 ’Υπάρχοντα
2623 579 2680 630 δέ
2712 581 2842 640 εἰσι,
2889 578 2968 648 τῷ
3014 577 3110 646 μὲν
3141 572 3394 643 θυμώδειι
3417 573 3446 625 ὁ
3483 568 3656 639 θυμός
3682 584 3697 598 '
3743 559 3834 635 τῷ

3396 664 3475 732 τῷ
3514 663 3572 714 δὲ
3630 675 3792 729 μνησι
3805 685 3824 698 ο

568 850 666 902 hoc
702 861 786 902 est
833 849 882 901 in
911 865 1118 902 summa
1150 858 1328 904 mente
1357 858 1467 902 tua.
1519 847 1722 902 leum
1777 845 1919 900 enim
1978 845 2141 902 habet

2258 853 2358 911 τοῖς
2409 852 2643 918 πτωχοῖς
2695 850 2914 918 δαίμοσι
2945 849 3038 902 καὶ
3085 851 3288 908 παντὸς
3342 844 3548 913 ἀγαθοῦ
3592 845 3820 909 ἑστερη-

570 943 623 993 in
660 944 837 1009 seipso
861 943 951 1010 qui
993 941 1172 997 factus
1203 952 1282 996 est
1309 942 1559 995 caelestis.

2254 939 2455 1008 μένοις.
2495 937 2876 1008 Ἀντίστρεψον
2927 937 2994 989 τά
3027 937 3172 1005 πάθη
3199 938 3311 997 τοῖς
3354 935 3464 986 τῶν
3506 932 3697 985 παθῶν
3729 929 3821 996 δη-

568 1038 865 1104 μιουργοῖς,
927 1039 1021 1090 καὶ
1060 1039 1178 1090 τότε
1227 1037 1367 1100 ἔξεις
1414 1037 1502 1088 τὸν
1536 1033 1826 1102 θησαυρὸν,
1899 1033 2149 1088 τουτέστι
2223 1034 2313 1087 τὸν
2359 1033 2612 1105 Χριστὸν,
2664 1035 2721 1086 ὲν
2779 1032 2858 1102 τῷ
2886 1031 3098 1101 οὐρανῷ
3132 1047 3244 1095 σου,
3297 1031 3574 1083 τουτέστιν
3631 1029 3688 1080 ὲν
3741 1025 3819 1095 τῷ

563 1130 751 1198 ὑψηλῷ
793 1149 887 1183 σου
928 1133 1027 1184 νοτ.
1060 1132 1299 1202 Οὐρανὸν
1323 1122 1433 1198 γάρ
1463 1128 1576 1199 ἔχει
1611 1131 1667 1181 ὲν
1699 1128 1897 1198 ἑαυτῷ,
1941 1131 1969 1182 ὁ
2023 1128 2312 1198 γενόμενος
2345 1123 2454 1189 οἷος
2483 1130 2510 1179 ὁ
2540 1128 2881 1198 ἐπουράνιος.

641 1222 804 1276 Vens.
828 1223 918 1276 50.
948 1241 966 1274 ι
1002 1221 1149 1274 Multi
1180 1230 1358 1274 autem
1377 1229 1538 1274 erunt
1560 1219 1716 1288 primi
1746 1219 2046 1280 novissimi,
2081 1226 2137 1271 et

563 1315 840 1368 novissnni
870 1315 1051 1383 primi.
1102 1333 1119 1364 ι
1149 1294 1363 1366 Julia-os
1390 1311 1477 1364 hic
1507 1310 1743 1363 insinuat
1788 1318 1841 1361 et
1873 1305 2123 1376 gentiles.

2321 1239 2340 1270 ‹
2380 1220 2570 1272 Πολλοὶ
2604 1220 2658 1272 δὲ
2682 1222 2892 1271 ἔσονται
2942 1214 3152 1285 πρῶτοι
3185 1212 3422 1280 ἔσχατοι,
3451 1211 3560 1261 -καὶ
3606 1211 3821 1279 ἔσχατοι

2243 1309 2469 1380 πρῶτοι.
2523 1329 2539 1360 ι
2582 1310 2718 1371 Τοὺς
2788 1308 3071 1368 Ἰουδαίους
3127 1303 3357 1358 ἐνταῦθα
3397 1301 3820 1354 αίνίττεται·καὶ

563 1406 696 1458 Nam
725 1408 814 1474 qui
845 1406 1001 1474 primi
1035 1415 1209 1467 erant,
1244 1405 1367 1455 facti
1392 1411 1517 1454 sunt
1545 1401 1824 1454 novissimi
1855 1417 1868 1452 :
1909 1399 2138 1468 gentiles

2258 1398 2369 1458 τοὺς
2392 1398 2660 1458 ὲθνικούς.
2681 1399 2740 1450 Ol
2769 1398 2866 1466 μὲν
2884 1396 3012 1466 γὰρ,
3032 1395 3238 1461 πρῶτοι
3262 1393 3432 1454 ὄντες,
3455 1390 3677 1459 ἔσχατοι
3705 1389 3821 1453 ιγι.

564 1507 764 1559 autem,
798 1497 887 1562 qui
931 1509 1146 1548 eramus
1205 1490 1506 1556 novissimi,
1533 1490 1696 1560 primi
1727 1489 2006 1544 constituti
2047 1504 2141 1544 su-

565 1602 705 1655 tuus,
733 1594 785 1637 et
827 1594 883 1636 ut
913 1583 1198 1637 manifeste
1239 1583 1419 1636 discas
1469 1581 1612 1651 quod
1661 1581 1880 1645 dicitur,
1923 1589 2142 1650 coaptat

564 1678 728 1731 etiam
761 1685 1078 1746 sequentem
1111 1674 1447 1745 parabolam.

1173 1916 1401 1974 CAPUT
1431 1917 1550 1972 XX.

569 2039 645 2093 De
675 2035 906 2089 mercede
944 2033 1217 2086 conductis
1259 2031 1534 2095 operariis.
1597 2029 1668 2081 De
1702 2028 1830 2095 ﬁliis
1884 2024 2144 2079 Zebeda'i.

1065 2101 1144 2156 De
1179 2099 1381 2152 duobus
1413 2101 1583 2152 cwcis.

639 2240 806 2295 Vens.
872 2238 989 2293 1-7.
1049 2254 1067 2288 ι
1107 2232 1297 2289 Simile
1328 2231 1472 2287 enim
1498 2240 1584 2289 est
1635 2245 1856 2301 regnum
1886 2228 2148 2285 cmlorum

568 2334 773 2390 hmuini
817 2329 1194 2402 patrifamilias
1222 2325 1311 2394 qui
1348 2325 1480 2386 exiit
1511 2326 1687 2394 primo
1713 2323 1897 2377 statim
1918 2322 2152 2378 diluculo

565 2426 632 2480 ad
666 2422 1046 2479 conducendos
1074 2419 1355 2488 operarios
1384 2417 1438 2469 in
1465 2417 1678 2468 vineam
1699 2429 1874 2468 suam.
1903 2413 2154 2468 Conven-

565 2517 713 2571 tione
752 2525 930 2569 autem
966 2513 1104 2567 facta
1136 2526 1255 2564 cum
1287 2508 1554 2578 operariis
1589 2507 1640 2560 iu
1669 2505 1910 2574 singulos
1941 2505 2056 2560 dies
2086 2520 2152 2560 ex

564 2608 811 2672 denario,
830 2605 1084 2659 misiteos
1101 2603 1152 2656 in
1171 2603 1383 2656 vineam
1402 2614 1575 2654 suam.
1594 2596 1658 2652 Et
1674 2610 1922 2666 egressus
1941 2596 2157 2649 circiter

567 2700 757 2755 horam
801 2697 1042 2761 tertiam,
1073 2695 1203 2747 vidit
1230 2693 1366 2746 alios
1388 2701 1594 2746 stantes
1623 2689 1676 2742 in
1704 2687 1822 2742 foro
1847 2687 2070 2749 otiosos,
2102 2693 2155 2737 et

565 2791 673 2846 illis
705 2789 1153 2844 dixilzlte'etvos
1185 2787 1235 2840 in
1259 2787 1471 2840 vineam
1496 2797 1693 2848 meam,
1720 2790 1771 2836 et
1803 2780 2157 2849 quodcunque

565 2868 766 2951 justum
791 2881 973 2946 fuerit,
996 2880 1136 2933 dabo
1156 2879 1325 2931 vobis.
1349 2876 1428 2930 Illi
1463 2884 1641 2928 autem
1671 2871 1941 2926 abierunt.
1958 2869 2156 2924 lterum

509 2957 520 2970 ί
571 2990 694 3027 cum
738 2974 941 3025 exisset
964 2971 1105 3025 circa
1133 2979 1339 3022 sextam
1368 2978 1417 3022 et
1450 2980 1647 3020 nonam
1679 2965 1891 3028 horam,
1912 2962 2161 3016 similiter

566 3063 714 3118 fecit.
739 3061 894 3115 Circa
915 3060 1248 3113 undecimam
1300 3071 1428 3110 vero
1459 3057 1647 3110 horam
1678 3054 1831 3120 exiit,
1856 3063 1911 3108 et
1957 3053 2160 3106 invenit

569 3150 704 3205 alios
739 3158 946 3203 stantes
969 3148 1190 3212 otiosos,
1213 3154 1268 3201 et
1305 3145 1438 3199 dixit
1461 3144 1566 3199 illis
1590 3161 1606 3199 :
1627 3143 1737 3198 Cur
1763 3144 1849 3198 hic
1867 3144 2022 3198 statis
2051 3150 2158 3196 tota

568 3242 656 3296 die
674 3240 872 3294 otiosi?
901 3239 1089 3294 Dicunt
1107 3239 1178 3292 illi
1203 3258 1216 3293 :
1243 3238 1380 3304 Quia
1405 3236 1583 3292 nullus
1601 3251 1697 3290 nos
1715 3235 1991 3291 conduxit.
2013 3233 2151 3286 Dixil

2267 3222 2359 3272 καὶ
2388 3219 2536 3289 λέγει
2564 3220 2747 3280 αὐτοῖς
2776 3235 2789 3249 ⁶

569 3333 676 3388 iliis
691 3350 704 3384 :
722 3333 876 3385 Abite
893 3342 946 3384 et
965 3346 1058 3384 vos
1074 3331 1126 3383 in
1144 3330 1354 3383 vineam
1375 3345 1388 3381 :
1408 3326 1732 3396 clquidquid
1751 3327 1953 3396 justum
1972 3325 2152 3388 fuerit,

574 3425 880 3493 accipietis.
916 3443 933 3475 ι
966 3421 1213 3477 Christus
1243 3433 1324 3476 est
1344 3436 1567 3489 regnum
1614 3420 1898 3485 caelorum,
1923 3420 2014 3490 qui
2070 3434 2155 3473 as-

570 3521 842 3574 similatur
872 3516 1105 3578 homini,
1142 3514 1438 3568 secundum
1462 3515 1603 3581 quod
1629 3511 1920 3565 humanam
1945 3511 2157 3578 accepit

572 3609 731 3681 105
784 3609 1038 3662 formam.
1077 3604 1475 3660 Paterfamilias
1503 3615 1706 3668 autem,
1739 3604 1864 3671 quia
1899 3601 2159 3655 Dominus

568 3714 653 3757 est
681 3706 890 3764 domus,
933 3699 1034 3752 hoc
1059 3707 1163 3764 est,
1217 3696 1493 3752 Ecclesiae.
1544 3693 1644 3749 llic
1701 3693 1864 3762 igitur
1906 3692 2158 3747 Christus

567 3796 756 3852 exiite
786 3793 995 3848 sinibus
1035 3791 1304 3861 paternis,
1334 3799 1389 3842 et
1448 3786 1710 3842 conduxit
1760 3788 2045 3853 operarios
2096 3785 2146 3836 in

573 3889 808 3949 vineam,
858 3886 959 3939 hoc
1017 3893 1100 3939 est
1148 3882 1491 3951 Scripturas,
1553 3877 1636 3932 vel
1685 3876 1960 3930 mandata.
2023 3873 2139 3939 Vel,

568 3992 1007 4048 tummqnemque
1055 3975 1322 4030 conduxit
1351 3983 1411 4026 ut
1467 3980 1722 4041 operetur
1767 3969 2005 4033 vineam,
2058 3967 2163 4022 hoc

569 4084 654 4129 est
710 4087 860 4126 suam
891 4072 1155 4125 animam.
1195 4063 1465 4120 Conducit
1510 4071 1689 4117 autent
1734 4061 1899 4114 alium
1940 4057 2157 4129 quidem

566 4166 745 4236 primo
775 4161 1034 4226 diluculo,
1084 4161 1185 4215 hoc
1232 4167 1316 4213 est
1365 4159 1415 4211 in
1436 4155 1716 4225 pueritia:
1758 4152 1924 4206 alium
1974 4160 2153 4205 autem

570 4261 704 4313 hora
757 4255 941 4318 tertia,
985 4254 1087 4308 hoc
1133 4260 1216 4307 est
1269 4247 1633 4304 adolestentia
1683 4261 1702 4299 :
1773 4259 1964 4299 rursus
2009 4244 2148 4298 alios

2248 1504 2419 1551 νοντο,
2452 1489 2500 1539 oi
2532 1487 2588 1538 δὲ
2633 1488 2835 1538 ἐθνικοὶ
2864 1487 3080 1558 ἔσχατοι
3115 1487 3288 1547 ὄντες,
3324 1484 3534 1553 πρῶτοι
3565 1483 3824 1548 κατέστη-

2252 1594 2372 1648 μεν·
2399 1578 2492 1629 καὶ
2513 1577 2598 1628 ἵνα
2625 1577 2810 1644 σαφῶς
2839 1577 3014 1646 μάθῃς
3037 1577 3098 1627 τὸ
3129 1575 3442 1644 λεγόμενον,
3467 1571 3822 1624 ὲπισυνάπτιι

2251 1670 2343 1723 καὶ
2372 1669 2470 1741 τὴν
2496 1670 2769 1739 ἑπομένην
2810 1668 3149 1738 παραϐολήν.

2848 1885 3096 1941 ΚΕΦΔΛ.
3132 1881 3217 1938 κ’.

2249 2007 2386 2074 Περὶ
2420 2004 2539 2058 τῶν
2574 2001 2992 2074 μισθουμένων
3019 1998 3328 2074 spy-qui)?
3353 1997 3484 2062 περὶ
3525 1994 3651 2074 τῶν
3683 1992 3828 2048 υιῶν

2431 2074 2538 2128 τοῦ
2556 2067 2894 2128 Ζεϐεδαίου·
2939 2067 3073 2139 περὶ
3093 2067 3213 2123 τῶν
3238 2069 3347 2121 δύο
3385 2067 3652 2134 τυφλῶν.

2335 2205 2527 2274 Ὁμοία
2558 2205 2667 2274 γάρ
2691 2206 2836 2257 ἐστιν
2865 2205 2898 2273 ὴ
2930 2203 3178 2274 βασιλεία
3208 2203 3318 2255 τῶν
3339 2200 3586 2273 οὐρανῶν
3615 2198 3826 2268 ἀνθρώ-

2255 2314 2341 2367 πῳ
2367 2296 2744 2365 οἰκοδεσπότη,
2782 2295 2931 2357 ὅστις
2964 2294 3188 2364 ἐξῆλθεν
3235 2293 3350 2363 ἅμα
3382 2289 3833 2363 πρωῖνμισθώσα-

2257 2389 2378 2443 σθαι
2415 2388 2651 2458 ἐργάτας
2695 2390 2774 2450 εὶς
2795 2388 2883 2440 τὸν
2914 2388 3214 2456 ἀμπελῶνα
3241 2385 3429 2440 αὑτοῦ.
3464 2385 3572 2437 Καὶ
3600 2401 3832 2453 συμφω-

2255 2482 2423 2549 νήσας
2451 2481 2593 2548 μετά
2637 2480 2745 2531 τῶν
2792 2479 3041 2548 ἐργατῶν
3085 2481 3148 2530 ὲκ
3181 2478 3437 2546 δηναρίου
3464 2477 3565 2545 τὴν
3594 2476 3834 2546 ἡμέραν,

2260 2571 2583 2625 ἀπέστειλεν
2639 2572 2841 2634 αὐτοὺς
2895 2573 2975 2633 εις
3009 2571 3102 2623 τὸν
3147 2570 3448 2640 ἀμπελῶνα
3478 2567 3666 2622 αὐτοῦ.
3729 2568 3835 2620 Καὶ

2258 2663 2490 2730 ἐξελθὼν
2524 2663 2654 2733 περὶ
2706 2663 2898 2734 τρίτην
2945 2662 3118 2733 ὤραν,
3155 2657 3295 2714 εἶδεν
3347 2661 3540 2724 ἀλλους
3590 2659 3836 2722 ἑστῶτας

2260 2762 2318 2812 ἐν
2346 2764 2411 2829 τῇ
2438 2761 2635 2829 ἀγορᾷ,
2664 2761 2759 2812 καὶ
2788 2759 3019 2822 ἐκείνοις
3043 2752 3213 2810 εἶπενο
3258 2757 3517 2825 ’Υπάγετῖ
3559 2755 3654 2810 καὶ
3680 2757 3837 2825 ὑμεῖς

2260 2853 2338 2913 εἱς
2365 2851 2454 2902 τὸν
2486 2851 2809 2919 ἀμπελῶνα,
2847 2850 2942 2902 καὶ
2969 2848 2997 2902 ὃ
3030 2850 3123 2902 ἐὰν
3227 2848 3454 2908 δίκαιον,
3491 2847 3651 2899 δώσω
3686 2847 3833 2916 ὑμῖν

2260 2946 2309 2995 οί
2340 2943 2396 2995 δὲ
2447 2941 2709 3009 ἀπῆλθον.
2760 2941 2932 2993 Πάλιν
2981 2939 3039 2992 δὲ
3091 2938 3322 3003 ἐξελθὼν
3370 2939 3496 3007 περὶ
3529 2938 3698 3006 ἕκτην
3745 2934 3868 2989 καῖ

2263 3035 2489 3102 ὲννάτην
2514 3033 2683 3104 ὥραν,
2720 3034 2975 3101 ἐποίησεν
3017 3031 3300 3092 ὡσαύτως.
3339 3030 3469 3098 Περὶ
3523 3029 3580 3081 δὲ
3614 3029 3718 3098 τὴν
3758 3029 3839 3080 ὲν-

2263 3128 2494 3197 δεκάτην
2510 3127 2660 3197 ὥραν
2679 3125 2933 3190 ἐξελθὼν,
2949 3119 3106 3192 εὗρεν
3131 3123 3323 3185 ἀλλους
3348 3123 3588 3184 ἑστῶτας
3611 3120 3836 3191 ἀργοΰς·

2844 3219 2908 3270 Τί
2941 3211 3043 3270 ὧδε
3091 3218 3359 3287 ἑστήκατε
3389 3216 3518 3285 ὅλην
3564 3215 3666 3283 τὴν
3707 3216 3842 3282 ἠμέ-

2263 3328 2361 3381 ραν
2385 3311 2579 3381 ἀργοίς
2623 3311 2887 3376 Λέγουσιν
2920 3308 3090 3378 αὐτῷ,
3119 3308 3242 3360 Ὀτι
3269 3307 3444 3367 οὐδεὶς
3472 3305 3840 3374 δμισθώσατο.

2260 3408 2422 3470 Λέγει
2445 3405 2649 3466 αὐτοῖς·
2695 3402 2972 3469 Ὑπάγετε
2997 3403 3089 3453 καὶ
3117 3401 3275 3468 ὑμεῖς
3295 3401 3370 3460 εἰς
3394 3399 3486 3450 τὸν
3513 3395 3838 3466 ἀμπελῶνα,

2261 3497 2354 3549 καὶ
2381 3496 2409 3547 ὃ
2451 3490 2600 3568 ἐὰνῇ
2633 3495 2860 3558 δίκαιον,
2899 3492 3155 3560 λήψεσθε.
3202 3510 3220 3542 ‹
3266 3490 3324 3543 '0
3357 3491 3590 3559 Χριστός
3629 3490 3838 3558 ἐστινὴ

2267 3586 2513 3654 βασιλεία
2551 3585 2658 3638 τῶν
2689 3578 2956 3654 οὐρανῶν,
2991 3582 3049 3642 ὃς
3074 3580 3355 3651 ὁμοιοῦται
3385 3579 3680 3648 ἀνθρώπῳ,
3721 3579 3844 3631 καθ’

2261 3680 2288 3731 ὃ
2345 3679 2559 3748 μορφὴν
2613 3679 2890 3748 ἡμετέραν
2930 3675 3157 3741 ἐλαϐεν·
3206 3673 3589 3742 οἰκοδεσπότης
3633 3671 3712 3733 δὲ,
3770 3671 3844 3733 ὡς

2259 3772 2536 3835 δεσπόζων
2573 3771 2665 3823 τοῦ
2699 3771 2871 3834 οἴκου,
2909 3769 3157 3823 τουτέστι
3212 3767 3312 3836 τῆς
3359 3765 3706 3835 Ἐκκλησίας.
3745 3758 3846 3818 υἷι-

2260 3879 2352 3925 τος
2383 3859 2474 3916 οὖν
2509 3866 2535 3915 ὁ
2573 3863 2807 3933 Χριστὸς
2842 3861 3068 3930 ἐξῆλθεν
3099 3862 3162 3912 ὲκ
3201 3859 3310 3912 τῶν
3363 3857 3580 3909 κόλπων
3608 3855 3702 3909 τοῦ
3732 3856 3844 3909 Πα-

2263 3956 2412 4026 τρὸς,
2447 3956 2540 4007 καὶ
2575 3955 2862 4025 μισθοῦται
2891 3953 3131 4024 ἐργάτας
3157 3953 3234 4013 είς
3262 3951 3354 4002 τὸν
3376 3949 3701 4018 ἀμπελῶνα,
3729 3950 3844 4018 ήτοι

2262 4044 2361 4104 τὰς
2408 4046 2629 4115 Γραφὰς
2679 4046 2710 4116 ἢ
2764 4046 2861 4106 τὰς
2897 4042 3138 4106 ἐντολάς.
3168 4041 3247 4094 :H
3275 4041 3504 4093 ἕκαστον
3555 4039 3846 4110 μισθοῦται

2264 4137 2344 4200 είς
2375 4137 2436 4189 τὸ
2477 4137 2809 4206 ἐργάζεσθαι
2836 4139 2929 4188 τὸν
2959 4133 3284 4205 ἀμπελῶνα,
3311 4133 3430 4203 ἦτοι
3487 4131 3585 4202 τὴν
3633 4133 3844 4186 οἰκείαν

2265 4227 2467 4300 ψυχήν.
2518 4227 2823 4281 λιισθοῦται
2881 4226 2938 4280 δὲ
2984 4225 3075 4278 τὸν
3130 4225 3229 4295 μὲν
3282 4223 3344 4276 τὸ
3393 4221 3556 4293 πρωῒ,
3602 4222 3846 4276 τουτέστι

565 4358 716 4403 sexta
769 4357 817 4401 et
862 4315 1024 4412 noua,
1076 4343 1290 4413 quando
1319 4341 1440 4410 quis
1490 4338 1680 4407 viginti
1708 4336 1947 4406 quinque
1998 4333 2151 4388 fuerit

2267 4323 2409 4374 κατὰ
2441 4319 2538 4390 τὴν
2574 4321 2776 4390 νεαρὰν
2809 4319 3048 4390 ήλικίαν·
3086 4317 3178 4371 τὸν
3208 4316 3265 4369 δὲ
3317 4315 3462 4370 κατά
3505 4315 3606 4384 τὴν
3657 4316 3846 4386 τρίτην

568 4454 861 4501 annorum,
890 4437 972 4491 vel
1005 4436 1244 4505 triginta,
1275 4442 1332 4486 et
1354 4430 1672 4500 simpliciter
1709 4429 1762 4482 in
1793 4427 1930 4480 virili
1960 4434 2120 4480 aetate
2146 4427 2160 4465 τ

571 4545 740 4605 porro
776 4531 919 4584 circa
946 4527 1306 4589 undecimam,
1337 4537 1518 4578 senes.
1546 4520 1696 4576 Multi
1738 4519 1882 4574 enim
1916 4527 1972 4573 et
1997 4531 2156 4572 senes

566 4625 933 4679 crediderunt.
971 4617 1062 4673 Vel
1101 4617 1282 4679 aliter,
1327 4615 1442 4670 dies
1469 4612 1668 4667 dicitur
1704 4624 1944 4681 praesens
1979 4623 2150 4662 διεω-

565 4717 710 4770 lum:
742 4716 794 4767 in
839 4713 927 4766 illo
969 4713 1111 4765 enim
1159 4696 1632 4777 operam’ur‘sicut
1685 4704 1740 4757 in
1794 4702 1900 4756 die.
1935 4699 2158 4759 Vocavit

566 4810 726 4880 igitur
760 4806 1022 4860 Dominus
1058 4802 1229 4871 prima
1291 4799 1421 4852 hora
1469 4795 1654 4850 Euooh
1707 4803 1761 4848 et
1811 4792 1945 4858 Noe,
1999 4793 2156 4846 tertia

565 4901 861 4959 Abraham,
890 4905 1041 4950 sexta
1097 4893 1296 4956 Mosen,
1343 4905 1482 4943 nona
1518 4887 1831 4957 pr0phetas,
1861 4884 2147 4938 undecima

568 5005 768 5055 autem,
803 4990 903 5043 hoc
940 4997 1022 5041 Cal
1057 4986 1109 5039 in
1139 4981 1606 5039 consummatione
1649 4978 1854 5038 saeculi,
1895 4975 2147 5045 gentiles,

567 5086 657 5154 qui
692 5083 850 5135 otiosi
889 5081 1104 5132 luerunt
1136 5078 1202 5129 ab
1245 5073 1390 5130 omni
1451 5073 1592 5126 bono
1624 5090 1635 5124 :
1678 5069 1858 5124 nullus
1889 5069 2030 5122 enim
2065 5081 2158 5121 eos

566 5179 918 5237 reiiduxerat,
945 5184 1118 5237 neque
1144 5169 1342 5222 missus
1362 5173 1445 5220 est
1466 5164 1731 5235 prepheta
1757 5162 1877 5231 quis
1915 5161 1979 5214 ad
2022 5175 2152 5230 gen-

566 5282 670 5324 tes.

569 5364 712 5415 τέλει
744 5359 852 5411 τῶν
896 5355 1108 5410 αἰώνων
1156 5355 1284 5412 τοὺς
1332 5351 1631 5413 ὲθνικοὺς,ι
1667 5349 1717 5400 οἳ
1769 5348 1930 5417 ἀργοὶ
1979 5342 2338 5417 ἦσανξπάσης
2397 5332 2763 5406 ἀγαθοεργίας

569 5459 648 5510 ὅτι
674 5454 806 5524 μηδὲ
845 5447 1132 5516 ἀπεστάλη
1166 5445 1452 5515 προφήτης
1484 5460 1568 5504 τις
1601 5442 1680 5502 είς
1705 5441 1773 5491 τα
1812 5439 1962 5504 ἔθνη.

649 5550 805 5602 Vsus.
861 5543 1015 5599 8-l6.
1054 5563 1072 5594 ι
1126 5541 1258 5593 Cum
1301 5547 1480 5589 autem
1529 5548 1754 5602 vespera
1805 5531 1943 5584 facta
1989 5539 2156 5591 esset,

572 5643 705 5695 dixit
738 5640 987 5694 dominus
1025 5635 1196 5688 vinea:
1231 5625 1572 5700 procuratori
1621 5638 1742 5688 suo,
1789 5620 1929 5676 Voca
1962 5637 2158 5691 opera-

573 5737 703 5795 rios,
739 5741 792 5786 et
820 5729 983 5784 redde
1011 5725 1117 5780 illis
1147 5720 1474 5781 mercedem,
1508 5716 1773 5785 incipiens
1803 5728 1830 5766 a
1870 5711 2159 5782 postremis

574 5841 745 5897 u~qrze
776 5825 840 5879 ad
873 5822 1101 5893 primos.
1150 5815 1217 5871 Et
1267 5827 1388 5870 cum
1438 5810 1714 5865 venissent
1749 5806 1838 5875 qui
1874 5806 2015 5859 circa
2053 5819 2156 5859 un-

2268 4411 2441 4482 ῶραν,
2464 4412 2564 4482 τὴν
2592 4407 2930 4481 μειρακιώδη
2978 4407 3199 4478 ἠλικίαν
3232 4422 3248 4438 ·
3299 4407 3426 4469 τοὺς
3455 4403 3513 4457 δὲ
3557 4405 3700 4458 κατά
3748 4405 3842 4472 τὴν

2268 4504 2436 4574 ἕκτην
2495 4504 2591 4556 καὶ
2648 4501 2898 4568 ὲννάτην,
2948 4501 3037 4553 ὅτε
3070 4496 3318 4551 εἰκοστοῦ
3347 4496 3600 4565 πέμπτου
3645 4495 3732 4565 εἴη
3763 4511 3842 4557 τις

2184 4570 2239 4631 D
2265 4570 2535 4660 ἐνιαυτοῦ,
2556 4595 2588 4665 ἢ
2618 4593 2968 4664 τριακοστοῦ,
2989 4590 3084 4644 καὶ
3110 4591 3294 4652 ἁπλῶς
3314 4588 3574 4659 ἀνδρικῆς
3592 4587 3809 4657 ἡλικίας
3827 4603 3841 4617 ·

2266 4689 2397 4758 περὶ
2424 4688 2482 4740 δὲ
2534 4686 2634 4756 τὴν
2664 4685 2982 4753 ἑνδεκάτην,
3015 4681 3140 4744 τοὺς
3172 4679 3438 4749 γέροντας
3471 4693 3484 4707 ο
3515 4677 3706 4730 πολλοὶ
3740 4677 3843 4748 γὰρ

2272 4782 2367 4833 καὶ
2435 4779 2688 4848 γέροντες
2737 4777 3087 4828 ἐπίστευσαν.
3144 4773 3216 4824 Ἢ
3265 4771 3362 4824 καὶ
3408 4769 3606 4835 ἄλλως,
3664 4772 3844 4842 ἡμέρα

2263 4872 2534 4942 λέγεταιὸ
2571 4867 2762 4940 παρὼν
2782 4867 2937 4930 αἰὼν,
2964 4866 3022 4917 ὲν
3052 4863 3200 4933 αὐτῷ
3226 4862 3334 4934 γὰρ
3376 4861 3729 4932 ἐργαζόμεθα
3772 4860 3843 4922 ὡς

2264 4967 2324 5017 ὲν
2354 4964 2559 5034 ἡμέρα.
2599 4960 2891 5013 Ἐκάλεσεν
2937 4952 3029 5009 οὖν
3059 4957 3087 5008 ὁ
3132 4954 3335 5022 Κύριος
3375 4956 3440 5022 τῇ
3491 4951 3686 5022 πρώτη
3731 4950 3845 5020 ὥρα

2266 5060 2393 5120 τοὺς
2427 5055 2556 5123 περὶ
2581 5053 2672 5104 τὸν
2721 5051 2892 5118 Ἑνὼχ
2928 5048 3021 5100 καὶ
3065 5048 3155 5099 τὸν
3201 5045 3322 5098 Νῶε
3370 5061 3384 5075 ο
3430 5046 3496 5113 τῇ
3535 5044 3697 5114 τρίτῃ
3726 5045 3847 5102 τους

2268 5151 2400 5223 περὶ
2431 5153 2520 5202 τὸν
2552 5145 2804 5215 Ἀϐραάμ
2838 5161 2850 5174 ·
2885 5146 2953 5211 τῇ
2986 5142 3120 5211 ἕκτῃ
3147 5140 3271 5201 τοὺς
3305 5138 3435 5208 περὶ⁸
3479 5137 3574 5188 τὸν
3602 5137 3807 5190 Μωσέα
3828 5148 3842 5162 ·

2267 5250 2334 5319 τῇ
2368 5246 2586 5314 ὲννάτῃ,
2630 5240 2758 5300 τοὺς
2804 5239 3088 5308 προφήτας
3133 5251 3146 5264 ’
3179 5237 3246 5304 τῇ
3287 5231 3570 5302 ἑνδεκάτη,
3618 5229 3738 5298 ἦτοι
3774 5225 3846 5295 τῷ

2804 5347 2818 5363 ο
2854 5329 3028 5390 οὐδεὶς
3083 5327 3192 5398 γὰρ
3246 5326 3445 5390 αὐτοὺς
3503 5322 3848 5394 ἐμισθώσατο

2339 5540 2356 5572 ι
2405 5518 2594 5588 Ὀψίας
2633 5515 2692 5570 δὲ
2721 5513 3042 5583 γενομένης,
3084 5510 3232 5578 λέγει
3260 5510 3289 5561 ὁ
3339 5507 3526 5578 κύριος
3550 5507 3651 5561 τοῦ
3677 5509 3845 5579 ἀμπε-

2262 5614 2431 5673 λῶνος
2471 5611 2549 5679 τῷ
2583 5607 2865 5679 ἐπιτρόπῳ
2905 5603 3093 5658 αὑτοῦ·
3130 5602 3376 5656 Κάλεσον
3415 5601 3541 5662 τοὺς
3572 5601 3845 5672 ἐργάτας,

2264 5692 2360 5762 καὶ
2391 5705 2585 5766 ἀπόδος
2626 5702 2808 5764 αὐτοῖς
2855 5699 2947 5752 τὸν
2983 5694 3199 5766 μισθὸν,
3247 5691 3554 5764 ἀρξάμενος
3603 5692 3715 5746 ἀπὸ
3745 5691 3848 5744 τῶν

2263 5801 2510 5871 ἐσχάτων
2545 5798 2649 5860 Em;
2699 5795 2809 5847 τῶν
2862 5791 3117 5863 πρώτων.
3171 5789 3282 5843 Καὶ
3332 5783 3580 5850 ιλθόντες
3619 5785 3672 5839 οι
3727 5784 3848 5853 περὶ
