4080 6336
84 390 185 457 361

631 405 634 408 ‘
729 388 1189 452 ENAHRATIO'
1218 388 1302 450 ΙΝ
1343 388 1692 452 EVANGEL

1796 394 1846 453 Μ
1890 393 2276 454 ΜΑΊῚἩΕΙ.
2316 418 2388 432 ι-
2427 396 2586 458 CAP.
2619 401 2748 461 XX.

3265 404 3371 468 3L2

87 508 190 578 τὴν
219 505 516 573 ἑνδεκάτην
546 501 721 573 ὤραν,
758 501 952 555 ἔλαϐον
998 501 1102 554 ἀνά
1134 500 1413 572 δηνάριον.
1464 501 1674 556 Ἐλθόν-

1796 505 2043 559 lecimam
2079 505 2271 560 horam
2301 518 2585 576 venerant,
2619 517 2950 580 acceperunt
2974 511 3170 581 singuli
3200 515 3366 570 dena-

86 617 180 662 τες
213 599 268 651 δὲ
314 599 363 651 οί
416 593 625 665 πρῶτοι
674 593 934 663 ἐνόμισαν
971 591 1062 646 δτι
1113 592 1337 646 πλείονα
1388 593 1673 664 λήψονται.

88 694 200 745 Καὶ
244 689 434 742 ἔλαϐον
476 689 571 741 καὶ
635 686 794 740 αὐτοὶ
840 686 944 740 ἀνὰ
991 686 1265 756 δηνάριονο
1317 685 1572 754 λαϐόντες
1596 686 1674 750 δὲ,

92 782 394 850 ἐγόγηυζον
450 781 591 834 κατὰ
644 778 740 833 τοῦ
816 779 1221 843 οἰκοδεσπότου,
1272 778 1546 850 λέγοντες,
1596 779 1677 833 ὅτι

87 866 253 926 Οὗτοι
283 875 332 925 οἱ
365 873 583 942 ἔσχατοι
605 873 734 943 μίαν
761 870 912 942 ὥραν
940 870 1226 940 ἐποίησαν,
1255 873 1348 924 καὶ
1377 870 1524 934 ίσους
1548 871 1680 940 ἡμῖν

87 951 288 1029 αὐτοὺς
333 967 597 1036 ἐποίησας
671 966 789 1028 τοῖς
866 963 1170 1034 βαστάσασι
1231 962 1292 1015 τὸ
1344 961 1510 1033 βάρος
1576 960 1678 1030 τῆς

89 1058 308 1128 ἡμέρας
343 1058 558 1110 καὶτὸν
597 1057 887 1124 καύσωνα;
956 1055 1014 1108 'U
1048 1056 1104 1109 δὲ
1156 1055 1483 1126 ἀποκριθεὶς
1524 1049 1679 1108 εἶπεν

87 1150 169 1202 ἑνὶ
202 1151 403 1203 αὐτῶν·
425 1150 662 1219 Ἑταῖρε,
688 1132 788 1202 οὑκ
806 1133 976 1203 ἀδικῶ
1000 1167 1080 1202 σε.
1111 1149 1244 1220 Οὐχὶ
1268 1148 1526 1218 δηναρίου
1560 1165 1683 1201 συν-

89 1239 376 1311 εφώνησάς
413 1259 540 1311 μοι;
593 1237 726 1311 ἆρον
773 1242 834 1294 τὸ
885 1241 1002 1304 σὺν,
1040 1244 1136 1293 καὶ
1187 1239 1390 1308 ὕπαγε.
1428 1239 1579 1292 Θέλω
1623 1238 1680 1291 δὲ

87 1332 263 1402 τούτῳ
292 1333 371 1402 τῷ
401 1334 616 1403 ἐσχάτῳ
662 1331 848 1385 δοῦναι
877 1334 951 1393 ὼς
992 1330 1086 1383 καὶ
1123 1332 1224 1384 σοί·
1260 1330 1292 1400 ἢ
1345 1331 1446 1383 οὐκ
1499 1329 1680 1394 ἐξεστί

91 1440 181 1490 μοι
229 1425 456 1491 ποιῆσαι
490 1425 517 1476 ὃ
556 1423 695 1476 θέλω
730 1425 787 1476 ὲν
830 1425 942 1484 τοῖς
977 1424 1173 1493 ὲμοῖς;
1218 1425 1266 1476 εί
1320 1425 1347 1476 ὁ
1401 1423 1682 1492 ὀφθαλμός

93 1532 184 1566 σου
234 1517 471 1584 πονηρός
525 1519 694 1580 ἐστιν,
747 1518 828 1569 ὅτι
887 1514 999 1583 ἐγὼ
1049 1516 1252 1584 ἁγαθός
1287 1516 1440 1583 είμί;
1494 1514 1682 1577 Οὕτως

89 1605 308 1659 ἔσονται
334 1607 385 1659 οἱ
435 1608 651 1676 ἔσχατοι
701 1608 930 1677 πρῶτοι,
981 1607 1074 1661 καὶ
1107 1609 1160 1660 οἱ
1201 1607 1407 1677 πρῶτοι
1441 1608 1680 1678 ἔσχατοι.

92 1696 287 1749 Πολλοὶ
320 1699 428 1768 γάρ
455 1700 562 1749 είσι
593 1698 801 1767 κλητοὶ,
837 1691 1009 1767 ὀλίγοι
1047 1699 1100 1751 δὲ
1138 1699 1408 1753 ἐκλεκτοί.
1453 1718 1473 1750 ι
1524 1699 1684 1768 Ὀψία

93 1789 125 1857 η
155 1789 470 1840 συντέλειαο
507 1789 563 1840 ὲν
598 1789 729 1858 γοῦν
760 1793 826 1859 τῇ
863 1789 1144 1860 συντελείᾳ
1179 1789 1519 1859 λαμϐάνουσι
1550 1789 1680 1842 πάνυ

1783 596 1942 651 rinm.
1973 595 2472 669 Venientes,autem
2493 611 2547 654 et
2577 600 2760 670 primi,
2793 603 3041 656 arbitrati
3070 614 3201 657 sunt
3231 608 3370 677 quod

1781 688 1902 757 plus
1950 697 2138 744 essent
2177 690 2481 759 accepturi,
2528 701 2584 745 et
2628 701 2959 762 acceperunt
3016 692 3117 762 ipsi
3160 710 3375 766 quoque

1781 780 1976 852 singuli
2030 781 2337 836 denarium.
2393 780 2463 836 Et
2501 797 2622 838 cum
2663 786 3024 854 accepissent,
3068 804 3378 843 innrtnura-

1783 873 1913 928 bant
1946 875 2206 930 adversus
2237 876 2712 945 patremfamilias,
2742 878 2986 933 dicentes
3015 896 3027 934 :
3091 880 3156 932 Hi
3194 882 3377 935 novis-

1783 967 1906 1020 simi
1940 981 2100 1021 unam
2136 966 2326 1021 horam
2359 965 2580 1022 luerunt
2622 969 2676 1022 in
2723 984 2907 1039 opere,
2956 979 3009 1022 et
3051 971 3171 1025 illos
3221 989 3376 1041 parcs

1787 1057 1942 1110 nobis
1972 1056 2173 1122 fecisti,
2207 1057 2296 1127 qui
2323 1059 2661 1126 portavimus
2690 1061 2899 1127 pondus
2928 1060 3035 1114 diei
3059 1071 3113 1114 et
3143 1072 3330 1116 aestum
3357 1065 3370 1116 !

1781 1150 1852 1202 At
1904 1148 1991 1202 ille
2045 1149 2379 1217 respondens
2418 1150 2509 1202 uni
2556 1164 2765 1214 eorum,
2815 1152 2892 1205 ait
2932 1168 2945 1204 :
3001 1152 3210 1218 Amice,
3272 1170 3376 1205 non

1784 1238 1960 1294 :iliicio
1992 1250 2043 1295 te
2082 1237 2301 1311 injuria.
2336 1241 2525 1297 Nonne
2558 1243 2786 1296 denario
2813 1254 3006 1313 pactus
3041 1261 3101 1298 es
3128 1245 3377 1300 mecum?

1787 1331 1937 1386 Tolle
1969 1334 2113 1402 quod
2148 1343 2300 1385 tuutn
2337 1343 2439 1396 est,
2469 1342 2525 1386 et
2558 1332 2667 1387 abi.
2707 1333 2838 1389 Volo
2870 1345 3051 1389 autem
3102 1337 3227 1390 huic
3274 1352 3367 1391 no-

1786 1417 2021 1476 ris'simo'
2063 1424 2198 1477 dare
2230 1424 2375 1479 sicut
2419 1432 2473 1478 et
2511 1426 2627 1478 tibi.
2661 1424 2855 1481 Annon
2906 1426 3033 1480 licet
3067 1427 3198 1481 mihi
3233 1430 3376 1496 quod

1788 1513 1910 1566 volo
1952 1514 2134 1567 facere
2173 1513 2226 1567 in
2272 1515 2437 1568 rebus
2482 1515 2658 1569 meis?
2705 1533 2774 1569 att
2819 1516 3011 1570 oculus
3048 1525 3172 1572 tuus
3205 1517 3379 1572 malus

1788 1615 1890 1669 cst,
1947 1605 2088 1673 quod
2152 1622 2254 1676 ego
2311 1608 2486 1662 bonus
2539 1609 2683 1662 sim?
2737 1610 2828 1663 Sic
2885 1609 3167 1664 novissimi
3218 1622 3383 1664 erunt

1786 1694 1971 1762 primi,
2005 1704 2059 1748 et
2095 1697 2252 1764 primi
2306 1698 2585 1751 novissimi
2624 1717 2638 1752 :
2673 1701 2823 1752 ιιιιιΙιὶ
2852 1702 2993 1754 enim
3024 1711 3151 1754 sunt
3182 1703 3380 1764 vocati,

1789 1787 1944 1853 pauci
1974 1788 2153 1841 autem
2184 1788 2368 1842 electi.
2408 1809 2426 1840 ι
2485 1788 2780 1859 Vesperuzn
2823 1801 2905 1847 est
2936 1794 3378 1848 consummatio:

91 1896 179 1941 τες
229 1869 334 1934 ἁνᾶ
379 1879 656 1951 δηνάριον,
706 1883 733 1934 ὃ
771 1885 917 1934 ἐστιν
949 1884 980 1952 ή
1018 1882 1112 1934 τοῦ
1149 1882 1305 1948 ἁγίου
1358 1880 1680 1951 Πνεύματος

1796 1879 1839 1928 in
1895 1876 2001 1931 line
2058 1887 2240 1933 autem
2298 1881 2403 1935 diei
2459 1893 2513 1936 et
2580 1884 3059 1938 consummatione
3109 1885 3386 1954 accipiunt

91 1969 273 2038 χάρις,
314 1969 713 2038 άναμορφοῡσα
744 1971 835 2022 τὸν
886 1969 1176 2039 ἄνθρωπον
1218 1972 1298 2032 εἰς
1346 1968 1408 2022 τὸ
1456 1967 1578 2022 κατ’
1607 1971 1721 2046 εί-χ

111 2066 247 2125 ιονα,
282 2062 378 2114 καί⁵
408 2061 640 2114 ποιοῦσα
679 2062 834 2126 θείας
877 2063 1089 2131 φύσεως
1113 2062 1391 2115 κοινωνόν.
1420 2061 1588 2113 Πλὲον
1627 2061 1684 2113 δὲ
1724 2049 1732 2060 Χ

94 2153 399 2207 ἐκοπίασαν
431 2155 480 2206 οξ
522 2156 628 2225 πρὸ
658 2156 766 2224 τῆς
789 2154 886 2207 τοῦ
919 2154 1160 2224 Χριστοῦ
1199 2152 1521 2223 ἐπιδημίας,
1557 2151 1678 2228 καθ’

92 2244 121 2296 ὃ
165 2243 322 2298 οὔπω
361 2242 428 2317 ἦν
465 2247 586 2299 τότε
617 2248 645 2299 ό
682 2247 911 2309 θάνατος
957 2247 1159 2312 λυθεὶς,
1199 2246 1318 2299 οὐδὲ
1371 2249 1398 2298 ὁ
1437 2242 1685 2308 διάϐολος

93 2336 412 2408 συνετρίϐη,
454 2338 566 2391 ἀλλ’
597 2337 677 2390 ἐτι
706 2337 803 2408 ἔζη
835 2340 867 2408 ἡ
904 2339 1171 2407 ἁμαρτία·
1204 2338 1366 2406 ἡμεῖς
1408 2337 1465 2389 δὲ
1499 2339 1685 2405 χάριτι

95 2427 336 2499 Χριστοῦ
365 2430 455 2482 διὰ
483 2428 577 2482 τοῦ
606 2428 984 2500 βαπτίσματος
1015 2429 1420 2492 δικαιωθέντες,
1454 2428 1687 2498 δύναμιν

96 2519 452 2591 λαμϐάνομεν
500 2523 578 2582 είς
632 2523 692 2574 τὸ
739 2523 963 2590 νικῆσαι
1018 2523 1110 2574 τὸν
1155 2521 1455 2573 ἀντίπαλον
1506 2522 1685 2591 ἡμῶν,

99 2609 197 2678 ἥδη
246 2611 662 2681 καταϐληθέντα
693 2618 788 2666 καὶ.
822 2612 1203 2665 θανατωθέντα
1255 2611 1360 2663 ὑπὸ
1404 2610 1500 2664 τοῦ
1547 2612 1686 2683 Χρια

102 2702 250 2755 ποῦ’
304 2702 441 2756 ἀλλὰ
473 2703 565 2754 καὶ
608 2705 750 2757 κατὰ
793 2706 893 2773 τὴν
940 2703 1218 2774 προτέραν
1265 2703 1586 2774 ἑρμηνείαν,
1639 2705 1688 2756 οἰ

97 2793 359 2865 "tum-eor
413 2797 829 2858 πιστεύσαντες,
898 2794 1117 2846 πλείονα
1171 2795 1418 2861 κάματον
1477 2795 1692 2864 ἐχουσιν

100 2887 242 2958 ὑπὲρ
275 2890 398 2948 τοὺς
426 2889 484 2940 ἐν
513 2890 663 2959 γήρᾳ
692 2887 1111 2959 προσελθόντας
1143 2889 1169 2939 ὁ
1195 2887 1295 2956 μὲν
1319 2888 1430 2956 γὰρ
1461 2889 1599 2949 νέος,
1631 2888 1693 2939 τὸ

99 2976 273 3047 βάρος
312 2978 406 3032 τοῦ
461 2980 632 3049 θυμοῦ
665 2979 761 3032 καὶ
808 2978 898 3030 τὸν
943 2978 1200 3030 καύσωνα
1247 2976 1345 3043 τῆς
1394 2977 1692 3047 ὲπ.θυμίας

103 3067 386 3138 βαστάζει,
432 3069 686 3141 πολεμῶν
717 3071 829 3133 τοῖς
862 3067 1110 3128 πάθεσινο
1144 3070 1171 3121 ὁ
1200 3067 1257 3120 δὲ
1282 3070 1462 3138 γέρων
1493 3069 1552 3120 ὲν
1589 3084 1694 3136 γα·

100 3161 236 3233 λήνῃ
280 3164 508 3229 γίνεται.
569 3163 708 3215 Ἀλλ’
740 3165 888 3231 ὅμως
919 3161 1142 3226 πάντες,
1196 3161 1568 3231 μιᾶςνδωρεᾶς
1600 3161 1691 3213 τοῦ

101 3255 266 3323 ἁγίου
315 3255 630 3326 Πνεύματος
692 3254 993 3320 ἀξιοῦνται.
1054 3254 1309 3306 Διδάσκει
1383 3249 1478 3306 οὖν
1538 3255 1689 3324 ἡμᾶς

104 3350 137 3416 η
171 3347 484 3417 παραϐολὴ.
508 3347 600 3400 ὅτι
631 3346 838 3417 κάν-,τῷ
865 3348 1016 3417 [ﬁqu
1054 3344 1172 3398 ἔστι
1204 3343 1551 3412 μεταγνῶναι
1601 3347 1693 3397 καὶ

101 3441 202 3511 τῆς
235 3441 517 3511 βασιλείας
565 3443 748 3510 τυχεῖν
771 3455 784 3469 ·
832 3441 991 3493 τοῦτο
1024 3439 1134 3510 γὰρ
1183 3441 1215 3508 ή
1247 3436 1509 3508 ἑνδεκάτη
1551 3435 1690 3509 ὥρα.

103 3533 182 3585 Οὐ
220 3535 556 3603 φθονήσουσι
594 3535 651 3585 δὲ
680 3533 730 3584 οἱ
780 3531 928 3599 ἅγιοι
979 3534 1092 3593 τοῖς
1142 3529 1210 3582 τὰ
1250 3529 1351 3593 νίσα
1401 3528 1691 3596 λαϐοῦσιν;

109 3627 356 3692 "Arta-ys,
388 3625 524 3677 ἀλλὰ
549 3624 708 3676 τοῦτο
735 3624 1015 3676 δείκνυται
1048 3621 1322 3686 ἐντεῦθεν,
1352 3621 1433 3673 ὅτι
1456 3621 1696 3674 τοσαῦτα

105 3717 202 3770 καὶ
236 3716 548 3786 τηλικαῦτά
582 3719 687 3771 είσι
714 3717 783 3769 τὰ
815 3715 1210 3786 διδόμενατοϊς
1234 3712 1463 3776 δικαίοις
1490 3713 1694 3781 ἀγαθά,

105 3809 250 3863 ὣστε
290 3809 386 3863 καὶ
418 3810 612 3878 φθόνον
642 3812 864 3881 κινῆσαι
894 3809 1172 3866 δύνανται.

185 3920 204 3952 ι
261 3901 378 3954 Καὶ
430 3901 740 3956 ἀναϐαίνων
804 3906 833 3957 ό
901 3902 1113 3974 Ἰησοῦς
1181 3903 1262 3966 είς
1323 3900 1693 3973 Ἱεροσόλυμα,

109 3993 391 4063 παρέλαϐε
435 3995 564 4058 τοὺς
607 3994 816 4074 δῴδεκα
872 3995 1122 4066 μαθητὰς
1169 3997 1289 4050 κατ’
1339 3995 1477 4048 ίδίαν
1524 3996 1583 4047 ὲν
1628 3996 1695 4064 τῇ

109 4086 235 4157 ὁδῷ,
273 4088 372 4142 καὶ
409 4085 563 4142 εἶπεν
591 4091 796 4153 autut:
845 4090 977 4144 Ἰδοὺ
1017 4090 1381 4161 ἀναϐαίνομεν
1418 4092 1498 4153 είς
1537 4088 1701 4159 Ἰεροο

112 4180 347 4250 σόλυμα,
387 4183 485 4234 καὶ
527 4185 555 4235 ό
608 4182 739 4246 Υἱὸς
780 4182 875 4236 τοῦ
921 4181 1217 4254 ἀνθρώπου
1257 4181 1699 4254 παραδοθήσεται

111 4275 225 4333 τοῖς
285 4273 607 4343 ἀρχιερεῦσι
657 4276 756 4328 καὶ
805 4274 1225 4346 Γραμματεῦσι,
1286 4278 1383 4329 καὶ
1427 4291 1699 4344 κατακρι-

113 4362 300 4418 νοῦσιν
331 4365 495 4418 αὑτὸν
520 4366 757 4437 θανάτῳ,
807 4368 903 4422 καὶ
934 4367 1353 4437 παραδώσουσιν
1393 4368 1556 4420 αὑτὸν
1586 4369 1699 4429 τοῖς

111 4453 324 4508 ἔθνεσιν
353 4457 435 4518 εἰς
467 4457 526 4509 τὸ
549 4458 836 4526 ἐμπαῖξαι,
867 4460 962 4512 καὶ
999 4459 1362 4530 μαστιγῶσαι,
1399 4459 1494 4512 καὶ
1532 4475 1698 4512 σταυ-

1785 1983 1974 2023 omnes
2003 1984 2158 2023 suum
2193 1971 2499 2034 denarium,
2543 1974 2634 2042 qui
2665 1984 2748 2026 est
2778 1972 3014 2042 Spiritus
3043 1974 3218 2028 sancti
3258 1989 3384 2045 gra-

1790 2058 1883 2122 tia,
1928 2064 2324 2117 transformans
2376 2063 2650 2120 hominem
2687 2068 2753 2118 ad
2803 2081 2958 2121 suum
2989 2065 3284 2134 exemplar,
3331 2076 3387 2120 et

1787 2150 1994 2208 faciens
2027 2153 2223 2208 divinae
2255 2165 2464 2208 natura:
2509 2156 2852 2226 participem.
2907 2158 3034 2211 Plus
3088 2169 3270 2210 autem
3301 2158 3384 2211 la-

1787 2242 2117 2296 boraverunt
2159 2244 2251 2312 qui
2293 2252 2422 2298 ante
2446 2244 2653 2299 Christi
2712 2246 3003 2300 adventum
3039 2246 3280 2309 fuerunt,
3319 2259 3387 2300 eo

1787 2335 1928 2403 quod
1960 2344 2084 2388 tunc
2127 2337 2363 2389 nondqu
2398 2346 2518 2391 erat
2555 2352 2702 2392 mors
2735 2337 2932 2400 soluta,
2973 2351 3149 2406 neque
3193 2338 3384 2392 diabo-

1791 2424 1875 2478 lus
1922 2423 2212 2489 contritus,
2270 2425 2364 2479 sed
2415 2426 2592 2480 adhuc
2647 2427 2858 2479 vivebat
2905 2433 3215 2495 peccatum.
3274 2423 3385 2478 Nos

1790 2527 1972 2570 autem
1995 2517 2168 2586 gratia
2201 2516 2404 2572 Christi
2434 2531 2533 2586 per
2563 2516 3230 2586 baptismumiustiﬁcati,
3268 2518 3383 2570 vir-

1794 2620 1962 2664 tutem
2013 2609 2316 2679 accipimus
2349 2609 2418 2664 ad
2472 2611 2801 2664 vincendum
2857 2609 3228 2664 adversarium
3281 2624 3384 2663 uo—

1793 2700 2136 2779 strumkjam
2169 2701 2437 2771 deiectum
2460 2711 2514 2755 et
2538 2699 2783 2764 occisum
2809 2715 2838 2754 a
2867 2701 3106 2755 Christo.
3140 2698 3205 2753 Et
3229 2699 3385 2768 juxta

1795 2793 2030 2859 priorem
2083 2793 2614 2862 interpretationem,
2658 2794 2748 2862 qui
2806 2798 3036 2862 juvenes
3083 2795 3386 2861 credidere,

1795 2885 2056 2953 majorem
2091 2885 2334 2941 laborem
2367 2886 2594 2951 habent,
2618 2903 2783 2957 quam
2815 2889 2984 2956 hiqui
3017 2890 3070 2942 in
3108 2895 3394 2944 senectute

1796 2980 1861 3031 ad
1896 2977 2055 3033 ﬁdem
2080 2992 2452 3035 accesserunt.
2495 2979 2826 3036 Adolescens
2865 2983 3008 3036 enim
3044 2985 3254 3051 pondus
3299 2985 3396 3036 ira:

1795 3077 1850 3122 et
1878 3082 2070 3123 aestum
2106 3071 2563 3138 concupiscentia
2598 3077 2798 3140 gestat,
2837 3086 3056 3127 certans
3090 3091 3211 3127 cum
3244 3073 3394 3128 atre-

1799 3160 2093 3215 ctionibus.
2125 3160 2306 3216 Senex
2334 3172 2515 3218 autem
2549 3166 2601 3218 in
2634 3166 2933 3234 tranquillo
2977 3175 3059 3220 cst
3092 3183 3106 3220 :
3149 3176 3391 3221 attamen

1797 3266 1985 3305 mones
2009 3267 2107 3308 nos
2141 3269 2309 3307 unum
2338 3255 2537 3308 donum
2567 3252 2804 3324 Spiritus
2829 3257 2999 3310 sancti
3025 3259 3390 3324 assequimur.

1798 3343 1968 3400 Docet
2009 3345 2289 3414 igiturnos
2317 3347 2478 3422 106
2517 3349 2796 3416 parabola,
2833 3349 2979 3419 quod
3020 3351 3072 3403 in
3108 3362 3390 3406 senectute

1797 3437 1961 3490 etiam
1995 3435 2120 3491 licet
2147 3437 2489 3507 resipiscere,
2514 3449 2569 3493 et
2599 3455 2825 3511 regnum
2853 3443 3119 3496 etelorum
3150 3445 3389 3512 assequi.

1799 3527 1926 3582 Haec
1981 3531 2125 3582 enim
2186 3519 2471 3585 undecima
2523 3534 2654 3585 hora
2713 3543 2818 3587 est.
2878 3533 3013 3588 Num
3076 3536 3395 3591 inridebunt

1799 3621 1974 3674 sancti
2007 3620 2092 3676 his
2124 3623 2215 3692 qui
2264 3626 2413 3692 paria
2452 3623 2770 3694 accipiunt?
2797 3625 2973 3692 Absit,
3023 3627 3119 3682 sed
3152 3627 3396 3682 ostendit

1799 3709 1890 3767 hic
1926 3713 2069 3781 quod
2105 3720 2256 3769 tanta
2295 3726 2350 3768 et
2389 3717 2518 3770 talia
2561 3726 2690 3775 sunt
2735 3720 2872 3772 bella
2908 3731 3028 3786 qum
3070 3719 3269 3773 dantur
3306 3718 3398 3787 ju-

1799 3803 1921 3868 stis,
1958 3812 2016 3858 ut
2050 3815 2105 3859 et
2134 3805 2394 3860 invidiam
2437 3807 2677 3862 excitare
2700 3811 2931 3877 possint.

1878 3893 2043 3952 Vens.
2097 3896 2346 3959 18314
2384 3898 2449 3952 Ει
2471 3901 2773 3957 ascendens
2806 3900 2966 3959 Jesus
2989 3903 3396 3978 Hierosolyma,

1802 3989 2103 4058 assumpsit
2132 3990 2420 4060 duodecim
2451 3992 2749 4062 discipulos
2782 4010 2911 4051 suos
2942 3997 3087 4053 solos
3117 3998 3170 4052 in
3206 4001 3313 4064 via,
3343 4009 3399 4055 et

1802 4083 1880 4136 ait
1914 4081 2020 4137 illis
2051 4099 2066 4137 :
2099 4083 2244 4137 Ecce
2267 4086 2683 4142 conscendimus
2711 4086 3112 4161 Hierosolyma;
3142 4105 3198 4147 et
3227 4093 3396 4150 Filius

1804 4171 2042 4228 hominis
2066 4174 2314 4229 tradetur
2341 4175 2680 4246 principibus
2704 4181 3046 4235 sacerdotum
3078 4199 3143 4237 ac
3167 4184 3393 4252 Scribis,

1805 4275 1860 4319 et
1894 4266 2335 4322 condemnabunt
2367 4283 2494 4322 eum
2529 4279 2724 4333 morte,
2755 4281 2810 4326 et
2861 4273 3075 4328 tradent
3105 4292 3226 4328 eum
3265 4294 3397 4345 geu-

1807 4361 1952 4416 tibus
1981 4361 2057 4416 ad
2075 4361 2435 4427 illudendum,
2463 4372 2516 4416 et
2543 4361 2952 4433 ﬂagellandum,
2988 4378 3043 4422 et
3069 4374 3396 4441 cruciﬁgen-

1805 4451 1952 4515 dum,
1986 4462 2042 4505 et
2064 4453 2225 4506 tertio
2279 4454 2369 4508 die
2409 4466 2680 4523 resurget.
2721 4453 2873 4512 Tunc
2908 4462 3140 4514 actressit
3173 4467 3238 4515 ad
3271 4480 3394 4518 eum

114 4547 313 4617 ρῶσαι,
345 4548 444 4601 καὶ
458 4551 524 4618 τῇ
555 4550 714 4620 τρίτῃ
737 4550 923 4622 ἡμέρᾳ
943 4552 1330 4621 ἀναστήσεται.
1362 4551 1496 4603 Τότε
1528 4566 1692 4619 προσ.

1810 4553 1980 4596 mater
2023 4543 2255 4597 liliorum
2294 4543 2540 4601 Zebedzri
2572 4562 2696 4600 cum
2739 4548 2863 4602 (iliis
2896 4552 3030 4614 suis,
3079 4554 3314 4609 adorans
3345 4569 3401 4611 et

113 4633 459 4706 ἦλθενιαὺτῷ
486 4640 521 4709 ἡ
551 4639 738 4710 μήτηρ
770 4640 882 4695 τῶν
931 4640 1069 4694 υίῶν
1099 4641 1388 4711 Ζεβεδαίου
1425 4642 1560 4711 μετὰ
1591 4642 1699 4695 τῶν

115 4727 247 4780 υίῶν
281 4728 482 4798 αὐτῆς,
532 4732 915 4801 προσκυνοῦσα
961 4734 1058 4787 καὶ
1089 4734 1318 4787 αἰτοῦσά
1351 4750 1401 4786 τι
1438 4732 1565 4801 παρ’
1601 4733 1702 4788 αὑ-

112 4820 228 4876 τοῦ.
276 4822 339 4876 Ὀ
368 4821 426 4875 δὲ
457 4817 610 4875 εἶπεν
639 4826 800 4895 αὐτῇ·
833 4823 896 4876 Τί
927 4825 1106 4889 θέλεις
1131 4843 1145 4892 ;
1170 4827 1338 4895 Λέγει
1367 4826 1537 4896 αὐτῷ·
1570 4824 1703 4878 Birth

118 4912 205 4967 ἵνα
233 4913 541 4968 καθίσωσιν
568 4908 717 4970 οὗτοι
747 4918 798 4969 oi
829 4916 925 4970 δύο
956 4919 1062 4972 υίοί
1098 4936 1224 4988 μου,
1282 4913 1362 4982 εἷς
1401 4921 1472 4972 ὲκ
1514 4917 1705 4983 δεξιῶν

119 5023 210 5059 σου
251 5011 351 5062 καὶ
389 5001 470 5070 εἷς
500 5008 561 5072 ἐξ
589 5009 887 5079 εὐωνύμων
924 5027 1019 5063 σου
1053 5013 1110 5064 ἐν
1142 5014 1210 5081 τῇ
1242 5009 1492 5081 βασιλεία
1528 5026 1644 5064 σου.
1679 5028 1700 5060 ι

131 5097 423 5167 Ἐνόμιζον
453 5101 503 5152 oi
530 5100 624 5151 τοῦ
657 5100 969 5166 Ζεϐεδαίου,
1007 5101 1088 5154 ὅτι
1118 5103 1214 5154 ἐὰν
1243 5102 1451 5172 ἀπέλθῃ
1484 5103 1564 5163 είς
1600 5100 1702 5152 Ἱε-

118 5190 401 5260 ροσόλυμα
433 5193 462 5243 ὁ
484 5191 710 5259 Κύριος,
744 5192 1053 5262 βασιλεύσει
1103 5193 1369 5262 αἰσθητὴν
1401 5192 1702 5262 βασιλείαν⁶

118 5282 318 5350 ἥκουσιν
351 5283 464 5351 γάρ
505 5283 670 5335 αὑτοῦ
700 5283 940 5352 συνεχῶς
969 5283 1240 5351 λέγοντος,
1273 5285 1355 5337 ὅτι
1394 5283 1704 5338 Ἀναϐαίνοο

122 5391 220 5444 μιν
242 5375 324 5437 είς
365 5371 736 5444 Ἱεροσόλυμαο
789 5376 990 5428 ἔπαθον
1016 5373 1107 5430 οὖν
1141 5373 1485 5446 ἀνθρώπινόν
1508 5392 1581 5440 τι,
1611 5377 1706 5428 καὶ

119 5466 449 5535 προσελθεῖν
476 5468 573 5532 τὴν
605 5469 816 5538 μητέρα
841 5468 1141 5534 πείθουσιν,
1178 5468 1335 5521 αὐτοὶ
1373 5468 1706 5538 εὐλαϐούμε-

121 5573 200 5609 νοι
235 5559 292 5608 ἐν
319 5556 402 5625 τῷ
426 5557 646 5626 φανερῷ
680 5559 1017 5627 προσελθεῖν·
1046 5559 1230 5628 κρύφα
1262 5559 1371 5628 γὰρ
1401 5557 1707 5628 προσῆλθον

121 5646 215 5699 καὶ
238 5646 418 5712 αὐτοὶ,
452 5645 527 5708 ὡς
567 5647 594 5696 ὁ
620 5647 844 5718 Μάρκος
859 5650 1043 5725 λέγει·
1081 5650 1216 5719 φησί⁵
1242 5650 1372 5719 γὰρ,
1406 5649 1488 5702 ὅτι
1536 5665 1708 5718 προσ-

123 5737 462 5808 πορεύονται
493 5740 640 5807 αὐτιρ
698 5740 952 5804 Ἰάκωϐος
991 5745 1086 5795 καὶ
1142 5741 1415 5814 Ἰωάννης»
1458 5740 1579 5796 ἀντὶ
1613 5740 1709 5794 τοῦ

127 5830 298 5904 λάθρα
335 5834 433 5888 καὶ
467 5833 574 5902 ἰδίςξ⁵
605 5834 1035 5905 προσέρχονται.-

455 5931 726 5992 Parum.
761 5931 880 5994 Gtt.
927 5931 1205 5996 CXXIII.

1808 4646 1998 4702 petens
2027 4635 2232 4706 aliquid
2264 4637 2454 4698 abeo.
2482 4639 2554 4692 At
2589 4639 2678 4694 ille
2700 4641 2839 4696 dixit
2869 4643 2917 4697 ei
2946 4660 2963 4699 :
2992 4643 3131 4721 Quid
3161 4649 3282 4702 vis?
3309 4652 3402 4704 Ait

1809 4729 1882 4783 illi
1911 4748 1924 4783 :
1960 4728 2056 4784 Dic
2092 4740 2156 4784 ut
2193 4721 2417 4786 sedeant
2450 4733 2503 4786 hi
2526 4733 2632 4789 duo
2664 4734 2756 4790 ﬁlii
2793 4737 2920 4800 mei,
2955 4752 3093 4793 unus
3134 4754 3164 4793 a
3194 4743 3402 4798 dextris

1811 4822 1935 4887 tuis,
1964 4834 2019 4877 et
2048 4828 2186 4877 alter
2214 4825 2279 4878 ad
2303 4825 2584 4880 sinistram
2621 4837 2776 4882 tuanr
2794 4830 2845 4882 in
2883 4847 3047 4899 regno
3070 4842 3182 4889 tuo.
3227 4854 3246 4884 ι
3272 4838 3404 4904 Opit-

1812 4917 2086 4972 nabantur
2135 4917 2226 4973 lilii
2283 4918 2534 4975 Zebeda'i
2587 4923 2731 4992 quod
2783 4928 2987 4980 vadens
3026 4923 3403 4999 Hierosolyma

1812 5008 2075 5065 Dominus
2103 5021 2434 5081 regnaturus
2454 5023 2601 5068 esset
2633 5030 2798 5085 regno
2829 5021 3062 5086 quodam
3093 5023 3399 5090 temporali.

1809 5098 2110 5156 Audierant
2142 5103 2291 5158 enim
2318 5120 2440 5159 eum
2468 5120 2610 5176 sape
2643 5107 2940 5176 dicentem,
2971 5108 3403 5171 Consccnilimus

1812 5191 2212 5266 Hierosolyma.
2247 5195 2400 5252 Passi
2444 5209 2629 5253 autem
2665 5210 2790 5255 sunt
2830 5202 3127 5258 humanum
3158 5207 3311 5275 quid,
3349 5219 3406 5262 et

1813 5295 1871 5337 ut
1922 5295 2094 5341 mater
2124 5288 2350 5342 accedat
2391 5290 2741 5360 persuadent,
2789 5292 2890 5360 ipsi
2930 5295 3149 5348 reveriti
3186 5297 3237 5351 in
3286 5316 3402 5353 ma-

1813 5376 2013 5433 nil‘esto
2057 5384 2320 5436 accedere
2362 5396 2380 5436 :
2437 5381 2685 5440 clanculo
2733 5384 2883 5439 enim
2940 5400 3293 5443 accesserunt
3345 5400 3402 5445 et

1814 5471 1939 5540 ipsi,
1977 5482 2034 5524 ut
2075 5469 2293 5526 Marcus
2341 5473 2494 5527 dicit.
2545 5471 2829 5534 Accedunt
2875 5477 3043 5544 enim,
3091 5479 3285 5548 inquit,
3331 5481 3398 5533 ad

1813 5578 1935 5618 etttu
1968 5562 2205 5618 Jacobtts
2238 5575 2291 5621 et
2319 5565 2580 5634 Joannes,
2609 5568 2709 5622 hoc
2738 5581 2842 5647 est,
2873 5572 3128 5640 privatim
3157 5582 3214 5629 et
3245 5588 3401 5629 κοτ’-

1814 5668 1934 5708 sum
1971 5656 2236 5709 accedunt
2263 5658 2330 5711 ad
2358 5673 2504 5713 eum.

2885 5936 2963 6001 ﬂ
