4080 6336
182 404 292 470 365

845 407 1298 469 ENARRATIO
1344 406 1422 466 lN
1460 402 1765 481 r‘JANGE

1875 401 1974 464 Uivl
2017 401 2409 461 MA'I'J‘H/El.
2451 424 2491 431 -
2553 403 2713 463 CAP.
2754 404 2881 465 XX.

3388 408 3495 473 366

185 524 465 595 ριεύονσιν
527 524 728 586 αὐτῶν.
767 527 857 579 καὶ
899 528 947 578 oi
982 523 1209 595 μεγάλοι
1242 520 1765 587 κατεξουσιάζουσω

1887 518 2165 572 minentur
2196 516 2300 571 illis
2327 533 2339 569 :
2370 528 2425 573 ct
2460 518 2549 589 qui
2582 520 2762 589 magni
2794 528 2943 583 sunt,
2975 529 3299 590 poteSIatem
3336 539 3497 581 exer-

181 616 289 671 αὒτ
322 634 388 670 .v.
418 616 533 688 Οὐχ
560 618 731 680 οὓτως
765 620 915 671 ἔσται
950 621 1005 668 ἐν
1040 618 1190 680 θιγεῖν,
1225 615 1412 678 saxa;
1439 614 1532 668 ἐὰν
1562 612 1693 683 θέλῃ
1722 614 1779 664 ἐν

181 710 315 779 ὑμῖν
351 710 526 779 μέγας
548 708 827 779 γενέσθαι,
875 708 1029 762 ἐσται
1065 708 1219 779 ὑμῶν
1266 708 1539 771 διάκονος,
1576 708 1673 759 καὶ
1720 706 1781 768 ὃς

176 801 279 853 ἐὰν
310 800 442 873 θέλῃ
476 802 535 853 ἐν
567 802 699 871 ὑμῖν
725 796 866 855 εἶναι
902 800 1140 872 πρῶτος,
1186 800 1342 853 ἔσται
1375 799 1530 870 ὑμῶν
1571 798 1777 861 δοῦλος·

176 890 373 963 ὥσπερ
394 895 423 945 6
459 894 584 957 Υἱὸς
602 893 695 946 τοῦ
728 893 1021 965 ἀνθρώπου
1075 894 1174 947 οὐκ
1199 889 1333 964 ἦλθε
1361 892 1775 962 διακονηθῆναι,

175 984 317 1041 ἀλλὰ
350 985 691 1057 διακονῆσαι,
740 988 837 1041 καὶ
876 987 1062 1040 δοῦναι
1115 989 1211 1058 τὴν
1260 986 1441 1057 ψυχὴν
1489 985 1655 1039 αὐτοῦ
1687 984 1777 1038 λύε

172 1094 308 1149 τρον
364 1080 484 1131 ἀντὶ
535 1079 765 1134 πολλῶν.
807 1101 825 1131 ι
879 1082 1006 1135 Ὀτε
1055 1076 1195 1133 εἶδον
1233 1080 1281 1132 οἱ
1329 1080 1464 1133 δέκα
1512 1079 1641 1143 τοὺς
1682 1078 1780 1131 δύο

174 1171 605 1241 ἰπιτιμηθέντας
653 1176 805 1243 παρα
849 1172 942 1226 τοῦ
985 1171 1249 1244 Χριστοῦ,
1314 1174 1437 1226 τότε
1488 1172 1583 1225 καὶ
1622 1171 1778 1224 αὐτοὶ

172 1262 568 1330 ἀγανακτοῦσι,
604 1266 698 1319 καὶ
722 1259 931 1330 ἔδειξεν
962 1265 1046 1319 ὅτι
1082 1267 1175 1319 καὶ
1210 1266 1554 1337 προήχθοντο
1588 1266 1681 1319 ἐπὶ
1710 1265 1776 1336 τῇ

170 1355 381 1408 τούτων
433 1357 587 1427 τιμῇ.
637 1356 759 1409 Ἔτι
793 1358 899 1429 γὰρ
950 1353 1093 1431 ἦσαν
1133 1359 1369 1422 ἀτελεῖς·
1430 1360 1481 1413 oi
1530 1360 1776 1432 μὲνγὰρ

172 1446 635 1512 κατεξανίσταντο
665 1449 776 1503 τῶν
808 1450 961 1504 δέκα·
1000 1452 1053 1505 oi
1082 1453 1139 1506 δὲ
1203 1452 1465 1522 ἐφθόνουν
1500 1456 1613 1516 τοῖς
1657 1452 1774 1508 δύο.

185 1538 340 1593 Ἐπεὶ
377 1538 469 1593 οὖν
502 1542 551 1594 oi
582 1541 717 1596 δέκα
754 1541 1094 1609 ἀκούσαντες
1125 1544 1565 1616 ἐθορυϐήθησαν,
1602 1559 1777 1615 προσ-

170 1632 425 1687 καλεῖται
471 1635 692 1701 αὐτοὺς,
740 1639 805 1709 τῇ
840 1638 1033 1708 κλήσει
1063 1639 1171 1709 πρὸ
1202 1639 1311 1692 τῶν
1344 1639 1523 1707 λόγων
1574 1640 1777 1703 αὐτοὺς

169 1728 601 1797 καταπραΰνων.
642 1731 753 1784 Καὶ
788 1730 898 1801 γὰρ
936 1732 987 1784 oi
1035 1732 1131 1785 τοῦ
1184 1732 1476 1786 Ζεϐεδαίου
1528 1733 1777 1805 ἀπορρα-

166 1816 363 1886 γέντες
392 1819 501 1872 τῶν
532 1819 731 1887 ἄλλων,
765 1822 1009 1891 ὡμίλουν
1038 1823 1207 1895 αὐτῷ·
1241 1826 1409 1878 πᾶσιν
1451 1822 1545 1879 οὖν
1582 1824 1777 1889 κοινῶς

1891 620 2051 667 ceaut
2080 612 2131 665 in
2163 625 2277 665 eas.
2313 610 2430 667 Non
2466 613 2537 666 ita
2566 612 2668 667 erit
2702 613 2843 668 inter
2874 627 2992 681 vos,
3037 613 3133 671 sed
3179 617 3492 688 quicunque

1887 703 2124 758 voluerit
2164 704 2306 758 inter
2354 719 2451 760 vos
2486 721 2715 777 magnus
2765 707 2904 771 lleri,
2940 709 3047 763 erit
3096 720 3281 766 vester
3328 712 3493 767 mini-

1889 804 2005 851 ster
2032 815 2045 850 :
2080 805 2134 851 et
2165 797 2258 867 qui
2289 796 2521 853 voluerit
2552 798 2694 854 inter
2713 814 2821 855 vos
2854 802 3064 870 primus
3090 816 3236 869 esse,
3264 803 3370 858 erit
3399 820 3493 859 ve-

1885 896 2001 944 ster
2043 903 2240 943 servus
2274 906 2289 944 :
2319 890 2463 946 sicut
2495 888 2667 945 Fllius
2705 892 2943 948 hominis
2974 908 3081 947 non
3110 893 3259 949 venit
3299 903 3357 949 ιιι
3386 895 3492 950 sibi

1886 981 2315 1045 ministraretur,
2346 982 2441 1037 sed
2474 992 2536 1039 ut
2577 984 2692 1055 ipse
2726 985 3085 1053 ministraret,
3135 997 3301 1057 atque
3335 990 3494 1043 daret

1884 1072 2125 1127 animam
2148 1088 2301 1128 suam
2338 1075 2765 1147 redemptionem
2789 1094 2888 1148 pro
2908 1080 3112 1135 multis.
3142 1100 3161 1133 ι
3201 1081 3305 1138 Ubi
3340 1083 3492 1136 vidc-

1886 1178 2005 1220 runt
2042 1168 2227 1221 decem
2261 1168 2397 1224 duos
2424 1154 2545 1224 illus
2573 1185 2603 1223 a
2634 1171 2855 1226 Christo
2886 1173 3219 1241 imzrepatos,
3266 1184 3394 1229 tunc
3428 1183 3483 1229 et

1882 1258 1984 1327 ipsi
2019 1259 2284 1328 indignati
2318 1270 2471 1327 sunt,
2498 1269 2553 1317 et
2600 1268 2960 1318 ostenderunt
2989 1280 3047 1318 se
3075 1275 3381 1321 commotos
3409 1267 3482 1323 oh

1883 1354 2111 1407 istorum
2162 1352 2449 1408 honorem.
2493 1356 2685 1411 Adhuc
2737 1357 2885 1411 enim
2936 1370 3091 1411 erant
3124 1359 3429 1429 imperfecti
3470 1379 3485 1415 :

1882 1461 2005 1499 nam
2037 1446 2112 1500 illi
2150 1448 2411 1503 adversus
2444 1450 2630 1504 decem
2668 1451 3044 1518 insurgebanl,
3089 1453 3141 1506 hi
3185 1468 3316 1508 vero
3347 1453 3488 1509 duo-

1882 1537 1981 1593 bus
2013 1537 2349 1594 invidebant.
2404 1539 2699 1613 Postquam
2744 1542 2910 1611 igitur
2936 1544 3126 1598 dccvm
3171 1544 3255 1600 his
3286 1545 3493 1600 auditis

1881 1630 2084 1685 turbati
2133 1629 2375 1698 fuerunt,
2409 1632 2638 1688 arcessit
2685 1633 2827 1700 illos,
2871 1636 3159 1690 vocatione
3202 1646 3333 1693 ante
3371 1653 3494 1693 ser-

1882 1741 2101 1782 monem
2134 1742 2231 1783 eos
2270 1726 2611 1783 demulcens.
2656 1724 2875 1781 Etenim
2907 1726 3001 1781 illii
3034 1727 3283 1784 Zeliedazi
3312 1730 3491 1785 avulsi

1880 1820 1949 1874 ab
1981 1820 2103 1875 aliis
2136 1821 2611 1876 conversabantur
2644 1834 2768 1874 cum
2821 1820 2959 1891 ipso.
2993 1818 3262 1877 Omnibus
3304 1824 3491 1896 itaque

168 1908 380 1979 ὁμιλεῖ.
423 1911 590 1977 Εἰδὼς
643 1914 751 1987 γὰρ
801 1918 1129 1986 τυραννικὸν
1171 1918 1234 1971 τὺ
1281 1917 1647 1989 φιλόπρωτον,
1681 1918 1765 1971 xal

1882 1912 2044 1970 simul
2073 1914 2337 1983 loquitur.
2364 1912 2557 1968 Sciens
2581 1914 2729 1970 enim
2775 1928 2939 1982 quam
2973 1914 3045 1969 sit
3093 1917 3401 1987 tyrannica,
3434 1926 3489 1975 et

171 2008 543 2081 σεξοδροτὲρας
603 2010 861 2079 δεόμενον
940 2010 1181 2079 πληγῆς,
1242 2010 1543 2082 βαθύτερον
1593 2011 1775 2067 αὐτῶν

172 2100 518 2158 καθικνεῖται
546 2106 624 2167 είς
645 2105 746 2173 τὴν
777 2104 888 2157 τῶν
914 2104 1149 2157 ἐθνικῶν
1176 2105 1272 2159 καὶ
1301 2106 1551 2159 ἀπίστων
1574 2109 1776 2179 μοῖραν

172 2193 375 2257 αὐτοὺς
400 2194 783 2267 ἀπορρίπτων,
803 2196 852 2247 εί
879 2194 1177 2263 φιλοδοξεῖν
1203 2196 1429 2252 θέλοιεν.
1460 2198 1570 2251 Καὶ
1600 2196 1774 2264 οὕτως

170 2283 378 2348 αὐτοὺς
412 2286 697 2357 ἐντρέπει,
738 2289 989 2356 φάσκων·
1030 2289 1096 2342 Οἱ
1129 2288 1229 2359 μέν
1269 2289 1417 2343 ἄλλοι
1467 2289 1769 2363 ἅνθρωποι,

170 2377 313 2433 διότι
359 2379 615 2451 ἄρχουσι,
673 2379 1138 2452 λαμπρύνονται·
1212 2384 1307 2437 καὶ
1356 2385 1419 2437 τὸ
1467 2387 1599 2456 ἐρᾷν
1662 2386 1773 2438 τῶν

171 2470 484 2540 πρωτείων,
516 2471 627 2525 τῶν
666 2472 900 2527 ἐθνικῶν
926 2476 1046 2528 ἐστι
1084 2475 1277 2540 πάθος·
1319 2480 1366 2530 oi
1396 2477 1456 2530 δὲ
1506 2479 1630 2546 ἐμοὶ
1667 2498 1773 2548 μα-

169 2562 356 2635 θηταὶ,
387 2564 495 2619 ἀπὸ
520 2566 907 2631 ταπεινώσεως
954 2568 1244 2639 τιμῶνταν
1279 2570 1421 2623 ὥστε
1454 2574 1549 2623 καὶ
1582 2575 1609 2625 6
1653 2572 1771 2642 μεί-

170 2651 285 2719 ζων
312 2652 484 2709 θέλων
517 2652 682 2723 εἶναι,
713 2656 922 2727 ὀφείλει
972 2659 1244 2713 διακονεῖν
1291 2664 1403 2725 τοῖς
1447 2662 1736 2716 ὑποδεεστέ

171 2762 314 2816 ρας.
344 2747 483 2819 ὅπερ
512 2750 609 2820 τῆς
638 2748 815 2822 ἄκρας
853 2753 971 2805 ἐστὶ
985 2754 1394 2818 ταπεινώσεως.
1432 2756 1520 2809 Ἐν
1548 2756 1771 2829 ἐμαυτῷ

164 2840 230 2895 δὲ
251 2839 413 2894 τοῦτο
440 2842 711 2913 δείκνυμι,
739 2844 798 2908 ὃς
826 2846 1014 2918 ἄρχων
1055 2846 1132 2900 ῶν
1159 2850 1251 2901 καὶ
1282 2848 1540 2919 βασιλεὺς
1568 2868 1599 2904 τ
1650 2869 1678 2903 ν
1713 2853 1770 2905 ἐν

168 2931 445 3003 οὐρανοῖς,
476 2934 817 2991 ἐταπείνωσα
850 2936 1110 3007 ἐμαυτὸν,
1141 2940 1485 3013 διακονήσων
1527 2942 1660 3012 ὑμῖν
1689 2945 1769 3009 είς

165 3024 272 3097 τὴν
303 3027 581 3098 σωτηρίαν
604 3044 618 3057 ·
660 3028 756 3081 καὶ
786 3030 1044 3085 τοσοῦτον
1084 3032 1393 3089 δουλεύσων
1440 3036 1592 3107 ὑμῖν,
1625 3037 1768 3091 ῶστε

167 3116 269 3169 καὶ
299 3117 397 3189 τὴν
421 3118 600 3190 ψυχὴν
626 3118 808 3177 δοῦναι
836 3120 1033 3193 λύτρον
1064 3122 1188 3178 ἀντὶ
1221 3124 1465 3192 πολλῶν,
1495 3128 1767 3195 τουτέστι,

168 3209 417 3265 πάντων·
458 3213 508 3263 οἱ
531 3212 639 3285 γὰρ
665 3212 888 3280 πάντες,
918 3214 1126 3272 πολλοί.

243 3406 265 3442 ε
306 3390 418 3448 Kal
468 3391 925 3465 ἐκπορευομένων
955 3396 1136 3453 αὐτῶν
1184 3400 1297 3453 ἀπὸ
1358 3402 1591 3473 ’ῐεριχὼ,
1629 3405 1764 3473 ἡκο-

162 3481 435 3554 ὶρύθησεν
481 3487 634 3559 αὐτῷ
671 3488 827 3559 δχλος
877 3490 1065 3555 πολύς.
1116 3495 1225 3546 Kal
1264 3494 1375 3549 ίδοὺ
1431 3497 1526 3549 δύο
1572 3502 1765 3568 τυφλοὶ

163 3575 470 3648 καθήμενοι
517 3582 672 3653 παρὰ
716 3581 815 3653 τὴν
854 3582 992 3648 ὁδὸν,
1032 3584 1369 3652 ἀκούσαντες
1414 3591 1497 3643 ὅτι
1555 3590 1763 3659 Ἰησοῦς

160 3670 430 3742 παράγει,
461 3671 702 3745 ικραξαν
745 3675 1022 3744 λέγοντεςο
1062 3679 1322 3751 Ἐλέησον
1364 3682 1536 3751 ἡμᾶς,
1565 3682 1762 3754 Κύριε,

158 3762 284 3827 υίὸς
326 3764 511 3818 Δαυτδ.
553 3764 612 3819 '0
639 3768 696 3821 δὲ
738 3768 895 3839 δχλος
938 3771 1275 3845 ἐπετίμησεν
1297 3774 1481 3838 αὐτοῖς
1519 3775 1605 3829 ἵνα
1633 3792 1762 3828 σιω-

159 3857 440 3928 πήσωσιν.
472 3858 537 3912 οι
563 3859 620 3913 δὲ
660 3862 847 3931 μεῖζον
892 3862 1149 3932 ἔκραζον,
1178 3864 1454 3933 λέγοντεςο
1506 3868 1763 3938 Ἐλέησον

159 3948 343 4022 ἡμᾶς,
373 3948 569 4022 Κύριε,
606 3952 718 4014 υίὸς
748 3954 933 4010 Δαυῖδ.
960 3955 1074 4009 Καὶ
1092 3957 1224 4020 στὰς
1247 3959 1277 4010 6
1313 3959 1520 4030 Ἰησοῦς
1546 3961 1763 4030 ἐφώνηυ-

160 4056 261 4093 σεν
287 4042 506 4109 αὐτοὺς,
533 4045 629 4097 καὶ
664 4042 810 4099 εἷπε*
850 4046 916 4100 Τί
958 4048 1142 4105 θέλετε
1187 4053 1401 4121 ποιήσω
1453 4053 1581 4122 ὑμῖν
1607 4070 1623 4116 ;
1653 4054 1761 4107 Λέ-

157 4149 355 4200 γουσιν
376 4134 546 4207 αὐτῷ·
580 4137 775 4213 Κύριε,
816 4139 902 4195 ἵνα
928 4142 1255 4214 ἀνοιχθῶσιν
1291 4145 1448 4217 ἡμῶν
1481 4149 1532 4199 οί
1559 4147 1761 4217 ὀφθαλο

161 4225 282 4295 μοί.
328 4226 760 4301 Σπλαγχνισθεὶς
787 4233 844 4286 δέ
880 4237 907 4289 6
950 4236 1182 4306 Ἰησοῦς,
1210 4238 1391 4312 ἥψατο
1423 4240 1530 4296 τῶν
1556 4240 1760 4310 ὀρθαλ-

160 4316 287 4390 μῶν
313 4320 517 4389 αὐτῶν,
548 4324 643 4377 καὶ
671 4324 874 4389 εὐθέως
924 4329 1227 4401 ἀνέὸλεψαν
1262 4332 1446 4387 αὑτῶν
1477 4335 1527 4387 οί
1560 4335 1762 4404 ὀφθαλ-

159 4412 287 4483 μοὶ,
316 4415 413 4467 καὶ
448 4416 827 4491 ἠκολούθησαν
861 4421 1033 4495 αύτῷ.
1094 4442 1112 4474 ι
1182 4425 1315 4479 Ἀπὸ
1356 4428 1453 4497 τῆς
1489 4430 1679 4499 φήμης
1712 4431 1761 4483 oi

1877 2007 2027 2078 gravi
2064 2007 2303 2078 indigeat
2335 2006 2778 2077 reprehensionis
2805 2012 2985 2079 plaga,
3025 2009 3273 2076 ambitio,
3302 2012 3487 2069 aerius

1876 2115 1973 2157 eos
2000 2100 2347 2171 perstringit,
2380 2109 2435 2153 et
2480 2097 2667 2167 abjicit
2699 2114 2796 2154 eos
2844 2101 2897 2154 in
2931 2100 3232 2157 inﬁdelium
3261 2112 3317 2157 et
3348 2117 3486 2173 gen-

1879 2193 2053 2247 tilium
2081 2193 2413 2263 purtionem,
2449 2191 2668 2257 si‘inani
2691 2191 2877 2262 gloriae
2905 2195 3131 2249 studere
3160 2195 3436 2257 voluerint
3463 2216 3477 2251 :

1875 2295 1930 2339 et
1966 2285 2046 2339 sic
2087 2300 2183 2339 eos
2218 2286 2573 2353 adhortatur,
2612 2284 2800 2339 dicens
2834 2301 2853 2340 :
2896 2285 2997 2341 Alii
3032 2288 3249 2356 quidem
3308 2290 3487 2345 homi-

1877 2394 1996 2445 nes,
2031 2379 2157 2448 quia
2199 2386 2412 2447 regunt,
2459 2378 2590 2432 clari
2626 2389 2752 2433 sunt
2786 2396 2800 2433 :
2835 2388 2891 2434 et
2937 2395 3127 2436 amare
3157 2382 3482 2452 primatum,

1876 2473 2158 2541 gentilium
2185 2481 2269 2528 est
2297 2471 2553 2536 aﬂ‘ectio;
2588 2486 2737 2525 meos
2765 2483 2946 2527 autem
2981 2474 3278 2545 discipulos
3302 2478 3485 2533 humi.

1876 2566 1999 2619 litas
2032 2565 2406 2629 commendat,
2438 2573 2493 2619 et
2530 2564 2882 2621 honorabiles
2912 2565 3047 2622 facit
3076 2587 3089 2622 :
3135 2578 3301 2639 atque
3346 2573 3486 2625 adeo

1874 2660 1965 2729 qui
1996 2659 2174 2729 major
2199 2672 2325 2715 esse
2350 2658 2605 2723 voluerit,
2639 2658 2946 2726 debet,"his
2975 2660 3065 2726 qui
3089 2676 3229 2730 opus
3258 2663 3480 2729 habent,

1878 2754 2218 2818 ministrare,
2277 2752 2330 2806 id
2373 2752 2517 2823 quod
2567 2753 2857 2822 prmcipum
2906 2755 3237 2811 humilitatis
3270 2768 3378 2824 est,
3424 2769 3483 2813 et

1882 2864 1983 2901 nnc
2011 2849 2064 2902 in
2104 2846 2313 2912 tneipso
2342 2845 2574 2901 OStendo
2601 2861 2616 2898 :
2656 2858 2779 2899 cum
2810 2846 2955 2905 enim
2985 2848 3088 2903 sim
3126 2850 3382 2921 princeps
3428 2860 3483 2907 et

1881 2962 1971 2999 rex
2010 2948 2341 3011 cmlestium,
2378 2944 2662 2999 humiliavi
2694 2946 3097 3015 memetipsum,
3130 2946 3205 2998 ita
3240 2955 3299 2999 ut
3327 2948 3483 3002 vobis

1880 3038 2184 3091 ministrent
2231 3036 2298 3091 ad
2332 3036 2599 3100 salutem;
2643 3035 2807 3106 108
2852 3045 2908 3090 et
2956 3036 3010 3088 in
3061 3042 3273 3089 tantum
3316 3035 3481 3089 mini-

1876 3141 2043 3186 strem
2070 3130 2245 3196 vobis,
2270 3138 2405 3183 utet
2433 3130 2671 3183 animam
2697 3121 2879 3183 meam
2913 3143 3111 3196 ponam
3149 3129 3484 3199 redemptio-

1878 3239 2000 3276 nem
2046 3238 2143 3293 pro
2192 3222 2398 3290 multis,
2453 3226 2556 3278 hoc
2592 3218 2679 3277 est
2726 3224 2984 3280 omnibus
3040 3240 3053 3276 :
3095 3237 3289 3279 omnes
3328 3226 3478 3279 enim

1877 3315 2058 3371 multi.

1947 3408 2112 3464 Vens.
2153 3408 2346 3464 29-51..
2386 3430 2403 3461 ι
2449 3409 2514 3465 Ει
2551 3410 2961 3482 egredientibus
2990 3411 3101 3467 illis
3125 3428 3154 3466 a
3193 3410 3478 3481 Hiericho,

1869 3518 2053 3557 secuta
2090 3514 2175 3557 est
2214 3519 2338 3556 eum
2374 3507 2531 3559 turba
2575 3504 2764 3559 multa.
2808 3502 2877 3558 Et
2915 3519 3046 3560 ecce
3084 3505 3192 3561 duo
3223 3505 3353 3560 caeci
3391 3521 3479 3561 se-

1868 3595 2058 3649 dentes
2084 3604 2244 3651 seCus
2274 3595 2417 3650 viam
2468 3612 2590 3650 cum
2616 3598 2896 3678 audissent
2926 3598 3072 3668 quod
3105 3596 3267 3655 Jesus
3299 3608 3480 3655 trans~

1870 3693 1997 3758 iret,
2050 3691 2426 3747 clamavernnt
2474 3694 2753 3748 dicentes:
2807 3692 3073 3748 Miserere
3105 3696 3304 3761 nostri,
3367 3694 3477 3752 Do-

1867 3787 2035 3851 mine,
2076 3784 2152 3839 ﬁli
2200 3785 2392 3841 David.
2436 3788 2623 3841 Turba
2680 3796 2864 3843 autem
2904 3789 3230 3859 increpabat
3269 3792 3366 3845 θος
3416 3802 3476 3845 ut

1869 3888 2137 3933 tacerent.
2178 3880 2251 3933 At
2292 3879 2369 3934 illi
2406 3880 2582 3949 magis
2609 3879 2941 3945 clamabant,
2973 3883 3219 3939 dicentes
3257 3902 3273 3939 :
3308 3884 3471 3941 Mise-

1867 3986 1990 4026 rere
2019 3971 2214 4039 nostri,
2267 3972 2514 4040 Domine,
2550 3972 2622 4027 [ili
2664 3973 2857 4029 David.
2888 3974 2956 4030 Et
2998 3977 3153 4031 stetit
3191 3976 3372 4045 Jesus,
3406 3994 3472 4034 ac

1865 4066 2082 4120 vocavit
2131 4081 2250 4131 eos,
2298 4076 2355 4121 et
2382 4068 2502 4121 ait:
2535 4067 2679 4135 Quid
2721 4068 2886 4123 vultis
2925 4079 2984 4122 ut
3031 4068 3226 4125 faciam
3270 4074 3472 4128 Vobis?

1866 4152 2066 4212 Dicunt
2113 4154 2196 4211 illi
2233 4156 2528 4223 :Domine,
2584 4169 2645 4211 ut
2700 4158 3022 4228 aperiantur
3068 4160 3213 4216 oculi
3268 4165 3468 4220 nostri.

1864 4251 2121 4308 Misenus
2158 4262 2341 4309 autem
2382 4269 2572 4310 eorum
2600 4252 2783 4321 Jesus,
2823 4256 3000 4327 tetigit
3034 4258 3221 4314 oculos
3254 4276 3471 4328 eorum,

1864 4354 1921 4399 et
1974 4344 2262 4400 confestim
2320 4346 2501 4402 visum
2561 4337 3080 4419 receperuntLoculi
3126 4354 3369 4423 illorum,
3416 4368 3473 4413 et

1864 4438 2036 4492 secuti
2086 4446 2212 4493 sunt
2255 4454 2405 4497 eum.
2447 4459 2466 4494 ι
2519 4439 2685 4494 Fama
2724 4457 3061 4512 agnoverant
3094 4448 3221 4503 caeci
3278 4449 3471 4505 Domi-

154 4506 359 4574 τυφλοὶ
405 4508 628 4575 γνόντες
678 4513 769 4569 τὸν
820 4513 1046 4586 Κύριον,
1085 4516 1380 4588 ἐδράξαντο
1409 4521 1499 4573 τού
1538 4522 1757 4588 καιροῦ,

1875 4546 2018 4597 ιιιιιη,
2058 4542 2113 4585 et
2142 4533 2517 4589 observabant
2566 4546 2782 4607 tempus
2828 4555 2953 4594 cum
3006 4543 3292 4599 audissent
3322 4546 3468 4614 quod

153 4595 503 4664 ἀκούσαντες
541 4602 656 4690 ,μὲν
696 4604 779 4657 ὃτι
814 4607 1154 4679 παρέρχεται
1191 4610 1291 4681 τὴν
1340 4611 1460 4663 ὀδόν
1491 4630 1506 4644 ·
1534 4615 1758 4666 πιστεύ-

1875 4623 2193 4688 μι-ιοιοείεοι.
2236 4623 2604 4682 Crediderunt
2648 4642 2831 4684 autem
2860 4632 3005 4701 quod
3054 4595 3357 4707 Jesus(qui
3401 4652 3468 4693 ex

154 4704 358 4755 σαντες
380 4692 457 4759 δὲ,
482 4693 565 4747 ὅτι
602 4696 814 4766 Ἰησοῦς
842 4701 870 4751 ὁ
903 4701 967 4752 ἐκ
990 4701 1303 4773 σπέρματος
1334 4704 1500 4759 Δαυτδ
1531 4708 1593 4761 τὸ
1614 4711 1755 4761 κατὰ

1875 4715 2075 4770 semine
2100 4713 2265 4771 David
2290 4721 2588 4794 secundum
2613 4724 2857 4793 carnem)
2886 4734 3070 4793 posset
3093 4740 3289 4782 curare
3319 4728 3463 4784 illos.

158 4781 369 4853 σάρκα,
398 4785 625 4852 δυνατὸς
676 4785 745 4861 ἦν
776 4792 1121 4863 θεραπεῦσαι
1153 4798 1375 4863 αὐτοὺς,
1414 4800 1490 4865 ὡς
1534 4801 1593 4860 δὲ
1616 4802 1757 4872 ἄγαν

158 4875 365 4948 θερμοὶ
400 4881 531 4950 περὶ
556 4880 655 4957 τὴν
689 4885 897 4951 πίστιν,
928 4887 1049 4941 ούδέ
1076 4890 1559 4963 ἐπιστομιζόμενοι
1589 4896 1753 4949 ἐσιώ-

153 4986 304 5033 πων,
356 4972 497 5028 ἀλλὰ
539 4978 635 5030 καὶ⁵
683 4978 856 5035 πλείω
905 4979 1160 5051 ἔκραζον.
1201 4985 1366 5041 Ὅθεν
1408 4987 1531 5041 οὐδὲ
1572 4990 1753 5062 ἐρωτᾷ

152 5064 361 5130 αὐτοὺς
386 5069 434 5120 εί
469 5068 653 5123 πίστιν
681 5070 917 5141 ἔχουσιν,
961 5074 1099 5127 ἀλλὰ
1139 5076 1193 5130 τί
1235 5075 1503 5147 θέλουσιν,
1557 5081 1643 5137 ἵνα
1678 5084 1751 5153 μή

150 5173 246 5220 τις
280 5158 479 5232 νομίσῃ
514 5160 597 5214 ὅτι
628 5161 762 5216 ἄλλα
809 5162 1155 5235 βουλομένοις
1222 5168 1359 5223 ἄλλα
1400 5171 1606 5225 δίδωσι.
1640 5174 1754 5226 Aa!-

151 5243 353 5305 κνυσιν
378 5248 472 5308 οὖν
495 5255 579 5306 ὅτι
603 5256 701 5329 οὐχ
725 5257 916 5315 ἓνεκεν
944 5259 1039 5313 τοῦ
1055 5259 1239 5313 λαϐεῖν
1263 5264 1526 5335 ἀργύριον
1555 5266 1749 5330 ἐϐόων,

150 5343 294 5398 ἀλλὰ
323 5345 416 5399 τοῦ
461 5346 699 5419 ἰαθῆναι.
732 5350 1043 5421 ’Δψάμενος
1080 5352 1137 5406 δὲ
1172 5354 1488 5427 θεραπεύει,
1526 5358 1611 5411 ἵνα
1642 5361 1751 5430 μά-

152 5439 364 5510 θωμεν,
390 5442 472 5494 ὅτι
495 5445 605 5495 πᾶν
639 5445 801 5512 μέλος
832 5446 933 5516 τῆς
964 5448 1127 5515 ἁγίας
1156 5450 1322 5503 αὐτοῦ
1354 5454 1580 5525 σαρκὸς,
1614 5456 1747 5520 ζωο-

152 5535 314 5587 ποιδν
370 5536 465 5587 καὶ
514 5534 651 5589 Θεοῦ
713 5538 878 5607 μέλος
926 5538 1017 5611 ἦν.
1064 5541 1128 5594 El
1179 5542 1237 5596 δὲ
1269 5546 1296 5597 6
1338 5547 1555 5611 Λουκᾶς
1598 5548 1693 5601 καὶ
1724 5550 1751 5601 6

148 5624 385 5694 Μάρκος
410 5625 507 5679 ἕνα
535 5627 755 5695 λέγουσι
791 5631 883 5683 τὸν
910 5631 1135 5700 τυφλὸν,
1163 5634 1319 5687 οὐδὲν
1344 5636 1505 5689 τοῦτο
1542 5638 1749 5709 διαφω-

150 5719 258 5772 vel“
320 5721 521 5775 ἐκεῖνοι
577 5723 687 5797 γὰρ
738 5725 833 5778 τοῦ
887 5728 1320 5801 ἐπιφανεστὲρου
1371 5734 1748 5807 ἐμνήσθησαν.

232 5904 277 5934 ει
299 5903 430 5959 Luc,
466 5903 837 5966 xt'lll.51:tlllt.
875 5922 929 5963 Σ.

1865 4808 1929 4866 Et
1962 4808 2120 4874 plane
2154 4810 2379 4866 multum
2411 4811 2697 4869 fervebant
2744 4815 2871 4882 ﬁde,
2906 4832 3081 4889 neque
3118 4821 3245 4876 dum
3285 4832 3469 4879 lacere

1858 4899 2207 4971 iuberentur,
2250 4906 2512 4971 silebant,
2550 4909 2643 4962 sed
2676 4910 2833 4979 longe
2860 4912 3095 4981 amplius
3124 4913 3463 4973 clamabant.

1871 4992 2023 5050 Unde
2054 5011 2161 5050 non
2212 4997 2567 5069 interrogavit
2601 4999 2720 5054 illus
2774 5018 2841 5056 an
2886 5003 3044 5059 tidem
3079 5006 3336 5073 habeant,
3370 5011 3469 5065 sed

1862 5088 1990 5157 quid
2021 5088 2219 5141 vellent
2254 5108 2265 5143 :
2318 5104 2385 5143 ne
2418 5093 2537 5161 quis
2576 5094 2859 5150 existimet
2889 5096 3035 5166 quod
3076 5098 3182 5153 alia
3228 5100 3323 5155 det
3356 5102 3463 5157 alia

1862 5180 2192 5235 volentibus.
2222 5180 2535 5239 Monstrans
2562 5186 2726 5257 igitur
2754 5190 2899 5257 quod
2930 5206 3035 5245 non
3069 5193 3316 5262 pecuniae
3347 5212 3466 5265 gra-

1864 5273 1935 5327 tia
1969 5276 2033 5327 ad
2068 5292 2127 5330 se
2158 5276 2471 5344 clamarint,
2505 5283 2597 5335 sed
2630 5292 2687 5334 ut
2723 5294 3008 5347 curentur,
3058 5296 3235 5342 tactos
3265 5300 3460 5359 curat,

1864 5375 1922 5418 ut
1948 5368 2223 5423 discamus
2265 5371 2445 5429 omnia
2474 5388 2585 5427 sua:
2612 5387 2814 5430 sanctae
2847 5380 3030 5435 carnis
3074 5384 3344 5452 membra,
3380 5387 3460 5441 vi.

1862 5459 2014 5513 νηίου
2059 5470 2113 5515 et
2148 5462 2240 5517 Dri
2292 5466 2533 5521 membra
2583 5483 2725 5524 esse.
2774 5470 2929 5537 Quod
2965 5483 3145 5529 autem
3199 5478 3374 5535 Lucas
3406 5492 3465 5536 et

1862 5552 2081 5609 Marcus
2114 5569 2281 5609 unum
2333 5558 2523 5613 dicunt
2569 5576 2775 5616 caecum
2834 5562 3026 5632 fuisse,
3090 5585 3197 5623 non
3248 5573 3317 5625 ab
3377 5573 3463 5630 his

1863 5646 2195 5699 dissonat“.
2241 5648 2321 5702 Illi
2369 5652 2515 5707 enim
2563 5654 2882 5726 insignioris
2933 5663 3265 5718 mentionem
3315 5667 3463 5723 fece-

1860 5748 2007 5793 runt.
2050 5740 2145 5796 Vel
2173 5742 2352 5812 alitur,
2387 5744 2561 5801 Lucas
2584 5747 2718 5804 dicit
2747 5753 2892 5827 quod
2918 5764 3216 5830 antequam
3248 5761 3462 5828 veniret
3503 5762 3513 5778 '
