4080 6336
195 395 308 455 36Ί

853 386 1292 447 ENARRATIO
1334 386 1416 446 ΙΝ
1456 386 1753 445 ΕνΑΝιιΕ

1870 386 1953 447 LVI
1989 387 2370 449 ΜᾹΤΤΗΕΙ.
2412 414 2479 424 -
2517 388 2675 449 CAP.
2719 387 2871 450 XXI.

3363 392 3470 454 ΠΟ

195 508 392 574 ίμάτια
425 501 623 564 αὐτῶν,
654 501 744 554 καὶ
775 499 1026 552 ἐκάθισεν
1060 491 1244 552 ἐπάνω
1276 497 1473 550 αὐτῶν.
1519 517 1536 549 ι
1592 500 1646 550 Ὀ
1683 497 1765 563 μὲι

1882 510 1934 552 et
1970 500 2305 554 collocarunt
2340 514 2461 555 eum
2509 515 2670 569 super
2715 500 2829 554 illa.
2874 517 2891 550 ι
2932 500 3106 554 Lucas
3156 501 3370 569 quidem
3409 514 3464 557 et

192 599 416 658 Λουκᾶς
446 595 539 648 καὶ
571 597 599 646 6
629 593 852 662 Μάρκος
891 590 1182 657 ὑποζύγιον
1226 590 1383 659 μόνον
1417 585 1589 643 εἶπον.
1626 591 1777 642 Ματ-

191 691 345 749 Baio;
367 689 423 741 δὲ
447 687 568 739 ὄνον
607 686 701 737 καὶ
733 683 926 747 πῶλον,
961 683 1062 735 οὐκ
1107 682 1324 734 ἐναντία
1349 682 1619 748 λέγοντες·
1650 683 1781 748 ἀγο-

193 784 345 852 μένῳ
371 782 481 848 γὰρ
501 779 578 850 τῷ
603 778 764 848 πώλῳ
780 775 1164 845 σῦνηκολούθει
1187 776 1322 844 καὶὴ
1352 777 1553 844 μήτηρ.
1587 774 1779 828 Ἐκάθ-

191 889 278 924 ισε
310 871 367 924 δὲ
399 872 584 923 ἐπάνω
613 869 808 930 αὐτῶν,
842 868 963 937 οὐχὶ
998 867 1104 920 τῶν
1140 867 1233 920 δύο
1265 867 1598 936 ὑποζυγίων.
1635 867 1774 921 ἀλλὰ

184 964 301 1017 τῶν
345 963 599 1032 ἱματίων·
629 961 660 1031 ἢ
696 960 909 1031 πρῶτον
952 960 1048 1028 μὲν
1083 958 1338 1012 ἐκάθισεν
1370 959 1463 1011 ἐπὶ
1497 960 1595 1028 τῆς
1628 958 1772 1022 δνου,

185 1052 311 1110 εἶτα
363 1057 455 1110 καὶ
499 1056 592 1109 ἐπὶ
635 1053 727 1107 τοῦ
783 1053 982 1106 πώλου.
1041 1052 1192 1106 Ἐπεὶ
1223 1053 1317 1106 καὶ
1358 1053 1763 1122 πρῶτον,ἐπαν-

182 1149 471 1204 επαύσατο
501 1153 566 1220 τῇ
596 1147 705 1202 τῶν
751 1147 1022 1200 Ἰουδαίων
1074 1147 1401 1216 συναγωγῇ,
1456 1140 1575 1199 εἷτα
1609 1143 1686 1214 τῷ
1715 1143 1775 1208 ἐξ

183 1239 360 1293 ἐθνῶν
390 1238 524 1307 λαῷ.

267 1352 286 1385 ι
333 1333 390 1385 '0
415 1334 470 1385 δὲ
495 1329 744 1390 πλεῖστος
775 1329 929 1398 ὄχλος
960 1328 1239 1397 ἔστρωσαν
1265 1327 1447 1381 αὐτῶν
1481 1328 1549 1380 τὰ
1584 1329 1772 1397 ἱμάτια

183 1423 244 1474 ἐν
266 1427 332 1493 τῇ
357 1423 480 1489 ὀδῷ·
509 1421 656 1475 ἄλλοι
676 1420 732 1472 δὲ
756 1419 983 1471 ἔκοπτον
1006 1417 1234 1480 κλάδους
1257 1419 1364 1470 ἀπὸ
1388 1417 1494 1470 τῶν
1516 1417 1771 1488 δένδρων,

184 1513 286 1567 καὶ
313 1511 650 1584 ἐστρώννυον
683 1511 740 1560 ἐν
763 1511 828 1580 τῇ
862 1508 986 1578 ὀδῷ·
1016 1511 1065 1562 oi
1098 1509 1153 1562 δέ
1185 1509 1332 1579 ὄχλοι
1357 1510 1403 1562 oi
1438 1509 1772 1578 προάγοντες

183 1606 281 1657 καὶ
305 1603 356 1656 οἱ
382 1601 823 1664 ἀκολουθοῦντες,
849 1599 1078 1669 ἔκραζον
1105 1599 1354 1668 λέγοντες
1374 1616 1387 1629 ·
1435 1599 1666 1652 Ὡσαννά
1694 1599 1771 1666 τῷ

180 1694 290 1766 υίῷ
321 1694 504 1747 Δαυῖδ·
541 1692 902 1761 εὐλογημένος
938 1693 965 1744 6
1001 1691 1292 1762 ἐρχόμενος
1321 1693 1378 1744 ἐν
1406 1692 1631 1760 ὀνόματι
1660 1693 1771 1744 Ku-

182 1787 329 1857 ρίου·
361 1785 576 1840 ὡσαννὰ
604 1787 787 1847 ἐντοῖς
813 1784 1081 1853 ὑψίστοις.
1124 1803 1142 1834 ι
1184 1785 1341 1836 Κατὰ
1374 1784 1472 1853 μὲν
1496 1783 1594 1855 τὴν
1623 1784 1768 1835 ίστο-

182 1879 330 1948 ρίαν,
352 1877 552 1949 πολλὴν
568 1877 732 1946 τιμὴν
759 1876 1008 1945 ἐμφαίνει
1035 1877 1064 1945 ἡ
1086 1875 1192 1928 τῶν
1222 1875 1452 1945 ἱματίων
1487 1875 1767 1944 ὑπόστρω-

180 1986 293 2034 σις,
327 1968 421 2022 καὶ
455 1968 563 2020 τῶν
595 1967 802 2020 κλάδων
845 1969 877 2036 ή
911 1966 1072 2035 τομὴ,
1108 1965 1466 2035 πανηγύρεως
1500 1966 1723 2030 ἔνδειξις
1747 1983 1760 1996 ·

180 2061 332 2114 κατὰ
360 2061 417 2112 δέ
460 2059 780 2128 ἀναγωγὴν,
825 2057 1062 2128 μάνθανε
1108 2059 1190 2110 ὅτι
1221 2057 1362 2126 μετὰ
1389 2057 1450 2110 τὸ
1497 2057 1766 2112 ἐπιθεῖναι

178 2154 310 2215 τοὺς
344 2151 675 2214 ἀποστόλους
705 2150 774 2202 τὰ
817 2149 1009 2219 ἱμάτια
1042 2150 1249 2212 αὐτῶν,
1285 2150 1403 2219 ἤτοι
1443 2151 1540 2212 τὰς
1567 2151 1766 2220 ἀρετὰς

178 2244 388 2306 αὐτῶν,
414 2245 534 2295 τότε
562 2241 896 2310 ἐπικάθηται
920 2242 947 2292 6
975 2239 1197 2310 Κύριος.
1229 2241 1290 2293 Ei
1322 2242 1429 2311 γὰρ
1459 2241 1531 2311 μὴ
1561 2243 1769 2294 καλλω-

180 2334 356 2403 πισθῇ
395 2334 428 2402 ἡ
466 2333 611 2404 ψυχῇ
645 2335 764 2394 ταῖς
809 2332 1193 2393 άποστολικαῖς
1226 2333 1448 2402 ἀρεταῖς
1472 2373 1486 2396 ,
1531 2335 1632 2385 οὐκ
1672 2337 1768 2386 ἐπ-

177 2428 392 2496 οχεῖται
421 2426 512 2478 ἐπὶ
534 2424 738 2495 ταύτης
766 2426 792 2476 6
822 2424 1051 2488 Θεὸς.οί
1082 2419 1136 2476 δέ
1167 2424 1518 2495 προάγοντες,
1550 2426 1689 2478 είσὶν
1719 2427 1766 2478 ot

127 2557 134 2567 .
181 2518 291 2588 πρὸ
330 2517 429 2584 τῆς
468 2516 561 2570 τοῦ
615 2516 850 2587 Χριστοῦ
894 2517 1224 2585 σαρκώσεως
1273 2519 1584 2588 προφῆται·
1623 2521 1671 2570 ot
1712 2518 1768 2571 δέ

177 2609 626 2673 ἀκολουθοῦντες,
650 2611 698 2662 οἱ
732 2611 866 2679 μετὰ
891 2609 1059 2662 ταῦτα
1082 2610 1357 2679 μάρτυρες
1387 2611 1482 2662 καὶ
1509 2611 1766 2664 διδάσκα-

177 2703 284 2763 λοι,
337 2704 385 2754 οἳ
420 2703 486 2758 τὰ
532 2703 720 2770 ἱμάτια
754 2702 933 2754 αὐτῶν
976 2702 1342 2772 στρωννύουσι
1396 2702 1474 2773 τῷ
1522 2703 1764 2772 Χριστῷ,

179 2793 472 2857 τουτέστι,
533 2792 630 2861 τὴν
684 2792 864 2860 σάρκα
903 2792 1268 2845 ὑποτάσσουσι
1317 2792 1394 2861 τῷ
1453 2793 1764 2862 πνεύματι·

181 2886 403 2954 ἱμάτιον
452 2884 559 2954 γὰρ
598 2886 690 2937 καὶ
741 2885 1006 2955 κάλυμμα
1065 2888 1162 2954 τῆς
1209 2886 1427 2955 ψυχῆς,
1479 2886 1538 2938 τὸ
1586 2887 1764 2957 σῶμα.

181 2975 508 3045 Ἔστρωσαν
534 2974 625 3027 οὖν
661 2979 717 3029 ἐν
750 2977 816 3046 τῇ
850 2974 972 3045 ὁδῷ,
1006 2977 1254 3029 τουτέστι
1279 3019 1291 3038 ,
1333 2979 1390 3030 ἐν
1419 2977 1496 3046 τῷ
1523 2979 1764 3049 Χριστῷ.

185 3086 205 3119 ι
261 3065 406 3132 Ἐγὼ
436 3067 543 3135 γάρ
569 3069 686 3135 εἰμι
717 3068 747 3135 ή
777 3066 916 3128 ὁδὸς,
969 3085 987 3117 ι
1029 3068 1215 3138 φησίν.
1266 3069 1393 3122 Ἐὰν
1434 3070 1540 3137 γάρ
1575 3072 1646 3139 μή
1687 3088 1769 3136 τις

1882 592 2095 648 Marcus
2129 592 2465 662 subjugalem
2517 592 2688 646 solum
2733 592 3005 646 dixerunt.
3055 591 3334 647 Mattbarus
3369 609 3466 647 au-

1882 694 1989 739 tem
2036 687 2246 739 asinam
2297 697 2346 739 et.
2380 684 2603 754 pullum.
2647 683 2761 738 Non
2798 685 3060 738 dixerunt
3104 687 3462 747 contrarium.

1879 778 2135 832 ducentes
2162 779 2302 832 enim
2333 777 2559 847 pullum,
2593 787 2774 830 secuta
2808 787 2890 830 est
2927 786 3116 831 mater.
3151 777 3465 832 Collocave-

1880 884 2004 925 runt
2037 879 2216 923 autem
2241 885 2363 922 eum
2393 885 2552 937 super
2575 869 2663 923 illa
2692 887 2703 920 :
2740 885 2842 921 non
2874 884 3034 936 super
3060 871 3166 923 duo
3190 871 3460 936 jumenta.

1879 963 1972 1017 sed
2004 978 2168 1032 super
2205 972 2399 1015 vestes.
2444 963 2549 1013 Ant
2586 962 2820 1029 primum
2857 964 3073 1031 quidem
3124 962 3262 1016 sedit
3299 978 3464 1031 super

1878 1057 2107 1116 asinam,
2139 1063 2323 1123 postea
2355 1068 2519 1123 super
2545 1052 2747 1121 pullum
2779 1076 2790 1108 :
2825 1055 2950 1123 quia
2983 1066 3034 1107 et
3067 1056 3298 1122 primum
3336 1055 3459 1122 qni-

1877 1150 1986 1203 evit
2024 1149 2076 1201 in
2108 1147 2416 1202 Judworum
2460 1146 2739 1217 Synagoga
2763 1188 2777 1211 ,
2810 1148 3007 1201 deinde
3055 1149 3104 1201 in
3143 1149 3328 1218 gentili
3363 1166 3456 1217 po-

1876 1240 2021 1310 pulo.

1952 1333 2116 1388 Vens.
2153 1333 2206 1395 8,
2253 1332 2305 1386 9.
2365 1351 2380 1382 ι
2439 1332 2670 1386 Plurima
2725 1341 2903 1387 autem
2953 1334 3107 1386 turba
3145 1342 3461 1388 straverunt

1875 1429 2193 1484 vestimenta
2224 1442 2317 1481 Stlu
2355 1429 2405 1479 in
2441 1428 2521 1478 via
2552 1446 2563 1480 :
2599 1427 2691 1480 alii
2718 1442 2844 1481 vero
2876 1427 3154 1482 uertebant
3182 1442 3362 1482 ramos
3397 1429 3462 1481 de

1875 1521 2193 1582 arboribus,
2244 1527 2299 1574 et
2345 1519 2660 1573 sternebant
2696 1521 2746 1571 in
2780 1520 2886 1574 via.
2921 1519 3087 1574 Porro
3120 1521 3292 1574 turbae
3332 1536 3456 1591 qua:

1873 1614 2248 1683 praecedebant
2283 1621 2335 1666 et
2361 1629 2480 1680 qua:
2502 1613 2892 1682 sequebantur,
2919 1613 3246 1679 clamabant,
3275 1615 3464 1669 dicen-

1877 1718 1954 1761 tes
1989 1726 2004 1767 ;
2035 1707 2287 1762 Hosauna
2316 1707 2426 1762 ﬁlio
2464 1707 2628 1763 David
2665 1727 2677 1762 :
2727 1709 3040 1762 benedictus
3078 1710 3168 1776 qui
3216 1710 3366 1764 venit
3407 1709 3459 1761 in

1873 1804 2090 1856 nomine
2108 1802 2343 1868 Domini,
2369 1801 2609 1856 hosanna
2633 1802 2688 1855 in
2716 1801 3022 1856 altiSsimis.
3052 1821 3069 1853 ι
3097 1800 3260 1856 Juxta
3287 1802 3464 1857 histo-

1872 1895 2006 1949 riam
2047 1894 2272 1948 multum
2308 1896 2361 1947 in
2413 1908 2471 1947 se
2516 1895 2676 1948 habet
2709 1893 2936 1949 honoris
2962 1904 3138 1949 vestes
3173 1894 3459 1957 stravisse,

1871 1995 1924 2040 et
1963 2002 2143 2040 ramos
2185 1986 2509 2052 obiectasse.
2546 1999 2666 2038 nam
2705 1987 3001 2040 ostendunt
3040 2001 3294 2054 magnam
3339 1986 3457 2056 glo-

1870 2081 2028 2133 riam.
2059 2080 2127 2131 At
2152 2079 2305 2146 juxta
2338 2096 2613 2152 anagogen
2649 2082 2799 2135 disce
2830 2081 2971 2148 quod
3005 2089 3294 2149 postquam
3326 2095 3461 2150 apo-

1871 2169 1990 2224 stoli
2013 2183 2474 2240 superposuerunt
2492 2173 2816 2226 vestimenta
2843 2187 2966 2236 sua,
2991 2173 3218 2227 virtutes
3241 2174 3460 2241 inquam

1871 2276 2018 2327 suas,
2044 2272 2170 2317 tunc
2196 2279 2356 2333 super
2378 2265 2496 2320 illas
2524 2266 2663 2319 sedit
2687 2265 2967 2318 Dominus.
2990 2265 3124 2319 Nam
3150 2265 3253 2319 nisi
3282 2266 3460 2319 anima

1873 2361 2055 2406 nostra
2081 2367 2270 2408 ornata
2297 2354 2462 2411 fuerit
2487 2359 2800 2423 apostolicis
2827 2360 3136 2424 virtutibus,
3168 2377 3271 2414 non
3303 2361 3463 2430 equi-

1873 2444 2006 2498 tabit
2043 2460 2162 2498 eam
2197 2445 2480 2504 Dominus.
2520 2449 2894 2504 Prmcedentes
2926 2491 2940 2516 ,
2976 2459 3100 2504 sunt
3146 2452 3460 2519 prophetae,

1870 2534 1960 2604 qui
1994 2544 2120 2588 ante
2145 2538 2486 2590 incarnatum
2518 2538 2795 2594 Christum
2831 2540 2981 2593 fu‘re
3010 2560 3022 2594 :
3055 2554 3340 2608 sequentes
3366 2558 3463 2594 au-

1871 2635 2001 2687 tem,
2037 2639 2303 2698 martyris
2333 2639 2385 2684 et
2415 2631 2687 2697 doctores,
2722 2632 2810 2699 qui
2842 2633 3161 2686 vestimenta
3190 2647 3282 2684 sua
3322 2643 3465 2687 Stor-

1872 2731 1997 2772 nuot
2035 2720 2256 2775 Christo
2283 2763 2298 2787 ,
2333 2723 2435 2777 hoc
2471 2733 2575 2783 est,
2614 2740 2834 2778 carnem
2872 2727 3162 2794 subjiciunt
3219 2727 3460 2794 spiritui.

1872 2810 2206 2865 Vestimenta
2234 2813 2376 2866 enim
2409 2825 2462 2868 et
2485 2825 2795 2883 tegumenta
2825 2815 3272 2885 animze.corpus.
3301 2816 3460 2870 Stra-

1872 2913 2063 2954 veruut
2096 2904 2259 2970 igitur
2285 2905 2336 2958 in
2361 2906 2468 2968 via,
2498 2906 2598 2960 hoc
2624 2918 2726 2970 est,
2759 2908 2813 2961 in
2844 2908 3078 2964 Christo.
3122 2929 3140 2960 ι
3178 2911 3284 2979 Ego
3313 2911 3456 2963 enim

1872 3009 1990 3048 sum
2028 2995 2112 3048 via
2143 2995 2208 3056 ³⁷,
2251 3017 2267 3048 ι
2311 2997 2507 3067 inquit.
2555 2998 2610 3053 Si
2662 3000 2806 3054 enim
2857 3002 2979 3069 quis
3033 3017 3252 3056 carnem
3303 3018 3458 3055 suam

1874 3103 1976 3139 non
2014 3089 2301 3149 straverit,
2355 3091 2514 3160 110
2547 3093 2647 3146 hoc
2687 3102 2786 3156 est,
2825 3093 3212 3156 humiliaveril,
3246 3094 3298 3148 in
3350 3097 3458 3155 νίςε,

178 3157 283 3226 τὴν
316 3156 495 3226 σάρκα
524 3157 690 3210 αὑτοῦ
723 3156 962 3227 στρώσῃ,
995 3158 1280 3219 τουτέστι,
1321 3161 1637 3234 ταπεινώσῃ
1664 3202 1678 3225 ,
1713 3166 1765 3216 ἐν

1879 3177 1979 3230 hoc
1997 3187 2100 3242 ρει,
2135 3177 2188 3230 in
2228 3178 2447 3232 Christo
2480 3197 2726 3247 manens,
2761 3192 2813 3234 et
2846 3199 2949 3263 non
2986 3185 3275 3239 haereticus
3310 3188 3459 3239 exsi-

176 3251 242 3317 τῇ
278 3247 404 3315 ὁδῷ,
433 3247 732 3307 τουτέστιν,
761 3249 818 3299 ἐν
851 3247 927 3316 τῷ
960 3247 1184 3317 Χριστῷ
1215 3249 1415 3318 μένων,
1444 3253 1538 3304 καὶ⁸
1573 3253 1646 3324 μὴ
1680 3257 1766 3306 ai-

181 3338 398 3409 ρετικὺς
431 3338 527 3402 ὢν,
567 3340 666 3391 οὐκ
705 3340 980 3407 ἐποχεῖται
1012 3341 1105 3391 ἐπὶ
1150 3339 1341 3394 τούτου
1377 3344 1403 3394 6
1433 3343 1658 3414 Κύριος.
1695 3347 1768 3412 T6

174 3428 233 3482 δὲ
275 3429 526 3491 Ὡσαννὰ,
550 3431 716 3498 οἱμὲν
749 3430 1001 3496 λέγουσιν
1035 3431 1117 3483 ὅτι
1151 3429 1318 3499 ὕμνον
1354 3432 1384 3501 ἢ
1421 3433 1638 3503 ψαλμδν
1668 3452 1765 3504 ση-

183 3518 390 3586 μαίνει,
418 3520 466 3571 οί
497 3519 571 3581 δέ,
601 3519 628 3570 ὂ
655 3520 747 3572 καὶ
774 3519 1166 3589 ἀκριὸέστερον
1190 3536 1201 3549 ·
1235 3522 1419 3574 Σιῖισον
1445 3523 1532 3592 δή.
1583 3525 1767 3596 Ἐρχὸ-

183 3624 346 3676 μενος
381 3608 434 3660 δὲ
459 3608 674 3676 λέγεται
705 3613 733 3662 6
767 3612 990 3680 Κύριος,
1025 3613 1099 3674 ὼς
1131 3614 1584 3684 προσδοκώμενος
1616 3618 1766 3687 παρὰ

177 3701 290 3760 τοῖς
337 3698 609 3768 Ἑϐραίοις
633 3701 842 3753 ἐλθεῖν·
880 3701 1022 3754 οὕτω
1056 3705 1164 3771 γὰρ
1198 3705 1289 3755 καὶ
1322 3705 1350 3755 6
1393 3707 1644 3774 Ἰωάννης
1680 3709 1768 3760 λέ-

179 3805 285 3856 γει·
331 3808 349 3840 ι
379 3791 448 3842 Σὺ
480 3790 526 3842 εί
555 3793 582 3843 6
617 3791 927 3860 ἐρχόμενος,
953 3811 969 3840 ι
1008 3792 1130 3844 ἀντὶ
1154 3793 1246 3845 τοῦ
1265 3796 1342 3872 ,ίό
1377 3795 1763 3866 προσδοκώμε-

178 3895 267 3941 νος
300 3878 634 3932 ἐλεύσεσθαι.
659 3881 767 3932 Kal
794 3880 966 3941 ἄλλως
990 3881 1045 3949 δὲ
1071 3881 1289 3948 λέγεται
1314 3883 1341 3933 6
1367 3883 1659 3953 ἐρχόμενος
1688 3886 1763 3947 ὡς

180 3969 304 4022 καθ’
364 3969 577 4040 ἡμέραν
628 3971 1085 4040 προσδοκωμένης
1132 3972 1230 4040 τῆς
1284 3974 1546 4044 δευτέρας
1597 3976 1760 4029 αὐτοῦ

182 4061 508 4129 παρουσίας·
544 4060 623 4112 δεῖ
644 4059 738 4113 οὖν
776 4060 1004 4113 ἕκαστον
1037 4063 1122 4113 ἀεὶ
1157 4063 1398 4127 ἐλπίζειν
1432 4064 1532 4132 τὴν
1571 4067 1756 4119 συντέ-

178 4150 354 4213 λειαν,
382 4150 475 4203 καὶ
507 4150 596 4203 ἀεὶ
626 4152 918 4223 ἐρχόμενον
950 4153 1041 4206 τὸν
1076 4153 1303 4226 Κύριον,
1338 4156 1430 4209 καὶ
1473 4157 1762 4226 ἑτοιμάζε-

181 4239 328 4294 σθαι.

253 4350 274 4400 ι
310 4333 422 4386 Καὶ
452 4331 780 4397 είσελθόντος
810 4334 976 4387 αὑτοῦ
1009 4338 1086 4400 εἰς
1128 4337 1502 4409 Ἰεροσόλυμα.
1540 4340 1760 4411 ἐσείσθη

181 4425 327 4478 πᾶσα
357 4425 390 4494 ἡ
421 4425 604 4490 πόλις,
629 4424 879 4493 λέγουσα·
904 4427 997 4489 Τίς
1029 4429 1174 4481 ἐστιν
1198 4425 1388 4496 οὗτος
1427 4433 1490 4484 Oi
1527 4431 1584 4484 δέ
1612 4433 1758 4501 ὄχλοι

1870 3279 2046 3330 εερηξ,
2076 3283 2180 3321 non
2218 3268 2470 3324 insidehit
2495 3276 2545 3324 ln
2581 3287 2646 3323 eo
2679 3275 2949 3328 dominus.
2989 3274 3240 3330 llosanna
3280 3287 3460 3330 autem

1864 3359 2084 3423 quidam
2123 3359 2306 3412 dicunt
2351 3363 2493 3427 quod
2538 3360 2804 3431 llyumum
2847 3364 2930 3417 vel
2969 3364 3243 3418 l'salmum
3294 3366 3466 3434 signi-

1871 3448 2014 3508 ticet,
2039 3449 2126 3501 alii
2149 3461 2351 3512 autem,
2375 3450 2426 3503 id
2448 3453 2589 3517 quod
2619 3454 2958 3512 evidentius:
2996 3455 3178 3521 Salva,
3209 3458 3456 3511 obsecro.

1872 3535 1933 3587 γ.
1958 3548 2150 3590 nturus
2172 3551 2350 3592 autem
2375 3541 2572 3593 dicitur
2597 3541 2860 3597 Dominus
2889 3547 3012 3612 quia
3038 3551 3461 3616 exspectabatur

1871 3627 1937 3677 ab
1959 3627 2194 3682 ilchrzeis
2221 3639 2499 3683 venturus.
2524 3630 2614 3684 Sic
2634 3633 2776 3684 enim
2805 3644 2859 3686 et
2881 3632 3119 3688 Joannes
3143 3635 3304 3690 dicit:
3330 3655 3346 3686 ι
3379 3635 3458 3689 Τιι

1867 3731 1926 3769 ες
1959 3719 2046 3784 ιιηί
2093 3730 2354 3773 venturus
2385 3722 2485 3774 es?
2517 3741 2535 3773 ι
2595 3720 2697 3776 hoc
2731 3735 2848 3787 est,
2885 3726 2974 3794 qui
3021 3729 3354 3793 exspectaris
3403 3738 3460 3780 ut

1869 3809 2076 3861 vt-nias.
2117 3810 2318 3864 Dicitur
2347 3821 2401 3865 et
2430 3812 2587 3866 aliter
2613 3826 2895 3878 venturus,
2932 3832 2998 3868 eo
3027 3819 3166 3883 quod
3194 3819 3459 3871 adventus

1867 3901 1978 3966 ejus
2017 3903 2284 3956 stu-nudus
2317 3905 2554 3971 quotidie
2583 3917 2947 3976 exspectetur.
2976 3907 3246 3964 Debemus
3291 3909 3459 3977 igitur

1865 4005 1919 4046 et
1947 4011 2041 4046 llttS
2077 4010 2264 4048 HIIIIH‘S
2301 4001 2829 4052 ροιιδηιιιιιιιιιίοηθιιι
2864 4001 3044 4052 Illlllllii
3079 4008 3131 4054 Ci.
3165 4001 3455 4055 adventum

1865 4085 2066 4138 Christi
2102 4099 2417 4156 exspectare
2448 4103 2509 4143 ac
2536 4092 2850 4160 praeparari.

1939 4352 2096 4406 Vens.
2141 4355 2228 4419 l0,
2281 4355 2366 4412 Η.
2411 4377 2428 4408 ι
2477 4361 2540 4415 Et
2585 4374 2704 4413 cum
2743 4361 2995 4414 intrasset
3039 4362 3444 4437 Hierosolyma,

1865 4453 2132 4495 commota
2166 4454 2246 4498 est
2280 4448 2529 4503 universa
2557 4450 2766 4516 sivitas,
2800 4452 2982 4506 dicens
3016 4471 3028 4506 :
3062 4455 3192 4519 Quis
3218 4469 3300 4510 est
3325 4458 3450 4514 hic?

180 4512 386 4582 ἔλεγον·
430 4505 600 4576 Οὗτός
629 4516 776 4566 ἐστιν
820 4515 1022 4585 Ἰησοῦς
1056 4519 1082 4570 6
1104 4520 1421 4589 προφήτης,
1456 4523 1483 4572 6
1511 4522 1617 4574 ἀπὸ
1647 4523 1760 4576 Να-

1870 4531 2061 4588 Turbae
2091 4545 2267 4588 autem
2300 4537 2581 4608 dicebant;
2612 4539 2706 4593 llic
2733 4551 2818 4599 est
2840 4537 2997 4598 Iesus
3023 4545 3110 4598 ille
3133 4546 3390 4616 propheta
3420 4569 3446 4602 a

187 4603 353 4674 ζαρέτ
405 4605 502 4672 τῆς
543 4603 851 4667 Γαλιλαίας.
891 4624 910 4656 ι
963 4609 1023 4659 υἱ
1056 4607 1202 4676 ὄχλοι
1252 4609 1430 4662 ἄδολοι
1469 4611 1622 4675 ὄντες
1664 4615 1760 4666 καὶ

181 4696 465 4757 ἄπλαστοι,
497 4693 619 4747 οὔτε
643 4695 904 4764 ἐφθόνουν
928 4695 1005 4765 τῷ
1035 4698 1276 4768 Χριστῷ,
1306 4700 1430 4753 οὔτε
1464 4703 1626 4756 πάλιν
1659 4706 1759 4771 τὴν

182 4787 565 4858 προσήκουσαν
591 4787 719 4854 περὶ
750 4787 915 4840 αὑτοῦ
940 4788 1209 4860 ὑπόληψιν
1231 4786 1396 4860 εἶχον.
1429 4794 1519 4846 Διὸ
1541 4795 1636 4845 καὶ
1663 4785 1759 4848 νῦν

182 4881 464 4958 προφήτην
498 4879 662 4931 αὐτὸν
691 4878 928 4946 λέγουσι.
958 4881 1212 4949 Μήποτε
1243 4883 1299 4936 δὲ
1335 4884 1459 4936 ἐπεὶ
1492 4887 1632 4955 μετὰ
1659 4887 1754 4940 τοῦ

182 4958 385 5040 ἄρθρου
410 4971 591 5037 φασὶν,
613 4973 645 5023 ό
661 4971 995 5038 προφήτης,
1018 4971 1242 5027 δύναται
1269 4976 1531 5045 νοηθῆναι
1561 4980 1642 5031 ὅτι
1665 4976 1757 5031 οὒ-

181 5060 266 5120 16;
293 5061 441 5112 ἐστιν
473 5061 499 5111 6
535 5059 977 5131 προσδοκώμενος
1016 5065 1302 5134 προφήτης
1324 5081 1336 5094 ·
1382 5066 1441 5119 ὃν
1471 5065 1592 5120 εἷπε
1627 5070 1758 5124 Μω-

185 5150 296 5217 σῆς,
331 5151 415 5201 ὅτι
457 5169 474 5200 ι
515 5150 805 5220 Προφήτην
845 5152 974 5220 ὑμῖν
1015 5154 1044 5205 6
1084 5154 1218 5216 Θεὸς
1251 5159 1569 5228 ἀναστήσει.
1611 5178 1634 5213 ›
1679 5163 1755 5214 Οὐ

183 5240 285 5310 γὰρ
316 5237 490 5306 εἷπον,
513 5237 677 5305 Οὗτός
702 5243 817 5294 ἐστι
849 5245 1155 5316 προφήτης,
1177 5248 1313 5309 ἀλλ’,
1343 5249 1402 5302 Ὀ
1434 5253 1718 5323 προφήτης
1743 5293 1756 5319 ,

183 5330 479 5397 τουτέστιν,
503 5333 708 5394 ἐκεῖνος
733 5334 760 5384 6
791 5331 1180 5402 ἐλπιζόμενος.σ

257 5439 273 5470 ι
316 5423 423 5474 Καὶ
445 5422 692 5491 εἰσῆλθεν
713 5424 741 5474 6
774 5422 979 5494 Ἰησοῦς
1009 5428 1088 5488 είς
1111 5429 1166 5480 τέ
1192 5429 1335 5498 ἱερὸν
1360 5431 1451 5484 τοῦ
1477 5433 1631 5495 Θεοῦ,
1665 5437 1758 5489 καὶ

185 5510 400 5575 ἐξέὅαλε
427 5513 634 5577 πάντας
661 5514 786 5578 τοὺς
824 5517 1139 5583 πωλοῦντας
1173 5527 1268 5575 καὶ
1299 5525 1668 5598 ἀγοράζοντας
1698 5533 1756 5585 ἐν

184 5602 257 5671 τῷ
288 5604 448 5676 ίερῷ·
496 5606 592 5661 καὶ
622 5608 720 5671 τὰς
761 5611 1040 5679 τραπέζας
1075 5613 1183 5665 τῶν
1217 5617 1583 5675 κολλυϐιστῶν
1619 5642 1750 5677 κατ·

254 5778 481 5836 "Juan.
541 5784 728 5846 XIV,'i.
812 5784 852 5813 ’-‘
909 5784 1057 5838 licut.
1113 5803 1263 5849 XVIII,
1321 5789 1400 5843 18η

1867 4621 2134 4679 Nazarer
2171 4624 2422 4679 Galilacrr.
2476 4644 2493 4676 ι
2532 4629 2724 4682 Turbm
2761 4634 3042 4702 simplices
3086 4645 3141 4690 et
3183 4639 3447 4703 candidae.

1870 4727 2045 4779 neque
2078 4712 2387 4767 invidebant
2429 4713 2664 4798 Christo,
2701 4733 2874 4787 neque
2914 4739 3100 4778 rursus
3133 4728 3446 4794 Opinionem

1867 4801 2081 4871 dignam
2107 4804 2171 4857 de
2206 4804 2422 4859 Christo
2453 4805 2721 4862 habebant
2753 4827 2767 4864 :
2800 4811 2919 4866 ideo
2966 4826 3019 4870 et
3051 4832 3189 4872 nunc
3215 4822 3448 4889 prophe-

1869 4901 1977 4946 tam
2021 4894 2169 4947 illum
2218 4897 2425 4950 dicunt.
2466 4896 2572 4950 Nisi
2617 4899 2788 4966 forte,
2838 4909 3272 4976 quandoquidem
3320 4927 3446 4966 cum

1863 4984 2091 5038 articulo
2123 4986 2328 5049 dicunt,
2353 4986 2380 5037 6
2412 4991 2718 5060 προφήτης,
2754 4997 3010 5064 propheta
3049 4998 3136 5053 ille
3165 5002 3335 5068 possit
3366 5004 3441 5056 iu-

1863 5076 2029 5144 telligi
2063 5079 2204 5145 quod
2240 5079 2339 5133 iste
2371 5081 2440 5133 sit
2471 5082 2561 5149 qui
2614 5087 3036 5153 exspecmbatur
3061 5094 3349 5160 pr0pheta,
3378 5095 3447 5149 dc

1863 5183 1969 5236 quo
2010 5169 2148 5222 dixit
2200 5169 2396 5236 Moses,
2437 5192 2453 5224 t
2494 5173 2818 5244 Prophetam
2870 5181 3021 5234 vobis
3068 5183 3208 5238 Deus
3241 5187 3450 5238 excita-

1863 5261 1942 5314 bit
1970 5259 2034 5313 ³⁸.
2075 5280 2092 5312 ι
2132 5261 2247 5316 Non
2275 5264 2419 5317 cnim
2450 5267 2724 5332 dixerunt,
2759 5267 2857 5323 llic
2885 5280 2967 5325 est
2993 5271 3253 5341 prepheta
3288 5292 3300 5328 :
3331 5277 3446 5338 sed,

1863 5354 2125 5422 propheta
2160 5356 2271 5419 ille,
2312 5358 2413 5413 hoe
2447 5370 2550 5425 est,
2585 5361 2672 5415 ille
2703 5364 2793 5430 qui
2820 5376 3193 5433 exspectatur.

1940 5445 2097 5500 Vens.
2129 5448 2218 5511 1‘2,
2253 5449 2341 5505 l5.
2376 5467 2393 5500 ι
2435 5451 2498 5504 Et
2526 5454 2748 5508 intravit
2771 5452 2928 5511 Jesus
2955 5458 3006 5509 in
3038 5457 3298 5526 templum
3329 5457 3444 5520 Dei.

1857 5546 1912 5592 et
1939 5539 2192 5607 ejiciebat
2227 5558 2418 5599 omnes
2451 5548 2748 5603 vendentes
2782 5557 2834 5604 et
2869 5560 3112 5605 ementes
3144 5552 3193 5604 in
3224 5550 3443 5619 templo,

1860 5645 2182 5701 mensasque
2214 5636 2622 5706 collybistarum
2670 5650 2720 5696 ct
2763 5642 3048 5699 cathedras
3093 5643 3440 5698 vendentium
