4080 6336
668 359 767 434 ιιι

1516 351 2091 426 THEOPHYLACTI
2129 349 2541 431 BULGARlz'E
2581 348 2936 417 ARCHIEF.

3823 332 3922 408 επ

666 482 949 546 columbas
982 491 1195 554 evertit,
1235 499 1288 543 et
1322 486 1455 541 dixit
1483 485 1592 540 illis
1634 501 1648 538 :
1682 482 1956 552 Scriptum
1981 489 2097 547 est,
2127 481 2228 538 Do—

2335 475 2588 549 έστρεψε,
2607 476 2702 529 καὶ
2729 474 2829 539 τὰς
2858 470 3127 544 καθέδρας
3156 467 3265 524 τῶν
3295 467 3626 524 πωλούντων
3652 464 3755 554 τάς
3785 478 3920 533 περι-

667 596 787 635 mus
815 595 932 636 mea
959 580 1149 635 domus
1178 576 1570 646 deprecationis
1604 574 1885 630 vocabitur
1915 592 1930 630 :
1961 583 2018 628 at
2044 574 2138 628 vos
2157 571 2228 628 fe-

2342 571 2558 641 στεράς.
2587 568 2698 622 Καὶ
2730 565 2877 636 λέγει
2900 564 3117 628 αὐτοῖς·
3155 563 3491 634 Γέγραπται·
3539 560 3604 613 '0
3641 553 3794 646 οἶκός
3824 573 3922 646 μιν)

666 672 819 727 ci~tis
847 673 989 726 illam
1020 665 1329 740 speluncam
1358 670 1648 734 latronum.
1695 687 1715 719 ι
1753 662 2036 737 Tanquam
2064 664 2236 721 domi—

666 776 768 818 nus
816 765 1025 827 domus,
1085 763 1186 818 hoc
1237 770 1342 826 est,
1396 760 1615 830 templi,
1644 759 1824 828 eiecit
1878 758 2173 814 vendentes
2218 774 2232 810 :

663 855 954 911 ostendens
991 869 1056 910 ea
1087 869 1207 925 qua:
1235 847 1413 910 Patris
1440 861 1568 908 sunt
1586 892 1602 918 ,
1629 860 1684 907 et
1708 867 1804 908 sua
1833 865 1988 916 esse,
2015 843 2235 905 interim

667 945 830 1000 etiam
863 939 1160 1000 honestatis
1175 943 1357 1013 templi
1385 958 1572 1000 curam
1592 938 1819 1008 habens,
1845 939 1940 998 sed
1963 949 2021 995 et
2050 950 2233 994 trans-

665 1030 923 1087 lationem
979 1032 1371 1088 sacriﬁciorum
1423 1033 1767 1105 signiﬁcans,
1816 1045 1882 1088 eo
1937 1031 2081 1103 quod
2130 1023 2233 1100 eji-

663 1125 853 1180 ciendo
902 1124 1067 1181 boves
1112 1132 1170 1181 et
1211 1124 1517 1189 columbas.
1555 1123 1899 1195 praesignavit
1941 1138 2046 1177 nou
2093 1122 2230 1176 ultra

667 1231 798 1283 opus
823 1229 944 1270 esse
965 1216 1280 1271 animalium
1312 1215 1578 1273 sacriﬁcio
1606 1225 1700 1269 aut
1725 1212 2115 1276 immolatione,
2136 1209 2234 1268 sed

659 1317 747 1363 ora
769 1317 927 1364 uane.
966 1307 1166 1365 Domus
1213 1309 1356 1362 enim
1399 1320 1540 1369 mea,
1574 1294 1781 1375 inquit,
1812 1304 2004 1359 domus
2035 1305 2230 1371 depre-

658 1416 679 1450 ι
706 1400 889 1457 ..ionis
922 1410 1036 1468 est;
1070 1414 1164 1456 vos
1195 1408 1374 1455 autem
1407 1394 1616 1455 fecistis
1650 1392 1792 1452 illam
1817 1396 2129 1467 speluncam
2156 1395 2234 1449 la-

685 1501 891 1547 ruuum.
928 1484 986 1546 In
1011 1490 1288 1561 speluncis
1313 1490 1455 1545 enim
1478 1489 1749 1545 latronum
1774 1486 1910 1542 iiuut
1932 1486 2232 1542 mactatio-

657 1599 790 1651 nes,
846 1595 901 1640 et
945 1583 1228 1656 sanguinis
1281 1578 1592 1640 eﬂusiones.
1648 1579 1745 1637 Vel
1801 1581 1963 1637 etiam
2009 1587 2232 1653 propter

657 1678 1021 1748 negotiatores
1050 1685 1295 1734 ementes
1339 1685 1394 1731 et
1425 1674 1719 1731 vendentes
1741 1712 1758 1740 ,
1796 1672 2107 1742 speluncam
2144 1672 2231 1727 la-

2339 657 2484 724 οῐκος
2522 658 2832 733 προσευχῆς
2868 655 3232 727 κληθήσεται·
3263 654 3424 724 ὑμεῖς
3449 651 3507 706 δὲ
3541 645 3710 705 αὒτδν
3740 645 3923 716 laodi-

2344 771 2474 809 σατε
2513 752 2777 824 σπήλαιον
2802 749 3036 824 λῃστῶν.
3066 767 3085 800 ι
3117 747 3206 811 Ὦς
3237 745 3503 815 δεσπότης
3549 741 3648 798 τοῦ
3681 741 3865 811 οἴκου,
3895 739 3923 792 δ

2338 853 2459 905 εστι
2486 848 2580 903 τοῦ
2615 846 2782 920 ίεροῦ,
2814 835 3037 913 ἱξέϐαλε
3067 845 3198 908 τοὺς
3235 841 3567 903 πωλοῦντας·
3591 838 3816 902 δεικνὺς
3843 837 3924 892 ὅτι

2336 943 2405 996 τά
2428 941 2523 996 τοῦ
2555 935 2789 1012 Πατρδς,
2821 941 2915 994 καὶ
2941 926 3109 993 αὐτοῦ
3141 939 3270 992 εἱσι.
3293 934 3464 990 Τοῦτο
3487 931 3545 986 δὲ
3571 923 3777 998 εποίει,
3805 928 3923 1001 ἁμα

2340 1034 2440 1101 μὲν
2464 1035 2559 1102 καὶ
2589 1034 2690 1104 τῆς
2720 1021 3023 1102 εὐκοσμίας
3054 1029 3153 1085 τοῦ
3181 1027 3329 1102 ἱεροῦ
3358 1015 3685 1100 φροντίζων,
3725 1024 3846 1094 ἅμα
3867 1021 3922 1076 ἂ

2337 1127 2434 1181 καὶ
2465 1126 2563 1198 τὴν
2592 1118 2883 1198 μετάθεσιν
2905 1115 3016 1178 τῶν
3036 1120 3240 1178 θυσιῶν
3272 1120 3574 1190 σημαίνων·
3607 1116 3676 1171 δι’
3708 1108 3788 1170 ὧν
3816 1115 3925 1187 γάρ

2337 1218 2590 1286 ἀξέσαλλε
2609 1219 2735 1281 τοὺς
2763 1217 2895 1290 βόας
2924 1217 3018 1271 καὶ
3043 1215 3144 1279 τάς
3169 1212 3521 1286 περιστερὰς,
3549 1209 3918 1282 προεμήνυεν,

2334 1312 2418 1367 ὅτι
2447 1311 2654 1366 οὐκετι
2681 1310 2840 1384 χρεία
2863 1307 3170 1375 ζωοθυσιῶν
3199 1305 3236 1377 ἢ
3273 1305 3546 1388 σφαγίων,
3580 1301 3724 1358 ἀλλά
3753 1316 3920 1372 προσ-

2337 1404 2526 1477 ευχῆςο
2567 1402 2630 1458 Ὀ
2658 1402 2769 1472 γὰρ
2815 1396 2962 1466 οἶκός
3005 1418 3130 1471 μου,
3159 1399 3347 1469 φησιν,
3376 1392 3525 1462 οῐιιος
3584 1393 3921 1466 προσευχῆς,

2336 1498 2501 1567 ὑμεῖς
2559 1497 2616 1551 δὲ
2645 1497 2944 1566 ἱποιήσατε
2976 1493 3141 1548 αὐτὸν
3172 1491 3440 1562 σπήλαιον
3465 1487 3703 1563 λῃστῶν·
3735 1489 3796 1540 ιν
3815 1486 3923 1556 γάρ

2331 1591 2445 1654 τοῖς
2498 1589 2781 1660 σπηλαίοις
2823 1588 2934 1643 τῶν
2987 1584 3204 1660 λῃστῶν
3248 1584 3490 1655 γίνονται
3539 1582 3756 1652 σφαγαὶ
3827 1580 3921 1636 καὶ

2334 1681 2801 1754 αἱματεκχυσίαι·
2837 1681 2872 1753 ἢ
2904 1681 3002 1736 καὶ
3037 1680 3127 1736 διά
3163 1682 3293 1744 τοὺς
3327 1669 3783 1749 καπηλεύοντας,
3828 1671 3922 1726 καὶ

659 1779 872 1826 tronum
927 1771 1143 1825 vocavit
1197 1761 1479 1838 templum.
1525 1765 1768 1822 Avaritia
1813 1766 1957 1822 enim
2003 1772 2059 1821 et
2094 1764 2228 1821 lucri

2333 1772 2706 1844 ἀγοράζοντας
2734 1771 2830 1828 καὶ
2860 1771 3200 1837 πωλοῦντας,
3240 1769 3506 1840 σπήλαιον
3545 1765 3766 1839 λῃστῶν
3796 1763 3921 1818 ἑκά-

654 1864 951 1931 cupiditas,
988 1863 1256 1917 latronum
1299 1855 1520 1915 morbus
1557 1867 1662 1915 est.
1696 1857 2006 1932 Collybista
2047 1869 2228 1913 autem

656 1959 782 2003 sunt
805 1950 900 2018 qui
928 1951 1066 2018 apud
1097 1964 1197 2004 nos
1221 1949 1478 2003 dicuntur
1503 1949 1777 2004 mensarii.
1801 1944 2054 2018 Collyboa
2084 1947 2230 2002 enim

655 2041 866 2110 species
899 2053 979 2096 est
1014 2043 1137 2098 vilis
1171 2038 1534 2106 numismatis,
1571 2041 1716 2098 sicut
1753 2038 2015 2097 habemus
2048 2049 2101 2096 et
2132 2056 2230 2098 nos

653 2132 840 2188 obolos
862 2132 938 2204 (τι)
970 2143 1060 2188 aut
1106 2148 1357 2188 nummos
1410 2137 1717 2200 argenteos.
1765 2130 2018 2188 Vendunt
2049 2141 2227 2187 autem

654 2225 935 2282 columbas
973 2233 1026 2281 et
1074 2226 1126 2281 hi
1169 2227 1263 2301 qui
1312 2226 1365 2280 in
1410 2224 1666 2281 Ecclesiis
1715 2218 1914 2297 gradus
1968 2225 2224 2279 vendunt.

655 2316 890 2387 Spiritus
922 2319 1064 2374 enim
1103 2319 1332 2388 gratiam
1358 2357 1374 2383 ,
1407 2317 1498 2387 qui
1534 2327 1618 2372 est
1648 2315 1895 2372 columba
1921 2355 1938 2379 ,
1989 2314 2230 2370 vendtiut

651 2410 753 2479 ipsi
787 2429 800 2465 :
833 2413 971 2466 unde
998 2412 1291 2480 ejiciuntur
1316 2425 1387 2466 ex
1411 2423 1651 2479 superno
1677 2418 1732 2464 et
1759 2409 1972 2464 inferno
2002 2408 2225 2478 templo.

649 2500 864 2571 indigni
891 2502 1034 2556 enim
1058 2511 1185 2557 sunt
1211 2500 1516 2557 sacerdotio
1537 2499 1708 2570 fungi.
1730 2499 1865 2556 Vide
1889 2507 2067 2554 autem
2091 2510 2146 2554 et
2171 2509 2225 2554 tu

652 2607 724 2647 ne
773 2593 912 2648 forte
963 2591 1217 2659 templum
1268 2592 1398 2657 Dei,
1433 2592 1813 2662 cogitationem
1865 2600 2012 2644 tuam
2056 2589 2226 2647 facias

651 2683 962 2751 speluncam
974 2683 1270 2748 latronum,
1285 2682 1335 2738 id
1353 2692 1459 2746 est,
1484 2681 1891 2737 daemoniorum.
1911 2678 2031 2736 Fiet
2045 2690 2223 2735 autem

651 2775 931 2844 spelunca,
960 2770 1006 2829 si
1036 2775 1386 2831 habuerimus
1412 2772 1770 2843 cogitationes
1791 2772 2104 2826 carnalibus
2136 2787 2225 2827 re-

648 2869 754 2924 bus
782 2868 1321 2936 amicas,vendentes
1346 2878 1400 2922 et
1429 2877 1694 2931 ementes.
1712 2877 1765 2922 et
1797 2866 1871 2922 ita
1904 2866 2041 2920 lucri
2074 2866 2227 2933 cupi-

651 2959 768 3023 das,
802 2968 860 3014 ut
904 2969 959 3014 et
990 2960 1226 3032 collybos
1259 2969 1312 3015 et
1343 2954 1463 3014 vilia
1494 2958 1821 3016 numismata
1856 2969 2222 3030 congregem;

655 3047 811 3122 ιιι
860 3061 916 3108 et
959 3053 1004 3108 si
1051 3050 1453 3107 vendiderimus
1501 3061 1554 3107 et
1589 3051 1883 3106 emerimus
1913 3051 2224 3114 columbas,

2333 1865 2456 1918 λεσε
2487 1866 2546 1918 τὸ
2575 1864 2722 1933 ἱερόν
2743 1881 2757 1896 ο
2787 1864 2849 1918 τὺ
2887 1863 2997 1933 γὰρ
3044 1860 3358 1933 φιλοκερδὲς
3377 1899 3393 1922 ,
3422 1855 3724 1932 λῃστρικὸν
3753 1853 3926 1918 πάθος

2333 1957 2487 2012 ἐστι·
2538 1955 2892 2009 κολλυϐισταὶ
2924 1953 2982 2009 δέ
3013 1955 3152 2007 εἰσιν
3187 1953 3238 2006 oi.
3278 1951 3410 2022 παρ’
3457 1951 3594 2022 ἡμῖν
3633 1948 3923 2018 λεγόμενοι

2330 2045 2675 2118 τραπεζῖται·
2705 2045 2962 2109 κόλλυὸος
2987 2045 3118 2114 γὰρ,
3146 2037 3290 2107 εἱδὸς
3315 2043 3432 2095 ἔστι
3465 2039 3811 2111 νομίσματος
3836 2037 3925 2090 stu

2329 2135 2541 2201 τελοῦς,
2565 2135 2756 2204 ὥσπερ
2776 2134 2976 2204 ἔχομεν
2999 2133 3163 2204 τυχὸν
3197 2128 3511 2203 ἡμεῖς’τοὺς
3539 2125 3824 2196 ὀῦολοῦςῆ
3855 2124 3922 2176 τὰ

2329 2227 2594 2298 ἀργύρια.
2637 2226 2886 2280 Πωλοῦσι
2909 2226 2968 2280 δὲ
3001 2222 3334 2297 περιστερὰς
3366 2221 3463 2276 καὶ
3488 2220 3536 2276 oi
3565 2212 3697 2282 τοὺς
3723 2220 3784 2270 ὲν
3805 2219 3924 2279 ταῖς

2342 2319 2688 2392 Ἐκκλησίαις
2711 2319 2955 2390 βαθμοὺς
2979 2318 3306 2381 πωλοῦντες.
3331 2317 3446 2389 Τὴν
3473 2315 3586 2386 γάρ
3618 2312 3720 2368 τοῦ
3748 2308 3922 2366 Πνεό-

2334 2431 2503 2485 ματος
2539 2414 2738 2486 χάριν,
2792 2412 2822 2466 δ
2869 2415 2984 2466 ἔστι
3039 2410 3378 2481 περιστερὰ,
3419 2406 3697 2462 πωλοῦσιν
3743 2399 3920 2460 αὐτοί.

2332 2507 2496 2562 Ὅθεν
2527 2501 2881 2563 ἐκϐάλλονται
2913 2506 2978 2560 lx
3008 2501 3105 2558 τοῦ
3141 2503 3254 2556 ἀνω
3291 2497 3445 2566 ναοῦ,
3478 2495 3701 2552 καὶτοῦ
3735 2494 3918 2550 κάτω·

2329 2598 2538 2664 ἀνάξιοι
2563 2599 2674 2668 γάρ
2696 2600 2836 2652 εἱσιν
2856 2595 3178 2669 ἱερατεύειν.
3208 2592 3382 2647 Βλέπε
3407 2591 3463 2645 δὲ
3489 2590 3586 2644 καὶ
3613 2589 3692 2643 σὺ.
3708 2587 3922 2659 μήποτε

2335 2693 2399 2746 τὸ
2431 2692 2574 2764 ἱερὸν
2594 2691 2688 2745 τοῦ
2711 2691 2871 2755 Θεοῦ,
2903 2690 3174 2751 τουτέστι,
3193 2687 3295 2758 τὴν
3323 2686 3423 2758 σὴν
3448 2684 3696 2739 διάνοιαν
3714 2721 3732 2746 ,
3760 2679 3919 2749 ποιή-

2330 2800 2431 2857 σῃς
2460 2784 2725 2853 σπήλαιον
2747 2782 3283 2856 λῃστῶν,τουτίστι,
3300 2779 3408 2833 τῶν
3442 2775 3740 2847 δαιμόνων.
3757 2773 3924 2842 Γενή-

2329 2895 2482 2934 σεται
2503 2878 2559 2932 δὲ
2589 2877 2876 2948 σπήλαιον,
2907 2877 3002 2930 ὲάν
3028 2876 3242 2945 ἔχωμεν
3274 2872 3568 2943 λογισμοὺς
3604 2868 3924 2940 φιλοΰλους,

2329 2969 2642 3032 πωλοῦντας
2702 2968 2798 3022 καὶ
2864 2967 3235 3038 ἀγοράζοντας
3278 2965 3374 3018 καὶ
3433 2962 3883 3035 φιλοχρημάτους
3901 2999 3922 3021 ,.

2327 3063 2454 3132 ἄχρι
2483 3059 2578 3112 καὶ
2608 3058 2788 3114 αὐτῶν
2815 3057 2924 3113 τῶν
2953 3057 3230 3111 κολλύσων
3259 3056 3380 3127 ἦτοι
3417 3053 3529 3108 τῶν
3553 3049 3796 3106 εὐτελῶν
3831 3067 3919 3104 νο·

651 3143 755 3197 hoc
778 3149 860 3196 est
880 3179 897 3206 ,
919 3142 963 3196 si
994 3143 1136 3212 quod
1162 3143 1214 3196 in
1247 3141 1399 3198 nobis
1427 3140 1588 3197 fuerit
1619 3142 1902 3212 spiritualc
1926 3141 2141 3211 dogma,
2172 3151 2226 3196 et

2335 3143 2622 3223 μισμάτων
2671 3151 3002 3220 συνάγοντας
3037 3167 3050 3180 ·
3089 3150 3184 3203 καὶ
3237 3150 3334 3202 ἐὰν
3383 3145 3657 3235 πωλῶμεν
3708 3145 3767 3199 δὲ
3824 3143 3924 3197 καὶ

652 3233 960 3302 hujusmodi
1001 3235 1224 3288 honesta
1265 3234 1522 3304 cogitatio
1548 3280 1561 3300 ,
1594 3235 1905 3302 speluncam
1956 3234 2222 3288 latronum

2333 3243 2688 3314 ὲκπριώμεθα
2707 3243 2804 3305 τὰς
2830 3243 3178 3322 περιστερὰς,
3201 3230 3501 3302 τουτέστιν,
3531 3239 3661 3291 εἴτι
3689 3239 3750 3290 ἑν
3781 3237 3915 3305 ἡμῖν

649 3324 878 3380 fecimus
906 3339 1004 3381 nos
1032 3325 1199 3394 ipsos.-

722 3508 869 3563 Veas
923 3509 1007 3562 14.
1046 3527 1064 3561 ι
1099 3487 1162 3564 Et
1186 3518 1525 3564 accesserunt
1551 3508 1617 3563 ad
1645 3523 1766 3565 eum
1807 3501 1937 3564 caeci
1965 3517 2019 3563 et
2048 3507 2226 3564 claudi

649 3602 707 3658 in
742 3603 940 3672 templo
975 3620 989 3656 :
1020 3612 1073 3656 et
1093 3603 1306 3658 sanavit
1336 3616 1451 3660 eos.
1498 3620 1517 3653 ι
1555 3601 1659 3657 Per
1683 3603 1929 3658 inlirtuos
1959 3615 2098 3672 quos
2124 3616 2225 3656 suo

649 3695 814 3763 ravit,
859 3695 1100 3752 ostendit
1149 3710 1208 3750 se
1241 3695 1408 3751 Deum
1443 3708 1563 3750 esse
1583 3735 1597 3760 ,
1626 3703 1680 3750 et
1713 3696 1852 3749 bene
1882 3693 2091 3756 facere.
2123 3694 2228 3763 eji-

651 3786 806 3841 ciens
834 3801 958 3842 cum
989 3787 1311 3840 auctoritate
1343 3802 1374 3839 e
1403 3787 1563 3839 domo
1595 3799 1690 3838 sua
1725 3784 1996 3853 indignos.
2037 3785 2226 3839 Decla-

651 3886 810 3932 ratur
840 3877 1006 3934 eiiant
1052 3878 1187 3941 hoc,
1224 3877 1364 3944 quod
1411 3875 1600 3945 ejectis
1636 3874 1862 3939 ludatis,
1899 3876 1988 3944 qui
2033 3876 2134 3945 legi
2173 3885 2227 3929 et

653 3969 968 4024 animalium
1005 3969 1315 4023 mactationi
1355 3968 1551 4022 addicti
1581 3977 1776 4033 erant,
1803 3967 1932 4022 casei
1961 3978 2014 4021 et
2048 3967 2224 4023 claudi

652 4077 718 4117 ex
752 4061 999 4132 gentibus
1028 4060 1290 4127 assumpti
1321 4057 1524 4120 fuerint
1554 4060 1725 4112 sanati
1762 4059 1829 4113 ah
1860 4073 1945 4112 eo.

725 4243 890 4299 Vens.
926 4241 1015 4305 15,
1053 4241 1137 4296 l6.
1187 4256 1206 4292 ‹
1255 4241 1388 4296 Cum
1434 4250 1616 4295 autem
1662 4239 1918 4295 vidissent
1957 4241 2228 4312 principes

655 4335 1002 4409 sacerdotum
1060 4343 1113 4387 et
1154 4331 1356 4386 Scribm
1404 4332 1670 4385 mirabilia
1716 4347 1834 4402 qua!
1884 4331 2122 4396 fecerat,
2173 4343 2227 4385 et

656 4441 850 4495 pueros
880 4426 1177 4479 clamantes
1208 4425 1263 4479 in
1307 4423 1506 4494 templo
1557 4434 1610 4478 et
1641 4425 1884 4479 dicentes
1918 4443 1930 4478 :
1971 4423 2225 4493 llosapna

2331 3337 2415 3407 εἴη
2453 3335 2823 3405 πνευματικὸν
2851 3335 3029 3404 δόγμα
3060 3336 3153 3386 καὶ
3180 3329 3441 3403 λογισμὸς
3469 3326 3742 3393 τοιοῦτος,
3779 3331 3924 3395 στι-ἡκ

2329 3431 2480 3485 λαιον
2507 3428 2720 3500 λῃστῶν
2757 3428 3105 3497 ἐποιήσαμεν
3142 3427 3387 3488 ὲαυτους.

2406 3541 2424 3572 ε
2474 3521 2585 3575 Καὶ
2613 3518 2924 3590 προσῆλθον
2962 3517 3113 3588 αὐτῷ
3152 3515 3318 3586 χωλοὶ⁸
3352 3513 3446 3569 καὶ
3493 3511 3690 3584 τυφλοὶ
3739 3512 3799 3565 ὲν
3839 3509 3918 3578 τῷ

2332 3612 2482 3682 ἱερῷ,
2531 3612 2628 3665 καὶ
2654 3609 3023 3681 ἐθεράπευσεν
3057 3605 3274 3667 αὐτούς.
3321 3622 3340 3657 ι
3387 3605 3476 3672 Ἐξ
3510 3598 3586 3658 ὧν
3619 3599 3922 3672 θεραπεύει

2328 3707 2455 3769 τοὺς
2478 3705 2723 3767 ἀσθενεῖς
2741 3703 3016 3756 δείκνυσιν
3034 3702 3114 3753 ὅτι
3133 3701 3265 3762 Θεός
3288 3700 3404 3752 ἐστι
3429 3699 3526 3753 καὶ
3544 3696 3728 3758 καλῶς
3745 3697 3919 3756 ποιεῖ,

2331 3797 2608 3852 ἐκδάλλων
2639 3795 2756 3865 μετ’
2783 3793 3030 3857 ἐξουσίας
3059 3793 3121 3844 ἐκ
3145 3792 3237 3844 τοῦ
3276 3790 3426 3843 οίκου
3457 3787 3625 3841 αὐτοῦ
3660 3787 3787 3850 τοὺς
3823 3785 3917 3840 ἀν-

2328 3889 2533 3954 αξίους·
2556 3885 2812 3955 δηλοῦται
2841 3884 2897 3937 δὲ
2929 3883 3023 3937 καὶ
3047 3881 3226 3944 τοῦτο,
3243 3883 3323 3934 ὅτι
3357 3879 3478 3949 μεθ’
3497 3878 3527 3933 ὃ
3543 3877 3916 3949 ἐξεϐλήθησαν

2328 3982 2378 4033 οἱ
2417 3981 2679 4040 Ἰουδαῖοι,
2712 3979 2762 4028 οἱ
2791 3976 2869 4045 τῷ
2895 3975 3046 4045 νόμῳ
3065 3975 3156 4027 καὶ
3183 3975 3305 4035 ταῖς
3335 3972 3712 4039 ζωοσφαγίαις
3743 3986 3911 4039 προσ-

2331 4069 2565 4138 έχοντες,
2619 4068 2666 4120 οἱ
2705 4065 2897 4135 τυφλοὶ
2943 4064 3038 4118 καὶ
3070 4062 3231 4133 χωλοὶ
3263 4063 3313 4115 oi
3348 4059 3409 4126 ἐξ
3441 4060 3612 4113 ἐθνῶν
3643 4058 3912 4130 προσελή-

2331 4161 2564 4229 φθησαν,
2597 4157 3025 4228 θεραπευθέντες
3063 4155 3156 4208 ὑπ’
3189 4151 3377 4207 αὐτοῦ.
3935 4163 3938 4165 ‘

2409 4272 2427 4304 ι
2470 4247 2693 4314 Ἰδόντες
2723 4249 2777 4303 δὲ
2819 4251 2868 4302 οἱ
2913 4249 3190 4317 ἀρχιερεῖς
3231 4245 3326 4297 καὶ
3366 4245 3416 4296 οἱ
3445 4244 3805 4313 Γραμματεῐς
3844 4241 3912 4296 τά

2331 4344 2610 4414 θαυμάσια
2640 4342 2675 4396 ἃ
2707 4341 2952 4412 ἐποίησε,
2995 4337 3244 4401 καὶτοὺς
3279 4337 3474 4399 παῖδας
3510 4334 3818 4406 κράζοντας
3855 4335 3913 4386 ἰν

2328 4435 2407 4506 τῷ
2431 4434 2582 4507 ἱερῷ,
2605 4435 2697 4487 καὶ
2719 4433 2978 4503 λέγοντας
2999 4450 3014 4464 ·
3046 4429 3278 4485 Ὠσαννά
3291 4428 3371 4500 τῷ
3412 4429 3515 4496 υἱῷ
3533 4426 3721 4490 Δαυῖδ,
3745 4429 3914 4497 ἡγανκ

654 4515 793 4574 Filio
820 4518 1012 4583 David,
1041 4517 1303 4586 indignati
1347 4527 1492 4580 sunt,
1527 4527 1580 4571 et
1619 4517 1870 4572 dixerunt
1901 4519 1949 4570 ei
2004 4536 2017 4571 :
2057 4518 2226 4573 Audis

2334 4527 2705 4596 άκτησαν,κ]ιὶ
2723 4521 2875 4578 εἷπον
2898 4523 3066 4596 αὐτῷ·
3105 4521 3351 4584 ’Δκούεις
3373 4521 3426 4574 τί
3454 4514 3603 4575 οὗτοι
3623 4519 3910 4587 λέγουσιν;

656 4612 785 4680 quid
829 4611 918 4664 isti
967 4609 1192 4663 dicunt?
1227 4605 1381 4663 Iesus
1423 4618 1602 4661 autem
1633 4607 1766 4662 dicit
1808 4608 1960 4661 illis:
2006 4605 2222 4676 Utique.

656 4705 946 4773 Nunquam
990 4703 1194 4772 legistis
1219 4715 1233 4750 :
1261 4699 1340 4754 Ex
1376 4716 1469 4754 ore
1500 4700 1873 4755 infantium'et
1913 4701 2223 4754 iacientium

658 4796 927 4865 perfecisti
956 4795 1206 4848 laudem?
1255 4815 1270 4844 ι
1315 4793 1573 4848 Pharisaei
1605 4807 1727 4847 cum
1761 4792 2001 4846 viderent
2035 4807 2229 4860 pueros

655 4889 909 4959 hymnum
948 4887 1116 4940 David
1145 4886 1340 4940 oiierre
1383 4885 1626 4950 Christo,
1659 4899 1820 4954 quem
1853 4883 2064 4939 videtur
2099 4883 2228 4936 Pro-

660 4982 817 5049 pheta
852 4979 959 5031 Deo
987 4978 1281 5043 obtulisse,
1316 4979 1656 5034 dissecantur
1683 4979 1887 5032 invidia
1911 5018 1926 5040 ,
1970 4986 2023 5030 et
2064 4978 2230 5032 inter-

657 5072 861 5142 pellant
890 5070 1060 5134 illum,
1086 5071 1225 5138 quod
1255 5071 1527 5138 permittat
1550 5072 1615 5125 de
1641 5086 1699 5125 se
1727 5072 1828 5125 dici
1857 5085 1977 5138 qum
1998 5071 2098 5126 soli
2122 5070 2230 5125 Deo

658 5164 943 5217 debentur.
975 5161 1071 5216 ille
1091 5171 1271 5215 autem
1298 5162 1468 5230 magis
1497 5164 1800 5232 approbans
1823 5165 1953 5218 dicit
1981 5182 1992 5216 :
2028 5163 2226 5217 Etiam.

658 5257 886 5307 Tantum
912 5255 1060 5308 abest
1084 5266 1139 5309 ut
1169 5256 1414 5309 obturem
1447 5272 1538 5308 ora
1555 5258 1696 5314 Julia
1733 5258 2065 5321 dicentium,
2094 5267 2151 5311 ut
2177 5268 2230 5311 et

660 5345 942 5412 Prophetas
989 5347 1352 5400 testimonium
1400 5345 1696 5411 adducam,
1729 5361 1781 5404 et
1830 5366 1918 5404 vos
1948 5353 2228 5405 ostendam

659 5435 739 5487 vel
763 5435 1058 5502 imperitus,
1087 5440 1163 5489 vel
1190 5438 1420 5491 invidos.
1447 5438 1641 5492 Annon
1685 5440 1823 5492 cnim
1853 5441 2056 5511 lvgiStis
2082 5446 2224 5511 quod
2247 5447 2259 5455 ’

665 5527 748 5580 Ex
782 5544 876 5583 ore
915 5530 1191 5583 iulanlinzn
1235 5541 1287 5584 ct
1313 5532 1624 5586 lar-tentittm
1671 5535 1941 5600 perlecisti
1978 5535 2230 5589 Iaudem?

661 5615 942 5685 Pcrfccisti
972 5621 1469 5689 autemsigniﬁcat;
1501 5621 1804 5678 Perfectum
1847 5632 1899 5678 ct
1932 5626 2228 5682 absolutam

735 5802 811 5870 θ’.)
1054 5817 1097 5852 'l‘
1162 5817 1205 5856 θ’(
1251 5811 1292 5848 ί,’
1320 5849 1324 5854 ,
1355 5806 1376 5846 ⁴’.

2344 4620 2403 4672 ’0
2431 4619 2488 4671 δὲ
2525 4616 2730 4686 Ἰησοῦς
2756 4616 2903 4685 λέγει
2932 4617 3136 4678 αὐτοῖς·
3166 4614 3294 4668 Ναί.
3319 4612 3590 4666 Οὐδέποτε
3617 4612 3910 4679 ἀνέγνωτε,

2333 4713 2413 4764 ὅτι
2459 4712 2554 4763 Ἐκ
2583 4710 2852 4780 στόματος
2882 4709 3090 4778 νηπίων
3112 4709 3204 4760 καὶ
3235 4705 3577 4774 θηλαζόντων
3595 4704 3912 4773 κατηρτίσω

2333 4799 2512 4867 αἷνον;
2554 4821 2571 4853 ›
2617 4802 2680 4854 Οἱ
2715 4802 2997 4871 Φαρισαῖοι
3033 4801 3231 4864 ἱδόντες
3275 4801 3401 4859 τοὺς
3434 4797 3630 4859 παῖδας
3676 4795 3914 4864 προσφέ-

2337 4911 2530 4967 ροντας
2553 4893 2631 4964 τῷ
2664 4893 2885 4963 Χριστῷ
2921 4892 3010 4945 τὸν
3056 4892 3224 4961 ὕμνον
3253 4889 3348 4944 τοῦ
3379 4888 3543 4943 Δαυῒδ
3563 4930 3577 4953 ,
3605 4887 3667 4940 ὃν
3694 4886 3856 4967 ᾃδοκεῖ
3888 4885 3913 4936 ὀ

2335 4965 2623 5054 προφήτης
2695 4983 2728 5052 ἶ)
2759 4982 2877 5052 Θεῷ
2909 4984 3210 5047 ἀναθεῖναι,
3235 4980 3583 5051 διαπρίονται
3611 4965 3910 5047 τῷφθὸνῳ,

2334 5077 2429 5130 καὶ
2457 5075 2681 5138 κακίζοι.
2696 5093 2773 5126 τιν
2805 5075 2964 5127 αὐτὸν
2988 5073 3062 5138 ὡς
3084 5074 3408 5142 ἀνεχόμενον
3435 5072 3504 5124 τὰ
3530 5072 3624 5123 τοῦ
3656 5067 3793 5122 Θεοῦ
3828 5067 3912 5120 ἐπ’

2333 5169 2480 5237 αὐτῷ
2505 5169 2779 5236 λέγεσθαι·
2818 5170 2844 5219 ὁ
2871 5168 2947 5231 δὲ,
2977 5168 3304 5219 ἐπιϐεϐαιῶν
3335 5165 3555 5234 μᾶὶλον,
3593 5163 3751 5234 φησι·
3785 5163 3908 5214 Ναί.

2335 5259 2600 5312 Τοσοῦτον
2619 5260 2750 5329 γὰρ,
2771 5261 2955 5330 φησὶν,
2983 5260 3169 5329 ἀπέχω
3187 5259 3279 5311 τοῦ
3295 5256 3645 5324 ἐπιστομίσαι
3673 5255 3800 5316 τοὺς
3832 5253 3910 5303 λέ-

2336 5351 2528 5418 γοντάς
2573 5370 2660 5421 μοι
2700 5352 2906 5416 ταὲτα,
2933 5351 3071 5404 ὥστε
3104 5352 3196 5404 καὶ
3231 5355 3319 5404 τὸν
3353 5352 3646 5420 προφήτην
3679 5346 3910 5415 παράγω

2331 5446 2603 5515 μάρτυρα,
2639 5448 2731 5498 καί
2766 5448 2907 5512 ὑμᾶς
2941 5447 3298 5514 ἀποδείκνυμι
3331 5445 3361 5513 ἦ
3394 5443 3686 5514 άμαθεῐςῆ
3725 5442 3906 5508 φθονε-

2331 5537 2476 5607 ρούς.
2517 5539 2628 5590 (ibi:
2673 5537 2943 5604 ἀνέγνωτε
2975 5541 3109 5604 γὰρ,
3150 5541 3230 5590 ὅτι
3270 5539 3362 5589 Ἕκ
3400 5540 3670 5605 στόματος
3707 5534 3910 5603 νηπίων

2332 5631 2424 5683 καὶ
2479 5631 2822 5696 Οηλαζὸντυι)
2873 5632 3186 5699 κατηρτίσω
3238 5625 3415 5686 ’χῖ-,ιονῖ
3479 5626 3909 5696 1ιίιτηί-τὶσιυξξξ
