4080 6336
667 313 770 379 375

1494 318 2066 383 THEOPHYLACTI
2102 319 2506 382 BULGARLE
2546 325 2894 386 ARCHIEP.

3793 312 3901 376 376

671 431 933 497 taveritis,
961 449 1066 490 non
1097 433 1264 512 solum
1292 433 1394 489 hoc
1418 434 1560 502 quod
1583 427 1778 488 accidit
1808 434 1952 500 acui,
1978 433 2222 499 facietis};

2344 437 2388 489 τὸ
2430 438 2528 506 τῆς
2572 436 2744 502 συκῆς
2791 437 3062 504 ποιήσετε,
3109 431 3246 485 ἀλλὰ
3295 429 3398 484 κᾶν
3434 428 3510 499 τῷ
3559 428 3676 498 ϐρει
3729 426 3906 496 τούτῳ

672 515 866 576 verum
885 526 1042 579 etiam
1061 527 1105 600 s_i
1135 526 1301 578 monti
1322 524 1445 580 huic
1469 525 1731 588 dixeritis,
1767 524 1997 588 Tollere,
2020 535 2073 578 et
2098 539 2225 593 pro-

670 615 776 682 jice
806 625 857 671 te
888 617 939 670 in
973 605 1139 680 mare,
1167 616 1274 670 ﬁet.
1310 616 1376 670 Et
1399 618 1576 671 omnia
1605 631 1940 686 quaecunque
1967 615 2230 686 petieritis

672 707 724 761 in
800 708 1174 776 deprecatione
1237 709 1536 772 credentes,
1601 709 1897 778 accipietis.
1958 728 1976 776 ι
2042 708 2227 777 Magna

671 797 865 853 Christi
892 812 1052 864 quam
1089 796 1363 867 discipulis
1389 800 1497 862 dat,
1543 799 1851 865 promissio,
1889 799 2028 868 quod
2061 796 2232 864 possi-

671 901 790 942 mus
835 898 1043 942 montes
1083 888 1400 954 transferre,
1456 891 1499 942 si
1555 905 1659 944 non
1695 889 1931 956 ambigui
1976 887 2230 941 fuerimus

672 979 795 1044 fide,
835 989 888 1033 et
921 979 1371 1033 hmsitaverimus.
1418 979 1761 1048 Quaecunque
1791 979 1932 1033 enim
1983 977 2232 1046 petiveri-

672 1087 792 1126 mus
829 1071 963 1125 citra
997 1073 1386 1127 haesitationem
1418 1075 1644 1127 fidentes
1673 1074 1864 1127 divina:
1896 1073 2101 1134 virtuti,
2141 1087 2228 1124 ac-

672 1163 952 1230 cipiemus.
986 1164 1184 1227 Etiam,
1217 1165 1408 1232 inquit,
1441 1164 1485 1218 si
1514 1166 1858 1234 petiverimns
1879 1176 1934 1218 et
1963 1165 2099 1231 quod
2128 1179 2230 1217 non

673 1252 1045 1317 conducibile,
1090 1254 1304 1319 credam
1357 1262 1536 1307 autem
1584 1253 1903 1340 insipiepter
1954 1254 2095 1318 quod
2133 1253 2232 1304 hoc

677 1345 806 1398 mihi
851 1347 939 1398 det
970 1346 1246 1410 Dominus,
1285 1346 1618 1420 accipiamne
1654 1345 1816 1412 igitur
1843 1353 1895 1397 et
1931 1343 2059 1396 illud
2089 1343 2230 1410 quod

675 1434 801 1488 mihi
828 1451 932 1489 non
967 1434 1220 1503 expedit?
1246 1433 1386 1488 Dens
1415 1434 1578 1504 igitur
1598 1433 1866 1504 quomodo
1896 1433 2228 1498 misericors,

672 1521 717 1575 si
747 1523 959 1589 quidem
991 1540 1161 1578 meam
1191 1526 1521 1592 petitionem,
1555 1537 1674 1594 qua:
1700 1524 1826 1577 mihi
1857 1539 1961 1578 non
1991 1527 2230 1594 prodest,

677 1613 966 1682 adimplet?
1005 1616 1140 1670 Audi
1171 1631 1318 1685 ergo.
1354 1616 1591 1669 Primum
1621 1631 1740 1670 cum
1770 1616 2002 1670 audieris
2040 1615 2194 1669 ﬁdem
2215 1656 2230 1680 ,

674 1721 780 1759 non
812 1706 1028 1760 stultam
1064 1707 1206 1760 illam
1241 1707 1398 1762 [idem
1421 1749 1436 1774 ,
1473 1708 1566 1762 sed
1597 1722 1715 1762 eam
1742 1722 1858 1777 quae
1884 1722 2069 1762 revera
2104 1707 2232 1761 fides

675 1806 780 1864 est,
808 1800 1007 1865 accipe,
1033 1809 1087 1854 et
1108 1800 1535 1870 deprecationem
1578 1800 1721 1854 illam
1754 1816 1871 1870 quae
1901 1799 2050 1853 utilia
2083 1801 2232 1868 petit,
2263 1769 2310 1828 Β

677 1891 813 1944 sicut
841 1892 1054 1944 tradidit
1092 1891 1350 1946 Dominus
1378 1893 1600 1947 dicens:
1640 1911 1658 1943 ι
1689 1891 1765 1945 Ne
1802 1891 2022 1945 inducas
2052 1906 2152 1944 nos
2183 1892 2234 1944 in

679 1983 1060 2047 tcntationem,
1090 1983 1180 2036 sed
1213 1983 1382 2046 libera~
1423 1999 1523 2037 nos
1549 1998 1577 2035 a
1612 1983 1749 2036 malo
1772 1982 1817 2014 ⁸ο
1847 2002 1858 2037 :
1895 2002 1913 2034 ι
1951 1993 2005 2037 et
2030 1997 2149 2050 qua:
2184 1983 2234 2036 in

677 2088 739 2128 ea
759 2073 1000 2127 oratione
1019 2082 1145 2127 sunt
1179 2074 1364 2128 verba.
1395 2073 1615 2142 Insuper
1648 2075 1769 2128 vide
1795 2083 1850 2127 et
1878 2073 2100 2128 verbum
2130 2073 2237 2126 ha:-

678 2163 992 2218 sitaveritis.
1021 2165 1151 2216 Nam
1185 2163 1275 2232 qni
1310 2164 1494 2218 unitus
1529 2161 1687 2217 fuerit
1720 2163 1826 2218 Deo
1852 2204 1866 2228 ,
1903 2172 1956 2217 cl
1986 2179 2123 2216 unus
2157 2171 2238 2216 est

679 2269 800 2307 cum
846 2253 955 2316 illo,
983 2264 1036 2309 et
1075 2271 1177 2308 non
1219 2255 1485 2310 discretus
1517 2264 1569 2308 et
1611 2264 1926 2322 separatus,
1971 2253 2238 2323 quomodo

681 2353 824 2414 petet
846 2347 986 2413 quod
1018 2346 1207 2399 inutile
1236 2346 1354 2400 est?
1381 2344 1533 2400 Unde
1559 2346 1603 2401 si
1639 2345 1851 2400 indivisi
1878 2353 1931 2399 et
1962 2345 2238 2399 indiscreti

680 2435 940 2490 fuerimus
965 2450 995 2490 a
1027 2437 1156 2498 Deo,
1185 2435 1536 2490 conducibilia
1565 2447 1808 2505 petemus
1839 2452 1866 2489 a
1903 2434 2033 2501 Deo,
2071 2444 2124 2488 et
2153 2449 2241 2488 ac-

680 2528 963 2596 cipiemus.

753 2618 914 2671 Vens.
949 2617 1136 2672 23.27.
1172 2636 1190 2669 ι
1237 2618 1301 2671 Ει
1331 2633 1452 2673 cum
1491 2621 1726 2673 venisset
1755 2618 1809 2671 in
1843 2617 2119 2688 templum,
2151 2633 2242 2669 ac-

682 2718 956 2764 cesserunt
979 2711 1043 2762 ad
1069 2723 1190 2762 eum
1227 2710 1506 2763 docentem
1534 2709 1803 2779 principes
1829 2710 2164 2764 sacerdotum
2190 2720 2241 2762 et

683 2799 926 2852 seniores
962 2799 1174 2867 populi,
1208 2801 1448 2854 dicentes
1477 2818 1489 2852 :
1523 2801 1636 2867 Qua
1670 2802 1990 2854 auctoritate
2024 2801 2133 2866 haec
2165 2800 2241 2852 fa-

683 2889 798 2943 cis?
820 2899 872 2944 et
901 2892 1018 2958 quis
1052 2890 1141 2943 tibi
1173 2892 1318 2944 dedit
1349 2893 1507 2944 istam
1556 2891 1972 2944 auctoritatem?
2001 2892 2215 2956 Rcspon

686 2983 815 3036 dens
844 2991 1017 3035 autem
1039 2981 1219 3046 Iesus,
1251 2983 1386 3036 dixit
1415 2983 1493 3036 eis
1519 3001 1530 3036 :
1565 2973 1915 3052 Interrogabo
1946 2999 2040 3036 vos
2069 2995 2119 3036 et
2146 2997 2244 3051 ego

2328 528 2540 598 εἴπητε,
2571 528 2805 604 ’Ἄρθητι
2823 529 2914 580 καὶ
2930 526 3156 596 βλήθητι
3176 524 3256 585 είς
3283 521 3380 592 τὴν
3415 521 3720 582 Θάλασσαν,
3746 523 3907 585 γεντο

2331 637 2499 685 σεται,
2540 622 2643 674 καὶ
2665 621 2838 672 πάντα
2869 621 2965 672 ὅσα
3009 618 3074 672 ἂν
3107 617 3366 685 αἰτήσητε
3398 617 3455 667 ὲν
3491 615 3558 682 τῇ
3604 614 3902 683 προσευχῇ,

2329 714 2695 775 πιστεύοντες,
2727 713 2982 782 λήψεσθε.
3023 731 3042 763 ι
3066 709 3292 778 Μεγάλη
3328 709 3359 778 ἡ
3384 705 3478 762 τοῦ
3503 705 3746 774 Χριστοῦ
3770 705 3901 771 πρὸς

2336 808 2453 869 τοὺς
2482 805 2726 876 μαθητὰς
2773 805 3095 872 ἐπαγγελία,
3126 803 3187 856 τὸ
3215 803 3282 856 τὰ
3307 803 3406 871 ὅρη
3449 799 3715 870 μεθιστᾷν
3744 798 3903 850 δύνα-

2333 898 2489 958 σθαι,
2537 898 2630 951 ἐὰν
2664 896 2736 968 μὴ
2773 894 3162 966 διακριθῶμεν,
3196 893 3478 953 τουτέστι,
3519 890 3866 957 διστάσωμεν
3889 904 3901 916 ·

2329 991 2428 1043 ὅσα
2477 992 2584 1060 γὰρ
2635 989 2893 1058 αἰτοῦμεν
2930 989 3264 1050 ἀδιστάκτως
3309 985 3660 1046 πιστεύοντες
3700 985 3762 1053 τῇ
3810 981 3904 1035 τοῦ

2331 1079 2462 1132 Θεοῦ
2497 1078 2752 1147 δυνάμει,
2785 1077 3087 1146 ληψόμεθα.
3121 1073 3250 1139 Ναὶ,
3282 1075 3413 1143 φησι
3435 1115 3449 1136 ,
3484 1072 3579 1126 καὶ
3623 1072 3722 1124 ἐὰν
3752 1071 3907 1139 αἰτή-

2333 1171 2512 1240 σωμαί
2542 1188 2592 1222 τι
2627 1169 2965 1239 ἀσύμφορον,
3000 1166 3240 1220 πιστεύω
3268 1166 3323 1218 δὲ
3359 1167 3601 1231 ἀνοήτως
3633 1163 3716 1216 ὅτι
3742 1162 3904 1214 eam

2335 1279 2422 1330 μοι
2445 1260 2602 1313 τοῦτο
2629 1260 2657 1311 6
2690 1259 2820 1321 Θεὸς
2839 1300 2852 1322 ,
2883 1255 2992 1329 ἄρα
3021 1258 3264 1327 λήψομαι
3299 1258 3389 1309 καί
3427 1257 3600 1307 έκεῖνο
3628 1253 3694 1306 τὸ
3724 1251 3904 1319 ἀσύμ-

2331 1370 2525 1423 φορον;
2557 1353 2665 1406 Καὶ
2695 1352 2811 1416 πῶς
2839 1350 3215 1420 φιλάνθρωπος
3243 1347 3270 1400 6
3300 1349 3450 1409 Θεὸς,
3486 1346 3600 1412 είγε
3634 1346 3696 1396 τὸ
3725 1343 3903 1412 ἀσύμ-

2333 1445 2496 1516 φορόν
2521 1463 2620 1516 μου
2649 1445 2858 1515 αἴτημα
2892 1443 3128 1512 πληροῖς
3171 1442 3368 1494 Ἄκουε
3401 1438 3512 1491 οὖν.
3546 1437 3775 1506 Πρῶτον
3807 1436 3904 1503 μὲν

2331 1538 2435 1601 ὅτι,
2470 1537 2596 1590 ὅταν
2628 1535 2865 1605 ἀκούσῃς
2897 1533 3098 1598 πίστιν,
3128 1532 3249 1601 οὐχὶ
3269 1531 3365 1598 τὴν
3381 1530 3627 1599 ἀνόητον,
3652 1527 3790 1580 ἀλλὰ
3811 1526 3910 1592 τὴν

2332 1625 2516 1687 ὅντως,
2543 1627 2680 1678 νοεῖν
2701 1625 2954 1692 ὀφείλεις·
2987 1625 3081 1676 καὶ
3109 1620 3414 1689 προσευχὴν
3444 1619 3684 1688 ἐκείνην,
3718 1617 3817 1686 τὴν
3838 1617 3905 1668 τὰ

2339 1717 2680 1788 συμφέροντα
2709 1716 3053 1786 αἰτουμένην,
3084 1714 3158 1777 ὡς
3186 1715 3213 1766 6
3243 1712 3446 1781 Κύριος
3473 1709 3787 1779 παρέδωκε,
3818 1706 3903 1758 λέο

2337 1827 2468 1877 γωνο
2501 1827 2519 1859 ι
2547 1807 2636 1877 Μὴ
2667 1805 2983 1880 εἰσενέγκῃς
3012 1807 3158 1876 ἡμᾶς
3189 1805 3268 1866 είς
3293 1799 3617 1872 πειρασμὸν,
3649 1797 3785 1850 ἀλλὰ
3815 1795 3908 1866 ῥύ-

2338 1919 2427 1954 σαι
2457 1901 2601 1970 ἡμᾶς
2634 1900 2743 1952 ἀπὸ
2770 1898 2864 1953 τοῦ
2905 1896 3140 1968 πονηροῦ
3166 1936 3181 1960 ,
3223 1914 3241 1947 ι
3274 1894 3364 1947 καὶ
3391 1893 3491 1946 ὅσα
3520 1890 3619 1959 τῆς
3651 1888 3909 1956 τοιαύτης

2337 1991 2502 2060 εὐχῆς
2536 1992 2750 2060 ῥήματα
2773 2005 2786 2019 ·
2825 1988 3011 2041 ἔπειτα
3048 1989 3169 2056 ὅρα,
3191 1984 3285 2038 καὶ
3311 1983 3408 2053 τὴν
3445 1981 3586 2045 λέξιν
3620 1978 3740 2040 τοῦ,
3786 1982 3908 2030 Δια-

2337 2083 2581 2153 κριθῆτε.
2631 2081 2687 2135 Ὀ
2721 2081 2828 2153 γὰρ
2858 2082 3134 2150 ἡνωμένος
3164 2077 3239 2146 τῷ
3268 2075 3385 2146 Θεῷ
3407 2117 3420 2138 ,
3452 2075 3548 2127 καὶ
3577 2074 3635 2126 ἒν
3669 2072 3746 2125 ὢν
3776 2071 3905 2139 πρὸς

2339 2177 2570 2240 ἐκεῖνον,
2601 2176 2694 2227 καὶ
2726 2174 2798 2242 μὴ
2821 2172 3122 2242 διακριθεὶς
3152 2171 3248 2223 καὶ
3278 2167 3589 2240 χωρισθεὶς,
3620 2164 3738 2227 πιῖις
3762 2165 3828 2216 ἂν
3853 2163 3908 2214 τὸ

2338 2265 2654 2334 ἀσύμφορον
2679 2263 2955 2332 αίτήσοιτο
2979 2279 2993 2325 ;
3017 2261 3158 2314 ὥστε
3177 2261 3272 2314 ἐὰν
3305 2258 3598 2329 ἀχώριστοι
3630 2255 3726 2310 καὶ
3757 2254 3907 2308 ἀδιάο

2340 2373 2514 2424 κριτοι
2535 2349 2685 2422 ὦμεν
2715 2353 2808 2406 τοῦ
2835 2352 2969 2406 Θεοῦ
2991 2393 3005 2417 ,
3039 2353 3161 2405 τότε
3211 2351 3281 2404 τὰ
3308 2349 3656 2421 συμφέροντα
3688 2347 3904 2417 αίτησόο

2343 2448 2479 2518 μεθα
2513 2448 2606 2500 καὶ
2634 2447 2939 2516 ληψόμεθα.

2417 2644 2435 2674 ι
2471 2625 2577 2677 Καὶ
2609 2623 2812 2676 ὲλθόντι
2848 2621 2998 2689 αὐτῷ
3028 2621 3107 2681 είς
3135 2619 3195 2672 τὸ
3230 2618 3396 2690 ἱερὸν,
3427 2618 3738 2688 προσῆλθον
3766 2616 3909 2684 αύτῷ

2341 2717 2639 2770 διδάσκοντι
2677 2715 2726 2766 οἱ
2750 2714 3022 2784 ἀρχιερεῖς
3049 2710 3140 2763 καὶ
3164 2711 3213 2762 οἱ
3243 2708 3604 2779 πρεσϐύτεροι
3637 2709 3732 2761 τοῦ
3762 2709 3909 2771 λαοῦ,

2341 2807 2607 2873 λέγοντες·
2646 2803 2732 2856 Ἐν
2758 2805 2885 2873 ποίᾳ
2909 2804 3122 2874 ἐξουσία
3148 2805 3319 2856 ταῦτα
3356 2805 3558 2864 ποιεῖς;
3590 2802 3686 2852 καὶ
3715 2801 3796 2860 ti;
3832 2816 3908 2851 σοι

2343 2897 2507 2949 ἔδωκε
2535 2897 2630 2966 τὴν
2653 2897 2896 2960 ἐξουσίαν
2919 2895 3152 2961 ταύτηνς
3192 2893 3531 2960 Ἀποκριθεὶς
3554 2892 3610 2943 δὲ
3634 2894 3663 2944 6
3708 2891 3910 2956 Ἰησοῦς

2346 2985 2495 3041 εἶπεν
2513 2989 2713 3050 αὐτοῖς·
2751 2986 3206 3056 Ἐρωτήσιιικὰγὼ
3229 2987 3370 3053 ὑμᾶς
3399 2985 3553 3051 λόγον
3580 2984 3698 3041 ἕνα,
3728 2983 3788 3036 ὃν
3820 2981 3910 3034 ἐὰν

683 3069 958 3141 quiddam,
981 3073 1123 3140 quod
1155 3074 1198 3124 si
1234 3072 1477 3126 dixeritis
1501 3073 1652 3136 mihi,
1687 3083 1739 3127 et
1771 3089 1869 3142 ego
1895 3074 2043 3128 vobis
2073 3075 2242 3126 dicam

2349 3081 2538 3147 εἴπητέ
2575 3098 2691 3150 μοι,
2730 3079 2882 3147 κάγὼ
2916 3080 3042 3147 ὑμῖν
3074 3078 3181 3146 ἐρῶ
3220 3079 3276 3130 ὲν
3316 3077 3440 3148 ποίᾳ
3487 3074 3705 3145 ἐξουσίᾳ
3746 3075 3911 3126 ταῦτα

683 3179 786 3233 qua
812 3166 1136 3218 auctoritate
1159 3166 1272 3218 tunc
1291 3165 1506 3219 faciam.
1535 3164 1840 3233 Baptismns
1864 3164 2084 3220 Joannis
2109 3167 2247 3219 unde

685 3255 845 3310 erat?
869 3271 898 3309 e
929 3256 1087 3320 calo,
1123 3270 1189 3309 an
1225 3271 1289 3310 ex
1336 3257 1682 3310 hominibus?
1710 3255 1778 3310 At
1811 3259 1884 3311 illi
1941 3258 2247 3326 cogitabant

685 3348 826 3415 aqud
853 3361 934 3409 se,
957 3348 1236 3401 dicentes:
1262 3345 1316 3400 Si
1340 3346 1637 3401 dixerimus
1663 3361 1692 3400 e
1715 3349 1874 3413 coelo,
1898 3350 2038 3403 dicet
2069 3349 2244 3412 nobis,

685 3435 861 3503 Quare
895 3452 1023 3506 ergo
1060 3452 1165 3490 non
1198 3437 1504 3492 credidistis
1554 3438 1794 3496 illi?.Sin
1830 3450 2008 3493 autem
2045 3441 2246 3494 dixeri-

686 3544 828 3595 mus,
858 3544 924 3583 ex
956 3529 1292 3590 hominibus,
1327 3529 1578 3585 timemus
1609 3532 1838 3584 turbam.
1872 3531 2072 3586 Omnes
2106 3534 2246 3586 enim

688 3620 958 3675 habebant
983 3618 1244 3674 Joannem
1283 3631 1340 3676 ιιι
1377 3623 1714 3689 prophetam.
1767 3623 1830 3675 Et
1868 3625 2249 3690 respondentes

685 3708 809 3766 Jcsu
836 3712 1086 3766 dixerunt
1108 3729 1121 3765 :
1143 3711 1438 3767 Nescimus.
1478 3714 1631 3783 113
1657 3715 1858 3767 Aitillis
1875 3726 1928 3768 et
1953 3717 2066 3783 ipse
2100 3735 2112 3770 :
2143 3715 2251 3769 Nec

688 3817 788 3870 ego
817 3803 938 3857 dico
965 3804 1116 3856 vobis
1140 3819 1243 3871 qua
1275 3803 1598 3859 auctoritate
1635 3806 1743 3858 lucc
1776 3805 1997 3860 faciam.
2045 3825 2063 3857 ι
2102 3807 2250 3860 Iuvi-

689 3894 879 3946 dentes
901 3892 1192 3960 legispcriti
1217 3892 1339 3947 Jesn
1365 3895 1504 3961 quod
1530 3892 1782 3962 ejecissct
1802 3908 1829 3947 c
1863 3894 2062 3963 templo
2087 3909 2248 3960 nego-

689 3985 919 4044 tiantes,
955 3993 1298 4038 accesserunt
1333 3987 1396 4037 ad
1441 4000 1585 4050 eum,
1623 3994 1674 4039 et
1718 3987 1841 4038 talia
1881 3986 2124 4054 quaedam
2158 4001 2248 4040 ro-

688 4085 951 4142 gaverunt
976 4095 986 4129 :
1016 4075 1145 4143 Quis
1173 4090 1232 4132 es
1255 4087 1308 4130 tu
1327 4078 1418 4148 qui
1441 4093 1470 4131 e
1496 4080 1694 4144 templo
1712 4080 1861 4145 ejicis
1877 4077 2248 4149 negotiantes?

688 4167 936 4236 Nunquid
969 4169 1070 4222 hoc
1095 4168 1227 4222 facis
1259 4179 1314 4220 ut
1344 4170 1637 4223 sacerdos?
1659 4170 1724 4221 At
1748 4179 1799 4222 tn
1827 4171 2040 4238 quidem
2068 4184 2249 4222 sacer-

690 4257 921 4309 dotalem
967 4257 1278 4325 dignitatem
1311 4272 1414 4309 non
1467 4256 1652 4312 habes.
1697 4256 1834 4311 Num
1887 4257 1986 4312 Ito'c
2024 4259 2155 4312 facis
2191 4270 2250 4312 nt

692 4364 782 4403 rex
807 4348 830 4400 ?
857 4346 1143 4402 Enimvero
1159 4363 1330 4415 neque
1363 4364 1452 4402 rex
1488 4365 1568 4413 es,
1603 4367 1772 4418 neque
1801 4351 1843 4404 si
1872 4366 2040 4412 esses,
2067 4353 2251 4405 liceret

2350 3173 2508 3226 ποιῶ.
2543 3173 2615 3224 Τὸ
2650 3172 2929 3240 βάπτισμα
2979 3171 3223 3223 Ἰωάννου
3255 3168 3416 3220 πόθεν
3447 3163 3552 3236 ἦνς
3587 3167 3641 3231 ἐξ
3684 3165 3908 3234 ούρανοῦ

2347 3261 2379 3334 ἢ
2411 3262 2469 3325 ἐξ
2499 3261 2799 3330 ἀνθρώπων
2820 3277 2834 3324 ;
2859 3260 2921 3312 Ol
2947 3261 3002 3313 δὲ
3029 3259 3381 3325 διελογίζοντο
3413 3258 3539 3326 παρ’
3566 3257 3804 3317 ἑαυτοῖς,
3831 3255 3910 3306 λέ-

2348 3367 2553 3420 γοντες·
2589 3350 2716 3404 Ἐὰν
2753 3351 3016 3419 εἴποιμεν,
3055 3348 3113 3413 ἐξ
3137 3347 3388 3418 οὐρανοῦ,
3431 3350 3541 3416 ἐρεῖ
3562 3349 3694 3415 ἡμῖν
3718 3364 3731 3376 ’
3763 3344 3910 3398 Διατί

2347 3439 2439 3497 οὖν
2498 3443 2598 3496 οὐκ
2645 3441 3000 3494 ἐπιστεύσατε
3047 3441 3228 3508 αὺτῷς
3291 3441 3414 3492 Ἐὰν
3457 3440 3515 3491 δὲ
3556 3439 3824 3508 εἴπωμεν,
3857 3440 3908 3502 ἐξ

2348 3533 2681 3604 ἀνθρώπων,
2756 3532 3067 3601 φοϐούμεθα
3143 3532 3234 3584 τὸν
3292 3530 3481 3600 ὄχλον·
3546 3531 3750 3593 πάντες
3808 3532 3909 3600 γὰρ

2350 3625 2530 3695 ἔχουσι
2564 3623 2656 3675 τὸν
2698 3623 2950 3692 Ἰωάννην
2981 3622 3054 3683 ὡς
3089 3623 3394 3691 προφήτην.
3442 3622 3550 3674 Καὶ
3590 3619 3910 3689 ἀποκριθὲν.

2349 3734 2437 3778 τες
2474 3715 2550 3784 τῷ
2596 3714 2768 3782 Ἰησοῦ
2807 3712 2978 3766 εἷπον·
3018 3714 3131 3766 Ούκ
3161 3713 3404 3780 οἴδαμεν.
3446 3713 3587 3780 Ἔφη
3616 3713 3799 3772 αὐτοῖς
3825 3711 3910 3764 καὶ

2350 3807 2542 3869 αὐτός’
2571 3807 2702 3859 Οὐδὲ
2723 3806 2834 3871 ἐγὼ
2861 3805 3003 3871 λέγω
3046 3805 3174 3873 ὑμῖν
3219 3804 3275 3854 ἐν
3319 3802 3445 3872 ποία
3484 3801 3704 3872 ἐξουσίᾳ
3747 3801 3908 3853 ταῦτα

2350 3897 2506 3951 ποιῶ.
2549 3915 2565 3945 ι
2606 3896 2928 3957 Φθονοῦντες
2974 3897 3020 3947 οἱ
3059 3893 3502 3962 νομοδιδάσκαλοι
3547 3893 3632 3945 ὃτι
3665 3893 3908 3954 ἐξέϐαλεν

2351 3987 2457 4042 ἀπὸ
2499 3985 2589 4039 τοῦ
2640 3985 2784 4056 ἱεροῦ
2829 3985 2952 4046 τοὺς
3004 3982 3441 4054 καπηλεύοντας,
3521 3984 3908 4052 προσέρχονται

2351 4078 2661 4150 ἐρωτῶντες
2698 4078 2858 4129 αὑτὸν
2895 4077 3070 4130 τοιάδε
3117 4078 3258 4141 τινὰ,
3295 4078 3369 4136 ὡς
3403 4077 3496 4139 Τίς
3536 4077 3600 4129 σὺ
3637 4077 3908 4136 ἐκϐάλλεις

2352 4171 2460 4224 ἀπὸ
2504 4169 2597 4223 τοῦ
2651 4168 2793 4238 ίεροῦ
2845 4169 2969 4230 τοὺς
3020 4167 3612 4236 πραγματευομένους;
3657 4163 3804 4238 Ἆρα
3842 4166 3910 4225 ὡς

2354 4259 2568 4328 ἱερεύςς
2611 4260 2705 4311 καὶ
2766 4257 2871 4328 μὴν
2919 4257 3196 4326 ἱερατικὴν
3223 4256 3396 4326 ἀρχὴν
3439 4256 3540 4308 οὐκ
3583 4255 3748 4324 ἔχεις.
3792 4249 3909 4323 Ἆρ’

2353 4347 2444 4404 οὖν
2471 4350 2544 4412 ὡς
2575 4348 2863 4418 βασιλεύς;
2897 4348 2986 4400 καὶ
3010 4349 3115 4416 μὴν
3144 4346 3266 4399 οὒτε
3303 4346 3554 4416 βασιλεὺς
3579 4343 3652 4410 εἴ,
3675 4346 3799 4401 οὔτε
3823 4349 3910 4401 ἐὰν

691 4439 786 4493 tibi
823 4439 936 4493 haec
966 4437 1163 4493 facere.
1211 4437 1322 4492 Non
1355 4440 1498 4492 enim
1540 4441 1665 4495 licet
1703 4443 1914 4512 regibus
1951 4445 2002 4496 in
2050 4443 2243 4510 templo

2354 4443 2618 4512 ὐπῆρχες,
2670 4439 2795 4508 ἐξῆν
2847 4456 2929 4491 σοι
2968 4438 3191 4492 τοιαῦτα
3242 4441 3446 4491 ποιεῖν⁸
3487 4441 3547 4492 οὐ
3589 4441 3698 4507 γὰρ
3744 4439 3910 4503 ἔξεστι

690 4527 802 4580 ιιωο
833 4541 1008 4594 agere.
1034 4523 1438 4596 lnterrogabant
1467 4538 1643 4582 autem
1677 4532 1788 4584 hzec
1819 4547 1847 4583 a
1892 4531 2138 4593 Domino,
2169 4543 2244 4594 ut,

691 4617 733 4670 si
757 4617 968 4685 quidem
997 4617 1202 4670 diceret
1227 4634 1240 4669 :
1269 4617 1380 4670 Mea
1409 4628 1671 4685 potestate
1702 4619 1812 4674 lucc
1839 4619 1994 4685 facio,
2023 4637 2248 4675 accusa-

692 4718 810 4761 rcnt
856 4723 977 4762 eum
1013 4717 1071 4763 ut
1113 4708 1400 4776 rebellem,
1441 4720 1491 4764 et
1519 4710 1790 4779 propriam
1837 4722 2152 4781 potestatem
2189 4727 2248 4767 se

695 4801 892 4854 habere
931 4800 1216 4855 dicentem.
1253 4801 1345 4855 Sin
1381 4813 1555 4857 autem
1593 4804 1788 4858 diceret
1827 4822 1840 4856 :
1884 4805 2065 4858 Divina
2096 4819 2248 4876 pote-

694 4903 830 4946 state
862 4893 972 4946 hmo
1007 4892 1161 4958 facio,
1203 4895 1525 4947 abducerent
1569 4896 1634 4949 ab
1661 4912 1723 4949 eo
1762 4899 1973 4962 turbas,
2013 4897 2156 4950 illum
2193 4907 2248 4951 ut

699 4984 861 5038 Deum
885 4985 1182 5047 laudantes,
1200 4997 1560 5040 monstrantes
1575 5005 1589 5042 :
1607 4988 1743 5043 Ecce
1761 4987 1919 5043 Jesus
1937 4989 2021 5040 ille
2044 5007 2146 5042 non
2171 5001 2253 5042 est

697 5075 859 5139 Deus,
894 5076 984 5130 sed
1026 5085 1290 5142 potestate
1325 5077 1414 5130 Dei
1447 5077 1560 5132 haec
1609 5079 1733 5134 facit
1771 5091 1827 5132 ιιι
1865 5096 2072 5134 servus.
2119 5080 2254 5145 Quid

696 5161 859 5229 igitur
901 5161 1149 5220 Christus
1201 5167 1430 5234 ipsamet
1482 5171 1789 5238 sapientia?
1837 5174 2262 5247 Comprehendit

695 5254 971 5322 sapientes
1013 5257 1063 5310 in
1097 5259 1330 5314 versutia
1359 5277 1455 5314 sua
1505 5265 1569 5326 “,
1615 5275 1667 5318 et
1710 5266 2003 5339 interrogat
2049 5286 2143 5325 eos
2196 5274 2263 5329 de

695 5343 901 5398 Joanne
931 5349 1150 5414 similia,
1189 5362 1243 5402 ut
1269 5353 1311 5404 si
1345 5357 1559 5422 quidem
1615 5358 1855 5413 dicerent
1889 5379 1901 5413 :
1935 5364 1975 5416 Ε
2005 5363 2140 5418 caelo
2164 5364 2264 5419 fuit

696 5439 1008 5504 praedicatio
1031 5440 1275 5506 Joannis,
1303 5449 1784 5516 comprobarentur
1811 5451 1915 5506 Deo
1941 5454 2260 5522 adversarii,

696 5528 836 5580 ttuod
871 5528 1011 5582 illam
1035 5547 1140 5582 non
1161 5538 1539 5599 suscepissent.
1570 5539 1621 5587 Si
1657 5549 1917 5595 antctuex
1953 5544 2262 5601 hominibus

754 5695 798 5719 “
824 5693 1006 5750 Matth.
1048 5715 1117 5758 νι,
1157 5700 1236 5754 13.
1318 5703 1354 5732 δ’
1385 5702 1399 5755 l
1427 5704 1545 5757 Cor.
1587 5722 1662 5767 ιιι,
1702 5707 1781 5758 i'J.

2353 4533 2523 4586 ταῦτα
2552 4534 2658 4594 τοῖς
2692 4530 2997 4602 βασιλεῦσιν
3019 4533 3076 4582 ἐν
3106 4529 3234 4599 ιερῷ
3260 4531 3540 4597 πράττειν.
3581 4529 3834 4596 ’Πρώτων
3863 4530 3908 4582 δὲ

2353 4623 2523 4677 ταῦτα
2550 4623 2638 4676 τὸν
2667 4621 2887 4689 Κύριον,
2912 4618 3018 4682 ἵνα,
3045 4619 3136 4670 ἐὰν
3167 4619 3264 4687 μὲν
3302 4617 3452 4688 εῐπῃ,
3483 4619 3565 4670 ὅτι
3602 4619 3692 4670 Ἐν
3718 4620 3782 4686 τῇ
3816 4619 3908 4686 ὲμῇ

2356 4716 2572 4784 ἐξουσίᾳ
2596 4713 2766 4766 ταῦτα
2793 4711 2950 4775 ποιῶ,
2969 4710 3326 4763 διαϐάλλωσιν
3348 4712 3509 4762 αὑτὸν
3531 4711 3605 4772 ὡς
3626 4710 3908 4777 ἀντάρτην,

2358 4811 2448 4862 καὶ
2479 4810 2610 4861 ἰδίαν
2643 4805 2887 4870 ἐξουσίαν
2920 4805 3061 4874 ἔχειν
3102 4804 3366 4870 λέγοντα’·
3400 4804 3491 4855 ἐὰν
3541 4804 3594 4856 δὲ
3646 4805 3808 4874 εἴπῃ,
3839 4805 3908 4854 ὅτι

2375 4899 2460 4954 Ἐν
2487 4903 2550 4969 τῇ
2567 4898 2684 4968 θείᾳ
2709 4897 2922 4967 ἐξουσίᾳ
2936 4895 3106 4948 ταῦτα
3120 4895 3279 4958 ποιῶ,
3304 4897 3684 4965 ἀποστήσουσιν
3710 4897 3801 4947 ἀπ’
3828 4897 3909 4946 αὖ·

2351 4994 2446 5046 τοῦ
2481 4993 2603 5054 τοὺς
2633 4991 2820 5060 ὖχλους
2849 4991 2973 5052 τοὺς
3001 4989 3302 5056 ὑμνοῦντας
3333 4989 3495 5040 αὑτὸν
3521 4989 3593 5049 ὡς
3627 4988 3782 5051 Θεὸν,
3815 4989 3907 5038 δεί-

2352 5083 2538 5149 ξαντες
2562 5084 2671 5144 τοῖς
2700 5081 2876 5150 ὃχλοις
2898 5081 2999 5139 ὄτι,
3040 5078 3166 5131 Ἰδοὺ
3190 5079 3289 5130 ούκ
3315 5078 3428 5129 ἔστι
3449 5078 3580 5140 Θεὸς
3598 5079 3781 5140 αὐτὸς,
3806 5078 3907 5131 ἀλλ’

2351 5177 2408 5228 έν
2435 5179 2498 5244 τῇ
2531 5173 2623 5226 τοῦ
2659 5173 2791 5225 Θεοῦ
2827 5171 3045 5241 ἐξουσία
3074 5169 3258 5222 ταῦτα
3299 5173 3441 5222 ποιεῖ
3487 5171 3562 5232 ὼς
3600 5171 3803 5232 δοῦλος.
3850 5171 3903 5220 Τί

2349 5257 2441 5314 οὖν
2470 5265 2496 5314 6
2535 5261 2765 5329 Χριστὸς
2798 5261 2830 5329 ἡ
2865 5260 3191 5328 αὑτοσοφία;
3225 5259 3522 5328 Δράττεται
3561 5262 3694 5321 τοὺς
3731 5261 3904 5326 σοφοὺς

2350 5356 2408 5407 ὲν
2433 5358 2498 5425 τῇ
2535 5353 2838 5424 κακουργίᾳ
2869 5353 3066 5414 αὐτῶν,
3102 5355 3196 5406 καί
3225 5353 3403 5420 ἐρωτᾷ
3436 5353 3633 5415 αὐτοὺς
3672 5353 3795 5421 περὶ
3826 5349 3905 5402 τοῦ

2367 5445 2610 5499 Ἰωάννου
2640 5444 2706 5496 τὰ
2741 5446 2919 5513 ὅμοια,
2953 5444 3037 5497 ἵνα
3087 5444 3183 5496 ἐὰν
3221 5442 3318 5511 μὲν
3351 5445 3580 5494 εἴπωσιν
3618 5445 3700 5495 ὅτι
3742 5441 3798 5506 ἐξ
3826 5443 3903 5493 ol-

2360 5535 2520 5604 ρανοῦ
2554 5530 2620 5604 ἦν
2653 5536 2712 5586 τὸ
2745 5537 3004 5605 κήρυγμα
3038 5532 3133 5588 τοῦ
3179 5535 3459 5598 Ἰωάννου,
3493 5532 3764 5605 εύρεθῶσι
3807 5532 3903 5585 Oso-
