  <div class='ocr_page' id='page_1' title='image "/cluster/home/n/w/nwhite01/storage/ocr_20150623/123/pst.000005714384/194.png"; bbox 0 0 4080 6336; ppageno 0'>
   <div class='ocr_carea' id='block_1_1' title="bbox 283 385 389 449">
    <p class='ocr_par' dir='ltr' id='par_1_1' title="bbox 283 385 389 449">
     <span class='ocr_line' id='line_1_1' title="bbox 283 385 389 449; baseline 0 0"><span class='ocrx_word' id='word_1_1' title='bbox 283 385 389 449; x_wconf 78' lang='lat'><strong>377</strong></span> 
     </span>
    </p>
   </div>
   <div class='ocr_carea' id='block_1_2' title="bbox 949 376 1881 446">
    <p class='ocr_par' dir='ltr' id='par_1_2' title="bbox 949 379 1881 446">
     <span class='ocr_line' id='line_1_2' title="bbox 949 379 1881 446; baseline -0.002 -2"><span class='ocrx_word' id='word_1_2' title='bbox 949 383 1407 446; x_wconf 80' lang='lat' dir='ltr'><strong>&#39;ENARRATIO</strong></span> <span class='ocrx_word' id='word_1_3' title='bbox 1445 382 1528 445; x_wconf 89' lang='lat' dir='ltr'><strong>IN</strong></span> <span class='ocrx_word' id='word_1_4' title='bbox 1560 379 1881 444; x_wconf 81' lang='lat' dir='ltr'><strong>EVANGE]</strong></span> 
     </span>
    </p>
   </div>
   <div class='ocr_carea' id='block_1_3' title="bbox 1989 376 3006 446">
    <p class='ocr_par' dir='ltr' id='par_1_3' title="bbox 1989 376 3006 445">
     <span class='ocr_line' id='line_1_3' title="bbox 1989 376 3006 445; baseline -0.002 -5"><span class='ocrx_word' id='word_1_5' title='bbox 1989 381 2066 442; x_wconf 80' lang='lat' dir='ltr'><strong>iM</strong></span> <span class='ocrx_word' id='word_1_6' title='bbox 2104 380 2496 445; x_wconf 70' lang='grc' dir='ltr'><strong>ΜΑΤΤΗΑΞῙ.</strong></span> <span class='ocrx_word' id='word_1_7' title='bbox 2530 403 2604 416; x_wconf 90' lang='grc'><strong>-··</strong></span> <span class='ocrx_word' id='word_1_8' title='bbox 2641 378 2800 443; x_wconf 86' lang='lat' dir='ltr'><strong>CAP.</strong></span> <span class='ocrx_word' id='word_1_9' title='bbox 2842 376 3006 439; x_wconf 80' lang='lat' dir='ltr'><strong>XXI.</strong></span> 
     </span>
    </p>
   </div>
   <div class='ocr_carea' id='block_1_4' title="bbox 3481 371 3588 438">
    <p class='ocr_par' dir='ltr' id='par_1_4' title="bbox 3481 371 3588 438">
     <span class='ocr_line' id='line_1_4' title="bbox 3481 371 3588 438; baseline -0.019 0"><span class='ocrx_word' id='word_1_10' title='bbox 3481 371 3588 438; x_wconf 78' lang='lat'><strong>378</strong></span> 
     </span>
    </p>
   </div>
   <div class='ocr_carea' id='block_1_5' title="bbox 286 488 1881 580">
    <p class='ocr_par' dir='ltr' id='par_1_5' title="bbox 286 498 1880 580">
     <span class='ocr_line' id='line_1_5' title="bbox 286 498 1880 580; baseline -0.008 -18"><span class='ocrx_word' id='word_1_11' title='bbox 286 508 473 580; x_wconf 75' lang='grc' dir='ltr'>μάχοι,</span> <span class='ocrx_word' id='word_1_12' title='bbox 507 507 583 570; x_wconf 85' lang='grc' dir='ltr'>ὼς</span> <span class='ocrx_word' id='word_1_13' title='bbox 618 503 693 576; x_wconf 78' lang='grc' dir='ltr'><strong>μὴ</strong></span> <span class='ocrx_word' id='word_1_14' title='bbox 722 500 1160 573; x_wconf 78' lang='grc' dir='ltr'>παραδεξάμενοι</span> <span class='ocrx_word' id='word_1_15' title='bbox 1216 502 1376 555; x_wconf 83' lang='grc' dir='ltr'>τοῦτο</span> <span class='ocrx_word' id='word_1_16' title='bbox 1405 518 1420 533; x_wconf 77' lang='grc' dir='ltr'><strong>ο</strong></span> <span class='ocrx_word' id='word_1_17' title='bbox 1472 499 1568 554; x_wconf 79' lang='grc' dir='ltr'>ἐὰν</span> <span class='ocrx_word' id='word_1_18' title='bbox 1610 499 1666 557; x_wconf 82' lang='grc' dir='ltr'><strong>δὲ</strong></span> <span class='ocrx_word' id='word_1_19' title='bbox 1696 498 1756 563; x_wconf 71' lang='grc' dir='ltr'>ἐξ</span> <span class='ocrx_word' id='word_1_20' title='bbox 1786 499 1880 552; x_wconf 84' lang='grc' dir='ltr'>άν-</span> 
     </span>
    </p>
   </div>
   <div class='ocr_carea' id='block_1_6' title="bbox 1989 488 3586 580">
    <p class='ocr_par' dir='ltr' id='par_1_6' title="bbox 1989 488 3586 567">
     <span class='ocr_line' id='line_1_6' title="bbox 1989 488 3586 567; baseline -0.001 -17"><span class='ocrx_word' id='word_1_21' title='bbox 1989 497 2272 562; x_wconf 86' lang='lat' dir='ltr'><strong>dicerent,</strong></span> <span class='ocrx_word' id='word_1_22' title='bbox 2323 495 2765 567; x_wconf 86' lang='lat' dir='ltr'><strong>periclitarentur</strong></span> <span class='ocrx_word' id='word_1_23' title='bbox 2811 500 3038 565; x_wconf 80' lang='lat' dir='ltr'><strong>propter</strong></span> <span class='ocrx_word' id='word_1_24' title='bbox 3088 489 3328 547; x_wconf 86' lang='lat' dir='ltr'><strong>turbam.</strong></span> <span class='ocrx_word' id='word_1_25' title='bbox 3382 488 3586 549; x_wconf 79' lang='lat' dir='ltr'><strong>Omnes</strong></span> 
     </span>
    </p>
   </div>
   <div class='ocr_carea' id='block_1_7' title="bbox 284 593 1883 672">
    <p class='ocr_par' dir='ltr' id='par_1_7' title="bbox 284 593 1883 672">
     <span class='ocr_line' id='line_1_7' title="bbox 284 593 1883 672; baseline -0.009 -14"><span class='ocrx_word' id='word_1_26' title='bbox 284 603 523 672; x_wconf 80' lang='grc' dir='ltr'>θρώπων</span> <span class='ocrx_word' id='word_1_27' title='bbox 549 601 771 661; x_wconf 74' lang='grc' dir='ltr'>εἴπωσι,</span> <span class='ocrx_word' id='word_1_28' title='bbox 804 597 1226 652; x_wconf 71' lang='grc' dir='ltr'><strong>κινδυνεύσωσιν</strong></span> <span class='ocrx_word' id='word_1_29' title='bbox 1246 598 1308 650; x_wconf 82' lang='grc' dir='ltr'>ὲκ</span> <span class='ocrx_word' id='word_1_30' title='bbox 1339 594 1433 648; x_wconf 77' lang='grc' dir='ltr'>τοῦ</span> <span class='ocrx_word' id='word_1_31' title='bbox 1463 593 1646 665; x_wconf 64' lang='grc' dir='ltr'><strong>ὄχλου.</strong></span> <span class='ocrx_word' id='word_1_32' title='bbox 1670 595 1883 655; x_wconf 77' lang='grc' dir='ltr'>Πάντες</span> 
     </span>
    </p>
   </div>
   <div class='ocr_carea' id='block_1_8' title="bbox 285 681 1881 766">
    <p class='ocr_par' dir='ltr' id='par_1_8' title="bbox 285 681 1881 766">
     <span class='ocr_line' id='line_1_8' title="bbox 285 681 1881 766; baseline -0.01 -17"><span class='ocrx_word' id='word_1_33' title='bbox 285 695 399 766; x_wconf 77' lang='grc' dir='ltr'><strong>γὰρ</strong></span> <span class='ocrx_word' id='word_1_34' title='bbox 437 695 513 757; x_wconf 84' lang='grc' dir='ltr'>ὡς</span> <span class='ocrx_word' id='word_1_35' title='bbox 554 692 840 761; x_wconf 76' lang='grc' dir='ltr'><strong>προφήτην</strong></span> <span class='ocrx_word' id='word_1_36' title='bbox 889 684 1038 760; x_wconf 81' lang='grc' dir='ltr'>εἶχον</span> <span class='ocrx_word' id='word_1_37' title='bbox 1073 687 1164 741; x_wconf 79' lang='grc' dir='ltr'>τὸν</span> <span class='ocrx_word' id='word_1_38' title='bbox 1211 684 1489 755; x_wconf 82' lang='grc' dir='ltr'><strong>Ἰωάννην.</strong></span> <span class='ocrx_word' id='word_1_39' title='bbox 1527 683 1782 736; x_wconf 83' lang='grc' dir='ltr'>Δείκνυσι</span> <span class='ocrx_word' id='word_1_40' title='bbox 1824 681 1881 733; x_wconf 78' lang='grc' dir='ltr'>δὲ</span> 
     </span>
    </p>
   </div>
   <div class='ocr_carea' id='block_1_9' title="bbox 286 774 1882 852">
    <p class='ocr_par' dir='ltr' id='par_1_9' title="bbox 286 774 1882 852">
     <span class='ocr_line' id='line_1_9' title="bbox 286 774 1882 852; baseline -0.013 -6"><span class='ocrx_word' id='word_1_41' title='bbox 286 787 539 848; x_wconf 67' lang='grc' dir='ltr'>ἐντεῦθεν</span> <span class='ocrx_word' id='word_1_42' title='bbox 570 785 598 838; x_wconf 87' lang='lat'><strong>6</strong></span> <span class='ocrx_word' id='word_1_43' title='bbox 630 782 856 852; x_wconf 80' lang='grc' dir='ltr'>Κύριος,</span> <span class='ocrx_word' id='word_1_44' title='bbox 888 782 970 835; x_wconf 76' lang='grc' dir='ltr'>ὅτι</span> <span class='ocrx_word' id='word_1_45' title='bbox 1005 781 1118 842; x_wconf 79' lang='grc' dir='ltr'>τοῖς</span> <span class='ocrx_word' id='word_1_46' title='bbox 1152 776 1479 850; x_wconf 78' lang='grc' dir='ltr'><strong>κακούργως</strong></span> <span class='ocrx_word' id='word_1_47' title='bbox 1515 774 1795 848; x_wconf 79' lang='grc' dir='ltr'>ἐρωτῶσιν</span> <span class='ocrx_word' id='word_1_48' title='bbox 1821 775 1882 826; x_wconf 91' lang='grc' dir='ltr'>οὑ</span> 
     </span>
    </p>
   </div>
   <div class='ocr_carea' id='block_1_10' title="bbox 287 868 1883 949">
    <p class='ocr_par' dir='ltr' id='par_1_10' title="bbox 287 868 1883 949">
     <span class='ocr_line' id='line_1_10' title="bbox 287 868 1883 949; baseline -0.011 -12"><span class='ocrx_word' id='word_1_49' title='bbox 287 884 371 937; x_wconf 71' lang='grc' dir='ltr'><strong>δεῖ</strong></span> <span class='ocrx_word' id='word_1_50' title='bbox 400 878 816 949; x_wconf 74' lang='grc' dir='ltr'>ἀποκρίνεσθαι.</span> <span class='ocrx_word' id='word_1_51' title='bbox 851 876 988 930; x_wconf 81' lang='grc' dir='ltr'><strong>Οὐδὲ</strong></span> <span class='ocrx_word' id='word_1_52' title='bbox 1032 876 1141 944; x_wconf 82' lang='grc' dir='ltr'><strong>γὰρ</strong></span> <span class='ocrx_word' id='word_1_53' title='bbox 1172 874 1283 927; x_wconf 83' lang='grc' dir='ltr'><strong>οὐδ’</strong></span> <span class='ocrx_word' id='word_1_54' title='bbox 1337 871 1503 935; x_wconf 79' lang='grc' dir='ltr'>αὑτὸς</span> <span class='ocrx_word' id='word_1_55' title='bbox 1547 868 1883 939; x_wconf 83' lang='grc' dir='ltr'>ἁπεκρίνατο</span> 
     </span>
    </p>
   </div>
   <div class='ocr_carea' id='block_1_11' title="bbox 284 961 1882 1043">
    <p class='ocr_par' dir='ltr' id='par_1_11' title="bbox 284 961 1882 1043">
     <span class='ocr_line' id='line_1_11' title="bbox 284 961 1882 1043; baseline -0.008 -17"><span class='ocrx_word' id='word_1_56' title='bbox 284 972 400 1036; x_wconf 68' lang='grc' dir='ltr'>τοίς</span> <span class='ocrx_word' id='word_1_57' title='bbox 432 969 713 1043; x_wconf 66' lang='grc' dir='ltr'>ἐρωτῶσιν</span> <span class='ocrx_word' id='word_1_58' title='bbox 751 969 917 1023; x_wconf 73' lang='grc' dir='ltr'>αὑτὸν</span> <span class='ocrx_word' id='word_1_59' title='bbox 963 966 1243 1030; x_wconf 78' lang='grc' dir='ltr'><strong>Ἰουδαίοις</strong></span> <span class='ocrx_word' id='word_1_60' title='bbox 1275 967 1334 1018; x_wconf 83' lang='grc' dir='ltr'>ὲν</span> <span class='ocrx_word' id='word_1_61' title='bbox 1371 963 1538 1031; x_wconf 83' lang='grc' dir='ltr'><strong>δόλῳ,</strong></span> <span class='ocrx_word' id='word_1_62' title='bbox 1573 963 1750 1016; x_wconf 85' lang='grc' dir='ltr'>καίτοι</span> <span class='ocrx_word' id='word_1_63' title='bbox 1781 961 1882 1014; x_wconf 85' lang='grc' dir='ltr'>οὐκ</span> 
     </span>
    </p>
   </div>
   <div class='ocr_carea' id='block_1_12' title="bbox 282 1051 1882 1135">
    <p class='ocr_par' dir='ltr' id='par_1_12' title="bbox 282 1051 1882 1135">
     <span class='ocr_line' id='line_1_12' title="bbox 282 1051 1882 1135; baseline -0.009 -16"><span class='ocrx_word' id='word_1_64' title='bbox 282 1062 480 1135; x_wconf 69' lang='grc' dir='ltr'>ἠπόρει</span> <span class='ocrx_word' id='word_1_65' title='bbox 511 1058 884 1133; x_wconf 75' lang='grc' dir='ltr'><strong>ἀποκρίσεως.</strong></span> <span class='ocrx_word' id='word_1_66' title='bbox 923 1060 1077 1130; x_wconf 72' lang='grc' dir='ltr'><strong>Ἅμα</strong></span> <span class='ocrx_word' id='word_1_67' title='bbox 1116 1059 1173 1112; x_wconf 76' lang='grc' dir='ltr'>δὲ</span> <span class='ocrx_word' id='word_1_68' title='bbox 1207 1057 1556 1128; x_wconf 83' lang='grc' dir='ltr'>μανθάνομεν</span> <span class='ocrx_word' id='word_1_69' title='bbox 1590 1055 1671 1108; x_wconf 85' lang='grc' dir='ltr'>ὅτι</span> <span class='ocrx_word' id='word_1_70' title='bbox 1703 1053 1796 1107; x_wconf 66' lang='grc' dir='ltr'><strong>καὶ</strong></span> <span class='ocrx_word' id='word_1_71' title='bbox 1822 1051 1882 1105; x_wconf 81' lang='grc' dir='ltr'>τὸ</span> 
     </span>
    </p>
   </div>
   <div class='ocr_carea' id='block_1_13' title="bbox 283 1144 1880 1221">
    <p class='ocr_par' dir='ltr' id='par_1_13' title="bbox 283 1144 1880 1221">
     <span class='ocr_line' id='line_1_13' title="bbox 283 1144 1880 1221; baseline -0.008 -12"><span class='ocrx_word' id='word_1_72' title='bbox 283 1155 483 1210; x_wconf 72' lang='grc' dir='ltr'>ιαυτὺν</span> <span class='ocrx_word' id='word_1_73' title='bbox 520 1152 928 1221; x_wconf 68' lang='grc' dir='ltr'>ἔγκωμιάζειν,</span> <span class='ocrx_word' id='word_1_74' title='bbox 957 1153 1058 1206; x_wconf 78' lang='grc' dir='ltr'>οὐκ</span> <span class='ocrx_word' id='word_1_75' title='bbox 1096 1150 1213 1204; x_wconf 77' lang='grc' dir='ltr'>ἐστι</span> <span class='ocrx_word' id='word_1_76' title='bbox 1253 1151 1398 1202; x_wconf 75' lang='grc' dir='ltr'>κατὰ</span> <span class='ocrx_word' id='word_1_77' title='bbox 1435 1148 1700 1218; x_wconf 85' lang='grc' dir='ltr'>Χριστόν.</span> <span class='ocrx_word' id='word_1_78' title='bbox 1746 1144 1880 1199; x_wconf 83' lang='grc' dir='ltr'>Ίδοὺ</span> 
     </span>
    </p>
   </div>
   <div class='ocr_carea' id='block_1_14' title="bbox 282 1235 1882 1317">
    <p class='ocr_par' dir='ltr' id='par_1_14' title="bbox 282 1235 1882 1317">
     <span class='ocr_line' id='line_1_14' title="bbox 282 1235 1882 1317; baseline -0.008 -15"><span class='ocrx_word' id='word_1_79' title='bbox 282 1248 381 1302; x_wconf 76' lang='grc' dir='ltr'><strong>οὖν</strong></span> <span class='ocrx_word' id='word_1_80' title='bbox 401 1249 429 1300; x_wconf 91' lang='lat'><strong>6</strong></span> <span class='ocrx_word' id='word_1_81' title='bbox 455 1246 659 1317; x_wconf 82' lang='grc' dir='ltr'>Κύριος</span> <span class='ocrx_word' id='word_1_82' title='bbox 689 1237 992 1316; x_wconf 83' lang='grc' dir='ltr'>δυνάμενος</span> <span class='ocrx_word' id='word_1_83' title='bbox 1013 1245 1188 1297; x_wconf 76' lang='grc' dir='ltr'>εἰπεῖν</span> <span class='ocrx_word' id='word_1_84' title='bbox 1221 1243 1278 1295; x_wconf 76' lang='grc' dir='ltr'>ὲν</span> <span class='ocrx_word' id='word_1_85' title='bbox 1301 1241 1432 1313; x_wconf 78' lang='grc' dir='ltr'>ποίᾳ</span> <span class='ocrx_word' id='word_1_86' title='bbox 1461 1239 1682 1310; x_wconf 71' lang='grc' dir='ltr'>ἐξουσίᾳ</span> <span class='ocrx_word' id='word_1_87' title='bbox 1708 1235 1882 1290; x_wconf 81' lang='grc' dir='ltr'>ταῦτα</span> 
     </span>
    </p>
   </div>
   <div class='ocr_carea' id='block_1_15' title="bbox 283 1329 1879 1407">
    <p class='ocr_par' dir='ltr' id='par_1_15' title="bbox 283 1329 1879 1407">
     <span class='ocr_line' id='line_1_15' title="bbox 283 1329 1879 1407; baseline -0.011 -7"><span class='ocrx_word' id='word_1_88' title='bbox 283 1347 474 1404; x_wconf 71' lang='grc' dir='ltr'>ποιεῖ,</span> <span class='ocrx_word' id='word_1_89' title='bbox 517 1343 618 1395; x_wconf 78' lang='grc' dir='ltr'><strong>οὐκ</strong></span> <span class='ocrx_word' id='word_1_90' title='bbox 647 1335 826 1402; x_wconf 78' lang='grc' dir='ltr'>εἴπεν,</span> <span class='ocrx_word' id='word_1_91' title='bbox 863 1337 950 1391; x_wconf 76' lang='grc' dir='ltr'><strong>ἴνα</strong></span> <span class='ocrx_word' id='word_1_92' title='bbox 981 1335 1055 1407; x_wconf 85' lang='grc' dir='ltr'>μὴ</span> <span class='ocrx_word' id='word_1_93' title='bbox 1085 1335 1211 1407; x_wconf 75' lang='grc' dir='ltr'>δόξῃ</span> <span class='ocrx_word' id='word_1_94' title='bbox 1245 1334 1441 1389; x_wconf 74' lang='grc' dir='ltr'>ἑαυτὸν</span> <span class='ocrx_word' id='word_1_95' title='bbox 1485 1329 1879 1400; x_wconf 75' lang='grc' dir='ltr'><strong>ἐγκωμιάζειν.</strong></span> 
     </span>
    </p>
   </div>
   <div class='ocr_carea' id='block_1_16' title="bbox 369 1420 1880 1501">
    <p class='ocr_par' dir='ltr' id='par_1_16' title="bbox 369 1420 1880 1501">
     <span class='ocr_line' id='line_1_16' title="bbox 369 1420 1880 1501; baseline -0.009 -15"><span class='ocrx_word' id='word_1_96' title='bbox 369 1454 386 1486; x_wconf 75' lang='grc' dir='ltr'>ι</span> <span class='ocrx_word' id='word_1_97' title='bbox 422 1431 489 1488; x_wconf 85' lang='grc' dir='ltr'><strong>Τί</strong></span> <span class='ocrx_word' id='word_1_98' title='bbox 539 1432 596 1486; x_wconf 69' lang='grc' dir='ltr'><strong>δὲ</strong></span> <span class='ocrx_word' id='word_1_99' title='bbox 648 1431 778 1501; x_wconf 79' lang='grc' dir='ltr'>ὑμῖν</span> <span class='ocrx_word' id='word_1_100' title='bbox 830 1429 1012 1494; x_wconf 74' lang='grc' dir='ltr'>δοκεῖς</span> <span class='ocrx_word' id='word_1_101' title='bbox 1045 1426 1372 1496; x_wconf 72' lang='grc' dir='ltr'>’Ἄνθρωπος</span> <span class='ocrx_word' id='word_1_102' title='bbox 1396 1420 1507 1495; x_wconf 80' lang='grc' dir='ltr'>εἶχε</span> <span class='ocrx_word' id='word_1_103' title='bbox 1546 1423 1714 1475; x_wconf 88' lang='grc' dir='ltr'>τέκνα</span> <span class='ocrx_word' id='word_1_104' title='bbox 1748 1420 1842 1474; x_wconf 92' lang='grc' dir='ltr'>δύο</span> <span class='ocrx_word' id='word_1_105' title='bbox 1863 1432 1880 1450; x_wconf 71' lang='grc' dir='ltr'><strong><em>ο</em></strong></span> 
     </span>
    </p>
   </div>
   <div class='ocr_carea' id='block_1_17' title="bbox 285 1513 1884 1597">
    <p class='ocr_par' dir='ltr' id='par_1_17' title="bbox 285 1513 1884 1597">
     <span class='ocr_line' id='line_1_17' title="bbox 285 1513 1884 1597; baseline -0.009 -17"><span class='ocrx_word' id='word_1_106' title='bbox 285 1529 383 1580; x_wconf 71' lang='grc' dir='ltr'>καὶ</span> <span class='ocrx_word' id='word_1_107' title='bbox 410 1523 726 1597; x_wconf 77' lang='grc' dir='ltr'>προσελθὼν</span> <span class='ocrx_word' id='word_1_108' title='bbox 754 1520 833 1592; x_wconf 81' lang='grc' dir='ltr'>τῷ</span> <span class='ocrx_word' id='word_1_109' title='bbox 869 1518 1095 1591; x_wconf 83' lang='grc' dir='ltr'><strong>πρώτῳ,</strong></span> <span class='ocrx_word' id='word_1_110' title='bbox 1123 1514 1245 1573; x_wconf 75' lang='grc' dir='ltr'>εἷπε</span> <span class='ocrx_word' id='word_1_111' title='bbox 1271 1534 1286 1550; x_wconf 77' lang='grc' dir='ltr'><strong><em>ο</em></strong></span> <span class='ocrx_word' id='word_1_112' title='bbox 1320 1517 1547 1581; x_wconf 82' lang='grc' dir='ltr'>Τέκνον,</span> <span class='ocrx_word' id='word_1_113' title='bbox 1576 1515 1756 1582; x_wconf 86' lang='grc' dir='ltr'>’ὑπαγε</span> <span class='ocrx_word' id='word_1_114' title='bbox 1787 1513 1884 1584; x_wconf 75' lang='grc' dir='ltr'>σήει</span> 
     </span>
    </p>
   </div>
   <div class='ocr_carea' id='block_1_18' title="bbox 288 1607 1884 1691">
    <p class='ocr_par' dir='ltr' id='par_1_18' title="bbox 288 1607 1884 1691">
     <span class='ocr_line' id='line_1_18' title="bbox 288 1607 1884 1691; baseline -0.009 -19"><span class='ocrx_word' id='word_1_115' title='bbox 288 1637 478 1691; x_wconf 83' lang='grc' dir='ltr'>μερον,</span> <span class='ocrx_word' id='word_1_116' title='bbox 499 1615 736 1688; x_wconf 73' lang='grc' dir='ltr'>ἐργάζου</span> <span class='ocrx_word' id='word_1_117' title='bbox 763 1616 821 1668; x_wconf 79' lang='grc' dir='ltr'><strong>έν</strong></span> <span class='ocrx_word' id='word_1_118' title='bbox 852 1613 931 1684; x_wconf 80' lang='grc' dir='ltr'>τῷ</span> <span class='ocrx_word' id='word_1_119' title='bbox 953 1611 1242 1683; x_wconf 82' lang='grc' dir='ltr'>ἀμπελῶνί</span> <span class='ocrx_word' id='word_1_120' title='bbox 1285 1627 1408 1681; x_wconf 91' lang='grc' dir='ltr'>μου.</span> <span class='ocrx_word' id='word_1_121' title='bbox 1452 1609 1512 1663; x_wconf 85' lang='grc'><strong>’0</strong></span> <span class='ocrx_word' id='word_1_122' title='bbox 1541 1607 1596 1660; x_wconf 80' lang='grc' dir='ltr'><strong>δὲ</strong></span> <span class='ocrx_word' id='word_1_123' title='bbox 1644 1607 1884 1677; x_wconf 80' lang='grc' dir='ltr'>ἀποκρι-</span> 
     </span>
    </p>
   </div>
   <div class='ocr_carea' id='block_1_19' title="bbox 287 1697 1883 1773">
    <p class='ocr_par' dir='ltr' id='par_1_19' title="bbox 287 1697 1883 1773">
     <span class='ocr_line' id='line_1_19' title="bbox 287 1697 1883 1773; baseline -0.008 -11"><span class='ocrx_word' id='word_1_124' title='bbox 287 1703 425 1773; x_wconf 75' lang='grc' dir='ltr'>θεὶς,</span> <span class='ocrx_word' id='word_1_125' title='bbox 497 1703 688 1765; x_wconf 74' lang='grc' dir='ltr'>εἶπενο</span> <span class='ocrx_word' id='word_1_126' title='bbox 721 1706 796 1759; x_wconf 86' lang='grc' dir='ltr'>Οὑ</span> <span class='ocrx_word' id='word_1_127' title='bbox 859 1704 1018 1759; x_wconf 88' lang='grc' dir='ltr'>θέλω.</span> <span class='ocrx_word' id='word_1_128' title='bbox 1053 1703 1326 1771; x_wconf 81' lang='grc' dir='ltr'>’Υστερον</span> <span class='ocrx_word' id='word_1_129' title='bbox 1365 1701 1423 1755; x_wconf 84' lang='grc' dir='ltr'><strong>δὲ</strong></span> <span class='ocrx_word' id='word_1_130' title='bbox 1473 1697 1883 1772; x_wconf 67' lang='grc' dir='ltr'>μεταμεληθεῒς</span> 
     </span>
    </p>
   </div>
   <div class='ocr_carea' id='block_1_20' title="bbox 285 1789 1879 1870">
    <p class='ocr_par' dir='ltr' id='par_1_20' title="bbox 285 1789 1879 1870">
     <span class='ocr_line' id='line_1_20' title="bbox 285 1789 1879 1870; baseline -0.009 -12"><span class='ocrx_word' id='word_1_131' title='bbox 285 1800 523 1870; x_wconf 66' lang='grc' dir='ltr'>ἀπῆλθε.</span> <span class='ocrx_word' id='word_1_132' title='bbox 561 1799 672 1854; x_wconf 66' lang='grc' dir='ltr'><strong>Καὶ</strong></span> <span class='ocrx_word' id='word_1_133' title='bbox 715 1796 1030 1869; x_wconf 73' lang='grc' dir='ltr'>προσελθὼν</span> <span class='ocrx_word' id='word_1_134' title='bbox 1070 1795 1149 1865; x_wconf 84' lang='grc' dir='ltr'>τῷ</span> <span class='ocrx_word' id='word_1_135' title='bbox 1207 1795 1473 1866; x_wconf 81' lang='grc' dir='ltr'><strong>δευτέρῳ,</strong></span> <span class='ocrx_word' id='word_1_136' title='bbox 1503 1789 1658 1847; x_wconf 76' lang='grc' dir='ltr'>εἶπεν</span> <span class='ocrx_word' id='word_1_137' title='bbox 1693 1791 1879 1845; x_wconf 83' lang='grc' dir='ltr'>ὡσαύ-</span> 
     </span>
    </p>
   </div>
   <div class='ocr_carea' id='block_1_21' title="bbox 285 1881 1884 1959">
    <p class='ocr_par' dir='ltr' id='par_1_21' title="bbox 285 1881 1884 1959">
     <span class='ocr_line' id='line_1_21' title="bbox 285 1881 1884 1959; baseline -0.008 -13"><span class='ocrx_word' id='word_1_138' title='bbox 285 1902 424 1955; x_wconf 75' lang='grc' dir='ltr'>τως·</span> <span class='ocrx_word' id='word_1_139' title='bbox 453 1892 480 1944; x_wconf 94' lang='lat'><strong>6</strong></span> <span class='ocrx_word' id='word_1_140' title='bbox 507 1889 563 1944; x_wconf 71' lang='grc' dir='ltr'>δὲ</span> <span class='ocrx_word' id='word_1_141' title='bbox 591 1888 937 1959; x_wconf 66' lang='grc' dir='ltr'>ἀποκριθεὶς,</span> <span class='ocrx_word' id='word_1_142' title='bbox 965 1883 1120 1941; x_wconf 75' lang='grc' dir='ltr'>εἶπεν</span> <span class='ocrx_word' id='word_1_143' title='bbox 1143 1900 1160 1918; x_wconf 79' lang='grc'><strong><em>⁸</em></strong></span> <span class='ocrx_word' id='word_1_144' title='bbox 1213 1883 1384 1954; x_wconf 86' lang='grc' dir='ltr'>Ἐγὼ,</span> <span class='ocrx_word' id='word_1_145' title='bbox 1425 1883 1610 1953; x_wconf 83' lang='grc' dir='ltr'>κύριε⁶</span> <span class='ocrx_word' id='word_1_146' title='bbox 1655 1882 1750 1936; x_wconf 73' lang='grc' dir='ltr'>καὶ</span> <span class='ocrx_word' id='word_1_147' title='bbox 1781 1881 1884 1934; x_wconf 88' lang='grc' dir='ltr'><strong>οὑκ</strong></span> 
     </span>
    </p>
   </div>
   <div class='ocr_carea' id='block_1_22' title="bbox 285 1960 1885 2054">
    <p class='ocr_par' dir='ltr' id='par_1_22' title="bbox 285 1960 1885 2054">
     <span class='ocr_line' id='line_1_22' title="bbox 285 1960 1885 2054; baseline -0.009 -16"><span class='ocrx_word' id='word_1_148' title='bbox 285 1982 522 2054; x_wconf 75' lang='grc' dir='ltr'>ἀπῆλθε.</span> <span class='ocrx_word' id='word_1_149' title='bbox 556 1983 651 2045; x_wconf 85' lang='grc' dir='ltr'>Τίς</span> <span class='ocrx_word' id='word_1_150' title='bbox 687 1981 878 2036; x_wconf 76' lang='grc' dir='ltr'>ἐκτῶν</span> <span class='ocrx_word' id='word_1_151' title='bbox 909 1980 1004 2034; x_wconf 87' lang='grc' dir='ltr'><strong>δύο</strong></span> <span class='ocrx_word' id='word_1_152' title='bbox 1062 1979 1286 2046; x_wconf 77' lang='grc' dir='ltr'>ἐποίησε</span> <span class='ocrx_word' id='word_1_153' title='bbox 1311 1976 1372 2030; x_wconf 79' lang='grc' dir='ltr'><strong>τὸ</strong></span> <span class='ocrx_word' id='word_1_154' title='bbox 1400 1975 1614 2045; x_wconf 85' lang='grc' dir='ltr'>θέλημα</span> <span class='ocrx_word' id='word_1_155' title='bbox 1651 1960 1743 2027; x_wconf 84' lang='grc' dir='ltr'>τοῦ</span> <span class='ocrx_word' id='word_1_156' title='bbox 1780 1989 1885 2024; x_wconf 82' lang='grc' dir='ltr'>πα-</span> 
     </span>
    </p>
   </div>
   <div class='ocr_carea' id='block_1_23' title="bbox 288 2067 1885 2150">
    <p class='ocr_par' dir='ltr' id='par_1_23' title="bbox 288 2067 1885 2150">
     <span class='ocr_line' id='line_1_23' title="bbox 288 2067 1885 2150; baseline -0.009 -18"><span class='ocrx_word' id='word_1_157' title='bbox 288 2077 456 2150; x_wconf 84' lang='grc' dir='ltr'>τρός;</span> <span class='ocrx_word' id='word_1_158' title='bbox 494 2077 762 2143; x_wconf 76' lang='grc' dir='ltr'><strong>Λέγουσιν</strong></span> <span class='ocrx_word' id='word_1_159' title='bbox 829 2073 999 2144; x_wconf 80' lang='grc' dir='ltr'>αὐτῷ·</span> <span class='ocrx_word' id='word_1_160' title='bbox 1056 2074 1117 2126; x_wconf 90' lang='lat'><strong>&#39;0</strong></span> <span class='ocrx_word' id='word_1_161' title='bbox 1152 2071 1394 2142; x_wconf 85' lang='grc' dir='ltr'>πρῶτος.</span> <span class='ocrx_word' id='word_1_162' title='bbox 1428 2070 1593 2138; x_wconf 77' lang='grc' dir='ltr'>Λέγει</span> <span class='ocrx_word' id='word_1_163' title='bbox 1632 2068 1816 2129; x_wconf 84' lang='grc' dir='ltr'>αὑτοῖς</span> <span class='ocrx_word' id='word_1_164' title='bbox 1855 2067 1885 2119; x_wconf 97' lang='lat'><strong>6</strong></span> 
     </span>
    </p>
   </div>
   <div class='ocr_carea' id='block_1_24' title="bbox 299 2159 1882 2240">
    <p class='ocr_par' dir='ltr' id='par_1_24' title="bbox 299 2159 1882 2240">
     <span class='ocr_line' id='line_1_24' title="bbox 299 2159 1882 2240; baseline -0.009 -16"><span class='ocrx_word' id='word_1_165' title='bbox 299 2170 542 2240; x_wconf 80' lang='grc' dir='ltr'>Ἰησοῦς·</span> <span class='ocrx_word' id='word_1_166' title='bbox 587 2168 762 2238; x_wconf 84' lang='grc' dir='ltr'>Ἀμὴν</span> <span class='ocrx_word' id='word_1_167' title='bbox 797 2168 942 2234; x_wconf 79' lang='grc' dir='ltr'>λέγω</span> <span class='ocrx_word' id='word_1_168' title='bbox 985 2165 1115 2236; x_wconf 83' lang='grc' dir='ltr'>ὑμῖν</span> <span class='ocrx_word' id='word_1_169' title='bbox 1159 2164 1316 2218; x_wconf 79' lang='grc' dir='ltr'>ὅτιοὶ</span> <span class='ocrx_word' id='word_1_170' title='bbox 1375 2161 1606 2215; x_wconf 80' lang='grc' dir='ltr'>τελῶναι</span> <span class='ocrx_word' id='word_1_171' title='bbox 1667 2160 1763 2212; x_wconf 74' lang='grc' dir='ltr'>καὶ</span> <span class='ocrx_word' id='word_1_172' title='bbox 1826 2159 1882 2211; x_wconf 77' lang='grc' dir='ltr'>αἱ</span> 
     </span>
    </p>
   </div>
   <div class='ocr_carea' id='block_1_25' title="bbox 287 2247 1880 2333">
    <p class='ocr_par' dir='ltr' id='par_1_25' title="bbox 287 2247 1880 2333">
     <span class='ocr_line' id='line_1_25' title="bbox 287 2247 1880 2333; baseline -0.009 -17"><span class='ocrx_word' id='word_1_173' title='bbox 287 2264 488 2333; x_wconf 81' lang='grc' dir='ltr'>πόρναι</span> <span class='ocrx_word' id='word_1_174' title='bbox 516 2260 854 2331; x_wconf 80' lang='grc' dir='ltr'>προάγουσιν</span> <span class='ocrx_word' id='word_1_175' title='bbox 884 2259 1029 2330; x_wconf 75' lang='grc' dir='ltr'>ὑμᾶς</span> <span class='ocrx_word' id='word_1_176' title='bbox 1059 2260 1140 2319; x_wconf 76' lang='grc' dir='ltr'>εἰς</span> <span class='ocrx_word' id='word_1_177' title='bbox 1170 2256 1270 2327; x_wconf 83' lang='grc' dir='ltr'>τὴν</span> <span class='ocrx_word' id='word_1_178' title='bbox 1295 2254 1575 2325; x_wconf 80' lang='grc' dir='ltr'>βασιλείαν</span> <span class='ocrx_word' id='word_1_179' title='bbox 1598 2249 1692 2304; x_wconf 83' lang='grc' dir='ltr'>τοῦ</span> <span class='ocrx_word' id='word_1_180' title='bbox 1720 2247 1880 2302; x_wconf 75' lang='grc' dir='ltr'>Θεοῦ.</span> 
     </span>
    </p>
   </div>
   <div class='ocr_carea' id='block_1_26' title="bbox 285 2342 1881 2434">
    <p class='ocr_par' dir='ltr' id='par_1_26' title="bbox 285 2342 1881 2434">
     <span class='ocr_line' id='line_1_26' title="bbox 285 2342 1881 2434; baseline -0.009 -24"><span class='ocrx_word' id='word_1_181' title='bbox 285 2348 461 2410; x_wconf 69' lang='grc' dir='ltr'>*[Ιλθε</span> <span class='ocrx_word' id='word_1_182' title='bbox 493 2356 602 2425; x_wconf 79' lang='grc' dir='ltr'><strong>γὰρ</strong></span> <span class='ocrx_word' id='word_1_183' title='bbox 628 2352 765 2425; x_wconf 76' lang='grc' dir='ltr'>πρὸς</span> <span class='ocrx_word' id='word_1_184' title='bbox 787 2353 939 2434; x_wconf 77' lang='grc' dir='ltr'>ὑμᾶς</span> <span class='ocrx_word' id='word_1_185' title='bbox 985 2350 1242 2419; x_wconf 82' lang='grc' dir='ltr'><strong>Ἰωάννης</strong></span> <span class='ocrx_word' id='word_1_186' title='bbox 1266 2350 1324 2401; x_wconf 74' lang='grc' dir='ltr'>ὲν</span> <span class='ocrx_word' id='word_1_187' title='bbox 1368 2345 1472 2414; x_wconf 75' lang='grc' dir='ltr'>ὁδῷ</span> <span class='ocrx_word' id='word_1_188' title='bbox 1503 2342 1881 2412; x_wconf 81' lang='grc' dir='ltr'><strong>δικαιοσύνης,</strong></span> 
     </span>
    </p>
   </div>
   <div class='ocr_carea' id='block_1_27' title="bbox 287 2437 1882 2512">
    <p class='ocr_par' dir='ltr' id='par_1_27' title="bbox 287 2437 1882 2512">
     <span class='ocr_line' id='line_1_27' title="bbox 287 2437 1882 2512; baseline -0.011 -8"><span class='ocrx_word' id='word_1_189' title='bbox 287 2452 384 2504; x_wconf 72' lang='grc' dir='ltr'><strong>καὶ</strong></span> <span class='ocrx_word' id='word_1_190' title='bbox 435 2450 535 2503; x_wconf 83' lang='grc' dir='ltr'><strong>οὑκ</strong></span> <span class='ocrx_word' id='word_1_191' title='bbox 594 2445 956 2501; x_wconf 79' lang='grc' dir='ltr'>ἐπιστεύσατε</span> <span class='ocrx_word' id='word_1_192' title='bbox 1002 2443 1182 2512; x_wconf 73' lang='grc' dir='ltr'>αὐτῷ·</span> <span class='ocrx_word' id='word_1_193' title='bbox 1217 2443 1266 2495; x_wconf 75' lang='grc' dir='ltr'>οἱ</span> <span class='ocrx_word' id='word_1_194' title='bbox 1300 2441 1355 2493; x_wconf 85' lang='grc' dir='ltr'><strong>δὲ</strong></span> <span class='ocrx_word' id='word_1_195' title='bbox 1398 2440 1629 2492; x_wconf 80' lang='grc' dir='ltr'>τελῶναι</span> <span class='ocrx_word' id='word_1_196' title='bbox 1685 2438 1781 2491; x_wconf 72' lang='grc' dir='ltr'>καὶ</span> <span class='ocrx_word' id='word_1_197' title='bbox 1826 2437 1882 2488; x_wconf 80' lang='grc' dir='ltr'>αἱ</span> 
     </span>
    </p>
   </div>
   <div class='ocr_carea' id='block_1_28' title="bbox 287 2527 1884 2613">
    <p class='ocr_par' dir='ltr' id='par_1_28' title="bbox 287 2527 1884 2613">
     <span class='ocr_line' id='line_1_28' title="bbox 287 2527 1884 2613; baseline -0.009 -19"><span class='ocrx_word' id='word_1_198' title='bbox 287 2542 489 2613; x_wconf 84' lang='grc' dir='ltr'>πόρναι</span> <span class='ocrx_word' id='word_1_199' title='bbox 519 2539 852 2608; x_wconf 66' lang='grc' dir='ltr'>ὲπςστευσαν</span> <span class='ocrx_word' id='word_1_200' title='bbox 883 2535 1032 2603; x_wconf 82' lang='grc' dir='ltr'>αὑτῷ</span> <span class='ocrx_word' id='word_1_201' title='bbox 1056 2550 1068 2564; x_wconf 88' lang='grc'><strong>·</strong></span> <span class='ocrx_word' id='word_1_202' title='bbox 1105 2535 1264 2604; x_wconf 83' lang='grc' dir='ltr'>ὑμεῖς</span> <span class='ocrx_word' id='word_1_203' title='bbox 1306 2532 1364 2586; x_wconf 79' lang='grc' dir='ltr'>δὲ</span> <span class='ocrx_word' id='word_1_204' title='bbox 1403 2531 1602 2594; x_wconf 70' lang='grc' dir='ltr'>ἰδόντες</span> <span class='ocrx_word' id='word_1_205' title='bbox 1633 2527 1693 2581; x_wconf 82' lang='grc' dir='ltr'><strong>οὑ</strong></span> <span class='ocrx_word' id='word_1_206' title='bbox 1729 2544 1884 2597; x_wconf 84' lang='grc' dir='ltr'>μετε-</span> 
     </span>
    </p>
   </div>
   <div class='ocr_carea' id='block_1_29' title="bbox 294 2617 1883 2702">
    <p class='ocr_par' dir='ltr' id='par_1_29' title="bbox 294 2617 1883 2702">
     <span class='ocr_line' id='line_1_29' title="bbox 294 2617 1883 2702; baseline -0.011 -16"><span class='ocrx_word' id='word_1_207' title='bbox 294 2632 566 2702; x_wconf 75' lang='grc' dir='ltr'>μελήθητε</span> <span class='ocrx_word' id='word_1_208' title='bbox 601 2629 832 2698; x_wconf 80' lang='grc' dir='ltr'>ὕστερον</span> <span class='ocrx_word' id='word_1_209' title='bbox 855 2626 951 2680; x_wconf 82' lang='grc' dir='ltr'>τοῦ</span> <span class='ocrx_word' id='word_1_210' title='bbox 1011 2625 1304 2679; x_wconf 79' lang='grc' dir='ltr'>πιστεῦσαι</span> <span class='ocrx_word' id='word_1_211' title='bbox 1347 2621 1518 2692; x_wconf 82' lang='grc' dir='ltr'>αὑτῷ.</span> <span class='ocrx_word' id='word_1_212' title='bbox 1564 2639 1581 2671; x_wconf 75' lang='grc' dir='ltr'>ι</span> <span class='ocrx_word' id='word_1_213' title='bbox 1614 2619 1720 2674; x_wconf 86' lang='grc' dir='ltr'>Δύο</span> <span class='ocrx_word' id='word_1_214' title='bbox 1748 2617 1883 2683; x_wconf 86' lang='grc' dir='ltr'>τάγ-</span> 
     </span>
    </p>
   </div>
   <div class='ocr_carea' id='block_1_30' title="bbox 294 2713 1879 2794">
    <p class='ocr_par' dir='ltr' id='par_1_30' title="bbox 294 2713 1879 2794">
     <span class='ocr_line' id='line_1_30' title="bbox 294 2713 1879 2794; baseline -0.009 -17"><span class='ocrx_word' id='word_1_215' title='bbox 294 2741 440 2794; x_wconf 87' lang='grc' dir='ltr'>ματα</span> <span class='ocrx_word' id='word_1_216' title='bbox 469 2721 701 2788; x_wconf 63' lang='grc' dir='ltr'>εἰσάγειξ</span> <span class='ocrx_word' id='word_1_217' title='bbox 739 2719 799 2774; x_wconf 80' lang='grc' dir='ltr'>ἓν</span> <span class='ocrx_word' id='word_1_218' title='bbox 830 2720 929 2789; x_wconf 76' lang='grc' dir='ltr'>μὲν</span> <span class='ocrx_word' id='word_1_219' title='bbox 970 2718 1080 2772; x_wconf 87' lang='grc' dir='ltr'><strong>τῶν</strong></span> <span class='ocrx_word' id='word_1_220' title='bbox 1134 2716 1193 2783; x_wconf 76' lang='grc' dir='ltr'><strong>ἐξ</strong></span> <span class='ocrx_word' id='word_1_221' title='bbox 1242 2715 1420 2786; x_wconf 78' lang='grc' dir='ltr'>ἀρχῆς</span> <span class='ocrx_word' id='word_1_222' title='bbox 1457 2713 1879 2784; x_wconf 81' lang='grc' dir='ltr'>ὑποσχομένων·</span> 
     </span>
    </p>
   </div>
   <div class='ocr_carea' id='block_1_31' title="bbox 291 2798 1883 2886">
    <p class='ocr_par' dir='ltr' id='par_1_31' title="bbox 291 2798 1883 2886">
     <span class='ocr_line' id='line_1_31' title="bbox 291 2798 1883 2886; baseline -0.009 -18"><span class='ocrx_word' id='word_1_223' title='bbox 291 2811 394 2868; x_wconf 70' lang='grc' dir='ltr'>οἶοι</span> <span class='ocrx_word' id='word_1_224' title='bbox 414 2810 556 2886; x_wconf 78' lang='grc' dir='ltr'>ἦσαν</span> <span class='ocrx_word' id='word_1_225' title='bbox 587 2814 637 2866; x_wconf 77' lang='grc' dir='ltr'><strong>οἱ</strong></span> <span class='ocrx_word' id='word_1_226' title='bbox 678 2810 948 2876; x_wconf 81' lang='grc' dir='ltr'>Ἰουδαῖοι,</span> <span class='ocrx_word' id='word_1_227' title='bbox 1001 2806 1251 2870; x_wconf 72' lang='grc' dir='ltr'>εἰπόντες</span> <span class='ocrx_word' id='word_1_228' title='bbox 1278 2822 1292 2837; x_wconf 80' lang='grc' dir='ltr'><strong>ο</strong></span> <span class='ocrx_word' id='word_1_229' title='bbox 1325 2824 1343 2857; x_wconf 78' lang='grc' dir='ltr'>ι</span> <span class='ocrx_word' id='word_1_230' title='bbox 1377 2805 1562 2859; x_wconf 87' lang='grc' dir='ltr'>Πάντα</span> <span class='ocrx_word' id='word_1_231' title='bbox 1594 2804 1693 2857; x_wconf 82' lang='grc' dir='ltr'>ὅσα</span> <span class='ocrx_word' id='word_1_232' title='bbox 1728 2798 1883 2855; x_wconf 82' lang='grc' dir='ltr'>εἶπεν</span> 
     </span>
    </p>
   </div>
   <div class='ocr_carea' id='block_1_32' title="bbox 289 2893 1884 2974">
    <p class='ocr_par' dir='ltr' id='par_1_32' title="bbox 289 2893 1884 2974">
     <span class='ocr_line' id='line_1_32' title="bbox 289 2893 1884 2974; baseline -0.008 -15"><span class='ocrx_word' id='word_1_233' title='bbox 289 2908 317 2959; x_wconf 92' lang='lat'><strong>6</strong></span> <span class='ocrx_word' id='word_1_234' title='bbox 350 2905 482 2968; x_wconf 78' lang='grc' dir='ltr'>Θεὸς</span> <span class='ocrx_word' id='word_1_235' title='bbox 511 2905 814 2974; x_wconf 87' lang='grc' dir='ltr'>ποιήσομεν</span> <span class='ocrx_word' id='word_1_236' title='bbox 835 2901 929 2957; x_wconf 79' lang='grc' dir='ltr'>καὶ</span> <span class='ocrx_word' id='word_1_237' title='bbox 952 2897 1302 2968; x_wconf 80' lang='grc' dir='ltr'>ἀκουσόμεθα</span> <span class='ocrx_word' id='word_1_238' title='bbox 1333 2911 1347 2925; x_wconf 90' lang='grc'><strong>·</strong></span> <span class='ocrx_word' id='word_1_239' title='bbox 1399 2915 1417 2946; x_wconf 82' lang='grc' dir='ltr'>ι</span> <span class='ocrx_word' id='word_1_240' title='bbox 1452 2895 1639 2965; x_wconf 78' lang='grc' dir='ltr'>ἓτερον</span> <span class='ocrx_word' id='word_1_241' title='bbox 1664 2895 1742 2957; x_wconf 75' lang='grc' dir='ltr'><strong>δὲ,</strong></span> <span class='ocrx_word' id='word_1_242' title='bbox 1775 2893 1884 2948; x_wconf 88' lang='grc' dir='ltr'><strong>τῶν</strong></span> 
     </span>
    </p>
   </div>
   <div class='ocr_carea' id='block_1_33' title="bbox 289 2986 1883 3070">
    <p class='ocr_par' dir='ltr' id='par_1_33' title="bbox 289 2986 1883 3070">
     <span class='ocr_line' id='line_1_33' title="bbox 289 2986 1883 3070; baseline -0.011 -15"><span class='ocrx_word' id='word_1_243' title='bbox 289 2999 730 3070; x_wconf 81' lang='grc' dir='ltr'>ἁπειθησάντων,</span> <span class='ocrx_word' id='word_1_244' title='bbox 782 2989 893 3049; x_wconf 73' lang='grc' dir='ltr'>οἷον</span> <span class='ocrx_word' id='word_1_245' title='bbox 937 2993 1158 3064; x_wconf 81' lang='grc' dir='ltr'>πορνῶν</span> <span class='ocrx_word' id='word_1_246' title='bbox 1186 2989 1280 3044; x_wconf 75' lang='grc' dir='ltr'>καὶ</span> <span class='ocrx_word' id='word_1_247' title='bbox 1340 2989 1610 3052; x_wconf 79' lang='grc' dir='ltr'>τελωνῶν,</span> <span class='ocrx_word' id='word_1_248' title='bbox 1651 2986 1787 3040; x_wconf 76' lang='grc' dir='ltr'>ἀλλὰ</span> <span class='ocrx_word' id='word_1_249' title='bbox 1818 2986 1883 3055; x_wconf 86' lang='grc' dir='ltr'><strong>δὴ</strong></span> 
     </span>
    </p>
   </div>
   <div class='ocr_carea' id='block_1_34' title="bbox 290 3079 1887 3155">
    <p class='ocr_par' dir='ltr' id='par_1_34' title="bbox 290 3079 1887 3155">
     <span class='ocr_line' id='line_1_34' title="bbox 290 3079 1887 3155; baseline -0.01 -7"><span class='ocrx_word' id='word_1_250' title='bbox 290 3097 389 3148; x_wconf 79' lang='grc' dir='ltr'><strong>καὶ</strong></span> <span class='ocrx_word' id='word_1_251' title='bbox 417 3093 513 3145; x_wconf 84' lang='grc' dir='ltr'>τοῦ</span> <span class='ocrx_word' id='word_1_252' title='bbox 547 3090 608 3155; x_wconf 77' lang='grc' dir='ltr'>ἐξ</span> <span class='ocrx_word' id='word_1_253' title='bbox 630 3089 798 3143; x_wconf 69' lang='grc' dir='ltr'>ἐθνῶν</span> <span class='ocrx_word' id='word_1_254' title='bbox 828 3083 985 3151; x_wconf 82' lang='grc' dir='ltr'>λαοῦ,</span> <span class='ocrx_word' id='word_1_255' title='bbox 1027 3086 1076 3138; x_wconf 79' lang='grc' dir='ltr'><strong>οἳ</strong></span> <span class='ocrx_word' id='word_1_256' title='bbox 1110 3083 1168 3148; x_wconf 76' lang='grc' dir='ltr'>ἐξ</span> <span class='ocrx_word' id='word_1_257' title='bbox 1207 3083 1381 3154; x_wconf 78' lang='grc' dir='ltr'><strong>ἀρχῆς</strong></span> <span class='ocrx_word' id='word_1_258' title='bbox 1424 3080 1498 3151; x_wconf 77' lang='grc' dir='ltr'>μὴ</span> <span class='ocrx_word' id='word_1_259' title='bbox 1537 3079 1887 3134; x_wconf 80' lang='grc' dir='ltr'>ὑπακούσαν-</span> 
     </span>
    </p>
   </div>
   <div class='ocr_carea' id='block_1_35' title="bbox 1988 583 3588 659">
    <p class='ocr_par' dir='ltr' id='par_1_35' title="bbox 1988 583 3588 659">
     <span class='ocr_line' id='line_1_35' title="bbox 1988 583 3588 659; baseline -0.006 -12"><span class='ocrx_word' id='word_1_260' title='bbox 1988 593 2132 647; x_wconf 85' lang='lat' dir='ltr'><strong>enim</strong></span> <span class='ocrx_word' id='word_1_261' title='bbox 2155 602 2210 643; x_wconf 90' lang='lat' dir='ltr'><strong>ut</strong></span> <span class='ocrx_word' id='word_1_262' title='bbox 2236 589 2554 659; x_wconf 87' lang='lat' dir='ltr'><strong>prophetam</strong></span> <span class='ocrx_word' id='word_1_263' title='bbox 2582 588 2861 650; x_wconf 88' lang='lat' dir='ltr'><strong>habebant</strong></span> <span class='ocrx_word' id='word_1_264' title='bbox 2889 585 3181 642; x_wconf 84' lang='lat' dir='ltr'><strong>Joannem.</strong></span> <span class='ocrx_word' id='word_1_265' title='bbox 3211 583 3463 642; x_wconf 85' lang='lat' dir='ltr'><strong>Ostendit</strong></span> <span class='ocrx_word' id='word_1_266' title='bbox 3493 601 3588 641; x_wconf 82' lang='lat' dir='ltr'><strong>au-</strong></span> 
     </span>
    </p>
   </div>
   <div class='ocr_carea' id='block_1_36' title="bbox 1989 677 3639 756">
    <p class='ocr_par' dir='ltr' id='par_1_36' title="bbox 1989 677 3639 756">
     <span class='ocr_line' id='line_1_36' title="bbox 1989 677 3639 756; baseline -0.003 -20"><span class='ocrx_word' id='word_1_267' title='bbox 1989 695 2092 737; x_wconf 88' lang='lat' dir='ltr'><strong>tem</strong></span> <span class='ocrx_word' id='word_1_268' title='bbox 2126 685 2226 736; x_wconf 87' lang='lat' dir='ltr'><strong>hoc</strong></span> <span class='ocrx_word' id='word_1_269' title='bbox 2258 683 2376 736; x_wconf 90' lang='lat' dir='ltr'><strong>loco</strong></span> <span class='ocrx_word' id='word_1_270' title='bbox 2413 681 2707 746; x_wconf 87' lang='lat' dir='ltr'><strong>Dominus,</strong></span> <span class='ocrx_word' id='word_1_271' title='bbox 2738 679 2881 749; x_wconf 84' lang='lat' dir='ltr'><strong>quod</strong></span> <span class='ocrx_word' id='word_1_272' title='bbox 2917 679 3152 747; x_wconf 71' lang='lat' dir='ltr'><strong>maligne</strong></span> <span class='ocrx_word' id='word_1_273' title='bbox 3195 677 3586 748; x_wconf 74' lang='lat' dir='ltr'><strong>interroganti-</strong></span> <span class='ocrx_word' id='word_1_274' title='bbox 3633 745 3639 756; x_wconf 42' lang='grc' dir='ltr'>ι</span> 
     </span>
    </p>
   </div>
   <div class='ocr_carea' id='block_1_37' title="bbox 1986 770 3586 843">
    <p class='ocr_par' dir='ltr' id='par_1_37' title="bbox 1986 770 3586 843">
     <span class='ocr_line' id='line_1_37' title="bbox 1986 770 3586 843; baseline -0.003 -12"><span class='ocrx_word' id='word_1_275' title='bbox 1986 779 2089 832; x_wconf 85' lang='lat' dir='ltr'><strong>bus</strong></span> <span class='ocrx_word' id='word_1_276' title='bbox 2119 791 2223 829; x_wconf 86' lang='lat' dir='ltr'><strong>non</strong></span> <span class='ocrx_word' id='word_1_277' title='bbox 2265 781 2517 843; x_wconf 74' lang='lat' dir='ltr'><strong>oporteat</strong></span> <span class='ocrx_word' id='word_1_278' title='bbox 2548 773 2904 840; x_wconf 85' lang='lat' dir='ltr'><strong>respondere.</strong></span> <span class='ocrx_word' id='word_1_279' title='bbox 2937 770 3071 825; x_wconf 82' lang='lat' dir='ltr'><strong>Nam</strong></span> <span class='ocrx_word' id='word_1_280' title='bbox 3100 786 3204 826; x_wconf 92' lang='lat' dir='ltr'><strong>nec</strong></span> <span class='ocrx_word' id='word_1_281' title='bbox 3235 771 3351 840; x_wconf 88' lang='lat' dir='ltr'><strong>ipse</strong></span> <span class='ocrx_word' id='word_1_282' title='bbox 3384 771 3586 826; x_wconf 57' lang='lat' dir='ltr'><strong>ludatis</strong></span> 
     </span>
    </p>
   </div>
   <div class='ocr_carea' id='block_1_38' title="bbox 1987 865 3585 936">
    <p class='ocr_par' dir='ltr' id='par_1_38' title="bbox 1987 865 3585 936">
     <span class='ocr_line' id='line_1_38' title="bbox 1987 865 3585 936; baseline -0.004 -12"><span class='ocrx_word' id='word_1_283' title='bbox 1987 869 2172 925; x_wconf 83' lang='lat' dir='ltr'><strong>dolose</strong></span> <span class='ocrx_word' id='word_1_284' title='bbox 2225 868 2692 936; x_wconf 77' lang='lat' dir='ltr'><strong>interrogantibus</strong></span> <span class='ocrx_word' id='word_1_285' title='bbox 2753 866 3065 936; x_wconf 81' lang='lat' dir='ltr'><strong>respondit,</strong></span> <span class='ocrx_word' id='word_1_286' title='bbox 3125 865 3378 936; x_wconf 76' lang='lat' dir='ltr'><strong>quamvis</strong></span> <span class='ocrx_word' id='word_1_287' title='bbox 3441 865 3585 918; x_wconf 88' lang='lat' dir='ltr'><strong>nulla</strong></span> 
     </span>
    </p>
   </div>
   <div class='ocr_carea' id='block_1_39' title="bbox 1989 955 3590 1032">
    <p class='ocr_par' dir='ltr' id='par_1_39' title="bbox 1989 955 3590 1032">
     <span class='ocr_line' id='line_1_39' title="bbox 1989 955 3590 1032; baseline -0.005 -16"><span class='ocrx_word' id='word_1_288' title='bbox 1989 961 2350 1032; x_wconf 77' lang='lat' dir='ltr'><strong>respondendi</strong></span> <span class='ocrx_word' id='word_1_289' title='bbox 2390 957 2679 1013; x_wconf 71' lang='lat' dir='ltr'><strong>diliioultas</strong></span> <span class='ocrx_word' id='word_1_290' title='bbox 2709 967 2874 1012; x_wconf 88' lang='lat' dir='ltr'><strong>esset.</strong></span> <span class='ocrx_word' id='word_1_291' title='bbox 2919 957 3189 1010; x_wconf 90' lang='lat' dir='ltr'><strong>Discimns</strong></span> <span class='ocrx_word' id='word_1_292' title='bbox 3233 967 3413 1011; x_wconf 83' lang='lat' dir='ltr'><strong>autem</strong></span> <span class='ocrx_word' id='word_1_293' title='bbox 3450 955 3590 1008; x_wconf 90' lang='lat' dir='ltr'><strong>inte-</strong></span> 
     </span>
    </p>
   </div>
   <div class='ocr_carea' id='block_1_40' title="bbox 1989 1045 3585 1122">
    <p class='ocr_par' dir='ltr' id='par_1_40' title="bbox 1989 1045 3585 1122">
     <span class='ocr_line' id='line_1_40' title="bbox 1989 1045 3585 1122; baseline -0.005 -15"><span class='ocrx_word' id='word_1_294' title='bbox 1989 1053 2090 1107; x_wconf 90' lang='lat' dir='ltr'><strong>rim</strong></span> <span class='ocrx_word' id='word_1_295' title='bbox 2122 1052 2265 1122; x_wconf 91' lang='lat' dir='ltr'><strong>quod</strong></span> <span class='ocrx_word' id='word_1_296' title='bbox 2295 1051 2647 1117; x_wconf 75' lang='lat' dir='ltr'><strong>semetipsum</strong></span> <span class='ocrx_word' id='word_1_297' title='bbox 2675 1049 2896 1102; x_wconf 71' lang='lat' dir='ltr'><strong>laudare</strong></span> <span class='ocrx_word' id='word_1_298' title='bbox 2928 1064 3032 1100; x_wconf 87' lang='lat' dir='ltr'><strong>non</strong></span> <span class='ocrx_word' id='word_1_299' title='bbox 3072 1057 3154 1102; x_wconf 85' lang='lat' dir='ltr'><strong>est</strong></span> <span class='ocrx_word' id='word_1_300' title='bbox 3190 1047 3348 1116; x_wconf 69' lang='lat' dir='ltr'><strong>juvta</strong></span> <span class='ocrx_word' id='word_1_301' title='bbox 3380 1045 3585 1109; x_wconf 80' lang='lat' dir='ltr'><strong>Christi</strong></span> 
     </span>
    </p>
   </div>
   <div class='ocr_carea' id='block_1_41' title="bbox 1988 1143 3589 1213">
    <p class='ocr_par' dir='ltr' id='par_1_41' title="bbox 1988 1143 3589 1213">
     <span class='ocr_line' id='line_1_41' title="bbox 1988 1143 3589 1213; baseline -0.002 -13"><span class='ocrx_word' id='word_1_302' title='bbox 1988 1146 2312 1201; x_wconf 79' lang='lat' dir='ltr'><strong>doctrinam.</strong></span> <span class='ocrx_word' id='word_1_303' title='bbox 2352 1147 2496 1200; x_wconf 84' lang='lat' dir='ltr'><strong>Ecce</strong></span> <span class='ocrx_word' id='word_1_304' title='bbox 2535 1143 2796 1197; x_wconf 84' lang='lat' dir='ltr'><strong>Dominus</strong></span> <span class='ocrx_word' id='word_1_305' title='bbox 2845 1144 2993 1198; x_wconf 89' lang='lat' dir='ltr'><strong>enim</strong></span> <span class='ocrx_word' id='word_1_306' title='bbox 3040 1145 3128 1208; x_wconf 84' lang='lat' dir='ltr'><strong>qui</strong></span> <span class='ocrx_word' id='word_1_307' title='bbox 3177 1145 3357 1213; x_wconf 83' lang='lat' dir='ltr'><strong>pomit</strong></span> <span class='ocrx_word' id='word_1_308' title='bbox 3407 1144 3589 1196; x_wconf 71' lang='lat' dir='ltr'><strong>dicere</strong></span> 
     </span>
    </p>
   </div>
   <div class='ocr_carea' id='block_1_42' title="bbox 1987 1236 3586 1310">
    <p class='ocr_par' dir='ltr' id='par_1_42' title="bbox 1987 1236 3586 1310">
     <span class='ocr_line' id='line_1_42' title="bbox 1987 1236 3586 1310; baseline -0.004 -16"><span class='ocrx_word' id='word_1_309' title='bbox 1987 1256 2092 1310; x_wconf 87' lang='lat' dir='ltr'><strong>qua</strong></span> <span class='ocrx_word' id='word_1_310' title='bbox 2126 1248 2392 1308; x_wconf 84' lang='lat' dir='ltr'><strong>potestate</strong></span> <span class='ocrx_word' id='word_1_311' title='bbox 2438 1239 2556 1292; x_wconf 72' lang='lat' dir='ltr'><strong>haec</strong></span> <span class='ocrx_word' id='word_1_312' title='bbox 2613 1237 2841 1303; x_wconf 88' lang='lat' dir='ltr'><strong>faceret,</strong></span> <span class='ocrx_word' id='word_1_313' title='bbox 2875 1251 2982 1292; x_wconf 92' lang='lat' dir='ltr'><strong>non</strong></span> <span class='ocrx_word' id='word_1_314' title='bbox 3011 1236 3185 1300; x_wconf 78' lang='lat' dir='ltr'><strong>dixit,</strong></span> <span class='ocrx_word' id='word_1_315' title='bbox 3230 1251 3301 1292; x_wconf 90' lang='lat' dir='ltr'><strong>ne</strong></span> <span class='ocrx_word' id='word_1_316' title='bbox 3345 1236 3586 1305; x_wconf 86' lang='lat' dir='ltr'><strong>seipsum</strong></span> 
     </span>
    </p>
   </div>
   <div class='ocr_carea' id='block_1_43' title="bbox 1987 1331 2525 1385">
    <p class='ocr_par' dir='ltr' id='par_1_43' title="bbox 1987 1331 2525 1385">
     <span class='ocr_line' id='line_1_43' title="bbox 1987 1331 2525 1385; baseline -0.006 0"><span class='ocrx_word' id='word_1_317' title='bbox 1987 1331 2144 1385; x_wconf 87' lang='lat' dir='ltr'><strong>lauda</strong></span> <span class='ocrx_word' id='word_1_318' title='bbox 2155 1346 2210 1385; x_wconf 91' lang='lat' dir='ltr'><strong>re</strong></span> <span class='ocrx_word' id='word_1_319' title='bbox 2230 1331 2525 1384; x_wconf 75' lang='lat' dir='ltr'><strong>videretur.</strong></span> 
     </span>
    </p>
   </div>
   <div class='ocr_carea' id='block_1_44' title="bbox 2061 1417 3589 1498">
    <p class='ocr_par' dir='ltr' id='par_1_44' title="bbox 2061 1417 3589 1498">
     <span class='ocr_line' id='line_1_44' title="bbox 2061 1417 3589 1498; baseline -0.003 -21"><span class='ocrx_word' id='word_1_320' title='bbox 2061 1423 2224 1477; x_wconf 75' lang='lat' dir='ltr'><strong>Vrsas.</strong></span> <span class='ocrx_word' id='word_1_321' title='bbox 2257 1421 2504 1498; x_wconf 49' lang='lat'><strong>28-52.:</strong></span> <span class='ocrx_word' id='word_1_322' title='bbox 2542 1420 2680 1488; x_wconf 84' lang='lat' dir='ltr'><strong>Quid</strong></span> <span class='ocrx_word' id='word_1_323' title='bbox 2715 1430 2896 1474; x_wconf 87' lang='lat' dir='ltr'><strong>autem</strong></span> <span class='ocrx_word' id='word_1_324' title='bbox 2929 1419 3085 1474; x_wconf 87' lang='lat' dir='ltr'><strong>vobis</strong></span> <span class='ocrx_word' id='word_1_325' title='bbox 3121 1418 3381 1473; x_wconf 77' lang='lat' dir='ltr'><strong>videtur?</strong></span> <span class='ocrx_word' id='word_1_326' title='bbox 3413 1417 3589 1472; x_wconf 86' lang='lat' dir='ltr'><strong>Homo</strong></span> 
     </span>
    </p>
   </div>
   <div class='ocr_carea' id='block_1_45' title="bbox 1987 1513 3587 1585">
    <p class='ocr_par' dir='ltr' id='par_1_45' title="bbox 1987 1513 3587 1585">
     <span class='ocr_line' id='line_1_45' title="bbox 1987 1513 3587 1585; baseline -0.004 -14"><span class='ocrx_word' id='word_1_327' title='bbox 1987 1517 2206 1585; x_wconf 86' lang='lat' dir='ltr'><strong>quidam</strong></span> <span class='ocrx_word' id='word_1_328' title='bbox 2239 1515 2475 1571; x_wconf 80' lang='lat' dir='ltr'><strong>habebat</strong></span> <span class='ocrx_word' id='word_1_329' title='bbox 2501 1516 2637 1570; x_wconf 90' lang='lat' dir='ltr'><strong>duos</strong></span> <span class='ocrx_word' id='word_1_330' title='bbox 2676 1513 2854 1568; x_wconf 84' lang='lat' dir='ltr'><strong>filios:</strong></span> <span class='ocrx_word' id='word_1_331' title='bbox 2886 1522 2941 1567; x_wconf 90' lang='lat' dir='ltr'><strong>et</strong></span> <span class='ocrx_word' id='word_1_332' title='bbox 2967 1513 3233 1568; x_wconf 78' lang='lat' dir='ltr'><strong>accedens</strong></span> <span class='ocrx_word' id='word_1_333' title='bbox 3254 1513 3320 1566; x_wconf 92' lang='lat' dir='ltr'><strong>ad</strong></span> <span class='ocrx_word' id='word_1_334' title='bbox 3348 1513 3587 1581; x_wconf 88' lang='lat' dir='ltr'><strong>priorem</strong></span> 
     </span>
    </p>
   </div>
   <div class='ocr_carea' id='block_1_46' title="bbox 1987 1605 3592 1676">
    <p class='ocr_par' dir='ltr' id='par_1_46' title="bbox 1987 1605 3592 1676">
     <span class='ocr_line' id='line_1_46' title="bbox 1987 1605 3592 1676; baseline -0.001 -14"><span class='ocrx_word' id='word_1_335' title='bbox 1987 1611 2163 1665; x_wconf 81' lang='lat' dir='ltr'><strong>dixit:</strong></span> <span class='ocrx_word' id='word_1_336' title='bbox 2200 1609 2323 1673; x_wconf 89' lang='lat' dir='ltr'><strong>Fili,</strong></span> <span class='ocrx_word' id='word_1_337' title='bbox 2357 1609 2492 1663; x_wconf 83' lang='lat' dir='ltr'><strong>vade</strong></span> <span class='ocrx_word' id='word_1_338' title='bbox 2541 1609 2724 1670; x_wconf 93' lang='lat' dir='ltr'><strong>hodie,</strong></span> <span class='ocrx_word' id='word_1_339' title='bbox 2758 1620 2988 1676; x_wconf 89' lang='lat' dir='ltr'><strong>operare</strong></span> <span class='ocrx_word' id='word_1_340' title='bbox 3024 1607 3075 1660; x_wconf 93' lang='lat' dir='ltr'><strong>in</strong></span> <span class='ocrx_word' id='word_1_341' title='bbox 3129 1607 3284 1660; x_wconf 87' lang='lat' dir='ltr'><strong>vinea</strong></span> <span class='ocrx_word' id='word_1_342' title='bbox 3323 1621 3462 1659; x_wconf 89' lang='lat' dir='ltr'><strong>mea.</strong></span> <span class='ocrx_word' id='word_1_343' title='bbox 3494 1605 3592 1660; x_wconf 87' lang='lat' dir='ltr'><strong>llle</strong></span> 
     </span>
    </p>
   </div>
   <div class='ocr_carea' id='block_1_47' title="bbox 1987 1699 3588 1771">
    <p class='ocr_par' dir='ltr' id='par_1_47' title="bbox 1987 1699 3588 1771">
     <span class='ocr_line' id='line_1_47' title="bbox 1987 1699 3588 1771; baseline -0.004 -14"><span class='ocrx_word' id='word_1_344' title='bbox 1987 1713 2164 1758; x_wconf 89' lang='lat' dir='ltr'><strong>autem</strong></span> <span class='ocrx_word' id='word_1_345' title='bbox 2195 1703 2531 1771; x_wconf 86' lang='lat' dir='ltr'><strong>respondens</strong></span> <span class='ocrx_word' id='word_1_346' title='bbox 2562 1702 2667 1754; x_wconf 90' lang='lat' dir='ltr'><strong>ait:</strong></span> <span class='ocrx_word' id='word_1_347' title='bbox 2699 1699 2853 1754; x_wconf 78' lang='lat' dir='ltr'><strong>Nolo.</strong></span> <span class='ocrx_word' id='word_1_348' title='bbox 2883 1699 3076 1754; x_wconf 81' lang='lat' dir='ltr'><strong>Postea</strong></span> <span class='ocrx_word' id='word_1_349' title='bbox 3104 1714 3234 1754; x_wconf 86' lang='lat' dir='ltr'><strong>vero</strong></span> <span class='ocrx_word' id='word_1_350' title='bbox 3260 1701 3588 1768; x_wconf 66' lang='lat' dir='ltr'><strong>paenitentia</strong></span> 
     </span>
    </p>
   </div>
   <div class='ocr_carea' id='block_1_48' title="bbox 1988 1791 3595 1851">
    <p class='ocr_par' dir='ltr' id='par_1_48' title="bbox 1988 1791 3595 1851">
     <span class='ocr_line' id='line_1_48' title="bbox 1988 1791 3595 1851; baseline -0.002 -1"><span class='ocrx_word' id='word_1_351' title='bbox 1988 1806 2168 1851; x_wconf 90' lang='lat' dir='ltr'><strong>motus</strong></span> <span class='ocrx_word' id='word_1_352' title='bbox 2192 1795 2342 1850; x_wconf 89' lang='lat' dir='ltr'><strong>abiit.</strong></span> <span class='ocrx_word' id='word_1_353' title='bbox 2369 1795 2649 1851; x_wconf 82' lang='lat' dir='ltr'><strong>Accedens</strong></span> <span class='ocrx_word' id='word_1_354' title='bbox 2673 1805 2850 1848; x_wconf 87' lang='lat' dir='ltr'><strong>autem</strong></span> <span class='ocrx_word' id='word_1_355' title='bbox 2882 1794 2946 1847; x_wconf 90' lang='lat' dir='ltr'><strong>ad</strong></span> <span class='ocrx_word' id='word_1_356' title='bbox 2981 1795 3209 1846; x_wconf 87' lang='lat' dir='ltr'><strong>alterum</strong></span> <span class='ocrx_word' id='word_1_357' title='bbox 3233 1795 3369 1846; x_wconf 83' lang='lat' dir='ltr'><strong>dixit</strong></span> <span class='ocrx_word' id='word_1_358' title='bbox 3402 1791 3595 1847; x_wconf 83' lang='lat' dir='ltr'><strong>simili-</strong></span> 
     </span>
    </p>
   </div>
   <div class='ocr_carea' id='block_1_49' title="bbox 1993 1883 3588 1957">
    <p class='ocr_par' dir='ltr' id='par_1_49' title="bbox 1993 1883 3588 1957">
     <span class='ocr_line' id='line_1_49' title="bbox 1993 1883 3588 1957; baseline -0.004 -12"><span class='ocrx_word' id='word_1_359' title='bbox 1993 1901 2107 1957; x_wconf 89' lang='lat' dir='ltr'><strong>ter;</strong></span> <span class='ocrx_word' id='word_1_360' title='bbox 2132 1899 2188 1943; x_wconf 88' lang='lat' dir='ltr'><strong>at</strong></span> <span class='ocrx_word' id='word_1_361' title='bbox 2208 1890 2296 1944; x_wconf 91' lang='lat' dir='ltr'><strong>ille</strong></span> <span class='ocrx_word' id='word_1_362' title='bbox 2318 1889 2653 1957; x_wconf 83' lang='lat' dir='ltr'><strong>respondens</strong></span> <span class='ocrx_word' id='word_1_363' title='bbox 2671 1889 2743 1943; x_wconf 86' lang='lat' dir='ltr'><strong>ait</strong></span> <span class='ocrx_word' id='word_1_364' title='bbox 2776 1907 2788 1942; x_wconf 88' lang='lat'><strong>:</strong></span> <span class='ocrx_word' id='word_1_365' title='bbox 2818 1886 2918 1951; x_wconf 85' lang='lat' dir='ltr'><strong>Eo,</strong></span> <span class='ocrx_word' id='word_1_366' title='bbox 2955 1887 3195 1951; x_wconf 85' lang='lat' dir='ltr'><strong>domine,</strong></span> <span class='ocrx_word' id='word_1_367' title='bbox 3221 1896 3274 1940; x_wconf 91' lang='lat' dir='ltr'><strong>et</strong></span> <span class='ocrx_word' id='word_1_368' title='bbox 3307 1900 3411 1939; x_wconf 90' lang='lat' dir='ltr'><strong>non</strong></span> <span class='ocrx_word' id='word_1_369' title='bbox 3434 1883 3588 1938; x_wconf 90' lang='lat' dir='ltr'><strong>abiit.</strong></span> 
     </span>
    </p>
   </div>
   <div class='ocr_carea' id='block_1_50' title="bbox 1991 1976 3589 2052">
    <p class='ocr_par' dir='ltr' id='par_1_50' title="bbox 1991 1976 3589 2052">
     <span class='ocr_line' id='line_1_50' title="bbox 1991 1976 3589 2052; baseline -0.004 -14"><span class='ocrx_word' id='word_1_370' title='bbox 1991 1983 2125 2038; x_wconf 88' lang='lat' dir='ltr'><strong>Uter</strong></span> <span class='ocrx_word' id='word_1_371' title='bbox 2152 2000 2181 2036; x_wconf 69' lang='grc' dir='ltr'><strong>ει</strong></span> <span class='ocrx_word' id='word_1_372' title='bbox 2209 1984 2418 2037; x_wconf 85' lang='lat' dir='ltr'><strong>duobus</strong></span> <span class='ocrx_word' id='word_1_373' title='bbox 2464 1982 2590 2037; x_wconf 72' lang='lat' dir='ltr'><strong>fecit</strong></span> <span class='ocrx_word' id='word_1_374' title='bbox 2633 1981 2773 2048; x_wconf 86' lang='lat' dir='ltr'><strong>quod</strong></span> <span class='ocrx_word' id='word_1_375' title='bbox 2824 1981 2996 2036; x_wconf 79' lang='lat' dir='ltr'><strong>voluit</strong></span> <span class='ocrx_word' id='word_1_376' title='bbox 3051 1980 3241 2045; x_wconf 85' lang='lat' dir='ltr'><strong>pater?</strong></span> <span class='ocrx_word' id='word_1_377' title='bbox 3271 1978 3466 2052; x_wconf 68' lang='lat' dir='ltr'><strong>Dicunt</strong></span> <span class='ocrx_word' id='word_1_378' title='bbox 3489 1976 3539 2031; x_wconf 87' lang='lat' dir='ltr'><strong>ci</strong></span> <span class='ocrx_word' id='word_1_379' title='bbox 3574 1995 3589 2031; x_wconf 88' lang='lat'><strong>:</strong></span> 
     </span>
    </p>
   </div>
   <div class='ocr_carea' id='block_1_51' title="bbox 1990 2068 3591 2137">
    <p class='ocr_par' dir='ltr' id='par_1_51' title="bbox 1990 2068 3591 2137">
     <span class='ocr_line' id='line_1_51' title="bbox 1990 2068 3591 2137; baseline -0.005 -7"><span class='ocrx_word' id='word_1_380' title='bbox 1990 2076 2165 2130; x_wconf 85' lang='lat' dir='ltr'><strong>Prior.</strong></span> <span class='ocrx_word' id='word_1_381' title='bbox 2226 2073 2364 2129; x_wconf 85' lang='lat' dir='ltr'><strong>Dicit</strong></span> <span class='ocrx_word' id='word_1_382' title='bbox 2422 2073 2529 2128; x_wconf 90' lang='lat' dir='ltr'><strong>illis</strong></span> <span class='ocrx_word' id='word_1_383' title='bbox 2584 2073 2745 2128; x_wconf 80' lang='lat' dir='ltr'><strong>Jesus</strong></span> <span class='ocrx_word' id='word_1_384' title='bbox 2779 2094 2789 2127; x_wconf 92' lang='lat'><strong>:</strong></span> <span class='ocrx_word' id='word_1_385' title='bbox 2823 2073 2996 2126; x_wconf 84' lang='lat' dir='ltr'><strong>Amen</strong></span> <span class='ocrx_word' id='word_1_386' title='bbox 3051 2071 3175 2125; x_wconf 83' lang='lat' dir='ltr'><strong>dico</strong></span> <span class='ocrx_word' id='word_1_387' title='bbox 3227 2071 3402 2133; x_wconf 86' lang='lat' dir='ltr'><strong>vobis,</strong></span> <span class='ocrx_word' id='word_1_388' title='bbox 3442 2068 3591 2137; x_wconf 89' lang='lat' dir='ltr'><strong>quod</strong></span> 
     </span>
    </p>
   </div>
   <div class='ocr_carea' id='block_1_52' title="bbox 1990 2161 3590 2239">
    <p class='ocr_par' dir='ltr' id='par_1_52' title="bbox 1990 2161 3590 2239">
     <span class='ocr_line' id='line_1_52' title="bbox 1990 2161 3590 2239; baseline -0.003 -18"><span class='ocrx_word' id='word_1_389' title='bbox 1990 2168 2264 2239; x_wconf 87' lang='lat' dir='ltr'><strong>publicani</strong></span> <span class='ocrx_word' id='word_1_390' title='bbox 2294 2178 2348 2222; x_wconf 91' lang='lat' dir='ltr'><strong>et</strong></span> <span class='ocrx_word' id='word_1_391' title='bbox 2382 2165 2702 2221; x_wconf 77' lang='lat' dir='ltr'><strong>meretrices</strong></span> <span class='ocrx_word' id='word_1_392' title='bbox 2732 2165 3047 2232; x_wconf 64' lang='lat' dir='ltr'><strong>praecedunt</strong></span> <span class='ocrx_word' id='word_1_393' title='bbox 3076 2179 3169 2218; x_wconf 86' lang='lat' dir='ltr'><strong>vos</strong></span> <span class='ocrx_word' id='word_1_394' title='bbox 3193 2165 3243 2217; x_wconf 92' lang='lat' dir='ltr'><strong>in</strong></span> <span class='ocrx_word' id='word_1_395' title='bbox 3275 2177 3441 2233; x_wconf 79' lang='lat' dir='ltr'><strong>regno</strong></span> <span class='ocrx_word' id='word_1_396' title='bbox 3471 2161 3590 2216; x_wconf 88' lang='lat' dir='ltr'><strong>Dei.</strong></span> 
     </span>
    </p>
   </div>
   <div class='ocr_carea' id='block_1_53' title="bbox 1992 2257 3592 2329">
    <p class='ocr_par' dir='ltr' id='par_1_53' title="bbox 1992 2257 3592 2329">
     <span class='ocr_line' id='line_1_53' title="bbox 1992 2257 3592 2329; baseline -0.006 -13"><span class='ocrx_word' id='word_1_397' title='bbox 1992 2262 2152 2318; x_wconf 86' lang='lat' dir='ltr'><strong>Venit</strong></span> <span class='ocrx_word' id='word_1_398' title='bbox 2182 2263 2326 2316; x_wconf 90' lang='lat' dir='ltr'><strong>enim</strong></span> <span class='ocrx_word' id='word_1_399' title='bbox 2349 2261 2413 2314; x_wconf 86' lang='lat' dir='ltr'><strong>ad</strong></span> <span class='ocrx_word' id='word_1_400' title='bbox 2448 2276 2542 2329; x_wconf 83' lang='lat' dir='ltr'><strong>vos</strong></span> <span class='ocrx_word' id='word_1_401' title='bbox 2571 2257 2811 2313; x_wconf 88' lang='lat' dir='ltr'><strong>Joannes</strong></span> <span class='ocrx_word' id='word_1_402' title='bbox 2839 2273 2936 2327; x_wconf 90' lang='lat' dir='ltr'><strong>per</strong></span> <span class='ocrx_word' id='word_1_403' title='bbox 2967 2258 3108 2311; x_wconf 76' lang='lat' dir='ltr'><strong>viam</strong></span> <span class='ocrx_word' id='word_1_404' title='bbox 3132 2257 3380 2327; x_wconf 75' lang='lat' dir='ltr'><strong>iustitiae.</strong></span> <span class='ocrx_word' id='word_1_405' title='bbox 3405 2265 3457 2309; x_wconf 92' lang='lat' dir='ltr'><strong>et</strong></span> <span class='ocrx_word' id='word_1_406' title='bbox 3484 2269 3592 2308; x_wconf 90' lang='lat' dir='ltr'><strong>non</strong></span> 
     </span>
    </p>
   </div>
   <div class='ocr_carea' id='block_1_54' title="bbox 1994 2351 3594 2424">
    <p class='ocr_par' dir='ltr' id='par_1_54' title="bbox 1994 2351 3594 2424">
     <span class='ocr_line' id='line_1_54' title="bbox 1994 2351 3594 2424; baseline -0.008 -12"><span class='ocrx_word' id='word_1_407' title='bbox 1994 2355 2310 2412; x_wconf 88' lang='lat' dir='ltr'><strong>credidistis</strong></span> <span class='ocrx_word' id='word_1_408' title='bbox 2341 2355 2389 2409; x_wconf 91' lang='lat' dir='ltr'><strong>ei</strong></span> <span class='ocrx_word' id='word_1_409' title='bbox 2421 2373 2435 2410; x_wconf 91' lang='lat'><strong>:</strong></span> <span class='ocrx_word' id='word_1_410' title='bbox 2466 2354 2740 2424; x_wconf 88' lang='lat' dir='ltr'><strong>publicani</strong></span> <span class='ocrx_word' id='word_1_411' title='bbox 2777 2363 2958 2407; x_wconf 85' lang='lat' dir='ltr'><strong>autem</strong></span> <span class='ocrx_word' id='word_1_412' title='bbox 3005 2361 3062 2407; x_wconf 90' lang='lat' dir='ltr'><strong>et</strong></span> <span class='ocrx_word' id='word_1_413' title='bbox 3094 2351 3417 2406; x_wconf 87' lang='lat' dir='ltr'><strong>meretrices</strong></span> <span class='ocrx_word' id='word_1_414' title='bbox 3467 2363 3594 2402; x_wconf 82' lang='lat' dir='ltr'><strong>cre-</strong></span> 
     </span>
    </p>
   </div>
   <div class='ocr_carea' id='block_1_55' title="bbox 1989 2427 3592 2505">
    <p class='ocr_par' dir='ltr' id='par_1_55' title="bbox 1989 2427 3592 2505">
     <span class='ocr_line' id='line_1_55' title="bbox 1989 2427 3592 2505; baseline -0.007 0"><span class='ocrx_word' id='word_1_415' title='bbox 1989 2450 2242 2505; x_wconf 90' lang='lat' dir='ltr'><strong>diderunt</strong></span> <span class='ocrx_word' id='word_1_416' title='bbox 2286 2449 2358 2503; x_wconf 91' lang='lat' dir='ltr'><strong>ei.</strong></span> <span class='ocrx_word' id='word_1_417' title='bbox 2416 2448 2525 2503; x_wconf 84' lang='lat' dir='ltr'><strong>Vos</strong></span> <span class='ocrx_word' id='word_1_418' title='bbox 2576 2457 2756 2501; x_wconf 86' lang='lat' dir='ltr'><strong>autem</strong></span> <span class='ocrx_word' id='word_1_419' title='bbox 2817 2461 2940 2500; x_wconf 92' lang='lat' dir='ltr'><strong>cum</strong></span> <span class='ocrx_word' id='word_1_420' title='bbox 2995 2427 3452 2501; x_wconf 42' lang='lat' dir='ltr'><strong>vidissetis&#39;eum.</strong></span> <span class='ocrx_word' id='word_1_421' title='bbox 3485 2454 3592 2494; x_wconf 83' lang='lat' dir='ltr'><strong>non</strong></span> 
     </span>
    </p>
   </div>
   <div class='ocr_carea' id='block_1_56' title="bbox 1987 2533 3594 2610">
    <p class='ocr_par' dir='ltr' id='par_1_56' title="bbox 1987 2533 3594 2610">
     <span class='ocr_line' id='line_1_56' title="bbox 1987 2533 3594 2610; baseline -0.008 -14"><span class='ocrx_word' id='word_1_422' title='bbox 1987 2541 2169 2596; x_wconf 77' lang='lat' dir='ltr'><strong>fuistis</strong></span> <span class='ocrx_word' id='word_1_423' title='bbox 2218 2540 2477 2596; x_wconf 89' lang='lat' dir='ltr'><strong>commoti</strong></span> <span class='ocrx_word' id='word_1_424' title='bbox 2534 2538 2854 2610; x_wconf 79' lang='lat' dir='ltr'><strong>pcenilentia</strong></span> <span class='ocrx_word' id='word_1_425' title='bbox 2936 2549 3124 2604; x_wconf 81' lang='lat' dir='ltr'><strong>postea</strong></span> <span class='ocrx_word' id='word_1_426' title='bbox 3168 2545 3228 2590; x_wconf 92' lang='lat' dir='ltr'><strong>ut</strong></span> <span class='ocrx_word' id='word_1_427' title='bbox 3293 2533 3594 2588; x_wconf 85' lang='lat' dir='ltr'><strong>crederetis</strong></span> 
     </span>
    </p>
   </div>
   <div class='ocr_carea' id='block_1_57' title="bbox 1987 2625 3592 2699">
    <p class='ocr_par' dir='ltr' id='par_1_57' title="bbox 1987 2625 3592 2699">
     <span class='ocr_line' id='line_1_57' title="bbox 1987 2625 3592 2699; baseline -0.011 -7"><span class='ocrx_word' id='word_1_428' title='bbox 1987 2638 2058 2692; x_wconf 88' lang='lat' dir='ltr'><strong>ei.</strong></span> <span class='ocrx_word' id='word_1_429' title='bbox 2092 2656 2110 2688; x_wconf 72' lang='grc' dir='ltr'><strong>ι</strong></span> <span class='ocrx_word' id='word_1_430' title='bbox 2144 2635 2288 2692; x_wconf 93' lang='lat' dir='ltr'><strong>Duos</strong></span> <span class='ocrx_word' id='word_1_431' title='bbox 2319 2636 2541 2690; x_wconf 88' lang='lat' dir='ltr'><strong>ordines</strong></span> <span class='ocrx_word' id='word_1_432' title='bbox 2568 2631 2798 2695; x_wconf 91' lang='lat' dir='ltr'><strong>inducit,</strong></span> <span class='ocrx_word' id='word_1_433' title='bbox 2828 2645 2996 2684; x_wconf 92' lang='lat' dir='ltr'><strong>unum</strong></span> <span class='ocrx_word' id='word_1_434' title='bbox 3026 2627 3296 2699; x_wconf 88' lang='lat' dir='ltr'><strong>principio</strong></span> <span class='ocrx_word' id='word_1_435' title='bbox 3331 2625 3592 2694; x_wconf 88' lang='lat' dir='ltr'><strong>pollicen-</strong></span> 
     </span>
    </p>
   </div>
   <div class='ocr_carea' id='block_1_58' title="bbox 1990 2716 3586 2797">
    <p class='ocr_par' dir='ltr' id='par_1_58' title="bbox 1990 2716 3586 2797">
     <span class='ocr_line' id='line_1_58' title="bbox 1990 2716 3586 2797; baseline -0.009 -14"><span class='ocrx_word' id='word_1_436' title='bbox 1990 2729 2147 2792; x_wconf 92' lang='lat' dir='ltr'><strong>tium,</strong></span> <span class='ocrx_word' id='word_1_437' title='bbox 2196 2727 2389 2797; x_wconf 90' lang='lat' dir='ltr'><strong>quales</strong></span> <span class='ocrx_word' id='word_1_438' title='bbox 2421 2725 2646 2780; x_wconf 87' lang='lat' dir='ltr'><strong>fuernnt</strong></span> <span class='ocrx_word' id='word_1_439' title='bbox 2677 2723 2852 2778; x_wconf 66' lang='lat' dir='ltr'><strong>Judaai</strong></span> <span class='ocrx_word' id='word_1_440' title='bbox 2881 2723 2971 2791; x_wconf 90' lang='lat' dir='ltr'><strong>qui</strong></span> <span class='ocrx_word' id='word_1_441' title='bbox 2999 2721 3296 2784; x_wconf 80' lang='lat' dir='ltr'><strong>dixerunt;</strong></span> <span class='ocrx_word' id='word_1_442' title='bbox 3333 2736 3352 2770; x_wconf 75' lang='grc' dir='ltr'>ι</span> <span class='ocrx_word' id='word_1_443' title='bbox 3389 2716 3586 2770; x_wconf 81' lang='lat' dir='ltr'><strong>Omnia</strong></span> 
     </span>
    </p>
   </div>
   <div class='ocr_carea' id='block_1_59' title="bbox 1988 2811 3588 2892">
    <p class='ocr_par' dir='ltr' id='par_1_59' title="bbox 1988 2811 3588 2892">
     <span class='ocr_line' id='line_1_59' title="bbox 1988 2811 3588 2892; baseline -0.007 -20"><span class='ocrx_word' id='word_1_444' title='bbox 1988 2836 2326 2892; x_wconf 73' lang='lat' dir='ltr'><strong>qumcunque</strong></span> <span class='ocrx_word' id='word_1_445' title='bbox 2355 2818 2492 2876; x_wconf 80' lang='lat' dir='ltr'><strong>dixit</strong></span> <span class='ocrx_word' id='word_1_446' title='bbox 2540 2818 2702 2884; x_wconf 85' lang='lat' dir='ltr'><strong>Dens,</strong></span> <span class='ocrx_word' id='word_1_447' title='bbox 2738 2817 3003 2871; x_wconf 84' lang='lat' dir='ltr'><strong>faciemus</strong></span> <span class='ocrx_word' id='word_1_448' title='bbox 3040 2822 3094 2868; x_wconf 90' lang='lat' dir='ltr'><strong>et</strong></span> <span class='ocrx_word' id='word_1_449' title='bbox 3136 2811 3530 2877; x_wconf 75' lang='lat' dir='ltr'><strong>audiemus“;</strong></span> <span class='ocrx_word' id='word_1_450' title='bbox 3569 2827 3588 2861; x_wconf 82' lang='grc'><strong>›</strong></span> 
     </span>
    </p>
   </div>
   <div class='ocr_carea' id='block_1_60' title="bbox 1990 2901 3596 2980">
    <p class='ocr_par' dir='ltr' id='par_1_60' title="bbox 1990 2901 3596 2980">
     <span class='ocr_line' id='line_1_60' title="bbox 1990 2901 3596 2980; baseline -0.006 -16"><span class='ocrx_word' id='word_1_451' title='bbox 1990 2913 2223 2965; x_wconf 85' lang='lat' dir='ltr'><strong>alterum</strong></span> <span class='ocrx_word' id='word_1_452' title='bbox 2270 2926 2460 2965; x_wconf 86' lang='lat' dir='ltr'><strong>eorum</strong></span> <span class='ocrx_word' id='word_1_453' title='bbox 2485 2909 2577 2980; x_wconf 79' lang='lat' dir='ltr'><strong>qui</strong></span> <span class='ocrx_word' id='word_1_454' title='bbox 2604 2924 2706 2962; x_wconf 89' lang='lat' dir='ltr'><strong>non</strong></span> <span class='ocrx_word' id='word_1_455' title='bbox 2739 2907 2925 2962; x_wconf 80' lang='lat' dir='ltr'><strong>statim</strong></span> <span class='ocrx_word' id='word_1_456' title='bbox 2959 2904 3201 2975; x_wconf 86' lang='lat' dir='ltr'><strong>persuasi</strong></span> <span class='ocrx_word' id='word_1_457' title='bbox 3226 2913 3371 2967; x_wconf 87' lang='lat' dir='ltr'><strong>sunt,</strong></span> <span class='ocrx_word' id='word_1_458' title='bbox 3406 2901 3596 2973; x_wconf 83' lang='lat' dir='ltr'><strong>quales</strong></span> 
     </span>
    </p>
   </div>
   <div class='ocr_carea' id='block_1_61' title="bbox 1991 2995 3594 3070">
    <p class='ocr_par' dir='ltr' id='par_1_61' title="bbox 1991 2995 3594 3070">
     <span class='ocr_line' id='line_1_61' title="bbox 1991 2995 3594 3070; baseline -0.005 -13"><span class='ocrx_word' id='word_1_459' title='bbox 1991 3011 2113 3058; x_wconf 90' lang='lat' dir='ltr'><strong>sunt</strong></span> <span class='ocrx_word' id='word_1_460' title='bbox 2171 3002 2491 3057; x_wconf 74' lang='lat' dir='ltr'><strong>meretrices</strong></span> <span class='ocrx_word' id='word_1_461' title='bbox 2522 3011 2576 3056; x_wconf 87' lang='lat' dir='ltr'><strong>et</strong></span> <span class='ocrx_word' id='word_1_462' title='bbox 2611 2998 2925 3070; x_wconf 89' lang='lat' dir='ltr'><strong>publicani,</strong></span> <span class='ocrx_word' id='word_1_463' title='bbox 2959 3009 3012 3052; x_wconf 90' lang='lat' dir='ltr'><strong>et</strong></span> <span class='ocrx_word' id='word_1_464' title='bbox 3059 2999 3149 3069; x_wconf 91' lang='lat' dir='ltr'><strong>qui</strong></span> <span class='ocrx_word' id='word_1_465' title='bbox 3197 3013 3260 3051; x_wconf 83' lang='lat' dir='ltr'><strong>ex</strong></span> <span class='ocrx_word' id='word_1_466' title='bbox 3309 2995 3594 3067; x_wconf 80' lang='lat' dir='ltr'><strong>gentilium</strong></span> 
     </span>
    </p>
   </div>
   <div class='ocr_carea' id='block_1_62' title="bbox 1991 3088 3596 3164">
    <p class='ocr_par' dir='ltr' id='par_1_62' title="bbox 1991 3088 3596 3164">
     <span class='ocr_line' id='line_1_62' title="bbox 1991 3088 3596 3164; baseline -0.002 -19"><span class='ocrx_word' id='word_1_467' title='bbox 1991 3093 2189 3163; x_wconf 82' lang='lat' dir='ltr'><strong>popqu</strong></span> <span class='ocrx_word' id='word_1_468' title='bbox 2233 3094 2324 3164; x_wconf 91' lang='lat' dir='ltr'><strong>qui</strong></span> <span class='ocrx_word' id='word_1_469' title='bbox 2358 3096 2425 3147; x_wconf 85' lang='lat' dir='ltr'><strong>ab</strong></span> <span class='ocrx_word' id='word_1_470' title='bbox 2459 3093 2615 3147; x_wconf 88' lang='lat' dir='ltr'><strong>initio</strong></span> <span class='ocrx_word' id='word_1_471' title='bbox 2664 3108 2772 3147; x_wconf 93' lang='lat' dir='ltr'><strong>non</strong></span> <span class='ocrx_word' id='word_1_472' title='bbox 2824 3091 3152 3146; x_wconf 83' lang='lat' dir='ltr'><strong>obedicrnnt</strong></span> <span class='ocrx_word' id='word_1_473' title='bbox 3198 3088 3464 3144; x_wconf 84' lang='lat' dir='ltr'><strong>voluntati</strong></span> <span class='ocrx_word' id='word_1_474' title='bbox 3506 3088 3596 3145; x_wconf 88' lang='lat' dir='ltr'><strong>di-</strong></span> 
     </span>
    </p>
   </div>
   <div class='ocr_carea' id='block_1_63' title="bbox 290 3173 1881 3253">
    <p class='ocr_par' dir='ltr' id='par_1_63' title="bbox 290 3173 1881 3253">
     <span class='ocr_line' id='line_1_63' title="bbox 290 3173 1881 3253; baseline -0.008 -15"><span class='ocrx_word' id='word_1_475' title='bbox 290 3199 384 3246; x_wconf 81' lang='grc' dir='ltr'><strong>τες</strong></span> <span class='ocrx_word' id='word_1_476' title='bbox 416 3182 496 3253; x_wconf 85' lang='grc' dir='ltr'>τῷ</span> <span class='ocrx_word' id='word_1_477' title='bbox 519 3181 790 3252; x_wconf 83' lang='grc' dir='ltr'>θελήματι</span> <span class='ocrx_word' id='word_1_478' title='bbox 814 3176 910 3235; x_wconf 77' lang='grc' dir='ltr'>τοῦ</span> <span class='ocrx_word' id='word_1_479' title='bbox 938 3174 1099 3240; x_wconf 84' lang='grc' dir='ltr'>Θεοῦ,</span> <span class='ocrx_word' id='word_1_480' title='bbox 1133 3174 1361 3245; x_wconf 78' lang='grc' dir='ltr'>ὕστερον</span> <span class='ocrx_word' id='word_1_481' title='bbox 1403 3174 1757 3242; x_wconf 84' lang='grc' dir='ltr'>μετέγνωσαν</span> <span class='ocrx_word' id='word_1_482' title='bbox 1787 3173 1881 3226; x_wconf 75' lang='grc' dir='ltr'>καὶ</span> 
     </span>
    </p>
   </div>
   <div class='ocr_carea' id='block_1_64' title="bbox 1989 3173 3593 3253">
    <p class='ocr_par' dir='ltr' id='par_1_64' title="bbox 1991 3181 3593 3253">
     <span class='ocr_line' id='line_1_64' title="bbox 1991 3181 3593 3253; baseline -0.001 -17"><span class='ocrx_word' id='word_1_483' title='bbox 1991 3187 2149 3251; x_wconf 64' lang='lat' dir='ltr'><strong>vina),</strong></span> <span class='ocrx_word' id='word_1_484' title='bbox 2181 3195 2366 3253; x_wconf 87' lang='lat' dir='ltr'><strong>postea</strong></span> <span class='ocrx_word' id='word_1_485' title='bbox 2416 3194 2602 3238; x_wconf 86' lang='lat' dir='ltr'><strong>autem</strong></span> <span class='ocrx_word' id='word_1_486' title='bbox 2653 3183 2992 3253; x_wconf 68' lang='lat' dir='ltr'><strong>pmnitudine</strong></span> <span class='ocrx_word' id='word_1_487' title='bbox 3043 3182 3190 3235; x_wconf 82' lang='lat' dir='ltr'><strong>ducti</strong></span> <span class='ocrx_word' id='word_1_488' title='bbox 3243 3181 3593 3235; x_wconf 86' lang='lat' dir='ltr'><strong>obedierunt.</strong></span> 
     </span>
    </p>
   </div>
   <div class='ocr_carea' id='block_1_65' title="bbox 290 3263 1883 3348">
    <p class='ocr_par' dir='ltr' id='par_1_65' title="bbox 290 3263 1883 3348">
     <span class='ocr_line' id='line_1_65' title="bbox 290 3263 1883 3348; baseline -0.008 -18"><span class='ocrx_word' id='word_1_489' title='bbox 290 3273 632 3348; x_wconf 74' lang='grc' dir='ltr'>ὑπήκουσαν.</span> <span class='ocrx_word' id='word_1_490' title='bbox 660 3273 808 3345; x_wconf 85' lang='grc' dir='ltr'><strong>Ὅρα</strong></span> <span class='ocrx_word' id='word_1_491' title='bbox 837 3265 931 3323; x_wconf 77' lang='grc' dir='ltr'>οὖν</span> <span class='ocrx_word' id='word_1_492' title='bbox 953 3268 1054 3338; x_wconf 79' lang='grc' dir='ltr'><strong>τὴν</strong></span> <span class='ocrx_word' id='word_1_493' title='bbox 1099 3267 1294 3336; x_wconf 81' lang='grc' dir='ltr'>σοφίαν</span> <span class='ocrx_word' id='word_1_494' title='bbox 1319 3265 1414 3319; x_wconf 83' lang='grc' dir='ltr'>τοῦ</span> <span class='ocrx_word' id='word_1_495' title='bbox 1467 3263 1732 3334; x_wconf 81' lang='grc' dir='ltr'>Χριστοῦ.</span> <span class='ocrx_word' id='word_1_496' title='bbox 1768 3265 1883 3318; x_wconf 76' lang='grc' dir='ltr'>Οὐκ</span> 
     </span>
    </p>
   </div>
   <div class='ocr_carea' id='block_1_66' title="bbox 291 3358 1884 3435">
    <p class='ocr_par' dir='ltr' id='par_1_66' title="bbox 291 3358 1884 3435">
     <span class='ocr_line' id='line_1_66' title="bbox 291 3358 1884 3435; baseline -0.008 -12"><span class='ocrx_word' id='word_1_497' title='bbox 291 3369 452 3431; x_wconf 71' lang='grc' dir='ltr'>εὐθὺς</span> <span class='ocrx_word' id='word_1_498' title='bbox 482 3367 541 3433; x_wconf 75' lang='grc' dir='ltr'>ἐξ</span> <span class='ocrx_word' id='word_1_499' title='bbox 571 3363 748 3435; x_wconf 80' lang='grc' dir='ltr'>ἀρχῆς</span> <span class='ocrx_word' id='word_1_500' title='bbox 780 3359 935 3416; x_wconf 82' lang='grc' dir='ltr'>εἶπεν</span> <span class='ocrx_word' id='word_1_501' title='bbox 987 3361 1171 3423; x_wconf 82' lang='grc' dir='ltr'>αὐτοῖς</span> <span class='ocrx_word' id='word_1_502' title='bbox 1221 3360 1303 3413; x_wconf 80' lang='grc' dir='ltr'>ὅτι</span> <span class='ocrx_word' id='word_1_503' title='bbox 1353 3359 1678 3430; x_wconf 78' lang='grc' dir='ltr'>Κρείττονες</span> <span class='ocrx_word' id='word_1_504' title='bbox 1729 3358 1884 3428; x_wconf 76' lang='grc' dir='ltr'>ὑμῶν</span> 
     </span>
    </p>
   </div>
   <div class='ocr_carea' id='block_1_67' title="bbox 293 3449 1879 3522">
    <p class='ocr_par' dir='ltr' id='par_1_67' title="bbox 293 3449 1879 3522">
     <span class='ocr_line' id='line_1_67' title="bbox 293 3449 1879 3522; baseline -0.008 -9"><span class='ocrx_word' id='word_1_505' title='bbox 293 3461 433 3513; x_wconf 69' lang='grc' dir='ltr'>εἰσιν</span> <span class='ocrx_word' id='word_1_506' title='bbox 479 3458 529 3511; x_wconf 78' lang='grc' dir='ltr'><strong>οἱ</strong></span> <span class='ocrx_word' id='word_1_507' title='bbox 560 3455 791 3508; x_wconf 77' lang='grc' dir='ltr'>τελῶναι</span> <span class='ocrx_word' id='word_1_508' title='bbox 821 3454 918 3507; x_wconf 73' lang='grc' dir='ltr'>καὶ</span> <span class='ocrx_word' id='word_1_509' title='bbox 954 3453 1010 3506; x_wconf 90' lang='grc' dir='ltr'>αἱ</span> <span class='ocrx_word' id='word_1_510' title='bbox 1042 3452 1266 3522; x_wconf 82' lang='grc' dir='ltr'>πόρναι,</span> <span class='ocrx_word' id='word_1_511' title='bbox 1299 3449 1436 3504; x_wconf 83' lang='grc' dir='ltr'>ἀλλὰ</span> <span class='ocrx_word' id='word_1_512' title='bbox 1498 3449 1879 3521; x_wconf 86' lang='grc' dir='ltr'>προκατέσχεν</span> 
     </span>
    </p>
   </div>
   <div class='ocr_carea' id='block_1_68' title="bbox 293 3543 1884 3618">
    <p class='ocr_par' dir='ltr' id='par_1_68' title="bbox 293 3543 1884 3618">
     <span class='ocr_line' id='line_1_68' title="bbox 293 3543 1884 3618; baseline -0.007 -13"><span class='ocrx_word' id='word_1_513' title='bbox 293 3552 493 3613; x_wconf 82' lang='grc' dir='ltr'>αὐτοὺς</span> <span class='ocrx_word' id='word_1_514' title='bbox 515 3550 608 3602; x_wconf 66' lang='grc' dir='ltr'>καὶ</span> <span class='ocrx_word' id='word_1_515' title='bbox 627 3547 993 3618; x_wconf 82' lang='grc' dir='ltr'>ὡμολόγησαν</span> <span class='ocrx_word' id='word_1_516' title='bbox 1024 3545 1107 3598; x_wconf 86' lang='grc' dir='ltr'><strong>δτι</strong></span> <span class='ocrx_word' id='word_1_517' title='bbox 1140 3546 1203 3597; x_wconf 83' lang='grc' dir='ltr'>ὲκ</span> <span class='ocrx_word' id='word_1_518' title='bbox 1240 3545 1348 3597; x_wconf 87' lang='grc' dir='ltr'><strong>τῶν</strong></span> <span class='ocrx_word' id='word_1_519' title='bbox 1385 3543 1481 3596; x_wconf 90' lang='grc' dir='ltr'>δύο</span> <span class='ocrx_word' id='word_1_520' title='bbox 1512 3543 1645 3596; x_wconf 75' lang='grc' dir='ltr'>υἱῶν</span> <span class='ocrx_word' id='word_1_521' title='bbox 1677 3544 1884 3606; x_wconf 79' lang='grc' dir='ltr'>ἐκεῖνος</span> 
     </span>
    </p>
   </div>
   <div class='ocr_carea' id='block_1_69' title="bbox 281 3633 1887 3716">
    <p class='ocr_par' dir='ltr' id='par_1_69' title="bbox 281 3633 1887 3716">
     <span class='ocr_line' id='line_1_69' title="bbox 281 3633 1887 3716; baseline -0.006 -16"><span class='ocrx_word' id='word_1_522' title='bbox 281 3645 594 3716; x_wconf 67' lang='grc' dir='ltr'>πειθήνιος,</span> <span class='ocrx_word' id='word_1_523' title='bbox 626 3646 654 3697; x_wconf 86' lang='grc' dir='ltr'>ὁ</span> <span class='ocrx_word' id='word_1_524' title='bbox 706 3642 942 3712; x_wconf 85' lang='grc' dir='ltr'>ποιήσας</span> <span class='ocrx_word' id='word_1_525' title='bbox 982 3640 1061 3699; x_wconf 83' lang='grc' dir='ltr'>τὺ,</span> <span class='ocrx_word' id='word_1_526' title='bbox 1085 3637 1300 3708; x_wconf 86' lang='grc' dir='ltr'>θέλημα</span> <span class='ocrx_word' id='word_1_527' title='bbox 1361 3635 1456 3690; x_wconf 75' lang='grc' dir='ltr'><strong>τοῦ</strong></span> <span class='ocrx_word' id='word_1_528' title='bbox 1507 3637 1738 3709; x_wconf 86' lang='grc' dir='ltr'>πατρός.</span> <span class='ocrx_word' id='word_1_529' title='bbox 1770 3633 1887 3690; x_wconf 84' lang='grc' dir='ltr'><strong>Εἶθ’</strong></span> 
     </span>
    </p>
   </div>
   <div class='ocr_carea' id='block_1_70' title="bbox 290 3726 1884 3805">
    <p class='ocr_par' dir='ltr' id='par_1_70' title="bbox 290 3726 1884 3805">
     <span class='ocr_line' id='line_1_70' title="bbox 290 3726 1884 3805; baseline -0.005 -15"><span class='ocrx_word' id='word_1_530' title='bbox 290 3736 466 3799; x_wconf 74' lang='grc' dir='ltr'>οὑτως</span> <span class='ocrx_word' id='word_1_531' title='bbox 492 3734 948 3805; x_wconf 83' lang='grc' dir='ltr'>ὁμολογησάντων</span> <span class='ocrx_word' id='word_1_532' title='bbox 971 3729 1216 3794; x_wconf 74' lang='grc' dir='ltr'>ἐκείνων,</span> <span class='ocrx_word' id='word_1_533' title='bbox 1250 3730 1536 3799; x_wconf 78' lang='grc' dir='ltr'>ἐπήγαγεν</span> <span class='ocrx_word' id='word_1_534' title='bbox 1570 3730 1654 3782; x_wconf 82' lang='grc' dir='ltr'><strong>ὅτι</strong></span> <span class='ocrx_word' id='word_1_535' title='bbox 1674 3726 1884 3783; x_wconf 80' lang='grc' dir='ltr'>Ἦλθεν</span> 
     </span>
    </p>
   </div>
   <div class='ocr_carea' id='block_1_71' title="bbox 304 3821 1884 3899">
    <p class='ocr_par' dir='ltr' id='par_1_71' title="bbox 304 3821 1884 3899">
     <span class='ocr_line' id='line_1_71' title="bbox 304 3821 1884 3899; baseline -0.007 -15"><span class='ocrx_word' id='word_1_536' title='bbox 304 3831 564 3899; x_wconf 82' lang='grc' dir='ltr'>Ἰωάννης</span> <span class='ocrx_word' id='word_1_537' title='bbox 595 3829 651 3880; x_wconf 80' lang='grc' dir='ltr'>ὲν</span> <span class='ocrx_word' id='word_1_538' title='bbox 682 3826 786 3897; x_wconf 80' lang='grc' dir='ltr'><strong>ὁδῷ</strong></span> <span class='ocrx_word' id='word_1_539' title='bbox 814 3825 1192 3894; x_wconf 84' lang='grc' dir='ltr'>δικαιοσύνης,</span> <span class='ocrx_word' id='word_1_540' title='bbox 1227 3823 1531 3889; x_wconf 84' lang='grc' dir='ltr'>τουτέστιν,</span> <span class='ocrx_word' id='word_1_541' title='bbox 1581 3825 1638 3874; x_wconf 81' lang='grc' dir='ltr'>ἐν</span> <span class='ocrx_word' id='word_1_542' title='bbox 1702 3821 1884 3892; x_wconf 86' lang='grc' dir='ltr'>ἀμέμ-</span> 
     </span>
    </p>
   </div>
   <div class='ocr_carea' id='block_1_72' title="bbox 291 3911 1884 3992">
    <p class='ocr_par' dir='ltr' id='par_1_72' title="bbox 291 3911 1884 3992">
     <span class='ocr_line' id='line_1_72' title="bbox 291 3911 1884 3992; baseline -0.006 -16"><span class='ocrx_word' id='word_1_543' title='bbox 291 3939 412 3991; x_wconf 85' lang='grc' dir='ltr'><strong>πτῳ</strong></span> <span class='ocrx_word' id='word_1_544' title='bbox 438 3921 538 3992; x_wconf 83' lang='grc' dir='ltr'><strong>βίῳ</strong></span> <span class='ocrx_word' id='word_1_545' title='bbox 561 3938 574 3952; x_wconf 87' lang='grc'><strong>·</strong></span> <span class='ocrx_word' id='word_1_546' title='bbox 603 3921 704 3973; x_wconf 90' lang='grc' dir='ltr'><strong>οὑκ</strong></span> <span class='ocrx_word' id='word_1_547' title='bbox 731 3919 885 3990; x_wconf 77' lang='grc' dir='ltr'>ἔχετε</span> <span class='ocrx_word' id='word_1_548' title='bbox 914 3917 1024 3987; x_wconf 81' lang='grc' dir='ltr'>γὰρ</span> <span class='ocrx_word' id='word_1_549' title='bbox 1067 3917 1243 3968; x_wconf 77' lang='grc' dir='ltr'>εἰπεῖν</span> <span class='ocrx_word' id='word_1_550' title='bbox 1270 3917 1354 3969; x_wconf 84' lang='grc' dir='ltr'>ὅτι</span> <span class='ocrx_word' id='word_1_551' title='bbox 1393 3915 1657 3984; x_wconf 74' lang='grc' dir='ltr'>ἐπίψογος·</span> <span class='ocrx_word' id='word_1_552' title='bbox 1697 3911 1765 3985; x_wconf 74' lang='grc' dir='ltr'>ἦν</span> <span class='ocrx_word' id='word_1_553' title='bbox 1789 3915 1884 3977; x_wconf 84' lang='grc' dir='ltr'>αὑ-</span> 
     </span>
    </p>
   </div>
   <div class='ocr_carea' id='block_1_73' title="bbox 289 4007 1883 4085">
    <p class='ocr_par' dir='ltr' id='par_1_73' title="bbox 289 4007 1883 4085">
     <span class='ocr_line' id='line_1_73' title="bbox 289 4007 1883 4085; baseline -0.005 -17"><span class='ocrx_word' id='word_1_554' title='bbox 289 4015 371 4085; x_wconf 84' lang='grc' dir='ltr'>τῷ</span> <span class='ocrx_word' id='word_1_555' title='bbox 397 4016 425 4067; x_wconf 87' lang='grc' dir='ltr'>ὁ</span> <span class='ocrx_word' id='word_1_556' title='bbox 449 4013 584 4084; x_wconf 77' lang='grc' dir='ltr'>βίος,</span> <span class='ocrx_word' id='word_1_557' title='bbox 621 4010 738 4065; x_wconf 82' lang='grc' dir='ltr'>ἀλλ’</span> <span class='ocrx_word' id='word_1_558' title='bbox 765 4012 916 4081; x_wconf 84' lang='grc' dir='ltr'>ὅμως</span> <span class='ocrx_word' id='word_1_559' title='bbox 947 4009 1004 4063; x_wconf 88' lang='grc' dir='ltr'>αἱ</span> <span class='ocrx_word' id='word_1_560' title='bbox 1029 4009 1226 4079; x_wconf 80' lang='grc' dir='ltr'>πόρναι</span> <span class='ocrx_word' id='word_1_561' title='bbox 1255 4007 1602 4078; x_wconf 73' lang='grc' dir='ltr'>ὑπήκουσαν,</span> <span class='ocrx_word' id='word_1_562' title='bbox 1637 4007 1796 4077; x_wconf 76' lang='grc' dir='ltr'>ὑμεῖς</span> <span class='ocrx_word' id='word_1_563' title='bbox 1827 4008 1883 4061; x_wconf 82' lang='grc' dir='ltr'>δὲ</span> 
     </span>
    </p>
   </div>
   <div class='ocr_carea' id='block_1_74' title="bbox 289 4089 1882 4171">
    <p class='ocr_par' dir='ltr' id='par_1_74' title="bbox 289 4089 1882 4171">
     <span class='ocr_line' id='line_1_74' title="bbox 289 4089 1882 4171; baseline -0.007 -10"><span class='ocrx_word' id='word_1_564' title='bbox 289 4106 352 4162; x_wconf 75' lang='grc' dir='ltr'>οὗ</span> <span class='ocrx_word' id='word_1_565' title='bbox 381 4122 396 4138; x_wconf 85' lang='lat'><strong><em>°</em></strong></span> <span class='ocrx_word' id='word_1_566' title='bbox 429 4105 510 4159; x_wconf 85' lang='grc' dir='ltr'>διὸ</span> <span class='ocrx_word' id='word_1_567' title='bbox 549 4104 644 4157; x_wconf 77' lang='grc' dir='ltr'>καὶ</span> <span class='ocrx_word' id='word_1_568' title='bbox 675 4089 1014 4171; x_wconf 83' lang='grc' dir='ltr'>προάγουσιν</span> <span class='ocrx_word' id='word_1_569' title='bbox 1076 4101 1245 4165; x_wconf 82' lang='grc' dir='ltr'>ὑμᾶς,</span> <span class='ocrx_word' id='word_1_570' title='bbox 1302 4099 1572 4160; x_wconf 83' lang='grc' dir='ltr'>τουτέστι,</span> <span class='ocrx_word' id='word_1_571' title='bbox 1616 4100 1882 4169; x_wconf 84' lang='grc' dir='ltr'>πρότεραι</span> 
     </span>
    </p>
   </div>
   <div class='ocr_carea' id='block_1_75' title="bbox 290 4192 1884 4272">
    <p class='ocr_par' dir='ltr' id='par_1_75' title="bbox 290 4192 1884 4272">
     <span class='ocr_line' id='line_1_75' title="bbox 290 4192 1884 4272; baseline -0.007 -16"><span class='ocrx_word' id='word_1_572' title='bbox 290 4198 818 4272; x_wconf 65' lang='grc' dir='ltr'>ὑμῶνιείσέρχονται</span> <span class='ocrx_word' id='word_1_573' title='bbox 851 4195 929 4258; x_wconf 80' lang='grc' dir='ltr'><strong>εις</strong></span> <span class='ocrx_word' id='word_1_574' title='bbox 974 4195 1072 4262; x_wconf 81' lang='grc' dir='ltr'>τὴν</span> <span class='ocrx_word' id='word_1_575' title='bbox 1102 4192 1382 4264; x_wconf 83' lang='grc' dir='ltr'>βασιλείαν</span> <span class='ocrx_word' id='word_1_576' title='bbox 1423 4208 1438 4224; x_wconf 78' lang='grc' dir='ltr'><strong>ο</strong></span> <span class='ocrx_word' id='word_1_577' title='bbox 1473 4192 1616 4245; x_wconf 84' lang='grc' dir='ltr'>ὥστε</span> <span class='ocrx_word' id='word_1_578' title='bbox 1679 4192 1884 4261; x_wconf 84' lang='grc' dir='ltr'>ἀγωνί-</span> 
     </span>
    </p>
   </div>
   <div class='ocr_carea' id='block_1_76' title="bbox 292 4285 1883 4362">
    <p class='ocr_par' dir='ltr' id='par_1_76' title="bbox 292 4285 1883 4362">
     <span class='ocr_line' id='line_1_76' title="bbox 292 4285 1883 4362; baseline -0.006 -14"><span class='ocrx_word' id='word_1_579' title='bbox 292 4294 460 4348; x_wconf 83' lang='grc' dir='ltr'>σασθε</span> <span class='ocrx_word' id='word_1_580' title='bbox 485 4293 581 4346; x_wconf 74' lang='grc' dir='ltr'>καὶ</span> <span class='ocrx_word' id='word_1_581' title='bbox 611 4292 795 4362; x_wconf 77' lang='grc' dir='ltr'>ὑμεῖς,</span> <span class='ocrx_word' id='word_1_582' title='bbox 830 4289 919 4343; x_wconf 80' lang='grc' dir='ltr'><strong>ἵνα</strong></span> <span class='ocrx_word' id='word_1_583' title='bbox 966 4288 1071 4340; x_wconf 82' lang='grc' dir='ltr'>κᾶν</span> <span class='ocrx_word' id='word_1_584' title='bbox 1103 4285 1236 4354; x_wconf 75' lang='grc' dir='ltr'>γοῦν</span> <span class='ocrx_word' id='word_1_585' title='bbox 1293 4285 1409 4357; x_wconf 70' lang='grc' dir='ltr'>μετ’</span> <span class='ocrx_word' id='word_1_586' title='bbox 1439 4285 1658 4350; x_wconf 80' lang='grc' dir='ltr'>ὲκείνας</span> <span class='ocrx_word' id='word_1_587' title='bbox 1707 4285 1883 4339; x_wconf 87' lang='grc' dir='ltr'>εἰσέλ-</span> 
     </span>
    </p>
   </div>
   <div class='ocr_carea' id='block_1_77' title="bbox 292 4377 1882 4458">
    <p class='ocr_par' dir='ltr' id='par_1_77' title="bbox 292 4377 1882 4458">
     <span class='ocr_line' id='line_1_77' title="bbox 292 4377 1882 4458; baseline -0.006 -17"><span class='ocrx_word' id='word_1_588' title='bbox 292 4393 424 4458; x_wconf 76' lang='grc' dir='ltr'>υητε</span> <span class='ocrx_word' id='word_1_589' title='bbox 479 4386 575 4439; x_wconf 82' lang='grc' dir='ltr'>καὶ</span> <span class='ocrx_word' id='word_1_590' title='bbox 634 4383 793 4438; x_wconf 76' lang='grc' dir='ltr'>αὑτοὶ</span> <span class='ocrx_word' id='word_1_591' title='bbox 850 4379 1279 4441; x_wconf 86' lang='grc' dir='ltr'>πιστεύσαντες·</span> <span class='ocrx_word' id='word_1_592' title='bbox 1316 4379 1413 4432; x_wconf 65' lang='grc' dir='ltr'><strong>ἐὰν</strong></span> <span class='ocrx_word' id='word_1_593' title='bbox 1449 4379 1506 4432; x_wconf 78' lang='grc' dir='ltr'><strong>δὲ</strong></span> <span class='ocrx_word' id='word_1_594' title='bbox 1541 4377 1617 4450; x_wconf 83' lang='grc' dir='ltr'>μὴ</span> <span class='ocrx_word' id='word_1_595' title='bbox 1653 4378 1882 4432; x_wconf 84' lang='grc' dir='ltr'>πιστεύ-</span> 
     </span>
    </p>
   </div>
   <div class='ocr_carea' id='block_1_78' title="bbox 293 4472 1876 4548">
    <p class='ocr_par' dir='ltr' id='par_1_78' title="bbox 293 4472 1876 4548">
     <span class='ocr_line' id='line_1_78' title="bbox 293 4472 1876 4548; baseline -0.005 -14"><span class='ocrx_word' id='word_1_596' title='bbox 293 4497 449 4548; x_wconf 85' lang='grc' dir='ltr'>σησε.</span> <span class='ocrx_word' id='word_1_597' title='bbox 479 4478 588 4532; x_wconf 79' lang='grc' dir='ltr'><strong>οὐδ’</strong></span> <span class='ocrx_word' id='word_1_598' title='bbox 614 4476 754 4540; x_wconf 85' lang='grc' dir='ltr'>ὅλως</span> <span class='ocrx_word' id='word_1_599' title='bbox 794 4473 1192 4528; x_wconf 78' lang='grc' dir='ltr'>εἰσελεύσεσθε.</span> <span class='ocrx_word' id='word_1_600' title='bbox 1223 4472 1417 4526; x_wconf 73' lang='grc' dir='ltr'>Πολλοὶ</span> <span class='ocrx_word' id='word_1_601' title='bbox 1447 4473 1504 4524; x_wconf 75' lang='grc' dir='ltr'><strong>δὲ</strong></span> <span class='ocrx_word' id='word_1_602' title='bbox 1562 4473 1658 4525; x_wconf 70' lang='grc' dir='ltr'>καὶ</span> <span class='ocrx_word' id='word_1_603' title='bbox 1712 4472 1876 4543; x_wconf 83' lang='grc' dir='ltr'>μέχρι</span> 
     </span>
    </p>
   </div>
   <div class='ocr_carea' id='block_1_79' title="bbox 288 4563 1880 4639">
    <p class='ocr_par' dir='ltr' id='par_1_79' title="bbox 288 4563 1880 4639">
     <span class='ocr_line' id='line_1_79' title="bbox 288 4563 1880 4639; baseline -0.004 -14"><span class='ocrx_word' id='word_1_604' title='bbox 288 4571 386 4626; x_wconf 73' lang='grc' dir='ltr'>τοῦ</span> <span class='ocrx_word' id='word_1_605' title='bbox 411 4570 507 4623; x_wconf 82' lang='grc' dir='ltr'>νῦν</span> <span class='ocrx_word' id='word_1_606' title='bbox 535 4566 926 4639; x_wconf 81' lang='grc' dir='ltr'>ὑπισχνοῦνται</span> <span class='ocrx_word' id='word_1_607' title='bbox 960 4564 1058 4636; x_wconf 84' lang='grc' dir='ltr'>μὲν</span> <span class='ocrx_word' id='word_1_608' title='bbox 1086 4563 1164 4636; x_wconf 82' lang='grc' dir='ltr'><strong>τῷ</strong></span> <span class='ocrx_word' id='word_1_609' title='bbox 1202 4564 1320 4634; x_wconf 84' lang='grc' dir='ltr'>Θεῷ</span> <span class='ocrx_word' id='word_1_610' title='bbox 1345 4565 1441 4618; x_wconf 66' lang='grc' dir='ltr'>καὶ</span> <span class='ocrx_word' id='word_1_611' title='bbox 1478 4565 1680 4635; x_wconf 71' lang='grc' dir='ltr'>Πατρὶ,</span> <span class='ocrx_word' id='word_1_612' title='bbox 1713 4582 1880 4634; x_wconf 87' lang='grc' dir='ltr'>μονα-</span> 
     </span>
    </p>
   </div>
   <div class='ocr_carea' id='block_1_80' title="bbox 292 4659 1880 4736">
    <p class='ocr_par' dir='ltr' id='par_1_80' title="bbox 292 4659 1880 4736">
     <span class='ocr_line' id='line_1_80' title="bbox 292 4659 1880 4736; baseline -0.005 -18"><span class='ocrx_word' id='word_1_613' title='bbox 292 4667 380 4736; x_wconf 65' lang='grc' dir='ltr'><strong>χοὶ</strong></span> <span class='ocrx_word' id='word_1_614' title='bbox 414 4665 576 4735; x_wconf 79' lang='grc' dir='ltr'>τυχὸν</span> <span class='ocrx_word' id='word_1_615' title='bbox 605 4661 826 4715; x_wconf 76' lang='grc' dir='ltr'>ἔσεσθαι</span> <span class='ocrx_word' id='word_1_616' title='bbox 858 4661 892 4731; x_wconf 78' lang='grc' dir='ltr'>ἢ</span> <span class='ocrx_word' id='word_1_617' title='bbox 938 4661 1126 4731; x_wconf 76' lang='grc' dir='ltr'>ἱερεῖς,</span> <span class='ocrx_word' id='word_1_618' title='bbox 1167 4659 1307 4728; x_wconf 83' lang='grc' dir='ltr'>μετὰ</span> <span class='ocrx_word' id='word_1_619' title='bbox 1337 4659 1395 4712; x_wconf 87' lang='grc' dir='ltr'>δὲ</span> <span class='ocrx_word' id='word_1_620' title='bbox 1437 4659 1536 4727; x_wconf 81' lang='grc' dir='ltr'><strong>τήν</strong></span> <span class='ocrx_word' id='word_1_621' title='bbox 1580 4659 1880 4730; x_wconf 84' lang='grc' dir='ltr'>ὑπόσχεσιν</span> 
     </span>
    </p>
   </div>
   <div class='ocr_carea' id='block_1_81' title="bbox 293 4749 1875 4827">
    <p class='ocr_par' dir='ltr' id='par_1_81' title="bbox 293 4749 1875 4827">
     <span class='ocr_line' id='line_1_81' title="bbox 293 4749 1875 4827; baseline -0.003 -19"><span class='ocrx_word' id='word_1_622' title='bbox 293 4753 651 4827; x_wconf 69' lang='grc' dir='ltr'>ῥᾳθυμοῦσιν.</span> <span class='ocrx_word' id='word_1_623' title='bbox 690 4752 910 4822; x_wconf 76' lang='grc' dir='ltr'>Ἐτεροι</span> <span class='ocrx_word' id='word_1_624' title='bbox 939 4749 1018 4814; x_wconf 67' lang='lat' dir='ltr'><strong>at,</strong></span> <span class='ocrx_word' id='word_1_625' title='bbox 1051 4749 1355 4819; x_wconf 81' lang='grc' dir='ltr'>μοναχικὴν</span> <span class='ocrx_word' id='word_1_626' title='bbox 1391 4751 1492 4823; x_wconf 74' lang='grc' dir='ltr'><strong>μὲν</strong></span> <span class='ocrx_word' id='word_1_627' title='bbox 1527 4750 1555 4819; x_wconf 86' lang='grc' dir='ltr'>ἢ</span> <span class='ocrx_word' id='word_1_628' title='bbox 1587 4751 1875 4822; x_wconf 78' lang='grc' dir='ltr'>ἱερατικὴν</span> 
     </span>
    </p>
   </div>
   <div class='ocr_carea' id='block_1_82' title="bbox 286 4842 1878 4916">
    <p class='ocr_par' dir='ltr' id='par_1_82' title="bbox 286 4842 1878 4916">
     <span class='ocr_line' id='line_1_82' title="bbox 286 4842 1878 4916; baseline -0.002 -15"><span class='ocrx_word' id='word_1_629' title='bbox 286 4845 569 4916; x_wconf 73' lang='grc' dir='ltr'>διαγωγήν</span> <span class='ocrx_word' id='word_1_630' title='bbox 618 4845 720 4898; x_wconf 90' lang='grc' dir='ltr'><strong>οὑκ</strong></span> <span class='ocrx_word' id='word_1_631' title='bbox 769 4842 1195 4911; x_wconf 75' lang='grc' dir='ltr'>ἐπηγγείλαντο,</span> <span class='ocrx_word' id='word_1_632' title='bbox 1243 4842 1559 4912; x_wconf 85' lang='grc' dir='ltr'>μοναχικῶς</span> <span class='ocrx_word' id='word_1_633' title='bbox 1583 4843 1640 4896; x_wconf 80' lang='grc' dir='ltr'>δὲ</span> <span class='ocrx_word' id='word_1_634' title='bbox 1681 4845 1773 4897; x_wconf 75' lang='grc' dir='ltr'><strong>καὶ</strong></span> <span class='ocrx_word' id='word_1_635' title='bbox 1806 4846 1878 4898; x_wconf 80' lang='lat' dir='ltr'><strong>ls-</strong></span> 
     </span>
    </p>
   </div>
   <div class='ocr_carea' id='block_1_83' title="bbox 293 4929 1881 5012">
    <p class='ocr_par' dir='ltr' id='par_1_83' title="bbox 293 4929 1881 5012">
     <span class='ocr_line' id='line_1_83' title="bbox 293 4929 1881 5012; baseline -0.001 -20"><span class='ocrx_word' id='word_1_636' title='bbox 293 4938 532 5012; x_wconf 82' lang='grc' dir='ltr'>ρατικῶς</span> <span class='ocrx_word' id='word_1_637' title='bbox 586 4937 904 5004; x_wconf 79' lang='grc' dir='ltr'><strong>διάγουσιν⁹</strong></span> <span class='ocrx_word' id='word_1_638' title='bbox 938 4934 1080 4987; x_wconf 83' lang='grc' dir='ltr'>ὥστε</span> <span class='ocrx_word' id='word_1_639' title='bbox 1130 4929 1279 4988; x_wconf 78' lang='grc' dir='ltr'>οὗτοι</span> <span class='ocrx_word' id='word_1_640' title='bbox 1322 4935 1492 4987; x_wconf 85' lang='grc' dir='ltr'>τέκνα</span> <span class='ocrx_word' id='word_1_641' title='bbox 1543 4935 1798 5007; x_wconf 75' lang='grc' dir='ltr'>εὐπειθῆ,</span> <span class='ocrx_word' id='word_1_642' title='bbox 1831 4939 1881 4990; x_wconf 81' lang='grc' dir='ltr'><strong>οἱ</strong></span> 
     </span>
    </p>
   </div>
   <div class='ocr_carea' id='block_1_84' title="bbox 290 5025 1304 5102">
    <p class='ocr_par' dir='ltr' id='par_1_84' title="bbox 290 5025 1304 5102">
     <span class='ocr_line' id='line_1_84' title="bbox 290 5025 1304 5102; baseline -0.005 -18"><span class='ocrx_word' id='word_1_643' title='bbox 290 5032 623 5102; x_wconf 70' lang='grc' dir='ltr'>πράττοντες</span> <span class='ocrx_word' id='word_1_644' title='bbox 646 5026 748 5081; x_wconf 74' lang='grc' dir='ltr'><strong>κᾶν</strong></span> <span class='ocrx_word' id='word_1_645' title='bbox 778 5025 946 5094; x_wconf 81' lang='grc' dir='ltr'>μηδὲν</span> <span class='ocrx_word' id='word_1_646' title='bbox 981 5025 1304 5094; x_wconf 80' lang='grc' dir='ltr'>ὑπέσχοντο.</span> 
     </span>
    </p>
   </div>
   <div class='ocr_carea' id='block_1_85' title="bbox 365 5112 1881 5192">
    <p class='ocr_par' dir='ltr' id='par_1_85' title="bbox 365 5112 1881 5192">
     <span class='ocr_line' id='line_1_85' title="bbox 365 5112 1881 5192; baseline 0.002 -22"><span class='ocrx_word' id='word_1_647' title='bbox 365 5141 382 5170; x_wconf 77' lang='grc' dir='ltr'>ι</span> <span class='ocrx_word' id='word_1_648' title='bbox 427 5119 630 5189; x_wconf 81' lang='grc' dir='ltr'>Ἀλλην</span> <span class='ocrx_word' id='word_1_649' title='bbox 661 5117 976 5190; x_wconf 75' lang='grc' dir='ltr'>παραϐολὴν</span> <span class='ocrx_word' id='word_1_650' title='bbox 1001 5117 1301 5171; x_wconf 80' lang='grc' dir='ltr'>ἀκούσατε.</span> <span class='ocrx_word' id='word_1_651' title='bbox 1345 5118 1668 5187; x_wconf 72' lang='grc' dir='ltr'>Ἄνθρωπος</span> <span class='ocrx_word' id='word_1_652' title='bbox 1706 5112 1774 5192; x_wconf 79' lang='grc' dir='ltr'>ἦν</span> <span class='ocrx_word' id='word_1_653' title='bbox 1804 5123 1881 5173; x_wconf 84' lang='grc' dir='ltr'><strong>οἱ-</strong></span> 
     </span>
    </p>
   </div>
   <div class='ocr_carea' id='block_1_86' title="bbox 289 5211 1878 5284">
    <p class='ocr_par' dir='ltr' id='par_1_86' title="bbox 289 5211 1878 5284">
     <span class='ocr_line' id='line_1_86' title="bbox 289 5211 1878 5284; baseline 0.001 -18"><span class='ocrx_word' id='word_1_654' title='bbox 289 5213 644 5284; x_wconf 73' lang='grc' dir='ltr'>κοδεσπότης,</span> <span class='ocrx_word' id='word_1_655' title='bbox 683 5214 830 5274; x_wconf 79' lang='grc' dir='ltr'>ὅστις</span> <span class='ocrx_word' id='word_1_656' title='bbox 863 5213 1161 5280; x_wconf 74' lang='grc' dir='ltr'>ἐφύτευσεν</span> <span class='ocrx_word' id='word_1_657' title='bbox 1209 5211 1536 5280; x_wconf 83' lang='grc' dir='ltr'>ἀμπελῶνα,</span> <span class='ocrx_word' id='word_1_658' title='bbox 1571 5213 1667 5265; x_wconf 75' lang='grc' dir='ltr'><strong>καὶ</strong></span> <span class='ocrx_word' id='word_1_659' title='bbox 1732 5231 1878 5283; x_wconf 79' lang='grc' dir='ltr'>φρα-</span> 
     </span>
    </p>
   </div>
   <div class='ocr_carea' id='block_1_87' title="bbox 287 5287 1875 5380">
    <p class='ocr_par' dir='ltr' id='par_1_87' title="bbox 287 5287 1875 5380">
     <span class='ocr_line' id='line_1_87' title="bbox 287 5287 1875 5380; baseline -0.002 -17"><span class='ocrx_word' id='word_1_660' title='bbox 287 5309 430 5380; x_wconf 74' lang='grc' dir='ltr'>γμὸν</span> <span class='ocrx_word' id='word_1_661' title='bbox 453 5307 602 5378; x_wconf 79' lang='grc' dir='ltr'>αὑτῷ</span> <span class='ocrx_word' id='word_1_662' title='bbox 630 5306 948 5377; x_wconf 80' lang='grc' dir='ltr'>περιέθηκε,</span> <span class='ocrx_word' id='word_1_663' title='bbox 989 5304 1085 5358; x_wconf 69' lang='grc' dir='ltr'><strong>καὶ</strong></span> <span class='ocrx_word' id='word_1_664' title='bbox 1123 5304 1332 5375; x_wconf 77' lang='grc' dir='ltr'>ὤρυξεν</span> <span class='ocrx_word' id='word_1_665' title='bbox 1394 5307 1451 5357; x_wconf 79' lang='grc' dir='ltr'>ἐν</span> <span class='ocrx_word' id='word_1_666' title='bbox 1505 5305 1654 5376; x_wconf 83' lang='grc' dir='ltr'>αὑτῷ</span> <span class='ocrx_word' id='word_1_667' title='bbox 1693 5287 1875 5377; x_wconf 82' lang='grc' dir='ltr'>ληνόν.</span> 
     </span>
    </p>
   </div>
   <div class='ocr_carea' id='block_1_88' title="bbox 289 5397 1882 5472">
    <p class='ocr_par' dir='ltr' id='par_1_88' title="bbox 289 5397 1882 5472">
     <span class='ocr_line' id='line_1_88' title="bbox 289 5397 1882 5472; baseline -0.002 -17"><span class='ocrx_word' id='word_1_668' title='bbox 289 5403 404 5455; x_wconf 77' lang='grc' dir='ltr'><strong>Καὶ</strong></span> <span class='ocrx_word' id='word_1_669' title='bbox 432 5401 747 5472; x_wconf 83' lang='grc' dir='ltr'>ᾠκοδόμησε</span> <span class='ocrx_word' id='word_1_670' title='bbox 781 5399 1012 5467; x_wconf 86' lang='grc' dir='ltr'>πύργον,</span> <span class='ocrx_word' id='word_1_671' title='bbox 1049 5399 1142 5450; x_wconf 72' lang='grc' dir='ltr'>καὶ</span> <span class='ocrx_word' id='word_1_672' title='bbox 1201 5397 1413 5461; x_wconf 74' lang='grc' dir='ltr'>ἐξέδοτο</span> <span class='ocrx_word' id='word_1_673' title='bbox 1487 5399 1653 5453; x_wconf 84' lang='grc' dir='ltr'>αὑτὸν</span> <span class='ocrx_word' id='word_1_674' title='bbox 1711 5417 1882 5472; x_wconf 86' lang='grc' dir='ltr'>γεωρ-</span> 
     </span>
    </p>
   </div>
   <div class='ocr_carea' id='block_1_89' title="bbox 290 5490 1874 5560">
    <p class='ocr_par' dir='ltr' id='par_1_89' title="bbox 290 5490 1874 5560">
     <span class='ocr_line' id='line_1_89' title="bbox 290 5490 1874 5560; baseline 0.004 -19"><span class='ocrx_word' id='word_1_675' title='bbox 290 5497 430 5560; x_wconf 53' lang='grc' dir='ltr'>γοῖς,</span> <span class='ocrx_word' id='word_1_676' title='bbox 465 5494 560 5547; x_wconf 75' lang='grc' dir='ltr'>καὶ</span> <span class='ocrx_word' id='word_1_677' title='bbox 613 5491 991 5559; x_wconf 79' lang='grc' dir='ltr'>ἀπεδήμησεν.</span> <span class='ocrx_word' id='word_1_678' title='bbox 1035 5510 1052 5542; x_wconf 75' lang='grc' dir='ltr'><strong>ι</strong></span> <span class='ocrx_word' id='word_1_679' title='bbox 1089 5490 1294 5559; x_wconf 66' lang='grc' dir='ltr'>Ἄλλην</span> <span class='ocrx_word' id='word_1_680' title='bbox 1336 5490 1656 5560; x_wconf 78' lang='grc' dir='ltr'>παραϐολὴν</span> <span class='ocrx_word' id='word_1_681' title='bbox 1686 5494 1874 5558; x_wconf 83' lang='grc' dir='ltr'>αὐτοῖς</span> 
     </span>
    </p>
   </div>
   <div class='ocr_carea' id='block_1_90' title="bbox 291 5580 1878 5651">
    <p class='ocr_par' dir='ltr' id='par_1_90' title="bbox 291 5580 1878 5651">
     <span class='ocr_line' id='line_1_90' title="bbox 291 5580 1878 5651; baseline 0.002 -16"><span class='ocrx_word' id='word_1_682' title='bbox 291 5583 565 5649; x_wconf 73' lang='grc' dir='ltr'>ἐπιφέρει,</span> <span class='ocrx_word' id='word_1_683' title='bbox 601 5580 861 5633; x_wconf 88' lang='grc' dir='ltr'>δεικνύων</span> <span class='ocrx_word' id='word_1_684' title='bbox 894 5581 976 5633; x_wconf 81' lang='grc' dir='ltr'>ὅτι</span> <span class='ocrx_word' id='word_1_685' title='bbox 1018 5581 1111 5632; x_wconf 70' lang='grc' dir='ltr'><strong>καὶ</strong></span> <span class='ocrx_word' id='word_1_686' title='bbox 1136 5580 1337 5650; x_wconf 72' lang='grc' dir='ltr'>μυρίας</span> <span class='ocrx_word' id='word_1_687' title='bbox 1363 5581 1683 5651; x_wconf 76' lang='grc' dir='ltr'>ἐπιμελείας</span> <span class='ocrx_word' id='word_1_688' title='bbox 1711 5584 1878 5649; x_wconf 81' lang='grc' dir='ltr'><strong>ἀξιω-</strong></span> 
     </span>
    </p>
   </div>
   <div class='ocr_carea' id='block_1_91' title="bbox 291 5671 1879 5746">
    <p class='ocr_par' dir='ltr' id='par_1_91' title="bbox 291 5671 1879 5746">
     <span class='ocr_line' id='line_1_91' title="bbox 291 5671 1879 5746; baseline 0.008 -26"><span class='ocrx_word' id='word_1_689' title='bbox 291 5673 502 5737; x_wconf 63' lang='grc' dir='ltr'>θέντες,</span> <span class='ocrx_word' id='word_1_690' title='bbox 545 5672 645 5724; x_wconf 86' lang='grc' dir='ltr'><strong>οὑκ</strong></span> <span class='ocrx_word' id='word_1_691' title='bbox 691 5671 1115 5742; x_wconf 73' lang='grc' dir='ltr'>ὲὸελτιώθησαν.</span> <span class='ocrx_word' id='word_1_692' title='bbox 1151 5673 1480 5741; x_wconf 68' lang='grc' dir='ltr'>Ἄνθρωπος</span> <span class='ocrx_word' id='word_1_693' title='bbox 1521 5674 1633 5746; x_wconf 74' lang='grc' dir='ltr'><strong>γὰρ</strong></span> <span class='ocrx_word' id='word_1_694' title='bbox 1660 5678 1879 5731; x_wconf 71' lang='grc' dir='ltr'>οἰκοδει-</span> 
     </span>
    </p>
   </div>
   <div class='ocr_carea' id='block_1_92' title="bbox 364 5859 889 5921">
    <p class='ocr_par' dir='ltr' id='par_1_92' title="bbox 364 5859 889 5921">
     <span class='ocr_line' id='line_1_92' title="bbox 364 5859 889 5921; baseline -0.006 -7"><span class='ocrx_word' id='word_1_695' title='bbox 364 5863 410 5892; x_wconf 72' lang='grc'><strong>’⁸³</strong></span> <span class='ocrx_word' id='word_1_696' title='bbox 448 5859 615 5914; x_wconf 66' lang='lat' dir='ltr'><strong>Exod.</strong></span> <span class='ocrx_word' id='word_1_697' title='bbox 654 5874 799 5921; x_wconf 49' lang='lat' dir='ltr'><strong>sxw,</strong></span> <span class='ocrx_word' id='word_1_698' title='bbox 837 5859 889 5911; x_wconf 68' lang='lat'><strong>5.</strong></span> 
     </span>
    </p>
   </div>
   <div class='ocr_carea' id='block_1_93' title="bbox 1993 3273 3597 3348">
    <p class='ocr_par' dir='ltr' id='par_1_93' title="bbox 1993 3273 3597 3348">
     <span class='ocr_line' id='line_1_93' title="bbox 1993 3273 3597 3348; baseline -0.003 -14"><span class='ocrx_word' id='word_1_699' title='bbox 1993 3279 2127 3334; x_wconf 83' lang='lat' dir='ltr'><strong>Vide</strong></span> <span class='ocrx_word' id='word_1_700' title='bbox 2163 3280 2326 3348; x_wconf 70' lang='lat' dir='ltr'><strong>igitur</strong></span> <span class='ocrx_word' id='word_1_701' title='bbox 2360 3278 2688 3347; x_wconf 86' lang='lat' dir='ltr'><strong>sapientiam</strong></span> <span class='ocrx_word' id='word_1_702' title='bbox 2739 3275 2966 3332; x_wconf 84' lang='lat' dir='ltr'><strong>Christi.</strong></span> <span class='ocrx_word' id='word_1_703' title='bbox 3002 3273 3119 3329; x_wconf 84' lang='lat' dir='ltr'><strong>Non</strong></span> <span class='ocrx_word' id='word_1_704' title='bbox 3154 3276 3341 3330; x_wconf 85' lang='lat' dir='ltr'><strong>statim</strong></span> <span class='ocrx_word' id='word_1_705' title='bbox 3379 3290 3407 3328; x_wconf 87' lang='lat' dir='ltr'><strong>a</strong></span> <span class='ocrx_word' id='word_1_706' title='bbox 3440 3275 3597 3344; x_wconf 87' lang='lat' dir='ltr'><strong>prin-</strong></span> 
     </span>
    </p>
   </div>
   <div class='ocr_carea' id='block_1_94' title="bbox 1989 3367 3599 3440">
    <p class='ocr_par' dir='ltr' id='par_1_94' title="bbox 1989 3367 3599 3440">
     <span class='ocr_line' id='line_1_94' title="bbox 1989 3367 3599 3440; baseline -0.003 -15"><span class='ocrx_word' id='word_1_707' title='bbox 1989 3372 2131 3440; x_wconf 83' lang='lat' dir='ltr'><strong>cipio</strong></span> <span class='ocrx_word' id='word_1_708' title='bbox 2174 3371 2314 3425; x_wconf 78' lang='lat' dir='ltr'><strong>dixit</strong></span> <span class='ocrx_word' id='word_1_709' title='bbox 2367 3371 2522 3424; x_wconf 88' lang='lat' dir='ltr'><strong>illis:</strong></span> <span class='ocrx_word' id='word_1_710' title='bbox 2559 3368 2816 3425; x_wconf 79' lang='lat' dir='ltr'><strong>Meliores</strong></span> <span class='ocrx_word' id='word_1_711' title='bbox 2857 3369 3012 3423; x_wconf 87' lang='lat' dir='ltr'><strong>vobis</strong></span> <span class='ocrx_word' id='word_1_712' title='bbox 3060 3367 3335 3437; x_wconf 87' lang='lat' dir='ltr'><strong>publicani</strong></span> <span class='ocrx_word' id='word_1_713' title='bbox 3373 3378 3503 3420; x_wconf 89' lang='lat' dir='ltr'><strong>sunt</strong></span> <span class='ocrx_word' id='word_1_714' title='bbox 3539 3374 3599 3421; x_wconf 86' lang='lat' dir='ltr'><strong>et</strong></span> 
     </span>
    </p>
   </div>
   <div class='ocr_carea' id='block_1_95' title="bbox 1989 3459 3599 3533">
    <p class='ocr_par' dir='ltr' id='par_1_95' title="bbox 1989 3459 3599 3533">
     <span class='ocr_line' id='line_1_95' title="bbox 1989 3459 3599 3533; baseline -0.004 -14"><span class='ocrx_word' id='word_1_715' title='bbox 1989 3465 2346 3519; x_wconf 85' lang='lat' dir='ltr'><strong>meretrices:</strong></span> <span class='ocrx_word' id='word_1_716' title='bbox 2377 3463 2475 3518; x_wconf 88' lang='lat' dir='ltr'><strong>sed</strong></span> <span class='ocrx_word' id='word_1_717' title='bbox 2525 3463 2678 3533; x_wconf 90' lang='lat' dir='ltr'><strong>prius</strong></span> <span class='ocrx_word' id='word_1_718' title='bbox 2723 3462 2867 3529; x_wconf 83' lang='lat' dir='ltr'><strong>cepit</strong></span> <span class='ocrx_word' id='word_1_719' title='bbox 2909 3462 3082 3530; x_wconf 86' lang='lat' dir='ltr'><strong>ipsos,</strong></span> <span class='ocrx_word' id='word_1_720' title='bbox 3115 3469 3169 3516; x_wconf 92' lang='lat' dir='ltr'><strong>ct</strong></span> <span class='ocrx_word' id='word_1_721' title='bbox 3199 3459 3433 3515; x_wconf 78' lang='lat' dir='ltr'><strong>confessi</strong></span> <span class='ocrx_word' id='word_1_722' title='bbox 3466 3471 3599 3515; x_wconf 90' lang='lat' dir='ltr'><strong>sunt</strong></span> 
     </span>
    </p>
   </div>
   <div class='ocr_carea' id='block_1_96' title="bbox 1989 3547 3595 3627">
    <p class='ocr_par' dir='ltr' id='par_1_96' title="bbox 1989 3547 3595 3627">
     <span class='ocr_line' id='line_1_96' title="bbox 1989 3547 3595 3627; baseline -0.002 -17"><span class='ocrx_word' id='word_1_723' title='bbox 1989 3559 2130 3626; x_wconf 90' lang='lat' dir='ltr'><strong>quod</strong></span> <span class='ocrx_word' id='word_1_724' title='bbox 2161 3573 2226 3612; x_wconf 79' lang='lat' dir='ltr'><strong>ex</strong></span> <span class='ocrx_word' id='word_1_725' title='bbox 2265 3547 2474 3612; x_wconf 88' lang='lat' dir='ltr'><strong>duobus</strong></span> <span class='ocrx_word' id='word_1_726' title='bbox 2520 3556 2645 3610; x_wconf 86' lang='lat' dir='ltr'><strong>tlliis</strong></span> <span class='ocrx_word' id='word_1_727' title='bbox 2678 3556 2766 3610; x_wconf 88' lang='lat' dir='ltr'><strong>ille</strong></span> <span class='ocrx_word' id='word_1_728' title='bbox 2801 3553 2964 3627; x_wconf 65' lang='grc'><strong>114</strong></span> <span class='ocrx_word' id='word_1_729' title='bbox 2993 3554 3254 3609; x_wconf 89' lang='lat' dir='ltr'><strong>obediens</strong></span> <span class='ocrx_word' id='word_1_730' title='bbox 3278 3554 3476 3619; x_wconf 82' lang='lat' dir='ltr'><strong>fuerit,</strong></span> <span class='ocrx_word' id='word_1_731' title='bbox 3502 3553 3595 3624; x_wconf 85' lang='lat' dir='ltr'><strong>qui</strong></span> 
     </span>
    </p>
   </div>
   <div class='ocr_carea' id='block_1_97' title="bbox 1992 3647 3594 3718">
    <p class='ocr_par' dir='ltr' id='par_1_97' title="bbox 1992 3647 3594 3718">
     <span class='ocr_line' id='line_1_97' title="bbox 1992 3647 3594 3718; baseline -0.002 -14"><span class='ocrx_word' id='word_1_732' title='bbox 1992 3651 2179 3706; x_wconf 80' lang='lat' dir='ltr'><strong>fcccrit</strong></span> <span class='ocrx_word' id='word_1_733' title='bbox 2210 3651 2552 3704; x_wconf 85' lang='lat' dir='ltr'><strong>voluntatem</strong></span> <span class='ocrx_word' id='word_1_734' title='bbox 2600 3651 2791 3718; x_wconf 85' lang='lat' dir='ltr'><strong>patris.</strong></span> <span class='ocrx_word' id='word_1_735' title='bbox 2827 3648 3021 3703; x_wconf 87' lang='lat' dir='ltr'><strong>Postea</strong></span> <span class='ocrx_word' id='word_1_736' title='bbox 3072 3649 3162 3703; x_wconf 90' lang='lat' dir='ltr'><strong>ubi</strong></span> <span class='ocrx_word' id='word_1_737' title='bbox 3212 3647 3316 3703; x_wconf 86' lang='lat' dir='ltr'><strong>hoc</strong></span> <span class='ocrx_word' id='word_1_738' title='bbox 3355 3647 3594 3703; x_wconf 79' lang='lat' dir='ltr'><strong>confessi</strong></span> 
     </span>
    </p>
   </div>
   <div class='ocr_carea' id='block_1_98' title="bbox 1991 3738 3596 3809">
    <p class='ocr_par' dir='ltr' id='par_1_98' title="bbox 1991 3738 3596 3809">
     <span class='ocr_line' id='line_1_98' title="bbox 1991 3738 3596 3809; baseline -0.002 -13"><span class='ocrx_word' id='word_1_739' title='bbox 1991 3741 2234 3807; x_wconf 79' lang='lat' dir='ltr'><strong>fuerunt,</strong></span> <span class='ocrx_word' id='word_1_740' title='bbox 2263 3741 2502 3796; x_wconf 85' lang='lat' dir='ltr'><strong>subdidit</strong></span> <span class='ocrx_word' id='word_1_741' title='bbox 2535 3742 2748 3795; x_wconf 80' lang='lat' dir='ltr'><strong>venisse</strong></span> <span class='ocrx_word' id='word_1_742' title='bbox 2769 3739 3040 3795; x_wconf 82' lang='lat' dir='ltr'><strong>Joannem</strong></span> <span class='ocrx_word' id='word_1_743' title='bbox 3065 3755 3161 3809; x_wconf 89' lang='lat' dir='ltr'><strong>per</strong></span> <span class='ocrx_word' id='word_1_744' title='bbox 3187 3741 3328 3794; x_wconf 86' lang='lat' dir='ltr'><strong>viam</strong></span> <span class='ocrx_word' id='word_1_745' title='bbox 3346 3738 3596 3806; x_wconf 67' lang='lat' dir='ltr'><strong>justitiae,</strong></span> 
     </span>
    </p>
   </div>
   <div class='ocr_carea' id='block_1_99' title="bbox 1989 3816 3594 3903">
    <p class='ocr_par' dir='ltr' id='par_1_99' title="bbox 1989 3816 3594 3903">
     <span class='ocr_line' id='line_1_99' title="bbox 1989 3816 3594 3903; baseline -0.002 -15"><span class='ocrx_word' id='word_1_746' title='bbox 1989 3835 2092 3888; x_wconf 81' lang='lat' dir='ltr'><strong>hoc</strong></span> <span class='ocrx_word' id='word_1_747' title='bbox 2122 3845 2223 3898; x_wconf 88' lang='lat' dir='ltr'><strong>est,</strong></span> <span class='ocrx_word' id='word_1_748' title='bbox 2256 3835 2307 3888; x_wconf 90' lang='lat' dir='ltr'><strong>in</strong></span> <span class='ocrx_word' id='word_1_749' title='bbox 2338 3834 2444 3887; x_wconf 83' lang='lat' dir='ltr'><strong>vita</strong></span> <span class='ocrx_word' id='word_1_750' title='bbox 2480 3816 2944 3903; x_wconf 84' lang='lat' dir='ltr'><strong>irreprebensibili</strong></span> <span class='ocrx_word' id='word_1_751' title='bbox 2972 3849 2986 3886; x_wconf 88' lang='lat'><strong>:</strong></span> <span class='ocrx_word' id='word_1_752' title='bbox 3020 3847 3128 3887; x_wconf 92' lang='lat' dir='ltr'><strong>non</strong></span> <span class='ocrx_word' id='word_1_753' title='bbox 3182 3833 3411 3903; x_wconf 84' lang='lat' dir='ltr'><strong>pctestis</strong></span> <span class='ocrx_word' id='word_1_754' title='bbox 3449 3833 3594 3887; x_wconf 91' lang='lat' dir='ltr'><strong>enim</strong></span> 
     </span>
    </p>
   </div>
   <div class='ocr_carea' id='block_1_100' title="bbox 1987 3924 3596 3996">
    <p class='ocr_par' dir='ltr' id='par_1_100' title="bbox 1987 3924 3596 3996">
     <span class='ocr_line' id='line_1_100' title="bbox 1987 3924 3596 3996; baseline -0.002 -14"><span class='ocrx_word' id='word_1_755' title='bbox 1987 3929 2171 3982; x_wconf 83' lang='lat' dir='ltr'><strong>dicere</strong></span> <span class='ocrx_word' id='word_1_756' title='bbox 2196 3928 2362 3980; x_wconf 82' lang='lat' dir='ltr'><strong>vitam</strong></span> <span class='ocrx_word' id='word_1_757' title='bbox 2393 3924 2620 3981; x_wconf 82' lang='lat' dir='ltr'><strong>Joannis</strong></span> <span class='ocrx_word' id='word_1_758' title='bbox 2656 3926 2824 3981; x_wconf 87' lang='lat' dir='ltr'><strong>fuisse</strong></span> <span class='ocrx_word' id='word_1_759' title='bbox 2876 3926 3366 3996; x_wconf 87' lang='lat' dir='ltr'><strong>reprehensibilem</strong></span> <span class='ocrx_word' id='word_1_760' title='bbox 3406 3942 3422 3981; x_wconf 92' lang='lat'><strong>:</strong></span> <span class='ocrx_word' id='word_1_761' title='bbox 3454 3934 3596 3981; x_wconf 84' lang='lat' dir='ltr'><strong>atta-</strong></span> 
     </span>
    </p>
   </div>
   <div class='ocr_carea' id='block_1_101' title="bbox 1990 4019 3593 4084">
    <p class='ocr_par' dir='ltr' id='par_1_101' title="bbox 1990 4019 3593 4084">
     <span class='ocr_line' id='line_1_101' title="bbox 1990 4019 3593 4084; baseline -0.001 -12"><span class='ocrx_word' id='word_1_762' title='bbox 1990 4035 2110 4072; x_wconf 85' lang='lat' dir='ltr'><strong>tncn</strong></span> <span class='ocrx_word' id='word_1_763' title='bbox 2139 4019 2460 4074; x_wconf 86' lang='lat' dir='ltr'><strong>meretrices</strong></span> <span class='ocrx_word' id='word_1_764' title='bbox 2490 4019 2924 4082; x_wconf 80' lang='lat' dir='ltr'><strong>eiohedierunt,</strong></span> <span class='ocrx_word' id='word_1_765' title='bbox 2975 4034 3072 4074; x_wconf 89' lang='lat' dir='ltr'><strong>vos</strong></span> <span class='ocrx_word' id='word_1_766' title='bbox 3112 4029 3292 4072; x_wconf 90' lang='lat' dir='ltr'><strong>autem</strong></span> <span class='ocrx_word' id='word_1_767' title='bbox 3331 4034 3435 4075; x_wconf 84' lang='lat' dir='ltr'><strong>noa</strong></span> <span class='ocrx_word' id='word_1_768' title='bbox 3460 4036 3476 4084; x_wconf 92' lang='lat'><strong>;</strong></span> <span class='ocrx_word' id='word_1_769' title='bbox 3506 4020 3593 4074; x_wconf 90' lang='lat' dir='ltr'><strong>id-</strong></span> 
     </span>
    </p>
   </div>
   <div class='ocr_carea' id='block_1_102' title="bbox 1987 4110 3600 4180">
    <p class='ocr_par' dir='ltr' id='par_1_102' title="bbox 1987 4110 3600 4180">
     <span class='ocr_line' id='line_1_102' title="bbox 1987 4110 3600 4180; baseline 0 -16"><span class='ocrx_word' id='word_1_770' title='bbox 1987 4113 2136 4165; x_wconf 85' lang='lat' dir='ltr'><strong>circo</strong></span> <span class='ocrx_word' id='word_1_771' title='bbox 2163 4121 2214 4165; x_wconf 89' lang='lat' dir='ltr'><strong>et</strong></span> <span class='ocrx_word' id='word_1_772' title='bbox 2244 4110 2558 4180; x_wconf 67' lang='lat' dir='ltr'><strong>praecedunt</strong></span> <span class='ocrx_word' id='word_1_773' title='bbox 2587 4125 2703 4174; x_wconf 89' lang='lat' dir='ltr'><strong>vos,</strong></span> <span class='ocrx_word' id='word_1_774' title='bbox 2730 4110 2832 4164; x_wconf 88' lang='lat' dir='ltr'><strong>boc</strong></span> <span class='ocrx_word' id='word_1_775' title='bbox 2865 4121 2969 4175; x_wconf 86' lang='lat' dir='ltr'><strong>est,</strong></span> <span class='ocrx_word' id='word_1_776' title='bbox 3000 4121 3128 4166; x_wconf 85' lang='lat' dir='ltr'><strong>ante</strong></span> <span class='ocrx_word' id='word_1_777' title='bbox 3157 4127 3252 4165; x_wconf 85' lang='lat' dir='ltr'><strong>vos</strong></span> <span class='ocrx_word' id='word_1_778' title='bbox 3277 4111 3600 4175; x_wconf 64' lang='lat' dir='ltr'><strong>ingrediun-</strong></span> 
     </span>
    </p>
   </div>
   <div class='ocr_carea' id='block_1_103' title="bbox 1993 4204 3596 4273">
    <p class='ocr_par' dir='ltr' id='par_1_103' title="bbox 1993 4204 3596 4273">
     <span class='ocr_line' id='line_1_103' title="bbox 1993 4204 3596 4273; baseline 0 -16"><span class='ocrx_word' id='word_1_779' title='bbox 1993 4213 2080 4257; x_wconf 90' lang='lat' dir='ltr'><strong>tur</strong></span> <span class='ocrx_word' id='word_1_780' title='bbox 2122 4205 2174 4261; x_wconf 89' lang='lat' dir='ltr'><strong>in</strong></span> <span class='ocrx_word' id='word_1_781' title='bbox 2212 4219 2438 4271; x_wconf 75' lang='lat' dir='ltr'><strong>regnum</strong></span> <span class='ocrx_word' id='word_1_782' title='bbox 2477 4204 2738 4257; x_wconf 68' lang='lat' dir='ltr'><strong>malorum</strong></span> <span class='ocrx_word' id='word_1_783' title='bbox 2776 4223 2788 4258; x_wconf 91' lang='lat'>:</span> <span class='ocrx_word' id='word_1_784' title='bbox 2825 4205 3065 4259; x_wconf 78' lang='lat' dir='ltr'><strong>labor-ate</strong></span> <span class='ocrx_word' id='word_1_785' title='bbox 3101 4206 3287 4273; x_wconf 82' lang='lat' dir='ltr'><strong>itaque</strong></span> <span class='ocrx_word' id='word_1_786' title='bbox 3317 4215 3373 4259; x_wconf 91' lang='lat' dir='ltr'><strong>et</strong></span> <span class='ocrx_word' id='word_1_787' title='bbox 3407 4219 3505 4260; x_wconf 84' lang='lat' dir='ltr'><strong>vos</strong></span> <span class='ocrx_word' id='word_1_788' title='bbox 3535 4213 3596 4257; x_wconf 90' lang='lat' dir='ltr'><strong>ut</strong></span> 
     </span>
    </p>
   </div>
   <div class='ocr_carea' id='block_1_104' title="bbox 1987 4298 3594 4370">
    <p class='ocr_par' dir='ltr' id='par_1_104' title="bbox 1987 4298 3594 4370">
     <span class='ocr_line' id='line_1_104' title="bbox 1987 4298 3594 4370; baseline -0.001 -15"><span class='ocrx_word' id='word_1_789' title='bbox 1987 4299 2177 4355; x_wconf 86' lang='lat' dir='ltr'><strong>saltem</strong></span> <span class='ocrx_word' id='word_1_790' title='bbox 2242 4308 2362 4368; x_wconf 91' lang='lat' dir='ltr'><strong>post</strong></span> <span class='ocrx_word' id='word_1_791' title='bbox 2422 4300 2543 4355; x_wconf 86' lang='lat' dir='ltr'><strong>illas</strong></span> <span class='ocrx_word' id='word_1_792' title='bbox 2607 4301 2826 4355; x_wconf 89' lang='lat' dir='ltr'><strong>intretis</strong></span> <span class='ocrx_word' id='word_1_793' title='bbox 2884 4309 2938 4353; x_wconf 92' lang='lat' dir='ltr'><strong>et</strong></span> <span class='ocrx_word' id='word_1_794' title='bbox 2998 4300 3100 4370; x_wconf 90' lang='lat' dir='ltr'><strong>ipsi</strong></span> <span class='ocrx_word' id='word_1_795' title='bbox 3162 4301 3504 4364; x_wconf 80' lang='lat' dir='ltr'><strong>credentes:</strong></span> <span class='ocrx_word' id='word_1_796' title='bbox 3546 4298 3594 4353; x_wconf 90' lang='lat' dir='ltr'><strong>si</strong></span> 
     </span>
    </p>
   </div>
   <div class='ocr_carea' id='block_1_105' title="bbox 1985 4391 3592 4464">
    <p class='ocr_par' dir='ltr' id='par_1_105' title="bbox 1985 4391 3592 4464">
     <span class='ocr_line' id='line_1_105' title="bbox 1985 4391 3592 4464; baseline 0.001 -18"><span class='ocrx_word' id='word_1_797' title='bbox 1985 4403 2168 4448; x_wconf 88' lang='lat' dir='ltr'><strong>autem</strong></span> <span class='ocrx_word' id='word_1_798' title='bbox 2209 4393 2474 4448; x_wconf 91' lang='lat' dir='ltr'><strong>increduli</strong></span> <span class='ocrx_word' id='word_1_799' title='bbox 2513 4394 2727 4448; x_wconf 89' lang='lat' dir='ltr'><strong>fueritis</strong></span> <span class='ocrx_word' id='word_1_800' title='bbox 2749 4435 2764 4457; x_wconf 90' lang='lat'><strong>,</strong></span> <span class='ocrx_word' id='word_1_801' title='bbox 2794 4410 3072 4464; x_wconf 87' lang='lat' dir='ltr'><strong>nunquam</strong></span> <span class='ocrx_word' id='word_1_802' title='bbox 3108 4393 3408 4448; x_wconf 86' lang='lat' dir='ltr'><strong>intrabitis.</strong></span> <span class='ocrx_word' id='word_1_803' title='bbox 3435 4391 3592 4449; x_wconf 86' lang='lat' dir='ltr'><strong>Multi</strong></span> 
     </span>
    </p>
   </div>
   <div class='ocr_carea' id='block_1_106' title="bbox 1988 4483 3595 4554">
    <p class='ocr_par' dir='ltr' id='par_1_106' title="bbox 1988 4483 3595 4554">
     <span class='ocr_line' id='line_1_106' title="bbox 1988 4483 3595 4554; baseline -0.001 -15"><span class='ocrx_word' id='word_1_804' title='bbox 1988 4495 2170 4539; x_wconf 92' lang='lat' dir='ltr'><strong>autem</strong></span> <span class='ocrx_word' id='word_1_805' title='bbox 2205 4486 2366 4538; x_wconf 88' lang='lat' dir='ltr'><strong>etiam</strong></span> <span class='ocrx_word' id='word_1_806' title='bbox 2402 4485 2564 4539; x_wconf 87' lang='lat' dir='ltr'><strong>hodie</strong></span> <span class='ocrx_word' id='word_1_807' title='bbox 2595 4486 2922 4554; x_wconf 86' lang='lat' dir='ltr'><strong>pollicentur</strong></span> <span class='ocrx_word' id='word_1_808' title='bbox 2959 4485 3066 4540; x_wconf 92' lang='lat' dir='ltr'><strong>Deo</strong></span> <span class='ocrx_word' id='word_1_809' title='bbox 3097 4497 3150 4541; x_wconf 90' lang='lat' dir='ltr'><strong>et</strong></span> <span class='ocrx_word' id='word_1_810' title='bbox 3183 4483 3356 4550; x_wconf 74' lang='lat' dir='ltr'><strong>Patri,</strong></span> <span class='ocrx_word' id='word_1_811' title='bbox 3398 4499 3595 4540; x_wconf 83' lang='lat' dir='ltr'><strong>mona-</strong></span> 
     </span>
    </p>
   </div>
   <div class='ocr_carea' id='block_1_107' title="bbox 1990 4574 3596 4656">
    <p class='ocr_par' dir='ltr' id='par_1_107' title="bbox 1990 4574 3596 4656">
     <span class='ocr_line' id='line_1_107' title="bbox 1990 4574 3596 4656; baseline 0.002 -27"><span class='ocrx_word' id='word_1_812' title='bbox 1990 4575 2120 4629; x_wconf 85' lang='lat' dir='ltr'><strong>chos</strong></span> <span class='ocrx_word' id='word_1_813' title='bbox 2165 4590 2225 4629; x_wconf 90' lang='lat' dir='ltr'><strong>se</strong></span> <span class='ocrx_word' id='word_1_814' title='bbox 2255 4574 2470 4630; x_wconf 86' lang='lat' dir='ltr'><strong>futuros</strong></span> <span class='ocrx_word' id='word_1_815' title='bbox 2519 4575 2661 4630; x_wconf 90' lang='lat' dir='ltr'><strong>forte</strong></span> <span class='ocrx_word' id='word_1_816' title='bbox 2692 4576 2773 4629; x_wconf 84' lang='lat' dir='ltr'><strong>vel</strong></span> <span class='ocrx_word' id='word_1_817' title='bbox 2804 4577 3119 4630; x_wconf 87' lang='lat' dir='ltr'><strong>sacerdotes</strong></span> <span class='ocrx_word' id='word_1_818' title='bbox 3146 4594 3168 4656; x_wconf 49' lang='grc' dir='ltr'><strong>εί</strong></span> <span class='ocrx_word' id='word_1_819' title='bbox 3195 4587 3316 4646; x_wconf 89' lang='lat' dir='ltr'><strong>post</strong></span> <span class='ocrx_word' id='word_1_820' title='bbox 3369 4577 3596 4648; x_wconf 80' lang='lat' dir='ltr'><strong>promis-</strong></span> 
     </span>
    </p>
   </div>
   <div class='ocr_carea' id='block_1_108' title="bbox 1992 4668 3589 4738">
    <p class='ocr_par' dir='ltr' id='par_1_108' title="bbox 1992 4668 3589 4738">
     <span class='ocr_line' id='line_1_108' title="bbox 1992 4668 3589 4738; baseline 0.002 -16"><span class='ocrx_word' id='word_1_821' title='bbox 1992 4668 2201 4722; x_wconf 88' lang='lat' dir='ltr'><strong>sionem</strong></span> <span class='ocrx_word' id='word_1_822' title='bbox 2233 4678 2414 4722; x_wconf 91' lang='lat' dir='ltr'><strong>autem</strong></span> <span class='ocrx_word' id='word_1_823' title='bbox 2449 4669 2788 4738; x_wconf 51' lang='lat' dir='ltr'><strong>negligentes</strong></span> <span class='ocrx_word' id='word_1_824' title='bbox 2820 4681 2967 4727; x_wconf 82' lang='lat' dir='ltr'><strong>sunt.</strong></span> <span class='ocrx_word' id='word_1_825' title='bbox 3006 4672 3109 4725; x_wconf 84' lang='lat' dir='ltr'><strong>Alii</strong></span> <span class='ocrx_word' id='word_1_826' title='bbox 3148 4682 3330 4727; x_wconf 90' lang='lat' dir='ltr'><strong>autem</strong></span> <span class='ocrx_word' id='word_1_827' title='bbox 3368 4685 3589 4727; x_wconf 85' lang='lat' dir='ltr'><strong>monas-</strong></span> 
     </span>
    </p>
   </div>
   <div class='ocr_carea' id='block_1_109' title="bbox 1991 4747 3591 4831">
    <p class='ocr_par' dir='ltr' id='par_1_109' title="bbox 1991 4747 3591 4831">
     <span class='ocr_line' id='line_1_109' title="bbox 1991 4747 3591 4831; baseline 0.004 -19"><span class='ocrx_word' id='word_1_828' title='bbox 1991 4760 2153 4813; x_wconf 90' lang='lat' dir='ltr'><strong>ticam</strong></span> <span class='ocrx_word' id='word_1_829' title='bbox 2191 4760 2270 4814; x_wconf 86' lang='lat' dir='ltr'><strong>vel</strong></span> <span class='ocrx_word' id='word_1_830' title='bbox 2304 4747 2705 4815; x_wconf 47' lang='lat' dir='ltr'><strong>shcerdotalem</strong></span> <span class='ocrx_word' id='word_1_831' title='bbox 2763 4763 2928 4816; x_wconf 88' lang='lat' dir='ltr'><strong>vitam</strong></span> <span class='ocrx_word' id='word_1_832' title='bbox 2979 4762 3203 4831; x_wconf 91' lang='lat' dir='ltr'><strong>polliciti</strong></span> <span class='ocrx_word' id='word_1_833' title='bbox 3263 4780 3371 4818; x_wconf 89' lang='lat' dir='ltr'><strong>non</strong></span> <span class='ocrx_word' id='word_1_834' title='bbox 3441 4773 3591 4828; x_wconf 88' lang='lat' dir='ltr'><strong>sunt,</strong></span> 
     </span>
    </p>
   </div>
   <div class='ocr_carea' id='block_1_110' title="bbox 1989 4851 3596 4924">
    <p class='ocr_par' dir='ltr' id='par_1_110' title="bbox 1989 4851 3596 4924">
     <span class='ocr_line' id='line_1_110' title="bbox 1989 4851 3596 4924; baseline 0.002 -18"><span class='ocrx_word' id='word_1_835' title='bbox 1989 4851 2130 4906; x_wconf 89' lang='lat' dir='ltr'><strong>sicut</strong></span> <span class='ocrx_word' id='word_1_836' title='bbox 2186 4851 2434 4905; x_wconf 76' lang='lat' dir='ltr'><strong>monachi</strong></span> <span class='ocrx_word' id='word_1_837' title='bbox 2475 4861 2655 4906; x_wconf 90' lang='lat' dir='ltr'><strong>tamen</strong></span> <span class='ocrx_word' id='word_1_838' title='bbox 2693 4852 2775 4906; x_wconf 83' lang='lat' dir='ltr'><strong>vel</strong></span> <span class='ocrx_word' id='word_1_839' title='bbox 2813 4854 3130 4908; x_wconf 84' lang='lat' dir='ltr'><strong>sacerdotes</strong></span> <span class='ocrx_word' id='word_1_840' title='bbox 3166 4853 3398 4908; x_wconf 83' lang='lat' dir='ltr'><strong>vivunt:</strong></span> <span class='ocrx_word' id='word_1_841' title='bbox 3429 4865 3596 4924; x_wconf 86' lang='lat' dir='ltr'><strong>atque</strong></span> 
     </span>
    </p>
   </div>
   <div class='ocr_carea' id='block_1_111' title="bbox 1991 4943 3591 5015">
    <p class='ocr_par' dir='ltr' id='par_1_111' title="bbox 1991 4943 3591 5015">
     <span class='ocr_line' id='line_1_111' title="bbox 1991 4943 3591 5015; baseline 0.004 -18"><span class='ocrx_word' id='word_1_842' title='bbox 1991 4944 2062 4997; x_wconf 86' lang='lat' dir='ltr'><strong>ita</strong></span> <span class='ocrx_word' id='word_1_843' title='bbox 2118 4943 2190 4997; x_wconf 91' lang='lat' dir='ltr'><strong>illi</strong></span> <span class='ocrx_word' id='word_1_844' title='bbox 2239 4954 2365 4998; x_wconf 87' lang='lat' dir='ltr'><strong>sunt</strong></span> <span class='ocrx_word' id='word_1_845' title='bbox 2413 4945 2732 5000; x_wconf 89' lang='lat' dir='ltr'><strong>obedientes</strong></span> <span class='ocrx_word' id='word_1_846' title='bbox 2762 4946 2941 5015; x_wconf 89' lang='lat' dir='ltr'><strong>pueri,</strong></span> <span class='ocrx_word' id='word_1_847' title='bbox 2995 4947 3087 5015; x_wconf 92' lang='lat' dir='ltr'><strong>qni</strong></span> <span class='ocrx_word' id='word_1_848' title='bbox 3125 4944 3335 5001; x_wconf 82' lang='lat' dir='ltr'><strong>faciunt</strong></span> <span class='ocrx_word' id='word_1_849' title='bbox 3367 4948 3591 5004; x_wconf 88' lang='lat' dir='ltr'><strong>etiamsi</strong></span> 
     </span>
    </p>
   </div>
   <div class='ocr_carea' id='block_1_112' title="bbox 1995 5036 2540 5105">
    <p class='ocr_par' dir='ltr' id='par_1_112' title="bbox 1995 5036 2540 5105">
     <span class='ocr_line' id='line_1_112' title="bbox 1995 5036 2540 5105; baseline 0 -15"><span class='ocrx_word' id='word_1_850' title='bbox 1995 5036 2126 5090; x_wconf 85' lang='lat' dir='ltr'><strong>nihil</strong></span> <span class='ocrx_word' id='word_1_851' title='bbox 2165 5037 2540 5105; x_wconf 84' lang='lat' dir='ltr'><strong>promiserint.</strong></span> 
     </span>
    </p>
   </div>
   <div class='ocr_carea' id='block_1_113' title="bbox 2067 5128 3594 5204">
    <p class='ocr_par' dir='ltr' id='par_1_113' title="bbox 2067 5128 3594 5204">
     <span class='ocr_line' id='line_1_113' title="bbox 2067 5128 3594 5204; baseline 0.003 -23"><span class='ocrx_word' id='word_1_852' title='bbox 2067 5128 2226 5182; x_wconf 73' lang='lat' dir='ltr'><strong>Vens.</strong></span> <span class='ocrx_word' id='word_1_853' title='bbox 2253 5129 2344 5183; x_wconf 77' lang='lat'><strong>53.</strong></span> <span class='ocrx_word' id='word_1_854' title='bbox 2377 5149 2395 5181; x_wconf 75' lang='grc' dir='ltr'>ι</span> <span class='ocrx_word' id='word_1_855' title='bbox 2426 5131 2599 5184; x_wconf 87' lang='lat' dir='ltr'><strong>Aliam</strong></span> <span class='ocrx_word' id='word_1_856' title='bbox 2646 5133 2959 5200; x_wconf 86' lang='lat' dir='ltr'><strong>parabolam</strong></span> <span class='ocrx_word' id='word_1_857' title='bbox 3011 5133 3220 5188; x_wconf 87' lang='lat' dir='ltr'><strong>audite.</strong></span> <span class='ocrx_word' id='word_1_858' title='bbox 3250 5131 3427 5186; x_wconf 81' lang='lat' dir='ltr'><strong>Homo</strong></span> <span class='ocrx_word' id='word_1_859' title='bbox 3469 5134 3594 5204; x_wconf 54' lang='lat' dir='ltr'><strong>qui-</strong></span> 
     </span>
    </p>
   </div>
   <div class='ocr_carea' id='block_1_114' title="bbox 1993 5220 3596 5294">
    <p class='ocr_par' dir='ltr' id='par_1_114' title="bbox 1993 5220 3596 5294">
     <span class='ocr_line' id='line_1_114' title="bbox 1993 5220 3596 5294; baseline 0.006 -22"><span class='ocrx_word' id='word_1_860' title='bbox 1993 5220 2113 5272; x_wconf 82' lang='lat' dir='ltr'><strong>dam</strong></span> <span class='ocrx_word' id='word_1_861' title='bbox 2157 5234 2276 5273; x_wconf 70' lang='lat' dir='ltr'><strong>erat</strong></span> <span class='ocrx_word' id='word_1_862' title='bbox 2316 5221 2732 5289; x_wconf 78' lang='lat' dir='ltr'><strong>paterfamilias,</strong></span> <span class='ocrx_word' id='word_1_863' title='bbox 2782 5224 2874 5292; x_wconf 92' lang='lat' dir='ltr'><strong>qui</strong></span> <span class='ocrx_word' id='word_1_864' title='bbox 2932 5225 3197 5294; x_wconf 89' lang='lat' dir='ltr'><strong>plantavit</strong></span> <span class='ocrx_word' id='word_1_865' title='bbox 3253 5225 3491 5290; x_wconf 89' lang='lat' dir='ltr'><strong>vineam,</strong></span> <span class='ocrx_word' id='word_1_866' title='bbox 3541 5236 3596 5281; x_wconf 86' lang='lat' dir='ltr'><strong>et</strong></span> 
     </span>
    </p>
   </div>
   <div class='ocr_carea' id='block_1_115' title="bbox 1990 5313 3595 5382">
    <p class='ocr_par' dir='ltr' id='par_1_115' title="bbox 1990 5313 3595 5382">
     <span class='ocr_line' id='line_1_115' title="bbox 1990 5313 3595 5382; baseline 0.008 -21"><span class='ocrx_word' id='word_1_867' title='bbox 1990 5326 2174 5380; x_wconf 78' lang='lat' dir='ltr'><strong>sepem</strong></span> <span class='ocrx_word' id='word_1_868' title='bbox 2221 5313 2579 5370; x_wconf 79' lang='lat' dir='ltr'><strong>circumdedit</strong></span> <span class='ocrx_word' id='word_1_869' title='bbox 2607 5317 2678 5382; x_wconf 92' lang='lat' dir='ltr'><strong>ei,</strong></span> <span class='ocrx_word' id='word_1_870' title='bbox 2707 5327 2760 5371; x_wconf 92' lang='lat' dir='ltr'><strong>et</strong></span> <span class='ocrx_word' id='word_1_871' title='bbox 2806 5317 2943 5371; x_wconf 80' lang='lat' dir='ltr'><strong>fodit</strong></span> <span class='ocrx_word' id='word_1_872' title='bbox 2999 5320 3051 5373; x_wconf 92' lang='lat' dir='ltr'><strong>in</strong></span> <span class='ocrx_word' id='word_1_873' title='bbox 3100 5333 3163 5374; x_wconf 87' lang='lat' dir='ltr'><strong>ea</strong></span> <span class='ocrx_word' id='word_1_874' title='bbox 3226 5320 3490 5382; x_wconf 76' lang='lat' dir='ltr'><strong>torcular,</strong></span> <span class='ocrx_word' id='word_1_875' title='bbox 3540 5329 3595 5374; x_wconf 86' lang='lat' dir='ltr'><strong>et</strong></span> 
     </span>
    </p>
   </div>
   <div class='ocr_carea' id='block_1_116' title="bbox 1989 5402 3591 5479">
    <p class='ocr_par' dir='ltr' id='par_1_116' title="bbox 1989 5402 3591 5479">
     <span class='ocr_line' id='line_1_116' title="bbox 1989 5402 3591 5479; baseline 0.007 -26"><span class='ocrx_word' id='word_1_876' title='bbox 1989 5402 2276 5457; x_wconf 77' lang='lat' dir='ltr'><strong>:rditicavit</strong></span> <span class='ocrx_word' id='word_1_877' title='bbox 2306 5406 2518 5468; x_wconf 90' lang='lat' dir='ltr'><strong>turrim,</strong></span> <span class='ocrx_word' id='word_1_878' title='bbox 2545 5417 2598 5460; x_wconf 86' lang='lat' dir='ltr'><strong>et</strong></span> <span class='ocrx_word' id='word_1_879' title='bbox 2628 5408 2831 5462; x_wconf 87' lang='lat' dir='ltr'><strong>locavit</strong></span> <span class='ocrx_word' id='word_1_880' title='bbox 2856 5425 2978 5464; x_wconf 88' lang='lat' dir='ltr'><strong>eam</strong></span> <span class='ocrx_word' id='word_1_881' title='bbox 3017 5411 3296 5479; x_wconf 79' lang='lat' dir='ltr'><strong>agricolis,</strong></span> <span class='ocrx_word' id='word_1_882' title='bbox 3326 5427 3391 5476; x_wconf 83' lang='lat' dir='ltr'><strong>ac</strong></span> <span class='ocrx_word' id='word_1_883' title='bbox 3433 5425 3591 5478; x_wconf 82' lang='lat' dir='ltr'><strong>pere-</strong></span> 
     </span>
    </p>
   </div>
   <div class='ocr_carea' id='block_1_117' title="bbox 1987 5499 3583 5573">
    <p class='ocr_par' dir='ltr' id='par_1_117' title="bbox 1987 5499 3583 5573">
     <span class='ocr_line' id='line_1_117' title="bbox 1987 5499 3583 5573; baseline 0.007 -27"><span class='ocrx_word' id='word_1_884' title='bbox 1987 5511 2083 5564; x_wconf 80' lang='lat' dir='ltr'><strong>gre</strong></span> <span class='ocrx_word' id='word_1_885' title='bbox 2121 5499 2394 5566; x_wconf 76' lang='lat' dir='ltr'><strong>profectus</strong></span> <span class='ocrx_word' id='word_1_886' title='bbox 2439 5507 2544 5554; x_wconf 89' lang='lat' dir='ltr'><strong>est.</strong></span> <span class='ocrx_word' id='word_1_887' title='bbox 2584 5520 2600 5551; x_wconf 82' lang='grc'>›</span> <span class='ocrx_word' id='word_1_888' title='bbox 2653 5503 2829 5555; x_wconf 80' lang='lat' dir='ltr'><strong>Aliam</strong></span> <span class='ocrx_word' id='word_1_889' title='bbox 2863 5505 3196 5573; x_wconf 83' lang='lat' dir='ltr'><strong>parabolam</strong></span> <span class='ocrx_word' id='word_1_890' title='bbox 3258 5507 3338 5559; x_wconf 90' lang='lat' dir='ltr'><strong>eis</strong></span> <span class='ocrx_word' id='word_1_891' title='bbox 3399 5504 3583 5571; x_wconf 67' lang='lat' dir='ltr'><strong>allen,</strong></span> 
     </span>
    </p>
   </div>
   <div class='ocr_carea' id='block_1_118' title="bbox 1986 5569 3588 5677">
    <p class='ocr_par' dir='ltr' id='par_1_118' title="bbox 1986 5569 3588 5677">
     <span class='ocr_line' id='line_1_118' title="bbox 1986 5569 3588 5677; baseline 0.007 -35"><span class='ocrx_word' id='word_1_892' title='bbox 1986 5591 2281 5645; x_wconf 88' lang='lat' dir='ltr'><strong>ostendens</strong></span> <span class='ocrx_word' id='word_1_893' title='bbox 2305 5592 2468 5660; x_wconf 90' lang='lat' dir='ltr'><strong>quod,</strong></span> <span class='ocrx_word' id='word_1_894' title='bbox 2498 5593 2624 5648; x_wconf 91' lang='lat' dir='ltr'><strong>licet</strong></span> <span class='ocrx_word' id='word_1_895' title='bbox 2664 5569 2893 5677; x_wconf 43' lang='lat' dir='ltr'><strong>summd‘</strong></span> <span class='ocrx_word' id='word_1_896' title='bbox 2909 5596 3184 5665; x_wconf 75' lang='lat' dir='ltr'><strong>diligentia</strong></span> <span class='ocrx_word' id='word_1_897' title='bbox 3219 5599 3298 5653; x_wconf 91' lang='lat' dir='ltr'><strong>eis</strong></span> <span class='ocrx_word' id='word_1_898' title='bbox 3342 5598 3588 5653; x_wconf 79' lang='lat' dir='ltr'><strong>exhibita</strong></span> 
     </span>
    </p>
   </div>
   <div class='ocr_carea' id='block_1_119' title="bbox 1987 5683 3584 5764">
    <p class='ocr_par' dir='ltr' id='par_1_119' title="bbox 1987 5683 3584 5764">
     <span class='ocr_line' id='line_1_119' title="bbox 1987 5683 3584 5764; baseline 0.006 -27"><span class='ocrx_word' id='word_1_899' title='bbox 1987 5683 2080 5750; x_wconf 88' lang='lat' dir='ltr'><strong>sit,</strong></span> <span class='ocrx_word' id='word_1_900' title='bbox 2107 5698 2215 5738; x_wconf 91' lang='lat' dir='ltr'><strong>non</strong></span> <span class='ocrx_word' id='word_1_901' title='bbox 2271 5684 2523 5745; x_wconf 79' lang='lat' dir='ltr'><strong>meliores</strong></span> <span class='ocrx_word' id='word_1_902' title='bbox 2573 5688 2700 5745; x_wconf 90' lang='lat' dir='ltr'><strong>facti</strong></span> <span class='ocrx_word' id='word_1_903' title='bbox 2755 5691 2980 5747; x_wconf 85' lang='lat' dir='ltr'><strong>fuerint.</strong></span> <span class='ocrx_word' id='word_1_904' title='bbox 3011 5691 3185 5748; x_wconf 81' lang='lat' dir='ltr'><strong>llomJ</strong></span> <span class='ocrx_word' id='word_1_905' title='bbox 3217 5692 3368 5748; x_wconf 90' lang='lat' dir='ltr'><strong>enim</strong></span> <span class='ocrx_word' id='word_1_906' title='bbox 3403 5703 3584 5764; x_wconf 85' lang='lat' dir='ltr'><strong>pater-</strong></span> 
     </span>
    </p>
   </div>
  </div>
