4080 6336
640 385 748 448 333

1170 485 1398 545 CAPUT
1461 483 1628 540 XXII.

640 626 718 682 De
763 623 996 678 invitatis
1023 623 1090 675 ad
1123 621 1352 680 nuptias.
1390 619 1462 672 De
1489 618 1935 684 interrogantibus
1969 616 2029 667 ob
2075 632 2197 669 ccu-

709 711 842 748 mm.
882 691 954 745 De
991 691 1320 745 Soddncazis.
1354 689 1428 743 De
1453 690 1784 757 jnrisperito.
1839 688 1913 740 De
1968 688 2123 753 factis
2173 701 2202 738 α

713 764 934 816 Domina
964 763 1487 830 interrogationibus.

706 939 870 994 Vens.
900 941 1010 994 1-7.
1041 958 1060 991 ι
1084 938 1147 992 Ει
1175 936 1506 1004 respondens
1522 934 1698 999 Jesus,
1726 934 2072 988 iterumdixit
2096 933 2203 986 illis

635 1049 729 1101 per
761 1032 1061 1100 parabolas,
1096 1031 1276 1082 dicens
1311 1043 1324 1080 :
1359 1028 1547 1082 Simile
1599 1027 1799 1081 factum
1847 1039 1929 1080 est
1976 1041 2200 1095 regnum

633 1127 894 1180 caelorum
941 1123 1142 1176 homini
1179 1121 1309 1189 regi,
1342 1123 1431 1191 qui
1473 1120 1597 1172 fecit
1633 1122 1846 1187 nuptias
1900 1119 2008 1172 ﬁlio
2055 1136 2153 1173 suo
2186 1137 2197 1172 :

637 1228 685 1269 et
716 1217 896 1270 emisit
933 1229 1117 1267 servos
1149 1229 1298 1276 suos,
1326 1225 1382 1266 ut
1417 1223 1666 1266 vocarent
1698 1213 1948 1266 invitatos
1972 1213 2035 1265 ad
2061 1228 2199 1280 Imp-

635 1311 758 1372 tias,
793 1318 844 1360 et
879 1307 1129 1360 nolebant
1160 1307 1362 1358 venire.
1395 1305 1595 1358 lterum
1630 1304 1809 1358 emisit
1834 1303 1966 1356 alios
1991 1318 2195 1367 servos,

632 1397 853 1450 dicens:
891 1396 1058 1448 Dicite
1094 1396 1327 1484 irritatis
1363 1412 1376 1449 :
1409 1396 1547 1448 Ecce
1580 1395 1860 1462 prandium
1899 1408 2076 1445 meum
2100 1407 2195 1460 pa-

630 1490 743 1541 ravi
783 1489 963 1542 :tauri
999 1489 1101 1540 mei
1146 1498 1198 1540 et
1253 1489 1419 1540 altilia
1468 1497 1697 1541 mactata
1735 1498 1883 1553 sunt,
1932 1497 1979 1539 et
2016 1488 2194 1540 omnia

630 1589 849 1648 parata;
890 1580 1067 1632 venite
1119 1579 1181 1632 ad
1223 1580 1456 1646 nuptias.
1495 1580 1574 1633 Illi
1608 1591 1786 1633 autem
1822 1581 2192 1650 neglexerunt,

628 1681 678 1722 et
705 1671 974 1736 abierunt,
1001 1671 1136 1724 alius
1157 1672 1207 1724 in
1236 1672 1411 1724 villam
1439 1686 1612 1736 suam,
1639 1673 1773 1726 alius
1796 1688 1924 1726 vero
1948 1672 2011 1726 ad
2035 1687 2195 1742 nego-

631 1760 1076 1818 tiationemsuam
1113 1776 1125 1814 :
1159 1763 1346 1831 reliqui
1379 1778 1506 1818 vero
1534 1772 1820 1817 tenuerunt
1852 1779 2038 1818 servos
2055 1763 2191 1830 ejus,

626 1861 682 1905 et
704 1853 1048 1905 contumeliis
1085 1851 1302 1907 aﬂ'ectos
1336 1855 1672 1907 occiderunt.
1712 1853 1824 1908 Rex
1856 1851 2033 1909 autem
2071 1870 2194 1908 cum

627 1941 888 2004 audisset,
923 1943 1088 1996 iratus
1113 1952 1214 2004 est,
1235 1952 1288 1995 et
1316 1943 1493 1996 missis
1513 1945 1842 1998 exercitibus
1862 1947 1976 1999 suis
2013 1948 2194 2015 perdi-

623 2033 701 2084 dit
732 2033 1026 2087 homicidas
1047 2033 1181 2096 il.los,
1211 2044 1264 2088 et
1286 2035 1557 2090 civitatem
1599 2036 1811 2088 illorum
1838 2038 2135 2091 succendit.
2166 2056 2186 2089 ι

622 2119 814 2177 Ειιιωε
835 2124 1084 2192 parabola
1099 2123 1404 2180 Judteorum
1422 2127 1840 2181 inobedientiam
1860 2129 2186 2193 subindicat,

623 2215 762 2268 sicut
799 2224 850 2268 et
891 2216 1138 2285 superior
1174 2218 1239 2271 de
1274 2219 1450 2274 vinea.
1490 2219 1683 2273 Verum
1731 2220 1870 2274 sicut
1917 2220 2003 2273 illa
2047 2236 2192 2274 mor-

625 2312 730 2357 tem
782 2306 1003 2371 Christi,
1045 2309 1114 2362 ita
1174 2309 1287 2363 haec
1332 2310 1571 2380 nuptiale
1621 2311 1895 2379 gaudium,
1939 2312 2040 2365 hoc
2085 2322 2187 2375 est,

623 2397 1078 2450 resurrectionem
1140 2399 1400 2452 declarat.
1437 2402 1704 2454 Craterum
1757 2403 1870 2456 οπο
1925 2412 2192 2457 monstrat

623 2482 789 2538 multo
829 2490 1098 2542 atrociora
1132 2504 1251 2556 ultre
1284 2489 1551 2555 patrarint
1587 2491 1683 2556 illi,
1712 2507 1874 2560 quam
1915 2494 2184 2560 superior.

619 2573 696 2628 illi
723 2577 865 2628 enim
911 2582 1032 2630 cum
1079 2581 1432 2648 exigerentur
1477 2580 1704 2643 fructus,
1739 2581 2058 2637 occidebant
2095 2599 2190 2639 eos

617 2667 707 2732 qui
727 2668 1014 2738 exigebant
1038 2687 1052 2722 :
1080 2670 1130 2722 bi
1160 2683 1337 2724 autem
1370 2688 1490 2726 cum
1519 2685 1839 2727 vocarentur
1862 2677 1926 2727 ad
1949 2677 2181 2744 nuptias,

621 2758 971 2812 homicidium
1001 2761 1266 2818 fecerunt.
1293 2762 1510 2818 Homini
1545 2765 1710 2832 igitur
1738 2767 1848 2836 regi
1877 2767 2071 2822 similis
2101 2780 2182 2822 est

620 2851 782 2907 Deus.
819 2852 930 2912 Non
960 2855 1104 2924 enim
1135 2867 1360 2925 apparet
1407 2868 1463 2912 ut
1507 2868 1608 2920 est,
1653 2861 1747 2913 sed
1796 2862 2004 2928 qualem
2031 2863 2184 2916 decet

618 2951 676 2993 nt
740 2944 894 2999 nobis
946 2959 1005 2998 se
1063 2946 1352 3001 videndum
1417 2948 1691 3004 exhibeat.
1751 2949 1886 3004 Nam
1963 2954 2178 3021 quando

615 3034 690 3087 uti
730 3035 974 3090 homines
1015 3039 1279 3091 morimur
1327 3041 1579 3094 humanis
1639 3043 1873 3107 peccatis
1937 3046 2181 3106 obnoxii,

1522 375 2091 438 THEOPHYLACTI
2131 365 2540 434 BULGARIE
2580 361 2933 425 ARCHIEP.

2229 480 2281 540 A

3759 342 3862 410 τιδι

2896 468 3146 523 ΚΕΦΑᾹ.
3185 465 3312 520 ΚΒ’.

2305 615 2444 682 Περὶ
2469 612 2586 667 τῶν
2633 608 3019 682 καλουιιέγωις·
3053 609 3166 682 εις-
3194 606 3300 658 τίκν
3331 603 3538 682 γάέιοις.
3570 602 3706 681 Περὶ
3744 601 3877 682 ἐξ-

2375 673 2930 750 ἑρωτησάντωνίδιὰ
2955 678 3058 750 τήν
3092 677 3348 750 κῆνσονς.
3384 673 3523 740 Περὶ
3582 673 3701 725 τῶν
3734 674 3878 750 Σαξ-

2377 743 2695 807 δουκὰίων.
2757 749 2892 815 Περὶ
2926 749 3032 802 τοῦ
3065 744 3569 814 ἐπερωτήσαντος
3603 743 3874 812 νομικοῦ.

2376 823 2515 889 Περὶ
2556 839 2671 878 των
2691 821 2798 875 τοῦ
2824 820 3044 887 Κυρίου
3070 815 3520 883 ἐπερωτήσεων.

2382 937 2521 990 (Καὶ
2551 934 2874 1004 ἀποκριθεὶς
2897 936 2924 985 ὁ
2968 931 3196 998 Ἰησοῦς,
3223 930 3383 984 πάλιν
3419 918 3574 982 εἶπεν
3605 930 3785 992 αὐτοῖς
3819 930 3876 981 ἐν

2306 1028 2660 1098 παραϐολαῖς,
2688 1026 2889 1091 λέγων·
2923 1021 3195 1091 Ὠμοιὼοη
3227 1023 3258 1088 ἠ
3291 1020 3538 1086 βασιλεία
3573 1019 3682 1072 τῶν
3711 1021 3875 1088 οὐρα-

2304 1122 2410 1174 νῶν
2438 1119 2709 1187 ἀνθρώπῳ
2738 1115 2968 1186 βασιλεῖ,
3000 1117 3152 1175 ὅστις
3186 1114 3405 1180 ἐποίησε
3434 1115 3647 1179 γάμους
3677 1111 3754 1180 τῷ
3779 1111 3874 1180 υἱῷ

2302 1212 2488 1276 αὑτοῦ,
2523 1211 2613 1263 καὶ
2643 1208 2928 1262 ἀπέστειλε
2981 1208 3108 1268 τοὺς
3159 1205 3376 1266 δούλους
3439 1203 3605 1256 αὐτοῦ
3657 1203 3876 1255 καλέσαι

2300 1307 2425 1368 τοὺς
2458 1305 2823 1374 κεκλημένους
2858 1303 2935 1365 εἰς
2970 1303 3096 1364 τοὺς
3137 1302 3370 1367 γάμους,
3417 1301 3510 1352 καὶ
3560 1300 3663 1350 οὐκ
3687 1299 3874 1368 ἡθελον

2300 1398 2493 1451 ὲλθεῖν.
2546 1396 2714 1449 Πάλιν
2768 1394 3086 1450 ἀπέστειλεν
3140 1392 3334 1448 ἄλλους
3382 1391 3626 1453 δούλους,
3660 1391 3873 1454 λέγων’

2300 1489 2503 1542 Εἴπατε
2520 1491 2631 1559 τοῖς
2655 1488 3014 1558 κεκλημένοις
3034 1504 3047 1517 ·
3091 1486 3220 1538 Ἰδοὺ
3243 1485 3302 1536 τὸ
3337 1483 3559 1554 ἄριστόν
3596 1500 3698 1551 μου
3728 1482 3875 1550 ἡτοί-

2303 1598 2473 1650 μασα,
2507 1584 2552 1634 οἱ
2587 1581 2780 1649 ταῦροί
2810 1599 2911 1649 μου
2971 1580 3062 1633 καὶ
3099 1579 3168 1631 τὰ
3206 1576 3419 1630 σιτιστὰ
3454 1576 3750 1643 τεθυμένα,
3783 1575 3873 1626 καὶ

2298 1674 2475 1726 πάντα
2497 1674 2694 1742 ἕτοιμα
2719 1692 2732 1705 ο
2755 1672 2909 1725 δεῦτε
2945 1673 3026 1733 εις
3063 1671 3189 1731 τοὺς
3231 1669 3461 1738 γάμους.
3492 1670 3554 1720 Ol
3581 1667 3638 1720 δὲ
3669 1665 3873 1733 ἀμελή-

2301 1783 2494 1828 σαντες
2522 1767 2786 1834 ἀπῆλθον,
2820 1769 2848 1818 ὁ
2881 1767 2978 1834 μὲν
3016 1767 3095 1825 είς
3126 1763 3215 1815 τὸν
3265 1763 3394 1815 ἴδιον
3424 1761 3615 1828 ἀγρὸν,
3656 1760 3686 1812 6
3711 1761 3768 1813 δὲ
3793 1760 3868 1820 είς

2295 1857 2394 1926 τὴν
2425 1858 2694 1927 ἐμπορίαν
2725 1858 2891 1912 αὐτοῦ
2919 1873 2931 1886 '
2962 1859 3012 1910 οἱ
3041 1857 3097 1909 δὲ
3125 1856 3322 1918 λοιποὶ,
3342 1855 3717 1925 κρατήσαντες
3748 1854 3871 1913 τοὺς

2295 1947 2509 2010 δούλους
2551 1950 2715 2001 αὑτοῦ
2777 1948 3005 2018 ὕϐρισαν
3031 1950 3124 2001 καὶ
3158 1949 3506 2000 ἀπέκτειναν.
3563 1947 3671 1998 Καὶ
3703 1945 3869 1997 ἀκού·

2299 2054 2398 2100 σας
2431 2039 2738 2106 δβασιλεὺς
2787 2039 3014 2100 ἐκεῖνος,
3052 2036 3322 2107 ὠργίσθη,
3382 2037 3477 2088 καὶ
3527 2037 3750 2103 πέμψας
3805 2035 3871 2089 τὰ

2294 2127 2680 2197 στρατεύματα
2702 2128 2868 2180 αὐτοῦ
2888 2167 2901 2192 ,
2933 2128 3181 2180 ἀπώλεσε
3225 2129 3352 2190 τοὺς
3379 2130 3562 2193 φονεῖς
3605 2127 3868 2188 ἐκείνους.

2293 2218 2388 2269 καὶ
2411 2216 2509 2286 τὴν
2541 2219 2693 2270 πόλιν
2728 2216 2907 2270 αὐτῶν
2946 2218 3264 2288 ἐνέπρησεν.
3313 2236 3329 2268 ι
3363 2217 3471 2269 Καὶ
3513 2218 3656 2286 αὕτη
3691 2220 3721 2287 ή
3766 2236 3869 2272 τια-

2295 2306 2496 2375 ραϐολὴ
2523 2305 2622 2378 τὴν
2668 2306 2778 2358 τῶν
2825 2306 3096 2359 Ἰουδαίων
3141 2307 3424 2360 ἀπείθειαν
3479 2308 3866 2377 ὑποσημαίνει,

2292 2397 2481 2468 ὥσπερ
2509 2400 2602 2451 καὶ
2637 2397 2789 2467 ὴτοῦ
2817 2398 3160 2467 ἀμπελῶνος,
3213 2399 3360 2467 Πλὴν
3392 2399 3514 2451 ὅσον
3553 2401 3735 2466 ἐκείνη
3771 2400 3867 2466 μέν

2290 2488 2381 2541 τὸν
2408 2478 2635 2542 θάνατον
2667 2489 2764 2542 τοῦ
2796 2489 3053 2561 Χριστοῦ,
3083 2488 3222 2557 αὕτη
3252 2489 3306 2541 δὲ
3349 2490 3526 2557 χαρὰν
3572 2491 3861 2558 γαμήλιον,

2290 2580 2411 2647 ἦτοι
2445 2581 2542 2648 τὴν
2581 2580 2881 2633 ἀνάστασιν
2913 2581 3081 2650 δηλοῖ.
3108 2582 3357 2633 Δείκνυσι
3379 2581 3437 2633 δὲ
3467 2580 3604 2648 αῦτη
3636 2581 3729 2632 καὶ
3750 2582 3861 2648 χεί-

2293 2686 2424 2738 ρονα
2489 2669 2993 2740 πλημμελήσαντας
3041 2673 3266 2734 τούτους
3306 2672 3414 2724 τῶν
3444 2675 3500 2724 ἐν
3521 2676 3587 2742 τῇ
3627 2673 3859 2741 προτέρα

2290 2763 2596 2834 παραϐολῇ.
2638 2763 2871 2817 Ἐκεῖνοι
2900 2765 2998 2833 μὲν
3028 2766 3134 2835 γὰρ
3170 2769 3416 2834 καρποῦς
3446 2764 3858 2832 ἀπαιτούμενοι.

2287 2853 2589 2919 ἐφόνευσαν
2624 2855 2750 2916 τοὺς
2783 2856 3091 2925 ἀπαιτητὰς
3111 2871 3125 2885 ⁸
3161 2846 3307 2907 οὗτοι
3333 2853 3389 2907 δὲ
3417 2855 3498 2916 είς
3529 2855 3746 2922 γάμους
3771 2871 3861 2906 κα-

2287 2944 2562 3013 λούμενοι,
2621 2945 2720 3016 τὴν
2787 2948 3103 3015 μιαιφονίαν
3170 2946 3544 3010 ἐπεδείξαντο·
3594 2943 3862 3015 ἀνθρώπῳ

2287 3032 2378 3089 οὖν
2411 3036 2620 3106 βασιλεῖ
2651 3038 2930 3107 ὁμοιοῦται
2953 3042 2980 3092 ὁ
3023 3039 3175 3103 Θεὸς,
3205 3041 3266 3092 οὑ
3313 3039 3422 3109 γὰρ
3473 3039 3729 3106 φαίνεται
3754 3033 3862 3098 οἷός

616 3132 676 3177 ιιι
752 3125 910 3179 homo
971 3125 1124 3180 nobis
1178 3139 1398 3196 apparet
1446 3129 1586 3182 Deus
1627 3132 1901 3199 :‘quando
1963 3143 2180 3195 autem,

2287 3130 2452 3188 ἐστιν,
2479 3130 2595 3182 ἀλλ’
2619 3125 2730 3182 οἷον
2759 3130 2840 3183 δεῖ
2862 3129 2998 3202 πρὸς
3023 3132 3168 3201 ἡμᾶς
3211 3131 3520 3200 φαίνεσθαι.
3555 3131 3732 3185 Ὅταν
3768 3132 3860 3200 μὲν

614 3225 674 3268 ιιι
726 3216 795 3268 dii
840 3217 1211 3285 ambulamus,
1256 3230 1382 3274 tunc
1425 3228 1534 3276 stat
1593 3221 1736 3276 Deus
1795 3223 1848 3276 in
1903 3238 2179 3295 synagoga

617 3308 784 3378 117⁷
809 3309 1030 3364 deorum
1064 3311 1107 3342 "
1139 3330 1154 3367 :
1189 3315 1327 3367 sicut
1358 3324 1411 3368 et
1451 3317 1662 3384 quando
1690 3315 1924 3369 ferarum
1957 3327 2180 3373 naturas

613 3401 966 3464 assumimus,
1003 3401 1063 3456 fit
1101 3413 1152 3458 et
1187 3405 1276 3458 ille
1305 3406 1460 3460 nobis
1496 3405 1862 3474 panthera,.et
1901 3426 2082 3470 ursus.
2126 3419 2182 3465 et

614 3488 717 3543 leo.
750 3489 900 3544 Facit
944 3502 1120 3546 autem
1176 3497 1392 3562 nuptias
1427 3493 1562 3548 Filio
1611 3512 1707 3552 suo
1755 3499 2008 3566 c0pnlans
2057 3516 2177 3554 eum

609 3583 757 3634 omni
813 3581 1066 3638 formosae
1127 3586 1338 3639 animm.
1402 3586 1644 3655 Sponsns
1701 3590 1844 3643 enim
1903 3591 2178 3658 Christus,

613 3670 822 3738 Sponsa
869 3686 1046 3728 autem
1085 3675 1322 3731 Ecclesia
1374 3688 1428 3733 et
1461 3681 1663 3734 anima.
1711 3682 1860 3735 Servi
1907 3699 2034 3737 vero
2067 3685 2180 3753 pri-

611 3783 759 3820 mum
793 3770 961 3832 missi,
999 3768 1172 3824 Moses
1212 3781 1264 3824 et
1310 3771 1420 3835 alii,
1459 3773 1656 3840 quibus
1697 3789 1802 3828 non
1835 3773 2180 3831 crediderunt

610 3857 842 3924 Hebraei,
875 3862 967 3914 sed
1002 3873 1461 3930 exasperaverunt
1498 3865 1658 3918 Deum
1703 3868 1754 3919 in
1798 3867 2013 3921 deserto
2043 3884 2180 3936 qua-

609 3948 857 4017 draginta
891 3952 1068 4016 annis,
1099 3961 1151 4004 et
1185 3953 1475 4007 noluerunt
1507 3970 1809 4011 sermooem
1839 3959 1930 4012 Dei
1965 3968 2013 4012 el
2047 3964 2176 4014 cha-

609 4039 822 4094 ritatem
855 4042 1126 4110 suscipere
1178 4044 1536 4111 spiritualem.
1592 4047 1790 4101 Deinde
1840 4052 1990 4104 missi
2054 4064 2178 4106 sunt

607 4131 748 4186 servi
778 4132 888 4192 alii,
922 4139 1198 4200 propheta:
1234 4151 1246 4188 ε
1280 4136 1372 4189 sed
1408 4146 1463 4190 et
1496 4137 1706 4191 illorum
1746 4142 2004 4206 quosdam
2035 4145 2179 4198 occi-

610 4225 824 4286 derunt,
848 4235 904 4277 ut
936 4223 1123 4277 Isaiam
1157 4242 1171 4282 :
1205 4229 1462 4294 quosdam
1497 4231 1836 4285 contumeliis
1860 4233 2176 4302 aﬂ'ecerunt,

611 4325 667 4368 ut
693 4314 1006 4382 Jeremiam,
1046 4331 1203 4384 quem
1247 4318 1298 4370 in
1345 4319 1517 4381 lacum
1556 4321 1648 4374 luti
1683 4323 1999 4390 iniecerunt.
2047 4326 2177 4392 Qni-

607 4406 731 4459 dtm
763 4415 939 4460 autem
972 4407 1151 4461 minus
1187 4409 1332 4471 ntali,
1367 4409 1465 4462 sibi
1499 4411 1568 4464 ab
1606 4412 1908 4483 huiusmodi
1961 4417 2172 4482 injuriis

2285 3214 2379 3270 οὖν
2411 3220 2487 3282 ὡς
2515 3221 2791 3290 ἄνθρωποι
2825 3222 3284 3292 ἀποθνήσκωμεν,
3325 3225 3439 3284 τοῖς
3497 3221 3864 3293 ἀνθρωπίνοις

2285 3309 2661 3378 ἐλαττώμασιν
2700 3312 3072 3382 ὑποκείμενοι,
3127 3313 3204 3376 ὡς
3267 3309 3553 3383 ἄνθρωπος
3615 3312 3867 3382 φαίνεται

2285 3402 2416 3471 ημῖν
2447 3403 2474 3453 ὁ
2514 3403 2681 3464 Θεὸς·
2715 3403 2845 3455 ὅταν
2900 3404 2957 3457 δὲ
2993 3402 3069 3468 ὡς
3121 3405 3235 3457 θεοὶ
3279 3405 3714 3476 περιπατῶμεν,
3773 3405 3864 3457 τό·

2283 3511 2341 3547 τε
2391 3495 2602 3548 ἵσταται
2662 3498 2690 3548 ὁ
2739 3495 2871 3560 Θεὸς
2931 3497 2989 3549 ἐν
3059 3499 3352 3564 συναγωγῇ
3408 3495 3581 3549 Θεῶν.
3645 3497 3863 3568 Ὠσπερ

2282 3585 2375 3641 οὖν
2410 3592 2500 3642 καὶ
2535 3590 2664 3643 ὅταν
2695 3591 2770 3653 ὠς
2826 3592 2987 3662 θηρία
3030 3591 3232 3657 ζῶμεν,
3292 3591 3521 3658 γίνεταιε
3565 3590 3661 3643 καὶ
3720 3591 3866 3642 ἐκεῖ·

2282 3697 2370 3742 νος
2419 3683 2550 3750 ἡμῖν
2612 3682 2847 3752 πάνθηρ,
2912 3682 3006 3734 καὶ
3041 3683 3257 3752 ἄρκτος,
3297 3683 3391 3735 καὶ⁵
3417 3683 3553 3735 λέων
3580 3697 3595 3711 ·
3633 3683 3776 3734 ποιεῖ
3807 3680 3862 3734 δὲ

2280 3773 2456 3840 γάμον
2508 3773 2585 3842 τῷ
2628 3772 2741 3842 Υίῷ
2809 3775 2975 3826 αὑτοῦ
3016 3815 3031 3838 ,
3089 3774 3380 3827 συνάπτων
3473 3773 3642 3827 αὐτὸν
3709 3773 3858 3842 πάσῃ

2281 3864 2424 3934 ψυχῇ
2478 3864 2676 3935 ὡραία.
2735 3867 2984 3934 Νυμφίος
3016 3865 3172 3934 γὰρὸ
3227 3867 3480 3934 Χριστὸς,
3529 3865 3856 3932 νύμφηδέή

2293 3959 2588 4026 Ἐκκλησία
2647 3959 2741 4012 καὶ
2798 3961 2830 4028 ὴ
2886 3959 3052 4030 ψυχή.
3111 3961 3300 4011 Δοῦλοι
3346 3959 3402 4012 δὲ
3454 3959 3859 4018 ἀποσταλέντες

2282 4052 2566 4121 πρότερον,
2604 4054 2653 4104 οἱ
2679 4052 2805 4122 περὶ
2835 4059 2926 4103 τὸν
2957 4051 3158 4104 Μωσέα
3179 4054 3334 4113 εἰσιν,
3363 4046 3444 4112 οἷς
3469 4051 3570 4103 οὐκ
3603 4049 3860 4120 ἐπείσθη⁴

2285 4161 2382 4196 σαν
2436 4145 2483 4196 οι
2526 4143 2782 4213 Ἑϐραῖοι,
2847 4144 2981 4196 ἀλλὰ
3041 4144 3467 4214 παρεπίκραναν
3501 4142 3596 4194 τὸν
3641 4142 3770 4195 Θεὸν
3800 4144 3857 4194 ἐν

2282 4239 2344 4306 τῇ
2380 4237 2573 4306 ἐρήμῳ
2625 4237 3033 4306 τεσσαράκοντα
3065 4237 3183 4306 ἐτη,
3210 4237 3307 4289 καὶ
3337 4237 3436 4290 οὐκ
3474 4236 3746 4307 ἠθέλησαν
3768 4236 3857 4289 τὸν

2280 4330 2436 4398 λόγον
2489 4331 2580 4383 τοῦ
2634 4330 2898 4397 Θεο,ὖ,⁴καὶ
2960 4332 3056 4402 τήν
3085 4333 3257 4402 χαρὰν
3311 4330 3722 4399 παραδέξασθαι
3760 4331 3856 4396 τὴν

2282 4425 2678 4494 πνευματικήν.
2728 4420 2862 4476 Εἶτα
2920 4423 3307 4492 ἀπεστάλησαν
3359 4422 3508 4474 ἄλλοι
3576 4421 3776 4480 δοῦλοι,
3806 4421 3854 4471 οἱ

609 4506 1060 4568 temperaverunt,
1086 4500 1177 4553 sed
1205 4500 1338 4556 alius
1364 4501 1576 4569 quidem
1615 4506 1665 4558 in
1692 4510 1961 4574 pmprium
1986 4526 2170 4578 agrum

2287 4516 2577 4586 προφῆται.
2624 4515 2784 4569 Ἀλλὰ
2829 4517 2924 4568 καὶ
2958 4515 3162 4567 τούτων
3196 4515 3322 4576 τοὺς
3358 4512 3456 4582 μὲν
3499 4513 3852 4570 ἀπέκτειναν,

607 4592 759 4655 abiit,
793 4593 893 4646 hoc
927 4603 1028 4658 est,
1057 4594 1273 4648 indulsit
1317 4594 1525 4648 deliciis
1562 4606 1614 4649 et
1649 4599 2009 4666 voluptatibus
2045 4608 2170 4660 vitae

608 4683 1054 4753 (uniuscujusque
1092 4685 1231 4736 enim
1273 4700 1400 4753 ager
1426 4699 1510 4740 est
1553 4689 1791 4755 corpus),
1817 4693 1954 4745 alios
1986 4705 2169 4750 autent

607 4773 659 4825 in
710 4775 1130 4846 negotiationem
1177 4792 1330 4832 suam
1356 4819 1370 4843 ,
1409 4779 1509 4834 hoc
1541 4789 1640 4843 est,
1689 4785 1930 4840 avaritiae
1961 4789 2171 4844 deditus

602 4864 722 4918 fuit.
756 4865 1153 4936 Negotiatorum
1185 4872 1325 4922 enim
1360 4887 1525 4938 genus
1561 4891 1778 4930 avarum
1811 4891 1912 4945 est,
1942 4891 1995 4937 et
2033 4882 2168 4939 lucri

599 4958 1026 5025 cupidissimum.
1055 4960 1304 5017 Ostendit
1336 4965 1496 5034 igitur
1527 4969 1799 5038 parabola,
1835 4976 1975 5041 quod
2004 4976 2093 5043 qui
2130 4991 2158 5030 a

599 5049 963 5115 spiritualibus
995 5053 1197 5120 muptiis
1226 5065 1280 5108 et
1309 5058 1556 5112 convivio
1585 5070 1638 5114 et
1671 5061 1874 5117 Christi
1906 5067 2166 5123 societate

2275 4609 2349 4670 ὼς
2380 4609 2470 4661 τὸν
2513 4609 2738 4662 Ἡσαΐαν
2758 4625 2772 4640 ·
2805 4610 2930 4672 τοὺς
2957 4610 3013 4663 δέ
3043 4608 3295 4678 ὕϐρισαν,
3329 4607 3404 4668 ὡς
3433 4606 3524 4658 τὸν
3563 4605 3848 4672 Ἱερεμίαν,

2274 4702 2355 4762 εἰς
2394 4701 2592 4754 λάκκον
2646 4701 2905 4771 βορϐόρου
2963 4701 3312 4770 ἐμϐαλόντες.
3347 4699 3409 4751 Οί
3458 4699 3513 4750 δὲ
3550 4698 3848 4766 μετριώτε-

2277 4810 2358 4865 ροι
2383 4796 2788 4866 παρῃτήσαντο,
2821 4796 2851 4846 δ
2879 4797 2976 4866 μὲν
3004 4798 3084 4857 εἰς
3129 4795 3219 4846 τὸν
3269 4793 3401 4845 ἴδιον
3459 4791 3635 4862 ἀγρὸν
3683 4791 3850 4844 ἀπελ-

2275 4888 2408 4952 θὼν,
2457 4889 2760 4954 τουτέστιν,
2811 4892 2890 4953 είς
2921 4890 3251 4959 φιλόσαρκον
3303 4890 3416 4958 βίον
3449 4878 3546 4940 καὶ
3575 4884 3850 4956 τρυφηλὸν

2269 4983 2572 5048 ἀπονεύσας
2596 5001 2610 5016 ·
2658 4983 2826 5056 ἀγρὸς
2884 4986 2992 5054 γὰρ
3023 4985 3256 5038 ἑκάστου
3293 4984 3423 5045 ἴδιος
3463 4981 3525 5035 τὸ
3580 4980 3744 5050 σῶμα
3777 4995 3791 5012 ·
3819 4978 3848 5031 ό

2268 5074 2325 5128 δὲ
2382 5077 2461 5138 εἰς
2513 5077 2614 5146 τὴν
2668 5077 2938 5149 ἐμπορίαν
2966 5078 3154 5142 αὐτοῦ,
3191 5080 3493 5142 τουτέστιν,
3527 5081 3608 5140 εἰς
3640 5077 3734 5129 τὸν
3758 5093 3846 5142 φι-

599 5138 982 5204 destituuntor,
1005 5142 1073 5195 ob
1099 5143 1194 5197 bas
1220 5145 1355 5200 duas
1385 5149 1723 5214 potissimum
1755 5169 1946 5210 causas
1977 5158 2164 5211 exelu-

2287 5167 2489 5238 ,οκερδῆ
2553 5138 2713 5236 dicit:
2771 5138 2831 5222 oi.
2885 5171 2991 5241 γὰρ
3038 5138 3292 5241 ἔμποροι,
3364 5138 3848 5238 φιλοκερδέστατον

599 5229 819 5290 duntur,
851 5233 929 5283 vel
962 5245 1177 5302 propter
1214 5240 1522 5306 corporales
1555 5244 1876 5312 voluptates,
1926 5250 2003 5303 vel
2037 5266 2162 5304 ava-

595 5319 734 5372 ritia:
765 5321 1030 5377 morbum.
1070 5327 1360 5381 Prandium
1389 5343 1566 5386 autent
1612 5337 1709 5389 hoc
1753 5338 1869 5391 loco
1900 5343 2159 5405 nominat,

595 5415 837 5474 Quamvis
871 5417 974 5469 alio
1007 5418 1119 5473 loco
1153 5436 1361 5477 caenam
1396 5440 1512 5478 eam
1543 5429 1754 5483 dixerit.
1782 5429 1893 5484 Non
1932 5435 2160 5491 absurde

592 5517 799 5557 coenam
838 5523 849 5558 :
890 5523 1011 5560 nam
1077 5512 1125 5564 in
1178 5517 1483 5569 novissimis
1535 5523 1864 5590 temporibus
1921 5526 2158 5593 perfecte

593 5599 922 5663 apparebunt
974 5601 1074 5656 illa:
1124 5607 1336 5675 nuptiae,
1387 5620 1441 5662 et
1491 5613 1555 5664 ad
1609 5629 1911 5684 vesperum,
1963 5633 2052 5672 seu
2092 5621 2156 5673 ad

666 5755 709 5787 ’δ’
750 5759 887 5813 l‘snl.
932 5779 1113 5828 tum,
1160 5765 1204 5816 Ι.

2274 5258 2445 5325 γένος.
2484 5259 2769 5314 Δείκνυσιν
2785 5260 2934 5333 οὖνὴ
2981 5264 3285 5334 παραϐολὴ,
3316 5264 3396 5316 ὅτι
3431 5265 3479 5315 οἱ
3528 5263 3845 5330 ἀποτυγχά-

2270 5367 2450 5413 νοντες
2472 5352 2564 5404 τοῦ
2607 5356 2980 5423 πνευματικοῦ
3013 5357 3216 5424 γάμου,
3277 5354 3500 5420 καὶτῆς
3536 5354 3673 5422 πρδς
3713 5355 3844 5422 Χρι-

2271 5442 2396 5494 στὸν
2451 5445 2744 5512 συναφείας
2811 5447 2902 5500 καὶ
2961 5449 3278 5512 ἑστιάσεως,
3311 5447 3401 5499 δια
3431 5445 3524 5498 δύο
3562 5445 3739 5498 ταῦτα
3773 5445 3844 5504 ὡς

2269 5537 2359 5587 ἐπὶ
2390 5536 2450 5588 τὸ
2477 5537 2726 5590 πλεῖστον
2761 5542 3227 5610 ἀποτυγχάνουσιν
3256 5554 3270 5568 ⁶
3304 5540 3336 5609 ἢ
3368 5541 3455 5592 διὰ
3478 5541 3578 5600 τὶς
3607 5557 3844 5607 σιοιματι·

2269 5623 2368 5686 κάς
2415 5625 2685 5698 ήδονὰς,ῆ
2721 5627 2809 5680 διὰ
2839 5631 2896 5682 τὸ
2920 5631 3014 5699 τῆς
3047 5631 3420 5701 φιλοκερδείας
3446 5632 3640 5696 πάθος,
3684 5635 3813 5697 Ἀρι
