4080 6336
511 319 614 388 391

1358 306 1946 372 THEOPHYLACTI
1973 300 2390 369 ‘BULGAKIE
2431 305 2790 366 ARCHIEP.

3668 290 3773 352 392

515 449 726 498 Diceret
768 439 913 509 quis.
947 435 994 490 0
1039 431 1391 489 contaminati
1433 429 1739 508 Saddnt-ai,
1771 429 1968 497 prioris
1994 426 2081 494 ιμιὶ

2209 427 2280 477 ιαί
2325 425 2488 486 τίνες
2549 422 2750 484 αὐτῶν,
2801 419 2987 488 φασὶν,
3041 417 3197 469 ἔσται
3232 412 3464 484 ήγυνή;
3492 409 3654 462 Εἴποι
3683 408 3772 462 οὖν

514 539 742 591 duxerat
788 545 922 585 uxor
966 529 1089 589 erit.
1137 523 1402 594 siquidem
1452 523 1872 577 concederemus
1915 519 1968 572 in
2001 533 2085 570 re-

514 624 849 683 surrectione
893 621 1107 689 nuptias
1148 615 1265 670 lore
1312 630 1326 668 :
1365 613 1458 668 alii
1488 612 1631 668 enirn
1679 627 1785 663 non
1826 609 1959 674 veri,
1993 606 2085 660 sed

520 718 614 770 viri
645 723 801 768 erant
830 708 1143 765 accessarii.

584 891 748 948 Vens.
788 891 978 946 29-33.
1033 908 1051 940 ι
1104 878 1455 957 Besporrdens
1495 889 1674 936 autem
1723 879 1904 943 Jesus,
1955 877 2089 931 dixit

513 986 615 1040 illis
645 1003 657 1038 :
692 986 916 1043 Erratis,
942 982 1245 1036 nescientes
1276 976 1610 1044 Scripturas,
1632 982 1812 1040 neque
1832 972 2086 1023 Virtutem

521 1076 635 1128 Dei.
688 1074 747 1129 In
806 1073 1202 1125 re5urrectiono
1260 1068 1402 1122 enim
1455 1079 1628 1132 neque
1687 1061 2088 1117 matrimonium

518 1175 865 1230 contrahunt,
905 1179 1076 1230 neque
1119 1161 1433 1234 elocantur,
1455 1157 1550 1211 sed
1588 1150 1878 1210 sun1~sicut
1918 1150 2089 1219 angeli

519 1260 612 1313 Dei
651 1260 700 1310 in
735 1256 892 1310 coelo.
922 1256 996 1308 De
1019 1252 1413 1306 resurrectione
1447 1262 1573 1300 vero
1608 1253 1943 1299 mortuorum
1982 1257 2086 1293 non

519 1351 724 1417 legistis
751 1349 892 1416 'quod
931 1347 1080 1399 vobis
1108 1345 1308 1396 dictum
1337 1349 1419 1395 est
1447 1355 1475 1392 a
1510 1338 1638 1402 Deo,
1662 1336 1773 1405 Ego
1801 1350 1918 1387 sunt
1948 1332 2088 1384 Deus

516 1441 811 1503 Abraham,
838 1438 980 1490 Deus
1013 1433 1178 1492 Isaac.
1201 1445 1250 1486 el
1280 1433 1417 1485 Deus
1438 1427 1644 1483 Jacoh?
1673 1426 1790 1478 Non
1816 1433 1897 1478 est
1927 1423 2087 1486 Deus,

519 1540 850 1586 mortuorum
887 1526 1050 1585 Deus.
1085 1527 1178 1578 sed
1213 1524 1525 1576 viventium.
1564 1520 1774 1573 Etcum
1812 1517 2091 1570 audissent

521 1623 715 1684 turbae,
769 1627 1092 1689 stupuerunt
1153 1620 1216 1672 de
1268 1612 1510 1669 ductrina
1569 1613 1709 1682 ejus.
1764 1629 1781 1660 ι
1841 1608 2090 1664 Ostendit

522 1716 772 1771 Salvator
803 1728 853 1768 et
891 1714 1344 1767 resurrectionem
1393 1708 1651 1771 futuram,
1685 1715 1738 1757 et
1784 1720 1889 1757 non
1928 1703 2088 1755 talem

2184 518 2248 571 ἄν
2273 533 2358 578 τις
2380 531 2393 545 ·
2430 513 2500 568 Ὠ
2531 516 2720 585 μιαροὶ
2746 508 3116 572 Σαδδουκαῖοι,
3148 505 3241 560 τοῦ
3270 503 3504 576 πρώτως
3526 517 3663 567 γεγε
3675 517 3771 568 μη-

2186 608 2339 670 κότσς
2390 606 2543 659 ἔσται
2568 608 2601 675 ἡ
2625 605 2781 674 γυνὴ,
2821 604 2933 669 εἴγε
2959 599 3431 669 συγχωρήσωμεν,
3466 594 3550 645 ὅτι
3581 595 3674 642 καὶ
3705 592 3762 641 ἐν

2186 706 2251 774 τῇ
2293 701 2589 756 ἀναστάσει
2620 702 2798 768 γάμος
2850 695 2997 748 ἐστίν
3021 710 3034 723 ·
3071 695 3119 745 oi
3151 691 3259 760 γὰρ
3298 689 3472 751 ἄλλοι,
3517 682 3768 738 ὐποὸολι-

2191 799 2364 867 μαίοι,
2401 795 2521 863 οὐχ).
2553 794 2774 862 νόμιμοι
2812 789 3024 858 ἄνδρες.

2267 911 2284 942 ι
2343 885 2686 958 Ἀποκριθεὶς
2709 883 2815 935 δέὁ
2860 877 3070 950 Ἰησοῦς
3116 873 3271 928 εἶπεν
3301 873 3508 934 αὐτοῖς·
3567 868 3772 924 Πλανᾶ-

2191 985 2309 1045 σθε,
2336 982 2410 1053 μὴ
2435 981 2634 1042 εἰδότες
2665 977 2762 1039 τὰς
2807 973 3049 1046 Γραφὰς,
3084 968 3218 1039 μηδὲ
3271 966 3369 1035 τὴν
3422 963 3655 1032 δύναμιν
3679 961 3768 1015 τοῦ

2191 1077 2348 1130 Θεοῦ.
2399 1075 2483 1127 Ἐν
2516 1074 2625 1142 γὰρ
2657 1073 2722 1140 τῇ
2765 1066 3085 1126 ἀναστάσει,
3148 1061 3270 1115 οὔτε
3321 1055 3768 1128 γαμοῦσιν,-οῦτε

2193 1166 2603 1236 ἐκγᾶμίζονται,
2636 1161 2749 1215 ἀλλ’
2783 1161 2857 1222 ὼς
2884 1158 3108 1226 ἄγγελοι
3141 1152 3276 1207 Θεοῦ
3307 1153 3362 1202 ἐν
3400 1147 3619 1218 οὐρανῷ
3643 1150 3766 1198 εἰσι.

2193 1258 2328 1330 Περὶ
2357 1260 2412 1312 δὲ
2434 1260 2532 1326 τῆς
2569 1256 2919 1316 ἀναστάσεως
2953 1252 3063 1303 τῶν
3088 1246 3321 1318 νεκρῶν,
3354 1245 3452 1297 οὐκ
3497 1243 3766 1307 ἁνέγνωτι

2189 1356 2247 1406 τὸ
2276 1347 2438 1423 ῥηθὲν
2471 1350 2597 1419 ὑμῖν
2647 1348 2750 1401 ὑπὸ
2807 1345 2898 1399 τοῦ
2929 1339 3063 1397 Θεοῦ
3092 1341 3363 1408 λέγοντος·
3426 1334 3569 1403 Ἐγώ
3603 1336 3716 1402 ειμι
3747 1335 3771 1384 6

2190 1446 2321 1506 Θεὸς
2368 1442 2634 1512 Ἀϐραὰμ,
2673 1443 2762 1492 καὶ
2790 1442 2817 1492 ὁ
2847 1437 2976 1499 Θεὸς
2995 1435 3196 1493 Ἰσαὰκ,
3230 1431 3319 1484 καὶ
3343 1432 3368 1482 6
3392 1429 3523 1491 Θεὸς
3541 1425 3733 1479 Ἰακώϐ
3757 1442 3770 1488 ;

2190 1539 2289 1591 οὐκ
2323 1538 2467 1588 ἔστιν
2490 1538 2516 1587 6
2546 1535 2698 1598 Θεὸς,
2753 1531 2885 1593 Θεὸς
2941 1526 3171 1597 νεκρῶν,
3206 1523 3339 1577 ἀλλὰ
3394 1521 3635 1585 ζώντων.
3666 1517 3772 1570 Καὶ

2192 1631 2525 1690 ἀκούσαντες
2557 1629 2605 1679 οἱ
2646 1625 2815 1695 ὄχλοι,
2879 1621 3274 1688 ἐξεπλήσσοντο
3322 1615 3414 1667 ἐπὶ
3466 1615 3532 1683 τῇ
3584 1613 3771 1682 διδαχῇ

2196 1721 2382 1775 αὑτοῦ.
2406 1740 2422 1770 ι
2453 1719 2729 1771 Δείκνυσιν
2753 1719 2780 1769 ὁ
2808 1716 3019 1782 Σωτὴρ.
3042 1713 3123 1764 ὅτι
3153 1711 3246 1762 καὶ
3271 1707 3569 1766 ἀνάστασις
3596 1704 3770 1763 ἔσται,

519 1809 812 1870 carnalem,
853 1817 906 1857 ιιι
950 1814 1156 1863 errant,
1191 1803 1283 1854 sed
1314 1801 1636 1852 diviniorem
1669 1804 1722 1848 et
1749 1793 2084 1863 spiritualiu-

2209 1814 2363 1866 ιιαιοὺ
2393 1810 2617 1875 τοιαύτη
2643 1807 2880 1879 σαρκικὴ
2903 1806 2977 1868 ώς
3010 1803 3340 1863 πλανῶνται,
3365 1799 3498 1852 ἀλλὰ
3527 1799 3772 1865 θειοτέρα

522 1917 655 1955 rem.
696 1900 832 1965 Quid
878 1900 1042 1960 enim,
1101 1897 1292 1964 inquit,
1346 1891 1578 1952 erratis,
1612 1889 1912 1943 nescientes
1945 1885 2089 1940 Stri-

523 2005 733 2063 pturas,
783 1999 838 2044 et
881 1989 987 2041 vim
1033 1985 1175 2041 Dei?
1223 1984 1354 2037 Diam
1409 1983 1452 2034 si
1505 1980 1809 2046 Scripturas
1856 1978 2088 2042 sciretis,

524 2083 820 2138 crederetis
847 2081 1030 2147 utique
1055 2078 1218 2129 Deum
1249 2086 1505 2127 nonesse
1540 2072 1702 2124 Deum
1733 2084 2088 2132 mortuorum,

525 2176 623 2229 sed
661 2173 980 2226 viventium.
1014 2168 1164 2234 Quod
1203 2167 1247 2220 si
1285 2167 1537 2218 \‘ittutetn
1579 2165 1668 2228 Dei
1719 2167 1951 2225 sciretis,
2003 2178 2090 2214 co-

528 2264 862 2335 gnosce-retis
916 2261 1100 2328 utiQne
1134 2260 1240 2312 Deo
1287 2259 1464 2310 omnia
1525 2271 1667 2311 esse.
1707 2252 2004 2324 possihllia,
2039 2264 2092 2306 et

526 2369 684 2427 posse
716 2355 878 2406 Deutn
918 2351 1100 2406 facere
1134 2360 1189 2419 ut
1227 2346 1475 2402 hOmines
1517 2348 1701 2399 vivant
1733 2349 1869 2399 sicut
1895 2347 2089 2414 angeli.

528 2443 661 2499 Vide
717 2451 893 2496 autem
950 2439 1272 2509 sapientiam
1332 2439 1564 2491 Domini.
1617 2435 1696 2489 Illi
1756 2451 1849 2505 per
1911 2435 2093 2489 MOsen

529 2537 864 2590 conabantur
907 2535 1098 2602 dogma
1133 2533 1197 2585 de
1237 2530 1639 2583 resurrectione
1679 2530 2015 2591 subvertere,
2043 2540 2098 2579 et

529 2626 790 2680 Dominus
842 2639 937 2693 per
988 2621 1170 2677 Mosen
1227 2623 1332 2676 illis
1379 2621 1569 2675 iterum
1621 2621 1930 2691 perSuadet.
1988 2619 2096 2688 Ego

532 2716 676 2768 enim
704 2712 846 2776 sum,
876 2713 1070 2779 inquit,
1119 2709 1258 2763 Deus
1291 2709 1585 2772 Abraham,
1631 2719 1686 2762 et
1718 2705 1891 2770 Isaac,
1924 2719 1973 2760 et
2009 2706 2098 2758 Ja-

535 2803 658 2858 cob.
697 2801 808 2856 Hoc
852 2803 1031 2853 autem
1083 2802 1262 2853 dicere
1287 2800 1393 2851 vult
1423 2817 1435 2851 :
1470 2800 1608 2852 Deus
1640 2813 1745 2853 non
1791 2810 1872 2851 est
1912 2808 2096 2852 eorum

532 2893 677 2949 Deus
710 2896 801 2961 qui
835 2899 939 2946 non
978 2901 1125 2954 sunt,
1162 2893 1253 2946 sed
1279 2892 1367 2958 qui
1401 2891 1700 2946 Subsistunt
1728 2902 1782 2944 et
1826 2899 1973 2943 sunt.
1999 2888 2100 2942 Ne-

535 2999 642 3054 que
689 2985 828 3038 enim
877 2983 1033 3046 dixit,
1079 2982 1230 3050 121
1266 2981 1376 3050 Ego
1417 2996 1586 3044 erant,
1619 2983 1736 3044 sed,
1772 2979 1923 3033 Sum.
1967 2977 2098 3031 Nam

538 3075 786 3143 quamvis
841 3075 1038 3126 mortui
1091 3075 1238 3135 sint,
1295 3087 1392 3140 spe
1445 3083 1620 3126 tamen
1688 3072 2100 3125 resurrectionis

539 3167 748 3221 vivunt.
781 3166 1085 3230 Interrogas
1121 3173 1320 3228 autem,
1348 3164 1628 3227 Quomodo
1666 3165 1826 3233 igitur
1858 3165 1962 3216 alio
1991 3160 2105 3216 loco

542 3259 671 3314 dicit
699 3276 712 3312 :
741 3255 1070 3310 Morinorum
1098 3270 1151 3309 et
1181 3259 1474 3310 viventium
1512 3255 1768 3310 Dominus
1794 3255 1923 3309 est?
1953 3254 2108 3308 Disce

540 3350 704 3421 igitur
734 3350 891 3418 quod
917 3357 1156 3402 mortuos
1197 3348 1315 3401 illos
1348 3348 1456 3401 illic
1488 3349 1620 3400 dicit
1665 3349 1944 3400 defunctos
1991 3345 2108 3414 qni-

541 3444 687 3504 dem,
719 3443 957 3495 victuros
996 3453 1173 3494 autem
1210 3458 1224 3493 :
1263 3440 1349 3493 hic
1381 3456 1504 3492 vero
1537 3439 1796 3494 Dominus
1826 3441 2109 3505 respondet

541 3534 735 3590 haeresi
768 3533 1210 3596 Sadduczeorunt,
1246 3534 1548 3586 docentium
1581 3546 1686 3584 non
1718 3547 1838 3582 esse
1873 3531 2106 3582 animam

542 3629 923 3692 immortalem,
977 3629 1070 3681 sed
1112 3640 1334 3705 omnino
1364 3625 1659 3694 corrumpi,
1712 3625 1900 3677 dit-ens
1945 3623 2106 3676 Deum

542 3735 652 3776 non
680 3731 801 3774 esse
829 3721 993 3774 Deuln
1035 3711 1402 3783 tuoriuorum,
1440 3719 1538 3786 hoc
1568 3728 1670 3780 eet,
1704 3719 1840 3769 sicut
1887 3732 1979 3784 vos
2008 3729 2108 3781 pti-

545 3814 695 3876 tatis,
729 3812 948 3865 omnino
977 3815 1343 3881 pereuntium,
1387 3812 1478 3863 sed
1529 3811 1842 3872 viventium,
1878 3809 1974 3861 hoc
2003 3819 2106 3872 est,

546 3904 909 3959 immortalem
943 3906 1258 3956 habentium
1307 3904 1568 3967 animum,
1609 3909 1664 3955 et
1697 3901 2110 3968 resurgentium,

545 3996 757 4051 etiamsi
772 4007 928 4048 -mort
940 3995 992 4047 ui
1008 3989 1244 4048 ~fuerint.

617 4171 782 4225 Vens.
817 4168 1009 4224 54-40.
1077 4187 1094 4221 ι
1140 4167 1396 4223 Pharisaei
1431 4179 1610 4220 autem
1666 4184 1785 4221 cum
1838 4166 2117 4220 audissent

548 4265 693 4335 quod
723 4265 995 4317 silentium
1026 4263 1369 4330 imposuisset
1389 4260 1720 4323 Sudducaeis,
1746 4269 2115 4314 convenerunt

550 4357 602 4409 in
636 4371 826 4416 unum,
860 4366 914 4407 et
940 4355 1292 4420 interrOgavit
1321 4368 1440 4406 eum
1478 4367 1616 4406 unus
1646 4368 1708 4404 ex
1735 4355 1812 4406 eis
1844 4353 2116 4421 legislator

2198 1907 2290 1958 καὶ
2329 1902 2841 1972 πνευματικωτέρα.
2885 1900 2949 1952 Τί
2977 1900 3108 1970 γὰρ,
3146 1899 3301 1968 φησι,
3364 1893 3666 1970 πλανᾶσθε,
3701 1893 3772 1961 μὴ

2200 1996 2401 2058 εἰδότες
2427 1996 2524 2056 τὰς
2551 1994 2779 2062 Γραφὰς
2809 1991 2941 2062 μηδέ
2972 1991 3071 2058 τὴν
3111 1991 3340 2058 δύναμιν
3369 1985 3462 2040 τοῦ
3495 1983 3670 2048 Θεοῦ;
3713 1981 3774 2034 ΕΞ

2203 2086 2300 2152 μὲν
2326 2085 2434 2153 γὰρ
2471 2085 2568 2145 τὰς
2592 2082 2812 2151 Γραφὰς
2847 2080 3198 2149 ὲγινώσκετε,
3234 2075 3542 2147 ἠπίστασθε
3568 2076 3657 2139 ἂν,
3695 2073 3774 2126 ὅτι

2197 2177 2224 2227 6
2257 2176 2388 2237 Θεὸς
2423 2177 2522 2227 οὐκ
2574 2173 2688 2225 ἐστι
2721 2173 2932 2242 νεκρῶν
2992 2171 3148 2234 Θεὸς,
3184 2167 3320 2222 ἀλλὰ
3350 2167 3572 2232 ζώντων
3603 2181 3618 2194 ·
3649 2167 3696 2218 εἰ
3721 2163 3775 2216 δὲ

2198 2265 2296 2334 τὴν
2318 2264 2550 2333 δύναμιν
2576 2263 2670 2317 τοῦ
2705 2257 2840 2317 Θεοῦ
2877 2264 3078 2334 ᾔδειτε,
3118 2261 3446 2330 ἐγινώσκετε
3468 2258 3553 2320 ἄν,
3591 2259 3672 2310 ὃτι
3701 2256 3777 2326 τῷ

2201 2357 2320 2427 Θεῷ
2381 2357 2557 2409 πάντα
2599 2356 2823 2418 δυνατὰ,
2881 2355 3020 2408 ὥστε
3053 2357 3146 2408 καὶ
3180 2354 3307 2416 τοὺς
3352 2350 3677 2422 ἀνθρώπους
3706 2349 3779 2411 ὡς

2203 2449 2469 2516 ἀγγέλους
2509 2449 2732 2517 ποιῆσαι
2764 2447 3170 2501 πολιτεύεσθαι.
3206 2446 3346 2513 Ὅρα
3367 2443 3421 2496 δέ
3449 2443 3550 2513 τὴν
3587 2442 3778 2512 σοφίαν

2201 2538 2294 2592 τοῦ
2348 2539 2553 2610 Κυρίου
2589 2556 2602 2570 ’
2653 2541 2847 2591 ἐκεῖνοι
2876 2539 2982 2590 ἀπὸ
3013 2537 3104 2591 τοῦ
3163 2538 3407 2600 Μωσέως
3447 2534 3780 2598 ἐσπούδαζον

2205 2631 2538 2699 περιτρέψαι
2561 2630 2620 2682 τὸ
2652 2630 2748 2698 τῆς
2769 2629 3119 2690 ἀναστάσεως
3146 2629 3343 2697 δόγμα,
3372 2629 3467 2682 καὶ
3488 2623 3649 2688 οῦτος
3679 2629 3782 2678 ἀπὸ

2205 2723 2301 2776 τοῦ
2364 2725 2608 2784 Μωσέως
2657 2722 2817 2773 πάλιν
2861 2722 3039 2773 πείθει
3070 2721 3291 2782 αὐτούς.
3331 2719 3475 2786 Ἐγὼ
3495 2720 3607 2790 γὰρ
3644 2717 3779 2787 ειμι,

2205 2821 2388 2885 φησιν,
2414 2817 2442 2867 6
2472 2815 2597 2877 Θεὸς
2638 2815 2905 2886 Ἀδραὰμ.
2945 2816 3039 2866 καὶ
3075 2815 3282 2876 Ἰσαὰκ,
3340 2814 3436 2865 καὶ
3500 2808 3720 2863 Ἰακώϐ·
3755 2806 3783 2861 6

2205 2909 2260 2960 δέ
2287 2907 2436 2973 λέγει
2487 2906 2728 2959 τοιοῦτόν
2792 2911 2941 2959 ἐστιν
2963 2921 2978 2934 ·
3021 2905 3082 2958 Ὀ
3115 2904 3246 2966 Θεὸς
3275 2905 3375 2957 οὐκ
3416 2901 3531 2954 ἐστι
3567 2901 3678 2955 τῶν
3710 2900 3784 2970 μὴ

2207 2996 2375 3050 ὄντων
2401 2996 2554 3060 Θεὸς,
2605 2996 2738 3048 ἀλλὰ
2762 2994 2871 3046 τῶν
2898 2994 3284 3063 ὑφισταμένων
3311 2995 3406 3046 καὶ
3431 2992 3600 3045 ὅντων
3622 3008 3635 3020 ·
3665 2989 3784 3044 οὐδὲ

2208 3088 2313 3158 γὰρ
2343 3084 2512 3140 εἶπεν·
2560 3087 2699 3154 Ἐγὼ
2729 3088 2899 3157 ήμην,
2943 3085 3080 3151 ἀλλ’,
3111 3086 3259 3154 Elui.
3284 3085 3490 3152 Ἐἰγὰρ
3527 3083 3624 3136 καὶ
3674 3085 3781 3136 ἐτεο

2208 3181 2498 3248 λεύτησαν,
2557 3179 2690 3233 ἀλλὰ
2716 3181 2782 3248 τῇ
2807 3177 2979 3230 ἐλπίδι
3038 3177 3138 3244 τῆς
3190 3175 3540 3237 ἀναστάσεως
3599 3173 3784 3238 ζῶσιν.

2222 3259 2362 3324 CUI
2413 3272 2642 3340 ἐρωτᾷς,
2715 3269 2839 3332 Πῶς
2890 3269 2982 3322 οὖν
3038 3268 3271 3336 ἀλλαχοῦ
3328 3284 3512 3337 φησιν.
3563 3267 3646 3319 ὅτι
3695 3264 3792 3319 καὶ

2209 3362 2417 3432 νεκρῶν
2471 3365 2561 3413 καὶ
2613 3361 2833 3426 ζώντων
2873 3360 3154 3430 κυριεύει;
3189 3359 3345 3412 Μάθε
3371 3358 3551 3410 τοίνυν
3583 3358 3667 3410 δτι
3701 3374 3788 3409 νε-

2210 3455 2374 3523 κροὺς
2407 3455 2520 3505 ἐκεῖ
2549 3452 2695 3518 λέγει
2743 3453 2868 3515 τοὺς
2917 3449 3289 3511 ἀποθανόντας
3333 3451 3452 3520 μὲν,
3495 3449 3790 3518 μέλλοντας

2208 3547 2262 3598 δὲ
2293 3544 2576 3615 ζήσεσθαι.
2616 3543 2882 3598 Ἐνταῦθα
2905 3543 2958 3596 δὲ
2990 3545 3016 3596 ὁ
3047 3541 3251 3614 Κύριος
3285 3543 3424 3612 πρὸς
3455 3543 3555 3612 τὴν
3577 3542 3792 3610 αἵρεσιν

2209 3637 2317 3687 τῶν
2359 3633 2733 3686 Σαδδουκαίων
2802 3634 3178 3701 ἐνιστάμενος,
3225 3631 3669 3700 δογματιζόντων
3719 3627 3791 3701 μὴ

2211 3724 2350 3780 εἶναι
2404 3725 2504 3796 τὴν
2565 3724 2743 3794 ψυχὴν
2795 3723 3248 3788 ἁθάνατον,ἁλλὰ
3271 3725 3448 3792 πάντη
3481 3723 3792 3793 διαφθείρε-

2213 3817 2357 3882 σθαι,
2407 3834 2572 3886 φησιν
2611 3817 2694 3867 ὅτι
2728 3815 2828 3866 οὐκ
2860 3814 3005 3868 ἐστιν
3045 3816 3226 3878 ὁΘεὸς
3260 3815 3490 3885 νεκρῶν,
3521 3818 3792 3876 τουτέστι,

2212 3910 2320 3960 τῶν
2351 3908 2424 3970 ώς
2474 3908 2602 3976 ὑμῖν
2633 3907 2781 3959 δοκεῖ
2814 3905 3286 3977 διαφθειρομένων
3318 3905 3626 3968 παντελῶς,
3653 3904 3794 3976 {illi

2213 4000 2318 4051 τῶν
2343 3998 2582 4062 ζώντων,
2610 3999 2860 4051 τουτέστι
2911 3997 3018 4051 τῶν
3074 3999 3342 4052 ἀθάνατον
3397 3999 3635 4067 ἐχόντων
3689 3999 3788 4062 τὴν

2215 4091 2417 4161 ψυχὴν,
2452 4093 2546 4143 καὶ
2581 4089 3060 4160 ἀναστησομένων,
3083 4093 3131 4144 εί
3168 4093 3259 4143 καὶ
3288 4090 3383 4144 νῦν
3413 4091 3600 4161 νεκροί
3632 4091 3793 4146 εἰσιν.

2293 4200 2309 4231 ι
2349 4182 2410 4233 Ol
2444 4181 2498 4233 δὲ
2553 4183 2837 4250 Φαρισαῖοι
2891 4181 3223 4243 ἀκούσαντες
3256 4182 3338 4234 ὅτι
3387 4181 3636 4249 ἐφίμωσε
3669 4183 3794 4243 τοὺς

2218 4274 2634 4339 Σαδδουκαίους,
2668 4277 3016 4346 συνήχθησαν
3039 4275 3131 4329 ἐπὶ
3168 4275 3228 4328 τὸ
3262 4275 3416 4339 αὐτὸ,
3453 4279 3547 4328 καὶ
3574 4272 3795 4343 ἐπηρώ-

2219 4381 2379 4434 τησεν
2414 4359 2492 4426 εἷς
2530 4360 2590 4428 ἐξ
2641 4366 2819 4418 αὐτῶν
2871 4366 3115 4435 νομικὸς,
3157 4367 3434 4436 πειράζων
3487 4367 3673 4428 αὑτὸν,
3709 4367 3798 4417 καὶ

550 4447 839 4514 quispiam,
875 4456 1089 4498 ten-tatis
1118 4460 1259 4507 cum,
1296 4453 1349 4496 et
1389 4443 1612 4496 dicens:
1661 4441 1937 4513 Magister,
1973 4450 2103 4512 quot

2219 4456 2394 4523 λέγων
2415 4471 2426 4484 ⁸
2465 4457 2787 4520 Διδάσκαλε,
2813 4459 2941 4510 ποία
2963 4458 3152 4526 ἐντολὴ
3179 4458 3389 4527 μεγάλη
3420 4461 3477 4510 ἐν
3507 4456 3584 4526 τῷ
3614 4459 3797 4525 νόμως

550 4545 635 4589 est
675 4539 981 4588 mandatum
1032 4545 1280 4600 magnum
1336 4535 1389 4586 in
1449 4533 1601 4601 lege?
1655 4537 1745 4586 Ait
1796 4533 1864 4585 illi
1898 4533 2112 4588 Jesus:

553 4626 751 4696 Diliges
796 4626 1079 4679 Dominum
1141 4625 1304 4678 Deum
1363 4636 1505 4677 tuum
1543 4639 1611 4677 ex
1657 4634 1769 4676 tcto
1803 4625 1963 4677 corde
2006 4637 2113 4688 tuo,

550 4730 606 4773 et
632 4719 683 4771 in
715 4728 820 4771 tota
855 4719 1031 4770 anima
1065 4723 1155 4768 tua
1181 4756 1195 4780 ,
1236 4726 1289 4768 et
1329 4716 1380 4768 in
1415 4726 1522 4768 tota
1558 4723 1734 4768 mente
1763 4725 1868 4767 tua.
1899 4715 2010 4769 lloc
2040 4723 2121 4770 est

550 4810 780 4880 primum
811 4819 865 4862 et
908 4823 1156 4877 magnum
1189 4808 1518 4862 mandatum.
1562 4806 1866 4861 Secundum
1901 4818 1982 4860 cst
2022 4823 2120 4859 au-

556 4916 664 4957 tem
714 4903 886 4957 simile
939 4904 1105 4954 huic:
1175 4901 1367 4970 Diliges
1421 4901 1729 4970 proximum
1788 4911 1934 4953 tuutn
1986 4899 2124 4953 sicut

557 4998 808 5064 teipsum.
843 4996 896 5046 In
936 4996 1018 5048 his
1045 4995 1187 5047 enim
1224 4993 1432 5045 duobus
1461 4993 1730 5046 mandatis
1759 4994 2008 5045 universa
2037 4995 2121 5046 lex

557 5098 612 5142 et
645 5087 914 5154 prophetae
946 5086 1199 5153 pendent.
1234 5103 1249 5134 ι
1292 5083 1368 5136 Ex
1400 5082 1686 5136 immodica
1731 5083 1928 5136 invidia
1961 5097 2121 5136 acce-

556 5180 634 5235 dit
661 5189 888 5233 tentaus.
916 5170 1048 5244 Quia
1069 5180 1208 5232 enim
1234 5179 1474 5230 viderant
1502 5178 1823 5231 Saddncaaos
1842 5176 2119 5242 confusos,

558 5284 614 5329 et
642 5260 935 5325 'landatunt
975 5273 1254 5325 Dominum
1320 5274 1386 5324 oh
1446 5272 1802 5340 sapientiam,
1857 5274 2123 5325 accedunt

562 5369 836 5416 tentantes
879 5360 922 5413 si
950 5373 1183 5429 apponat
1215 5361 1408 5427 aliquid
1445 5365 1696 5415 mandato
1735 5363 1936 5430 primo,
1969 5365 2119 5432 quasi

563 5454 737 5520 legem
767 5454 1056 5523 corrigens,
1094 5463 1149 5506 ut
1189 5455 1464 5506 inveniant
1497 5467 1679 5508 cctttra
1711 5457 1879 5524 ipsum
1913 5471 2120 5512 ansam.

567 5545 825 5599 Dominus
874 5555 1048 5603 autem
1097 5544 1380 5613 invulgans
1413 5562 1595 5600 eorum
1649 5550 1940 5612 malitiam,
1979 5553 2123 5618 quod

562 5651 671 5693 non
706 5637 772 5692 ad
817 5637 1130 5692 discendum
1179 5639 1483 5702 venissent,
1538 5641 1630 5694 sed
1663 5643 1812 5695 ιτεουί
1859 5645 2124 5699 charitate

561 5726 838 5790 invideant
879 5732 1056 5800 potius
1094 5739 1147 5786 et
1173 5733 1511 5800 aemulentur,
1543 5734 1777 5789 ostendit
1804 5735 2119 5792 charitatem

2230 4549 2289 4601 Ὀ
2318 4549 2374 4601 δέ
2406 4550 2614 4616 Ἰησοῦς
2639 4551 2738 4618 ἔφη
2769 4551 2914 4618 αὺτῴ
2936 4566 2947 4579 ·
2984 4551 3314 4618 Ἀγαπήσεις
3335 4548 3538 4619 Κύριον
3561 4546 3655 4601 τὸν
3673 4549 3799 4601 Θεόν

2225 4656 2317 4691 σου
2356 4641 2411 4690 ἐν
2454 4638 2553 4712 ὅλῃ
2585 4643 2650 4709 τῇ
2693 4640 2893 4708 καρδίᾳ
2926 4657 3040 4704 σου,
3073 4640 3170 4691 καὶ
3205 4640 3261 4692 ἐν
3289 4640 3472 4711 ὄλῃζτῇ
3507 4639 3654 4710 ψυχῇ
3683 4653 3796 4701 σου,

2226 4732 2320 4783 καὶ
2352 4733 2405 4783 ἐν
2445 4731 2539 4800 ὅλῃ
2593 4732 2659 4801 τῇ
2716 4730 2924 4802 διανοίᾳ
2943 4748 3045 4783 σου
3069 4745 3083 4759 ⁸
3137 4728 3278 4801 αὕτη
3309 4731 3428 4782 ἐστὶ
3463 4731 3657 4801 πρώτη
3707 4729 3800 4782 καὶ

2229 4823 2437 4892 μεγάλη
2466 4822 2652 4893 ἐντολή
2679 4839 2691 4852 ·
2721 4823 2948 4892 δευτέρα
2972 4825 3049 4885 δέ,
3069 4825 3228 4893 ὁμοία
3256 4825 3393 4893 αὐτῇ
3417 4839 3430 4852 ·
3466 4823 3796 4892 Ἀγαπήσεις

2225 4913 2315 4965 τὸν
2345 4914 2574 4983 πλησίον
2607 4930 2700 4966 σου
2733 4913 2808 4977 ώς
2835 4915 3079 4966 σεαυτόν.
3131 4914 3218 4966 Ἐν
3248 4914 3475 4976 ταύταις
3504 4918 3621 4974 ταῖς
3650 4913 3801 4965 δυσὶν

2228 5007 2496 5069 ἐντολαῖς,
2528 5008 2646 5069 ὅλος
2673 5010 2699 5059 ὁ
2731 5009 2890 5076 νόμος
2917 5010 3010 5060 καὶ
3045 5009 3092 5059 οἱ
3125 5008 3401 5078 προφῆται
3420 5010 3747 5077 κρέμανται.
3775 5024 3793 5056 ι

2241 5098 2334 5162 Ἐξ
2367 5099 2609 5168 ἀμέτρου
2670 5099 2868 5166 φθόνου
2919 5100 3203 5169 πρόσεισιν
3238 5101 3266 5151 6
3320 5098 3600 5168 πειράζων
3626 5115 3639 5127 ·
3681 5098 3803 5149 ἐπεὶ

2226 5190 2334 5260 γὰρ
2368 5186 2510 5242 εἶδον
2559 5191 3054 5260 καταισχυνθέντας
3084 5195 3211 5255 τοὺς
3251 5190 3666 5251 Σαδδουκαίους,
3713 5193 3803 5241 καὶ

2225 5283 2618 5351 ἐπαινούμενον
2661 5284 2752 5337 τὸν
2786 5286 2988 5354 Κύριον
3044 5287 3138 5337 ἐπὶ
3195 5286 3262 5355 τῇ
3307 5287 3491 5354 σοφίᾳ,
3544 5284 3802 5354 προσίασι

2231 5375 2606 5442 πειράζοντες,
2636 5378 2685 5427 εί
2717 5377 3040 5446 προστίθησί
3071 5396 3122 5429 τι
3159 5377 3347 5448 ἐντολῇ
3385 5380 3450 5446 τῇ
3487 5375 3704 5446 πρώτῃ,
3730 5377 3801 5438 ώς

2225 5466 2607 5536 διορθούμενος
2640 5469 2730 5520 τὸν
2762 5471 2944 5538 νόμον,
2969 5470 3055 5522 ἵνα
3090 5471 3292 5540 εὕρωσι
3333 5469 3505 5540 λαϐὴν
3538 5471 3658 5522 κατ’
3707 5470 3803 5522 εὑ·

2227 5560 2342 5612 τοῦ.
2389 5560 2447 5610 Ὀ
2476 5560 2531 5612 δὲ
2568 5560 2772 5631 Κύριος
2825 5561 3164 5630 δημοσιεύων
3223 5563 3404 5615 αὐτῶν
3434 5564 3543 5631 τὴν
3582 5564 3798 5624 κακίαν,

2228 5651 2309 5703 ὅτι
2361 5652 2420 5703 οὑ
2451 5651 2536 5704 διὰ
2566 5653 2624 5704 τὸ
2653 5653 2844 5721 μαθεῖν
2893 5649 3078 5724 ἦλθον,
3114 5653 3228 5708 ἀλλ’
3261 5656 3388 5707 ἀπὸ·
3423 5653 3516 5708 τοῦ
3544 5654 3620 5726 μὴ
3660 5655 3802 5723 ἔχειν

2232 5744 2475 5812 ἀγάπην,
2528 5744 2614 5796 διὰ
2645 5746 2702 5796 τὸ
2735 5746 2948 5813 φθονεῖν
2999 5746 3054 5798 δὲ
3082 5745 3282 5815 μᾶλλον
3311 5746 3403 5801 καὶ
3454 5747 3801 5818 ζηλοτυπεῖν,
