4080 6336
658 362 765 424 395

1504 347 2095 412 THEOPIIYLACTI
2137 343 2550 407 BULGARIJE
2585 340 2944 403 ARCHIEP.

3813 332 3906 394 πθ

661 487 723 531 ιιι
752 477 795 530 si
833 471 914 529 vel
944 471 1125 529 dicant
1155 483 1214 529 se
1249 466 1490 530 nescire,
1525 468 1861 535 interrogent
1893 477 1956 516 ac
1986 462 2193 518 discant
2215 501 2228 526 ,

2358 461 2647 529 méppta'coc
2672 454 3066 524 καταγόμενος.
3104 448 3289 504 Ταῦτα
3315 449 3373 504 δὲ
3417 449 3604 520 ἐρωτᾷ
3631 447 3661 499 δ
3691 447 3906 516 Κύριος,

659 567 745 624 vel
775 568 818 624 si
842 567 1020 622 dicant
1048 561 1355 625 veritatem,
1381 559 1649 615 credant:
1678 554 1763 610 vel
1784 555 1830 609 si
1864 553 1999 608 nihil
2027 554 2231 624 possint

2358 552 2408 613 b;
2441 550 2509 603 ἂν
2547 549 2580 618 ἢ
2610 546 2877 608 εἰπόντες,
2907 547 3010 608 ὅτι,
3049 542 3164 596 Ούκ
3185 541 3433 611 οἴδαμεν,
3472 539 3798 610 ἐρωτήσωσι
3827 544 3909 592 καὶ

661 661 876 722 dicere.
935 655 1338 713 confundantur
1383 660 1438 709 et
1482 652 1760 715 secedant,
1804 662 1914 704 non
1967 647 2230 702 audentes

663 752 798 805 ultra
833 751 1170 819 interrogare
1201 744 1363 802 illum.

1215 973 1444 1066 caper
1481 973 1675 1033 χχιιι.

1062 1091 1137 1146 De
1163 1091 1382 1146 miseria
1410 1087 1828 1145 Pharisaeorum.

735 1209 901 1264 Vens.
943 1206 1057 1263 1-5.
1094 1224 1113 1258 ι
1152 1202 1306 1260 'l'nnc
1335 1201 1492 1258 Jesus
1513 1201 1724 1256 loeutus
1749 1205 1834 1254 est
1865 1196 1931 1252 ad
1967 1193 2152 1250 turbas
2185 1202 2238 1248 et

665 1303 734 1358 ad
786 1298 1077 1370 discipulos
1116 1311 1278 1379 suos,
1333 1294 1561 1350 dicens:
1624 1291 1682 1346 In
1731 1289 1989 1346 cathedra
2038 1285 2239 1358 Moysis

665 1391 922 1445 sederunt
952 1387 1158 1444 Scriba:
1183 1395 1238 1441 et
1272 1380 1532 1438 Pharisaei
1560 1399 1575 1437 :
1609 1381 1792 1436 omnia
1827 1391 1959 1447 ergo
1982 1389 2240 1447 quatenu-

664 1497 772 1554 que
798 1479 1054 1550 iusserint
1082 1493 1178 1534 vos
1208 1490 1451 1541 servare,
1492 1482 1708 1532 servate
1730 1482 1783 1528 et
1808 1471 2006 1526 facite:
2037 1483 2238 1524 secun-
2268 1491 2269 1498 η

666 1575 792 1629 dum
817 1585 983 1644 opera
1016 1583 1145 1625 vero
1176 1582 1362 1624 eorum
1396 1565 1567 1622 nolite
1603 1563 1826 1618 facere:
1859 1561 2045 1617 dicunt
2072 1560 2237 1622 enim,

666 1677 724 1723 et
752 1682 856 1722 non
881 1665 1107 1723 faciunt.
1140 1683 1159 1717 ι
1191 1663 1418 1732 Quando
1444 1677 1544 1720 eos
1570 1660 1894 1725 confutavit,
1921 1668 1976 1714 et
2003 1656 2240 1714 ostendit

667 1759 1048 1818 incurahiliter
1075 1766 1424 1829 agrotantes,
1463 1765 1594 1810 tunc
1625 1753 1693 1810 de
1736 1753 1868 1823 ipsis
1899 1751 2052 1812 dicit,
2096 1757 2149 1801 et
2177 1750 2242 1802 de

669 1853 780 1909 vita
809 1851 1136 1908 nemoribus
1170 1849 1386 1903 illorum
1433 1846 1696 1917 loquitur,
1732 1847 2031 1899 admonens
2069 1839 2240 1893 audi--

673 1956 841 2013 tores,
884 1960 954 1999 ne
999 1948 1352 1998 contemnant
1385 1938 1671 2000 doctores.
1705 1935 1922 1992 etiamsi
1972 1940 2245 1999 corruptae

675 2039 796 2092 vita:
851 2036 983 2092 sint.
1033 2031 1282 2089 Ostendit
1335 2039 1597 2102 praeterea
1651 2027 1796 2098 quod
1849 2025 1949 2095 legi
2006 2040 2110 2077 non
2175 2021 2245 2075 sit

673 2128 1041 2192 adversarius,
1091 2124 1184 2181 sed
1231 2121 1382 2179 malit
1433 2133 1643 2177 servari
1674 2133 1737 2174 ea
1766 2131 1886 2186 quae
1925 2117 2059 2183 legis
2093 2124 2240 2179 sunt,

674 2221 920 2293 quamvis
949 2234 1016 2276 ea
1036 2218 1296 2274 docentes
1330 2208 1536 2286 indigni
1559 2213 1689 2267 sint.
1721 2208 2069 2276 Qnmcmtque
2097 2205 2242 2260 enim

672 2317 862 2371 dicunt
914 2315 1194 2377 doctores,
1257 2307 1349 2365 illa
1411 2305 1630 2374 Moysen
1673 2312 1859 2372 putate
1891 2301 2098 2361 dicere,
2135 2297 2247 2350 imo

673 2405 864 2462 Deum.
891 2401 1232 2459 Faciendane
1253 2399 1415 2471 igitur
1432 2389 1614 2452 omnia
1645 2409 1765 2464 quae
1790 2394 1999 2456 dicunt,
2030 2387 2244 2444 etiamsi

677 2501 817 2558 tnala
848 2497 1090 2554 fuerint?
1117 2495 1355 2550 Dicimus
1378 2491 1542 2561 igitur
1595 2488 1850 2558 primum,
1879 2484 2021 2554 quod
2050 2483 2248 2536 docens

677 2589 880 2647 nullum
913 2602 1150 2657 unquam
1189 2586 1352 2641 audet
1381 2580 1660 2637 adhortari
1694 2578 1747 2632 in
1790 2579 2010 2631 malum.
2045 2573 2248 2628 Deinde

675 2695 734 2740 ut
771 2687 958 2740 demus
995 2681 1100 2735 hoc
1133 2686 1190 2734 ut
1227 2675 1350 2747 quis
1383 2675 1434 2727 in
1470 2671 1665 2726 malam
1706 2670 1871 2723 vitam
1917 2665 2243 2727 iubortetur,

675 2795 784 2832 non
808 2788 986 2830 tunca
1013 2770 1211 2843 Moysis
1243 2766 1518 2828 cathedra,
1552 2777 1728 2831 neque
1761 2762 1822 2814 tle
1848 2759 1964 2829 lege
1987 2758 2244 2824 loquitur.

681 2869 940 2926 Dominus
975 2874 1153 2920 autem
1197 2861 1353 2931 123
1378 2859 1511 2913 dit-it
1541 2858 1608 2910 de
1647 2855 1731 2910 his
1773 2854 1863 2924 qui
1904 2853 1959 2906 in
1993 2850 2248 2905 cathedra

677 2963 849 3035 Moysi
882 2959 1096 3022 sede-nt,
1130 2957 1230 3010 hoc
1263 2964 1367 3020 est,
1406 2951 1492 3007 his
1520 2950 1612 3022 qui
1643 2964 1707 3004 ea
1750 2962 1871 3018 qua:
1914 2946 1966 2999 in
2008 2943 2123 3013 lege
2154 2943 2253 2997 ha-

681 3033 896 3120 bentur,
918 3051 1134 3107 docent.
1159 3046 1262 3102 Eos
1282 3045 1446 3116 igitur
1463 3044 1553 3114 qui
1583 3042 1779 3097 docent
1799 3039 2030 3093 divinam
2054 3033 2250 3107 legent,

680 3147 843 3201 etiam
870 3143 916 3199 si
945 3142 1046 3212 ipsi
1081 3154 1186 3195 non
1221 3135 1444 3200 faciant,
1487 3133 1676 3190 audire
1707 3139 1943 3202 Oportet.

751 3416 917 3473 Vsus.
945 3414 1000 3479 ι,
1032 3412 1086 3468 5.
1121 3428 1145 3485 ιΔ
1174 3407 1446 3478 Colligant
1476 3411 1656 3459 autem
1688 3413 1851 3455 onera
1912 3397 2094 3468 gravia
2121 3396 2254 3451 ditii-

683 3511 915 3580 ciliaque
945 3513 1196 3578 portatu,
1232 3512 1286 3558 et
1332 3501 1617 3570 imponunt
1672 3498 1728 3551 in
1785 3494 2042 3549 humeros
2082 3493 2255 3546 homi-

685 3609 1125 3668 num,\eteterum
1154 3597 1322 3664 digito
1348 3606 1446 3648 suo
1475 3592 1665 3646 nolunt
1695 3605 1759 3644 ea
1786 3603 2023 3643 movere.
2061 3587 2258 3641 Omnia

683 3708 816 3752 vero
843 3706 1008 3762 opera
1047 3702 1145 3746 sua
1189 3686 1420 3750 faciunt,
1473 3691 1533 3736 ut
1577 3688 1894 3750 spectentur
1922 3679 1990 3734 ab
2026 3675 2262 3732 homini-

686 3787 811 3842 bus.
841 3779 1079 3835 Dila‘tant
1103 3786 1282 3836 autem
1313 3773 1647 3846 phylacteria
1676 3784 1794 3836 sua,
1823 3778 1876 3824 et
1913 3767 2260 3837 magnificam

689 3877 932 3934 ﬁmbrias
972 3874 1255 3943 palliorum
1289 3882 1532 3925 suorum.
1567 3882 1587 3916 ι
1622 3866 1796 3919 Onera
1845 3861 2030 3934 gravia
2079 3861 2258 3930 impo-

688 3971 889 4027 nebant
943 3965 1238 4029 Pharisaei,
1272 3970 1530 4033 cogentes
1567 3958 1817 4014 homines
1851 3967 1911 4011 ut
1967 3953 2262 4024 implerent

689 4063 944 4119 mandata
979 4059 1132 4128 legis,
1177 4055 1426 4127 quamvis
1465 4051 1647 4106 tenuia
1694 4058 1880 4103 essent
1941 4057 1996 4100 et
2027 4044 2263 4100 dillicilia

690 4155 998 4210 observato.
1023 4148 1127 4204 Vel
1152 4149 1314 4204 etiam
1352 4147 1502 4216 plura
1538 4143 1674 4213 legis
1719 4142 1970 4196 mandata
1999 4152 2262 4210 aggrava-

694 4257 852 4308 runt,
907 4223 1221 4298 traditiones
1254 4238 1517 4308 quasdam
1572 4235 1711 4289 ultra
1764 4232 1911 4303 leges
1964 4232 2258 4296 tradentes,

693 4355 830 4409 quas
867 4336 967 4406 ipsi
1017 4335 1185 4404 digito
1227 4344 1326 4385 suo
1374 4343 1477 4384 non
1513 4335 1754 4392 movent,
1786 4324 1919 4380 nihil
1952 4334 2262 4394 operantes,

2337 642 2608 716 μάθωσιν,
2632 641 2666 710 ἢ
2696 639 2941 700 εἰπόντες
2967 639 3028 689 τὸ
3052 634 3270 702 ἀληθὲς,
3311 633 3703 692 πιστεύσωσιν.
3753 631 3784 700 ἢ
3820 648 3908 700 μη·

2334 737 2423 792 δὲν
2453 737 2668 806 ἔχοντες
2693 735 2891 798 εἰπεῖν,
2915 728 3349 799 καταισχυνθῶσι
3371 726 3468 782 καὶ
3491 726 3907 796 ἀναχωρήσωσι,

2340 829 2540 901 μηκέτι
2563 826 2872 898 τολμῶντες
2902 825 3177 895 ἐρωτῆσαι
3207 821 3392 876 αὐτόν.

2925 957 3331 1033 nsaaa.xrg

2512 1081 2649 1150 Περὶ
2677 1077 2782 1135 τοῦ
2817 1072 3198 1143 ταλανισμοῦ
3227 1071 3348 1128 τῶν
3379 1071 3749 1140 Φαρισαίων.

2414 1217 2433 1249 ι
2461 1196 2595 1250 Τότε
2615 1197 2644 1248 ὁ
2677 1191 2885 1262 Ἰησοῦς
2907 1189 3135 1258 nam;
3163 1189 3274 1250 τοῖς
3294 1185 3470 1256 δχλοις
3494 1183 3586 1238 καὶ
3608 1186 3725 1246 τοῖς
3751 1182 3912 1250 μαθηι

2338 1293 2459 1355 ταῖς
2485 1287 2675 1351 αὐτοῦ,
2709 1286 2901 1354 λέγων·
2945 1283 3066 1338 Ἐπὶ
3087 1282 3185 1352 τῆς
3219 1278 3460 1340 Μωσέως
3488 1275 3766 1346 καθέδρας
3795 1276 3915 1329 ἐκά-

2340 1385 2499 1438 θιςαν
2534 1382 2581 1435 oi
2637 1378 2990 1451 Γραμματεῖς
3021 1375 3117 1428 καὶ
3150 1376 3197 1451 οῖ
3246 1373 3533 1444 Φαρισαῖοι
3555 1385 3572 1400 ο
3605 1369 3793 1423 πάντα
3834 1366 3917 1421 οὖν

2340 1477 2443 1531 ὅσα
2489 1475 2556 1529 ἂν
2585 1449 2816 1527 εἴπωσιν
2872 1469 3003 1539 ύμῖν
3034 1449 3243 1536 τηρεῖν,
3284 1467 3498 1535 τηρεῖτε
3547 1461 3644 1515 καὶ
3695 1463 3914 1523 ποιεῖτε,

2342 1568 2484 1623 κατὰ
2517 1566 2573 1620 δὲ
2604 1564 2672 1618 τὰ
2688 1563 2823 1637 ἔργα
2855 1559 3034 1615 αὐτῶν
3066 1558 3140 1629 μὴ
3171 1557 3394 1609 ποιεῖτε.
3423 1554 3659 1621 Λέγουσι
3689 1551 3802 1619 γὰρ
3831 1553 3918 1604 καὶ

2342 1662 2400 1716 ού
2435 1658 2700 1713 ποιοῦσιν.
2738 1675 2756 1706 ι
2795 1653 2927 1709 Ὅτε
2969 1650 3164 1712 αὐτοὺς
3202 1646 3556 1715 ἐπεστόμισε,
3591 1644 3686 1697 καὶ
3724 1640 3919 1706 ἔδειξεν

2343 1750 2539 1804 ἀνίατα
2570 1745 2881 1807 νοσοῦντας,
2903 1741 3022 1794 τότε
3055 1737 3182 1808 περὶ
3209 1735 3392 1790 αὐτῶν
3423 1735 3572 1802 λέγει
3595 1749 3607 1760 ·
3645 1733 3780 1804 περὶ
3811 1731 3921 1802 βίου

2345 1843 2401 1897 δὲ
2463 1842 2558 1896 καὶ
2611 1836 2887 1898 πολιτείας
2947 1831 3302 1900 διαλέγεται,
3356 1825 3744 1898 διορθούμενος
3804 1825 3922 1885 τοὺς

2346 1933 2670 1994 ἀκούοντας,
2707 1929 2794 1982 ῖνα
2848 1925 2923 1996 μὴ
2978 1917 3366 1992 καταφρονῶσι
3423 1914 3532 1971 τῶν
3561 1912 3919 1978 διδασκάλοιν,

2346 2027 2450 2082 κᾶν
2476 2022 2879 2093 διεφθαρμένου
2937 2017 3056 2089 βίου
3084 2009 3244 2070 ὦσιν.
3269 2014 3423 2082 Ἅμα
3453 2010 3509 2064 δὲ
3535 2009 3813 2063 δείκνυσιν
3846 2009 3920 2060 ὅτι

2344 2119 2466 2172 οὐδὲ
2499 2115 2576 2185 τῷ
2603 2114 2754 2184 νόμῳ
2803 2107 3164 2173 ἐναντιοῦται,
3219 2104 3356 2159 ἀλλὰ.
3414 2101 3618 2170 μᾶλλον
3665 2098 3813 2152 θέλει
3861 2100 3923 2151 τὰ

2345 2210 2438 2266 τοῦ
2485 2214 2654 2278 νόμου
2704 2201 3064 2273 πράττεσθαι,
3115 2198 3222 2254 κᾶν
3259 2198 3309 2250 oi
3354 2195 3530 2250 ταῦτα
3583 2193 3921 2253 διδάσκοντες

2346 2305 2554 2373 ἀνάξιοι
2575 2298 2729 2359 ὦσιν.
2762 2303 2907 2356 Ὀσα
2923 2299 3055 2371 γὰρ,
3077 2297 3233 2369 φησι,
3253 2294 3503 2364 λέγουσιν
3527 2293 3576 2346 oi
3598 2288 3923 2348 διδάσκαλοι,

2347 2401 2439 2453 τὸν
2471 2398 2714 2466 Μωῦσῆν
2755 2393 3007 2464 νομίζετε
3038 2391 3215 2446 ταῦτα
3261 2388 3466 2456 λέγειν,
3509 2384 3713 2455 μᾶλλον
3743 2382 3801 2436 δὲ
3841 2381 3924 2434 sim

2348 2491 2502 2546 Θεόν.
2552 2485 2678 2560 'Ap’
2721 2483 2814 2540 οὖν
2863 2486 3041 2538 πάντα
3078 2484 3178 2537 ὅσα
3229 2480 3448 2548 λέγουσι
3486 2477 3566 2530 δεῖ
3593 2467 3801 2540 ποιεῖν,
3831 2473 3925 2526 κᾶν

2350 2583 2498 2637 κακὰ
2535 2578 2676 2647 ibet;
2714 2581 2965 2650 Λέγομεν
2997 2577 3091 2632 οῦν
3151 2575 3367 2647 πρῶτον
3401 2573 3500 2642 μὲν
3541 2571 3626 2624 ὅτι
3657 2569 3782 2623 οὐδὲ
3811 2568 3925 2621 τολ-

2353 2677 2546 2746 μήσειε
2577 2691 2706 2728 ποτε
2742 2677 2770 2728 ὁ
2817 2673 3085 2727 διδάσκων
3115 2666 3525 2742 προτρέψασθαι
3554 2683 3680 2719 τινα
3728 2665 3809 2726 τίς
3844 2680 3926 2716 κα-

2350 2770 2466 2824 κόν.
2504 2770 2738 2822 Ἔπειτα
2766 2769 2815 2820 εί
2846 2766 2940 2820 καὶ
2969 2766 3150 2836 δῶμεν
3211 2763 3390 2825 τοῦτο,
3429 2762 3510 2815 δτι
3558 2759 3716 2813 ἔσται
3748 2775 3831 2821 τις
3855 2758 3927 2822 είς

2353 2863 2522 2917 κακὸν
2561 2860 2677 2931 βίον
2721 2860 3192 2931 προτρεπόμενος,
3228 2857 3328 2910 ούκ
3373 2853 3480 2908 ἀπὸ
3527 2854 3630 2920 τῆς
3689 2851 3925 2913 Μωσέως

2353 2954 2623 3024 καθέδρας
2664 2953 2694 3006 ὁ
2735 2951 2998 3015 τοιοῦτος,
3030 2950 3141 3004 οὐδ’
3167 2948 3276 3004 ἀπὸ
3301 2946 3395 3000 τοῦ
3415 2946 3581 3015 νόμου
3609 2945 3924 3013 φθέγγεται.

2366 3044 2425 3100 Ὀ
2441 3046 2497 3099 δὲ
2529 3043 2731 3114 Κύριος
2772 3041 3033 3114 περὶτῶν
3060 3042 3119 3096 ὲν
3154 3043 3220 3110 τῇ
3253 3038 3495 3098 Μωσέως
3527 3034 3776 3106 καθέδρᾳ
3805 3033 3930 3087 καθ-
4040 3039 4041 3046 ‘

2279 3148 2322 3206 C
2354 3138 2576 3209 ημένων
2607 3136 2776 3205 λέγει,
2804 3136 3076 3199 τουτέστι,
3105 3132 3213 3187 τῶν
3235 3132 3303 3185 τὰ
3325 3129 3419 3185 τοῦ
3448 3129 3618 3198 νόμου
3654 3125 3932 3181 διδασκόν·
4040 3175 4041 3178 η

2355 3248 2486 3292 των.
2529 3231 2622 3283 Δεῖ
2667 3227 2762 3282 οὖν
2818 3226 2929 3281 τῶν
2977 3224 3338 3280 διδασκόντων
3387 3239 3439 3275 τι
3492 3221 3600 3275 ἀπὸ
3644 3219 3744 3273 τοῦ
3797 3217 3934 3271 θείου

2357 3323 2525 3393 νόμου
2556 3322 2801 3385 ἀκούειν,
2846 3319 2950 3373 κᾶν
2973 3317 3128 3372 αὐτοὶ
3158 3315 3234 3388 μὴ
3259 3313 3506 3369 ποιῶσιν.

2435 3434 2454 3467 ι
2493 3413 2826 3482 Δεσμεύουσι
2851 3411 2962 3482 γὰρ
2991 3410 3191 3480 φορτία
3222 3408 3394 3479 βαρέα
3417 3407 3511 3460 καὶ
3525 3405 3934 3468 δυσϐάστακτα,

2360 3510 2454 3574 καὶ
2485 3507 2827 3562 ἐπιτιθέασιν
2854 3506 2947 3558 ἐπὶ
2984 3506 3107 3567 τοὺς
3156 3502 3338 3573 ὤμους
3369 3500 3477 3554 τῶν
3504 3499 3837 3570 ἀνθρώπων,
3863 3499 3938 3567 τῷ
4039 3499 4041 3568 1

2359 3597 2416 3652 δὲ
2459 3598 2704 3666 δακτύλῳ
2733 3595 2915 3679 αὐτῶν
2942 3596 3001 3648 ού
3033 3596 3245 3648 θέλουσι
3289 3593 3512 3662 κινῆσαι
3535 3593 3679 3647 αύτά
3698 3609 3715 3625 ο
3765 3594 3937 3646 πάντα

2361 3691 2418 3746 δὲ
2453 3690 2520 3744 τὰ
2572 3691 2707 3759 ἔργα
2744 3688 2924 3743 αὐτῶν
2959 3687 3173 3741 ποιοῦσι
3209 3684 3347 3757 πρὸς
3390 3687 3451 3740 τὸ
3508 3685 3780 3754 θεαθῆναι
3833 3687 3938 3747 τοῖς
4040 3684 4041 3716 λ

2360 3779 2703 3851 ἀνθρώποις·
2741 3777 3075 3832 πλατύνουσι
3103 3777 3160 3830 δὲ
3205 3777 3274 3830 τὰ
3325 3776 3679 3845 φυλακτήρια
3741 3774 3935 3836 αὐτῶν,

2363 3870 2458 3924 καὶ
2491 3868 2854 3939 μεγαλύνουσι
2875 3868 2944 3921 τὰ
2967 3866 3249 3939 κράσπεδα
3277 3867 3386 3920 τῶν
3417 3867 3650 3936 ἱματίων
3686 3865 3884 3920 αὐτῶν.
3916 3885 3932 3915 ι

2361 3963 2565 4033 Φορτία
2593 3961 2763 4032 βαρέα
2788 3958 3104 4013 ἐπετίθεσαν
3126 3960 3179 4011 οί
3204 3959 3512 4028 Φαρισαῖοι,
3541 3958 3938 4027 ἀναγκάζοντες

2365 4055 2492 4117 τοὺς
2522 4051 2845 4124 ἀνθρώπους
2873 4050 2970 4115 τὰς
2999 4051 3218 4114 ἐντολὰς
3255 4049 3350 4103 τοῦ
3408 4051 3577 4121 νόμου
3609 4048 3936 4120 ἐκπληροῦν,

2365 4147 2570 4209 λεπτὰς
2603 4144 2766 4208 obde;
2800 4144 2893 4197 καὶ
2935 4142 3342 4212 δυοφυλάκτους
3366 4158 3380 4172 ·
3436 4141 3469 4212 ἢ
3508 4143 3603 4195 καὶ
3635 4142 3811 4196 πλείω
3841 4140 3939 4194 τῶν

2368 4238 2595 4292 ἐντολῶν
2622 4235 2716 4291 τοῦ
2743 4238 2908 4307 νόμου
2944 4235 3232 4307 ὲδάρυνον,
3267 4235 3597 4307 παραδόσεις
3641 4235 3800 4296 τινας
3843 4251 3938 4284 rm-

2371 4331 2675 4403 ραδιδόντες
2703 4328 2960 4382 ὶπέκεινα
2987 4326 3081 4380 τοῦ
3103 4328 3292 4398 νόμου,
3327 4325 3482 4380 αὐτοὶ
3508 4325 3564 4377 δὲ
3597 4323 3674 4394 τῷ
3701 4323 3938 4392 δακτύλῳ

694 4441 867 4499 neque
893 4429 957 4480 ad
993 4424 1116 4478 talia
1162 4434 1326 4477 onera
1378 4419 1603 4489 propius
1634 4417 1990 4482 _accedentcs.
2041 4413 2255 4479 Quando

2369 4425 2548 4479 αὐτῶν
2597 4423 2671 4494 μὴ
2707 4420 3008 4484 κινοῦντες,
3060 4420 3332 4486 τουτέστι,
3387 4417 3552 4489 μηδὲν
3589 4418 3749 4470 αὐτοὶ
3801 4420 3938 4484 ἔνερ-

696 4483 840 4573 οιιὶἰιι
876 4517 965 4584 qui
1006 4515 1183 4576 docet,
1217 4525 1321 4564 non
1358 4483 1531 4562 solum
1555 4507 1751 4569 docet,
1779 4506 1871 4559 sed
1905 4513 1959 4558 et
1989 4513 2255 4573 operatur,

2373 4483 2617 4585 γοῦντες,
2660 4483 2811 4582 ’μηδὲ
2845 4511 3146 4581 πλησιάσαι
3173 4483 3484 4579 τολμῶντες
3524 4509 3637 4570 τοῖς
3686 4483 3938 4567 τοιούτοις

700 4611 910 4662 videtur
956 4605 1114 4660 sitnul
1161 4618 1280 4657 cum
1332 4601 1417 4656 his
1466 4600 1556 4670 qui
1606 4599 1903 4664 docentur,
1939 4596 2185 4651 laborare
2215 4605 2267 4651 et

699 4700 935 4770 Operari.
970 4699 1100 4752 Cum
1137 4711 1265 4751 vero
1293 4694 1379 4748 ille
1409 4709 1497 4748 me
1534 4700 1747 4758 onerat,
1780 4692 1892 4758 ipse
1922 4701 2100 4744 autem
2135 4690 2268 4744 nihil

701 4792 829 4860 agit,
866 4788 1037 4856 magis
1068 4801 1152 4840 me
1176 4794 1364 4855 gravat
1389 4801 1403 4838 :
1438 4783 1562 4837 inde
1589 4783 1882 4836 ostendens
1906 4797 1966 4834 ea
1999 4796 2116 4849 qua:
2140 4781 2270 4834 dicit

702 4879 814 4932 tieri
850 4891 954 4930 non
993 4889 1170 4945 posse.
1203 4873 1394 4942 Arguit
1445 4872 1608 4942 igitur
1638 4870 1896 4926 Dominus
1942 4869 2267 4933 Pharisazos,

701 4988 765 5024 eo
794 4971 932 5038 (ιιιοό
981 4968 1167 5022 nolunt
1212 4966 1370 5021 simul
1416 4975 1630 5037 gestare
1657 4980 1819 5020 onera
1893 4969 2269 5026 mandatorum

705 5075 753 5114 t'l
787 5062 1083 5130 cooperari.
1125 5058 1240 5113 Non
1275 5059 1451 5113 solum
1483 5068 1663 5112 autem
1712 5059 1848 5112 nihil
1890 5058 2012 5112 boui
2043 5058 2268 5117 faciunt,

703 5159 799 5213 sed
831 5167 884 5210 et
913 5154 1165 5209 simulant
1191 5153 1342 5223 quasi
1395 5152 1592 5206 iaciant
1621 5169 1635 5204 :
1670 5151 1816 5220 alqui
1858 5150 2072 5205 etiamsi
2122 5149 2272 5203 face-

707 5259 846 5314 ru-nl,
895 5249 937 5301 si
988 5257 1163 5298 tamen
1209 5257 1267 5298 ut
1300 5244 1611 5298 viderentur
1661 5242 1933 5307 iacerent,
1969 5241 2272 5295 auferretur

708 5343 892 5409 utique
923 5338 1132 5393 illorum
1187 5353 1394 5393 merces
1429 5356 1442 5391 :
1493 5353 1634 5392 nunc
1677 5346 1851 5392 autem
1885 5346 2088 5406 quanta
2138 5352 2270 5391 con-

707 5432 1048 5487 dcmnatione
1075 5430 1240 5499 digni,
1273 5429 1489 5498 quando
1526 5443 1698 5498 neque
1749 5427 1986 5494 faciunt,
2020 5439 2073 5482 et
2102 5429 2272 5484 videri

2373 4605 2636 4677 φορτίοις.
2678 4605 2852 4656 Ὅταν
2874 4602 2982 4672 γὰρ
3029 4605 3058 4655 ὁ
3095 4601 3362 4655 διδάσκων
3398 4601 3458 4653 ού
3487 4599 3648 4669 μόνον
3684 4599 3936 4660 διδάσκει,

2374 4693 2510 4752 ἀλλᾶ
2540 4695 2636 4750 καὶ
2696 4696 2948 4765 πράττει,
2985 4693 3136 4746 δοκεῖ
3167 4688 3574 4762 συμϐαστάζειν
3615 4691 3712 4742 καὶ
3761 4707 3938 4761 συντρ-

2374 4793 2492 4859 γεῖν
2543 4789 2657 4852 τοῖς
2685 4787 3096 4857 διδασκομένοις
3119 4802 3133 4816 ’
3172 4786 3299 4839 ὃταν
3353 4783 3418 4837 δὲ
3442 4770 3540 4855 ἐμὲ
3576 4783 3679 4855 μὲν
3723 4787 3939 4855 impeg-

2376 4883 2519 4954 τίξῃ,
2567 4881 2725 4944 αὐτὸς
2754 4881 2810 4933 δὲ
2843 4881 3006 4950 μηδὲν
3046 4879 3283 4950 πράττῃ.
3329 4876 3550 4951 βαρύνει
3589 4877 3793 4941 μᾶλλον
3827 4875 3933 4937 ἐμέ·

2375 4976 2634 5030 δεικνύων
2666 4973 2725 5039 ἐξ
2754 4969 2826 5028 ὧν
2854 4973 3017 5036 αὐτὸς
3048 4971 3350 5042 ἀμελεῖ,ὼς
3381 4969 3644 5024 ἀδύνατόν
3673 4972 3792 5023 ἐστι
3813 4985 3936 5023 κατι

2373 5067 2675 5139 ορθωθῆναι
2730 5064 2765 5118 ἃ
2819 5064 2988 5130 λέγει.
3037 5060 3293 5129 Ἐγκαλεῖ
3339 5061 3522 5114 τοίνυν
3549 5062 3576 5112 ὁ
3606 5059 3813 5131 Κύριος
3846 5061 3938 5113 τοῖς

2379 5157 2718 5228 Φαρισαίοις,
2766 5157 2843 5220 ὡς
2878 5157 2953 5226 μὴ
3001 5154 3216 5207 θέλουσι
3247 5153 3659 5224 συμϐαστὰζειν
3711 5155 3781 5207 τὰ
3818 5154 3938 5222 βάρη

2375 5249 2483 5304 τῶν
2530 5249 2758 5302 ἐντολῶν
2811 5249 2903 5300 καὶ
2966 5245 3357 5315 συμπράττειν.
3419 5246 3494 5298 Ού
3554 5247 3715 5315 μόνον
3786 5247 3838 5298 δὲ
3892 5245 3937 5296 οὐ

2381 5342 2596 5397 ποιοῦσί
2634 5359 2688 5394 τι
2712 5339 2938 5409 ἀγαθὸν,
2973 5338 3106 5392 ἀλλὰ
3134 5340 3228 5393 καὶ
3264 5339 3696 5408 σχηματίζονται
3739 5340 3816 5402 ὡς
3842 5355 3940 5388 ποια

2381 5435 2589 5495 οῦντες·
2643 5431 2820 5485 καίτοι
2866 5429 2970 5482 κᾶν
3020 5429 3275 5492 ἐποίουν,
3326 5427 3413 5481 διὰ
3460 5428 3518 5480 δὲ
3573 5428 3635 5479 τὸ
3696 5427 3935 5495 θεαθῆναι

709 5524 893 5577 volunt
926 5521 1079 5591 quasi
1115 5521 1358 5574 faciant?
1396 5520 1530 5586 Quid
1560 5529 1738 5574 autem
1771 5518 2014 5574 faciunt?
2042 5519 2248 5573 Dilalan

2384 5525 2623 5588 ἐποίουν,
2649 5524 2910 5593 ύφῃρεῖτο
2940 5521 3005 5574 ἂν
3029 5519 3213 5582 αὐτοῖς
3239 5521 3300 5571 τὸ
3328 5520 3518 5590 κέρδος
3537 5534 3548 5544 ·
3581 5517 3677 5570 νῦν
3699 5517 3754 5570 δὲ
3785 5520 3936 5583 πόσης

711 5616 1033 5686 phylnctcria
1082 5629 1201 5679 sua,
1259 5620 1311 5666 et
1359 5614 1706 5683 tuagniiicant
1753 5611 1994 5667 ﬁmbrias
2045 5617 2272 5666 vestium

713 5724 951 5764 snarum.
979 5708 1091 5763 iloc
1112 5718 1289 5762 autem
1317 5705 1386 5761 ita
1418 5722 1473 5761 se
1499 5708 1748 5761 habebat.
1778 5706 1836 5759 in
1862 5708 1975 5773 lege
2005 5707 2234 5760 habetur
2260 5722 2273 5758 :

711 5800 1009 5870 Alligabitis
1059 5814 1122 5860 ea
1172 5797 1225 5856 in
1274 5813 1436 5858 manu
1474 5808 1673 5864 vestra,
1725 5808 1990 5855 et'untuuc
2049 5800 2268 5853 ιιιιιιιιιιιι

2384 5618 2682 5686 καταδίκης
2735 5615 2894 5678 ἄξιοι,
2928 5615 3055 5668 ὅταν
3085 5610 3210 5666 οὔτε
3262 5611 3480 5675 ποιῶσι,
3517 5613 3613 5664 καὶ
3655 5612 3850 5665 θέλωσι
3877 5611 3940 5662 δο-

2385 5706 2640 5771 ξάζεσθαι
2677 5707 2750 5767 ὼς
2802 5705 3121 5770 ποιοῦντες;
3165 5705 3229 5757 Τί
3256 5703 3312 5756 δὲ
3345 5703 3584 5768 ποιοῦσι;
3626 5703 3938 5756 Πλατύνουσι

2381 5801 2448 5853 τὰ
2486 5799 2826 5853 υυλακτίοια
2851 5796 3050 5854 αὐτῶν.
3078 5797 3173 5850 καὶ.
3199 5794 3560 5859 μεγαλύνουσι
3587 5797 3655 5850 τὰ
3681 5792 3938 5849 κράσπεδα
