4080 6336
159 367 260 431 3!;7

720 357 1167 424 ENARRATIO
1203 357 1283 416 ΙΝ
1326 350 1822 416 EVANGELIUM
1863 346 2253 407 MAT'i‘llJEI.
2298 371 2360 382 -
2403 345 2563 409 CAP.
2600 344 2827 404 ΧΧΙΙῘ.

3332 340 3437 404 398

156 484 263 539 τῶν
301 478 533 552 ἱματίων
565 474 772 548 αὐτῶν.
824 472 996 527 Τοῦτο
1029 473 1086 525 δὲ
1119 469 1363 525 τοιοῦτον
1393 465 1462 539 ἦν
1485 485 1499 500 ο
1541 470 1600 520 ὲν
1663 464 1740 534 τῷ

1871 474 1978 518 inte
2027 462 2216 518 oculos
2250 470 2486 518 vestros.
2541 460 2869 516 Scribebant
2923 457 3088 528 igitur
3136 458 3190 513 iu
3231 455 3442 514 duabus

159 577 305 646 νῧμῳ
343 573 554 626 ἔκειτοο
587 567 861 637 Ἐφάψατε
915 565 1010 617 ἐπὶ
1047 563 1148 633 τῆς
1184 561 1367 633 χειρὸς
1409 559 1582 628 ὑμῶν,
1643 557 1738 610 καὶ

157 668 309 722 ἔσται
353 662 626 718 ἁσάλευτα
661 661 766 731 πρὸ
795 656 1096 726 ὀφθαλμῶν
1123 654 1303 723 ὑμῶν.
1336 651 1619 723 Ἐγραφον
1646 646 1739 703 οὖν

159 759 250 812 ἐπὶ
280 755 371 807 δύο
408 754 685 822 διφερίων,
733 750 979 803 τουτέστι
1015 747 1273 819 χαρτίων,
1325 743 1423 808 τὰς
1466 742 1600 796 δέκα
1644 741 1740 794 τοῦ

160 849 322 918 νόμου
358 845 598 907 ἐντολὰς,
634 844 729 895 καὶ
765 841 1013 895 ἐτίθεσαν
1038 841 1100 892 τὸ
1147 839 1247 910 μὲν
1267 836 1326 890 ἓν
1360 837 1456 889 ἐπὶ
1477 833 1572 888 τοῦ
1608 851 1740 903 μετ-

159 941 305 993 ώπου
362 936 565 1001 αὐτῶν,
591 935 654 988 τὸ
685 934 740 988 δὲ
759 934 947 1004 ἕτερον
975 931 1233 1002 ἐκρέμων
1275 928 1371 982 ἐπὶ
1399 928 1499 998 τῆς
1521 925 1704 993 δεξιᾶς
1724 943 1736 954 ·

160 1032 224 1084 τὰ
251 1031 308 1084 δὲ
333 1027 617 1097 κράσπεδα
643 1025 860 1080 ἐποίουν
881 1023 1100 1078 ἐπὶτῶν
1125 1023 1314 1092 ἄκρων
1337 1019 1448 1073 τῶν
1489 1017 1747 1088 ίματίων,

161 1119 448 1175 ὑακίνθινά
485 1136 608 1171 τινα
635 1117 666 1187 ἣ
705 1119 940 1171 κόκκινα
973 1114 1279 1185 κλώσματα
1312 1106 1427 1166 οἷον
1456 1110 1745 1181 κροσσούς.

163 1214 271 1268 Καὶ
298 1211 453 1264 τοῦτο
491 1210 548 1264 δὲ
573 1212 630 1263 ὲν
655 1210 730 1280 τῷ
758 1209 909 1279 νόμῳ
939 1202 1096 1278 εὖρον
1125 1206 1401 1277 κείμενον,
1444 1203 1532 1256 ἵνα
1579 1199 1751 1272 δρῶν·

163 1322 250 1368 τες
300 1303 460 1370 αὐτὰ,
490 1303 565 1375 μὴ
586 1302 1056 1356 ἐπιλανθάνωνται
1080 1299 1187 1352 τῶν
1211 1297 1445 1351 ἐντολῶν
1468 1295 1564 1348 τοῦ
1589 1292 1748 1347 Θεοῦ.

173 1398 230 1451 '0
263 1397 321 1450 δὲ
347 1398 480 1459 Θεὸς
506 1397 566 1449 οὐ
597 1394 757 1449 τοῦτο
783 1393 1056 1459 ἐϐούλετο,
1087 1391 1226 1447 ἀλλὰ
1253 1391 1315 1445 τὸ
1348 1390 1448 1460 μὲν
1484 1388 1629 1458 ἔχειν
1659 1388 1752 1439 ἐπὶ

164 1491 263 1559 τῆς
295 1487 478 1560 χειρὸς
509 1488 568 1541 τὸ
619 1487 1013 1556 φυλακτήριον,
1047 1486 1314 1554 ἐσήμαινε
1345 1481 1406 1534 τὸ
1433 1481 1546 1534 δεῖν
1580 1478 1753 1550 ἐργά-

164 1581 352 1646 ζεσθαι
383 1582 483 1645 τὰς
521 1579 744 1643 ἐντολάς
763 1593 778 1607 ’
814 1580 873 1632 τὸ
902 1577 959 1632 δὲ
995 1577 1226 1630 κόκκινα
1248 1569 1480 1628 εἶναιτὰ
1508 1571 1755 1642 κράσπε-

1851 557 2118 613 chartulis
2146 556 2468 627 decalogum
2501 555 2659 625 legis.
2692 562 2744 608 et
2783 551 3054 622 ponebant
3083 565 3248 605 unam
3279 566 3443 619 super

1849 650 2110 716 frontem,
2144 662 2200 705 ct
2250 649 2481 704 alteram
2521 660 2685 716 super
2731 646 2976 699 dextram
3012 643 3441 712 suspendebant.

1857 741 2132 797 Fimbrias
2168 751 2349 795 autem
2386 736 2660 794 faciebant
2688 736 2740 790 iu
2772 735 3000 789 summis
3027 733 3293 800 vestibus,
3331 734 3449 787 vio-

1851 834 2018 890 laceis
2046 845 2102 890 et
2127 832 2403 889 coccineis
2429 831 2618 886 clavis.
2648 830 2713 883 Et
2743 828 2845 882 hoc
2870 829 3196 882 invenerant
3224 824 3278 880 in
3305 825 3445 896 lege,

1854 937 1913 982 ut
1949 928 2194 982 ridentes
2241 926 2367 992 illa,
2406 939 2512 981 non
2557 923 3011 979 obliviscerentur
3059 921 3448 975 mandatorum

1857 1020 1975 1075 Dei.
2007 1020 2076 1074 At
2105 1018 2246 1075 Deus
2278 1021 2382 1074 hoc
2413 1017 2665 1083 nolebat,
2698 1017 2792 1071 sed
2833 1013 3075 1084 iubendo
3109 1010 3258 1067 ferre
3287 1025 3452 1080 super

1860 1125 2078 1164 manum
2113 1109 2532 1180 phylacterium,
2584 1106 2898 1177 signillcare
2933 1103 3148 1160 volebat
3194 1102 3448 1157 mandata

1855 1201 2072 1270 operari
2097 1213 2193 1255 eos
2225 1208 2501 1268 oportere.
2536 1196 2640 1252 Per
2669 1197 2960 1252 coccineas
2984 1203 3167 1250 autem
3203 1193 3452 1248 fimbrias

1856 1292 2168 1347 declarabat
2219 1292 2363 1361 quod
2439 1296 2686 1360 oporteat
2747 1302 2848 1344 nos
2905 1286 3170 1356 sanguine
3232 1285 3449 1340 Domini

1855 1385 2082 1454 signari.
2142 1383 2219 1439 Illi
2271 1397 2402 1438 vero
2453 1382 2727 1438 faciebant
2772 1380 3111 1451 phylacteria
3149 1393 3348 1448 magna
3399 1388 3454 1432 et

1860 1475 2125 1541 litubrias,
2177 1485 2236 1530 ut
2279 1474 2591 1531 videntibus
2620 1473 2708 1529 illa
2738 1482 3039 1543 appareant
3068 1473 3457 1529 observatores

1861 1583 1984 1621 esse
2013 1567 2168 1638 legis.

162 1677 248 1740 δα,
279 1673 469 1745 ἐδήλου
500 1673 582 1727 ὅτι
607 1672 855 1742 δεῖήμᾶς
891 1670 967 1741 τῷ
999 1670 1196 1741 αἵματι
1227 1668 1323 1722 τοῦ
1369 1666 1611 1737 Χριστοῦ
1678 1663 2076 1736 σημειοῦσθαι*
2148 1663 2347 1718 ἐκεῖνοι
2385 1662 2444 1716 δὲ
2510 1661 2733 1716 ἐποίουν
2773 1661 2847 1715 τά
2876 1679 2935 1716 τε
2960 1661 3315 1734 φυλακτήρια
3352 1679 3453 1732 με·

165 1769 308 1838 γάλα
332 1769 427 1821 καὶ
449 1765 519 1820 τὰ
543 1765 855 1834 κράσπεδα,
878 1763 969 1818 ἵνα
989 1761 1182 1827 δόξωσι
1209 1759 1588 1833 νομοφύλακες
1612 1754 1752 1812 εἶναι
1786 1759 1901 1822 τοῖς
1933 1756 2102 1828 ὁρῶσι
2131 1754 2326 1810 ταῦτα.

238 1879 258 1913 ι
286 1859 505 1914 Φιλοῦσι
563 1859 620 1912 δὲ
650 1858 751 1928 τὴν
802 1855 1210 1927 πρωτοκλισίαν
1239 1857 1299 1908 ὲν
1329 1857 1443 1918 τοῖς
1485 1853 1746 1918 δείπνοις,

1930 1852 2094 1907 Vens.
2129 1851 2184 1918 6,
2237 1850 2287 1905 7.
2343 1871 2361 1904 ι
2421 1853 2733 1922 Amantque
2788 1851 2995 1920 primos
3056 1848 3344 1905 accubitus
3402 1849 3456 1903 in

166 1953 263 2008 καὶ
319 1953 415 2015 τὰς
448 1949 936 2021 πρωτοκαθεδρίας
963 1948 1022 2001 ιν
1074 1949 1198 2011 ταῖς
1251 1946 1623 2014 συναγωγαῖς,
1655 1943 1754 1996 καὶ

163 2045 289 2106 τοὺς
318 2043 648 2114 ἀσπασμοὺς
677 2043 734 2094 ὲν
770 2043 890 2104 ταῖς
914 2042 1167 2112 ἀγοραῖς,
1196 2040 1293 2093 καὶ
1326 2037 1616 2093 καλεῖσθαι
1648 2037 1756 2091 ὑπὸ

162 2137 272 2190 τῶν
299 2135 605 2205 ἀνθρώπων
639 2133 854 2200 Ῥαὸὄὶ,
901 2132 1108 2187 Ῥαϐδί.
1139 2152 1157 2183 ι
1188 2131 1361 2186 Βαόαί
1383 2131 1395 2184 !
1421 2125 1534 2184 οἷον
1559 2129 1710 2199 λέγει
1739 2149 1754 2194 ;

166 2227 311 2279 Διότι
342 2227 449 2295 γὰρ
484 2223 720 2292 φιλοῦσι,
753 2225 840 2277 διὰ
867 2222 1030 2278 τοῦτο
1067 2221 1516 2293 κατακρίνονται.
1551 2222 1613 2274 El
1643 2220 1702 2274 δὲ
1729 2222 1757 2273 ὁ

167 2318 328 2390 μόνον
365 2315 538 2386 φιλῶν
558 2315 660 2387 τὴν.
680 2314 1089 2386 πρωτοκλισίαν
1117 2314 1370 2385 ψέγεται.
1399 2313 1428 2366 δ
1459 2313 1556 2365 καὶ
1576 2313 1756 2365 πάντα

166 2411 422 2482 πράττων
446 2408 586 2479 ὑπὲρ
614 2407 841 2478 ταύτης,
873 2407 1019 2472 τίνος
1049 2407 1198 2473 ἄξιος
1223 2425 1239 2476 ;
1280 2424 1300 2460 ι
1337 2407 1447 2461 Καὶ
1470 2405 1568 2470 τὰς
1605 2423 1759 2477 πρωο

165 2501 522 2572 τοκαθεδρίας
549 2503 607 2556 ὲν
621 2504 745 2565 ταῖς
765 2504 1132 2571 συναγωγαῖς⁹
1156 2519 1176 2550 ι
1203 2499 1336 2554 ἔνθα
1359 2498 1562 2570 μᾶλλον
1587 2495 1632 2549 ὥ
1650 2514 1757 2566 εει-

168 2595 259 2648 λον
285 2594 380 2647 καὶ
435 2595 563 2658 τοὺς
595 2593 789 2659 ἄλλους
820 2594 1097 2648 διδάσκειν
1131 2593 1604 2663 ταπεινοφρονεῖν,
1645 2590 1762 2642 ἐκεῖ

167 2688 326 2740 αὐτοὶ
383 2689 582 2741 ἐκεῖνοι
634 2687 1025 2757 διεφθείροντο.
1072 2685 1264 2740 Πάντα
1323 2684 1434 2754 γάρ
1490 2683 1761 2754 ἔπραττον

169 2777 314 2848 ὓπὲρ
330 2778 488 2848 δόξης
505 2794 519 2808 ο
551 2777 838 2832 καὶταῦτα
870 2777 1208 2847 πράττοντες
1234 2778 1338 2832 οὐκ
1365 2775 1758 2849 ὲπῃσχύνοντο.

168 2871 308 2925 ἀλλὰ
343 2872 542 2942 μᾶλλον
573 2871 763 2942 ἤθελον
781 2869 1066 2925 καλεῖσθαι
1111 2868 1326 2936 Ῥα66ὶ,
1360 2868 1575 2932 Ῥαϐὁὶ,
1609 2884 1765 2920 τουτ-

169 2965 308 3029 έστι,
340 2965 531 3019 διδάσκ
541 2967 671 3018 ιλοι.

249 3077 269 3110 ι
320 3058 512 3128 Ὑμεῖς
562 3057 620 3110 δὲ
658 3056 734 3128 μὴ
788 3055 1036 3128 κληθῆτε
1077 3055 1293 3123 Ῥα66ὶ,
1325 3053 1408 3118 εἷς
1449 3055 1561 3124 γάρ
1615 3055 1766 3107 ἐστιν

172 3149 329 3220 ὑμῶν
351 3129 386 3202 ὀ⁴
403 3147 747 3213 διδάσκαλος,
769 3149 796 3201 ὁ
816 3147 1054 3217 Χριστός
1076 3163 1088 3178 ⁸
1115 3146 1318 3211 πάντες
1344 3146 1400 3200 δὲ
1423 3146 1582 3217 ὑμεῖς
1613 3145 1766 3198 ἀδελ-

171 3207 263 3311 φοί
299 3245 446 3296 ἐστε.
505 3239 619 3294 Καὶ
648 3207 974 3310 πατέρα’μὴ
1024 3207 1314 3309 καλέσητε*
1353 3207 1511 3310 ὐμιῖλν
1540 3207 1634 3292 ἐπὶ
1667 3237 1767 3307 τῆς
1792 3207 1839 3270 c

171 3336 299 3405 γῆς,
333 3329 413 3399 εἷς
436 3334 543 3404 γάρ
583 3335 730 3387 ἐστιν
750 3333 780 3385 ὁ
805 3332 998 3405 Πατὴρ
1028 3332 1185 3403 ὑμῶν
1214 3335 1242 3387 ὁ
1269 3335 1327 3386 ὲν
1352 3334 1464 3396 τοῖς
1492 3333 1763 3403 οὐρανοῖς.

169 3428 326 3498 Μηδὲ
360 3426 597 3497 κληθῆτε
624 3421 1090 3496 καθηγηταίοεῖς
1142 3426 1253 3496 γάρ
1309 3426 1458 3479 ἐστιν
1526 3424 1682 3495 ὑμῶν
1741 3423 1771 3476 δ

170 3516 519 3589 καθηγητὴς,
558 3518 586 3568 ὁ
650 3515 908 3585 Χριστός.
956 3515 1016 3570 '0
1054 3516 1113 3570 δὲ
1160 3517 1364 3588 μείζων
1426 3516 1580 3585 ὑμῶν
1616 3515 1766 3568 ἐσται

173 3612 334 3682 ὑμῶν
365 3610 829 3675 διάκονος.”οστις
870 3608 928 3663 δὲ
954 3607 1387 3680 ὑψώσειὲαυτὸν,
1419 3605 1768 3676 ταπεινωθή-

174 3718 357 3769 σεται,
394 3703 488 3755 καὶ
516 3703 667 3765 ὅστις
707 3701 1042 3756 ταπεινώσει
1081 3701 1303 3764 ἑαυτὸν,
1338 3698 1712 3769 ὑψωθήσεται.
1745 3715 1763 3749 ι

172 3797 248 3849 Οὐ
289 3794 492 3848 κωλύει
512 3794 542 3846 ὀ
574 3791 812 3862 Χριστὸς
855 3793 918 3846 τὸ
944 3791 1231 3846 καλεῖσθαί
1258 3808 1383 3845 τινα
1419 3790 1768 3851 δικάσκαλον,

173 3885 315 3938 ἀλλά
343 3885 404 3937 τὸ
437 3883 700 3953 ἐμπαθῶς
747 3881 923 3937 θέλειν
952 3882 1262 3947 καλεῖσθαι,
1292 3884 1387 3936 καὶ
1423 3883 1601 3936 πάντα
1655 3881 1773 3952 τρό-

173 3992 275 4028 πον
305 3973 631 4038 σπουδάζειν
661 3973 744 4037 είς
775 3973 838 4026 τδ
868 3972 1159 4044 κληθῆναι.
1205 3973 1279 4025 Τὸ
1311 3971 1422 4042 γάρ
1455 3971 1768 4025 διδασκαλι-

172 4068 272 4122 κὸν
323 4068 545 4137 ὁξίωμα
599 4067 744 4137 μόνῳ
777 4067 1038 4137 πρόσεστι
1061 4066 1266 4137 κυρίως
1298 4066 1437 4135 Θεῷ.
1472 4066 1696 4132 Πατέρα
1715 4064 1770 4118 δὲ

177 4161 255 4231 μὴ
281 4160 579 4226 καλέσητε,
608 4158 803 4227 λέγων,
831 4159 893 4212 οὗ
927 4158 1127 4213 κωλύει
1155 4160 1256 4230 τὴν
1285 4159 1422 4226 πρὸς
1441 4159 1567 4221 τοὺς
1590 4160 1773 4226 γονεῖς

172 4252 375 4322 τιμὴν,
415 4252 538 4303 ἐπεὶ
578 4250 722 4302 θέλει
774 4251 922 4320 ἡμᾶς
952 4252 1119 4321 τιμᾷν
1147 4255 1274 4314 τοὺς
1302 4253 1500 4319 γονεῖς,
1537 4253 1630 4304 καὶ
1669 4249 1773 4320 μά-

173 4346 340 4400 λιστα
372 4346 498 4407 τοὺς
531 4344 940 4414 πνευματικοὺς
969 4344 1239 4416 πατέρας,
1265 4344 1404 4398 ἀλλὰ
1427 4346 1564 4417 πρὸς
1593 4345 1653 4398 τὸ
1682 4345 1772 4397 τὸν

173 4441 362 4512 ἀληθῆ
409 4443 632 4513 Πατέρα
687 4442 1104 4510 ἐπιγινώσκειν,
1159 4441 1409 4495 τουτέστι
1461 4442 1551 4496 τὸν
1615 4441 1772 4504 Θεὸν,

1862 1945 2058 2010 crauis,
2091 1954 2145 2001 et
2177 1943 2380 2015 primas
2403 1945 2698 1999 cathedras
2726 1942 2779 1998 in
2809 1943 3126 2013 synagogis,
3155 1953 3211 1998 et
3244 1942 3457 1997 saluta-

1863 2037 2041 2092 tiones
2093 2036 2148 2090 itt
2209 2035 2352 2102 foro,
2409 2045 2465 2091 et
2513 2033 2695 2091 vocari
2753 2035 2821 2090 ab
2866 2035 3182 2089 hominibus
3239 2032 3456 2098 Rabbi,

1862 2126 2058 2184 Rabbi.
2094 2146 2112 2180 ι
2152 2127 2321 2200 Papae“
2353 2128 2485 2198 quid
2536 2125 2717 2184 dicit?
2749 2126 2952 2182 Idcirco
3000 2127 3460 2191 condemnamur,

1862 2220 1988 2290 quia
2022 2227 2230 2275 amant.
2259 2219 2414 2288 Quod
2440 2221 2485 2277 si
2515 2219 2691 2275 solum
2718 2232 2911 2274 amans
2935 2219 3141 2288 primos
3171 2218 3461 2274 accubitus

1863 2299 2280 2379 condemnatur,
2332 2313 2424 2384 qui
2484 2312 2617 2368 nihil
2671 2328 2776 2368 non
2829 2312 2962 2367 facit
3001 2327 3098 2382 pro
3150 2312 3293 2378 illis,
3352 2327 3460 2381 qua

1865 2405 2322 2462 condemnatione
2352 2405 2595 2478 dignus?
2629 2423 2648 2458 ι
2689 2405 2756 2460 Ει
2796 2405 3000 2476 primas
3054 2404 3344 2460 cathedras
3403 2407 3456 2458 in

1866 2503 2156 2574 synagogis
2175 2518 2222 2569 ;ι
2244 2501 2333 2556 ιιΙ›ἰ
2362 2502 2534 2570 magis
2551 2499 2825 2556 debebant
2849 2502 3050 2555 docere
3073 2500 3213 2554 alios
3243 2499 3464 2554 humili-

1869 2606 2057 2661 tatem,
2089 2611 2155 2652 eo
2177 2596 2298 2651 loco
2322 2595 2396 2651 illi
2427 2595 2525 2663 ipsi
2550 2593 2744 2665 majori
2774 2593 2914 2648 fastu
2941 2594 3458 2662 corrumpebantur.

1867 2687 2062 2745 Omnia
2097 2689 2243 2745 enim
2281 2703 2378 2759 pro
2414 2688 2587 2759 gloria
2624 2686 2922 2751 faciebant,
2955 2692 3008 2742 et
3056 2686 3171 2741 hate
3201 2685 3467 2741 facientes

1870 2799 1976 2837 non
2012 2782 2511 2845 confundebantur,
2567 2781 2664 2836 scd
2725 2781 2942 2836 interim
2977 2780 3160 2835 vocari
3207 2779 3458 2834 volebam

1875 2873 2036 2947 124
2067 2873 2265 2940 Rabbi,
2308 2872 2510 2938 Rabbi,
2539 2873 2641 2928 hoc
2672 2882 2776 2937 est,
2813 2873 3088 2928 doctores.

1943 3053 2110 3111 \‘ens.
2149 3055 2308 3112 8-52.
2347 3075 2366 3107 ‹
2417 3053 2522 3112 Vos
2567 3065 2747 3111 autem
2797 3054 2964 3110 nolite
3014 3054 3196 3109 voeari
3245 3053 3465 3108 Rabbi:

1872 3165 2013 3204 unus
2065 3161 2152 3206 est
2199 3151 2342 3204 enim
2394 3150 2656 3221 magister
2698 3159 2900 3215 vester,
2958 3163 3151 3218 nempe
3189 3147 3467 3206 Christus.

1872 3252 2062 3294 Omnes
2115 3251 2301 3294 autem
2355 3255 2449 3293 vos
2490 3240 2690 3293 fratres
2737 3241 2890 3294 estis.
2947 3238 3008 3291 lit
3057 3250 3266 3309 patrem
3301 3239 3469 3293 noliti-

1874 3348 2070 3388 vocare
2107 3335 2259 3388 vobis
2291 3348 2457 3401 super
2501 3345 2742 3387 terram:
2792 3348 2933 3387 unus
2981 3343 3067 3387 est
3113 3334 3256 3388 enim
3307 3333 3472 3388 Ροιεϊ

1876 3438 2079 3488 ιθδιον,
2114 3426 2204 3494 qui
2258 3424 2312 3478 in
2359 3423 2512 3478 caelis
2556 3438 2660 3478 εει.
2701 3423 2810 3480 Nec
2848 3425 3117 3480 voccntini
3172 3425 3417 3495 magistri
3457 3445 3469 3480 :

1875 3531 2014 3569 unus
2042 3517 2186 3571 enim
2210 3526 2292 3570 est
2321 3517 2584 3586 magister
2609 3530 2815 3581 vester,
2853 3533 3046 3587 nempe
3071 3517 3349 3574 Christus.
3368 3517 3412 3584 Q
3439 3521 3471 3572 :i

1877 3607 2051 3677 major
2090 3617 2176 3662 est
2201 3619 2461 3671 vestrum,
2500 3610 2607 3663 erit
2634 3620 2814 3664 vester
2850 3610 3120 3665 minister.
3159 3609 3260 3677 Qui
3291 3622 3471 3664 autem

1875 3714 1934 3754 se
1963 3699 2311 3764 exaltarerit,
2348 3700 2765 3756 bumiliabitur:
2797 3710 2852 3755 et
2877 3703 2967 3770 qui
2997 3718 3056 3756 se
3080 3703 3474 3768 ltumiliarerit,

1876 3790 2233 3847 exaltabitur.
2268 3811 2286 3843 ι
2326 3791 2443 3847 Non
2487 3795 2744 3862 prohibet
2790 3794 3040 3849 Christus
3065 3797 3247 3851 vocari
3286 3813 3476 3866 quem-

1876 3881 2018 3951 piam
2056 3885 2402 3956 magistrum,
2438 3885 2532 3941 sed
2569 3894 2717 3940 tanta
2750 3885 3038 3943 allectinne
3074 3888 3212 3944 velle
3249 3891 3432 3942 vocari
3457 3932 3471 3953 ,

1875 3986 1931 4030 et
1963 3977 2220 4031 onmibus
2252 3978 2426 4032 modis
2460 3993 2657 4033 curare
2708 3988 2764 4033 ut
2816 3981 2888 4034 ita
2925 3991 3175 4035 vocetur.
3238 3984 3475 4038 Docendi

1877 4069 2023 4122 enim
2051 4069 2291 4136 dignitas
2321 4071 2540 4139 proprie
2569 4070 2738 4126 solius
2767 4079 2854 4126 est
2888 4071 3006 4126 Dei.
3040 4072 3260 4128 Patrem
3292 4085 3474 4129 autem

1880 4178 1950 4218 ne
1972 4166 2200 4230 vocetis,
2224 4164 2433 4232 dicens,
2462 4180 2567 4218 non
2587 4165 2843 4234 prohibet
2869 4165 3131 4221 honorem
3155 4168 3476 4237 parentibu<

1879 4256 2144 4320 debitum,
2169 4257 2295 4326 quia
2325 4257 2436 4311 vult
2466 4272 2566 4313 nos
2594 4258 2843 4312 venerari
2879 4269 3132 4329 parentes
3155 4270 3211 4315 et
3238 4264 3477 4318 maxime

1878 4350 2196 4420 spirituales
2243 4362 2450 4418 patres,
2507 4352 2601 4405 sed
2650 4351 2859 4405 inducit
2909 4363 2966 4405 ut
3015 4369 3205 4424 verum
3259 4353 3474 4408 Patrem

1879 4456 2260 4511 agnoscamus,
2315 4443 2417 4498 hoc
2447 4454 2554 4510 est,
2609 4443 2802 4499 Deum.
2859 4445 3004 4500 Deus
3059 4447 3206 4500 enim
3259 4449 3478 4516 proprie

174 4536 368 4603 ἐνάγει
392 4554 404 4567 ·
441 4536 646 4607 κυρίως
676 4536 785 4607 γάρ
819 4535 1006 4606 πατὴρ
1035 4539 1063 4588 ὁ
1093 4534 1248 4597 Θεός.
1277 4534 1414 4588 Οίδὲ
1440 4533 1764 4604 σωματικοὶ²

1878 4545 2035 4604 pater
2065 4545 2170 4590 est.
2213 4534 2477 4590 Carnales
2505 4537 2650 4589 cnim
2686 4553 2793 4591 non
2829 4547 2960 4592 sunt
2990 4550 3240 4593 auctores
3275 4542 3478 4594 nativi-

173 4628 276 4679 οὐκ
291 4626 463 4680 αἴτιοι
480 4628 574 4696 τῆς
602 4629 932 4698 γεννήσεως,
947 4626 1063 4680 ἀλλ’
1080 4627 1216 4679 ὑπου
1225 4629 1346 4698 ργο“ι
1367 4627 1463 4680 καὶ
1482 4626 1769 4680 συναίτιοι.

175 4720 460 4773 Δεικνύων
511 4720 566 4771 δὲ
597 4721 658 4771 τὸ
687 4720 878 4790 κέρδος
913 4719 1011 4790 τῆς
1040 4721 1570 4791 ταπεινοφροσύνης,
1608 4719 1774 4788 φησὶν

174 4813 283 4876 ὅτι,
316 4811 381 4865 '0
408 4813 612 4881 μείζων
639 4812 794 4880 ὑμῶν
816 4812 1020 4882 ὀφείλει
1051 4809 1190 4865 εἶναι
1224 4813 1377 4881 ὑμῶν
1407 4813 1652 4875 διάκονος
1683 4811 1778 4866 καὶ

177 4903 666 4972 ἔσχατος.¹“οςγὰρ
690 4903 896 4972 ὑψώσει
919 4903 1116 4956 ἑαυτὸν
1151 4904 1359 4972 οἰηθεὶς
1390 4898 1534 4954 εἷναί
1569 4920 1644 4967 τι,
1673 4918 1775 4955 τα·

180 4995 610 5064 πεινωθήσεται,
645 4995 1105 5063 ἐγκαταλειφθεὶς
1140 4995 1243 5046 ὑπὸ
1270 4994 1365 5046 τοῦ
1399 4993 1558 5047 Θεοῦ.

258 5107 276 5139 ι
307 5089 450 5140 Οὐαὶ
476 5088 530 5140 δὲ
557 5089 704 5156 ὑμῖν,
733 5089 1089 5158 Γραμματεῖς
1110 5090 1202 5140 καὶ
1225 5090 1514 5158 Φαρισαῖοι
1546 5088 1777 5159 ὐποκρι-

180 5182 296 5246 ταὶ,
331 5183 418 5234 ὅτι
455 5181 771 5233 κατεσθίετε
802 5182 898 5242 τὰς
921 5181 1099 5244 οἰκίας
1135 5182 1244 5233 τῶν
1273 5180 1483 5252 χηρῶν,
1516 5182 1610 5233 καὶ
1641 5197 1776 5251 προ-

182 5276 350 5340 φάσει
382 5278 573 5342 μακρά
605 5274 1060 5342 προσευχόμενοι,
1097 5273 1185 5327 διὰ
1218 5273 1379 5326 τοῦτο
1413 5273 1652 5345 λήψεσθε
1681 5291 1779 5326 πε-

186 5368 513 5436 ρισσότερον
560 5369 755 5435 κρῖμα.
791 5386 806 5416 ι
854 5367 1191 5438 ’Υποκριτὰς
1241 5369 1463 5431 τούτους
1497 5368 1672 5430 καλεῖ,
1703 5367 1780 5429 ὡς

183 5458 701 5528 ἐπαγγελλομένους
762 5459 1052 5512 εὐλάϐειαν
1109 5463 1201 5512 7.2".
1269 5461 1435 5530 μηδὲν
1489 5461 1777 5524 ποιοῦντας

183 5555 338 5619 ἄξιον
400 5553 502 5622 τῆς
559 5553 916 5619 ἐπαγγελίας,
944 5554 1079 5606 ἀλλὰ
1110 5557 1380 5624 προφάσει
1417 5555 1507 5606 τοῦ
1541 5555 1778 5625 προσεύ-

184 5647 381 5716 χεσθαι
417 5647 623 5716 μακρὰ,
655 5646 929 5698 τουτέστιν
969 5649 1059 5698 ἐπὶ
1097 5650 1263 5701 πολὺν
1324 5649 1537 5719 καιρὸν,
1577 5665 1708 5700 κατε
1725 5666 1777 5699 :-

187 5740 408 5800 (ἐῖοντοις
432 5740 500 5792 τὶι
530 5739 638 5790 τῶν
661 5739 842 5808 χηρῶν
867 5741 1143 5808 χρήματα.
1295 5740 1408 5793 ὄντι
1440 5743 1548 5811 γὰρ
1574 5742 1778 5810 ἐμπαῖ-

189 5846 318 5884 κται
370 5827 532 5903 ἦσαν,
591 5832 1003 5900 καταγελῶντες
1062 5834 1168 5886 τῶν
1219 5834 1609 5905 ,ἀπελουσέρων
1681 5833 1772 5887 καὶ

1884 4629 2028 4694 tatis,
2095 4629 2189 4683 sed
2242 4629 2548 4698 cooperarii
2607 4640 2665 4684 et
2721 4631 2980 4684 ministri.
3043 4631 3211 4686 l’orro
3268 4635 3475 4688 lucrum

1882 4721 2207 4776 humilitatis
2240 4721 2492 4776 indicans
2543 4722 2717 4776 dicit:
2753 4721 2855 4788 Qui
2890 4721 3062 4789 major
3093 4733 3176 4776 est
3211 4735 3477 4790 vestrum,

1883 4814 2043 4868 debet
2088 4827 2210 4868 esse
2259 4821 2442 4867 vester
2495 4812 2746 4866 minister
2798 4821 2853 4866 et
2907 4811 3154 4866 ultitnus.
3189 4812 3290 4878 Qui
3327 4814 3478 4868 enim

1885 4907 2209 4962 exaltarerit
2241 4907 2624 4976 semetipsum,
2672 4905 2878 4975 aliquid
2920 4919 2980 4960 se
3008 4919 3131 4961 esse
3163 4917 3336 4970 ratus,
3374 4906 3480 4960 hu-

1887 4998 2188 5052 miliabitur
2219 4997 2518 5053 derelictus
2547 5011 2576 5050 a
2612 4995 2744 5051 Deo.

1959 5089 2126 5144 Vsns.
2163 5090 2251 5147 Η.
2291 5108 2308 5141 ι
2350 5088 2442 5144 Vae
2467 5101 2645 5145 autem
2681 5091 2857 5155 vobis,
2891 5090 3099 5146 Scriba:
3126 5099 3182 5145 et
3215 5090 3479 5147 Pharis-.ci

1889 5183 2206 5253 hypocritze,
2269 5183 2393 5251 quia
2432 5183 2719 5238 comeditis
2765 5183 2958 5239 domos
3005 5184 3316 5248 viduarum,
3352 5186 3480 5239 dum

1887 5277 1989 5331 sub
2020 5285 2287 5344 praetextu
2327 5278 2581 5345 precibus
2628 5276 2855 5346 prolixis
2884 5277 3221 5347 precamini:
3256 5291 3484 5347 prorizer

1889 5368 1990 5422 hoc
2027 5370 2150 5439 plus
2189 5370 2469 5436 accipietis
2514 5369 2907 5423 damnationis.
2947 5388 2966 5421 ›
3009 5369 3336 5440 llypocritas
3386 5375 3483 5425 bos

1887 5472 2069 5528 vocat,
2125 5470 2182 5514 ιιι
2235 5464 2616 5530 promittentes
2667 5463 2948 5531 pietatem,
2978 5474 3033 5518 et
3068 5464 3200 5518 nihil
3236 5467 3474 5534 promi:—

1886 5556 2038 5610 si0ne
2062 5555 2285 5622 dignum
2321 5554 2586 5610 facientes
2614 5571 2626 5607 :
2661 5556 2756 5608 sed
2787 5565 3150 5624 praetexentes
3185 5574 3245 5612 se
3270 5561 3480 5625 precari

1888 5648 2130 5717 longum,
2176 5648 2278 5702 hoc
2309 5657 2416 5712 est,
2456 5648 2624 5703 multo
2658 5657 2936 5719 tempore,
2971 5652 3238 5705 devorant
3291 5653 3483 5705 vidua-

1888 5755 2008 5793 rum
2060 5739 2371 5795 facultates.
2417 5739 2495 5793 Re
2537 5750 2718 5795 autem
2769 5742 2883 5807 ipsa
2937 5742 3189 5798 illusorrs
3235 5756 3382 5807 sunt,
3422 5760 3483 5797 ac

1885 5832 2141 5890 derident
2193 5834 2577 5904 simpliciores,
2613 5845 2669 5890 et
2719 5847 2993 5905 castigant
3031 5851 3141 5892 eus.
3188 5859 3203 5888 ι
3244 5837 3307 5892 lit
3363 5838 3482 5907 ινξυε
