4080 6336
186 396 293 460 401
795 401 1246 462 ENARRATIO
1287 401 1368 462 IN
1408 402 1783 464 EVANGEL]

1885 403 1913 462 1
1954 400 2345 465 ΜΑΤΊἪᾸΞΙ.
2392 425 2458 438 -
2483 402 2645 464 CAP.
2679 402 2910 464 XXIII.
3371 401 3480 467 402

189 535 285 580 τος
306 559 321 580 ,
351 511 467 571 εἶτα
489 516 802 590 ὲπιὼρκησε
824 563 836 585 ,
866 520 1255 586 κατεδικάζετο
1280 521 1349 574 τά
1380 522 1470 575 ῖσα
1495 522 1771 578 ἅποτίσαι.

1885 519 2246 588 praeferebant
2289 529 2508 587 propter
2559 519 2860 574 hostiarum
2894 518 3064 577 lucra.
3093 517 3323 601 Quodosi
3354 520 3479 588 quis

193 611 270 663 Τὸ
313 611 420 681 γάρ
449 611 619 681 δῶρον
660 611 754 664 τοῦ
801 611 1187 683 θυσιαστηρίου
1247 614 1561 682 προετίμων
1586 612 1676 666 διὰ
1710 613 1778 666 τὰ

1887 627 1984 681 per
2005 611 2263 680 templum
2291 612 2479 678 juraus
2522 610 2843 679 peierasset,
2879 625 2984 664 non
3015 611 3233 679 potuiss:
3257 620 3276 664 t
3300 609 3481 664 simile

189 703 261 755 ἐκ
293 705 401 756 τῶν
442 703 644 757 θυσιῶν
693 704 879 776 κέρδη.
923 707 984 758 Et
1013 705 1072 758 δι
1117 705 1257 759 κατᾶ
1288 705 1382 758 τοῦ
1412 704 1542 758 ναοῦ
1572 705 1779 774 ὀμόσας

1887 702 2087 770 templo
2121 700 2414 766 aediﬁcare,
2445 710 2500 756 et
2543 709 2827 771 propterea
2871 700 3275 768 absolvebatur,
3322 700 3480 756 vide-

191 791 539 862 ἐπιώρκησεν
560 833 575 856 ,
623 796 745 845 ἐπεὶ
772 795 872 847 οὐκ
898 792 1130 864 ἠδύνατο
1162 795 1350 866 ὅμοιον
1390 795 1466 865 τῷ
1495 794 1608 863 ναῷ
1659 795 1778 848 κτί-

194 900 307 946 σαι,
338 883 426 936 διὰ
458 884 614 937 τοῦτο
646 886 911 940 ἀπελύετο
937 903 950 916 ·
994 887 1090 940 καὶ
1121 887 1295 941 ἐδόκει
1329 887 1512 941 λοιπὸν
1544 886 1777 957 ἐλαφρό-

192 992 351 1045 τερος
382 972 520 1030 εῖναι
547 979 574 1030 ὀ
595 979 755 1048 ὅρκος
785 980 812 1031 ό
843 981 922 1042 είς
953 979 1042 1032 τὸν
1067 981 1214 1045 ναὸν,
1249 981 1336 1033 οιὰ
1371 981 1433 1031 τὸ
1463 978 1776 1047 φιλοκερδὲς

192 1067 305 1117 τῶν
333 1068 642 1137 Φαρισαίων
667 1085 680 1100 ·
725 1070 820 1122 ἐπὶ
855 1069 954 1138 μὲν
983 1070 1075 1124 οὖν
1104 1071 1204 1140 τῆς
1239 1071 1498 1134 παλαιᾶς,
1535 1071 1597 1122 οὐ
1649 1086 1778 1136 συγ-

193 1161 365 1228 χωρεῖ
392 1161 418 1213 ὁ
457 1161 692 1229 Χριστὸς
735 1164 918 1231 μεῖζον
963 1159 1101 1216 εἶναι
1133 1163 1193 1216 τὸ
1230 1163 1403 1233 δῶρον
1457 1161 1550 1216 τοῦ
1589 1162 1780 1214 θυσια-

194 1249 444 1318 στηρίου,
503 1252 589 1322 ἔφ’
646 1253 804 1322 ἡμῶν
871 1247 1039 1308 δὲτὸ
1088 1255 1476 1326 θυσιαστήριον
1520 1254 1624 1307 ὑπὸ
1673 1251 1781 1305 τῶν

190 1339 386 1410 δώρων
427 1343 710 1412 ἁγιάζεται
755 1345 991 1414 μᾶλλον·
1042 1347 1123 1410 εἰς
1182 1347 1290 1417 γὰρ
1348 1346 1408 1398 τὸ
1440 1344 1777 1398 Δεσποτικδν

1884 796 2151 865 baturque
2207 805 2395 864 postea
2431 795 2598 851 levius
2648 796 3156 863 essejuramentum
3217 809 3311 860 per
3345 804 3482 848 tem-

1884 888 2054 956 plum,
2088 897 2312 956 propter
2357 886 2754 941 Pharisaeorum
2826 886 3128 942 avaritiam.
3185 886 3370 954 Itaque
3427 887 3481 940 in

1884 978 2055 1031 veteri
2112 992 2218 1031 non
2276 977 2544 1047 permittit
2595 976 2845 1031 Christus
2879 977 3078 1034 donum
3140 977 3321 1045 majus
3359 992 3482 1032 esse

1869 1069 2095 1126 altario.
2129 1068 2284 1138 Apud
2318 1085 2415 1125 nos
2441 1082 2621 1124 autem
2648 1069 2902 1124 altarium
2939 1086 2968 1124 a
3001 1070 3159 1124 donis
3195 1069 3366 1138 magis
3393 1083 3483 1121 sa-

1885 1170 2070 1214 cratur
2109 1178 2122 1214 :
2182 1176 2351 1231 panes
2394 1163 2538 1218 enim
2579 1162 2632 1216 in
2685 1164 3013 1218 dominicum
3055 1177 3253 1228 corpus
3300 1161 3481 1216 divina

1886 1252 2056 1319 gratia
2103 1263 2496 1309 convertuntur
2541 1273 2553 1308 :
2594 1254 2712 1310 ideo
2752 1263 2810 1309 et
2860 1254 3234 1309 sanctilicatur
3265 1251 3332 1306 ab
3399 1250 3484 1306 eis

1884 1343 2078 1400 altare.
3273 1347 3287 1356 ’

195 1437 360 1507 σῶμα
446 1442 579 1494 αὐτὸ
632 1442 807 1496 ἐκεῖνο
868 1443 1294 1514 μεταϐάλλονται
1352 1444 1472 1514 θείᾳ
1521 1442 1705 1514 χάριτι
1763 1440 1813 1492 οῖ
1855 1439 2046 1511 ἄρτοιο
2103 1445 2184 1496 διὸ
2273 1448 2366 1499 καὶ
2427 1446 2712 1515 ἁγιάζεται
2766 1447 2871 1499 ὑπὸ
2918 1444 3125 1499 τούτων
3177 1443 3236 1497 τὸ
3291 1443 3483 1496 θυσιαο

193 1547 295 1586 στη
307 1548 437 1586 οιον.

341 1550 437 1586 ιον.

263 1531 473 1678 Ἴρούαὶ
507 1625 654 1695 ὑμῖν,
701 1627 1052 1696 Γραμματεῖς
1098 1631 1190 1681 καὶ
1223 1629 1509 1700 Φαρισαῖοι
1551 1627 1783 1696 ὐποκρι-

1961 1620 2127 1676 Vaas.
2161 1622 2252 1686 25,
2294 1623 2382 1678 ει.
2426 1643 2443 1675 ι
2505 1624 2595 1679 Vae
2643 1626 2816 1689 vobis,
2872 1626 3079 1680 Scribte
3113 1636 3167 1678 et
3218 1607 3482 1680 Pharisaei

190 1717 283 1768 ταὶ
311 1755 325 1778 ,
371 1717 452 1768 ὅτι
496 1717 896 1771 ἀποδεκατοῦτε
939 1721 1001 1771 τὸ
1039 1719 1308 1790 ἡδύοσμον
1340 1723 1434 1772 καὶ
1470 1719 1532 1771 τὸ
1584 1719 1783 1786 ἄνηθον

1890 1714 2205 1783 hypocrita},
2231 1716 2356 1783 quia
2383 1716 2669 1772 decimatis
2708 1720 3006 1780 mentitam,
3039 1730 3092 1770 et
3115 1719 3396 1779 anethum,
3430 1729 3486 1772 et

192 1807 297 1877 xui,
328 1808 388 1860 τὸ
430 1809 654 1877 κύμινον
679 1847 692 1872 ,
727 1810 819 1862 καὶ
854 1812 1100 1882 ἀφήκατε
1147 1812 1214 1864 τά
1249 1811 1529 1882 βαρύτερα
1565 1812 1661 1863 τοῦ
1697 1811 1782 1864 νόο

1887 1806 2183 1875 cyminum,
2222 1817 2276 1861 et
2321 1806 2620 1876 reliquistis
2667 1824 2785 1878 quae
2827 1812 3076 1878 graviora
3119 1819 3246 1865 sunt
3321 1811 3481 1880 legis,

193 1917 325 1968 μου,
354 1900 451 1969 τὴν
476 1901 656 1972 κρίσιν
688 1903 782 1955 καὶ
802 1901 892 1956 τὸν
922 1904 1072 1957 ἔλεον
1104 1905 1198 1956 καὶ
1222 1904 1321 1973 τὴν
1354 1904 1555 1956 πίστιν.
1588 1903 1779 1956 Ταῦτα

1885 1895 2142 1964 judicium
2178 1915 2239 1952 ac
2270 1900 2699 1954 misericordiam
2730 1910 2786 1955 et
2824 1899 3004 1955 fidem.
3046 1900 3170 1957 Haec
3195 1901 3482 1970 oportebat

187 1993 299 2045 ἔδει
333 1993 588 2060 ποιῆσαι,
643 1995 870 2048 κάκεῖνα
910 1995 986 2066 μὴ
1028 1996 1249 2065 ἀφιέναι
1277 2010 1289 2025 ’
1333 1996 1520 2066 ὁδηγοὶ
1553 1996 1776 2064 τυφλοὶ,

189 2087 243 2138 οί
281 2085 611 2150 διυλίζοντες
652 2087 742 2139 τὸν
783 2089 1018 2141 κώνωπα
1047 2129 1062 2151 ,
1096 2087 1192 2157 τὴν
1223 2088 1279 2142 δὲ
1323 2089 1569 2160 κάμηλον
1605 2105 1780 2142 κατα·

195 2177 467 2239 πίνοντες.
525 2197 544 2229 ι
602 2178 771 2232 Πάλιν
816 2179 1064 2243 ὀνειδίζει
1117 2181 1315 2242 αὐτοὺς
1357 2179 1432 2241 ὡς
1480 2180 1778 2250 ἀνοήτους,

188 2267 325 2319 διότι
351 2269 458 2320 τῶν
487 2268 750 2336 μειζόνων
783 2269 1015 2323 ἐντολῶν
1050 2269 1539 2339 καταφρονοῦντες,
1575 2271 1632 2322 ὲν
1669 2270 1782 2332 τοῖς

193 2362 417 2428 μικροῖς
456 2360 682 2431 ἐζήτουν
715 2363 813 2430 τὴν
843 2362 1129 2432 ἀκρίϐειαν
1153 2379 1164 2391 ·
1207 2363 1330 2416 οὐδὲ
1358 2363 1456 2433 τὴν
1488 2361 1582 2415 τοῦ
1612 2361 1782 2430 κυμί-

191 2469 286 2504 νου
335 2451 633 2507 δεκάτωσιν
669 2454 1020 2528 παρορῶντες
1043 2496 1057 2521 ,
1089 2455 1225 2511 ἀλλά
1258 2457 1479 2510 κάκεῖνο
1513 2455 1783 2510 ἀποδεκα-

189 2543 411 2607 τυῦντες
438 2562 451 2575 ο
490 2546 681 2609 καὶ,εῖ
709 2564 790 2610 τις
831 2548 1031 2611 αὐτοὺς
1061 2549 1455 2620 κατεμέμψατο
1479 2549 1554 2612 ὡς
1591 2567 1782 2620 μικροο

191 2635 405 2702 λόγους,
438 2636 740 2707 προέφερον
770 2639 851 2690 ὅτι
885 2641 912 2691 ὀ
942 2639 1107 2710 νόμος
1137 2639 1295 2693 τοῦτο
1317 2640 1484 2708 λέγει.
1518 2641 1781 2710 Κρεῖττον

186 2728 246 2778 δὲ
281 2722 347 2797 ἦν
384 2729 478 2781 καὶ
502 2729 946 2800 θεαρεστότερον,
978 2733 1024 2782 εἱ
1057 2731 1156 2800 τὴν
1182 2730 1365 2800 κρίσιν
1391 2731 1600 2784 καὶιτὸν
1632 2733 1784 2785 ἔλεον

191 2820 286 2892 καὶ
321 2819 420 2887 τὴν
447 2819 633 2872 πίστιν
663 2821 904 2891 ἀπῄτουν
932 2821 1084 2892 παρὰ
1108 2821 1202 2875 τοῦ
1235 2821 1387 2876 λαοῦ.
1424 2824 1518 2886 Τίς
1552 2823 1608 2876 δέ
1632 2826 1782 2877 ἐστιν

193 2911 230 2977 ἠ
263 2909 481 2978 κρίσις;
523 2909 597 2964 Τὸ
629 2910 796 2980 μηδὲν
818 2913 1005 2966 ἄδικον
1045 2915 1139 2965 καὶ
1169 2913 1364 2982 ἄλογον
1393 2915 1599 2975 ποιεῖν,
1645 2914 1783 2968 ἀλλά

191 3001 376 3054 πάντα
410 3004 752 3073 κεκριμένως
792 3005 886 3056 atati.
934 3005 1074 3074 μετὰ
1107 3005 1289 3074 λόγου.
1338 3007 1547 3062 Αὐτίκα
1574 3008 1682 3079 γὰρ
1714 3010 1779 3078 τῇ

193 3094 374 3166 κρίσει
400 3095 590 3150 ἕπεται
620 3097 714 3149 καὶ
740 3099 766 3148 ὀ
796 3097 965 3161 ἔλεος.
1001 3099 1058 3151 Ὀ
1092 3100 1202 3169 γὰρ
1233 3100 1576 3171 κεκριμένως
1614 3103 1782 3156 ποιῶν

190 3184 376 3236 πάντα
400 3223 414 3246 ,
456 3179 564 3239 οἶδε
592 3186 685 3239 καὶ
719 3187 871 3248 τίνας
911 3188 993 3240 δεῖ
1028 3167 1200 3266 ἐλεεῖν
1223 3205 1235 3220 θ
1269 3167 1350 3259 τῶ
1380 3167 1436 3244 δὲ
1487 3191 1621 3262 ἐλέῳ
1647 3194 1778 3246 ἕπε·
1808 3167 1852 3226 C

190 3294 285 3330 ται
327 3279 359 3348 ὴ
402 3278 606 3342 πίστις,
675 3279 749 3331 ⁸0-
786 3279 895 3348 γὰρ
939 3279 1108 3332 ἐλεῶν
1144 3281 1393 3334 πιστεύει
1431 3283 1650 3345 πάντως
1699 3283 1782 3336 ὅτι

191 3371 346 3423 οὐδὲν
377 3370 666 3436 ἀπολέσει,
702 3371 836 3424 ἀλλὰ
878 3372 1058 3426 πάντα
1091 3371 1321 3444 λήψεται
1343 3391 1356 3403 ο
1385 3374 1560 3437 ἄλλως
1589 3392 1669 3437 τε,
1701 3375 1783 3428 δεῖ

190 3463 405 3529 ἐλεεῖν,
455 3463 594 3518 ἀλλά
645 3467 737 3518 καὶ
792 3464 1071 3518 πιστεύειν
1121 3465 1242 3538 Θεῴ
1285 3465 1549 3537 ἀληθινῷ.
1589 3469 1781 3522 Πολλοὶ

190 3555 304 3625 γὰρ
329 3554 440 3610 τῶν
491 3555 758 3627 Ἑλλήνων
794 3556 944 3610 ἔλεον
972 3558 1070 3626 μὲν
1099 3553 1268 3629 εἶχον,
1327 3559 1403 3630 μὴ
1431 3561 1780 3627 πιστεύοντες

188 3649 252 3701 δὲ
283 3651 363 3711 είς
393 3649 486 3702 τὸν
513 3646 690 3712 ζῶντα
721 3650 876 3712 Θεὸν,
925 3652 1025 3703 οὑκ
1058 3647 1204 3720 εἶχον
1233 3651 1312 3723 τῷ
1335 3652 1470 3723 ἐλέῳ
1509 3653 1783 3723 ἑπομένην

191 3740 297 3809 τὴν
339 3741 544 3793 πίστιν.
582 3742 674 3792 Δεῖ
705 3739 797 3793 οὖν
836 3741 1067 3795 ῑκαστον
1097 3742 1206 3794 τῶν
1253 3741 1594 3796 διδασκάλων
1643 3744 1782 3796 ἀπο·

190 3831 460 3887 δεκατοῦν
485 3833 594 3886 ἀπὸ
628 3833 719 3886 τοῦ
755 3833 889 3887 λαοῦ
935 3833 1100 3886 αὑτοῦ
1122 3873 1135 3899 ,
1180 3835 1460 3889 τουτέστιν
1481 3877 1496 3900 ,
1529 3838 1782 3891 ἀπαιτεῖν

190 3924 311 3979 ἀπὸ
333 3923 444 3977 τῶν
476 3924 608 3978 δέκα
635 3925 963 3995 αἰσθήσεων,
991 3926 1102 3978 τῶν
1129 3926 1286 3979 πέντε
1323 3927 1655 3996 σωματικῶν
1687 3928 1806 3982 και

190 4018 311 4072 τῶν
350 4019 510 4072 πέντε
557 4017 840 4088 ψυχικῶν,
881 4017 980 4088 τὴν
1011 4019 1194 4088 κρίσιν
1225 4019 1320 4072 καὶ
1365 4019 1458 4072 τὸν
1505 4020 1654 4074 ἔλεον
1688 4023 1782 4075 καὶ

190 4110 298 4174 τὴν
325 4109 523 4163 πίστιν·
549 4108 607 4162 τὸ
626 4110 704 4174 δὲ,
731 4108 913 4182 Ταῦτα
935 4108 1040 4162 ἔδει
1065 4111 1308 4180 ποιῆσαι,
1331 4105 1486 4163 εἶπεν
1507 4111 1535 4161 ὀ
1557 4112 1778 4181 Κύριος,

190 4203 260 4257 οὐ
295 4201 736 4272 προτρεπόμενος
776 4202 872 4256 ἐπὶ
915 4204 978 4255 τὸ
1018 4202 1389 4256 ἀποδεκατοῦν
1431 4207 1497 4257 τὰ
1530 4204 1776 4272 λάχανα,

189 4295 313 4350 ἀλλ’
355 4295 442 4348 ἵνα
494 4293 570 4365 μὴ
618 4293 743 4366 δόξῃ
801 4294 1238 4364 ἀντινομοθετεῖν
1279 4295 1416 4358 τέως
1449 4296 1528 4367 τῷ
1569 4297 1780 4353 Μωσεί.

201 4386 472 4458 Ὀδηγοὺς
494 4387 549 4440 δὲ
579 4387 810 4460 τυφλοὺς
840 4387 1037 4451 αὐτοὺς
1069 4387 1325 4457 ὀνομάζει
1348 4428 1361 4447 .
1385 4389 1519 4442 διότι
1548 4389 1779 4459 ablativ-

188 4498 289 4543 τες
327 4481 597 4534 διδάσκειν
631 4483 725 4535 καὶ
777 4481 956 4534 πάντα
992 4481 1221 4544 εἰδέναι,
1265 4481 1458 4534 οὐδένα
1495 4481 1774 4551 ὠφέλουν,
1809 4504 1856 4564 ο

189 4573 336 4628 ἀ).λά
394 4574 487 4627 καὶ
542 4572 741 4644 μᾶλλον
796 4573 1006 4636 πάντας
1059 4572 1400 4640 διέφθειρον,
1453 4575 1534 4636 είς
1587 4573 1780 4646 βόθρον

193 4665 482 4736 ῥίπτοντες
506 4664 786 4729 ἀπιστίας.
812 4665 915 4718 Τὸν
944 4665 1182 4718 κώνωπα
1211 4665 1268 4716 δὲ
1295 4664 1631 4730 διυλίζοντας
1654 4668 1780 4722 τού-

187 4773 323 4819 τους
359 4757 647 4827 ὀνομάζει,
679 4757 756 4821 ὡς
802 4757 869 4811 τὰ
915 4755 1012 4826 μὲν
1045 4757 1218 4827 μικρά
1255 4758 1634 4828 ἁμαρτήματα
1672 4777 1778 4816 πα-

192 4848 727 4919 ραφυλαττομένους,
759 4848 861 4918 τὴν
885 4848 942 4902 δὲ
970 4848 1236 4920 κάμηλον,
1271 4849 1390 4920 ἦτοι
1425 4851 1492 4906 τὰ
1540 4853 1775 4922 μεγάλα,

189 4941 601 5004 καταπίνοντας
635 4940 732 4995 καὶ
767 4941 1148 5011 παρορῶντας.

272 5058 292 5091 ε
331 5038 466 5092 Οὐαὶ
489 5037 638 5108 ὑμῖν,
667 5037 1020 5109 Γραμματεῖς
1041 5039 1134 5092 καὶ
1154 5039 1439 5108 Φαρισαῖοι
1466 5042 1778 5114 ὑποκριταὶ,

181 5132 274 5202 δτι
309 5129 634 5200 καθαρίζετε
656 5129 930 5194 τδῐξωθεν
957 5129 1050 5184 τοῦ
1085 5132 1348 5200 ποτηρίου
1376 5133 1467 5186 καὶ
1497 5133 1598 5204 τῆς
1629 5152 1776 5208 παρ.

190 5220 410 5289 cum,
448 5220 652 5274 ἔσωθεν
692 5220 760 5290 δὲ.
797 5221 1061 5291 γέμουσιν
1108 5222 1167 5288 ἒξ
1222 5223 1480 5293 ἁρπαγῆς
1530 5226 1625 5278 καὶ
1662 5227 1779 5281 ἀδι..

193 5315 343 5377 κίας.
383 5314 644 5383 Φαρισαῖε
691 5312 889 5381 τυφλδ,
928 5313 1226 5384 καθάρισον
1279 5315 1496 5385 πρῶτον
1525 5317 1586 5371 τὸ
1627 5319 1779 5384 ἐντὸς

189 5395 285 5459 τοῦ
318 5406 581 5477 ποτηρίου
611 5406 706 5460 καὶ
735 5407 832 5478 τῆς
871 5405 1186 5479 παροψίδος,
1226 5408 1311 5461 ῖνα
1345 5415 1568 5481 γένηται
1596 5411 1690 5464 καὶ
1720 5411 1780 5464 τὸ

193 5496 352 5559 ἐκτὸς
385 5496 566 5551 αὐτῶν
604 5496 865 5568 καθαρόν.
908 5517 927 5550 ι
975 5499 1087 5562 Τὰς
1129 5499 1460 5570 παραδόσεις
1503 5499 1613 5553 τῶν
1641 5517 1779 5572 πρε-

196 5588 474 5658 σδυτὲρων
516 5589 875 5660 κρατοῦντες,
912 5590 1142 5644 ἔπλυνον
1171 5591 1242 5644 τά
1272 5593 1508 5663 ποτήρια
1542 5593 1638 5647 καὶ
1679 5594 1779 5657 τὰς

195 5681 522 5752 παροψίδας,
565 5682 833 5746 τουτέστι,
879 5685 1006 5748 τοὺς
1062 5683 1296 5747 πίνακας
1341 5685 1400 5738 εν
1431 5681 1514 5748 οἷς
1557 5687 1626 5738 τὰ
1672 5683 1781 5756 δψα

191 5770 471 5825 τίθενται’
504 5771 564 5838 ἐξ
596 5773 848 5843 ἁρπαγῆς
879 5775 936 5828 δὲ
960 5774 1144 5831 ἔπινον
1176 5771 1349 5842 οἶνον,
1384 5778 1478 5830 καὶ
1507 5777 1782 5848 ἐδέσματα

195 5864 403 5935 ﬁcium,
425 5863 458 5918 ξι
475 5867 732 5936 ἐμόλυνον
755 5867 955 5938 μᾶλλον
971 5869 1126 5925 αὐτὰ.
1155 5869 1246 5940 Μὴ
1269 5869 1442 5941 κτήσῃ
1460 5865 1576 5937 οὖν,
1595 5869 1782 5941 φησὶν.

1887 1987 2086 2050 facere,
2119 1999 2173 2043 et
2204 1989 2289 2043 illa
2327 2005 2434 2044 non
2464 1990 2736 2045 omittere.
2787 1991 2959 2046 Duces
2992 1991 3142 2056 caeci,
3171 1991 3484 2050 excolaotes

1884 2078 2133 2145 calicem,
2187 2082 2454 2136 camelum
2510 2090 2688 2136 autem
2735 2083 3048 2151 glutientes.
3088 2102 3107 2135 ι
3148 2083 3348 2140 lterum
3380 2084 3484 2139 ob-

1883 2171 2069 2241 jurgat
2141 2187 2236 2226 eos
2291 2182 2348 2227 ut
2400 2173 2738 2244 insipientes,
2771 2190 2833 2229 eo
2876 2175 3020 2243 quod
3066 2187 3482 2244 contemnentes

1889 2269 2144 2320 mandata
2182 2267 2414 2336 majora,
2448 2267 2500 2321 in
2531 2267 2713 2337 parvis
2751 2267 3040 2337 diligentes
3078 2279 3254 2335 erant,
3303 2279 3482 2340 et-cy-

1886 2358 2016 2411 mini
2061 2358 2475 2413 decimationem
2508 2353 2614 2414 non
2649 2359 3012 2431 negligebant,
3063 2361 3158 2416 sed
3189 2362 3317 2416 illud
3353 2376 3488 2431 quo-

1885 2461 1988 2515 que
2014 2447 2376 2502 decimabant.
2405 2448 2471 2504 Et
2501 2449 2544 2504 si
2569 2449 2690 2518 quis
2714 2451 3152 2519 reprehendisset
3181 2461 3237 2506 ut
3263 2467 3484 2521 parcos,

1886 2537 2254 2606 pratexebant
2281 2540 2452 2610 legem
2486 2541 2586 2595 hoc
2614 2542 2831 2596 docere.
2852 2541 3047 2597 Melius
3081 2551 3258 2597 autem
3291 2542 3484 2598 fuisset

1885 2643 1950 2682 ac
1989 2628 2147 2700 123
2179 2627 2287 2683 Deo
2313 2631 2542 2700 gratius,
2581 2631 2626 2686 si
2659 2630 2924 2701 judicium
2956 2641 3008 2686 et
3043 2631 3477 2687 misericordiam

1884 2730 1938 2774 et
1972 2721 2127 2775 [idem
2157 2723 2490 2790 expulissent
2527 2737 2556 2776 a
2591 2722 2806 2792 populo.
2841 2722 2981 2790 Quid
3016 2735 3198 2779 autem
3231 2724 3484 2791 estjudi-

1885 2811 2071 2865 cium?
2099 2811 2244 2865 Nihil
2268 2815 2526 2879 injustum
2555 2815 2925 2868 etabsurdum
2949 2814 3152 2880 facere,
3182 2815 3276 2871 sed
3297 2817 3479 2872 omnia
3528 2835 3538 2839 ί

1885 2919 2006 2958 cum
2038 2902 2243 2971 judicio
2274 2914 2326 2956 et
2351 2905 2582 2960 ratione.
2609 2905 2804 2961 Statim
2837 2907 2981 2962 enim
3000 2906 3266 2978 judicium
3292 2911 3480 2978 sequi-

1888 3005 1974 3050 tur
2007 3007 2060 3050 et
2093 2997 2487 3054 misericordia.
2522 2998 2625 3065 Qui
2661 3002 2805 3054 enim
2841 3000 3077 3055 discrete
3115 2997 3248 3055 facit
3272 3003 3478 3067 omnia,

1887 3089 1986 3143 scit
2013 3100 2067 3142 et
2091 3091 2452 3159 quosdebeat
2493 3093 2779 3148 misereri:
2823 3093 3254 3149 misericordiam
3299 3102 3478 3151 autem

1886 3183 2131 3249 sequitur
2178 3181 2328 3235 ﬁdes.
2367 3182 2471 3248 Qui
2502 3185 2645 3239 enim
2698 3186 3007 3251 miseretur,
3050 3187 3225 3242 credit
3251 3190 3478 3244 omnino

1887 3275 2030 3341 quod
2065 3273 2195 3327 nihil
2230 3275 2442 3343 perdat,
2477 3271 2571 3331 sed
2618 3278 2804 3331 omnia
2844 3279 3101 3348 accipiat.
3163 3281 3252 3333 Vel
3291 3281 3478 3345 aliter,

1886 3374 2099 3435 oportet
2140 3366 2410 3430 misereri,
2447 3377 2502 3422 et
2551 3371 2775 3423 credere
2807 3370 2916 3425 Deo
2949 3385 3097 3426 vero.
3138 3371 3286 3427 Multi
3332 3375 3478 3428 enim

1886 3473 2216 3526 paganorum
2266 3460 2653 3515 misericordes
2682 3461 2902 3530 quidem
2939 3463 3179 3530 fuerunt,
3215 3481 3320 3520 non
3360 3483 3481 3522 cre-

1887 3551 2076 3604 dentes
2108 3562 2286 3606 aulem
2319 3554 2370 3607 in
2418 3554 2587 3608 Deum
2621 3554 2824 3619 vivum,
2854 3573 2960 3610 non
2983 3557 3291 3614 habuerunt
3317 3562 3484 3616 mise-

1888 3646 2132 3701 ricordia:
2157 3650 2411 3702 comitem
2441 3647 2623 3704 ﬁdem.
2645 3648 2872 3718 Oportet
2898 3659 3085 3704 autem
3115 3667 3480 3723 unumquem-

1884 3755 1989 3811 que
2008 3741 2291 3795 doctorum
2320 3740 2593 3796 decimare
2609 3757 2637 3794 a
2658 3742 2857 3812 populo
2881 3758 3000 3808 suo,
3037 3743 3138 3798 hoc
3160 3756 3265 3810 est,
3295 3755 3484 3817 petere

1885 3849 1915 3889 a
1947 3834 2131 3888 decem
2164 3834 2437 3899 sensibus,
2471 3834 2574 3889 hoc
2608 3843 2711 3899 est,
2745 3849 2773 3888 a
2801 3835 3048 3905 quinque
3078 3839 3479 3906 corporalibus,

1884 3934 1941 3979 ct
1969 3927 2209 3995 quinque
2238 3925 2585 3988 animalibus,
2613 3926 2905 3998 judicium,
2963 3930 3395 3988 misericordiam
3426 3945 3483 3990 et

1887 4016 2068 4071 (idem.
2098 4014 2221 4071 Haec
2260 4018 2478 4087 quidem
2501 4018 2788 4089 oportebat
2816 4018 3021 4086 facere,
3045 4021 3177 4075 dicit
3209 4020 3481 4085 Christus,

1886 4121 1993 4161 non
2014 4108 2310 4162 adhortans
2333 4110 2397 4162 ad
2419 4109 2798 4164 decimandum
2826 4110 3044 4178 herbas,
3065 4113 3158 4166 sed
3187 4127 3255 4167 ne
3273 4113 3481 4168 videre-

1888 4206 1975 4249 tur
1993 4207 2118 4251 tunc
2140 4199 2448 4253 contrarius
2465 4197 2652 4269 Moysi.
2676 4198 2851 4255 Duces
2877 4198 3057 4256 autem
3078 4217 3250 4257 caseos
3272 4219 3368 4260 eos
3390 4223 3482 4258 no-

1887 4289 2079 4353 minat,
2106 4302 2170 4342 eo
2187 4290 2329 4360 quod
2349 4289 2720 4358 gloriabantur
2738 4306 2796 4347 se
2821 4293 3000 4347 omnia
3024 4296 3164 4350 scire
3183 4303 3237 4352 et
3259 4298 3479 4364 docere,

1887 4382 2130 4452 nullique
2159 4382 2478 4450 proderant,
2517 4384 2610 4438 sed
2637 4399 2826 4440 omnes
2851 4386 3028 4454 potius
3054 4391 3480 4458 corrumpebant

1889 4473 1943 4526 in
1999 4472 2318 4527 barathrum
2396 4472 2734 4529 infidelitatis
2795 4474 3166 4544 projicientes.
3237 4479 3476 4533 Culicem

1889 4574 2069 4618 autem
2091 4565 2408 4620 excolantes
2430 4581 2523 4620 eos
2551 4567 2817 4630 nominat,
2848 4576 2906 4621 ut
2928 4582 3089 4637 parva
3127 4580 3344 4638 peccata
3380 4573 3478 4626 ob-

1888 4668 2171 4714 servantes
2193 4698 2208 4721 ,
2245 4658 2512 4713 camelum
2550 4666 2751 4725 autent,
2804 4661 2907 4717 hoc
2941 4670 3043 4728 est,
3078 4677 3270 4734 magna
3300 4662 3481 4736 deglu.

1891 4750 2086 4806 ﬁentes
2115 4759 2168 4804 et
2203 4750 2582 4821 despicientes.

1961 5040 2130 5096 Vens.
2170 5037 2262 5102 25,
2297 5035 2390 5093 26.
2429 5055 2448 5089 ι
2482 5034 2576 5092 Vae
2639 5036 2814 5104 vobis,
2866 5036 3071 5094 Scribat
3125 5048 3178 5094 et
3213 5038 3476 5100 Plurimi

1885 5131 2204 5209 hypocrita,
2232 5131 2360 5202 quia
2399 5128 2643 5200 purgatis
2690 5131 3018 5186 exteriorem
3041 5132 3215 5201 poculi
3251 5136 3476 5202 patinae-

1884 5242 1990 5298 que
2034 5228 2270 5296 partem,
2308 5233 2563 5279 cmterum
2605 5222 2752 5278 intus
2799 5223 2954 5291 plena
3006 5235 3132 5278 sunt
3191 5228 3378 5296 rapina
3420 5240 3476 5284 et

1883 5316 2327 5389 intemperantia.
2350 5315 2622 5371 Pltarisaae
2649 5331 2813 5381 careo,
2840 5332 3006 5387 purga
3040 5317 3190 5387 prius
3215 5320 3358 5388 quod
3393 5334 3476 5376 est

1883 5410 2023 5465 intra
2057 5408 2308 5479 poculum
2339 5417 2402 5461 et
2439 5407 2703 5476 patinam,
2739 5415 2796 5460 ut
2844 5420 2900 5462 et
2947 5409 3245 5463 exteriores
3281 5410 3474 5464 hormn

1887 5512 2072 5573 partes
2098 5517 2247 5570 purae
2283 5502 2605 5556 reddantur.
2648 5517 2666 5552 ι
2701 5499 2802 5563 Qui
2842 5501 3165 5555 traditiones
3192 5504 3469 5557 seniorum

1888 5595 2279 5658 observabant,
2340 5593 2600 5648 lavabant
2657 5593 2854 5648 calices
2887 5602 2943 5648 et
2992 5595 3329 5664 paropsides,
3373 5595 3478 5649 hoc

1888 5696 1971 5741 est
2023 5687 2257 5755 patinas,
2289 5687 2341 5740 in
2371 5686 2569 5754 quibus
2599 5686 2823 5755 opsonia
2852 5695 3161 5756 ponuntur:
3192 5702 3256 5740 ex
3285 5688 3471 5755 rapina

1890 5788 2069 5834 autem
2112 5778 2370 5834 bibebant
2411 5778 2615 5845 vinum,
2668 5787 2721 5833 et
2755 5779 3109 5834 comedebant
3159 5777 3312 5832 cibos
3380 5782 3472 5848 qui

1893 5867 2063 5938 magis
2088 5867 2536 5939 eoinquinabant.
2575 5866 2714 5923 Dicit
2751 5865 2944 5938 igitur:
2975 5864 3049 5921 Nc
3071 5862 3468 5935 possideaser
