4080 6336
671 394 776 462 403

1513 389 2084 453 THEOPHYLACTI
2123 387 2534 450 BULGAllle
2571 389 2924 451 ARCIIIEP.

3799 382 3896 447 404

671 532 796 569 nmo
833 514 1028 584 injuste
1056 521 1284 586 partum,
1337 518 1390 566 et
1441 512 1669 566 mundus
1702 511 1861 564 ctiam
1914 509 2054 564 intus
2089 509 2222 565 calix

2331 506 2471 565 οἶνον
2513 508 2572 573 ἐξ
2603 509 2845 574 ἀδικίας,
2874 508 2968 561 καὶ
3012 505 3219 575 γίνεται
3253 502 3440 559 λοιπὸν
3479 503 3542 559 τδ
3573 502 3781 558 ἔσωθεν
3807 502 3891 556 to}

672 608 798 660 erit.
852 606 946 660 Vel
980 621 1082 660 non
1111 605 1176 660 de
1214 604 1472 659 calicibus
1505 612 1558 657 et
1592 602 1788 670 patinis
1841 601 1990 666 dicit,
2045 603 2138 656 sed
2164 603 2230 656 de

672 705 892 749 externa
921 705 974 749 et
1013 695 1278 765 corporali
1303 694 1633 756 habitudine,
1661 705 1713 746 et
1749 694 1956 748 interna
1989 703 2042 747 et
2067 693 2228 758 Spiri-

673 788 822 841 tuali.
856 785 934 839 Tu
968 787 1133 850 enim,
1167 787 1359 856 inquit,
1391 785 1684 839 exteriores
1714 784 1886 854 poculi
1908 795 2106 853 partes,
2129 784 2230 837 hoc

669 889 749 932 est
789 859 1128 934 ’exteriorem
1179 888 1320 933 tuam
1371 879 1757 944 habitudinem,
1789 877 1970 940 tricas,
2007 887 2062 929 ut
2122 875 2231 931 ele-

668 969 945 1034 gantiores
978 971 1083 1023 sint
1111 986 1123 1022 :
1154 970 1294 1022 intus
1330 979 1505 1022 autem
1544 979 1593 1021 te
1621 970 1809 1036 imples
1827 970 2096 1031 sordibus,
2125 969 2228 1022 hoc

668 1068 772 1124 cst,
823 1060 1024 1127 rapinis
1047 1068 1099 1113 et
1134 1059 1326 1128 injuria
1360 1060 1492 1114 alios
1544 1059 1728 1116 aiiicis.
1779 1057 2003 1129 Oportet
2045 1069 2224 1119 autem

669 1161 719 1202 te
751 1152 892 1204 intus
914 1152 1103 1216 lavari,
1136 1152 1236 1207 hoc
1276 1163 1359 1208 est
1382 1155 1432 1207 iu
1461 1154 1661 1215 anima,
1690 1163 1745 1206 ul
1778 1153 2006 1220 puritate
2035 1153 2226 1206 animat

667 1242 1045 1297 cohonestetur
1073 1252 1126 1298 et
1149 1246 1380 1298 exterior
1417 1243 1663 1314 dignitas.

739 1414 900 1471 Vens.
924 1417 1012 1482 27,
1044 1418 1131 1473 98.
1169 1438 1186 1470 ι
1225 1418 1310 1472 γε
1340 1422 1510 1484 vobis,
1544 1420 1744 1475 Scriba:
1770 1431 1822 1475 et
1843 1421 2097 1477 Pharisaei
2127 1424 2224 1494 hy-

662 1510 906 1577 pocritre,
940 1511 1059 1577 quia
1096 1511 1299 1566 similes
1333 1513 1462 1566 estis
1491 1514 1749 1581 sepulcris
1789 1514 2070 1576 dealbatis,
2107 1530 2224 1582 quae

667 1599 798 1654 t‘oris
827 1601 1042 1669 quidem
1078 1612 1339 1672 apparent
1362 1605 1629 1672 speciosa,
1678 1606 1822 1660 intus
1848 1616 2024 1660 autem
2067 1606 2221 1676 plena

665 1700 790 1744 sunt
848 1694 1061 1748 ossibus
1116 1704 1446 1748 mortuorum
1495 1696 1750 1764 omnique
1790 1699 2041 1766 spurcitia
2082 1717 2094 1750 :
2146 1699 2225 1751 sic

665 1789 717 1834 et
747 1796 838 1836 vos
874 1781 1004 1837 foris
1033 1783 1244 1852 quidem
1266 1786 1532 1853 apparetis
1557 1787 1862 1841 hominibus
1892 1789 2042 1858 justi,
2080 1790 2224 1843 intus

663 1883 841 1927 autem
882 1876 1024 1944 pleni
1071 1875 1199 1932 estis
1242 1877 1456 1931 ﬁctione
1504 1889 1557 1932 et
1597 1879 1905 1948 iniquitate.
1947 1899 1966 1932 ι
2009 1883 2073 1935 Ει
2111 1883 2224 1936 haec
2258 1853 2296 1906 Β

661 1965 920 2033 parabola
951 1967 1202 2022 similiter
1230 1969 1541 2038 intelligitur
1576 1981 1630 2023 ut
1659 1972 1986 2040 prmccdens.
2019 1973 2225 2029 Dabant

661 2057 804 2111 enim
829 2071 1044 2126 operam
1077 2068 1134 2112 ut
1162 2061 1416 2114 exteriori
1438 2060 1746 2116 habitudine
1780 2063 1958 2116 decori
1983 2064 2223 2120 videren-

663 2160 770 2210 tur,
798 2151 939 2204 sicut
963 2150 1208 2220 sepulcra
1246 2153 1510 2217 dealbata,
1556 2155 1606 2208 id
1635 2163 1716 2209 est
1743 2170 1909 2225 gypso
1930 2168 1986 2210 et
2007 2158 2234 2211 ashesto-

661 2239 931 2306 dealbata,
969 2242 1110 2297 intus
1140 2253 1316 2298 autem
1347 2245 1494 2300 enini
1524 2255 1577 2299 et
1604 2254 1934 2301 mortuorum
1966 2259 2019 2302 et
2053 2249 2224 2319 putri-

661 2328 852 2385 dorum
883 2344 1102 2399 operum
1134 2331 1472 2389 immunditia
1503 2346 1657 2390 erant
1683 2337 1846 2405 pleni.

734 2505 899 2561 Vens.
921 2508 1116 2563 29-51.
1150 2528 1167 2561 ι
1197 2508 1287 2563 Vae
1319 2512 1488 2576 vobis,
1522 2511 1724 2569 Scriba:
1745 2526 1798 2569 et
1830 2513 2085 2570 Pharisaai
2123 2519 2220 2587 hy-

660 2603 902 2673 pocrita,
926 2603 1080 2673 127
1105 2605 1225 2672 quia
1250 2605 1528 2660 mdiiicatis
1555 2608 1794 2675 sepulcra
1820 2610 2219 2677 prophetarum,

658 2709 713 2752 et
745 2697 952 2751 ornatis
975 2708 1319 2752 monumenta
1339 2698 1627 2766 iustorum,
1656 2714 1720 2754 ac
1750 2699 1925 2754 dicitis
1953 2719 1966 2754 :
2005 2700 2060 2754 Si
2091 2701 2224 2757 fuis-

658 2801 843 2841 semus
876 2786 928 2843 in
959 2787 1151 2842 diebus
1187 2797 1399 2853 patrum
1443 2797 1770 2852 nostrorum,
1805 2804 1905 2842 non
1939 2790 2223 2844 fuissemus

659 2876 796 2931 soeii
831 2889 1014 2930 eorum
1046 2876 1096 2929 in
1125 2878 1387 2945 sanguine
1416 2877 1822 2945 prOphetarum.
1859 2878 2040 2946 itaque
2071 2881 2223 2933 testi-

657 2967 841 3022 monio
869 2968 998 3021 estis
1027 2967 1448 3036 vobismetipsis,
1471 2969 1612 3037 quod
1655 2969 1746 3023 lilii
1768 2969 1887 3024 sitis
1914 2985 2096 3024 eorum
2133 2971 2220 3039 qui

658 3058 953 3127 prophetas
1009 3058 1344 3112 occiderunt.
1386 3078 1406 3111 ι
1466 3057 1688 3113 Miseros
1743 3059 1874 3113 dicit
1923 3060 2064 3126 illos,
2118 3075 2220 3116 nou

2331 601 2591 671 ποτηρίου
2618 601 2859 672 καθαρόν
2880 617 2894 630 ο
2923 599 2957 669 ἢ
2988 599 3049 652 οὺ
3075 598 3201 668 περὶ
3223 598 3499 668 ποτηρίων
3529 598 3629 650 καὶ
3653 595 3880 649 ττινάιιω⁸

2330 698 2509 764 λέγει,
2547 695 2681 748 ἀλλά
2716 697 2841 766 περὶ
2873 695 2971 765 τῆς
3003 692 3320 763 σωματικῆς
3361 692 3454 744 καὶ
3487 691 3595 758 ἔξω
3630 689 3874 744 καταστά

2330 806 2467 852 σεως
2488 831 2502 855 ,
2531 789 2625 841 καὶ
2669 788 2766 858 τῆς
2797 786 2905 840 ἔσω
2939 787 3031 840 καὶ
3064 783 3456 852 πνευματικῆς.
3501 783 3574 835 Σὺ
3612 783 3714 852 μὲν
3760 781 3892 851 γὰρ,

2329 883 2490 952 φησὶ,
2536 881 2597 934 τὸ
2638 879 2742 944 ἔξω
2770 878 2862 931 τοῦ
2881 876 3180 948 ποτηρίου,
3239 875 3480 929 τουτέστι
3529 874 3630 943 τὴν
3663 874 3768 939 ἔξω
3807 889 3893 925 σου

2328 973 2694 1035 κατάστασιν,
2737 968 3092 1041 σχηματίζεις
3123 967 3202 1030 είς
3234 967 3295 1020 τὸ
3320 965 3890 1036 σεμνοπρεπέστερον.

2325 1069 2386 1122 τὸ
2412 1068 2468 1120 δὲ
2505 1067 2610 1119 ἔσω
2652 1082 2744 1118 σου
2777 1065 2936 1133 γέμει
2970 1062 3174 1135 ῥύπου·
3205 1061 3474 1131 ἀρπάξεις
3505 1061 3618 1128 γὰρ
3646 1061 3745 1112 καὶ
3789 1059 3894 1111 d6:-

2327 1163 2462 1221 κείς.
2515 1160 2604 1210 Δεῖ
2648 1157 2701 1210 δὲ
2740 1156 2808 1209 τὰ
2841 1154 2948 1207 ἔσω
2981 1153 3221 1215 πλύνειν,
3258 1150 3497 1204 τουτέστι
3556 1149 3655 1216 τὴν
3702 1148 3891 1216 ψυχὴν.

2327 1253 2413 1304 ἵνα
2455 1252 2523 1319 τῇ
2568 1248 2902 1316 καθαρότητι
2959 1245 3056 1313 τῆς
3099 1243 3276 1313 ψυχῆς
3331 1238 3689 1309 συνεκλάμιζιῃ
3735 1237 3826 1290 καὶ
3862 1239 3891 1305 ή

2326 1342 2523 1408 ἔξωθεν
2554 1339 2981 1408 σεμνοπρέπεια.

2401 1453 2419 1485 ι
2466 1433 2603 1485 Οὐαὶ
2640 1431 2790 1499 ὑμῖν,
2835 1428 3185 1497 Γραμματεῖς
3227 1424 3320 1478 καὶ
3350 1425 3632 1495 Φαρισαῖοι
3671 1422 3894 1489 ὑποκρι-

2324 1525 2432 1589 ταὶ,
2465 1525 2549 1577 ὅτι
2582 1521 2982 1591 παρομοιάζετε
3020 1519 3210 1586 τάφοις
3245 1513 3671 1583 κεκονιαμένοις,
3705 1513 3895 1574 οἵτινες

2324 1616 2522 1681 ἔξωθεν
2561 1614 2660 1684 μὲν
2698 1613 2977 1680 φαίνονται
3015 1611 3236 1681 ὡραῖοι,
3282 1607 3481 1660 ἔσωθεν
3530 1605 3587 1657 δὲ
3637 1605 3895 1673 γέμουσιν

2323 1709 2523 1761 ὀστέων
2567 1704 2777 1774 νεκρῶν
2802 1745 2816 1764 ,
2867 1705 2957 1756 καὶ
2988 1702 3165 1769 πάσης
3200 1699 3575 1767 ἀκαθαρσίαν
3627 1694 3772 1748 οὔτω
3805 1695 3894 1746 καὶ

2325 1800 2504 1868 ὑμεῖς,
2536 1797 2734 1864 ἔξωθεν
2774 1796 2870 1866 μὲν
2902 1793 3156 1863 φαίνεσθε
3193 1795 3304 1853 τοῖς
3339 1789 3649 1861 ἀνθρώποις
3674 1788 3891 1847 δίκαιοι,

2326 1890 2526 1942 ἔσωθεν
2555 1888 2611 1940 δὲ
2659 1886 2847 1958 μεστοί
2895 1887 3016 1938 ὲστε
3067 1883 3405 1952 ὑποκρίσεως
3449 1882 3542 1932 καὶ
3574 1879 3832 1949 ἀνομίας.
3872 1895 3888 1927 ι

2324 1983 2432 2034 Καὶ
2477 1978 2614 2048 αὕτη
2675 1981 2707 2048 ή
2763 1976 3045 2047 παραϐολὴ
3082 1974 3286 2040 ὁμοίως
3339 1975 3538 2025 νοεῖται
3579 1972 3649 2039 τῇ
3701 1969 3897 2038 προλα-

2325 2074 2523 2143 ϐούσῃ·
2557 2071 2883 2134 ἐσπούδαζον
2915 2069 3024 2139 γὰρ
3054 2070 3153 2137 τήν
3194 2067 3292 2135 μὲν
3331 2065 3530 2130 ἔξωθεν
3565 2063 3896 2116 κατάστασιν

2327 2167 2511 2235 σεμνοὶ
2541 2164 2823 2234 φαίνεσθαι
2850 2203 2864 2224 ,
2906 2162 3094 2232 ῶσπερ
3127 2163 3175 2214 οἱ
3213 2160 3369 2228 τάφοι
3399 2159 3448 2210 oi
3484 2154 3894 2223 κεκονιαμένοι,

2322 2257 2566 2310 τουτέστι
2622 2259 2686 2326 τῇ
2721 2255 2876 2324 γύψῳ
2907 2255 3001 2307 καλ⁸
3040 2256 3104 2323 τῇ
3155 2251 3404 2320 ἀσϐέστῳ
3446 2245 3896 2315 λελευκασμένοιθ

2322 2348 2391 2402 τὰ
2421 2349 2477 2401 δὲ
2531 2348 2638 2402 έσω
2674 2349 2850 2415 πάσης
2881 2345 3225 2415 ἀκαθαρσίας
3261 2343 3354 2396 καὶ
3378 2341 3590 2411 νεκρῶν
3622 2339 3720 2392 καὶ
3747 2352 3902 2407 στσηο

2325 2443 2502 2495 πότων
2530 2442 2707 2512 ἔργων
2733 2435 2874 2510 ἦσαν
2905 2439 3154 2508 πλήρεις.

2400 2552 2417 2585 ι
2446 2533 2579 2587 Οὐαὶ
2607 2533 2754 2602 ὑμῖν,
2774 2531 3126 2600 Γραμματεῖς
3153 2527 3246 2582 καὶ
3275 2526 3558 2598 Φαρισαῖοι
3585 2521 3900 2586 ὑποκριταὶ,

2322 2628 2405 2682 ὅτι
2438 2626 2770 2696 οἰκοδομεῖτε
2803 2625 2930 2686 τοὺς
2957 2622 3161 2688 τάφους
3195 2620 3302 2672 τῶν
3332 2615 3652 2687 προφητῶν,
3691 2615 3787 2667 καὶ
3815 2632 3899 2665 κοο

2326 2721 2510 2786 σμεϊτε
2559 2717 2628 2771 τὰ
2686 2717 2926 2786 μνημεῖα
2969 2714 3078 2767 τῶν
3106 2712 3362 2773 δικαίων,
3405 2709 3499 2762 καὶ
3543 2707 3735 2774 λέγετε
3779 2723 3796 2738 ο
3839 2704 3898 2756 Εἰ

2323 2807 2464 2880 ἦμεν
2507 2811 2564 2861 ὲν
2601 2811 2720 2869 ταῖς
2750 2807 2985 2877 ἡμέραις
3032 2806 3141 2859 τῶν
3171 2804 3421 2873 πατέρων
3462 2801 3621 2871 ἡμῶν
3644 2841 3657 2860 ,
3703 2803 3803 2853 οὐκ
3840 2798 3903 2852 ἂν

2324 2895 2467 2969 ἦμεν
2496 2897 2740 2951 κοινωνοὶ
2782 2897 2961 2950 αὐτῶν
2997 2897 3062 2948 ἐν
3097 2894 3177 2964 τῷ
3207 2894 3399 2961 αἵματι
3435 2892 3545 2943 τῶν
3584 2890 3898 2959 προφητῶν.

2329 2989 2491 3042 Ὥστε
2524 2988 2852 3059 μαρτυρεῖτε
2903 2987 3118 3047 ἑαυτοῖς
3161 2985 3242 3037 ὅτι
3278 2983 3382 3035 υίοί
3416 2983 3536 3034 ἐστε
3575 2981 3684 3032 τῶν
3717 2995 3902 3047 φονευο

2327 3084 2534 3135 σάντων
2572 3081 2697 3142 τοὺς
2727 3080 3034 3148 προφήτας.
3080 3096 3098 3128 ι
3138 3072 3426 3137 Ταλανίζει
3461 3072 3658 3134 αὐτοὺς
3685 3071 3784 3140 οὐχ
3823 3072 3901 3124 ὅτι

657 3149 802 3214 quod
845 3148 1088 3216 sepulcra
1155 3149 1425 3204 aediﬁcant
1474 3151 1852 3219 prephetarum
1894 3151 2019 3220 (hoc
2071 3151 2218 3206 enim

2324 3170 2658 3242 οἰκοδομοῦσι
2695 3170 2820 3230 τοὺς
2859 3169 3060 3236 τάφους
3091 3167 3199 3221 τῶν
3240 3164 3562 3236 προφητῶν⁸
3595 3163 3759 3216 τοῦτο
3797 3162 3902 3229 γὰρ

660 3237 774 3296 Deo
805 3237 1064 3318 gratum),
1091 3240 1184 3293 sed
1218 3241 1340 3310 quia
1363 3241 1430 3293 ita
1457 3240 1801 3309 simulabant,
1819 3249 1872 3296 et
1891 3249 2068 3311 patres
2092 3256 2220 3298 suos

659 3331 1112 3399 condemnabam,
1133 3332 1420 3388 deteriores
1437 3333 1540 3388 illis
1555 3337 1895 3400 exsistentes,
1917 3335 2222 3405 malitiaque

658 3440 752 3478 eos
800 3423 1124 3480 excellentes
1165 3426 1558 3480 mentiebantur
1605 3426 1910 3492 manifeste,
1993 3427 2116 3496 quia
2168 3426 2221 3482 Si

657 3517 950 3573 fuissemus
1005 3518 1056 3572 in
1105 3517 1292 3572 diebus
1339 3527 1550 3587 patrum
1601 3527 1928 3582 nostrorum,
1984 3533 2089 3573 non
2135 3534 2225 3573 oc-

661 3609 988 3664 cidissemus
1038 3611 1381 3679 prophetas:
1441 3611 1542 3679 ipsi
1613 3613 1756 3665 enim
1839 3612 2218 3680 prophetarum

659 3699 949 3756 Dominum
1010 3701 1180 3756 rabidi
1239 3703 1484 3759 occidere
1544 3703 1850 3773 cupiebant.
1911 3703 2115 3760 Idcirco
2166 3713 2219 3759 et

658 3789 789 3842 dicit
821 3807 838 3844 :

732 3878 895 3937 Vsus.
924 3883 1017 3946 ὅθ,
1047 3882 1136 3936 55.
1184 3902 1202 3934 ι
1231 3865 1352 3937 ’νος
1399 3897 1610 3954 quoque
1643 3885 1858 3954 implete
1915 3902 2217 3942 mensuram

657 3984 871 4043 patrum
911 3984 1228 4031 vestrorum.
1251 3976 1560 4045 Serpentes,
1590 3979 1871 4048 progenies
1895 3980 2217 4047 viperarum,

659 4067 931 4131 quomodo
961 4066 1226 4136 cﬂ‘ugietis
1251 4069 1509 4136 judicium
1552 4071 1850 4137 gehennm?
1887 4088 1905 4120 ι
1953 4067 2068 4123 Non
2114 4071 2216 4123 im-

658 4167 836 4220 perat,
895 4167 990 4210 aut
1019 4159 1288 4225 compellit
1335 4159 1455 4213 illos
1496 4167 1548 4212 ttt
1583 4175 1642 4214 se
1698 4161 1963 4223 occidant.
2011 4162 2214 4227 dicens,

658 4244 880 4316 implete
915 4257 967 4301 et
1016 4262 1107 4302 vos
1155 4264 1460 4303 mensuram
1502 4260 1712 4318 patrum
1738 4264 2037 4308 vestrorum
2078 4273 2090 4308 :
2126 4256 2219 4310 sed

657 4337 759 4390 hoc
792 4346 872 4390 est
904 4337 1044 4404 quod
1080 4330 1400 4404 dicitzQuia
1445 4351 1722 4408 serpentes
1765 4345 1914 4405 estis,
1949 4353 2002 4398 et
2033 4345 2213 4399 talimn

656 4435 870 4493 patrum
931 4428 1241 4496 progenies,
1291 4438 1344 4483 et
1386 4430 1439 4483 in
1489 4439 1634 4484 tanta
1689 4432 1895 4490 insania
1957 4435 2211 4491 obstinati

2325 3265 2633 3334 θεάρεστονο
2660 3261 2782 3314 ἀλλ’
2801 3261 2880 3314 ὅτι
2912 3259 3366 3330 προσποιούμενοι
3393 3255 3588 3321 ταῦτα,
3619 3257 3716 3309 καὶ
3741 3254 3901 3323 δῆθεν

2324 3353 2822 3421 καταγινώσκοντες
2857 3353 2964 3407 τῶν
2999 3352 3251 3421 πατέρων
3278 3351 3477 3413 αὐτῶν,
3510 3349 3737 3420 χείρονα
3764 3347 3901 3401 ὲκεί-

2325 3467 2428 3502 νων
2447 3449 2680 3512 δποίουν,
2716 3449 2811 3503 καὶ
2853 3447 3287 3518 ὑπερηκόντισαν
3331 3446 3571 3506 ἐκείνους
3603 3445 3672 3512 τῇ
3710 3443 3899 3511 κακίᾳ,

2323 3543 2639 3611 ψευδόμενοι
2665 3541 2975 3610 προφανῶς,
3005 3541 3111 3604 ὅτι,
3148 3540 3209 3591 Ei
3241 3535 3380 3609 ἦμεν
3415 3540 3474 3590 ὲν
3506 3537 3625 3598 ταῖς
3662 3535 3900 3604 ἡμέραις

2323 3631 2433 3684 τῶν
2474 3624 2954 3700 πατέρωνήμῶν,
2986 3628 3084 3680 οὒκ
3125 3627 3189 3680 ἂν
3226 3628 3552 3693 ὲφονεύομεν
3586 3627 3715 3687 τοὺς
3764 3641 3898 3692 προ-

2324 3724 2517 3791 φήτας
2547 3722 2699 3774 αὐτοὶ
2728 3720 2834 3788 γὰρ
2866 3718 2956 3772 τὸν
2981 3718 3087 3770 τῶν
3114 3717 3409 3787 προφητῶν
3437 3717 3722 3785 Δεσπότην
3748 3713 3898 3768 ἐλύτ-

2322 3833 2428 3868 των
2458 3812 2733 3882 φονεῦσαι.
2767 3813 2855 3865 Διὸ
2881 3810 2972 3864 καί
3004 3826 3190 3880 φησιν’

2399 3926 2417 3957 ι
2465 3907 2573 3958 Καὶ
2613 3906 2768 3974 ὑμεῖς
2813 3901 3136 3972 πληρώσατε
3166 3901 3226 3952 τὸ
3275 3899 3469 3968 μέτρον
3496 3898 3612 3950 τῶν
3646 3896 3902 3967 πατέρων

2323 3997 2507 4066 ὑμῶν·
2538 3996 2692 4064 ὗφεις
2711 4035 2724 4059 ,
2760 3996 3070 4063 γεννήματα
3102 3991 3325 4062 ἐχιδνῶν
3346 4031 3359 4054 ,
3397 3990 3516 4053 πῶς
3549 3995 3764 4057 φύγητε
3795 3986 3900 4042 ἀπὺ

2320 4087 2420 4155 τῆς
2449 4085 2682 4157 κρίσεως
2711 4085 2810 4154 τῆς
2848 4085 3070 4152 γεέννης
3095 4101 3110 4151 ;
3154 4102 3170 4134 ι
3201 4084 3314 4136 Οὐκ
3346 4082 3652 4134 ἐπιτάττων
3677 4080 3895 4141 αὐτοὺς,

2322 4175 2353 4246 ἢ
2396 4176 2649 4229 συνωθῶν
2689 4175 2825 4245 πρὸς
2861 4175 2922 4227 τὺ
2951 4173 3209 4242 φονεῦσαι
3250 4172 3433 4235 αὑτὸν,
3463 4170 3612 4235 λέγει
3639 4169 3720 4235 τὸ,
3763 4169 3898 4238 Πλη-

2322 4270 2534 4338 ρώσατε
2565 4267 2625 4319 τὸ
2649 4267 2846 4336 μέτρον
2867 4265 2976 4320 τῶν
3004 4265 3256 4336 πατέρων
3284 4264 3312 4315 ύ
3322 4263 3457 4332 μῶν,
3489 4260 3627 4312 ἀλλὰ
3657 4258 3896 4313 τοιοῦτόν

2319 4377 2372 4413 τι
2399 4359 2567 4428 λέγει’
2604 4358 2820 4429 Ἐπειδὴ
2853 4357 3003 4427 ὄφεις
3027 4358 3147 4410 ὲστὲ
3180 4357 3270 4409 καὶ
3297 4356 3616 4423 γεννήματα
3643 4352 3896 4404 τοιούτων

2321 4452 2593 4522 πατέρων,
2626 4453 2719 4506 καλ⁵
2755 4454 2833 4514 είς
2860 4449 3128 4519 τοσαύτην
3153 4447 3350 4508 κακίαν
3379 4443 3892 4515 ὲξετραχηλίσθητε,

657 4517 807 4581 estis,
832 4526 890 4570 ut
919 4517 1237 4574 ineurabiles
1265 4520 1384 4574 sitis
1417 4539 1434 4574 :
1453 4521 1715 4590 reliquum
1748 4535 1828 4579 est
1851 4539 1972 4580 cum
2003 4542 2218 4596 operam

2327 4539 2474 4594 ὥστε.
2504 4542 2734 4602 ἀνιάτως
2766 4540 2910 4610 ἔχειν
2932 4579 2945 4604 ,
2987 4537 3393 4608 συντομώτερον
3433 4534 3777 4588 σπουδάσατε
3823 4551 3895 4585 νι-

657 4606 879 4671 dabitis,
914 4617 969 4662 ut
997 4621 1177 4677 patres
1213 4623 1419 4668 vestros
1470 4616 1721 4680 vincatis,
1748 4617 1850 4672 hoc
1877 4619 1981 4672 erit
2005 4611 2219 4688 quando

660 4714 748 4753 nte
772 4700 1049 4754 occidetis.
1070 4701 1220 4757 Tunc
1238 4705 1378 4769 enim
1411 4720 1680 4760 summum
1712 4708 1928 4763 malitia:
1960 4713 2216 4768 verticem

658 4791 1095 4858 apprehendetis,
1147 4808 1267 4848 cum
1333 4796 1589 4850 omissam
1652 4813 1681 4851 a
1725 4800 1970 4866 patribus
2028 4806 2219 4858 vestris

655 4882 855 4935 caedem
899 4883 1206 4950 itnpiebitis.
1253 4886 1385 4940 Cum
1413 4887 1575 4957 igitur
1608 4889 1738 4944 tales
1767 4892 1908 4957 sitis,
1951 4895 2220 4961 quomodo

652 4986 870 5041 pmuam
905 4975 1204 5043 eﬂ'ugietisi

733 5069 890 5120 \‘sas.
922 5066 1014 5121 56.
1052 5087 1069 5119 ι
1097 5067 1222 5122 ideo
1241 5084 1365 5123 ecce
1393 5084 1493 5140 ego
1526 5073 1677 5124 mitto
1709 5075 1772 5127 ad
1802 5089 1898 5130 vos
1929 5077 2218 5145 prophetas

658 5171 712 5212 ut
741 5160 1033 5228 sapientes,
1066 5171 1118 5213 et
1142 5162 1374 5227 scribas,
1390 5174 1443 5215 et
1470 5163 1675 5217 illorum
1704 5165 1909 5235 aliquot
1934 5170 2213 5230 occidetis,

660 5249 1116 5318 cruciﬁgctisque,
1182 5262 1237 5305 et
1273 5253 1483 5306 illorum
1537 5255 1826 5312 nonnullus
1877 5256 2216 5328 ﬂugcllabitis

659 5339 715 5392 in
739 5339 1025 5408 synagogis
1056 5342 1276 5404 vesm‘s,
1298 5351 1352 5395 et
1387 5346 1781 5412 persequamini
1814 5347 1878 5401 de
1910 5349 2130 5404 civitate
2165 5352 2213 5404 in

656 5430 953 5482 civitatem.
996 5448 1016 5481 ι
1055 5431 1240 5499 Arguit
1279 5434 1396 5487 illos
1440 5438 1724 5501 mendacii,
1779 5441 2017 5495 dicentes
2077 5443 2217 5512 quod

659 5517 716 5572 Si
741 5517 1028 5575 fuissemus
1064 5521 1113 5573 iu
1135 5522 1317 5577 diebus
1345 5535 1552 5591 patrum
1587 5534 1910 5594 nostrorum,
1943 5543 2046 5582 non
2077 5531 2230 5584 occi-y

659 5611 926 5665 dissemus
955 5612 1259 5679 prephctas.
1312 5613 1451 5670 Ecce
1485 5615 1627 5669 enim
1669 5631 1787 5686 ego,
1835 5619 2028 5687 inquit,
2064 5622 2217 5675 mitto

656 5703 971 5772 prophetas,
996 5713 1050 5759 et
1077 5706 1361 5773 sapientes,
1384 5719 1437 5763 et
1467 5709 1700 5773 scribas;
1720 5719 1954 5766 attamen
1980 5727 2073 5766 vos
2098 5711 2218 5767 illos

657 5791 931 5851 occbictis.
963 5797 1032 5850 De
1061 5797 1316 5867 apostolis
1338 5809 1510 5854 autem
1531 5801 1642 5855 inec
1662 5800 1808 5867 dicit,
1829 5817 1962 5871 quos
1983 5803 2215 5870 Spiritus

2324 4630 2491 4699 κ’ἠσαι
2518 4631 2642 4693 τοὺς
2681 4633 2930 4700 πατέρας
2954 4628 3108 4698 ὑμῶν
3133 4645 3145 4658 ·
3178 4625 3334 4680 τοῦτο
3364 4626 3420 4678 δὲ
3454 4625 3632 4689 ἔσται,
3673 4624 3769 4676 ὲάν
3802 4621 3893 4691 ip)

2324 4722 2618 4792 φονεύσητε
2643 4741 2656 4754 °
2684 4723 2816 4776 αὐτὸ
2845 4723 2952 4792 γὰρ
2983 4723 3043 4774 τὺ
3091 4721 3389 4790 ἀκρότατον
3437 4719 3537 4787 τῆς
3567 4717 3770 4778 κακίας
3803 4733 3895 4768 κα-

2321 4813 2621 4884 ταλήψεσθε
2639 4855 2652 4880 ,
2688 4815 2782 4868 ἐὰν
2809 4814 2904 4882 τὴν
2931 4813 3282 4866 ἐλλείπουσαν
3305 4813 3419 4872 τοῖς,
3441 4808 3712 4878 πατράσιν
3744 4806 3898 4877 ὑμῶν

2327 4903 2633 4972 μιαιφονίαν
2663 4903 3092 4974 ἀναπληρὼσητε
3119 4920 3131 4931 ·
3169 4903 3284 4964 πῶς
3316 4899 3407 4954 οὖν
3447 4899 3678 4952 τοιοῖτοι
3712 4898 3858 4960 ὄντες
3875 4935 3900 4960 ,.

2323 4994 2528 5064 φύγητε
2560 4994 2656 5064 τὴν
2685 4995 2904 5047 κόλασιν
2919 5011 2934 5061 ;

2398 5104 2417 5136 ι
2457 5087 2554 5139 Διὰ
2582 5084 2738 5138 τοῦτο
2777 5086 2883 5138 ίδοὺ
2914 5084 3022 5154 ἐγὼ
3061 5083 3373 5138 ἀποστέλλω
3409 5083 3546 5153 πρὸς
3573 5083 3720 5152 ὑμᾶς
3758 5097 3889 5151 προσ

2323 5179 2519 5246 φήτας,
2554 5179 2647 5231 καὶ
2683 5180 2899 5245 σοφοὺς,
2938 5168 3034 5230 καὶ
3063 5165 3409 5248 γραμματεῖς
3438 5194 3452 5207 ·
3491 5177 3584 5229 καὶ
3624 5175 3686 5239 ἐξ
3717 5175 3894 5227 αὐτῶν

2323 5267 2669 5320 ἀποκτενεῖτε
2711 5268 2806 5320 καὶ
2841 5268 3218 5338 σταυρώσετε,
3263 5269 3358 5321 καὶ
3398 5266 3457 5332 ἐξ
3485 5267 3668 5323 αὐτῶν
3697 5284 3888 5338 μαστι-

2322 5354 2529 5421 γώσετε
2589 5356 2647 5407 ὲν
2697 5357 2817 5419 ταῖς
2882 5356 3222 5425 συναγωγαῖς
3281 5357 3466 5426 ὑμῶν,
3528 5357 3626 5410 καλ⁵
3677 5355 3888 5422 διώξετε

2321 5445 2430 5499 ἀπὸ
2484 5445 2689 5508 πόλεως
2724 5447 2804 5509 είς
2854 5445 3026 5500 πόλιν.
3068 5467 3085 5498 ι
3129 5447 3372 5518 Ἐλέγχει
3416 5448 3637 5510 αὐτοὺς,
3683 5448 3888 5517 ψευδιῇ

2321 5539 2592 5600 εἰπόντας,
2632 5538 2712 5590 ὅτι
2745 5538 2805 5590 El
2829 5533 2969 5609 ἦμεν
3001 5541 3056 5591 ὲν
3083 5542 3200 5602 ταῖς
3237 5541 3469 5611 ἡμέραις
3500 5540 3609 5591 τῶν
3639 5541 3886 5611 πατέρων

2322 5627 2512 5697 ἡμῶν,
2568 5628 2666 5680 οὐκ
2720 5627 2788 5681 ἂν
2839 5629 3166 5698 έφονεύομεν
3213 5632 3340 5694 τοὺς
3382 5630 3690 5700 προφήτας.
3763 5629 3885 5683 Ἰδοὺ

2320 5714 2448 5782 γὰρ,
2479 5715 2663 5786 φησιν,
2689 5717 2798 5785 ἐγὼ
2835 5716 3144 5772 ἀποστέλλω
3174 5721 3482 5792 προφήτας,
3522 5720 3618 5773 καὶ
3666 5720 3882 5789 σοφοὺς,

2318 5806 2414 5858 καὶ
2464 5808 2845 5874 γραμματεῖς,
2896 5807 3009 5861 ἀλλ’
3059 5809 3208 5875 ὅμως
3263 5812 3614 5866 ἀποκτενεῖτε
3665 5811 3879 5875 αὐτούς.
