4080 6336
146 405 258 471 405

750 408 1190 470 ENARRATIO
1227 410 1310 471 IN
1351 404 1751 472 EVANGELH

1883 398 2273 467 ΜΑΤΤΗᾹΠ.
2303 424 2372 436 -
2404 398 2561 461 CAP.
2600 393 2831 458 XXIII.

3309 383 3422 450 406

152 524 293 596 Περὶ
334 523 390 576 δὲ
421 521 528 577 τῶν
569 521 884 576 ἀποστόλων
927 522 1100 576 ταῦτα
1135 522 1303 590 λέγει’
1341 522 1402 575 τδ
1429 521 1537 593 γὰρ
1576 521 1733 588 ἅγιον

1855 523 2060 570 tanctus
2093 511 2344 570 doctrina
2378 511 2528 580 ipsos
2573 519 2850 564 exornans
2883 501 3093 561 scribas
3130 501 3280 564 fecit,
3313 502 3422 557 hoc

151 616 380 686 Πνεῦμα
401 656 414 680 ,
446 617 541 668 καὶ
573 613 938 676 διδασκαλίαις
965 614 1164 685 αὐτοὺς
1193 615 1512 685 κοσμῆσαν,
1553 627 1733 682 γραμ-

156 710 348 775 ματεῖς
381 705 623 771 ἐποίησε,
678 702 924 756 τουτέστι
953 701 1047 755 τοῦ
1077 702 1206 756 λαοῦ
1237 702 1611 768 διδασκάλους,
1638 701 1734 756 καὶ

152 798 464 868 προφήτας,
502 796 594 846 καὶ
624 795 816 863 σοφίας
845 795 1027 863 πάσης
1061 793 1545 864 πεπληρωμένους.
1575 793 1735 846 ’Δπο-

153 887 361 941 στέλλω
393 885 469 951 δὲ,
507 879 649 950 εἷπε,
691 885 905 947 δεικνὺς
953 884 1012 938 τὸ
1053 883 1152 954 τῆς
1196 883 1450 954 θεότητος
1489 881 1735 948 ἐξουσια-

153 979 359 1032 στικόν.

235 1088 255 1121 ι
301 1071 491 1133 Ὅπως
523 1069 650 1140 ἐ).οῃ
686 1067 771 1138 ἐφ’
802 1069 947 1138 ὑμᾶς
983 1069 1093 1122 πᾶν
1126 1061 1266 1138 αἷμα
1295 1067 1536 1134 δίκαιον,
1568 1067 1734 1137 έκχυ-

150 1165 380 1232 νόμενον
429 1161 521 1214 ἐπὶ
573 1161 673 1230 τῆς
726 1161 831 1230 γῆς
859 1159 968 1214 ἀπὸ
1016 1159 1110 1213 τοῦ
1159 1159 1390 1230 αἵματος
1431 1157 1597 1212 1’Δσελ
1639 1156 1736 1213 τοῦ

151 1252 388 1316 δικαίου,
423 1252 527 1311 ἕως
565 1251 660 1305 τοῦ
695 1252 927 1321 αἳματος
960 1249 1227 1320 Ζαχαρίου
1275 1248 1394 1303 υἱοῦ
1442 1248 1735 1321 Βαραχίου,

150 1343 213 1396 ὃν
235 1345 559 1413 ἐφονεύσατε
589 1344 791 1414 μεταξὺ
816 1343 909 1396 τοῦ
931 1341 1059 1396 ναοῦ
1086 1341 1180 1396 καὶ
1205 1339 1297 1395 τοῦ
1325 1340 1736 1412 θυσιαστηρίου.

168 1437 343 1509 ’Δμὴν
373 1439 516 1506 λέγω
564 1439 725 1509 ὑμῖν,
775 1439 856 1490 ὅτι
903 1437 1024 1506 ἥξει
1070 1434 1242 1489 ταῦτα
1289 1435 1470 1488 πάντα
1511 1435 1604 1487 ἐπὶ
1642 1434 1739 1506 τὴν

154 1530 354 1596 γενεὰν
404 1530 648 1599 ταύτην.’
684 1547 704 1580 ι
765 1528 887 1581 Ἐπὶ
913 1529 1042 1590 τοὺς
1082 1527 1204 1580 τότε
1233 1525 1393 1591 ὄντας
1452 1527 1741 1591 Ἰουδαίους

157 1620 327 1689 φησὶν
357 1620 510 1691 ήξειν
555 1622 663 1674 πᾶν
701 1615 840 1690 αἷμα
872 1619 1074 1683 ἀδίκως
1106 1617 1340 1688 ἐκχυθέν
1364 1634 1378 1649 ·
1412 1621 1596 1691 χεῖρον
1631 1619 1742 1691 γὰρ

155 1712 639 1782 τιμωρηθήσονται
674 1711 824 1782 παρά
858 1712 986 1775 τοὺς
1027 1711 1266 1784 πατέρας
1292 1712 1496 1780 αὐτῶν,
1526 1715 1575 1767 οί
1605 1713 1742 1785 μηδὲ

159 1804 304 1870 μετά
329 1804 564 1856 τοσαῦτα
588 1803 1010 1876 παραδείγματα
1029 1804 1490 1876 σωφρονισθέντες
1509 1822 1522 1834 ·
1552 1803 1741 1877 ὥσπερ

155 1897 256 1948 καὶ
285 1897 312 1947 ό
341 1895 532 1964 Λάμεχ
564 1894 716 1965 παρά
743 1894 833 1948 τὸν
868 1896 1007 1950 Κάῖν
1040 1896 1201 1949 πλέον
1239 1896 1530 1968 ἐκολάσθη,
1563 1893 1737 1951 καίτοί

154 1985 262 2037 οὐκ
296 1982 524 2052 ἀδελφὸν
554 1985 780 2050 ἀνελὼν,
811 1985 944 2038 διότι
973 1987 1072 2039 οὐκ
1094 1987 1466 2059 ἐσωφρονίσθη
1494 1986 1573 2058 τῷ
1598 1986 1739 2042 κατά

155 2075 252 2127 τὸν
286 2075 426 2128 Κάῖν
466 2076 844 2145 ὑποδείγματι.
898 2076 1056 2142 Ἥξει
1087 2074 1180 2131 οὖν
1200 2118 1214 2142 ,
1249 2079 1449 2148 φησὶν,
1478 2078 1565 2149 ἐφ’
1595 2078 1741 2149 ὑμᾶς

160 2167 274 2220 πᾶν
303 2163 460 2237 αἷμα,
502 2169 610 2222 ἀπὺ
663 2169 830 2223 Ἀσελ
883 2169 988 2233 ἕως
1017 2171 1305 2241 Ζαχαρίου.
1345 2171 1632 2243 Εὑκαίρως
1683 2171 1740 2225 δὲ

157 2259 410 2331 ἐμνήσθη
457 2261 550 2314 τοῦ
602 2261 786 2316 Ἀσελ.
832 2262 921 2326 Ὠς
960 2262 1068 2334 γὰρ
1125 2263 1153 2315 ό
1207 2263 1373 2318 Ἀὅελ
1404 2264 1494 2318 διὰ
1543 2264 1739 2335 φθόνον

157 2352 408 2422 ἀνῃρέθη
434 2392 449 2417 ,
481 2351 624 2408 οὕτω
664 2353 761 2408 καὶ
789 2355 818 2408 ό
850 2356 1086 2426 Χριστὸς
1116 2356 1425 2426 φθονηθείς.
1473 2359 1638 2414 Ποίου
1683 2359 1742 2414 δὲ

159 2439 434 2513 Ζαχαρίου
480 2444 715 2500 ἐνταῦθα
755 2445 1072 2517 μέμνηταις
1125 2449 1186 2502 Oi
1239 2449 1338 2515 μὲν
1389 2448 1482 2502 τοῦ
1535 2450 1592 2504 ὲν
1632 2452 1744 2514 τοῖς

156 2531 371 2587 δώδεκα
415 2536 724 2607 προφήταις
781 2538 1508 2608 φασὶ-ξσυναριθμουμένουο
1555 2541 1606 2594 οἱ
1653 2542 1742 2608 δὲ,

158 2617 257 2670 τοῦ
293 2620 499 2690 πατρὸς
535 2621 627 2675 τοῦ
663 2622 976 2695 Προδρόμου
1000 2640 1014 2655 ο
1039 2625 1195 2694 λόγος
1227 2626 1337 2696 γὰρ
1368 2628 1481 2698 ἔχει
1511 2631 1746 2701 παραδο-

161 2707 281 2774 θεὶς
309 2712 460 2781 ἡμῖν,
489 2715 569 2768 ὅτι
598 2715 762 2779 τόπος
790 2734 878 2781 τις
902 2713 969 2788 ἧν
1000 2719 1058 2771 ὲν
1080 2718 1160 2789 τῷ
1196 2720 1332 2788 ναῷ,
1369 2723 1427 2774 έν
1456 2714 1500 2790 ᾧ
1529 2724 1746 2777 ἵσταντο

161 2802 221 2854 αί
256 2803 540 2872 παρθένοι.
584 2805 642 2860 '0
672 2807 853 2862 τοίνυν
883 2808 1159 2881 Ζαχαρίας
1185 2812 1474 2883 ἀρχιερεὺς
1510 2814 1620 2878 ὢν,
1651 2816 1748 2869 καὶ

165 2893 311 2962 μετὰ
347 2893 410 2947 τὺ
453 2899 635 2952 τεκεῖν
688 2899 782 2952 τὸν
817 2900 1052 2970 Χριστὸν
1081 2903 1181 2973 τήν
1211 2904 1473 2960 Θεοτόκον
1519 2906 1748 2979 ἔστησεν

163 2986 224 3038 ὲν
252 2986 334 3052 τῷ
358 2990 508 3059 τόπῳ
537 2991 646 3045 τῶν
680 2993 968 3065 παρθένων
995 3009 1008 3023 ⁸
1043 2997 1528 3070 ἀγανακτήσαντες
1557 3003 1613 3056 δὲ
1655 3003 1749 3056 ἐπὶ

163 3079 346 3148 τούτῳ
377 3082 427 3133 oi
479 3083 746 3150 Ἰουδαῖοι,
778 3085 1107 3142 ἀπέκτειναν
1136 3091 1317 3158 αὐτὸν,
1361 3092 1437 3157 ὡς
1473 3095 1612 3165 μετά
1639 3094 1751 3151 τῶν

166 3171 462 3242 παρθένων
495 3173 735 3239 τάξαντα
789 3180 1022 3246 γυναῖκα
1076 3183 1454 3254 γεννήσασανο
1490 3185 1643 3240 οὐδὲν
1692 3185 1773 3241 δὲ’

165 3260 508 3330 θαυμαστὸν,
542 3266 590 3318 εί
620 3265 717 3320 καὶ
757 3269 785 3322 ό
825 3271 1007 3341 πατὴρ
1037 3272 1127 3324 τοῦ
1162 3274 1480 3346 Προδρόμου
1505 3270 1620 3346 εἶχε
1649 3291 1756 3333 πα-

166 3353 305 3422 τέρα
337 3355 615 3428 Βαραχίαν
645 3359 889 3430 ὀνόματι,
916 3363 1104 3434 ὥσπερ
1137 3366 1230 3418 καὶ
1259 3367 1287 3419 δ
1324 3368 1381 3419 ὲν
1406 3369 1516 3430 τοῖς
1547 3367 1755 3424 δώδεκα

171 3451 482 3521 προφήταις
510 3452 782 3524 Βαραχίου
813 3454 1028 3523 λέγεται
1078 3459 1191 3522 υίός
1214 3476 1226 3488 ο
1252 3459 1399 3524 εἰκὸς
1429 3461 1538 3532 γάρ
1564 3461 1754 3536 ὥσπερ

169 3543 242 3595 τά
281 3544 490 3598 τούτων
529 3545 766 3616 ὀνόματα
801 3548 1168 3620 συνέδραμον,
1222 3551 1367 3608 οὕτω
1407 3555 1499 3608 καὶ
1541 3556 1610 3611 τά
1644 3557 1756 3611 τῶν

173 3637 435 3708 πατέρων
464 3639 663 3695 αὐτῶν.

248 3747 272 3782 ε
355 3731 747 3806 Ἰερουσαλὴμ,
812 3736 1206 3808 Ἰερουσαλὴμ,
1260 3741 1293 3809 ή
1359 3740 1756 3797 ἀποκτείνουσα

173 3820 304 3882 τοὺς
330 3822 640 3892 προφήτας,
667 3825 760 3877 καὶ
782 3824 1134 3881 λιθοϐολοῦσα
1160 3831 1286 3894 τοὺς
1311 3831 1759 3903 ἀπεσταλμένους

173 3913 317 3982 πρὸς
383 3914 594 3984 αὐτὴν,
652 3917 883 3981 ποσάκις
930 3917 1171 3990 ἠθέλησα
1218 3922 1644 3993 ἐπισυναγαγεῖν
1689 3927 1758 3981 τά

172 4003 347 4056 τέκνα
400 4022 494 4057 σου
539 4006 600 4060 ὃν
649 4008 850 4079 τρόπον
893 4010 1212 4080 ἐπισυνάγει
1266 4012 1413 4085 ὄρνις
1459 4015 1528 4069 τὰ
1570 4017 1758 4074 νοσσία

174 4094 382 4165 ἕαυτῆς
406 4097 512 4151 ὑπὸ
543 4097 640 4161 τὰς
664 4100 942 4172 πτέρυγας
965 4145 979 4168 ,
1009 4104 1106 4156 κα)⁵
1138 4105 1236 4158 οὐκ
1259 4105 1593 4176 ἡθελήσατες
1629 4107 1757 4164 Ἰδοὺ

175 4187 403 4256 ἀφίεται
435 4189 562 4258 ὑμῖν
592 4190 621 4243 ό
645 4185 791 4253 οἶκος
828 4192 981 4261 ὑμῶν
1011 4193 1216 4264 ἕρημος
1235 4212 1250 4226 ο
1283 4195 1428 4264 λέγω
1469 4198 1577 4268 γάρ
1607 4199 1757 4268 ὑμῖν,

174 4280 237 4332 οὐ
257 4280 334 4350 μή
364 4297 432 4350 με
457 4281 602 4352 ἴδητε
627 4285 721 4338 ἀπ’
748 4284 894 4355 ἄρτι,
921 4285 1025 4348 ἕως
1055 4285 1120 4339 ἂν
1143 4288 1355 4358 εἴπητεο
1383 4287 1761 4360 Εὐλογημένος

173 4372 202 4422 ὀ
233 4371 533 4441 ἐρχόμενος
576 4374 634 4426 έν
687 4375 912 4444 ὀνόματι
947 4377 1177 4447 Κυρίου.
1231 4397 1249 4430 ι
1297 4378 1653 4445 Διπλασιάζει
1701 4383 1761 4436 τὸ

175 4462 350 4533 ὄνομα
377 4463 476 4534 τῆς
525 4464 900 4537 Ἰερουσαλὴμ,
934 4469 1098 4521 ὲλεῶν
1134 4468 1305 4542 αὐτὴν
1336 4471 1427 4524 καὶ
1461 4471 1762 4526 ἀνακαλού-

1833 614 1938 674 est,
1971 606 2227 671 doctores
2257 602 2462 675 populi,
2495 609 2550 656 et
2585 598 2850 668 sapientia
2877 596 3025 652 omni
3060 603 3111 649 et
3136 593 3420 663 prophetia

1833 695 2064 753 ornavit.
2084 693 2288 750 Emitto
2304 702 2506 761 autem,
2535 688 2738 760 inquit,
2764 685 3053 743 declarans
3069 697 3182 740 sum
3208 678 3426 740 deitatis

1833 797 2180 862 potestatem.

1908 1053 2076 1110 Vens.
2101 1051 2192 1119 35,
2221 1049 2311 1108 36.
2357 1069 2376 1103 ι
2414 1048 2488 1105 Ut
2527 1047 2709 1104 veniat
2737 1058 2902 1116 super
2931 1055 3029 1097 vos
3071 1039 3252 1094 omnis
3297 1051 3429 1093 san-

1838 1146 1960 1220 guis
1993 1146 2173 1216 justus
2207 1144 2299 1214 qui
2332 1140 2630 1198 elIunditur
2659 1151 2828 1207 super
2862 1144 3068 1189 terram
3102 1147 3130 1185 a
3165 1129 3430 1220 sanguine

1837 1216 1973 1292 Abel
1997 1233 2150 1303 justi,
2189 1245 2360 1303 usque
2389 1232 2457 1285 ad
2509 1228 2842 1296 sanguinem
2868 1221 3150 1278 Zachariae
3179 1219 3273 1273 filii
3322 1216 3430 1270 Das

1843 1325 2062 1392 rachiae,
2092 1337 2252 1396 quem
2308 1319 2590 1377 occidistis
2623 1319 2764 1372 inter
2813 1313 3070 1384 templum
3103 1321 3159 1366 et
3234 1310 3426 1364 altare.

1841 1417 2015 1473 Amen
2061 1417 2184 1471 dico
2230 1412 2404 1479 vobis,
2434 1410 2578 1484 quod
2633 1408 2849 1465 venient
2891 1408 3005 1461 haec
3046 1403 3229 1460 omnia
3265 1415 3432 1470 super

1843 1509 2248 1582 generationem
2274 1506 2457 1561 istam.
2499 1523 2520 1558 ι
2553 1500 2730 1573 Super
2758 1500 2976 1554 Judteos
3007 1496 3130 1552 illos
3174 1496 3264 1566 qni
3302 1505 3432 1582 tunc

1842 1579 2019 1666 erant,
2057 1599 2208 1665 dicit,
2254 1597 2438 1652 veniet
2483 1595 2662 1650 omnis
2685 1592 2908 1662 sanguis
2959 1589 3160 1658 injuste
3202 1579 3428 1639 eli‘usds.

1844 1693 1974 1750 Plus
2002 1695 2147 1749 enim
2175 1691 2492 1761 punientur,
2515 1701 2677 1756 quam
2712 1695 2898 1756 patres
2946 1682 3051 1737 sui.
3084 1678 3219 1733 Nam
3257 1689 3434 1745 neque

1843 1793 1969 1856 post
2004 1791 2152 1839 tanta
2195 1780 2447 1853 exempla
2476 1777 2748 1835 emendati
2785 1773 3022 1830 fuerunt.
3069 1771 3162 1828 Sic
3204 1769 3348 1824 cnim
3378 1780 3435 1823 et

1772 1859 1815 1919 Β
1848 1876 2085 1934 Lamech
2113 1884 2235 1947 post
2263 1875 2403 1931 Cain
2438 1873 2560 1944 plus
2617 1870 2841 1942 punitus
2875 1867 3000 1934 fuit,
3034 1863 3284 1935 quamvis
3328 1875 3433 1915 nou

1847 1971 2214 2028 interemisset
2237 1967 2486 2032 fratrem,
2515 1980 2584 2022 eo
2618 1963 2762 2035 quod
2786 1977 2889 2017 non
2931 1960 3123 2015 fuisset
3156 1957 3223 2011 ad
3247 1970 3434 2009 οιειιι-

1845 2066 1993 2138 plum
2029 2064 2160 2118 Cain
2192 2061 2530 2118 emendatus.
2577 2055 2770 2114 Veniet
2801 2055 2989 2125 igitur,
3027 2051 3223 2118 inquit,
3273 2063 3435 2117 super

1847 2172 1944 2213 vos
1975 2156 2151 2212 omnis
2183 2153 2424 2226 sanguis,
2468 2153 2536 2207 ab
2588 2150 2722 2206 Abel
2772 2161 2940 2217 usque
2970 2147 3037 2200 ad
3085 2143 3430 2197 Zachariam.

1849 2249 2163 2321 Opportune
2196 2257 2374 2302 autem
2400 2242 2648 2300 meminit
2678 2240 2882 2296 Abelis.
2914 2237 3070 2292 Sicut
3107 2236 3250 2292 enim
3300 2231 3436 2288 Abel

1847 2351 2068 2413 propter
2107 2337 2366 2395 invidiam
2423 2337 2779 2403 interemptus
2830 2338 2934 2392 est,
2973 2329 3047 2382 ita
3079 2336 3134 2382 et
3182 2325 3436 2382 Christus

1849 2434 2062 2488 occisus
2074 2442 2181 2486 est.
2203 2419 2370 2499 Cujus
2388 2436 2570 2483 autem
2589 2424 2872 2480 Zachariae
2891 2423 2995 2478 hoc
3017 2421 3137 2476 loco
3155 2416 3440 2472 meminit?

1855 2524 2018 2596 123
2045 2522 2150 2578 Alii
2195 2523 2384 2578 dicunt
2415 2519 2566 2575 illum
2615 2517 2785 2572 fuisse
2831 2529 3000 2570 unum
3037 2514 3102 2568 de
3147 2509 3435 2566 duodecim

1852 2615 2150 2688 prophetis,
2183 2615 2274 2670 alii
2325 2621 2534 2685 patrem
2589 2608 2951 2666 Prmcursoris
2991 2606 3228 2661 Domini.
3265 2604 3439 2657 liabet

1852 2714 1996 2765 enim
2033 2710 2106 2763 ita
2132 2709 2376 2763 narratio
2407 2706 2563 2761 nobis
2597 2703 2816 2769 tradita,
2849 2701 2995 2771 quod
3023 2699 3176 2754 locus
3213 2696 3434 2767 quidam

1856 2804 1908 2858 in
1934 2801 2134 2871 teinplo
2171 2799 2356 2864 fuerit,
2392 2799 2447 2853 in
2468 2811 2576 2867 quo
2603 2797 2821 2852 stabant
2855 2793 3114 2862 virgines.
3139 2790 3436 2845 Zacharias

1857 2894 2020 2962 igitur
2040 2907 2162 2946 cum
2193 2898 2339 2946 esset
2382 2886 2649 2958 pontifex,
2699 2893 2985 2955 postquam
3019 2882 3248 2950 Deipara
3278 2892 3439 2949 pepe—

1858 2984 2018 3040 risset
2049 2983 2420 3047 Christum,et
2442 2979 2727 3036 statuisset
2754 2975 2898 3032 illam
2922 2976 2973 3029 in
2997 2988 3062 3029 eo
3093 2974 3230 3038 loco,
3263 2971 3441 3041 indig-

1856 3077 1968 3132 nati
2017 3086 2144 3132 sunt
2206 3083 2397 3131 contra
2441 3088 2563 3129 eum
2603 3071 2797 3137 Judaei,
2840 3081 2896 3126 et
2918 3067 3238 3124 occiderunt
3291 3081 3438 3130 eum,

1857 3170 2000 3239 quod
2033 3183 2158 3223 cum
2188 3167 2489 3238 virginibus
2528 3163 2847 3220 collocasset
2883 3163 3166 3218 mulierem
3197 3175 3319 3230 quae
3349 3173 3445 3228 pe-

1861 3269 2097 3332 pererat.
2124 3258 2243 3313 Non
2271 3267 2357 3312 est
2407 3257 2553 3312 enim
2593 3255 2845 3311 mirabile
2875 3253 3022 3324 quod
3071 3254 3235 3307 etiam
3290 3260 3445 3321 pater

1861 3352 2218 3407 Prmcursoris
2237 3349 2490 3404 habuerit
2532 3358 2738 3418 patrem
2764 3345 3110 3410 Barachiam,
3153 3346 3368 3398 sicutct
3399 3345 3445 3398 is

1856 3443 1951 3514 qui
1989 3458 2054 3498 ex
2077 3441 2360 3497 duodecim
2389 3449 2528 3507 erat,
2548 3437 2748 3494 dicitur
2781 3435 3060 3491 Barachia:
3097 3435 3254 3489 filius.
3293 3434 3446 3489 Veri-

1859 3532 2038 3588 simile
2073 3531 2218 3586 enim
2249 3529 2393 3600 quod
2434 3530 2577 3585 sicut
2604 3527 2679 3582 illi
2715 3526 2933 3582 fuerunt
2962 3525 3339 3596 cognomines,
3370 3524 3443 3579 ita

1857 3635 1910 3681 et
1935 3632 2111 3694 patres
2135 3624 2397 3691 ipsorum.

1935 3715 2094 3771 νεεδ.
2129 3714 2322 3771 37-39.
2361 3733 2379 3768 t
2415 3711 2741 3776 Jerusalem.
2782 3710 3111 3773 Jerusalem,
3148 3725 3267 3780 qua:
3297 3710 3448 3764 occi-

1860 3808 1944 3864 dis
1970 3793 2282 3878 prophetas,
2316 3813 2372 3861 et
2400 3803 2612 3875 lapidas
2644 3818 2739 3859 eos
2774 3804 2862 3873 qni
2906 3803 2971 3856 ad
3017 3810 3069 3856 te
3103 3799 3256 3854 missi
3291 3808 3446 3862 sunt,

1861 3901 2075 3971 quoties
2107 3898 2251 3953 volui
2283 3911 2617 3968 congregare
2645 3896 2787 3951 ﬁlios
2823 3905 2964 3959 tuos,
2991 3891 3449 3964 quemadmodum

1861 3993 2059 4064 gallina
2091 4000 2387 4062 congregat
2420 3991 2594 4062 pullos
2624 4005 2752 4045 suos
2778 3988 2880 4044 sub
2911 3989 3046 4055 alas,
3071 3996 3125 4043 ct
3157 3987 3450 4042 noluistis?

1863 4087 2001 4142 Ecce
2034 4084 2358 4154 relinquitur
2397 4083 2551 4138 vobis
2585 4081 2781 4139 domus
2818 4089 2994 4136 vestra
3036 4083 3271 4135 deserta.
3316 4078 3449 4134 Dico

1862 4179 2006 4235 enim
2055 4177 2230 4242 vobis,
2287 4175 2710 4244 haudquaquam
2771 4189 2855 4228 me
2899 4172 3152 4227 videbitis
3203 4171 3448 4240 posthac,

1863 4269 2036 4325 donec
2070 4269 2307 4325 dicatis:
2344 4267 2674 4324 Benedictus
2701 4268 2791 4337 qui
2826 4266 2975 4321 venit
3007 4267 3058 4319 in
3100 4265 3320 4319 nomine
3350 4263 3456 4318 Do-

1865 4364 2017 4417 mini.
2063 4383 2080 4415 ι
2115 4361 2203 4418 Bis
2232 4363 2385 4432 ponit
2422 4377 2616 4417 nomen
2652 4359 2983 4427 Jerusalem,
3011 4360 3270 4414 misertus
3303 4358 3448 4427 ejus,

1865 4466 1920 4509 et
1959 4471 2150 4525 magna
2182 4471 2309 4511 cum
2361 4456 2740 4523 compassione
2787 4467 2907 4508 eam
2952 4466 3234 4506 revocans.
3275 4449 3453 4520 Expo-

180 4572 345 4625 μενος
381 4557 677 4625 συμπαθῶς
701 4575 714 4588 ·
743 4559 931 4627 ὥσπερ
967 4561 1076 4630 γὰρ
1113 4539 1402 4631 πρόςντινα
1432 4564 1751 4634 φιλουμένην

1868 4539 2076 4602 stulans
2099 4549 2244 4601 enim
2276 4561 2400 4600 cum
2439 4561 2523 4609 ea,
2553 4545 2708 4615 quasi
2745 4560 2866 4598 cum
2891 4545 3122 4612 quadam
3155 4540 3452 4595 Vehemen-

180 4649 281 4718 μὲν
349 4647 626 4715 διακαῶς,
675 4652 1124 4722 καταφρονοῦσαν
1174 4653 1229 4706 δὲ
1292 4655 1386 4707 τοῦ
1439 4655 1757 4724 φιλοῦντος,

178 4738 567 4805 ἀπολογεῖται,
601 4739 814 4809 μέλλων
846 4744 1072 4809 ἐπάγειν
1101 4741 1198 4813 τὴν
1231 4743 1451 4795 κόλασιν
1477 4760 1489 4774 ·
1517 4744 1760 4798 αἰτιᾶται

177 4828 286 4900 γὰρ
335 4829 511 4901 αὐτὴν
543 4830 614 4893 ὡς
656 4831 918 4902 φονικὴν,
960 4835 1054 4887 καὶ
1091 4834 1172 4886 ὅτι
1211 4835 1470 4899 πολλάκις
1517 4835 1778 4898 θέλοντοςο

179 4922 344 4974 αὐτοῦ
378 4921 601 4990 ἐλεῆσαι
631 4922 837 4992 ταύτην
856 4963 870 4986 ,
910 4924 1048 4994 αὑτὴ
1087 4925 1189 4977 οὐκ
1215 4925 1478 4994 ἠθέλησε,
1521 4927 1657 4980 ἀλλά
1683 4925 1761 4997 τῷ

179 5011 626 5080 διασκορπίζοντι
668 5013 839 5082 αὐτὴν
870 5011 1168 5082 πειθομένη
1208 5011 1464 5080 διαϐόλῳ,
1509 5013 1606 5067 καὶ
1662 5015 1763 5067 ἁπ-

182 5101 370 5172 άγοντι
399 5101 510 5155 ἀπὸ
531 5103 629 5171 τῆς
645 5103 923 5172 ἀληθείας.
943 5103 1062 5172 ἥτις
1084 5103 1310 5165 ὲνυειδές
1335 5120 1388 5158 τι
1415 5104 1605 5173 χρῆμά
1622 5105 1760 5169 ἐστι,

181 5195 270 5248 τον
305 5193 613 5263 συνάγοντα
653 5194 857 5265 Κύριον
890 5195 988 5248 οὐκ
1020 5195 1232 5266 ἐδέχετο
1258 5213 1270 5224 ·
1302 5195 1453 5248 οὐδὲν
1481 5195 1590 5267 γάρ
1621 5195 1765 5250 οὕτω

184 5285 475 5359 σκορπίζει
525 5286 636 5340 ἀπὸ
672 5285 844 5353 Θεοῦ,
884 5287 958 5350 ὼς
987 5289 1233 5358 ἁμαρτία
1257 5306 1268 5318 ·
1309 5288 1496 5359 ὥσπερ
1529 5284 1598 5342 αὖ
1637 5305 1763 5344 συν-

185 5380 310 5444 ἀγει
330 5379 472 5447 πρὸς
490 5377 623 5431 Θεὸν
654 5377 715 5432 τὸ
730 5378 935 5446 ἀγαθὸν
963 5379 1225 5443 συνειδός·
1257 5378 1356 5451 τὴν
1377 5379 1764 5452 φιλοστοργίαν

183 5471 240 5524 ει
269 5461 702 5539 ἀνδεικνύμενος,
733 5471 792 5523 τὸ
821 5470 920 5540 τῆς
952 5471 1162 5543 ὄρνιθος
1193 5472 1498 5542 ὑπόδειγμα
1527 5471 1762 5528 τέθεικε.

185 5563 275 5617 Διδ
306 5565 430 5617 ἐπεὶ
455 5563 516 5616 οὐ
547 5563 747 5628 θέλετε,
776 5561 976 5634 ἀφίημι
998 5565 1088 5618 τὸν
1121 5565 1246 5618 ναὸν
1271 5565 1501 5637 ἔρημον.
1553 5563 1766 5618 Ἐντεῦ-

187 5653 281 5708 Θεν
311 5655 369 5708 δὲ
408 5654 802 5726 μανθάνωμεν,
840 5658 920 5709 ὅτι
954 5658 1020 5711 δι’
1049 5659 1194 5729 ήμᾶς
1231 5662 1480 5711 κατοικεί
1509 5658 1603 5712 καὶ
1638 5660 1766 5723 τοὺς

189 5747 350 5807 ναοὺς
387 5749 418 5799 ό
447 5746 612 5809 Θεός·
645 5747 772 5801 ὅταν
817 5747 874 5801 δὲ
920 5749 1081 5819 ἡμεῖς
1123 5750 1536 5819 ἁπεγνωσμένοι
1585 5742 1764 5820 ὦμεν,

198 5839 316 5891 τότε
345 5837 443 5892 καὶ
474 5840 521 5892 oi
553 5840 669 5892 ναοὶ
697 5839 963 5910 ἀφίενται.
1000 5842 1074 5894 Uti
1111 5843 1185 5914 μὴ
1220 5838 1313 5897 οὖν
1357 5859 1423 5913 με
1460 5841 1605 5912 ίδητε
1637 5839 1767 5911 ἄχρι

1867 4649 1946 4693 ter
1977 4639 2191 4705 dilecta,
2237 4653 2357 4709 quae
2399 4638 2710 4707 diligentem
2768 4642 3104 4697 contemnat,
3157 4634 3454 4704 respondet

1867 4730 2208 4785 inducturum
2262 4743 2323 4784 se
2366 4740 2583 4806 papam
2635 4748 2647 4782 :
2693 4729 2835 4782 unde
2887 4726 3065 4797 arguit
3100 4725 3243 4779 illam
3294 4723 3450 4794 quasi

1866 4822 2292 4892 sanguinariam,
2337 4831 2391 4876 et
2424 4821 2570 4890 quod
2614 4822 2816 4890 sapius
2852 4820 3064 4874 volente
3099 4832 3157 4872 se
3204 4817 3450 4871 misereri

1867 4913 2008 4983 ejus,
2038 4914 2151 4982 ipsa
2200 4912 2477 4978 noluerit,
2515 4915 2609 4967 sed
2648 4913 2923 4967 diabolum
2960 4911 3144 4981 potius
3194 4909 3448 4974 audierit,

1869 5021 1896 5059 a
1930 5021 2037 5074 quo
2069 5006 2336 5074 dispersa,
2370 5012 2425 5058 et
2457 5021 2485 5058 a
2521 5003 2770 5066 veritate,
2808 5017 2929 5071 quae
2957 5001 3175 5055 unientli
3209 5000 3316 5053 vim
3354 5003 3455 5052 ha-

1868 5096 1977 5160 but,
2016 5097 2184 5152 fuerit
2219 5097 2476 5166 abducta,
2507 5105 2928 5166 congregantem
2955 5101 3134 5148 autem
3162 5093 3452 5147 Dominum

1869 5208 1976 5247 non
2011 5190 2337 5262 susceperit.
2372 5189 2517 5245 Nihil
2563 5189 2706 5244 enim
2742 5188 2821 5242 sic
2855 5202 2887 5241 a
2923 5187 3033 5241 Deo
3076 5185 3361 5254 dispergit,
3399 5193 3456 5236 ut

1870 5293 2148 5354 peccatum
2178 5299 2192 5336 :
2217 5289 2271 5335 et
2301 5281 2437 5335 nihil
2468 5280 2536 5334 ita
2570 5282 2636 5332 ad
2668 5279 2835 5332 Deum
2866 5286 3146 5346 aggregat,
3175 5286 3232 5328 ut
3258 5275 3449 5327 virtus.

1871 5374 2181 5429 Ostcudena
2223 5380 2406 5424 autem
2465 5368 2924 5432 misericordiam,
2976 5367 3093 5420 avis
3145 5364 3454 5432 est-ntplnm

1872 5469 2041 5536 ponit.
2077 5466 2280 5520 idcirco
2309 5465 2432 5534 quia
2471 5463 2743 5528 noluistis,
2781 5461 3031 5528 relinquo
3065 5457 3325 5526 templum
3361 5457 3453 5507 dc-

1871 5568 2098 5612 Serlttm.
2127 5555 2238 5610 Hoc
2264 5555 2383 5611 loco
2414 5554 2711 5616 discamus,
2748 5553 2892 5622 quod
2928 5560 3150 5621 propter
3189 5562 3286 5602 nos
3316 5547 3455 5602 ιλιαδ

1872 5660 1925 5705 et
1964 5649 2160 5718 templa
2205 5647 2474 5702 inhabitat
2516 5663 2530 5699 :
2567 5645 2708 5715 quod
2749 5645 2793 5700 si
2843 5659 2942 5700 nos
2969 5639 3290 5712 desperandi
3331 5635 3450 5690 fue-

1877 5744 2066 5806 rimus,
2091 5755 2213 5795 tuuc
2240 5741 2687 5811 relinquunturet
2707 5737 2923 5806 templa.
2949 5735 3065 5790 Non
3087 5735 3250 5803 igitur
3279 5744 3363 5783 me
3381 5733 3456 5782 vi-

1878 5836 2098 5905 debitis,
2125 5835 2321 5905 iuquit,
2351 5849 2523 5904 usque
2553 5831 2618 5888 ad
2649 5833 2947 5888 secundum
2967 5831 3279 5885 adventum.
3299 5822 3452 5878 Tunc
