4080 6336
240 397 353 488 te

831 421 1278 487 ENARRATIO
1318 424 1401 489 IN
1443 425 1947 491 EVANGELIUM
1979 422 2372 489 MATTHJEI.
2409 452 2480 466 -··
2515 427 2674 491 CAP.
2713 427 2921 491 XXIV.

3407 422 3518 488 ιιο

243 547 339 601 ἵνα
375 546 450 617 μὴ
474 544 769 612 νομίσωσιν
817 543 900 597 ὅτι
933 544 1063 612 πρὶν
1086 542 1119 611 ἢ
1142 539 1434 617 κηρύξωσι
1467 544 1825 615 συντιλεσθή-

1949 554 2347 601 :onsummetur
2380 545 2642 611 mundus,
2672 546 2844 603 dicit:
2890 541 2971 600 Ne
3020 522 3332 599 turbemlni.
3368 541 3518 597 Non-

246 656 403 715 σεται
445 640 473 692 δ
498 637 726 707 κόσμος,
761 634 913 705 φησί·
950 634 1043 704 Μὴ
1082 632 1425 711 θορυδεῖςθσ.
1460 634 1633 691 Οὔπω
1656 637 1767 706 γὰρ
1796 639 1828 708 ἠ

247 732 531 788 συντέλεια
551 747 566 762 ο
614 730 732 783 οὐδὲ
761 730 869 801 γὰρ
900 730 1015 801 ἃμα
1038 734 1109 802 τῇ
1137 734 1465 801 κατασκαφῇ
1491 732 1591 801 τῆς
1631 730 1833 803 Ἰερου-

242 822 435 894 σαλὴμ
485 824 579 876 καὶ
609 824 641 893 ή
672 823 825 891 κοινὴ
864 822 1148 877 συντέλεια
1197 823 1374 877 ἔσται.
1410 823 1603 886 Ἐθνος
1631 822 1689 876 δὲ
1739 822 1834 876 ἐπὶ

250 898 431 977 ιονιξ,
468 912 563 966 καὶ
592 911 865 983 βασιλείαν
896 914 988 967 ἐπὶ
1006 912 1280 983 βασιλείαν
1309 914 1706 985 ιγερθήσεσθαι
1742 913 1835 967 λέ-

246 998 359 1070 γει,
385 1002 472 1056 διὰ
506 1002 573 1056 τὰ
607 1002 839 1071 ἐσόμενα
858 1004 969 1066 τοῖς
1012 1004 1287 1068 Ἰουδαίοις
1319 1006 1484 1066 κακὰ,
1523 1004 1667 1076 ἅπερ
1696 1005 1833 1059 ιίσὶν

247 1096 398 1165 ἀρχὴ
423 1095 649 1149 ὠδίνων.
707 1095 921 1164 Ὠσπερ
956 1095 1065 1167 γᾲρ
1090 1098 1144 1149 αί
1177 1096 1365 1159 ὠδῖνες
1383 1098 1626 1165 γίνονται
1652 1099 1718 1169 τῇ
1750 1116 1834 1151 τι-

247 1186 479 1258 κτούσῃ,
512 1186 604 1240 καὶ
652 1186 796 1240 οὕτω
846 1186 1040 1251 τίκτει,
1099 1186 1244 1241 οὕτω
1279 1192 1372 1242 καὶ
1402 1189 1431 1241 ὁ
1471 1188 1662 1258 παρὼν
1698 1188 1833 1243 αίὼν

252 1282 397 1350 μετὰ
432 1282 527 1341 τὰς
556 1280 846 1351 συγχύσεις
878 1279 971 1333 καὶ
998 1281 1125 1346 τοὺς
1167 1280 1440 1353 πολέμους
1470 1286 1835 1355 ἀπογεννήσει

248 1380 322 1433 τὰ
364 1380 645 1450 μέλλοντα.

334 1490 352 1523 ι
396 1472 529 1525 Τότε
582 1472 995 1543 παραδώσουσιν
1044 1472 1186 1543 ὑμᾶς
1222 1473 1302 1533 εἰς
1345 1469 1549 1539 θλίψιν,
1580 1468 1672 1521 καὶ
1704 1469 1839 1521 ἀποο

250 1564 535 1617 κτενοῦσιν
577 1566 721 1633 ὑμᾶς
740 1582 754 1595 ·
785 1566 880 1618 καὶ⁸
906 1564 1096 1619 ἔσεσθε
1140 1564 1457 1635 μισούμενοι
1484 1562 1587 1615 ὑπὸ
1620 1563 1838 1615 πάντων

252 1656 364 1710 τῶν
393 1656 561 1711 ἐθνῶν
586 1658 676 1710 διὰ
711 1657 774 1711 τὸ
797 1657 969 1727 δνομά
999 1674 1100 1728 μου
1127 1674 1139 1688 ο
1167 1657 1408 1710 καὶ-τότε
1445 1654 1839 1721 σκανδαλισθήο

253 1768 441 1803 σονται
462 1749 670 1814 πολλοὶ,
696 1752 788 1823 καὶ
811 1750 1075 1821 ἀλλήλους
1107 1748 1515 1817 παραδώσουσι,
1550 1746 1642 1799 καὶ
1675 1746 1831 1815 μισή-

255 1854 442 1891 σουσιν
476 1838 739 1908 ἀλλήλους
760 1856 774 1872 ο
826 1840 923 1892 καὶ
985 1838 1169 1892 πολλοὶ
1198 1836 1646 1907 ψευδοπροφῆται
1684 1839 1841 1906 ἐγερσ

1934 638 2061 694 dum
2110 639 2256 695 enim
2294 640 2730 705 consummatio,
2774 652 2949 708 neque
2986 649 3111 692 eum
3163 636 3519 700 snliversinne

1935 729 2275 786 Hierusalem
2319 730 2429 785 erit
2482 728 2755 801 generalis
2815 729 3237 794 consummatio.
3287 731 3517 784 Gentem

1936 836 2067 877 vero
2119 830 2311 877 contra
2369 830 2621 893 gentem,
2674 816 2730 877 Et
2780 828 3004 891 regnum
3053 832 3243 875 contra
3293 836 3518 889 regnum

1936 922 2317 970 exsurrectura
2345 906 2479 968 dicit
2510 921 2730 982 propter
2754 897 3091 975 imminentia
3111 911 3310 966 Jnilaeis
3343 912 3519 966 mala:
3570 974 3575 979 γ

1936 1021 2059 1076 quae
2111 1006 2262 1061 initia
2311 1015 2438 1062 sunt
2485 1005 2769 1060 dolorum-
2812 1005 2970 1060 Sicut
3016 1005 3163 1059 enim
3209 1004 3522 1074 parturiens

1938 1098 2102 1164 dolet,
2148 1106 2205 1153 et
2247 1097 2327 1152 sic
2364 1098 2550 1167 parit:
2594 1096 2670 1151 ita
2716 1104 2771 1151 et
2822 1110 3062 1183 praesens
3095 1095 3353 1151 saeuiunt
3403 1102 3524 1165 post

1939 1189 2288 1246 confusioues
2311 1199 2366 1245 et
2392 1188 2530 1245 bella
2558 1189 2734 1258 pariet
2762 1188 2967 1246 futura.

2009 1452 2172 1507 Vitas.
2204 1450 2258 1505 9.
2302 1468 2320 1503 ι
2354 1448 2509 1506 Tunc
2553 1449 2770 1505 tradent
2814 1463 2911 1505 vos
2956 1448 3011 1507 in
3052 1446 3436 1512 aﬂlictionem,
3468 1454 3527 1503 et

1939 1546 2192 1601 occident
2216 1560 2333 1610 vos,
2375 1553 2428 1597 et
2457 1543 2613 1599 eritis
2648 1542 2809 1597 invisi
2849 1542 3064 1596 cunctis
3110 1542 3361 1609 gentibus
3397 1554 3527 1607 pro-

1942 1651 2061 1707 pter
2093 1642 2285 1692 no’men
2318 1651 2524 1691 meum.
2568 1635 2635 1690 Et
2670 1645 2799 1691 tunc
2827 1632 3213 1689 oﬂ‘endiculum
3253 1632 3528 1702 patientur

1942 1730 2121 1790 multi,
2151 1737 2206 1782 et
2245 1730 2386 1783 alius
2427 1728 2591 1781 alium
2626 1726 2860 1781 invicem
2904 1725 3156 1787 tradent,
3194 1738 3361 1792 seque
3402 1722 3528 1777 odio

1944 1823 2218 1877 habebunt
2241 1822 2495 1885 invicem,
2518 1830 2573 1874 et
2601 1820 2751 1873 multi
2780 1819 3263 1889 pseudoprophetis!
3286 1824 3527 1884 surgent,

252 1928 533 1999 θήσονται,
577 1931 672 1984 καὶ
706 1931 1040 2001 πλανήσουσι
1074 1929 1301 1991 πολλούς
1322 1946 1337 1960 ο
1364 1930 1457 1982 καὶ⁸
1495 1930 1583 1983 διὰ
1606 1929 1666 1980 τὸ
1700 1929 1835 1998 πλη-

1949 1927 1992 1971 et
2030 1917 2292 1970 seilttcent
2322 1913 2521 1968 multos
2553 1930 2567 1968 :
2606 1922 2661 1967 et
2694 1914 2952 1977 quoniam
2997 1911 3296 1964 abundabit
3328 1908 3531 1976 iniqui-

250 2022 513 2090 θυνθῆναι
540 2023 633 2093 τὴν
668 2024 918 2093 ἀνομίαν,
941 2022 1249 2095 ψυγήσεται
1284 2024 1315 2092 ἡ
1351 2022 1539 2091 ἀγάπη
1568 2021 1839 2087 τῶν,πολ-

250 2115 384 2169 λῶν.
420 2116 480 2170 'O
509 2116 564 2170 δὲ
604 2116 903 2185 ὑπομείνας
939 2117 1022 2180 εις
1058 2116 1233 2183 τέλος,
1273 2108 1429 2179 οὗτος
1457 2116 1781 2185 σωθήσεται.
1817 2133 1834 2165 ι

252 2208 518 2278 Προλέγει
550 2210 618 2263 τὰ
661 2209 1054 2279 συμόησόμενα
1080 2209 1251 2271 κακὰ,
1281 2208 1726 2279 παραθαρρύνων
1754 2204 1842 2258 6ιά

250 2302 351 2353 τοῦ
384 2302 677 2371 προλέγειν
699 2304 827 2364 τοὺς
861 2302 1132 2372 μαθητάς.
1165 2303 1237 2357 Τὸ
1285 2302 1395 2370 γὰρ
1432 2300 1841 2370 ἀπροσδόκητον

252 2391 447 2451 είωθεν
474 2392 725 2461 ἔκφοὸεϊν
776 2393 870 2445 καὶ
893 2395 1203 2462 ταράττειν.
1240 2392 1604 2465 Προομαλίζει
1635 2392 1727 2445 οὖν
1752 2393 1841 2444 τὸν

252 2483 422 2551 φόὸον
448 2484 534 2537 διά
565 2484 657 2536 τοῦ
688 2484 1085 2555 προαγορεύειν
1116 2484 1183 2537 τὰ
1217 2484 1476 2554 μέλλοντα
1524 2484 1694 2549 δεινὰ,
1715 2486 1843 2546 τοὺς

250 2575 503 2643 φθόνους,
533 2574 629 2639 τὰς
654 2575 745 2645 εχθ
756 2592 876 2646 ρας,
899 2576 1024 2639 τοὺς
1062 2575 1517 2645 σκανδαλισμοὺς,
1554 2577 1680 2638 τοὺς
1709 2575 1841 2644 ψευ-

250 2667 627 2738 δοπροφήτας,
682 2668 733 2721 οἱ
769 2667 1065 2737 πρόδρομοι
1124 2666 1218 2720 τοῦ
1263 2667 1639 2737 ’Δντιχρίστου
1680 2669 1838 2731 εἰσὶν,

248 2760 680 2821 ἀποπλανῶντες
716 2748 858 2821 ’τοὺς
912 2758 1161 2823 πολλοὺς,
1192 2757 1333 2812 ὥστε
1369 2760 1507 2830 πρὸς
1546 2760 1653 2811 πᾶν
1702 2754 1842 2821 εἶδος

248 2851 483 2919 ἀνομίας
519 2850 935 2923 ὲκτραχηλίζειν
964 2851 1161 2905 αἰητούς
1184 2866 1199 2881 ⁸
1242 2851 1331 2905 διὰ
1355 2851 1411 2904 δὲ
1443 2853 1503 2902 τὸ
1527 2848 1843 2920 πληθυνθῆ-

250 2962 345 2998 ναι
366 2945 464 3013 τὴν
499 2944 731 3013 ἀνομίαν
770 2946 833 2997 ἐκ
866 2945 966 3014 τῆς
1027 2944 1239 3012 πλάνης
1285 2923 1381 2995 τού
1448 2942 1841 3012 Ἀντιχρίστου,

251 3035 761 3109 ἑκθηριωθήσονται
806 3037 857 3088 oi.
891 3034 1193 3106 ἄνθρωποι,
1233 3034 1309 3098 ὡς
1375 3033 1513 3104 μηδὲ
1560 3032 1696 3103 πρὸς
1721 3032 1846 3094 τοὺς

249 3128 622 3190 οἰκειοτάτους
657 3127 852 3191 σώζειν
893 3128 1100 3197 ίκμάδα
1128 3127 1252 3179 τινά
1296 3126 1542 3195 ἀγάπης,
1580 3125 1714 3179 ἀλλὰ
1746 3142 1847 3177 πα-

254 3216 566 3287 ραδίδοσθαι
593 3216 683 3270 ὑπ’
711 3216 957 3287 ἀλλήλων
980 3234 995 3249 ο
1019 3218 1047 3270 ό
1073 3217 1129 3269 δὲ
1154 3218 1281 3287 ἄχρι
1309 3216 1497 3277 τέλους
1520 3216 1844 3283 ὑπομείνας,

252 3309 353 3361 καὶ
401 3310 749 3379 καρτερικῶς
806 3308 1008 3380 φέρων,
1061 3310 1153 3362 καὶ
1207 3309 1281 3379 μὴ
1345 3308 1530 3370 ἐνδοὺς
1584 3305 1719 3376 πρὸς
1779 3306 1849 3359 τὰ

254 3398 593 3468 ἱπαγόμενα,
626 3399 935 3468 σωθήσεται
967 3397 1041 3461 ὡς
1070 3397 1293 3467 δόκιμος
1337 3395 1679 3467 στρατιώτης
1711 3398 1849 3449 ἀνα⁴¹

256 3489 471 3557 φανείς.

336 3599 354 3630 t
394 3578 503 3633 Καὶ
536 3578 943 3650 κηρυχθήσεται
977 3578 1137 3631 τοῦτο
1166 3578 1227 3631 τὸ
1262 3580 1592 3646 Εὑαγγέλιον
1623 3580 1720 3647 τῆς
1749 3577 1848 3647 βα-

258 3669 467 3731 σιλείας
524 3671 582 3721 ὲν
625 3670 724 3741 ὅλῃ
751 3673 817 3739 τῇ
874 3669 1197 3740 οἰκουμένῃ,
1252 3670 1334 3731 εἰς
1372 3669 1675 3738 μαρτύριον
1712 3669 1848 3720 πᾶσι

253 3764 369 3825 τοῖς
400 3760 599 3828 ἔθνεσι,
624 3761 721 3814 καὶ
741 3760 862 3813 τότε
883 3761 1005 3831 ήξει
1028 3758 1087 3812 τὸ
1117 3761 1289 3822 τέλος.
1328 3778 1345 3810 ι
1377 3760 1492 3813 Οὐκ
1515 3758 1851 3829 ὲμποδισθήο·

256 3854 418 3908 σεσθε
444 3854 522 3916 είς
548 3854 609 3905 τὸ
633 3852 951 3923 κηρύττειν,
986 3851 1261 3923 θαρρεῖτε.
1284 3851 1712 3922 Κηρυχθήσεται
1738 3850 1849 3921 γὰρ

253 3947 318 4000 τὸ
341 3946 674 4014 Εὑαγγέλιον
731 3946 788 3997 ὲν
819 3946 957 3997 πᾶσι
986 3948 1098 4007 τοῖς
1152 3944 1389 4006 ἔθνεσιν,
1413 3944 1493 4006 εἰς
1526 3943 1849 4014 μαρτύριον,

255 4038 536 4091 τουτέστιν
579 4038 659 4099 είς
707 4034 951 4107 ἔλεγχον,
1036 4039 1113 4098 είς
1139 4035 1477 4105 κατηγορίαν
1506 4034 1614 4087 τῶν
1649 4036 1724 4105 μὴ
1757 4053 1850 4087 πι-

258 4132 625 4194 στιυσάντων,
646 4131 739 4185 καὶ
756 4132 878 4183 τότε
910 4129 1031 4200 ἥξει
1058 4130 1119 4182 τὸ
1144 4128 1318 4193 τέλος,
1343 4128 1464 4197 οὐχὶ
1492 4126 1587 4181 τοῦ
1621 4128 1848 4198 κόσμου,

259 4224 397 4279 ἀλλά
423 4227 521 4295 τῆς
564 4222 944 4294 Ἱερουσαλήμ”
1014 4221 1121 4291 πρὸ
1176 4221 1286 4292 γὰρ
1338 4219 1434 4272 τοῦ
1491 4220 1694 4272 ἀλῶναι
1751 4220 1851 4289 τὴν

268 4314 630 4384 Ἰερουσαλὴμ
664 4311 946 4382 ἐκηρύχθη
981 4310 1042 4363 τὸ
1082 4309 1437 4377 Εὐαγγὲλιον,
1468 4309 1661 4379 ὥσπερ
1695 4310 1789 4361 καὶ
1824 4311 1853 4362 ό

260 4406 473 4470 Παῦλος
502 4405 672 4473 λέγει’
708 4403 817 4457 Τοῦ
848 4402 1181 4472 Εὑαγγελιόυ
1212 4400 1585 4473 κηρυχθέντα.Ι
1616 4402 1673 4454 ιν
1704 4400 1853 4472 πάσῃ

256 4498 326 4565 τῇ
367 4496 545 4548 κτίσει
571 4496 637 4565 τῇ
677 4492 768 4546 ὑπ’
800 4494 1053 4561 οὐρανόν.
1087 4492 1213 4545 Ὅτι
1242 4493 1352 4561 γάρ
1380 4492 1510 4559 περὶ
1537 4492 1631 4543 τοῦ
1662 4490 1851 4553 τέλους

1947 2018 2046 2068 tas,
2087 2007 2401 2076 refrigescet
2432 2006 2675 2061 cbaritas
2704 2005 3018 2060 multorum.
3054 2001 3157 2069 Qui
3196 2012 3373 2055 autem
3405 2015 3530 2071 per-

1942 2102 2277 2157 severaverit
2312 2116 2485 2169 usque
2515 2103 2567 2155 in
2604 2102 2764 2155 linem
2784 2142 2798 2165 ,
2844 2101 2929 2152 hic
2958 2098 3140 2152 salvus
3169 2098 3294 2150 erit.
3335 2114 3353 2147 ι
3383 2094 3531 2147 Prm-

1942 2198 2075 2252 dicit
2118 2204 2377 2251 eventura
2424 2195 2585 2266 130
2627 2193 2765 2247 mala
2789 2233 2804 2257 ,
2831 2192 3080 2245 animans
3111 2188 3405 2255 discipulos
3434 2201 3531 2255 per

1946 2295 2046 2348 hoc
2096 2294 2239 2363 quod
2293 2291 2557 2361 przedicit.
2617 2290 2752 2345 Nam
2808 2288 3184 2357 inexspectata
3238 2294 3446 2337 terrere
3475 2290 3533 2334 et

1946 2388 2165 2441 turbare
2198 2392 2627 2439 consueverunt.
2673 2381 3010 2449 Prmmitigat
3055 2378 3219 2448 igitur
3254 2378 3527 2437 timorem,

1944 2480 2285 2548 prtedicentlo
2331 2478 2511 2533 futura
2550 2478 2762 2547 gravia.
2792 2474 2939 2536 odia,
2983 2470 3323 2533 inimicitias,
3362 2467 3533 2521 (υσθυε

1945 2578 2146 2642 siones,
2177 2574 2701 2645 pseudoproplietas,
2729 2570 2818 2638 qui
2855 2580 3229 2637 praecursores
3260 2573 3385 2618 sunt
3420 2562 3535 2614 An-

1946 2669 2215 2733 tichristi,
2282 2668 2603 2723 sedticentes
2662 2665 2901 2729 multos,
2962 2664 3036 2717 ita
3102 2670 3160 2715 ut
3214 2662 3267 2713 ia
3314 2674 3531 2712 omnem

1946 2762 2288 2831 iniquitatem
2332 2772 2427 2813 eos
2470 2756 2832 2827 pracipitent.
2878 2754 3235 2823 Quia‘autem
3271 2751 3534 2819 multipli-

1945 2857 2157 2909 cabitur
2185 2852 2451 2923 iniquitas
2491 2865 2586 2921 per
2621 2850 2952 2917 imposturas
2994 2847 3356 2909 Antichristi,
3388 2860 3532 2898 exa-

1946 2946 2312 3014 sperabuntur
2340 2952 2394 2997 et
2420 2940 2576 2995 efferi
2623 2950 2783 2995 erunt
2827 2939 3114 3003 homines,
3156 2938 3228 2990 ita
3270 2947 3327 2990 nt
3361 2951 3533 3004 neque

1947 3052 2071 3092 cum
2100 3034 2545 3091 familiarissimis
2575 3032 2742 3087 ullum
2783 3040 3006 3086 servent
3032 3030 3314 3085 charitatis
3352 3028 3535 3082 vincu-

1948 3131 2079 3193 lum,
2116 3130 2207 3184 sed
2238 3138 2482 3183 mutuum
2504 3142 2562 3181 se
2592 3124 2893 3180 tradant“.
2916 3122 3016 3188 Qui
3048 3132 3230 3176 autem
3262 3134 3428 3188 usque
3462 3120 3530 3172 ad

1952 3222 2113 3275 finem
2170 3215 2635 3287 perseveraverit,
2694 3225 2745 3269 et
2810 3214 3024 3270 fortiter
3087 3213 3303 3277 tulerit,
3364 3225 3540 3280 neque

1950 3311 2178 3367 cesserit
2222 3309 2309 3364 his
2356 3323 2476 3377 qua:
2527 3306 2875 3369 inferuntur,
2921 3312 3049 3359 tunc
3091 3301 3275 3358 salvus
3319 3302 3444 3363 erit,
3484 3308 3543 3357 et

1950 3400 2395 3472 comproliabitnr
2415 3408 2671 3455 strenuus
2694 3394 2867 3451 miles.

2026 3580 2190 3641 Vens,
2216 3578 2301 3634 Η.
2336 3597 2353 3631 ι
2387 3576 2453 3635 Et
2475 3574 2858 3645 praedicabitur
2880 3577 2983 3629 hoc
3014 3572 3361 3641 Evangelium
3390 3572 3541 3641 regni

1952 3673 2005 3726 in
2038 3672 2293 3724 universo
2321 3670 2474 3734 orbe,
2501 3669 2555 3723 in
2586 3668 2961 3723 testimonium
2987 3666 3241 3720 omnibus
3264 3666 3541 3733 gentibus,

1952 3772 2007 3817 et
2038 3774 2166 3815 tunc
2192 3760 2371 3815 veniet
2401 3759 2823 3813 consummatio.
2866 3774 2883 3808 ι
2925 3754 3041 3810 Non
3072 3755 3178 3809 erit
3212 3754 3365 3809 vobis
3396 3768 3539 3823 ιιι-οε-
3594 3782 3595 3787 η

1952 3852 2169 3906 dicandi
2210 3850 2544 3905 obstaculum
2569 3888 2585 3913 ,
2633 3848 2933 3917 conﬁdite,
2981 3846 3370 3917 praedicabitur
3396 3846 3544 3901 enim

1952 3942 2305 4014 Evangelium
2353 3941 2406 3995 in
2446 3941 2705 3997 omnibus
2740 3940 3018 4010 gentibus,
3050 3940 3103 3994 in
3143 3940 3543 4005 testimonium,

1954 4038 2058 4093 hoc
2106 4044 2228 4101 est,
2287 4036 2339 4089 in
2397 4033 2879 4103 reprehensionem
2929 4042 2983 4087 et
3034 4032 3545 4086 condemnationem

1954 4144 2140 4184 eorum
2169 4126 2259 4197 qui
2291 4140 2396 4182 non
2424 4126 2772 4181 crediderunt
2798 4144 2812 4179 :
2843 4135 2898 4179 et
2926 4136 3053 4180 tunc
3085 4123 3263 4180 veniet
3287 4139 3546 4179 consum-

1956 4221 2157 4285 matio,
2211 4234 2317 4273 non
2377 4217 2609 4284 mundi,
2669 4219 2765 4272 sed
2822 4216 3186 4272 Hierusalem.
3235 4216 3369 4271 Nam
3421 4228 3547 4271 ante

1954 4321 2168 4383 captam
2220 4308 2559 4366 Hierusalem
2617 4309 2981 4379 praedicatum.
3027 4318 3111 4363 est
3168 4308 3543 4377 Evangelium,

1955 4404 2098 4459 sicut
2125 4412 2179 4459 et
2220 4400 2415 4455 Paulus
2448 4400 2577 4455 dicit
2608 4416 2623 4453 :
2662 4398 2970 4468 Evangelii,
3010 4402 3155 4468 quod
3192 4398 3549 4468 praedicatum

1956 4506 2041 4552 est
2069 4497 2120 4550 in
2152 4495 2299 4549 omni
2342 4510 2460 4564 quae
2494 4496 2594 4548 sub
2625 4494 2765 4549 caelo
2797 4503 3075 4549 creatura.
3112 4490 3244 4546 Nunt
3293 4489 3437 4562 quod
3484 4494 3549 4548 de

258 4586 369 4639 τῶν
410 4585 801 4657 Ἱεροσολύμων
826 4584 994 4653 λέγει,
1034 4582 1196 4652 δῆλον
1220 4582 1328 4635 ἀπὸ
1375 4580 1484 4634 τῶν
1512 4581 1639 4651 ἑξῆς
1666 4597 1677 4609 ο
1716 4582 1845 4649 φησὶ

1961 4589 2067 4641 line
2097 4585 2599 4656 Hierosolymorum
2632 4586 2811 4650 dicat,
2846 4583 3197 4638 manifestum
3232 4596 3315 4638 est
3355 4600 3416 4639 ex
3458 4600 3548 4641 se-

260 4678 392 4731 γάρ’

273 4693 336 4731 γα
377 4693 392 4705 -

273 4722 285 4745 .
340 4693 370 4821 rp
408 4768 579 4823 Ὅταν
632 4761 726 4822 οὖν
784 4766 929 4836 ίδητε
959 4764 1021 4818 τὸ
1052 4763 1329 4836 βδέλυγμα
1358 4764 1456 4833 τῆς
1490 4763 1847 4835 ἐρημώσεως,

259 4862 323 4917 τὸ
357 4860 520 4934 ῥηθὲν
550 4859 637 4916 διὰ
662 4859 862 4930 Δανιὴλ
916 4858 1010 4913 τοῦ
1042 4859 1348 4928 προφήτου,
1379 4856 1549 4919 ἑστὼς
1601 4856 1660 4907 ὲν
1701 4854 1851 4924 τόπῳ
1910 4846 1913 4847 ν

263 4953 424 5023 ἁγίῳ,
455 4953 483 5005 ὀ
514 4949 908 5020 ἀναγινώσκων
938 4950 1146 5005 νοείτω.
1191 4968 1209 5001 ι
1259 4948 1547 5017 Βδέλυγμα
1578 4948 1679 5017 τῆς
1717 4948 1851 5017 ἐρη-

267 5043 497 5116 μώσεως
537 5042 635 5113 τὴν
684 5042 886 5112 στήλην
916 5040 1063 5109 λέγει
1100 5040 1192 5094 τοῦ
1214 5041 1312 5111 τὴν
1345 5041 1500 5093 πόλιν
1535 5040 1848 5111 κρατήσαν-

260 5158 377 5205 τος,
428 5140 495 5211 ἢν
548 5138 773 5209 εστησιν
828 5138 885 5189 ὲν
933 5140 1045 5199 τοῖς
1078 5136 1292 5198 ἀδύτοις
1315 5135 1410 5189 τοῦ
1436 5134 1569 5188 ναοῦ
1591 5151 1602 5163 ·
1636 5134 1853 5205 ἐρημώ-

268 5246 405 5294 σεως
435 5230 530 5299 μὶν
562 5224 677 5291 οὖν,
703 5228 838 5281 διότι
868 5226 1146 5298 ἑπορθήθη
1172 5228 1205 5296 ἠ
1240 5228 1394 5305 πόλις
1414 5242 1427 5257 ⁸
1463 5227 1743 5297 βδέλυγμα
1771 5226 1852 5288 δὲ,

264 5323 401 5378 διά-ι
452 5324 548 5385 τὰς
610 5321 811 5391 στήλας
840 5322 1055 5382 καὶτὰς
1114 5320 1329 5383 εἰκόνας
1356 5320 1464 5372 τῶν
1514 5320 1847 5389 ἀνθρώπων,

268 5414 616 5487 βδελύγματα
650 5412 932 5483 ὠνόμαζον
989 5414 1036 5464 οἱ
1106 5411 1369 5483 Ἑϐραῖοι,
1424 5412 1523 5480 τὴν
1575 5411 1857 5464 εἰδωλολα-

267 5508 427 5578 τρίαν
456 5504 769 5576 μισοῦντες.

347 5619 364 5650 ι
403 5600 537 5652 Τότε
560 5599 610 5651 οἱ
642 5601 697 5651 ὲν
724 5602 790 5670 τῇ
835 5598 1081 5669 Ἰουδαίᾳ,
1113 5599 1470 5667 φευγέτωσαν
1500 5597 1591 5650 ἐπὶ
1614 5599 1681 5651 τὰ
1722 5598 1847 5667 δρη-

272 5693 301 5745 ό
336 5691 428 5744 ἐπὶ
451 5688 543 5743 τοῦ
568 5687 835 5761 δώματος,
877 5690 953 5763 μὴ
984 5690 1360 5747 καταϐαινέτω
1400 5688 1533 5766 ἆραι
1563 5692 1628 5745 τὰ
1663 5692 1727 5745 ὲκ
1758 5691 1858 5761 τῆς

342 5867 387 5900 δ’
413 5865 626 5923 Coloss.
668 5882 704 5921 t.

1876 4629 1931 4689 D

1958 4678 2271 4747 quentibus.
2309 4676 2450 4731 Dicit
2483 4676 2623 4730 ettitt‘
2662 4692 2677 4729 :

2031 4768 2197 4824 Vatis.
2257 4768 2343 4823 15.
2421 4788 2439 4821 ι
2475 4766 2609 4823 Cum
2678 4782 2832 4838 ergo,
2896 4768 3144 4824 videritis
3189 4769 3552 4825 abominatio-

1962 4878 2084 4917 nem
2117 4860 2492 4925 desolationis,
2520 4876 2641 4931 quae
2671 4862 2814 4915 dicta
2842 4872 2928 4917 est
2948 4878 2977 4916 a
3013 4863 3231 4919 Daniele
3266 4863 3549 4932 propheta,

1962 4962 2197 5007 stantem
2251 4952 2303 5005 in
2358 4950 2480 5005 loco
2532 4960 2759 5013 sancto.
2810 4953 2899 5020 qui
2962 4951 3124 5023 legit,
3182 4954 3468 5024 inteiligat.
3529 4973 3551 5007 ι

1957 5048 2431 5103 Abominationem
2477 5047 2833 5101 desolationis
2872 5047 3005 5101 dicit
3040 5057 3273 5101 statuam
3314 5048 3430 5116 ejus
3457 5054 3557 5117 qui

1960 5142 2167 5195 civitati
2205 5140 2527 5210 imperavit,
2578 5154 2740 5208 quam
2792 5140 2966 5194 erexit
3010 5140 3062 5193 in
3116 5139 3293 5209 adytis
3342 5142 3551 5207 templi.

1963 5224 2327 5289 Desolationis
2373 5243 2555 5287 autem
2609 5232 2841 5297 dicitur,
2893 5247 2959 5287 co
3002 5233 3144 5301 quod
3192 5233 3553 5301 expugnanda

1965 5336 2109 5381 esset
2139 5324 2353 5381 civitas.
2386 5326 2735 5381 Abominatio
2766 5340 2896 5380 vero
2924 5366 2938 5388 ,
2976 5340 3040 5379 eo
3069 5324 3214 5395 quod
3256 5336 3469 5380 statuas
3503 5335 3557 5379 et

1967 5418 2231 5487 imagines
2254 5418 2533 5471 hominum
2562 5416 2773 5472 Hebraei
2802 5418 3237 5473 abominationcs
3261 5417 3552 5478 vocabant,

1970 5509 2093 5563 odio
2125 5508 2464 5562 idololatriae.

2043 5596 2205 5651 Vens.
2247 5595 2337 5650 i6.
2384 5613 2401 5647 t
2442 5595 2591 5651 Tunc
2624 5596 2678 5649 hi
2722 5596 2811 5664 qui
2848 5595 2900 5649 in
2932 5592 3114 5651 Iudaea
3151 5610 3272 5648 sunt
3298 5633 3311 5656 ,
3349 5593 3557 5665 fugiant

1970 5689 2023 5744 in
2048 5699 2261 5746 montes
2297 5704 2310 5742 :
2346 5689 2390 5745 is
2419 5688 2594 5760 quirin
2637 5696 2799 5755 tecto,
2836 5702 2945 5742 non
2978 5686 3270 5741 descendat
3306 5692 3364 5739 ut
3406 5684 3558 5742 tollat
