  <div class='ocr_page' id='page_1' title='image "/cluster/home/n/w/nwhite01/storage/ocr_20150623/123/pst.000005714384/211.png"; bbox 0 0 4080 6336; ppageno 0'>
   <div class='ocr_carea' id='block_1_1' title="bbox 596 412 696 476">
    <p class='ocr_par' dir='ltr' id='par_1_1' title="bbox 596 412 696 476">
     <span class='ocr_line' id='line_1_1' title="bbox 596 412 696 476; baseline 0.03 -3"><span class='ocrx_word' id='word_1_1' title='bbox 596 412 696 476; x_wconf 73' lang='grc'><strong>411</strong></span> 
     </span>
    </p>
   </div>
   <div class='ocr_carea' id='block_1_2' title="bbox 1476 388 2907 466">
    <p class='ocr_par' dir='ltr' id='par_1_2' title="bbox 1476 388 2907 466">
     <span class='ocr_line' id='line_1_2' title="bbox 1476 388 2907 466; baseline -0.01 0"><span class='ocrx_word' id='word_1_2' title='bbox 1476 399 2047 466; x_wconf 82' lang='lat' dir='ltr'><strong>THEOPIIYLACT]</strong></span> <span class='ocrx_word' id='word_1_3' title='bbox 2096 396 2505 458; x_wconf 69' lang='lat' dir='ltr'><strong>BULGARIzE</strong></span> <span class='ocrx_word' id='word_1_4' title='bbox 2546 388 2907 454; x_wconf 79' lang='lat' dir='ltr'><strong>ARCHIEP.</strong></span> 
     </span>
    </p>
   </div>
   <div class='ocr_carea' id='block_1_3' title="bbox 3739 375 3840 443">
    <p class='ocr_par' dir='ltr' id='par_1_3' title="bbox 3739 375 3840 443">
     <span class='ocr_line' id='line_1_3' title="bbox 3739 375 3840 443; baseline 0.04 -4"><span class='ocrx_word' id='word_1_5' title='bbox 3739 375 3840 443; x_wconf 74' lang='grc'><strong>412</strong></span> 
     </span>
    </p>
   </div>
   <div class='ocr_carea' id='block_1_4' title="bbox 595 489 2159 594">
    <p class='ocr_par' dir='ltr' id='par_1_4' title="bbox 595 514 2159 594">
     <span class='ocr_line' id='line_1_4' title="bbox 595 514 2159 594; baseline -0.01 -16"><span class='ocrx_word' id='word_1_6' title='bbox 595 525 890 594; x_wconf 84' lang='lat' dir='ltr'><strong>quidquam</strong></span> <span class='ocrx_word' id='word_1_7' title='bbox 933 523 997 577; x_wconf 89' lang='lat' dir='ltr'><strong>de</strong></span> <span class='ocrx_word' id='word_1_8' title='bbox 1040 521 1198 574; x_wconf 90' lang='lat' dir='ltr'><strong>dom&#39;o</strong></span> <span class='ocrx_word' id='word_1_9' title='bbox 1246 532 1386 574; x_wconf 86' lang='lat' dir='ltr'><strong>sua:</strong></span> <span class='ocrx_word' id='word_1_10' title='bbox 1437 524 1491 572; x_wconf 89' lang='lat' dir='ltr'><strong>et</strong></span> <span class='ocrx_word' id='word_1_11' title='bbox 1542 517 1587 570; x_wconf 90' lang='lat' dir='ltr'><strong>is</strong></span> <span class='ocrx_word' id='word_1_12' title='bbox 1624 514 1716 585; x_wconf 91' lang='lat' dir='ltr'><strong>qui</strong></span> <span class='ocrx_word' id='word_1_13' title='bbox 1767 514 1823 568; x_wconf 85' lang='lat' dir='ltr'><strong>in</strong></span> <span class='ocrx_word' id='word_1_14' title='bbox 1867 526 2018 583; x_wconf 92' lang='lat' dir='ltr'><strong>agro,</strong></span> <span class='ocrx_word' id='word_1_15' title='bbox 2062 523 2159 565; x_wconf 86' lang='lat' dir='ltr'><strong>non</strong></span> 
     </span>
    </p>
   </div>
   <div class='ocr_carea' id='block_1_5' title="bbox 2263 489 3838 594">
    <p class='ocr_par' dir='ltr' id='par_1_5' title="bbox 2270 489 3838 571">
     <span class='ocr_line' id='line_1_5' title="bbox 2270 489 3838 571; baseline -0.011 -11"><span class='ocrx_word' id='word_1_16' title='bbox 2270 507 2453 571; x_wconf 77' lang='grc' dir='ltr'><strong>οἰκίας.</strong></span> <span class='ocrx_word' id='word_1_17' title='bbox 2480 503 2669 570; x_wconf 81' lang='grc' dir='ltr'>αὐτοῦ,</span> <span class='ocrx_word' id='word_1_18' title='bbox 2715 499 2810 557; x_wconf 81' lang='grc' dir='ltr'>καὶ</span> <span class='ocrx_word' id='word_1_19' title='bbox 2834 502 2864 555; x_wconf 93' lang='lat'><strong>6</strong></span> <span class='ocrx_word' id='word_1_20' title='bbox 2894 501 2953 553; x_wconf 78' lang='grc' dir='ltr'>ὲν</span> <span class='ocrx_word' id='word_1_21' title='bbox 3009 496 3088 568; x_wconf 80' lang='grc' dir='ltr'><strong>τῷ</strong></span> <span class='ocrx_word' id='word_1_22' title='bbox 3116 495 3292 567; x_wconf 83' lang='grc' dir='ltr'><strong>ἀγρῷ,</strong></span> <span class='ocrx_word' id='word_1_23' title='bbox 3343 493 3418 563; x_wconf 79' lang='grc' dir='ltr'>μὴ</span> <span class='ocrx_word' id='word_1_24' title='bbox 3457 489 3838 560; x_wconf 69' lang='grc' dir='ltr'><strong>ἐπιστρεψάτω</strong></span> 
     </span>
    </p>
   </div>
   <div class='ocr_carea' id='block_1_6' title="bbox 600 606 2164 671">
    <p class='ocr_par' dir='ltr' id='par_1_6' title="bbox 600 606 2164 671">
     <span class='ocr_line' id='line_1_6' title="bbox 600 606 2164 671; baseline -0.008 -1"><span class='ocrx_word' id='word_1_25' title='bbox 600 623 904 671; x_wconf 76' lang='lat' dir='ltr'><strong>revertatur</strong></span> <span class='ocrx_word' id='word_1_26' title='bbox 937 622 992 666; x_wconf 94' lang='lat' dir='ltr'><strong>ut</strong></span> <span class='ocrx_word' id='word_1_27' title='bbox 1023 611 1171 667; x_wconf 85' lang='lat' dir='ltr'><strong>toll’at</strong></span> <span class='ocrx_word' id='word_1_28' title='bbox 1201 620 1378 666; x_wconf 81' lang='lat' dir='ltr'><strong>vestes</strong></span> <span class='ocrx_word' id='word_1_29' title='bbox 1406 624 1553 664; x_wconf 82' lang='lat' dir='ltr'><strong>suas.</strong></span> <span class='ocrx_word' id='word_1_30' title='bbox 1587 626 1605 660; x_wconf 83' lang='grc' dir='ltr'><strong>ι</strong></span> <span class='ocrx_word' id='word_1_31' title='bbox 1640 606 1923 660; x_wconf 84' lang='lat' dir='ltr'><strong>lnsinuans</strong></span> <span class='ocrx_word' id='word_1_32' title='bbox 1951 619 2164 659; x_wconf 83' lang='lat' dir='ltr'><strong>summa</strong></span> 
     </span>
    </p>
   </div>
   <div class='ocr_carea' id='block_1_7' title="bbox 600 697 2166 777">
    <p class='ocr_par' dir='ltr' id='par_1_7' title="bbox 600 697 2166 777">
     <span class='ocr_line' id='line_1_7' title="bbox 600 697 2166 777; baseline -0.006 -18"><span class='ocrx_word' id='word_1_33' title='bbox 600 708 836 777; x_wconf 85' lang='lat' dir='ltr'><strong>pericula</strong></span> <span class='ocrx_word' id='word_1_34' title='bbox 865 719 984 773; x_wconf 68' lang='lat' dir='ltr'><strong>qua:</strong></span> <span class='ocrx_word' id='word_1_35' title='bbox 1006 703 1158 758; x_wconf 85' lang='lat' dir='ltr'><strong>evadi</strong></span> <span class='ocrx_word' id='word_1_36' title='bbox 1187 718 1294 757; x_wconf 88' lang='lat' dir='ltr'><strong>non</strong></span> <span class='ocrx_word' id='word_1_37' title='bbox 1327 709 1571 772; x_wconf 87' lang='lat' dir='ltr'><strong>possunt,</strong></span> <span class='ocrx_word' id='word_1_38' title='bbox 1601 699 1778 768; x_wconf 93' lang='lat' dir='ltr'><strong>inquit</strong></span> <span class='ocrx_word' id='word_1_39' title='bbox 1832 697 1973 766; x_wconf 90' lang='lat' dir='ltr'><strong>quod</strong></span> <span class='ocrx_word' id='word_1_40' title='bbox 2005 710 2166 765; x_wconf 69' lang='grc' dir='ltr'>οροτι</span> 
     </span>
    </p>
   </div>
   <div class='ocr_carea' id='block_1_8' title="bbox 600 789 2162 866">
    <p class='ocr_par' dir='ltr' id='par_1_8' title="bbox 600 789 2162 866">
     <span class='ocr_line' id='line_1_8' title="bbox 600 789 2162 866; baseline -0.006 -13"><span class='ocrx_word' id='word_1_41' title='bbox 600 806 710 853; x_wconf 82' lang='lat' dir='ltr'><strong>teat</strong></span> <span class='ocrx_word' id='word_1_42' title='bbox 740 797 922 866; x_wconf 82' lang='lat' dir='ltr'><strong>fugere</strong></span> <span class='ocrx_word' id='word_1_43' title='bbox 953 810 1059 851; x_wconf 89' lang='lat' dir='ltr'><strong>non</strong></span> <span class='ocrx_word' id='word_1_44' title='bbox 1093 795 1431 866; x_wconf 88' lang='lat' dir='ltr'><strong>respiciendo</strong></span> <span class='ocrx_word' id='word_1_45' title='bbox 1460 807 1633 861; x_wconf 84' lang='lat' dir='ltr'><strong>neque</strong></span> <span class='ocrx_word' id='word_1_46' title='bbox 1663 792 1905 847; x_wconf 84' lang='lat' dir='ltr'><strong>curando</strong></span> <span class='ocrx_word' id='word_1_47' title='bbox 1940 792 2068 860; x_wconf 89' lang='lat' dir='ltr'><strong>quid</strong></span> <span class='ocrx_word' id='word_1_48' title='bbox 2109 789 2162 843; x_wconf 89' lang='lat' dir='ltr'><strong>in</strong></span> 
     </span>
    </p>
   </div>
   <div class='ocr_carea' id='block_1_9' title="bbox 600 884 2162 953">
    <p class='ocr_par' dir='ltr' id='par_1_9' title="bbox 600 884 2162 953">
     <span class='ocr_line' id='line_1_9' title="bbox 600 884 2162 953; baseline -0.006 -9"><span class='ocrx_word' id='word_1_49' title='bbox 600 891 759 944; x_wconf 90' lang='lat' dir='ltr'><strong>domo</strong></span> <span class='ocrx_word' id='word_1_50' title='bbox 789 890 877 953; x_wconf 85' lang='lat' dir='ltr'><strong>sit,</strong></span> <span class='ocrx_word' id='word_1_51' title='bbox 913 890 997 942; x_wconf 79' lang='lat' dir='ltr'><strong>vel</strong></span> <span class='ocrx_word' id='word_1_52' title='bbox 1033 885 1242 951; x_wconf 80' lang='lat' dir='ltr'><strong>vestes,</strong></span> <span class='ocrx_word' id='word_1_53' title='bbox 1269 886 1355 940; x_wconf 88' lang='lat' dir='ltr'><strong>vel</strong></span> <span class='ocrx_word' id='word_1_54' title='bbox 1389 887 1492 940; x_wconf 88' lang='lat' dir='ltr'><strong>alia</strong></span> <span class='ocrx_word' id='word_1_55' title='bbox 1527 901 1678 942; x_wconf 87' lang='lat' dir='ltr'><strong>vasa.</strong></span> <span class='ocrx_word' id='word_1_56' title='bbox 1715 884 1945 951; x_wconf 84' lang='lat' dir='ltr'><strong>Quidam</strong></span> <span class='ocrx_word' id='word_1_57' title='bbox 1979 891 2162 938; x_wconf 81' lang='lat' dir='ltr'><strong>autem</strong></span> 
     </span>
    </p>
   </div>
   <div class='ocr_carea' id='block_1_10' title="bbox 596 975 2166 1035">
    <p class='ocr_par' dir='ltr' id='par_1_10' title="bbox 596 975 2166 1035">
     <span class='ocr_line' id='line_1_10' title="bbox 596 975 2166 1035; baseline -0.004 -2"><span class='ocrx_word' id='word_1_58' title='bbox 596 981 1047 1035; x_wconf 86' lang='lat' dir='ltr'><strong>ahominationem</strong></span> <span class='ocrx_word' id='word_1_59' title='bbox 1087 980 1434 1035; x_wconf 85' lang='lat' dir='ltr'><strong>desolationis</strong></span> <span class='ocrx_word' id='word_1_60' title='bbox 1461 980 1507 1011; x_wconf 83' lang='lat'><strong>&#39;°</strong></span> <span class='ocrx_word' id='word_1_61' title='bbox 1559 978 1947 1033; x_wconf 85' lang='lat' dir='ltr'><strong>Antichristum</strong></span> <span class='ocrx_word' id='word_1_62' title='bbox 1979 975 2166 1029; x_wconf 77' lang='lat' dir='ltr'><strong>existi-</strong></span> 
     </span>
    </p>
   </div>
   <div class='ocr_carea' id='block_1_11' title="bbox 595 1067 2160 1140">
    <p class='ocr_par' dir='ltr' id='par_1_11' title="bbox 595 1067 2160 1140">
     <span class='ocr_line' id='line_1_11' title="bbox 595 1067 2160 1140; baseline -0.004 -16"><span class='ocrx_word' id='word_1_63' title='bbox 595 1079 826 1136; x_wconf 86' lang='lat' dir='ltr'><strong>mantes,</strong></span> <span class='ocrx_word' id='word_1_64' title='bbox 858 1085 923 1125; x_wconf 81' lang='lat' dir='ltr'><strong>eo</strong></span> <span class='ocrx_word' id='word_1_65' title='bbox 958 1073 1098 1140; x_wconf 91' lang='lat' dir='ltr'><strong>quod</strong></span> <span class='ocrx_word' id='word_1_66' title='bbox 1132 1081 1438 1126; x_wconf 83' lang='lat' dir='ltr'><strong>vastaturus</strong></span> <span class='ocrx_word' id='word_1_67' title='bbox 1473 1071 1727 1126; x_wconf 85' lang='lat' dir='ltr'><strong>mundum</strong></span> <span class='ocrx_word' id='word_1_68' title='bbox 1782 1078 1834 1122; x_wconf 89' lang='lat' dir='ltr'><strong>et</strong></span> <span class='ocrx_word' id='word_1_69' title='bbox 1868 1067 2160 1123; x_wconf 87' lang='lat' dir='ltr'><strong>subversu-</strong></span> 
     </span>
    </p>
   </div>
   <div class='ocr_carea' id='block_1_12' title="bbox 597 1160 2164 1231">
    <p class='ocr_par' dir='ltr' id='par_1_12' title="bbox 597 1160 2164 1231">
     <span class='ocr_line' id='line_1_12' title="bbox 597 1160 2164 1231; baseline -0.001 -16"><span class='ocrx_word' id='word_1_70' title='bbox 597 1176 693 1215; x_wconf 85' lang='lat' dir='ltr'><strong>rus</strong></span> <span class='ocrx_word' id='word_1_71' title='bbox 729 1164 796 1216; x_wconf 87' lang='lat' dir='ltr'><strong>sit</strong></span> <span class='ocrx_word' id='word_1_72' title='bbox 827 1163 1108 1230; x_wconf 75' lang='lat' dir='ltr'><strong>ecclesias,</strong></span> <span class='ocrx_word' id='word_1_73' title='bbox 1143 1178 1206 1217; x_wconf 86' lang='lat' dir='ltr'><strong>ac</strong></span> <span class='ocrx_word' id='word_1_74' title='bbox 1239 1178 1488 1218; x_wconf 82' lang='lat' dir='ltr'><strong>sessurus</strong></span> <span class='ocrx_word' id='word_1_75' title='bbox 1518 1165 1567 1216; x_wconf 89' lang='lat' dir='ltr'><strong>in</strong></span> <span class='ocrx_word' id='word_1_76' title='bbox 1607 1163 1826 1230; x_wconf 87' lang='lat' dir='ltr'><strong>templo,</strong></span> <span class='ocrx_word' id='word_1_77' title='bbox 1860 1160 2164 1231; x_wconf 85' lang='lat' dir='ltr'><strong>intelligunt</strong></span> 
     </span>
    </p>
   </div>
   <div class='ocr_carea' id='block_1_13' title="bbox 595 1251 2163 1322">
    <p class='ocr_par' dir='ltr' id='par_1_13' title="bbox 595 1251 2163 1322">
     <span class='ocr_line' id='line_1_13' title="bbox 595 1251 2163 1322; baseline 0.003 -19"><span class='ocrx_word' id='word_1_78' title='bbox 595 1259 644 1303; x_wconf 91' lang='lat' dir='ltr'><strong>et</strong></span> <span class='ocrx_word' id='word_1_79' title='bbox 678 1251 780 1305; x_wconf 91' lang='lat' dir='ltr'><strong>ista</strong></span> <span class='ocrx_word' id='word_1_80' title='bbox 819 1253 920 1316; x_wconf 91' lang='lat' dir='ltr'><strong>sic,</strong></span> <span class='ocrx_word' id='word_1_81' title='bbox 963 1254 1102 1321; x_wconf 88' lang='lat' dir='ltr'><strong>quod</strong></span> <span class='ocrx_word' id='word_1_82' title='bbox 1145 1255 1233 1322; x_wconf 93' lang='lat' dir='ltr'><strong>qui</strong></span> <span class='ocrx_word' id='word_1_83' title='bbox 1280 1255 1331 1306; x_wconf 93' lang='lat' dir='ltr'><strong>in</strong></span> <span class='ocrx_word' id='word_1_84' title='bbox 1385 1263 1523 1309; x_wconf 88' lang='lat' dir='ltr'><strong>tecto</strong></span> <span class='ocrx_word' id='word_1_85' title='bbox 1553 1264 1653 1320; x_wconf 87' lang='lat' dir='ltr'><strong>est,</strong></span> <span class='ocrx_word' id='word_1_86' title='bbox 1698 1255 1748 1308; x_wconf 92' lang='lat' dir='ltr'><strong>id</strong></span> <span class='ocrx_word' id='word_1_87' title='bbox 1795 1263 1896 1316; x_wconf 88' lang='lat' dir='ltr'><strong>est,</strong></span> <span class='ocrx_word' id='word_1_88' title='bbox 1936 1253 2163 1308; x_wconf 81' lang='lat' dir='ltr'><strong>excelsis</strong></span> 
     </span>
    </p>
   </div>
   <div class='ocr_carea' id='block_1_14' title="bbox 594 1341 2164 1410">
    <p class='ocr_par' dir='ltr' id='par_1_14' title="bbox 594 1341 2164 1410">
     <span class='ocr_line' id='line_1_14' title="bbox 594 1341 2164 1410; baseline 0.002 -17"><span class='ocrx_word' id='word_1_89' title='bbox 594 1341 889 1398; x_wconf 82' lang='lat' dir='ltr'><strong>virtutibus</strong></span> <span class='ocrx_word' id='word_1_90' title='bbox 928 1345 1204 1410; x_wconf 66' lang='lat' dir='ltr'><strong>praeditus,</strong></span> <span class='ocrx_word' id='word_1_91' title='bbox 1232 1360 1335 1397; x_wconf 89' lang='lat' dir='ltr'><strong>non</strong></span> <span class='ocrx_word' id='word_1_92' title='bbox 1371 1344 1663 1399; x_wconf 80' lang='lat' dir='ltr'><strong>descendat</strong></span> <span class='ocrx_word' id='word_1_93' title='bbox 1689 1360 1716 1398; x_wconf 93' lang='lat' dir='ltr'><strong>a</strong></span> <span class='ocrx_word' id='word_1_94' title='bbox 1742 1346 1968 1400; x_wconf 89' lang='lat' dir='ltr'><strong>summis</strong></span> <span class='ocrx_word' id='word_1_95' title='bbox 1997 1343 2164 1397; x_wconf 87' lang='lat' dir='ltr'><strong>virtu-</strong></span> 
     </span>
    </p>
   </div>
   <div class='ocr_carea' id='block_1_15' title="bbox 597 1433 2161 1506">
    <p class='ocr_par' dir='ltr' id='par_1_15' title="bbox 597 1433 2161 1506">
     <span class='ocr_line' id='line_1_15' title="bbox 597 1433 2161 1506; baseline 0.001 -20"><span class='ocrx_word' id='word_1_96' title='bbox 597 1433 747 1487; x_wconf 81' lang='lat' dir='ltr'><strong>tibus</strong></span> <span class='ocrx_word' id='word_1_97' title='bbox 769 1443 825 1487; x_wconf 93' lang='lat' dir='ltr'><strong>ut</strong></span> <span class='ocrx_word' id='word_1_98' title='bbox 862 1434 1012 1488; x_wconf 84' lang='lat' dir='ltr'><strong>tollat</strong></span> <span class='ocrx_word' id='word_1_99' title='bbox 1038 1450 1100 1489; x_wconf 87' lang='lat' dir='ltr'><strong>ea</strong></span> <span class='ocrx_word' id='word_1_100' title='bbox 1141 1451 1260 1504; x_wconf 84' lang='lat' dir='ltr'><strong>quae</strong></span> <span class='ocrx_word' id='word_1_101' title='bbox 1302 1447 1428 1490; x_wconf 90' lang='lat' dir='ltr'><strong>sunt</strong></span> <span class='ocrx_word' id='word_1_102' title='bbox 1462 1437 1730 1506; x_wconf 85' lang='lat' dir='ltr'><strong>corporis.</strong></span> <span class='ocrx_word' id='word_1_103' title='bbox 1777 1437 1974 1491; x_wconf 88' lang='lat' dir='ltr'><strong>Domus</strong></span> <span class='ocrx_word' id='word_1_104' title='bbox 2017 1435 2161 1489; x_wconf 90' lang='lat' dir='ltr'><strong>enim</strong></span> 
     </span>
    </p>
   </div>
   <div class='ocr_carea' id='block_1_16' title="bbox 597 1525 2159 1595">
    <p class='ocr_par' dir='ltr' id='par_1_16' title="bbox 597 1525 2159 1595">
     <span class='ocr_line' id='line_1_16' title="bbox 597 1525 2159 1595; baseline 0.004 -21"><span class='ocrx_word' id='word_1_105' title='bbox 597 1525 817 1590; x_wconf 64' lang='lat' dir='ltr'><strong>animae,</strong></span> <span class='ocrx_word' id='word_1_106' title='bbox 846 1539 1065 1592; x_wconf 89' lang='lat' dir='ltr'><strong>corpus.</strong></span> <span class='ocrx_word' id='word_1_107' title='bbox 1100 1525 1321 1592; x_wconf 82' lang='lat' dir='ltr'><strong>Oportet</strong></span> <span class='ocrx_word' id='word_1_108' title='bbox 1348 1536 1531 1580; x_wconf 86' lang='lat' dir='ltr'><strong>autem</strong></span> <span class='ocrx_word' id='word_1_109' title='bbox 1556 1536 1609 1580; x_wconf 86' lang='lat' dir='ltr'><strong>et</strong></span> <span class='ocrx_word' id='word_1_110' title='bbox 1636 1527 1703 1580; x_wconf 85' lang='lat' dir='ltr'><strong>ab</strong></span> <span class='ocrx_word' id='word_1_111' title='bbox 1729 1539 1858 1595; x_wconf 84' lang='lat' dir='ltr'><strong>agro</strong></span> <span class='ocrx_word' id='word_1_112' title='bbox 1887 1527 2159 1592; x_wconf 85' lang='lat' dir='ltr'><strong>secedere,</strong></span> 
     </span>
    </p>
   </div>
   <div class='ocr_carea' id='block_1_17' title="bbox 595 1609 2164 1689">
    <p class='ocr_par' dir='ltr' id='par_1_17' title="bbox 595 1609 2164 1689">
     <span class='ocr_line' id='line_1_17' title="bbox 595 1609 2164 1689; baseline 0.005 -23"><span class='ocrx_word' id='word_1_113' title='bbox 595 1611 700 1667; x_wconf 80' lang='lat' dir='ltr'><strong>hoc</strong></span> <span class='ocrx_word' id='word_1_114' title='bbox 731 1623 813 1668; x_wconf 87' lang='lat' dir='ltr'><strong>est</strong></span> <span class='ocrx_word' id='word_1_115' title='bbox 852 1609 1126 1670; x_wconf 75' lang='lat' dir='ltr'><strong>terrenis°</strong></span> <span class='ocrx_word' id='word_1_116' title='bbox 1156 1633 1282 1687; x_wconf 79' lang='lat' dir='ltr'><strong>ager</strong></span> <span class='ocrx_word' id='word_1_117' title='bbox 1325 1619 1467 1671; x_wconf 88' lang='lat' dir='ltr'><strong>enim</strong></span> <span class='ocrx_word' id='word_1_118' title='bbox 1501 1618 1615 1672; x_wconf 81' lang='lat' dir='ltr'><strong>vita</strong></span> <span class='ocrx_word' id='word_1_119' title='bbox 1632 1619 1730 1687; x_wconf 81' lang='grc' dir='ltr'>(α),</span> <span class='ocrx_word' id='word_1_120' title='bbox 1763 1633 1937 1689; x_wconf 89' lang='lat' dir='ltr'><strong>neque</strong></span> <span class='ocrx_word' id='word_1_121' title='bbox 1961 1629 2164 1675; x_wconf 83' lang='lat' dir='ltr'><strong>vestem</strong></span> 
     </span>
    </p>
   </div>
   <div class='ocr_carea' id='block_1_18' title="bbox 594 1704 2159 1780">
    <p class='ocr_par' dir='ltr' id='par_1_18' title="bbox 594 1704 2159 1780">
     <span class='ocr_line' id='line_1_18' title="bbox 594 1704 2159 1780; baseline 0.008 -24"><span class='ocrx_word' id='word_1_122' title='bbox 594 1704 785 1760; x_wconf 85' lang='lat' dir='ltr'><strong>tollere</strong></span> <span class='ocrx_word' id='word_1_123' title='bbox 810 1707 1048 1772; x_wconf 70' lang='lat' dir='ltr'><strong>malitiae,</strong></span> <span class='ocrx_word' id='word_1_124' title='bbox 1081 1723 1200 1778; x_wconf 69' lang='lat' dir='ltr'><strong>qua:</strong></span> <span class='ocrx_word' id='word_1_125' title='bbox 1228 1716 1378 1763; x_wconf 86' lang='lat' dir='ltr'><strong>vetus</strong></span> <span class='ocrx_word' id='word_1_126' title='bbox 1403 1719 1482 1762; x_wconf 86' lang='lat' dir='ltr'><strong>est</strong></span> <span class='ocrx_word' id='word_1_127' title='bbox 1510 1709 1672 1764; x_wconf 81' lang='lat' dir='ltr'><strong>vestis</strong></span> <span class='ocrx_word' id='word_1_128' title='bbox 1701 1725 1859 1780; x_wconf 87' lang='lat' dir='ltr'><strong>quam</strong></span> <span class='ocrx_word' id='word_1_129' title='bbox 1891 1713 2159 1768; x_wconf 82' lang='lat' dir='ltr'><strong>exuimus.</strong></span> 
     </span>
    </p>
   </div>
   <div class='ocr_carea' id='block_1_19' title="bbox 677 1879 2160 1957">
    <p class='ocr_par' dir='ltr' id='par_1_19' title="bbox 677 1879 2160 1957">
     <span class='ocr_line' id='line_1_19' title="bbox 677 1879 2160 1957; baseline 0.011 -27"><span class='ocrx_word' id='word_1_130' title='bbox 677 1879 840 1938; x_wconf 68' lang='lat' dir='ltr'><strong>Vens.</strong></span> <span class='ocrx_word' id='word_1_131' title='bbox 878 1884 961 1938; x_wconf 76' lang='lat' dir='ltr'><strong>i9.</strong></span> <span class='ocrx_word' id='word_1_132' title='bbox 1009 1902 1027 1936; x_wconf 81' lang='grc' dir='ltr'><strong>ι</strong></span> <span class='ocrx_word' id='word_1_133' title='bbox 1066 1886 1156 1939; x_wconf 73' lang='lat' dir='ltr'><strong>Va:</strong></span> <span class='ocrx_word' id='word_1_134' title='bbox 1193 1894 1371 1939; x_wconf 87' lang='lat' dir='ltr'><strong>autem</strong></span> <span class='ocrx_word' id='word_1_135' title='bbox 1405 1889 1800 1957; x_wconf 59' lang='lat' dir='ltr'><strong>pragnantibus</strong></span> <span class='ocrx_word' id='word_1_136' title='bbox 1829 1898 1884 1944; x_wconf 86' lang='lat' dir='ltr'><strong>et</strong></span> <span class='ocrx_word' id='word_1_137' title='bbox 1910 1891 2160 1946; x_wconf 88' lang='lat' dir='ltr'><strong>lactanti-</strong></span> 
     </span>
    </p>
   </div>
   <div class='ocr_carea' id='block_1_20' title="bbox 594 1975 2160 2054">
    <p class='ocr_par' dir='ltr' id='par_1_20' title="bbox 594 1975 2160 2054">
     <span class='ocr_line' id='line_1_20' title="bbox 594 1975 2160 2054; baseline 0.005 -23"><span class='ocrx_word' id='word_1_138' title='bbox 594 1978 694 2032; x_wconf 86' lang='lat' dir='ltr'><strong>bus</strong></span> <span class='ocrx_word' id='word_1_139' title='bbox 725 1981 776 2031; x_wconf 88' lang='lat' dir='ltr'><strong>in</strong></span> <span class='ocrx_word' id='word_1_140' title='bbox 807 1978 908 2032; x_wconf 88' lang='lat' dir='ltr'><strong>illis</strong></span> <span class='ocrx_word' id='word_1_141' title='bbox 942 1975 1152 2032; x_wconf 89' lang='lat' dir='ltr'><strong>diebus.</strong></span> <span class='ocrx_word' id='word_1_142' title='bbox 1193 1998 1211 2032; x_wconf 79' lang='grc' dir='ltr'><strong>ι</strong></span> <span class='ocrx_word' id='word_1_143' title='bbox 1251 1979 1592 2049; x_wconf 69' lang='grc' dir='ltr'>Ρηεεηοιιιεε</span> <span class='ocrx_word' id='word_1_144' title='bbox 1619 1982 1833 2050; x_wconf 87' lang='lat' dir='ltr'><strong>quidem</strong></span> <span class='ocrx_word' id='word_1_145' title='bbox 1865 1998 1972 2037; x_wconf 91' lang='lat' dir='ltr'><strong>non</strong></span> <span class='ocrx_word' id='word_1_146' title='bbox 2005 1997 2160 2054; x_wconf 83' lang='lat' dir='ltr'><strong>pute-</strong></span> 
     </span>
    </p>
   </div>
   <div class='ocr_carea' id='block_1_21' title="bbox 595 2070 2160 2141">
    <p class='ocr_par' dir='ltr' id='par_1_21' title="bbox 595 2070 2160 2141">
     <span class='ocr_line' id='line_1_21' title="bbox 595 2070 2160 2141; baseline 0.006 -19"><span class='ocrx_word' id='word_1_147' title='bbox 595 2079 723 2124; x_wconf 81' lang='lat' dir='ltr'><strong>ruut</strong></span> <span class='ocrx_word' id='word_1_148' title='bbox 780 2070 999 2138; x_wconf 86' lang='lat' dir='ltr'><strong>fugere,</strong></span> <span class='ocrx_word' id='word_1_149' title='bbox 1059 2083 1224 2125; x_wconf 81' lang='lat' dir='ltr'><strong>onere</strong></span> <span class='ocrx_word' id='word_1_150' title='bbox 1287 2072 1491 2125; x_wconf 87' lang='lat' dir='ltr'><strong>ventris</strong></span> <span class='ocrx_word' id='word_1_151' title='bbox 1551 2081 1837 2141; x_wconf 55' lang='lat' dir='ltr'><strong>gravata:</strong></span> <span class='ocrx_word' id='word_1_152' title='bbox 1899 2076 2160 2131; x_wconf 86' lang='lat' dir='ltr'><strong>lactantes</strong></span> 
     </span>
    </p>
   </div>
   <div class='ocr_carea' id='block_1_22' title="bbox 595 2165 2158 2236">
    <p class='ocr_par' dir='ltr' id='par_1_22' title="bbox 595 2165 2158 2236">
     <span class='ocr_line' id='line_1_22' title="bbox 595 2165 2158 2236; baseline 0.006 -23"><span class='ocrx_word' id='word_1_153' title='bbox 595 2173 775 2214; x_wconf 89' lang='lat' dir='ltr'><strong>autem</strong></span> <span class='ocrx_word' id='word_1_154' title='bbox 824 2173 1042 2230; x_wconf 87' lang='lat' dir='ltr'><strong>propter</strong></span> <span class='ocrx_word' id='word_1_155' title='bbox 1092 2165 1525 2232; x_wconf 86' lang='lat' dir='ltr'><strong>compassionem</strong></span> <span class='ocrx_word' id='word_1_156' title='bbox 1579 2177 1706 2233; x_wconf 84' lang='lat' dir='ltr'><strong>erga</strong></span> <span class='ocrx_word' id='word_1_157' title='bbox 1759 2182 1975 2236; x_wconf 87' lang='lat' dir='ltr'><strong>pueros.</strong></span> <span class='ocrx_word' id='word_1_158' title='bbox 2032 2167 2158 2225; x_wconf 82' lang='lat' dir='ltr'><strong>Illos</strong></span> 
     </span>
    </p>
   </div>
   <div class='ocr_carea' id='block_1_23' title="bbox 592 2253 2161 2328">
    <p class='ocr_par' dir='ltr' id='par_1_23' title="bbox 592 2253 2161 2328">
     <span class='ocr_line' id='line_1_23' title="bbox 592 2253 2161 2328; baseline 0.008 -25"><span class='ocrx_word' id='word_1_159' title='bbox 592 2253 736 2305; x_wconf 81' lang='lat' dir='ltr'><strong>enim</strong></span> <span class='ocrx_word' id='word_1_160' title='bbox 771 2254 1073 2323; x_wconf 86' lang='lat' dir='ltr'><strong>relinquere</strong></span> <span class='ocrx_word' id='word_1_161' title='bbox 1106 2267 1405 2324; x_wconf 87' lang='lat' dir='ltr'><strong>nequeunt,</strong></span> <span class='ocrx_word' id='word_1_162' title='bbox 1439 2270 1612 2326; x_wconf 87' lang='lat' dir='ltr'><strong>neque</strong></span> <span class='ocrx_word' id='word_1_163' title='bbox 1641 2271 1823 2312; x_wconf 82' lang='lat' dir='ltr'><strong>secum</strong></span> <span class='ocrx_word' id='word_1_164' title='bbox 1857 2271 2073 2328; x_wconf 79' lang='lat' dir='ltr'><strong>portare</strong></span> <span class='ocrx_word' id='word_1_165' title='bbox 2104 2271 2161 2316; x_wconf 89' lang='lat' dir='ltr'><strong>et</strong></span> 
     </span>
    </p>
   </div>
   <div class='ocr_carea' id='block_1_24' title="bbox 593 2343 2156 2422">
    <p class='ocr_par' dir='ltr' id='par_1_24' title="bbox 593 2343 2156 2422">
     <span class='ocr_line' id='line_1_24' title="bbox 593 2343 2156 2422; baseline 0.008 -28"><span class='ocrx_word' id='word_1_166' title='bbox 593 2343 752 2396; x_wconf 86' lang='lat' dir='ltr'><strong>simul</strong></span> <span class='ocrx_word' id='word_1_167' title='bbox 786 2345 995 2398; x_wconf 86' lang='lat' dir='ltr'><strong>salvare</strong></span> <span class='ocrx_word' id='word_1_168' title='bbox 1021 2356 1283 2412; x_wconf 86' lang='lat' dir='ltr'><strong>possunt:</strong></span> <span class='ocrx_word' id='word_1_169' title='bbox 1315 2357 1442 2400; x_wconf 90' lang='lat' dir='ltr'><strong>tunc</strong></span> <span class='ocrx_word' id='word_1_170' title='bbox 1467 2363 1572 2402; x_wconf 83' lang='lat' dir='ltr'><strong>nun</strong></span> <span class='ocrx_word' id='word_1_171' title='bbox 1604 2347 1863 2418; x_wconf 72' lang='lat' dir='ltr'><strong>effugient</strong></span> <span class='ocrx_word' id='word_1_172' title='bbox 1895 2352 2030 2404; x_wconf 79' lang='lat' dir='ltr'><strong>iram</strong></span> <span class='ocrx_word' id='word_1_173' title='bbox 2058 2351 2156 2422; x_wconf 80' lang='grc' dir='ltr'><strong>(ὁ).</strong></span> 
     </span>
    </p>
   </div>
   <div class='ocr_carea' id='block_1_25' title="bbox 592 2431 2162 2510">
    <p class='ocr_par' dir='ltr' id='par_1_25' title="bbox 592 2431 2162 2510">
     <span class='ocr_line' id='line_1_25' title="bbox 592 2431 2162 2510; baseline 0.008 -23"><span class='ocrx_word' id='word_1_174' title='bbox 592 2431 846 2489; x_wconf 70' lang='lat' dir='ltr'><strong>Fortasse</strong></span> <span class='ocrx_word' id='word_1_175' title='bbox 881 2437 1033 2506; x_wconf 80' lang='lat'><strong>131</strong></span> <span class='ocrx_word' id='word_1_176' title='bbox 1072 2438 1319 2494; x_wconf 74' lang='lat' dir='ltr'><strong>Christus</strong></span> <span class='ocrx_word' id='word_1_177' title='bbox 1353 2439 1596 2494; x_wconf 85' lang='lat' dir='ltr'><strong>insinuat</strong></span> <span class='ocrx_word' id='word_1_178' title='bbox 1633 2443 1775 2510; x_wconf 91' lang='lat' dir='ltr'><strong>quod</strong></span> <span class='ocrx_word' id='word_1_179' title='bbox 1815 2454 1870 2498; x_wconf 93' lang='lat' dir='ltr'><strong>et</strong></span> <span class='ocrx_word' id='word_1_180' title='bbox 1915 2451 2162 2501; x_wconf 84' lang='lat' dir='ltr'><strong>comede-</strong></span> 
     </span>
    </p>
   </div>
   <div class='ocr_carea' id='block_1_26' title="bbox 594 2527 2162 2600">
    <p class='ocr_par' dir='ltr' id='par_1_26' title="bbox 594 2527 2162 2600">
     <span class='ocr_line' id='line_1_26' title="bbox 594 2527 2162 2600; baseline 0.007 -22"><span class='ocrx_word' id='word_1_181' title='bbox 594 2528 703 2580; x_wconf 91' lang='lat' dir='ltr'><strong>rint</strong></span> <span class='ocrx_word' id='word_1_182' title='bbox 747 2542 964 2593; x_wconf 88' lang='lat' dir='ltr'><strong>pueros.</strong></span> <span class='ocrx_word' id='word_1_183' title='bbox 1009 2527 1147 2582; x_wconf 84' lang='lat' dir='ltr'><strong>Dicit</strong></span> <span class='ocrx_word' id='word_1_184' title='bbox 1185 2531 1328 2582; x_wconf 88' lang='lat' dir='ltr'><strong>enim</strong></span> <span class='ocrx_word' id='word_1_185' title='bbox 1371 2530 1638 2600; x_wconf 83' lang='lat' dir='ltr'><strong>Joscphus</strong></span> <span class='ocrx_word' id='word_1_186' title='bbox 1678 2534 1820 2600; x_wconf 89' lang='lat' dir='ltr'><strong>quod</strong></span> <span class='ocrx_word' id='word_1_187' title='bbox 1866 2549 1986 2587; x_wconf 90' lang='lat' dir='ltr'><strong>cum</strong></span> <span class='ocrx_word' id='word_1_188' title='bbox 2019 2543 2162 2590; x_wconf 82' lang='lat' dir='ltr'><strong>esset</strong></span> 
     </span>
    </p>
   </div>
   <div class='ocr_carea' id='block_1_27' title="bbox 593 2618 2158 2688">
    <p class='ocr_par' dir='ltr' id='par_1_27' title="bbox 593 2618 2158 2688">
     <span class='ocr_line' id='line_1_27' title="bbox 593 2618 2158 2688; baseline 0.006 -18"><span class='ocrx_word' id='word_1_189' title='bbox 593 2618 765 2672; x_wconf 78' lang='lat' dir='ltr'><strong>fames</strong></span> <span class='ocrx_word' id='word_1_190' title='bbox 812 2631 1031 2688; x_wconf 73' lang='lat' dir='ltr'><strong>propter</strong></span> <span class='ocrx_word' id='word_1_191' title='bbox 1075 2621 1444 2684; x_wconf 85' lang='lat' dir='ltr'><strong>obsidionem,</strong></span> <span class='ocrx_word' id='word_1_192' title='bbox 1499 2623 1689 2677; x_wconf 88' lang='lat' dir='ltr'><strong>mulier</strong></span> <span class='ocrx_word' id='word_1_193' title='bbox 1737 2627 1946 2679; x_wconf 80' lang='lat' dir='ltr'><strong>coxerit</strong></span> <span class='ocrx_word' id='word_1_194' title='bbox 1992 2627 2158 2680; x_wconf 88' lang='lat' dir='ltr'><strong>filium</strong></span> 
     </span>
    </p>
   </div>
   <div class='ocr_carea' id='block_1_28' title="bbox 591 2713 1163 2766">
    <p class='ocr_par' dir='ltr' id='par_1_28' title="bbox 591 2713 1163 2766">
     <span class='ocr_line' id='line_1_28' title="bbox 591 2713 1163 2766; baseline 0.002 -1"><span class='ocrx_word' id='word_1_195' title='bbox 591 2726 743 2765; x_wconf 78' lang='lat' dir='ltr'><strong>Suum</strong></span> <span class='ocrx_word' id='word_1_196' title='bbox 772 2721 824 2764; x_wconf 89' lang='lat' dir='ltr'><strong>et</strong></span> <span class='ocrx_word' id='word_1_197' title='bbox 853 2713 1163 2766; x_wconf 88' lang='lat' dir='ltr'><strong>comederit.</strong></span> 
     </span>
    </p>
   </div>
   <div class='ocr_carea' id='block_1_29' title="bbox 667 2798 2154 2876">
    <p class='ocr_par' dir='ltr' id='par_1_29' title="bbox 667 2798 2154 2876">
     <span class='ocr_line' id='line_1_29' title="bbox 667 2798 2154 2876; baseline 0.008 -24"><span class='ocrx_word' id='word_1_198' title='bbox 667 2798 829 2855; x_wconf 74' lang='lat' dir='ltr'><strong>Vens.</strong></span> <span class='ocrx_word' id='word_1_199' title='bbox 853 2802 942 2853; x_wconf 73' lang='grc'><strong>20.</strong></span> <span class='ocrx_word' id='word_1_200' title='bbox 975 2819 992 2850; x_wconf 84' lang='grc' dir='ltr'><strong>ι</strong></span> <span class='ocrx_word' id='word_1_201' title='bbox 1023 2800 1184 2855; x_wconf 85' lang='lat' dir='ltr'><strong>Orate</strong></span> <span class='ocrx_word' id='word_1_202' title='bbox 1207 2811 1384 2856; x_wconf 85' lang='lat' dir='ltr'><strong>autem</strong></span> <span class='ocrx_word' id='word_1_203' title='bbox 1409 2817 1476 2857; x_wconf 88' lang='lat' dir='ltr'><strong>ne</strong></span> <span class='ocrx_word' id='word_1_204' title='bbox 1497 2807 1616 2875; x_wconf 87' lang='lat' dir='ltr'><strong>fuga</strong></span> <span class='ocrx_word' id='word_1_205' title='bbox 1643 2817 1820 2860; x_wconf 83' lang='lat' dir='ltr'><strong>vestra</strong></span> <span class='ocrx_word' id='word_1_206' title='bbox 1846 2807 1940 2861; x_wconf 88' lang='lat' dir='ltr'><strong>fiat</strong></span> <span class='ocrx_word' id='word_1_207' title='bbox 1961 2808 2154 2876; x_wconf 85' lang='lat' dir='ltr'><strong>hieme,</strong></span> 
     </span>
    </p>
   </div>
   <div class='ocr_carea' id='block_1_30' title="bbox 593 2891 2159 2963">
    <p class='ocr_par' dir='ltr' id='par_1_30' title="bbox 593 2891 2159 2963">
     <span class='ocr_line' id='line_1_30' title="bbox 593 2891 2159 2963; baseline 0.007 -18"><span class='ocrx_word' id='word_1_208' title='bbox 593 2908 766 2960; x_wconf 88' lang='lat' dir='ltr'><strong>neque</strong></span> <span class='ocrx_word' id='word_1_209' title='bbox 790 2892 1047 2946; x_wconf 86' lang='lat' dir='ltr'><strong>Sabhato.</strong></span> <span class='ocrx_word' id='word_1_210' title='bbox 1079 2912 1098 2944; x_wconf 71' lang='grc' dir='ltr'><strong>ι</strong></span> <span class='ocrx_word' id='word_1_211' title='bbox 1125 2891 1180 2945; x_wconf 80' lang='grc' dir='ltr'>ιιι</span> <span class='ocrx_word' id='word_1_212' title='bbox 1212 2908 1440 2962; x_wconf 87' lang='lat' dir='ltr'><strong>persona</strong></span> <span class='ocrx_word' id='word_1_213' title='bbox 1469 2897 1832 2963; x_wconf 87' lang='lat' dir='ltr'><strong>apostolorum</strong></span> <span class='ocrx_word' id='word_1_214' title='bbox 1859 2901 1921 2953; x_wconf 91' lang='lat' dir='ltr'><strong>ad</strong></span> <span class='ocrx_word' id='word_1_215' title='bbox 1945 2898 2159 2956; x_wconf 65' lang='lat' dir='ltr'><strong>Iudaeos</strong></span> 
     </span>
    </p>
   </div>
   <div class='ocr_carea' id='block_1_31' title="bbox 593 2984 2158 3057">
    <p class='ocr_par' dir='ltr' id='par_1_31' title="bbox 593 2984 2158 3057">
     <span class='ocr_line' id='line_1_31' title="bbox 593 2984 2158 3057; baseline 0.007 -21"><span class='ocrx_word' id='word_1_216' title='bbox 593 2984 706 3036; x_wconf 70' lang='lat' dir='ltr'><strong>haec</strong></span> <span class='ocrx_word' id='word_1_217' title='bbox 751 2984 896 3037; x_wconf 69' lang='lat' dir='ltr'><strong>dicit.</strong></span> <span class='ocrx_word' id='word_1_218' title='bbox 951 2985 1191 3050; x_wconf 86' lang='lat' dir='ltr'><strong>Apostoli</strong></span> <span class='ocrx_word' id='word_1_219' title='bbox 1249 2986 1394 3039; x_wconf 89' lang='lat' dir='ltr'><strong>enim</strong></span> <span class='ocrx_word' id='word_1_220' title='bbox 1457 2987 1606 3053; x_wconf 89' lang='lat' dir='ltr'><strong>prius</strong></span> <span class='ocrx_word' id='word_1_221' title='bbox 1655 2991 1856 3057; x_wconf 75' lang='lat' dir='ltr'><strong>egressi</strong></span> <span class='ocrx_word' id='word_1_222' title='bbox 1900 3003 2048 3046; x_wconf 85' lang='lat' dir='ltr'><strong>erant</strong></span> <span class='ocrx_word' id='word_1_223' title='bbox 2093 3010 2158 3047; x_wconf 83' lang='lat' dir='ltr'><strong>ex</strong></span> 
     </span>
    </p>
   </div>
   <div class='ocr_carea' id='block_1_32' title="bbox 589 3074 2157 3150">
    <p class='ocr_par' dir='ltr' id='par_1_32' title="bbox 589 3074 2157 3150">
     <span class='ocr_line' id='line_1_32' title="bbox 589 3074 2157 3150; baseline 0.006 -20"><span class='ocrx_word' id='word_1_224' title='bbox 589 3074 911 3131; x_wconf 79' lang='lat' dir='ltr'><strong>Jerusalem.</strong></span> <span class='ocrx_word' id='word_1_225' title='bbox 975 3074 1172 3131; x_wconf 64' lang='lat' dir='ltr'><strong>Judaeis</strong></span> <span class='ocrx_word' id='word_1_226' title='bbox 1214 3077 1374 3145; x_wconf 78' lang='lat' dir='ltr'><strong>igitur</strong></span> <span class='ocrx_word' id='word_1_227' title='bbox 1413 3079 1545 3134; x_wconf 86' lang='lat' dir='ltr'><strong>dicit</strong></span> <span class='ocrx_word' id='word_1_228' title='bbox 1585 3088 1644 3134; x_wconf 84' lang='lat' dir='ltr'><strong>ut</strong></span> <span class='ocrx_word' id='word_1_229' title='bbox 1681 3093 1969 3150; x_wconf 90' lang='lat' dir='ltr'><strong>precentur</strong></span> <span class='ocrx_word' id='word_1_230' title='bbox 2001 3100 2069 3139; x_wconf 87' lang='lat' dir='ltr'><strong>ne</strong></span> <span class='ocrx_word' id='word_1_231' title='bbox 2106 3086 2157 3139; x_wconf 92' lang='lat' dir='ltr'><strong>in</strong></span> 
     </span>
    </p>
   </div>
   <div class='ocr_carea' id='block_1_33' title="bbox 2193 1851 2240 1911">
    <p class='ocr_par' dir='ltr' id='par_1_33' title="bbox 2193 1851 2240 1911">
     <span class='ocr_line' id='line_1_33' title="bbox 2193 1851 2240 1911; baseline 0 0"><span class='ocrx_word' id='word_1_232' title='bbox 2193 1851 2240 1911; x_wconf 88' lang='lat' dir='ltr'><strong>B</strong></span> 
     </span>
    </p>
   </div>
   <div class='ocr_carea' id='block_1_34' title="bbox 2266 583 3838 669">
    <p class='ocr_par' dir='ltr' id='par_1_34' title="bbox 2266 583 3838 669">
     <span class='ocr_line' id='line_1_34' title="bbox 2266 583 3838 669; baseline -0.015 -13"><span class='ocrx_word' id='word_1_233' title='bbox 2266 599 2441 656; x_wconf 79' lang='grc' dir='ltr'>ὀπίσω</span> <span class='ocrx_word' id='word_1_234' title='bbox 2462 595 2594 669; x_wconf 78' lang='grc' dir='ltr'>ἆραι</span> <span class='ocrx_word' id='word_1_235' title='bbox 2628 595 2697 652; x_wconf 77' lang='grc' dir='ltr'><strong>τὰ</strong></span> <span class='ocrx_word' id='word_1_236' title='bbox 2729 593 2921 664; x_wconf 78' lang='grc' dir='ltr'>ἱμάτια</span> <span class='ocrx_word' id='word_1_237' title='bbox 2950 588 3139 648; x_wconf 79' lang='grc' dir='ltr'>αὐτοῦ.</span> <span class='ocrx_word' id='word_1_238' title='bbox 3183 607 3202 640; x_wconf 76' lang='grc' dir='ltr'><strong>ι</strong></span> <span class='ocrx_word' id='word_1_239' title='bbox 3257 587 3370 658; x_wconf 79' lang='grc' dir='ltr'><strong>Τὴν</strong></span> <span class='ocrx_word' id='word_1_240' title='bbox 3401 584 3511 638; x_wconf 85' lang='grc' dir='ltr'>τῶν</span> <span class='ocrx_word' id='word_1_241' title='bbox 3543 583 3838 653; x_wconf 78' lang='grc' dir='ltr'>συμφορῶν</span> 
     </span>
    </p>
   </div>
   <div class='ocr_carea' id='block_1_35' title="bbox 2266 671 3837 761">
    <p class='ocr_par' dir='ltr' id='par_1_35' title="bbox 2266 671 3837 761">
     <span class='ocr_line' id='line_1_35' title="bbox 2266 671 3837 761; baseline -0.015 -13"><span class='ocrx_word' id='word_1_242' title='bbox 2266 685 2823 761; x_wconf 76' lang='grc' dir='ltr'>ἄφυκτονύπερϐολὴν</span> <span class='ocrx_word' id='word_1_243' title='bbox 2848 684 3235 752; x_wconf 81' lang='grc' dir='ltr'>αίνιττόμενος,</span> <span class='ocrx_word' id='word_1_244' title='bbox 3263 679 3450 749; x_wconf 77' lang='grc' dir='ltr'>φησὶν,</span> <span class='ocrx_word' id='word_1_245' title='bbox 3475 679 3556 731; x_wconf 82' lang='grc' dir='ltr'>ὅτι</span> <span class='ocrx_word' id='word_1_246' title='bbox 3585 675 3694 746; x_wconf 81' lang='grc' dir='ltr'><strong>χρὴ</strong></span> <span class='ocrx_word' id='word_1_247' title='bbox 3714 671 3837 742; x_wconf 70' lang='grc' dir='ltr'>φεύ-</span> 
     </span>
    </p>
   </div>
   <div class='ocr_carea' id='block_1_36' title="bbox 2267 768 3838 854">
    <p class='ocr_par' dir='ltr' id='par_1_36' title="bbox 2267 768 3838 854">
     <span class='ocr_line' id='line_1_36' title="bbox 2267 768 3838 854; baseline -0.013 -16"><span class='ocrx_word' id='word_1_248' title='bbox 2267 802 2384 854; x_wconf 86' lang='grc' dir='ltr'>γειν</span> <span class='ocrx_word' id='word_1_249' title='bbox 2439 779 2872 850; x_wconf 82' lang='grc' dir='ltr'>ἀνεπιστρόφως,</span> <span class='ocrx_word' id='word_1_250' title='bbox 2940 775 3167 846; x_wconf 80' lang='grc' dir='ltr'>μηδενὸς</span> <span class='ocrx_word' id='word_1_251' title='bbox 3198 769 3590 842; x_wconf 75' lang='grc' dir='ltr'>φροντίζοντας</span> <span class='ocrx_word' id='word_1_252' title='bbox 3633 768 3747 820; x_wconf 75' lang='grc' dir='ltr'>τῶν</span> <span class='ocrx_word' id='word_1_253' title='bbox 3784 768 3838 818; x_wconf 83' lang='grc' dir='ltr'>ὲν</span> 
     </span>
    </p>
   </div>
   <div class='ocr_carea' id='block_1_37' title="bbox 2265 857 3838 942">
    <p class='ocr_par' dir='ltr' id='par_1_37' title="bbox 2265 857 3838 942">
     <span class='ocr_line' id='line_1_37' title="bbox 2265 857 3838 942; baseline -0.016 -10"><span class='ocrx_word' id='word_1_254' title='bbox 2265 880 2383 942; x_wconf 86' lang='grc' dir='ltr'>ταῖς</span> <span class='ocrx_word' id='word_1_255' title='bbox 2437 875 2636 935; x_wconf 78' lang='grc' dir='ltr'><strong>οἰκίαις</strong></span> <span class='ocrx_word' id='word_1_256' title='bbox 2683 870 2874 933; x_wconf 75' lang='grc' dir='ltr'>ὄντων,</span> <span class='ocrx_word' id='word_1_257' title='bbox 2939 869 3079 939; x_wconf 85' lang='grc' dir='ltr'>μήτε</span> <span class='ocrx_word' id='word_1_258' title='bbox 3139 865 3390 935; x_wconf 77' lang='grc' dir='ltr'>ἱματίων,</span> <span class='ocrx_word' id='word_1_259' title='bbox 3443 862 3579 932; x_wconf 85' lang='grc' dir='ltr'>μήτε</span> <span class='ocrx_word' id='word_1_260' title='bbox 3613 857 3838 912; x_wconf 77' lang='grc' dir='ltr'>ἀλλοίων</span> 
     </span>
    </p>
   </div>
   <div class='ocr_carea' id='block_1_38' title="bbox 2269 946 3838 1032">
    <p class='ocr_par' dir='ltr' id='par_1_38' title="bbox 2269 946 3838 1032">
     <span class='ocr_line' id='line_1_38' title="bbox 2269 946 3838 1032; baseline -0.016 -8"><span class='ocrx_word' id='word_1_261' title='bbox 2269 971 2508 1023; x_wconf 73' lang='grc' dir='ltr'>σκευῶνο</span> <span class='ocrx_word' id='word_1_262' title='bbox 2536 946 2680 1027; x_wconf 77' lang='grc' dir='ltr'>τινὲς</span> <span class='ocrx_word' id='word_1_263' title='bbox 2710 963 2766 1016; x_wconf 85' lang='grc' dir='ltr'>δὲ</span> <span class='ocrx_word' id='word_1_264' title='bbox 2791 960 3066 1032; x_wconf 81' lang='grc' dir='ltr'><strong>βδέλυγμα</strong></span> <span class='ocrx_word' id='word_1_265' title='bbox 3095 960 3194 1027; x_wconf 87' lang='grc' dir='ltr'>τῆς</span> <span class='ocrx_word' id='word_1_266' title='bbox 3215 952 3551 1024; x_wconf 70' lang='grc' dir='ltr'><strong>ἐρημώσεως</strong></span> <span class='ocrx_word' id='word_1_267' title='bbox 3595 950 3689 1003; x_wconf 80' lang='grc' dir='ltr'>τὸν</span> <span class='ocrx_word' id='word_1_268' title='bbox 3719 950 3838 1001; x_wconf 75' lang='grc' dir='ltr'><strong>Ἀν-</strong></span> 
     </span>
    </p>
   </div>
   <div class='ocr_carea' id='block_1_39' title="bbox 2265 1041 3841 1132">
    <p class='ocr_par' dir='ltr' id='par_1_39' title="bbox 2265 1041 3841 1132">
     <span class='ocr_line' id='line_1_39' title="bbox 2265 1041 3841 1132; baseline -0.015 -18"><span class='ocrx_word' id='word_1_269' title='bbox 2265 1061 2539 1132; x_wconf 81' lang='grc' dir='ltr'>τίχριστον</span> <span class='ocrx_word' id='word_1_270' title='bbox 2569 1054 2838 1120; x_wconf 76' lang='grc' dir='ltr'><strong>νοοῦντες,</strong></span> <span class='ocrx_word' id='word_1_271' title='bbox 2869 1053 2946 1116; x_wconf 85' lang='grc' dir='ltr'>ὡς</span> <span class='ocrx_word' id='word_1_272' title='bbox 2969 1049 3057 1106; x_wconf 65' lang='grc' dir='ltr'><strong>ἐπ’</strong></span> <span class='ocrx_word' id='word_1_273' title='bbox 3083 1048 3365 1122; x_wconf 66' lang='grc' dir='ltr'>ἐρημώσει</span> <span class='ocrx_word' id='word_1_274' title='bbox 3394 1043 3488 1099; x_wconf 88' lang='grc' dir='ltr'><strong>τοῦ</strong></span> <span class='ocrx_word' id='word_1_275' title='bbox 3510 1043 3720 1110; x_wconf 85' lang='grc' dir='ltr'>κόσμου</span> <span class='ocrx_word' id='word_1_276' title='bbox 3748 1041 3841 1093; x_wconf 82' lang='grc' dir='ltr'>καὶ</span> 
     </span>
    </p>
   </div>
   <div class='ocr_carea' id='block_1_40' title="bbox 2270 1133 3839 1220">
    <p class='ocr_par' dir='ltr' id='par_1_40' title="bbox 2270 1133 3839 1220">
     <span class='ocr_line' id='line_1_40' title="bbox 2270 1133 3839 1220; baseline -0.015 -13"><span class='ocrx_word' id='word_1_277' title='bbox 2270 1153 2622 1220; x_wconf 78' lang='grc' dir='ltr'><strong>καταστροφῇ</strong></span> <span class='ocrx_word' id='word_1_278' title='bbox 2656 1148 2764 1201; x_wconf 81' lang='grc' dir='ltr'>τῶν</span> <span class='ocrx_word' id='word_1_279' title='bbox 2790 1140 3098 1213; x_wconf 75' lang='grc' dir='ltr'>ἐκκλησιῶν</span> <span class='ocrx_word' id='word_1_280' title='bbox 3128 1140 3386 1210; x_wconf 75' lang='grc' dir='ltr'><strong>ἐσόμενον</strong></span> <span class='ocrx_word' id='word_1_281' title='bbox 3416 1135 3510 1190; x_wconf 65' lang='grc' dir='ltr'>καὶ</span> <span class='ocrx_word' id='word_1_282' title='bbox 3545 1133 3839 1190; x_wconf 74' lang='grc' dir='ltr'>καθίσοντα</span> 
     </span>
    </p>
   </div>
   <div class='ocr_carea' id='block_1_41' title="bbox 2265 1224 3840 1312">
    <p class='ocr_par' dir='ltr' id='par_1_41' title="bbox 2265 1224 3840 1312">
     <span class='ocr_line' id='line_1_41' title="bbox 2265 1224 3840 1312; baseline -0.015 -14"><span class='ocrx_word' id='word_1_283' title='bbox 2265 1246 2324 1297; x_wconf 75' lang='grc' dir='ltr'>ὲν</span> <span class='ocrx_word' id='word_1_284' title='bbox 2383 1242 2458 1312; x_wconf 86' lang='grc' dir='ltr'>τῷ</span> <span class='ocrx_word' id='word_1_285' title='bbox 2484 1242 2617 1312; x_wconf 81' lang='grc' dir='ltr'>ναῷ,</span> <span class='ocrx_word' id='word_1_286' title='bbox 2646 1239 2828 1292; x_wconf 81' lang='grc' dir='ltr'>νοοῦσι</span> <span class='ocrx_word' id='word_1_287' title='bbox 2861 1237 2958 1290; x_wconf 75' lang='grc' dir='ltr'>καὶ</span> <span class='ocrx_word' id='word_1_288' title='bbox 2991 1233 3166 1288; x_wconf 87' lang='grc' dir='ltr'>ταῦτα</span> <span class='ocrx_word' id='word_1_289' title='bbox 3193 1229 3384 1293; x_wconf 76' lang='grc' dir='ltr'>οὕτως,</span> <span class='ocrx_word' id='word_1_290' title='bbox 3427 1229 3509 1282; x_wconf 83' lang='grc' dir='ltr'><strong>ότι</strong></span> <span class='ocrx_word' id='word_1_291' title='bbox 3560 1227 3588 1279; x_wconf 87' lang='lat'><strong>6</strong></span> <span class='ocrx_word' id='word_1_292' title='bbox 3624 1226 3720 1279; x_wconf 73' lang='grc' dir='ltr'><strong>ἐπὶ</strong></span> <span class='ocrx_word' id='word_1_293' title='bbox 3748 1224 3840 1276; x_wconf 85' lang='grc' dir='ltr'><strong>τοῦ</strong></span> 
     </span>
    </p>
   </div>
   <div class='ocr_carea' id='block_1_42' title="bbox 2265 1313 3839 1405">
    <p class='ocr_par' dir='ltr' id='par_1_42' title="bbox 2265 1313 3839 1405">
     <span class='ocr_line' id='line_1_42' title="bbox 2265 1313 3839 1405; baseline -0.017 -15"><span class='ocrx_word' id='word_1_294' title='bbox 2265 1335 2533 1405; x_wconf 82' lang='grc' dir='ltr'>δώματος,</span> <span class='ocrx_word' id='word_1_295' title='bbox 2565 1330 2840 1384; x_wconf 81' lang='grc' dir='ltr'>τουτέστιν</span> <span class='ocrx_word' id='word_1_296' title='bbox 2886 1329 2944 1380; x_wconf 77' lang='grc' dir='ltr'>ἐν</span> <span class='ocrx_word' id='word_1_297' title='bbox 2981 1325 3058 1395; x_wconf 78' lang='grc' dir='ltr'><strong>τῷ</strong></span> <span class='ocrx_word' id='word_1_298' title='bbox 3094 1323 3218 1393; x_wconf 72' lang='grc' dir='ltr'>ῦψει</span> <span class='ocrx_word' id='word_1_299' title='bbox 3248 1320 3358 1373; x_wconf 83' lang='grc' dir='ltr'><strong>τῶν</strong></span> <span class='ocrx_word' id='word_1_300' title='bbox 3388 1317 3598 1389; x_wconf 81' lang='grc' dir='ltr'>ἀρετῶν</span> <span class='ocrx_word' id='word_1_301' title='bbox 3629 1315 3726 1379; x_wconf 79' lang='grc' dir='ltr'>ὣν,</span> <span class='ocrx_word' id='word_1_302' title='bbox 3767 1313 3839 1384; x_wconf 78' lang='grc' dir='ltr'>μὴ</span> 
     </span>
    </p>
   </div>
   <div class='ocr_carea' id='block_1_43' title="bbox 2265 1402 3840 1487">
    <p class='ocr_par' dir='ltr' id='par_1_43' title="bbox 2265 1402 3840 1487">
     <span class='ocr_line' id='line_1_43' title="bbox 2265 1402 3840 1487; baseline -0.014 -7"><span class='ocrx_word' id='word_1_303' title='bbox 2265 1402 2560 1480; x_wconf 83' lang='grc' dir='ltr'>καταϐάτω</span> <span class='ocrx_word' id='word_1_304' title='bbox 2587 1421 2695 1475; x_wconf 75' lang='grc' dir='ltr'><strong>ἀπὸ</strong></span> <span class='ocrx_word' id='word_1_305' title='bbox 2717 1419 2808 1473; x_wconf 89' lang='grc' dir='ltr'><strong>τοῦ</strong></span> <span class='ocrx_word' id='word_1_306' title='bbox 2830 1417 3010 1487; x_wconf 72' lang='grc' dir='ltr'>ὕψους</span> <span class='ocrx_word' id='word_1_307' title='bbox 3043 1416 3149 1468; x_wconf 83' lang='grc' dir='ltr'><strong>τῶν</strong></span> <span class='ocrx_word' id='word_1_308' title='bbox 3176 1411 3407 1483; x_wconf 81' lang='grc' dir='ltr'>ἀρετῶν,</span> <span class='ocrx_word' id='word_1_309' title='bbox 3439 1408 3580 1463; x_wconf 78' lang='grc' dir='ltr'>ὥστε</span> <span class='ocrx_word' id='word_1_310' title='bbox 3610 1402 3742 1475; x_wconf 75' lang='grc' dir='ltr'>ἆραι</span> <span class='ocrx_word' id='word_1_311' title='bbox 3772 1407 3840 1458; x_wconf 73' lang='grc' dir='ltr'>τὰ</span> 
     </span>
    </p>
   </div>
   <div class='ocr_carea' id='block_1_44' title="bbox 2264 1495 3840 1586">
    <p class='ocr_par' dir='ltr' id='par_1_44' title="bbox 2264 1495 3840 1586">
     <span class='ocr_line' id='line_1_44' title="bbox 2264 1495 3840 1586; baseline -0.014 -17"><span class='ocrx_word' id='word_1_312' title='bbox 2264 1517 2357 1571; x_wconf 84' lang='grc' dir='ltr'><strong>τοῦ</strong></span> <span class='ocrx_word' id='word_1_313' title='bbox 2391 1517 2661 1586; x_wconf 82' lang='grc' dir='ltr'>σώματος.</span> <span class='ocrx_word' id='word_1_314' title='bbox 2687 1513 2847 1566; x_wconf 80' lang='grc' dir='ltr'>Οἰκία</span> <span class='ocrx_word' id='word_1_315' title='bbox 2870 1512 2979 1580; x_wconf 71' lang='grc' dir='ltr'>γὰρ</span> <span class='ocrx_word' id='word_1_316' title='bbox 3012 1510 3112 1578; x_wconf 78' lang='grc' dir='ltr'>τῆς</span> <span class='ocrx_word' id='word_1_317' title='bbox 3145 1506 3346 1576; x_wconf 79' lang='grc' dir='ltr'>ψυχῆς,</span> <span class='ocrx_word' id='word_1_318' title='bbox 3371 1501 3432 1555; x_wconf 78' lang='grc' dir='ltr'><strong>τὸ</strong></span> <span class='ocrx_word' id='word_1_319' title='bbox 3455 1498 3638 1570; x_wconf 84' lang='grc' dir='ltr'>σῶμα.</span> <span class='ocrx_word' id='word_1_320' title='bbox 3673 1497 3767 1549; x_wconf 79' lang='grc' dir='ltr'>Δεῖ</span> <span class='ocrx_word' id='word_1_321' title='bbox 3784 1495 3840 1547; x_wconf 73' lang='grc' dir='ltr'>δὲ</span> 
     </span>
    </p>
   </div>
   <div class='ocr_carea' id='block_1_45' title="bbox 2265 1590 3836 1676">
    <p class='ocr_par' dir='ltr' id='par_1_45' title="bbox 2265 1590 3836 1676">
     <span class='ocr_line' id='line_1_45' title="bbox 2265 1590 3836 1676; baseline -0.014 -14"><span class='ocrx_word' id='word_1_322' title='bbox 2265 1610 2360 1662; x_wconf 54' lang='grc' dir='ltr'><strong>καί⁸</strong></span> <span class='ocrx_word' id='word_1_323' title='bbox 2384 1608 2492 1661; x_wconf 76' lang='grc' dir='ltr'><strong>ἀπὸ</strong></span> <span class='ocrx_word' id='word_1_324' title='bbox 2514 1607 2607 1660; x_wconf 85' lang='grc' dir='ltr'><strong>τοῦ</strong></span> <span class='ocrx_word' id='word_1_325' title='bbox 2635 1604 2807 1676; x_wconf 76' lang='grc' dir='ltr'>ἀγροῦ</span> <span class='ocrx_word' id='word_1_326' title='bbox 2837 1602 3159 1672; x_wconf 79' lang='grc' dir='ltr'>ἀναχωρεῖν,</span> <span class='ocrx_word' id='word_1_327' title='bbox 3190 1596 3434 1650; x_wconf 84' lang='grc' dir='ltr'>τουτέστι</span> <span class='ocrx_word' id='word_1_328' title='bbox 3462 1592 3570 1646; x_wconf 82' lang='grc' dir='ltr'><strong>τῶν</strong></span> <span class='ocrx_word' id='word_1_329' title='bbox 3590 1590 3797 1659; x_wconf 75' lang='grc' dir='ltr'>γηΐνων</span> <span class='ocrx_word' id='word_1_330' title='bbox 3823 1603 3836 1617; x_wconf 89' lang='grc'><strong>·</strong></span> 
     </span>
    </p>
   </div>
   <div class='ocr_carea' id='block_1_46' title="bbox 2264 1681 3841 1770">
    <p class='ocr_par' dir='ltr' id='par_1_46' title="bbox 2264 1681 3841 1770">
     <span class='ocr_line' id='line_1_46' title="bbox 2264 1681 3841 1770; baseline -0.013 -17"><span class='ocrx_word' id='word_1_331' title='bbox 2264 1700 2430 1770; x_wconf 78' lang='grc' dir='ltr'>ἀγρὸς</span> <span class='ocrx_word' id='word_1_332' title='bbox 2464 1699 2569 1769; x_wconf 85' lang='grc' dir='ltr'>γὰρ</span> <span class='ocrx_word' id='word_1_333' title='bbox 2613 1700 2641 1751; x_wconf 93' lang='lat'><strong>6</strong></span> <span class='ocrx_word' id='word_1_334' title='bbox 2674 1697 2809 1765; x_wconf 80' lang='grc' dir='ltr'>βίος,</span> <span class='ocrx_word' id='word_1_335' title='bbox 2842 1695 2936 1749; x_wconf 78' lang='grc' dir='ltr'>καὶ</span> <span class='ocrx_word' id='word_1_336' title='bbox 2971 1692 3105 1763; x_wconf 80' lang='grc' dir='ltr'>μηδὲ</span> <span class='ocrx_word' id='word_1_337' title='bbox 3137 1691 3198 1743; x_wconf 82' lang='grc' dir='ltr'>τὸ</span> <span class='ocrx_word' id='word_1_338' title='bbox 3237 1689 3455 1759; x_wconf 80' lang='grc' dir='ltr'>ἱμάτιον</span> <span class='ocrx_word' id='word_1_339' title='bbox 3505 1684 3706 1756; x_wconf 75' lang='grc' dir='ltr'>αἴρειν,</span> <span class='ocrx_word' id='word_1_340' title='bbox 3743 1681 3841 1751; x_wconf 81' lang='grc' dir='ltr'>τὴν</span> 
     </span>
    </p>
   </div>
   <div class='ocr_carea' id='block_1_47' title="bbox 2267 1781 3256 1858">
    <p class='ocr_par' dir='ltr' id='par_1_47' title="bbox 2267 1781 3256 1858">
     <span class='ocr_line' id='line_1_47' title="bbox 2267 1781 3256 1858; baseline -0.008 -17"><span class='ocrx_word' id='word_1_341' title='bbox 2267 1790 2500 1843; x_wconf 81' lang='grc' dir='ltr'>παλαιὰν</span> <span class='ocrx_word' id='word_1_342' title='bbox 2536 1787 2737 1842; x_wconf 78' lang='grc' dir='ltr'>κακίαν</span> <span class='ocrx_word' id='word_1_343' title='bbox 2764 1788 2831 1858; x_wconf 84' lang='grc' dir='ltr'>ἢν</span> <span class='ocrx_word' id='word_1_344' title='bbox 2865 1781 3256 1852; x_wconf 77' lang='grc' dir='ltr'>ὲξεδυσάμεθα.</span> 
     </span>
    </p>
   </div>
   <div class='ocr_carea' id='block_1_48' title="bbox 2343 1867 3838 1946">
    <p class='ocr_par' dir='ltr' id='par_1_48' title="bbox 2343 1867 3838 1946">
     <span class='ocr_line' id='line_1_48' title="bbox 2343 1867 3838 1946; baseline -0.008 -14"><span class='ocrx_word' id='word_1_345' title='bbox 2343 1898 2363 1932; x_wconf 78' lang='grc' dir='ltr'><strong>ι</strong></span> <span class='ocrx_word' id='word_1_346' title='bbox 2395 1881 2530 1936; x_wconf 77' lang='grc' dir='ltr'><strong>Οὐαὶ</strong></span> <span class='ocrx_word' id='word_1_347' title='bbox 2558 1881 2614 1934; x_wconf 74' lang='grc' dir='ltr'>δὲ</span> <span class='ocrx_word' id='word_1_348' title='bbox 2650 1881 2769 1942; x_wconf 84' lang='grc' dir='ltr'>ταῖς</span> <span class='ocrx_word' id='word_1_349' title='bbox 2795 1881 2852 1931; x_wconf 79' lang='grc' dir='ltr'>ὲν</span> <span class='ocrx_word' id='word_1_350' title='bbox 2875 1877 3072 1946; x_wconf 76' lang='grc' dir='ltr'>γαστρὶ</span> <span class='ocrx_word' id='word_1_351' title='bbox 3098 1872 3353 1945; x_wconf 76' lang='grc' dir='ltr'>ἐχούσαις</span> <span class='ocrx_word' id='word_1_352' title='bbox 3388 1871 3481 1925; x_wconf 72' lang='grc' dir='ltr'>καὶ</span> <span class='ocrx_word' id='word_1_353' title='bbox 3526 1867 3655 1932; x_wconf 67' lang='grc' dir='ltr'>ταῖς</span> <span class='ocrx_word' id='word_1_354' title='bbox 3677 1868 3838 1938; x_wconf 79' lang='grc' dir='ltr'>θηλα-</span> 
     </span>
    </p>
   </div>
   <div class='ocr_carea' id='block_1_49' title="bbox 2261 1959 3840 2036">
    <p class='ocr_par' dir='ltr' id='par_1_49' title="bbox 2261 1959 3840 2036">
     <span class='ocr_line' id='line_1_49' title="bbox 2261 1959 3840 2036; baseline -0.009 -11"><span class='ocrx_word' id='word_1_355' title='bbox 2261 1970 2481 2036; x_wconf 78' lang='grc' dir='ltr'>ζούσαις</span> <span class='ocrx_word' id='word_1_356' title='bbox 2536 1972 2595 2023; x_wconf 68' lang='grc' dir='ltr'>ιν</span> <span class='ocrx_word' id='word_1_357' title='bbox 2629 1970 2865 2032; x_wconf 76' lang='grc' dir='ltr'>ἐκείναις</span> <span class='ocrx_word' id='word_1_358' title='bbox 2898 1968 3017 2029; x_wconf 75' lang='grc' dir='ltr'>ταῖς</span> <span class='ocrx_word' id='word_1_359' title='bbox 3070 1966 3327 2035; x_wconf 81' lang='grc' dir='ltr'>ἡμέραις.</span> <span class='ocrx_word' id='word_1_360' title='bbox 3366 1981 3384 2013; x_wconf 79' lang='grc' dir='ltr'><strong>ι</strong></span> <span class='ocrx_word' id='word_1_361' title='bbox 3449 1963 3513 2014; x_wconf 81' lang='grc' dir='ltr'>Δί</span> <span class='ocrx_word' id='word_1_362' title='bbox 3573 1960 3674 2029; x_wconf 74' lang='grc' dir='ltr'>μὲν</span> <span class='ocrx_word' id='word_1_363' title='bbox 3735 1959 3840 2029; x_wconf 79' lang='grc' dir='ltr'>γὰρ</span> 
     </span>
    </p>
   </div>
   <div class='ocr_carea' id='block_1_50' title="bbox 2260 2049 3842 2132">
    <p class='ocr_par' dir='ltr' id='par_1_50' title="bbox 2260 2049 3842 2132">
     <span class='ocr_line' id='line_1_50' title="bbox 2260 2049 3842 2132; baseline -0.009 -17"><span class='ocrx_word' id='word_1_364' title='bbox 2260 2062 2447 2130; x_wconf 76' lang='grc' dir='ltr'>ἐγκυοι</span> <span class='ocrx_word' id='word_1_365' title='bbox 2473 2061 2533 2114; x_wconf 86' lang='grc' dir='ltr'>οὐ</span> <span class='ocrx_word' id='word_1_366' title='bbox 2557 2061 2874 2132; x_wconf 70' lang='grc' dir='ltr'>δυνήσονται</span> <span class='ocrx_word' id='word_1_367' title='bbox 2901 2058 3124 2127; x_wconf 80' lang='grc' dir='ltr'>φεύγειν</span> <span class='ocrx_word' id='word_1_368' title='bbox 3148 2053 3225 2125; x_wconf 86' lang='grc' dir='ltr'>τῷ</span> <span class='ocrx_word' id='word_1_369' title='bbox 3250 2054 3454 2124; x_wconf 78' lang='grc' dir='ltr'>φορτίῳ</span> <span class='ocrx_word' id='word_1_370' title='bbox 3478 2051 3578 2120; x_wconf 74' lang='grc' dir='ltr'>τῆς</span> <span class='ocrx_word' id='word_1_371' title='bbox 3605 2049 3842 2119; x_wconf 82' lang='grc' dir='ltr'>γαστρὸς</span> 
     </span>
    </p>
   </div>
   <div class='ocr_carea' id='block_1_51' title="bbox 2262 2139 3844 2224">
    <p class='ocr_par' dir='ltr' id='par_1_51' title="bbox 2262 2139 3844 2224">
     <span class='ocr_line' id='line_1_51' title="bbox 2262 2139 3844 2224; baseline -0.01 -16"><span class='ocrx_word' id='word_1_372' title='bbox 2262 2152 2645 2224; x_wconf 86' lang='grc' dir='ltr'>βαρυνόμεναι.</span> <span class='ocrx_word' id='word_1_373' title='bbox 2696 2152 2762 2203; x_wconf 78' lang='grc' dir='ltr'>Δί</span> <span class='ocrx_word' id='word_1_374' title='bbox 2821 2150 2878 2204; x_wconf 76' lang='grc' dir='ltr'>δὲ</span> <span class='ocrx_word' id='word_1_375' title='bbox 2930 2146 3282 2218; x_wconf 78' lang='grc' dir='ltr'>Θηλάζουσαι,</span> <span class='ocrx_word' id='word_1_376' title='bbox 3312 2144 3399 2197; x_wconf 75' lang='grc' dir='ltr'><strong>διὰ</strong></span> <span class='ocrx_word' id='word_1_377' title='bbox 3444 2143 3546 2212; x_wconf 86' lang='grc' dir='ltr'>τὴν</span> <span class='ocrx_word' id='word_1_378' title='bbox 3597 2140 3738 2209; x_wconf 80' lang='grc' dir='ltr'>πρὸς</span> <span class='ocrx_word' id='word_1_379' title='bbox 3777 2139 3844 2193; x_wconf 77' lang='grc' dir='ltr'><strong>τά</strong></span> 
     </span>
    </p>
   </div>
   <div class='ocr_carea' id='block_1_52' title="bbox 2259 2234 3838 2314">
    <p class='ocr_par' dir='ltr' id='par_1_52' title="bbox 2259 2234 3838 2314">
     <span class='ocr_line' id='line_1_52' title="bbox 2259 2234 3838 2314; baseline -0.009 -16"><span class='ocrx_word' id='word_1_380' title='bbox 2259 2247 2424 2300; x_wconf 75' lang='grc' dir='ltr'>τέκνα</span> <span class='ocrx_word' id='word_1_381' title='bbox 2483 2245 2868 2314; x_wconf 78' lang='grc' dir='ltr'>συμπάθειαν,</span> <span class='ocrx_word' id='word_1_382' title='bbox 2933 2243 3070 2312; x_wconf 83' lang='grc' dir='ltr'>μήτε</span> <span class='ocrx_word' id='word_1_383' title='bbox 3127 2241 3289 2294; x_wconf 80' lang='grc' dir='ltr'>ἐᾶσαι</span> <span class='ocrx_word' id='word_1_384' title='bbox 3323 2237 3462 2290; x_wconf 80' lang='grc' dir='ltr'>αὐτὰ</span> <span class='ocrx_word' id='word_1_385' title='bbox 3519 2234 3838 2305; x_wconf 83' lang='grc' dir='ltr'>δυνάμεναι,</span> 
     </span>
    </p>
   </div>
   <div class='ocr_carea' id='block_1_53' title="bbox 2264 2325 3843 2410">
    <p class='ocr_par' dir='ltr' id='par_1_53' title="bbox 2264 2325 3843 2410">
     <span class='ocr_line' id='line_1_53' title="bbox 2264 2325 3843 2410; baseline -0.009 -19"><span class='ocrx_word' id='word_1_386' title='bbox 2264 2340 2401 2410; x_wconf 84' lang='grc' dir='ltr'>μήτε</span> <span class='ocrx_word' id='word_1_387' title='bbox 2461 2338 2566 2408; x_wconf 75' lang='grc' dir='ltr'>μὴν</span> <span class='ocrx_word' id='word_1_388' title='bbox 2607 2336 2919 2407; x_wconf 72' lang='grc' dir='ltr'>βαστάζειν,</span> <span class='ocrx_word' id='word_1_389' title='bbox 2962 2334 3054 2388; x_wconf 79' lang='grc' dir='ltr'>καὶ</span> <span class='ocrx_word' id='word_1_390' title='bbox 3088 2333 3185 2385; x_wconf 83' lang='grc' dir='ltr'>σὺν</span> <span class='ocrx_word' id='word_1_391' title='bbox 3213 2332 3402 2393; x_wconf 80' lang='grc' dir='ltr'>αὐτοῖς</span> <span class='ocrx_word' id='word_1_392' title='bbox 3446 2327 3712 2396; x_wconf 80' lang='grc' dir='ltr'>σωθῆναι,</span> <span class='ocrx_word' id='word_1_393' title='bbox 3745 2325 3843 2379; x_wconf 77' lang='grc' dir='ltr'>οὒκ</span> 
     </span>
    </p>
   </div>
   <div class='ocr_carea' id='block_1_54' title="bbox 2261 2419 3842 2498">
    <p class='ocr_par' dir='ltr' id='par_1_54' title="bbox 2261 2419 3842 2498">
     <span class='ocr_line' id='line_1_54' title="bbox 2261 2419 3842 2498; baseline -0.008 -15"><span class='ocrx_word' id='word_1_394' title='bbox 2261 2429 2615 2498; x_wconf 76' lang='grc' dir='ltr'>ἐκφεύξονται</span> <span class='ocrx_word' id='word_1_395' title='bbox 2644 2427 2741 2498; x_wconf 84' lang='grc' dir='ltr'>τὴν</span> <span class='ocrx_word' id='word_1_396' title='bbox 2774 2427 2894 2479; x_wconf 89' lang='grc' dir='ltr'>τότε</span> <span class='ocrx_word' id='word_1_397' title='bbox 2918 2425 3092 2496; x_wconf 80' lang='grc' dir='ltr'>ὀργήν</span> <span class='ocrx_word' id='word_1_398' title='bbox 3112 2440 3129 2455; x_wconf 81' lang='grc'><strong>⁸</strong></span> <span class='ocrx_word' id='word_1_399' title='bbox 3164 2424 3199 2495; x_wconf 77' lang='grc' dir='ltr'>ἢ</span> <span class='ocrx_word' id='word_1_400' title='bbox 3225 2423 3318 2477; x_wconf 75' lang='grc' dir='ltr'>καὶ</span> <span class='ocrx_word' id='word_1_401' title='bbox 3353 2421 3511 2474; x_wconf 88' lang='grc' dir='ltr'>τοῦτο</span> <span class='ocrx_word' id='word_1_402' title='bbox 3541 2419 3842 2472; x_wconf 75' lang='grc' dir='ltr'>αἰνίττεται</span> 
     </span>
    </p>
   </div>
   <div class='ocr_carea' id='block_1_55' title="bbox 2260 2509 3844 2591">
    <p class='ocr_par' dir='ltr' id='par_1_55' title="bbox 2260 2509 3844 2591">
     <span class='ocr_line' id='line_1_55' title="bbox 2260 2509 3844 2591; baseline -0.007 -19"><span class='ocrx_word' id='word_1_403' title='bbox 2260 2521 2289 2572; x_wconf 97' lang='lat'><strong>6</strong></span> <span class='ocrx_word' id='word_1_404' title='bbox 2311 2520 2568 2588; x_wconf 83' lang='grc' dir='ltr'>Χριστὸς.</span> <span class='ocrx_word' id='word_1_405' title='bbox 2601 2519 2700 2591; x_wconf 82' lang='grc' dir='ltr'>τὴν</span> <span class='ocrx_word' id='word_1_406' title='bbox 2734 2518 3121 2586; x_wconf 86' lang='grc' dir='ltr'>τεκνοφαγίαν.</span> <span class='ocrx_word' id='word_1_407' title='bbox 3175 2515 3338 2583; x_wconf 83' lang='grc' dir='ltr'>Λέγει</span> <span class='ocrx_word' id='word_1_408' title='bbox 3383 2514 3487 2584; x_wconf 83' lang='grc' dir='ltr'><strong>γὰρ</strong></span> <span class='ocrx_word' id='word_1_409' title='bbox 3515 2513 3544 2564; x_wconf 90' lang='lat'><strong>6</strong></span> <span class='ocrx_word' id='word_1_410' title='bbox 3581 2509 3844 2580; x_wconf 77' lang='grc' dir='ltr'>Ἰώσηφος</span> 
     </span>
    </p>
   </div>
   <div class='ocr_carea' id='block_1_56' title="bbox 2260 2598 3842 2680">
    <p class='ocr_par' dir='ltr' id='par_1_56' title="bbox 2260 2598 3842 2680">
     <span class='ocr_line' id='line_1_56' title="bbox 2260 2598 3842 2680; baseline -0.007 -18"><span class='ocrx_word' id='word_1_411' title='bbox 2260 2611 2341 2662; x_wconf 83' lang='grc' dir='ltr'>ὃτι</span> <span class='ocrx_word' id='word_1_412' title='bbox 2368 2609 2528 2680; x_wconf 80' lang='grc' dir='ltr'>λιμοῦ</span> <span class='ocrx_word' id='word_1_413' title='bbox 2559 2610 2711 2672; x_wconf 76' lang='grc' dir='ltr'>ὄντος</span> <span class='ocrx_word' id='word_1_414' title='bbox 2746 2609 2834 2661; x_wconf 78' lang='grc' dir='ltr'><strong>διὰ</strong></span> <span class='ocrx_word' id='word_1_415' title='bbox 2855 2607 2954 2676; x_wconf 81' lang='grc' dir='ltr'>τὴν</span> <span class='ocrx_word' id='word_1_416' title='bbox 2985 2604 3322 2677; x_wconf 84' lang='grc' dir='ltr'>πολιορκίαν,</span> <span class='ocrx_word' id='word_1_417' title='bbox 3357 2603 3580 2673; x_wconf 77' lang='grc' dir='ltr'>ὤπτησε</span> <span class='ocrx_word' id='word_1_418' title='bbox 3612 2599 3756 2671; x_wconf 78' lang='grc' dir='ltr'>γυνὴ</span> <span class='ocrx_word' id='word_1_419' title='bbox 3783 2598 3842 2652; x_wconf 81' lang='grc' dir='ltr'>τὸ</span> 
     </span>
    </p>
   </div>
   <div class='ocr_carea' id='block_1_57' title="bbox 2259 2701 2981 2772">
    <p class='ocr_par' dir='ltr' id='par_1_57' title="bbox 2259 2701 2981 2772">
     <span class='ocr_line' id='line_1_57' title="bbox 2259 2701 2981 2772; baseline -0.006 -17"><span class='ocrx_word' id='word_1_420' title='bbox 2259 2703 2446 2755; x_wconf 80' lang='grc' dir='ltr'>τέκνον</span> <span class='ocrx_word' id='word_1_421' title='bbox 2472 2702 2640 2772; x_wconf 79' lang='grc' dir='ltr'>αὐτῆς</span> <span class='ocrx_word' id='word_1_422' title='bbox 2663 2701 2758 2755; x_wconf 79' lang='grc' dir='ltr'>καὶ</span> <span class='ocrx_word' id='word_1_423' title='bbox 2788 2701 2981 2768; x_wconf 71' lang='grc' dir='ltr'>ἔφαγε.</span> 
     </span>
    </p>
   </div>
   <div class='ocr_carea' id='block_1_58' title="bbox 2337 2780 3841 2862">
    <p class='ocr_par' dir='ltr' id='par_1_58' title="bbox 2337 2780 3841 2862">
     <span class='ocr_line' id='line_1_58' title="bbox 2337 2780 3841 2862; baseline -0.003 -20"><span class='ocrx_word' id='word_1_424' title='bbox 2337 2809 2355 2842; x_wconf 85' lang='grc' dir='ltr'><strong>ι</strong></span> <span class='ocrx_word' id='word_1_425' title='bbox 2397 2789 2771 2862; x_wconf 83' lang='grc' dir='ltr'>Προσεύχεσθε</span> <span class='ocrx_word' id='word_1_426' title='bbox 2793 2789 2847 2841; x_wconf 82' lang='grc' dir='ltr'>δὲ</span> <span class='ocrx_word' id='word_1_427' title='bbox 2879 2789 2966 2841; x_wconf 83' lang='grc' dir='ltr'>ἶνα</span> <span class='ocrx_word' id='word_1_428' title='bbox 3001 2786 3076 2858; x_wconf 80' lang='grc' dir='ltr'>μὴ</span> <span class='ocrx_word' id='word_1_429' title='bbox 3107 2784 3331 2854; x_wconf 80' lang='grc' dir='ltr'>γένηται</span> <span class='ocrx_word' id='word_1_430' title='bbox 3352 2785 3386 2853; x_wconf 82' lang='grc' dir='ltr'><strong>ἡ</strong></span> <span class='ocrx_word' id='word_1_431' title='bbox 3430 2780 3580 2852; x_wconf 76' lang='grc' dir='ltr'>φυγὴ</span> <span class='ocrx_word' id='word_1_432' title='bbox 3607 2781 3766 2852; x_wconf 78' lang='grc' dir='ltr'>ὑμῶν</span> <span class='ocrx_word' id='word_1_433' title='bbox 3786 2784 3841 2837; x_wconf 76' lang='grc' dir='ltr'>ὲν</span> 
     </span>
    </p>
   </div>
   <div class='ocr_carea' id='block_1_59' title="bbox 2261 2873 3841 2952">
    <p class='ocr_par' dir='ltr' id='par_1_59' title="bbox 2261 2873 3841 2952">
     <span class='ocr_line' id='line_1_59' title="bbox 2261 2873 3841 2952; baseline -0.005 -18"><span class='ocrx_word' id='word_1_434' title='bbox 2261 2881 2513 2952; x_wconf 84' lang='grc' dir='ltr'>χειμῶνι,</span> <span class='ocrx_word' id='word_1_435' title='bbox 2554 2879 2689 2950; x_wconf 84' lang='grc' dir='ltr'>μηδὲ</span> <span class='ocrx_word' id='word_1_436' title='bbox 2730 2877 3016 2947; x_wconf 87' lang='grc' dir='ltr'>Σαϐϐάτῳ.</span> <span class='ocrx_word' id='word_1_437' title='bbox 3061 2896 3080 2928; x_wconf 73' lang='grc' dir='ltr'><strong>ι</strong></span> <span class='ocrx_word' id='word_1_438' title='bbox 3134 2877 3222 2930; x_wconf 89' lang='lat' dir='ltr'><strong>‘Ev</strong></span> <span class='ocrx_word' id='word_1_439' title='bbox 3249 2874 3528 2945; x_wconf 84' lang='grc' dir='ltr'>προσώπῳ</span> <span class='ocrx_word' id='word_1_440' title='bbox 3562 2873 3670 2926; x_wconf 83' lang='grc' dir='ltr'><strong>τῶν</strong></span> <span class='ocrx_word' id='word_1_441' title='bbox 3705 2875 3841 2926; x_wconf 81' lang='grc' dir='ltr'>ἀπο·</span> 
     </span>
    </p>
   </div>
   <div class='ocr_carea' id='block_1_60' title="bbox 2263 2967 3843 3042">
    <p class='ocr_par' dir='ltr' id='par_1_60' title="bbox 2263 2967 3843 3042">
     <span class='ocr_line' id='line_1_60' title="bbox 2263 2967 3843 3042; baseline -0.004 -15"><span class='ocrx_word' id='word_1_442' title='bbox 2263 2973 2463 3027; x_wconf 88' lang='grc' dir='ltr'>στόλων</span> <span class='ocrx_word' id='word_1_443' title='bbox 2499 2973 2634 3042; x_wconf 80' lang='grc' dir='ltr'>πρὸς</span> <span class='ocrx_word' id='word_1_444' title='bbox 2676 2971 2962 3034; x_wconf 80' lang='grc' dir='ltr'>Ἰουδαίους</span> <span class='ocrx_word' id='word_1_445' title='bbox 2991 2970 3166 3023; x_wconf 89' lang='grc' dir='ltr'>ταῦτά</span> <span class='ocrx_word' id='word_1_446' title='bbox 3191 2985 3358 3038; x_wconf 76' lang='grc' dir='ltr'>φησιν</span> <span class='ocrx_word' id='word_1_447' title='bbox 3381 2983 3394 2998; x_wconf 86' lang='grc'><strong>·</strong></span> <span class='ocrx_word' id='word_1_448' title='bbox 3457 2971 3508 3020; x_wconf 87' lang='grc' dir='ltr'><strong>οί</strong></span> <span class='ocrx_word' id='word_1_449' title='bbox 3552 2968 3665 3037; x_wconf 75' lang='grc' dir='ltr'><strong>γάρ</strong></span> <span class='ocrx_word' id='word_1_450' title='bbox 3715 2967 3843 3021; x_wconf 82' lang='grc' dir='ltr'>ἀπό·</span> 
     </span>
    </p>
   </div>
   <div class='ocr_carea' id='block_1_61' title="bbox 2264 3056 3842 3131">
    <p class='ocr_par' dir='ltr' id='par_1_61' title="bbox 2264 3056 3842 3131">
     <span class='ocr_line' id='line_1_61' title="bbox 2264 3056 3842 3131; baseline -0.006 -14"><span class='ocrx_word' id='word_1_451' title='bbox 2264 3062 2438 3117; x_wconf 88' lang='grc' dir='ltr'>στολοι</span> <span class='ocrx_word' id='word_1_452' title='bbox 2467 3062 2818 3131; x_wconf 82' lang='grc' dir='ltr'>προέφθασαν</span> <span class='ocrx_word' id='word_1_453' title='bbox 2845 3060 3152 3124; x_wconf 65' lang='grc' dir='ltr'>ἐξελθόντες</span> <span class='ocrx_word' id='word_1_454' title='bbox 3173 3059 3272 3129; x_wconf 83' lang='grc' dir='ltr'>τῆς</span> <span class='ocrx_word' id='word_1_455' title='bbox 3312 3057 3626 3128; x_wconf 77' lang='grc' dir='ltr'>Ὶερουσαλή</span> <span class='ocrx_word' id='word_1_456' title='bbox 3637 3073 3698 3127; x_wconf 87' lang='grc' dir='ltr'>μ.</span> <span class='ocrx_word' id='word_1_457' title='bbox 3719 3056 3842 3118; x_wconf 83' lang='grc' dir='ltr'>Τοῖς</span> 
     </span>
    </p>
   </div>
   <div class='ocr_carea' id='block_1_62' title="bbox 593 3149 2159 3242">
    <p class='ocr_par' dir='ltr' id='par_1_62' title="bbox 593 3149 2156 3238">
     <span class='ocr_line' id='line_1_62' title="bbox 593 3149 2156 3238; baseline 0.007 -16"><span class='ocrx_word' id='word_1_458' title='bbox 593 3168 771 3222; x_wconf 89' lang='lat' dir='ltr'><strong>hieme</strong></span> <span class='ocrx_word' id='word_1_459' title='bbox 807 3167 895 3221; x_wconf 81' lang='lat' dir='ltr'><strong>fiat</strong></span> <span class='ocrx_word' id='word_1_460' title='bbox 925 3167 1049 3234; x_wconf 82' lang='lat' dir='ltr'><strong>fuga</strong></span> <span class='ocrx_word' id='word_1_461' title='bbox 1083 3183 1177 3222; x_wconf 89' lang='lat' dir='ltr'><strong>sua</strong></span> <span class='ocrx_word' id='word_1_462' title='bbox 1202 3207 1217 3233; x_wconf 93' lang='lat'><strong>,</strong></span> <span class='ocrx_word' id='word_1_463' title='bbox 1249 3182 1313 3223; x_wconf 88' lang='lat' dir='ltr'><strong>eo</strong></span> <span class='ocrx_word' id='word_1_464' title='bbox 1343 3171 1484 3238; x_wconf 90' lang='lat' dir='ltr'><strong>quod</strong></span> <span class='ocrx_word' id='word_1_465' title='bbox 1523 3149 1922 3230; x_wconf 87' lang='lat' dir='ltr'><strong>incommodum</strong></span> <span class='ocrx_word' id='word_1_466' title='bbox 1953 3177 2020 3231; x_wconf 85' lang='lat' dir='ltr'><strong>sit</strong></span> <span class='ocrx_word' id='word_1_467' title='bbox 2051 3179 2156 3233; x_wconf 88' lang='lat' dir='ltr'><strong>illis</strong></span> 
     </span>
    </p>
   </div>
   <div class='ocr_carea' id='block_1_63' title="bbox 2263 3149 3839 3242">
    <p class='ocr_par' dir='ltr' id='par_1_63' title="bbox 2277 3149 3839 3224">
     <span class='ocr_line' id='line_1_63' title="bbox 2277 3149 3839 3224; baseline -0.005 -15"><span class='ocrx_word' id='word_1_468' title='bbox 2277 3155 2553 3219; x_wconf 82' lang='grc' dir='ltr'>Ἰουδαίοις</span> <span class='ocrx_word' id='word_1_469' title='bbox 2576 3153 2668 3207; x_wconf 84' lang='grc' dir='ltr'><strong>οῦν</strong></span> <span class='ocrx_word' id='word_1_470' title='bbox 2691 3154 2839 3222; x_wconf 78' lang='grc' dir='ltr'>λέγει</span> <span class='ocrx_word' id='word_1_471' title='bbox 2867 3152 3123 3224; x_wconf 73' lang='grc' dir='ltr'>εὔχεσθαι</span> <span class='ocrx_word' id='word_1_472' title='bbox 3151 3151 3238 3205; x_wconf 71' lang='grc' dir='ltr'>ἵνα</span> <span class='ocrx_word' id='word_1_473' title='bbox 3272 3151 3346 3222; x_wconf 81' lang='grc' dir='ltr'>μὴ</span> <span class='ocrx_word' id='word_1_474' title='bbox 3368 3149 3594 3220; x_wconf 86' lang='grc' dir='ltr'>γένηται</span> <span class='ocrx_word' id='word_1_475' title='bbox 3627 3151 3658 3220; x_wconf 82' lang='grc' dir='ltr'>ἡ</span> <span class='ocrx_word' id='word_1_476' title='bbox 3696 3150 3839 3218; x_wconf 77' lang='grc' dir='ltr'>φυγὴ</span> 
     </span>
    </p>
   </div>
   <div class='ocr_carea' id='block_1_64' title="bbox 597 3258 2156 3330">
    <p class='ocr_par' dir='ltr' id='par_1_64' title="bbox 597 3258 2156 3330">
     <span class='ocr_line' id='line_1_64' title="bbox 597 3258 2156 3330; baseline 0.008 -19"><span class='ocrx_word' id='word_1_477' title='bbox 597 3258 924 3327; x_wconf 67' lang='lat' dir='ltr'><strong>tet:,pnribus</strong></span> <span class='ocrx_word' id='word_1_478' title='bbox 965 3260 1184 3329; x_wconf 83' lang='lat' dir='ltr'><strong>fugere;</strong></span> <span class='ocrx_word' id='word_1_479' title='bbox 1231 3276 1403 3330; x_wconf 90' lang='lat' dir='ltr'><strong>neque</strong></span> <span class='ocrx_word' id='word_1_480' title='bbox 1440 3262 1492 3316; x_wconf 90' lang='lat' dir='ltr'><strong>in</strong></span> <span class='ocrx_word' id='word_1_481' title='bbox 1539 3262 1813 3320; x_wconf 86' lang='lat' dir='ltr'><strong>Sabbato:</strong></span> <span class='ocrx_word' id='word_1_482' title='bbox 1852 3277 1976 3323; x_wconf 92' lang='lat' dir='ltr'><strong>tunc</strong></span> <span class='ocrx_word' id='word_1_483' title='bbox 2012 3271 2156 3324; x_wconf 85' lang='lat' dir='ltr'><strong>enim</strong></span> 
     </span>
    </p>
   </div>
   <div class='ocr_carea' id='block_1_65' title="bbox 588 3347 2158 3425">
    <p class='ocr_par' dir='ltr' id='par_1_65' title="bbox 588 3347 2158 3425">
     <span class='ocr_line' id='line_1_65' title="bbox 588 3347 2158 3425; baseline 0.013 -27"><span class='ocrx_word' id='word_1_484' title='bbox 588 3347 740 3418; x_wconf 77' lang='lat' dir='ltr'><strong>juxta</strong></span> <span class='ocrx_word' id='word_1_485' title='bbox 775 3350 941 3417; x_wconf 81' lang='lat' dir='ltr'><strong>legem</strong></span> <span class='ocrx_word' id='word_1_486' title='bbox 973 3351 1130 3404; x_wconf 89' lang='lat' dir='ltr'><strong>otiosi</strong></span> <span class='ocrx_word' id='word_1_487' title='bbox 1163 3359 1316 3418; x_wconf 85' lang='lat' dir='ltr'><strong>sunt,</strong></span> <span class='ocrx_word' id='word_1_488' title='bbox 1361 3361 1415 3408; x_wconf 90' lang='lat' dir='ltr'><strong>et</strong></span> <span class='ocrx_word' id='word_1_489' title='bbox 1445 3353 1629 3425; x_wconf 87' lang='lat' dir='ltr'><strong>fugere</strong></span> <span class='ocrx_word' id='word_1_490' title='bbox 1675 3371 1779 3411; x_wconf 91' lang='lat' dir='ltr'><strong>non</strong></span> <span class='ocrx_word' id='word_1_491' title='bbox 1818 3359 2038 3415; x_wconf 85' lang='lat' dir='ltr'><strong>audent.</strong></span> <span class='ocrx_word' id='word_1_492' title='bbox 2076 3361 2158 3418; x_wconf 88' lang='grc' dir='ltr'>Τιι</span> 
     </span>
    </p>
   </div>
   <div class='ocr_carea' id='block_1_66' title="bbox 593 3443 2160 3522">
    <p class='ocr_par' dir='ltr' id='par_1_66' title="bbox 593 3443 2160 3522">
     <span class='ocr_line' id='line_1_66' title="bbox 593 3443 2160 3522; baseline 0.01 -28"><span class='ocrx_word' id='word_1_493' title='bbox 593 3451 772 3496; x_wconf 86' lang='lat' dir='ltr'><strong>autem</strong></span> <span class='ocrx_word' id='word_1_494' title='bbox 808 3452 860 3495; x_wconf 91' lang='lat' dir='ltr'><strong>et</strong></span> <span class='ocrx_word' id='word_1_495' title='bbox 892 3443 970 3496; x_wconf 90' lang='lat' dir='ltr'><strong>sic</strong></span> <span class='ocrx_word' id='word_1_496' title='bbox 1014 3443 1326 3513; x_wconf 79' lang='lat' dir='ltr'><strong>intelligito,</strong></span> <span class='ocrx_word' id='word_1_497' title='bbox 1369 3449 1512 3515; x_wconf 88' lang='lat' dir='ltr'><strong>quod</strong></span> <span class='ocrx_word' id='word_1_498' title='bbox 1558 3460 1805 3518; x_wconf 87' lang='lat' dir='ltr'><strong>oporteat</strong></span> <span class='ocrx_word' id='word_1_499' title='bbox 1848 3455 2055 3522; x_wconf 88' lang='lat' dir='ltr'><strong>precari</strong></span> <span class='ocrx_word' id='word_1_500' title='bbox 2093 3470 2160 3511; x_wconf 91' lang='lat' dir='ltr'><strong>ne</strong></span> 
     </span>
    </p>
   </div>
   <div class='ocr_carea' id='block_1_67' title="bbox 593 3532 2162 3609">
    <p class='ocr_par' dir='ltr' id='par_1_67' title="bbox 593 3532 2162 3609">
     <span class='ocr_line' id='line_1_67' title="bbox 593 3532 2162 3609; baseline 0.012 -25"><span class='ocrx_word' id='word_1_501' title='bbox 593 3534 687 3591; x_wconf 82' lang='lat' dir='ltr'><strong>fiat</strong></span> <span class='ocrx_word' id='word_1_502' title='bbox 720 3532 840 3600; x_wconf 81' lang='lat' dir='ltr'><strong>fuga</strong></span> <span class='ocrx_word' id='word_1_503' title='bbox 871 3544 1049 3588; x_wconf 91' lang='lat' dir='ltr'><strong>nostra</strong></span> <span class='ocrx_word' id='word_1_504' title='bbox 1087 3550 1152 3588; x_wconf 80' lang='lat' dir='ltr'><strong>ex</strong></span> <span class='ocrx_word' id='word_1_505' title='bbox 1189 3536 1287 3590; x_wconf 88' lang='lat' dir='ltr'><strong>hac</strong></span> <span class='ocrx_word' id='word_1_506' title='bbox 1313 3537 1448 3601; x_wconf 87' lang='lat' dir='ltr'><strong>vita,</strong></span> <span class='ocrx_word' id='word_1_507' title='bbox 1487 3539 1589 3593; x_wconf 85' lang='lat' dir='ltr'><strong>hoc</strong></span> <span class='ocrx_word' id='word_1_508' title='bbox 1626 3550 1708 3594; x_wconf 90' lang='lat' dir='ltr'><strong>est</strong></span> <span class='ocrx_word' id='word_1_509' title='bbox 1742 3557 1907 3609; x_wconf 85' lang='lat' dir='ltr'><strong>mors,</strong></span> <span class='ocrx_word' id='word_1_510' title='bbox 1941 3547 1994 3600; x_wconf 89' lang='lat' dir='ltr'><strong>in</strong></span> <span class='ocrx_word' id='word_1_511' title='bbox 2025 3547 2162 3602; x_wconf 82' lang='lat' dir='ltr'><strong>Sab-</strong></span> 
     </span>
    </p>
   </div>
   <div class='ocr_carea' id='block_1_68' title="bbox 595 3627 2158 3707">
    <p class='ocr_par' dir='ltr' id='par_1_68' title="bbox 595 3627 2158 3707">
     <span class='ocr_line' id='line_1_68' title="bbox 595 3627 2158 3707; baseline 0.008 -27"><span class='ocrx_word' id='word_1_512' title='bbox 595 3627 741 3690; x_wconf 78' lang='lat' dir='ltr'><strong>buto,</strong></span> <span class='ocrx_word' id='word_1_513' title='bbox 776 3627 961 3680; x_wconf 86' lang='lat' dir='ltr'><strong>otiosis</strong></span> <span class='ocrx_word' id='word_1_514' title='bbox 994 3627 1149 3681; x_wconf 80' lang='lat' dir='ltr'><strong>nobis</strong></span> <span class='ocrx_word' id='word_1_515' title='bbox 1181 3641 1210 3680; x_wconf 89' lang='lat' dir='ltr'><strong>a</strong></span> <span class='ocrx_word' id='word_1_516' title='bbox 1239 3628 1398 3683; x_wconf 86' lang='lat' dir='ltr'><strong>bonis</strong></span> <span class='ocrx_word' id='word_1_517' title='bbox 1426 3631 1718 3697; x_wconf 82' lang='lat' dir='ltr'><strong>operibus,</strong></span> <span class='ocrx_word' id='word_1_518' title='bbox 1753 3648 1927 3704; x_wconf 82' lang='lat' dir='ltr'><strong>neque</strong></span> <span class='ocrx_word' id='word_1_519' title='bbox 1962 3639 2158 3707; x_wconf 81' lang='lat' dir='ltr'><strong>hiems,</strong></span> 
     </span>
    </p>
   </div>
   <div class='ocr_carea' id='block_1_69' title="bbox 597 3715 2157 3795">
    <p class='ocr_par' dir='ltr' id='par_1_69' title="bbox 597 3715 2157 3795">
     <span class='ocr_line' id='line_1_69' title="bbox 597 3715 2157 3795; baseline 0.012 -27"><span class='ocrx_word' id='word_1_520' title='bbox 597 3715 652 3771; x_wconf 89' lang='lat' dir='ltr'><strong>in</strong></span> <span class='ocrx_word' id='word_1_521' title='bbox 693 3715 980 3769; x_wconf 81' lang='lat' dir='ltr'><strong>sterilitate</strong></span> <span class='ocrx_word' id='word_1_522' title='bbox 1037 3716 1322 3784; x_wconf 89' lang='lat' dir='ltr'><strong>bonorum,</strong></span> <span class='ocrx_word' id='word_1_523' title='bbox 1372 3719 1465 3774; x_wconf 90' lang='lat' dir='ltr'><strong>sed</strong></span> <span class='ocrx_word' id='word_1_524' title='bbox 1515 3719 1568 3774; x_wconf 90' lang='lat' dir='ltr'><strong>in</strong></span> <span class='ocrx_word' id='word_1_525' title='bbox 1609 3724 1902 3780; x_wconf 88' lang='lat' dir='ltr'><strong>serenitate</strong></span> <span class='ocrx_word' id='word_1_526' title='bbox 1945 3729 2157 3795; x_wconf 71' lang='lat' dir='ltr'><strong>animae,</strong></span> 
     </span>
    </p>
   </div>
   <div class='ocr_carea' id='block_1_70' title="bbox 596 3806 1219 3874">
    <p class='ocr_par' dir='ltr' id='par_1_70' title="bbox 596 3806 1219 3874">
     <span class='ocr_line' id='line_1_70' title="bbox 596 3806 1219 3874; baseline 0.008 -19"><span class='ocrx_word' id='word_1_527' title='bbox 596 3819 715 3874; x_wconf 68' lang='lat' dir='ltr'><strong>qum</strong></span> <span class='ocrx_word' id='word_1_528' title='bbox 751 3819 856 3860; x_wconf 85' lang='lat' dir='ltr'><strong>non</strong></span> <span class='ocrx_word' id='word_1_529' title='bbox 905 3806 1179 3860; x_wconf 82' lang='lat' dir='ltr'><strong>turbetur.</strong></span> <span class='ocrx_word' id='word_1_530' title='bbox 1202 3827 1219 3840; x_wconf 72' lang='grc' dir='ltr'><strong>ο</strong></span> 
     </span>
    </p>
   </div>
   <div class='ocr_carea' id='block_1_71' title="bbox 666 3979 2157 4062">
    <p class='ocr_par' dir='ltr' id='par_1_71' title="bbox 666 3979 2157 4062">
     <span class='ocr_line' id='line_1_71' title="bbox 666 3979 2157 4062; baseline 0.011 -33"><span class='ocrx_word' id='word_1_531' title='bbox 666 3979 829 4035; x_wconf 79' lang='lat' dir='ltr'><strong>Vens.</strong></span> <span class='ocrx_word' id='word_1_532' title='bbox 871 3980 930 4033; x_wconf 73' lang='lat' dir='ltr'><strong>2i</strong></span> <span class='ocrx_word' id='word_1_533' title='bbox 963 4019 977 4045; x_wconf 92' lang='lat'><strong>,</strong></span> <span class='ocrx_word' id='word_1_534' title='bbox 1005 3980 1096 4035; x_wconf 74' lang='grc' dir='ltr'>εε.</span> <span class='ocrx_word' id='word_1_535' title='bbox 1137 3999 1156 4032; x_wconf 81' lang='grc' dir='ltr'><strong>ι</strong></span> <span class='ocrx_word' id='word_1_536' title='bbox 1196 3979 1312 4035; x_wconf 85' lang='lat' dir='ltr'><strong>Erit</strong></span> <span class='ocrx_word' id='word_1_537' title='bbox 1346 3985 1486 4038; x_wconf 86' lang='lat' dir='ltr'><strong>enim</strong></span> <span class='ocrx_word' id='word_1_538' title='bbox 1525 3993 1651 4041; x_wconf 88' lang='lat' dir='ltr'><strong>tunc</strong></span> <span class='ocrx_word' id='word_1_539' title='bbox 1689 3985 1914 4043; x_wconf 79' lang='lat' dir='ltr'><strong>afﬂictio.</strong></span> <span class='ocrx_word' id='word_1_540' title='bbox 1941 4005 2157 4062; x_wconf 80' lang='lat' dir='ltr'><strong>magna,</strong></span> 
     </span>
    </p>
   </div>
   <div class='ocr_carea' id='block_1_72' title="bbox 595 4072 2151 4149">
    <p class='ocr_par' dir='ltr' id='par_1_72' title="bbox 595 4072 2151 4149">
     <span class='ocr_line' id='line_1_72' title="bbox 595 4072 2151 4149; baseline 0.009 -27"><span class='ocrx_word' id='word_1_541' title='bbox 595 4075 769 4142; x_wconf 85' lang='lat' dir='ltr'><strong>qualis</strong></span> <span class='ocrx_word' id='word_1_542' title='bbox 802 4087 902 4125; x_wconf 88' lang='lat' dir='ltr'><strong>non</strong></span> <span class='ocrx_word' id='word_1_543' title='bbox 941 4073 1039 4126; x_wconf 86' lang='lat' dir='ltr'><strong>fuit</strong></span> <span class='ocrx_word' id='word_1_544' title='bbox 1073 4074 1137 4127; x_wconf 79' lang='lat' dir='ltr'><strong>ab</strong></span> <span class='ocrx_word' id='word_1_545' title='bbox 1171 4072 1328 4128; x_wconf 84' lang='lat' dir='ltr'><strong>initio</strong></span> <span class='ocrx_word' id='word_1_546' title='bbox 1361 4077 1541 4129; x_wconf 80' lang='lat' dir='ltr'><strong>mundi</strong></span> <span class='ocrx_word' id='word_1_547' title='bbox 1575 4079 1639 4130; x_wconf 88' lang='lat' dir='ltr'><strong>ad</strong></span> <span class='ocrx_word' id='word_1_548' title='bbox 1676 4079 1778 4133; x_wconf 84' lang='lat' dir='ltr'><strong>hoc</strong></span> <span class='ocrx_word' id='word_1_549' title='bbox 1815 4096 1982 4149; x_wconf 88' lang='lat' dir='ltr'><strong>usque</strong></span> <span class='ocrx_word' id='word_1_550' title='bbox 2012 4094 2151 4136; x_wconf 87' lang='lat' dir='ltr'><strong>teut-</strong></span> 
     </span>
    </p>
   </div>
   <div class='ocr_carea' id='block_1_73' title="bbox 595 4162 2155 4237">
    <p class='ocr_par' dir='ltr' id='par_1_73' title="bbox 595 4162 2155 4237">
     <span class='ocr_line' id='line_1_73' title="bbox 595 4162 2155 4237; baseline 0.007 -23"><span class='ocrx_word' id='word_1_551' title='bbox 595 4177 718 4232; x_wconf 90' lang='lat' dir='ltr'><strong>pus,</strong></span> <span class='ocrx_word' id='word_1_552' title='bbox 751 4163 1057 4230; x_wconf 22' lang='lat' dir='ltr'><strong>nequeifiet.</strong></span> <span class='ocrx_word' id='word_1_553' title='bbox 1087 4162 1153 4222; x_wconf 81' lang='lat' dir='ltr'><strong>Et</strong></span> <span class='ocrx_word' id='word_1_554' title='bbox 1185 4163 1283 4215; x_wconf 84' lang='lat' dir='ltr'><strong>nisi</strong></span> <span class='ocrx_word' id='word_1_555' title='bbox 1315 4163 1607 4218; x_wconf 80' lang='lat' dir='ltr'><strong>ahbreviati</strong></span> <span class='ocrx_word' id='word_1_556' title='bbox 1639 4165 1870 4222; x_wconf 72' lang='lat' dir='ltr'><strong>fuissent</strong></span> <span class='ocrx_word' id='word_1_557' title='bbox 1909 4172 2023 4224; x_wconf 81' lang='lat' dir='ltr'><strong>dies</strong></span> <span class='ocrx_word' id='word_1_558' title='bbox 2059 4173 2155 4237; x_wconf 91' lang='lat' dir='ltr'><strong>illi,</strong></span> 
     </span>
    </p>
   </div>
   <div class='ocr_carea' id='block_1_74' title="bbox 597 4252 2155 4322">
    <p class='ocr_par' dir='ltr' id='par_1_74' title="bbox 597 4252 2155 4322">
     <span class='ocr_line' id='line_1_74' title="bbox 597 4252 2155 4322; baseline 0.006 -16"><span class='ocrx_word' id='word_1_559' title='bbox 597 4268 702 4306; x_wconf 80' lang='lat' dir='ltr'><strong>non</strong></span> <span class='ocrx_word' id='word_1_560' title='bbox 729 4253 878 4306; x_wconf 83' lang='lat' dir='ltr'><strong>ﬁeret</strong></span> <span class='ocrx_word' id='word_1_561' title='bbox 907 4252 1049 4305; x_wconf 80' lang='lat' dir='ltr'><strong>salva</strong></span> <span class='ocrx_word' id='word_1_562' title='bbox 1081 4254 1256 4306; x_wconf 90' lang='lat' dir='ltr'><strong>omnis</strong></span> <span class='ocrx_word' id='word_1_563' title='bbox 1290 4269 1419 4307; x_wconf 88' lang='lat' dir='ltr'><strong>caro</strong></span> <span class='ocrx_word' id='word_1_564' title='bbox 1445 4273 1458 4306; x_wconf 89' lang='lat'><strong>:</strong></span> <span class='ocrx_word' id='word_1_565' title='bbox 1494 4267 1714 4322; x_wconf 87' lang='lat' dir='ltr'><strong>propter</strong></span> <span class='ocrx_word' id='word_1_566' title='bbox 1747 4258 1947 4312; x_wconf 89' lang='lat' dir='ltr'><strong>electos</strong></span> <span class='ocrx_word' id='word_1_567' title='bbox 1977 4271 2155 4315; x_wconf 82' lang='lat' dir='ltr'><strong>autem</strong></span> 
     </span>
    </p>
   </div>
   <div class='ocr_carea' id='block_1_75' title="bbox 596 4337 2157 4407">
    <p class='ocr_par' dir='ltr' id='par_1_75' title="bbox 596 4337 2157 4407">
     <span class='ocr_line' id='line_1_75' title="bbox 596 4337 2157 4407; baseline 0.01 -15"><span class='ocrx_word' id='word_1_568' title='bbox 596 4340 1055 4394; x_wconf 79' lang='lat' dir='ltr'><strong>abbreviabuntur</strong></span> <span class='ocrx_word' id='word_1_569' title='bbox 1075 4341 1190 4394; x_wconf 85' lang='lat' dir='ltr'><strong>dies</strong></span> <span class='ocrx_word' id='word_1_570' title='bbox 1219 4337 1313 4396; x_wconf 86' lang='lat' dir='ltr'><strong>illi.</strong></span> <span class='ocrx_word' id='word_1_571' title='bbox 1351 4360 1370 4393; x_wconf 73' lang='grc' dir='ltr'><strong>ι</strong></span> <span class='ocrx_word' id='word_1_572' title='bbox 1399 4341 1628 4397; x_wconf 78' lang='lat' dir='ltr'><strong>Aﬁlictio</strong></span> <span class='ocrx_word' id='word_1_573' title='bbox 1655 4346 2005 4404; x_wconf 72' lang='lat' dir='ltr'><strong>intolerabilis</strong></span> <span class='ocrx_word' id='word_1_574' title='bbox 2031 4361 2157 4407; x_wconf 90' lang='lat' dir='ltr'><strong>tunc</strong></span> 
     </span>
    </p>
   </div>
   <div class='ocr_carea' id='block_1_76' title="bbox 597 4431 2154 4499">
    <p class='ocr_par' dir='ltr' id='par_1_76' title="bbox 597 4431 2154 4499">
     <span class='ocr_line' id='line_1_76' title="bbox 597 4431 2154 4499; baseline 0.01 -15"><span class='ocrx_word' id='word_1_575' title='bbox 597 4443 730 4486; x_wconf 81' lang='lat' dir='ltr'><strong>erat.</strong></span> <span class='ocrx_word' id='word_1_576' title='bbox 770 4431 910 4488; x_wconf 86' lang='lat' dir='ltr'><strong>Jussi</strong></span> <span class='ocrx_word' id='word_1_577' title='bbox 964 4443 1088 4488; x_wconf 88' lang='lat' dir='ltr'><strong>sunt</strong></span> <span class='ocrx_word' id='word_1_578' title='bbox 1118 4436 1261 4487; x_wconf 89' lang='lat' dir='ltr'><strong>enim</strong></span> <span class='ocrx_word' id='word_1_579' title='bbox 1313 4435 1681 4492; x_wconf 71' lang='lat' dir='ltr'><strong>norttanorum</strong></span> <span class='ocrx_word' id='word_1_580' title='bbox 1728 4441 1928 4496; x_wconf 79' lang='lat' dir='ltr'><strong>milites</strong></span> <span class='ocrx_word' id='word_1_581' title='bbox 1963 4458 2028 4497; x_wconf 90' lang='lat' dir='ltr'><strong>ne</strong></span> <span class='ocrx_word' id='word_1_582' title='bbox 2067 4445 2154 4499; x_wconf 91' lang='lat' dir='ltr'><strong>cui</strong></span> 
     </span>
    </p>
   </div>
   <div class='ocr_carea' id='block_1_77' title="bbox 2263 3234 3842 3317">
    <p class='ocr_par' dir='ltr' id='par_1_77' title="bbox 2263 3234 3842 3317">
     <span class='ocr_line' id='line_1_77' title="bbox 2263 3234 3842 3317; baseline -0.006 -16"><span class='ocrx_word' id='word_1_583' title='bbox 2263 3246 2442 3301; x_wconf 82' lang='grc' dir='ltr'>αὐτῶν</span> <span class='ocrx_word' id='word_1_584' title='bbox 2468 3248 2526 3299; x_wconf 73' lang='grc' dir='ltr'>ὲν</span> <span class='ocrx_word' id='word_1_585' title='bbox 2553 3245 2802 3317; x_wconf 85' lang='grc' dir='ltr'>χειμῶνι,</span> <span class='ocrx_word' id='word_1_586' title='bbox 2834 3246 2920 3298; x_wconf 82' lang='grc' dir='ltr'>διὰ</span> <span class='ocrx_word' id='word_1_587' title='bbox 2952 3244 3050 3317; x_wconf 81' lang='grc' dir='ltr'>τὴν</span> <span class='ocrx_word' id='word_1_588' title='bbox 3084 3234 3371 3296; x_wconf 82' lang='grc' dir='ltr'>δυσκολίαν</span> <span class='ocrx_word' id='word_1_589' title='bbox 3399 3241 3493 3294; x_wconf 93' lang='grc' dir='ltr'><strong>τοῦ</strong></span> <span class='ocrx_word' id='word_1_590' title='bbox 3530 3240 3726 3310; x_wconf 87' lang='grc' dir='ltr'>καιροῦ</span> <span class='ocrx_word' id='word_1_591' title='bbox 3770 3241 3842 3313; x_wconf 78' lang='grc' dir='ltr'><strong>μὴ</strong></span> 
     </span>
    </p>
   </div>
   <div class='ocr_carea' id='block_1_78' title="bbox 2259 3332 3843 3409">
    <p class='ocr_par' dir='ltr' id='par_1_78' title="bbox 2259 3332 3843 3409">
     <span class='ocr_line' id='line_1_78' title="bbox 2259 3332 3843 3409; baseline -0.007 -15"><span class='ocrx_word' id='word_1_592' title='bbox 2259 3339 2574 3409; x_wconf 71' lang='grc' dir='ltr'>δυναμένων</span> <span class='ocrx_word' id='word_1_593' title='bbox 2619 3337 2947 3408; x_wconf 82' lang='grc' dir='ltr'>ἀποδρᾶναι,</span> <span class='ocrx_word' id='word_1_594' title='bbox 2986 3337 3120 3406; x_wconf 69' lang='grc' dir='ltr'>μηδὲ</span> <span class='ocrx_word' id='word_1_595' title='bbox 3150 3336 3208 3387; x_wconf 78' lang='grc' dir='ltr'>ὲν</span> <span class='ocrx_word' id='word_1_596' title='bbox 3242 3332 3527 3401; x_wconf 85' lang='grc' dir='ltr'>Σαϐϐάτῳ,</span> <span class='ocrx_word' id='word_1_597' title='bbox 3579 3333 3706 3385; x_wconf 84' lang='grc' dir='ltr'>τότε</span> <span class='ocrx_word' id='word_1_598' title='bbox 3735 3332 3843 3402; x_wconf 77' lang='grc' dir='ltr'><strong>γὰρ</strong></span> 
     </span>
    </p>
   </div>
   <div class='ocr_carea' id='block_1_79' title="bbox 2261 3422 3844 3502">
    <p class='ocr_par' dir='ltr' id='par_1_79' title="bbox 2261 3422 3844 3502">
     <span class='ocr_line' id='line_1_79' title="bbox 2261 3422 3844 3502; baseline -0.006 -19"><span class='ocrx_word' id='word_1_599' title='bbox 2261 3429 2493 3502; x_wconf 83' lang='grc' dir='ltr'>ἀργοῦσι</span> <span class='ocrx_word' id='word_1_600' title='bbox 2524 3429 2665 3482; x_wconf 84' lang='grc' dir='ltr'>κατά</span> <span class='ocrx_word' id='word_1_601' title='bbox 2697 3428 2787 3482; x_wconf 81' lang='grc' dir='ltr'>τὸν</span> <span class='ocrx_word' id='word_1_602' title='bbox 2810 3427 2997 3496; x_wconf 77' lang='grc' dir='ltr'>νόμον,</span> <span class='ocrx_word' id='word_1_603' title='bbox 3042 3426 3136 3478; x_wconf 81' lang='grc' dir='ltr'>καὶ</span> <span class='ocrx_word' id='word_1_604' title='bbox 3168 3424 3266 3476; x_wconf 85' lang='grc' dir='ltr'>οὑκ</span> <span class='ocrx_word' id='word_1_605' title='bbox 3318 3423 3384 3476; x_wconf 84' lang='grc' dir='ltr'>ἂν</span> <span class='ocrx_word' id='word_1_606' title='bbox 3415 3422 3844 3491; x_wconf 73' lang='grc' dir='ltr'>ἐπιτολμήσαιεν</span> 
     </span>
    </p>
   </div>
   <div class='ocr_carea' id='block_1_80' title="bbox 2260 3513 3843 3594">
    <p class='ocr_par' dir='ltr' id='par_1_80' title="bbox 2260 3513 3843 3594">
     <span class='ocr_line' id='line_1_80' title="bbox 2260 3513 3843 3594; baseline -0.008 -17"><span class='ocrx_word' id='word_1_607' title='bbox 2260 3526 2327 3593; x_wconf 77' lang='grc' dir='ltr'>τῇ</span> <span class='ocrx_word' id='word_1_608' title='bbox 2361 3525 2531 3594; x_wconf 80' lang='grc' dir='ltr'>φυγῇ.</span> <span class='ocrx_word' id='word_1_609' title='bbox 2566 3522 2636 3574; x_wconf 75' lang='grc' dir='ltr'>Συ</span> <span class='ocrx_word' id='word_1_610' title='bbox 2662 3520 2719 3575; x_wconf 74' lang='grc' dir='ltr'>δὲ</span> <span class='ocrx_word' id='word_1_611' title='bbox 2752 3521 2849 3574; x_wconf 77' lang='grc' dir='ltr'>καὶ</span> <span class='ocrx_word' id='word_1_612' title='bbox 2870 3518 3012 3572; x_wconf 81' lang='grc' dir='ltr'>οὕτω</span> <span class='ocrx_word' id='word_1_613' title='bbox 3049 3517 3180 3579; x_wconf 89' lang='grc' dir='ltr'>νόει,</span> <span class='ocrx_word' id='word_1_614' title='bbox 3228 3516 3309 3567; x_wconf 77' lang='grc' dir='ltr'>ὅτι</span> <span class='ocrx_word' id='word_1_615' title='bbox 3337 3514 3419 3565; x_wconf 84' lang='grc' dir='ltr'>δεῖ</span> <span class='ocrx_word' id='word_1_616' title='bbox 3466 3513 3723 3583; x_wconf 72' lang='grc' dir='ltr'>εὔχεσθαι</span> <span class='ocrx_word' id='word_1_617' title='bbox 3757 3513 3843 3566; x_wconf 81' lang='grc' dir='ltr'>ἵνα</span> 
     </span>
    </p>
   </div>
   <div class='ocr_carea' id='block_1_81' title="bbox 2265 3606 3845 3686">
    <p class='ocr_par' dir='ltr' id='par_1_81' title="bbox 2265 3606 3845 3686">
     <span class='ocr_line' id='line_1_81' title="bbox 2265 3606 3845 3686; baseline -0.006 -19"><span class='ocrx_word' id='word_1_618' title='bbox 2265 3614 2342 3686; x_wconf 77' lang='grc' dir='ltr'>μὴ</span> <span class='ocrx_word' id='word_1_619' title='bbox 2379 3615 2607 3683; x_wconf 85' lang='grc' dir='ltr'>γένηται</span> <span class='ocrx_word' id='word_1_620' title='bbox 2637 3615 2669 3682; x_wconf 82' lang='grc' dir='ltr'><strong>ἡ</strong></span> <span class='ocrx_word' id='word_1_621' title='bbox 2707 3613 2854 3682; x_wconf 81' lang='grc' dir='ltr'>φυγὴ</span> <span class='ocrx_word' id='word_1_622' title='bbox 2890 3609 3044 3680; x_wconf 76' lang='grc' dir='ltr'>ἡμῶν</span> <span class='ocrx_word' id='word_1_623' title='bbox 3066 3610 3130 3662; x_wconf 82' lang='grc' dir='ltr'>ὲκ</span> <span class='ocrx_word' id='word_1_624' title='bbox 3161 3606 3256 3661; x_wconf 88' lang='grc' dir='ltr'><strong>τοῦ</strong></span> <span class='ocrx_word' id='word_1_625' title='bbox 3293 3606 3412 3676; x_wconf 86' lang='grc' dir='ltr'>βίου</span> <span class='ocrx_word' id='word_1_626' title='bbox 3438 3607 3654 3669; x_wconf 83' lang='grc' dir='ltr'>τούτου,</span> <span class='ocrx_word' id='word_1_627' title='bbox 3688 3623 3845 3658; x_wconf 83' lang='grc' dir='ltr'>τουτ-</span> 
     </span>
    </p>
   </div>
   <div class='ocr_carea' id='block_1_82' title="bbox 2261 3695 3845 3776">
    <p class='ocr_par' dir='ltr' id='par_1_82' title="bbox 2261 3695 3845 3776">
     <span class='ocr_line' id='line_1_82' title="bbox 2261 3695 3845 3776; baseline -0.006 -18"><span class='ocrx_word' id='word_1_628' title='bbox 2261 3707 2408 3759; x_wconf 72' lang='grc' dir='ltr'>έστιν</span> <span class='ocrx_word' id='word_1_629' title='bbox 2447 3706 2482 3776; x_wconf 83' lang='grc' dir='ltr'>ή</span> <span class='ocrx_word' id='word_1_630' title='bbox 2512 3702 2755 3773; x_wconf 83' lang='grc' dir='ltr'>τελευτὴ,</span> <span class='ocrx_word' id='word_1_631' title='bbox 2785 3705 2841 3755; x_wconf 79' lang='grc' dir='ltr'>ὲν</span> <span class='ocrx_word' id='word_1_632' title='bbox 2885 3699 3172 3770; x_wconf 71' lang='grc' dir='ltr'>Σαϐϐάτῳ,</span> <span class='ocrx_word' id='word_1_633' title='bbox 3217 3702 3282 3768; x_wconf 77' lang='grc' dir='ltr'><strong>τῇ</strong></span> <span class='ocrx_word' id='word_1_634' title='bbox 3315 3698 3487 3768; x_wconf 60' lang='grc' dir='ltr'>ἀργίᾳ</span> <span class='ocrx_word' id='word_1_635' title='bbox 3522 3696 3632 3749; x_wconf 84' lang='grc' dir='ltr'>τῶν</span> <span class='ocrx_word' id='word_1_636' title='bbox 3663 3695 3845 3749; x_wconf 82' lang='grc' dir='ltr'>καλῶν</span> 
     </span>
    </p>
   </div>
   <div class='ocr_carea' id='block_1_83' title="bbox 2262 3785 3844 3866">
    <p class='ocr_par' dir='ltr' id='par_1_83' title="bbox 2262 3785 3844 3866">
     <span class='ocr_line' id='line_1_83' title="bbox 2262 3785 3844 3866; baseline -0.006 -19"><span class='ocrx_word' id='word_1_637' title='bbox 2262 3794 2535 3864; x_wconf 77' lang='grc' dir='ltr'>πράξεων,</span> <span class='ocrx_word' id='word_1_638' title='bbox 2564 3793 2698 3866; x_wconf 84' lang='grc' dir='ltr'>μηδὲ</span> <span class='ocrx_word' id='word_1_639' title='bbox 2732 3795 2789 3846; x_wconf 71' lang='grc' dir='ltr'>ἐν</span> <span class='ocrx_word' id='word_1_640' title='bbox 2810 3791 3060 3863; x_wconf 83' lang='grc' dir='ltr'>χειμῶνι,</span> <span class='ocrx_word' id='word_1_641' title='bbox 3088 3793 3155 3860; x_wconf 81' lang='grc' dir='ltr'><strong>τῇ</strong></span> <span class='ocrx_word' id='word_1_642' title='bbox 3186 3789 3440 3859; x_wconf 72' lang='grc' dir='ltr'>ἀκαρπίᾳ.</span> <span class='ocrx_word' id='word_1_643' title='bbox 3463 3786 3571 3840; x_wconf 73' lang='grc' dir='ltr'><strong>τῶν</strong></span> <span class='ocrx_word' id='word_1_644' title='bbox 3593 3785 3844 3854; x_wconf 83' lang='grc' dir='ltr'>ἀγαθῶν,</span> 
     </span>
    </p>
   </div>
   <div class='ocr_carea' id='block_1_84' title="bbox 2260 3880 3303 3956">
    <p class='ocr_par' dir='ltr' id='par_1_84' title="bbox 2260 3880 3303 3956">
     <span class='ocr_line' id='line_1_84' title="bbox 2260 3880 3303 3956; baseline -0.005 -18"><span class='ocrx_word' id='word_1_645' title='bbox 2260 3883 2374 3938; x_wconf 77' lang='grc' dir='ltr'>ἀλλ’</span> <span class='ocrx_word' id='word_1_646' title='bbox 2413 3887 2472 3937; x_wconf 75' lang='grc' dir='ltr'>ἐν</span> <span class='ocrx_word' id='word_1_647' title='bbox 2506 3885 2658 3956; x_wconf 78' lang='grc' dir='ltr'>εὑδίᾳ</span> <span class='ocrx_word' id='word_1_648' title='bbox 2687 3882 2865 3954; x_wconf 78' lang='grc' dir='ltr'>ψυχῆς</span> <span class='ocrx_word' id='word_1_649' title='bbox 2895 3883 2988 3936; x_wconf 65' lang='grc' dir='ltr'><strong>καὶ</strong></span> <span class='ocrx_word' id='word_1_650' title='bbox 3012 3880 3303 3950; x_wconf 74' lang='grc' dir='ltr'>ἀταραξία.</span> 
     </span>
    </p>
   </div>
   <div class='ocr_carea' id='block_1_85' title="bbox 2343 3969 3847 4046">
    <p class='ocr_par' dir='ltr' id='par_1_85' title="bbox 2343 3969 3847 4046">
     <span class='ocr_line' id='line_1_85' title="bbox 2343 3969 3847 4046; baseline -0.005 -16"><span class='ocrx_word' id='word_1_651' title='bbox 2343 3999 2363 4030; x_wconf 82' lang='grc' dir='ltr'><strong>ι</strong></span> <span class='ocrx_word' id='word_1_652' title='bbox 2396 3979 2588 4033; x_wconf 81' lang='grc' dir='ltr'>Ἔσται</span> <span class='ocrx_word' id='word_1_653' title='bbox 2617 3977 2725 4046; x_wconf 78' lang='grc' dir='ltr'>γὰρ</span> <span class='ocrx_word' id='word_1_654' title='bbox 2772 3979 2890 4029; x_wconf 92' lang='grc' dir='ltr'>τότε</span> <span class='ocrx_word' id='word_1_655' title='bbox 2921 3974 3098 4042; x_wconf 62' lang='grc' dir='ltr'>θλίψις</span> <span class='ocrx_word' id='word_1_656' title='bbox 3147 3973 3382 4044; x_wconf 80' lang='grc' dir='ltr'>μεγάλη,</span> <span class='ocrx_word' id='word_1_657' title='bbox 3419 3971 3506 4025; x_wconf 77' lang='grc' dir='ltr'>οἶα</span> <span class='ocrx_word' id='word_1_658' title='bbox 3527 3972 3587 4022; x_wconf 84' lang='grc' dir='ltr'>οὑ</span> <span class='ocrx_word' id='word_1_659' title='bbox 3621 3969 3847 4040; x_wconf 82' lang='grc' dir='ltr'>γέγονεν</span> 
     </span>
    </p>
   </div>
   <div class='ocr_carea' id='block_1_86' title="bbox 2262 4057 3841 4146">
    <p class='ocr_par' dir='ltr' id='par_1_86' title="bbox 2262 4057 3841 4146">
     <span class='ocr_line' id='line_1_86' title="bbox 2262 4057 3841 4146; baseline -0.01 -15"><span class='ocrx_word' id='word_1_660' title='bbox 2262 4077 2356 4132; x_wconf 78' lang='grc' dir='ltr'><strong>ἀπ’</strong></span> <span class='ocrx_word' id='word_1_661' title='bbox 2385 4075 2557 4146; x_wconf 76' lang='grc' dir='ltr'>ἀρχῆς</span> <span class='ocrx_word' id='word_1_662' title='bbox 2595 4057 2801 4140; x_wconf 83' lang='grc' dir='ltr'>κόσμου</span> <span class='ocrx_word' id='word_1_663' title='bbox 2832 4067 2935 4131; x_wconf 77' lang='grc' dir='ltr'><strong>ἓως</strong></span> <span class='ocrx_word' id='word_1_664' title='bbox 2958 4066 3050 4119; x_wconf 91' lang='grc' dir='ltr'><strong>τοῦ</strong></span> <span class='ocrx_word' id='word_1_665' title='bbox 3087 4065 3204 4133; x_wconf 87' lang='grc' dir='ltr'>νῦν,</span> <span class='ocrx_word' id='word_1_666' title='bbox 3237 4065 3350 4118; x_wconf 77' lang='grc' dir='ltr'>οὐδ’</span> <span class='ocrx_word' id='word_1_667' title='bbox 3382 4065 3443 4118; x_wconf 84' lang='grc' dir='ltr'><strong>ού</strong></span> <span class='ocrx_word' id='word_1_668' title='bbox 3471 4064 3547 4134; x_wconf 76' lang='grc' dir='ltr'>μὴ</span> <span class='ocrx_word' id='word_1_669' title='bbox 3577 4065 3841 4132; x_wconf 80' lang='grc' dir='ltr'>γένηται·</span> 
     </span>
    </p>
   </div>
   <div class='ocr_carea' id='block_1_87' title="bbox 2261 4154 3847 4234">
    <p class='ocr_par' dir='ltr' id='par_1_87' title="bbox 2261 4154 3847 4234">
     <span class='ocr_line' id='line_1_87' title="bbox 2261 4154 3847 4234; baseline -0.009 -11"><span class='ocrx_word' id='word_1_670' title='bbox 2261 4169 2356 4223; x_wconf 82' lang='grc' dir='ltr'>καὶ</span> <span class='ocrx_word' id='word_1_671' title='bbox 2388 4169 2437 4219; x_wconf 83' lang='grc' dir='ltr'>εἰ</span> <span class='ocrx_word' id='word_1_672' title='bbox 2477 4163 2552 4234; x_wconf 78' lang='grc' dir='ltr'>μὴ</span> <span class='ocrx_word' id='word_1_673' title='bbox 2587 4159 2998 4228; x_wconf 75' lang='grc' dir='ltr'>ἐκολοϐώθησαν</span> <span class='ocrx_word' id='word_1_674' title='bbox 3028 4159 3088 4210; x_wconf 85' lang='grc' dir='ltr'><strong>αί</strong></span> <span class='ocrx_word' id='word_1_675' title='bbox 3130 4157 3337 4228; x_wconf 79' lang='grc' dir='ltr'>ἡμέραι</span> <span class='ocrx_word' id='word_1_676' title='bbox 3368 4158 3599 4216; x_wconf 72' lang='grc' dir='ltr'>ἐκεῖναι.</span> <span class='ocrx_word' id='word_1_677' title='bbox 3634 4158 3736 4209; x_wconf 72' lang='grc' dir='ltr'>οὐκ</span> <span class='ocrx_word' id='word_1_678' title='bbox 3781 4154 3847 4208; x_wconf 80' lang='grc' dir='ltr'>ἂν</span> 
     </span>
    </p>
   </div>
   <div class='ocr_carea' id='block_1_88' title="bbox 2260 4246 3846 4328">
    <p class='ocr_par' dir='ltr' id='par_1_88' title="bbox 2260 4246 3846 4328">
     <span class='ocr_line' id='line_1_88' title="bbox 2260 4246 3846 4328; baseline -0.009 -15"><span class='ocrx_word' id='word_1_679' title='bbox 2260 4259 2439 4328; x_wconf 64' lang='grc' dir='ltr'>ἐσώθη</span> <span class='ocrx_word' id='word_1_680' title='bbox 2475 4257 2623 4309; x_wconf 82' lang='grc' dir='ltr'>πᾶσα</span> <span class='ocrx_word' id='word_1_681' title='bbox 2662 4251 2799 4322; x_wconf 78' lang='grc' dir='ltr'>σάρξ</span> <span class='ocrx_word' id='word_1_682' title='bbox 2819 4266 2832 4279; x_wconf 88' lang='grc'><strong>·</strong></span> <span class='ocrx_word' id='word_1_683' title='bbox 2862 4251 2951 4304; x_wconf 78' lang='grc' dir='ltr'><strong>διὰ</strong></span> <span class='ocrx_word' id='word_1_684' title='bbox 2974 4250 3030 4303; x_wconf 72' lang='grc' dir='ltr'>δὲ</span> <span class='ocrx_word' id='word_1_685' title='bbox 3066 4251 3191 4311; x_wconf 79' lang='grc' dir='ltr'>τοὺς</span> <span class='ocrx_word' id='word_1_686' title='bbox 3217 4248 3508 4310; x_wconf 76' lang='grc' dir='ltr'>ἐκλεκτοὺς</span> <span class='ocrx_word' id='word_1_687' title='bbox 3539 4246 3846 4316; x_wconf 64' lang='grc' dir='ltr'>κολοϐωθή-</span> 
     </span>
    </p>
   </div>
   <div class='ocr_carea' id='block_1_89' title="bbox 2262 4333 3843 4415">
    <p class='ocr_par' dir='ltr' id='par_1_89' title="bbox 2262 4333 3843 4415">
     <span class='ocr_line' id='line_1_89' title="bbox 2262 4333 3843 4415; baseline -0.01 -11"><span class='ocrx_word' id='word_1_688' title='bbox 2262 4367 2444 4403; x_wconf 91' lang='grc' dir='ltr'>σονται</span> <span class='ocrx_word' id='word_1_689' title='bbox 2473 4348 2528 4399; x_wconf 87' lang='grc' dir='ltr'><strong>αί</strong></span> <span class='ocrx_word' id='word_1_690' title='bbox 2559 4345 2760 4415; x_wconf 79' lang='grc' dir='ltr'>ἡμέραι</span> <span class='ocrx_word' id='word_1_691' title='bbox 2784 4343 3008 4396; x_wconf 79' lang='grc' dir='ltr'>ἐκεῖναι.</span> <span class='ocrx_word' id='word_1_692' title='bbox 3039 4359 3057 4392; x_wconf 77' lang='grc' dir='ltr'><strong>ι</strong></span> <span class='ocrx_word' id='word_1_693' title='bbox 3098 4339 3285 4408; x_wconf 78' lang='grc' dir='ltr'>Θλίψις</span> <span class='ocrx_word' id='word_1_694' title='bbox 3310 4338 3584 4409; x_wconf 78' lang='grc' dir='ltr'>ἀφόρητος</span> <span class='ocrx_word' id='word_1_695' title='bbox 3609 4340 3730 4391; x_wconf 82' lang='grc' dir='ltr'>τότε</span> <span class='ocrx_word' id='word_1_696' title='bbox 3757 4333 3843 4408; x_wconf 79' lang='grc' dir='ltr'><strong>ἦν.</strong></span> 
     </span>
    </p>
   </div>
   <div class='ocr_carea' id='block_1_90' title="bbox 2273 4429 3844 4507">
    <p class='ocr_par' dir='ltr' id='par_1_90' title="bbox 2273 4429 3844 4507">
     <span class='ocr_line' id='line_1_90' title="bbox 2273 4429 3844 4507; baseline -0.009 -14"><span class='ocrx_word' id='word_1_697' title='bbox 2273 4439 2704 4507; x_wconf 76' lang='grc' dir='ltr'>Ἐκελεύσθηεαν</span> <span class='ocrx_word' id='word_1_698' title='bbox 2733 4434 2842 4502; x_wconf 84' lang='grc' dir='ltr'><strong>γὰρ</strong></span> <span class='ocrx_word' id='word_1_699' title='bbox 2892 4434 2940 4485; x_wconf 86' lang='grc' dir='ltr'><strong>οί</strong></span> <span class='ocrx_word' id='word_1_700' title='bbox 2977 4431 3088 4484; x_wconf 85' lang='grc' dir='ltr'><strong>τῶν</strong></span> <span class='ocrx_word' id='word_1_701' title='bbox 3150 4431 3441 4500; x_wconf 86' lang='grc' dir='ltr'>Ῥωμαίων</span> <span class='ocrx_word' id='word_1_702' title='bbox 3490 4429 3844 4499; x_wconf 85' lang='grc' dir='ltr'>στρατιῶται,</span> 
     </span>
    </p>
   </div>
   <div class='ocr_carea' id='block_1_91' title="bbox 595 4515 2159 4602">
    <p class='ocr_par' dir='ltr' id='par_1_91' title="bbox 595 4525 2158 4599">
     <span class='ocr_line' id='line_1_91' title="bbox 595 4525 2158 4599; baseline 0.01 -24"><span class='ocrx_word' id='word_1_703' title='bbox 595 4534 880 4593; x_wconf 76' lang='lat' dir='ltr'><strong>parcerent</strong></span> <span class='ocrx_word' id='word_1_704' title='bbox 911 4541 922 4577; x_wconf 91' lang='lat'><strong>:</strong></span> <span class='ocrx_word' id='word_1_705' title='bbox 957 4525 1047 4579; x_wconf 75' lang='lat' dir='ltr'><strong>sed</strong></span> <span class='ocrx_word' id='word_1_706' title='bbox 1081 4525 1220 4579; x_wconf 85' lang='lat' dir='ltr'><strong>Deus</strong></span> <span class='ocrx_word' id='word_1_707' title='bbox 1249 4537 1466 4594; x_wconf 86' lang='lat' dir='ltr'><strong>propter</strong></span> <span class='ocrx_word' id='word_1_708' title='bbox 1493 4531 1794 4585; x_wconf 86' lang='lat' dir='ltr'><strong>credituros</strong></span> <span class='ocrx_word' id='word_1_709' title='bbox 1822 4547 1887 4586; x_wconf 78' lang='lat' dir='ltr'><strong>ex</strong></span> <span class='ocrx_word' id='word_1_710' title='bbox 1916 4533 2042 4599; x_wconf 84' lang='lat' dir='ltr'><strong>illis,</strong></span> <span class='ocrx_word' id='word_1_711' title='bbox 2075 4537 2158 4591; x_wconf 84' lang='lat' dir='ltr'><strong>vel</strong></span> 
     </span>
    </p>
   </div>
   <div class='ocr_carea' id='block_1_92' title="bbox 2263 4515 3844 4602">
    <p class='ocr_par' dir='ltr' id='par_1_92' title="bbox 2270 4521 3844 4602">
     <span class='ocr_line' id='line_1_92' title="bbox 2270 4521 3844 4602; baseline -0.006 -18"><span class='ocrx_word' id='word_1_712' title='bbox 2270 4529 2494 4602; x_wconf 78' lang='grc' dir='ltr'>μηδενὸς</span> <span class='ocrx_word' id='word_1_713' title='bbox 2550 4525 2846 4597; x_wconf 80' lang='grc' dir='ltr'>φείδεσθαι,</span> <span class='ocrx_word' id='word_1_714' title='bbox 2901 4522 3066 4577; x_wconf 82' lang='grc' dir='ltr'>ἀλλ’ό</span> <span class='ocrx_word' id='word_1_715' title='bbox 3112 4522 3240 4585; x_wconf 65' lang='grc' dir='ltr'>Θεὸς</span> <span class='ocrx_word' id='word_1_716' title='bbox 3282 4521 3370 4575; x_wconf 74' lang='grc' dir='ltr'><strong>διὰ</strong></span> <span class='ocrx_word' id='word_1_717' title='bbox 3399 4522 3524 4584; x_wconf 78' lang='grc' dir='ltr'>τοὺς</span> <span class='ocrx_word' id='word_1_718' title='bbox 3552 4521 3844 4591; x_wconf 65' lang='grc' dir='ltr'>μέλλοντας</span> 
     </span>
    </p>
   </div>
   <div class='ocr_carea' id='block_1_93' title="bbox 598 4610 2159 4688">
    <p class='ocr_par' dir='ltr' id='par_1_93' title="bbox 598 4616 2159 4688">
     <span class='ocr_line' id='line_1_93' title="bbox 598 4616 2159 4688; baseline 0.009 -18"><span class='ocrx_word' id='word_1_719' title='bbox 598 4631 690 4670; x_wconf 85' lang='lat' dir='ltr'><strong>eos</strong></span> <span class='ocrx_word' id='word_1_720' title='bbox 723 4620 810 4684; x_wconf 91' lang='lat' dir='ltr'><strong>qui</strong></span> <span class='ocrx_word' id='word_1_721' title='bbox 849 4616 958 4682; x_wconf 82' lang='lat' dir='ltr'><strong>jam</strong></span> <span class='ocrx_word' id='word_1_722' title='bbox 988 4618 1347 4682; x_wconf 88' lang='lat' dir='ltr'><strong>crediderant,</strong></span> <span class='ocrx_word' id='word_1_723' title='bbox 1382 4635 1483 4673; x_wconf 86' lang='lat' dir='ltr'><strong>neu</strong></span> <span class='ocrx_word' id='word_1_724' title='bbox 1509 4623 1750 4688; x_wconf 89' lang='lat' dir='ltr'><strong>permisit</strong></span> <span class='ocrx_word' id='word_1_725' title='bbox 1782 4625 1939 4679; x_wconf 87' lang='lat' dir='ltr'><strong>simul</strong></span> <span class='ocrx_word' id='word_1_726' title='bbox 1967 4643 2159 4684; x_wconf 85' lang='lat' dir='ltr'><strong>omnes</strong></span> 
     </span>
    </p>
   </div>
   <div class='ocr_carea' id='block_1_94' title="bbox 2263 4610 3846 4688">
    <p class='ocr_par' dir='ltr' id='par_1_94' title="bbox 2269 4610 3846 4683">
     <span class='ocr_line' id='line_1_94' title="bbox 2269 4610 3846 4683; baseline -0.007 -9"><span class='ocrx_word' id='word_1_727' title='bbox 2269 4621 2544 4675; x_wconf 77' lang='grc' dir='ltr'>πιστεύειν</span> <span class='ocrx_word' id='word_1_728' title='bbox 2581 4617 2638 4681; x_wconf 81' lang='grc' dir='ltr'><strong>ὲξ</strong></span> <span class='ocrx_word' id='word_1_729' title='bbox 2696 4615 2896 4677; x_wconf 72' lang='grc' dir='ltr'>αὐτῶν,</span> <span class='ocrx_word' id='word_1_730' title='bbox 2933 4614 2966 4683; x_wconf 80' lang='grc' dir='ltr'>ἢ</span> <span class='ocrx_word' id='word_1_731' title='bbox 3008 4613 3103 4665; x_wconf 75' lang='grc' dir='ltr'>καὶ</span> <span class='ocrx_word' id='word_1_732' title='bbox 3136 4610 3530 4671; x_wconf 83' lang='grc' dir='ltr'>πιστεύσαντας</span> <span class='ocrx_word' id='word_1_733' title='bbox 3589 4610 3716 4680; x_wconf 71' lang='grc' dir='ltr'>ἤδη,</span> <span class='ocrx_word' id='word_1_734' title='bbox 3748 4613 3846 4663; x_wconf 69' lang='grc' dir='ltr'>οὐκ</span> 
     </span>
    </p>
   </div>
   <div class='ocr_carea' id='block_1_95' title="bbox 595 4701 2159 4782">
    <p class='ocr_par' dir='ltr' id='par_1_95' title="bbox 595 4706 2154 4777">
     <span class='ocr_line' id='line_1_95' title="bbox 595 4706 2154 4777; baseline 0.01 -17"><span class='ocrx_word' id='word_1_735' title='bbox 595 4708 790 4761; x_wconf 89' lang='lat' dir='ltr'><strong>occidi.</strong></span> <span class='ocrx_word' id='word_1_736' title='bbox 834 4706 1143 4761; x_wconf 84' lang='lat' dir='ltr'><strong>Decurtavit</strong></span> <span class='ocrx_word' id='word_1_737' title='bbox 1176 4717 1352 4762; x_wconf 79' lang='lat' dir='ltr'><strong>autem</strong></span> <span class='ocrx_word' id='word_1_738' title='bbox 1380 4708 1695 4768; x_wconf 80' lang='lat' dir='ltr'><strong>aﬂlictioues</strong></span> <span class='ocrx_word' id='word_1_739' title='bbox 1727 4725 1777 4767; x_wconf 91' lang='lat' dir='ltr'><strong>et</strong></span> <span class='ocrx_word' id='word_1_740' title='bbox 1811 4716 1948 4772; x_wconf 88' lang='lat' dir='ltr'><strong>bella</strong></span> <span class='ocrx_word' id='word_1_741' title='bbox 1984 4737 1996 4772; x_wconf 90' lang='lat'><strong>:</strong></span> <span class='ocrx_word' id='word_1_742' title='bbox 2031 4736 2154 4777; x_wconf 85' lang='lat' dir='ltr'><strong>nam</strong></span> 
     </span>
    </p>
   </div>
   <div class='ocr_carea' id='block_1_96' title="bbox 2263 4701 3844 4782">
    <p class='ocr_par' dir='ltr' id='par_1_96' title="bbox 2265 4701 3844 4782">
     <span class='ocr_line' id='line_1_96' title="bbox 2265 4701 3844 4782; baseline -0.008 -16"><span class='ocrx_word' id='word_1_743' title='bbox 2265 4713 2473 4782; x_wconf 81' lang='grc' dir='ltr'>ἀφῆκεν</span> <span class='ocrx_word' id='word_1_744' title='bbox 2495 4710 2664 4780; x_wconf 78' lang='grc' dir='ltr'>ἄρδην</span> <span class='ocrx_word' id='word_1_745' title='bbox 2692 4704 3081 4775; x_wconf 76' lang='grc' dir='ltr'>ἀναιρεθῆναι,</span> <span class='ocrx_word' id='word_1_746' title='bbox 3111 4703 3246 4756; x_wconf 80' lang='grc' dir='ltr'>ἀλλὰ</span> <span class='ocrx_word' id='word_1_747' title='bbox 3281 4704 3375 4756; x_wconf 79' lang='grc' dir='ltr'>καὶ</span> <span class='ocrx_word' id='word_1_748' title='bbox 3401 4703 3498 4764; x_wconf 83' lang='grc' dir='ltr'><strong>τὰς</strong></span> <span class='ocrx_word' id='word_1_749' title='bbox 3522 4701 3734 4770; x_wconf 75' lang='grc' dir='ltr'>θλίψεις</span> <span class='ocrx_word' id='word_1_750' title='bbox 3755 4703 3844 4754; x_wconf 73' lang='grc' dir='ltr'>καὶ</span> 
     </span>
    </p>
   </div>
   <div class='ocr_carea' id='block_1_97' title="bbox 597 4786 2159 4876">
    <p class='ocr_par' dir='ltr' id='par_1_97' title="bbox 597 4797 2154 4876">
     <span class='ocr_line' id='line_1_97' title="bbox 597 4797 2154 4876; baseline 0.01 -26"><span class='ocrx_word' id='word_1_751' title='bbox 597 4799 641 4851; x_wconf 90' lang='lat' dir='ltr'><strong>si</strong></span> <span class='ocrx_word' id='word_1_752' title='bbox 675 4797 866 4850; x_wconf 89' lang='lat' dir='ltr'><strong>bellum</strong></span> <span class='ocrx_word' id='word_1_753' title='bbox 892 4799 1198 4852; x_wconf 88' lang='lat' dir='ltr'><strong>diuturnius</strong></span> <span class='ocrx_word' id='word_1_754' title='bbox 1234 4797 1445 4864; x_wconf 89' lang='lat' dir='ltr'><strong>fuisset,</strong></span> <span class='ocrx_word' id='word_1_755' title='bbox 1477 4817 1666 4858; x_wconf 86' lang='lat' dir='ltr'><strong>omnes</strong></span> <span class='ocrx_word' id='word_1_756' title='bbox 1691 4807 1778 4873; x_wconf 92' lang='lat' dir='ltr'><strong>qui</strong></span> <span class='ocrx_word' id='word_1_757' title='bbox 1816 4807 1958 4862; x_wconf 85' lang='lat' dir='ltr'><strong>intus</strong></span> <span class='ocrx_word' id='word_1_758' title='bbox 1981 4821 2154 4876; x_wconf 89' lang='lat' dir='ltr'><strong>erant,</strong></span> 
     </span>
    </p>
   </div>
   <div class='ocr_carea' id='block_1_98' title="bbox 2263 4786 3846 4876">
    <p class='ocr_par' dir='ltr' id='par_1_98' title="bbox 2267 4786 3846 4874">
     <span class='ocr_line' id='line_1_98' title="bbox 2267 4786 3846 4874; baseline -0.006 -13"><span class='ocrx_word' id='word_1_759' title='bbox 2267 4808 2356 4861; x_wconf 84' lang='grc' dir='ltr'>τὸν</span> <span class='ocrx_word' id='word_1_760' title='bbox 2376 4804 2609 4874; x_wconf 82' lang='grc' dir='ltr'>πόλεμον</span> <span class='ocrx_word' id='word_1_761' title='bbox 2636 4800 2980 4855; x_wconf 83' lang='grc' dir='ltr'>ὲκολώϐωσεν</span> <span class='ocrx_word' id='word_1_762' title='bbox 2997 4815 3011 4830; x_wconf 79' lang='grc'><strong><em>⁸</em></strong></span> <span class='ocrx_word' id='word_1_763' title='bbox 3032 4802 3077 4851; x_wconf 88' lang='grc' dir='ltr'><strong>εί</strong></span> <span class='ocrx_word' id='word_1_764' title='bbox 3106 4799 3214 4868; x_wconf 76' lang='grc' dir='ltr'><strong>γάρ</strong></span> <span class='ocrx_word' id='word_1_765' title='bbox 3235 4786 3540 4867; x_wconf 72' lang='grc' dir='ltr'>ἐκράτησεν</span> <span class='ocrx_word' id='word_1_766' title='bbox 3569 4800 3660 4850; x_wconf 79' lang='grc' dir='ltr'><strong>ἐπὶ</strong></span> <span class='ocrx_word' id='word_1_767' title='bbox 3687 4799 3846 4852; x_wconf 66' lang='grc' dir='ltr'>πλέον</span> 
     </span>
    </p>
   </div>
   <div class='ocr_carea' id='block_1_99' title="bbox 596 4887 2159 4966">
    <p class='ocr_par' dir='ltr' id='par_1_99' title="bbox 596 4887 2159 4956">
     <span class='ocr_line' id='line_1_99' title="bbox 596 4887 2159 4956; baseline 0.007 -12"><span class='ocrx_word' id='word_1_768' title='bbox 596 4888 738 4944; x_wconf 77' lang='lat' dir='ltr'><strong>fame</strong></span> <span class='ocrx_word' id='word_1_769' title='bbox 768 4889 1074 4956; x_wconf 84' lang='lat' dir='ltr'><strong>periissem.</strong></span> <span class='ocrx_word' id='word_1_770' title='bbox 1107 4887 1336 4954; x_wconf 82' lang='lat' dir='ltr'><strong>Quidam</strong></span> <span class='ocrx_word' id='word_1_771' title='bbox 1378 4893 1441 4946; x_wconf 90' lang='lat' dir='ltr'><strong>de</strong></span> <span class='ocrx_word' id='word_1_772' title='bbox 1472 4893 1791 4949; x_wconf 79' lang='lat' dir='ltr'><strong>Antichristi</strong></span> <span class='ocrx_word' id='word_1_773' title='bbox 1823 4897 2010 4952; x_wconf 87' lang='lat' dir='ltr'><strong>diebus</strong></span> <span class='ocrx_word' id='word_1_774' title='bbox 2045 4899 2159 4955; x_wconf 68' lang='lat' dir='ltr'><strong>haec</strong></span> 
     </span>
    </p>
   </div>
   <div class='ocr_carea' id='block_1_100' title="bbox 2263 4887 3845 4966">
    <p class='ocr_par' dir='ltr' id='par_1_100' title="bbox 2263 4888 3845 4966">
     <span class='ocr_line' id='line_1_100' title="bbox 2263 4888 3845 4966; baseline -0.013 -13"><span class='ocrx_word' id='word_1_775' title='bbox 2263 4901 2293 4953; x_wconf 88' lang='lat'><strong>6</strong></span> <span class='ocrx_word' id='word_1_776' title='bbox 2325 4898 2581 4966; x_wconf 84' lang='grc' dir='ltr'>πόλεμος,</span> <span class='ocrx_word' id='word_1_777' title='bbox 2605 4893 2804 4955; x_wconf 82' lang='grc' dir='ltr'>πάντες</span> <span class='ocrx_word' id='word_1_778' title='bbox 2831 4891 2896 4947; x_wconf 72' lang='grc' dir='ltr'>ἂν</span> <span class='ocrx_word' id='word_1_779' title='bbox 2929 4893 2976 4944; x_wconf 88' lang='grc' dir='ltr'><strong>οί</strong></span> <span class='ocrx_word' id='word_1_780' title='bbox 3007 4890 3156 4943; x_wconf 75' lang='grc' dir='ltr'>ἔνδον</span> <span class='ocrx_word' id='word_1_781' title='bbox 3181 4890 3285 4942; x_wconf 83' lang='grc' dir='ltr'><strong>ὑπὸ</strong></span> <span class='ocrx_word' id='word_1_782' title='bbox 3316 4889 3407 4942; x_wconf 90' lang='grc' dir='ltr'><strong>τοῦ</strong></span> <span class='ocrx_word' id='word_1_783' title='bbox 3435 4888 3596 4958; x_wconf 84' lang='grc' dir='ltr'>λιμοῦ</span> <span class='ocrx_word' id='word_1_784' title='bbox 3627 4890 3845 4959; x_wconf 72' lang='grc' dir='ltr'>διεφθά.</span> 
     </span>
    </p>
   </div>
   <div class='ocr_carea' id='block_1_101' title="bbox 596 4979 2163 5056">
    <p class='ocr_par' dir='ltr' id='par_1_101' title="bbox 596 4979 2163 5056">
     <span class='ocr_line' id='line_1_101' title="bbox 596 4979 2163 5056; baseline 0.008 -23"><span class='ocrx_word' id='word_1_785' title='bbox 596 4979 937 5047; x_wconf 83' lang='lat' dir='ltr'><strong>intelligunt:</strong></span> <span class='ocrx_word' id='word_1_786' title='bbox 969 4982 1064 5034; x_wconf 91' lang='lat' dir='ltr'><strong>sed</strong></span> <span class='ocrx_word' id='word_1_787' title='bbox 1101 4997 1203 5033; x_wconf 89' lang='lat' dir='ltr'><strong>non</strong></span> <span class='ocrx_word' id='word_1_788' title='bbox 1237 4994 1362 5052; x_wconf 75' lang='lat' dir='ltr'><strong>sunt</strong></span> <span class='ocrx_word' id='word_1_789' title='bbox 1393 4984 1736 5056; x_wconf 83' lang='lat' dir='ltr'><strong>intelligenda</strong></span> <span class='ocrx_word' id='word_1_790' title='bbox 1771 4990 1883 5044; x_wconf 63' lang='lat' dir='ltr'><strong>haec</strong></span> <span class='ocrx_word' id='word_1_791' title='bbox 1909 4990 1976 5044; x_wconf 91' lang='lat' dir='ltr'><strong>de</strong></span> <span class='ocrx_word' id='word_1_792' title='bbox 2008 4994 2163 5046; x_wconf 83' lang='lat' dir='ltr'><strong>Anti-</strong></span> 
     </span>
    </p>
   </div>
   <div class='ocr_carea' id='block_1_102' title="bbox 597 5069 2157 5148">
    <p class='ocr_par' dir='ltr' id='par_1_102' title="bbox 597 5069 2157 5148">
     <span class='ocr_line' id='line_1_102' title="bbox 597 5069 2157 5148; baseline 0.011 -27"><span class='ocrx_word' id='word_1_793' title='bbox 597 5069 821 5131; x_wconf 82' lang='lat' dir='ltr'><strong>christo,</strong></span> <span class='ocrx_word' id='word_1_794' title='bbox 851 5070 941 5123; x_wconf 90' lang='lat' dir='ltr'><strong>sed</strong></span> <span class='ocrx_word' id='word_1_795' title='bbox 966 5073 1030 5124; x_wconf 87' lang='lat' dir='ltr'><strong>de</strong></span> <span class='ocrx_word' id='word_1_796' title='bbox 1057 5072 1368 5139; x_wconf 79' lang='lat' dir='ltr'><strong>captivitate</strong></span> <span class='ocrx_word' id='word_1_797' title='bbox 1403 5077 1552 5130; x_wconf 88' lang='lat' dir='ltr'><strong>urbis</strong></span> <span class='ocrx_word' id='word_1_798' title='bbox 1584 5075 1899 5135; x_wconf 81' lang='lat' dir='ltr'><strong>Jerusalem.</strong></span> <span class='ocrx_word' id='word_1_799' title='bbox 1928 5081 2057 5148; x_wconf 76' lang='lat' dir='ltr'><strong>Quze</strong></span> <span class='ocrx_word' id='word_1_800' title='bbox 2091 5084 2157 5138; x_wconf 86' lang='lat' dir='ltr'><strong>ad</strong></span> 
     </span>
    </p>
   </div>
   <div class='ocr_carea' id='block_1_103' title="bbox 597 5159 2158 5239">
    <p class='ocr_par' dir='ltr' id='par_1_103' title="bbox 597 5159 2158 5239">
     <span class='ocr_line' id='line_1_103' title="bbox 597 5159 2158 5239; baseline 0.013 -28"><span class='ocrx_word' id='word_1_801' title='bbox 597 5159 988 5215; x_wconf 78' lang='lat' dir='ltr'><strong>Antichristum</strong></span> <span class='ocrx_word' id='word_1_802' title='bbox 1032 5164 1329 5232; x_wconf 84' lang='lat' dir='ltr'><strong>pertinent,</strong></span> <span class='ocrx_word' id='word_1_803' title='bbox 1378 5166 1481 5220; x_wconf 90' lang='lat' dir='ltr'><strong>hoc</strong></span> <span class='ocrx_word' id='word_1_804' title='bbox 1520 5168 1634 5223; x_wconf 65' lang='lat' dir='ltr'><strong>loto</strong></span> <span class='ocrx_word' id='word_1_805' title='bbox 1681 5171 1964 5239; x_wconf 82' lang='lat' dir='ltr'><strong>incipiunt.</strong></span> <span class='ocrx_word' id='word_1_806' title='bbox 2018 5177 2158 5231; x_wconf 83' lang='lat' dir='ltr'><strong>Audi</strong></span> 
     </span>
    </p>
   </div>
   <div class='ocr_carea' id='block_1_104' title="bbox 2270 4982 3846 5062">
    <p class='ocr_par' dir='ltr' id='par_1_104' title="bbox 2270 4982 3846 5062">
     <span class='ocr_line' id='line_1_104' title="bbox 2270 4982 3846 5062; baseline -0.004 -19"><span class='ocrx_word' id='word_1_807' title='bbox 2270 5007 2459 5062; x_wconf 91' lang='grc' dir='ltr'>ρησαν.</span> <span class='ocrx_word' id='word_1_808' title='bbox 2493 4987 2647 5049; x_wconf 86' lang='grc' dir='ltr'>Τινὲς</span> <span class='ocrx_word' id='word_1_809' title='bbox 2697 4986 2754 5039; x_wconf 78' lang='grc' dir='ltr'>δὲ</span> <span class='ocrx_word' id='word_1_810' title='bbox 2790 4986 2916 5054; x_wconf 78' lang='grc' dir='ltr'>περὶ</span> <span class='ocrx_word' id='word_1_811' title='bbox 2946 4984 3051 5036; x_wconf 86' lang='grc' dir='ltr'>τῶν</span> <span class='ocrx_word' id='word_1_812' title='bbox 3081 4983 3173 5036; x_wconf 88' lang='grc' dir='ltr'><strong>τοῦ</strong></span> <span class='ocrx_word' id='word_1_813' title='bbox 3211 4982 3586 5052; x_wconf 83' lang='grc' dir='ltr'>Ἀντιχρίστου</span> <span class='ocrx_word' id='word_1_814' title='bbox 3623 4985 3846 5054; x_wconf 56' lang='grc' dir='ltr'>ἡμερὲιν</span> 
     </span>
    </p>
   </div>
   <div class='ocr_carea' id='block_1_105' title="bbox 2266 5075 3845 5147">
    <p class='ocr_par' dir='ltr' id='par_1_105' title="bbox 2266 5075 3845 5147">
     <span class='ocr_line' id='line_1_105' title="bbox 2266 5075 3845 5147; baseline -0.004 -10"><span class='ocrx_word' id='word_1_815' title='bbox 2266 5083 2448 5136; x_wconf 82' lang='grc' dir='ltr'>νοοῦσι</span> <span class='ocrx_word' id='word_1_816' title='bbox 2505 5080 2678 5134; x_wconf 86' lang='grc' dir='ltr'>ταῦτα</span> <span class='ocrx_word' id='word_1_817' title='bbox 2707 5094 2723 5111; x_wconf 77' lang='grc'><strong><em>⁸</em></strong></span> <span class='ocrx_word' id='word_1_818' title='bbox 2781 5079 2884 5130; x_wconf 77' lang='grc' dir='ltr'>οὐκ</span> <span class='ocrx_word' id='word_1_819' title='bbox 2929 5076 3044 5128; x_wconf 75' lang='grc' dir='ltr'>ἐστι</span> <span class='ocrx_word' id='word_1_820' title='bbox 3074 5077 3130 5131; x_wconf 76' lang='grc' dir='ltr'>δὲ</span> <span class='ocrx_word' id='word_1_821' title='bbox 3175 5075 3428 5144; x_wconf 72' lang='grc' dir='ltr'>περὶτοῦ</span> <span class='ocrx_word' id='word_1_822' title='bbox 3471 5076 3845 5147; x_wconf 73' lang='grc' dir='ltr'>’Δντιχρίστου</span> 
     </span>
    </p>
   </div>
   <div class='ocr_carea' id='block_1_106' title="bbox 2262 5167 3844 5240">
    <p class='ocr_par' dir='ltr' id='par_1_106' title="bbox 2262 5167 3844 5240">
     <span class='ocr_line' id='line_1_106' title="bbox 2262 5167 3844 5240; baseline -0.003 -13"><span class='ocrx_word' id='word_1_823' title='bbox 2262 5173 2455 5236; x_wconf 84' lang='grc' dir='ltr'>ταῦτα,</span> <span class='ocrx_word' id='word_1_824' title='bbox 2494 5172 2631 5225; x_wconf 83' lang='grc' dir='ltr'>ἀλλὰ</span> <span class='ocrx_word' id='word_1_825' title='bbox 2654 5174 2782 5240; x_wconf 70' lang='grc' dir='ltr'>περὶ</span> <span class='ocrx_word' id='word_1_826' title='bbox 2804 5171 2902 5240; x_wconf 83' lang='grc' dir='ltr'>τῆς</span> <span class='ocrx_word' id='word_1_827' title='bbox 2927 5168 3180 5231; x_wconf 78' lang='grc' dir='ltr'>ἁλώσεως</span> <span class='ocrx_word' id='word_1_828' title='bbox 3207 5169 3308 5237; x_wconf 80' lang='grc' dir='ltr'>τῆς</span> <span class='ocrx_word' id='word_1_829' title='bbox 3353 5167 3730 5239; x_wconf 60' lang='grc' dir='ltr'>’ῐεροιυσαλημ</span> <span class='ocrx_word' id='word_1_830' title='bbox 3765 5170 3844 5223; x_wconf 70' lang='grc' dir='ltr'><strong>Τὰ</strong></span> 
     </span>
    </p>
   </div>
   <div class='ocr_carea' id='block_1_107' title="bbox 600 5249 3843 5336">
    <p class='ocr_par' dir='ltr' id='par_1_107' title="bbox 600 5249 3843 5336">
     <span class='ocr_line' id='line_1_107' title="bbox 600 5249 3843 5336; baseline -0.001 -21"><span class='ocrx_word' id='word_1_831' title='bbox 600 5249 769 5318; x_wconf 55' lang='lat' dir='ltr'><strong>igitur</strong></span> <span class='ocrx_word' id='word_1_832' title='bbox 801 5270 813 5306; x_wconf 73' lang='grc' dir='ltr'><strong>ε</strong></span> <span class='ocrx_word' id='word_1_833' title='bbox 2261 5267 2316 5320; x_wconf 81' lang='grc' dir='ltr'>δὲ</span> <span class='ocrx_word' id='word_1_834' title='bbox 2347 5267 2474 5336; x_wconf 77' lang='grc' dir='ltr'>περὶ</span> <span class='ocrx_word' id='word_1_835' title='bbox 2507 5263 2599 5317; x_wconf 87' lang='grc' dir='ltr'><strong>τοῦ</strong></span> <span class='ocrx_word' id='word_1_836' title='bbox 2644 5262 3008 5332; x_wconf 73' lang='grc' dir='ltr'>’Δντιχρίστου</span> <span class='ocrx_word' id='word_1_837' title='bbox 3055 5259 3307 5313; x_wconf 76' lang='grc' dir='ltr'>ἐντεῦθεν</span> <span class='ocrx_word' id='word_1_838' title='bbox 3371 5260 3601 5330; x_wconf 81' lang='grc' dir='ltr'>ἄρχεται</span> <span class='ocrx_word' id='word_1_839' title='bbox 3627 5276 3640 5290; x_wconf 85' lang='grc'><strong>·</strong></span> <span class='ocrx_word' id='word_1_840' title='bbox 3679 5263 3843 5316; x_wconf 79' lang='grc' dir='ltr'>ἄκουε</span> 
     </span>
    </p>
   </div>
   <div class='ocr_carea' id='block_1_108' title="bbox 2293 5355 2374 5409">
    <p class='ocr_par' dir='ltr' id='par_1_108' title="bbox 2293 5355 2374 5409">
     <span class='ocr_line' id='line_1_108' title="bbox 2293 5355 2374 5409; baseline 0 0"><span class='ocrx_word' id='word_1_841' title='bbox 2293 5355 2374 5409; x_wconf 74' lang='grc' dir='ltr'>ὗν·</span> 
     </span>
    </p>
   </div>
   <div class='ocr_carea' id='block_1_109' title="bbox 676 5375 2159 5516">
    <p class='ocr_par' dir='ltr' id='par_1_109' title="bbox 676 5431 2159 5512">
     <span class='ocr_line' id='line_1_109' title="bbox 676 5431 2159 5512; baseline 0.013 -28"><span class='ocrx_word' id='word_1_842' title='bbox 676 5431 834 5485; x_wconf 75' lang='lat' dir='ltr'><strong>Vens.</strong></span> <span class='ocrx_word' id='word_1_843' title='bbox 876 5434 1061 5488; x_wconf 69' lang='lat'><strong>23-25.</strong></span> <span class='ocrx_word' id='word_1_844' title='bbox 1107 5454 1124 5485; x_wconf 74' lang='grc' dir='ltr'><strong>ι</strong></span> <span class='ocrx_word' id='word_1_845' title='bbox 1164 5437 1311 5492; x_wconf 87' lang='lat' dir='ltr'><strong>Tunc</strong></span> <span class='ocrx_word' id='word_1_846' title='bbox 1341 5440 1383 5492; x_wconf 81' lang='lat' dir='ltr'><strong>si</strong></span> <span class='ocrx_word' id='word_1_847' title='bbox 1419 5441 1538 5508; x_wconf 87' lang='lat' dir='ltr'><strong>quis</strong></span> <span class='ocrx_word' id='word_1_848' title='bbox 1568 5441 1719 5496; x_wconf 72' lang='lat' dir='ltr'><strong>vobis</strong></span> <span class='ocrx_word' id='word_1_849' title='bbox 1763 5446 1990 5512; x_wconf 76' lang='lat' dir='ltr'><strong>dixerit,</strong></span> <span class='ocrx_word' id='word_1_850' title='bbox 2024 5447 2159 5503; x_wconf 73' lang='lat' dir='ltr'><strong>Erce</strong></span> 
     </span>
    </p>
   </div>
   <div class='ocr_carea' id='block_1_110' title="bbox 2263 5375 3842 5516">
    <p class='ocr_par' dir='ltr' id='par_1_110' title="bbox 2263 5375 3842 5516">
     <span class='ocr_line' id='line_1_110' title="bbox 2293 5375 2374 5411; baseline -0.025 0"><span class='ocrx_word' id='word_1_851' title='bbox 2293 5375 2374 5411; x_wconf 73' lang='lat' dir='ltr'><strong>uv&#39;</strong></span> 
     </span>
     <span class='ocr_line' id='line_1_111' title="bbox 2263 5375 3842 5516; baseline -0.001 -17"><span class='ocrx_word' id='word_1_852' title='bbox 2263 5375 2289 5412; x_wconf 67' lang='grc' dir='ltr'>ο</span> <span class='ocrx_word' id='word_1_853' title='bbox 2339 5465 2360 5500; x_wconf 71' lang='grc' dir='ltr'><strong>ε</strong></span> <span class='ocrx_word' id='word_1_854' title='bbox 2395 5445 2529 5500; x_wconf 81' lang='grc' dir='ltr'>Τότε</span> <span class='ocrx_word' id='word_1_855' title='bbox 2552 5445 2644 5500; x_wconf 67' lang='grc' dir='ltr'>ἐάν</span> <span class='ocrx_word' id='word_1_856' title='bbox 2673 5461 2757 5506; x_wconf 87' lang='grc' dir='ltr'><strong>τις</strong></span> <span class='ocrx_word' id='word_1_857' title='bbox 2790 5443 2917 5513; x_wconf 82' lang='grc' dir='ltr'>ὑμῖν</span> <span class='ocrx_word' id='word_1_858' title='bbox 2945 5444 3094 5514; x_wconf 81' lang='grc' dir='ltr'>εἴπῃ,</span> <span class='ocrx_word' id='word_1_859' title='bbox 3143 5441 3273 5494; x_wconf 78' lang='grc' dir='ltr'>Ἰδοὺ</span> <span class='ocrx_word' id='word_1_860' title='bbox 3305 5432 3408 5494; x_wconf 80' lang='grc' dir='ltr'>ὦδε</span> <span class='ocrx_word' id='word_1_861' title='bbox 3441 5443 3753 5512; x_wconf 74' lang='grc' dir='ltr'>όΧριστὸς,</span> <span class='ocrx_word' id='word_1_862' title='bbox 3811 5445 3842 5516; x_wconf 69' lang='grc' dir='ltr'>ἦ</span> 
     </span>
    </p>
   </div>
   <div class='ocr_carea' id='block_1_111' title="bbox 601 5521 2159 5609">
    <p class='ocr_par' dir='ltr' id='par_1_111' title="bbox 601 5521 2156 5605">
     <span class='ocr_line' id='line_1_112' title="bbox 601 5521 2156 5605; baseline 0.01 -29"><span class='ocrx_word' id='word_1_863' title='bbox 601 5521 691 5580; x_wconf 80' lang='lat' dir='ltr'><strong>hic</strong></span> <span class='ocrx_word' id='word_1_864' title='bbox 714 5524 982 5588; x_wconf 82' lang='lat' dir='ltr'><strong>Christus,</strong></span> <span class='ocrx_word' id='word_1_865' title='bbox 1016 5535 1111 5579; x_wconf 89' lang='lat' dir='ltr'><strong>aut</strong></span> <span class='ocrx_word' id='word_1_866' title='bbox 1135 5527 1260 5592; x_wconf 88' lang='lat' dir='ltr'><strong>illic,</strong></span> <span class='ocrx_word' id='word_1_867' title='bbox 1293 5530 1452 5584; x_wconf 87' lang='lat' dir='ltr'><strong>nolite</strong></span> <span class='ocrx_word' id='word_1_868' title='bbox 1482 5532 1721 5587; x_wconf 82' lang='lat' dir='ltr'><strong>credere.</strong></span> <span class='ocrx_word' id='word_1_869' title='bbox 1756 5534 1988 5605; x_wconf 83' lang='lat' dir='ltr'><strong>Surgent</strong></span> <span class='ocrx_word' id='word_1_870' title='bbox 2014 5538 2156 5592; x_wconf 90' lang='lat' dir='ltr'><strong>cnim</strong></span> 
     </span>
    </p>
   </div>
   <div class='ocr_carea' id='block_1_112' title="bbox 2263 5521 3842 5609">
    <p class='ocr_par' dir='ltr' id='par_1_112' title="bbox 2265 5533 3842 5609">
     <span class='ocr_line' id='line_1_113' title="bbox 2265 5533 3842 5609; baseline -0.005 -14"><span class='ocrx_word' id='word_1_871' title='bbox 2265 5537 2388 5606; x_wconf 80' lang='grc' dir='ltr'>ὦδε,</span> <span class='ocrx_word' id='word_1_872' title='bbox 2412 5538 2486 5609; x_wconf 84' lang='grc' dir='ltr'>μὴ</span> <span class='ocrx_word' id='word_1_873' title='bbox 2510 5536 2859 5606; x_wconf 85' lang='grc' dir='ltr'>πιστεύσητε.</span> <span class='ocrx_word' id='word_1_874' title='bbox 2886 5535 3009 5603; x_wconf 82' lang='grc' dir='ltr'>Ἐγε</span> <span class='ocrx_word' id='word_1_875' title='bbox 3021 5534 3308 5606; x_wconf 81' lang='grc' dir='ltr'>ρθήσονται</span> <span class='ocrx_word' id='word_1_876' title='bbox 3336 5534 3446 5604; x_wconf 74' lang='grc' dir='ltr'><strong>γὰρ</strong></span> <span class='ocrx_word' id='word_1_877' title='bbox 3465 5533 3842 5607; x_wconf 72' lang='grc' dir='ltr'>ψευδόχριστοι</span> 
     </span>
    </p>
   </div>
   <div class='ocr_carea' id='block_1_113' title="bbox 670 5667 1077 5727">
    <p class='ocr_par' dir='ltr' id='par_1_113' title="bbox 670 5667 1077 5727">
     <span class='ocr_line' id='line_1_114' title="bbox 670 5667 1077 5727; baseline 0.012 -5"><span class='ocrx_word' id='word_1_878' title='bbox 670 5667 717 5699; x_wconf 83' lang='grc'><strong>⁸⁰</strong></span> <span class='ocrx_word' id='word_1_879' title='bbox 748 5667 765 5721; x_wconf 91' lang='grc' dir='ltr'><strong>Ι</strong></span> <span class='ocrx_word' id='word_1_880' title='bbox 798 5670 984 5727; x_wconf 77' lang='lat' dir='ltr'><strong>Thess.</strong></span> <span class='ocrx_word' id='word_1_881' title='bbox 1016 5689 1077 5727; x_wconf 88' lang='lat' dir='ltr'><strong>ll.</strong></span> 
     </span>
    </p>
   </div>
   <div class='ocr_carea' id='block_1_114' title="bbox 683 5805 3714 5891">
    <p class='ocr_par' dir='ltr' id='par_1_114' title="bbox 683 5805 3714 5891">
     <span class='ocr_line' id='line_1_115' title="bbox 683 5805 3714 5891; baseline 0 -19"><span class='ocrx_word' id='word_1_882' title='bbox 683 5805 755 5872; x_wconf 83' lang='grc' dir='ltr'><strong>(α)</strong></span> <span class='ocrx_word' id='word_1_883' title='bbox 784 5806 919 5862; x_wconf 79' lang='lat' dir='ltr'><strong>Edit.</strong></span> <span class='ocrx_word' id='word_1_884' title='bbox 954 5808 1069 5864; x_wconf 77' lang='lat' dir='ltr'><strong>Lut.</strong></span> <span class='ocrx_word' id='word_1_885' title='bbox 1105 5813 1300 5872; x_wconf 87' lang='lat' dir='ltr'><strong>omisit.</strong></span> <span class='ocrx_word' id='word_1_886' title='bbox 1337 5832 1461 5875; x_wconf 73' lang='grc' dir='ltr'>τισιν·</span> <span class='ocrx_word' id='word_1_887' title='bbox 1499 5818 1631 5871; x_wconf 82' lang='lat' dir='ltr'><strong>cnim</strong></span> <span class='ocrx_word' id='word_1_888' title='bbox 1670 5821 1794 5871; x_wconf 76' lang='lat' dir='ltr'><strong>vita.</strong></span> <span class='ocrx_word' id='word_1_889' title='bbox 2350 5819 2419 5891; x_wconf 73' lang='grc' dir='ltr'><strong>(ὁ)</strong></span> <span class='ocrx_word' id='word_1_890' title='bbox 2449 5820 2586 5876; x_wconf 78' lang='lat' dir='ltr'><strong>Edil.</strong></span> <span class='ocrx_word' id='word_1_891' title='bbox 2611 5819 2731 5876; x_wconf 87' lang='lat' dir='ltr'><strong>Lut.</strong></span> <span class='ocrx_word' id='word_1_892' title='bbox 2761 5820 2962 5889; x_wconf 84' lang='lat' dir='ltr'><strong>omisit,</strong></span> <span class='ocrx_word' id='word_1_893' title='bbox 2996 5831 3116 5874; x_wconf 79' lang='lat' dir='ltr'><strong>ttmc</strong></span> <span class='ocrx_word' id='word_1_894' title='bbox 3155 5837 3256 5876; x_wconf 81' lang='lat' dir='ltr'><strong>non</strong></span> <span class='ocrx_word' id='word_1_895' title='bbox 3287 5816 3526 5889; x_wconf 67' lang='lat' dir='ltr'><strong>rlfugicnt</strong></span> <span class='ocrx_word' id='word_1_896' title='bbox 3553 5818 3714 5873; x_wconf 81' lang='lat' dir='ltr'><strong>iram.</strong></span> 
     </span>
    </p>
   </div>
  </div>
