4080 6336
225 414 333 480 ι13

832 412 1275 475 ENARRATIO
1315 412 1393 473 ΙΝ
1432 410 1822 475 ΕνΑΝοΕιι

1925 410 2355 474 [ΜΑΤἸῊΕΙ.
2402 438 2471 448 -
2512 414 2670 475 CAP.
2711 414 2925 474 XXIV.

3401 410 3510 475 ιιι

224 539 325 597 καὶ
354 536 824 609 ψευδοπροφῆται·
854 532 948 585 καὶ
978 530 1209 584 δώσουσι
1236 531 1437 598 σημεῖα
1481 527 1695 598 μεγάλα
1723 524 1820 579 καὶ

1925 528 2323 595 pseudochristl
2362 538 2418 585 et
2462 530 2986 601 pseudoprophetre,
3032 536 3086 584 ct
3118 528 3324 583 dabunt
3356 532 3511 598 signa

226 634 458 702 τέρατα,
488 628 629 682 ὥστε
665 625 955 693 πλανῆσαι,
1004 623 1057 674 εί
1084 620 1329 685 δυνατὸν,
1365 623 1457 672 καὶ
1499 620 1626 683 τοὺς
1656 618 1816 671 ὲκλε·

226 722 411 783 κτούς.
455 719 586 771 Ἰδοὺ
620 716 928 787 προείρηκα
982 714 1135 783 ὑμῖν.
1178 729 1195 761 ι
1260 709 1478 778 Ἐπειδὴ
1512 708 1605 761 δύο
1638 723 1816 777 προσ-

228 816 472 883 ήνεγκαν
507 810 806 879 ἐρωτήσεις
858 808 904 857 ol
949 804 1211 875 μαθηταὶ,
1270 803 1401 871 περὶ
1435 802 1528 872 τῆς
1560 802 1817 865 ἁλώσεως

228 906 329 973 τῆς
378 900 751 973 Ἰερουσαλὴμ,
804 899 899 952 καὶ
938 899 1038 968 τῆς
1082 897 1386 966 παρουσίας
1441 895 1534 949 τοῦ
1584 895 1815 966 Κυρίου,

229 994 399 1049 εἰπὼν
430 994 557 1065 περὶ
589 994 683 1062 τῆς
707 990 984 1055 ἁλώσεως,
1011 988 1263 1041 ἐντεῦθεν
1295 988 1523 1058 ἄρχεται
1559 989 1689 1057 περὶ
1717 988 1819 1057 τῆς

229 1083 427 1137 ἑαυτοῦ
460 1082 787 1153 παρουσίας,
819 1080 914 1133 καὶ
964 1080 1061 1147 τῆς
1094 1078 1411 1142 συντελείας
1458 1076 1553 1131 τοῦ
1587 1079 1815 1147 κόσμου.

227 1176 305 1229 Τὸ
334 1176 409 1239 δὲ,
446 1176 593 1239 τότε,
634 1175 694 1226 οὐ
747 1172 907 1226 τοῦτο
951 1172 1226 1240 ἐμφαίνει,
1278 1172 1358 1224 ὄτι
1398 1171 1558 1233 εὐθὺς
1594 1171 1732 1239 μετά
1757 1168 1819 1223 τδ

229 1270 433 1322 ἀλῶναι
459 1269 557 1339 τὴν
598 1265 972 1339 Ἰερουσαλὴμ,
1006 1265 1100 1317 ἐὰν
1146 1282 1233 1328 τις,
1261 1266 1389 1335 ὑμῖν
1428 1263 1581 1335 εἴπῃ,
1623 1262 1716 1316 καὶ
1749 1262 1820 1316 τά

228 1362 379 1430 ἑξῆς,
414 1360 549 1412 ἀλλά
584 1359 675 1411 τὸν
708 1358 897 1427 καιρὸν
931 1360 1139 1409 ἐκεῖνον
1165 1356 1420 1426 ἐμφαίνει
1451 1354 1573 1407 καθ’
1600 1355 1659 1407 ὃν
1692 1354 1819 1423 μέλ-

229 1452 315 1506 λει
362 1450 722 1521 γενήσεσθαι·
778 1448 920 1501 ὥστε
960 1444 1098 1501 εἶναι
1146 1447 1206 1500 τὸ
1258 1448 1555 1517 λεγόμενον
1590 1446 1816 1499 τοιόνδεο

230 1546 390 1609 Τότε,
425 1542 691 1607 τουτέστι,
738 1542 868 1594 ὅταν
925 1540 1095 1611 μέλλῃ
1148 1542 1175 1593 6
1222 1540 1588 1609 Ἀντίχριστος
1620 1538 1817 1609 ἐλθεῖν,

229 1636 446 1690 ἔσονται
479 1635 855 1705 ψευδόχριστοι
904 1632 1000 1687 καὶ
1030 1632 1476 1702 ψευδοπροφῆται
1514 1630 1722 1696 πολλοὶ,
1756 1631 1820 1683 ἐκ

230 1727 528 1797 φαντασίας
559 1727 831 1796 δαιμόνων
861 1712 1245 1787 διαπαίζοντες
1278 1726 1404 1785 τοὺς
1433 1721 1546 1775 τῶν
1565 1721 1819 1792 ὁρώντων

228 1820 566 1889 ὀφθαλμοὺς,
586 1819 723 1887 πρὸς
751 1818 813 1870 τὸ
840 1816 1119 1886 ἀπατῆσαί
1142 1832 1293 1877 τινας
1312 1832 1324 1845 ·
1356 1814 1494 1867 ῶστε
1518 1814 1586 1883 ῆν
1618 1814 1692 1885 μὴ
1723 1806 1819 1883 νή-

233 1929 402 1980 φωσι,
442 1911 537 1964 καὶ
567 1912 616 1962 oi
653 1911 852 1963 δίκαιοι
870 1909 1341 1978 ἀπατηθήσονται.
1382 1906 1525 1959 Ἀλλ’
1552 1906 1678 1974 ὑμῖν
1710 1904 1817 1958 ἰδοὺ

232 2004 541 2073 προείρηκα
577 2019 590 2033 ο
620 2003 719 2056 οὐκ
748 2002 901 2071 ἔχετε
952 2002 1225 2073 πρόφασιν
1250 2016 1263 2030 °
1296 1997 1527 2052 δύνασθε
1576 1998 1685 2070 γὰρ
1743 1999 1819 2069 μὴ

230 2096 610 2165 ἀπατηθῆναι.

312 2207 331 2239 ι
386 2186 510 2239 Ἐὰν
543 2180 636 2239 οῦν
662 2184 887 2239 εἴπωσιν
912 2183 1063 2252 ὑμῖν,
1110 2181 1240 2235 Ἰδοὺ
1268 2183 1326 2236 ἐν
1355 2183 1420 2250 τῇ
1457 2180 1651 2251 ἐρήμῳ
1679 2180 1817 2245 ἐστὶ,

235 2279 314 2348 μὴ
341 2277 622 2346 ἐξέλθητε·
667 2277 774 2330 ίδσὺ
825 2278 883 2329 ὲν
910 2278 1021 2337 τοῖς
1041 2273 1314 2344 ταμείοις,
1359 2271 1433 2343 μὴ
1464 2271 1817 2341 πιστεύσητε.

233 2366 449 2437 Ὠσπερ
468 2366 578 2437 γὰρ
602 2367 633 2435 ἡ
663 2366 918 2435 ἀστραπὴ
945 2364 1231 2435 ἐξέρχεται
1264 2364 1371 2417 ἀπὸ
1392 2363 1690 2429 ἀνατολῶν,
1728 2365 1821 2414 καὶ

232 2458 483 2526 φαίνεται
532 2458 636 2519 ἕως
676 2456 921 2525 δυσμῶν,
955 2455 1128 2519 οὓτως
1157 2455 1312 2508 ἔσται
1356 2457 1388 2525 ή
1417 2453 1692 2524 παρουσία
1721 2452 1816 2507 τοῦ

232 2550 369 2603 Υίοῦ
400 2550 492 2603 τοῦ
519 2550 808 2619 ἀνθρώπου
831 2564 844 2577 °
877 2550 1013 2601 ὅπου
1048 2549 1157 2617 γὰρ
1182 2549 1277 2601 ἐὰν
1367 2548 1425 2600 τὸ
1452 2546 1676 2617 πτῶμα,
1702 2547 1825 2599 ἐκεῖ

233 2640 666 2711 συναχθήσονται
713 2642 761 2692 oi
802 2640 968 2693 ἀετοί.
1026 2659 1044 2690 ι
1097 2640 1227 2695 Ἐὰν
1256 2640 1450 2692 ἔλθωσι
1476 2678 1492 2706 ,
1548 2641 1737 2708 φησὶν,
1772 2639 1824 2691 oi

230 2729 573 2793 ἀπατεῶνες,
597 2730 848 2798 λέγοντες
870 2732 973 2797 ὅτι,
990 2727 1195 2783 Ἦλθεν
1219 2731 1512 2800 ὁΧριστδς,
1529 2728 1645 2783 ἀλλ’
1676 2731 1733 2781 ὲν
1754 2730 1820 2798 τῇ

232 2827 429 2897 ιρήμῳ
466 2826 580 2879 ἐστὶ
637 2825 1036 2893 κρυπτόμενος,
1076 2824 1108 2895 ἢ
1150 2825 1208 2876 ἐν
1256 2824 1405 2893 οίκίᾳ
1452 2823 1579 2883 τινὶ,
1634 2824 1727 2874 καὶ
1764 2822 1824 2875 ὲν

230 2920 349 2980 τοῖς
376 2916 623 2986 ταμείοις
653 2916 745 2968 καὶ
772 2915 1063 2985 ὲσωτέροις
1096 2915 1284 2975 τόποις
1313 2913 1541 2982 ταύτης,
1571 2911 1645 2981 μὴ
1676 2913 1824 2965 ἀπα-

234 3008 439 3079 τηθῆτε
464 3022 479 3037 °
513 3009 544 3075 ἡ
573 3008 679 3077 γὰρ
713 3006 806 3059 τοῦ
836 3004 1075 3076 Χριστοῦ
1109 3006 1385 3076 παρουσία
1411 3005 1471 3057 ού
1521 3004 1701 3057 δέεται
1729 3002 1823 3056 τοῦ

231 3099 522 3166 δείξοντος,
552 3100 688 3152 ἀλλὰ
719 3099 1038 3167 καταφανὴς
1071 3096 1224 3149 ἔσται
1265 3098 1452 3163 πᾶσιν,
1508 3096 1699 3167 ὥσπερ
1730 3095 1826 3149 καὶ

233 3191 270 3261 ἡ
302 3191 578 3261 ἀστραπή.
614 3190 723 3243 Καὶ
757 3193 865 3259 γὰρ
912 3188 1055 3257 αὕτη
1093 3188 1189 3241 καὶ
1246 3187 1515 3255 αίφνίδιός
1562 3188 1702 3251 ἐστι,
1731 3186 1825 3240 καὶ

235 3282 375 3334 πᾶσι
411 3281 711 3350 κατάδηλος
756 3295 769 3307 ⁸
818 3279 989 3341 οὓτως
1039 3274 1132 3332 οῦν
1184 3278 1413 3348 κάκείνη
1456 3280 1588 3331 πᾶσι
1633 3282 1742 3343 τοϊς
1770 3281 1826 3332 ὲν

235 3371 317 3441 τῷ
346 3372 537 3441 κόσμῳ
562 3371 785 3439 ἔκδηλος
811 3372 965 3423 ἔσται
989 3388 1002 3401 ·
1027 3373 1087 3425 οὐ
1124 3372 1234 3441 γὰρ
1281 3372 1473 3439 ὥσπερ
1514 3373 1573 3423 ἐν
1603 3376 1669 3441 τῇ
1696 3389 1827 3441 προ-

233 3462 372 3533 τέρᾳ
388 3462 660 3532 παρουσία
686 3462 795 3514 ἀπὸ
822 3463 990 3513 τόπου
1024 3464 1101 3523 είς
1129 3462 1293 3514 τόπον
1324 3461 1663 3531 μετέϐαινεν,
1686 3462 1829 3517 οὕτω

236 3559 339 3611 καὶ
368 3560 424 3611 ὲν
458 3560 523 3627 τῇ
554 3556 803 3625 δευτέρᾳ,
841 3554 955 3608 ἀλλ’
981 3557 1038 3606 ἐν
1063 3557 1195 3625 ῥιπῇ
1227 3555 1510 3623 ὀφθαλμοῦ
1535 3558 1823 3623 παρέσται.

238 3651 354 3705 Καὶ
388 3650 579 3720 ὥσπερ
633 3650 725 3700 ἐπὶ
756 3649 951 3717 νεκρὸν
1002 3648 1163 3717 σῶμα
1224 3649 1547 3716 συνάγονται
1577 3650 1742 3715 ὀξέως
1778 3653 1827 3705 οί

237 3741 417 3806 ἀετοὶ,
441 3742 491 3794 ot
515 3740 690 3809 γῦπες
715 3740 942 3810 δηλαδὴ,
978 3739 1122 3792 οὓτω
1150 3740 1247 3792 καὶ
1274 3740 1406 3793 ἔνθα
1435 3742 1500 3794 ἂν
1528 3744 1659 3811 είηό
1688 3744 1827 3811 Χρι-

239 3835 390 3900 στὸς,
420 3833 734 3887 ἐλεύσονται
758 3831 963 3894 πάντες
994 3833 1044 3883 οἱ
1075 3830 1243 3899 ἀγιοι,
1280 3832 1330 3883 οί
1356 3831 1424 3884 τὰ
1457 3832 1639 3901 ὑψηλὰ
1667 3836 1828 3887 πετό-

244 3943 419 3999 μενοι,
446 3927 541 3979 καὶ
567 3926 625 3978 ιν
644 3926 763 3983 ταῖς
786 3923 1525 3995 νεφέλ.αιςάρπαγησόμενοι
1547 3925 1622 3987 ὡς
1654 3927 1822 3979 ἀετοί·

239 4018 445 4088 πτῶμα
483 4017 546 4069 δὲ
592 4015 805 4077 πάντως
851 4016 879 4067 6
930 4014 1189 4083 Χριστός,
1229 4014 1318 4068 διὰ
1349 4015 1409 4067 τὸ
1459 4019 1648 4068 πεσεῖν
1688 4018 1828 4087 ὑπὲρ

237 4108 402 4181 ἡμῶν
431 4108 527 4163 καὶ
555 4105 869 4160 ἀποθανεῖν.
906 4106 995 4170 Ὠς
1021 4105 1115 4160 καὶ
1136 4108 1163 4160 6
1186 4106 1417 4176 Συμεὼν
1442 4109 1621 4178 λέγει·
1656 4105 1829 4176 Οὗτος

239 4204 421 4255 κεῖται
451 4202 531 4264 είς
562 4199 793 4253 πτῶσιν.

322 4309 342 4342 ε
374 4289 593 4353 Εὐθέως
617 4289 672 4342 δὲ
698 4287 835 4358 μετά
857 4290 958 4360 τὴν
1010 4287 1191 4357 θλίψιν
1217 4289 1327 4342 τῶν
1351 4294 1456 4361 ήμε
1468 4292 1576 4363 ρῶν
1607 4293 1829 4347 ἐκείνων

239 4384 269 4436 6
292 4381 444 4453 ἥλιος
466 4380 903 4451 σκοτισθήσεται,
928 4381 1073 4451 καὶὴ
1103 4383 1301 4454 σελήνη
1335 4385 1395 4437 οὐ
1420 4383 1582 4437 δώσει
1610 4385 1673 4439 τὸ
1695 4386 1829 4455 φέγ-

237 4490 338 4543 γος
364 4472 558 4542 αὐτῆς,
591 4474 689 4525 καὶ
712 4474 761 4525 οί
789 4473 1021 4545 ἀστέρες
1045 4475 1339 4530 πεσοῦνται
1372 4479 1480 4531 ἀπὸ
1528 4477 1623 4531 τοῦ
1659 4481 1829 4551 ούρα-

237 4565 355 4627 νοῦ,
388 4565 482 4619 καὶ
516 4564 573 4617 αί
624 4564 883 4635 δυνάμεις
901 4565 1009 4621 τῶν
1039 4567 1288 4639 οὐρανῶν
1320 4569 1770 4642 σαλευθήσονται.
1802 4590 1825 4625 ι

236 4659 398 4715 Μετά
452 4656 551 4728 τὴν
580 4656 676 4710 τοῦ
730 4658 1127 4730 ’Δντιχρίστου,
1186 4662 1375 4732 φησιν,
1428 4664 1664 4727 ελευσιν,
1702 4666 1826 4737 ήτις

235 4754 377 4822 ταχὺ
402 4752 716 4823 λυθήσεται’
741 4752 898 4808 τοῦτο
927 4755 1036 4826 γὰρ
1060 4755 1147 4809 διὰ
1171 4754 1264 4809 τοῦ
1290 4756 1510 4823 εὐθέως
1528 4759 1819 4831 ἐδήλωσεν·

236 4844 268 4898 6
288 4844 441 4913 ἥλιος
476 4844 918 4916 σκοτισθήσεται,
950 4847 1075 4900 ἀντὶ
1089 4846 1183 4902 τοῦ
1212 4849 1701 4921 ἀμαυρωθήσεται,
1724 4853 1827 4907 οὐκ

238 4934 660 5007 ἀφανιζόμενος,
716 4937 851 4993 ἀλλά
880 4938 1179 5008 νικώμενος
1197 4939 1273 5010 τῷ
1302 4944 1402 5013 τῆς
1438 4942 1533 4996 τοῦ
1586 4945 1828 5015 Χριστοῦ

240 5026 548 5097 παρουσίας
578 5027 749 5097 φωτί·
770 5026 959 5099 ὥσπερ
981 5028 1075 5082 καὶ
1097 5028 1167 5081 τὰ
1188 5028 1362 5101 ἄστρα
1407 5034 1500 5085 καὶ
1534 5034 1566 5103 ή
1604 5033 1825 5106 σελήνη·

235 5118 325 5182 τίς
355 5119 461 5188 γὰρ
486 5117 568 5171 ἔτι
616 5118 777 5191 χρεία
821 5117 1065 5172 τοιούτου
1094 5120 1357 5188 αἰσθητοῦ
1388 5122 1585 5190 φωτὸς,
1629 5126 1825 5191 νυκτὸς

238 5214 343 5267 οὐκ
372 5210 565 5279 οὔσης.
583 5214 675 5265 καὶ
700 5212 795 5265 τοῦ
836 5212 1021 5267 Ἠλίου
1046 5214 1143 5284 τῆς
1170 5214 1519 5286 δικαιοσύνης
1542 5217 1819 5287 ὀφθέντοςς

253 5303 419 5357 ’Δλλά
451 5303 545 5357 καὶ
582 5303 637 5356 αἱ
658 5302 915 5373 δυνάμεις
947 5303 1055 5357 τῶν
1082 5305 1331 5377 οὐρανῶν
1367 5306 1819 5379 σαλευθήσονται,

236 5394 520 5448 τουτέστιν
575 5394 1015 5465 ικπλαγήσονται
1082 5396 1176 5448 καὶ
1260 5396 1565 5467 φρίξουσιν,
1619 5400 1827 5470 ὁρῶσαι

236 5485 349 5556 τὴν
366 5485 543 5539 κτίσιν
574 5485 982 5557 ἀλλοιουμένην,
1009 5486 1105 5539 καὶ
1128 5487 1336 5550 πάντας
1366 5490 1492 5551 τοὺς
1520 5488 1631 5543 ἀπὺ
1649 5491 1826 5564 Ἀδὰμ

241 5576 408 5650 μέχρι
440 5574 560 5629 τότε
595 5576 917 5647 ἀνθρώπους
940 5575 1131 5638 δώσειν
1171 5578 1463 5647 μέλλοντας
1502 5580 1711 5649 λόγον.,

320 5685 342 5720 ε
375 5667 485 5722 Καὶ
514 5666 636 5721 τότε
666 5669 969 5738 φανήσεται
994 5670 1053 5725 τὸ
1082 5674 1305 5743 σημεῖον
1326 5672 1419 5726 τοῦ
1451 5672 1579 5728 Υίοῦ
1607 5656 1702 5730 τοῦ
1732 5677 1822 5731 αν-

313 5848 357 5880 "
386 5844 553 5903 Zach.
582 5862 691 5922 ιιν,
720 5848 773 5919 4,
801 5862 954 5920 seqq.

1923 636 2117 691 magna
2161 631 2214 677 et
2248 622 2531 692 prodigia,
2584 624 2653 677 ita
2692 632 2749 677 ιιι
2794 624 2846 675 iu
2896 636 3137 676 errorem
3181 622 3514 680 inducantur

1920 715 2082 768 etiam
2115 713 2296 777 electi,
2345 714 2392 767 si
2425 714 2541 768 fieri
2575 723 2770 783 potest.
2820 712 2959 767 Ecce
3002 713 3226 781 prtedixi
3263 713 3436 769 vobis.
3484 733 3505 767 ι

1921 800 2190 869 Quoniam
2237 802 2489 871 discipuli
2534 804 2669 857 duas
2706 804 3033 872 quaestiones
3076 803 3511 869 iutroduxerant,

1922 909 2086 948 unam
2128 897 2193 949 de
2240 896 2552 965 captivitate
2578 895 2905 957 Jerusalem,
2941 906 2992 949 et
3040 894 3269 949 alteram
3308 895 3375 947 de
3411 895 3510 948 atl-

1920 998 2083 1041 veutu
2127 987 2339 1043 Domini
2370 1009 2383 1045 :
2423 1000 2705 1060 postquam
2737 989 2803 1043 dc
2838 988 3151 1055 captivitate
3187 984 3345 1047 dixit,
3388 986 3511 1041 inde

1922 1090 1975 1132 et
2007 1080 2072 1136 de
2101 1095 2199 1136 suo
2226 1083 2460 1136 adventu
2490 1083 2669 1136 dicere
2705 1082 2891 1149 incipit
2948 1096 3011 1135 ac
3044 1079 3513 1133 consummatione

1922 1173 2130 1228 saeculi.
2188 1172 2321 1229 Cum
2356 1184 2537 1228 autem
2576 1173 2725 1239 dicit,
2767 1184 2917 1235 tunc,
2962 1186 3067 1225 non
3098 1170 3203 1224 hoc
3235 1169 3335 1223 sibi
3377 1166 3511 1230 vult,

1924 1268 2065 1334 quod
2106 1267 2289 1323 statim
2327 1276 2448 1336 post
2488 1276 2705 1337 captam
2747 1263 3049 1320 Jerusalem
3072 1303 3087 1328 ,
3120 1262 3165 1317 si
3202 1260 3325 1331 quis
3360 1259 3514 1314 vobis

1929 1360 2095 1424 dicat,
2131 1369 2266 1422 etc.,
2306 1360 2398 1413 sed
2434 1371 2647 1429 tempus
2682 1358 2809 1411 illud
2842 1356 3083 1411 declarat
3130 1368 3237 1423 quo
3273 1351 3513 1405 futurum

1924 1460 2027 1515 ρει,
2066 1458 2124 1504 ut
2154 1451 2205 1504 id
2237 1450 2376 1518 quod
2404 1450 2621 1514 dicitur,
2656 1450 2799 1502 hunc
2833 1461 3051 1502 sensum
3079 1445 3308 1499 habeat:
3338 1440 3511 1506 Tunc,

1924 1543 1975 1595 id
2008 1551 2108 1602 est.
2142 1556 2251 1609 quo
2277 1550 2520 1611 tempore
2544 1550 2805 1593 venturus
2827 1546 2910 1590 est
2931 1534 3320 1592 Antichristus.
3353 1538 3515 1584 erunt

1923 1631 2320 1701 pscmlochriSti
2358 1640 2413 1686 et
2448 1628 2928 1700 pseudoprophetaa
2955 1619 3140 1688 'multi,
3176 1624 3270 1693 qui
3308 1624 3359 1675 in
3400 1621 3513 1674 da:-

1927 1740 2144 1778 tnonum
2197 1723 2539 1794 apparitione
2594 1721 2779 1775 fallent
2835 1718 3134 1772 videntium
3182 1716 3405 1779 oculos,
3456 1722 3515 1766 ut

1926 1818 2188 1885 quosdam
2232 1816 2522 1884 decipiant,
2581 1822 2745 1882 atque
2784 1812 2947 1871 adeo,
2994 1809 3098 1863 nisi
3145 1809 3298 1861 valdc
3347 1803 3513 1859 sobrii

1924 1912 2052 1974 sint,
2095 1919 2149 1964 et
2177 1910 2310 1980 justi
2343 1910 2693 1963 seducantur.
2739 1906 2846 1961 Sed
2887 1918 3014 1959 ecce
3057 1900 3282 1973 praedixi
3325 1898 3510 1952 vobis:

1922 2018 2030 2057 neu
2054 2002 2268 2057 habetis
2289 2000 2695 2057 excusationem
2726 2015 2739 2051 :
2767 1996 2993 2067 potestis
3014 1997 3160 2049 enim
3188 2008 3291 2048 non
3315 1989 3511 2059 decipi.

1997 2180 2163 2237 Vens.
2209 2179 2400 2235 26-28.
2438 2197 2455 2231 ι
2502 2180 2558 2235 Si
2606 2193 2736 2249 ergo
2783 2176 3244 2237 dixerintvvobis,
3282 2170 3419 2227 Ecce
3459 2170 3512 2224 in

1925 2274 2142 2329 deserto
2170 2284 2273 2337 est,
2304 2273 2472 2327 nolite
2503 2272 2652 2325 exire
2684 2286 2698 2323 :
2745 2284 2876 2324 ecce
2904 2268 2958 2322 in
2990 2265 3381 2337 penetralibus,
3414 2277 3514 2315 uo-

1925 2366 2018 2422 lite
2053 2368 2298 2421 credere.
2336 2362 2488 2418 Sicut
2528 2362 2671 2417 enim
2712 2360 2889 2429 fulgur
2919 2360 3032 2414 exit
3066 2361 3134 2413 ab
3176 2358 3426 2417 oriente,
3461 2366 3518 2407 et

1928 2468 2148 2529 apparet
2176 2472 2349 2526 usque
2373 2457 2427 2511 in
2454 2455 2820 2517 occidentem,
2860 2452 2933 2505 ita
2968 2452 3073 2505 erit
3099 2450 3361 2505 adventus
3392 2445 3517 2501 Filii

1927 2551 2181 2617 hominis.
2232 2548 2333 2604 Ubi
2382 2549 2526 2602 enim
2575 2546 2737 2601 fuerit
2778 2542 3032 2607 cadaver,
3065 2542 3175 2595 illic
3215 2554 3517 2610 congrega-

1926 2645 2130 2699 buntur
2155 2652 2209 2696 et
2244 2641 2457 2710 aquilaz.
2504 2660 2521 2692 ι
2557 2640 2613 2693 Si
2655 2639 2923 2701 venerint,
2958 2636 3148 2705 inquit,
3190 2634 3518 2702 itnpostores

1928 2736 2192 2801 dicentes,
2232 2734 2389 2804 132
2420 2732 2671 2786 Christus
2698 2730 2865 2794 venit,
2900 2730 2993 2783 sed
3027 2729 3077 2781 in
3114 2726 3407 2781 solitudine
3435 2734 3519 2778 est

1926 2824 2205 2889 occultus,
2238 2824 2321 2877 vel
2351 2824 2401 2875 in
2433 2823 2596 2875 domo
2621 2820 2853 2889 quadam
2879 2858 2891 2878 ,
2936 2816 3020 2871 vel
3055 2817 3106 2869 in
3134 2815 3519 2883 promptuariis

1927 2927 1984 2972 et
2011 2916 2367 2970 interioribus
2401 2914 2532 2969 locis
2565 2913 2702 2983 ejus,
2734 2927 2801 2965 ne
2834 2907 3205 2977 decipiamini.
3239 2907 3519 2961 Adventus

1929 3007 2074 3063 enim
2116 3006 2315 3062 Christi
2366 3022 2476 3061 non
2511 3020 2647 3075 opus
2684 3002 2905 3059 habebit
2947 3000 3200 3071 quopiam
3235 3000 3324 3069 qui
3369 3000 3517 3053 illum

1931 3102 2289 3164 demonstret,
2327 3100 2420 3151 sed
2457 3098 2779 3153 manifestus
2818 3094 2924 3149 erit
2961 3089 3246 3153 munibus,
3286 3090 3427 3145 sicut
3465 3102 3521 3144 ct

1854 3212 1895 3269 ο
1930 3192 2130 3261 fulgur.
2166 3190 2301 3243 Nam
2330 3191 2471 3244 sicut
2511 3190 2640 3242 illud
2678 3190 3016 3256 repentinum
3054 3199 3135 3242 est
3182 3196 3235 3240 et
3268 3185 3520 3239 omnibus

1932 3286 2172 3346 clarum,
2222 3284 2294 3336 ita
2328 3290 2381 3335 et
2425 3284 2541 3351 ipse
2570 3281 2823 3335 omnibus
2852 3280 2905 3334 in
2954 3279 3157 3334 mundo
3202 3278 3521 3330 manifestus

1931 3376 2056 3429 erit.
2096 3372 2213 3428 Non
2248 3375 2393 3428 enim
2436 3374 2582 3427 sicut
2624 3372 2678 3425 in
2725 3372 2901 3441 primo
2936 3372 3171 3425 adventu
3210 3368 3277 3423 de
3316 3368 3429 3422 loco
3466 3369 3520 3421 in

1932 3468 2107 3522 locum
2142 3467 2411 3533 transivit,
2456 3467 2527 3520 ita
2556 3476 2608 3520 et
2648 3467 2696 3520 in
2740 3464 3001 3529 secundo,
3033 3464 3125 3518 sed
3160 3464 3211 3515 in
3238 3448 3521 3516 momento

1932 3559 2073 3613 oculi
2109 3560 2303 3612 aderit.
2344 3558 2411 3611 Et
2440 3558 2583 3612 sicut
2627 3559 2765 3627 apud
2804 3565 3076 3609 mortuum
3120 3555 3354 3607 cadaver
3387 3570 3521 3607 Cull-

1932 3662 2227 3723 gregautur
2258 3652 2441 3705 statim
2481 3651 2695 3719 aquilze,
2734 3665 2853 3721 qum
2895 3651 3137 3705 vultures
3181 3658 3325 3711 sunt,
3365 3648 3447 3723 sic
3471 3658 3522 3698 ct

1931 3722 2122 3794 omnes
2160 3739 2335 3793 sancti
2391 3740 2613 3793 venient
2662 3754 2727 3794 eo
2780 3741 2867 3793 ubi
2910 3740 3166 3794 Christus
3218 3738 3401 3792 fuerit.
3442 3722 3520 3789 'lli

1932 3831 2074 3885 enim
2108 3831 2159 3883 in
2184 3844 2395 3884 summa
2436 3830 2636 3894 volant,
2668 3840 2720 3884 et
2757 3832 2809 3884 in
2848 3834 3017 3885 nubes
3049 3830 3351 3897 rapientur,
3382 3828 3523 3882 sicut

1932 3926 2146 3997 aquilae.
2193 3922 2441 3979 Cadaver
2485 3930 2667 3978 autem
2710 3924 2910 3977 dicitur
2951 3922 3238 3985 Christus,
3271 3922 3395 3991 quia
3427 3936 3523 3989 pro

1934 4019 2091 4073 nobis
2124 4017 2321 4072 cecidit
2348 4026 2404 4069 et
2428 4025 2670 4071 mortuus
2700 4026 2782 4070 est
2810 4036 2823 4070 :
2854 4017 2993 4071 sicut
3025 4026 3079 4071 et
3115 4014 3340 4070 Simeon
3368 4014 3521 4079 dicit,

1933 4112 2033 4168 llic
2066 4112 2278 4181 positus
2307 4108 2390 4167 εει
2419 4110 2473 4167 in
2504 4123 2717 4167 casum.

2006 4290 2175 4356 Ysss.
2235 4291 2328 4349 29.
2391 4309 2410 4343 ι
2460 4288 2655 4347 Statim
2712 4298 2893 4343 autem
2948 4299 3067 4359 post
3116 4289 3529 4347 tribulationem

1934 4386 2143 4441 dierum
2177 4385 2392 4440 iliorum
2428 4384 2511 4440 sol
2546 4384 2951 4450 obscurabitur,
2981 4393 3035 4437 et
3060 4364 3193 4437 luna
3237 4401 3340 4439 non
3378 4386 3529 4441 dabit

1935 4478 2121 4534 lumen
2160 4493 2342 4545 suum,
2366 4489 2420 4535 et
2460 4478 2631 4534 stellae
2666 4479 2863 4535 cadent
2900 4478 2968 4533 de
3002 4478 3161 4544 calo,
3204 4489 3259 4533 et
3294 4481 3523 4532 virtutes

1858 4550 1913 4611 ι)
1940 4573 2200 4627 caelorum
2233 4572 2739 4627 commovebuntur.
2775 4592 2795 4625 ι
2828 4571 2961 4627 Post
2986 4573 3298 4633 adventum,
3328 4573 3527 4639 inquit,

1935 4667 2293 4731 Antichristi,
2328 4667 2419 4735 qui
2456 4667 2607 4733 οξενί
2644 4668 2925 4721 solvetur:
2966 4669 3065 4722 hoc
3098 4668 3239 4720 enim
3276 4669 3521 4720 declara-

1936 4762 2013 4814 rit
2040 4774 2135 4828 per
2168 4759 2273 4813 hoc
2303 4760 2447 4834 quod
2478 4743 2630 4823 dicit,
2662 4758 2845 4813 statim
2879 4774 2892 4812 :
2932 4760 3014 4812 sol
3048 4759 3525 4823 obtenebrabitur,

1937 4850 2039 4903 hoc
2064 4858 2175 4916 est,
2201 4848 2603 4915 obscurabitur,
2634 4863 2738 4903 non
2771 4848 3077 4917 disparens,
3107 4850 3199 4902 sed
3236 4860 3529 4917 superatus

1944 4941 2153 4995 lumine-
2168 4941 2434 4995 adventus
2458 4938 2685 5003 Christi,
2712 4924 3167 5010 quemadmodum
3195 4950 3247 4994 et
3275 4942 3443 4995 stella:
3468 4951 3525 4995 et

1938 5032 2058 5085 luna
2109 5048 2123 5085 :
2172 5031 2303 5100 quid
2350 5030 2494 5085 enim
2548 5041 2811 5100 praterea
2862 5045 2997 5099 Opus
3052 5032 3159 5084 erit
3212 5031 3521 5100 liujusmmli

1934 5123 2174 5180 sensibili
2211 5122 2440 5186 lumine,
2483 5136 2605 5176 cum
2652 5137 2755 5175 non
2788 5123 2895 5176 erit
2936 5137 3074 5187 nox,
3114 5122 3208 5177 sed
3241 5126 3524 5193 apparebit

1932 5216 2025 5273 Sol
2058 5217 2283 5285 iustitia:
2312 5216 2399 5271 ἰτ
2452 5216 2593 5283 Quin
2633 5229 2686 5271 et
2723 5218 2955 5269 virtutes
2989 5217 3251 5269 caelorum
3281 5232 3524 5271 commo-

1932 5312 2232 5377 vebuntur,
2277 5311 2379 5365 hoc
2406 5320 2522 5375 est,
2560 5310 2944 5379 obstupescent
2972 5322 3021 5365 et
3059 5312 3407 5377 horrescent,
3441 5310 3523 5364 vi-

1931 5403 2122 5457 dentes
2175 5413 2489 5458 creaturam
2539 5402 2852 5467 immutari,
2895 5411 2951 5457 et
2998 5415 3189 5455 omnes
3240 5402 3307 5455 ab
3352 5401 3528 5453 Adam

1932 5510 2103 5566 usque
2143 5497 2210 5550 ad
2250 5494 2380 5549 illud
2428 5506 2639 5564 tempus
2682 5494 2933 5550 homines
2976 5495 3242 5549 rationem
3272 5496 3521 5547 daturos.

2001 5673 2173 5733 Vens.
2204 5676 2294 5733 50.
2338 5692 2356 5728 ι
2392 5675 2459 5730 Et
2490 5681 2622 5730 tunc
2646 5672 2925 5745 apparebit
2945 5646 3162 5745 .signnm
3193 5669 3316 5729 Filii
3346 5669 3524 5727 homi-
