4080 6336
282 322 385 387 421

818 321 1265 383 ENARRATIO
1306 320 1387 382 IN
1429 318 1932 383 EVANGELIUM
1973 320 2359 383 ΜΑῬΓΠΕΙ.
2402 344 2466 357 --
2501 322 2658 384 CAP.
2701 325 2914 388 XXIV.

3467 329 3577 401 ω

280 439 469 506 μεῖτε,
519 434 654 490 ἀλλὰ
692 434 915 503 νήφετε.
965 432 1028 484 Ei
1059 431 1166 501 γὰρ
1204 431 1431 502 ⁴ᾔδειμεν
1478 430 1579 500 τὴν
1611 427 1838 498 τελευτὴ

1978 438 2177 491 estote,
2229 430 2320 483 sed
2373 431 2538 485 sobrii
2596 442 2649 488 et
2705 436 3011 507 vigilantes.
3045 434 3179 493 Nam
3212 439 3259 495 si
3306 442 3577 503 sciremus

276 527 439 597 ἡμῶν
488 527 616 579 πότε
671 524 858 589 ἔσται,
917 521 1134 592 ἐκείνην
1173 522 1240 574 ἂν
1292 522 1461 591 μόνην
1505 520 1604 590 τὴν
1644 519 1842 590 ἡμέραν

1971 521 2195 589 quando
2220 522 2398 576 futura
2435 533 2583 579 esset
2615 541 2762 581 mors
2788 539 3000 596 nostra,
3034 531 3126 586 illo
3161 533 3278 588 solo
3332 534 3420 591 die
3469 538 3573 594 da-

271 617 689 683 ὲσπουδάζομεν
728 617 1047 685 ευαρεστεῖν
1071 612 1149 684 τῷ
1182 610 1303 679 Θεῷ
1329 629 1341 641 ·
1379 610 1476 665 νῦν
1508 612 1566 665 δὲ
1605 610 1842 679 ἀγνοοῦν

1968 627 2152 667 remus
2198 629 2421 683 operam
2484 620 2754 687 quomodo
2810 622 3146 691 placerenms
3222 627 3371 682 Deo:
3429 645 3574 685 nunc

270 728 366 773 τες
388 750 403 775 ,
432 711 674 779 νήφομεν
710 709 799 761 ἀεὶ
828 708 965 778 πρὸς
992 707 1061 759 τὰ
1089 705 1191 777 τῆς
1225 705 1425 776 ἀρετῆς
1453 705 1610 776 ἔργα.

351 908 370 940 ο
413 888 510 951 Τίς
547 888 657 957 ἄρα
686 886 835 939 ἐστὶν
865 886 894 939 6
928 884 1119 948 πιστὸς
1147 882 1333 943 δοῦλος
1358 884 1452 937 καὶ
1480 883 1765 954 φρόνιμος,
1800 881 1859 934 δν

269 981 607 1052 κατέστησεν
632 984 659 1035 6
697 981 887 1051 κύριος
914 978 1081 1034 αὐτοῦ
1107 978 1201 1033 ἐπὶ
1219 978 1317 1047 τῆς
1340 977 1640 1048 θεραπείας
1668 974 1855 1047 αὑτοῦ,

265 1070 364 1125 τοῦ
392 1070 590 1124 διδόναι
642 1071 827 1133 αὐτοῖς
855 1071 954 1141 τὴν
982 1069 1189 1141 τροφήν
1220 1069 1277 1121 ἑν
1314 1067 1493 1138 καιρῷ
1520 1084 1535 1134 ;
1568 1066 1857 1135 Μακάριος

264 1164 297 1216 6
350 1162 535 1225 δοῦλος
577 1165 821 1228 ἐκεῖνος,
864 1163 923 1216 δν
953 1161 1122 1216 ἐλθὼν
1160 1164 1188 1216 6
1237 1157 1654 1243 xﬁptog‘abtoi‘
1693 1162 1857 1232 εὑρή-

268 1271 353 1307 σει
388 1253 649 1308 ποιοῦντα
694 1254 887 1317 οὕτως.
932 1254 1107 1324 Ἀμὴν
1137 1254 1280 1321 λέγω
1309 1253 1440 1324 ύμῖν
1471 1254 1554 1307 ὅτι
1585 1254 1677 1305 ἐπὶ
1719 1255 1855 1306 πᾶσι

264 1347 383 1409 τοῖς
409 1346 746 1417 ὑπάρχουσιν
785 1344 950 1412 αὑτοῦ
980 1347 1313 1415 καταστήσει
1347 1344 1535 1399 αὐτόν.
1582 1362 1602 1395 ι
1648 1345 1855 1395 Διαπο-

266 1439 357 1508 ρεῖ
380 1441 408 1491 6
436 1439 638 1507 Κύριος
664 1438 747 1501 τίς
771 1436 921 1491 ἔσται
952 1439 980 1490 6
1008 1438 1196 1498 πιστὸς
1226 1436 1412 1499 δοῦλος
1444 1436 1538 1489 καὶ
1564 1434 1851 1505 φρόνιμος,

261 1528 325 1581 ὃν
370 1529 704 1599 κατέστησεν
756 1529 785 1580 6
838 1528 1028 1599 κύριος
1057 1525 1223 1580 αὑτοῦ
1274 1526 1365 1579 ἐπὶ
1417 1528 1517 1596 τῆς
1556 1525 1854 1595 θεραπείας

262 1619 470 1684 αὐτοῦ,
533 1620 619 1672 ἵνα
679 1619 830 1691 δείξῃ
885 1620 968 1673 ὅτι
1029 1619 1257 1681 σπάνιος
1302 1618 1395 1670 καὶ
1447 1615 1774 1687 δυσεύρετος
1825 1616 1853 1667 6

260 1710 527 1773 τοιοῦτος.
576 1711 681 1765 Δύο
722 1712 780 1766 δὲ
824 1712 1136 1765 ἁπαιτεῖται
1172 1710 1281 1773 πᾶς
1310 1709 1618 1779 οίκονόμος,
1666 1710 1853 1761 πίστιν

261 1801 363 1853 καὶ
402 1800 695 1870 φρόνησιν⁹
734 1802 845 1854 εἴτε
891 1801 999 1871 γάρ
1043 1800 1236 1865 πιστὸς
1285 1798 1386 1870 μέν
1415 1802 1533 1853 ἐστι
1566 1800 1660 1853 καὶ
1696 1800 1849 1853 οὐδὲν

261 1891 527 1955 κλέπτει,
578 1893 841 1963 φρόνιμος
892 1892 951 1946 δὲ
997 1894 1095 1963 οὐχ
1146 1893 1420 1961 ὑπάρχει..
1476 1891 1615 1945 ἀλλὰ
1670 1892 1848 1962 μάτην

260 1980 526 2034 ἀπόλλυσι
576 1981 645 2035 τὰ
699 1982 999 2051 χρήματα,
1040 1982 1154 2033 εἴτε
1205 1989 1471 2050 φρόνιμος
1524 1980 1686 2050 δῆθεν
1735 1978 1843 2046 ῶν,

260 2074 488 2127 κλέπτει
538 2074 731 2140 αὐτὸς,
771 2073 927 2128 οὐδὲν
973 2073 1187 2141 θφελος.
1232 2072 1294 2126 '0
1326 2074 1510 2127 τοίνυν
1551 2073 1847 2142 εὑρεθησό-

264 2184 429 2237 μενος
455 2167 575 2220 τότε
608 2167 798 2229 πιστὸς
825 2167 919 2220 καὶ
950 2165 1236 2236 φρόνιμος,
1267 2165 1476 2225 ἐκεῖνος
1498 2165 1593 2217 καὶ
1622 2163 1731 2217 τῶν
1758 2181 1849 2216 τε·

257 2260 550 2331 λειοτέρων
582 2258 929 2325 ἐπιτεύξεται
956 2299 971 2326 ,
1008 2257 1154 2326 λέγω
1198 2257 1261 2326 δὴ
1296 2258 1396 2327 τῆς
1430 2255 1705 2327 βασιλείας
1738 2257 1846 2309 τῶν

255 2350 532 2419 οὐρανῶν.
578 2350 805 2404 Πάντων
843 2349 956 2419 γὰρ
1000 2348 1110 2403 τῶν
1184 2350 1543 2420 ὑπαρχόντων
1602 2348 1680 2418 τῷ
1728 2348 1849 2418 Θεῷ

255 2439 590 2509 κληρονόμοι
634 2438 850 2493 ἔσονται
879 2442 926 2493 οί
980 2439 1153 2509 ἅγιοι.
1203 2442 1403 2505 Πιστὸς
1434 2441 1490 2494 δὲ
1520 2440 1703 2500 δοῦλος
1752 2442 1846 2494 καὶ

254 2531 546 2600 φρόνιμος,
580 2530 673 2584 καὶ
708 2533 815 2594 πᾶς
850 2532 1171 2595 διδάσκαλος
1198 2533 1226 2586 6
1252 2533 1312 2584 ὲν
1339 2531 1518 2602 καιρῷ
1539 2531 1716 2593 διδοὺς
1745 2533 1845 2600 τὴν

254 2623 466 2693 τροφὴν
501 2625 717 2694 ἑκάστῳ
750 2623 859 2676 τῶν
892 2624 982 2676 ὑπ’
1010 2624 1179 2677 αὑτοῦ
1212 2624 1640 2693 διδασκομένων,
1676 2620 1788 2686 οἷος
1818 2626 1845 2677 ό

255 2715 493 2780 Παῦλος,
549 2715 642 2768 νῦν
683 2716 781 2784 μὲν
820 2715 962 2783 γάλα
1001 2715 1269 2783 ποτίζων,
1298 2713 1394 2768 νῦν
1428 2716 1485 2770 δὲ
1524 2717 1715 2784 σοφίαν
1750 2716 1845 2768 λα-

256 2805 392 2869 λῶν,
428 2806 618 2869 πιστός
646 2823 705 2859 τε
742 2806 990 2869 διάκονος
1015 2804 1113 2870 ὣν,
1147 2806 1176 2858 6
1204 2806 1468 2876 πρότερον
1494 2805 1840 2876 βλάσφημος,

258 2898 359 2950 καὶ
376 2898 658 2967 φρόνιμος,
685 2896 761 2960 ώς
786 2897 861 2968 μή
889 2897 1099 2966 ἀγνοῶν
1122 2897 1191 2951 τὰ
1216 2900 1463 2968 νοήματα
1484 2897 1580 2951 τοῦ
1610 2900 1809 2970 ἐχθροῦ
1827 2917 1839 2930 ·

208 3004 211 3005 ⁷
254 2986 397 3041 ἀλλὰ
425 2988 521 3041 καὶ
558 2989 668 3052 πᾶς
698 2989 726 3041 6
758 2987 939 3041 ὁτιοῦν
972 2990 1120 3058 παρὰ
1149 2987 1285 3043 Θεοῦ
1314 2987 1517 3056 λαϐὼν,
1550 2990 1663 3044 εἴτε
1708 2994 1845 3062 χρή-

257 3098 449 3149 ματα,
508 3081 619 3134 εἴτε
669 3080 1030 3148 δυναστείαν,
1083 3082 1196 3135 εἴτε
1245 3082 1460 3154 ἀρχὴν,
1504 3083 1709 3153 ὀφείλει
1750 3086 1842 3138 καὶ

254 3174 468 3238 πιστῶς
520 3174 614 3227 καὶ
668 3173 950 3245 φρονίμως
1000 3174 1225 3228 διοικεῖν
1281 3174 1498 3238 ταῦτα,
1552 3175 1631 3239 ώς
1683 3175 1845 3244 λόγον

252 3263 469 3319 δώσων.

334 3373 353 3406 ι
395 3354 520 3408 Ἐάν
544 3353 600 3407 δὲ
632 3352 763 3426 εἴπῃ
790 3354 818 3407 6
852 3350 1021 3416 κακὸς
1053 3351 1240 3417 δοῦλος
1278 3353 1493 3415 ικεῐνος
1517 3354 1577 3405 ἑν
1608 3356 1675 3425 τῇ
1710 3372 1849 3426 καρ-

252 3444 348 3517 ειᾳ
373 3443 562 3509 αὑτοῦ,
592 3443 846 3514 Χρονίζει
875 3446 903 3497 6
941 3442 1135 3512 κύριός
1181 3460 1285 3512 μου
1318 3442 1517 3504 ἐλθεῖν,
1555 3443 1652 3498 καὶ
1680 3445 1851 3515 ἄρξη-

251 3551 344 3589 ται
371 3533 595 3587 τύπτειν
620 3534 746 3595 τοὺς
776 3530 1119 3595 συνδούλους,
1149 3532 1307 3604 ἐσθίῃ
1336 3531 1393 3585 δὲ
1424 3532 1521 3587 καὶ
1545 3533 1676 3605 πίνῃ
1708 3534 1846 3605 μετὰ

252 3626 367 3680 τῶν
402 3624 731 3695 μεθυόντων,
760 3620 882 3694 ἥξει
909 3625 938 3677 6
968 3623 1157 3694 κύριος
1193 3624 1287 3677 τοῦ
1320 3624 1507 3677 δούλου
1542 3626 1755 3679 ἐκείνου
1786 3627 1844 3680 ὲν

250 3718 440 3788 ήμέρᾳ
538 3717 597 3769 οὐ
630 3715 925 3786 προσδοκᾷ,
978 3716 1073 3768 καὶ
1104 3716 1165 3768 ἑν
1212 3714 1331 3786 ῶρᾳ
1387 3710 1422 3789 ᾖ
1455 3717 1518 3769 οὐ
1564 3716 1841 3785 γινώσκει,

250 3813 355 3868 καὶ
386 3813 730 3885 διχοτομήσει
759 3811 942 3876 αὐτὸν,
969 3811 1073 3865 καὶ·
1091 3811 1152 3863 τὸ
1186 3813 1349 3883 μέρος
1373 3813 1538 3867 αὐτοῦ
1564 3815 1701 3883 μετὰ
1732 3816 1845 3869 τῶν

253 3904 572 3975 ὑποκριτῶν
598 3903 753 3974 θήσει
779 3918 792 3933 ·
830 3903 948 3956 εκεῖ
985 3903 1138 3956 ἔσται
1166 3905 1193 3956 6
1222 3903 1500 3973 κλαυθμὸς
1531 3907 1626 3959 καὶ
1656 3908 1684 3959 6
1706 3907 1843 3977 βρυ-

252 3998 399 4067 γμὸς
427 3995 534 4051 τῶν
588 3994 836 4065 ὀδόντων.
876 4014 894 4046 ι
931 3994 1122 4049 Ειπὼν
1156 3995 1274 4060 πῶς
1301 3997 1674 4068 τιμηθήσεται
1700 4002 1727 4052 6
1754 4016 1845 4053 πι-

234 4072 382 4151 στὸς
404 4088 617 4151 δοῦλος,
644 4086 739 4141 νῦν
764 4084 913 4153 λέγει
945 4084 1063 4149 πῶς
1082 4084 1477 4156 κολασθήσεται
1506 4090 1533 4140 6
1580 4091 1839 4159 πονηρός.

252 4181 385 4237 Ἐὰν
402 4181 508 4251 γάρ
529 4198 611 4243 τις
635 4178 949 4249 οἰκονομίαν
972 4180 1116 4241 τινὸς
1142 4180 1480 4250 χαρίσματος
1500 4182 1837 4247 πιστευθεὶς,

249 4274 569 4344 καταφρονῇ
610 4271 706 4324 τοῦ
762 4270 972 4324 ἐκεῖθεν
997 4271 1375 4341 δικαστηρίου,
1410 4274 1504 4326 καὶ
1556 4275 1690 4345 λέγῃ
1722 4276 1832 4341 ὅτι,

247 4364 505 4437 Χρονίζει
525 4361 758 4433 όκύριός
784 4379 906 4432 μου,
931 4362 1239 4425 τουτέστιν,
1269 4364 1330 4415 ού
1363 4366 1511 4435 παρὰ
1546 4367 1711 4429 πόδας
1742 4366 1837 4419 καὶ

1966 713 2149 759 autem
2202 723 2325 762 cum
2394 708 2727 779 ignoramus,
2774 715 2943 770 sobrii
3000 732 3189 772 sumus
3242 734 3459 789 semper
3502 724 3570 777 ad

1966 799 2229 852 virtutum
2265 816 2455 870 opera.

2039 892 2205 947 \‘sns.
2266 892 2457 948 45-47.
2513 913 2533 946 ι
2573 894 2833 963 Quisnam
2900 910 2981 955 est
3036 902 3209 958 lidclis
3262 918 3460 959 servus
3513 914 3571 959 et

1963 984 2222 1053 prudens,
2247 1000 2407 1056 quem
2452 988 2696 1059 prmiecit
2722 990 2975 1047 dominus
3031 996 3305 1051 famulitio
3343 1013 3462 1063 suo,
3508 1010 3569 1053 ut

1962 1078 2053 1131 det
2104 1077 2209 1132 illis
2264 1079 2443 1133 cibum
2510 1080 2561 1134 in
2622 1085 2903 1153 tempore?
2935 1084 3131 1142 Beatus
3182 1105 3381 1145 servus
3452 1090 3565 1159 ille;

1959 1184 2118 1238 quem
2152 1185 2275 1225 cum
2324 1173 2534 1226 venerit
2578 1173 2832 1231 dominus
2884 1177 3023 1245 ejus,
3076 1180 3234 1251 135
3292 1184 3565 1237 invenerit

1959 1261 2040 1316 sic
2070 1261 2386 1319 facientem.
2437 1266 2611 1320 Amen
2668 1269 2790 1324 dico
2847 1271 3024 1335 vobis,
3076 1274 3334 1342 quoniam
3398 1290 3565 1346 super

1958 1355 2139 1407 omnia
2226 1356 2365 1410 bona
2414 1371 2512 1413 sua
2599 1362 2902 1416 c0nstituct
2954 1379 3099 1417 eum.
3155 1384 3173 1416 ι
3223 1364 3445 1421 Dubitat
3490 1382 3560 1421 an

1959 1445 2173 1502 futurus
2206 1447 2278 1502 sit
2306 1449 2475 1529 @elis
2501 1450 2625 1520 quis
2649 1461 2704 1506 et
2752 1454 3011 1521 prudens,
3063 1471 3225 1523 quem
3276 1457 3561 1511 constituit

1958 1537 2211 1594 dominus
2251 1540 2368 1610 ejus
2406 1558 2571 1610 super
2600 1542 2924 1599 famulitium
2967 1562 3150 1614 suum,
3188 1557 3247 1601 ut
3302 1550 3561 1605 ostendat

1955 1631 2099 1698 quod
2134 1646 2289 1687 rarus
2321 1635 2443 1687 talis
2467 1635 2559 1698 sit,
2594 1646 2649 1689 et
2680 1637 2900 1690 inventu
2922 1636 3179 1693 diliicilis.
3237 1636 3358 1693 Duo
3410 1641 3558 1697 enim

1955 1724 2246 1791 exiguntur
2272 1724 2338 1777 ab
2363 1724 2508 1777 omni
2534 1725 2930 1794 dispensatore,
2994 1726 3131 1782 ﬁdes
3159 1738 3215 1783 et
3244 1730 3555 1799 prudentia.

1955 1811 2092 1865 Nam
2124 1814 2170 1867 si
2199 1816 2415 1883 quidem
2447 1815 2619 1872 ﬁdelis
2655 1818 2746 1881 sit,
2779 1829 2835 1873 et
2869 1818 3003 1873 nihil
3036 1820 3268 1885 l'uretur,
3301 1822 3557 1891 prudens

1956 1916 2135 1960 autem
2170 1922 2278 1959 non
2310 1907 2404 1970 sit,
2438 1908 2531 1962 sed
2590 1910 2641 1962 in
2682 1926 2875 1964 vanum
2906 1911 3187 1980 disperdat
3227 1927 3359 1983 Opes
3395 1932 3409 1968 :
3468 1918 3554 1971 vel

1954 1997 1999 2053 si
2032 1998 2269 2065 prudens
2307 1997 2489 2065 fuerit,
2512 2012 2567 2054 et
2612 2000 2842 2068 luretur,
2895 2002 3032 2057 nihil
3081 2005 3342 2074 proderit.
3387 2007 3555 2076 Igitur

1954 2088 2045 2157 qui
2074 2098 2203 2143 tunc
2235 2088 2487 2144 iuventus
2518 2089 2682 2145 fuerit
2716 2092 2893 2147 fidelis
2931 2103 2985 2147 et
3030 2095 3293 2164 prudens,
3356 2097 3449 2153 ille
3499 2108 3556 2153 ιιι

1956 2180 2127 2233 multo
2168 2180 2321 2248 plura
2360 2189 2725 2252 consequetur
2745 2183 2813 2250 ⁸³,
2852 2198 3075 2253 regnum
3114 2186 3236 2241 dico
3261 2188 3550 2243 caelorum.

1953 2265 2089 2320 Nam
2122 2270 2365 2325 omnium
2396 2286 2516 2340 quae
2541 2282 2669 2327 sunt
2704 2272 2823 2341 Dei,
2866 2273 3113 2331 haeredes
3165 2287 3325 2332 erunt
3348 2280 3548 2335 sancti.

1952 2357 2154 2416 Fidelis
2184 2373 2363 2418 autem
2396 2380 2590 2419 servus
2629 2375 2683 2420 et
2733 2368 2975 2435 prudens
3004 2369 3185 2424 omnis
3239 2371 3402 2424 etiam
3465 2381 3552 2427 cst

1954 2449 2165 2517 doctor,
2213 2452 2305 2521 qui
2372 2454 2425 2509 in
2486 2464 2730 2521 tempore
2776 2456 2929 2512 dedit
2988 2459 3173 2513 cibum
3221 2461 3499 2529 discipulis
3529 2502 3549 2529 ,

1953 2544 2094 2597 sicut
2121 2541 2339 2610 Paulus,
2372 2561 2514 2602 ntmc
2542 2548 2761 2617 quidem
2796 2548 2936 2605 lacte
2962 2559 3181 2619 potans,
3201 2568 3345 2608 nunc
3365 2562 3547 2609 autem

1953 2637 2225 2705 Sapienter
2282 2637 2529 2705 loquens,
2585 2641 2864 2709 lidelisque
2915 2643 3186 2709 minister,
3244 2646 3336 2715 qui
3395 2646 3549 2715 prius

1954 2727 2308 2807 blaSphemus
2325 2730 2395 2796 “,
2424 2742 2479 2784 et
2508 2732 2766 2799 prudens,
2794 2742 2852 2787 ιιι
2883 2749 2988 2788 non
3041 2734 3302 2806 ignorans
3344 2739 3551 2808 cogita-

1956 2818 2132 2891 tiones
2173 2818 2401 2874 inimici.
2436 2821 2543 2875 Sed
2573 2830 2628 2877 et
2656 2824 2837 2877 omnis
2890 2826 2983 2893 qui
3031 2841 3061 2879 a
3112 2827 3226 2881 Deo
3276 2832 3550 2900 acceperit

1952 2911 2034 2962 vel
2060 2926 2209 2979 opes,
2239 2911 2323 2965 vel
2352 2912 2672 2981 potentiam,
2725 2916 2804 2969 vel
2849 2918 3240 2987 principatum,
3285 2922 3448 2977 debet
3494 2933 3551 2978 et

1952 3000 2185 3056 ﬁdeliter
2209 3013 2263 3057 et
2294 3008 2595 3072 prudenter
2624 3006 2940 3064 ministrare
2962 3025 3052 3075 ea,
3080 3021 3334 3085 tanquam
3382 3016 3563 3097 ιἐιιὶο·⁸

1950 3108 2073 3148 netu
2106 3094 2443 3151 redditurus.

2025 3362 2194 3421 Vens.
2222 3365 2416 3422 68-51.
2453 3384 2471 3419 ι
2512 3366 2667 3434 Quod
2706 3367 2751 3423 si
2784 3368 2986 3424 dixerit
3017 3386 3208 3430 servus
3250 3375 3338 3432 ille
3373 3379 3547 3436 malus

1952 3456 2007 3511 in
2040 3460 2203 3512 corde
2236 3472 2360 3522 suo,
2390 3458 2692 3514 Cunctatur
2719 3460 2975 3517 dominus
3005 3480 3157 3521 meus
3194 3468 3401 3536 venire,
3434 3484 3557 3545 (ταί-⁴

1947 3551 2199 3622 peritque
2234 3560 2523 3622 percutere
2551 3568 2891 3624 conservos,
2924 3556 3036 3612 imo
3067 3559 3232 3614 edere
3265 3569 3322 3616 et
3354 3562 3544 3621 bibere

1948 3657 2073 3698 cum
2102 3642 2268 3698 ebriis
2298 3661 2312 3697 :
2342 3644 2524 3699 veniet
2558 3645 2814 3701 dominus
2857 3648 3001 3703 servi
3047 3649 3193 3705 illius
3232 3651 3283 3704 in
3305 3652 3404 3708 'tlie
3434 3668 3544 3724 quo

1948 3748 2055 3788 non
2085 3743 2387 3804 exspectat,
2424 3743 2479 3790 et
2526 3737 2657 3790 hora
2711 3754 2817 3804 qua
2868 3740 3107 3809 ignorat,
3146 3752 3201 3797 et
3243 3744 3542 3803 dissecabit

1942 3840 2104 3893 eum,
2148 3837 2204 3882 et
2245 3837 2460 3896 partem
2505 3828 2620 3897 ejus
2665 3840 2828 3899 ponet
2876 3849 3000 3887 cum
3036 3835 3383 3906 bypoeritis:
3426 3839 3542 3896 illic

1944 3918 2049 3975 erit
2091 3919 2335 3988 ploratus
2381 3930 2437 3974 et
2491 3922 2694 3975 stridor
2734 3924 2998 3979 dentium.
3037 3946 3057 3978 ι
3097 3926 3195 3983 Ubi
3231 3929 3367 3984 dixit
3398 3924 3553 4002 quo-j

1942 4012 2103 4068 modo
2152 4011 2328 4067 ﬁdelis
2374 4028 2567 4069 servus
2617 4016 2855 4071 honores
2903 4017 3189 4076 habiturus
3234 4023 3341 4088 sit',
3392 4027 3553 4083 nunc

1944 4104 2075 4160 dicit
2100 4106 2374 4175 quomodo
2402 4106 2663 4175 punietur
2686 4108 2883 4163 malus.
2908 4108 3045 4163 Nam
3072 4112 3118 4165 si
3152 4115 3273 4181 quis
3293 4116 3377 4169 cui
3407 4126 3539 4172 sunt

1940 4197 2258 4252 concredita
2289 4197 2714 4266 dispensationis
2738 4200 2899 4264 dona,
2924 4213 3239 4258 contemnat
3261 4205 3531 4275 judicium

1940 4288 2093 4354 illud,
2123 4298 2178 4343 et
2202 4290 2366 4356 dicat,
2392 4290 2636 4344 Moratur
2668 4291 2936 4347 Dominus
2959 4308 3138 4359 meus,
3173 4294 3272 4351 hoc
3294 4308 3398 4365 est,
3424 4316 3534 4356 non

1940 4388 2123 4440 statim
2176 4394 2231 4439 et
2275 4400 2307 4439 e
2347 4386 2585 4453 vestigio
2619 4401 2836 4455 poenam
2889 4388 3159 4458 imponit:
3213 4402 3269 4445 et
3314 4405 3532 4464 sumpta

249 4459 456 4521 εὐθέως
486 4459 586 4526 τὴν
619 4456 891 4525 τιμωρίαν
919 4453 1214 4526 ἐπιτίθησι,
1250 4454 1341 4508 καὶ
1362 4456 1459 4527 τὴν
1488 4455 1837 4521 ἀνεξικακίαν

1952 4480 2234 4533 occasione
2262 4491 2326 4531 ex
2349 4477 2763 4548 longanimitate
2789 4479 2907 4543 Dei,
2932 4482 3205 4549 percutiat
3238 4498 3533 4541 conservos

249 4549 349 4604 τοῦ
380 4549 515 4602 Θεοῦ
570 4546 825 4618 ἀφορμὴν
881 4546 1147 4617 πονηρίας
1182 4548 1448 4618 ποιῆται,
1498 4549 1595 4601 καὶ
1654 4549 1833 4621 τύπτῃ

247 4643 379 4704 τοὺς
413 4638 729 4702 συνδούλους
781 4638 970 4704 αὑτοῦ,
1039 4640 1181 4719 φημὶ
1217 4640 1281 4710 δὴ
1336 4640 1686 4714 σκανδαλίζῃ.
1740 4644 1835 4696 καὶ

249 4731 435 4801 τύπτῃ
465 4730 564 4800 τὴν
594 4730 898 4799 συνείδησιν
926 4729 1126 4783 αὐτῶνο
1156 4733 1203 4783 oi
1238 4732 1347 4801 γὰρ
1371 4732 1681 4802 ἀρχόμενοι,
1717 4733 1836 4803 βλέ-

251 4838 450 4883 ποντες
474 4820 598 4883 τοὺς
624 4820 891 4891 ἄρχοντας
916 4821 1102 4886 κακῶς
1132 4823 1449 4893 χρωμένους
1472 4827 1584 4887 τοῖς
1607 4824 1830 4891 δοθεῖσι,

252 4914 589 4983 πλήσσονται
654 4914 1168 4983 σκανδαλιζόμενοι,
1231 4916 1326 4967 καὶ
1385 4915 1763 4984 βλάπτονται·
1806 4921 1835 4973 6

250 5004 494 5068 τοιοῦτος
516 4998 610 5057 οῦν
640 5005 1151 5077 διχοτομηθήσεται,
1188 5007 1438 5061 τουτέστι
1482 5011 1835 5081 γυμνωθήσεο

252 5112 347 5148 ται
380 5094 472 5146 τοῦ
507 5093 798 5164 προσόντος
834 5095 983 5164 αὐτῷ
1020 5098 1386 5167 χαρίσματος,
1421 5098 1517 5152 καὶ
1552 5101 1673 5151 τότε
1722 5119 1829 5169 φα·-

251 5188 474 5253 νήσεται
502 5180 612 5246 οἷος
634 5180 721 5254 ἦν,
740 5188 833 5237 καὶ
857 5185 1187 5256 βληθήσεται
1212 5191 1290 5251 είς
1316 5189 1375 5241 τὸ
1394 5192 1613 5253 σκότος’
1640 5192 1829 5263 πρώην

252 5277 354 5345 μὲν
377 5277 484 5346 γὰρ
504 5277 594 5331 διὰ
625 5277 719 5329 τοῦ
746 5281 1132 5347 προσχήματος
1158 5281 1365 5349 ἠπάτα,
1382 5276 1483 5334 οἷοι
1512 5282 1696 5335 πολλοὶ
1721 5286 1829 5338 τῶν

249 5369 577 5439 ἀρχιερέων,
617 5372 761 5438 ἆγιοι
812 5370 1090 5433 δοκοῦντες
1123 5374 1210 5425 διὰ
1239 5374 1299 5425 τὸ
1328 5374 1543 5443 ἀξίωμα
1567 5394 1578 5405 ·
1610 5378 1731 5429 τότε
1774 5377 1830 5431 δὲ

247 5463 547 5532 ἀρθήσεται
578 5463 670 5515 ἀπ’
700 5463 880 5516 αὐτῶν
910 5465 941 5533 ή
970 5466 1149 5533 χάρις.
1187 5468 1296 5520 Καὶ
1322 5470 1393 5529 ῶς
1418 5470 1709 5539 ὑποκριταὶ
1734 5490 1824 5524 κο-

246 5553 632 5623 λασθήσονται,
667 5556 795 5609 ἄλλο
824 5556 973 5618 ὅντες
999 5556 1091 5609 καὶ
1114 5559 1239 5611 ἄλλο
1276 5562 1609 5631 φαινόμενοι.

321 5730 366 5761 ⁸⁸
416 5729 601 5787 Matth.
643 5750 789 5802 xxrv,
818 5734 905 5790 45.
981 5738 1075 5791 “1
1115 5735 1256 5791 Tim.
1284 5754 1321 5805 ι,
1362 5739 1447 5804 12,
1486 5740 1572 5794 15.

1942 4582 2071 4623 suos
2100 4567 2424 4622 oll‘eudendo
2456 4570 2761 4646 scandalis,
2799 4579 2853 4626 et
2888 4572 3103 4627 illorum
3137 4577 3529 4630 conscientiam

1942 4660 2195 4713 verberet
2229 4659 2449 4729 (subditi
2474 4662 2626 4714 enim
2660 4663 2907 4719 videntes
2938 4666 3211 4736 principes
3248 4668 3401 4723 donis
3438 4670 3529 4723 Dei

1943 4752 2083 4807 male
2134 4752 2248 4817 uti,
2297 4755 2745 4809 scandalizantur
2801 4767 2853 4809 et
2895 4758 3153 4812 damnum
3201 4761 3523 4831 accipiunt);

1943 4845 2035 4914 qui
2080 4844 2246 4915 igitur
2292 4846 2445 4910 talis,
2494 4847 2875 4912 disserabitur,
2922 4852 3025 4905 hoc
3082 4863 3163 4905 est
3205 4855 3531 4922 spoliabitur

1945 4935 2086 4990 dono
2118 4950 2238 5002 suo,
2270 4946 2325 4988 et
2358 4948 2484 4991 tunc
2514 4939 2800 5007 apparebit
2834 4944 3013 5009 qualis
3046 4944 3117 4995 sit
3151 4961 3163 4995 :
3198 4954 3249 4997 ct
3283 4947 3531 5000 misti-tur

1943 5025 1995 5077 in
2034 5025 2320 5091 tenebras,
2358 5028 2447 5095 qui
2494 5030 2643 5096 prius
2679 5030 2778 5083 sub
2822 5032 2988 5100 ligura
3030 5036 3258 5100 quadam
3294 5037 3529 5104 decipie-

1942 5116 2033 5170 bat
2062 5136 2075 5171 :
2109 5118 2249 5172 sicut
2281 5119 2434 5173 multi
2473 5121 2789 5190 pontiﬁcum
2823 5126 2998 5177 sant-ti
3032 5128 3282 5180 videntur
3310 5142 3529 5198 propter

1939 5209 2281 5277 dignitatem,
2336 5221 2459 5264 tunc
2500 5222 2678 5266 autem
2726 5215 2941 5268 tolletur
2988 5219 3055 5272 ab
3103 5219 3181 5272 eis
3225 5223 3435 5289 gratia,
3475 5232 3527 5276 et

1941 5300 2085 5354 sicut
2121 5302 2415 5371 hypocrita:
2449 5306 2762 5375 punientur.
2806 5307 2941 5361 Nam
2975 5324 3097 5363 cum
3133 5312 3221 5365 alii
3256 5313 3396 5378 sint,
3434 5318 3525 5373 alii

1940 5404 2221 5462 apparent.
