4080 6336
186 362 296 429 425

801 360 1243 429 ΕΝἈἩΒΑΤΙΟ
1280 362 1363 427 ΙΝ
1404 360 1763 427 ΕῩΑΝΟΕΙ.“

1869 364 1909 424 id
1949 361 2341 425 hAt‘THAZi.
2385 389 2456 401 —
2492 362 2658 425 CAP.
2700 362 2883 423 XXV.

3356 357 3461 423 626

186 476 578 551 ἐλεημοσύνην,
610 478 705 532 καὶ
743 475 841 533 νῦν
870 477 1089 550 πρῶτον
1137 474 1504 546 γινώσκουσιν
1546 476 1629 529 δτι
1660 474 1763 529 ἀπὶ

1875 476 2043 547 igitur
2079 476 2240 547 137
2290 484 2374 532 est
2419 477 2564 547 quod
2604 476 2735 531 dicit
2779 475 2931 530 abire
2968 473 3036 529 ad
3070 471 3371 531 vendontes
3405 481 3469 529 ut

184 569 295 622 τῶν
327 574 579 640 πενήτων
626 567 735 622 ἔδει
765 569 915 640 ἡμᾶς
936 568 998 622 τὸ
1025 568 1207 621 ἔλαιον
1252 566 1421 637 ἔχειν.
1459 565 1633 619 Τοῦτο
1674 565 1767 619 οῦν

185 658 335 712 ἔστιν
384 658 412 712 δ
443 660 613 727 λέγει,
669 658 751 712 ὅτι
802 658 1044 730 ἀπῆλθον
1078 658 1214 729 πρὸς
1265 658 1392 719 τούς
1450 654 1768 721 πωλοῦντας

185 750 453 818 ἀγοράσαι
481 747 681 813 ἔλαιον,
706 748 1009 814 τουτέστιν,
1033 747 1277 818 ἀπῆλθον
1303 748 1369 817 τῇ
1395 745 1604 816 διανοίᾳ
1631 747 1768 817 πρὸς

186 839 313 901 τοὺς
344 838 602 908 πένητας,
638 841 733 892 καὶ
764 838 1141 906 ὲνελογίσαντο
1192 834 1305 889 οἷον
1342 838 1546 905 ἀγαθὸν
1578 840 1610 908 ἡ
1648 839 1766 890 ἑλε-

185 929 456 999 ημοσῦνη,
498 930 633 985 ἀλλά
660 929 769 1001 γάρ
798 930 1051 1001 ἐκλείσθη
1102 930 1293 992 αὐταῖς
1322 931 1355 999 ἡ
1387 929 1526 1000 θύρα
1548 945 1562 961 ’
1596 947 1767 999 μετα-

185 1016 410 1086 μελείας
438 1016 547 1088 γὰρ
574 1019 667 1071 καὶ
697 1018 961 1089 ἐργασίας
989 1017 1181 1089 καιρδς
1222 1019 1321 1071 οὐκ
1357 1016 1472 1069 ἔστι
1505 1018 1642 1087 μετά
1668 1018 1767 1088 τὴν

181 1107 396 1162 ὶνθένδε
426 1109 746 1164 ἀποδίωσιν.
786 1111 844 1163 '0
866 1109 997 1179 γοῦν
1009 1108 1212 1180 Κύριος
1238 1108 1385 1177 λέγει
1413 1110 1629 1171 αὐταῖς·
1652 1110 1768 1162 Οὐκ

183 1195 301 1253 οἶδα
330 1201 496 1272 ὑμᾶς.
536 1202 593 1255 ’0
627 1203 737 1273 γὰρ
792 1202 1171 1274 φιλάνθρωπος
1230 1202 1325 1256 καί⁵
1377 1202 1625 1273 ἐλεήμων
1668 1203 1769 1256 οὐκ

183 1286 294 1345 οἶδε
324 1291 423 1355 τὰς
445 1293 837 1364 ἀνελεήμονας.
889 1294 1015 1357 Πῶς
1054 1293 1162 1363 γὰρ
1192 1295 1289 1355 τάς
1320 1292 1613 1357 ἀλλοτρίας
1668 1292 1768 1344 αὐ-

181 1383 279 1437 τοῦ
338 1385 432 1437 καὶ
464 1386 759 1456 ἀνομοίας;
786 1385 1027 1438 Γίνωσκε
1048 1385 1123 1438 -δὲ
1177 1386 1259 1438 ὅτι
1291 1387 1385 1438 καὶ
1438 1387 1588 1439 πᾶσα
1620 1385 1766 1456 ψυχὴ

182 1476 440 1547 λαμπάδα
479 1480 575 1533 καὶ
620 1479 901 1548 φωτισμὸν
947 1480 1010 1531 έκ
1064 1476 1200 1531 θεοῦ
1260 1478 1409 1547 ἔσχε,
1446 1480 1540 1532 καὶ
1594 1480 1767 1533 πᾶσαι

182 1570 490 1641 ἐγείρονται
544 1572 625 1635 είς
657 1573 985 1641 συνάντησιν
1035 1570 1128 1623 τοῦ
1179 1572 1384 1641 Κυρίου
1409 1585 1422 1601 ·
1457 1572 1627 1625 πᾶσαι
1658 1572 1767 1643 γὰρ

182 1661 514 1732 ἐπιθυμοῦσι
546 1662 639 1716 τοῦ
685 1662 1019 1733 συναντῆσαι
1063 1656 1160 1717 καί
1213 1661 1558 1741 συναφθῆναιι
1606 1663 1763 1734 Θεῷ·

182 1755 323 1809 ἀλλά
346 1756 439 1810 τοῦ
464 1755 599 1809 Θεοῦ
620 1758 803 1820 δόντος
836 1756 1116 1826 φωτισμὸν
1154 1757 1248 1809 καὶ
1276 1756 1559 1826 λαμπάδα,
1583 1757 1638 1811 αί
1665 1755 1765 1824 μὲν

1878 580 2123 625 emerent
2158 568 2340 625 oleum
2372 582 2386 624 :
2426 569 2526 625 hoc
2560 579 2680 634 est,
2718 575 2903 622 mente
2937 552 3187 622 abierunt
3226 567 3291 621 ad
3329 581 3469 636 pau-

1877 676 2055 732 peres,
2085 672 2139 718 et
2168 676 2356 717 secum
2385 663 2694 732 cogitarunt
2718 660 2878 730 quale
2903 660 3103 713 bonum
3135 658 3207 714 sit
3232 659 3469 714 eleemo-

1876 768 2008 825 syna
2032 793 2048 819 ,
2096 755 2192 809 sed
2225 753 2411 808 clausa
2443 761 2529 807 est
2565 751 2647 806 eis
2684 752 2852 822 janua
2887 758 3069 819 :.post
3112 751 3279 805 vitam
3314 751 3460 805 enim

1878 841 2036 897 istam
2083 857 2188 896 non
2238 851 2321 896 est
2360 842 2451 896 hic
2495 852 2710 910 tempus
2751 841 3048 909 pmnitendi
3087 850 3142 895 et
3182 840 3467 911 operandi.

1878 934 2113 990 Proinde
2142 933 2405 989 Dominus
2441 936 2573 989 dicit
2614 934 2743 998 illis,
2780 933 2977 990 Nescio
3004 949 3119 990 vos.
3155 934 3470 990 Misericors

1876 1029 2024 1083 enim
2053 1038 2105 1083 et
2142 1028 2435 1083 miserator
2470 1028 2733 1083 Dominus
2768 1028 2941 1083 nescit
2980 1027 3466 1083 immisericordes.

1876 1118 2160 1183 Quomodo
2200 1119 2345 1173 enim
2389 1118 2684 1174 dissimiles
2724 1127 2780 1174 et
2816 1119 3023 1173 alienos
3068 1134 3097 1173 a
3147 1132 3208 1173 se
3247 1116 3470 1172 nosset?

1876 1208 2029 1265 Scito
2068 1210 2289 1281 insuper
2326 1226 2542 1265 omnem
2584 1210 2822 1265 animam
2872 1225 2900 1263 a
2945 1210 3053 1265 Deo
3097 1209 3299 1264 habere
3339 1208 3469 1263 illu-

1877 1302 2202 1356 strationem
2233 1312 2286 1356 et
2314 1302 2619 1372 lampadem
2645 1340 2661 1365 ,
2703 1312 2758 1357 et
2796 1316 2987 1355 omnes
3025 1316 3251 1370 surgere
3286 1301 3338 1355 in
3372 1316 3468 1355 oc—

1876 1406 2099 1446 cursum
2138 1390 2371 1447 Domini.
2413 1393 2617 1446 Omnes
2648 1393 2792 1445 enim
2828 1391 3140 1445 desiderant
3177 1403 3469 1444 occurrere

1876 1491 1931 1537 et
1957 1482 2208 1554 conjungi
2250 1480 2396 1549 Deo,
2437 1485 2531 1539 sed
2565 1484 2674 1538 Deo
2702 1484 2864 1539 dante
2905 1482 3209 1551 lampadem
3247 1493 3302 1538 et
3343 1483 3468 1537 illu-

1875 1574 2215 1638 strationem,
2249 1576 2542 1645 prudentes
2565 1576 2785 1646 quidem
2815 1576 2953 1630 bene
2977 1576 3257 1643 operando
3282 1575 3461 1630 oleum

1877 1664 2199 1728 immittunt,
2231 1664 2392 1720 fatua:
2420 1674 2599 1721 autem
2629 1666 2816 1721 sinunt
2844 1664 3148 1733 lampadem
3176 1664 3294 1718 sine
3322 1662 3464 1717 oleo.

1874 1754 2252 1811 Escluduntur
2285 1756 2450 1827 igitur
2481 1771 2588 1812 non
2631 1757 2898 1812 habentes
2924 1755 3069 1810 bona
3114 1769 3302 1824 opera,
3335 1767 3468 1825 pro-

184 1847 441 1918 φρόνιμοι
468 1848 557 1902 διὰ
591 1849 692 1919 τῆς
741 1848 1112 1919 ἀγαθοεργίας
1134 1848 1533 1904 ’ἀπισάλλουσιν
1566 1847 1763 1904 ἔλαιον⁴

1877 1854 1997 1915 pter
2020 1861 2141 1917 quae
2173 1848 2495 1903 accenditur
2524 1847 2578 1901 in
2614 1846 2721 1903 illis
2750 1846 2933 1902 lumen
2961 1861 2977 1901 :
3011 1845 3113 1902 nisi
3144 1846 3289 1903 enim
3326 1847 3469 1899 bona

188 1942 244 1991 αί
282 1939 352 1993 δὲ
389 1942 577 2012 μωραὶ
604 1942 773 1996 εῶσαι
804 1943 905 2005 τὰς
951 1940 1244 2011 λαμπάδας
1270 1940 1579 2008 ἀνελαίους,
1626 1940 1763 1995 ἀπο·

1876 1953 2042 2009 opera
2072 1939 2361 2005 faciamus,
2388 1939 2756 2011 ekstinguitur
2781 1939 2965 1994 lumen
2994 1936 3089 1994 Dei
3123 1938 3178 1994 in
3216 1937 3393 1993 nobis.

196 2033 507 2102 κλείονται,
544 2037 620 2106 μὴ
650 2035 876 2106 ἔχουσαι
920 2034 1101 2105 ἀγαθά
1134 2035 1274 2105 ιργα
1316 2033 1385 2088 δι’
1415 2027 1491 2090 ὧν
1519 2034 1716 2106 ἀνάψει
1762 2034 1824 2090 τὸ
1857 2036 1916 2091 έν
1950 2036 2142 2101 αὐταῖς
2173 2036 2325 2108 φῶς·
2385 2036 2482 2091 εὰν
2507 2034 2620 2109 γὰρ
2667 2034 2745 2109 μὴ
2774 2035 2846 2090 τά
2878 2032 3024 2090 καλά
3074 2033 3468 2107 ἐργαζώμεθα,

182 2128 500 2199 έσδέσαμεν
530 2130 590 2183 τὸ
616 2130 675 2183 έν
705 2131 837 2200 ἡμῖν
869 2131 985 2199 φῶς
1019 2129 1113 2183 τοῦ
1140 2127 1300 2183 Θεοῦ.

261 2240 283 2274 ε
315 2222 526 2293 Ὠσπερ
556 2221 665 2291 γάρ
709 2221 996 2291 ἄνθρωπος
1036 2222 1359 2293 ἀποδημῶν,
1386 2220 1609 2275 ἐκάλεσε
1636 2223 1765 2286 τοὺς

185 2314 351 2379 ίδίους
386 2314 625 2378 δούλους,
655 2314 748 2367 καὶ
775 2314 1093 2384 παρέδωκεν
1132 2315 1318 2377 αὐτοῖς
1353 2313 1421 2367 τά
1444 2313 1763 2385 ὑπάρχοντα

181 2403 375 2470 αὐτοῦ,
407 2404 501 2458 καὶ
524 2397 569 2471 ᾧ
597 2405 693 2475 μὲν
750 2404 918 2458 ἔδωκε
954 2404 1117 2457 πέντε
1144 2405 1402 2469 τάλαντα,
1433 2398 1476 2473 ᾧ
1498 2405 1555 2457 δὲ
1583 2405 1696 2471 δύο,
1721 2397 1767 2473 ᾧ

180 2496 241 2549 δὲ
278 2493 360 2558 ιν,
390 2494 605 2565 ἑκάστῳ
624 2493 764 2548 κατά
794 2494 891 2565 τὴν
935 2495 1074 2547 ίδίαν
1119 2494 1353 2564 δύναμιν
1373 2536 1387 2559 ,
1434 2496 1528 2549 καὶ
1557 2498 1764 2565 ἀπεδή-

185 2604 363 2659 μησεν
396 2588 618 2652 εὐοέως.
649 2588 942 2660 Πορευθεὶς
969 2588 1025 2642 δὲ
1051 2590 1079 2642 6
1108 2589 1177 2643 τὰ
1205 2590 1367 2643 πέντε
1406 2589 1644 2644 τάλαντα
1665 2590 1762 2644 λα-

180 2681 317 2749 6ὼν,
347 2670 645 2752 εἰργάσατο
668 2684 725 2736 εν
749 2682 955 2746 αὐτοῖς,
1000 2683 1096 2736 καὶ
1146 2682 1403 2754 εποίησεν
1430 2681 1566 2735 ἀλλα
1598 2683 1765 2739 πέντε

178 2775 454 2829 τάλανταο
484 2774 750 2853 ώσαύτως
790 2776 886 2829 καὶ
912 2778 940 2829 6
982 2775 1051 2829 τὰ
1081 2775 1195 2844 δύο,
1237 2776 1501 2847 έκέρδησε
1540 2777 1637 2829 καὶ
1660 2776 1762 2830 αὐ-

178 2864 274 2928 τδς
292 2866 425 2920 ἀλλα
449 2851 574 2919 οὐδ’·
619 2866 648 2919 ό
694 2865 751 2919 δὲ
781 2866 841 2919 τδ
871 2866 929 2919 ιν
958 2866 1162 2933 λαϐὼν,
1195 2866 1445 2922 ἀπελθὼν
1470 2866 1678 2940 ὤρυξεν
1706 2868 1766 2925 ιν

177 2958 248 3027 τῇ
278 2959 373 3028 τῇ,
398 2958 494 3012 καὶ
517 2956 801 3029 ἀπέκρυψε
830 2957 892 3011 τὸ
926 2960 1190 3031 ἀργύριον
1214 2958 1311 3013 τοῦ
1352 2962 1546 3031 κυρίου
1572 2961 1760 3017 αὐτοῦ.

179 3046 337 3101 Μετά
374 3046 429 3101 δὲ
464 3048 655 3119 χρόνον
714 3049 905 3115 πολὺν,
942 3049 1162 3122 ἔρχεται
1196 3053 1224 3105 6
1270 3050 1464 3121 κύριος
1501 3052 1610 3106 τῶν
1638 3053 1763 3107 606-

1948 2222 2113 2279 Vsss.
2144 2220 2331 2278 ιι-ιο.
2372 2238 2393 2274 ι
2432 2218 2587 2276 Sicut
2612 2221 2761 2277 enim
2793 2219 2958 2278 homo
2988 2219 3210 2291 quidam
3240 2237 3472 2295 peregre

1873 2313 2265 2387 proﬁciscens,
2309 2315 2525 2369 vocarit
2582 2327 2774 2369 servos
2814 2327 2945 2370 suos
2993 2322 3049 2369 et
3089 2314 3314 2370 tradidit
3359 2315 3470 2370 illis

1872 2408 2013 2464 bona
2042 2421 2162 2471 sua,
2184 2416 2242 2461 et
2271 2405 2399 2460 huic
2421 2406 2641 2476 quidem
2668 2406 2816 2462 dedit
2837 2407 3086 2478 quinque
3114 2407 3339 2475 talenta,
3371 2408 3467 2463 alii

1872 2508 2054 2553 autem
2086 2499 2225 2565 duo,
2275 2498 2367 2552 alii
2416 2512 2544 2553 vero
2576 2513 2781 2566 unum,
2829 2499 3124 2570 unicuique
3165 2501 3465 2556 secundum

1873 2592 2153 2662 propriam
2187 2591 2521 2655 facultatem,
2560 2602 2615 2645 ct
2650 2590 2929 2661 profectus
2962 2602 3048 2648 est
3077 2593 3286 2647 statim.
3319 2592 3469 2647 Abiit

1870 2692 2055 2735 autem
2085 2681 2179 2751 qui
2224 2682 2467 2751 quinque
2517 2682 2717 2737 talenta
2754 2693 3073 2752 acceperat,
3112 2694 3171 2740 et
3202 2693 3467 2754 operatus

1869 2784 1953 2829 est
1981 2774 2033 2827 in
2068 2773 2147 2829 eis
2169 2815 2184 2841 ,
2217 2781 2274 2829 et
2317 2775 2555 2831 confecit
2600 2775 2777 2830 altera
2809 2775 3073 2846 quinque.
3115 2775 3382 2833 Similiter
3412 2784 3471 2831 et

1870 2867 1961 2937 qui
1987 2866 2097 2921 duo
2129 2875 2438 2934 acceperat,
2480 2867 2725 2923 lucratus
2758 2877 2846 2923 est
2876 2876 2931 2923 et
2967 2868 3084 2938 ipse
3113 2867 3222 2925 duo
3244 2867 3463 2923 altera:

1869 2960 1963 3029 qui
1990 2968 2171 3013 autem
2202 2974 2368 3015 unum
2408 2970 2719 3030 acceperat,
2750 2961 2943 3016 abiens
2974 2960 3109 3016 fodit
3146 2961 3199 3015 in
3236 2969 3464 3026 terram,

1868 3058 1925 3107 et
1961 3051 2250 3107 abscondit
2292 3052 2582 3121 pecuniam
2632 3051 2839 3107 domini
2886 3051 2994 3108 sui.
3052 3049 3189 3107 Post
3226 3053 3464 3109 multum

179 3139 293 3192 λων
314 3140 560 3206 εκείνων,
593 3143 688 3196 καὶ
714 3143 961 3215 συναίρει
988 3143 1106 3214 μετ’
1129 3144 1308 3199 αὐτῶν
1324 3145 1502 3213 λόγον.
1528 3164 1548 3200 ε
1578 3146 1763 3201 Εἰπὼν

1869 3163 2001 3204 vero
2037 3148 2303 3218 temporis
2337 3150 2484 3205 venit
2520 3148 2779 3205 dominus
2810 3163 3095 3206 servorum
3132 3148 3372 3213 illorum,
3408 3157 3466 3204 et

179 3230 296 3286 ἄνω
328 3232 409 3285 δτι
449 3233 565 3286 Οὐκ
588 3233 769 3288 οἴδατε
806 3235 905 3306 τὴν
931 3237 1145 3308 ἡμέραν
1171 3239 1258 3292 ὅτε
1296 3237 1416 3309 ἥξει
1472 3238 1501 3290 6
1532 3238 1760 3311 Κύριος,

178 3325 510 3396 προστίθησι
530 3327 625 3380 καὶ
653 3327 753 3400 την
780 3327 1096 3400 παραϐολὴν
1125 3328 1357 3402 ταύτην,
1385 3330 1648 3385 δεικνύων
1680 3333 1764 3387 ὅτι

177 3442 470 3510 αίφνιδιως
515 3438 827 3492 ἐλεύσεται·
872 3434 1076 3491 ώσανεὶ
1103 3434 1214 3507 γὰρ
1244 3435 1534 3506 ἄνθρωπος
1559 3435 1766 3505 ἀποδη-

181 3533 328 3605 μῶν,
358 3533 504 3587 οὕτω
523 3532 588 3597 δὴ
620 3531 719 3585 καὶ
742 3533 770 3585 6
802 3528 990 3601 κύριος
1033 3530 1262 3584 ἐκάλεσε
1293 3530 1420 3595 τούς
1454 3532 1617 3596 ίδίους
1640 3532 1765 3585 δού-

176 3624 329 3689 λους,
350 3624 451 3679 καὶ
494 3622 621 3678 τάδε
665 3622 761 3677 καὶ
786 3621 915 3677 τάδε
943 3623 1128 3685 αὐτοῖς
1160 3620 1385 3677 διέθετο.
1433 3623 1764 3695 Ἀποδημετν

176 3715 277 3771 εἰν
306 3714 524 3783 λέγεται
557 3716 585 3768 6
607 3714 675 3768 6t'
699 3714 850 3786 ἡμᾶς
873 3712 1163 3783 γενόμενος
1194 3712 1482 3784 ἄνθρωπος
1505 3715 1763 3786 Χριστὸς,

179 3806 217 3875 ἢ
254 3805 393 3858 καθὸ
430 3804 601 3872 ἀνέϐη
632 3803 713 3866 εις
736 3802 1020 3875 οὐρανοὺς,
1045 3803 1079 3872 ἢ
1113 3802 1249 3856 καθὸ
1274 3804 1639 3874 μακροθυμεῖ,
1669 3805 1767 3859 καὶ

176 3897 283 3951 οὐκ
312 3894 471 3958 εὐθὺς
504 3895 727 3949 ἀπαιτεῖ
748 3894 849 3965 τὴν
867 3894 1150 3965 ἐργασίαν,
1166 3891 1281 3947 ἀλλ’
1310 3894 1597 3965 ἀναμένει.
1627 3895 1766 3951 Δοῦ-

178 3982 263 4042 λοι
305 3987 362 4041 δὲ
392 3986 583 4050 αὐτοῦ,
636 3987 685 4039 οἱ
713 3984 813 4056 τὴν
837 3984 930 4038 τοῦ
961 3985 1120 4053 λόγου
1138 3985 1418 4041 διακονίαν
1466 4003 1765 4042 πεπιστευ-

182 4079 356 4149 μένοι,
388 4071 500 4131 οἷον
520 4077 824 4148 ἀρχιερεῖς,
848 4076 1031 4147 ίερετς,
1049 4076 1306 4144 διάκονοι,
1326 4079 1421 4133 καὶ
1448 4080 1765 4151 χαρίσματα

176 4169 530 4240 πνευματικά
557 4166 898 4231 λαθόντες,οί
934 4167 1033 4236 μὶν
1065 4166 1379 4238 μείζονα,οί
1398 4169 1455 4223 δὲ
1483 4169 1764 4238 ἐλάττονα,

176 4261 409 4322 ἕκαστος
436 4258 577 4312 κατά
611 4257 711 4330 τὴν
751 4258 889 4311 ίδίαν
914 4258 1171 4329 δύναμιν,
1216 4260 1489 4327 τουτέστι,
1523 4262 1666 4318 κατά
1704 4264 1767 4319 τὸ

181 4352 384 4424 μέτρον
416 4354 514 4421 τῆς
545 4349 779 4412 πίστεως
808 4348 1014 4417 καὶτῆς
1045 4348 1391 4419 καθάρσεως.
1434 4351 1522 4405 Ἔν
1551 4354 1662 4425 γάρ
1688 4353 1766 4423 τῷ

176 4443 391 4514 ἀγγείῳ
421 4435 466 4509 ᾧ
492 4441 647 4495 δώσω
671 4441 781 4511 εγὼ
801 4440 879 4512 τῷ
898 4440 1038 4511 Θεῷ,
1072 4444 1131 4495 εν
1164 4442 1357 4514 ὲκείνῳ
1391 4445 1642 4497 ἐπισαλεῖ
1670 4464 1762 4517 μοι

1864 3242 2020 3313 ponit
2056 3241 2323 3295 rationem
2351 3255 2474 3297 cum
2532 3241 2634 3297 eis.
2661 3258 2681 3293 ι
2711 3239 2846 3297 Cum
2876 3241 3106 3297 dixisset
3130 3255 3293 3311 supra
3319 3240 3463 3310 quod

1867 3332 2143 3388 nesciatur
2164 3331 2280 3387 dies
2303 3332 2521 3403 quando
2548 3335 2811 3389 venturus
2832 3333 2904 3389 sit
2924 3332 3215 3397 Dominus,
3240 3334 3465 3405 apponit

1864 3432 1919 3478 et
1949 3422 2260 3493 parabolam
2296 3423 2459 3489 hanc,
2492 3425 2793 3482 ostendens
2824 3426 2970 3496 quod
3007 3434 3229 3497 repente
3265 3435 3463 3481 ventu-

1868 3530 1961 3570 rus
1991 3516 2085 3570 sit.
2125 3513 2281 3571 Sicut
2312 3517 2456 3570 enim
2490 3516 2657 3572 homo
2703 3531 2935 3588 peregre
2961 3517 3348 3589 proﬁciscens,
3384 3518 3461 3573 ita

1866 3619 1922 3662 et
1947 3606 2206 3664 dominus
2241 3608 2464 3665 vocavit
2506 3623 2699 3665 servos
2724 3623 2854 3666 suos
2894 3616 2949 3665 et
2990 3610 3109 3666 hate
3154 3618 3319 3682 atque
3354 3611 3458 3665 ista

1867 3699 2163 3756 commisit.
2218 3697 2454 3770 Peregre
2489 3709 2688 3755 autem
2743 3698 3018 3771 proﬁcisci
3075 3699 3310 3766 dicitur,
3362 3701 3458 3772 qui

1866 3808 2090 3868 propter
2126 3812 2223 3853 nos
2262 3796 2435 3853 factus
2474 3804 2558 3851 est
2601 3796 2768 3852 homo
2808 3793 3097 3863 Christus,
3137 3796 3221 3851 vel
3254 3811 3458 3855 secun-

1868 3888 1996 3942 dum
2044 3886 2188 3957 quod
2229 3886 2478 3943 ascendit
2516 3886 2572 3943 in
2615 3887 2823 3957 cmlos,
2848 3884 2933 3942 vel
2976 3886 3276 3944 secundum
3314 3889 3460 3959 quod

1868 3980 2196 4052 longanimis
2225 3988 2311 4036 est
2347 3988 2406 4036 et
2441 3994 2550 4036 non
2592 3980 2778 4035 statim
2816 3978 2988 4050 exigit
3022 3993 3184 4050 opus,
3220 3979 3317 4036 sed
3359 3994 3462 4036 ex-

1868 4081 2100 4145 spectat.
2136 4071 2294 4128 Servi
2332 4081 2514 4129 autem
2550 4070 2697 4128 illius
2743 4071 2945 4142 quibus
2974 4071 3345 4129 concreditum
3374 4080 3461 4127 est

1869 4164 2141 4221 sermonis
2200 4164 2604 4229 ministerium,
2662 4171 2723 4219 ut
2770 4164 3061 4234 epircopi,
3110 4163 3457 4231 sacerdotes,

1869 4259 2081 4315 diaconi
2111 4267 2163 4313 et
2195 4257 2504 4335 spiritualia
2547 4257 2689 4312 dona
2714 4256 3085 4327 accipientes:
3128 4254 3205 4311 illi
3233 4257 3455 4327 quidem

1867 4349 2044 4422 plura,
2071 4350 2127 4404 hi
2159 4364 2290 4405 vero
2318 4350 2554 4413 minora,
2592 4345 2968 4417 unusquisque
2992 4346 3293 4403 secundum
3324 4360 3459 4417 pro-

1868 4443 2043 4513 priam
2085 4440 2431 4508 facultatem,
2482 4440 2587 4495 hoc
2630 4448 2745 4505 est,
2791 4426 3091 4496 secundum
3142 4453 3458 4494 mensuram

175 4536 279 4608 τὴν
305 4536 514 4609 δωρεὰν
533 4533 728 4588 αὐτοῦ·
761 4536 809 4588 εί
843 4534 1040 4605 μικρὸν
1061 4534 1238 4601 δώσω,
1268 4535 1478 4605 ὀλίγην,
1513 4536 1562 4589 εί
1594 4538 1759 4607 μέγα,

1869 4532 1993 4588 ﬁdei
2023 4541 2077 4587 et
2103 4530 2516 4602 puriﬁcationis.
2545 4528 2603 4586 In
2630 4546 2728 4586 vas
2751 4531 2895 4587 enim
2927 4531 3074 4601 quod
3098 4544 3201 4601 ego
3224 4533 3459 4585 datum

177 4627 405 4698 πολλήν.
459 4626 676 4689 Εὐθέως
726 4624 783 4679 δι
844 4628 874 4679 6
937 4627 1007 4679 τὰ
1042 4623 1204 4679 πέντε
1254 4626 1493 4680 τάλαντα
1552 4616 1757 4693 λαβὼν,

174 4718 431 4773 ἀπελθὼν
453 4717 765 4789 εἰργάσατο.
791 4717 934 4788 Ὅρα
954 4715 1054 4788 τὴν
1079 4716 1392 4787 ἐντρέχειαν
1422 4716 1609 4779 αὐτοῦ,
1643 4719 1761 4783 πῶς

174 4810 329 4864 οὐδεν
360 4809 659 4880 ἠμέλησεν,
682 4807 799 4865 ἀλλ’
816 4807 1018 4871 εὐθέως
1038 4806 1359 4878 είργάσατο,
1386 4807 1761 4873 διπλασιάζων

175 4902 204 4955 ὃ
231 4902 445 4954 ιλασεν.
485 4900 550 4954 '0
570 4900 678 4969 γὰρ
711 4898 786 4973 μὴ
823 4898 984 4967 μόνον
1014 4898 1208 4951 ἑαυτὸν
1237 4897 1486 4967 ὠφελῶν,
1522 4897 1632 4951 εῐτε
1668 4898 1760 4951 l6-

174 5010 273 5062 γον
319 4992 451 5063 ιχοι,
506 4992 616 5044 εἴτε
651 4989 905 5055 πλοῦτον,
938 4990 1049 5043 εῐτε
1078 4989 1398 5046 δυναστείαν
1420 4990 1574 5059 παρά
1605 4989 1760 5059 βασι-

174 5072 381 5149 λεῦσιν,
418 5082 533 5136 εἴτε
570 5081 739 5151 ἀλλην
784 5079 1006 5134 οῑανοῦν
1050 5078 1281 5149 δύναμιν
1312 5078 1345 5149 ἢ
1377 5079 1597 5149 τέχνην,
1621 5076 1761 5131 ἀλλά

174 5177 271 5231 καὶ
293 5163 517 5245 ἐτέρους
544 5172 717 5227 θέλων
742 5152 997 5241 ώφελεϊν,
1031 5170 1061 5223 6
1115 5170 1356 5233 τοιοῦτος
1409 5170 1759 5236 διπλασιάζει

173 5269 235 5322 τὸ
258 5268 414 5322 δοθὶν
442 5265 686 5336 αὐτῷ.⁹0
715 5264 773 5317 δὲ
804 5262 989 5333 χώσας
1018 5262 1082 5316 τδ
1112 5263 1395 5329 τάλαντον,
1426 5264 1577 5316 εστὶν
1598 5265 1627 5317 6
1657 5262 1757 5332 τῆς

175 5359 312 5436 ίδίις
340 5357 500 5429 μόνον
532 5356 803 5426 ὠφελείας
832 5355 1158 5426 φροντίζων,
1184 5356 1279 5410 καὶ
1311 5353 1387 5427 μὴ
1416 5355 1633 5426 καὶτῆς
1650 5354 1760 5409 τῶν

171 5436 381 5513 ἄλλων,
414 5448 475 5511 δς
501 5449 597 5503 καὶ
649 5447 1062 5518 κατακρίνεται.
1107 5447 1267 5502 Ἀλλά
1302 5447 1398 5501 καὶ
1443 5447 1536 5500 ὶάν
1570 5445 1751 5517 εὐφυῆ

175 5541 293 5614 ἴδῃς
322 5541 421 5595 καὶ
457 5540 760 5611 ἐπιτήδειον
805 5539 1114 5611 ἄνθρωπον,
1153 5541 1220 5611 τῇ
1244 5540 1447 5610 εὐφυΐᾳ
1481 5539 1559 5601 είς
1613 5556 1754 5609 πρα-

173 5633 445 5707 γματείας
481 5634 574 5688 καὶ
602 5632 914 5703 δολιότητας
940 5633 1035 5687 καὶ
1057 5630 1220 5704 γήϊνα
1252 5632 1553 5702 πράγματα
1582 5648 1753 5684 κατα-

171 5726 543 5796 χρησάμενον,
575 5722 666 5776 τδν
697 5722 936 5777 τοιοῦτον
968 5722 1092 5777 εἰπε
1128 5720 1425 5794 κατορύξαι
1472 5720 1533 5774 τὸ
1560 5720 1756 5776 τάλαν-

173 5832 265 5871 τον
289 5815 373 5879 είς
399 5811 499 5883 τὴν
529 5810 658 5881 γῆν,
689 5812 993 5876 τουτέστιν,
1024 5814 1101 5873 εις
1135 5813 1204 5864 τά
1234 5812 1331 5881 τῆς
1358 5811 1463 5882 γῆς
1498 5809 1757 5883 πρᾶγμα-

492 5904 764 5965 Fames.
810 5903 926 5965 Gn.
971 5904 1249 5966 CXXIII.

1866 4640 1985 4681 sum
2025 4625 2172 4691 Deo,
2202 4625 2255 4679 in
2292 4623 2423 4679 illud
2456 4624 2638 4680 mittet
2666 4623 2868 4679 donum
2901 4638 3059 4679 suum
3090 4642 3105 4679 :
3145 4623 3192 4678 si
3225 4637 3459 4694 parvum

1866 4716 2067 4771 dedero
2087 4753 2104 4779 ,
2142 4729 2367 4785 parvum
2400 4713 2565 4780 dabit:
2585 4721 2641 4770 et
2668 4714 2787 4785 ipse
2815 4714 3017 4770 donum
3048 4732 3063 4769 :
3096 4715 3141 4767 si
3174 4729 3456 4785 magnum,

1869 4821 2124 4875 maguum
2155 4806 2269 4877 ipse
2296 4821 2517 4877 quoque
2544 4807 2713 4863 dabit.
2742 4806 2939 4863 Statim
2967 4818 3150 4862 autem
3174 4808 3266 4876 qui
3295 4807 3461 4876 quiu-

1865 4910 1973 4966 que
2012 4894 2216 4949 talenta
2252 4906 2571 4964 acceperat,
2606 4896 2742 4962 abiit
2774 4906 2842 4953 et
2874 4906 3134 4966 operatus
3179 4905 3286 4951 est.
3324 4893 3459 4949 Vide

1866 4987 2210 5043 sedulitatem
2265 4988 2447 5053 illius,
2499 4988 2773 5059 quomodo
2825 4988 2960 5043 nihil
3023 4988 3302 5057 neglexit,
3357 4988 3455 5042 sed

1862 5080 2048 5135 statim
2082 5091 2339 5150 operatus
2374 5091 2458 5135 est
2489 5079 2791 5150 duplicans
2809 5078 2953 5147 quod
3000 5089 3309 5148 acceperat.
3346 5077 3454 5145 Qui

1864 5172 2009 5229 enim
2060 5186 2166 5226 non
2200 5171 2373 5226 solum
2404 5174 2509 5227 sibi
2542 5171 2644 5226 soli
2676 5172 2919 5239 prodest,
2954 5169 3070 5225 sivo
3104 5171 3453 5239 prudentiam

1862 5261 2081 5326 habeat,
2106 5260 2221 5315 sive
2251 5260 2489 5325 divitias,
2515 5263 2629 5317 sive
2649 5259 2946 5330 potentiam
2978 5267 3031 5315 et
3061 5258 3453 5316 auctoritatem

1866 5350 2010 5421 apud
2054 5365 2233 5422 reges,
2276 5351 2389 5406 sive
2413 5364 2798 5423 quamcunque
2827 5352 2994 5407 aliam
3036 5351 3120 5407 vel
3157 5358 3329 5405 artem
3364 5348 3453 5405 vel

1862 5443 2197 5510 facultatem,
2230 5446 2324 5499 sed
2362 5455 2419 5499 et
2460 5445 2583 5501 aliis
2619 5444 2735 5500 vult
2781 5446 3081 5516 prodesse,
3130 5444 3177 5499 is
3209 5444 3451 5513 duplicat

1864 5538 2009 5605 quod
2060 5535 2163 5591 sibi
2208 5538 2392 5591 datum
2437 5544 2539 5592 est.
2595 5537 2697 5605 Qui
2744 5536 2909 5610 138
2955 5547 3140 5593 autem
3184 5536 3449 5591 talentum

1862 5626 2000 5681 fodit
2048 5627 2101 5682 in
2152 5636 2392 5693 terram,
2442 5628 2489 5684 is
2533 5630 2749 5699 estqui
2798 5643 2910 5685 sua
2945 5636 3155 5684 tantum
3200 5627 3452 5684 utilitatis

1865 5734 2054 5774 curat.
2085 5717 2272 5787 habet,
2299 5729 2353 5773 et
2379 5734 2489 5774 non
2524 5718 2779 5785 aliorum,
2815 5722 2907 5789 qui
2936 5726 2990 5775 et
3026 5720 3447 5775 condemnatur.

1866 5811 1933 5866 Et
1960 5812 2007 5868 si
2048 5812 2205 5868 bona
2248 5812 2443 5869 mentis
2468 5820 2529 5869 et
2560 5812 2865 5869 studiosum
2906 5813 3187 5868 hominem
3213 5809 3449 5881 videbis,

2980 5902 3055 5967 14
