4080 6336
657 362 762 433 42⁸1

1500 356 2088 422 THEOPH-YLACTI
2128 303 2539 418 BULGAaI/E
2580 349 2935 413 ARCHIEP.

3795 348 3895 411 623

659 488 752 559 qui
792 475 1010 559 ingenio
1051 497 1147 540 suo
1173 481 1239 536 ad
1278 479 1696 550 negotiationes,
1746 477 1896 533 dolos
1916 486 1977 532 et
2009 484 2207 532 terrena

2324 490 2394 527 τα
2414 486 2431 506 ο
2467 463 2606 543 μετὰ
2632 468 2689 523 δὲ
2717 469 2907 542 χρόνον
2928 466 3093 522 πολὺν
3113 464 3332 538 ἔρχεται
3351 467 3379 520 6
3394 465 3518 530 δούς
3539 463 3604 518 τδ
3619 464 3653 520 ἁ
3662 462 3762 534 ργύ
3770 479 3905 534 ρων.

661 593 826 650 opera
864 576 1125 637 abutitur,
1165 572 1229 628 de
1273 570 1360 626 illo
1391 570 1542 624 dicas
1574 568 1716 638 quod
1747 567 2014 623 deioderit
2059 565 2227 622 talen-

637 679 773 724 ‘tum
814 680 968 722 suum
1009 659 1109 720 sub
1150 670 1326 726 terra,
1372 661 1476 716 hoc
1516 668 1633 724 est,
1681 658 1734 711 in
1783 667 1996 712 terrena
2039 671 2222 726 opera.

662 761 790 816 Post
832 757 1056 813 multum
1095 762 1273 810 autem
1321 753 1581 822 temporis
1626 749 1771 805 venit
1827 750 2079 804 dominus
2121 747 2223 819 qui

661 854 881 907 dederat
909 857 1196 921 argentum
1235 846 1316 903 vel
1351 846 1563 916 eloquia
1598 860 1714 899 sua.
1751 843 2042 914 Argentum
2078 841 2222 896 enim

661 941 782 1009 igne
826 937 1152 1007 probatum,
1205 934 1419 1004 eloquia
1475 932 1566 986 Dei
1612 933 1704 987 ":
1762 930 1845 986 vel
1905 929 2225 1009 simpliciter

2337 563 2464 637 ἥτὰ
2495 564 2652 633 λόγια
2695 561 2888 617 αὐτοῦ·
2935 559 3195 633 ἀργύριον
3239 560 3348 629 γὰρ
3398 559 3818 630 πεπυρωμένον,
3843 557 3907 611 τὰ

2335 654 2430 708 τοῦ
2452 652 2589 708 Θεοῦ
2619 653 2797 722 λόγια,
2837 652 2871 723 ἢ
2903 651 3088 714 ἁπλῶς
3115 649 3225 703 πᾶν
3254 649 3436 702 ὁτιοῦν
3467 649 3743 720 χάρισμα,
3773 647 3905 717 λαμ-

2333 747 2469 819 πρὸν
2487 747 2582 800 καὶ
2599 745 2807 812 ἔνδοξον
2831 743 3017 797 ποιοῦν
3038 742 3126 797 τὸν
3151 743 3363 813 ἔχοντα,
3381 741 3645 813 ἀργύριον
3672 738 3903 811 λεχθείη.

2337 839 2448 893 Καὶ
2482 837 2725 909 συναίρει
2753 836 2909 906 λόγον
2962 834 3211 891 ἀπαιτῶν
3254 835 3348 888 καὶ
3385 830 3746 904 λογοπραγῶν
3786 833 3906 897 τούς

2338 931 2624 995 λαϐόντας.

661 1005 840 1083 omne
857 1028 1054 1083 donum
1089 1025 1234 1094 quod
1264 1023 1470 1079 clarum
1501 1030 1559 1077 et
1619 1022 1888 1092 insignem
1927 1022 2055 1075 facit
2089 1005 2417 1089 hominem,
2484 1030 2764 1093 argentum
2815 1019 3018 1073 dictum
3059 1027 3159 1072 est.
3226 1017 3292 1071 Et
3336 1024 3607 1072 convocat
3662 1013 3804 1080 illos,
3849 1027 3905 1070 ut

665 1117 929 1171 rationem
955 1116 1022 1170 ab
1053 1114 1138 1169 bis
1163 1102 1480 1183 quitalenta
1512 1120 1855 1183 acceperant,
1890 1111 2091 1166 audiat.

731 1189 904 1260 Vsus.»
951 1203 1141 1260 15-30.
1187 1221 1205 1256 ι
1252 1204 1317 1257 Et
1351 1203 1611 1259 accedens
1657 1205 1703 1259 is
1753 1202 1842 1274 qui
1879 1204 2114 1272 quinque
2154 1213 2232 1257 tae

659 1299 803 1353 lenta
828 1305 1130 1367 acceperat,
1159 1295 1338 1350 attulit
1361 1297 1463 1350 alia
1489 1297 1727 1365 quinque
1753 1287 1973 1361 talenta,
2003 1294 2187 1350 dicens
2212 1315 2225 1350 :

660 1388 911 1454 Domine,
941 1387 1177 1457 quinque
1206 1386 1403 1442 talenta
1436 1385 1701 1440 tradidisti
1726 1386 1876 1451 mibi,
1905 1401 2032 1441 ecce
2059 1387 2227 1442 altera

663 1481 899 1550 quinque
925 1478 1123 1532 talenta
1163 1477 1405 1532 lucratus
1433 1491 1551 1532 sum
1580 1491 1676 1546 per
1708 1490 1791 1531 ea.
1823 1477 1911 1531 Ait
1943 1476 2018 1530 illi
2045 1475 2226 1531 Domi-

663 1587 763 1626 nus
791 1571 906 1640 ejus
934 1587 948 1623 :
989 1571 1152 1640 Euge,
1189 1582 1344 1625 serve
1378 1569 1516 1623 bone
1547 1578 1603 1622 et
1627 1568 1821 1634 ﬁdelis,
1860 1582 2023 1637 super
2052 1582 2222 1638 pauca

661 1661 808 1716 inisti
849 1661 1056 1728 ﬁdelis,
1100 1675 1260 1729 supra
1297 1659 1462 1715 multa
1497 1669 1550 1716 te
1589 1662 1949 1728 constituam,
1986 1661 2127 1716 intra
2165 1661 2220 1716 in

659 1752 908 1823 gaudium
946 1749 1156 1807 Domini
1203 1751 1298 1805 tui.
1340 1751 1615 1808 Accedens
1663 1761 1838 1806 autem
1875 1753 1964 1821 qui
2005 1753 2112 1808 duo
2139 1761 2220 1806 ta-

2410 1221 2427 1252 ι
2466 1200 2574 1254 Καὶ
2603 1197 2911 1269 προσελθὼν
2943 1199 2970 1249 6
2992 1196 3059 1249 τὰ
3082 1195 3240 1250 πέντε
3263 1195 3499 1250 τάλαντα
3533 1194 3716 1250 λαϐὼν
3740 1213 3905 1269 προσ-

2333 1295 2563 1365 ήνεγκεν
2597 1290 2733 1345 ἄλλα
2765 1289 2928 1343 πέντε
2966 1289 3227 1353 τάλαντα,
3272 1287 3474 1356 λέγων·
3509 1287 3708 1360 Κύριε,
3747 1290 3901 1343 πέντε

2329 1383 2574 1439 τάλαντά
2618 1398 2707 1451 μοι
2759 1381 3120 1452 παρέδωκαςο
3158 1382 3234 1435 ίδε
3287 1380 3423 1434 ἄλλα
3457 1379 3620 1435 πέντε
3669 1381 3902 1436 τάλαντα

2329 1475 2597 1545 ἐκέρδησα
2647 1472 2735 1527 ἐπ’
2793 1474 2995 1536 αὐτοῖς.
3035 1469 3176 1543 Ἔφη
3209 1471 3360 1542 αὐτῷ
3414 1474 3442 1525 6
3473 1471 3680 1544 Κύριος
3709 1456 3897 1527 αὐτοῦ·

2329 1565 2426 1629 Εὐ,
2459 1565 2611 1619 δοῦλε
2645 1564 2816 1632 ἀγαθὲ
2839 1564 2930 1618 καὶ
2965 1564 3143 1628 πιστὲ,
3166 1564 3257 1617 ἐπὶ
3286 1563 3440 1632 ὀλίγα
3471 1560 3538 1635 ἧς
3564 1566 3780 1632 πιστὸς,
3815 1565 3900 1618 ἐπὶ

2331 1657 2537 1711 πολλῶν
2572 1673 2629 1709 σε
2671 1657 3000 1727 καταστήσω
3024 1671 3039 1688 ο
3086 1655 3293 1709 εἴσελθε
3325 1657 3407 1719 είς
3454 1656 3551 1728 τὴν
3603 1658 3782 1728 χαρὰν
3811 1660 3899 1712 τοῦ

2329 1748 2534 1820 Κυρίου
2565 1765 2682 1801 σου.
2720 1747 3040 1818 Προσελθὼν
3074 1747 3130 1800 δὲ
3163 1749 3256 1802 καὶ
3278 1750 3306 1801 6
3327 1748 3394 1802 τὰ
3427 1747 3520 1801 δύο
3548 1749 3789 1803 τάλαντα
3810 1750 3900 1803 λα-

658 1845 802 1897 lcnta
849 1852 1172 1913 acceperat,
1201 1845 1275 1896 ait
1309 1859 1322 1895 :
1370 1841 1594 1897 Domine
1620 1883 1634 1908 ,
1667 1843 1771 1896 duo
1815 1842 2015 1897 talenta
2057 1842 2207 1897 tradit

2328 1840 2457 1904 σὼν,
2490 1837 2630 1894 εἶπε’
2685 1837 2880 1910 Κύριε,
2916 1838 3008 1892 δύο
3037 1839 3274 1894 τάλαντά
3315 1857 3404 1910 μοι
3443 1842 3787 1910 παρέδωκας,
3827 1843 3897 1895 fcie

658 1935 782 1991 disti
815 1935 966 2000 milii,
999 1949 1124 1990 ecce
1159 1935 1262 1988 alia
1302 1934 1408 1988 duo
1449 1935 1687 1988 lucratus
1715 1949 1834 1988 sum
1877 1948 1971 2004 per
2012 1948 2097 1988 ea.
2132 1934 2222 1988 Ait

660 2028 730 2081 illi
749 2026 1004 2081 Dominus
1030 2022 1145 2092 ejus
1171 2041 1186 2080 :
1221 2025 1383 2092 Euge,
1415 2040 1568 2079 serve
1594 2025 1729 2079 bone
1758 2035 1811 2079 et
1840 2023 2032 2089 ﬁdelis,
2061 2039 2222 2095 super

655 2134 822 2188 pauca
846 2116 991 2172 fuisti
1022 2115 1211 2181 ﬁdelis,
1241 2130 1402 2185 supra
1434 2118 1597 2169 muita
1632 2125 1682 2171 te
1703 2119 2050 2183 constituam,
2078 2117 2218 2170 intra

658 2212 709 2265 in
735 2209 981 2280 gaudium
1009 2207 1219 2262 Domini
1242 2207 1336 2262 tui.
1362 2208 1637 2262 Accedens
1660 2216 1837 2262 autem
1865 2217 1918 2263 et
1945 2209 2032 2277 qui
2056 2224 2217 2263 unum

659 2300 915 2354 talentum
953 2307 1254 2367 acceperat,
1280 2289 1353 2351 ait
1383 2315 1395 2351 :
1429 2296 1676 2361 Domine,
1709 2311 1961 2350 noveram
1997 2307 2048 2351 te
2078 2296 2219 2365 quod

657 2392 816 2445 homo
845 2390 1008 2444 durus
1038 2389 1134 2456 sis,
1169 2398 1376 2443 metens
1414 2387 1502 2442 ubi
1533 2402 1634 2441 non
1672 2387 1977 2451 seminasti,
2015 2397 2068 2441 et
2094 2388 2216 2441 inde

655 2494 984 2549 congregans
1014 2479 1104 2534 ubi
1141 2493 1244 2534 non
1272 2478 1538 2548 sparsisti,
1569 2493 1632 2533 ac
1667 2479 1890 2534 territus
1919 2478 2047 2542 abii,
2080 2479 2214 2532 abs-

654 2573 918 2642 condique
965 2569 1221 2625 talentum
1274 2579 1423 2626 tuum
1480 2571 1533 2624 in
1591 2581 1734 2625 terra
1802 2590 1814 2625 :
1869 2585 1995 2625 ecce
2050 2569 2216 2625 habes

655 2662 796 2732 quod
842 2672 988 2716 tuum
1012 2670 1110 2716 est.
1157 2659 1506 2730 Respondens
1545 2671 1722 2716 autem
1767 2661 2026 2716 Dominus
2072 2662 2209 2728 ejus,

655 2756 792 2806 dixit
822 2753 903 2806 ei:
937 2752 1104 2808 Serve
1142 2753 1279 2808 male
1311 2760 1366 2808 et
1393 2753 1563 2821 piger,
1591 2751 1800 2806 sciebas
1838 2753 1982 2820 quod
2017 2760 2214 2808 metam

657 2846 743 2900 ubi
770 2860 870 2898 non
892 2845 1171 2908 seminavi,
1190 2853 1243 2898 et
1265 2857 1582 2914 congregem
1602 2843 1752 2897 illinc
1774 2842 1864 2897 ubi
1891 2858 1994 2897 non
2016 2844 2210 2914 sparsi:

653 2935 886 3004 opo’rtuit
904 2949 1032 3003 ergo
1053 2943 1104 2990 te
1128 2937 1463 2990 committere
1485 2932 1773 3003 pecuniam
1801 2948 1973 2988 meam
2000 2949 2216 2990 mensa-

654 3025 780 3088 riis,
811 3034 864 3080 et
893 3025 1115 3079 veniens
1146 3038 1245 3093 ego
1277 3024 1598 3093 recepissem
1635 3023 1820 3092 utique
1851 3023 2000 3093 quod
2034 3038 2212 3079 meum

654 3126 738 3171 est
780 3131 899 3170 cum
944 3130 1126 3170 usura.
1173 3115 1364 3170 Tollite
1400 3116 1583 3184 itaque
1624 3115 1693 3168 ab
1726 3129 1790 3170 eo
1829 3115 2122 3180 talentum,
2159 3123 2212 3170 et

653 3205 777 3260 date
804 3205 854 3258 ei
879 3205 970 3275 qui
991 3206 1150 3260 habet
1175 3208 1359 3260 decem
1385 3207 1604 3261 talenta.
1629 3204 1791 3262 Omni
1817 3207 1958 3260 enim
1989 3207 2209 3262 babenti

650 3297 887 3364 dabitur,
928 3306 982 3353 et
1007 3296 1298 3352 abundabit
1329 3315 1344 3353 :
1395 3300 1483 3369 qui
1513 3313 1645 3353 vero
1675 3313 1781 3353 non
1809 3298 2004 3366 habet,
2045 3299 2208 3354 etiam

649 3387 792 3458 quod
835 3388 995 3443 habet
1032 3389 1307 3443 auieretur
1348 3389 1417 3443 ab
1460 3403 1543 3444 eo.
1592 3388 1658 3443 Et
1707 3389 1948 3444 inutilem
1994 3404 2207 3445 servum

650 3478 826 3547 ejicite
867 3479 920 3532 in
955 3479 1206 3534 tenebras
1257 3478 1596 3546 exteriores;
1651 3479 1762 3534 illic
1812 3481 1914 3534 erit
1959 3479 2116 3537 ﬁctus
2151 3491 2210 3536 et

650 3567 850 3624 stridor
875 3569 1136 3625 dentium.
1171 3588 1189 3622 ι
1224 3569 1395 3624 Ambo
1422 3570 1475 3625 lii
1507 3572 1597 3641 qui
1636 3571 1687 3625 in
1726 3573 2053 3627 concreditis
2083 3587 2212 3642 ope-

649 3670 865 3727 rantur,
906 3662 1197 3717 laudantur
1226 3678 1256 3716 a
1306 3663 1530 3718 domino
1572 3664 1760 3719 eodem
1806 3666 2002 3720 modo:
2039 3665 2204 3734 Euge,

647 3769 803 3810 serve
844 3754 981 3810 bene
1028 3763 1082 3810 et
1121 3756 1312 3819 ﬁdelis,
1362 3765 1587 3824 uterque
1637 3757 1806 3810 audit.
1855 3756 1957 3811 Per
2006 3757 2206 3812 bonum

649 3855 824 3900 autem
885 3845 974 3901 hic
1019 3848 1253 3900 omnino
1292 3847 1642 3917 intelligimus
1691 3848 2095 3904 misericordem
2152 3860 2205 3904 et

647 3938 940 4004 liberalem,
967 3938 1056 4006 qui
1080 3954 1228 3992 suam
1253 3938 1548 3992 b0nitatetn
1571 3950 1623 3992 et
1652 3939 1912 4006 proximis
1945 3941 2199 4010 inipartit.

643 4027 745 4094 Qui
799 4036 978 4083 autem
1030 4043 1194 4096 super
1220 4043 1408 4098 ,pauca
1463 4027 1649 4082 ﬁdeles
1696 4041 1992 4097 apparent,
2044 4046 2204 4099 super

645 4117 810 4171 inulta
840 4119 1239 4173 constituuntur
1267 4133 1281 4170 :
1311 4133 1374 4170 na
1396 4133 1446 4170 m
1477 4117 1604 4172 licet
1631 4117 1718 4172 hic
1744 4120 1881 4172 dona
1916 4134 2206 4187 consequa-

642 4225 786 4272 mur,
820 4223 881 4262 ea
925 4219 1249 4263 tamencum
1298 4208 1492 4262 futuris
1542 4224 1648 4261 non
1689 4223 1813 4262 sunt
1854 4210 2197 4264 conferenda.

644 4299 908 4354 Gaudium
949 4309 1127 4354 autem
1166 4300 1394 4367 Domini,
1431 4299 1767 4354 incessabilis
1801 4300 2008 4368 latitia,
2040 4317 2198 4368 quam

644 4393 804 4444 liabet
845 4389 987 4446 Deus
1027 4389 1265 4460 gaudens
1303 4391 1354 4444 iu
1391 4391 1644 4460 operibus
1681 4392 1828 4456 suis,
1862 4393 2000 4445 sicut
2035 4392 2198 4445 David

2322 1931 2456 1985 ἄλλα
2475 1930 2568 1983 δύο
2599 1931 2837 1984 τάλαντα
2861 1929 3126 2001 ἐκέρδησα
3156 1931 3242 1983 ἐπ’
3268 1931 3474 1996 αὐτοῖς.
3509 1933 3658 2001 Ἐςρη
3699 1933 3846 2000 αὐτῷ
3872 1934 3901 1988 6

2322 2023 2523 2092 Κύριος
2553 2022 2715 2075 αὐτοῦ
2740 2037 2753 2052 ·
2790 2021 2883 2085 Εὖ,
2914 2022 3065 2074 δοῦλε
3097 2022 3266 2090 ἀγαθὲ
3295 2023 3388 2076 καὶ
3413 2023 3593 2087 πιστὲ,
3626 2026 3720 2076 ἐπὶ
3746 2025 3898 2094 ἐλίγα

2319 2109 2387 2184 ἧς
2411 2113 2620 2177 πιστὸς,
2676 2114 2770 2166 ἐπὶ
2830 2113 3037 2166 πολλῶν
3078 2130 3137 2165 σε
3169 2115 3502 2184 καταστήσω
3528 2131 3542 2145 ο
3581 2115 3792 2168 εἴσελθε
3821 2118 3896 2178 είς

2319 2205 2417 2276 τὴν
2449 2204 2624 2275 χαρὰν
2669 2203 2760 2257 τοῦ
2795 2204 2996 2273 Κυρίου
3039 2223 3158 2258 σου.
3201 2203 3525 2275 Προσελθὼν
3556 2205 3614 2258 δὲ
3659 2207 3755 2259 καὶ
3779 2210 3808 2260 6
3836 2207 3896 2259 τὸ

2319 2298 2375 2350 ἓν
2403 2299 2664 2351 τάλαντον
2720 2296 2976 2366 εἰληφὼς,
3039 2291 3184 2348 εἴπεο
3247 2295 3454 2368 Κύριε,
3491 2297 3664 2364 ἔγνων
3719 2315 3781 2352 σε
3815 2301 3895 2353 δτι

2320 2387 2555 2458 σκληρὸς
2594 2382 2646 2438 εἴ
2672 2386 2977 2456 ἄνθρωπος,
3024 2385 3253 2458 θερίζων
3300 2388 3435 2440 ὅπου
3477 2388 3577 2441 οὐκ
3605 2388 3891 2460 ἔσπειρας,

2318 2478 2412 2532 καὶ
2442 2477 2689 2546 συνάγων
2719 2478 2839 2530 ὅθεν
2886 2477 2946 2530 οὐ
2974 2476 3364 2548 διεσκόρπισας
3387 2517 3402 2542 ,
3460 2478 3558 2533 καὶ
3610 2479 3891 2549 φοῦηθεὶς,

2318 2569 2565 2624 ἀπελθὼν
2597 2567 2809 2639 ἔκρυψα
2833 2568 2893 2621 τὸ
2921 2569 3184 2623 τάλαντόν
3214 2586 3307 2623 σου
3334 2569 3392 2623 ὲν
3421 2572 3485 2641 τῇ
3510 2572 3603 2641 γῆν
3644 2571 3721 2624 rs;
3747 2571 3892 2640 ἔχεις

2316 2663 2376 2716 τὸ
2414 2662 2525 2717 σόν.
2566 2660 2910 2730 Ἀποκριθεὶς
2929 2660 2984 2713 δὲ
3013 2663 3041 2714 6
3065 2659 3270 2732 Κύριος
3309 2661 3495 2729 αὐτοῦ,
3524 2656 3682 2715 εἶπεν
3706 2663 3887 2734 αὐτῷ*

2316 2751 2526 2822 Πονηρὲ
2572 2750 2725 2804 δοῦλε
2754 2752 2849 2803 καὶ⁵
2903 2750 3101 2821 ὀκνηρὲ
3133 2791 3148 2816 ,
3188 2751 3334 2822 ᾔδεις
3387 2753 3468 2805 ὅτι
3502 2751 3706 2822 θερίζω
3758 2755 3889 2806 ἕπου

2319 2845 2420 2898 οὐκ
2481 2843 2730 2914 ἔσπειρα,
2759 2842 2853 2896 καὶ
2883 2843 3101 2911 συνάγω
3123 2843 3246 2897 ὅθεν
3277 2844 3339 2896 οὐ
3369 2843 3753 2915 διεσκόρπισαο
3782 2844 3886 2899 εδει

2314 2930 2408 2989 οῦν
2439 2951 2498 2988 σε
2528 2934 2708 3006 βαλεῖν
2733 2934 2794 2987 τὸ
2827 2933 3088 3005 ἀργύριόν
3111 2951 3212 3004 μου
3246 2939 3356 2998 τοίς
3383 2935 3768 3006 τραπεζίταις,
3795 2936 3888 2990 καὶ

2316 3026 2487 3082 ἐλθὼν
2518 3026 2628 3096 ἐγὼ
2649 3026 2993 3096 ἐκομισάμην
3016 3024 3081 3078 ἂν
3116 3025 3178 3079 τὸ
3207 3026 3337 3094 ιμδν
3370 3027 3466 3079 σὺν
3497 3027 3644 3096 τόκῳ
3666 3043 3682 3058 ’
3714 3026 3883 3097 ἄρατε

2315 3116 2408 3171 οῦν
2436 3115 2530 3170 ἀπ’
2561 3116 2725 3170 αὐτοῦ
2773 3117 2833 3168 τὸ
2867 3117 3146 3182 τάλαντον,
3198 3119 3291 3170 καὶ
3339 3116 3460 3170 δότε
3512 3117 3589 3188 τῷ
3614 3117 3794 3188 ἔχοντι
3818 3120 3885 3170 τὰ

2235 3172 2283 3234 c
2313 3209 2442 3262 δέκα
2475 3209 2736 3264 τάλαντα.
2769 3209 2860 3278 Τῷ
2894 3208 3001 3279 γὰρ
3033 3172 3209 3278 ἔχοντι
3258 3209 3420 3262 παντὶ
3449 3172 3761 3279 δοθίξσεζαι,
3791 3212 3886 3265 καὶ

2314 3299 2842 3372 περισσευθήσεται·
2897 3300 3003 3354 ἀπὸ
3052 3301 3110 3354 δὲ
3150 3300 3243 3353 τοῦ
3296 3283 3370 3371 μη
3412 3301 3651 3371 ἔχοντος,
3709 3304 3805 3356 καὶ
3853 3302 3884 3356 6

2310 3391 2445 3462 ἔχει,
2480 3392 2776 3464 ἀρθήσεται
2829 3391 2924 3444 ἀπ’
2953 3390 3118 3444 αὐτοῦ
3141 3408 3156 3423 θ
3196 3391 3293 3444 καὶ
3323 3393 3412 3445 τὸν
3447 3394 3668 3464 ἀχρείου
3699 3393 3882 3447 δοῦλον

2309 3485 2598 3539 ἐκϐάλλετε
2623 3487 2702 3549 εις
2742 3485 2803 3538 τὸ
2835 3485 3023 3549 σκότος
3069 3484 3130 3538 τὸ
3157 3482 3439 3553 ἐξώτερον,
3499 3487 3617 3538 ἐκεῖ
3661 3485 3820 3539 ἕσται
3852 3487 3881 3539 6

2309 3576 2583 3646 κλαυθμὸς
2639 3578 2733 3629 καὶ
2765 3578 2793 3630 6
2840 3575 3088 3647 βρυγμὸς
3131 3576 3241 3628 τῶν
3297 3575 3551 3630 ὀδόντων.
3586 3595 3607 3628 ι
3664 3576 3733 3629 οι
3782 3577 3882 3647 μὲν

2305 3666 2745 3737 ὲπεργασάμενοι
2796 3669 2909 3730 τοῖς
2952 3666 3205 3734 δοθεῖσιν,
3259 3666 3612 3722 ἔπαινοῦνται
3648 3667 3755 3721 ὐπδ
3788 3667 3877 3722 τοῦ

2306 3760 2565 3812 δεσπότου
2620 3760 2818 3828 ὁμοίως
2864 3757 3189 3828 ἀμφότεροι,
3239 3753 3335 3822 Εὖ,
3367 3756 3520 3812 δοῦλε
3552 3759 3727 3827 ἀγαθὲ
3787 3762 3878 3815 καὶ

2307 3851 2484 3915 πιστὲ,
2520 3851 2776 3920 ἑκάτερος
2811 3849 2991 3903 αὐτῶν
3019 3848 3235 3903 ἁκούων
3256 3864 3271 3880 ο
3310 3848 3512 3916 ἀγαθὸν
3559 3850 3617 3904 δὲ
3642 3850 3875 3905 ἐνταῦθα

2305 3939 2519 4000 πάντως
2538 3938 2627 3990 τὸν
2653 3937 3053 4008 φιλάνθρωπον,
3077 3937 3168 3991 τὸν
3192 3937 3421 4005 ἄφθονον
3432 3937 3685 4009 νοοῦμεν,
3702 3941 3763 4006 ὃς
3781 3944 3875 4014 τὴν

2302 4028 2507 4082 οἰκείαν
2536 4025 2844 4096 άγαθότητα
2894 4026 2988 4079 καὶ
3026 4029 3138 4088 τοῖς
3187 4025 3417 4098 πλησίον
3455 4026 3728 4096 έφαπλοῐ·
3786 4034 3872 4085 ἐπὶ

2304 4120 2462 4187 ὀλίγα
2485 4118 2543 4172 δὲ
2571 4118 2750 4171 πιστοὶ
2796 4119 3075 4185 φανέντες,
3124 4119 3216 4171 ἐπὶ
3239 4117 3447 4173 πολλῶν
3491 4121 3868 4178 καθίστανται.

2301 4213 2411 4266 Καὶ
2440 4211 2548 4282 γὰρ
2610 4212 2658 4263 εί
2703 4209 2797 4262 καὶ
2847 4208 3084 4263 ἐνταῦθα
3141 4211 3498 4281 χαρισμάτων
3548 4215 3869 4284 ἀξιούμεθα,

2299 4305 2447 4373 ὅμως
2492 4304 2645 4356 οὐδέν
2689 4306 2794 4357 εισι
2841 4301 3016 4356 ταῦτα
3066 4305 3203 4374 πρὸς
3251 4305 3317 4357 τὰ
3362 4305 3625 4376 μέλλοντα
3672 4310 3867 4378 ἀγαθά.

2298 4397 2456 4468 Χαρὰ
2474 4397 2532 4451 δὲ
2560 4398 2654 4450 τοῦ
2675 4397 2899 4469 Κυρίου,
2923 4400 2957 4469 ὴ
2978 4397 3213 4469 ἄληκτος
3243 4401 3576 4472 εὐφροσύνη,
3607 4406 3675 4475 ἣν
3702 4408 3814 4478 ἔχει
3842 4411 3868 4462 6

639 4483 767 4537 dicit
793 4482 860 4535 ".
895 4482 1009 4535 Tali
1045 4482 1209 4554 igitur
1239 4482 1433 4552 gaudio
1469 4485 1705 4551 gaudent
1736 4483 1910 4537 sancti
1942 4482 1993 4537 in
2020 4486 2197 4552 operi-

2309 4490 2452 4556 Θεὸς,
2502 4491 2924 4560 εὐφραινόμενος
2975 4491 3067 4544 ἐπὶ
3113 4495 3225 4555 τοῖς
3271 4491 3452 4563 ἔργοις
3486 4495 3680 4562 αὐτοῦ,
3725 4499 3800 4561 ὡς
3839 4501 3866 4552 6

637 4577 736 4630 bus
761 4577 870 4631 suis
902 4576 1180 4630 laetantes:
1215 4575 1354 4628 sicut
1375 4581 1430 4629 et
1453 4585 1644 4631 contra
1673 4586 1986 4645 peccatores
2009 4576 2196 4630 dolent

638 4668 690 4719 in
724 4667 972 4735 operibus
1013 4667 1289 4736 propriis:
1318 4676 1373 4720 et
1418 4667 1588 4722 sancti
1625 4668 1857 4737 gaudent
1899 4669 2041 4737 quod
2085 4677 2191 4724 tam

635 4759 854 4812 divitem
893 4758 1124 4817 habeant
1158 4757 1464 4812 Dominum.
1510 4759 1637 4813 Vide
1667 4768 1845 4814 autem
1883 4760 2024 4828 quod
2060 4769 2114 4814 et
2147 4761 2194 4815 is

633 4851 721 4919 qui
749 4850 1009 4919 quinque,
1037 4861 1089 4904 et
1121 4849 1164 4904 is
1181 4850 1292 4931 __qui‘
1315 4851 1419 4905 duo
1445 4851 1644 4905 talenta
1671 4861 1974 4920 acceperat,
2002 4853 2188 4908 eadem

631 4943 769 4996 liena
803 4931 1218 5010 consequantur.
1241 4941 1473 5020 Quando
1506 4945 1648 4999 enim
1681 4947 1800 5014 quis
1827 4945 1988 5000 etiam
2021 4959 2189 5015 pauca

632 5032 916 5098 acceperit,
955 5032 1115 5102 139
1145 5040 1200 5085 et
1226 5027 1410 5086 datum
1443 5035 1544 5089 sibi
1576 5036 1793 5096 donum,
1819 5035 1944 5090 licet
1967 5050 2188 5102 parvum

631 5121 732 5184 sit,
776 5119 910 5176 bene
941 5126 1284 5191 dispensarit,
1321 5125 1578 5191 aequalem
1610 5126 1866 5181 honorem
1900 5127 2190 5195 adepturus

629 5220 712 5262 est
735 5225 855 5263 cum
878 5227 942 5265 eo
969 5215 1284 5285 qui‘magna
1315 5215 1500 5269 habuit
1534 5225 1587 5268 et
1615 5215 1762 5269 fecit.
1807 5215 2190 5285 Unusquisque

628 5301 770 5355 enim
802 5313 858 5354 ut
893 5306 1180 5372 acceperit,
1216 5308 1284 5360 ila
1311 5315 1362 5359 et
1395 5307 1636 5360 excelsus
1667 5307 1954 5372 videbitur,
1984 5308 2026 5362 si
2052 5307 2188 5363 bene

628 5392 817 5460 egerit.
845 5391 1012 5446 Porro
1035 5397 1176 5450 servi
1202 5398 1338 5467 grati
1370 5398 1439 5450 ita
1477 5397 1754 5456 sc.habent
1779 5418 1791 5454 :
1820 5411 1872 5453 at
1897 5415 2186 5468 pervorsus

625 5492 678 5532 et
731 5486 877 5550 piger
926 5485 1082 5537 aliter
1137 5488 1452 5554 respondet,
1506 5495 1562 5540 et
1609 5496 1664 5540 ut
1715 5503 1774 5542 se
1817 5489 2033 5558 dignum
2079 5500 2181 5544 cst.

628 5570 826 5625 Durum
872 5575 1014 5628 cnim
1071 5576 1345 5630 dominum
1407 5579 1686 5643 nominat,
1745 5580 1884 5635 sicut
1936 5591 1990 5636 et
2043 5597 2186 5636 nunc

695 5754 741 5785 "
772 5751 913 5808 i’sal.
946 5772 1018 5818 xi,
1050 5756 1103 5809 7.
1224 5758 1268 5789 ”
1307 5757 1448 5814 Psal.
1498 5776 1603 5830 Civ,
1647 5762 1700 5817 5.

2300 4582 2461 4635 Δαυῒδ
2493 4581 2661 4650 λέγει.
2700 4582 2967 4653 Τοιαύτην
3000 4577 3093 4636 οὖν
3123 4585 3466 4655 εὐφροσύνην
3487 4586 3864 4656 εὐφραίνονται

2299 4672 2396 4725 καὶ
2424 4673 2474 4725 oi
2504 4673 2650 4739 ἆγιοι
2702 4673 2798 4725 ἐπὶ
2832 4675 2941 4736 τοῖς
2971 4671 3154 4743 ἔργοις
3202 4674 3382 4728 αὐτῶν
3415 4693 3429 4706 ·
3453 4675 3650 4748 ὥσπερ
3697 4677 3792 4734 οὖν
3816 4680 3862 4735 οἱ

2299 4763 2611 4834 ἁμαρτωλοὶ
2641 4763 2936 4818 λυποῦνται
2980 4767 3073 4819 επὶ
3120 4767 3233 4829 τοῖς
3256 4767 3480 4832 οἰκείοις
3521 4768 3736 4839 ἔργοις,
3775 4774 3860 4827 καὶ

2301 4856 2694 4927 μεταμέλονται
2716 4874 2728 4887 ’
2762 4856 2969 4910 καὶτὸν
3001 4857 3207 4929 Κύριον
3237 4858 3295 4912 δὲ
3324 4847 3553 4915 πλοῦτον
3577 4863 3793 4933 ἔχοντες
3815 4868 3857 4920 oi

2296 4947 2462 5016 ἅγιοι,
2493 4949 2772 5018 χαίρουσιν
2795 4949 2880 5000 ἐπ’
2904 4947 3072 5020 αὐτῷ.
3098 4944 3240 5020 Ὅρα
3263 4950 3318 5004 δὲ
3337 4952 3420 5004 ὅτι
3439 4953 3538 5006 καὶ
3563 4955 3592 5007 6
3612 4956 3681 5008 τὰ
3707 4933 3857 5011 πέντε

2290 5039 2527 5093 τάλαντα
2557 5039 2756 5104 λαϐὼν,
2812 5038 2905 5092 καὶ
2932 5040 2961 5092 6
2988 5041 3057 5093 τὰ
3101 5041 3218 5106 δύο,
3269 5042 3383 5098 τῶν
3427 5045 3610 5098 αὐτῶν
3641 5047 3855 5115 ἀγαθῶν

2287 5131 2582 5195 ἀξιοῦνται.
2614 5132 2784 5186 Ὅταν
2821 5133 2930 5203 γάρ
2962 5149 3068 5199 τις,
3123 5135 3218 5187 καὶ
3253 5134 3410 5204 ὀλίγα
3454 5137 3662 5203 λαϐὼν,
3713 5141 3852 5212 ὅμως

2285 5220 2384 5292 τὴν
2400 5220 2648 5274 δοθεῖσαν
2677 5221 2826 5291 αὐτῷ
2855 5222 3040 5292 χάριν,
3073 5221 3176 5277 κᾶν
3212 5225 3387 5296 μικρὰ
3427 5227 3537 5298 εἴη,
3567 5228 3752 5292 καλῶς
3776 5230 3853 5283 oi-

2288 5314 2606 5386 κονομήσῃ,
2669 5315 2792 5385 ἴσην
2850 5315 3014 5387 τιμὴν
3071 5316 3407 5387 ἀπολήψεται
3462 5319 3540 5391 τῷ
3603 5323 3849 5392 μεγάλων

2287 5405 2568 5471 ἀξιωθέντι
2619 5409 2714 5460 καὶ
2772 5407 3199 5478 κατορθώσαντι.
3241 5409 3511 5474 Ἕκαστος
3545 5412 3658 5484 γὰρ
3686 5412 3851 5468 καθ’ὃ

2287 5492 2465 5558 έλαὸε,
2489 5495 2630 5549 κατὰ
2655 5497 2814 5549 τοῦτο
2843 5499 2934 5550 καί
2972 5496 3142 5568 ἄκρος
3168 5497 3335 5565 δοκεῖ,
3385 5501 3482 5554 εὰν
3513 5503 3845 5575 κατορθώσῃ.

2300 5583 2438 5637 Ἀλλ’
2468 5585 2517 5637 οί
2555 5585 2651 5656 μὲν
2688 5587 3041 5657 εὐγνώμονες
3073 5587 3284 5654 δοῦλοι,
3323 5589 3586 5646 τοιοῦτον
3622 5595 3650 5648 6
3673 5593 3730 5649 ἃ
3761 5609 3850 5647 m-
