  <div class='ocr_page' id='page_1' title='image "/cluster/home/n/w/nwhite01/storage/ocr_20150623/123/pst.000005714384/220.png"; bbox 0 0 4080 6336; ppageno 0'>
   <div class='ocr_carea' id='block_1_1' title="bbox 212 421 321 484">
    <p class='ocr_par' dir='ltr' id='par_1_1' title="bbox 212 421 321 484">
     <span class='ocr_line' id='line_1_1' title="bbox 212 421 321 484; baseline 0.009 -1"><span class='ocrx_word' id='word_1_1' title='bbox 212 421 321 484; x_wconf 76' lang='grc'><strong>429</strong></span> 
     </span>
    </p>
   </div>
   <div class='ocr_carea' id='block_1_2' title="bbox 802 412 1792 481">
    <p class='ocr_par' dir='ltr' id='par_1_2' title="bbox 802 412 1792 481">
     <span class='ocr_line' id='line_1_2' title="bbox 802 412 1792 481; baseline -0.007 0"><span class='ocrx_word' id='word_1_2' title='bbox 802 414 1249 481; x_wconf 81' lang='lat' dir='ltr'><strong>ENARRATIO</strong></span> <span class='ocrx_word' id='word_1_3' title='bbox 1289 416 1372 479; x_wconf 85' lang='lat' dir='ltr'><strong>IN</strong></span> <span class='ocrx_word' id='word_1_4' title='bbox 1412 412 1792 479; x_wconf 79' lang='lat' dir='ltr'><strong>EVANGEL]</strong></span> 
     </span>
    </p>
   </div>
   <div class='ocr_carea' id='block_1_3' title="bbox 1898 412 2862 481">
    <p class='ocr_par' dir='ltr' id='par_1_3' title="bbox 1898 413 2862 478">
     <span class='ocr_line' id='line_1_3' title="bbox 1898 413 2862 478; baseline 0.003 -4"><span class='ocrx_word' id='word_1_5' title='bbox 1898 413 2335 477; x_wconf 65' lang='grc' dir='ltr'><strong>[ΜΑΤΤΗΕΙ.</strong></span> <span class='ocrx_word' id='word_1_6' title='bbox 2377 440 2449 452; x_wconf 81' lang='grc'><strong>--</strong></span> <span class='ocrx_word' id='word_1_7' title='bbox 2482 415 2641 476; x_wconf 79' lang='lat' dir='ltr'><strong>CAP.</strong></span> <span class='ocrx_word' id='word_1_8' title='bbox 2684 415 2862 478; x_wconf 86' lang='lat' dir='ltr'><strong>XXV.</strong></span> 
     </span>
    </p>
   </div>
   <div class='ocr_carea' id='block_1_4' title="bbox 3371 417 3485 482">
    <p class='ocr_par' dir='ltr' id='par_1_4' title="bbox 3371 417 3485 482">
     <span class='ocr_line' id='line_1_4' title="bbox 3371 417 3485 482; baseline 0.009 -1"><span class='ocrx_word' id='word_1_9' title='bbox 3371 417 3485 482; x_wconf 68' lang='grc'><strong>430</strong></span> 
     </span>
    </p>
   </div>
   <div class='ocr_carea' id='block_1_5' title="bbox 209 518 1792 615">
    <p class='ocr_par' dir='ltr' id='par_1_5' title="bbox 209 518 1791 615">
     <span class='ocr_line' id='line_1_5' title="bbox 209 518 1791 615; baseline -0.005 -21"><span class='ocrx_word' id='word_1_10' title='bbox 209 542 375 615; x_wconf 57' lang='lat' dir='ltr'><strong>mpm;</strong></span> <span class='ocrx_word' id='word_1_11' title='bbox 439 540 531 594; x_wconf 69' lang='lat' dir='ltr'><strong>xui.</strong></span> <span class='ocrx_word' id='word_1_12' title='bbox 566 537 797 610; x_wconf 78' lang='grc' dir='ltr'><strong>ὀκνηρὸς</strong></span> <span class='ocrx_word' id='word_1_13' title='bbox 848 538 1023 600; x_wconf 82' lang='grc' dir='ltr'><strong>άλλως</strong></span> <span class='ocrx_word' id='word_1_14' title='bbox 1060 536 1430 603; x_wconf 87' lang='grc' dir='ltr'><strong>ἀπολογεῖται,</strong></span> <span class='ocrx_word' id='word_1_15' title='bbox 1467 534 1564 588; x_wconf 79' lang='grc' dir='ltr'><strong>και</strong></span> <span class='ocrx_word' id='word_1_16' title='bbox 1592 518 1791 588; x_wconf 87' lang='grc' dir='ltr'><strong>ἐαυτοῦ</strong></span> 
     </span>
    </p>
   </div>
   <div class='ocr_carea' id='block_1_6' title="bbox 1898 518 3483 615">
    <p class='ocr_par' dir='ltr' id='par_1_6' title="bbox 1898 530 3483 603">
     <span class='ocr_line' id='line_1_6' title="bbox 1898 530 3483 603; baseline 0.001 -15"><span class='ocrx_word' id='word_1_17' title='bbox 1898 532 2053 588; x_wconf 90' lang='lat' dir='ltr'><strong>multi</strong></span> <span class='ocrx_word' id='word_1_18' title='bbox 2099 533 2391 590; x_wconf 86' lang='lat' dir='ltr'><strong>doctorum</strong></span> <span class='ocrx_word' id='word_1_19' title='bbox 2422 533 2633 588; x_wconf 87' lang='lat' dir='ltr'><strong>dicunt.</strong></span> <span class='ocrx_word' id='word_1_20' title='bbox 2686 532 2891 588; x_wconf 88' lang='lat' dir='ltr'><strong>Durum</strong></span> <span class='ocrx_word' id='word_1_21' title='bbox 2928 530 3155 602; x_wconf 81' lang='lat' dir='ltr'><strong>quidem</strong></span> <span class='ocrx_word' id='word_1_22' title='bbox 3197 533 3483 603; x_wconf 80' lang='lat' dir='ltr'><strong>requirere</strong></span> 
     </span>
    </p>
   </div>
   <div class='ocr_carea' id='block_1_7' title="bbox 208 620 1786 700">
    <p class='ocr_par' dir='ltr' id='par_1_7' title="bbox 208 620 1786 700">
     <span class='ocr_line' id='line_1_7' title="bbox 208 620 1786 700; baseline -0.01 -12"><span class='ocrx_word' id='word_1_23' title='bbox 208 632 397 699; x_wconf 81' lang='grc' dir='ltr'><strong>ἀξίως.</strong></span> <span class='ocrx_word' id='word_1_24' title='bbox 427 624 670 700; x_wconf 82' lang='grc' dir='ltr'><strong>Σκληρδν</strong></span> <span class='ocrx_word' id='word_1_25' title='bbox 699 621 808 699; x_wconf 66' lang='grc' dir='ltr'><strong>γάρ</strong></span> <span class='ocrx_word' id='word_1_26' title='bbox 836 627 1095 697; x_wconf 79' lang='grc' dir='ltr'><strong>ὀνομάζει</strong></span> <span class='ocrx_word' id='word_1_27' title='bbox 1128 624 1221 677; x_wconf 82' lang='grc' dir='ltr'><strong>τὸν</strong></span> <span class='ocrx_word' id='word_1_28' title='bbox 1248 622 1536 693; x_wconf 85' lang='grc' dir='ltr'><strong>δεσπότην,</strong></span> <span class='ocrx_word' id='word_1_29' title='bbox 1595 620 1786 690; x_wconf 81' lang='grc' dir='ltr'><strong>ῶσπερ</strong></span> 
     </span>
    </p>
   </div>
   <div class='ocr_carea' id='block_1_8' title="bbox 207 712 1792 784">
    <p class='ocr_par' dir='ltr' id='par_1_8' title="bbox 207 712 1792 784">
     <span class='ocr_line' id='line_1_8' title="bbox 207 712 1792 784; baseline -0.008 -6"><span class='ocrx_word' id='word_1_30' title='bbox 207 726 307 778; x_wconf 76' lang='grc' dir='ltr'><strong>καὶ</strong></span> <span class='ocrx_word' id='word_1_31' title='bbox 354 723 449 777; x_wconf 91' lang='grc' dir='ltr'><strong>νῦν</strong></span> <span class='ocrx_word' id='word_1_32' title='bbox 496 720 682 776; x_wconf 80' lang='grc' dir='ltr'><strong>πολλοὶ</strong></span> <span class='ocrx_word' id='word_1_33' title='bbox 713 721 821 775; x_wconf 86' lang='grc' dir='ltr'><strong>τῶν</strong></span> <span class='ocrx_word' id='word_1_34' title='bbox 852 718 1214 773; x_wconf 81' lang='grc' dir='ltr'><strong>διδασκόντων</strong></span> <span class='ocrx_word' id='word_1_35' title='bbox 1247 716 1486 784; x_wconf 87' lang='grc' dir='ltr'><strong>λέγουσι·</strong></span> <span class='ocrx_word' id='word_1_36' title='bbox 1548 712 1792 784; x_wconf 84' lang='grc' dir='ltr'><strong>Σκληρόν</strong></span> 
     </span>
    </p>
   </div>
   <div class='ocr_carea' id='block_1_9' title="bbox 208 800 1792 884">
    <p class='ocr_par' dir='ltr' id='par_1_9' title="bbox 208 800 1792 884">
     <span class='ocr_line' id='line_1_9' title="bbox 208 800 1792 884; baseline -0.007 -14"><span class='ocrx_word' id='word_1_37' title='bbox 208 817 328 871; x_wconf 82' lang='grc' dir='ltr'><strong>ἐστι</strong></span> <span class='ocrx_word' id='word_1_38' title='bbox 356 814 416 868; x_wconf 82' lang='grc' dir='ltr'><strong>τὸ</strong></span> <span class='ocrx_word' id='word_1_39' title='bbox 466 813 649 884; x_wconf 78' lang='grc' dir='ltr'><strong>ζητεῖν</strong></span> <span class='ocrx_word' id='word_1_40' title='bbox 704 812 858 879; x_wconf 78' lang='grc' dir='ltr'><strong>παρὰ</strong></span> <span class='ocrx_word' id='word_1_41' title='bbox 916 808 1225 881; x_wconf 80' lang='grc' dir='ltr'><strong>ἀνθρώπων</strong></span> <span class='ocrx_word' id='word_1_42' title='bbox 1271 806 1523 877; x_wconf 79' lang='grc' dir='ltr'><strong>ὑπακοὴν</strong></span> <span class='ocrx_word' id='word_1_43' title='bbox 1578 800 1661 869; x_wconf 81' lang='grc' dir='ltr'><strong>οἷς</strong></span> <span class='ocrx_word' id='word_1_44' title='bbox 1689 807 1792 859; x_wconf 75' lang='grc' dir='ltr'><strong>οὐκ</strong></span> 
     </span>
    </p>
   </div>
   <div class='ocr_carea' id='block_1_10' title="bbox 207 896 1791 976">
    <p class='ocr_par' dir='ltr' id='par_1_10' title="bbox 207 896 1791 976">
     <span class='ocr_line' id='line_1_10' title="bbox 207 896 1791 976; baseline -0.006 -17"><span class='ocrx_word' id='word_1_45' title='bbox 207 904 530 976; x_wconf 79' lang='grc' dir='ltr'><strong>ἐνεποίησεν</strong></span> <span class='ocrx_word' id='word_1_46' title='bbox 556 906 585 956; x_wconf 85' lang='grc' dir='ltr'>ὁ</span> <span class='ocrx_word' id='word_1_47' title='bbox 616 902 748 965; x_wconf 83' lang='grc' dir='ltr'><strong>Θεὸς</strong></span> <span class='ocrx_word' id='word_1_48' title='bbox 775 902 838 955; x_wconf 83' lang='grc' dir='ltr'><strong>τὸ</strong></span> <span class='ocrx_word' id='word_1_49' title='bbox 868 900 1133 971; x_wconf 84' lang='grc' dir='ltr'><strong>ὑπήκοον,</strong></span> <span class='ocrx_word' id='word_1_50' title='bbox 1160 899 1287 953; x_wconf 82' lang='grc' dir='ltr'><strong>οὑδέ</strong></span> <span class='ocrx_word' id='word_1_51' title='bbox 1342 898 1663 968; x_wconf 84' lang='grc' dir='ltr'><strong>ἐνέσπειρεν</strong></span> <span class='ocrx_word' id='word_1_52' title='bbox 1691 896 1791 950; x_wconf 84' lang='grc' dir='ltr'><strong>αύ-</strong></span> 
     </span>
    </p>
   </div>
   <div class='ocr_carea' id='block_1_11' title="bbox 205 988 1791 1065">
    <p class='ocr_par' dir='ltr' id='par_1_11' title="bbox 205 988 1791 1065">
     <span class='ocr_line' id='line_1_11' title="bbox 205 988 1791 1065; baseline -0.004 -16"><span class='ocrx_word' id='word_1_53' title='bbox 205 998 324 1059; x_wconf 89' lang='grc' dir='ltr'><strong>τοῖς</strong></span> <span class='ocrx_word' id='word_1_54' title='bbox 356 996 417 1049; x_wconf 82' lang='grc' dir='ltr'><strong>τὸ</strong></span> <span class='ocrx_word' id='word_1_55' title='bbox 469 994 750 1058; x_wconf 80' lang='grc' dir='ltr'><strong>εὐπειθές·</strong></span> <span class='ocrx_word' id='word_1_56' title='bbox 783 991 943 1046; x_wconf 83' lang='grc' dir='ltr'><strong>τοῦτο</strong></span> <span class='ocrx_word' id='word_1_57' title='bbox 980 991 1091 1065; x_wconf 88' lang='grc' dir='ltr'><strong>γὰρ</strong></span> <span class='ocrx_word' id='word_1_58' title='bbox 1132 990 1430 1043; x_wconf 77' lang='grc' dir='ltr'><strong>αἰνίττεται</strong></span> <span class='ocrx_word' id='word_1_59' title='bbox 1464 989 1552 1043; x_wconf 86' lang='grc' dir='ltr'><strong>διά</strong></span> <span class='ocrx_word' id='word_1_60' title='bbox 1576 988 1669 1043; x_wconf 85' lang='grc' dir='ltr'><strong>τοῦ</strong></span> <span class='ocrx_word' id='word_1_61' title='bbox 1709 988 1791 1042; x_wconf 67' lang='grc' dir='ltr'><strong>είς</strong></span> 
     </span>
    </p>
   </div>
   <div class='ocr_carea' id='block_1_12' title="bbox 210 1074 1811 1159">
    <p class='ocr_par' dir='ltr' id='par_1_12' title="bbox 210 1074 1811 1159">
     <span class='ocr_line' id='line_1_12' title="bbox 210 1074 1811 1159; baseline -0.004 -18"><span class='ocrx_word' id='word_1_62' title='bbox 210 1090 332 1141; x_wconf 79' lang='grc' dir='ltr'><strong>πεῖν</strong></span> <span class='ocrx_word' id='word_1_63' title='bbox 354 1103 375 1159; x_wconf 14' lang='grc' dir='ltr'><strong>’ν</strong></span> <span class='ocrx_word' id='word_1_64' title='bbox 403 1087 651 1157; x_wconf 84' lang='grc' dir='ltr'><strong>Θερίζεις</strong></span> <span class='ocrx_word' id='word_1_65' title='bbox 674 1087 807 1139; x_wconf 79' lang='grc' dir='ltr'><strong>ὅπου</strong></span> <span class='ocrx_word' id='word_1_66' title='bbox 854 1085 954 1139; x_wconf 84' lang='grc' dir='ltr'><strong>οὐκ</strong></span> <span class='ocrx_word' id='word_1_67' title='bbox 982 1084 1268 1154; x_wconf 73' lang='grc' dir='ltr'><strong>ἔσπειρας,</strong></span> <span class='ocrx_word' id='word_1_68' title='bbox 1303 1082 1604 1148; x_wconf 79' lang='grc' dir='ltr'><strong>τουτέστιν,</strong></span> <span class='ocrx_word' id='word_1_69' title='bbox 1640 1074 1811 1149; x_wconf 74' lang='grc' dir='ltr'><strong>ᾧτινι’</strong></span> 
     </span>
    </p>
   </div>
   <div class='ocr_carea' id='block_1_13' title="bbox 206 1172 1794 1249">
    <p class='ocr_par' dir='ltr' id='par_1_13' title="bbox 206 1172 1794 1249">
     <span class='ocr_line' id='line_1_13' title="bbox 206 1172 1794 1249; baseline -0.003 -17"><span class='ocrx_word' id='word_1_70' title='bbox 206 1179 309 1232; x_wconf 86' lang='grc' dir='ltr'><strong>οὐκ</strong></span> <span class='ocrx_word' id='word_1_71' title='bbox 331 1179 658 1249; x_wconf 81' lang='grc' dir='ltr'><strong>ἐνὲσπειρας</strong></span> <span class='ocrx_word' id='word_1_72' title='bbox 683 1178 744 1229; x_wconf 81' lang='grc' dir='ltr'><strong>τὸ</strong></span> <span class='ocrx_word' id='word_1_73' title='bbox 764 1176 1036 1242; x_wconf 74' lang='grc' dir='ltr'><strong>εὐπειθὲς,</strong></span> <span class='ocrx_word' id='word_1_74' title='bbox 1055 1175 1308 1237; x_wconf 78' lang='grc' dir='ltr'><strong>ἀπαιτεῖς</strong></span> <span class='ocrx_word' id='word_1_75' title='bbox 1332 1172 1465 1244; x_wconf 91' lang='grc' dir='ltr'><strong>παρ’</strong></span> <span class='ocrx_word' id='word_1_76' title='bbox 1493 1173 1705 1227; x_wconf 84' lang='grc' dir='ltr'><strong>ἐκείνου</strong></span> <span class='ocrx_word' id='word_1_77' title='bbox 1731 1172 1794 1227; x_wconf 84' lang='grc' dir='ltr'><strong>τὸ</strong></span> 
     </span>
    </p>
   </div>
   <div class='ocr_carea' id='block_1_14' title="bbox 208 1267 1792 1343">
    <p class='ocr_par' dir='ltr' id='par_1_14' title="bbox 208 1267 1792 1343">
     <span class='ocr_line' id='line_1_14' title="bbox 208 1267 1792 1343; baseline -0.003 -16"><span class='ocrx_word' id='word_1_78' title='bbox 208 1275 481 1338; x_wconf 84' lang='grc' dir='ltr'><strong>εὐπειθές.</strong></span> <span class='ocrx_word' id='word_1_79' title='bbox 510 1274 700 1341; x_wconf 87' lang='grc' dir='ltr'><strong>Λέγων</strong></span> <span class='ocrx_word' id='word_1_80' title='bbox 739 1272 795 1327; x_wconf 86' lang='grc' dir='ltr'><strong>δέ</strong></span> <span class='ocrx_word' id='word_1_81' title='bbox 835 1272 1068 1343; x_wconf 81' lang='grc' dir='ltr'><strong>σκληρὸν</strong></span> <span class='ocrx_word' id='word_1_82' title='bbox 1093 1270 1185 1324; x_wconf 80' lang='grc' dir='ltr'><strong>τὸν</strong></span> <span class='ocrx_word' id='word_1_83' title='bbox 1233 1268 1503 1338; x_wconf 84' lang='grc' dir='ltr'><strong>δεσπότην</strong></span> <span class='ocrx_word' id='word_1_84' title='bbox 1530 1269 1559 1321; x_wconf 89' lang='grc' dir='ltr'>ό</span> <span class='ocrx_word' id='word_1_85' title='bbox 1584 1267 1792 1336; x_wconf 87' lang='grc' dir='ltr'><strong>δοῦλος,</strong></span> 
     </span>
    </p>
   </div>
   <div class='ocr_carea' id='block_1_15' title="bbox 209 1358 1792 1436">
    <p class='ocr_par' dir='ltr' id='par_1_15' title="bbox 209 1358 1792 1436">
     <span class='ocr_line' id='line_1_15' title="bbox 209 1358 1792 1436; baseline -0.005 -15"><span class='ocrx_word' id='word_1_86' title='bbox 209 1368 402 1421; x_wconf 82' lang='grc' dir='ltr'><strong>ἐαυτὸν</strong></span> <span class='ocrx_word' id='word_1_87' title='bbox 430 1367 768 1436; x_wconf 84' lang='grc' dir='ltr'><strong>κατακρίνει.</strong></span> <span class='ocrx_word' id='word_1_88' title='bbox 814 1364 971 1419; x_wconf 75' lang='grc' dir='ltr'><strong>Ἐπεὶ</strong></span> <span class='ocrx_word' id='word_1_89' title='bbox 1018 1362 1128 1434; x_wconf 88' lang='grc' dir='ltr'><strong>γάρ</strong></span> <span class='ocrx_word' id='word_1_90' title='bbox 1170 1362 1405 1436; x_wconf 78' lang='grc' dir='ltr'><strong>σκληρὸς</strong></span> <span class='ocrx_word' id='word_1_91' title='bbox 1448 1358 1535 1433; x_wconf 78' lang='grc' dir='ltr'><strong>ἦν,</strong></span> <span class='ocrx_word' id='word_1_92' title='bbox 1592 1358 1792 1429; x_wconf 74' lang='grc' dir='ltr'><strong>ὤφειλε</strong></span> 
     </span>
    </p>
   </div>
   <div class='ocr_carea' id='block_1_16' title="bbox 212 1451 1796 1528">
    <p class='ocr_par' dir='ltr' id='par_1_16' title="bbox 212 1451 1796 1528">
     <span class='ocr_line' id='line_1_16' title="bbox 212 1451 1796 1528; baseline -0.003 -17"><span class='ocrx_word' id='word_1_93' title='bbox 212 1458 412 1528; x_wconf 80' lang='grc' dir='ltr'><strong>μᾶλλον</strong></span> <span class='ocrx_word' id='word_1_94' title='bbox 444 1456 856 1525; x_wconf 87' lang='grc' dir='ltr'><strong>ἐπιμελεῖσθαι,</strong></span> <span class='ocrx_word' id='word_1_95' title='bbox 906 1455 983 1519; x_wconf 85' lang='grc' dir='ltr'><strong>ὡς</strong></span> <span class='ocrx_word' id='word_1_96' title='bbox 1018 1453 1252 1526; x_wconf 83' lang='grc' dir='ltr'><strong>σκληρὸν</strong></span> <span class='ocrx_word' id='word_1_97' title='bbox 1282 1456 1375 1509; x_wconf 64' lang='grc' dir='ltr'><strong>καὶ⁵</strong></span> <span class='ocrx_word' id='word_1_98' title='bbox 1418 1453 1606 1522; x_wconf 82' lang='grc' dir='ltr'><strong>ἀπηνῆ</strong></span> <span class='ocrx_word' id='word_1_99' title='bbox 1655 1451 1796 1523; x_wconf 71' lang='grc' dir='ltr'><strong>ἔχων</strong></span> 
     </span>
    </p>
   </div>
   <div class='ocr_carea' id='block_1_17' title="bbox 207 1542 1797 1619">
    <p class='ocr_par' dir='ltr' id='par_1_17' title="bbox 207 1542 1797 1619">
     <span class='ocr_line' id='line_1_17' title="bbox 207 1542 1797 1619; baseline -0.004 -16"><span class='ocrx_word' id='word_1_100' title='bbox 207 1550 500 1618; x_wconf 78' lang='grc' dir='ltr'><strong>δεσπότην.</strong></span> <span class='ocrx_word' id='word_1_101' title='bbox 564 1547 629 1601; x_wconf 81' lang='lat' dir='ltr'><strong>El</strong></span> <span class='ocrx_word' id='word_1_102' title='bbox 678 1549 788 1619; x_wconf 84' lang='grc' dir='ltr'><strong>γὰρ</strong></span> <span class='ocrx_word' id='word_1_103' title='bbox 833 1546 902 1600; x_wconf 89' lang='grc' dir='ltr'><strong>τά</strong></span> <span class='ocrx_word' id='word_1_104' title='bbox 965 1547 1170 1617; x_wconf 87' lang='grc' dir='ltr'><strong>ἐτέρων</strong></span> <span class='ocrx_word' id='word_1_105' title='bbox 1214 1546 1460 1611; x_wconf 87' lang='grc' dir='ltr'><strong>ἀπαιτεῖ,</strong></span> <span class='ocrx_word' id='word_1_106' title='bbox 1496 1543 1697 1615; x_wconf 79' lang='grc' dir='ltr'><strong>μᾶλλον</strong></span> <span class='ocrx_word' id='word_1_107' title='bbox 1726 1542 1797 1597; x_wconf 85' lang='grc' dir='ltr'><strong>τά</strong></span> 
     </span>
    </p>
   </div>
   <div class='ocr_carea' id='block_1_18' title="bbox 207 1632 1797 1710">
    <p class='ocr_par' dir='ltr' id='par_1_18' title="bbox 207 1632 1797 1710">
     <span class='ocr_line' id='line_1_18' title="bbox 207 1632 1797 1710; baseline -0.004 -17"><span class='ocrx_word' id='word_1_108' title='bbox 207 1638 403 1693; x_wconf 83' lang='grc' dir='ltr'><strong>ἐαυτοῦ</strong></span> <span class='ocrx_word' id='word_1_109' title='bbox 466 1639 797 1710; x_wconf 80' lang='grc' dir='ltr'><strong>ἀπαιτήσει·</strong></span> <span class='ocrx_word' id='word_1_110' title='bbox 832 1636 976 1691; x_wconf 84' lang='grc' dir='ltr'><strong>ὥστε</strong></span> <span class='ocrx_word' id='word_1_111' title='bbox 1028 1636 1134 1691; x_wconf 70' lang='grc' dir='ltr'><strong>ἔδει</strong></span> <span class='ocrx_word' id='word_1_112' title='bbox 1189 1638 1282 1691; x_wconf 78' lang='grc' dir='ltr'><strong>καὶ</strong></span> <span class='ocrx_word' id='word_1_113' title='bbox 1318 1636 1377 1689; x_wconf 84' lang='grc' dir='ltr'><strong>σὲ</strong></span> <span class='ocrx_word' id='word_1_114' title='bbox 1433 1636 1727 1708; x_wconf 73' lang='grc' dir='ltr'><strong>πλεονάσαι</strong></span> <span class='ocrx_word' id='word_1_115' title='bbox 1767 1632 1797 1687; x_wconf 86' lang='grc' dir='ltr'>δ</span> 
     </span>
    </p>
   </div>
   <div class='ocr_carea' id='block_1_19' title="bbox 208 1723 1798 1800">
    <p class='ocr_par' dir='ltr' id='par_1_19' title="bbox 208 1723 1798 1800">
     <span class='ocr_line' id='line_1_19' title="bbox 208 1723 1798 1800; baseline -0.002 -15"><span class='ocrx_word' id='word_1_116' title='bbox 208 1731 423 1795; x_wconf 76' lang='grc' dir='ltr'><strong>ἔλαϐες,</strong></span> <span class='ocrx_word' id='word_1_117' title='bbox 468 1732 562 1785; x_wconf 76' lang='grc' dir='ltr'><strong>καὶ</strong></span> <span class='ocrx_word' id='word_1_118' title='bbox 598 1730 820 1798; x_wconf 84' lang='grc' dir='ltr'><strong>ποιῆσαι</strong></span> <span class='ocrx_word' id='word_1_119' title='bbox 853 1729 1124 1800; x_wconf 87' lang='grc' dir='ltr'><strong>μαθητάς,</strong></span> <span class='ocrx_word' id='word_1_120' title='bbox 1162 1729 1258 1799; x_wconf 87' lang='grc' dir='ltr'><strong>ἀφ’</strong></span> <span class='ocrx_word' id='word_1_121' title='bbox 1287 1723 1363 1790; x_wconf 82' lang='grc' dir='ltr'>ὧν</span> <span class='ocrx_word' id='word_1_122' title='bbox 1407 1729 1686 1800; x_wconf 72' lang='grc' dir='ltr'><strong>ἀπῄτησεν</strong></span> <span class='ocrx_word' id='word_1_123' title='bbox 1729 1727 1798 1782; x_wconf 73' lang='grc' dir='ltr'><strong>ἂν</strong></span> 
     </span>
    </p>
   </div>
   <div class='ocr_carea' id='block_1_20' title="bbox 206 1817 1797 1891">
    <p class='ocr_par' dir='ltr' id='par_1_20' title="bbox 206 1817 1797 1891">
     <span class='ocr_line' id='line_1_20' title="bbox 206 1817 1797 1891; baseline -0.004 -16"><span class='ocrx_word' id='word_1_124' title='bbox 206 1823 269 1875; x_wconf 82' lang='grc' dir='ltr'><strong>τὸ</strong></span> <span class='ocrx_word' id='word_1_125' title='bbox 301 1821 652 1891; x_wconf 84' lang='grc' dir='ltr'><strong>ὀφειλόμενον</strong></span> <span class='ocrx_word' id='word_1_126' title='bbox 680 1818 817 1891; x_wconf 78' lang='lat'><strong>(35).</strong></span> <span class='ocrx_word' id='word_1_127' title='bbox 853 1818 1202 1889; x_wconf 88' lang='grc' dir='ltr'><strong>Τραπεζίτας</strong></span> <span class='ocrx_word' id='word_1_128' title='bbox 1230 1818 1341 1889; x_wconf 89' lang='grc' dir='ltr'><strong>γάρ</strong></span> <span class='ocrx_word' id='word_1_129' title='bbox 1388 1820 1513 1881; x_wconf 69' lang='grc' dir='ltr'><strong>τοὺς</strong></span> <span class='ocrx_word' id='word_1_130' title='bbox 1548 1817 1797 1889; x_wconf 85' lang='grc' dir='ltr'><strong>μαθητάς</strong></span> 
     </span>
    </p>
   </div>
   <div class='ocr_carea' id='block_1_21' title="bbox 1897 624 3487 696">
    <p class='ocr_par' dir='ltr' id='par_1_21' title="bbox 1897 624 3487 696">
     <span class='ocr_line' id='line_1_21' title="bbox 1897 624 3487 696; baseline 0.001 -16"><span class='ocrx_word' id='word_1_131' title='bbox 1897 626 1966 681; x_wconf 88' lang='lat' dir='ltr'><strong>ab</strong></span> <span class='ocrx_word' id='word_1_132' title='bbox 1988 625 2301 681; x_wconf 88' lang='lat' dir='ltr'><strong>hominibus</strong></span> <span class='ocrx_word' id='word_1_133' title='bbox 2329 624 2722 690; x_wconf 77' lang='lat' dir='ltr'><strong>obedientiam,</strong></span> <span class='ocrx_word' id='word_1_134' title='bbox 2749 626 2948 696; x_wconf 85' lang='lat' dir='ltr'><strong>quibus</strong></span> <span class='ocrx_word' id='word_1_135' title='bbox 2973 624 3116 680; x_wconf 88' lang='lat' dir='ltr'><strong>Deus</strong></span> <span class='ocrx_word' id='word_1_136' title='bbox 3150 640 3262 681; x_wconf 90' lang='lat' dir='ltr'><strong>non</strong></span> <span class='ocrx_word' id='word_1_137' title='bbox 3290 628 3487 683; x_wconf 88' lang='lat' dir='ltr'><strong>indidit</strong></span> 
     </span>
    </p>
   </div>
   <div class='ocr_carea' id='block_1_22' title="bbox 1894 718 3485 789">
    <p class='ocr_par' dir='ltr' id='par_1_22' title="bbox 1894 718 3485 789">
     <span class='ocr_line' id='line_1_22' title="bbox 1894 718 3485 789; baseline 0.001 -15"><span class='ocrx_word' id='word_1_138' title='bbox 1894 718 2259 774; x_wconf 76' lang='lat' dir='ltr'><strong>obedientiam</strong></span> <span class='ocrx_word' id='word_1_139' title='bbox 2284 726 2337 773; x_wconf 90' lang='lat' dir='ltr'><strong>et</strong></span> <span class='ocrx_word' id='word_1_140' title='bbox 2366 718 2907 789; x_wconf 86' lang='lat' dir='ltr'><strong>persuasibilitatem,</strong></span> <span class='ocrx_word' id='word_1_141' title='bbox 2935 718 3037 772; x_wconf 89' lang='lat' dir='ltr'><strong>hoc</strong></span> <span class='ocrx_word' id='word_1_142' title='bbox 3064 718 3209 773; x_wconf 90' lang='lat' dir='ltr'><strong>enim</strong></span> <span class='ocrx_word' id='word_1_143' title='bbox 3246 718 3485 775; x_wconf 85' lang='lat' dir='ltr'><strong>insinuat</strong></span> 
     </span>
    </p>
   </div>
   <div class='ocr_carea' id='block_1_23' title="bbox 1896 808 3483 877">
    <p class='ocr_par' dir='ltr' id='par_1_23' title="bbox 1896 808 3483 877">
     <span class='ocr_line' id='line_1_23' title="bbox 1896 808 3483 877; baseline 0.001 -14"><span class='ocrx_word' id='word_1_144' title='bbox 1896 808 2087 864; x_wconf 85' lang='lat' dir='ltr'><strong>dicens</strong></span> <span class='ocrx_word' id='word_1_145' title='bbox 2114 827 2129 864; x_wconf 89' lang='lat'><strong>:</strong></span> <span class='ocrx_word' id='word_1_146' title='bbox 2168 808 2326 865; x_wconf 79' lang='lat' dir='ltr'><strong>Metis</strong></span> <span class='ocrx_word' id='word_1_147' title='bbox 2356 809 2446 864; x_wconf 91' lang='lat' dir='ltr'><strong>ubi</strong></span> <span class='ocrx_word' id='word_1_148' title='bbox 2481 822 2593 865; x_wconf 88' lang='lat' dir='ltr'><strong>non</strong></span> <span class='ocrx_word' id='word_1_149' title='bbox 2633 809 2947 877; x_wconf 85' lang='lat' dir='ltr'><strong>seminasti,</strong></span> <span class='ocrx_word' id='word_1_150' title='bbox 2973 809 3076 865; x_wconf 83' lang='lat' dir='ltr'><strong>huc</strong></span> <span class='ocrx_word' id='word_1_151' title='bbox 3105 819 3223 877; x_wconf 85' lang='lat' dir='ltr'><strong>est,</strong></span> <span class='ocrx_word' id='word_1_152' title='bbox 3253 811 3340 865; x_wconf 93' lang='lat' dir='ltr'><strong>cui</strong></span> <span class='ocrx_word' id='word_1_153' title='bbox 3376 827 3483 865; x_wconf 87' lang='lat' dir='ltr'><strong>non</strong></span> 
     </span>
    </p>
   </div>
   <div class='ocr_carea' id='block_1_24' title="bbox 1897 900 3483 971">
    <p class='ocr_par' dir='ltr' id='par_1_24' title="bbox 1897 900 3483 971">
     <span class='ocr_line' id='line_1_24' title="bbox 1897 900 3483 971; baseline 0.001 -15"><span class='ocrx_word' id='word_1_154' title='bbox 1897 902 2096 957; x_wconf 77' lang='lat' dir='ltr'><strong>dedisti</strong></span> <span class='ocrx_word' id='word_1_155' title='bbox 2156 911 2215 955; x_wconf 85' lang='lat' dir='ltr'><strong>ut</strong></span> <span class='ocrx_word' id='word_1_156' title='bbox 2270 900 2557 969; x_wconf 87' lang='lat' dir='ltr'><strong>obediret,</strong></span> <span class='ocrx_word' id='word_1_157' title='bbox 2612 903 2787 971; x_wconf 85' lang='lat' dir='ltr'><strong>exigis</strong></span> <span class='ocrx_word' id='word_1_158' title='bbox 2852 902 2922 957; x_wconf 82' lang='lat' dir='ltr'><strong>ab</strong></span> <span class='ocrx_word' id='word_1_159' title='bbox 2976 901 3069 957; x_wconf 90' lang='lat' dir='ltr'><strong>illo</strong></span> <span class='ocrx_word' id='word_1_160' title='bbox 3126 912 3186 956; x_wconf 93' lang='lat' dir='ltr'><strong>ut</strong></span> <span class='ocrx_word' id='word_1_161' title='bbox 3242 904 3483 957; x_wconf 87' lang='lat' dir='ltr'><strong>obediat.</strong></span> 
     </span>
    </p>
   </div>
   <div class='ocr_carea' id='block_1_25' title="bbox 1901 982 3486 1064">
    <p class='ocr_par' dir='ltr' id='par_1_25' title="bbox 1901 982 3486 1064">
     <span class='ocr_line' id='line_1_25' title="bbox 1901 982 3486 1064; baseline 0.001 -16"><span class='ocrx_word' id='word_1_162' title='bbox 1901 982 2099 1048; x_wconf 82' lang='lat' dir='ltr'><strong>bicens</strong></span> <span class='ocrx_word' id='word_1_163' title='bbox 2156 1003 2337 1049; x_wconf 89' lang='lat' dir='ltr'><strong>autem</strong></span> <span class='ocrx_word' id='word_1_164' title='bbox 2389 993 2587 1049; x_wconf 89' lang='lat' dir='ltr'><strong>durum</strong></span> <span class='ocrx_word' id='word_1_165' title='bbox 2641 990 2949 1049; x_wconf 35' lang='lat' dir='ltr'><strong>dominum&#39;</strong></span> <span class='ocrx_word' id='word_1_166' title='bbox 2991 1009 3181 1051; x_wconf 73' lang='lat' dir='ltr'><strong>servus</strong></span> <span class='ocrx_word' id='word_1_167' title='bbox 3246 993 3486 1064; x_wconf 79' lang='lat' dir='ltr'><strong>seipsum</strong></span> 
     </span>
    </p>
   </div>
   <div class='ocr_carea' id='block_1_26' title="bbox 1895 1085 3490 1157">
    <p class='ocr_par' dir='ltr' id='par_1_26' title="bbox 1895 1085 3490 1157">
     <span class='ocr_line' id='line_1_26' title="bbox 1895 1085 3490 1157; baseline 0.001 -16"><span class='ocrx_word' id='word_1_168' title='bbox 1895 1085 2243 1141; x_wconf 85' lang='lat' dir='ltr'><strong>condemnat.</strong></span> <span class='ocrx_word' id='word_1_169' title='bbox 2302 1085 2440 1141; x_wconf 86' lang='lat' dir='ltr'><strong>Nam</strong></span> <span class='ocrx_word' id='word_1_170' title='bbox 2498 1087 2757 1157; x_wconf 89' lang='lat' dir='ltr'><strong>quoniam</strong></span> <span class='ocrx_word' id='word_1_171' title='bbox 2820 1087 2987 1142; x_wconf 88' lang='lat' dir='ltr'><strong>durus</strong></span> <span class='ocrx_word' id='word_1_172' title='bbox 3041 1099 3196 1154; x_wconf 75' lang='lat' dir='ltr'><strong>erat,</strong></span> <span class='ocrx_word' id='word_1_173' title='bbox 3254 1089 3490 1143; x_wconf 83' lang='lat' dir='ltr'><strong>debebat</strong></span> 
     </span>
    </p>
   </div>
   <div class='ocr_carea' id='block_1_27' title="bbox 1898 1160 3486 1249">
    <p class='ocr_par' dir='ltr' id='par_1_27' title="bbox 1898 1160 3486 1249">
     <span class='ocr_line' id='line_1_27' title="bbox 1898 1160 3486 1249; baseline 0.001 -16"><span class='ocrx_word' id='word_1_174' title='bbox 1898 1177 2073 1249; x_wconf 86' lang='lat' dir='ltr'><strong>magis</strong></span> <span class='ocrx_word' id='word_1_175' title='bbox 2120 1178 2352 1249; x_wconf 75' lang='lat' dir='ltr'><strong>diligens</strong></span> <span class='ocrx_word' id='word_1_176' title='bbox 2402 1192 2564 1244; x_wconf 87' lang='lat' dir='ltr'><strong>esse,</strong></span> <span class='ocrx_word' id='word_1_177' title='bbox 2613 1186 2803 1249; x_wconf 88' lang='lat' dir='ltr'><strong>utpote</strong></span> <span class='ocrx_word' id='word_1_178' title='bbox 2854 1180 3049 1234; x_wconf 89' lang='lat' dir='ltr'><strong>durum</strong></span> <span class='ocrx_word' id='word_1_179' title='bbox 3100 1160 3157 1235; x_wconf 77' lang='lat' dir='ltr'><strong>et</strong></span> <span class='ocrx_word' id='word_1_180' title='bbox 3211 1181 3486 1236; x_wconf 88' lang='lat' dir='ltr'><strong>crudelem</strong></span> 
     </span>
    </p>
   </div>
   <div class='ocr_carea' id='block_1_28' title="bbox 1897 1269 3490 1343">
    <p class='ocr_par' dir='ltr' id='par_1_28' title="bbox 1897 1269 3490 1343">
     <span class='ocr_line' id='line_1_28' title="bbox 1897 1269 3490 1343; baseline 0.001 -17"><span class='ocrx_word' id='word_1_181' title='bbox 1897 1269 2179 1327; x_wconf 87' lang='lat' dir='ltr'><strong>dominum</strong></span> <span class='ocrx_word' id='word_1_182' title='bbox 2231 1274 2479 1326; x_wconf 83' lang='lat' dir='ltr'><strong>sortitus.</strong></span> <span class='ocrx_word' id='word_1_183' title='bbox 2530 1270 2667 1326; x_wconf 84' lang='lat' dir='ltr'><strong>Nam</strong></span> <span class='ocrx_word' id='word_1_184' title='bbox 2721 1272 2766 1326; x_wconf 87' lang='lat' dir='ltr'><strong>si</strong></span> <span class='ocrx_word' id='word_1_185' title='bbox 2822 1272 2999 1327; x_wconf 84' lang='lat' dir='ltr'><strong>aliena</strong></span> <span class='ocrx_word' id='word_1_186' title='bbox 3051 1274 3262 1343; x_wconf 77' lang='lat' dir='ltr'><strong>exigit,</strong></span> <span class='ocrx_word' id='word_1_187' title='bbox 3316 1272 3490 1327; x_wconf 77' lang='lat' dir='ltr'><strong>inulto</strong></span> 
     </span>
    </p>
   </div>
   <div class='ocr_carea' id='block_1_29' title="bbox 1899 1362 3489 1434">
    <p class='ocr_par' dir='ltr' id='par_1_29' title="bbox 1899 1362 3489 1434">
     <span class='ocr_line' id='line_1_29' title="bbox 1899 1362 3489 1434; baseline -0.001 -17"><span class='ocrx_word' id='word_1_188' title='bbox 1899 1363 2073 1434; x_wconf 86' lang='lat' dir='ltr'><strong>magis</strong></span> <span class='ocrx_word' id='word_1_189' title='bbox 2121 1377 2214 1418; x_wconf 81' lang='lat' dir='ltr'><strong>sua</strong></span> <span class='ocrx_word' id='word_1_190' title='bbox 2264 1364 2482 1434; x_wconf 85' lang='lat' dir='ltr'><strong>exiget:</strong></span> <span class='ocrx_word' id='word_1_191' title='bbox 2516 1373 2679 1431; x_wconf 89' lang='lat' dir='ltr'><strong>atque</strong></span> <span class='ocrx_word' id='word_1_192' title='bbox 2719 1362 2792 1417; x_wconf 89' lang='lat' dir='ltr'><strong>ita</strong></span> <span class='ocrx_word' id='word_1_193' title='bbox 2837 1364 3123 1432; x_wconf 77' lang='lat' dir='ltr'><strong>oportebat</strong></span> <span class='ocrx_word' id='word_1_194' title='bbox 3162 1373 3217 1418; x_wconf 90' lang='lat' dir='ltr'><strong>et</strong></span> <span class='ocrx_word' id='word_1_195' title='bbox 3260 1372 3312 1419; x_wconf 92' lang='lat' dir='ltr'><strong>te</strong></span> <span class='ocrx_word' id='word_1_196' title='bbox 3354 1365 3489 1416; x_wconf 82' lang='lat' dir='ltr'><strong>mul-</strong></span> 
     </span>
    </p>
   </div>
   <div class='ocr_carea' id='block_1_30' title="bbox 1900 1453 3488 1527">
    <p class='ocr_par' dir='ltr' id='par_1_30' title="bbox 1900 1453 3488 1527">
     <span class='ocr_line' id='line_1_30' title="bbox 1900 1453 3488 1527; baseline -0.001 -17"><span class='ocrx_word' id='word_1_197' title='bbox 1900 1456 2149 1527; x_wconf 88' lang='lat' dir='ltr'><strong>tiplicare</strong></span> <span class='ocrx_word' id='word_1_198' title='bbox 2198 1470 2323 1526; x_wconf 68' lang='lat' dir='ltr'><strong>quae</strong></span> <span class='ocrx_word' id='word_1_199' title='bbox 2372 1468 2662 1524; x_wconf 82' lang='lat' dir='ltr'><strong>acceperas</strong></span> <span class='ocrx_word' id='word_1_200' title='bbox 2696 1496 2712 1521; x_wconf 90' lang='lat'><strong>,</strong></span> <span class='ocrx_word' id='word_1_201' title='bbox 2766 1464 2823 1509; x_wconf 89' lang='lat' dir='ltr'><strong>et</strong></span> <span class='ocrx_word' id='word_1_202' title='bbox 2877 1453 3057 1508; x_wconf 79' lang='lat' dir='ltr'><strong>facere</strong></span> <span class='ocrx_word' id='word_1_203' title='bbox 3110 1455 3407 1525; x_wconf 86' lang='lat' dir='ltr'><strong>discipulos</strong></span> <span class='ocrx_word' id='word_1_204' title='bbox 3458 1470 3488 1509; x_wconf 72' lang='grc' dir='ltr'><strong>ε</strong></span> 
     </span>
    </p>
   </div>
   <div class='ocr_carea' id='block_1_31' title="bbox 1897 1542 3492 1617">
    <p class='ocr_par' dir='ltr' id='par_1_31' title="bbox 1897 1542 3492 1617">
     <span class='ocr_line' id='line_1_31' title="bbox 1897 1542 3492 1617; baseline -0.001 -16"><span class='ocrx_word' id='word_1_205' title='bbox 1897 1548 2094 1617; x_wconf 87' lang='lat' dir='ltr'><strong>quibus</strong></span> <span class='ocrx_word' id='word_1_206' title='bbox 2123 1546 2361 1601; x_wconf 81' lang='lat' dir='ltr'><strong>debitum</strong></span> <span class='ocrx_word' id='word_1_207' title='bbox 2407 1552 2698 1616; x_wconf 72' lang='lat' dir='ltr'><strong>repeteret.</strong></span> <span class='ocrx_word' id='word_1_208' title='bbox 2736 1542 3144 1600; x_wconf 81' lang='lat' dir='ltr'><strong>Nummularios</strong></span> <span class='ocrx_word' id='word_1_209' title='bbox 3176 1558 3357 1599; x_wconf 84' lang='lat' dir='ltr'><strong>autem</strong></span> <span class='ocrx_word' id='word_1_210' title='bbox 3406 1547 3492 1599; x_wconf 81' lang='lat' dir='ltr'><strong>di-</strong></span> 
     </span>
    </p>
   </div>
   <div class='ocr_carea' id='block_1_32' title="bbox 1898 1639 3490 1710">
    <p class='ocr_par' dir='ltr' id='par_1_32' title="bbox 1898 1639 3490 1710">
     <span class='ocr_line' id='line_1_32' title="bbox 1898 1639 3490 1710; baseline -0.004 -14"><span class='ocrx_word' id='word_1_211' title='bbox 1898 1640 2135 1710; x_wconf 87' lang='lat' dir='ltr'><strong>scipulos</strong></span> <span class='ocrx_word' id='word_1_212' title='bbox 2181 1640 2463 1701; x_wconf 89' lang='lat' dir='ltr'><strong>nominat,</strong></span> <span class='ocrx_word' id='word_1_213' title='bbox 2513 1648 2766 1707; x_wconf 86' lang='lat' dir='ltr'><strong>tanquam</strong></span> <span class='ocrx_word' id='word_1_214' title='bbox 2826 1654 2920 1692; x_wconf 91' lang='lat' dir='ltr'><strong>eos</strong></span> <span class='ocrx_word' id='word_1_215' title='bbox 2971 1639 3061 1707; x_wconf 91' lang='lat' dir='ltr'><strong>qui</strong></span> <span class='ocrx_word' id='word_1_216' title='bbox 3118 1640 3349 1705; x_wconf 85' lang='lat' dir='ltr'><strong>probent</strong></span> <span class='ocrx_word' id='word_1_217' title='bbox 3396 1647 3490 1689; x_wconf 86' lang='lat' dir='ltr'><strong>aut</strong></span> 
     </span>
    </p>
   </div>
   <div class='ocr_carea' id='block_1_33' title="bbox 1902 1724 3490 1801">
    <p class='ocr_par' dir='ltr' id='par_1_33' title="bbox 1902 1724 3490 1801">
     <span class='ocr_line' id='line_1_33' title="bbox 1902 1724 3490 1801; baseline -0.004 -14"><span class='ocrx_word' id='word_1_218' title='bbox 1902 1724 2196 1801; x_wconf 76' lang='lat' dir='ltr'><strong>reprobetit</strong></span> <span class='ocrx_word' id='word_1_219' title='bbox 2229 1745 2535 1786; x_wconf 83' lang='lat' dir='ltr'><strong>sermones.</strong></span> <span class='ocrx_word' id='word_1_220' title='bbox 2581 1728 2784 1785; x_wconf 83' lang='lat' dir='ltr'><strong>Verum</strong></span> <span class='ocrx_word' id='word_1_221' title='bbox 2818 1744 3038 1783; x_wconf 82' lang='lat' dir='ltr'><strong>usuram</strong></span> <span class='ocrx_word' id='word_1_222' title='bbox 3067 1730 3235 1799; x_wconf 77' lang='lat' dir='ltr'><strong>exigit</strong></span> <span class='ocrx_word' id='word_1_223' title='bbox 3265 1743 3294 1781; x_wconf 91' lang='lat' dir='ltr'><strong>a</strong></span> <span class='ocrx_word' id='word_1_224' title='bbox 3329 1730 3490 1781; x_wconf 59' lang='lat' dir='ltr'><strong>disci-</strong></span> 
     </span>
    </p>
   </div>
   <div class='ocr_carea' id='block_1_34' title="bbox 1902 1820 3489 1896">
    <p class='ocr_par' dir='ltr' id='par_1_34' title="bbox 1902 1820 3489 1896">
     <span class='ocr_line' id='line_1_34' title="bbox 1902 1820 3489 1896; baseline -0.003 -18"><span class='ocrx_word' id='word_1_225' title='bbox 1902 1823 2083 1896; x_wconf 84' lang='lat' dir='ltr'><strong>pulis,</strong></span> <span class='ocrx_word' id='word_1_226' title='bbox 2146 1837 2370 1893; x_wconf 90' lang='lat' dir='ltr'><strong>operum</strong></span> <span class='ocrx_word' id='word_1_227' title='bbox 2429 1822 2641 1878; x_wconf 78' lang='lat' dir='ltr'><strong>scilicet</strong></span> <span class='ocrx_word' id='word_1_228' title='bbox 2700 1822 3116 1876; x_wconf 85' lang='lat' dir='ltr'><strong>exbibitionem.</strong></span> <span class='ocrx_word' id='word_1_229' title='bbox 3184 1820 3489 1889; x_wconf 87' lang='lat' dir='ltr'><strong>Discipnlus</strong></span> 
     </span>
    </p>
   </div>
   <div class='ocr_carea' id='block_1_35' title="bbox 207 1890 1792 1985">
    <p class='ocr_par' dir='ltr' id='par_1_35' title="bbox 207 1890 1792 1985">
     <span class='ocr_line' id='line_1_35' title="bbox 207 1890 1792 1985; baseline -0.002 -18"><span class='ocrx_word' id='word_1_230' title='bbox 207 1890 503 1985; x_wconf 66' lang='grc' dir='ltr'><strong>όνομάζει,</strong></span> <span class='ocrx_word' id='word_1_231' title='bbox 534 1914 613 1977; x_wconf 82' lang='grc' dir='ltr'><strong>ὡς</strong></span> <span class='ocrx_word' id='word_1_232' title='bbox 640 1890 1035 1983; x_wconf 63' lang='grc' dir='ltr'><strong>δοκιμάζοντας</strong></span> <span class='ocrx_word' id='word_1_233' title='bbox 1057 1914 1093 1983; x_wconf 79' lang='grc' dir='ltr'>ἢ</span> <span class='ocrx_word' id='word_1_234' title='bbox 1151 1912 1657 1983; x_wconf 67' lang='grc' dir='ltr'><strong>ἀποδοιαμάζοντας</strong></span> <span class='ocrx_word' id='word_1_235' title='bbox 1701 1910 1792 1964; x_wconf 82' lang='grc' dir='ltr'><strong>τὸν</strong></span> 
     </span>
    </p>
   </div>
   <div class='ocr_carea' id='block_1_36' title="bbox 1898 1890 3487 1985">
    <p class='ocr_par' dir='ltr' id='par_1_36' title="bbox 1898 1890 3487 1980">
     <span class='ocr_line' id='line_1_36' title="bbox 1898 1890 3487 1980; baseline -0.006 -9"><span class='ocrx_word' id='word_1_236' title='bbox 1898 1890 2044 1971; x_wconf 75' lang='lat' dir='ltr'><strong>enim</strong></span> <span class='ocrx_word' id='word_1_237' title='bbox 2074 1930 2105 1970; x_wconf 93' lang='lat' dir='ltr'><strong>a</strong></span> <span class='ocrx_word' id='word_1_238' title='bbox 2139 1890 2364 1970; x_wconf 84' lang='lat' dir='ltr'><strong>doctore</strong></span> <span class='ocrx_word' id='word_1_239' title='bbox 2389 1928 2699 1968; x_wconf 82' lang='lat' dir='ltr'><strong>sermonem</strong></span> <span class='ocrx_word' id='word_1_240' title='bbox 2730 1913 3032 1980; x_wconf 83' lang='lat' dir='ltr'><strong>accipiens,</strong></span> <span class='ocrx_word' id='word_1_241' title='bbox 3070 1910 3233 1965; x_wconf 83' lang='lat' dir='ltr'><strong>habet</strong></span> <span class='ocrx_word' id='word_1_242' title='bbox 3264 1911 3487 1980; x_wconf 85' lang='lat' dir='ltr'><strong>quidem</strong></span> 
     </span>
    </p>
   </div>
   <div class='ocr_carea' id='block_1_37' title="bbox 206 2004 1795 2080">
    <p class='ocr_par' dir='ltr' id='par_1_37' title="bbox 206 2004 1795 2080">
     <span class='ocr_line' id='line_1_37' title="bbox 206 2004 1795 2080; baseline -0.001 -21"><span class='ocrx_word' id='word_1_243' title='bbox 206 2007 365 2077; x_wconf 86' lang='grc' dir='ltr'><strong>λόγον</strong></span> <span class='ocrx_word' id='word_1_244' title='bbox 385 2025 399 2039; x_wconf 88' lang='grc'><strong>·</strong></span> <span class='ocrx_word' id='word_1_245' title='bbox 461 2009 619 2062; x_wconf 80' lang='grc' dir='ltr'>τόκον</span> <span class='ocrx_word' id='word_1_246' title='bbox 650 2008 707 2061; x_wconf 80' lang='grc' dir='ltr'><strong>δὲ</strong></span> <span class='ocrx_word' id='word_1_247' title='bbox 760 2008 985 2063; x_wconf 80' lang='grc' dir='ltr'><strong>ἀπαιτεῖ</strong></span> <span class='ocrx_word' id='word_1_248' title='bbox 1036 2008 1188 2080; x_wconf 84' lang='grc' dir='ltr'><strong>παρά</strong></span> <span class='ocrx_word' id='word_1_249' title='bbox 1249 2007 1358 2062; x_wconf 87' lang='grc' dir='ltr'><strong>τῶν</strong></span> <span class='ocrx_word' id='word_1_250' title='bbox 1395 2007 1655 2079; x_wconf 79' lang='grc' dir='ltr'><strong>μαθητῶν</strong></span> <span class='ocrx_word' id='word_1_251' title='bbox 1696 2004 1795 2077; x_wconf 76' lang='grc' dir='ltr'><strong>τὴν</strong></span> 
     </span>
    </p>
   </div>
   <div class='ocr_carea' id='block_1_38' title="bbox 205 2097 1794 2172">
    <p class='ocr_par' dir='ltr' id='par_1_38' title="bbox 205 2097 1794 2172">
     <span class='ocr_line' id='line_1_38' title="bbox 205 2097 1794 2172; baseline -0.002 -19"><span class='ocrx_word' id='word_1_252' title='bbox 205 2101 318 2154; x_wconf 82' lang='grc' dir='ltr'><strong>τῶν</strong></span> <span class='ocrx_word' id='word_1_253' title='bbox 347 2100 524 2169; x_wconf 78' lang='grc' dir='ltr'><strong>ῑργων</strong></span> <span class='ocrx_word' id='word_1_254' title='bbox 562 2099 841 2167; x_wconf 77' lang='grc' dir='ltr'><strong>ἐπίδειξιν.</strong></span> <span class='ocrx_word' id='word_1_255' title='bbox 888 2100 949 2146; x_wconf 76' lang='grc' dir='ltr'><strong>Ὅ</strong></span> <span class='ocrx_word' id='word_1_256' title='bbox 994 2100 1102 2172; x_wconf 87' lang='grc' dir='ltr'><strong>γάρ</strong></span> <span class='ocrx_word' id='word_1_257' title='bbox 1165 2098 1434 2170; x_wconf 79' lang='grc' dir='ltr'><strong>μαθητὴς,</strong></span> <span class='ocrx_word' id='word_1_258' title='bbox 1499 2097 1794 2168; x_wconf 85' lang='grc' dir='ltr'><strong>λαμϐάνων</strong></span> 
     </span>
    </p>
   </div>
   <div class='ocr_carea' id='block_1_39' title="bbox 208 2190 1791 2263">
    <p class='ocr_par' dir='ltr' id='par_1_39' title="bbox 208 2190 1791 2263">
     <span class='ocr_line' id='line_1_39' title="bbox 208 2190 1791 2263; baseline -0.001 -19"><span class='ocrx_word' id='word_1_259' title='bbox 208 2192 363 2262; x_wconf 82' lang='grc' dir='ltr'><strong>παρὰ</strong></span> <span class='ocrx_word' id='word_1_260' title='bbox 382 2191 477 2244; x_wconf 86' lang='grc' dir='ltr'><strong>τοῦ</strong></span> <span class='ocrx_word' id='word_1_261' title='bbox 508 2192 825 2245; x_wconf 80' lang='grc' dir='ltr'><strong>διδασκάλου</strong></span> <span class='ocrx_word' id='word_1_262' title='bbox 849 2192 943 2246; x_wconf 82' lang='grc' dir='ltr'><strong>τὸν</strong></span> <span class='ocrx_word' id='word_1_263' title='bbox 975 2191 1154 2261; x_wconf 90' lang='grc' dir='ltr'><strong>λόγον,</strong></span> <span class='ocrx_word' id='word_1_264' title='bbox 1187 2192 1303 2263; x_wconf 73' lang='grc' dir='ltr'><strong>ἔχει</strong></span> <span class='ocrx_word' id='word_1_265' title='bbox 1336 2191 1439 2261; x_wconf 77' lang='grc' dir='ltr'><strong>μὲν</strong></span> <span class='ocrx_word' id='word_1_266' title='bbox 1480 2192 1575 2245; x_wconf 73' lang='grc' dir='ltr'><strong>καὶ</strong></span> <span class='ocrx_word' id='word_1_267' title='bbox 1607 2190 1791 2253; x_wconf 79' lang='grc' dir='ltr'><strong>αὑτὸν,</strong></span> 
     </span>
    </p>
   </div>
   <div class='ocr_carea' id='block_1_40' title="bbox 207 2278 1794 2354">
    <p class='ocr_par' dir='ltr' id='par_1_40' title="bbox 207 2278 1794 2354">
     <span class='ocr_line' id='line_1_40' title="bbox 207 2278 1794 2354; baseline -0.002 -18"><span class='ocrx_word' id='word_1_268' title='bbox 207 2282 303 2336; x_wconf 77' lang='grc' dir='ltr'><strong>καὶ</strong></span> <span class='ocrx_word' id='word_1_269' title='bbox 335 2283 659 2336; x_wconf 85' lang='grc' dir='ltr'><strong>ἀποδίδωσιν</strong></span> <span class='ocrx_word' id='word_1_270' title='bbox 682 2280 844 2335; x_wconf 65' lang='grc' dir='ltr'><strong>αὑτὸν</strong></span> <span class='ocrx_word' id='word_1_271' title='bbox 892 2281 1187 2354; x_wconf 85' lang='grc' dir='ltr'><strong>ὀλόκληρον</strong></span> <span class='ocrx_word' id='word_1_272' title='bbox 1207 2297 1222 2313; x_wconf 76' lang='grc'><strong>⁸</strong></span> <span class='ocrx_word' id='word_1_273' title='bbox 1250 2280 1573 2352; x_wconf 88' lang='grc' dir='ltr'><strong>προσδίδωσι</strong></span> <span class='ocrx_word' id='word_1_274' title='bbox 1598 2278 1657 2333; x_wconf 83' lang='grc' dir='ltr'><strong>δέ</strong></span> <span class='ocrx_word' id='word_1_275' title='bbox 1697 2280 1794 2333; x_wconf 75' lang='grc' dir='ltr'><strong>καὶ</strong></span> 
     </span>
    </p>
   </div>
   <div class='ocr_carea' id='block_1_41' title="bbox 205 2365 1794 2443">
    <p class='ocr_par' dir='ltr' id='par_1_41' title="bbox 205 2365 1794 2443">
     <span class='ocr_line' id='line_1_41' title="bbox 205 2365 1794 2443; baseline -0.003 -16"><span class='ocrx_word' id='word_1_276' title='bbox 205 2373 366 2427; x_wconf 80' lang='grc' dir='ltr'><strong>τόκον</strong></span> <span class='ocrx_word' id='word_1_277' title='bbox 417 2372 514 2443; x_wconf 82' lang='grc' dir='ltr'><strong>τὴν</strong></span> <span class='ocrx_word' id='word_1_278' title='bbox 550 2371 816 2443; x_wconf 78' lang='grc' dir='ltr'><strong>ἐργασίαν</strong></span> <span class='ocrx_word' id='word_1_279' title='bbox 851 2372 947 2435; x_wconf 82' lang='grc' dir='ltr'><strong>τοῦ</strong></span> <span class='ocrx_word' id='word_1_280' title='bbox 988 2372 1219 2441; x_wconf 81' lang='grc' dir='ltr'><strong>ἀγαθοῦ.</strong></span> <span class='ocrx_word' id='word_1_281' title='bbox 1273 2372 1497 2441; x_wconf 74' lang='grc' dir='ltr'><strong>Ᾱῐρεται</strong></span> <span class='ocrx_word' id='word_1_282' title='bbox 1543 2365 1635 2425; x_wconf 82' lang='grc' dir='ltr'><strong>οῦν</strong></span> <span class='ocrx_word' id='word_1_283' title='bbox 1684 2369 1794 2423; x_wconf 79' lang='grc' dir='ltr'><strong>ἀπὸ</strong></span> 
     </span>
    </p>
   </div>
   <div class='ocr_carea' id='block_1_42' title="bbox 206 2462 1792 2535">
    <p class='ocr_par' dir='ltr' id='par_1_42' title="bbox 206 2462 1792 2535">
     <span class='ocr_line' id='line_1_42' title="bbox 206 2462 1792 2535; baseline -0.001 -19"><span class='ocrx_word' id='word_1_284' title='bbox 206 2462 303 2518; x_wconf 87' lang='grc' dir='ltr'><strong>τοῦ</strong></span> <span class='ocrx_word' id='word_1_285' title='bbox 335 2463 582 2535; x_wconf 73' lang='grc' dir='ltr'><strong>πονηροῦ</strong></span> <span class='ocrx_word' id='word_1_286' title='bbox 600 2463 696 2518; x_wconf 60' lang='grc' dir='ltr'><strong>καὶ⁵</strong></span> <span class='ocrx_word' id='word_1_287' title='bbox 719 2463 952 2535; x_wconf 81' lang='grc' dir='ltr'><strong>δκνηροῦ</strong></span> <span class='ocrx_word' id='word_1_288' title='bbox 989 2464 1177 2519; x_wconf 76' lang='grc' dir='ltr'><strong>δούλου</strong></span> <span class='ocrx_word' id='word_1_289' title='bbox 1202 2463 1261 2519; x_wconf 83' lang='grc' dir='ltr'><strong>τὸ</strong></span> <span class='ocrx_word' id='word_1_290' title='bbox 1289 2464 1558 2535; x_wconf 77' lang='grc' dir='ltr'><strong>χάρισμα.</strong></span> <span class='ocrx_word' id='word_1_291' title='bbox 1597 2462 1657 2516; x_wconf 85' lang='lat'><strong>&#39;0</strong></span> <span class='ocrx_word' id='word_1_292' title='bbox 1682 2463 1792 2534; x_wconf 77' lang='grc' dir='ltr'><strong>γὰρ</strong></span> 
     </span>
    </p>
   </div>
   <div class='ocr_carea' id='block_1_43' title="bbox 205 2555 1792 2629">
    <p class='ocr_par' dir='ltr' id='par_1_43' title="bbox 205 2555 1792 2629">
     <span class='ocr_line' id='line_1_43' title="bbox 205 2555 1792 2629; baseline -0.001 -20"><span class='ocrx_word' id='word_1_293' title='bbox 205 2557 391 2610; x_wconf 87' lang='grc' dir='ltr'><strong>λαϐὼν</strong></span> <span class='ocrx_word' id='word_1_294' title='bbox 422 2558 670 2629; x_wconf 86' lang='grc' dir='ltr'><strong>χάρισμά</strong></span> <span class='ocrx_word' id='word_1_295' title='bbox 696 2575 749 2611; x_wconf 89' lang='grc' dir='ltr'><strong>τι</strong></span> <span class='ocrx_word' id='word_1_296' title='bbox 781 2560 859 2622; x_wconf 84' lang='grc' dir='ltr'><strong>είς</strong></span> <span class='ocrx_word' id='word_1_297' title='bbox 890 2558 951 2611; x_wconf 84' lang='grc' dir='ltr'><strong>τὺ</strong></span> <span class='ocrx_word' id='word_1_298' title='bbox 985 2558 1266 2629; x_wconf 71' lang='grc' dir='ltr'><strong>ὠφελῆσαι</strong></span> <span class='ocrx_word' id='word_1_299' title='bbox 1295 2558 1510 2621; x_wconf 79' lang='grc' dir='ltr'><strong>ἄλλους,</strong></span> <span class='ocrx_word' id='word_1_300' title='bbox 1570 2556 1664 2609; x_wconf 81' lang='grc' dir='ltr'><strong>καὶ</strong></span> <span class='ocrx_word' id='word_1_301' title='bbox 1716 2555 1792 2626; x_wconf 81' lang='grc' dir='ltr'><strong>μή</strong></span> 
     </span>
    </p>
   </div>
   <div class='ocr_carea' id='block_1_44' title="bbox 206 2648 1791 2722">
    <p class='ocr_par' dir='ltr' id='par_1_44' title="bbox 206 2648 1791 2722">
     <span class='ocr_line' id='line_1_44' title="bbox 206 2648 1791 2722; baseline -0.001 -19"><span class='ocrx_word' id='word_1_302' title='bbox 206 2653 548 2722; x_wconf 88' lang='grc' dir='ltr'><strong>κεχρημένος</strong></span> <span class='ocrx_word' id='word_1_303' title='bbox 576 2654 771 2722; x_wconf 85' lang='grc' dir='ltr'><strong>τούτῳ,</strong></span> <span class='ocrx_word' id='word_1_304' title='bbox 795 2653 891 2705; x_wconf 78' lang='grc' dir='ltr'><strong>καὶ</strong></span> <span class='ocrx_word' id='word_1_305' title='bbox 912 2651 1047 2706; x_wconf 80' lang='grc' dir='ltr'><strong>αὐτὸ</strong></span> <span class='ocrx_word' id='word_1_306' title='bbox 1069 2651 1368 2705; x_wconf 89' lang='grc' dir='ltr'><strong>ἀπόλλυσιν</strong></span> <span class='ocrx_word' id='word_1_307' title='bbox 1389 2667 1400 2679; x_wconf 83' lang='lat'><strong><em>°</em></strong></span> <span class='ocrx_word' id='word_1_308' title='bbox 1431 2651 1460 2703; x_wconf 88' lang='grc' dir='ltr'>ό</span> <span class='ocrx_word' id='word_1_309' title='bbox 1484 2649 1541 2703; x_wconf 84' lang='grc' dir='ltr'><strong>δέ</strong></span> <span class='ocrx_word' id='word_1_310' title='bbox 1568 2648 1791 2702; x_wconf 83' lang='grc' dir='ltr'><strong>πλείονα</strong></span> 
     </span>
    </p>
   </div>
   <div class='ocr_carea' id='block_1_45' title="bbox 210 2740 1791 2814">
    <p class='ocr_par' dir='ltr' id='par_1_45' title="bbox 210 2740 1791 2814">
     <span class='ocr_line' id='line_1_45' title="bbox 210 2740 1791 2814; baseline 0.001 -20"><span class='ocrx_word' id='word_1_311' title='bbox 210 2744 452 2814; x_wconf 76' lang='grc' dir='ltr'><strong>σπουδὴν</strong></span> <span class='ocrx_word' id='word_1_312' title='bbox 513 2743 902 2813; x_wconf 80' lang='grc' dir='ltr'><strong>ποιησάμενος,</strong></span> <span class='ocrx_word' id='word_1_313' title='bbox 959 2740 1184 2796; x_wconf 79' lang='grc' dir='ltr'><strong>πλείονα</strong></span> <span class='ocrx_word' id='word_1_314' title='bbox 1226 2744 1531 2797; x_wconf 76' lang='grc' dir='ltr'><strong>ἐπισπᾶται</strong></span> <span class='ocrx_word' id='word_1_315' title='bbox 1565 2744 1659 2795; x_wconf 69' lang='grc' dir='ltr'><strong>καὶ</strong></span> <span class='ocrx_word' id='word_1_316' title='bbox 1691 2740 1791 2813; x_wconf 81' lang='grc' dir='ltr'><strong>τὴν</strong></span> 
     </span>
    </p>
   </div>
   <div class='ocr_carea' id='block_1_46' title="bbox 204 2830 1793 2906">
    <p class='ocr_par' dir='ltr' id='par_1_46' title="bbox 204 2830 1793 2906">
     <span class='ocr_line' id='line_1_46' title="bbox 204 2830 1793 2906; baseline -0.001 -19"><span class='ocrx_word' id='word_1_317' title='bbox 204 2834 439 2905; x_wconf 87' lang='grc' dir='ltr'><strong>δωρεάν.</strong></span> <span class='ocrx_word' id='word_1_318' title='bbox 468 2830 558 2903; x_wconf 82' lang='grc' dir='ltr'><strong>Τῷ</strong></span> <span class='ocrx_word' id='word_1_319' title='bbox 586 2834 693 2905; x_wconf 88' lang='grc' dir='ltr'><strong>γὰρ</strong></span> <span class='ocrx_word' id='word_1_320' title='bbox 744 2832 921 2903; x_wconf 71' lang='grc' dir='ltr'><strong>ἔχοντι</strong></span> <span class='ocrx_word' id='word_1_321' title='bbox 956 2832 1192 2906; x_wconf 78' lang='grc' dir='ltr'><strong>σπουδὴν</strong></span> <span class='ocrx_word' id='word_1_322' title='bbox 1243 2833 1535 2903; x_wconf 82' lang='grc' dir='ltr'><strong>δοθήσεται</strong></span> <span class='ocrx_word' id='word_1_323' title='bbox 1589 2831 1793 2885; x_wconf 89' lang='grc' dir='ltr'><strong>πλείων</strong></span> 
     </span>
    </p>
   </div>
   <div class='ocr_carea' id='block_1_47' title="bbox 204 2925 1795 3001">
    <p class='ocr_par' dir='ltr' id='par_1_47' title="bbox 204 2925 1795 3001">
     <span class='ocr_line' id='line_1_47' title="bbox 204 2925 1795 3001; baseline -0.004 -17"><span class='ocrx_word' id='word_1_324' title='bbox 204 2928 238 2997; x_wconf 76' lang='grc' dir='ltr'><strong>ἡ</strong></span> <span class='ocrx_word' id='word_1_325' title='bbox 268 2930 451 3001; x_wconf 85' lang='grc' dir='ltr'><strong>χάρις,</strong></span> <span class='ocrx_word' id='word_1_326' title='bbox 482 2929 578 2984; x_wconf 81' lang='grc' dir='ltr'><strong>καὶ</strong></span> <span class='ocrx_word' id='word_1_327' title='bbox 609 2927 1100 2999; x_wconf 80' lang='grc' dir='ltr'><strong>περισσευθήσεται</strong></span> <span class='ocrx_word' id='word_1_328' title='bbox 1126 2945 1140 2960; x_wconf 92' lang='grc'><strong>·</strong></span> <span class='ocrx_word' id='word_1_329' title='bbox 1176 2928 1285 2983; x_wconf 83' lang='grc' dir='ltr'><strong>ἀπὸ</strong></span> <span class='ocrx_word' id='word_1_330' title='bbox 1318 2928 1373 2982; x_wconf 88' lang='grc' dir='ltr'><strong>δέ</strong></span> <span class='ocrx_word' id='word_1_331' title='bbox 1413 2928 1506 2981; x_wconf 84' lang='grc' dir='ltr'><strong>τοῦ</strong></span> <span class='ocrx_word' id='word_1_332' title='bbox 1540 2926 1616 2999; x_wconf 81' lang='grc' dir='ltr'><strong>μή</strong></span> <span class='ocrx_word' id='word_1_333' title='bbox 1646 2925 1795 2997; x_wconf 75' lang='grc' dir='ltr'><strong>ἕχον-</strong></span> 
     </span>
    </p>
   </div>
   <div class='ocr_carea' id='block_1_48' title="bbox 1899 2005 3486 2076">
    <p class='ocr_par' dir='ltr' id='par_1_48' title="bbox 1899 2005 3486 2076">
     <span class='ocr_line' id='line_1_48' title="bbox 1899 2005 3486 2076; baseline -0.005 -12"><span class='ocrx_word' id='word_1_334' title='bbox 1899 2010 2049 2064; x_wconf 88' lang='lat' dir='ltr'><strong>illum</strong></span> <span class='ocrx_word' id='word_1_335' title='bbox 2082 2019 2138 2064; x_wconf 87' lang='lat' dir='ltr'><strong>et</strong></span> <span class='ocrx_word' id='word_1_336' title='bbox 2167 2008 2348 2063; x_wconf 86' lang='lat' dir='ltr'><strong>reddit</strong></span> <span class='ocrx_word' id='word_1_337' title='bbox 2390 2008 2698 2076; x_wconf 87' lang='lat' dir='ltr'><strong>integrum,</strong></span> <span class='ocrx_word' id='word_1_338' title='bbox 2742 2005 2893 2061; x_wconf 78' lang='lat' dir='ltr'><strong>addit</strong></span> <span class='ocrx_word' id='word_1_339' title='bbox 2920 2014 3107 2071; x_wconf 77' lang='lat' dir='ltr'><strong>autem</strong></span> <span class='ocrx_word' id='word_1_340' title='bbox 3152 2014 3207 2061; x_wconf 89' lang='lat' dir='ltr'><strong>et</strong></span> <span class='ocrx_word' id='word_1_341' title='bbox 3236 2019 3486 2069; x_wconf 86' lang='lat' dir='ltr'><strong>usuram,</strong></span> 
     </span>
    </p>
   </div>
   <div class='ocr_carea' id='block_1_49' title="bbox 1898 2099 3485 2172">
    <p class='ocr_par' dir='ltr' id='par_1_49' title="bbox 1898 2099 3485 2172">
     <span class='ocr_line' id='line_1_49' title="bbox 1898 2099 3485 2172; baseline -0.004 -15"><span class='ocrx_word' id='word_1_342' title='bbox 1898 2102 2024 2157; x_wconf 89' lang='lat' dir='ltr'><strong>bonl</strong></span> <span class='ocrx_word' id='word_1_343' title='bbox 2071 2102 2466 2172; x_wconf 79' lang='lat' dir='ltr'><strong>operationem.</strong></span> <span class='ocrx_word' id='word_1_344' title='bbox 2501 2099 2739 2155; x_wconf 88' lang='lat' dir='ltr'><strong>Tollitur</strong></span> <span class='ocrx_word' id='word_1_345' title='bbox 2767 2100 2951 2169; x_wconf 88' lang='lat' dir='ltr'><strong>itaque</strong></span> <span class='ocrx_word' id='word_1_346' title='bbox 2996 2114 3025 2152; x_wconf 90' lang='lat' dir='ltr'><strong>a</strong></span> <span class='ocrx_word' id='word_1_347' title='bbox 3068 2099 3213 2154; x_wconf 85' lang='lat' dir='ltr'><strong>malo</strong></span> <span class='ocrx_word' id='word_1_348' title='bbox 3247 2108 3300 2153; x_wconf 90' lang='lat' dir='ltr'><strong>et</strong></span> <span class='ocrx_word' id='word_1_349' title='bbox 3335 2099 3485 2166; x_wconf 77' lang='lat' dir='ltr'><strong>segni</strong></span> 
     </span>
    </p>
   </div>
   <div class='ocr_carea' id='block_1_50' title="bbox 1898 2190 3485 2261">
    <p class='ocr_par' dir='ltr' id='par_1_50' title="bbox 1898 2190 3485 2261">
     <span class='ocr_line' id='line_1_50' title="bbox 1898 2190 3485 2261; baseline -0.004 -12"><span class='ocrx_word' id='word_1_350' title='bbox 1898 2208 2058 2249; x_wconf 85' lang='lat' dir='ltr'><strong>servo</strong></span> <span class='ocrx_word' id='word_1_351' title='bbox 2099 2197 2324 2249; x_wconf 90' lang='lat' dir='ltr'><strong>donum.</strong></span> <span class='ocrx_word' id='word_1_352' title='bbox 2352 2192 2457 2261; x_wconf 87' lang='lat' dir='ltr'><strong>Qui</strong></span> <span class='ocrx_word' id='word_1_353' title='bbox 2486 2194 2633 2250; x_wconf 91' lang='lat' dir='ltr'><strong>enim</strong></span> <span class='ocrx_word' id='word_1_354' title='bbox 2667 2194 2868 2247; x_wconf 90' lang='lat' dir='ltr'><strong>donum</strong></span> <span class='ocrx_word' id='word_1_355' title='bbox 2898 2190 3118 2261; x_wconf 86' lang='lat' dir='ltr'><strong>aliquod</strong></span> <span class='ocrx_word' id='word_1_356' title='bbox 3152 2191 3206 2245; x_wconf 91' lang='lat' dir='ltr'><strong>in</strong></span> <span class='ocrx_word' id='word_1_357' title='bbox 3249 2191 3485 2244; x_wconf 88' lang='lat' dir='ltr'><strong>aliorum</strong></span> 
     </span>
    </p>
   </div>
   <div class='ocr_carea' id='block_1_51' title="bbox 1900 2283 3485 2357">
    <p class='ocr_par' dir='ltr' id='par_1_51' title="bbox 1900 2283 3485 2357">
     <span class='ocr_line' id='line_1_51' title="bbox 1900 2283 3485 2357; baseline -0.005 -15"><span class='ocrx_word' id='word_1_358' title='bbox 1900 2286 2192 2342; x_wconf 83' lang='lat' dir='ltr'><strong>utilitatem</strong></span> <span class='ocrx_word' id='word_1_359' title='bbox 2222 2287 2451 2357; x_wconf 88' lang='lat' dir='ltr'><strong>accepit,</strong></span> <span class='ocrx_word' id='word_1_360' title='bbox 2479 2299 2583 2340; x_wconf 90' lang='lat' dir='ltr'><strong>nec</strong></span> <span class='ocrx_word' id='word_1_361' title='bbox 2605 2299 2671 2339; x_wconf 88' lang='lat' dir='ltr'><strong>eo</strong></span> <span class='ocrx_word' id='word_1_362' title='bbox 2696 2285 2889 2350; x_wconf 91' lang='lat' dir='ltr'><strong>utitur,</strong></span> <span class='ocrx_word' id='word_1_363' title='bbox 2926 2283 3055 2337; x_wconf 89' lang='lat' dir='ltr'><strong>illud</strong></span> <span class='ocrx_word' id='word_1_364' title='bbox 3084 2284 3248 2337; x_wconf 88' lang='lat' dir='ltr'><strong>etiam</strong></span> <span class='ocrx_word' id='word_1_365' title='bbox 3273 2283 3485 2351; x_wconf 87' lang='lat' dir='ltr'><strong>perdit:</strong></span> 
     </span>
    </p>
   </div>
   <div class='ocr_carea' id='block_1_52' title="bbox 1902 2372 3485 2446">
    <p class='ocr_par' dir='ltr' id='par_1_52' title="bbox 1902 2372 3485 2446">
     <span class='ocr_line' id='line_1_52' title="bbox 1902 2372 3485 2446; baseline -0.003 -16"><span class='ocrx_word' id='word_1_366' title='bbox 1902 2377 1993 2445; x_wconf 88' lang='lat' dir='ltr'><strong>qui</strong></span> <span class='ocrx_word' id='word_1_367' title='bbox 2026 2390 2155 2431; x_wconf 85' lang='lat' dir='ltr'><strong>vero</strong></span> <span class='ocrx_word' id='word_1_368' title='bbox 2182 2375 2552 2446; x_wconf 87' lang='lat' dir='ltr'><strong>multiplicare</strong></span> <span class='ocrx_word' id='word_1_369' title='bbox 2583 2376 2793 2439; x_wconf 88' lang='lat' dir='ltr'><strong>studet,</strong></span> <span class='ocrx_word' id='word_1_370' title='bbox 2836 2374 3105 2445; x_wconf 86' lang='lat' dir='ltr'><strong>majorem</strong></span> <span class='ocrx_word' id='word_1_371' title='bbox 3143 2373 3251 2428; x_wconf 87' lang='lat' dir='ltr'><strong>sibi</strong></span> <span class='ocrx_word' id='word_1_372' title='bbox 3294 2372 3485 2427; x_wconf 88' lang='lat' dir='ltr'><strong>conci-</strong></span> 
     </span>
    </p>
   </div>
   <div class='ocr_carea' id='block_1_53' title="bbox 1901 2463 3486 2539">
    <p class='ocr_par' dir='ltr' id='par_1_53' title="bbox 1901 2463 3486 2539">
     <span class='ocr_line' id='line_1_53' title="bbox 1901 2463 3486 2539; baseline -0.004 -16"><span class='ocrx_word' id='word_1_373' title='bbox 1901 2468 2054 2523; x_wconf 86' lang='lat' dir='ltr'><strong>liabit</strong></span> <span class='ocrx_word' id='word_1_374' title='bbox 2084 2468 2332 2539; x_wconf 77' lang='lat' dir='ltr'><strong>gratiam.</strong></span> <span class='ocrx_word' id='word_1_375' title='bbox 2370 2463 2717 2536; x_wconf 77' lang='lat' dir='ltr'><strong>Diligentiam</strong></span> <span class='ocrx_word' id='word_1_376' title='bbox 2753 2467 2900 2522; x_wconf 89' lang='lat' dir='ltr'><strong>enim</strong></span> <span class='ocrx_word' id='word_1_377' title='bbox 2936 2466 3222 2521; x_wconf 87' lang='lat' dir='ltr'><strong>adhibenti</strong></span> <span class='ocrx_word' id='word_1_378' title='bbox 3265 2465 3486 2520; x_wconf 79' lang='lat' dir='ltr'><strong>dabitur</strong></span> 
     </span>
    </p>
   </div>
   <div class='ocr_carea' id='block_1_54' title="bbox 1903 2554 3484 2626">
    <p class='ocr_par' dir='ltr' id='par_1_54' title="bbox 1903 2554 3484 2626">
     <span class='ocr_line' id='line_1_54' title="bbox 1903 2554 3484 2626; baseline -0.003 -15"><span class='ocrx_word' id='word_1_379' title='bbox 1903 2555 2075 2625; x_wconf 81' lang='lat' dir='ltr'><strong>major</strong></span> <span class='ocrx_word' id='word_1_380' title='bbox 2104 2556 2299 2625; x_wconf 88' lang='lat' dir='ltr'><strong>gratia,</strong></span> <span class='ocrx_word' id='word_1_381' title='bbox 2330 2555 2415 2626; x_wconf 52' lang='lat' dir='ltr'><strong>,ita</strong></span> <span class='ocrx_word' id='word_1_382' title='bbox 2446 2565 2506 2609; x_wconf 93' lang='lat' dir='ltr'><strong>ut</strong></span> <span class='ocrx_word' id='word_1_383' title='bbox 2549 2554 2806 2611; x_wconf 83' lang='lat' dir='ltr'><strong>abundet.</strong></span> <span class='ocrx_word' id='word_1_384' title='bbox 2851 2554 3102 2610; x_wconf 85' lang='lat' dir='ltr'><strong>Studium</strong></span> <span class='ocrx_word' id='word_1_385' title='bbox 3142 2565 3327 2610; x_wconf 89' lang='lat' dir='ltr'><strong>autem</strong></span> <span class='ocrx_word' id='word_1_386' title='bbox 3379 2570 3484 2609; x_wconf 90' lang='lat' dir='ltr'><strong>non</strong></span> 
     </span>
    </p>
   </div>
   <div class='ocr_carea' id='block_1_55' title="bbox 1903 2644 3485 2715">
    <p class='ocr_par' dir='ltr' id='par_1_55' title="bbox 1903 2644 3485 2715">
     <span class='ocr_line' id='line_1_55' title="bbox 1903 2644 3485 2715; baseline 0.001 -18"><span class='ocrx_word' id='word_1_387' title='bbox 1903 2644 2189 2712; x_wconf 85' lang='lat' dir='ltr'><strong>adhibens,</strong></span> <span class='ocrx_word' id='word_1_388' title='bbox 2220 2656 2279 2700; x_wconf 91' lang='lat' dir='ltr'><strong>et</strong></span> <span class='ocrx_word' id='word_1_389' title='bbox 2314 2647 2458 2700; x_wconf 90' lang='lat' dir='ltr'><strong>dono</strong></span> <span class='ocrx_word' id='word_1_390' title='bbox 2492 2646 2634 2714; x_wconf 89' lang='lat' dir='ltr'><strong>quod</strong></span> <span class='ocrx_word' id='word_1_391' title='bbox 2667 2646 2885 2701; x_wconf 86' lang='lat' dir='ltr'><strong>videtur</strong></span> <span class='ocrx_word' id='word_1_392' title='bbox 2926 2647 3129 2701; x_wconf 86' lang='lat' dir='ltr'><strong>habere</strong></span> <span class='ocrx_word' id='word_1_393' title='bbox 3158 2645 3485 2715; x_wconf 85' lang='lat' dir='ltr'><strong>privabitur.</strong></span> 
     </span>
    </p>
   </div>
   <div class='ocr_carea' id='block_1_56' title="bbox 1902 2735 3491 2810">
    <p class='ocr_par' dir='ltr' id='par_1_56' title="bbox 1902 2735 3491 2810">
     <span class='ocr_line' id='line_1_56' title="bbox 1902 2735 3491 2810; baseline 0.001 -19"><span class='ocrx_word' id='word_1_394' title='bbox 1902 2735 2191 2808; x_wconf 84' lang='lat' dir='ltr'><strong>Negligens</strong></span> <span class='ocrx_word' id='word_1_395' title='bbox 2229 2739 2411 2806; x_wconf 90' lang='lat' dir='ltr'><strong>enim,</strong></span> <span class='ocrx_word' id='word_1_396' title='bbox 2456 2748 2512 2793; x_wconf 91' lang='lat' dir='ltr'><strong>et</strong></span> <span class='ocrx_word' id='word_1_397' title='bbox 2554 2740 2647 2810; x_wconf 89' lang='lat' dir='ltr'><strong>qui</strong></span> <span class='ocrx_word' id='word_1_398' title='bbox 2694 2751 2800 2794; x_wconf 83' lang='lat' dir='ltr'><strong>non</strong></span> <span class='ocrx_word' id='word_1_399' title='bbox 2844 2752 3104 2810; x_wconf 85' lang='lat' dir='ltr'><strong>operatur</strong></span> <span class='ocrx_word' id='word_1_400' title='bbox 3135 2754 3230 2809; x_wconf 90' lang='lat' dir='ltr'><strong>per</strong></span> <span class='ocrx_word' id='word_1_401' title='bbox 3274 2755 3337 2794; x_wconf 91' lang='lat' dir='ltr'><strong>ea</strong></span> <span class='ocrx_word' id='word_1_402' title='bbox 3367 2754 3491 2810; x_wconf 68' lang='lat' dir='ltr'><strong>quae</strong></span> 
     </span>
    </p>
   </div>
   <div class='ocr_carea' id='block_1_57' title="bbox 1901 2830 3484 2899">
    <p class='ocr_par' dir='ltr' id='par_1_57' title="bbox 1901 2830 3484 2899">
     <span class='ocr_line' id='line_1_57' title="bbox 1901 2830 3484 2899; baseline 0.003 -17"><span class='ocrx_word' id='word_1_403' title='bbox 1901 2830 2133 2899; x_wconf 84' lang='lat' dir='ltr'><strong>accepit,</strong></span> <span class='ocrx_word' id='word_1_404' title='bbox 2188 2845 2295 2884; x_wconf 88' lang='lat' dir='ltr'><strong>non</strong></span> <span class='ocrx_word' id='word_1_405' title='bbox 2341 2830 2503 2886; x_wconf 83' lang='lat' dir='ltr'><strong>habet</strong></span> <span class='ocrx_word' id='word_1_406' title='bbox 2551 2832 2791 2899; x_wconf 89' lang='lat' dir='ltr'><strong>donum,</strong></span> <span class='ocrx_word' id='word_1_407' title='bbox 2831 2833 2927 2889; x_wconf 79' lang='lat' dir='ltr'><strong>sed</strong></span> <span class='ocrx_word' id='word_1_408' title='bbox 2973 2833 3187 2888; x_wconf 82' lang='lat' dir='ltr'><strong>videtur</strong></span> <span class='ocrx_word' id='word_1_409' title='bbox 3239 2833 3484 2888; x_wconf 85' lang='lat' dir='ltr'><strong>habere:</strong></span> 
     </span>
    </p>
   </div>
   <div class='ocr_carea' id='block_1_58' title="bbox 1904 2923 2811 2995">
    <p class='ocr_par' dir='ltr' id='par_1_58' title="bbox 1904 2923 2811 2995">
     <span class='ocr_line' id='line_1_58' title="bbox 1904 2923 2811 2995; baseline 0.003 -18"><span class='ocrx_word' id='word_1_410' title='bbox 1904 2939 2027 2977; x_wconf 84' lang='lat' dir='ltr'><strong>nam</strong></span> <span class='ocrx_word' id='word_1_411' title='bbox 2063 2923 2297 2993; x_wconf 86' lang='lat' dir='ltr'><strong>perdidit</strong></span> <span class='ocrx_word' id='word_1_412' title='bbox 2328 2938 2426 2979; x_wconf 80' lang='lat' dir='ltr'><strong>sua</strong></span> <span class='ocrx_word' id='word_1_413' title='bbox 2459 2924 2811 2995; x_wconf 84' lang='lat' dir='ltr'><strong>negligentia.</strong></span> 
     </span>
    </p>
   </div>
   <div class='ocr_carea' id='block_1_59' title="bbox 204 3016 3489 3094">
    <p class='ocr_par' dir='ltr' id='par_1_59' title="bbox 204 3016 3489 3094">
     <span class='ocr_line' id='line_1_59' title="bbox 204 3016 3489 3094; baseline 0 -21"><span class='ocrx_word' id='word_1_414' title='bbox 204 3039 296 3085; x_wconf 78' lang='grc' dir='ltr'><strong>τος</strong></span> <span class='ocrx_word' id='word_1_415' title='bbox 332 3022 568 3094; x_wconf 81' lang='grc' dir='ltr'><strong>σπουδὴν</strong></span> <span class='ocrx_word' id='word_1_416' title='bbox 621 3022 801 3075; x_wconf 79' lang='grc' dir='ltr'><strong>καὶτὸ</strong></span> <span class='ocrx_word' id='word_1_417' title='bbox 828 3022 1078 3094; x_wconf 82' lang='grc' dir='ltr'><strong>χάρισμα</strong></span> <span class='ocrx_word' id='word_1_418' title='bbox 1116 3022 1145 3076; x_wconf 86' lang='grc' dir='ltr'>δ</span> <span class='ocrx_word' id='word_1_419' title='bbox 1171 3023 1321 3076; x_wconf 82' lang='grc' dir='ltr'><strong>δοκεῖ</strong></span> <span class='ocrx_word' id='word_1_420' title='bbox 1350 3020 1518 3092; x_wconf 79' lang='grc' dir='ltr'><strong>ἐχειν,</strong></span> <span class='ocrx_word' id='word_1_421' title='bbox 1552 3020 1855 3091; x_wconf 80' lang='grc' dir='ltr'><strong>ἀρθήσεται</strong></span> <span class='ocrx_word' id='word_1_422' title='bbox 1878 3033 1891 3048; x_wconf 73' lang='grc'><strong><em>⁸</em></strong></span> <span class='ocrx_word' id='word_1_423' title='bbox 1966 3017 1995 3070; x_wconf 85' lang='grc' dir='ltr'>ό</span> <span class='ocrx_word' id='word_1_424' title='bbox 2058 3016 2168 3088; x_wconf 78' lang='grc' dir='ltr'><strong>γὰρ</strong></span> <span class='ocrx_word' id='word_1_425' title='bbox 2229 3035 2304 3088; x_wconf 92' lang='grc' dir='ltr'><strong>μη</strong></span> <span class='ocrx_word' id='word_1_426' title='bbox 2337 3017 2574 3088; x_wconf 78' lang='grc' dir='ltr'><strong>σπουδὴν</strong></span> <span class='ocrx_word' id='word_1_427' title='bbox 2621 3018 2783 3089; x_wconf 72' lang='grc' dir='ltr'><strong>ἔχων,</strong></span> <span class='ocrx_word' id='word_1_428' title='bbox 2850 3018 2986 3090; x_wconf 82' lang='grc' dir='ltr'><strong>μηδὲ</strong></span> <span class='ocrx_word' id='word_1_429' title='bbox 3018 3021 3489 3091; x_wconf 83' lang='grc' dir='ltr'><strong>-ἐπεργασάμενος</strong></span> 
     </span>
    </p>
   </div>
   <div class='ocr_carea' id='block_1_60' title="bbox 202 3112 3016 3190">
    <p class='ocr_par' dir='ltr' id='par_1_60' title="bbox 202 3112 3016 3190">
     <span class='ocr_line' id='line_1_60' title="bbox 202 3112 3016 3190; baseline -0.002 -15"><span class='ocrx_word' id='word_1_430' title='bbox 202 3115 287 3186; x_wconf 72' lang='grc' dir='ltr'><strong>οἷς</strong></span> <span class='ocrx_word' id='word_1_431' title='bbox 324 3119 536 3182; x_wconf 78' lang='grc' dir='ltr'><strong>ἐλαϐεν,</strong></span> <span class='ocrx_word' id='word_1_432' title='bbox 562 3120 663 3172; x_wconf 80' lang='grc' dir='ltr'><strong>οὐκ</strong></span> <span class='ocrx_word' id='word_1_433' title='bbox 707 3118 821 3189; x_wconf 79' lang='grc' dir='ltr'><strong>ἔχει</strong></span> <span class='ocrx_word' id='word_1_434' title='bbox 859 3119 920 3171; x_wconf 83' lang='grc' dir='ltr'><strong>τὸ</strong></span> <span class='ocrx_word' id='word_1_435' title='bbox 949 3118 1218 3190; x_wconf 80' lang='grc' dir='ltr'><strong>χάρισμα,</strong></span> <span class='ocrx_word' id='word_1_436' title='bbox 1248 3118 1385 3172; x_wconf 85' lang='grc' dir='ltr'><strong>ἀλλά</strong></span> <span class='ocrx_word' id='word_1_437' title='bbox 1418 3118 1571 3171; x_wconf 86' lang='grc' dir='ltr'><strong>δοκεῖ</strong></span> <span class='ocrx_word' id='word_1_438' title='bbox 1600 3115 1768 3187; x_wconf 81' lang='grc' dir='ltr'><strong>ἔχειν·</strong></span> <span class='ocrx_word' id='word_1_439' title='bbox 1815 3114 2119 3184; x_wconf 74' lang='grc' dir='ltr'><strong>ἠμαύρωσε</strong></span> <span class='ocrx_word' id='word_1_440' title='bbox 2157 3112 2265 3183; x_wconf 85' lang='grc' dir='ltr'><strong>γὰρ</strong></span> <span class='ocrx_word' id='word_1_441' title='bbox 2295 3114 2455 3167; x_wconf 86' lang='grc' dir='ltr'><strong>τοῦτο</strong></span> <span class='ocrx_word' id='word_1_442' title='bbox 2482 3115 2569 3168; x_wconf 89' lang='grc' dir='ltr'><strong>διά</strong></span> <span class='ocrx_word' id='word_1_443' title='bbox 2593 3117 2693 3185; x_wconf 79' lang='grc' dir='ltr'><strong>τῆς</strong></span> <span class='ocrx_word' id='word_1_444' title='bbox 2734 3115 3016 3185; x_wconf 85' lang='grc' dir='ltr'><strong>ἀμελείας.</strong></span> 
     </span>
    </p>
   </div>
   <div class='ocr_carea' id='block_1_61' title="bbox 282 3206 1792 3283">
    <p class='ocr_par' dir='ltr' id='par_1_61' title="bbox 282 3208 1790 3283">
     <span class='ocr_line' id='line_1_61' title="bbox 282 3208 1790 3283; baseline 0.001 -20"><span class='ocrx_word' id='word_1_445' title='bbox 282 3232 301 3263; x_wconf 75' lang='grc' dir='ltr'><strong>ι</strong></span> <span class='ocrx_word' id='word_1_446' title='bbox 344 3213 513 3265; x_wconf 83' lang='grc' dir='ltr'><strong>Ὅταν</strong></span> <span class='ocrx_word' id='word_1_447' title='bbox 539 3211 595 3264; x_wconf 81' lang='grc' dir='ltr'><strong>δὲ</strong></span> <span class='ocrx_word' id='word_1_448' title='bbox 627 3209 756 3283; x_wconf 74' lang='grc' dir='ltr'><strong>ἔλθῃ</strong></span> <span class='ocrx_word' id='word_1_449' title='bbox 787 3214 814 3264; x_wconf 89' lang='grc' dir='ltr'>ὁ</span> <span class='ocrx_word' id='word_1_450' title='bbox 850 3211 979 3275; x_wconf 81' lang='grc' dir='ltr'><strong>Υἱὸς</strong></span> <span class='ocrx_word' id='word_1_451' title='bbox 1008 3211 1104 3265; x_wconf 88' lang='grc' dir='ltr'><strong>τοῦ</strong></span> <span class='ocrx_word' id='word_1_452' title='bbox 1132 3211 1423 3283; x_wconf 87' lang='grc' dir='ltr'><strong>ἀνθρώπου</strong></span> <span class='ocrx_word' id='word_1_453' title='bbox 1458 3215 1515 3267; x_wconf 84' lang='grc' dir='ltr'><strong>ἐν</strong></span> <span class='ocrx_word' id='word_1_454' title='bbox 1547 3214 1612 3282; x_wconf 82' lang='grc' dir='ltr'><strong>τῇ</strong></span> <span class='ocrx_word' id='word_1_455' title='bbox 1661 3208 1790 3282; x_wconf 79' lang='grc' dir='ltr'><strong>δόξῃ</strong></span> 
     </span>
    </p>
   </div>
   <div class='ocr_carea' id='block_1_62' title="bbox 1898 3206 3489 3283">
    <p class='ocr_par' dir='ltr' id='par_1_62' title="bbox 1968 3206 3489 3279">
     <span class='ocr_line' id='line_1_62' title="bbox 1968 3206 3489 3279; baseline 0.007 -19"><span class='ocrx_word' id='word_1_456' title='bbox 1968 3206 2131 3263; x_wconf 71' lang='lat' dir='ltr'><strong>Vens.</strong></span> <span class='ocrx_word' id='word_1_457' title='bbox 2169 3207 2403 3262; x_wconf 48' lang='lat'><strong>51-354</strong></span> <span class='ocrx_word' id='word_1_458' title='bbox 2444 3208 2576 3262; x_wconf 87' lang='lat' dir='ltr'><strong>Cum</strong></span> <span class='ocrx_word' id='word_1_459' title='bbox 2611 3219 2793 3266; x_wconf 85' lang='lat' dir='ltr'><strong>autem</strong></span> <span class='ocrx_word' id='word_1_460' title='bbox 2827 3212 3037 3265; x_wconf 84' lang='lat' dir='ltr'><strong>venerit</strong></span> <span class='ocrx_word' id='word_1_461' title='bbox 3060 3210 3229 3266; x_wconf 80' lang='lat' dir='ltr'><strong>Filius</strong></span> <span class='ocrx_word' id='word_1_462' title='bbox 3252 3212 3489 3279; x_wconf 65' lang='lat' dir='ltr'><strong>homini.</strong></span> 
     </span>
    </p>
   </div>
   <div class='ocr_carea' id='block_1_63' title="bbox 202 3299 1791 3371">
    <p class='ocr_par' dir='ltr' id='par_1_63' title="bbox 202 3299 1791 3371">
     <span class='ocr_line' id='line_1_63' title="bbox 202 3299 1791 3371; baseline 0 -18"><span class='ocrx_word' id='word_1_463' title='bbox 202 3300 397 3362; x_wconf 81' lang='grc' dir='ltr'><strong>αὐτοῦ,</strong></span> <span class='ocrx_word' id='word_1_464' title='bbox 418 3302 510 3353; x_wconf 68' lang='grc' dir='ltr'><strong>καὶ</strong></span> <span class='ocrx_word' id='word_1_465' title='bbox 546 3299 743 3362; x_wconf 80' lang='grc' dir='ltr'><strong>πάντες</strong></span> <span class='ocrx_word' id='word_1_466' title='bbox 770 3300 820 3351; x_wconf 79' lang='lat' dir='ltr'><strong>oi</strong></span> <span class='ocrx_word' id='word_1_467' title='bbox 850 3299 996 3368; x_wconf 72' lang='grc' dir='ltr'><strong>ἅγιοι</strong></span> <span class='ocrx_word' id='word_1_468' title='bbox 1032 3300 1255 3369; x_wconf 77' lang='grc' dir='ltr'><strong>ἄγγελοι</strong></span> <span class='ocrx_word' id='word_1_469' title='bbox 1287 3302 1409 3371; x_wconf 85' lang='grc' dir='ltr'><strong>μετ’</strong></span> <span class='ocrx_word' id='word_1_470' title='bbox 1438 3300 1625 3365; x_wconf 84' lang='grc' dir='ltr'><strong>αὐτοῦ,</strong></span> <span class='ocrx_word' id='word_1_471' title='bbox 1669 3301 1791 3354; x_wconf 84' lang='grc' dir='ltr'><strong>τότε</strong></span> 
     </span>
    </p>
   </div>
   <div class='ocr_carea' id='block_1_64' title="bbox 204 3391 1792 3464">
    <p class='ocr_par' dir='ltr' id='par_1_64' title="bbox 204 3391 1792 3464">
     <span class='ocr_line' id='line_1_64' title="bbox 204 3391 1792 3464; baseline 0.002 -21"><span class='ocrx_word' id='word_1_472' title='bbox 204 3392 431 3444; x_wconf 83' lang='grc' dir='ltr'><strong>καθίσει</strong></span> <span class='ocrx_word' id='word_1_473' title='bbox 458 3392 553 3445; x_wconf 76' lang='grc' dir='ltr'><strong>ἐπὶ</strong></span> <span class='ocrx_word' id='word_1_474' title='bbox 595 3391 784 3462; x_wconf 89' lang='grc' dir='ltr'><strong>θρόνου</strong></span> <span class='ocrx_word' id='word_1_475' title='bbox 817 3392 975 3463; x_wconf 81' lang='grc' dir='ltr'>δόξης</span> <span class='ocrx_word' id='word_1_476' title='bbox 1002 3393 1190 3460; x_wconf 83' lang='grc' dir='ltr'><strong>αὑτοῦ,</strong></span> <span class='ocrx_word' id='word_1_477' title='bbox 1237 3395 1333 3448; x_wconf 77' lang='grc' dir='ltr'><strong>καὶ</strong></span> <span class='ocrx_word' id='word_1_478' title='bbox 1361 3394 1792 3464; x_wconf 84' lang='grc' dir='ltr'><strong>συναχθήσονται</strong></span> 
     </span>
    </p>
   </div>
   <div class='ocr_carea' id='block_1_65' title="bbox 203 3483 1793 3556">
    <p class='ocr_par' dir='ltr' id='par_1_65' title="bbox 203 3483 1793 3556">
     <span class='ocr_line' id='line_1_65' title="bbox 203 3483 1793 3556; baseline 0.001 -19"><span class='ocrx_word' id='word_1_479' title='bbox 203 3484 517 3555; x_wconf 77' lang='grc' dir='ltr'><strong>ἔμπροσθεν</strong></span> <span class='ocrx_word' id='word_1_480' title='bbox 548 3483 713 3538; x_wconf 81' lang='grc' dir='ltr'><strong>αὐτοῦ</strong></span> <span class='ocrx_word' id='word_1_481' title='bbox 750 3484 927 3538; x_wconf 85' lang='grc' dir='ltr'><strong>πάντα</strong></span> <span class='ocrx_word' id='word_1_482' title='bbox 949 3486 1018 3538; x_wconf 75' lang='grc' dir='ltr'><strong>τὰ</strong></span> <span class='ocrx_word' id='word_1_483' title='bbox 1047 3485 1195 3553; x_wconf 82' lang='grc' dir='ltr'><strong>ἔθνη,</strong></span> <span class='ocrx_word' id='word_1_484' title='bbox 1228 3488 1320 3540; x_wconf 75' lang='grc' dir='ltr'><strong>καὶ</strong></span> <span class='ocrx_word' id='word_1_485' title='bbox 1345 3489 1563 3556; x_wconf 80' lang='grc' dir='ltr'><strong>ἀφοριεῖ</strong></span> <span class='ocrx_word' id='word_1_486' title='bbox 1594 3488 1793 3549; x_wconf 82' lang='grc' dir='ltr'><strong>αὐτοὺς</strong></span> 
     </span>
    </p>
   </div>
   <div class='ocr_carea' id='block_1_66' title="bbox 204 3578 1794 3652">
    <p class='ocr_par' dir='ltr' id='par_1_66' title="bbox 204 3578 1794 3652">
     <span class='ocr_line' id='line_1_66' title="bbox 204 3578 1794 3652; baseline 0 -19"><span class='ocrx_word' id='word_1_487' title='bbox 204 3578 301 3633; x_wconf 83' lang='grc' dir='ltr'><strong>ἀπ’</strong></span> <span class='ocrx_word' id='word_1_488' title='bbox 335 3578 606 3649; x_wconf 83' lang='grc' dir='ltr'><strong>ἀλλήλων,</strong></span> <span class='ocrx_word' id='word_1_489' title='bbox 634 3578 823 3651; x_wconf 78' lang='grc' dir='ltr'><strong>ὥσπερ</strong></span> <span class='ocrx_word' id='word_1_490' title='bbox 846 3582 874 3633; x_wconf 89' lang='grc' dir='ltr'>ό</span> <span class='ocrx_word' id='word_1_491' title='bbox 910 3580 1115 3649; x_wconf 83' lang='grc' dir='ltr'><strong>ποιμὴν</strong></span> <span class='ocrx_word' id='word_1_492' title='bbox 1156 3581 1410 3651; x_wconf 77' lang='grc' dir='ltr'><strong>ἀφορίζει</strong></span> <span class='ocrx_word' id='word_1_493' title='bbox 1440 3582 1508 3635; x_wconf 65' lang='grc' dir='ltr'><strong>τὰ</strong></span> <span class='ocrx_word' id='word_1_494' title='bbox 1544 3580 1794 3652; x_wconf 81' lang='grc' dir='ltr'><strong>πρόϐατα</strong></span> 
     </span>
    </p>
   </div>
   <div class='ocr_carea' id='block_1_67' title="bbox 202 3671 1793 3744">
    <p class='ocr_par' dir='ltr' id='par_1_67' title="bbox 202 3671 1793 3744">
     <span class='ocr_line' id='line_1_67' title="bbox 202 3671 1793 3744; baseline 0.001 -20"><span class='ocrx_word' id='word_1_495' title='bbox 202 3672 313 3725; x_wconf 84' lang='grc' dir='ltr'><strong>ἀπὸ</strong></span> <span class='ocrx_word' id='word_1_496' title='bbox 340 3671 449 3724; x_wconf 83' lang='grc' dir='ltr'><strong>τῶν</strong></span> <span class='ocrx_word' id='word_1_497' title='bbox 475 3672 697 3742; x_wconf 72' lang='grc' dir='ltr'><strong>ἐρίφων,</strong></span> <span class='ocrx_word' id='word_1_498' title='bbox 731 3674 826 3725; x_wconf 76' lang='grc' dir='ltr'><strong>καὶ</strong></span> <span class='ocrx_word' id='word_1_499' title='bbox 859 3673 1049 3744; x_wconf 85' lang='grc' dir='ltr'><strong>στήσει</strong></span> <span class='ocrx_word' id='word_1_500' title='bbox 1086 3673 1154 3726; x_wconf 87' lang='grc' dir='ltr'><strong>τά</strong></span> <span class='ocrx_word' id='word_1_501' title='bbox 1192 3674 1290 3743; x_wconf 77' lang='grc' dir='ltr'><strong>μὲν</strong></span> <span class='ocrx_word' id='word_1_502' title='bbox 1339 3673 1585 3744; x_wconf 83' lang='grc' dir='ltr'><strong>πρόϐατα</strong></span> <span class='ocrx_word' id='word_1_503' title='bbox 1616 3675 1679 3725; x_wconf 89' lang='grc' dir='ltr'><strong>ἐκ</strong></span> <span class='ocrx_word' id='word_1_504' title='bbox 1708 3673 1793 3727; x_wconf 83' lang='grc' dir='ltr'><strong>δε-</strong></span> 
     </span>
    </p>
   </div>
   <div class='ocr_carea' id='block_1_68' title="bbox 202 3762 1791 3835">
    <p class='ocr_par' dir='ltr' id='par_1_68' title="bbox 202 3762 1791 3835">
     <span class='ocr_line' id='line_1_68' title="bbox 202 3762 1791 3835; baseline 0.001 -19"><span class='ocrx_word' id='word_1_505' title='bbox 202 3763 336 3831; x_wconf 82' lang='grc' dir='ltr'><strong>ξιῶν</strong></span> <span class='ocrx_word' id='word_1_506' title='bbox 360 3762 548 3821; x_wconf 78' lang='grc' dir='ltr'><strong>αὐτοῦ.</strong></span> <span class='ocrx_word' id='word_1_507' title='bbox 591 3764 658 3816; x_wconf 84' lang='grc' dir='ltr'><strong>τά</strong></span> <span class='ocrx_word' id='word_1_508' title='bbox 680 3764 737 3817; x_wconf 77' lang='grc' dir='ltr'><strong>δὲ</strong></span> <span class='ocrx_word' id='word_1_509' title='bbox 768 3764 954 3835; x_wconf 89' lang='grc' dir='ltr'><strong>ἐρίφια</strong></span> <span class='ocrx_word' id='word_1_510' title='bbox 986 3763 1045 3830; x_wconf 80' lang='grc' dir='ltr'><strong>ἐξ</strong></span> <span class='ocrx_word' id='word_1_511' title='bbox 1077 3763 1397 3834; x_wconf 83' lang='grc' dir='ltr'><strong>εὐωνύμων.</strong></span> <span class='ocrx_word' id='word_1_512' title='bbox 1439 3783 1458 3815; x_wconf 88' lang='grc'><strong>›</strong></span> <span class='ocrx_word' id='word_1_513' title='bbox 1508 3764 1728 3834; x_wconf 82' lang='grc' dir='ltr'><strong>Ἐπειδὴ</strong></span> <span class='ocrx_word' id='word_1_514' title='bbox 1758 3765 1791 3834; x_wconf 90' lang='grc' dir='ltr'><strong>ή</strong></span> 
     </span>
    </p>
   </div>
   <div class='ocr_carea' id='block_1_69' title="bbox 203 3855 1793 3928">
    <p class='ocr_par' dir='ltr' id='par_1_69' title="bbox 203 3855 1793 3928">
     <span class='ocr_line' id='line_1_69' title="bbox 203 3855 1793 3928; baseline 0.001 -21"><span class='ocrx_word' id='word_1_515' title='bbox 203 3855 405 3927; x_wconf 82' lang='grc' dir='ltr'><strong>πρώτη</strong></span> <span class='ocrx_word' id='word_1_516' title='bbox 436 3856 707 3925; x_wconf 79' lang='grc' dir='ltr'><strong>παρουσία</strong></span> <span class='ocrx_word' id='word_1_517' title='bbox 750 3856 845 3910; x_wconf 91' lang='grc' dir='ltr'><strong>τοῦ</strong></span> <span class='ocrx_word' id='word_1_518' title='bbox 892 3856 1100 3927; x_wconf 82' lang='grc' dir='ltr'><strong>Κυρίου</strong></span> <span class='ocrx_word' id='word_1_519' title='bbox 1152 3858 1210 3909; x_wconf 87' lang='grc' dir='ltr'><strong>ἐν</strong></span> <span class='ocrx_word' id='word_1_520' title='bbox 1248 3858 1445 3928; x_wconf 78' lang='grc' dir='ltr'><strong>ἀτιμίᾳ</strong></span> <span class='ocrx_word' id='word_1_521' title='bbox 1470 3857 1661 3924; x_wconf 86' lang='grc' dir='ltr'><strong>γέγονε</strong></span> <span class='ocrx_word' id='word_1_522' title='bbox 1697 3858 1793 3909; x_wconf 81' lang='grc' dir='ltr'><strong>καὶ</strong></span> 
     </span>
    </p>
   </div>
   <div class='ocr_carea' id='block_1_70' title="bbox 204 3948 1793 4022">
    <p class='ocr_par' dir='ltr' id='par_1_70' title="bbox 204 3948 1793 4022">
     <span class='ocr_line' id='line_1_70' title="bbox 204 3948 1793 4022; baseline 0.001 -20"><span class='ocrx_word' id='word_1_523' title='bbox 204 3948 389 4021; x_wconf 72' lang='grc' dir='ltr'><strong>ὕϐρει,</strong></span> <span class='ocrx_word' id='word_1_524' title='bbox 418 3951 552 4019; x_wconf 75' lang='grc' dir='ltr'><strong>φησὶ</strong></span> <span class='ocrx_word' id='word_1_525' title='bbox 570 3951 649 4015; x_wconf 75' lang='grc' dir='ltr'><strong>τὸ,</strong></span> <span class='ocrx_word' id='word_1_526' title='bbox 674 3949 840 4003; x_wconf 88' lang='grc' dir='ltr'><strong>Ὅταν</strong></span> <span class='ocrx_word' id='word_1_527' title='bbox 866 3949 992 4020; x_wconf 77' lang='grc' dir='ltr'><strong>ἔλθῃ</strong></span> <span class='ocrx_word' id='word_1_528' title='bbox 1018 3952 1075 4003; x_wconf 83' lang='grc' dir='ltr'><strong>ἐν</strong></span> <span class='ocrx_word' id='word_1_529' title='bbox 1107 3952 1171 4020; x_wconf 79' lang='grc' dir='ltr'><strong>τῇ</strong></span> <span class='ocrx_word' id='word_1_530' title='bbox 1205 3950 1332 4021; x_wconf 79' lang='grc' dir='ltr'><strong>δόξῃ</strong></span> <span class='ocrx_word' id='word_1_531' title='bbox 1363 3950 1550 4005; x_wconf 85' lang='grc' dir='ltr'><strong>αὑτοῦ.</strong></span> <span class='ocrx_word' id='word_1_532' title='bbox 1571 3950 1657 4003; x_wconf 86' lang='grc' dir='ltr'><strong>Ἐν</strong></span> <span class='ocrx_word' id='word_1_533' title='bbox 1684 3950 1793 4022; x_wconf 88' lang='grc' dir='ltr'><strong>γάρ</strong></span> 
     </span>
    </p>
   </div>
   <div class='ocr_carea' id='block_1_71' title="bbox 202 4039 1792 4112">
    <p class='ocr_par' dir='ltr' id='par_1_71' title="bbox 202 4039 1792 4112">
     <span class='ocr_line' id='line_1_71' title="bbox 202 4039 1792 4112; baseline 0 -18"><span class='ocrx_word' id='word_1_534' title='bbox 202 4044 269 4112; x_wconf 76' lang='grc' dir='ltr'><strong>τῇ</strong></span> <span class='ocrx_word' id='word_1_535' title='bbox 306 4041 538 4112; x_wconf 76' lang='grc' dir='ltr'><strong>δευτέρᾳ</strong></span> <span class='ocrx_word' id='word_1_536' title='bbox 591 4041 730 4109; x_wconf 88' lang='grc' dir='ltr'><strong>μετά</strong></span> <span class='ocrx_word' id='word_1_537' title='bbox 754 4040 914 4111; x_wconf 77' lang='grc' dir='ltr'><strong>δόξης</strong></span> <span class='ocrx_word' id='word_1_538' title='bbox 948 4039 1251 4105; x_wconf 81' lang='grc' dir='ltr'><strong>ἐλεύσεται,</strong></span> <span class='ocrx_word' id='word_1_539' title='bbox 1278 4039 1528 4109; x_wconf 89' lang='grc' dir='ltr'><strong>ἀγγέλων</strong></span> <span class='ocrx_word' id='word_1_540' title='bbox 1560 4042 1792 4111; x_wconf 81' lang='grc' dir='ltr'><strong>δορυφο-</strong></span> 
     </span>
    </p>
   </div>
   <div class='ocr_carea' id='block_1_72' title="bbox 204 4129 1794 4202">
    <p class='ocr_par' dir='ltr' id='par_1_72' title="bbox 204 4129 1794 4202">
     <span class='ocr_line' id='line_1_72' title="bbox 204 4129 1794 4202; baseline 0.001 -20"><span class='ocrx_word' id='word_1_541' title='bbox 204 4130 454 4202; x_wconf 79' lang='grc' dir='ltr'><strong>ρούντων</strong></span> <span class='ocrx_word' id='word_1_542' title='bbox 480 4130 662 4185; x_wconf 82' lang='grc' dir='ltr'><strong>αὐτόν.</strong></span> <span class='ocrx_word' id='word_1_543' title='bbox 694 4130 916 4199; x_wconf 85' lang='grc' dir='ltr'><strong>Πρῶτον</strong></span> <span class='ocrx_word' id='word_1_544' title='bbox 943 4129 999 4182; x_wconf 77' lang='grc' dir='ltr'><strong>δέ</strong></span> <span class='ocrx_word' id='word_1_545' title='bbox 1037 4129 1285 4200; x_wconf 74' lang='grc' dir='ltr'><strong>ἀφορίζει</strong></span> <span class='ocrx_word' id='word_1_546' title='bbox 1317 4132 1442 4192; x_wconf 81' lang='grc' dir='ltr'><strong>τοὺς</strong></span> <span class='ocrx_word' id='word_1_547' title='bbox 1466 4130 1657 4199; x_wconf 82' lang='grc' dir='ltr'><strong>ἁγίους</strong></span> <span class='ocrx_word' id='word_1_548' title='bbox 1686 4131 1794 4184; x_wconf 85' lang='grc' dir='ltr'><strong>ἀπὸ</strong></span> 
     </span>
    </p>
   </div>
   <div class='ocr_carea' id='block_1_73' title="bbox 202 4221 1793 4292">
    <p class='ocr_par' dir='ltr' id='par_1_73' title="bbox 202 4221 1793 4292">
     <span class='ocr_line' id='line_1_73' title="bbox 202 4221 1793 4292; baseline 0.001 -18"><span class='ocrx_word' id='word_1_549' title='bbox 202 4221 314 4275; x_wconf 86' lang='grc' dir='ltr'><strong>τῶν</strong></span> <span class='ocrx_word' id='word_1_550' title='bbox 352 4221 720 4292; x_wconf 82' lang='grc' dir='ltr'><strong>ἁμαρτωλῶν,</strong></span> <span class='ocrx_word' id='word_1_551' title='bbox 753 4222 1118 4276; x_wconf 83' lang='grc' dir='ltr'><strong>ἀπαλλάσσων</strong></span> <span class='ocrx_word' id='word_1_552' title='bbox 1154 4222 1355 4285; x_wconf 83' lang='grc' dir='ltr'><strong>αὐτοὺς</strong></span> <span class='ocrx_word' id='word_1_553' title='bbox 1400 4222 1665 4291; x_wconf 82' lang='grc' dir='ltr'><strong>ἀγωνίας,</strong></span> <span class='ocrx_word' id='word_1_554' title='bbox 1697 4224 1793 4275; x_wconf 82' lang='grc' dir='ltr'><strong>καὶ</strong></span> 
     </span>
    </p>
   </div>
   <div class='ocr_carea' id='block_1_74' title="bbox 203 4314 1792 4386">
    <p class='ocr_par' dir='ltr' id='par_1_74' title="bbox 203 4314 1792 4386">
     <span class='ocr_line' id='line_1_74' title="bbox 203 4314 1792 4386; baseline 0.001 -18"><span class='ocrx_word' id='word_1_555' title='bbox 203 4316 415 4385; x_wconf 76' lang='grc' dir='ltr'><strong>ἵστησι,</strong></span> <span class='ocrx_word' id='word_1_556' title='bbox 458 4315 553 4367; x_wconf 79' lang='grc' dir='ltr'><strong>καὶ</strong></span> <span class='ocrx_word' id='word_1_557' title='bbox 590 4314 710 4367; x_wconf 86' lang='grc' dir='ltr'><strong>τότε</strong></span> <span class='ocrx_word' id='word_1_558' title='bbox 755 4318 923 4383; x_wconf 87' lang='grc' dir='ltr'><strong>φωνεῖ</strong></span> <span class='ocrx_word' id='word_1_559' title='bbox 954 4316 1088 4385; x_wconf 81' lang='grc' dir='ltr'><strong>πρὸς</strong></span> <span class='ocrx_word' id='word_1_560' title='bbox 1134 4315 1353 4378; x_wconf 83' lang='grc' dir='ltr'><strong>αύτούς.</strong></span> <span class='ocrx_word' id='word_1_561' title='bbox 1386 4315 1643 4385; x_wconf 85' lang='grc' dir='ltr'><strong>Πρόϐατα</strong></span> <span class='ocrx_word' id='word_1_562' title='bbox 1691 4316 1792 4386; x_wconf 80' lang='grc' dir='ltr'><strong>μὲν</strong></span> 
     </span>
    </p>
   </div>
   <div class='ocr_carea' id='block_1_75' title="bbox 203 4399 1792 4477">
    <p class='ocr_par' dir='ltr' id='par_1_75' title="bbox 203 4399 1792 4477">
     <span class='ocr_line' id='line_1_75' title="bbox 203 4399 1792 4477; baseline 0.002 -20"><span class='ocrx_word' id='word_1_563' title='bbox 203 4399 298 4457; x_wconf 63' lang='grc' dir='ltr'><strong>οἶῗν</strong></span> <span class='ocrx_word' id='word_1_564' title='bbox 327 4405 489 4459; x_wconf 87' lang='grc' dir='ltr'><strong>καλεῖ</strong></span> <span class='ocrx_word' id='word_1_565' title='bbox 511 4404 637 4467; x_wconf 76' lang='grc' dir='ltr'><strong>τοὺς</strong></span> <span class='ocrx_word' id='word_1_566' title='bbox 666 4406 873 4473; x_wconf 82' lang='grc' dir='ltr'><strong>ἁγίους,</strong></span> <span class='ocrx_word' id='word_1_567' title='bbox 902 4405 988 4459; x_wconf 79' lang='grc' dir='ltr'><strong>διὰ</strong></span> <span class='ocrx_word' id='word_1_568' title='bbox 1015 4406 1077 4458; x_wconf 80' lang='grc' dir='ltr'><strong>τὸ</strong></span> <span class='ocrx_word' id='word_1_569' title='bbox 1104 4406 1332 4477; x_wconf 76' lang='grc' dir='ltr'><strong>ἥμερον,</strong></span> <span class='ocrx_word' id='word_1_570' title='bbox 1353 4407 1445 4460; x_wconf 74' lang='grc' dir='ltr'><strong>καὶ</strong></span> <span class='ocrx_word' id='word_1_571' title='bbox 1469 4408 1550 4460; x_wconf 82' lang='grc' dir='ltr'><strong>ὅτι</strong></span> <span class='ocrx_word' id='word_1_572' title='bbox 1578 4407 1792 4476; x_wconf 80' lang='grc' dir='ltr'><strong>καρπὸν</strong></span> 
     </span>
    </p>
   </div>
   <div class='ocr_carea' id='block_1_76' title="bbox 207 4497 1792 4569">
    <p class='ocr_par' dir='ltr' id='par_1_76' title="bbox 207 4497 1792 4569">
     <span class='ocr_line' id='line_1_76' title="bbox 207 4497 1792 4569; baseline 0.003 -19"><span class='ocrx_word' id='word_1_573' title='bbox 207 4499 345 4569; x_wconf 85' lang='grc' dir='ltr'><strong>ήμῖν</strong></span> <span class='ocrx_word' id='word_1_574' title='bbox 373 4497 579 4551; x_wconf 89' lang='grc' dir='ltr'><strong>διδόασι</strong></span> <span class='ocrx_word' id='word_1_575' title='bbox 619 4499 713 4551; x_wconf 66' lang='grc' dir='ltr'><strong>καλ⁵</strong></span> <span class='ocrx_word' id='word_1_576' title='bbox 741 4498 1007 4567; x_wconf 81' lang='grc' dir='ltr'><strong>ὠφέλειαν</strong></span> <span class='ocrx_word' id='word_1_577' title='bbox 1027 4498 1103 4562; x_wconf 79' lang='grc' dir='ltr'><strong>ὡς</strong></span> <span class='ocrx_word' id='word_1_578' title='bbox 1132 4499 1200 4552; x_wconf 84' lang='grc' dir='ltr'><strong>τά</strong></span> <span class='ocrx_word' id='word_1_579' title='bbox 1229 4499 1496 4569; x_wconf 86' lang='grc' dir='ltr'><strong>πρόϐατα,</strong></span> <span class='ocrx_word' id='word_1_580' title='bbox 1530 4500 1622 4552; x_wconf 70' lang='grc' dir='ltr'><strong>καὶ</strong></span> <span class='ocrx_word' id='word_1_581' title='bbox 1647 4500 1792 4568; x_wconf 80' lang='grc' dir='ltr'><strong>ἐριον</strong></span> 
     </span>
    </p>
   </div>
   <div class='ocr_carea' id='block_1_77' title="bbox 207 4588 1791 4661">
    <p class='ocr_par' dir='ltr' id='par_1_77' title="bbox 207 4588 1791 4661">
     <span class='ocr_line' id='line_1_77' title="bbox 207 4588 1791 4661; baseline 0.001 -18"><span class='ocrx_word' id='word_1_582' title='bbox 207 4589 575 4661; x_wconf 67' lang='grc' dir='ltr'><strong>χορηγοῦντες</strong></span> <span class='ocrx_word' id='word_1_583' title='bbox 599 4589 715 4658; x_wconf 69' lang='grc' dir='ltr'><strong>ἦτοι</strong></span> <span class='ocrx_word' id='word_1_584' title='bbox 741 4590 951 4661; x_wconf 81' lang='grc' dir='ltr'><strong>σκέπην</strong></span> <span class='ocrx_word' id='word_1_585' title='bbox 977 4588 1127 4643; x_wconf 89' lang='grc' dir='ltr'><strong>θείαν</strong></span> <span class='ocrx_word' id='word_1_586' title='bbox 1149 4590 1246 4643; x_wconf 75' lang='grc' dir='ltr'><strong>καὶ</strong></span> <span class='ocrx_word' id='word_1_587' title='bbox 1268 4591 1791 4661; x_wconf 78' lang='grc' dir='ltr'><strong>πνευματικὴν,,καὶ</strong></span> 
     </span>
    </p>
   </div>
   <div class='ocr_carea' id='block_1_78' title="bbox 214 4679 1790 4752">
    <p class='ocr_par' dir='ltr' id='par_1_78' title="bbox 214 4679 1790 4752">
     <span class='ocr_line' id='line_1_78' title="bbox 214 4679 1790 4752; baseline -0.001 -18"><span class='ocrx_word' id='word_1_588' title='bbox 214 4682 371 4749; x_wconf 72' lang='grc' dir='ltr'><strong>τάλα,</strong></span> <span class='ocrx_word' id='word_1_589' title='bbox 401 4681 648 4733; x_wconf 81' lang='grc' dir='ltr'><strong>τουτέστι</strong></span> <span class='ocrx_word' id='word_1_590' title='bbox 708 4680 914 4751; x_wconf 80' lang='grc' dir='ltr'><strong>τροφὴν</strong></span> <span class='ocrx_word' id='word_1_591' title='bbox 966 4680 1393 4752; x_wconf 82' lang='grc' dir='ltr'><strong>προσήκουσαν·</strong></span> <span class='ocrx_word' id='word_1_592' title='bbox 1445 4679 1668 4750; x_wconf 81' lang='grc' dir='ltr'><strong>ἐρίφους</strong></span> <span class='ocrx_word' id='word_1_593' title='bbox 1712 4680 1790 4745; x_wconf 69' lang='grc' dir='ltr'><strong>δέ,</strong></span> 
     </span>
    </p>
   </div>
   <div class='ocr_carea' id='block_1_79' title="bbox 205 4771 1787 4844">
    <p class='ocr_par' dir='ltr' id='par_1_79' title="bbox 205 4771 1787 4844">
     <span class='ocr_line' id='line_1_79' title="bbox 205 4771 1787 4844; baseline 0 -17"><span class='ocrx_word' id='word_1_594' title='bbox 205 4775 328 4836; x_wconf 80' lang='grc' dir='ltr'><strong>τοὺς</strong></span> <span class='ocrx_word' id='word_1_595' title='bbox 352 4772 718 4844; x_wconf 81' lang='grc' dir='ltr'><strong>ἁμαρτωλούς</strong></span> <span class='ocrx_word' id='word_1_596' title='bbox 739 4790 752 4804; x_wconf 90' lang='grc'><strong>·</strong></span> <span class='ocrx_word' id='word_1_597' title='bbox 786 4773 923 4827; x_wconf 86' lang='grc' dir='ltr'><strong>κατά</strong></span> <span class='ocrx_word' id='word_1_598' title='bbox 949 4773 1212 4844; x_wconf 82' lang='grc' dir='ltr'><strong>κρημνῶν</strong></span> <span class='ocrx_word' id='word_1_599' title='bbox 1233 4774 1341 4843; x_wconf 90' lang='grc' dir='ltr'><strong>γάρ</strong></span> <span class='ocrx_word' id='word_1_600' title='bbox 1371 4771 1669 4843; x_wconf 79' lang='grc' dir='ltr'><strong>βαδίζουσι,</strong></span> <span class='ocrx_word' id='word_1_601' title='bbox 1698 4774 1787 4827; x_wconf 79' lang='grc' dir='ltr'><strong>καὶ</strong></span> 
     </span>
    </p>
   </div>
   <div class='ocr_carea' id='block_1_80' title="bbox 208 4864 1390 4935">
    <p class='ocr_par' dir='ltr' id='par_1_80' title="bbox 208 4864 1390 4935">
     <span class='ocr_line' id='line_1_80' title="bbox 208 4864 1390 4935; baseline 0 -17"><span class='ocrx_word' id='word_1_602' title='bbox 208 4865 440 4918; x_wconf 65' lang='grc' dir='ltr'><strong>ἄτακτοί</strong></span> <span class='ocrx_word' id='word_1_603' title='bbox 475 4868 582 4917; x_wconf 79' lang='grc' dir='ltr'><strong>εἱσι</strong></span> <span class='ocrx_word' id='word_1_604' title='bbox 608 4866 702 4918; x_wconf 76' lang='grc' dir='ltr'><strong>καὶ</strong></span> <span class='ocrx_word' id='word_1_605' title='bbox 736 4864 975 4935; x_wconf 78' lang='grc' dir='ltr'><strong>ἄκαρποι</strong></span> <span class='ocrx_word' id='word_1_606' title='bbox 1002 4866 1076 4929; x_wconf 84' lang='grc' dir='ltr'><strong>ὡς</strong></span> <span class='ocrx_word' id='word_1_607' title='bbox 1108 4866 1158 4918; x_wconf 79' lang='lat' dir='ltr'><strong>oi</strong></span> <span class='ocrx_word' id='word_1_608' title='bbox 1188 4865 1390 4935; x_wconf 77' lang='grc' dir='ltr'><strong>ἔριφοι.</strong></span> 
     </span>
    </p>
   </div>
   <div class='ocr_carea' id='block_1_81' title="bbox 280 4954 1785 5026">
    <p class='ocr_par' dir='ltr' id='par_1_81' title="bbox 280 4954 1785 5026">
     <span class='ocr_line' id='line_1_81' title="bbox 280 4954 1785 5026; baseline 0.001 -17"><span class='ocrx_word' id='word_1_609' title='bbox 280 4974 299 5009; x_wconf 80' lang='grc' dir='ltr'><strong>ι</strong></span> <span class='ocrx_word' id='word_1_610' title='bbox 344 4956 486 5011; x_wconf 83' lang='grc' dir='ltr'><strong>Τότε</strong></span> <span class='ocrx_word' id='word_1_611' title='bbox 544 4958 661 5026; x_wconf 80' lang='grc' dir='ltr'><strong>ἐρεῖ</strong></span> <span class='ocrx_word' id='word_1_612' title='bbox 710 4959 738 5010; x_wconf 86' lang='grc' dir='ltr'>ὁ</span> <span class='ocrx_word' id='word_1_613' title='bbox 790 4956 1045 5025; x_wconf 77' lang='grc' dir='ltr'><strong>βασιλεὺς</strong></span> <span class='ocrx_word' id='word_1_614' title='bbox 1087 4959 1199 5020; x_wconf 77' lang='grc' dir='ltr'><strong>τοῖς</strong></span> <span class='ocrx_word' id='word_1_615' title='bbox 1248 4960 1312 5011; x_wconf 87' lang='grc' dir='ltr'><strong>ἐκ</strong></span> <span class='ocrx_word' id='word_1_616' title='bbox 1340 4954 1530 5022; x_wconf 80' lang='grc' dir='ltr'><strong>δεξιῶν</strong></span> <span class='ocrx_word' id='word_1_617' title='bbox 1578 4957 1785 5011; x_wconf 78' lang='grc' dir='ltr'><strong>αὐτοῦ·</strong></span> 
     </span>
    </p>
   </div>
   <div class='ocr_carea' id='block_1_82' title="bbox 205 5049 1792 5124">
    <p class='ocr_par' dir='ltr' id='par_1_82' title="bbox 205 5049 1792 5124">
     <span class='ocr_line' id='line_1_82' title="bbox 205 5049 1792 5124; baseline 0.001 -21"><span class='ocrx_word' id='word_1_618' title='bbox 205 5049 404 5118; x_wconf 75' lang='grc' dir='ltr'><strong>Δεῦτε,</strong></span> <span class='ocrx_word' id='word_1_619' title='bbox 437 5052 485 5104; x_wconf 80' lang='lat' dir='ltr'><strong>oi</strong></span> <span class='ocrx_word' id='word_1_620' title='bbox 520 5051 875 5121; x_wconf 82' lang='grc' dir='ltr'><strong>εὐλογημένοι</strong></span> <span class='ocrx_word' id='word_1_621' title='bbox 916 5049 1009 5104; x_wconf 88' lang='grc' dir='ltr'><strong>τοῦ</strong></span> <span class='ocrx_word' id='word_1_622' title='bbox 1048 5050 1263 5121; x_wconf 86' lang='grc' dir='ltr'><strong>Πατρός</strong></span> <span class='ocrx_word' id='word_1_623' title='bbox 1299 5067 1423 5121; x_wconf 84' lang='grc' dir='ltr'><strong>μου,</strong></span> <span class='ocrx_word' id='word_1_624' title='bbox 1451 5050 1792 5124; x_wconf 85' lang='grc' dir='ltr'><strong>κληρονομή-</strong></span> 
     </span>
    </p>
   </div>
   <div class='ocr_carea' id='block_1_83' title="bbox 1897 3301 3491 3374">
    <p class='ocr_par' dir='ltr' id='par_1_83' title="bbox 1897 3301 3491 3374">
     <span class='ocr_line' id='line_1_83' title="bbox 1897 3301 3491 3374; baseline 0.007 -20"><span class='ocrx_word' id='word_1_625' title='bbox 1897 3301 1950 3354; x_wconf 92' lang='lat' dir='ltr'><strong>in</strong></span> <span class='ocrx_word' id='word_1_626' title='bbox 1980 3301 2145 3371; x_wconf 84' lang='lat' dir='ltr'><strong>gloria</strong></span> <span class='ocrx_word' id='word_1_627' title='bbox 2179 3310 2369 3364; x_wconf 91' lang='lat' dir='ltr'><strong>sua,et</strong></span> <span class='ocrx_word' id='word_1_628' title='bbox 2397 3316 2589 3356; x_wconf 89' lang='lat' dir='ltr'><strong>omnes</strong></span> <span class='ocrx_word' id='word_1_629' title='bbox 2632 3304 2807 3357; x_wconf 89' lang='lat' dir='ltr'><strong>sancti</strong></span> <span class='ocrx_word' id='word_1_630' title='bbox 2848 3304 3021 3374; x_wconf 85' lang='lat' dir='ltr'><strong>angeli</strong></span> <span class='ocrx_word' id='word_1_631' title='bbox 3064 3321 3188 3360; x_wconf 90' lang='lat' dir='ltr'><strong>cum</strong></span> <span class='ocrx_word' id='word_1_632' title='bbox 3233 3323 3323 3374; x_wconf 88' lang='lat' dir='ltr'><strong>eo,</strong></span> <span class='ocrx_word' id='word_1_633' title='bbox 3362 3308 3491 3365; x_wconf 85' lang='lat' dir='ltr'><strong>tunc</strong></span> 
     </span>
    </p>
   </div>
   <div class='ocr_carea' id='block_1_84' title="bbox 1897 3393 3491 3470">
    <p class='ocr_par' dir='ltr' id='par_1_84' title="bbox 1897 3393 3491 3470">
     <span class='ocr_line' id='line_1_84' title="bbox 1897 3393 3491 3470; baseline 0.005 -23"><span class='ocrx_word' id='word_1_634' title='bbox 1897 3393 2107 3447; x_wconf 88' lang='lat' dir='ltr'><strong>sedebit</strong></span> <span class='ocrx_word' id='word_1_635' title='bbox 2138 3408 2303 3461; x_wconf 89' lang='lat' dir='ltr'><strong>super</strong></span> <span class='ocrx_word' id='word_1_636' title='bbox 2330 3394 2509 3447; x_wconf 84' lang='lat' dir='ltr'><strong>sedem</strong></span> <span class='ocrx_word' id='word_1_637' title='bbox 2539 3396 2722 3463; x_wconf 66' lang='lat' dir='ltr'><strong>gloriae</strong></span> <span class='ocrx_word' id='word_1_638' title='bbox 2752 3411 2884 3461; x_wconf 68' lang='lat' dir='ltr'><strong>suae,</strong></span> <span class='ocrx_word' id='word_1_639' title='bbox 2916 3407 2970 3450; x_wconf 90' lang='lat' dir='ltr'><strong>et</strong></span> <span class='ocrx_word' id='word_1_640' title='bbox 3007 3401 3491 3470; x_wconf 84' lang='lat' dir='ltr'><strong>congregabuntur</strong></span> 
     </span>
    </p>
   </div>
   <div class='ocr_carea' id='block_1_85' title="bbox 1896 3488 3487 3558">
    <p class='ocr_par' dir='ltr' id='par_1_85' title="bbox 1896 3488 3487 3558">
     <span class='ocr_line' id='line_1_85' title="bbox 1896 3488 3487 3558; baseline 0.006 -22"><span class='ocrx_word' id='word_1_641' title='bbox 1896 3493 2021 3537; x_wconf 86' lang='lat' dir='ltr'><strong>ante</strong></span> <span class='ocrx_word' id='word_1_642' title='bbox 2054 3498 2177 3537; x_wconf 89' lang='lat' dir='ltr'><strong>eum</strong></span> <span class='ocrx_word' id='word_1_643' title='bbox 2203 3498 2396 3538; x_wconf 88' lang='lat' dir='ltr'><strong>omnes</strong></span> <span class='ocrx_word' id='word_1_644' title='bbox 2427 3495 2635 3553; x_wconf 79' lang='lat' dir='ltr'><strong>gentes,</strong></span> <span class='ocrx_word' id='word_1_645' title='bbox 2656 3493 2708 3540; x_wconf 92' lang='lat' dir='ltr'><strong>et</strong></span> <span class='ocrx_word' id='word_1_646' title='bbox 2732 3488 3120 3555; x_wconf 85' lang='lat' dir='ltr'><strong>separabiteos</strong></span> <span class='ocrx_word' id='word_1_647' title='bbox 3141 3491 3208 3545; x_wconf 88' lang='lat' dir='ltr'><strong>ab</strong></span> <span class='ocrx_word' id='word_1_648' title='bbox 3232 3491 3487 3558; x_wconf 89' lang='lat' dir='ltr'><strong>invicem,</strong></span> 
     </span>
    </p>
   </div>
   <div class='ocr_carea' id='block_1_86' title="bbox 1895 3576 3492 3648">
    <p class='ocr_par' dir='ltr' id='par_1_86' title="bbox 1895 3576 3492 3648">
     <span class='ocr_line' id='line_1_86' title="bbox 1895 3576 3492 3648; baseline 0.008 -21"><span class='ocrx_word' id='word_1_649' title='bbox 1895 3576 2349 3644; x_wconf 87' lang='lat' dir='ltr'><strong>quemadmodum</strong></span> <span class='ocrx_word' id='word_1_650' title='bbox 2387 3588 2573 3644; x_wconf 88' lang='lat' dir='ltr'><strong>pastor</strong></span> <span class='ocrx_word' id='word_1_651' title='bbox 2623 3588 2874 3648; x_wconf 77' lang='lat' dir='ltr'><strong>segregat</strong></span> <span class='ocrx_word' id='word_1_652' title='bbox 2922 3596 3056 3635; x_wconf 86' lang='lat' dir='ltr'><strong>oves</strong></span> <span class='ocrx_word' id='word_1_653' title='bbox 3108 3584 3177 3637; x_wconf 88' lang='lat' dir='ltr'><strong>ab</strong></span> <span class='ocrx_word' id='word_1_654' title='bbox 3209 3584 3407 3647; x_wconf 71' lang='lat' dir='ltr'><strong>inaniis.</strong></span> <span class='ocrx_word' id='word_1_655' title='bbox 3435 3596 3492 3640; x_wconf 87' lang='lat' dir='ltr'><strong>et</strong></span> 
     </span>
    </p>
   </div>
   <div class='ocr_carea' id='block_1_87' title="bbox 1897 3666 3489 3737">
    <p class='ocr_par' dir='ltr' id='par_1_87' title="bbox 1897 3666 3489 3737">
     <span class='ocr_line' id='line_1_87' title="bbox 1897 3666 3489 3737; baseline 0.006 -16"><span class='ocrx_word' id='word_1_656' title='bbox 1897 3666 2352 3736; x_wconf 12' lang='lat' dir='ltr'><strong>statuetgquidem</strong></span> <span class='ocrx_word' id='word_1_657' title='bbox 2386 3682 2521 3723; x_wconf 84' lang='lat' dir='ltr'><strong>oves</strong></span> <span class='ocrx_word' id='word_1_658' title='bbox 2550 3684 2579 3722; x_wconf 89' lang='lat' dir='ltr'><strong>a</strong></span> <span class='ocrx_word' id='word_1_659' title='bbox 2615 3671 2820 3725; x_wconf 82' lang='lat' dir='ltr'><strong>dextris</strong></span> <span class='ocrx_word' id='word_1_660' title='bbox 2848 3673 2984 3737; x_wconf 88' lang='lat' dir='ltr'><strong>suis,</strong></span> <span class='ocrx_word' id='word_1_661' title='bbox 3011 3672 3202 3729; x_wconf 70' lang='lat' dir='ltr'><strong>haedos</strong></span> <span class='ocrx_word' id='word_1_662' title='bbox 3250 3686 3429 3730; x_wconf 88' lang='lat' dir='ltr'><strong>autem</strong></span> <span class='ocrx_word' id='word_1_663' title='bbox 3458 3692 3489 3731; x_wconf 85' lang='lat' dir='ltr'><strong>a</strong></span> 
     </span>
    </p>
   </div>
   <div class='ocr_carea' id='block_1_88' title="bbox 1895 3756 3488 3830">
    <p class='ocr_par' dir='ltr' id='par_1_88' title="bbox 1895 3756 3488 3830">
     <span class='ocr_line' id='line_1_88' title="bbox 1895 3756 3488 3830; baseline 0.006 -17"><span class='ocrx_word' id='word_1_664' title='bbox 1895 3756 2155 3813; x_wconf 78' lang='lat' dir='ltr'><strong>sinistris.</strong></span> <span class='ocrx_word' id='word_1_665' title='bbox 2213 3775 2232 3809; x_wconf 75' lang='grc' dir='ltr'><strong>ι</strong></span> <span class='ocrx_word' id='word_1_666' title='bbox 2272 3756 2539 3823; x_wconf 78' lang='lat' dir='ltr'><strong>Quoniam</strong></span> <span class='ocrx_word' id='word_1_667' title='bbox 2598 3760 2811 3830; x_wconf 88' lang='lat' dir='ltr'><strong>primus</strong></span> <span class='ocrx_word' id='word_1_668' title='bbox 2860 3765 3125 3819; x_wconf 82' lang='lat' dir='ltr'><strong>adventus</strong></span> <span class='ocrx_word' id='word_1_669' title='bbox 3178 3766 3389 3822; x_wconf 87' lang='lat' dir='ltr'><strong>Domini</strong></span> <span class='ocrx_word' id='word_1_670' title='bbox 3434 3769 3488 3823; x_wconf 89' lang='lat' dir='ltr'><strong>in</strong></span> 
     </span>
    </p>
   </div>
   <div class='ocr_carea' id='block_1_89' title="bbox 1896 3848 3486 3924">
    <p class='ocr_par' dir='ltr' id='par_1_89' title="bbox 1896 3848 3486 3924">
     <span class='ocr_line' id='line_1_89' title="bbox 1896 3848 3486 3924; baseline 0.008 -21"><span class='ocrx_word' id='word_1_671' title='bbox 1896 3849 2193 3917; x_wconf 83' lang='lat' dir='ltr'><strong>ignominia</strong></span> <span class='ocrx_word' id='word_1_672' title='bbox 2244 3848 2420 3906; x_wconf 83' lang='lat' dir='ltr'><strong>fuitet</strong></span> <span class='ocrx_word' id='word_1_673' title='bbox 2454 3854 2956 3924; x_wconf 86' lang='lat' dir='ltr'><strong>opprobriis,dicit,</strong></span> <span class='ocrx_word' id='word_1_674' title='bbox 2986 3856 3121 3913; x_wconf 90' lang='lat' dir='ltr'><strong>Cum</strong></span> <span class='ocrx_word' id='word_1_675' title='bbox 3177 3863 3387 3921; x_wconf 71' lang='lat' dir='ltr'><strong>venerit</strong></span> <span class='ocrx_word' id='word_1_676' title='bbox 3431 3862 3486 3917; x_wconf 93' lang='lat' dir='ltr'><strong>in</strong></span> 
     </span>
    </p>
   </div>
   <div class='ocr_carea' id='block_1_90' title="bbox 1897 3941 3489 4018">
    <p class='ocr_par' dir='ltr' id='par_1_90' title="bbox 1897 3941 3489 4018">
     <span class='ocr_line' id='line_1_90' title="bbox 1897 3941 3489 4018; baseline 0.009 -23"><span class='ocrx_word' id='word_1_677' title='bbox 1897 3941 2069 4011; x_wconf 88' lang='lat' dir='ltr'><strong>gloria</strong></span> <span class='ocrx_word' id='word_1_678' title='bbox 2104 3956 2225 3998; x_wconf 86' lang='lat' dir='ltr'><strong>sua.</strong></span> <span class='ocrx_word' id='word_1_679' title='bbox 2251 3941 2305 3995; x_wconf 90' lang='lat' dir='ltr'><strong>In</strong></span> <span class='ocrx_word' id='word_1_680' title='bbox 2339 3945 2575 3999; x_wconf 86' lang='lat' dir='ltr'><strong>secundo</strong></span> <span class='ocrx_word' id='word_1_681' title='bbox 2610 3946 2754 3999; x_wconf 86' lang='lat' dir='ltr'><strong>enim</strong></span> <span class='ocrx_word' id='word_1_682' title='bbox 2791 3962 2913 4001; x_wconf 85' lang='lat' dir='ltr'><strong>cum</strong></span> <span class='ocrx_word' id='word_1_683' title='bbox 2944 3948 3113 4017; x_wconf 82' lang='lat' dir='ltr'><strong>gloria</strong></span> <span class='ocrx_word' id='word_1_684' title='bbox 3147 3952 3344 4018; x_wconf 86' lang='lat' dir='ltr'><strong>aderit,</strong></span> <span class='ocrx_word' id='word_1_685' title='bbox 3386 3968 3489 4009; x_wconf 82' lang='lat' dir='ltr'><strong>an-</strong></span> 
     </span>
    </p>
   </div>
   <div class='ocr_carea' id='block_1_91' title="bbox 1894 4032 3492 4109">
    <p class='ocr_par' dir='ltr' id='par_1_91' title="bbox 1894 4032 3492 4109">
     <span class='ocr_line' id='line_1_91' title="bbox 1894 4032 3492 4109; baseline 0.01 -24"><span class='ocrx_word' id='word_1_686' title='bbox 1894 4032 2028 4101; x_wconf 88' lang='lat' dir='ltr'><strong>gelis</strong></span> <span class='ocrx_word' id='word_1_687' title='bbox 2057 4032 2231 4102; x_wconf 84' lang='lat' dir='ltr'><strong>ipsum</strong></span> <span class='ocrx_word' id='word_1_688' title='bbox 2261 4034 2605 4103; x_wconf 85' lang='lat' dir='ltr'><strong>stipantibus.</strong></span> <span class='ocrx_word' id='word_1_689' title='bbox 2626 4036 2866 4091; x_wconf 80' lang='lat' dir='ltr'><strong>Primum</strong></span> <span class='ocrx_word' id='word_1_690' title='bbox 2896 4050 3076 4093; x_wconf 88' lang='lat' dir='ltr'><strong>autem</strong></span> <span class='ocrx_word' id='word_1_691' title='bbox 3109 4053 3331 4109; x_wconf 72' lang='lat' dir='ltr'><strong>separat</strong></span> <span class='ocrx_word' id='word_1_692' title='bbox 3362 4060 3492 4100; x_wconf 64' lang='lat' dir='ltr'><strong>san»</strong></span> 
     </span>
    </p>
   </div>
   <div class='ocr_carea' id='block_1_92' title="bbox 1893 4128 3492 4205">
    <p class='ocr_par' dir='ltr' id='par_1_92' title="bbox 1893 4128 3492 4205">
     <span class='ocr_line' id='line_1_92' title="bbox 1893 4128 3492 4205; baseline 0.01 -26"><span class='ocrx_word' id='word_1_693' title='bbox 1893 4133 2012 4179; x_wconf 86' lang='lat' dir='ltr'><strong>ctos</strong></span> <span class='ocrx_word' id='word_1_694' title='bbox 2029 4140 2057 4178; x_wconf 90' lang='lat' dir='ltr'><strong>a</strong></span> <span class='ocrx_word' id='word_1_695' title='bbox 2080 4128 2478 4194; x_wconf 81' lang='lat' dir='ltr'><strong>peccatoribus,</strong></span> <span class='ocrx_word' id='word_1_696' title='bbox 2498 4128 2734 4185; x_wconf 91' lang='lat' dir='ltr'><strong>liberans</strong></span> <span class='ocrx_word' id='word_1_697' title='bbox 2752 4145 2849 4186; x_wconf 87' lang='lat' dir='ltr'><strong>eos</strong></span> <span class='ocrx_word' id='word_1_698' title='bbox 2865 4147 2894 4185; x_wconf 88' lang='lat' dir='ltr'><strong>a</strong></span> <span class='ocrx_word' id='word_1_699' title='bbox 2918 4131 3119 4199; x_wconf 88' lang='lat' dir='ltr'><strong>labore,</strong></span> <span class='ocrx_word' id='word_1_700' title='bbox 3134 4147 3189 4190; x_wconf 91' lang='lat' dir='ltr'><strong>et</strong></span> <span class='ocrx_word' id='word_1_701' title='bbox 3205 4137 3421 4205; x_wconf 88' lang='lat' dir='ltr'><strong>statuit,</strong></span> <span class='ocrx_word' id='word_1_702' title='bbox 3437 4148 3492 4195; x_wconf 75' lang='lat' dir='ltr'><strong>et</strong></span> 
     </span>
    </p>
   </div>
   <div class='ocr_carea' id='block_1_93' title="bbox 1899 4217 3488 4302">
    <p class='ocr_par' dir='ltr' id='par_1_93' title="bbox 1899 4217 3488 4302">
     <span class='ocr_line' id='line_1_93' title="bbox 1899 4217 3488 4302; baseline 0.009 -31"><span class='ocrx_word' id='word_1_703' title='bbox 1899 4228 2027 4271; x_wconf 91' lang='lat' dir='ltr'><strong>tunc</strong></span> <span class='ocrx_word' id='word_1_704' title='bbox 2056 4217 2296 4287; x_wconf 90' lang='lat' dir='ltr'><strong>loquitur</strong></span> <span class='ocrx_word' id='word_1_705' title='bbox 2342 4219 2441 4274; x_wconf 86' lang='lat' dir='ltr'><strong>eis.</strong></span> <span class='ocrx_word' id='word_1_706' title='bbox 2487 4220 2673 4291; x_wconf 83' lang='lat' dir='ltr'><strong>Itaque</strong></span> <span class='ocrx_word' id='word_1_707' title='bbox 2712 4238 2843 4279; x_wconf 85' lang='lat' dir='ltr'><strong>oves</strong></span> <span class='ocrx_word' id='word_1_708' title='bbox 2884 4236 3045 4280; x_wconf 87' lang='lat' dir='ltr'><strong>vocat</strong></span> <span class='ocrx_word' id='word_1_709' title='bbox 3079 4240 3320 4295; x_wconf 86' lang='lat' dir='ltr'><strong>sanctos,</strong></span> <span class='ocrx_word' id='word_1_710' title='bbox 3361 4233 3488 4302; x_wconf 80' lang='lat' dir='ltr'><strong>quia</strong></span> 
     </span>
    </p>
   </div>
   <div class='ocr_carea' id='block_1_94' title="bbox 1899 4308 3490 4379">
    <p class='ocr_par' dir='ltr' id='par_1_94' title="bbox 1899 4308 3490 4379">
     <span class='ocr_line' id='line_1_94' title="bbox 1899 4308 3490 4379; baseline 0.008 -14"><span class='ocrx_word' id='word_1_711' title='bbox 1899 4311 2162 4365; x_wconf 86' lang='lat' dir='ltr'><strong>mansueti</strong></span> <span class='ocrx_word' id='word_1_712' title='bbox 2198 4321 2427 4379; x_wconf 90' lang='lat' dir='ltr'><strong>sunt,et</strong></span> <span class='ocrx_word' id='word_1_713' title='bbox 2459 4312 2692 4372; x_wconf 79' lang='lat' dir='ltr'><strong>fructum</strong></span> <span class='ocrx_word' id='word_1_714' title='bbox 2734 4308 2889 4371; x_wconf 89' lang='lat' dir='ltr'><strong>nobis</strong></span> <span class='ocrx_word' id='word_1_715' title='bbox 2924 4332 2988 4373; x_wconf 86' lang='lat' dir='ltr'><strong>ac</strong></span> <span class='ocrx_word' id='word_1_716' title='bbox 3019 4320 3309 4375; x_wconf 84' lang='lat' dir='ltr'><strong>utilitatem</strong></span> <span class='ocrx_word' id='word_1_717' title='bbox 3358 4323 3490 4377; x_wconf 80' lang='lat' dir='ltr'><strong>dant</strong></span> 
     </span>
    </p>
   </div>
   <div class='ocr_carea' id='block_1_95' title="bbox 1898 4403 3490 4474">
    <p class='ocr_par' dir='ltr' id='par_1_95' title="bbox 1898 4403 3490 4474">
     <span class='ocr_line' id='line_1_95' title="bbox 1898 4403 3490 4474; baseline 0.01 -20"><span class='ocrx_word' id='word_1_718' title='bbox 1898 4411 1954 4455; x_wconf 91' lang='lat' dir='ltr'><strong>ut</strong></span> <span class='ocrx_word' id='word_1_719' title='bbox 2004 4417 2135 4457; x_wconf 89' lang='lat' dir='ltr'><strong>oves</strong></span> <span class='ocrx_word' id='word_1_720' title='bbox 2174 4403 2351 4456; x_wconf 84' lang='lat' dir='ltr'><strong>lanam</strong></span> <span class='ocrx_word' id='word_1_721' title='bbox 2402 4407 2837 4474; x_wconf 85' lang='lat' dir='ltr'><strong>suppeditantes,</strong></span> <span class='ocrx_word' id='word_1_722' title='bbox 2874 4408 3127 4465; x_wconf 88' lang='lat' dir='ltr'><strong>videlicet</strong></span> <span class='ocrx_word' id='word_1_723' title='bbox 3157 4412 3399 4468; x_wconf 86' lang='lat' dir='ltr'><strong>divinum</strong></span> <span class='ocrx_word' id='word_1_724' title='bbox 3434 4424 3490 4470; x_wconf 83' lang='lat' dir='ltr'><strong>et</strong></span> 
     </span>
    </p>
   </div>
   <div class='ocr_carea' id='block_1_96' title="bbox 1899 4494 3486 4567">
    <p class='ocr_par' dir='ltr' id='par_1_96' title="bbox 1899 4494 3486 4567">
     <span class='ocr_line' id='line_1_96' title="bbox 1899 4494 3486 4567; baseline 0.009 -21"><span class='ocrx_word' id='word_1_725' title='bbox 1899 4494 2235 4561; x_wconf 85' lang='lat' dir='ltr'><strong>spiritualem</strong></span> <span class='ocrx_word' id='word_1_726' title='bbox 2283 4495 2540 4551; x_wconf 89' lang='lat' dir='ltr'><strong>amictum</strong></span> <span class='ocrx_word' id='word_1_727' title='bbox 2574 4517 2588 4553; x_wconf 89' lang='lat'><strong>:</strong></span> <span class='ocrx_word' id='word_1_728' title='bbox 2621 4507 2674 4553; x_wconf 88' lang='lat' dir='ltr'><strong>et</strong></span> <span class='ocrx_word' id='word_1_729' title='bbox 2716 4499 2819 4563; x_wconf 88' lang='lat' dir='ltr'><strong>lac,</strong></span> <span class='ocrx_word' id='word_1_730' title='bbox 2853 4501 2957 4555; x_wconf 86' lang='lat' dir='ltr'><strong>hoc</strong></span> <span class='ocrx_word' id='word_1_731' title='bbox 2994 4512 3096 4567; x_wconf 90' lang='lat' dir='ltr'><strong>est,</strong></span> <span class='ocrx_word' id='word_1_732' title='bbox 3134 4504 3316 4559; x_wconf 89' lang='lat' dir='ltr'><strong>cibum</strong></span> <span class='ocrx_word' id='word_1_733' title='bbox 3353 4520 3486 4561; x_wconf 85' lang='lat' dir='ltr'><strong>con-</strong></span> 
     </span>
    </p>
   </div>
   <div class='ocr_carea' id='block_1_97' title="bbox 1899 4588 3483 4667">
    <p class='ocr_par' dir='ltr' id='par_1_97' title="bbox 1899 4588 3483 4667">
     <span class='ocr_line' id='line_1_97' title="bbox 1899 4588 3483 4667; baseline 0.008 -27"><span class='ocrx_word' id='word_1_734' title='bbox 1899 4603 2093 4656; x_wconf 88' lang='lat' dir='ltr'><strong>gruum</strong></span> <span class='ocrx_word' id='word_1_735' title='bbox 2120 4606 2134 4643; x_wconf 90' lang='lat'><strong>:</strong></span> <span class='ocrx_word' id='word_1_736' title='bbox 2163 4588 2355 4643; x_wconf 65' lang='lat' dir='ltr'><strong>haedos</strong></span> <span class='ocrx_word' id='word_1_737' title='bbox 2387 4600 2563 4644; x_wconf 88' lang='lat' dir='ltr'><strong>autem</strong></span> <span class='ocrx_word' id='word_1_738' title='bbox 2593 4599 2907 4659; x_wconf 88' lang='lat' dir='ltr'><strong>peccatores</strong></span> <span class='ocrx_word' id='word_1_739' title='bbox 2940 4612 2955 4648; x_wconf 90' lang='lat'><strong>:</strong></span> <span class='ocrx_word' id='word_1_740' title='bbox 2991 4596 3041 4647; x_wconf 93' lang='lat' dir='ltr'><strong>in</strong></span> <span class='ocrx_word' id='word_1_741' title='bbox 3076 4610 3316 4667; x_wconf 58' lang='lat' dir='ltr'><strong>praceps</strong></span> <span class='ocrx_word' id='word_1_742' title='bbox 3338 4601 3483 4654; x_wconf 87' lang='lat' dir='ltr'><strong>enim</strong></span> 
     </span>
    </p>
   </div>
   <div class='ocr_carea' id='block_1_98' title="bbox 1897 4681 3375 4755">
    <p class='ocr_par' dir='ltr' id='par_1_98' title="bbox 1897 4681 3375 4755">
     <span class='ocr_line' id='line_1_98' title="bbox 1897 4681 3375 4755; baseline 0.007 -22"><span class='ocrx_word' id='word_1_743' title='bbox 1897 4681 2120 4745; x_wconf 86' lang='lat' dir='ltr'><strong>vadunt,</strong></span> <span class='ocrx_word' id='word_1_744' title='bbox 2143 4691 2198 4736; x_wconf 89' lang='lat' dir='ltr'><strong>et</strong></span> <span class='ocrx_word' id='word_1_745' title='bbox 2228 4682 2751 4755; x_wconf 84' lang='lat' dir='ltr'><strong>incompositi.sunt,</strong></span> <span class='ocrx_word' id='word_1_746' title='bbox 2775 4694 2830 4739; x_wconf 88' lang='lat' dir='ltr'><strong>et</strong></span> <span class='ocrx_word' id='word_1_747' title='bbox 2862 4685 3078 4742; x_wconf 86' lang='lat' dir='ltr'><strong>steriles</strong></span> <span class='ocrx_word' id='word_1_748' title='bbox 3107 4699 3165 4742; x_wconf 87' lang='lat' dir='ltr'><strong>ut</strong></span> <span class='ocrx_word' id='word_1_749' title='bbox 3201 4691 3375 4745; x_wconf 63' lang='lat' dir='ltr'><strong>breui.</strong></span> 
     </span>
    </p>
   </div>
   <div class='ocr_carea' id='block_1_99' title="bbox 1969 4968 3484 5053">
    <p class='ocr_par' dir='ltr' id='par_1_99' title="bbox 1969 4968 3484 5053">
     <span class='ocr_line' id='line_1_99' title="bbox 1969 4968 3484 5053; baseline 0.01 -31"><span class='ocrx_word' id='word_1_750' title='bbox 1969 4968 2131 5024; x_wconf 72' lang='lat' dir='ltr'><strong>Vens.</strong></span> <span class='ocrx_word' id='word_1_751' title='bbox 2160 4969 2346 5025; x_wconf 69' lang='grc' dir='ltr'><strong>δι-ιο.</strong></span> <span class='ocrx_word' id='word_1_752' title='bbox 2378 4990 2396 5023; x_wconf 85' lang='grc'>‹</span> <span class='ocrx_word' id='word_1_753' title='bbox 2435 4970 2586 5028; x_wconf 88' lang='lat' dir='ltr'><strong>Tunc</strong></span> <span class='ocrx_word' id='word_1_754' title='bbox 2634 4975 2764 5030; x_wconf 86' lang='lat' dir='ltr'><strong>dicit</strong></span> <span class='ocrx_word' id='word_1_755' title='bbox 2820 4976 2980 5049; x_wconf 72' lang='grc' dir='ltr'><strong>ιω</strong></span> <span class='ocrx_word' id='word_1_756' title='bbox 3030 4996 3122 5036; x_wconf 88' lang='lat' dir='ltr'><strong>rex</strong></span> <span class='ocrx_word' id='word_1_757' title='bbox 3179 4982 3263 5037; x_wconf 77' lang='lat' dir='ltr'><strong>liis</strong></span> <span class='ocrx_word' id='word_1_758' title='bbox 3311 4986 3402 5053; x_wconf 88' lang='lat' dir='ltr'><strong>qui</strong></span> <span class='ocrx_word' id='word_1_759' title='bbox 3453 5001 3484 5037; x_wconf 76' lang='grc' dir='ltr'><strong>ιι</strong></span> 
     </span>
    </p>
   </div>
   <div class='ocr_carea' id='block_1_100' title="bbox 1901 5059 3477 5139">
    <p class='ocr_par' dir='ltr' id='par_1_100' title="bbox 1901 5059 3477 5139">
     <span class='ocr_line' id='line_1_100' title="bbox 1901 5059 3477 5139; baseline 0.01 -26"><span class='ocrx_word' id='word_1_760' title='bbox 1901 5059 2109 5114; x_wconf 86' lang='lat' dir='ltr'><strong>dextris</strong></span> <span class='ocrx_word' id='word_1_761' title='bbox 2139 5060 2241 5115; x_wconf 90' lang='lat' dir='ltr'><strong>sibi</strong></span> <span class='ocrx_word' id='word_1_762' title='bbox 2296 5059 2735 5133; x_wconf 75' lang='lat' dir='ltr'><strong>eruntzV&#39;enite,</strong></span> <span class='ocrx_word' id='word_1_763' title='bbox 2794 5068 3066 5125; x_wconf 88' lang='lat' dir='ltr'><strong>benedicti</strong></span> <span class='ocrx_word' id='word_1_764' title='bbox 3122 5071 3301 5127; x_wconf 84' lang='lat' dir='ltr'><strong>Patris</strong></span> <span class='ocrx_word' id='word_1_765' title='bbox 3350 5078 3477 5139; x_wconf 81' lang='lat' dir='ltr'><strong>mei,</strong></span> 
     </span>
    </p>
   </div>
   <div class='ocr_carea' id='block_1_101' title="bbox 1177 5210 2511 5283">
    <p class='ocr_par' dir='ltr' id='par_1_101' title="bbox 1177 5210 2511 5283">
     <span class='ocr_line' id='line_1_101' title="bbox 1177 5210 2511 5283; baseline 0.009 -14"><span class='ocrx_word' id='word_1_766' title='bbox 1177 5210 1269 5269; x_wconf 84' lang='lat' dir='ltr'><strong>Ex</strong></span> <span class='ocrx_word' id='word_1_767' title='bbox 1300 5210 1649 5273; x_wconf 83' lang='lat' dir='ltr'><strong>collatione</strong></span> <span class='ocrx_word' id='word_1_768' title='bbox 1681 5214 1871 5279; x_wconf 91' lang='lat' dir='ltr'><strong>codd.</strong></span> <span class='ocrx_word' id='word_1_769' title='bbox 1908 5219 2142 5282; x_wconf 87' lang='lat' dir='ltr'><strong>Venet.</strong></span> <span class='ocrx_word' id='word_1_770' title='bbox 2192 5220 2257 5283; x_wconf 91' lang='lat' dir='ltr'><strong>S.</strong></span> <span class='ocrx_word' id='word_1_771' title='bbox 2290 5219 2511 5283; x_wconf 81' lang='lat' dir='ltr'><strong>Marci.</strong></span> 
     </span>
    </p>
   </div>
   <div class='ocr_carea' id='block_1_102' title="bbox 206 5348 1793 5477">
    <p class='ocr_par' dir='ltr' id='par_1_102' title="bbox 206 5348 1793 5477">
     <span class='ocr_line' id='line_1_102' title="bbox 276 5348 1793 5477; baseline -0.006 -69"><span class='ocrx_word' id='word_1_772' title='bbox 276 5352 399 5477; x_wconf 52' lang='grc' dir='ltr'><strong>ἓὸξ)</strong></span> <span class='ocrx_word' id='word_1_773' title='bbox 431 5349 565 5407; x_wconf 88' lang='lat' dir='ltr'><strong>Cod.</strong></span> <span class='ocrx_word' id='word_1_774' title='bbox 594 5349 670 5431; x_wconf 59' lang='grc' dir='ltr'><strong>ζῆ</strong></span> <span class='ocrx_word' id='word_1_775' title='bbox 709 5349 899 5406; x_wconf 81' lang='lat' dir='ltr'><strong>addit:</strong></span> <span class='ocrx_word' id='word_1_776' title='bbox 931 5348 1054 5402; x_wconf 86' lang='grc' dir='ltr'><strong>Τῶν</strong></span> <span class='ocrx_word' id='word_1_777' title='bbox 1074 5348 1286 5435; x_wconf 38' lang='grc' dir='ltr'><strong>,δούλων</strong></span> <span class='ocrx_word' id='word_1_778' title='bbox 1311 5353 1427 5432; x_wconf 63' lang='grc' dir='ltr'><strong>γάρ</strong></span> <span class='ocrx_word' id='word_1_779' title='bbox 1459 5353 1577 5407; x_wconf 85' lang='grc' dir='ltr'><strong>ἐστι</strong></span> <span class='ocrx_word' id='word_1_780' title='bbox 1603 5354 1664 5406; x_wconf 84' lang='grc' dir='ltr'><strong>τὸ</strong></span> <span class='ocrx_word' id='word_1_781' title='bbox 1697 5372 1793 5425; x_wconf 85' lang='grc' dir='ltr'><strong>με-</strong></span> 
     </span>
     <span class='ocr_line' id='line_1_103' title="bbox 206 5419 1793 5477; baseline 0 0"><span class='ocrx_word' id='word_1_782' title='bbox 206 5440 274 5477; x_wconf 89' lang='grc' dir='ltr'><strong>τα</strong></span> <span class='ocrx_word' id='word_1_783' title='bbox 306 5439 490 5477; x_wconf 91' lang='grc' dir='ltr'><strong>ουναι.</strong></span> <span class='ocrx_word' id='word_1_784' title='bbox 530 5437 624 5473; x_wconf 85' lang='grc' dir='ltr'><strong>του</strong></span> <span class='ocrx_word' id='word_1_785' title='bbox 661 5420 717 5472; x_wconf 80' lang='grc' dir='ltr'><strong>δὲ</strong></span> <span class='ocrx_word' id='word_1_786' title='bbox 746 5419 1008 5473; x_wconf 87' lang='grc' dir='ltr'><strong>δεσπότου</strong></span> <span class='ocrx_word' id='word_1_787' title='bbox 1039 5437 1099 5473; x_wconf 88' lang='grc' dir='ltr'><strong>το</strong></span> <span class='ocrx_word' id='word_1_788' title='bbox 1136 5421 1443 5477; x_wconf 66' lang='grc' dir='ltr'><strong>ἀπαιτῆσαι</strong></span> <span class='ocrx_word' id='word_1_789' title='bbox 1466 5440 1479 5452; x_wconf 89' lang='grc'><strong>·</strong></span> <span class='ocrx_word' id='word_1_790' title='bbox 1516 5424 1666 5477; x_wconf 86' lang='grc' dir='ltr'><strong>λέγει</strong></span> <span class='ocrx_word' id='word_1_791' title='bbox 1702 5421 1793 5477; x_wconf 84' lang='grc' dir='ltr'><strong>οὖν</strong></span> 
     </span>
    </p>
   </div>
   <div class='ocr_carea' id='block_1_103' title="bbox 1906 5360 3482 5439">
    <p class='ocr_par' dir='ltr' id='par_1_103' title="bbox 1906 5360 3482 5439">
     <span class='ocr_line' id='line_1_104' title="bbox 1906 5360 3482 5439; baseline 0.011 -23"><span class='ocrx_word' id='word_1_792' title='bbox 1906 5360 2273 5439; x_wconf 34' lang='grc' dir='ltr'><strong>όοηιίηἰιτετο</strong></span> <span class='ocrx_word' id='word_1_793' title='bbox 2301 5372 2571 5439; x_wconf 85' lang='lat' dir='ltr'><strong>repetere.</strong></span> <span class='ocrx_word' id='word_1_794' title='bbox 2589 5362 2816 5439; x_wconf 65' lang='grc' dir='ltr'><strong>ΔΛίΐειιιι·</strong></span> <span class='ocrx_word' id='word_1_795' title='bbox 2862 5366 3046 5439; x_wconf 90' lang='lat' dir='ltr'><strong>itaque</strong></span> <span class='ocrx_word' id='word_1_796' title='bbox 3079 5362 3287 5429; x_wconf 20' lang='lat' dir='ltr'><strong>servus.</strong></span> <span class='ocrx_word' id='word_1_797' title='bbox 3310 5376 3482 5433; x_wconf 87' lang='lat' dir='ltr'><strong>domi-</strong></span> 
     </span>
    </p>
   </div>
   <div class='ocr_carea' id='block_1_104' title="bbox 306 5419 1792 5504">
    <p class='ocr_par' dir='ltr' id='par_1_104' title="bbox 306 5419 1792 5504">
     <span class='ocr_line' id='line_1_105' title="bbox 306 5419 1792 5504; baseline 0.003 -29"><span class='ocrx_word' id='word_1_798' title='bbox 306 5419 490 5504; x_wconf 58' lang='grc' dir='ltr'><strong>δῦναι,</strong></span> <span class='ocrx_word' id='word_1_799' title='bbox 530 5419 624 5504; x_wconf 71' lang='grc' dir='ltr'><strong>τοῦ</strong></span> <span class='ocrx_word' id='word_1_800' title='bbox 661 5420 717 5504; x_wconf 74' lang='grc' dir='ltr'><strong>δὲ</strong></span> <span class='ocrx_word' id='word_1_801' title='bbox 746 5419 1008 5504; x_wconf 70' lang='grc' dir='ltr'><strong>δεσπότου</strong></span> <span class='ocrx_word' id='word_1_802' title='bbox 1136 5419 1479 5504; x_wconf 66' lang='grc' dir='ltr'><strong>ἀπαιτῆσαι·</strong></span> <span class='ocrx_word' id='word_1_803' title='bbox 1516 5424 1666 5491; x_wconf 87' lang='grc' dir='ltr'><strong>λέγει</strong></span> <span class='ocrx_word' id='word_1_804' title='bbox 1697 5419 1792 5479; x_wconf 73' lang='grc' dir='ltr'><strong>οὖν</strong></span> 
     </span>
    </p>
   </div>
   <div class='ocr_carea' id='block_1_105' title="bbox 1898 5419 3476 5504">
    <p class='ocr_par' dir='ltr' id='par_1_105' title="bbox 1908 5419 3476 5504">
     <span class='ocr_line' id='line_1_106' title="bbox 1908 5419 3476 5504; baseline 0.013 -20"><span class='ocrx_word' id='word_1_805' title='bbox 1908 5447 2035 5484; x_wconf 93' lang='lat' dir='ltr'><strong>num</strong></span> <span class='ocrx_word' id='word_1_806' title='bbox 2062 5449 2076 5485; x_wconf 87' lang='lat'><strong>:</strong></span> <span class='ocrx_word' id='word_1_807' title='bbox 2110 5419 2426 5504; x_wconf 78' lang='lat' dir='ltr'><strong>Austerum,</strong></span> <span class='ocrx_word' id='word_1_808' title='bbox 2456 5434 2649 5502; x_wconf 84' lang='lat' dir='ltr'><strong>inquit,</strong></span> <span class='ocrx_word' id='word_1_809' title='bbox 2679 5436 2788 5489; x_wconf 80' lang='lat' dir='ltr'><strong>vidi</strong></span> <span class='ocrx_word' id='word_1_810' title='bbox 2834 5419 3295 5499; x_wconf 33' lang='lat' dir='ltr'><strong>essen—nuntiatum</strong></span> 
     </span>
    </p>
   </div>
   <div class='ocr_carea' id='block_1_106' title="bbox 208 5490 1789 5561">
    <p class='ocr_par' dir='ltr' id='par_1_106' title="bbox 208 5490 1789 5561">
     <span class='ocr_line' id='line_1_107' title="bbox 208 5490 1789 5561; baseline 0 -13"><span class='ocrx_word' id='word_1_811' title='bbox 208 5496 235 5548; x_wconf 65' lang='grc' dir='ltr'>ὁ</span> <span class='ocrx_word' id='word_1_812' title='bbox 255 5493 449 5556; x_wconf 72' lang='grc' dir='ltr'><strong>δοῦλος</strong></span> <span class='ocrx_word' id='word_1_813' title='bbox 481 5490 620 5561; x_wconf 80' lang='grc' dir='ltr'><strong>πρὸς</strong></span> <span class='ocrx_word' id='word_1_814' title='bbox 643 5491 733 5543; x_wconf 79' lang='grc' dir='ltr'><strong>τὸν</strong></span> <span class='ocrx_word' id='word_1_815' title='bbox 761 5490 1048 5561; x_wconf 60' lang='grc' dir='ltr'><strong>δεσπότην</strong></span> <span class='ocrx_word' id='word_1_816' title='bbox 1069 5490 1341 5561; x_wconf 77' lang='grc' dir='ltr'><strong>Σκληρὸν,</strong></span> <span class='ocrx_word' id='word_1_817' title='bbox 1360 5495 1516 5561; x_wconf 72' lang='grc' dir='ltr'><strong>φησὶ,</strong></span> <span class='ocrx_word' id='word_1_818' title='bbox 1551 5490 1789 5549; x_wconf 82' lang='grc' dir='ltr'><strong>συνεῖδον</strong></span> 
     </span>
    </p>
   </div>
   <div class='ocr_carea' id='block_1_107' title="bbox 206 5561 1789 5633">
    <p class='ocr_par' dir='ltr' id='par_1_107' title="bbox 206 5561 1789 5633">
     <span class='ocr_line' id='line_1_108' title="bbox 206 5561 1789 5633; baseline 0 -14"><span class='ocrx_word' id='word_1_819' title='bbox 206 5564 268 5618; x_wconf 75' lang='grc' dir='ltr'><strong>τὸ</strong></span> <span class='ocrx_word' id='word_1_820' title='bbox 306 5562 596 5633; x_wconf 65' lang='grc' dir='ltr'><strong>ἐπίταγμά</strong></span> <span class='ocrx_word' id='word_1_821' title='bbox 628 5577 743 5623; x_wconf 88' lang='grc' dir='ltr'><strong>σου,</strong></span> <span class='ocrx_word' id='word_1_822' title='bbox 787 5562 847 5633; x_wconf 81' lang='grc' dir='ltr'><strong>τὸ</strong></span> <span class='ocrx_word' id='word_1_823' title='bbox 891 5561 1077 5633; x_wconf 84' lang='grc' dir='ltr'><strong>ζητεῖν</strong></span> <span class='ocrx_word' id='word_1_824' title='bbox 1119 5562 1611 5633; x_wconf 13' lang='grc' dir='ltr'><strong>παράίάνθρώπων</strong></span> <span class='ocrx_word' id='word_1_825' title='bbox 1647 5566 1789 5619; x_wconf 80' lang='grc' dir='ltr'><strong>ὑπα-</strong></span> 
     </span>
    </p>
   </div>
   <div class='ocr_carea' id='block_1_108' title="bbox 208 5627 1786 5703">
    <p class='ocr_par' dir='ltr' id='par_1_108' title="bbox 208 5627 1786 5703">
     <span class='ocr_line' id='line_1_109' title="bbox 208 5627 1786 5703; baseline 0.001 -16"><span class='ocrx_word' id='word_1_826' title='bbox 208 5638 366 5703; x_wconf 71' lang='grc' dir='ltr'><strong>κοὴν,</strong></span> <span class='ocrx_word' id='word_1_827' title='bbox 400 5627 614 5694; x_wconf 34' lang='grc' dir='ltr'><strong>οἷς-οὒκ</strong></span> <span class='ocrx_word' id='word_1_828' title='bbox 636 5627 957 5703; x_wconf 76' lang='grc' dir='ltr'><strong>ἐνεποίησας</strong></span> <span class='ocrx_word' id='word_1_829' title='bbox 986 5632 1076 5703; x_wconf 87' lang='grc' dir='ltr'><strong>διά</strong></span> <span class='ocrx_word' id='word_1_830' title='bbox 1103 5627 1393 5703; x_wconf 75' lang='grc' dir='ltr'><strong>τοῦλόγου</strong></span> <span class='ocrx_word' id='word_1_831' title='bbox 1412 5627 1476 5684; x_wconf 74' lang='grc' dir='ltr'><strong>τὸ</strong></span> <span class='ocrx_word' id='word_1_832' title='bbox 1506 5636 1566 5686; x_wconf 83' lang='grc' dir='ltr'><strong>εὑ</strong></span> <span class='ocrx_word' id='word_1_833' title='bbox 1582 5636 1786 5701; x_wconf 84' lang='grc' dir='ltr'><strong>πειθὲς,</strong></span> 
     </span>
    </p>
   </div>
   <div class='ocr_carea' id='block_1_109' title="bbox 206 5701 1789 5773">
    <p class='ocr_par' dir='ltr' id='par_1_109' title="bbox 206 5701 1789 5773">
     <span class='ocr_line' id='line_1_110' title="bbox 206 5701 1789 5773; baseline 0.007 -23"><span class='ocrx_word' id='word_1_834' title='bbox 206 5701 570 5773; x_wconf 62' lang='grc' dir='ltr'><strong>διδ’φοϐηθεὶς</strong></span> <span class='ocrx_word' id='word_1_835' title='bbox 598 5701 672 5769; x_wconf 84' lang='grc' dir='ltr'><strong>μὴ</strong></span> <span class='ocrx_word' id='word_1_836' title='bbox 700 5702 976 5770; x_wconf 75' lang='grc' dir='ltr'><strong>ἄπρακτος</strong></span> <span class='ocrx_word' id='word_1_837' title='bbox 1007 5702 1273 5773; x_wconf 79' lang='grc' dir='ltr'><strong>γένωμαι,</strong></span> <span class='ocrx_word' id='word_1_838' title='bbox 1306 5702 1365 5753; x_wconf 86' lang='grc' dir='ltr'><strong>τὸ</strong></span> <span class='ocrx_word' id='word_1_839' title='bbox 1390 5706 1531 5772; x_wconf 27' lang='grc' dir='ltr'><strong>,κατ’</strong></span> <span class='ocrx_word' id='word_1_840' title='bbox 1551 5707 1789 5773; x_wconf 76' lang='grc' dir='ltr'><strong>ἐμαυτὸν</strong></span> 
     </span>
    </p>
   </div>
   <div class='ocr_carea' id='block_1_110' title="bbox 213 5772 1784 5841">
    <p class='ocr_par' dir='ltr' id='par_1_110' title="bbox 213 5772 1784 5841">
     <span class='ocr_line' id='line_1_111' title="bbox 213 5772 1784 5841; baseline 0.004 -16"><span class='ocrx_word' id='word_1_841' title='bbox 213 5772 369 5826; x_wconf 45' lang='lat' dir='ltr'><strong>aevo-1</strong></span> <span class='ocrx_word' id='word_1_842' title='bbox 402 5772 669 5838; x_wconf 74' lang='grc' dir='ltr'><strong>ἐφύλαξα,</strong></span> <span class='ocrx_word' id='word_1_843' title='bbox 698 5772 757 5822; x_wconf 73' lang='grc' dir='ltr'><strong>τὸ</strong></span> <span class='ocrx_word' id='word_1_844' title='bbox 790 5772 845 5824; x_wconf 70' lang='grc' dir='ltr'><strong>δὲ</strong></span> <span class='ocrx_word' id='word_1_845' title='bbox 892 5773 1022 5841; x_wconf 74' lang='grc' dir='ltr'><strong>περὶ</strong></span> <span class='ocrx_word' id='word_1_846' title='bbox 1056 5772 1277 5841; x_wconf 81' lang='grc' dir='ltr'><strong>ἐτέρους</strong></span> <span class='ocrx_word' id='word_1_847' title='bbox 1309 5774 1410 5825; x_wconf 86' lang='grc' dir='ltr'><strong>οὑκ</strong></span> <span class='ocrx_word' id='word_1_848' title='bbox 1454 5772 1784 5831; x_wconf 82' lang='grc' dir='ltr'><strong>ἐσπούδασα.</strong></span> 
     </span>
    </p>
   </div>
   <div class='ocr_carea' id='block_1_111' title="bbox 214 5839 1787 5915">
    <p class='ocr_par' dir='ltr' id='par_1_111' title="bbox 214 5839 1787 5915">
     <span class='ocr_line' id='line_1_112' title="bbox 214 5839 1787 5915; baseline 0.004 -19"><span class='ocrx_word' id='word_1_849' title='bbox 214 5843 271 5910; x_wconf 70' lang='grc' dir='ltr'>η</span> <span class='ocrx_word' id='word_1_850' title='bbox 289 5842 592 5905; x_wconf 74' lang='grc' dir='ltr'><strong>απεζίτας,</strong></span> <span class='ocrx_word' id='word_1_851' title='bbox 621 5858 673 5896; x_wconf 88' lang='grc' dir='ltr'><strong>κ.</strong></span> <span class='ocrx_word' id='word_1_852' title='bbox 704 5857 753 5894; x_wconf 82' lang='grc' dir='ltr'><strong>τ.</strong></span> <span class='ocrx_word' id='word_1_853' title='bbox 780 5842 831 5894; x_wconf 85' lang='grc' dir='ltr'><strong>λ.</strong></span> <span class='ocrx_word' id='word_1_854' title='bbox 870 5860 887 5893; x_wconf 75' lang='grc' dir='ltr'><strong>ι</strong></span> <span class='ocrx_word' id='word_1_855' title='bbox 918 5839 1211 5898; x_wconf 77' lang='lat' dir='ltr'><strong>servorum</strong></span> <span class='ocrx_word' id='word_1_856' title='bbox 1244 5842 1388 5899; x_wconf 78' lang='lat' dir='ltr'><strong>enim</strong></span> <span class='ocrx_word' id='word_1_857' title='bbox 1435 5855 1516 5901; x_wconf 81' lang='lat' dir='ltr'><strong>est</strong></span> <span class='ocrx_word' id='word_1_858' title='bbox 1541 5848 1787 5915; x_wconf 68' lang='lat' dir='ltr'><strong>reddere,</strong></span> 
     </span>
    </p>
   </div>
   <div class='ocr_carea' id='block_1_112' title="bbox 1897 5502 3481 5582">
    <p class='ocr_par' dir='ltr' id='par_1_112' title="bbox 1897 5502 3481 5582">
     <span class='ocr_line' id='line_1_113' title="bbox 1897 5502 3481 5582; baseline 0.003 -25"><span class='ocrx_word' id='word_1_859' title='bbox 1897 5516 2005 5571; x_wconf 77' lang='lat' dir='ltr'><strong>quo</strong></span> <span class='ocrx_word' id='word_1_860' title='bbox 2037 5502 2400 5582; x_wconf 78' lang='lat' dir='ltr'><strong>obedientiam</strong></span> <span class='ocrx_word' id='word_1_861' title='bbox 2424 5504 2852 5582; x_wconf 67' lang='lat' dir='ltr'><strong>ab__itoniinibus</strong></span> <span class='ocrx_word' id='word_1_862' title='bbox 2877 5512 3072 5582; x_wconf 69' lang='lat' dir='ltr'><strong>exigis,</strong></span> <span class='ocrx_word' id='word_1_863' title='bbox 3098 5514 3298 5582; x_wconf 89' lang='lat' dir='ltr'><strong>quibus</strong></span> <span class='ocrx_word' id='word_1_864' title='bbox 3330 5502 3481 5573; x_wconf 60' lang='lat' dir='ltr'><strong>acili.</strong></span> 
     </span>
    </p>
   </div>
   <div class='ocr_carea' id='block_1_113' title="bbox 1894 5572 3489 5655">
    <p class='ocr_par' dir='ltr' id='par_1_113' title="bbox 1894 5572 3489 5655">
     <span class='ocr_line' id='line_1_114' title="bbox 1894 5572 3489 5655; baseline 0.014 -32"><span class='ocrx_word' id='word_1_865' title='bbox 1894 5582 1997 5655; x_wconf 34' lang='lat' dir='ltr'><strong>cet.</strong></span> <span class='ocrx_word' id='word_1_866' title='bbox 2011 5588 2107 5641; x_wconf 89' lang='lat' dir='ltr'><strong>per</strong></span> <span class='ocrx_word' id='word_1_867' title='bbox 2130 5574 2399 5655; x_wconf 72' lang='lat' dir='ltr'><strong>rationem</strong></span> <span class='ocrx_word' id='word_1_868' title='bbox 2419 5572 3039 5655; x_wconf 56' lang='lat' dir='ltr'><strong>facilitatemobedien&#39;di</strong></span> <span class='ocrx_word' id='word_1_869' title='bbox 3061 5572 3178 5637; x_wconf 78' lang='lat' dir='ltr'><strong>non</strong></span> <span class='ocrx_word' id='word_1_870' title='bbox 3198 5572 3439 5643; x_wconf 89' lang='lat' dir='ltr'><strong>tribuisti</strong></span> <span class='ocrx_word' id='word_1_871' title='bbox 3460 5586 3489 5655; x_wconf 45' lang='grc'><strong>;“</strong></span> 
     </span>
    </p>
   </div>
   <div class='ocr_carea' id='block_1_114' title="bbox 1896 5643 3481 5718">
    <p class='ocr_par' dir='ltr' id='par_1_114' title="bbox 1896 5643 3481 5718">
     <span class='ocr_line' id='line_1_115' title="bbox 1896 5643 3481 5718; baseline 0.011 -24"><span class='ocrx_word' id='word_1_872' title='bbox 1896 5643 2101 5697; x_wconf 90' lang='lat' dir='ltr'><strong>idcirco</strong></span> <span class='ocrx_word' id='word_1_873' title='bbox 2134 5644 2351 5718; x_wconf 72' lang='lat' dir='ltr'><strong>titnens,</strong></span> <span class='ocrx_word' id='word_1_874' title='bbox 2381 5660 2447 5697; x_wconf 90' lang='lat' dir='ltr'><strong>ne</strong></span> <span class='ocrx_word' id='word_1_875' title='bbox 2482 5659 2510 5696; x_wconf 91' lang='lat' dir='ltr'><strong>a</strong></span> <span class='ocrx_word' id='word_1_876' title='bbox 2562 5646 2865 5718; x_wconf 77' lang='lat' dir='ltr'><strong>ministerio</strong></span> <span class='ocrx_word' id='word_1_877' title='bbox 2894 5652 3226 5718; x_wconf 77' lang='lat' dir='ltr'><strong>exciderent,</strong></span> <span class='ocrx_word' id='word_1_878' title='bbox 3271 5656 3323 5710; x_wconf 83' lang='lat' dir='ltr'><strong>id</strong></span> <span class='ocrx_word' id='word_1_879' title='bbox 3358 5643 3481 5711; x_wconf 58' lang='lat' dir='ltr'><strong>tan;</strong></span> 
     </span>
    </p>
   </div>
   <div class='ocr_carea' id='block_1_115' title="bbox 1894 5714 3480 5791">
    <p class='ocr_par' dir='ltr' id='par_1_115' title="bbox 1894 5714 3480 5791">
     <span class='ocr_line' id='line_1_116' title="bbox 1894 5714 3480 5791; baseline 0.01 -26"><span class='ocrx_word' id='word_1_880' title='bbox 1894 5721 2027 5791; x_wconf 72' lang='lat' dir='ltr'><strong>tum,</strong></span> <span class='ocrx_word' id='word_1_881' title='bbox 2049 5714 2195 5783; x_wconf 87' lang='lat' dir='ltr'><strong>quod</strong></span> <span class='ocrx_word' id='word_1_882' title='bbox 2234 5715 2300 5765; x_wconf 87' lang='lat' dir='ltr'><strong>ad</strong></span> <span class='ocrx_word' id='word_1_883' title='bbox 2332 5729 2418 5766; x_wconf 88' lang='lat' dir='ltr'><strong>me</strong></span> <span class='ocrx_word' id='word_1_884' title='bbox 2436 5716 2772 5791; x_wconf 71' lang='lat' dir='ltr'><strong>pertinebat,</strong></span> <span class='ocrx_word' id='word_1_885' title='bbox 2801 5724 3065 5791; x_wconf 87' lang='lat' dir='ltr'><strong>custodivi</strong></span> <span class='ocrx_word' id='word_1_886' title='bbox 3093 5740 3106 5775; x_wconf 89' lang='lat'><strong>:</strong></span> <span class='ocrx_word' id='word_1_887' title='bbox 3131 5714 3271 5791; x_wconf 82' lang='lat' dir='ltr'><strong>quod</strong></span> <span class='ocrx_word' id='word_1_888' title='bbox 3300 5741 3480 5783; x_wconf 80' lang='lat' dir='ltr'><strong>autem</strong></span> 
     </span>
    </p>
   </div>
   <div class='ocr_carea' id='block_1_116' title="bbox 1899 5782 3442 5863">
    <p class='ocr_par' dir='ltr' id='par_1_116' title="bbox 1899 5782 3442 5863">
     <span class='ocr_line' id='line_1_117' title="bbox 1899 5782 3442 5863; baseline 0.01 -28"><span class='ocrx_word' id='word_1_889' title='bbox 1899 5782 2124 5838; x_wconf 80' lang='lat' dir='ltr'><strong>aliorum</strong></span> <span class='ocrx_word' id='word_1_890' title='bbox 2155 5793 2292 5851; x_wconf 86' lang='lat' dir='ltr'><strong>erat,</strong></span> <span class='ocrx_word' id='word_1_891' title='bbox 2327 5782 2560 5855; x_wconf 80' lang='lat' dir='ltr'><strong>neglexi.</strong></span> <span class='ocrx_word' id='word_1_892' title='bbox 2593 5783 3008 5845; x_wconf 71' lang='lat' dir='ltr'><strong>Nummuiarios</strong></span> <span class='ocrx_word' id='word_1_893' title='bbox 3040 5782 3240 5863; x_wconf 69' lang='lat' dir='ltr'><strong>autem,</strong></span> <span class='ocrx_word' id='word_1_894' title='bbox 3279 5816 3295 5847; x_wconf 72' lang='grc' dir='ltr'><strong>ι</strong></span> <span class='ocrx_word' id='word_1_895' title='bbox 3332 5782 3442 5852; x_wconf 86' lang='lat' dir='ltr'><strong>etc.</strong></span> 
     </span>
    </p>
   </div>
  </div>
