4080 6336
641 413 760 478 ‘43!
1504 406 2081 471 THEOPHYLACTI
2121 405 2206 467 BE

2311 403 2536 466 lARI/E
2573 405 2932 468 ARCHIEI’.
3560 442 3564 447 π
3783 406 3881 471 l3!

661 520 1264 596 gmssidets‘regntun-iu
1290 518 1658 574 hmrcditatem
1701 527 1942 586 paratum
1974 513 2122 568 vobis
2150 514 2206 568 alt

2322 529 2452 567 σατε
2482 513 2579 586 τὴν
2609 513 3020 585 ἡτοιμασμένην
3060 513 3188 584 ύμῖν
3216 513 3496 584 βασιλείαν
3530 514 3641 569 ἀπὸ
3667 520 3891 573 καταδο-

661 616 878 670 exordio
899 613 1098 668 mundi.
1121 610 1327 666 Esuriri
1351 609 1581 674 enim,et
1612 607 1833 662 dedistis
1866 607 1992 661 mihi
2019 606 2232 661 ederet.

659 707 826 771 sitivi,
849 715 900 758 et
932 704 1152 759 dedistis
1201 702 1328 755 tnihi
1364 701 1578 755 bibere:
1604 701 1798 766 hospes
1827 714 1996 762 eram,
2023 707 2076 752 et
2105 693 2208 752 col-

659 799 862 868 legistis
911 811 1031 850 me:
1063 794 1254 856 nudus,
1291 800 1342 846 et
1385 792 1670 861 operuistis
1717 806 1838 844 me:
1869 787 2136 851 infirmus,
2159 797 2211 842 et

657 888 910 942 \isitastis
960 885 1160 938 mezin
1192 898 1404 938 carcere
1438 891 1675 948 eram,et
1721 883 1942 936 venistis
1992 882 2055 934 ad
2101 895 2208 934 me.

659 976 807 1029 Tunc
886 973 1280 1042 respondebunt
1326 973 1374 1025 ei
1424 971 1574 1041 justi,
1616 969 1906 1024 dicentes:
1959 969 2208 1034 Domine,

653 1068 870 1134 quando
901 1078 951 1122 te
986 1067 1212 1120 vidimus
1236 1065 1580 1126 esurientem,
1606 1073 1659 1117 et
1692 1062 1974 1131 pavimus?
2005 1071 2096 1115 aut
2135 1063 2210 1116 si-

655 1163 898 1222 tientem,
927 1168 979 1211 et
1010 1157 1253 1212 dedimus
1284 1157 1375 1210 tibi
1410 1155 1629 1226 potum?
1655 1153 1875 1219 Quando
1905 1163 2081 1206 autem
2130 1155 2210 1206 vi—

567 1251 574 1260 “
653 1253 826 1305 diuitis
883 1251 1165 1319 hospitem,
1201 1259 1253 1303 et
1296 1249 1600 1318 collegimus
1652 1246 1737 1300 te?
1771 1256 1861 1299 aut
1913 1247 2134 1310 nudum,
2155 1254 2207 1300 et

651 1342 1022 1407 coeperuimus
1058 1339 1145 1392 te?
1171 1339 1275 1392 Aut
1319 1338 1528 1406 quando
1562 1346 1611 1391 te
1639 1336 1867 1390 vidimus
1913 1335 2204 1399 infirmum,

651 1447 743 1488 aut
783 1435 834 1487 iu
887 1449 1120 1498 carcere,
1162 1442 1216 1486 ct
1266 1432 1511 1486 venimus
1543 1429 1608 1485 ad
1646 1430 1728 1484 te?
1761 1429 1828 1483 Et
1863 1430 2208 1498 respondens

649 1540 742 1579 rex
788 1525 912 1578 dicit
961 1523 1064 1576 illis
1097 1542 1107 1576 :
1138 1525 1304 1577 Amen
1331 1522 1450 1576 dico
1482 1521 1653 1584 vobis,
1691 1531 1954 1589 quatenus
2003 1518 2206 1572 fecistis

651 1616 740 1668 tmi
776 1615 842 1667 de
882 1616 961 1668 bis
992 1614 1240 1668 fratribus
1288 1617 1422 1667 meis
1471 1613 1718 1676 minimis,
1751 1612 1879 1666 mihi
1930 1610 2152 1666 fecistis.
2183 1630 2200 1663 ι

651 1705 767 1762 Non
798 1717 951 1761 antea
986 1705 1228 1773 praamiat
1258 1705 1339 1759 vel
1373 1703 1545 1774 punit,
1566 1719 1723 1772 quant
1754 1700 2207 1772 dijudicet.Mise-

2323 605 2419 674 λῆς
2447 605 2675 675 κόσμου.
2716 606 3002 659 Ἐπείνασα
3028 608 3155 678 γάρ,
3176 609 3270 661 καὶ
3299 606 3538 662 ἐδώκατέ
3563 626 3654 679 μοι
3681 613 3888 677 φαγεῖν·

2325 694 2575 766 ἐδίψησα,
2620 695 2713 749 καὶ
2739 695 3022 749 ἐποτίσατέ
3058 713 3144 766 με’
3207 697 3354 762 ξένος
3385 698 3558 769 ήμην,
3629 701 3722 752 καὶ
3771 717 3891 753 συν-

2321 787 2558 856 ηγάγετέ
2587 805 2674 857 με·
2713 786 2939 857 γυμνὸς,
2975 789 3066 842 καὶ
3095 788 3444 860 περιεϐάλετέ
3477 806 3568 860 με’
3595 790 3886 861 ἠσθένησα,

2321 879 2412 929 καὶ
2436 877 2810 946 ἐπεσκέψασθέ
2849 895 2938 947 με·
2976 880 3034 930 ἐν
3087 878 3294 948 φυλακῇ
3347 879 3516 949 ήμην,
3576 879 3673 932 καὶ
3697 881 3883 951 ήλθετε

2319 968 2455 1038 πρός
2484 985 2572 1039 με.
2624 969 2755 1022 Τότε
2789 969 3250 1040 ἀποκριθήσονται
3276 969 3423 1040 αύτῷ
3449 971 3497 1021 oi
3549 969 3774 1035 δίκαιοι,
3805 971 3889 1025 λὲο

2317 1075 2545 1126 γοντες·
2603 1059 2777 1130 Κύριε
2807 1100 2820 1124 ,
2884 1060 3013 1113 πότε
3063 1077 3122 1112 σε
3161 1060 3376 1129 εἴδομεν
3429 1060 3733 1124 πεινῶντα,
3799 1065 3887 1115 καὶ

2317 1148 2657 1220 ἐθρέψαμενς
2689 1151 2720 1220 ἢ
2747 1149 3005 1220 διψῶντα,
3046 1151 3140 1204 καὶ
3165 1151 3532 1220 ὲποτίσαμενς
3571 1151 3708 1204 Πότε
3735 1153 3792 1206 δέ
3829 1171 3883 1207 σε

2316 1239 2528 1309 εἴδομεν
2545 1239 2824 1304 ξένον,καὶ
2853 1243 3263 1311 συνηγάγομεν;
3292 1241 3569 1312 ῆγυμνδν,
3605 1247 3702 1298 καὶ
3734 1264 3885 1317 περι-

2316 1329 2612 1400 εδάλομεν;
2681 1331 2817 1384 Πότε
2869 1332 2926 1385 δέ
2965 1349 3020 1385 σε
3043 1334 3254 1404 εἴδομεν
3281 1333 3531 1407 ἀσθενῆή
3562 1339 3621 1390 ὲν
3649 1338 3882 1409 φυλακῇ,

2314 1421 2407 1474 καὶ
2441 1421 2672 1492 ἤλθομεν
2717 1424 2853 1492 προς
2900 1425 2988 1490 σέ;
3023 1426 3134 1478 Καὶ
3166 1428 3484 1498 ἀποκριθεὶς
3535 1431 3565 1482 ὁ
3607 1429 3880 1498 βασιλεὺς,

2315 1514 2431 1583 ἐρεῖ
2455 1513 2670 1577 αὐτοῖς’
2709 1515 2880 1586 Ἀμὴν
2908 1516 3050 1584 λέγω
3104 1517 3251 1587 ύμῖν,
3304 1521 3388 1588 ἐφ’
3423 1521 3546 1573 ὅσον
3588 1522 3880 1592 ἐποιήσατε

2314 1603 2394 1656 ἐνὶ
2425 1604 2628 1657 τούτων
2681 1606 2789 1658 τῶν
2826 1607 3066 1674 ἀδελφῶν
3101 1626 3199 1678 μου
3231 1609 3336 1662 τῶν
3373 1611 3700 1682 ἐλαχίστων,
3761 1614 3878 1682 ἐμοὶ

2314 1696 2626 1767 ἐποιήσατε.
2669 1716 2687 1749 ι
2735 1698 2809 1751 Οὐ
2844 1700 3107 1769 πρότερον
3140 1703 3273 1772 τιμᾷ
3320 1703 3350 1772 ἥ
3399 1703 3641 1771 κολάζει,
3692 1707 3878 1776 πρὶνῆ

655 1799 826 1853 ricors
870 1800 1008 1852 cuitu
1057 1807 1233 1859 est,et
1264 1811 1362 1850 nos
1401 1797 1555 1850 docet
1585 1796 1636 1850 id
1668 1797 1861 1864 ipsum,
1905 1793 2046 1862 quod
2098 1807 2204 1846 non

2311 1787 2616 1859 δικάσηται.
2645 1790 3023 1861 Φιλάνθρωπος
3047 1793 3156 1865 γάρ
3192 1796 3326 1858 ὲστι,
3353 1797 3446 1849 καὶ⁵
3477 1798 3622 1867 ήμᾶς
3657 1798 3716 1851 δὲ
3741 1799 3882 1851 τοῦτ’

655 1899 810 1943 antea
861 1889 1146 1943 debeamus
1183 1887 1387 1956 punire,
1413 1901 1572 1955 quam
1618 1899 1728 1939 rem
1774 1886 2206 1940 discusserimus.

2316 1880 2451 1935 αὐτὸ
2481 1882 2744 1945 παιδεύει,
2776 1883 2850 1953 μὴ
2890 1884 3148 1954 πρότερον
3172 1885 3422 1950 κολάζειν
3446 1865 3582 1958 πρὶν
3609 1888 3676 1942 ἂν
3699 1891 3882 1956 ἐξετά-

655 1982 744 2036 Sii:
778 1976 920 2037 enim
947 1980 1289 2034 excusatione
1340 1979 1507 2046 magis
1553 1977 1831 2040 carebunt,
1861 1977 1963 2045 ,ιιιιί
2013 1991 2210 2045 przece-

650 2071 810 2126 dente
835 2069 1037 2139 judicio
1081 2068 1390 2138 puniuntur.
1412 2065 1579 2120 Porro
1612 2074 1827 2121 sanctos
1857 2074 2011 2119 vocat
2045 2065 2206 2118 bene-

653 2166 846 2221 dictos,
869 2171 925 2215 ιιι
957 2177 984 2214 a
1019 2160 1174 2214 Putre
1219 2169 1512 2228 susceptos.
1555 2156 1804 2212 llzeredes
1853 2167 2029 2211 autem
2066 2159 2208 2226 ipsos

651 2255 778 2310 facit
832 2252 1001 2322 mgni,
1044 2252 1334 2306 ostendens
1390 2248 1527 2320 quod
1585 2248 1724 2303 Deus
1776 2262 1869 2303 eos
1919 2246 2208 2317 participes

650 2345 809 2400 ficiet
843 2344 1025 2413 gloria:
1059 2359 1189 2408 suae,
1231 2352 1285 2396 ut
1334 2341 1467 2396 ﬁlios
1512 2355 1659 2395 suos.
1693 2338 1807 2395 Non
1863 2340 2006 2394 enim
2052 2338 2204 2405 dixit,

652 2436 1067 2506 Aecipite:sed,
1112 2433 1382 2488 l’ossidete
1419 2433 1471 2487 iu
1524 2431 1910 2493 luereditatem,
1934 2440 1990 2482 ut
2023 2439 2206 2497 pater-

655 2547 776 2584 nam
831 2527 1203 2582 substantiam.
1245 2523 1363 2579 Jam
1405 2521 1603 2578 fratres
1645 2523 1894 2577 minimos
1912 2529 2078 2574 ινοοειι
2124 2520 2207 2575 vel

653 2638 779 2675 suos
838 2620 1142 2689 discipulos,
1181 2616 1260 2672 vel
1311 2630 1496 2671 omnes
1553 2613 1868 2684 simpliciter
1917 2625 2202 2681 pauperes.

649 2712 841 2768 Omnis
893 2712 1034 2765 enim
1089 2723 1290 2778 pauper
1334 2706 1499 2762 frater
1551 2715 1633 2760 est
1673 2705 1885 2760 Christi
1940 2714 2206 2773 quatenus

648 2819 852 2876 pauper
901 2820 914 2857 :
971 2799 1402 2872 quandoquidem
1458 2807 1511 2852 et
1565 2796 1814 2851 Christus
1865 2797 1918 2848 in
1949 2804 2205 2863 .cgestute

649 2898 807 2950 vixit.
837 2893 968 2946 Vide
995 2902 1168 2946 autem
1201 2890 1292 2944 Dei
1321 2888 1585 2957 justitiam
1612 2884 1881 2956 quomodo
1925 2884 2109 2939 laudet
2144 2898 2207 2939 ac

647 2987 899 3058 praedicet
949 2993 1184 3037 sant-tos.
1221 2979 1353 3036 Vide
1400 2981 1526 3035 item
1561 2987 1614 3041 et
1647 2979 1856 3033 illorum
1915 2977 2202 3033 candorem

647 3077 912 3147 quomodo
943 3083 1160 3145 propter
1189 3071 1500 3127 modestiam
1534 3080 1726 3140 negent
1751 3085 1811 3124 se
1840 3069 1988 3124 illum
2021 3069 2204 3139 pavis-

649 3172 868 3224 se:sed
904 3167 1160 3222 Dominus
1209 3179 1272 3220 ea
1325 3178 1442 3233 qua:
1489 3161 1809 3233 pauperibus
1859 3169 1984 3218 sunt
2036 3159 2200 3227 facta,

648 3260 703 3316 iu
735 3259 1078 3328 semetipsum
1113 3256 1352 3328 suscipit.

721 3351 886 3406 Vsus.
924 3351 1118 3406 ιι-ιδ.
1173 3367 1192 3401 ι
1241 3347 1388 3404 Tunc
1432 3347 1572 3404 dicet
1598 3357 1652 3404 et
1680 3347 1764 3403 liis
1791 3346 1881 3417 qui
1915 3361 1944 3400 a
1975 3345 2208 3402 sinistris

646 3456 826 3509 erunt,
847 3442 1111 3499 Discedite
1133 3458 1162 3496 a
1193 3456 1298 3506 me.
1328 3439 1619 3504 maledicti,
1650 3439 1701 3493 in
1728 3438 1900 3509 ignem
1924 3448 2204 3502 aeternum,

651 3537 739 3601 qui
763 3545 982 3604 paratus
999 3544 1080 3588 est
1102 3532 1315 3606 diabolo
1353 3541 1408 3586 et
1428 3531 1634 3600 angelis
1653 3530 1788 3600 ejus.
1807 3529 2205 3596 Esurivieuitn,

647 3638 702 3682 ιιι
751 3641 854 3680 non
908 3624 1128 3678 dedistis
1162 3623 1288 3676 mihi
1322 3621 1497 3678 cibum
1527 3640 1543 3676 :
1573 3622 1739 3687 sitivi,
1759 3631 1812 3677 et
1841 3635 1949 3676 non
1986 3621 2206 3677 dedistis

651 3719 782 3773 inihi
835 3723 1014 3786 potum
1043 3733 1060 3770 ι
1089 3715 1280 3784 hospes
1330 3728 1500 3777 eram,
1538 3724 1594 3766 et
1629 3729 1730 3767 non
1760 3728 1844 3766 uie
1865 3712 2203 3783 coltegistis:

653 3812 843 3874 nudus,
866 3819 1044 3864 etnon
1077 3804 1365 3874 operuistis
1403 3818 1487 3858 me
1521 3822 1534 3857 :
1575 3804 1820 3858 infirmus
1853 3811 1906 3855 et
1935 3801 1987 3856 in
2019 3815 2206 3856 carce-

655 3916 713 3953 re
743 3914 910 3962 erant,
941 3909 993 3948 et
1027 3912 1130 3950 non
1163 3895 1424 3948 visitastis
1479 3907 1582 3946 me.
1621 3891 1772 3946 Tune
1812 3890 2209 3960 respondebunt

650 3995 698 4048 ei
747 4005 800 4048 et
857 3995 956 4062 ipsi
1010 3985 1569 4051 «tieeiiteszbomine,
1607 3986 1820 4055 quando
1874 3984 2104 4039 vidimus
2157 3992 2208 4038 te

649 4083 997 4146 esurientem,
1014 4092 1102 4135 aut
1133 4081 1424 4141 sitientem,
1444 4087 1535 4131 aut
1561 4078 1845 4147 hospitem,
1871 4087 1962 4129 aut
1986 4075 2206 4140 nudum,

649 4184 744 4228 aut
776 4173 1066 4235 intirnnnn,
1103 4181 1194 4222 aut
1224 4171 1275 4222 in
1310 4176 1618 4232 carcere,et
1646 4182 1750 4220 non
1771 4165 2209 4220 ministravimus

652 4265 782 4320 tibi?
833 4264 982 4317 Tunc
1028 4261 1384 4329 respondebit.
1433 4259 1559 4329 illis,
1602 4257 1783 4312 dicens
1816 4276 1830 4312 :
1861 4259 2030 4312 Amen
2089 4257 2209 4312 dico

647 4356 823 4421 vobis,
853 4366 1114 4423 quatenus
1139 4365 1248 4406 non
1291 4350 1491 4405 fecistis
1547 4349 1635 4402 uni
1692 4349 1756 4403 de
1806 4348 2039 4402 minimis
2089 4348 2195 4412 his,

649 4463 747 4502 nec
772 4446 898 4499 mihi
924 4443 1144 4498 fecistis.
1165 4441 1227 4496 Et
1247 4441 1396 4494 ibunt
1419 4440 1469 4493 lii
1493 4439 1545 4494 in
1563 4439 1884 4508 supplicium
1908 4449 2196 4502 aeternum,

2318 1989 2517 2043 σωμεν.
2553 1973 2708 2027 οὕτω
2741 1974 2848 2042 γὰρ
2903 1976 3299 2046 ἁναπολόγητοι
3357 1979 3555 2047 μᾶλλον
3586 1980 3802 2036 ἔσονται
3834 1985 3882 2036 οἱ

2320 2064 2459 2134 μετὰ
2490 2065 2837 2136 δικαστήριον
2860 2067 3232 2132 κολασθέντες.
3265 2070 3679 2141 Εύλογημένους
3702 2073 3758 2126 δὲ
3785 2091 3882 2127 κα-

2314 2155 2398 2208 λεῖ
2414 2156 2536 2219 τοὺς
2574 2156 2783 2224 ἁγίους,
2831 2157 2905 2219 ὡς
2945 2157 3050 2212 ύπδ
3090 2159 3184 2212 τοῦ
3217 2159 3428 2231 Πατρὸς
3455 2161 3878 2232 ἀποδεχθένταςο

2316 2245 2681 2318 κληρονόμους
2710 2249 2767 2302 δὲ
2796 2249 2990 2312 αὐτοὺς
3041 2253 3273 2305 ποιεῖται
3318 2254 3415 2324 τῆς
3460 2253 3761 2324 βασιλείας,
3799 2256 3881 2309 ἶνα

2314 2336 2460 2408 δείξῃ
2488 2337 2570 2392 δτι
2600 2342 2890 2403 κοινωνοὺς
2933 2340 3131 2405 αὐτοὺς
3153 2345 3297 2398 ποιεί
3318 2344 3347 2396 δ
3385 2344 3518 2409 Θεὸς
3550 2346 3652 2415 τῆς
3685 2348 3882 2401 ἑαυτοῦ

2313 2424 2490 2498 δόξης,
2524 2427 2598 2491 ὡς
2649 2431 2796 2494 υἱοὺς
2828 2430 3012 2486 αὑτοῦ.
3044 2433 3118 2486 Οὐ
3145 2432 3254 2504 γάρ
3282 2429 3424 2500 εἶπε,
3456 2436 3690 2501 Λάϐετε,
3727 2438 3882 2505 ἀλλὰ,

2319 2519 2805 2592 κληρονομήσατε,
2864 2524 3025 2577 οἱονεί
3079 2540 3202 2578 τινα
3228 2526 3486 2598 πατριξόαν
3542 2532 3882 2598 περιουσίαν.

2331 2613 2619 2683 Ἀδελφούς
2651 2615 2708 2668 δὲ
2743 2615 3059 2687 ἐλαχίστους
3079 2617 3250 2683 καλεῖ,
3285 2619 3317 2689 ἦ
3351 2621 3476 2682 τοὺς
3501 2620 3665 2675 αὑτοῦ
3705 2624 3882 2694 μαθη-

2311 2704 2484 2775 τάς,ῆ
2516 2706 2722 2768 πάντας
2752 2707 2937 2769 ἁπλῶς
2962 2709 3088 2771 τοὺς
3112 2709 3368 2778 πένητας.
3403 2710 3518 2776 Πᾶς
3549 2711 3659 2783 γάρ
3690 2717 3881 2784 πένης,

2313 2795 2538 2866 ἀδελφός
2564 2799 2678 2851 ἐστι
2712 2797 2806 2851 τοῦ
2837 2798 3076 2869 Χριστοῦ
3119 2801 3239 2852 κατ’
3262 2801 3395 2854 αὐτὸ
3424 2800 3602 2868 τοῦτο,
3637 2803 3763 2874 ἐπεὶ
3788 2805 3884 2857 καὶ

2311 2894 2339 2944 ό
2375 2889 2605 2961 Χριστὸς
2640 2891 2698 2943 ἑν
2749 2890 2909 2961 πενίᾳ
2938 2891 3219 2963 διήγαγεν.
3250 2893 3394 2964 Ὅρα
3436 2893 3494 2948 δὲ
3537 2896 3633 2949 καὶ
3660 2896 3762 2967 τὴν
3788 2897 3884 2950 τοῦ

2312 2982 2446 3036 Θεοῦ
2491 2981 2857 3054 δικαιοσύνην,
2916 2982 3035 3048 πῶς
3088 2985 3454 3055 ἀνακηρύττει
3489 2988 3616 3051 τοὺς
3667 2990 3880 3056 ἁγίους.

2313 3073 2456 3146 Ὅρα
2490 3076 2582 3127 καὶ
2605 3074 2704 3144 τὴν
2734 3073 2957 3129 ἐκείνων
2981 3076 3429 3147 εὐγνωμοσύνην,
3461 3076 3576 3140 πῶς
3607 3079 3678 3132 δι’
3706 3079 3883 3132 trusi-

2311 3181 2466 3218 κειαν
2518 3165 2808 3236 ἀρνοῦνται
2837 3165 2897 3219 τὸ
2943 3164 3174 3238 θρέψαιο
3213 3165 3330 3220 ἀλλ’
3356 3167 3386 3221 ὁ
3438 3167 3645 3239 Κύριος
3684 3169 3754 3223 τά
3803 3172 3884 3234 είς

2306 3261 2433 3324 τοὺς
2459 3259 2700 3330 πένητας
2735 3259 3000 3330 γενόμενα
3037 3262 3116 3323 είς
3144 3260 3333 3314 ἑαυτὸν
3359 3260 3701 3332 ἀναδέχεται.

2383 3369 2401 3404 ι
2425 3351 2558 3405 Τότε
2588 3348 2705 3423 spat
2733 3351 2957 3415 καὶτοῖς
2989 3351 3048 3416 ἑξ
3073 3342 3401 3422 εύωνύμωνέ
3439 3353 3750 3424 Πορεύεσθε
3789 3354 3885 3411 ἀπ’

2307 3441 2464 3514 ἐμοῦ,
2479 3444 2528 3496 oi
2552 3443 2945 3516 κατηραμένοι,
2969 3445 3051 3506 είς
3073 3444 3135 3498 τὸ
3159 3443 3271 3516 πῦρ
3295 3444 3358 3498 τὸ
3380 3443 3620 3510 αἰώνιον,
3649 3446 3711 3500 τὺ
3737 3448 3886 3518 ήτοι-

2310 3537 2589 3609 μασμίνον
2610 3534 2687 3608 τῷ
2711 3535 2942 3606 διαδόλῳ
2961 3537 3054 3590 καὶ
3083 3538 3192 3600 τοῖς
3213 3536 3464 3606 ἀγγέλοις
3484 3537 3674 3592 αὑτοῦ.
3703 3538 3882 3594 Ἐπεί-

2307 3646 2444 3684 νασα
2468 3627 2601 3700 γάρ,
2630 3628 2726 3683 καὶ
2749 3628 2847 3682 οὐκ
2873 3627 3112 3682 ἐδώκατέ
3139 3646 3228 3696 μοι
3253 3631 3473 3698 φαγετνο
3508 3629 3763 3701 ἐδίψησα,
3788 3633 3884 3686 καὶ

2307 3720 2408 3774 οὐκ
2436 3719 2726 3773 ἑποτίσατέ
2758 3735 2844 3788 με·
2881 3718 3031 3785 ξένος
3080 3720 3262 3790 ήμην,
3299 3723 3393 3774 καὶ
3437 3721 3500 3775 οὐ
3541 3724 3880 3794 συνηγάγετέ

2274 3803 2278 3809 ’
2312 3826 2403 3882 με’
2437 3809 2666 3880 γυμνὸς,
2691 3811 2784 3864 καὶ
2813 3809 2874 3862 ού
2924 3809 3276 3880 περιεδάλετέ
3309 3825 3399 3880 με·
3432 3811 3666 3882 ἀσθενὴς
3698 3815 3795 3867 καὶ
3821 3813 3882 3865 ιν

2309 3901 2547 3973 φυλακῇ,
2573 3901 2669 3954 καὶ
2684 3902 2783 3954 οὐκ
2807 3901 3183 3970 ἐπεσκέψασθέ
3211 3919 3300 3972 με.
3337 3903 3470 3958 Τότε
3486 3904 3880 3976 ἀποκριθήσον-

2305 4009 2394 4047 ται
2419 3995 2514 4048 καὶ
2538 3994 2714 4056 αὐτοὶ,
2735 3992 2984 4062 λέγοντες
3005 4009 3018 4024 ⁸
3048 3993 3243 4065 Κύριε,
3267 3994 3396 4048 πότε
3431 4011 3489 4048 σε
3517 3995 3733 4066 εἴδομεν
3767 4013 3881 4051 πει-

2307 4087 2502 4151 νῶντα,
2533 4085 2838 4156 ήδιψῶντα,
2871 4085 2902 4155 ἢ
2949 4085 3118 4152 ξένον,
3156 4084 3187 4157 ἢ
3220 4086 3446 4158 γυμνὸν,
3495 4087 3530 4158 ή
3577 4087 3804 4158 ἀσθενῆ,
3841 4090 3874 4158 ἢ

2308 4179 2367 4231 ὲν
2405 4175 2641 4248 φυλακῇ,
2674 4176 2770 4228 καὶ
2811 4176 2870 4228 ού
2904 4176 3306 4246 διηκονήσαμέν
3335 4193 3460 4243 σοι;
3488 4177 3622 4232 Τότε
3645 4180 3876 4249 ἀποκρι-

2309 4266 2531 4338 θήσεται
2562 4265 2767 4328 αὐτοῖς,
2799 4265 2973 4333 λέγων
2993 4279 3009 4295 σ
3062 4265 3234 4336 Ἀμήν
3257 4265 3400 4333 λέγω
3439 4266 3591 4337 ὑμῖν,
3637 4267 3725 4337 ἐφ’
3753 4268 3877 4320 ὅσον

2306 4359 2408 4413 οὐκ
2421 4357 2719 4428 ὲποιήσατε
2761 4356 2842 4410 ἑνὶ
2869 4354 3073 4409 τούτων
3113 4355 3223 4410 τῶν
3247 4356 3567 4429 ἐλαχίστων,
3603 4357 3725 4413 οὐδὲ
3753 4360 3874 4429 ἐμοὶ

2309 4449 2621 4518 εποιήσατε.
2657 4447 2769 4500 Καὶ
2790 4446 3185 4501 ἀπελεύσονται
3213 4437 3359 4500 οὗτοι
3396 4450 3478 4511 εἰς
3501 4449 3727 4503 κόλασιν
3747 4448 3874 4503 αἰώ-

644 4537 774 4606 justi
804 4553 928 4591 vero
970 4535 1020 4588 iu
1057 4535 1217 4586 vitam
1253 4541 1535 4586 aternam.
1581 4550 1599 4582 ι
1635 4531 1738 4585 Eos
1764 4532 1852 4599 qui
1885 4547 1915 4585 a
1942 4531 2202 4595 sinistris,

2311 4557 2460 4600 νιον,
2492 4539 2540 4590 oi
2593 4536 2650 4590 δὲ
2714 4535 2910 4591 δίκαιοι
2967 4539 3049 4599 είς
3105 4536 3253 4608 ζωὴν
3287 4535 3526 4592 αίώνιον.
3563 4556 3584 4589 ι
3639 4539 3777 4603 Τοὺς
3815 4538 3874 4604 ἐξ

650 4633 704 4685 in
741 4631 914 4699 ignem
959 4626 1121 4680 mittit
1167 4625 1256 4694 qui
1312 4635 1642 4692 pur-paratus
1687 4632 1764 4677 est
1816 4623 2047 4677 diabolo.
2070 4624 2206 4690 Quia

651 4726 792 4777 enim
823 4716 1207 4784 compassion'is
1239 4727 1486 4785 expertes
1520 4724 1644 4769 sunt
1673 4714 1894 4779 diaboli,
1917 4722 1972 4769 et
1998 4715 2208 4769 hos:ili-

651 4828 735 4871 ter
762 4825 815 4869 et
847 4813 1062 4867 inimice
1093 4824 1218 4878 erga
1259 4821 1358 4861 nos
1410 4803 1580 4862 affecti
1626 4817 1752 4860 sunt
1781 4821 1797 4860 :
1827 4806 2021 4861 merito
2068 4807 2206 4860 idem

651 4906 965 4977 supplicium
1024 4903 1243 4964 habent,
1282 4900 1370 4968 qui
1433 4898 1670 4969 ejusdem
1733 4898 2023 4954 voluntatis
2063 4907 2204 4962 sunt,

652 5000 742 5066 qui
775 5006 829 5051 et
856 4994 1083 5065 propriis
1110 4991 1359 5060 operibus
1412 4988 1679 5042 ntaledicti
1727 4987 1851 5044 facti
1886 5000 2027 5044 sunt.
2075 4989 2209 5044 Vide

655 5101 829 5144 autem
858 5087 997 5157 quod
1036 5086 1176 5138 Deus
1203 5085 1374 5150 ignem
1399 5096 1501 5135 non
1524 5083 1840 5150 praeparavit
1863 5080 2208 5145 hominibus:

653 5178 970 5248 supplicium
997 5159 1139 5230 enim
1171 5187 1277 5227 non
1316 5171 1439 5226 fecit
1468 5181 1685 5241 propter
1708 5185 1831 5237 nos,
1865 5175 1957 5227 sed
1990 5183 2212 5242 propter

654 5268 923 5324 diabolum
953 5286 962 5318 :
989 5281 1088 5334 ego
1122 5277 1299 5316 autem
1350 5262 1722 5332 memetipsum
1759 5262 2020 5330 supplicio
2070 5262 2211 5319 facio

654 5360 962 5414 obnoxium.
995 5354 1254 5410 llorresce
1287 5352 1469 5421 igitur,
1487 5367 1520 5407 ο
1543 5353 1722 5419 homo,
1743 5367 1865 5428 cum
1887 5353 2212 5422 cogitaveris

654 5450 824 5523 1141
847 5447 1116 5515 boe,quod
1138 5447 1208 5500 illi
1229 5459 1405 5515 neque
1423 5452 1479 5497 ut
1514 5453 1713 5512 scorta,
1737 5459 1912 5515 neque
1954 5457 2011 5500 ut
2045 5446 2212 5502 latro-

656 5556 951 5612 Itr8,tleque
966 5550 1021 5593 ut
1037 5538 1122 5608 qui
1149 5552 1307 5608 grave
1343 5537 1485 5591 aliud
1516 5535 1773 5606 ﬂagitium
1813 5549 2208 5608 perpetrarunt,

656 5635 964 5704 puniuntur,
989 5632 1082 5686 sed
1120 5639 1176 5683 ut
1207 5629 1259 5683 hi
1285 5631 1372 5699 qui
1404 5629 1600 5684 bonum
1635 5643 1736 5683 nou
1768 5627 2030 5685 fecerunt.
2072 5628 2208 5687 Pro-

654 5721 798 5783 fecto
825 5723 868 5776 si
893 5725 1025 5775 bene
1051 5718 1380 5786 consideras,
1405 5727 1590 5786 raptor
1614 5729 1697 5770 est
1720 5720 1809 5787 qui
1839 5720 2000 5772 multa
2027 5721 2206 5787 habet,

655 5824 708 5870 et
742 5828 845 5866 ltutt
872 5815 1178 5878 miseretur,
1196 5807 1404 5863 etiamsi
1437 5809 1702 5864 neminem
1742 5814 2024 5865 mamlesta
2077 5829 2206 5866 eon-

2308 4627 2602 4696 εὐωνύμων
2645 4628 2727 4690 εἰς
2759 4625 2820 4679 τδ
2872 4624 2980 4696 πῦρ
3013 4626 3312 4694 ἐκπέμπει,
3360 4626 3389 4680 ὃ
3435 4627 3762 4698 ἡτοίμασται
3793 4629 3874 4699 τῷ

2307 4718 2555 4789 διαϐόλῳ.
2607 4717 2757 4770 Ἐπεὶ
2782 4718 2892 4787 γὰρ
2934 4718 3279 4788 ἀσυμπαθεῖς
3318 4721 3459 4774 είσιν
3504 4721 3556 4773 oi
3600 4721 3872 4792 δαίμονες,

2308 4811 2401 4865 καὶ
2440 4809 2662 4882 ἀπηνῶς
2702 4809 2999 4863 διάκεινται
3053 4812 3149 4864 καὶ
3194 4810 3484 4886 ’ἐχθρωδῶς
3523 4814 3663 4883 πρὸς
3707 4815 3873 4885 ήμάς,

2310 4900 2532 4964 εἰκότως
2557 4899 2656 4969 τῆς
2684 4898 2855 4970 αὐτῆς
2884 4891 3154 4971 τιμωρίας
3189 4901 3467 4966 ἀξιοῦνται
3493 4905 3544 4958 oi
3573 4903 3674 4974 τῆς
3704 4905 3872 4974 αὐτῆς

2308 4988 2535 5062 γνώμης
2567 4990 2800 5056 δντες,ο’ί
2822 4991 2916 5043 καὶ
2953 4994 3016 5044 ὲκ
3040 4991 3149 5046 τῶν
3180 4992 3324 5046 ίδίων
3347 4994 3524 5048 αὐτῶν
3551 4994 3736 5067 ἔργων
3758 4998 3876 5050 itt-

2310 5082 2606 5152 κατάρατοι
2638 5081 3054 5151 ὲγένοντο.”ορα
3070 5081 3126 5135 δὲ
3147 5083 3228 5135 ὅτι
3245 5083 3342 5154 οὐχ
3371 5085 3670 5156 ἡτοίμασεν
3693 5087 3723 5139 ὁ
3744 5086 3875 5149 Θεὸς

2309 5173 2371 5228 τὺ
2397 5173 2507 5245 πῦρ
2530 5175 2642 5237 τοῖς
2673 5173 3005 5244 ἀνορώποις,
3039 5173 3161 5227 οὐδὲ
3188 5177 3285 5245 τὴν
3312 5176 3532 5230 κόλασιν
3554 5178 3774 5248 εποίησε
3804 5176 3872 5230 δι’

2310 5267 2478 5337 ἡμᾶς,
2512 5264 2650 5319 ἀλλά
2679 5265 2766 5320 διά
2823 5265 2914 5319 τὸν
2941 5264 3202 5332 διάϐολον,
3239 5266 3348 5337 εγὼ
3392 5267 3450 5322 δὲ
3481 5269 3623 5324 ποιῶ
3642 5268 3873 5340 ip.on

2310 5361 2376 5429 τῇ
2404 5357 2625 5412 κολάσει
2655 5357 2930 5413 ὑπόδικον.
2961 5356 3154 5426 Φρίξον
3182 5358 3263 5423 δι,
3291 5355 3569 5431 ἄνθρωπε,
3617 5361 3874 5432 ivvencae

2309 5446 2554 5501 ἰντεῦθεν
2583 5449 2664 5501 ὅτι
2701 5446 2808 5499 ἰδοὺ
2843 5440 2987 5500 οὗτοι
3008 5445 3131 5500 οὕτε
3163 5447 3238 5511 ὡς
3269 5448 3490 5519 πόρνοι,
3525 5447 3649 5504 οὔτε
3677 5449 3749 5512 ὡς
3773 5449 3875 5518 ιρι

2310 5553 2506 5608 παγες,
2540 5535 2664 5592 οὗτε
2699 5537 2774 5601 ὡς
2806 5537 2935 5591 ἀλλο
2962 5552 3014 5590 τι
3049 5537 3539 5608 πλημμελήσαντες
3557 5540 3746 5605 κακὸν,
3779 5556 3874 5593 κο-

2308 5630 2581 5695 λάζονται,
2612 5629 2725 5682 ἀλλ’
2770 5629 2844 5693 ὡς
2877 5628 2952 5699 μὴ
2988 5630 3313 5700 ποιήσαντες
3360 5630 3588 5700 ἀγαθόν.
3643 5632 3734 5704 Τῷ
3757 5633 3871 5686 δντι

2309 5725 2418 5796 γάρ
2445 5723 2538 5777 εάν
2567 5723 2747 5785 καλῶς
2780 5723 3081 5793 σκοπήσῃς,
3111 5723 3294 5793 ἅρπαξ
3325 5725 3475 5777 ἐστὶν
3498 5726 3526 5775 ό
3545 5726 3713 5779 πολλά
3735 5726 3871 5795 ἔχων

2311 5814 2404 5866 καί⁸
2437 5813 2510 5882 μὴ
2550 5811 2736 5875 tum,
2793 5809 2892 5865 κᾶν
2921 5811 3087 5880 μηδὲν
3119 5811 3351 5884 ἀδικήσῃ
3391 5813 3694 5885 προδήλωςο
3729 5816 3869 5873 ἰισα

4030 1529 4033 1644 ι
