4080 6336
215 342 326 408 ιῖλῖ

818 334 1266 401 ENABRATIO
1303 338 1388 402 ΙΝ
1432 326 1933 400 EVANGELIUM
1970 328 2354 393 MATTllzl-ll.
2398 354 2465 369 ·-·
2494 330 2653 392 CAP.
2694 331 2867 393 XXV.

3370 322 3477 385 ιιι

220 456 330 525 γὰρ
361 454 474 524 ἕλει
506 449 868 523 περισσότερα
900 450 995 504 τοῦ
1032 450 1267 515 δέοντος,
1324 452 1543 523 ἥρπασε
1580 448 1799 512 πάντως

1918 444 2125 499 .umel'ta
2160 444 2379 499 alliciat.
2408 444 2540 510 Quia
2586 442 2729 499 enim
2780 440 3029 511 qumdam
3075 438 3236 493 habet
3281 436 3481 505 quibus

220 552 333 607 ἀπὸ
352 549 458 602 τῶν
481 547 790 619 χρηζόντων
814 548 932 618 μιν,
967 548 1041 619 μὴ
1082 547 1471 619 λαμϐανόντων
1520 546 1584 601 δε
1610 544 1669 610 ιε
1695 543 1792 599 αὖ·

220 643 338 698 τοῦ.
376 641 437 693 ει
468 641 575 710 γὰρ
607 641 686 702 είς
717 639 893 692 κοινὸν
945 639 1120 693 ταῦτα
1153 634 1478 710 κατέθηκεν,
1528 630 1676 710 ἦσαν
1724 634 1792 691 ἂν

218 734 461 789 κάκεῖνοι
486 730 751 795 ἀνενδεετς
774 746 786 760 ·
818 730 912 784 νῦν
931 730 987 784 δὲ
1020 731 1143 785 ἐπεὶ
1168 729 1459 785 ἀπέκλεισε
1486 729 1679 796 ταῦτα,
1700 729 1794 783 καὶ

221 825 604 894 ίδιοποιήσατο,
637 822 725 875 διὰ
776 821 936 876 τοῦτο
990 824 1247 877 πένονται
1292 825 1528 877 ἐκεῖνον
1588 821 1732 877 ὥστε
1766 824 1795 876 6

218 917 539 987 ἀνελεήμων
612 916 796 985 ἅρπαξ
848 915 985 979 ἐστὶ,
1028 916 1321 982 τοσούτους
1368 916 1570 971 ἀδικῶν
1632 905 1820 981 ὅσους

219 1012 528 1083 εὐεργετεῖν
559 1010 808 1081 ἠδύνατο,
837 1011 930 1076 καί
968 1013 1068 1065 οὐκ
1115 1011 1508 1083 εὐηργέτησεν,
1540 1011 1663 1066 ὅθεν
1690 1012 1797 1067 ἀπ-

220 1103 533 1158 ελεύσονται
567 1097 712 1157 οὗτοι
739 1104 821 1165 είς
873 1102 1096 1157 κόλασιν
1128 1102 1345 1158 αἰώνιον
1376 1106 1468 1158 καὶ
1527 1103 1796 1174 μηδέποτε

220 1196 530 1267 λήγουσαν⁹
563 1196 612 1248 oi
650 1194 709 1248 δὲ
737 1193 937 1248 δίκαιοι
980 1196 1061 1257 εἰς
1114 1193 1260 1267 ζωὴν
1314 1194 1555 1250 αἰώνιον.
1587 1196 1799 1261 Ὠσπερ

220 1288 335 1360 γὰρ
362 1289 410 1342 οί
453 1289 599 1357 ἀγιοι
647 1286 925 1341 ἄπαυστον
976 1286 1162 1355 ἔχουσι
1192 1287 1387 1358 χαρὰν,
1418 1285 1561 1340 οὕτω
1615 1285 1711 1340 καὶ
1750 1286 1801 1338 οι

220 1382 400 1436 ἄδικοι
429 1380 705 1435 ἄπαυστον
733 1379 976 1444 κόλασιν,
1000 1379 1102 1433 κᾶν
1148 1378 1428 1451 Ὠριγὲνης
1459 1378 1677 1451 φλυαρῇ
1709 1378 1801 1432 λέ-

225 1488 339 1537 γων
369 1472 451 1525 ὅτι
490 1472 607 1525 ἐστὶ
657 1470 933 1536 κολάσεως
977 1470 1151 1535 τέλος,
1179 1473 1272 1525 καὶ
1304 1472 1405 1525 οὐκ
1436 1472 1525 1526 ἀεὶ
1555 1488 1803 1544 τιμωρη-

224 1562 481 1632 θήσονται
512 1562 562 1613 οί
597 1560 935 1631 ἁμαρτωλοὶ,
969 1560 1086 1614 ἀλλ’
1131 1560 1311 1623 ἔσται,
1338 1562 1426 1615 ὅτε
1464 1563 1543 1625 είς
1572 1562 1664 1617 τὸν
1693 1561 1804 1615 τῶν

224 1649 451 1703 δικαίων
473 1648 638 1704 τόπον
673 1650 1007 1716 ἐλεύσονται,
1039 1651 1130 1705 διά
1162 1652 1261 1723 τῆς
1287 1652 1566 1716 κολάσεως
1600 1653 1807 1726 καθαρ-

1896 553 1999 592 non
2037 536 2260 610 indiget,
2290 537 2429 607 rapit
2459 536 2681 591 omnino
2712 536 2779 589 ab
2814 535 2898 589 his
2942 533 3034 603 qui
3080 537 3320 602 egent,et
3369 544 3478 581 non

1895 629 2169 699 accipiunt
2200 630 2269 685 ab
2299 628 2440 699 ipso.
2466 626 2597 682 Nam
2624 628 2669 683 si
2695 627 2746 681 in
2779 640 3065 681 commune
3097 640 3157 680 ea
3190 622 3477 693 posuisset,

1888 722 2130 778 fuissent
2162 722 2351 793 utique
2383 732 2436 777 et
2468 721 2541 776 illi
2575 736 2680 774 non
2716 717 2883 786 indigi
2918 736 2931 772 :
2962 731 3101 772 nunc
3144 725 3320 769 autem
3353 714 3484 780 quia

1900 813 2139 878 reclusit,
2176 824 2234 870 et
2284 812 2494 883 propria
2538 811 2685 876 fecit,
2728 818 3014 880 propterea
3063 805 3137 859 illi
3184 802 3481 858 esuriant:

1900 919 2061 979 atque
2090 908 2159 963 ita
2184 916 2238 963 et
2262 920 2446 976 raptor
2475 915 2557 961 est
2584 907 2675 976 qui
2707 903 3122 961 immisericors,
3161 906 3240 949 tot
3282 891 3481 959 iniuria

1899 998 2159 1066 alliciens,
2185 1009 2317 1069 quot
2349 998 2625 1054 beneﬂciis
2655 994 2871 1051 allicere
2903 994 3098 1061 potuit,
3123 998 3177 1042 et
3214 1001 3317 1041 non
3350 982 3483 1036 ειπε-

1900 1094 1993 1150 cit.
2033 1091 2158 1147 Ideo
2209 1093 2364 1147 ibunt
2418 1091 2471 1146 hi
2513 1090 2565 1146 in
2607 1086 2927 1158 supplicium
2960 1095 3222 1139 :cteruum
3256 1090 3311 1134 et
3345 1093 3488 1132 nuu-

1902 1202 2062 1254 quam
2120 1184 2452 1250 lluicndum;
2499 1182 2632 1252 justi
2688 1195 2820 1235 vero
2872 1179 2923 1232 in
2978 1178 3141 1231 vitam
3200 1183 3484 1228 aeternam.

1901 1276 2040 1331 Nam
2083 1278 2225 1331 sicut
2257 1276 2431 1330 sancti
2475 1272 2795 1329 incessabile
2843 1272 3045 1326 habent
3090 1267 3368 1336 gaudium,
3416 1265 3489 1318 ita

1904 1367 2085 1436 iniusti
2122 1365 2509 1420 indesinentem
2543 1379 2757 1434 poenam
2786 1380 2797 1415 :
2825 1361 3040 1416 tametsi
3070 1358 3330 1427 Origenes
3380 1370 3485 1407 nu-

1904 1468 2059 1531 getur
2096 1458 2284 1513 dicens
2318 1455 2432 1510 fore
2470 1455 2853 1524 suppliciorum
2905 1454 3089 1512 liuent,
3114 1458 3169 1502 et
3201 1464 3303 1501 nou
3338 1461 3487 1499 scm-

1905 1567 2004 1622 per
2063 1550 2365 1619 puniendos
2429 1558 2764 1617 peccatores,
2833 1543 2925 1597 sed
2994 1542 3116 1595 fore
3200 1537 3492 1607 aliquando

1910 1653 2140 1713 tempus,
2179 1641 2396 1711 quando
2446 1642 2496 1694 iu
2542 1638 2814 1707 justorum
2866 1637 3078 1690 venturi
3107 1634 3216 1686 sint
3248 1646 3490 1684 censor--

224 1742 432 1805 θέντες.
503 1743 820 1813 Ἐλέγχεται
870 1744 981 1815 γὰρ
1030 1721 1283 1800 ὲντεῦθ-εν
1333 1746 1605 1818 φανερῶς,
1646 1721 1805 1802 τοῦτο

1918 1733 2042 1787 tium
2110 1732 2321 1802 purgati
2376 1747 2404 1784 ιι
2460 1730 2659 1801 poenis.
2707 1727 2966 1797 Arguitur
3017 1733 3195 1779 autem
3260 1736 3326 1777 ex
3392 1721 3494 1773 hoc

227 1836 353 1903 μὶν,
382 1835 439 1889 ἐν
460 1832 541 1900 οἷς
580 1796 725 1906 ιλῖἐι
769 1840 798 1890 6
828 1796 1031 1909 Κύρίος
1052 1854 1065 1869 ·
1109 1837 1329 1892 κόλασιν
1341 1796 1614 1905 ἴαίώινιον,
1646 1857 1805 1896 τουτ.

1918 1827 2029 1881 loco
2083 1824 2388 1887 manileste,
2435 1837 2558 1877 nam
2631 1820 2896 1875 Dominus
2950 1818 3125 1871 dicit:
3166 1812 3493 1884 supplicium

224 1930 377 1983 ἐστιν
426 1927 677 1983 οὐδέποτε
707 1930 1001 2001 λήγουσαν,
1058 1931 1217 1985 τοῦτο
1244 1932 1332 1997 δὲ,
1369 1932 1427 1985 ἐν
1483 1926 1565 1997 οἷς
1598 1932 1807 2005 προδά-

223 2039 343 2085 τοις
378 2022 475 2093 μὲν
531 2023 859 2092 παρεικάζει
902 2025 1027 2088 τοὺς
1067 2022 1331 2090 δικαίους,
1360 2024 1568 2095 ἐρίφοις
1596 2025 1652 2079 δὲ
1679 2027 1806 2091 τοὺς

227 2112 617 2183 ἁμαρτωλούς.
661 2114 873 2184 Ὠσπερ
910 2113 1019 2184 γὰρ
1040 2098 1245 2185 ’ἔριφος
1297 2116 1399 2169 οὐκ
1428 2116 1493 2170 ἀν
1549 2132 1683 2169 ποτε
1716 2115 1809 2187 τι.

225 2221 374 2260 νοιτο
408 2206 700 2277 πρόϐατον,
755 2206 927 2271 οὕτως
954 2206 1076 2262 οὐδὲ
1106 2209 1133 2260 6
1164 2208 1487 2279 ἁμαρτωλὸς
1520 2208 1809 2281 καθαρθή-

229 2296 384 2351 σεται
409 2312 559 2361 ποτε,
584 2297 680 2350 καὶ
704 2295 1231 2369 δίκαιοςγενήσεται
1251 2313 1264 2328 ·
1299 2298 1488 2363 σκότος
1524 2299 1582 2354 δὲ
1612 2298 1809 2366 ἐξώτε-

232 2404 353 2460 ρον,
403 2391 464 2441 το
512 2386 860 2458 πορρώτερον
889 2387 981 2442 τοῦ
1011 2388 1190 2457 φωτὸς
1220 2388 1315 2443 τοῦ
1363 2389 1533 2456 θείου,
1566 2390 1661 2445 καὶ
1719 2389 1809 2444 διὰ

226 2478 390 2534 τοῦτο
418 2480 515 2535 καὶ
540 2479 930 2549 χαλεπωτέραν
954 2479 1141 2534 ποιοῦν
1162 2481 1262 2552 τὴν
1292 2480 1536 2557 κόλασιν.
1562 2481 1719 2535 Ἔστι
1752 2480 1810 2536 δὲ

232 2573 332 2627 καὶ
357 2571 536 2626 αἰτίαν
560 2572 720 2643 τήνδε
750 2572 928 2625 εἰπεῖν
959 2573 1040 2637 είς
1078 2572 1257 2639 τοῦτο,
1290 2576 1319 2629 6
1351 2573 1679 2646 ἁμαρτωλὸς
1714 2574 1811 2629 καὶ

230 2663 468 2718 ἐνταῦθα
504 2664 602 2733 μὲν
634 2665 823 2729 σκότος
857 2665 991 2737 ἔχει,
1053 2667 1304 2721 ἐκπεσὼν
1330 2666 1424 2723 τοῦ
1473 2668 1572 2737 τῆς
1604 2667 1814 2723 δικαιο-

234 2752 403 2824 σύνης
433 2753 639 2817 Ἠλίου,
674 2753 789 2808 ἀλλ’
820 2758 942 2809 ἐπεὶ
970 2757 1125 2822 ιλπίς
1183 2759 1299 2812 ἐστι
1338 2758 1664 2829 μεταϐολῆς,
1722 2758 1813 2815 διά

231 2843 393 2897 τοῦτο
420 2845 521 2898 οὐκ
549 2844 665 2899 ἔστι
691 2845 753 2900 τδ
787 2848 979 2913 σκότος
1005 2848 1164 2903 τοῦτο
1189 2848 1453 2920 ἐξώτερον
1478 2868 1492 2883 ο
1522 2849 1655 2922 μεθὸ
1686 2851 1814 2923 μέν-

231 2954 320 2991 τοι
371 2937 651 3005 ἀποθάνοι,
700 2941 795 2995 καὶ
824 2940 1081 3011 ἐπισταίη
1146 2944 1179 3015 η
1236 2944 1344 2995 τῶν
1403 2944 1814 3015 πεπραγμένων

233 3030 509 3097 ἐξέτασις,
550 3032 856 3101 διαδέχεται
913 3033 1075 3087 αὐτὸν
1127 3014 1223 3088 καὶ
1256 3014 1563 3106 ἐξώτερον·
1598 3014 1697 3089 οὒκ
1732 3035 1813 3089 ἔτι

1907 1929 2192 1982 aeternum,
2215 1918 2315 1972 hoc
2350 1925 2748 1985 est,nunquam
2789 1911 3068 1966 desinens.
3100 1908 3182 1964 Uu
3205 1908 3253 1961 le
3282 1919 3335 1960 et
3375 1904 3496 1959 ovi-

1907 2008 2007 2065 bus
2034 2014 2312 2077 comparat
2338 2006 2537 2076 justos,
2584 2004 2739 2058 hedis
2773 2011 2952 2055 autem
2973 2008 3314 2068 peccatores:
3352 1996 3491 2049 sicut

1907 2100 2053 2155 enim
2083 2099 2277 2155 hmdus
2318 2111 2591 2166 nunquam
2627 2096 2687 2151 ιιι
2723 2094 2859 2160 ovis,
2903 2093 2983 2147 sic
3031 2106 3308 2158 nunquam
3362 2102 3493 2156 pec-

1909 2200 2062 2246 cator
2111 2188 2429 2261 purgahitur
2476 2197 2529 2244 et
2595 2188 2697 2241 erit
2758 2186 2963 2255 justus.
2999 2184 3264 2239 Tenebrae
3317 2192 3497 2234 autem

1910 2279 2232 2349 exteriores,
2262 2295 2383 2351 quae
2424 2277 2613 2349 procul
2647 2286 2772 2332 sunt
2822 2292 2853 2331 a
2910 2275 3033 2330 luce
3064 2274 3266 2339 divina,
3290 2282 3344 2327 et
3374 2285 3500 2339 pro.

1911 2382 2091 2445 pterea
2123 2373 2426 2443 graviorem
2455 2370 2663 2426 faciunt
2696 2383 2935 2439 pinnam.
2976 2368 3160 2423 Potest
3191 2369 3316 2419 item
3367 2378 3503 2417 cau-

1911 2483 1968 2523 sa
1996 2467 2240 2537 quaedam
2292 2462 2473 2521 aﬂ'erri
2508 2462 2576 2518 ad
2609 2464 2745 2517 haec.
2787 2456 3047 2516 Peccator
3101 2459 3245 2513 enim
3301 2455 3354 2509 in
3401 2455 3505 2509 hac

1914 2559 2021 2614 vita
2066 2558 2122 2613 in
2169 2556 2406 2611 tenebris
2453 2564 2558 2620 est,
2585 2568 2708 2609 nam
2752 2551 2965 2608 excidit
3010 2566 3043 2605 ιι
3087 2548 3199 2604 sole
3240 2546 3501 2616 iustitiae:

1912 2653 2007 2705 sed
2035 2649 2158 2717 quia
2186 2664 2313 2720 spes
2347 2658 2435 2704 est
2476 2646 2876 2711 conversionis,
2903 2653 3190 2715 propterea
3226 2654 3331 2694 non
3374 2649 3505 2693 sunt

1915 2744 2147 2800 tenebrae
2182 2744 2284 2798 illae
2322 2743 2644 2797 exteriores.
2672 2740 2841 2795 Porro
2887 2739 2975 2794 ubi
3026 2747 3271 2791 mortuus
3317 2733 3502 2798 l’uerlt,

1915 2842 1969 2890 et
2003 2833 2262 2889 institerit
2289 2846 2516 2889 examen
2552 2831 2849 2895 factorum,
2874 2829 3151 2897 excipiunt
3179 2842 3301 2882 eum
3353 2834 3509 2880 exte-

1918 2926 2109 2980 riores.
2152 2922 2271 2979 Non
2318 2924 2462 2979 enim
2516 2922 2655 2977 ultra
2703 2919 3076 2997 conversionis
3128 2930 3253 2986 spes
3282 2924 3385 2979 est,
3406 2916 3504 2971 sed

1915 3018 2147 3074 sustinet
2183 3017 2530 3087 omnigenum
2566 3014 2737 3069 divini
2769 3012 3075 3081 splendoris
3122 3010 3506 3080 privationem.

233 3121 347 3191 γὰρ
396 3121 549 3184 ἐλπίς
577 3097 1053 3197 ἑστι-μεταϐολῆς,
1089 3123 1224 3178 ἀλλά
1260 3097 1497 3196 παντελῆ
1557 3125 1814 3197 στέρησιν

1923 3109 2170 3177 Quandiu
2238 3109 2381 3163 enim
2428 3097 2525 3162 hic
2577 3116 2682 3170 est,
2735 3104 2949 3159 etiamsi
3003 3104 3139 3159 bona
3195 3103 3283 3155 Dei
3333 3102 3513 3155 minus

233 3212 345 3266 τῶν
372 3212 465 3267 τοῦ
516 3213 652 3267 Θεοῦ
681 3212 901 3284 ἀγαθῶν
942 3216 1255 3284 ὑφίσταται.
1304 3218 1393 3271 Ἐν
1422 3218 1533 3289 ὅσῳ
1583 3218 1691 3289 γὰρ
1727 3218 1819 3271 ὲν-

233 3305 418 3360 ταῦθά
468 3310 605 3373 ἐστι,
665 3308 769 3362 κᾶν
804 3310 1040 3380 μετρίως
1080 3308 1333 3381 ἀπολαύῃ
1372 3310 1481 3363 τῶν
1533 3309 1628 3363 τοῦ
1680 3310 1819 3365 θεοῦ

237 3401 482 3469 ἀγαθῶν,
518 3401 627 3455 τῶν
663 3402 937 3472 αἰσθητῶν
963 3402 1063 3473 τῆς
1100 3403 1330 3465 κτίσεω;
1361 3403 1525 3471 λέγω,
1552 3406 1647 3457 καὶ⁵
1676 3404 1824 3457 δοκεῖ

234 3490 585 3566 δοῦλοὶεϊναι
608 3492 860 3548 ὁπωσοῦν
888 3490 985 3546 τοῦ
1024 3492 1182 3559 Θεοῦ,
1208 3496 1265 3546 ὲν
1294 3492 1371 3563 τῷ
1399 3496 1533 3565 οἴκῳ
1559 3495 1726 3549 αὑτοῦ
1754 3498 1819 3566 τῇ

239 3583 415 3637 κτίσει
446 3587 617 3655 ταύτῃ
638 3584 862 3652 διάγων,
889 3583 984 3638 καὶ
1014 3583 1108 3637 ὑπ’
1140 3584 1304 3638 αὑτοῦ
1337 3587 1677 3656 τρεφόμενος
1725 3589 1823 3641 καὶ

237 3675 653 3746 διεξαγόμενοςο
689 3676 810 3730 τότε
843 3674 901 3728 δὲ
929 3674 1279 3729 παντάπασιν
1326 3676 1699 3731 ἀποκόπτεται
1728 3677 1822 3732 τοῦ

238 3766 401 3834 Θεοῦ,
435 3766 650 3831 οὐδενὸς
686 3767 933 3837 μετέχων
989 3767 1101 3820 τῶν
1156 3766 1322 3821 αὐτοῦ
1370 3768 1613 3836 ἀγαθῶν,
1652 3768 1823 3825 Τοῦτο

240 3857 363 3911 εστι
404 3857 466 3909 τὺ
506 3855 719 3921 σκότος,
755 3855 1123 3928 συγκριτικῶς
1188 3856 1480 3926 λεγόμενον
1535 3856 1823 3929 εξώτερον,

239 3948 317 4010 ὡς
352 3948 485 4019 πρὸς
532 3947 593 4001 τδ
617 3948 873 4017 ἐνταῦθα.
909 3949 1089 4021 Ὅπερ
1118 3950 1218 4002 οὐκ
1244 3948 1393 4003 ἐστιν
1422 3948 1707 4021 ἐξώτερον,
1748 3952 1826 4016 ὡς

243 4043 322 4111 μὴ
348 4041 625 4103 παντελῶς
652 4040 1104 4111 ἀποκοπτομὲνου
1122 4040 1372 4095 ἐντεῦθεν
1403 4041 1504 4113 ἥδη
1523 4041 1617 4096 τοῦ
1647 4043 1829 4115 ἀμαρ-

238 4132 435 4187 τωλοῦ.
479 4132 641 4186 Ἀλλά
681 4134 744 4186 σὺ
782 4132 953 4201 φεῦγε
1006 4131 1070 4186 τδ
1126 4132 1469 4203 ἄσπλαγχνον
1494 4171 1512 4200 ,
1575 4133 1669 4188 καὶ
1727 4133 1829 4205 τὴν

238 4223 618 4294 ἐλεημοσύνην
647 4222 883 4295 ἐργάζου
918 4224 1011 4277 καὶ
1040 4223 1313 4293 αἰσθητῶς
1356 4223 1477 4293 μὲν,
1514 4224 1655 4295 πλὴν
1688 4225 1827 4279 ἀλλά

242 4316 340 4367 καί
366 4314 769 4384 πνευματικῶς.
798 4314 1007 4384 Θρέψον
1035 4315 1145 4383 γὰρ
1174 4315 1266 4368 τὸν
1293 4313 1529 4385 Χριστὸν
1553 4315 1827 4371 πεινῶντα

240 4405 342 4477 τὴν
370 4406 643 4477 ἡμετέραν
677 4405 994 4477 σωτηρίαν·
1060 4406 1199 4459 ἀλλά
1259 4407 1351 4460 καὶ
1400 4407 1492 4459 τὸν
1548 4407 1819 4463 πεινῶντα

1925 3207 2156 3262 ubertim
2182 3204 2441 3273 suscipiat
2467 3201 2682 3275 [loquor
2705 3201 2773 3255 de
2790 3196 3138 3254 sensibilibus
3165 3206 3218 3251 et
3242 3194 3509 3268 creatis],

1925 3299 2139 3355 videtur
2169 3312 2291 3352 esse
2324 3293 2720 3364 quodammodo
2754 3308 2947 3347 servus
2981 3291 3069 3347 Dei
3099 3290 3224 3345 dum
3256 3288 3309 3344 in
3343 3291 3505 3344 domo

1924 3392 2061 3463 ejus,
2093 3390 2197 3444 hoc
2226 3398 2310 3443 est
2336 3390 2385 3441 in
2416 3387 2708 3450 creaturis,
2741 3394 3017 3449 versatur,
3045 3384 3111 3437 ab
3143 3382 3371 3451 ipsoque
3416 3382 3516 3435 ali-

1927 3494 2014 3541 tur
2039 3493 2094 3538 et
2118 3484 2399 3538 educatur.
2424 3479 2576 3534 Tunc
2622 3486 2808 3533 autem
2849 3476 3103 3530 omnibus
3142 3476 3315 3528 modis
3342 3488 3370 3525 ιι
3407 3472 3516 3528 Deo

1927 3578 2209 3641 dividitur,
2264 3573 2399 3629 nihil
2433 3556 2722 3628 commune
2754 3585 2877 3626 cum
2915 3568 3058 3623 illius
3092 3567 3247 3621 bouis
3284 3566 3513 3621 habens.

1927 3671 2024 3724 Hie
2054 3678 2178 3724 sunt
2213 3681 2311 3735 per
2346 3667 2809 3735 comparationem
2844 3661 2911 3716 ad
2952 3662 3049 3717 tias
3092 3659 3329 3713 tenebrae
3362 3668 3516 3713 exte-

1929 3764 2120 3828 riores.
2145 3774 2213 3817 eo
2247 3760 2391 3831 quod
2444 3758 2533 3813 hic
2582 3772 2689 3813 non
2737 3755 2989 3829 omnibus
3040 3753 3211 3807 modis
3265 3761 3517 3821 peccator

1930 3858 2229 3907 resecatur.
2258 3849 2327 3903 At
2360 3857 2416 3903 tu
2458 3846 2582 3917 fuge
2617 3842 3130 3900 immisericordiam
3166 3849 3218 3895 et
3248 3841 3331 3894 l'ac
3367 3841 3514 3895 elee-

1930 3959 2207 4015 mosynas,
2231 3952 2285 3997 et
2334 3940 2467 3995 alias
2520 3938 2739 4009 quidem
2796 3935 3101 3998 sensibiles,
3144 3933 3278 3987 alias
3335 3943 3517 3986 autem

1930 4035 2262 4107 spirituales.
2317 4032 2482 4087 Pasce
2540 4030 2841 4092 Christum,
2886 4027 2977 4098 qui
3030 4026 3203 4083 esurit
3279 4024 3513 4080 salutem

1931 4141 2200 4186 nostram.
2231 4124 2337 4181 Sed
2368 4134 2420 4179 et
2453 4124 2784 4177 esurientem
2822 4120 3101 4175 doctrinas
3134 4119 3179 4175 si
3211 4118 3428 4188 paveris
3464 4124 3521 4171 et

1931 4221 2228 4294 putaveris,
2254 4217 2449 4288 pavisti
2478 4215 2754 4271 Christum
2780 4223 2834 4268 et
2862 4214 3082 4283 potasti.
3108 4212 3165 4267 lu
3201 4211 3518 4266 Christiano

1932 4317 2079 4373 enim
2112 4313 2359 4369 Christus
2389 4317 2494 4373 est,
2522 4319 2575 4363 et
2609 4307 2741 4366 lldes
2776 4307 2939 4363 alitur
2979 4316 3033 4360 et
3073 4306 3268 4360 crescit
3316 4305 3520 4359 doctri-

1934 4409 2045 4465 uis.
2075 4405 2179 4460 Sed
2208 4413 2263 4459 et
2300 4404 2343 4456 si
2380 4390 2597 4455 videri?
2614 4399 2957 4470 peregrinum
2992 4414 3019 4452 a
3052 4413 3283 4467 superna
3314 4397 3513 4465 patria,

238 4497 594 4560 διδασκαλίας
626 4498 721 4552 ὶάν
760 4496 968 4569 θρέψῃς
996 4497 1089 4550 καὶ
1125 4484 1373 4570 ποτίσῃς,
1410 4498 1648 4569 ἔθρεψας
1685 4500 1814 4571 Χρι-

1927 4513 2100 4559 tecum
2141 4507 2192 4553 et
2223 4495 2434 4565 collige,
2474 4493 2577 4561 hoc
2622 4500 2726 4556 est,
2753 4492 2875 4545 dum
2907 4492 3210 4561 ingrederis
3243 4492 3297 4545 iu
3328 4491 3518 4555 ctelos,

240 4591 369 4644 στὸν
398 4593 491 4645 καὶ
524 4592 801 4654 ἑπότισας.
846 4589 907 4645 '0
939 4592 1050 4662 γὰρ
1074 4592 1130 4644 ὲν
1156 4589 1234 4661 τῷ
1250 4591 1563 4662 Χριστιανῷ
1592 4593 1827 4663 Χριστὸς

240 4683 339 4736 καὶ
361 4685 393 4751 ἡ
422 4683 603 4746 πίστις
634 4682 898 4752 τρέφεται
935 4683 1028 4736 καὶ
1060 4681 1284 4748 αὒξεται
1308 4683 1394 4736 διὰ
1432 4685 1533 4752 τῆς
1571 4685 1827 4740 διδασκα-

237 4775 385 4838 λίας.
432 4774 595 4827 Ἀλλὰ
622 4774 724 4829 κᾶν
754 4775 869 4849 ἴδῃς
907 4774 1053 4839 τινὰ,
1086 4773 1235 4841 ξένον
1262 4776 1549 4845 γινόμενον
1578 4776 1679 4846 τῆς
1712 4778 1825 4832 ἀνω

238 4865 523 4936 πατρίδος,
558 4866 947 4935 συνεισάγαγε,
978 4866 1249 4929 τουτέστι,
1293 4868 1389 4921 σὺν
1418 4867 1495 4937 τῷ
1530 4868 1624 4921 καὶ
1658 4868 1823 4933 αὐτὸς

241 4958 585 5029 είσέρχεσθαι
610 4961 691 5023 είς
714 4960 1000 5029 οὐρανοὺς,
1032 4960 1292 5028 εἰσάγαγε
1318 4962 1593 5023 κάκεῖνον,
1629 4962 1705 5031 μὴ
1735 4961 1830 5016 ἀλ-

238 5050 357 5114 λοις
401 5051 709 5121 κηρύσσων,
764 5052 925 5116 αὐτὸς
976 5052 1033 5105 δὲ
1066 5053 1324 5121 ἀδόκιμος
1373 5051 1484 5105 ὤν’
1522 5054 1625 5107 κάν
1654 5071 1735 5116 τις
1768 5054 1829 5106 τὸ

240 5143 344 5213 τῆς
369 5142 677 5212 ἀφθαρσίας
713 5144 927 5213 ίμάτιον
968 5144 1240 5215 ἀποδάλῃ,
1279 5143 1307 5196 ὃ
1357 5145 1446 5198 διὰ
1500 5144 1594 5197 τοῦ
1628 5145 1829 5215 βαπτίσ

245 5249 454 5301 σματος
488 5234 632 5304 ἔσχε,
663 5235 758 5288 καὶ
781 5234 1119 5304 γυμνωθείη,
1155 5234 1370 5289 ἔνδυσον
1402 5236 1587 5301 αὑτὸν,
1622 5238 1715 5289 καὶ
1742 5236 1832 5289 τὸν

239 5323 576 5378 ἀσθενοῦντα
604 5329 666 5397 τῇ
710 5325 911 5391 πίστει,
948 5326 1023 5390 ὡς
1054 5329 1081 5379 6
1112 5326 1324 5390 Παῦλός
1376 5344 1532 5397 φησι,
1587 5327 1827 5398 προσλα-

241 5410 347 5469 ϐοῦ
368 5429 383 5445 ⁸
412 5415 618 5468 καὶτὸν
645 5415 1042 5486 καθειργμένον
1070 5417 1129 5469 ἐν
1160 5419 1226 5486 τῇ
1256 5417 1581 5487 φυλακῇ,τῴ
1616 5417 1827 5488 σώματι

1936 4588 2185 4647 introduc
2208 4596 2265 4642 et
2290 4584 2459 4649 illum,
2485 4582 2710 4638 ne'aliis
2745 4585 3049 4652 praedicans
3085 4584 3199 4651 ipse
3227 4582 3302 4637 sis
3327 4598 3518 4650 reprov

1936 4687 2055 4739 bus.
2096 4680 2164 4735 Et
2218 4679 2263 4735 si
2320 4678 2442 4747 quis
2498 4676 2922 4743 iucorruptionis
2972 4687 3177 4730 vestem
3232 4676 3516 4746 alijecerit,

1933 4790 2097 4846 quam
2147 4787 2243 4842 per
2299 4770 2628 4841 baptismum
2688 4768 2883 4833 induit,
2922 4778 2975 4823 et
3016 4769 3191 4822 nudus
3227 4770 3319 4833 sit,
3358 4767 3518 4839 142

1942 4866 2103 4922 indue
2131 4864 2300 4920 illum.
2352 4862 2418 4915 Et
2453 4862 2723 4916 inlirmum
2773 4860 2877 4915 Ilde
2936 4860 3017 4931 (ut
3059 4860 3256 4914 Paulus
3299 4860 3521 4921 dicit")

1944 4972 2161 5013 assume
2211 4965 2308 5011 :et
2354 4954 2593 5008 vinctum
2644 4953 2697 5006 iu
2755 4968 2995 5012 carcere.
3036 4953 3135 5005 huc
3168 4963 3253 5007 est
3291 4968 3523 5019 corpore

1936 5051 2027 5106 illo
2060 5047 2584 5111 teuebroso,invise,
2606 5045 2679 5100 illi
2705 5046 2858 5114 quasi
2893 5046 3233 5114 splendorem
3262 5045 3515 5098 admoni-

1939 5144 2141 5197 tionem
2191 5142 2418 5196 donaus.
2447 5138 2557 5193 Has
2584 5154 2677 5193 sex
2725 5138 2934 5207 species
2986 5138 3275 5193 citat-italis
3328 5153 3521 5192 omnes

1938 5235 2099 5304 imple
2130 5234 2343 5301 quidem
2371 5230 2926 5301 corporaliter,imple
2955 5241 3131 5283 autent
3152 5241 3203 5283 et
3222 5229 3519 5299 spirituali-

1938 5333 2053 5389 ter;
2091 5339 2213 5377 nam
2247 5338 2367 5377 cum
2399 5321 2626 5391 duplicis
2679 5330 2884 5374 naturae
2915 5323 3108 5383 simus,
3164 5337 3230 5374 ex
3259 5322 3437 5375 anima
3467 5330 3520 5374 ct

1935 5430 2186 5483 corpore,
2208 5422 2435 5484 possunt
2472 5414 2582 5467 lucc
2612 5423 2663 5465 et
2691 5411 2941 5467 bifariam
2982 5414 3189 5481 perlici.

242 5506 423 5577 τούτῳ
467 5510 544 5580 τῷ
592 5510 874 5580 σκοτεινῷ,
919 5511 1233 5582 ἐπίσκεψαι,
1287 5510 1475 5583 ὥσπερ
1531 5530 1582 5569 τι
1635 5514 1837 5580 φέγγος
1903 5510 2055 5579 αὐτῷ
2122 5511 2221 5583 τὴν
2249 5508 2527 5563 νουθεσίαν
2582 5509 2945 5579 δωρούμενος.
2998 5509 3182 5561 Ταῦτα
3225 5509 3400 5562 πάντα
3449 5509 3518 5560 τὰ

249 5596 309 5662 ἓξ
351 5598 467 5668 εἴδη
502 5598 605 5663 τῆς
658 5602 881 5673 ἀγάπης
936 5601 1175 5655 ἐπιτέλει
1213 5603 1309 5673 μὲν
1361 5604 1454 5656 καὶ
1493 5602 1842 5670 σωματικῶς,
1884 5601 2023 5670 πλὴν
2054 5601 2191 5654 ἀλλὰ
2244 5601 2337 5656 καὶ
2388 5601 2664 5672 ψυχικῶς·
2732 5600 2935 5655 διπλῶν
2978 5603 3085 5671 γὰρ
3114 5600 3281 5653 ὄντων
3337 5600 3515 5670 ἡμῶν,

248 5694 312 5743 ἐκ
342 5688 521 5758 ψυχῆς
554 5693 645 5743 καὶ
699 5692 973 5763 σώματος,
1008 5693 1262 5749 δύνανται
1293 5694 1462 5748 ταῦτα
1496 5695 1697 5757 διπλῶς
1730 5694 2163 5765 κατορθωθῆναι.

322 5804 366 5834 ⁸⁷
404 5804 575 5861 lCor.
617 5822 696 5873 ιιι,
