4080 6336
611 279 736 364 ,435

1182 387 1409 447 CAPUT
1449 387 1637 443 XXVI.

633 537 707 589 De
742 529 1054 602 Hagdalena
1086 528 1387 602 Do_minum__
1418 537 1658 602 tangente.
1681 524 1766 602 .De
1809 523 2088 602 fasc/tate.
2120 523 2189 578 De

703 593 918 726 Ὲῃειξοα
947 616 1113 654 cana.
1137 598 1214 653 De
1251 593 1531 652 traditione
1563 595 1780 653 Christi.
1813 593 1884 648 De
1916 596 2189 663 negatione

748 683 865 726 em.

701 851 982 907 VeasJu
1037 848 1103 904 Et
1163 847 1363 903 factum
1425 855 1528 910 est,
1571 859 1692 899 cum
1755 851 2189 898 consummasset

629 946 786 999 Jesus
824 955 1100 999 sermones
1150 941 1246 994 hos
1292 951 1498 1002 omnes,
1525 936 1659 990 dixit
1707 935 1986 1001 discipulis
2031 935 2184 988 suis:

631 1035 794 1089 Scitis
820 1033 944 1102 quia
971 1040 1094 1100 post
1127 1027 1578 1092 biduumPascha
1597 1026 1708 1092 ﬁet,
1727 1036 1794 1081 et.
1813 1025 1982 1080 Filius
2013 1022 2191 1081 homi-

629 1127 710 1180 nis
750 1126 988 1178 tradetur
1017 1130 1075 1177 ut
1109 1119 1473 1189 cruciﬁgatur.
1499 1136 1516 1169 ι
1551 1117 1686 1184 Quia
1746 1117 1894 1187 regni
1943 1115 2188 1171 meminit

628 1226 681 1270 ct
734 1213 1128 1276 retributionis,
1176 1209 1498 1278 tempestive
1554 1216 1954 1278 consequenter
2005 1216 2060 1264 et
2117 1207 2185 1261 de

632 1305 882 1374 passione
924 1317 1018 1358 sua
1055 1301 1292 1364 disserit,
1334 1299 1486 1369 quasi
1537 1299 1760 1354 dicens:
1788 1295 1962 1352 Etiam
1998 1297 2052 1352 hi
2089 1296 2180 1367 qui

628 1410 712 1451 me
742 1392 1269 1463 cruciﬁxerint,igne
1303 1391 1611 1460 punientur.

695 1571 856 1626 Vens.
883 1569 998 1624 2-5.
1028 1587 1046 1620 ι
1083 1567 1232 1622 Tunc
1262 1564 1569 1635 congregati
1615 1571 1740 1619 sunt
1782 1562 2054 1631 principes
2096 1576 2185 1617 sa-

627 1665 926 1728 cerdotum,
954 1671 1007 1715 et
1037 1660 1265 1722 scribaz',
1298 1667 1354 1712 et
1381 1657 1627 1712 seniores
1664 1655 1870 1726 populi,
1893 1656 1948 1708 in
1981 1653 2181 1708 atrium

1468 269 2050 333 THEOPHYLACTI
2092 267 2505 330 BULGABIIE
2544 269 2900 332 ARCHIEP.

2213 387 2265 448 Α

3756 259 3857 324 436

2848 382 3096 437 ΚΕΦΔΛ.
3149 383 3293 449 KG’.

2289 519 2425 588 Περὶ
2458 519 2566 586 τῆς
2614 517 2954 587 ἁλειψάσης
2981 516 3087 570 τὸν
3127 513 3544 588 Κύριῳμύρῳ.
3569 510 3714 588 Hegi
3756 510 3858 588 tot}

2357 584 2586 658 πάσχα.
2612 584 2884 658 Περῖτού
2924 587 3232 658 μυστικοῦ
3256 585 3527 658 deiter-cy.
3561 584 3701 658 Περι
3756 584 3852 644 τῆς

2359 651 2738 728 παρᾶὃόσέώς
2767 657 2870 712 τοῦ
2902 651 3186 726 Χριστοῦ.
3236 654 3374 723 Περὶ
3407 652 3520 721 τῆς
3546 651 3856 719 ἀρνήσεως

2357 731 2465 784 τοῦ
2495 729 2742 797 Πέτρου.

2366 844 2504 899 ιΚαὶ
2534 843 2750 913 ἐγένετο
2785 844 2871 896 ὅτε
2909 841 3155 896 ἐτέλεσεν
3180 841 3208 894 ὁ
3241 839 3446 909 Ἰησοῦς
3486 836 3700 898 πάντας
3733 836 3855 900 τοὺς

2286 934 2478 1003 λόγους
2511 932 2750 996 τούτους,
2799 925 2920 983 εἷπε
2945 931 3057 993 τοῖς
3091 927 3358 999 μαθηταῖς
3391 921 3560 980 αὑτοῦ
3590 938 3604 951 ·
3639 921 3851 984 oram,

2285 1027 2363 1081 ὃτι
2398 1025 2533 1096 μετὰ
2581 1024 2673 1078 δύο
2702 1022 2913 1093 ἡμέρας
2949 1020 3012 1073 τδ
3048 1020 3238 1090 Πάσχα
3268 1018 3498 1087 γίνεται.
3535 1014 3648 1069 Καὶ
3671 1016 3698 1066 ὁ
3727 1012 3854 1074 Tib;

2286 1117 2379 1171 τοῦ
2410 1116 2698 1186 ἀνθρώπου
2729 1113 3076 1184 παραδίδοται
3137 1114 3215 1174 εις
3272 1111 3332 1164 τὸ
3389 1105 3793 1178 σταυρωθῆναι.
3831 1121 3850 1154 ι

2301 1208 2516 1278 Ἐπειδὴ
2548 1207 2820 1277 βασιλείας
2870 1203 3118 1274 ἐμνήσθη
3159 1202 3250 1256 καὶ
3299 1200 3737 1262 ἀνταποδόσεως,
3769 1196 3855 1249 e6-

2287 1301 2493 1370 καὶρως
2519 1298 2704 1352 λοιπὸν
2737 1299 2832 1351 καὶ
2862 1297 2989 1367 περ)⁸
3021 1296 3118 1350 τοῦ
3149 1293 3353 1357 πάθους
3375 1291 3468 1346 τοῦ
3508 1290 3715 1345 οἰκείου
3747 1289 3857 1341 δια-

2286 1393 2518 1460 λέγεται,
2545 1391 2826 1462 μονονουχὶ
2863 1391 3022 1444 τοῦτο
3047 1389 3242 1456 λέγων,
3265 1388 3347 1441 ὅτι
3388 1386 3497 1439 Καὶ
3528 1386 3579 1438 οἱ
3609 1380 3856 1452 σταυρώ-

2290 1483 2479 1546 σαντές
2515 1499 2582 1553 με
2615 1481 2708 1535 τοῦ
2747 1481 2918 1552 πυρὸς
2949 1480 3367 1550 ἀξιωθήσονται.

2364 1596 2382 1628 ι
2413 1577 2547 1629 Τότε
2603 1574 2944 1644 συνήχθησαν
2978 1575 3026 1626 oi
3060 1574 3339 1642 ἀρχιερεῖς
3376 1570 3472 1624 καὶ
3503 1568 3555 1622 oi
3589 1568 3856 1638 Γραμμαο

2287 1671 2396 1733 τεῖς
2427 1667 2521 1722 καὶ
2550 1667 2598 1720 οἱ
2634 1665 2993 1736 πρεσϐύτεροι
3026 1665 3121 1717 τοῦ
3151 1663 3281 1716 λαοῦ
3310 1663 3391 1725 εἰς
3437 1660 3538 1732 τὴν
3562 1660 3736 1726 αὐλὴν
3765 1656 3857 1712 τοῦ

627 1758 883 1827 principis
909 1756 1270 1818 sacerdotum,
1295 1755 1386 1823 qui
1417 1752 1701 1808 dicebatur
1729 1750 1954 1819 Caipha,
1973 1760 2027 1804 et
2055 1763 2184 1802 con-

2295 1728 2585 1834 άρχιερέως
2622 1728 2714 1812 τοῦ
2751 1728 3043 1827 λεγομένου
3081 1757 3324 1822 Καῖάφα.
3384 1728 3858 1806 καὶ-συνεϐουλεύ-

624 1850 798 1902 silium
832 1849 1066 1902 inierunt
1091 1856 1148 1900 ut
1185 1845 1372 1900 Jesum-
1411 1843 1533 1898 dolo
1583 1850 1826 1897 tenerent
1871 1851 1925 1896 et
1968 1840 2186 1896 occide-

623 1947 761 1993 rent.
790 1938 1044 1992 Dicebant
1069 1943 1242 1990 autem
1270 1953 1284 1989 :
1311 1933 1422 1989 Non
1471 1934 1522 1987 in
1570 1933 1656 1988 die
1701 1931 1857 1997 festo,
1891 1945 1957 1986 ne
1990 1930 2188 1984 tumul-

626 2043 710 2084 tus
750 2029 842 2083 ﬁat
884 2029 935 2082 in
974 2027 1188 2098 populo.
1232 2047 1250 2081 ι
1286 2026 1420 2082 Cum
1461 2027 1546 2081 lex
1581 2025 1895 2095 praeciperet
1928 2032 1987 2076 ut
2020 2038 2184 2076 unum

629 2130 832 2175 tantum
863 2120 1124 2174 haberent
1170 2117 1476 2186 pontiﬁcem
1525 2132 1620 2185 per
1660 2129 1821 2170 omne
1873 2115 2015 2168 illius
2066 2114 2187 2167 vita:

628 2224 858 2279 tempus,
906 2209 977 2262 illi
1030 2216 1216 2263 contra
1272 2208 1441 2276 legem
1487 2205 1687 2260 multos
1736 2204 2025 2267 faciebant,
2050 2216 2186 2271 quos

624 2301 911 2370 quotannis
967 2298 1524 2353 mutabant:idcirco
1569 2297 1634 2349 ad
1685 2295 1990 2364 pontificem
2042 2294 2187 2349 illius

627 2394 752 2447 anni
803 2392 1028 2445 veniunt
1073 2392 1137 2443 de
1184 2388 1471 2442 homicidio
1515 2388 1795 2441 consilium
1848 2387 2055 2450 inituri,
2095 2386 2185 2440 ubi

626 2485 908 2551 oportebat
941 2482 1108 2551 magis
1145 2480 1439 2534 homicidas
1473 2478 1671 2547 pdhiri.
1700 2477 1978 2546 Principes
2008 2485 2184 2530 autem

625 2577 962 2633 sacerdotum
996 2574 1129 2628 dicit
1161 2586 1255 2628 eos
1289 2573 1377 2640 qui
1410 2572 1522 2641 jam
1551 2586 1726 2624 animo
1759 2584 1982 2622 munere
2016 2569 2182 2624 iuncti

625 2665 1148 2722 fuerant.C:eterum
1197 2663 1515 2718 sceleratam
1555 2663 1751 2716 caedem
1798 2660 2181 2728 perpetraturi,

627 2775 732 2814 non
818 2760 1020 2821 Deum,
1077 2756 1168 2810 sed
1240 2754 1448 2809 turbam
1512 2753 1789 2807 timebant.
1864 2749 2180 2804 Timuerunt

627 2851 767 2906 enim
787 2863 851 2903 ne
877 2864 984 2919 quo
1018 2857 1193 2916 pacto,
1229 2846 1270 2899 si
1305 2845 1356 2900 in
1395 2845 1478 2900 die
1513 2844 1650 2900 festo
1683 2845 1827 2897 illum
1859 2843 2186 2908 occiderent,

627 2942 779 2997 turba
813 2942 865 2994 in
894 2940 1146 2994 ultionem
1183 2938 1528 2991 excitaretur.
1581 2933 1676 2989 Vel
1709 2935 1866 2988 etiam
1900 2935 2023 3004 quia
2063 2943 2188 2987 tunc

2289 1871 2451 1908 σαντο
2513 1854 2597 1906 ἵνα
2645 1851 2736 1904 τὸν
2779 1848 2982 1918 Ἰησοῦν
3038 1848 3172 1915 δόλῳ
3215 1844 3532 1916 κρατήσωσι
3587 1843 3685 1896 καὶ
3721 1843 3856 1896 ἁπο-

2287 1942 2608 2020 κτείνωσινρ
2641 1941 2826 2005 ἔλεγον
2861 1939 2915 1990 δέ
2944 1955 2958 1968 ·
3011 1937 3103 2007 Μὴ
3135 1938 3191 1989 ὲν
3231 1936 3295 2005 τῇ
3322 1936 3508 2004 ἑορτῇ,
3543 1934 3630 1986 ἵνα
3669 1931 3745 2002 μὴ
3775 1931 3859 1984 θό-

2289 2032 2450 2103 ρυϐος
2481 2033 2703 2102 γένηται
2739 2029 2797 2082 ὲν
2849 2027 2926 2100 τῷ
2950 2026 3083 2096 λαῷ.
3129 2045 3148 2078 ι
3208 2024 3314 2080 Τοῦ
3345 2025 3508 2094 νόμου
3545 2023 3860 2084 κελεύοντος

2286 2123 2381 2176 ἕνα
2403 2119 2542 2175 εἶναι
2581 2120 2843 2190 ἀρχιερέα
2891 2117 2977 2171 διὰ
3007 2117 3147 2187 βίου,
3179 2115 3402 2178 πολλοὺς
3433 2114 3654 2168 ὲποίουν
3703 2112 3858 2167 αὐτοὶ

2289 2213 2641 2286 παρανόμως,
2695 2210 3014 2278 ἀμείϐοντες
3055 2208 3252 2270 αὐτοὺς
3287 2207 3406 2260 κατ’
3443 2206 3694 2259 ἐνιαυτόν
3722 2220 3735 2232 '
3779 2204 3859 2258 διδ

2288 2307 2381 2359 καὶ
2408 2305 2541 2375 πρὸς
2567 2304 2657 2358 τὸν
2679 2302 2773 2357 τοῦ
2802 2301 3047 2357 ἐνιαυτοῦ
3083 2299 3291 2353 ἐκείνου
3321 2297 3584 2368 ἀρχιερέα
3608 2297 3856 2366 ἔρχονται

2289 2395 2697 2467 βουλευσόμενοι
2720 2395 2848 2464 περὶ
2882 2394 3062 2463 φόνου,
3095 2393 3216 2444 ὅθεν
3247 2391 3350 2443 ἔδει
3381 2389 3584 2458 μᾶλλον
3612 2390 3739 2450 τοὺς
3763 2404 3858 2452 φο-

2288 2487 2478 2554 νευτὰς
2508 2484 2832 2548 κολάζεσθαι
2853 2501 2867 2515 ο
2900 2484 3175 2553 ἀρχιερεῖς
3211 2482 3265 2535 δὲ
3300 2480 3444 2547 λέγει
3491 2479 3622 2542 τοὺς
3649 2477 3857 2543 πεπλη·

2288 2577 2535 2648 ρωκότας
2597 2575 2698 2646 ήδη
2754 2573 2850 2644 τὴν
2905 2572 3174 2628 ἐνιαύσιον
3237 2572 3604 2640 λειτουργίαν.
3665 2568 3770 2621 Τδν
3803 2568 3861 2621 δὲ

2285 2668 2499 2722 ἀνόσιον
2545 2666 2705 2735 φόνον
2744 2664 3030 2734 μέλλοντες
3087 2665 3350 2736 πράξειν,
3395 2664 3516 2733 οὐχὶ
3558 2659 3653 2714 τὸν
3707 2659 3857 2722 Θεὸν,

2286 2758 2424 2813 ἀλλὰ
2464 2759 2554 2810 τὸν
2584 2755 2737 2826 ὄχλον
2774 2754 3084 2823 φοϐοῦνται.
3135 2755 3430 2808 Ἐδεδίεσαν
3467 2753 3576 2822 γὰρ
3609 2753 3684 2822 μή
3721 2767 3859 2813 πως.

2287 2854 2344 2906 ὲν
2379 2853 2442 2922 τῇ
2484 2853 2641 2920 ἑορτῇ
2682 2850 3060 2919 φονευσάντων
3119 2849 3302 2910 αὑτὸν,
3355 2844 3613 2914 διεγερθῇ
3652 2844 3679 2895 ό
3707 2841 3860 2910 ὄχλος

2288 2946 2364 3009 εἰς
2397 2945 2633 3014 ἄμυναν,
2665 2943 2698 3013 ἦ
2740 2942 2833 2994 καὶ
2856 2941 2950 2995 τοῦ
2981 2941 3278 3009 προσάγειν
3307 2940 3405 3001 τὰς
3465 2938 3862 3004 νενομισμένας

627 3031 900 3087 oﬂ’erenda
945 3037 1099 3085 erant
1137 3029 1319 3082 omnia
1368 3026 1633 3082 sacriﬁcia
1680 3027 1733 3080 in
1782 3025 1897 3094 lege
1945 3027 2184 3090 decreta,

2295 3038 2481 3100 θυσίας
2537 3037 2840 3105 ἀπόσχηται
2871 3035 2958 3089 διὰ
2986 3034 3085 3104 τὴν
3131 3034 3441 3103 μιαιφονίαν
3500 3030 3722 3091 αὐτῶν,
3770 3027 3865 3079 καὶ

629 3141 696 3179 ne
739 3122 964 3193 populus
1011 3131 1229 3190 propter
1264 3119 1612 3174 homicidium
1649 3133 1677 3170 a
1709 3116 1993 3172 sacriﬁciis
2038 3117 2187 3170 absi-

628 3222 817 3277 steret,
855 3211 1247 3281 perderentque
1274 3208 1373 3276 ipsi
1404 3207 1607 3260 lucrum
1647 3206 1786 3275 quod
1814 3220 1876 3258 ex
1909 3205 2190 3259 sacriﬁciis

631 3305 915 3359 habebant.
961 3302 1231 3357 Fortassis
1277 3310 1454 3354 autem
1506 3307 1559 3353 et
1609 3298 1708 3352 hoc
1764 3300 2081 3364 timuerunt,
2124 3313 2190 3352 ne

633 3398 768 3450 forte
798 3396 851 3448 in
884 3395 969 3448 die
1003 3393 1139 3448 festo
1168 3392 1370 3457 occiso,
1391 3391 1532 3444 illius
1563 3404 1706 3444 mors
1736 3390 1964 3443 nobilior
1994 3400 2047 3444 ct
2078 3391 2190 3443 cla-

632 3490 741 3541 rior
773 3485 1235 3554 ﬁcrctzolitabant
1263 3483 1405 3537 enim
1439 3482 1749 3536 memoriam
1794 3480 1910 3550 ejus
1953 3481 2187 3536 abolere.

631 3577 708 3631 Illi
732 3579 895 3646 igitur
916 3585 1039 3632 ante
1066 3576 1259 3630 festum
1285 3574 1566 3646 consilium
1588 3575 1686 3627 ini:
1700 3580 1842 3638 runt,
1864 3582 1923 3626 ut
1952 3572 2029 3626 vel
2057 3572 2192 3626 forte

632 3679 752 3739 post
783 3672 920 3724 diem
955 3668 1146 3722 festum
1175 3645 1502 3721 occiderent:
1535 3666 1600 3718 At
1633 3680 1734 3718 non
1757 3666 1970 3734 quando
1997 3665 2069 3719 illi
2102 3680 2193 3718 vo-

635 3760 863 3823 luerunt,
912 3760 1002 3813 sed
1032 3757 1264 3828 quando.
1283 3757 1395 3826 ipse
1439 3756 1604 3809 voluit
1630 3757 1761 3824 pati,
1798 3769 1856 3809 se
1876 3755 2190 3824 capiendum

633 3853 710 3905 eis
738 3851 999 3921 permisit,
1027 3865 1120 3918 per
1157 3859 1365 3918 tempus
1403 3849 1604 3904 scilicet
1637 3848 1876 3914 Pascha),
1899 3857 1956 3901 ut
1983 3849 2196 3916 quando

637 3945 871 4015 typicum
895 3944 1522 4010 Pascha,tuncetverum
1541 3942 1742 3994 Pascha
1781 3941 1953 3994 ﬁeret.
1980 3940 2198 3997 Discere

641 4050 814 4092 autem
845 4046 899 4091 et
924 4038 1043 4092 illos
1060 4037 1219 4091 caedis
1232 4037 1415 4088 avidos
1441 4035 1601 4087 fuisse
1625 4048 1932 4101 possumus.
1955 4033 2083 4087 Nam
2107 4035 2196 4103 qui

643 4130 892 4183 nolebant
919 4129 1063 4182 illum
1093 4127 1340 4182 occidere
1368 4127 1418 4179 in
1449 4126 1533 4179 die
1556 4124 1713 4188 festo,
1733 4139 1853 4179 eum
1882 4126 2198 4181 invenerunt

641 4221 988 4286 proditorem,
1016 4229 1140 4272 tunc
1164 4217 1474 4271 occiderunt
1503 4222 1810 4283 contempta
1832 4216 1994 4270 etiam
2019 4218 2192 4283 turba,

641 4312 797 4363 modo
825 4311 1069 4363 voluntas
1104 4323 1288 4362 eorum
1321 4307 1488 4363 ﬁeret.
1507 4313 1559 4354 δ

715 4399 871 4455 Vens.
896 4400 948 4464 6,
975 4401 1030 4453 7.
1064 4419 1080 4452 ι
1116 4399 1249 4455 Cum
1277 4409 1454 4455 autem
1500 4412 1641 4457 esset
1667 4401 1820 4458 Jesus
1850 4402 1902 4454 in
1935 4399 2196 4453 Bethania
2231 4393 2272 4448 D

643 4492 692 4543 in
746 4491 903 4543 dumo
956 4490 1191 4546 Simonis
1241 4491 1456 4561 leprosi,
1494 4495 1720 4547 accessit
1756 4495 1818 4546 ad
1853 4509 1975 4547 eum
2010 4492 2202 4546 mulier

643 4581 845 4635 habens
908 4580 1231 4635 alabastrum
1305 4585 1562 4652 unguenti
1638 4585 1889 4653 preciosi,
1918 4594 1972 4639 et
2017 4583 2205 4637 eﬂ'udit

644 4690 805 4742 super
863 4683 1021 4742 caput
1085 4674 1251 4744 ipsius
1304 4676 1683 4730 recumbentis.
1719 4697 1735 4729 ι
1772 4669 1924 4748 143
1973 4675 2200 4742 Quidam

644 4767 825 4820 dicunt
863 4775 967 4819 tres
997 4781 1114 4819 esse
1157 4767 1407 4821 mulieres
1442 4783 1560 4835 quae
1611 4773 1864 4821 unxerint
1913 4768 2198 4820 Dominum

648 4865 934 4926 unguento,
953 4846 1179 4924 quarum
1212 4858 1370 4911 etiam
1399 4869 1629 4926 quatuor
1654 4861 1992 4929 evangelista:
2015 4859 2204 4911 memi-

648 4959 838 5002 nerunt
865 4966 878 5013 ;
905 4949 990 5003 alii
1028 4959 1205 5003 autem
1242 4950 1375 5003 duas
1412 4937 1596 5004 dicunt
1627 4970 1638 5005 :
1675 4967 1834 5005 unam
1867 4954 2005 5019 apud
2035 4951 2201 5005 Joan-

653 5057 794 5101 nem,
839 5057 956 5108 quae
1009 5051 1090 5095 est
1122 5039 1286 5094 Maria
1343 5056 1496 5096 soror
1555 5042 1742 5097 Lazari
1777 5060 1788 5096 :
1823 5045 2003 5106 aliam,
2051 5044 2204 5112 cujus

649 5131 932 5182 Matthmus
967 5145 1107 5185 nunc
1149 5131 1410 5192 meminit,
1441 5146 1557 5199 qua:
1588 5135 1770 5187 eadem
1805 5148 1927 5186 cum
1961 5133 2048 5185 illa
2083 5147 2202 5201 qua:
2230 5145 2232 5147 ’

648 5222 786 5288 apud
817 5219 1053 5275 Marcum
1085 5230 1138 5276 et
1172 5223 1394 5277 Lucam.
1423 5223 1696 5278 Simonem
1728 5233 1904 5278 autem
1941 5225 2082 5278 hunc
2130 5224 2205 5278 le-

652 5327 867 5375 prosum
906 5313 1121 5380 quidam
1153 5315 1335 5368 dicunt
1367 5316 1529 5370 fuisse
1570 5324 1774 5384 patrem
1809 5317 2203 5386 Lazari,quem

649 5404 892 5457 Christus
935 5418 963 5455 a
1012 5403 1157 5472 lepra
1194 5407 1512 5472 puriﬁeavit,
1537 5416 1588 5461 et
1624 5408 1760 5476 apud
1791 5423 1911 5462 cum
1953 5409 2199 5462 coenarit.

655 5487 856 5542 lHCiltll'
887 5499 1061 5544 autem
1091 5492 1231 5560 quod
1263 5501 1315 5547 et
1339 5491 1493 5548 Jesus
1532 5495 1618 5562 qui
1671 5496 1880 5558 dixerat
1924 5497 2204 5563 discipulis

655 5582 764 5633 suis
799 5599 809 5633 :
838 5581 990 5636 Abite
1020 5584 1082 5643 ad
1111 5587 1417 5652 quemdam,
1447 5596 1497 5640 et
1529 5588 1775 5656 ostendet
1826 5589 1976 5643 vobis
2003 5603 2157 5642 coena
2177 5619 2198 5627 -

654 5669 831 5724 culum
883 5681 1130 5740 stratum,
1161 5677 1224 5729 ad
1268 5675 1413 5730 illum
1455 5676 1657 5732 miserit
1705 5692 1814 5732 eos.
1855 5675 2091 5745 Denique
2147 5687 2193 5730 cl

2292 3127 2627 3180 ἀπολέσωσιν
2663 3125 2819 3180 αὐτοὶ
2846 3125 2913 3178 τὰ
2945 3126 3008 3177 ὲκ
3040 3124 3148 3175 τῶν
3180 3123 3380 3175 θυεῆὦν
3417 3120 3584 3188 κέρδη
3607 3135 3619 3148 ·
3654 3118 3782 3179 ἴσως
3807 3115 3865 3168 δὲ

2292 3218 2387 3270 καί
2411 3216 2568 3270 τοῦτο
2591 3214 2903 3284 ἐφοϐοῦντο,
2939 3215 3152 3285 μήποτε
3199 3215 3254 3266 ὲν
3286 3215 3352 3282 τῇ
3390 3211 3551 3278 ἑορτῇ
3583 3207 3865 3275 φονευθέν-

2292 3326 2403 3375 τος,
2430 3309 2700 3378 ὲπίσημος
2739 3307 2962 3375 γένηται
2987 3309 3080 3360 καὶ
3110 3304 3316 3368 ἔνδοξος
3342 3301 3507 3355 αὐτοῦ
3543 3304 3569 3353 ὁ
3599 3301 3862 3361 θάνατος·

2293 3401 2448 3456 uinci
2478 3402 2586 3469 γὰρ
2625 3398 2913 3470 ἠϐούλοντο
2963 3399 3227 3466 ἀφανίσαι
3262 3395 3322 3449 τὸ
3373 3394 3720 3464 μνημόσυνον
3770 3392 3866 3444 ab-

2295 3490 2408 3544 τοῦ.
2455 3492 2682 3543 Ἐκεῖνοι
2712 3491 2810 3560 μὲν
2842 3487 2935 3543 οὖν
2987 3489 3130 3543 οὕτω
3161 3488 3266 3558 πρὸ
3292 3487 3387 3557 τῆς
3419 3487 3614 3556 ἑορτῆς
3652 3484 3868 3555 βουλευ-

2298 3582 2480 3646 θέντες
2504 3582 2640 3653 μετὰ
2663 3581 2761 3652 τὴν
2777 3582 2971 3651 ἑορτὴν
2996 3581 3139 3651 τάχα
3165 3580 3450 3648 φονεῦσαι·
3478 3581 3505 3630 ὁ
3529 3579 3606 3640 δὲ,
3633 3578 3865 3640 δεικνῦς,

2297 3675 2377 3728 ὅτι
2406 3675 2502 3744 οὐχ
2532 3676 2620 3728 ὅτε
2643 3673 2992 3745 ἢθὲλον,’ἀλλ’
3022 3674 3110 3726 ὅτε
3141 3672 3403 3742 ἠθέλησεν
3434 3670 3618 3732 αὐτὸς,
3648 3671 3865 3738 πάσχει,

2299 3766 2670 3836 συνεχώρησεν
2704 3768 2882 3830 αὐτοῖς
2905 3767 3044 3819 κατὰ
3071 3765 3160 3818 τὸν
3189 3763 3378 3834 καιρὸν
3407 3763 3498 3816 τοῦ
3531 3763 3727 3832 Πάσχα
3751 3761 3869 3814 συλ-

2297 3857 2479 3910 λαϐεῖν
2499 3874 2514 3888 θ
2552 3858 2640 3911 ἵνα
2668 3859 2753 3910 ὅτε
2785 3859 2845 3910 τὸ
2883 3857 3112 3910 τυπικὸν
3143 3857 3332 3924 Πάσχα
3364 3855 3594 3921 ἐγίνετο,
3631 3855 3752 3906 τότε
3782 3853 3870 3904 καὶ

2298 3946 2358 3999 τδ
2385 3947 2633 4017 ἀληθινὸν
2662 3949 2857 4017 Πάσχα
2893 3948 3112 4019 ἐκϐαίη.
3153 3948 3308 3999 Ἔστι
3345 3947 3400 3999 δὲ
3448 3948 3542 3999 καὶ
3575 3946 3675 4014 τὴν
3729 3961 3870 4012 μιαι-

2302 4038 2488 4109 φονίαν
2520 4039 2700 4091 αὐτῶν
2731 4039 3086 4108 καταμαθεῖν.
3135 4040 3197 4091 Oi
3225 4038 3333 4106 γὰρ
3361 4039 3432 4105 μὴ
3472 4035 3788 4106 βουλόμενοι
3818 4035 3868 4086 ἐν

2298 4132 2364 4200 τῇ
2397 4130 2555 4200 ἑορτῇ
2585 4129 2840 4198 φονεῦσαι
2869 4131 3050 4196 αὐτὸν,
3099 4131 3187 4182 ὅτε
3218 4123 3375 4198 εὗρον
3407 4130 3496 4180 τὸν
3529 4127 3868 4197 προδιδόντα,

2299 4222 2421 4275 τότε
2468 4223 2773 4290 φονεύουσι,
2830 4223 3348 4292 καταφρονήσαντες
3406 4220 3500 4272 καὶ
3547 4219 3642 4272 τοῦ
3694 4217 3867 4287 δχλου,

2304 4314 2464 4383 μόνον
2497 4314 2584 4366 ἵνα
2612 4313 2670 4364 τὸ
2704 4312 2911 4381 θέλημα
2944 4312 3124 4365 αὐτῶν
3154 4311 3402 4379 γένηται.

2370 4423 2396 4496 ‘1
2442 4403 2546 4455 Τοῦ
2577 4404 2632 4456 δὲ
2680 4403 2851 4472 Ἰησοῦ
2903 4403 3197 4472 γενομένου
3250 4404 3310 4455 ὲν
3347 4401 3608 4470 Βηθανῖςι,
3645 4402 3704 4452 ὲν
3733 4398 3868 4467 οἰκίᾳ

2304 4493 2544 4562 Σίμωνος
2577 4494 2669 4546 τοῦ
2706 4494 2928 4564 λεπροῦ,
2966 4494 3272 4564 προσῆλθεν
3310 4494 3459 4563 αὐτῷ
3491 4493 3632 4562 γυνὴ
3669 4493 3868 4545 ἁλάϐα-

2306 4603 2465 4655 στρον
2503 4585 2674 4654 μύρου
2707 4585 2902 4654 ἔχουσα
2960 4584 3284 4656 βαρυτίμου,
3340 4586 3433 4636 καὶ
3490 4586 3756 4652 κατέχεεν
3783 4582 3868 4634 ἐπὶ

2308 4676 2402 4742 τὴν
2431 4675 2670 4743 κεφαλὴν
2704 4672 2867 4727 αὑτοῦ
2910 4674 3288 4742 ἀνακειμένου.
3331 4693 3348 4726 ι
3392 4674 3550 4735 Τινὲς
3600 4676 3753 4742 τρεῖς
3795 4670 3870 4722 λέ-

2306 4783 2490 4832 γουσιν
2526 4761 2657 4817 εἶναι
2683 4765 2778 4825 τὰς
2811 4764 3108 4832 ἁλειψάσας
3130 4765 3218 4816 τὸν
3242 4764 3446 4832 Κύριον
3477 4767 3742 4830 γυναῖκας
3762 4803 3775 4826 ,
3804 4755 3868 4814 ὧν

2307 4854 2398 4907 καὶ
2446 4857 2492 4906 oi
2525 4856 2789 4924 τέσταρες
2821 4856 3204 4923 εὐαγγελισταὶ
3256 4855 3582 4926 μέμνηνται·
3646 4856 3795 4909 ἄλλοι
3820 4854 3869 4906 δὲ

2305 4947 2396 4999 δύο
2431 4947 2596 5000 ταῦτα
2665 4948 2809 5014 φασι,
2862 4948 2990 5015 μίαν
3031 4947 3127 5016 τὴν
3185 4950 3332 5019 παρᾲ
3360 4949 3437 5017 τῷ
3487 4947 3733 5018 Ἰωάννῃ,
3762 4949 3870 5015 ἥτις

2308 5040 2422 5093 ἐστὶ
2443 5041 2626 5110 Μαρία
2665 5043 2689 5109 ἶ]
2717 5041 2915 5110 ἀδελφὴ
2941 5027 3038 5094 ’τοῦ
3061 5043 3335 5112 Λαζάρου,
3362 5043 3454 5095 καὶ
3477 5043 3573 5112 τὴν
3605 5042 3702 5094 νῦν
3734 5038 3871 5108 παρᾶ

2307 5133 2385 5201 τῷ
2410 5132 2671 5200 Ματθαίῳ
2701 5135 3202 5205 μνημονευομένην,
3238 5136 3359 5202 ἣτις
3388 5135 3534 5187 ἐστὶν
3566 5137 3598 5204 ὴ
3651 5133 3787 5201 αὑτὴ
3812 5135 3868 5200 τῇ

2309 5224 2457 5293 παρὰ
2495 5224 2571 5294 τῷ
2622 5227 2804 5295 Λουκᾷ
2837 5226 2929 5277 καὶ
2976 5226 3051 5294 τῷ
3101 5227 3332 5296 Μάρκῳ.
3394 5226 3497 5277 Τὸν
3547 5225 3603 5277 δὲ
3662 5225 3869 5293 Σίμωνα

2307 5317 2490 5369 τοῦτον
2531 5316 2621 5368 τὸν
2660 5317 2879 5384 λεπρον,
2917 5318 3048 5385 φασί
3079 5334 3222 5380 τινες
3255 5319 3348 5369 κα)⁵
3380 5318 3593 5385 πατέρα
3624 5311 3766 5367 εἶναι
3788 5310 3868 5362 τοῦ

2309 5406 2581 5478 Λαζάρου,
2621 5408 2678 5459 ὃν
2719 5408 2826 5458 ἀπὸ
2861 5408 2958 5476 τῆς
3003 5407 3211 5477 λέπρας
3261 5405 3588 5476 καθαρίσας,
3644 5403 3870 5456 εἱστιᾶτο

2309 5499 2434 5566 παρ’
2463 5497 2628 5566 αὐτῷ.
2663 5497 2892 5562 Λέγεται
2923 5497 2978 5549 δὲ
3009 5499 3086 5550 ὅτι
3116 5499 3208 5548 καὶ
3262 5500 3288 5548 ὁ
3326 5496 3528 5563 Κύριος
3562 5493 3734 5546 εἰπὼν
3771 5494 3870 5550 τοῖς

2313 5590 2601 5657 μαθηταῖς,
2640 5588 2921 5640 ’Λπέὶθετε
2946 5590 3078 5658 πρὸς
3108 5589 3197 5641 τὸν
3225 5589 3388 5653 δεῖνα,
3431 5588 3525 5640 καὶ
3555 5586 3721 5650 δείξει
3754 5584 3869 5648 ὑμῖν

2310 5677 2557 5745 ἀνώγεων
2623 5679 2988 5746 ἐστρωμένον,
3036 5680 3170 5742 πρὸς
3196 5681 3381 5732 τοῦτον
3429 5679 3750 5733 ἀποστέλλει
3784 5675 3868 5728 αξι-

4017 2320 4021 2450 ‘

4019 3051 4021 3188 l
