4080 6336
176 384 280 456 43⁸1

751 378 1202 445 ENARRATIO
1239 375 1324 439 IN
1356 373 1864 438 EVANGELIUM
1903 372 2295 436 MATTHAZI.
2334 395 2405 408 --
2442 370 2605 434 CAP.
2646 368 2857 463 XXVI.

3350 364 3459 431 £38

180 494 312 558 τοῦς
336 509 349 525 ⁸
379 493 571 564 ἀμέλει
600 491 696 546 καὶ
745 490 1063 557 ὑπεδέξατο,
1089 487 1166 552 ὥς
1204 503 1361 554 φασι,
1416 485 1508 538 τδν
1537 484 1764 554 Κύριον,

1888 489 2110 556 tuscepit
2146 487 2227 556 (ut
2263 482 2474 553 dicunt)
2514 483 2826 546 Dominum,
2891 478 2993 552 qui
3028 487 3085 534 et
3117 477 3262 549 apud
3304 477 3459 534 illum

184 588 281 641 καὶ
300 585 428 658 παρ’
448 584 599 653 αὐτῷ
616 584 678 636 τὸ
695 583 886 654 Πάσχα
909 583 1173 638 ἐτέλεσεν.
1189 581 1256 635 Ἦ
1273 579 1404 649 γοῦν
1423 580 1560 648 γυνὴ
1581 577 1767 633 ἰδοῦσα

182 677 274 731 τὸν
306 673 505 744 λεπρὸν
556 666 978 744 καθαρισθέντα,
1015 671 1322 744 ἐθάρρησεν
1380 670 1458 732 ὡς
1499 669 1597 721 καὶ
1625 667 1766 738 αὐτὴ

183 769 284 838 τῆς
317 767 564 834 ἀφέσεως
584 764 856 830 τεύξεται,
890 763 984 816 καὶ
1018 761 1486 835 καθαρισθήσεται
1516 760 1618 831 τὴν
1663 760 1767 829 ψυ-

182 857 345 930 χικὴν
366 857 578 928 λέπραν
601 872 617 888 ο
654 854 842 909 πίστιν
872 853 930 908 δὲ
962 853 1165 925 πολλὴν
1184 851 1508 916 ἐνεδείξατο,
1541 853 1603 904 τὸ
1623 850 1768 904 οὕτω

182 951 367 1022 τίμιον
401 949 576 1022 μύρον
627 947 967 1019 καταχέασα,
1013 947 1110 1000 καὶ
1155 944 1498 1014 ἀφειδήσασα
1529 942 1724 995 τούτου
1748 955 1765 973 ·

184 1045 282 1100 hri.
312 1042 411 1115 τὴν
444 1041 690 1113 κεφαλὴν
717 1040 775 1094 δὲ
821 1037 982 1094 τοῦτο
1013 1039 1296 1108 καταχέει,
1333 1036 1412 1106 τῷ
1441 1035 1781 1108 κυριωτάτῳ.

187 1137 347 1208 μέρει
375 1134 475 1204 τὴν
492 1133 657 1204 τιμὴν
688 1131 1063 1202 προσάγουσα.
1095 1131 1207 1184 Καὶ
1240 1131 1306 1184 σὺ
1329 1127 1462 1207 γοῦν
1487 1131 1537 1182 ει
1561 1128 1769 1198 λέπραν

184 1221 332 1300 ἅχεις
377 1211 621 1298 ψῗιχικὴν
659 1225 756 1280 καὶ
812 1218 1169 1296 φαρισαῖκὴν,
1203 1223 1596 1293 τετυφωμένην
1621 1223 1770 1293 -ἧτοι

184 1318 657 1391 ἀποκεκομμένην
680 1315 842 1380 Θεοῦ,
875 1315 1027 1384 δέξαι
1066 1315 1160 1370 τὸν
1203 1313 1412 1384 Ἰησοῦν
1446 1311 1535 1378 είς
1557 1313 1658 1386 τὴν
1690 1303 1777 1367 οιέ

187 1410 316 1478 κίαν
352 1427 470 1473 σου,
510 1409 867 1483 καὶςμύρισον
890 1409 1060 1465 αὐτὸν
1086 1409 1166 1480 τῷ
1198 1408 1355 1480 μύρῳ
1379 1409 1490 1461 τῶν
1525 1407 1768 1477 ἀρετῶν·

187 1500 434 1556 δύνασαι·
468 1501 579 1574 γὰρ
607 1487 919 1571 ιιαοιὶραντί·
962 1515 1024 1555 σε
1072 1488 1178 1570 ’τῆς
1213 1498 1422 1571 λέπρας
1455 1499 1534 1568 τῷ
1593 1496 1769 1570 Ἰησοῦ

189 1595 455 1653 σκευάσαι
486 1593 681 1664 μύρον,
709 1592 811 1649 καὶ
838 1593 981 1652 κατὰ
1013 1592 1114 1664 τῆς
1142 1592 1387 1663 κεφαλῆς
1415 1578 1580 1647 αὑτοῦ
1604 1601 1775 1647 κατα-

185 1683 332 1754 χέαι.
369 1681 464 1748 Τίς
521 1684 582 1738 δὲ
624 1685 660 1755 ἡ
707 1683 922 1756 κεφαλὴ
979 1685 1076 1739 τοῦ
1114 1683 1358 1757 Χριστοῦ
1386 1723 1404 1752 ,
1448 1685 1482 1756 ἢ
1515 1685 1548 1756 ἠ
1582 1683 1774 1756 θεότης

189 1771 388 1842 αὐτοῦ,
408 1776 545 1845 πρὸς
577 1775 647 1846 ἢν
680 1777 712 1847 ἠ
747 1776 946 1832 εὐωδία
968 1778 1079 1832 τῶν
1111 1777 1325 1850 ἀρετῶν
1363 1778 1771 1849 προσφέρεταιξ

1871 573 2100 646 perfecit
2133 570 2360 628 Pascha.
2390 567 2585 627 Mulier
2633 572 2798 640 igitur
2848 585 2985 643 cum,
3009 567 3236 628 vidisset
3279 568 3462 640 lepro-

1872 681 1992 722 sum
2054 663 2424 735 puriticatum,
2469 657 2693 720 'conlisa‘
2746 659 2829 718 est
2872 661 3018 735 quod
3063 667 3119 716 et
3168 661 3285 732 ipsa
3337 675 3464 731 pec-

1873 766 2116 813 catorum
2147 766 2577 826 consequeretur
2614 755 3020 824 remissionem,
3042 761 3102 830 et
3134 760 3461 823 pergeretur

1873 866 1905 906 a
1939 850 2088 921 lepra
2158 849 2376 904 animae.
2448 839 2697 918 Magnam
2751 855 2932 903 autem
2974 845 3135 900 [idem
3187 844 3460 910 ostendit,

1874 940 2016 1010 quod
2071 946 2178 994 tam
2225 939 2522 1008 pretiosum
2552 945 2985 1006 unguentum-et
3036 935 3243 1003 absque
3287 935 3467 1004 parci-

1876 1033 2057 1088 monia
2109 1032 2164 1086 in
2214 1040 2372 1101 caput
2424 1030 2544 1100 ejus
2595 1027 3138 1103 eﬂ'udit,bouorem
3197 1025 3465 1082 exhibens

1875 1123 2122 1180 membro
2161 1113 2456 1191 pracipuo.
2488 1108 2575 1174 Et
2630 1129 2686 1173 tu
2751 1131 2968 1187 quoque
3017 1116 3063 1170 si
3096 1115 3244 1185 lepra
3296 1113 3465 1170 labo-

1876 1231 1988 1284 ras,
2020 1224 2076 1269 et
2119 1211 2458 1288 pharisaic‘a"
2491 1211 2640 1280 lepra
2693 1207 2915 1264 inflatus
2967 1219 3052 1270 es,
3099 1219 3222 1276 qua
3278 1220 3310 1260 a
3355 1203 3467 1261 Deo

1877 1306 2114 1380 separat,
2152 1298 2383 1376 suscipe
2426 1292 2610 1360 Iesum
2669 1303 2732 1356 in‘
2775 1303 2992 1357 domum
3034 1308 3205 1365 luant,
3235 1307 3293 1354 et
3325 1311 3469 1369 unge

1878 1417 2001 1458 eum
2056 1397 2332 1472 unguento
2385 1388 2672 1451 virtutum.
2708 1393 2872 1448 Potes
2929 1393 3075 1446 enim
3127 1404 3328 1460 parare
3363 1406 3470 1445 un-

1877 1506 2135 1561 ﬂuentum
2174 1491 2436 1562 Jesu,qui
2467 1490 2675 1559 lepra‘ut
2706 1495 2853 1541 tuam
2896 1477 3170 1555 purgavit,
3213 1492 3266 1537 et
3304 1489 3470 1552 caput

1879 1589 1996 1657 ejus
2034 1596 2357 1657 perungere.
2377 1582 2530 1650 Quod
2559 1591 2738 1635 autem
2769 1587 2854 1634 est
2897 1588 3060 1648 caput
3104 1572 3306 1633 Christi
3327 1575 3350 1629 ἲ
3373 1573 3470 1629 Di-

1881 1683 2083 1737 vinitas
2119 1682 2362 1750 ejus,cui
2393 1676 2694 1748 fragrantia
2726 1673 2995 1729 virtutum
3025 1668 3322 1751 oﬂ'ertur.t
3372 1667 3470 1723 Di-

1882 1765 2314 1845 rigatuninquit,
2343 1770 2521 1825 oratio
2572 1777 2688 1821 mea
2743 1766 2885 1845 sicut
2921 1763 3214 1835 thymiama
3257 1761 3310 1835 in
3341 1774 3474 1816 con-

195 1883 217 1915 ι
253 1844 711 1941 Κατευθυνθή-τω
735 1867 868 1937 γὰρ,
909 1867 1113 1939 φησιν,
1221 1844 1498 1938 προσευχὴ
1521 1844 1532 1848 ﬁ
1556 1844 1656 1938 μου
1700 1866 1774 1931 ὼς

1888 1844 2069 1930 specta
2121 1866 2237 1922 tuo,
2265 1856 2495 1913 Domine
2528 1853 2595 1910 ⁸⁸.
2653 1874 2671 1908 ι
2710 1844 2862 1909 Ασθι·
2909 1852 3076 1922 igitur
3111 1850 3471 1934 ﬂagrantiam

190 1955 452 2028 θυμίαμα,
468 1956 704 2012 ἐνώπιόν
747 1975 866 2020 σου,
889 1956 1086 2030 Κύριε.
1116 1976 1137 2011 ι
1175 1957 1418 2012 Εὑωδίαν
1444 1953 1539 2012 οὖν
1580 1958 1680 2027 τὴν
1711 1959 1777 2010 ἐκ

187 2046 292 2100 τοῦ
319 2047 716 2127 πολυσυνθέτου
752 2047 930 2120 μύρου
975 2049 1090 2104 τῶν
1119 2050 1332 2121 ἀρετῶν
1364 2048 1684 2120 προσάγαγε
1709 2050 1776 2118 τῇ

192 2137 413 2209 Θεὸτητι
442 2139 534 2193 τοῦ
572 2140 812 2212 Χριστοῦ
832 2155 848 2173 ο
885 2139 1020 2194 ἀλλὰ
1048 2141 1114 2212 δὴ
1145 2142 1241 2195 καὶ
1282 2143 1338 2194 ει
1382 2142 1457 2212 μὴ
1492 2143 1652 2211 μόνον
1681 2138 1779 2193 ἄν-

193 2231 414 2304 Θρωπον
442 2230 600 2301 ψιλὸν
649 2233 814 2288 αὑτὸν
849 2233 1238 2303 -δογμα-τίζεις,
1291 2233 1430 2287 αλλὰ
1489 2232 1584 2286 καὶ
1621 2230 1777 2296 Θεὸν,

193 2325 318 2378 τότε
351 2325 446 2395 τὴν
471 2325 714 2397 κεφαλὴν
737 2325 903 2381 αὑτοῦ
933 2327 1053 2399 ἢτοι
1076 2328 1176 2399 τὴν
1204 2326 1433 2393 Θεότητα
1456 2325 1778 2390 εὐωδίασας,

193 2419 501 2478 τουτέστιν,
530 2417 894 2488 δθεολόγησας

277 2528 294 2560 ι
360 2508 582 2572 Ἰδόντες
627 2509 690 2564 δὲ
735 2511 791 2565 οῖ
836 2510 1077 2582 μαθηταὶ
1129 2511 1320 2574 αὐτοῦ.
1371 2514 1780 2586 ἠγανάκτησαν,

193 2599 452 2669 λέγοντες
473 2617 488 2632 ο
512 2602 606 2667 El;
639 2603 694 2656 τί
720 2604 755 2674 ἡ
776 2603 1024 2657 ἀπώλεια
1055 2603 1224 2675 αῦτη;
1246 2605 1475 2676 ἠδύνατο
1499 2608 1607 2680 γὰρ
1625 2609 1784 2663 τοῦτο

193 2693 260 2745 τὸ
286 2693 459 2765 μύρον
505 2695 781 2764 πραθῆναι
827 2695 1026 2749 πολλοῦ
1050 2738 1064 2760 ,
1113 2699 1208 2751 καὶ
1251 2697 1472 2768 δοθῆναι
1520 2702 1778 2769 πτωχοῖς.

193 2784 362 2848 Γνοὺς
395 2785 454 2840 δὲ
501 2787 529 2839 ὁ
577 2786 782 2856 Ἰησοῦς
815 2783 968 2842 εἶπεν
1003 2790 1188 2853 αὐτοῖς
1214 2806 1227 2820 ·
1259 2790 1325 2843 Τί
1376 2791 1582 2854 κόπους
1637 2809 1784 2863 παρ-

195 2877 356 2948 έχετε
389 2881 455 2949 τῇ
499 2880 754 2948 γυναικί;
783 2881 990 2952 Ἔργον
1031 2883 1141 2953 γὰρ
1172 2883 1342 2936 καλὸν
1372 2885 1672 2954 εἰργάσατο
1704 2886 1784 2949 είς

197 2970 306 3038 ἐμέ
327 2986 342 3002 ο
377 2971 609 3025 πάντοτε
637 2971 747 3044 γὰρ
771 2973 900 3036 τοὺς
930 2975 1179 3044 πτωχοὺς
1204 2974 1358 3044 ἔχετε
1393 2976 1513 3045 μεθ’
1551 2975 1779 3039 ἑαυτῶν,

196 3061 304 3131 ὲμὶ
338 3061 395 3115 δι
423 3062 485 3115 οὐ
526 3063 763 3118 πάντοτε
793 3063 972 3134 ἔχετε.
1007 3084 1028 3118 ι
1073 3066 1137 3120 Ol
1171 3067 1413 3137 μαθηταὶ
1449 3067 1623 3122 πολλὰ
1654 3069 1782 3138 περὶ

198 3152 578 3225 δλεημοσύνης
616 3155 972 3222 ἀκούσαντες,
1003 3157 1095 3211 καὶ
1125 3157 1292 3211 πολὺν
1320 3158 1492 3227 αὐτῆς
1525 3159 1782 3227 ποιούμε-

1881 1929 2143 2017 unguenti
2197 1961 2264 2002 ex
2320 1946 2507 2002 multis
2556 1943 2854 2000 virtutibus
2901 1941 3142 1998 coniecti
3198 1929 3472 1996 divinitati

1881 2041 2103 2098 Christi.
2136 2041 2278 2107 Quin
2328 2041 2500 2095 etiam
2524 2039 2566 2094 si
2599 2053 2706 2092 non
2748 2036 2924 2092 solum
2983 2035 3260 2091 hominem
3318 2033 3470 2088 illum

1883 2149 2003 2188 esse
2060 2116 2336 2197 docueris,
2389 2131 2483 2187 sed
2544 2131 2748 2186 dixeris
2810 2137 2866 2184 ct
2918 2125 3113 2192 Deum,
3143 2138 3270 2182 tunc
3310 2136 3474 2197 caput

1883 2239 2064 2288 suum,
2091 2225 2192 2278 hoc
2225 2233 2308 2279 est
2335 2222 2698 2293 divinitatem,
2740 2219 3002 2289 fragranti
3039 2227 3316 2289 unguento
3351 2231 3475 2288 pcr—

1885 2314 2218 2378 fundes,hoc
2248 2323 2349 2379 est,
2377 2312 2686 2382 theologum
2723 2325 2872 2383 ages.

1956 2499 2128 2555 Vens.
2161 2498 2316 2555 8.11.
2361 2515 2382 2550 ε
2419 2496 2679 2552 Videntes
2708 2499 2891 2548 autem
2926 2490 3177 2562 discipuli
3209 2489 3474 2563 indignati

1886 2600 2034 2659 sunt,
2068 2590 2319 2646 dicentes
2347 2607 2360 2643 :
2407 2586 2488 2642 Ad
2517 2587 2649 2655 quid
2680 2584 2912 2655 perditio
2944 2581 3100 2639 haec?
3124 2578 3474 2636 Potuitenim

1888 2686 2034 2741 istud
2065 2688 2409 2752 unguentum
2440 2679 2739 2734 venundari
2772 2691 2966 2747 magno
3005 2687 3060 2731 et
3119 2675 3238 2730 dari
3275 2689 3476 2745 paupe-

1890 2775 2064 2830 ribus.
2091 2775 2168 2829 Eo
2204 2782 2388 2827 autem
2417 2771 2662 2839 cognito,
2697 2766 2862 2824 Jesus
2893 2768 2972 2822 ait
3002 2766 3155 2822 illis:
3189 2765 3329 2834 Quid
3359 2781 3477 2822 mo-

1889 2869 2011 2923 lesti
2043 2869 2176 2922 estis
2222 2865 2473 2919 mulieri?
2522 2864 2670 2931 Opus
2699 2863 2844 2915 enim
2893 2861 3093 2915 bonum
3135 2867 3362 2928 operata
3393 2848 3505 2915 est~

1887 2975 2015 3030 erga
2046 2973 2150 3013 me.
2181 2957 2321 3012 Nam
2361 2970 2576 3024 semper
2608 2967 2871 3023 pauperes
2923 2952 3133 3009 habetis
3173 2953 3474 3018 vobiscum,

1890 3067 1976 3108 me
2002 3067 2132 3107 vero
2161 3034 2266 3103 non
2311 3063 2527 3116 semper
2577 3047 2813 3102 habetis.
2862 3065 2882 3098 ›
2921 3045 3178 3115 Discipuli
3215 3045 3477 3115 quoniam

1892 3141 2158 3197 multa-de
2189 3141 2536 3208 eleemosyna
2585 3139 2896 3199 audierant.
2931 3151 3293 3208 magnamque
3333 3136 3480 3191 illius

201 3261 284 3297 νοι
311 3245 488 3311 λόγον,
521 3246 838 3315 ἐμέμψαντο
869 3249 968 3318 τὴν
996 3251 1253 3317 γυναῖκα,
1285 3250 1360 3313 ὡς
1432 3251 1634 3320 μᾶλλον
1695 3251 1784 3304 τὸν

1897 3234 2164 3288 rationem
2232 3231 2579 3292 habuerant.
2643 3229 3112 3298 reprehenderunt
3169 3229 3478 3295 mulierem,

199 3336 352 3389 ἔλεον
369 3335 658 3405 ζητοῦντος
675 3337 767 3390 τοῦ
789 3337 948 3402 Θεοῦ,
977 3339 1008 3410 ἢ
1032 3341 1132 3410 τὴν
1163 3340 1244 3404 εἰς
1268 3343 1431 3394 αὑτὸν
1461 3344 1626 3412 τιμήν
1650 3360 1661 3372 '
1685 3346 1711 3395 ὁ
1733 3343 1789 3396 δὲ

199 3427 528 3498 ἐπιπλήττει
558 3430 671 3491 τοῖς
706 3428 1009 3498 μαθηταῖς,
1041 3431 1175 3483 διότι
1198 3431 1445 3499 ἀκαίρως
1469 3432 1791 3501 ἐμέμψαντο

197 3518 304 3589 τὴν
325 3521 581 3587 γυναῖκα.
601 3522 692 3574 Δεῖ
709 3521 820 3592 γὰρ
845 3521 920 3593 μὴ
941 3522 1010 3575 τὰ
1039 3522 1218 3594 ὑψηλὰ
1235 3525 1488 3577 ἀπαιτεῖν
1504 3542 1576 3577 πα
1587 3523 1655 3595 ρὰ
1681 3525 1790 3577 τῶν

199 3611 337 3682 ἄρτι
369 3612 728 3678 προσιόντων,
757 3612 852 3666 καὶ
888 3612 1129 3679 μάλιστα
1173 3615 1324 3686 παρά
1357 3615 1586 3681 γυναίου
1628 3617 1791 3669 ἀσθε-

203 3701 356 3767 νοῦς,
387 3702 524 3756 ἀλλὰ
549 3703 648 3775 τὴν
677 3704 908 3773 μετρίαν
934 3704 1066 3774 γοῦν
1097 3706 1278 3760 αὐτῶν
1308 3708 1492 3760 πίστιν
1516 3707 1788 3777 δέχεσθαι.

207 3790 380 3845 Ὅταν
416 3790 526 3862 γάρ
569 3809 649 3855 τις
687 3795 976 3866 προσφέρῃ
1022 3794 1100 3864 τῷ
1142 3795 1261 3867 Θεῷ
1311 3797 1506 3868 δῶρον,
1545 3797 1619 3868 μὴ
1656 3799 1794 3854 ἀπό-

206 3897 413 3950 στρεφε
443 3883 630 3948 αὑτὸν,
675 3885 808 3953 μηδὲ
849 3885 1100 3939 κατάκλα
1133 3887 1231 3957 τὴν
1256 3887 1571 3958 προθυμίαν
1603 3887 1790 3954 αὑτοῦ,

207 3972 464 4027 ἀπολύων
501 3976 664 4028 αὑτὸν
695 3977 774 4039 εἰς
800 3977 859 4029 τὸ
893 3977 1167 4032 διαδοῦναι
1207 3982 1465 4049 πτωχοῖς,
1496 3982 1610 4034 ἀλλ’
1657 3983 1794 4049 ἄφες

207 4065 505 4137 πληρῶσαι
534 4068 635 4136 τὴν
663 4072 1050 4143 προσαγωγὴν.
1083 4071 1143 4124 El
1187 4072 1372 4140 μέντοι
1400 4071 1794 4143 βουλευόμενος

205 4173 297 4220 τις
353 4158 645 4229 συμϐούλῳ
691 4151 787 4212 ’σοι
843 4161 1128 4231 χρήσεται,
1186 4163 1415 4231 πότερον
1479 4165 1562 4218 δεῖ
1609 4165 1794 4220 δοῦναι

209 4255 474 4322 πτωχοῖς,
512 4253 544 4323 ἢ
574 4257 950 4324 προσαγαγεῖν
979 4256 1058 4326 τῷ
1087 4256 1227 4327 Θεῷ,
1267 4258 1670 4328 συμϐούλευσον
1699 4262 1796 4314 αὑ-

205 4346 290 4414 τῷ
319 4345 508 4398 δοῦναι
529 4349 798 4416 πτωχοῖς’
835 4347 954 4418 μεθ’
985 4350 1011 4401 ὃ
1066 4351 1248 4421 μέντοι
1286 4356 1647 4423 προσαγάγοι,
1695 4375 1794 4411 πσ-

213 4437 407 4508 ριττὸν
443 4438 594 4489 ἐστιν
641 4439 1011 4510 ἀποστρέφειν
1062 4444 1225 4496 αὐτόν
1254 4459 1267 4474 °
1301 4445 1382 4496 δεῖ
1435 4447 1542 4517 γὰρ
1583 4448 1681 4518 τὴν
1714 4451 1795 4512 εἰς

204 4528 306 4581 τὸν
336 4528 472 4582 Θεὸν
497 4529 662 4599 τιμὴν
708 4533 1023 4603 προκρίνειν
1064 4536 1282 4588 πάντων
1317 4538 1528 4601 ἁπλῶς,
1572 4542 1664 4593 καὶ
1696 4542 1795 4611 τῆς

205 4620 585 4692 ιλεημοσὺνης
638 4625 808 4693 αὐτῆς
834 4643 847 4658 ο
890 4627 1022 4695 μηδὲ
1057 4628 1167 4698 γὰρ
1208 4631 1331 4682 ἐπεὶ
1365 4630 1451 4682 διὰ
1484 4632 1791 4703 φιλανθρω-

206 4712 345 4765 πίαν
384 4714 700 4784 ἀναδέχεται
750 4718 832 4778 εἰς
886 4718 1086 4771 ἑαυτὸν
1121 4722 1149 4771 ὁ
1193 4721 1431 4790 Χριστὸς
1472 4723 1563 4774 τὸν
1621 4724 1794 4790 ἔλεον,

202 4809 442 4877 νομίσῃς
492 4808 575 4860 ὅτι
631 4804 712 4862 δεῖ
764 4814 1128 4881 καταφρονεῖν
1185 4813 1280 4865 τοῦ
1335 4814 1493 4875 Θεοῦ,
1553 4817 1644 4870 καὶ
1694 4819 1794 4886 τὴν

206 4899 588 4970 ὶλεημοσύνην
637 4901 796 4970 μόνον
836 4903 1180 4973 ἐπιτηδεύειν
1213 4923 1228 4936 ο
1272 4907 1395 4958 ἐπεὶ
1428 4908 1570 4960 οὕτω
1600 4926 1663 4976 γε
1703 4911 1798 4963 καὶ

207 4988 514 5059 ἱεροσυλεῖν
547 4989 627 5041 δεῖ
656 4991 861 5057 λοιπὸν,
903 4992 995 5044 καὶ
1023 4995 1088 5046 ἐκ
1121 4995 1230 5047 τῶν
1278 4995 1618 5064 συληθέντων
1643 4998 1798 5069 ἐλεη-

207 5075 454 5148 μοσύνην
487 5080 687 5131 ποιεῖν.
729 5078 869 5132 Ἀλλ’
902 5082 1003 5135 οὐκ
1036 5082 1152 5136 ἐστι
1195 5084 1355 5137 τοῦτο
1378 5102 1391 5116 ο
1439 5087 1521 5138 ὅτι
1553 5088 1661 5156 γὰρ
1694 5089 1793 5142 οὐκ

206 5171 331 5222 ἔστι
363 5168 561 5222 ταυτὸν
607 5169 669 5223 τὸ
704 5171 876 5225 ἐλεεῖν
926 5176 1175 5245 πτωχοὺς
1222 5176 1317 5230 καὶ
1348 5176 1410 5229 τὸ
1439 5181 1677 5248 τιμῆσαι·
1702 5179 1793 5232 τὸν

205 5261 449 5331 Χριστὸν
501 5263 670 5317 αὑτὸν
729 5266 954 5330 ἐκεῖνον,
1011 5270 1104 5321 καὶ
1171 5269 1532 5340 θεραπεῦσαι,
1589 5271 1789 5326 ἄκουε·

212 5371 231 5404 t
265 5352 408 5415 Τοὺς
435 5356 686 5425 πτωχοὺς
719 5359 849 5427 γὰρ,
875 5361 1029 5428 (moi,
1068 5362 1303 5414 πάντοτε
1340 5362 1494 5432 ἔχετε
1521 5364 1640 5434 μεθ’
1665 5366 1792 5417 ἐαυ-

207 5445 343 5510 τῶν,
370 5445 470 5514 ἐμὲ
491 5447 547 5500 δὲ
581 5448 641 5500 οὐ
675 5452 908 5502 πάντοτε
945 5450 1116 5520 ἔχετε.
1142 5472 1160 5504 ι
1209 5454 1369 5524 Ὁρᾷς
1396 5453 1489 5507 οὖν
1525 5455 1642 5518 πῶς
1667 5456 1796 5509 ἄλλο

209 5539 334 5592 ἐστὶ
364 5538 425 5592 τὸ
457 5539 547 5592 τὸν
588 5541 822 5609 Χριστὸν
866 5544 1218 5613 θεραπεύειν,
1261 5548 1356 5600 καὶ
1388 5548 1515 5617 ἄλλο
1547 5549 1607 5624 τὸ
1651 5565 1798 5602 πτω-

210 5630 346 5700 χοὺς
410 5629 604 5695 ἐλεεῖν,
644 5634 693 5685 ει
745 5635 854 5687 καῖ’
893 5634 982 5688 διὰ
1035 5637 1446 5710 φιλανθρωπίαν
1500 5641 1527 5691 ὁ
1561 5637 1797 5710 Χριστὸς

211 5725 294 5786 εἰς
322 5721 517 5775 ἑαυτὸν
543 5723 861 5794 ἀναδέχεται
896 5728 963 5783 τὰ
992 5729 1069 5792 είς
1095 5731 1220 5793 τοὺς
1252 5732 1488 5802 πένητας
1515 5732 1795 5803 γινόμενα.

287 5837 336 5869 ⁸⁸
372 5835 515 5892 Psal.
550 5851 674 5903 cst,
715 5839 770 5893 ἓ.

1896 3333 2154 3393 tanquam
2225 3322 2336 3375 Deo
2407 3319 2839 3375 misericordiam
2923 3320 3105 3390 magis
3163 3319 3481 3388 requirente

1892 3430 2056 3486 quam
2101 3415 2361 3468 honorem
2404 3428 2582 3468 suum.
2621 3411 2714 3466 Ille
2762 3421 2942 3466 autem
2971 3413 3273 3481 increpavit
3312 3411 3482 3467 disci-

1894 3508 2067 3576 pulos,
2102 3521 2168 3560 eo
2201 3506 2345 3575 quod
2375 3502 2755 3572 intempestive
2784 3502 3067 3556 mulierem
3099 3502 3483 3573 reprehendis-

1893 3607 2038 3654 sent.
2090 3598 2206 3652 Non
2254 3598 2403 3650 enim
2439 3610 2652 3650 summa
2693 3596 2917 3664 exigere
2955 3594 3022 3648 ab
3069 3595 3152 3649 his
3182 3597 3273 3664 qui
3311 3597 3485 3661 nuper

1894 3690 1963 3746 ad
2007 3689 2166 3744 ﬁdem
2226 3688 2462 3756 adducti
2500 3697 2648 3752 sunt,
2703 3688 2940 3741 maxime
2981 3686 3049 3740 ab
3100 3688 3313 3739 infirma
3364 3702 3484 3740 mu-

1895 3783 2048 3849 liere,
2079 3784 2172 3837 sed
2198 3784 2531 3838 mediocrem
2555 3796 2743 3836 eorum
2776 3781 2932 3834 ﬁdem
2951 3781 3225 3848 suscipere
3248 3788 3484 3849 oportet.

1897 3876 2124 3944 Quando
2156 3875 2320 3945 igitur
2345 3875 2471 3945 quis
2504 3874 2661 3930 oliert
2705 3875 2813 3929 Deo
2846 3873 3074 3938 donum,
3116 3887 3183 3926 ne
3214 3877 3484 3928 averseris

1898 3968 2072 4032 illum,
2112 3981 2288 4036 neque
2317 3968 2635 4033 conlringas
2668 3964 3010 4018 alacritatem
3038 3964 3176 4033 ejus,
3207 3963 3486 4017 abducens

1899 4059 2048 4112 illum
2091 4064 2150 4112 ut
2204 4058 2296 4110 det
2335 4055 2688 4126 pauperibus,
2731 4056 2824 4109 sed
2879 4056 2996 4108 sine
3057 4054 3285 4123 implere
3333 4054 3488 4108 obla-

1900 4155 2124 4206 tionem.
2159 4149 2314 4216 Quod
2354 4150 2400 4205 si
2433 4149 2557 4218 quis
2593 4149 2824 4203 consilio
2852 4156 2943 4203 tuo
2976 4148 3269 4216 indiguerit
3303 4160 3486 4203 utrum

1899 4251 2150 4313 oporteat
2197 4241 2396 4307 facere,
2437 4241 2767 4311 pauperibus
2795 4239 2950 4304 dare,
2985 4241 3071 4294 vel
3105 4238 3304 4295 offerre
3353 4239 3485 4306 Deo,

1898 4333 2124 4389 consule
2161 4333 2238 4386 illi
2273 4342 2333 4386 ut
2368 4333 2456 4387 det
2479 4332 2848 4401 pauperibus:
2885 4341 2944 4384 at
2979 4345 3102 4384 cum
3133 4329 3314 4393 oti'ert,
3349 4332 3489 4388 indi-

1898 4441 2061 4496 gnum
2094 4433 2179 4480 est
2217 4425 2462 4478 aversari
2504 4425 2679 4478 illum.
2719 4423 2883 4477 Decet
2916 4423 3062 4475 enim
3098 4431 3156 4475 ut
3189 4420 3352 4494 144
3381 4423 3489 4478 ho-

1900 4532 2084 4572 norem
2122 4534 2281 4587 quem
2316 4517 2427 4572 Deo
2461 4519 2747 4581 debemus,
2781 4516 3134 4583 praeferamus
3168 4516 3492 4585 simpliciter

1825 4603 1870 4658 υ
1899 4610 2173 4675 omnibus,
2205 4610 2368 4664 etiam
2396 4609 2758 4678 eleemosynae
2805 4608 2927 4676 ipsi.
2971 4605 3091 4661 Noli
3135 4607 3304 4674 enim,
3357 4607 3486 4676 quia

1901 4713 2122 4772 propter
2167 4703 2556 4771 benignitatem
2591 4702 2844 4758 Christus
2890 4703 3121 4770 suscipit
3172 4703 3488 4756 misericor-

1901 4802 2042 4855 diam
2071 4802 2223 4870 quasi
2249 4800 2352 4854 sibi
2381 4790 2523 4856 facta
2545 4809 2710 4864 esset,
2729 4799 3048 4855 existimare
3067 4800 3210 4868 quod
3239 4809 3488 4868 oporteat

1901 4904 2251 4949 contemnere
2285 4893 2454 4949 Deum
2505 4905 2558 4948 et
2589 4894 2992 4963 cleemosynam
3028 4903 3233 4948 tantum
3272 4908 3487 4959 curare,

1903 4988 2028 5054 quia
2053 4988 2134 5042 sic
2158 4987 2571 5056 etsacrilegium
2602 4987 2812 5048 liceret,
2844 4995 2898 5040 et
2922 5001 2984 5040 ex
3021 4986 3323 5056 sacrilegiis
3343 4995 3490 5042 esset

1903 5076 2244 5148 elcemosyna
2265 5078 2465 5132 danda.
2489 5076 2684 5132 Verum
2707 5092 2809 5132 non
2830 5079 2908 5132 sic
2925 5078 3107 5141 habet,
3131 5079 3258 5148 quia
3282 5094 3386 5132 non
3407 5085 3490 5132 cst

1900 5171 2068 5233 idem,
2121 5172 2366 5227 misereri
2411 5186 2735 5243 pauperum,
2789 5183 2843 5227 et
2891 5172 3070 5228 colere
3113 5188 3176 5226 ac
3218 5173 3490 5226 honorare

1901 5269 2192 5337 ipsummet
2223 5263 2524 5319 Christum.
2549 5266 2686 5318 Audi
2719 5283 2730 5318 :
2758 5265 3060 5333 «Pauperes
3080 5267 3249 5328 enim,
3285 5265 3483 5332 inquit.

1904 5371 2118 5423 seraper
2149 5356 2358 5411 habetis
2393 5355 2696 5418 vobiscum,
2733 5371 2818 5411 me
2859 5364 3040 5410 autem
3073 5373 3178 5424 non
3213 5370 3484 5424 semper.»

1903 5450 2070 5506 Vides
2124 5451 2288 5520 igitur
2321 5452 2596 5518 quomodo
2647 5449 2793 5504 aliud
2830 5451 2898 5504 sit
2938 5461 3126 5505 curam
3155 5422 3487 5519 [impendere

1905 5540 2145 5607 Christo,
2204 5550 2258 5594 et
2319 5541 2465 5595 aliud
2545 5541 2793 5595 misereri
2851 5543 3203 5611 pauperibus,
3277 5550 3490 5594 tame‘sr

1907 5635 2160 5689 Christus
2193 5644 2413 5703 propter
2450 5634 2842 5702 benignitatem
2881 5636 3143 5703 suscipiat
3170 5633 3394 5703 perinde
3427 5646 3493 5688 ac

1910 5729 1953 5782 si
1986 5727 2039 5782 in
2078 5741 2135 5783 se
2169 5724 2484 5789 collocetur,
2517 5723 2657 5793 quod
2699 5724 3034 5795 pauperibus
3066 5723 3418 5795 impenditur.
