  <div class='ocr_page' id='page_1' title='image "/cluster/home/n/w/nwhite01/storage/ocr_20150623/123/pst.000005714384/225.png"; bbox 0 0 4080 6336; ppageno 0'>
   <div class='ocr_carea' id='block_1_1' title="bbox 602 280 3833 385">
    <p class='ocr_par' dir='ltr' id='par_1_1' title="bbox 602 280 3833 385">
     <span class='ocr_line' id='line_1_1' title="bbox 602 280 3833 385; baseline 0 -10"><span class='ocrx_word' id='word_1_1' title='bbox 602 309 711 376; x_wconf 74' lang='lat' dir='ltr'><strong>tas</strong></span> <span class='ocrx_word' id='word_1_2' title='bbox 1216 383 1218 385; x_wconf 34' lang='lat'><strong><em>,</em></strong></span> <span class='ocrx_word' id='word_1_3' title='bbox 1448 280 2030 375; x_wconf 66' lang='lat' dir='ltr'><strong>rnuopnmcrt</strong></span> <span class='ocrx_word' id='word_1_4' title='bbox 2072 307 2486 374; x_wconf 69' lang='lat' dir='ltr'><strong>summm</strong></span> <span class='ocrx_word' id='word_1_5' title='bbox 2524 312 2886 380; x_wconf 79' lang='lat' dir='ltr'><strong>ARCHIEP.</strong></span> <span class='ocrx_word' id='word_1_6' title='bbox 3731 311 3833 377; x_wconf 74' lang='lat' dir='ltr'><strong>tto</strong></span> 
     </span>
    </p>
   </div>
   <div class='ocr_carea' id='block_1_2' title="bbox 617 416 2228 503">
    <p class='ocr_par' dir='ltr' id='par_1_2' title="bbox 617 421 2228 503">
     <span class='ocr_line' id='line_1_2' title="bbox 617 421 2228 503; baseline -0.002 -24"><span class='ocrx_word' id='word_1_7' title='bbox 617 424 620 433; x_wconf 83' lang='grc'><em>’</em></span> <span class='ocrx_word' id='word_1_8' title='bbox 674 424 839 481; x_wconf 72' lang='lat' dir='ltr'><strong>Vsus.</strong></span> <span class='ocrx_word' id='word_1_9' title='bbox 887 424 973 496; x_wconf 76' lang='lat' dir='ltr'><strong>l2,</strong></span> <span class='ocrx_word' id='word_1_10' title='bbox 1009 425 1152 503; x_wconf 43' lang='lat'><strong>13.;</strong></span> <span class='ocrx_word' id='word_1_11' title='bbox 1182 422 1354 491; x_wconf 71' lang='lat' dir='ltr'><strong>.Qnod</strong></span> <span class='ocrx_word' id='word_1_12' title='bbox 1380 424 1524 481; x_wconf 86' lang='lat' dir='ltr'><strong>enim</strong></span> <span class='ocrx_word' id='word_1_13' title='bbox 1559 425 1672 480; x_wconf 61' lang='lat' dir='ltr'><strong>hac</strong></span> <span class='ocrx_word' id='word_1_14' title='bbox 1701 433 2030 496; x_wconf 72' lang='lat' dir='ltr'><strong>unguentum</strong></span> <span class='ocrx_word' id='word_1_15' title='bbox 2064 421 2164 477; x_wconf 88' lang='lat' dir='ltr'><strong>hoc</strong></span> <span class='ocrx_word' id='word_1_16' title='bbox 2192 423 2228 486; x_wconf 72' lang='grc' dir='ltr'><em>Α</em></span> 
     </span>
    </p>
   </div>
   <div class='ocr_carea' id='block_1_3' title="bbox 2225 416 3836 503">
    <p class='ocr_par' dir='ltr' id='par_1_3' title="bbox 2225 416 3836 501">
     <span class='ocr_line' id='line_1_3' title="bbox 2225 416 3836 501; baseline -0.001 -18"><span class='ocrx_word' id='word_1_17' title='bbox 2225 439 2245 483; x_wconf 78' lang='lat' dir='ltr'>L</span> <span class='ocrx_word' id='word_1_18' title='bbox 2343 444 2363 477; x_wconf 83' lang='lat' dir='ltr'><strong>r</strong></span> <span class='ocrx_word' id='word_1_19' title='bbox 2407 424 2654 483; x_wconf 79' lang='grc' dir='ltr'>Βαλοῦσα</span> <span class='ocrx_word' id='word_1_20' title='bbox 2685 429 2796 501; x_wconf 81' lang='grc' dir='ltr'><strong>γάρ</strong></span> <span class='ocrx_word' id='word_1_21' title='bbox 2823 428 2963 500; x_wconf 89' lang='grc' dir='ltr'>αῦτη</span> <span class='ocrx_word' id='word_1_22' title='bbox 2993 430 3054 484; x_wconf 83' lang='grc' dir='ltr'><strong>τδ</strong></span> <span class='ocrx_word' id='word_1_23' title='bbox 3090 416 3260 501; x_wconf 81' lang='grc' dir='ltr'>μύρον</span> <span class='ocrx_word' id='word_1_24' title='bbox 3298 426 3581 497; x_wconf 5' lang='grc' dir='ltr'>τοῦτογέπὶ</span> <span class='ocrx_word' id='word_1_25' title='bbox 3609 427 3703 483; x_wconf 75' lang='grc' dir='ltr'><strong>τοῦ</strong></span> <span class='ocrx_word' id='word_1_26' title='bbox 3737 426 3836 481; x_wconf 80' lang='grc' dir='ltr'>σώ-</span> 
     </span>
    </p>
   </div>
   <div class='ocr_carea' id='block_1_4' title="bbox 604 506 2215 594">
    <p class='ocr_par' dir='ltr' id='par_1_4' title="bbox 604 506 2168 589">
     <span class='ocr_line' id='line_1_4' title="bbox 604 506 2168 589; baseline -0.003 -15"><span class='ocrx_word' id='word_1_27' title='bbox 604 520 755 575; x_wconf 82' lang='lat' dir='ltr'><strong>misit</strong></span> <span class='ocrx_word' id='word_1_28' title='bbox 810 516 973 589; x_wconf 83' lang='lat' dir='ltr'><strong>super</strong></span> <span class='ocrx_word' id='word_1_29' title='bbox 1006 506 1205 589; x_wconf 72' lang='lat' dir='ltr'><strong>corpus</strong></span> <span class='ocrx_word' id='word_1_30' title='bbox 1254 516 1481 584; x_wconf 79' lang='lat' dir='ltr'><strong>meuni,</strong></span> <span class='ocrx_word' id='word_1_31' title='bbox 1537 518 1605 572; x_wconf 85' lang='lat' dir='ltr'><strong>ad</strong></span> <span class='ocrx_word' id='word_1_32' title='bbox 1663 517 2029 587; x_wconf 85' lang='lat' dir='ltr'><strong>sepeliendum</strong></span> <span class='ocrx_word' id='word_1_33' title='bbox 2081 529 2168 570; x_wconf 88' lang='lat' dir='ltr'><strong>me</strong></span> 
     </span>
    </p>
   </div>
   <div class='ocr_carea' id='block_1_5' title="bbox 2225 506 3836 594">
    <p class='ocr_par' dir='ltr' id='par_1_5' title="bbox 2274 515 3836 594">
     <span class='ocr_line' id='line_1_5' title="bbox 2274 515 3836 594; baseline 0.004 -26"><span class='ocrx_word' id='word_1_34' title='bbox 2274 515 2443 586; x_wconf 85' lang='grc' dir='ltr'>ματός</span> <span class='ocrx_word' id='word_1_35' title='bbox 2475 534 2601 587; x_wconf 85' lang='grc' dir='ltr'>μου,</span> <span class='ocrx_word' id='word_1_36' title='bbox 2633 519 2771 589; x_wconf 81' lang='grc' dir='ltr'>πρὸς</span> <span class='ocrx_word' id='word_1_37' title='bbox 2807 521 2870 573; x_wconf 78' lang='grc' dir='ltr'>τὸ</span> <span class='ocrx_word' id='word_1_38' title='bbox 2912 521 3234 590; x_wconf 74' lang='grc' dir='ltr'>ἐνταφιάσαι</span> <span class='ocrx_word' id='word_1_39' title='bbox 3270 537 3337 594; x_wconf 76' lang='grc' dir='ltr'><strong>με</strong></span> <span class='ocrx_word' id='word_1_40' title='bbox 3378 521 3626 590; x_wconf 79' lang='grc' dir='ltr'>ἐποίησε.</span> <span class='ocrx_word' id='word_1_41' title='bbox 3671 519 3836 588; x_wconf 68' lang='grc' dir='ltr'>’Δμὴν</span> 
     </span>
    </p>
   </div>
   <div class='ocr_carea' id='block_1_6' title="bbox 607 606 2218 684">
    <p class='ocr_par' dir='ltr' id='par_1_6' title="bbox 607 608 2161 679">
     <span class='ocr_line' id='line_1_6' title="bbox 607 608 2161 679; baseline -0.002 -15"><span class='ocrx_word' id='word_1_42' title='bbox 607 610 753 668; x_wconf 82' lang='lat' dir='ltr'><strong>fecit.</strong></span> <span class='ocrx_word' id='word_1_43' title='bbox 813 613 977 667; x_wconf 76' lang='lat' dir='ltr'><strong>Amen</strong></span> <span class='ocrx_word' id='word_1_44' title='bbox 1008 612 1129 667; x_wconf 87' lang='lat' dir='ltr'><strong>dico</strong></span> <span class='ocrx_word' id='word_1_45' title='bbox 1183 608 1355 677; x_wconf 80' lang='lat' dir='ltr'><strong>vobis,</strong></span> <span class='ocrx_word' id='word_1_46' title='bbox 1431 610 1745 679; x_wconf 77' lang='lat' dir='ltr'><strong>ubicunque</strong></span> <span class='ocrx_word' id='word_1_47' title='bbox 1806 609 2161 676; x_wconf 76' lang='lat' dir='ltr'><strong>praedicatum</strong></span> 
     </span>
    </p>
   </div>
   <div class='ocr_carea' id='block_1_7' title="bbox 2225 606 3836 684">
    <p class='ocr_par' dir='ltr' id='par_1_7' title="bbox 2272 606 3836 684">
     <span class='ocr_line' id='line_1_7' title="bbox 2272 606 3836 684; baseline 0.003 -25"><span class='ocrx_word' id='word_1_48' title='bbox 2272 606 2415 675; x_wconf 68' lang='grc' dir='ltr'>λέγω</span> <span class='ocrx_word' id='word_1_49' title='bbox 2441 608 2590 679; x_wconf 78' lang='grc' dir='ltr'>ὑμῖν,</span> <span class='ocrx_word' id='word_1_50' title='bbox 2622 610 2756 664; x_wconf 82' lang='grc' dir='ltr'>ὅπου</span> <span class='ocrx_word' id='word_1_51' title='bbox 2799 612 2895 665; x_wconf 79' lang='grc' dir='ltr'><strong>ἐάν</strong></span> <span class='ocrx_word' id='word_1_52' title='bbox 2924 611 3171 684; x_wconf 76' lang='grc' dir='ltr'><strong>κηρυχθῇ</strong></span> <span class='ocrx_word' id='word_1_53' title='bbox 3215 611 3277 665; x_wconf 85' lang='grc' dir='ltr'><strong>τδ</strong></span> <span class='ocrx_word' id='word_1_54' title='bbox 3320 610 3655 680; x_wconf 77' lang='grc' dir='ltr'>Εύαγγέλιον</span> <span class='ocrx_word' id='word_1_55' title='bbox 3687 609 3836 664; x_wconf 77' lang='grc' dir='ltr'>τοῦτο</span> 
     </span>
    </p>
   </div>
   <div class='ocr_carea' id='block_1_8' title="bbox 607 697 2218 775">
    <p class='ocr_par' dir='ltr' id='par_1_8' title="bbox 607 702 2168 774">
     <span class='ocr_line' id='line_1_8' title="bbox 607 702 2168 774; baseline -0.002 -16"><span class='ocrx_word' id='word_1_56' title='bbox 607 704 771 759; x_wconf 84' lang='lat' dir='ltr'><strong>luerit</strong></span> <span class='ocrx_word' id='word_1_57' title='bbox 808 703 910 759; x_wconf 86' lang='lat' dir='ltr'><strong>hoc</strong></span> <span class='ocrx_word' id='word_1_58' title='bbox 939 702 1285 774; x_wconf 76' lang='lat' dir='ltr'><strong>Evangelium</strong></span> <span class='ocrx_word' id='word_1_59' title='bbox 1318 704 1371 757; x_wconf 89' lang='lat' dir='ltr'><strong>in</strong></span> <span class='ocrx_word' id='word_1_60' title='bbox 1405 710 1519 758; x_wconf 88' lang='lat' dir='ltr'><strong>toto</strong></span> <span class='ocrx_word' id='word_1_61' title='bbox 1548 702 1770 765; x_wconf 91' lang='lat' dir='ltr'><strong>mundo,</strong></span> <span class='ocrx_word' id='word_1_62' title='bbox 1812 702 1919 757; x_wconf 88' lang='lat' dir='ltr'><strong>hoc</strong></span> <span class='ocrx_word' id='word_1_63' title='bbox 1952 711 2168 771; x_wconf 82' lang='lat' dir='ltr'><strong>quoque</strong></span> 
     </span>
    </p>
   </div>
   <div class='ocr_carea' id='block_1_9' title="bbox 2229 697 3840 775">
    <p class='ocr_par' dir='ltr' id='par_1_9' title="bbox 2274 697 3840 775">
     <span class='ocr_line' id='line_1_9' title="bbox 2274 697 3840 775; baseline 0.003 -25"><span class='ocrx_word' id='word_1_64' title='bbox 2274 697 2333 750; x_wconf 84' lang='grc' dir='ltr'><strong>ἐν</strong></span> <span class='ocrx_word' id='word_1_65' title='bbox 2390 698 2497 769; x_wconf 78' lang='grc' dir='ltr'><strong>ὅλῳ</strong></span> <span class='ocrx_word' id='word_1_66' title='bbox 2550 700 2631 772; x_wconf 80' lang='grc' dir='ltr'><strong>τῷ</strong></span> <span class='ocrx_word' id='word_1_67' title='bbox 2685 701 2899 774; x_wconf 85' lang='grc' dir='ltr'>κόσμῳ,</span> <span class='ocrx_word' id='word_1_68' title='bbox 2956 700 3325 775; x_wconf 80' lang='grc' dir='ltr'>λαληθήσεται</span> <span class='ocrx_word' id='word_1_69' title='bbox 3374 702 3469 755; x_wconf 77' lang='grc' dir='ltr'>καὶ</span> <span class='ocrx_word' id='word_1_70' title='bbox 3512 702 3541 754; x_wconf 86' lang='lat'><strong>6</strong></span> <span class='ocrx_word' id='word_1_71' title='bbox 3592 702 3840 769; x_wconf 70' lang='grc' dir='ltr'>ἐποίησεν</span> 
     </span>
    </p>
   </div>
   <div class='ocr_carea' id='block_1_10' title="bbox 606 778 2217 866">
    <p class='ocr_par' dir='ltr' id='par_1_10' title="bbox 606 778 2163 866">
     <span class='ocr_line' id='line_1_10' title="bbox 606 778 2163 866; baseline -0.003 -17"><span class='ocrx_word' id='word_1_72' title='bbox 606 796 747 866; x_wconf 80' lang='lat' dir='ltr'><strong>quod</strong></span> <span class='ocrx_word' id='word_1_73' title='bbox 779 778 894 851; x_wconf 68' lang='lat' dir='ltr'><strong>haec</strong></span> <span class='ocrx_word' id='word_1_74' title='bbox 936 795 1084 860; x_wconf 81' lang='lat' dir='ltr'><strong>fecit,</strong></span> <span class='ocrx_word' id='word_1_75' title='bbox 1116 794 1427 853; x_wconf 73' lang='lat' dir='ltr'><strong>narrabitur</strong></span> <span class='ocrx_word' id='word_1_76' title='bbox 1472 794 1523 849; x_wconf 88' lang='lat' dir='ltr'><strong>in</strong></span> <span class='ocrx_word' id='word_1_77' title='bbox 1560 794 1875 850; x_wconf 80' lang='lat' dir='ltr'><strong>memoriam</strong></span> <span class='ocrx_word' id='word_1_78' title='bbox 1911 793 2102 865; x_wconf 79' lang='lat' dir='ltr'><strong>ipsius.</strong></span> <span class='ocrx_word' id='word_1_79' title='bbox 2141 808 2163 845; x_wconf 81' lang='grc' dir='ltr'><strong>ι</strong></span> 
     </span>
    </p>
   </div>
   <div class='ocr_carea' id='block_1_11' title="bbox 2228 778 3839 866">
    <p class='ocr_par' dir='ltr' id='par_1_11' title="bbox 2277 788 3839 863">
     <span class='ocr_line' id='line_1_11' title="bbox 2277 788 3839 863; baseline -0.001 -20"><span class='ocrx_word' id='word_1_80' title='bbox 2277 788 2440 860; x_wconf 78' lang='grc' dir='ltr'>αὕτη,</span> <span class='ocrx_word' id='word_1_81' title='bbox 2485 793 2567 854; x_wconf 75' lang='grc' dir='ltr'>εις</span> <span class='ocrx_word' id='word_1_82' title='bbox 2611 792 2958 862; x_wconf 84' lang='grc' dir='ltr'>μνημόσυνον</span> <span class='ocrx_word' id='word_1_83' title='bbox 2994 792 3186 863; x_wconf 79' lang='grc' dir='ltr'>αὐτῆς.</span> <span class='ocrx_word' id='word_1_84' title='bbox 3226 811 3245 845; x_wconf 80' lang='grc' dir='ltr'><strong>ι</strong></span> <span class='ocrx_word' id='word_1_85' title='bbox 3282 792 3534 846; x_wconf 81' lang='grc' dir='ltr'><strong>Διδάσκει</strong></span> <span class='ocrx_word' id='word_1_86' title='bbox 3564 790 3734 861; x_wconf 71' lang='grc' dir='ltr'>ἡμᾶς,</span> <span class='ocrx_word' id='word_1_87' title='bbox 3764 790 3839 843; x_wconf 80' lang='grc' dir='ltr'><strong>δτι</strong></span> 
     </span>
    </p>
   </div>
   <div class='ocr_carea' id='block_1_12' title="bbox 586 876 2197 958">
    <p class='ocr_par' dir='ltr' id='par_1_12' title="bbox 586 876 2169 958">
     <span class='ocr_line' id='line_1_12' title="bbox 586 876 2169 958; baseline -0.001 -17"><span class='ocrx_word' id='word_1_88' title='bbox 586 886 775 942; x_wconf 75' lang='lat' dir='ltr'><strong>Docet</strong></span> <span class='ocrx_word' id='word_1_89' title='bbox 815 901 915 941; x_wconf 87' lang='lat' dir='ltr'><strong>nos</strong></span> <span class='ocrx_word' id='word_1_90' title='bbox 943 885 1082 958; x_wconf 88' lang='lat' dir='ltr'><strong>quod</strong></span> <span class='ocrx_word' id='word_1_91' title='bbox 1117 886 1309 941; x_wconf 87' lang='lat' dir='ltr'><strong>mulier</strong></span> <span class='ocrx_word' id='word_1_92' title='bbox 1346 876 1461 942; x_wconf 62' lang='lat' dir='ltr'><strong>hac</strong></span> <span class='ocrx_word' id='word_1_93' title='bbox 1492 886 1645 957; x_wconf 81' lang='lat' dir='ltr'><strong>juxta</strong></span> <span class='ocrx_word' id='word_1_94' title='bbox 1680 885 1918 940; x_wconf 80' lang='lat' dir='ltr'><strong>divinam</strong></span> <span class='ocrx_word' id='word_1_95' title='bbox 1945 884 2169 955; x_wconf 78' lang='lat' dir='ltr'><strong>dispen-</strong></span> 
     </span>
    </p>
   </div>
   <div class='ocr_carea' id='block_1_13' title="bbox 2231 876 3842 958">
    <p class='ocr_par' dir='ltr' id='par_1_13' title="bbox 2278 881 3842 955">
     <span class='ocr_line' id='line_1_13' title="bbox 2278 881 3842 955; baseline 0 -20"><span class='ocrx_word' id='word_1_96' title='bbox 2278 882 2426 937; x_wconf 86' lang='grc' dir='ltr'>κατά</span> <span class='ocrx_word' id='word_1_97' title='bbox 2477 899 2600 938; x_wconf 88' lang='grc' dir='ltr'>τινα</span> <span class='ocrx_word' id='word_1_98' title='bbox 2655 882 2809 938; x_wconf 82' lang='grc' dir='ltr'>θείαν</span> <span class='ocrx_word' id='word_1_99' title='bbox 2860 885 3073 955; x_wconf 87' lang='grc' dir='ltr'>κίνησιν</span> <span class='ocrx_word' id='word_1_100' title='bbox 3132 885 3356 954; x_wconf 86' lang='grc' dir='ltr'>ἐποίησε</span> <span class='ocrx_word' id='word_1_101' title='bbox 3400 881 3558 937; x_wconf 87' lang='grc' dir='ltr'>τοῦτο</span> <span class='ocrx_word' id='word_1_102' title='bbox 3609 884 3641 952; x_wconf 77' lang='grc' dir='ltr'><strong>ὴ</strong></span> <span class='ocrx_word' id='word_1_103' title='bbox 3685 884 3842 953; x_wconf 75' lang='grc' dir='ltr'>γυνὴ,</span> 
     </span>
    </p>
   </div>
   <div class='ocr_carea' id='block_1_14' title="bbox 609 974 2220 1051">
    <p class='ocr_par' dir='ltr' id='par_1_14' title="bbox 609 974 2172 1048">
     <span class='ocr_line' id='line_1_14' title="bbox 609 974 2172 1048; baseline -0.003 -16"><span class='ocrx_word' id='word_1_104' title='bbox 609 975 872 1032; x_wconf 78' lang='lat' dir='ltr'><strong>sationem</strong></span> <span class='ocrx_word' id='word_1_105' title='bbox 906 976 1005 1032; x_wconf 89' lang='lat' dir='ltr'><strong>hoc</strong></span> <span class='ocrx_word' id='word_1_106' title='bbox 1039 975 1249 1041; x_wconf 82' lang='lat' dir='ltr'><strong>fecerit,</strong></span> <span class='ocrx_word' id='word_1_107' title='bbox 1282 977 1618 1048; x_wconf 69' lang='lat' dir='ltr'><strong>praesignans</strong></span> <span class='ocrx_word' id='word_1_108' title='bbox 1648 984 1876 1031; x_wconf 87' lang='lat' dir='ltr'><strong>mortem</strong></span> <span class='ocrx_word' id='word_1_109' title='bbox 1913 974 2076 1038; x_wconf 88' lang='lat' dir='ltr'><strong>illius,</strong></span> <span class='ocrx_word' id='word_1_110' title='bbox 2112 981 2172 1028; x_wconf 88' lang='lat' dir='ltr'><strong>et</strong></span> 
     </span>
    </p>
   </div>
   <div class='ocr_carea' id='block_1_15' title="bbox 2233 974 3844 1051">
    <p class='ocr_par' dir='ltr' id='par_1_15' title="bbox 2281 976 3844 1051">
     <span class='ocr_line' id='line_1_15' title="bbox 2281 976 3844 1051; baseline 0.001 -21"><span class='ocrx_word' id='word_1_111' title='bbox 2281 976 2634 1047; x_wconf 79' lang='grc' dir='ltr'>προτυποῦσα</span> <span class='ocrx_word' id='word_1_112' title='bbox 2668 978 2761 1032; x_wconf 81' lang='grc' dir='ltr'>τὸν</span> <span class='ocrx_word' id='word_1_113' title='bbox 2808 978 3036 1035; x_wconf 88' lang='grc' dir='ltr'>θάνατον</span> <span class='ocrx_word' id='word_1_114' title='bbox 3079 979 3269 1048; x_wconf 82' lang='grc' dir='ltr'>αὐτοῦ,</span> <span class='ocrx_word' id='word_1_115' title='bbox 3318 980 3413 1034; x_wconf 68' lang='grc' dir='ltr'>καὶ.</span> <span class='ocrx_word' id='word_1_116' title='bbox 3464 979 3564 1051; x_wconf 79' lang='grc' dir='ltr'>τὴν</span> <span class='ocrx_word' id='word_1_117' title='bbox 3596 978 3693 1033; x_wconf 86' lang='grc' dir='ltr'><strong>τοῦ</strong></span> <span class='ocrx_word' id='word_1_118' title='bbox 3745 976 3844 1031; x_wconf 78' lang='grc' dir='ltr'>σώ-</span> 
     </span>
    </p>
   </div>
   <div class='ocr_carea' id='block_1_16' title="bbox 608 1065 2219 1143">
    <p class='ocr_par' dir='ltr' id='par_1_16' title="bbox 608 1065 2172 1136">
     <span class='ocr_line' id='line_1_16' title="bbox 608 1065 2172 1136; baseline 0.002 -16"><span class='ocrx_word' id='word_1_119' title='bbox 608 1067 851 1135; x_wconf 84' lang='lat' dir='ltr'><strong>corporis</strong></span> <span class='ocrx_word' id='word_1_120' title='bbox 900 1068 1255 1136; x_wconf 78' lang='lat' dir='ltr'><strong>sepulturam.</strong></span> <span class='ocrx_word' id='word_1_121' title='bbox 1312 1066 1424 1123; x_wconf 81' lang='lat' dir='ltr'><strong>Non</strong></span> <span class='ocrx_word' id='word_1_122' title='bbox 1475 1068 1617 1124; x_wconf 85' lang='lat' dir='ltr'><strong>enim</strong></span> <span class='ocrx_word' id='word_1_123' title='bbox 1665 1067 1875 1125; x_wconf 73' lang='lat' dir='ltr'><strong>tulisset</strong></span> <span class='ocrx_word' id='word_1_124' title='bbox 1923 1065 2172 1123; x_wconf 73' lang='lat' dir='ltr'><strong>Christus</strong></span> 
     </span>
    </p>
   </div>
   <div class='ocr_carea' id='block_1_17' title="bbox 2236 1065 3847 1143">
    <p class='ocr_par' dir='ltr' id='par_1_17' title="bbox 2284 1068 3847 1143">
     <span class='ocr_line' id='line_1_17' title="bbox 2284 1068 3847 1143; baseline 0.001 -23"><span class='ocrx_word' id='word_1_125' title='bbox 2284 1083 2455 1138; x_wconf 83' lang='grc' dir='ltr'>ματος</span> <span class='ocrx_word' id='word_1_126' title='bbox 2490 1072 2707 1139; x_wconf 84' lang='grc' dir='ltr'>ταφήν·</span> <span class='ocrx_word' id='word_1_127' title='bbox 2763 1069 2825 1123; x_wconf 82' lang='grc' dir='ltr'>οὐ</span> <span class='ocrx_word' id='word_1_128' title='bbox 2857 1068 2965 1143; x_wconf 79' lang='grc' dir='ltr'><strong>γάρ</strong></span> <span class='ocrx_word' id='word_1_129' title='bbox 2996 1069 3064 1125; x_wconf 78' lang='grc' dir='ltr'><strong>ἃν</strong></span> <span class='ocrx_word' id='word_1_130' title='bbox 3092 1069 3349 1142; x_wconf 71' lang='grc' dir='ltr'>ἠνέσχετο</span> <span class='ocrx_word' id='word_1_131' title='bbox 3374 1068 3403 1121; x_wconf 90' lang='lat'><strong>6</strong></span> <span class='ocrx_word' id='word_1_132' title='bbox 3446 1070 3654 1141; x_wconf 76' lang='grc' dir='ltr'>Κύριος</span> <span class='ocrx_word' id='word_1_133' title='bbox 3695 1068 3847 1139; x_wconf 76' lang='grc' dir='ltr'>μύρῳ</span> 
     </span>
    </p>
   </div>
   <div class='ocr_carea' id='block_1_18' title="bbox 610 1148 2221 1234">
    <p class='ocr_par' dir='ltr' id='par_1_18' title="bbox 610 1154 2169 1228">
     <span class='ocr_line' id='line_1_18' title="bbox 610 1154 2169 1228; baseline 0.001 -20"><span class='ocrx_word' id='word_1_134' title='bbox 610 1165 882 1225; x_wconf 90' lang='lat' dir='ltr'><strong>unguento</strong></span> <span class='ocrx_word' id='word_1_135' title='bbox 910 1156 1061 1228; x_wconf 85' lang='lat' dir='ltr'><strong>ungi,</strong></span> <span class='ocrx_word' id='word_1_136' title='bbox 1087 1156 1187 1211; x_wconf 85' lang='lat' dir='ltr'><strong>nisi</strong></span> <span class='ocrx_word' id='word_1_137' title='bbox 1214 1156 1529 1228; x_wconf 84' lang='lat' dir='ltr'><strong>mysterium</strong></span> <span class='ocrx_word' id='word_1_138' title='bbox 1546 1155 1812 1225; x_wconf 83' lang='lat' dir='ltr'><strong>quoddam</strong></span> <span class='ocrx_word' id='word_1_139' title='bbox 1834 1154 2169 1224; x_wconf 77' lang='lat' dir='ltr'><strong>subluisset;</strong></span> 
     </span>
    </p>
   </div>
   <div class='ocr_carea' id='block_1_19' title="bbox 2236 1148 3847 1234">
    <p class='ocr_par' dir='ltr' id='par_1_19' title="bbox 2281 1148 3847 1234">
     <span class='ocr_line' id='line_1_19' title="bbox 2281 1148 3847 1234; baseline 0.003 -21"><span class='ocrx_word' id='word_1_140' title='bbox 2281 1160 2700 1231; x_wconf 85' lang='grc' dir='ltr'>καταχρίεσθαι,</span> <span class='ocrx_word' id='word_1_141' title='bbox 2733 1163 2783 1215; x_wconf 78' lang='grc' dir='ltr'><strong>τί</strong></span> <span class='ocrx_word' id='word_1_142' title='bbox 2824 1161 2899 1234; x_wconf 76' lang='grc' dir='ltr'>μὴ</span> <span class='ocrx_word' id='word_1_143' title='bbox 2933 1162 3231 1234; x_wconf 84' lang='grc' dir='ltr'>μυστήριόν</span> <span class='ocrx_word' id='word_1_144' title='bbox 3259 1180 3312 1216; x_wconf 87' lang='grc' dir='ltr'><strong>τι</strong></span> <span class='ocrx_word' id='word_1_145' title='bbox 3352 1148 3563 1233; x_wconf 80' lang='grc' dir='ltr'>ἐδήλου.</span> <span class='ocrx_word' id='word_1_146' title='bbox 3606 1152 3694 1225; x_wconf 77' lang='grc' dir='ltr'>Ὦς</span> <span class='ocrx_word' id='word_1_147' title='bbox 3722 1160 3847 1225; x_wconf 71' lang='grc' dir='ltr'>Θεὸς</span> 
     </span>
    </p>
   </div>
   <div class='ocr_carea' id='block_1_20' title="bbox 611 1234 2222 1325">
    <p class='ocr_par' dir='ltr' id='par_1_20' title="bbox 611 1234 2173 1321">
     <span class='ocr_line' id='line_1_20' title="bbox 611 1234 2173 1321; baseline 0.003 -24"><span class='ocrx_word' id='word_1_148' title='bbox 611 1247 863 1310; x_wconf 71' lang='grc' dir='ltr'>ιιτιειιίτίι</span> <span class='ocrx_word' id='word_1_149' title='bbox 894 1256 1076 1302; x_wconf 83' lang='lat' dir='ltr'><strong>autem</strong></span> <span class='ocrx_word' id='word_1_150' title='bbox 1106 1252 1362 1316; x_wconf 87' lang='lat' dir='ltr'><strong>tanquam</strong></span> <span class='ocrx_word' id='word_1_151' title='bbox 1394 1247 1553 1315; x_wconf 80' lang='lat' dir='ltr'><strong>Deus,</strong></span> <span class='ocrx_word' id='word_1_152' title='bbox 1573 1249 1715 1321; x_wconf 89' lang='lat' dir='ltr'><strong>quod</strong></span> <span class='ocrx_word' id='word_1_153' title='bbox 1741 1257 1887 1306; x_wconf 83' lang='lat' dir='ltr'><strong>esset</strong></span> <span class='ocrx_word' id='word_1_154' title='bbox 1912 1234 2173 1314; x_wconf 80' lang='lat' dir='ltr'><strong>futurum,</strong></span> 
     </span>
    </p>
   </div>
   <div class='ocr_carea' id='block_1_21' title="bbox 2240 1234 3851 1325">
    <p class='ocr_par' dir='ltr' id='par_1_21' title="bbox 2281 1249 3851 1325">
     <span class='ocr_line' id='line_1_21' title="bbox 2281 1249 3851 1325; baseline 0.001 -21"><span class='ocrx_word' id='word_1_155' title='bbox 2281 1249 2341 1304; x_wconf 81' lang='grc' dir='ltr'><strong>δέ</strong></span> <span class='ocrx_word' id='word_1_156' title='bbox 2380 1252 2608 1322; x_wconf 84' lang='grc' dir='ltr'>προεῖπε</span> <span class='ocrx_word' id='word_1_157' title='bbox 2663 1252 2727 1306; x_wconf 73' lang='grc' dir='ltr'>τὸ</span> <span class='ocrx_word' id='word_1_158' title='bbox 2768 1253 3052 1325; x_wconf 84' lang='grc' dir='ltr'>ἐσόμενον,</span> <span class='ocrx_word' id='word_1_159' title='bbox 3093 1254 3179 1309; x_wconf 86' lang='grc' dir='ltr'><strong>δτι</strong></span> <span class='ocrx_word' id='word_1_160' title='bbox 3233 1255 3315 1318; x_wconf 80' lang='grc' dir='ltr'>εις</span> <span class='ocrx_word' id='word_1_161' title='bbox 3366 1253 3633 1324; x_wconf 87' lang='grc' dir='ltr'>καύχημα</span> <span class='ocrx_word' id='word_1_162' title='bbox 3685 1251 3851 1322; x_wconf 67' lang='grc' dir='ltr'>αὐτῆς</span> 
     </span>
    </p>
   </div>
   <div class='ocr_carea' id='block_1_22' title="bbox 614 1328 2225 1418">
    <p class='ocr_par' dir='ltr' id='par_1_22' title="bbox 614 1328 2174 1414">
     <span class='ocr_line' id='line_1_22' title="bbox 614 1328 2174 1414; baseline 0.001 -21"><span class='ocrx_word' id='word_1_163' title='bbox 614 1339 757 1405; x_wconf 80' lang='lat' dir='ltr'><strong>quod</strong></span> <span class='ocrx_word' id='word_1_164' title='bbox 790 1340 841 1392; x_wconf 90' lang='lat' dir='ltr'><strong>in</strong></span> <span class='ocrx_word' id='word_1_165' title='bbox 875 1328 1113 1409; x_wconf 82' lang='lat' dir='ltr'><strong>gloriam</strong></span> <span class='ocrx_word' id='word_1_166' title='bbox 1150 1343 1269 1414; x_wconf 78' lang='lat' dir='ltr'><strong>ejus</strong></span> <span class='ocrx_word' id='word_1_167' title='bbox 1313 1342 1515 1413; x_wconf 85' lang='lat' dir='ltr'><strong>ubique</strong></span> <span class='ocrx_word' id='word_1_168' title='bbox 1549 1343 1874 1413; x_wconf 74' lang='lat' dir='ltr'><strong>pmdicetur</strong></span> <span class='ocrx_word' id='word_1_169' title='bbox 1901 1358 1989 1398; x_wconf 85' lang='lat' dir='ltr'><strong>res</strong></span> <span class='ocrx_word' id='word_1_170' title='bbox 2015 1357 2174 1412; x_wconf 81' lang='lat' dir='ltr'><strong>quam</strong></span> 
     </span>
    </p>
   </div>
   <div class='ocr_carea' id='block_1_23' title="bbox 2238 1328 3849 1418">
    <p class='ocr_par' dir='ltr' id='par_1_23' title="bbox 2291 1342 3849 1418">
     <span class='ocr_line' id='line_1_23' title="bbox 2291 1342 3849 1418; baseline 0 -22"><span class='ocrx_word' id='word_1_171' title='bbox 2291 1342 2473 1417; x_wconf 58' lang='grc' dir='ltr'>μέλλει</span> <span class='ocrx_word' id='word_1_172' title='bbox 2503 1344 2779 1398; x_wconf 73' lang='grc' dir='ltr'><strong>λαλεῖσθαι</strong></span> <span class='ocrx_word' id='word_1_173' title='bbox 2806 1344 3082 1417; x_wconf 87' lang='grc' dir='ltr'>πανταχοῦ</span> <span class='ocrx_word' id='word_1_174' title='bbox 3105 1345 3135 1400; x_wconf 84' lang='grc' dir='ltr'><strong>δ</strong></span> <span class='ocrx_word' id='word_1_175' title='bbox 3172 1345 3425 1413; x_wconf 81' lang='grc' dir='ltr'>ἐποίησεν</span> <span class='ocrx_word' id='word_1_176' title='bbox 3448 1345 3612 1417; x_wconf 67' lang='grc' dir='ltr'>ἔργον</span> <span class='ocrx_word' id='word_1_177' title='bbox 3637 1346 3671 1418; x_wconf 70' lang='grc' dir='ltr'><strong>ἡ</strong></span> <span class='ocrx_word' id='word_1_178' title='bbox 3694 1344 3849 1415; x_wconf 72' lang='grc' dir='ltr'>γυνή.</span> 
     </span>
    </p>
   </div>
   <div class='ocr_carea' id='block_1_24' title="bbox 618 1428 2229 1511">
    <p class='ocr_par' dir='ltr' id='par_1_24' title="bbox 618 1428 2177 1507">
     <span class='ocr_line' id='line_1_24' title="bbox 618 1428 2177 1507; baseline 0.004 -22"><span class='ocrx_word' id='word_1_179' title='bbox 618 1428 745 1485; x_wconf 66' lang='lat' dir='ltr'><strong>fecit</strong></span> <span class='ocrx_word' id='word_1_180' title='bbox 776 1432 989 1491; x_wconf 83' lang='lat' dir='ltr'><strong>mulier.</strong></span> <span class='ocrx_word' id='word_1_181' title='bbox 1031 1432 1167 1490; x_wconf 68' lang='lat' dir='ltr'><strong>Vide</strong></span> <span class='ocrx_word' id='word_1_182' title='bbox 1199 1443 1381 1493; x_wconf 87' lang='lat' dir='ltr'><strong>autem</strong></span> <span class='ocrx_word' id='word_1_183' title='bbox 1427 1436 1522 1493; x_wconf 88' lang='lat' dir='ltr'><strong>Dei</strong></span> <span class='ocrx_word' id='word_1_184' title='bbox 1565 1437 2013 1503; x_wconf 81' lang='lat' dir='ltr'><strong>misericordiam,</strong></span> <span class='ocrx_word' id='word_1_185' title='bbox 2038 1452 2177 1507; x_wconf 79' lang='lat' dir='ltr'><strong>quo-</strong></span> 
     </span>
    </p>
   </div>
   <div class='ocr_carea' id='block_1_25' title="bbox 2243 1428 3854 1511">
    <p class='ocr_par' dir='ltr' id='par_1_25' title="bbox 2290 1433 3854 1511">
     <span class='ocr_line' id='line_1_25' title="bbox 2290 1433 3854 1511; baseline 0.001 -22"><span class='ocrx_word' id='word_1_186' title='bbox 2290 1433 2395 1489; x_wconf 85' lang='grc' dir='ltr'><strong>Ἰδε</strong></span> <span class='ocrx_word' id='word_1_187' title='bbox 2422 1436 2480 1491; x_wconf 83' lang='grc' dir='ltr'><strong>δέ</strong></span> <span class='ocrx_word' id='word_1_188' title='bbox 2513 1440 2612 1509; x_wconf 75' lang='grc' dir='ltr'>τὴν</span> <span class='ocrx_word' id='word_1_189' title='bbox 2636 1437 2730 1491; x_wconf 89' lang='grc' dir='ltr'><strong>τοῦ</strong></span> <span class='ocrx_word' id='word_1_190' title='bbox 2762 1436 2899 1494; x_wconf 82' lang='grc' dir='ltr'>Θεοῦ</span> <span class='ocrx_word' id='word_1_191' title='bbox 2941 1438 3379 1511; x_wconf 78' lang='grc' dir='ltr'>φιλανθρωπίαν,</span> <span class='ocrx_word' id='word_1_192' title='bbox 3419 1438 3537 1499; x_wconf 58' lang='lat' dir='ltr'><strong>sub:</strong></span> <span class='ocrx_word' id='word_1_193' title='bbox 3568 1438 3854 1507; x_wconf 72' lang='grc' dir='ltr'>ἀμείϐεται</span> 
     </span>
    </p>
   </div>
   <div class='ocr_carea' id='block_1_26' title="bbox 618 1525 2229 1605">
    <p class='ocr_par' dir='ltr' id='par_1_26' title="bbox 618 1525 2184 1600">
     <span class='ocr_line' id='line_1_26' title="bbox 618 1525 2184 1600; baseline 0.004 -23"><span class='ocrx_word' id='word_1_194' title='bbox 618 1525 778 1581; x_wconf 88' lang='lat' dir='ltr'><strong>modo</strong></span> <span class='ocrx_word' id='word_1_195' title='bbox 835 1527 1117 1585; x_wconf 79' lang='lat' dir='ltr'><strong>mulierem</strong></span> <span class='ocrx_word' id='word_1_196' title='bbox 1173 1531 1385 1600; x_wconf 79' lang='lat' dir='ltr'><strong>magnis</strong></span> <span class='ocrx_word' id='word_1_197' title='bbox 1428 1530 1588 1588; x_wconf 87' lang='lat' dir='ltr'><strong>donis</strong></span> <span class='ocrx_word' id='word_1_198' title='bbox 1638 1539 1970 1589; x_wconf 78' lang='lat' dir='ltr'><strong>remanent.</strong></span> <span class='ocrx_word' id='word_1_199' title='bbox 2031 1529 2184 1586; x_wconf 85' lang='lat' dir='ltr'><strong>Facit</strong></span> 
     </span>
    </p>
   </div>
   <div class='ocr_carea' id='block_1_27' title="bbox 2246 1525 3857 1605">
    <p class='ocr_par' dir='ltr' id='par_1_27' title="bbox 2288 1526 3857 1605">
     <span class='ocr_line' id='line_1_27' title="bbox 2288 1526 3857 1605; baseline 0.002 -26"><span class='ocrx_word' id='word_1_200' title='bbox 2288 1526 2390 1596; x_wconf 78' lang='grc' dir='ltr'>τὴν</span> <span class='ocrx_word' id='word_1_201' title='bbox 2416 1532 2650 1596; x_wconf 86' lang='grc' dir='ltr'>γυναῖκα</span> <span class='ocrx_word' id='word_1_202' title='bbox 2686 1532 2898 1605; x_wconf 80' lang='grc' dir='ltr'>μεγάλῃ</span> <span class='ocrx_word' id='word_1_203' title='bbox 2932 1531 3115 1604; x_wconf 86' lang='grc' dir='ltr'>χάριτι</span> <span class='ocrx_word' id='word_1_204' title='bbox 3138 1545 3157 1564; x_wconf 81' lang='grc'><strong><em>⁸</em></strong></span> <span class='ocrx_word' id='word_1_205' title='bbox 3187 1533 3333 1585; x_wconf 77' lang='grc' dir='ltr'>ποιεῖ</span> <span class='ocrx_word' id='word_1_206' title='bbox 3357 1532 3466 1601; x_wconf 87' lang='grc' dir='ltr'><strong>γάρ</strong></span> <span class='ocrx_word' id='word_1_207' title='bbox 3505 1531 3679 1601; x_wconf 76' lang='grc' dir='ltr'>αὐτὴν</span> <span class='ocrx_word' id='word_1_208' title='bbox 3723 1546 3857 1601; x_wconf 82' lang='grc' dir='ltr'>μνη-</span> 
     </span>
    </p>
   </div>
   <div class='ocr_carea' id='block_1_28' title="bbox 620 1618 2231 1696">
    <p class='ocr_par' dir='ltr' id='par_1_28' title="bbox 620 1618 2180 1694">
     <span class='ocr_line' id='line_1_28' title="bbox 620 1618 2180 1694; baseline 0.008 -26"><span class='ocrx_word' id='word_1_209' title='bbox 620 1618 765 1682; x_wconf 77' lang='lat' dir='ltr'><strong>enim</strong></span> <span class='ocrx_word' id='word_1_210' title='bbox 816 1632 936 1675; x_wconf 87' lang='lat' dir='ltr'><strong>eam</strong></span> <span class='ocrx_word' id='word_1_211' title='bbox 990 1621 1394 1679; x_wconf 81' lang='lat' dir='ltr'><strong>memorabilem</strong></span> <span class='ocrx_word' id='word_1_212' title='bbox 1453 1624 1675 1694; x_wconf 88' lang='lat' dir='ltr'><strong>ubique,</strong></span> <span class='ocrx_word' id='word_1_213' title='bbox 1730 1625 1969 1694; x_wconf 79' lang='lat' dir='ltr'><strong>quandiu</strong></span> <span class='ocrx_word' id='word_1_214' title='bbox 2022 1637 2180 1680; x_wconf 85' lang='lat' dir='ltr'><strong>suum</strong></span> 
     </span>
    </p>
   </div>
   <div class='ocr_carea' id='block_1_29' title="bbox 2248 1618 3859 1696">
    <p class='ocr_par' dir='ltr' id='par_1_29' title="bbox 2297 1618 3859 1696">
     <span class='ocr_line' id='line_1_29' title="bbox 2297 1618 3859 1696; baseline 0 -23"><span class='ocrx_word' id='word_1_215' title='bbox 2297 1618 2611 1689; x_wconf 81' lang='grc' dir='ltr'>μονεύεσθαι</span> <span class='ocrx_word' id='word_1_216' title='bbox 2637 1621 2833 1687; x_wconf 85' lang='grc' dir='ltr'>διόλου,</span> <span class='ocrx_word' id='word_1_217' title='bbox 2892 1621 3052 1696; x_wconf 72' lang='grc' dir='ltr'>ἄχρις</span> <span class='ocrx_word' id='word_1_218' title='bbox 3099 1623 3167 1677; x_wconf 86' lang='grc' dir='ltr'>ἂν</span> <span class='ocrx_word' id='word_1_219' title='bbox 3207 1622 3269 1677; x_wconf 80' lang='grc' dir='ltr'>τὸ</span> <span class='ocrx_word' id='word_1_220' title='bbox 3313 1621 3473 1677; x_wconf 80' lang='grc' dir='ltr'>αὑτοῦ</span> <span class='ocrx_word' id='word_1_221' title='bbox 3526 1620 3859 1690; x_wconf 62' lang='lat' dir='ltr'><strong>liburnam</strong></span> 
     </span>
    </p>
   </div>
   <div class='ocr_carea' id='block_1_30' title="bbox 627 1707 2238 1787">
    <p class='ocr_par' dir='ltr' id='par_1_30' title="bbox 627 1707 2238 1787">
     <span class='ocr_line' id='line_1_30' title="bbox 627 1707 2238 1787; baseline 0.004 -24"><span class='ocrx_word' id='word_1_222' title='bbox 627 1707 981 1779; x_wconf 85' lang='lat' dir='ltr'><strong>Evaugelium</strong></span> <span class='ocrx_word' id='word_1_223' title='bbox 1011 1711 1332 1769; x_wconf 85' lang='lat' dir='ltr'><strong>duraturum</strong></span> <span class='ocrx_word' id='word_1_224' title='bbox 1363 1712 1456 1771; x_wconf 89' lang='lat' dir='ltr'><strong>sit.</strong></span> <span class='ocrx_word' id='word_1_225' title='bbox 1488 1713 1765 1782; x_wconf 86' lang='lat' dir='ltr'><strong>Quomodo</strong></span> <span class='ocrx_word' id='word_1_226' title='bbox 1793 1722 1970 1770; x_wconf 85' lang='lat' dir='ltr'><strong>autem</strong></span> <span class='ocrx_word' id='word_1_227' title='bbox 2002 1713 2184 1785; x_wconf 86' lang='lat' dir='ltr'><strong>sepul-</strong></span> <span class='ocrx_word' id='word_1_228' title='bbox 2209 1774 2238 1787; x_wconf 86' lang='lat'><em>_</em></span> 
     </span>
    </p>
   </div>
   <div class='ocr_carea' id='block_1_31' title="bbox 2249 1707 3860 1787">
    <p class='ocr_par' dir='ltr' id='par_1_31' title="bbox 2249 1709 3860 1787">
     <span class='ocr_line' id='line_1_31' title="bbox 2249 1709 3860 1787; baseline 0.002 -23"><span class='ocrx_word' id='word_1_229' title='bbox 2249 1778 2255 1787; x_wconf 81' lang='lat'><strong><em>_</em></strong></span> <span class='ocrx_word' id='word_1_230' title='bbox 2293 1709 2639 1784; x_wconf 80' lang='grc' dir='ltr'>διασώζηται.</span> <span class='ocrx_word' id='word_1_231' title='bbox 2669 1714 2794 1780; x_wconf 86' lang='grc' dir='ltr'><strong>Πῶς</strong></span> <span class='ocrx_word' id='word_1_232' title='bbox 2825 1714 2883 1771; x_wconf 70' lang='grc' dir='ltr'><strong>δέ</strong></span> <span class='ocrx_word' id='word_1_233' title='bbox 2906 1717 2984 1778; x_wconf 80' lang='grc' dir='ltr'><strong>εἰς</strong></span> <span class='ocrx_word' id='word_1_234' title='bbox 3013 1716 3105 1770; x_wconf 79' lang='grc' dir='ltr'><strong>τδν</strong></span> <span class='ocrx_word' id='word_1_235' title='bbox 3134 1716 3501 1787; x_wconf 81' lang='grc' dir='ltr'>ἐνταφιασμδν</span> <span class='ocrx_word' id='word_1_236' title='bbox 3539 1713 3707 1769; x_wconf 83' lang='grc' dir='ltr'>αὑτοῦ</span> <span class='ocrx_word' id='word_1_237' title='bbox 3737 1728 3860 1767; x_wconf 87' lang='grc' dir='ltr'>συν-</span> 
     </span>
    </p>
   </div>
   <div class='ocr_carea' id='block_1_32' title="bbox 626 1774 2237 1879">
    <p class='ocr_par' dir='ltr' id='par_1_32' title="bbox 626 1774 2237 1873">
     <span class='ocr_line' id='line_1_32' title="bbox 626 1774 2237 1873; baseline 0.004 -24"><span class='ocrx_word' id='word_1_238' title='bbox 626 1808 744 1853; x_wconf 89' lang='lat' dir='ltr'><strong>tura</strong></span> <span class='ocrx_word' id='word_1_239' title='bbox 786 1774 912 1869; x_wconf 65' lang='lat' dir='ltr'><strong>ejus</strong></span> <span class='ocrx_word' id='word_1_240' title='bbox 956 1802 1312 1873; x_wconf 62' lang='lat' dir='ltr'><strong>prasiguatur</strong></span> <span class='ocrx_word' id='word_1_241' title='bbox 1353 1774 1665 1873; x_wconf 54' lang='lat' dir='ltr'><strong>unguEnto?</strong></span> <span class='ocrx_word' id='word_1_242' title='bbox 1695 1801 1807 1859; x_wconf 78' lang='lat' dir='ltr'><strong>llos</strong></span> <span class='ocrx_word' id='word_1_243' title='bbox 1840 1809 1957 1858; x_wconf 88' lang='lat' dir='ltr'><strong>erat</strong></span> <span class='ocrx_word' id='word_1_244' title='bbox 1985 1774 2237 1857; x_wconf 59' lang='lat' dir='ltr'><strong>Iudaeisl</strong></span> 
     </span>
    </p>
   </div>
   <div class='ocr_carea' id='block_1_33' title="bbox 2251 1774 3862 1879">
    <p class='ocr_par' dir='ltr' id='par_1_33' title="bbox 2251 1774 3862 1879">
     <span class='ocr_line' id='line_1_33' title="bbox 2251 1774 3862 1879; baseline -0.001 -21"><span class='ocrx_word' id='word_1_245' title='bbox 2251 1781 2258 1831; x_wconf 55' lang='grc' dir='ltr'><strong>ί</strong></span> <span class='ocrx_word' id='word_1_246' title='bbox 2290 1774 2545 1859; x_wconf 46' lang='lat' dir='ltr'><strong>eamea:</strong></span> <span class='ocrx_word' id='word_1_247' title='bbox 2571 1808 2633 1860; x_wconf 80' lang='grc' dir='ltr'><strong>το</strong></span> <span class='ocrx_word' id='word_1_248' title='bbox 2664 1774 2875 1879; x_wconf 68' lang='grc' dir='ltr'>μύρον,</span> <span class='ocrx_word' id='word_1_249' title='bbox 2926 1774 3090 1870; x_wconf 60' lang='grc' dir='ltr'>’έθος</span> <span class='ocrx_word' id='word_1_250' title='bbox 3141 1801 3212 1877; x_wconf 78' lang='grc' dir='ltr'>ἦν</span> <span class='ocrx_word' id='word_1_251' title='bbox 3249 1774 3363 1870; x_wconf 77' lang='grc' dir='ltr'>τοῖς</span> <span class='ocrx_word' id='word_1_252' title='bbox 3401 1774 3691 1865; x_wconf 48' lang='grc' dir='ltr'>’Ἰουδαίοις</span> <span class='ocrx_word' id='word_1_253' title='bbox 3726 1803 3862 1874; x_wconf 75' lang='grc' dir='ltr'>μετὰ</span> 
     </span>
    </p>
   </div>
   <div class='ocr_carea' id='block_1_34' title="bbox 624 1894 2235 1969">
    <p class='ocr_par' dir='ltr' id='par_1_34' title="bbox 624 1894 2187 1967">
     <span class='ocr_line' id='line_1_34' title="bbox 624 1894 2187 1967; baseline 0.002 -23"><span class='ocrx_word' id='word_1_254' title='bbox 624 1906 748 1945; x_wconf 87' lang='lat' dir='ltr'><strong>cum</strong></span> <span class='ocrx_word' id='word_1_255' title='bbox 792 1902 1066 1963; x_wconf 89' lang='lat' dir='ltr'><strong>unguento</strong></span> <span class='ocrx_word' id='word_1_256' title='bbox 1112 1903 1446 1951; x_wconf 87' lang='lat' dir='ltr'><strong>mortuorum</strong></span> <span class='ocrx_word' id='word_1_257' title='bbox 1479 1909 1710 1967; x_wconf 86' lang='lat' dir='ltr'><strong>corpora</strong></span> <span class='ocrx_word' id='word_1_258' title='bbox 1759 1895 2006 1965; x_wconf 88' lang='lat' dir='ltr'><strong>sepelire,</strong></span> <span class='ocrx_word' id='word_1_259' title='bbox 2047 1894 2187 1949; x_wconf 91' lang='lat' dir='ltr'><strong>sicut</strong></span> 
     </span>
    </p>
   </div>
   <div class='ocr_carea' id='block_1_35' title="bbox 2251 1894 3862 1969">
    <p class='ocr_par' dir='ltr' id='par_1_35' title="bbox 2292 1895 3862 1969">
     <span class='ocr_line' id='line_1_35' title="bbox 2292 1895 3862 1969; baseline -0.003 -18"><span class='ocrx_word' id='word_1_260' title='bbox 2292 1895 2482 1968; x_wconf 84' lang='grc' dir='ltr'><strong>μύρων</strong></span> <span class='ocrx_word' id='word_1_261' title='bbox 2506 1897 2851 1967; x_wconf 75' lang='grc' dir='ltr'><strong>ἐνταφιάζειν</strong></span> <span class='ocrx_word' id='word_1_262' title='bbox 2885 1896 2955 1951; x_wconf 84' lang='grc' dir='ltr'><strong>τὰ</strong></span> <span class='ocrx_word' id='word_1_263' title='bbox 2983 1896 3234 1969; x_wconf 86' lang='grc' dir='ltr'>σώματα,</span> <span class='ocrx_word' id='word_1_264' title='bbox 3255 1897 3331 1961; x_wconf 85' lang='grc' dir='ltr'><strong>ὡς</strong></span> <span class='ocrx_word' id='word_1_265' title='bbox 3360 1897 3453 1952; x_wconf 80' lang='grc' dir='ltr'>καὶ</span> <span class='ocrx_word' id='word_1_266' title='bbox 3476 1898 3527 1949; x_wconf 84' lang='lat' dir='ltr'><strong>oi</strong></span> <span class='ocrx_word' id='word_1_267' title='bbox 3572 1895 3862 1964; x_wconf 71' lang='grc' dir='ltr'>Αἰγύπτιοι</span> 
     </span>
    </p>
   </div>
   <div class='ocr_carea' id='block_1_36' title="bbox 631 1978 2242 2061">
    <p class='ocr_par' dir='ltr' id='par_1_36' title="bbox 631 1978 2190 2058">
     <span class='ocr_line' id='line_1_36' title="bbox 631 1978 2190 2058; baseline 0.003 -21"><span class='ocrx_word' id='word_1_268' title='bbox 631 1992 687 2038; x_wconf 89' lang='lat' dir='ltr'><strong>et</strong></span> <span class='ocrx_word' id='word_1_269' title='bbox 713 1982 953 2056; x_wconf 53' lang='grc' dir='ltr'>,επριῆ</span> <span class='ocrx_word' id='word_1_270' title='bbox 984 1978 1275 2055; x_wconf 73' lang='lat' dir='ltr'><strong>faciebant,</strong></span> <span class='ocrx_word' id='word_1_271' title='bbox 1307 1995 1367 2043; x_wconf 88' lang='lat' dir='ltr'><strong>ut</strong></span> <span class='ocrx_word' id='word_1_272' title='bbox 1401 1988 1720 2058; x_wconf 83' lang='lat' dir='ltr'><strong>incorrupta</strong></span> <span class='ocrx_word' id='word_1_273' title='bbox 1751 1994 2053 2052; x_wconf 87' lang='lat' dir='ltr'><strong>manerent,</strong></span> <span class='ocrx_word' id='word_1_274' title='bbox 2090 1998 2190 2041; x_wconf 90' lang='lat' dir='ltr'><strong>nec</strong></span> 
     </span>
    </p>
   </div>
   <div class='ocr_carea' id='block_1_37' title="bbox 2254 1978 3865 2061">
    <p class='ocr_par' dir='ltr' id='par_1_37' title="bbox 2294 1984 3865 2061">
     <span class='ocr_line' id='line_1_37' title="bbox 2294 1984 3865 2061; baseline -0.002 -20"><span class='ocrx_word' id='word_1_275' title='bbox 2294 1988 2547 2055; x_wconf 89' lang='grc' dir='ltr'>ἐποίουν,</span> <span class='ocrx_word' id='word_1_276' title='bbox 2588 1988 2675 2043; x_wconf 84' lang='grc' dir='ltr'><strong>διά</strong></span> <span class='ocrx_word' id='word_1_277' title='bbox 2726 1984 2787 2042; x_wconf 76' lang='grc' dir='ltr'>τὸ</span> <span class='ocrx_word' id='word_1_278' title='bbox 2818 1989 3038 2061; x_wconf 75' lang='grc' dir='ltr'>ἄσηπτα</span> <span class='ocrx_word' id='word_1_279' title='bbox 3108 1988 3391 2059; x_wconf 76' lang='grc' dir='ltr'>τηρεῖσθαι</span> <span class='ocrx_word' id='word_1_280' title='bbox 3426 1989 3522 2042; x_wconf 75' lang='grc' dir='ltr'>καὶ</span> <span class='ocrx_word' id='word_1_281' title='bbox 3560 1987 3691 2043; x_wconf 81' lang='grc' dir='ltr'>ἄνευ</span> <span class='ocrx_word' id='word_1_282' title='bbox 3742 1987 3865 2039; x_wconf 84' lang='grc' dir='ltr'>δυσ-</span> 
     </span>
    </p>
   </div>
   <div class='ocr_carea' id='block_1_38' title="bbox 627 2064 2238 2152">
    <p class='ocr_par' dir='ltr' id='par_1_38' title="bbox 627 2077 2188 2152">
     <span class='ocr_line' id='line_1_38' title="bbox 627 2077 2188 2152; baseline 0.001 -23"><span class='ocrx_word' id='word_1_283' title='bbox 627 2077 880 2133; x_wconf 83' lang='lat' dir='ltr'><strong>reterettt.</strong></span> <span class='ocrx_word' id='word_1_284' title='bbox 908 2077 1157 2136; x_wconf 85' lang='lat' dir='ltr'><strong>Ostendit</strong></span> <span class='ocrx_word' id='word_1_285' title='bbox 1178 2080 1344 2152; x_wconf 78' lang='lat' dir='ltr'><strong>igitur</strong></span> <span class='ocrx_word' id='word_1_286' title='bbox 1364 2081 1579 2148; x_wconf 86' lang='lat' dir='ltr'><strong>mulier,</strong></span> <span class='ocrx_word' id='word_1_287' title='bbox 1604 2082 1799 2151; x_wconf 85' lang='lat' dir='ltr'><strong>inquit,</strong></span> <span class='ocrx_word' id='word_1_288' title='bbox 1825 2094 1890 2135; x_wconf 80' lang='lat' dir='ltr'><strong>ex</strong></span> <span class='ocrx_word' id='word_1_289' title='bbox 1915 2080 2018 2135; x_wconf 90' lang='lat' dir='ltr'><strong>hoc</strong></span> <span class='ocrx_word' id='word_1_290' title='bbox 2040 2078 2188 2149; x_wconf 89' lang='lat' dir='ltr'><strong>quod</strong></span> 
     </span>
    </p>
   </div>
   <div class='ocr_carea' id='block_1_39' title="bbox 2253 2064 3864 2152">
    <p class='ocr_par' dir='ltr' id='par_1_39' title="bbox 2291 2064 3864 2152">
     <span class='ocr_line' id='line_1_39' title="bbox 2291 2064 3864 2152; baseline -0.004 -16"><span class='ocrx_word' id='word_1_291' title='bbox 2291 2081 2475 2146; x_wconf 86' lang='grc' dir='ltr'>ωδίας.</span> <span class='ocrx_word' id='word_1_292' title='bbox 2501 2080 2782 2135; x_wconf 81' lang='grc' dir='ltr'>Δείκνυσιν</span> <span class='ocrx_word' id='word_1_293' title='bbox 2806 2064 3132 2152; x_wconf 49' lang='grc' dir='ltr'>οὖνξφησὶν,</span> <span class='ocrx_word' id='word_1_294' title='bbox 3159 2082 3193 2151; x_wconf 77' lang='grc' dir='ltr'>ἡ</span> <span class='ocrx_word' id='word_1_295' title='bbox 3222 2080 3361 2151; x_wconf 72' lang='grc' dir='ltr'>γυνὴ</span> <span class='ocrx_word' id='word_1_296' title='bbox 3384 2081 3447 2133; x_wconf 85' lang='grc' dir='ltr'><strong>ἐκ</strong></span> <span class='ocrx_word' id='word_1_297' title='bbox 3476 2079 3570 2133; x_wconf 87' lang='grc' dir='ltr'><strong>τοῦ</strong></span> <span class='ocrx_word' id='word_1_298' title='bbox 3598 2078 3661 2131; x_wconf 76' lang='grc' dir='ltr'>τὸ</span> <span class='ocrx_word' id='word_1_299' title='bbox 3692 2077 3864 2147; x_wconf 86' lang='grc' dir='ltr'>μύρον</span> 
     </span>
    </p>
   </div>
   <div class='ocr_carea' id='block_1_40' title="bbox 630 2168 2241 2245">
    <p class='ocr_par' dir='ltr' id='par_1_40' title="bbox 630 2169 2199 2241">
     <span class='ocr_line' id='line_1_40' title="bbox 630 2169 2199 2241; baseline 0 -18"><span class='ocrx_word' id='word_1_300' title='bbox 630 2180 960 2240; x_wconf 85' lang='lat' dir='ltr'><strong>unguentum</strong></span> <span class='ocrx_word' id='word_1_301' title='bbox 1010 2169 1221 2237; x_wconf 76' lang='lat' dir='ltr'><strong>effudit,</strong></span> <span class='ocrx_word' id='word_1_302' title='bbox 1266 2186 1461 2241; x_wconf 86' lang='lat' dir='ltr'><strong>corpus</strong></span> <span class='ocrx_word' id='word_1_303' title='bbox 1511 2186 1690 2226; x_wconf 91' lang='lat' dir='ltr'><strong>meum</strong></span> <span class='ocrx_word' id='word_1_304' title='bbox 1727 2172 1878 2227; x_wconf 82' lang='lat' dir='ltr'><strong>brevi</strong></span> <span class='ocrx_word' id='word_1_305' title='bbox 1925 2169 2199 2240; x_wconf 71' lang='lat' dir='ltr'><strong>sepelien—-</strong></span> 
     </span>
    </p>
   </div>
   <div class='ocr_carea' id='block_1_41' title="bbox 2256 2168 3867 2245">
    <p class='ocr_par' dir='ltr' id='par_1_41' title="bbox 2293 2168 3867 2245">
     <span class='ocr_line' id='line_1_41' title="bbox 2293 2168 3867 2245; baseline -0.004 -16"><span class='ocrx_word' id='word_1_306' title='bbox 2293 2174 2581 2245; x_wconf 80' lang='grc' dir='ltr'>καταχέαι,</span> <span class='ocrx_word' id='word_1_307' title='bbox 2603 2174 2684 2227; x_wconf 74' lang='grc' dir='ltr'>ὅτι</span> <span class='ocrx_word' id='word_1_308' title='bbox 2716 2174 2776 2228; x_wconf 83' lang='grc' dir='ltr'><strong>τδ</strong></span> <span class='ocrx_word' id='word_1_309' title='bbox 2809 2172 2967 2244; x_wconf 79' lang='grc' dir='ltr'>σῶμά</span> <span class='ocrx_word' id='word_1_310' title='bbox 3002 2190 3102 2244; x_wconf 87' lang='grc' dir='ltr'><strong>μου</strong></span> <span class='ocrx_word' id='word_1_311' title='bbox 3134 2171 3647 2242; x_wconf 83' lang='grc' dir='ltr'>ἐνταφιασθήσεται.</span> <span class='ocrx_word' id='word_1_312' title='bbox 3680 2168 3867 2223; x_wconf 79' lang='grc' dir='ltr'>ταῦτα</span> 
     </span>
    </p>
   </div>
   <div class='ocr_carea' id='block_1_42' title="bbox 631 2247 2242 2335">
    <p class='ocr_par' dir='ltr' id='par_1_42' title="bbox 631 2260 2192 2319">
     <span class='ocr_line' id='line_1_42' title="bbox 631 2260 2192 2319; baseline 0 -5"><span class='ocrx_word' id='word_1_313' title='bbox 631 2260 780 2317; x_wconf 89' lang='lat' dir='ltr'><strong>dum.</strong></span> <span class='ocrx_word' id='word_1_314' title='bbox 816 2260 943 2317; x_wconf 73' lang='lat' dir='ltr'><strong>Haec</strong></span> <span class='ocrx_word' id='word_1_315' title='bbox 968 2272 1147 2319; x_wconf 82' lang='lat' dir='ltr'><strong>autem</strong></span> <span class='ocrx_word' id='word_1_316' title='bbox 1177 2264 1357 2319; x_wconf 86' lang='lat' dir='ltr'><strong>omnia</strong></span> <span class='ocrx_word' id='word_1_317' title='bbox 1384 2262 1513 2319; x_wconf 88' lang='lat' dir='ltr'><strong>dicit</strong></span> <span class='ocrx_word' id='word_1_318' title='bbox 1560 2262 1875 2318; x_wconf 87' lang='lat' dir='ltr'><strong>demulcens</strong></span> <span class='ocrx_word' id='word_1_319' title='bbox 1903 2270 1958 2316; x_wconf 87' lang='lat' dir='ltr'><strong>et</strong></span> <span class='ocrx_word' id='word_1_320' title='bbox 1997 2261 2192 2317; x_wconf 85' lang='lat' dir='ltr'><strong>dehor-</strong></span> 
     </span>
    </p>
   </div>
   <div class='ocr_carea' id='block_1_43' title="bbox 2256 2247 3867 2335">
    <p class='ocr_par' dir='ltr' id='par_1_43' title="bbox 2293 2247 3867 2335">
     <span class='ocr_line' id='line_1_43' title="bbox 2293 2247 3867 2335; baseline -0.003 -16"><span class='ocrx_word' id='word_1_321' title='bbox 2293 2266 2348 2319; x_wconf 70' lang='grc' dir='ltr'>δὲ</span> <span class='ocrx_word' id='word_1_322' title='bbox 2414 2265 2591 2319; x_wconf 87' lang='grc' dir='ltr'>πάντα</span> <span class='ocrx_word' id='word_1_323' title='bbox 2640 2263 2810 2331; x_wconf 68' lang='grc' dir='ltr'>λέγει,</span> <span class='ocrx_word' id='word_1_324' title='bbox 2848 2264 3112 2318; x_wconf 74' lang='grc' dir='ltr'>δυσωπῶν</span> <span class='ocrx_word' id='word_1_325' title='bbox 3149 2266 3243 2317; x_wconf 70' lang='grc' dir='ltr'>καὶ</span> <span class='ocrx_word' id='word_1_326' title='bbox 3271 2247 3557 2335; x_wconf 77' lang='grc' dir='ltr'>ἐντρέπων</span> <span class='ocrx_word' id='word_1_327' title='bbox 3598 2262 3693 2315; x_wconf 76' lang='grc' dir='ltr'>τὸν</span> <span class='ocrx_word' id='word_1_328' title='bbox 3737 2261 3867 2315; x_wconf 82' lang='grc' dir='ltr'>Ἰού-</span> 
     </span>
    </p>
   </div>
   <div class='ocr_carea' id='block_1_44' title="bbox 636 2343 2247 2428">
    <p class='ocr_par' dir='ltr' id='par_1_44' title="bbox 636 2343 2189 2426">
     <span class='ocr_line' id='line_1_44' title="bbox 636 2343 2189 2426; baseline 0 -19"><span class='ocrx_word' id='word_1_329' title='bbox 636 2343 1012 2422; x_wconf 51' lang='grc' dir='ltr'>ιιιιιεύιιάοω,</span> <span class='ocrx_word' id='word_1_330' title='bbox 1050 2370 1147 2426; x_wconf 86' lang='lat' dir='ltr'><strong>per</strong></span> <span class='ocrx_word' id='word_1_331' title='bbox 1180 2370 1340 2426; x_wconf 87' lang='lat' dir='ltr'><strong>quem</strong></span> <span class='ocrx_word' id='word_1_332' title='bbox 1386 2356 1676 2426; x_wconf 72' lang='lat' dir='ltr'><strong>sepultum</strong></span> <span class='ocrx_word' id='word_1_333' title='bbox 1733 2355 2025 2412; x_wconf 80' lang='lat' dir='ltr'><strong>tradendus</strong></span> <span class='ocrx_word' id='word_1_334' title='bbox 2052 2362 2189 2409; x_wconf 89' lang='lat' dir='ltr'><strong>erat.</strong></span> 
     </span>
    </p>
   </div>
   <div class='ocr_carea' id='block_1_45' title="bbox 2257 2343 3868 2428">
    <p class='ocr_par' dir='ltr' id='par_1_45' title="bbox 2292 2350 3868 2428">
     <span class='ocr_line' id='line_1_45' title="bbox 2292 2350 3868 2428; baseline -0.004 -16"><span class='ocrx_word' id='word_1_335' title='bbox 2292 2358 2408 2424; x_wconf 88' lang='grc' dir='ltr'>δαν,</span> <span class='ocrx_word' id='word_1_336' title='bbox 2433 2356 2499 2409; x_wconf 81' lang='grc' dir='ltr'>δι’</span> <span class='ocrx_word' id='word_1_337' title='bbox 2521 2350 2582 2411; x_wconf 73' lang='grc' dir='ltr'>οὗ</span> <span class='ocrx_word' id='word_1_338' title='bbox 2611 2355 2800 2428; x_wconf 73' lang='grc' dir='ltr'>ἔμελλε</span> <span class='ocrx_word' id='word_1_339' title='bbox 2824 2359 2969 2426; x_wconf 81' lang='grc' dir='ltr'>ταφῇ</span> <span class='ocrx_word' id='word_1_340' title='bbox 2991 2354 3391 2427; x_wconf 74' lang='grc' dir='ltr'>παραδοθῆναι.</span> <span class='ocrx_word' id='word_1_341' title='bbox 3429 2354 3645 2425; x_wconf 82' lang='grc' dir='ltr'>Νόησον</span> <span class='ocrx_word' id='word_1_342' title='bbox 3679 2352 3868 2417; x_wconf 83' lang='grc' dir='ltr'>δὲ,καὶ</span> 
     </span>
    </p>
   </div>
   <div class='ocr_carea' id='block_1_46' title="bbox 635 2433 2246 2521">
    <p class='ocr_par' dir='ltr' id='par_1_46' title="bbox 635 2433 2196 2518">
     <span class='ocr_line' id='line_1_46' title="bbox 635 2433 2196 2518; baseline -0.001 -17"><span class='ocrx_word' id='word_1_343' title='bbox 635 2444 881 2517; x_wconf 83' lang='lat' dir='ltr'><strong>lntellige</strong></span> <span class='ocrx_word' id='word_1_344' title='bbox 908 2446 1038 2501; x_wconf 87' lang='lat' dir='ltr'><strong>item</strong></span> <span class='ocrx_word' id='word_1_345' title='bbox 1070 2460 1166 2517; x_wconf 88' lang='lat' dir='ltr'><strong>per</strong></span> <span class='ocrx_word' id='word_1_346' title='bbox 1195 2462 1498 2518; x_wconf 84' lang='lat' dir='ltr'><strong>anagogen,</strong></span> <span class='ocrx_word' id='word_1_347' title='bbox 1533 2448 1801 2517; x_wconf 80' lang='lat' dir='ltr'><strong>leprosum</strong></span> <span class='ocrx_word' id='word_1_348' title='bbox 1832 2433 2043 2515; x_wconf 71' lang='lat' dir='ltr'><strong>quidem</strong></span> <span class='ocrx_word' id='word_1_349' title='bbox 2073 2459 2196 2500; x_wconf 85' lang='lat' dir='ltr'><strong>esse</strong></span> 
     </span>
    </p>
   </div>
   <div class='ocr_carea' id='block_1_47' title="bbox 2253 2433 3864 2521">
    <p class='ocr_par' dir='ltr' id='par_1_47' title="bbox 2295 2445 3864 2521">
     <span class='ocr_line' id='line_1_47' title="bbox 2295 2445 3864 2521; baseline -0.003 -18"><span class='ocrx_word' id='word_1_350' title='bbox 2295 2450 2440 2504; x_wconf 86' lang='grc' dir='ltr'>κατὰ</span> <span class='ocrx_word' id='word_1_351' title='bbox 2471 2447 2785 2521; x_wconf 78' lang='grc' dir='ltr'>ἀναγωγὴν,</span> <span class='ocrx_word' id='word_1_352' title='bbox 2810 2449 3010 2519; x_wconf 80' lang='grc' dir='ltr'>λεπρδν</span> <span class='ocrx_word' id='word_1_353' title='bbox 3045 2448 3144 2519; x_wconf 82' lang='grc' dir='ltr'><strong>μέν</strong></span> <span class='ocrx_word' id='word_1_354' title='bbox 3174 2445 3318 2503; x_wconf 77' lang='grc' dir='ltr'>εἷναι</span> <span class='ocrx_word' id='word_1_355' title='bbox 3356 2447 3445 2503; x_wconf 78' lang='grc' dir='ltr'><strong>τὸν</strong></span> <span class='ocrx_word' id='word_1_356' title='bbox 3480 2446 3700 2501; x_wconf 79' lang='grc' dir='ltr'>ὲθνικδν</span> <span class='ocrx_word' id='word_1_357' title='bbox 3717 2445 3864 2511; x_wconf 64' lang='grc' dir='ltr'>λαὸν,</span> 
     </span>
    </p>
   </div>
   <div class='ocr_carea' id='block_1_48' title="bbox 632 2536 2243 2611">
    <p class='ocr_par' dir='ltr' id='par_1_48' title="bbox 632 2536 2193 2608">
     <span class='ocr_line' id='line_1_48' title="bbox 632 2536 2193 2608; baseline -0.001 -16"><span class='ocrx_word' id='word_1_358' title='bbox 632 2537 889 2608; x_wconf 77' lang='lat' dir='ltr'><strong>gentiiem</strong></span> <span class='ocrx_word' id='word_1_359' title='bbox 924 2537 1215 2607; x_wconf 83' lang='lat' dir='ltr'><strong>populum:</strong></span> <span class='ocrx_word' id='word_1_360' title='bbox 1258 2537 1539 2593; x_wconf 85' lang='lat' dir='ltr'><strong>mulierem</strong></span> <span class='ocrx_word' id='word_1_361' title='bbox 1584 2548 1761 2593; x_wconf 89' lang='lat' dir='ltr'><strong>autem</strong></span> <span class='ocrx_word' id='word_1_362' title='bbox 1806 2536 2193 2605; x_wconf 74' lang='lat' dir='ltr'><strong>peccatricem,</strong></span> 
     </span>
    </p>
   </div>
   <div class='ocr_carea' id='block_1_49' title="bbox 2263 2536 3874 2611">
    <p class='ocr_par' dir='ltr' id='par_1_49' title="bbox 2298 2537 3874 2611">
     <span class='ocr_line' id='line_1_49' title="bbox 2298 2537 3874 2611; baseline -0.005 -15"><span class='ocrx_word' id='word_1_363' title='bbox 2298 2542 2526 2611; x_wconf 83' lang='grc' dir='ltr'>γυναῖκα</span> <span class='ocrx_word' id='word_1_364' title='bbox 2551 2542 2607 2595; x_wconf 85' lang='grc' dir='ltr'>δὲ</span> <span class='ocrx_word' id='word_1_365' title='bbox 2634 2540 2966 2611; x_wconf 78' lang='grc' dir='ltr'>άμαρτωλὴν</span> <span class='ocrx_word' id='word_1_366' title='bbox 2994 2539 3093 2611; x_wconf 72' lang='grc' dir='ltr'>τὴν</span> <span class='ocrx_word' id='word_1_367' title='bbox 3146 2538 3206 2603; x_wconf 79' lang='grc' dir='ltr'>ἐξ</span> <span class='ocrx_word' id='word_1_368' title='bbox 3227 2538 3396 2592; x_wconf 82' lang='grc' dir='ltr'>ἐθνῶν</span> <span class='ocrx_word' id='word_1_369' title='bbox 3426 2538 3755 2609; x_wconf 70' lang='grc' dir='ltr'>συναγωγὴν</span> <span class='ocrx_word' id='word_1_370' title='bbox 3779 2537 3874 2590; x_wconf 78' lang='grc' dir='ltr'>καὶ</span> 
     </span>
    </p>
   </div>
   <div class='ocr_carea' id='block_1_50' title="bbox 636 2628 2247 2703">
    <p class='ocr_par' dir='ltr' id='par_1_50' title="bbox 636 2628 2200 2701">
     <span class='ocr_line' id='line_1_50' title="bbox 636 2628 2200 2701; baseline 0.003 -23"><span class='ocrx_word' id='word_1_371' title='bbox 636 2628 1109 2698; x_wconf 68' lang='lat' dir='ltr'><strong>congregationem</strong></span> <span class='ocrx_word' id='word_1_372' title='bbox 1180 2636 1237 2685; x_wconf 82' lang='lat' dir='ltr'><strong>et</strong></span> <span class='ocrx_word' id='word_1_373' title='bbox 1281 2629 1579 2685; x_wconf 74' lang='lat' dir='ltr'><strong>Ecclesium</strong></span> <span class='ocrx_word' id='word_1_374' title='bbox 1620 2643 1686 2685; x_wconf 79' lang='lat' dir='ltr'><strong>ex</strong></span> <span class='ocrx_word' id='word_1_375' title='bbox 1747 2630 2017 2701; x_wconf 86' lang='lat' dir='ltr'><strong>gentibus,</strong></span> <span class='ocrx_word' id='word_1_376' title='bbox 2081 2641 2200 2698; x_wconf 74' lang='lat' dir='ltr'><strong>qua:</strong></span> 
     </span>
    </p>
   </div>
   <div class='ocr_carea' id='block_1_51' title="bbox 2262 2628 3873 2703">
    <p class='ocr_par' dir='ltr' id='par_1_51' title="bbox 2311 2629 3873 2703">
     <span class='ocr_line' id='line_1_51' title="bbox 2311 2629 3873 2703; baseline -0.004 -16"><span class='ocrx_word' id='word_1_377' title='bbox 2311 2633 2657 2703; x_wconf 85' lang='grc' dir='ltr'>Ἐκκλησίαν,</span> <span class='ocrx_word' id='word_1_378' title='bbox 2676 2630 2799 2703; x_wconf 76' lang='grc' dir='ltr'>ἥτις</span> <span class='ocrx_word' id='word_1_379' title='bbox 2822 2630 2883 2685; x_wconf 81' lang='grc' dir='ltr'>τὸ</span> <span class='ocrx_word' id='word_1_380' title='bbox 2907 2630 3100 2701; x_wconf 86' lang='grc' dir='ltr'>μύρον,</span> <span class='ocrx_word' id='word_1_381' title='bbox 3126 2630 3369 2685; x_wconf 79' lang='grc' dir='ltr'>τουτέστι</span> <span class='ocrx_word' id='word_1_382' title='bbox 3422 2630 3521 2702; x_wconf 78' lang='grc' dir='ltr'>τὴν</span> <span class='ocrx_word' id='word_1_383' title='bbox 3550 2631 3759 2693; x_wconf 83' lang='grc' dir='ltr'>πίστιν,</span> <span class='ocrx_word' id='word_1_384' title='bbox 3793 2629 3873 2691; x_wconf 78' lang='grc' dir='ltr'><strong>είς</strong></span> 
     </span>
    </p>
   </div>
   <div class='ocr_carea' id='block_1_52' title="bbox 626 2720 2237 2797">
    <p class='ocr_par' dir='ltr' id='par_1_52' title="bbox 626 2720 2200 2791">
     <span class='ocr_line' id='line_1_52' title="bbox 626 2720 2200 2791; baseline 0.001 -17"><span class='ocrx_word' id='word_1_385' title='bbox 626 2728 996 2791; x_wconf 76' lang='lat' dir='ltr'><strong>unguentum,</strong></span> <span class='ocrx_word' id='word_1_386' title='bbox 1044 2720 1149 2778; x_wconf 90' lang='lat' dir='ltr'><strong>hoc</strong></span> <span class='ocrx_word' id='word_1_387' title='bbox 1188 2731 1272 2779; x_wconf 81' lang='lat' dir='ltr'><strong>est</strong></span> <span class='ocrx_word' id='word_1_388' title='bbox 1327 2722 1510 2789; x_wconf 83' lang='lat' dir='ltr'><strong>iidem,</strong></span> <span class='ocrx_word' id='word_1_389' title='bbox 1555 2723 1610 2777; x_wconf 92' lang='lat' dir='ltr'><strong>in</strong></span> <span class='ocrx_word' id='word_1_390' title='bbox 1642 2720 1842 2777; x_wconf 72' lang='lat' dir='ltr'><strong>Christi</strong></span> <span class='ocrx_word' id='word_1_391' title='bbox 1885 2733 2065 2791; x_wconf 88' lang='lat' dir='ltr'><strong>caput,</strong></span> <span class='ocrx_word' id='word_1_392' title='bbox 2098 2720 2200 2775; x_wconf 92' lang='lat' dir='ltr'><strong>hoc</strong></span> 
     </span>
    </p>
   </div>
   <div class='ocr_carea' id='block_1_53' title="bbox 2264 2720 3875 2797">
    <p class='ocr_par' dir='ltr' id='par_1_53' title="bbox 2300 2720 3875 2797">
     <span class='ocr_line' id='line_1_53' title="bbox 2300 2720 3875 2797; baseline -0.004 -17"><span class='ocrx_word' id='word_1_393' title='bbox 2300 2728 2398 2797; x_wconf 72' lang='grc' dir='ltr'>τὴν</span> <span class='ocrx_word' id='word_1_394' title='bbox 2424 2726 2519 2779; x_wconf 85' lang='grc' dir='ltr'><strong>τοῦ</strong></span> <span class='ocrx_word' id='word_1_395' title='bbox 2572 2723 2810 2795; x_wconf 79' lang='grc' dir='ltr'>Χριστοῦ</span> <span class='ocrx_word' id='word_1_396' title='bbox 2842 2721 3119 2793; x_wconf 79' lang='grc' dir='ltr'>κεφαλὴν,</span> <span class='ocrx_word' id='word_1_397' title='bbox 3164 2725 3283 2795; x_wconf 72' lang='grc' dir='ltr'>ἢτοι</span> <span class='ocrx_word' id='word_1_398' title='bbox 3330 2724 3429 2795; x_wconf 83' lang='grc' dir='ltr'>τὴν</span> <span class='ocrx_word' id='word_1_399' title='bbox 3474 2723 3731 2792; x_wconf 85' lang='grc' dir='ltr'>θεότητα,</span> <span class='ocrx_word' id='word_1_400' title='bbox 3786 2720 3875 2788; x_wconf 80' lang='grc' dir='ltr'>ἐε-</span> 
     </span>
    </p>
   </div>
   <div class='ocr_carea' id='block_1_54' title="bbox 637 2807 2248 2886">
    <p class='ocr_par' dir='ltr' id='par_1_54' title="bbox 637 2810 2202 2879">
     <span class='ocr_line' id='line_1_54' title="bbox 637 2810 2202 2879; baseline 0.001 -14"><span class='ocrx_word' id='word_1_401' title='bbox 637 2820 722 2866; x_wconf 83' lang='lat' dir='ltr'><strong>cst</strong></span> <span class='ocrx_word' id='word_1_402' title='bbox 747 2810 1025 2879; x_wconf 76' lang='lat' dir='ltr'><strong>deitatem,</strong></span> <span class='ocrx_word' id='word_1_403' title='bbox 1046 2810 1251 2868; x_wconf 71' lang='lat' dir='ltr'><strong>effudit.</strong></span> <span class='ocrx_word' id='word_1_404' title='bbox 1269 2810 1457 2869; x_wconf 82' lang='lat' dir='ltr'><strong>Omnis</strong></span> <span class='ocrx_word' id='word_1_405' title='bbox 1483 2813 1624 2867; x_wconf 91' lang='lat' dir='ltr'><strong>enim</strong></span> <span class='ocrx_word' id='word_1_406' title='bbox 1647 2815 1871 2868; x_wconf 86' lang='lat' dir='ltr'><strong>credens</strong></span> <span class='ocrx_word' id='word_1_407' title='bbox 1888 2810 2055 2865; x_wconf 89' lang='lat' dir='ltr'><strong>Deum</strong></span> <span class='ocrx_word' id='word_1_408' title='bbox 2082 2824 2202 2866; x_wconf 87' lang='lat' dir='ltr'><strong>esse</strong></span> 
     </span>
    </p>
   </div>
   <div class='ocr_carea' id='block_1_55' title="bbox 2323 2807 3934 2886">
    <p class='ocr_par' dir='ltr' id='par_1_55' title="bbox 2323 2807 3874 2886">
     <span class='ocr_line' id='line_1_55' title="bbox 2323 2807 3874 2886; baseline -0.001 -21"><span class='ocrx_word' id='word_1_409' title='bbox 2323 2821 2442 2886; x_wconf 70' lang='grc' dir='ltr'>ὶχεε.</span> <span class='ocrx_word' id='word_1_410' title='bbox 2470 2816 2583 2878; x_wconf 79' lang='grc' dir='ltr'>Πᾶς</span> <span class='ocrx_word' id='word_1_411' title='bbox 2625 2814 2734 2885; x_wconf 84' lang='grc' dir='ltr'><strong>γάρ</strong></span> <span class='ocrx_word' id='word_1_412' title='bbox 2770 2814 2799 2867; x_wconf 87' lang='lat'><strong>6</strong></span> <span class='ocrx_word' id='word_1_413' title='bbox 2834 2812 3104 2868; x_wconf 77' lang='grc' dir='ltr'>πιστεύων</span> <span class='ocrx_word' id='word_1_414' title='bbox 3137 2813 3269 2867; x_wconf 77' lang='grc' dir='ltr'>Θεὸν</span> <span class='ocrx_word' id='word_1_415' title='bbox 3308 2807 3448 2866; x_wconf 78' lang='grc' dir='ltr'>εἶναι</span> <span class='ocrx_word' id='word_1_416' title='bbox 3481 2810 3573 2865; x_wconf 87' lang='grc' dir='ltr'><strong>τδν</strong></span> <span class='ocrx_word' id='word_1_417' title='bbox 3613 2810 3874 2881; x_wconf 77' lang='grc' dir='ltr'>Χριστὸν,</span> 
     </span>
    </p>
   </div>
   <div class='ocr_carea' id='block_1_56' title="bbox 640 2899 2251 2978">
    <p class='ocr_par' dir='ltr' id='par_1_56' title="bbox 640 2899 2196 2971">
     <span class='ocr_line' id='line_1_56' title="bbox 640 2899 2196 2971; baseline -0.001 -15"><span class='ocrx_word' id='word_1_418' title='bbox 640 2899 943 2967; x_wconf 83' lang='lat' dir='ltr'><strong>Christum,</strong></span> <span class='ocrx_word' id='word_1_419' title='bbox 998 2911 1329 2971; x_wconf 83' lang='lat' dir='ltr'><strong>unguentum</strong></span> <span class='ocrx_word' id='word_1_420' title='bbox 1383 2900 1608 2958; x_wconf 71' lang='lat' dir='ltr'><strong>effundit</strong></span> <span class='ocrx_word' id='word_1_421' title='bbox 1653 2904 1709 2957; x_wconf 89' lang='lat' dir='ltr'><strong>in</strong></span> <span class='ocrx_word' id='word_1_422' title='bbox 1764 2911 1927 2971; x_wconf 88' lang='lat' dir='ltr'><strong>caput</strong></span> <span class='ocrx_word' id='word_1_423' title='bbox 1975 2900 2196 2957; x_wconf 90' lang='lat' dir='ltr'><strong>Christi.</strong></span> 
     </span>
    </p>
   </div>
   <div class='ocr_carea' id='block_1_57' title="bbox 2266 2899 3877 2978">
    <p class='ocr_par' dir='ltr' id='par_1_57' title="bbox 2303 2902 3877 2978">
     <span class='ocr_line' id='line_1_57' title="bbox 2303 2902 3877 2978; baseline -0.004 -17"><span class='ocrx_word' id='word_1_424' title='bbox 2303 2908 2475 2978; x_wconf 86' lang='grc' dir='ltr'>μύρον</span> <span class='ocrx_word' id='word_1_425' title='bbox 2504 2905 2759 2978; x_wconf 76' lang='grc' dir='ltr'>καταχέει</span> <span class='ocrx_word' id='word_1_426' title='bbox 2797 2905 2877 2970; x_wconf 77' lang='grc' dir='ltr'>εἰς</span> <span class='ocrx_word' id='word_1_427' title='bbox 2903 2904 3001 2976; x_wconf 81' lang='grc' dir='ltr'><strong>τὴν</strong></span> <span class='ocrx_word' id='word_1_428' title='bbox 3028 2904 3270 2975; x_wconf 75' lang='grc' dir='ltr'>κεφαλὴν</span> <span class='ocrx_word' id='word_1_429' title='bbox 3306 2904 3401 2959; x_wconf 86' lang='grc' dir='ltr'><strong>τοῦ</strong></span> <span class='ocrx_word' id='word_1_430' title='bbox 3433 2902 3674 2973; x_wconf 78' lang='grc' dir='ltr'>Χριστοῦ</span> <span class='ocrx_word' id='word_1_431' title='bbox 3695 2918 3710 2933; x_wconf 88' lang='grc'><strong>·</strong></span> <span class='ocrx_word' id='word_1_432' title='bbox 3745 2905 3774 2957; x_wconf 97' lang='lat'><strong>6</strong></span> <span class='ocrx_word' id='word_1_433' title='bbox 3820 2902 3877 2955; x_wconf 75' lang='grc' dir='ltr'><strong>δέ</strong></span> 
     </span>
    </p>
   </div>
   <div class='ocr_carea' id='block_1_58' title="bbox 637 2989 2248 3069">
    <p class='ocr_par' dir='ltr' id='par_1_58' title="bbox 637 2989 2203 3064">
     <span class='ocr_line' id='line_1_58' title="bbox 637 2989 2203 3064; baseline -0.001 -18"><span class='ocrx_word' id='word_1_434' title='bbox 637 2990 809 3049; x_wconf 80' lang='lat' dir='ltr'><strong>Judas</strong></span> <span class='ocrx_word' id='word_1_435' title='bbox 836 3001 1015 3048; x_wconf 84' lang='lat' dir='ltr'><strong>autem</strong></span> <span class='ocrx_word' id='word_1_436' title='bbox 1059 2993 1155 3062; x_wconf 78' lang='lat' dir='ltr'><strong>qui</strong></span> <span class='ocrx_word' id='word_1_437' title='bbox 1186 2992 1485 3063; x_wconf 86' lang='lat' dir='ltr'><strong>increpavit</strong></span> <span class='ocrx_word' id='word_1_438' title='bbox 1519 2992 1796 3049; x_wconf 85' lang='lat' dir='ltr'><strong>mulierem</strong></span> <span class='ocrx_word' id='word_1_439' title='bbox 1843 2990 2005 3064; x_wconf 81' lang='lat' dir='ltr'><strong>(sicut</strong></span> <span class='ocrx_word' id='word_1_440' title='bbox 2031 2989 2203 3047; x_wconf 77' lang='lat' dir='ltr'><strong>Joan-</strong></span> 
     </span>
    </p>
   </div>
   <div class='ocr_carea' id='block_1_59' title="bbox 2265 2989 3876 3069">
    <p class='ocr_par' dir='ltr' id='par_1_59' title="bbox 2314 2995 3876 3069">
     <span class='ocr_line' id='line_1_59' title="bbox 2314 2995 3876 3069; baseline -0.006 -14"><span class='ocrx_word' id='word_1_441' title='bbox 2314 2999 2512 3063; x_wconf 79' lang='grc' dir='ltr'>Ἰούδας</span> <span class='ocrx_word' id='word_1_442' title='bbox 2550 2999 2885 3069; x_wconf 67' lang='grc' dir='ltr'>ἐπιτιμήσας</span> <span class='ocrx_word' id='word_1_443' title='bbox 2912 2999 2979 3069; x_wconf 72' lang='grc' dir='ltr'>τῇ</span> <span class='ocrx_word' id='word_1_444' title='bbox 3008 2997 3248 3065; x_wconf 66' lang='grc' dir='ltr'>γυναικὶ,</span> <span class='ocrx_word' id='word_1_445' title='bbox 3295 2996 3371 3059; x_wconf 87' lang='grc' dir='ltr'><strong>ώς</strong></span> <span class='ocrx_word' id='word_1_446' title='bbox 3426 2995 3685 3066; x_wconf 76' lang='grc' dir='ltr'><strong>Ἰωάννης</strong></span> <span class='ocrx_word' id='word_1_447' title='bbox 3722 2996 3876 3064; x_wconf 60' lang='grc' dir='ltr'>φησὶ.</span> 
     </span>
    </p>
   </div>
   <div class='ocr_carea' id='block_1_60' title="bbox 640 3082 2251 3175">
    <p class='ocr_par' dir='ltr' id='par_1_60' title="bbox 640 3082 2251 3175">
     <span class='ocr_line' id='line_1_60' title="bbox 640 3082 2251 3175; baseline 0.001 -38"><span class='ocrx_word' id='word_1_448' title='bbox 640 3098 741 3139; x_wconf 83' lang='lat' dir='ltr'><strong>nes</strong></span> <span class='ocrx_word' id='word_1_449' title='bbox 783 3084 934 3156; x_wconf 90' lang='lat' dir='ltr'><strong>dicit)</strong></span> <span class='ocrx_word' id='word_1_450' title='bbox 986 3084 1404 3175; x_wconf 10' lang='lat' dir='ltr'><strong>ﬁguramrtenet</strong></span> <span class='ocrx_word' id='word_1_451' title='bbox 1448 3082 1775 3144; x_wconf 70' lang='lat' dir='ltr'><strong>ludreorum,</strong></span> <span class='ocrx_word' id='word_1_452' title='bbox 1809 3085 1901 3154; x_wconf 88' lang='lat' dir='ltr'><strong>qui</strong></span> <span class='ocrx_word' id='word_1_453' title='bbox 1942 3097 2112 3153; x_wconf 81' lang='lat' dir='ltr'><strong>usque</strong></span> <span class='ocrx_word' id='word_1_454' title='bbox 2148 3084 2251 3175; x_wconf 72' lang='grc' dir='ltr'>ιιι(</span> 
     </span>
    </p>
   </div>
   <div class='ocr_carea' id='block_1_61' title="bbox 2261 3082 3872 3175">
    <p class='ocr_par' dir='ltr' id='par_1_61' title="bbox 2261 3086 3872 3173">
     <span class='ocr_line' id='line_1_61' title="bbox 2261 3086 3872 3173; baseline -0.006 -27"><span class='ocrx_word' id='word_1_455' title='bbox 2261 3119 2275 3173; x_wconf 56' lang='grc' dir='ltr'><strong>ι</strong></span> <span class='ocrx_word' id='word_1_456' title='bbox 2306 3092 2477 3146; x_wconf 83' lang='grc' dir='ltr'>τύπον</span> <span class='ocrx_word' id='word_1_457' title='bbox 2516 3092 2701 3162; x_wconf 80' lang='grc' dir='ltr'>ἐπέχει</span> <span class='ocrx_word' id='word_1_458' title='bbox 2731 3091 2839 3145; x_wconf 88' lang='grc' dir='ltr'><strong>τῶν</strong></span> <span class='ocrx_word' id='word_1_459' title='bbox 2880 3090 3170 3154; x_wconf 86' lang='grc' dir='ltr'>Ἰουδαίων,</span> <span class='ocrx_word' id='word_1_460' title='bbox 3207 3087 3316 3142; x_wconf 86' lang='grc' dir='ltr'><strong>τῶν</strong></span> <span class='ocrx_word' id='word_1_461' title='bbox 3342 3086 3425 3168; x_wconf 70' lang='grc' dir='ltr'>ἔτι</span> <span class='ocrx_word' id='word_1_462' title='bbox 3475 3087 3571 3141; x_wconf 73' lang='grc' dir='ltr'>καὶ</span> <span class='ocrx_word' id='word_1_463' title='bbox 3603 3086 3701 3139; x_wconf 85' lang='grc' dir='ltr'><strong>νῦν</strong></span> <span class='ocrx_word' id='word_1_464' title='bbox 3741 3100 3872 3151; x_wconf 86' lang='grc' dir='ltr'>γογ-</span> 
     </span>
    </p>
   </div>
   <div class='ocr_carea' id='block_1_62' title="bbox 648 3174 2259 3253">
    <p class='ocr_par' dir='ltr' id='par_1_62' title="bbox 648 3174 2257 3251">
     <span class='ocr_line' id='line_1_62' title="bbox 648 3174 2257 3251; baseline 0.003 -21"><span class='ocrx_word' id='word_1_465' title='bbox 648 3176 791 3231; x_wconf 88' lang='lat' dir='ltr'><strong>hunc</strong></span> <span class='ocrx_word' id='word_1_466' title='bbox 824 3177 963 3232; x_wconf 89' lang='lat' dir='ltr'><strong>diem</strong></span> <span class='ocrx_word' id='word_1_467' title='bbox 1000 3188 1185 3251; x_wconf 81' lang='lat' dir='ltr'><strong>contra</strong></span> <span class='ocrx_word' id='word_1_468' title='bbox 1214 3174 1507 3232; x_wconf 81' lang='lat' dir='ltr'><strong>Et-clesiam</strong></span> <span class='ocrx_word' id='word_1_469' title='bbox 1540 3184 1899 3235; x_wconf 85' lang='lat' dir='ltr'><strong>murmurant.</strong></span> <span class='ocrx_word' id='word_1_470' title='bbox 2248 3174 2257 3175; x_wconf 26' lang='grc' dir='ltr'><strong>ί</strong></span> 
     </span>
    </p>
   </div>
   <div class='ocr_carea' id='block_1_63' title="bbox 1638 3174 3249 3253">
    <p class='ocr_par' dir='ltr' id='par_1_63' title="bbox 1638 3174 3249 3253">
     <span class='ocr_line' id='line_1_63' title="bbox 1638 3174 3249 3253; baseline 0.003 -23"><span class='ocrx_word' id='word_1_471' title='bbox 1638 3184 1899 3235; x_wconf 81' lang='lat' dir='ltr'><strong>rmurant.</strong></span> <span class='ocrx_word' id='word_1_472' title='bbox 2248 3174 2257 3175; x_wconf 22' lang='grc' dir='ltr'><strong>ί</strong></span> <span class='ocrx_word' id='word_1_473' title='bbox 2307 3184 2582 3253; x_wconf 75' lang='grc' dir='ltr'>γυζόντων</span> <span class='ocrx_word' id='word_1_474' title='bbox 2612 3184 2751 3241; x_wconf 77' lang='grc' dir='ltr'>κατὰ</span> <span class='ocrx_word' id='word_1_475' title='bbox 2769 3183 2868 3253; x_wconf 81' lang='grc' dir='ltr'>τῆς</span> <span class='ocrx_word' id='word_1_476' title='bbox 2901 3180 3249 3252; x_wconf 84' lang='grc' dir='ltr'>Ἐκκλησίας.</span> 
     </span>
    </p>
   </div>
   <div class='ocr_carea' id='block_1_64' title="bbox 714 3266 2325 3344">
    <p class='ocr_par' dir='ltr' id='par_1_64' title="bbox 714 3266 2201 3336">
     <span class='ocr_line' id='line_1_64' title="bbox 714 3266 2201 3336; baseline 0.001 -14"><span class='ocrx_word' id='word_1_477' title='bbox 714 3267 883 3323; x_wconf 70' lang='lat' dir='ltr'><strong>Vsus.</strong></span> <span class='ocrx_word' id='word_1_478' title='bbox 927 3267 1109 3324; x_wconf 69' lang='grc' dir='ltr'>ιι-ιδ.</span> <span class='ocrx_word' id='word_1_479' title='bbox 1155 3287 1174 3321; x_wconf 82' lang='grc' dir='ltr'><strong>ι</strong></span> <span class='ocrx_word' id='word_1_480' title='bbox 1214 3266 1364 3324; x_wconf 86' lang='lat' dir='ltr'><strong>Tunc</strong></span> <span class='ocrx_word' id='word_1_481' title='bbox 1413 3269 1547 3323; x_wconf 90' lang='lat' dir='ltr'><strong>abiit</strong></span> <span class='ocrx_word' id='word_1_482' title='bbox 1603 3284 1741 3323; x_wconf 83' lang='lat' dir='ltr'><strong>unus</strong></span> <span class='ocrx_word' id='word_1_483' title='bbox 1789 3269 1857 3325; x_wconf 91' lang='lat' dir='ltr'><strong>de</strong></span> <span class='ocrx_word' id='word_1_484' title='bbox 1900 3267 2201 3336; x_wconf 86' lang='lat' dir='ltr'><strong>duodecim,</strong></span> 
     </span>
    </p>
   </div>
   <div class='ocr_carea' id='block_1_65' title="bbox 2268 3266 3879 3344">
    <p class='ocr_par' dir='ltr' id='par_1_65' title="bbox 2384 3268 3879 3344">
     <span class='ocr_line' id='line_1_65' title="bbox 2384 3268 3879 3344; baseline -0.004 -17"><span class='ocrx_word' id='word_1_485' title='bbox 2384 3294 2401 3327; x_wconf 84' lang='grc' dir='ltr'><strong>ι</strong></span> <span class='ocrx_word' id='word_1_486' title='bbox 2443 3274 2576 3328; x_wconf 83' lang='grc' dir='ltr'>Τότε</span> <span class='ocrx_word' id='word_1_487' title='bbox 2612 3272 2897 3344; x_wconf 81' lang='grc' dir='ltr'>πορευθεὶς</span> <span class='ocrx_word' id='word_1_488' title='bbox 2939 3268 3019 3337; x_wconf 77' lang='grc' dir='ltr'><strong>εἷς</strong></span> <span class='ocrx_word' id='word_1_489' title='bbox 3069 3272 3179 3327; x_wconf 84' lang='grc' dir='ltr'>τῶν</span> <span class='ocrx_word' id='word_1_490' title='bbox 3229 3270 3459 3336; x_wconf 84' lang='grc' dir='ltr'>δώδεκα,</span> <span class='ocrx_word' id='word_1_491' title='bbox 3492 3272 3537 3324; x_wconf 90' lang='lat'><strong>.6</strong></span> <span class='ocrx_word' id='word_1_492' title='bbox 3582 3268 3879 3341; x_wconf 84' lang='grc' dir='ltr'>λεγόμενος</span> 
     </span>
    </p>
   </div>
   <div class='ocr_carea' id='block_1_66' title="bbox 643 3357 2254 3436">
    <p class='ocr_par' dir='ltr' id='par_1_66' title="bbox 643 3358 2202 3432">
     <span class='ocr_line' id='line_1_66' title="bbox 643 3358 2202 3432; baseline -0.001 -17"><span class='ocrx_word' id='word_1_493' title='bbox 643 3360 739 3432; x_wconf 80' lang='lat' dir='ltr'><strong>qui</strong></span> <span class='ocrx_word' id='word_1_494' title='bbox 769 3358 1047 3417; x_wconf 65' lang='lat' dir='ltr'><strong>dicebhtur</strong></span> <span class='ocrx_word' id='word_1_495' title='bbox 1076 3358 1246 3415; x_wconf 82' lang='lat' dir='ltr'><strong>Judas</strong></span> <span class='ocrx_word' id='word_1_496' title='bbox 1279 3358 1587 3424; x_wconf 85' lang='lat' dir='ltr'><strong>lscariotcs,</strong></span> <span class='ocrx_word' id='word_1_497' title='bbox 1616 3361 1682 3415; x_wconf 75' lang='lat' dir='ltr'><strong>ad</strong></span> <span class='ocrx_word' id='word_1_498' title='bbox 1713 3359 1985 3430; x_wconf 84' lang='lat' dir='ltr'><strong>principes</strong></span> <span class='ocrx_word' id='word_1_499' title='bbox 2020 3374 2202 3417; x_wconf 84' lang='lat' dir='ltr'><strong>sacer-</strong></span> 
     </span>
    </p>
   </div>
   <div class='ocr_carea' id='block_1_67' title="bbox 2273 3357 3884 3436">
    <p class='ocr_par' dir='ltr' id='par_1_67' title="bbox 2318 3357 3884 3436">
     <span class='ocr_line' id='line_1_67' title="bbox 2318 3357 3884 3436; baseline -0.006 -14"><span class='ocrx_word' id='word_1_500' title='bbox 2318 3367 2516 3429; x_wconf 88' lang='grc' dir='ltr'>Ἰούδας</span> <span class='ocrx_word' id='word_1_501' title='bbox 2558 3364 2929 3436; x_wconf 80' lang='grc' dir='ltr'>Ἰσκαριώτης,</span> <span class='ocrx_word' id='word_1_502' title='bbox 2957 3362 3095 3436; x_wconf 77' lang='grc' dir='ltr'>πρὸς</span> <span class='ocrx_word' id='word_1_503' title='bbox 3131 3364 3260 3427; x_wconf 79' lang='grc' dir='ltr'>τοὺς</span> <span class='ocrx_word' id='word_1_504' title='bbox 3301 3363 3579 3435; x_wconf 73' lang='grc' dir='ltr'>ἀρχιερεῖς</span> <span class='ocrx_word' id='word_1_505' title='bbox 3628 3357 3752 3415; x_wconf 74' lang='grc' dir='ltr'>εἷπε</span> <span class='ocrx_word' id='word_1_506' title='bbox 3776 3379 3788 3393; x_wconf 88' lang='grc'><strong>·</strong></span> <span class='ocrx_word' id='word_1_507' title='bbox 3816 3358 3884 3414; x_wconf 84' lang='grc' dir='ltr'>Τί</span> 
     </span>
    </p>
   </div>
   <div class='ocr_carea' id='block_1_68' title="bbox 644 3452 2255 3529">
    <p class='ocr_par' dir='ltr' id='par_1_68' title="bbox 644 3452 2206 3521">
     <span class='ocr_line' id='line_1_68' title="bbox 644 3452 2206 3521; baseline 0 -14"><span class='ocrx_word' id='word_1_508' title='bbox 644 3454 854 3519; x_wconf 87' lang='lat' dir='ltr'><strong>dotum,</strong></span> <span class='ocrx_word' id='word_1_509' title='bbox 891 3462 945 3508; x_wconf 88' lang='lat' dir='ltr'><strong>et</strong></span> <span class='ocrx_word' id='word_1_510' title='bbox 990 3453 1064 3506; x_wconf 92' lang='lat' dir='ltr'><strong>ait</strong></span> <span class='ocrx_word' id='word_1_511' title='bbox 1095 3452 1400 3518; x_wconf 84' lang='lat' dir='ltr'><strong>illis:Quid</strong></span> <span class='ocrx_word' id='word_1_512' title='bbox 1445 3452 1606 3508; x_wconf 89' lang='lat' dir='ltr'><strong>vultis</strong></span> <span class='ocrx_word' id='word_1_513' title='bbox 1650 3452 1785 3507; x_wconf 79' lang='lat' dir='ltr'><strong>mihi</strong></span> <span class='ocrx_word' id='word_1_514' title='bbox 1820 3452 1968 3516; x_wconf 81' lang='lat' dir='ltr'><strong>dare,</strong></span> <span class='ocrx_word' id='word_1_515' title='bbox 2011 3460 2069 3507; x_wconf 85' lang='lat' dir='ltr'><strong>et</strong></span> <span class='ocrx_word' id='word_1_516' title='bbox 2108 3466 2206 3521; x_wconf 89' lang='lat' dir='ltr'><strong>ego</strong></span> 
     </span>
    </p>
   </div>
   <div class='ocr_carea' id='block_1_69' title="bbox 2273 3452 3884 3529">
    <p class='ocr_par' dir='ltr' id='par_1_69' title="bbox 2308 3452 3884 3529">
     <span class='ocr_line' id='line_1_69' title="bbox 2308 3452 3884 3529; baseline -0.006 -14"><span class='ocrx_word' id='word_1_517' title='bbox 2308 3458 2493 3515; x_wconf 80' lang='grc' dir='ltr'>θέλετέ</span> <span class='ocrx_word' id='word_1_518' title='bbox 2515 3474 2602 3529; x_wconf 91' lang='grc' dir='ltr'><strong>μοι</strong></span> <span class='ocrx_word' id='word_1_519' title='bbox 2622 3456 2824 3523; x_wconf 83' lang='grc' dir='ltr'>δοῦναι,</span> <span class='ocrx_word' id='word_1_520' title='bbox 2848 3454 3001 3527; x_wconf 82' lang='grc' dir='ltr'>κάγὼ</span> <span class='ocrx_word' id='word_1_521' title='bbox 3018 3455 3331 3528; x_wconf 80' lang='grc' dir='ltr'>παραδώσω</span> <span class='ocrx_word' id='word_1_522' title='bbox 3346 3454 3508 3509; x_wconf 82' lang='grc' dir='ltr'>αὐτόν</span> <span class='ocrx_word' id='word_1_523' title='bbox 3527 3472 3543 3523; x_wconf 87' lang='grc'><strong>;</strong></span> <span class='ocrx_word' id='word_1_524' title='bbox 3569 3456 3631 3507; x_wconf 83' lang='lat' dir='ltr'><strong>0i</strong></span> <span class='ocrx_word' id='word_1_525' title='bbox 3649 3454 3708 3508; x_wconf 70' lang='grc' dir='ltr'><strong>δέ</strong></span> <span class='ocrx_word' id='word_1_526' title='bbox 3726 3452 3884 3521; x_wconf 72' lang='grc' dir='ltr'>ιστη-</span> 
     </span>
    </p>
   </div>
   <div class='ocr_carea' id='block_1_70' title="bbox 654 3542 2265 3619">
    <p class='ocr_par' dir='ltr' id='par_1_70' title="bbox 654 3542 2208 3613">
     <span class='ocr_line' id='line_1_70' title="bbox 654 3542 2208 3613; baseline -0.003 -14"><span class='ocrx_word' id='word_1_527' title='bbox 654 3543 805 3599; x_wconf 88' lang='lat' dir='ltr'><strong>vobis</strong></span> <span class='ocrx_word' id='word_1_528' title='bbox 837 3544 1046 3598; x_wconf 89' lang='lat' dir='ltr'><strong>tradam</strong></span> <span class='ocrx_word' id='word_1_529' title='bbox 1075 3542 1265 3597; x_wconf 87' lang='lat' dir='ltr'><strong>illum?</strong></span> <span class='ocrx_word' id='word_1_530' title='bbox 1291 3543 1358 3597; x_wconf 78' lang='lat' dir='ltr'><strong>At</strong></span> <span class='ocrx_word' id='word_1_531' title='bbox 1386 3542 1460 3597; x_wconf 92' lang='lat' dir='ltr'><strong>illi</strong></span> <span class='ocrx_word' id='word_1_532' title='bbox 1488 3543 1889 3598; x_wconf 84' lang='lat' dir='ltr'><strong>constituerunt</strong></span> <span class='ocrx_word' id='word_1_533' title='bbox 1912 3546 1960 3598; x_wconf 90' lang='lat' dir='ltr'><strong>ei</strong></span> <span class='ocrx_word' id='word_1_534' title='bbox 1989 3543 2208 3613; x_wconf 84' lang='lat' dir='ltr'><strong>triginta</strong></span> 
     </span>
    </p>
   </div>
   <div class='ocr_carea' id='block_1_71' title="bbox 2272 3542 3883 3619">
    <p class='ocr_par' dir='ltr' id='par_1_71' title="bbox 2311 3543 3883 3619">
     <span class='ocr_line' id='line_1_71' title="bbox 2311 3543 3883 3619; baseline -0.005 -16"><span class='ocrx_word' id='word_1_535' title='bbox 2311 3566 2412 3603; x_wconf 71' lang='grc' dir='ltr'>στιν</span> <span class='ocrx_word' id='word_1_536' title='bbox 2443 3548 2592 3618; x_wconf 85' lang='grc' dir='ltr'>αύτῷ</span> <span class='ocrx_word' id='word_1_537' title='bbox 2620 3549 2917 3619; x_wconf 84' lang='grc' dir='ltr'>τριάκοντα</span> <span class='ocrx_word' id='word_1_538' title='bbox 2942 3546 3184 3619; x_wconf 82' lang='grc' dir='ltr'>ἀργύρια</span> <span class='ocrx_word' id='word_1_539' title='bbox 3208 3561 3223 3575; x_wconf 82' lang='lat'><strong><em>°</em></strong></span> <span class='ocrx_word' id='word_1_540' title='bbox 3261 3548 3359 3599; x_wconf 61' lang='lat' dir='ltr'><strong>trait</strong></span> <span class='ocrx_word' id='word_1_541' title='bbox 3395 3547 3502 3600; x_wconf 76' lang='grc' dir='ltr'>άπὸ</span> <span class='ocrx_word' id='word_1_542' title='bbox 3537 3546 3660 3598; x_wconf 87' lang='grc' dir='ltr'>τότε</span> <span class='ocrx_word' id='word_1_543' title='bbox 3700 3543 3883 3608; x_wconf 74' lang='grc' dir='ltr'>ἐζήτει</span> 
     </span>
    </p>
   </div>
   <div class='ocr_carea' id='block_1_72' title="bbox 654 3633 2265 3712">
    <p class='ocr_par' dir='ltr' id='par_1_72' title="bbox 654 3633 2211 3707">
     <span class='ocr_line' id='line_1_72' title="bbox 654 3633 2211 3707; baseline -0.001 -17"><span class='ocrx_word' id='word_1_544' title='bbox 654 3645 959 3707; x_wconf 84' lang='lat' dir='ltr'><strong>argenteos.</strong></span> <span class='ocrx_word' id='word_1_545' title='bbox 987 3636 1053 3691; x_wconf 79' lang='lat' dir='ltr'><strong>Et</strong></span> <span class='ocrx_word' id='word_1_546' title='bbox 1102 3650 1167 3691; x_wconf 80' lang='lat' dir='ltr'><strong>ex</strong></span> <span class='ocrx_word' id='word_1_547' title='bbox 1196 3649 1262 3690; x_wconf 92' lang='lat' dir='ltr'><strong>eo</strong></span> <span class='ocrx_word' id='word_1_548' title='bbox 1302 3644 1547 3705; x_wconf 90' lang='lat' dir='ltr'><strong>tempore</strong></span> <span class='ocrx_word' id='word_1_549' title='bbox 1580 3635 1855 3703; x_wconf 66' lang='lat' dir='ltr'><strong>quaerebat</strong></span> <span class='ocrx_word' id='word_1_550' title='bbox 1893 3633 2211 3706; x_wconf 82' lang='lat' dir='ltr'><strong>opportuni-</strong></span> 
     </span>
    </p>
   </div>
   <div class='ocr_carea' id='block_1_73' title="bbox 2273 3633 3884 3712">
    <p class='ocr_par' dir='ltr' id='par_1_73' title="bbox 2312 3636 3884 3712">
     <span class='ocr_line' id='line_1_73' title="bbox 2312 3636 3884 3712; baseline -0.003 -17"><span class='ocrx_word' id='word_1_551' title='bbox 2312 3641 2617 3712; x_wconf 83' lang='grc' dir='ltr'>εὐκαιρίαν,</span> <span class='ocrx_word' id='word_1_552' title='bbox 2640 3640 2730 3695; x_wconf 69' lang='grc' dir='ltr'>ἵνα</span> <span class='ocrx_word' id='word_1_553' title='bbox 2758 3638 2918 3694; x_wconf 77' lang='grc' dir='ltr'>αὐτὸν</span> <span class='ocrx_word' id='word_1_554' title='bbox 2947 3638 3195 3711; x_wconf 79' lang='grc' dir='ltr'>παραδῷ.</span> <span class='ocrx_word' id='word_1_555' title='bbox 3226 3657 3244 3690; x_wconf 81' lang='grc' dir='ltr'><strong>ι</strong></span> <span class='ocrx_word' id='word_1_556' title='bbox 3276 3638 3403 3692; x_wconf 87' lang='grc' dir='ltr'>Ὅτε</span> <span class='ocrx_word' id='word_1_557' title='bbox 3438 3638 3473 3709; x_wconf 78' lang='grc' dir='ltr'><strong>ὴ</strong></span> <span class='ocrx_word' id='word_1_558' title='bbox 3504 3636 3765 3708; x_wconf 78' lang='grc' dir='ltr'>ἀλλοτρία</span> <span class='ocrx_word' id='word_1_559' title='bbox 3786 3653 3884 3705; x_wconf 83' lang='grc' dir='ltr'>γυ·</span> 
     </span>
    </p>
   </div>
   <div class='ocr_carea' id='block_1_74' title="bbox 650 3725 2261 3801">
    <p class='ocr_par' dir='ltr' id='par_1_74' title="bbox 650 3725 2209 3789">
     <span class='ocr_line' id='line_1_74' title="bbox 650 3725 2209 3789; baseline 0.001 -9"><span class='ocrx_word' id='word_1_560' title='bbox 650 3736 811 3782; x_wconf 89' lang='lat' dir='ltr'><strong>Iatem</strong></span> <span class='ocrx_word' id='word_1_561' title='bbox 847 3738 904 3781; x_wconf 92' lang='lat' dir='ltr'><strong>ut</strong></span> <span class='ocrx_word' id='word_1_562' title='bbox 933 3743 1055 3783; x_wconf 92' lang='lat' dir='ltr'><strong>eum</strong></span> <span class='ocrx_word' id='word_1_563' title='bbox 1081 3727 1338 3789; x_wconf 65' lang='lat' dir='ltr'><strong>tradeset.</strong></span> <span class='ocrx_word' id='word_1_564' title='bbox 1373 3744 1391 3778; x_wconf 84' lang='grc' dir='ltr'><strong>ι</strong></span> <span class='ocrx_word' id='word_1_565' title='bbox 1423 3725 1558 3782; x_wconf 89' lang='lat' dir='ltr'><strong>Cum</strong></span> <span class='ocrx_word' id='word_1_566' title='bbox 1596 3726 1769 3782; x_wconf 87' lang='lat' dir='ltr'><strong>aliena</strong></span> <span class='ocrx_word' id='word_1_567' title='bbox 1813 3725 2001 3781; x_wconf 88' lang='lat' dir='ltr'><strong>mulier</strong></span> <span class='ocrx_word' id='word_1_568' title='bbox 2031 3739 2209 3781; x_wconf 88' lang='lat' dir='ltr'><strong>mere-</strong></span> 
     </span>
    </p>
   </div>
   <div class='ocr_carea' id='block_1_75' title="bbox 2276 3725 3887 3801">
    <p class='ocr_par' dir='ltr' id='par_1_75' title="bbox 2311 3726 3887 3801">
     <span class='ocr_line' id='line_1_75' title="bbox 2311 3726 3887 3801; baseline -0.004 -15"><span class='ocrx_word' id='word_1_569' title='bbox 2311 3732 2399 3801; x_wconf 80' lang='grc' dir='ltr'>νὴ,</span> <span class='ocrx_word' id='word_1_570' title='bbox 2442 3733 2473 3801; x_wconf 85' lang='grc' dir='ltr'><strong>ή</strong></span> <span class='ocrx_word' id='word_1_571' title='bbox 2528 3730 2720 3801; x_wconf 83' lang='grc' dir='ltr'>πόρνη,</span> <span class='ocrx_word' id='word_1_572' title='bbox 2779 3727 3047 3801; x_wconf 82' lang='grc' dir='ltr'>τοσαύτην</span> <span class='ocrx_word' id='word_1_573' title='bbox 3090 3727 3402 3795; x_wconf 79' lang='grc' dir='ltr'>ἐπεδείξατο</span> <span class='ocrx_word' id='word_1_574' title='bbox 3448 3727 3640 3800; x_wconf 81' lang='grc' dir='ltr'>τιμὴν,</span> <span class='ocrx_word' id='word_1_575' title='bbox 3696 3726 3818 3781; x_wconf 79' lang='grc' dir='ltr'>τότε</span> <span class='ocrx_word' id='word_1_576' title='bbox 3858 3727 3887 3779; x_wconf 89' lang='lat'><strong>6</strong></span> 
     </span>
    </p>
   </div>
   <div class='ocr_carea' id='block_1_76' title="bbox 652 3817 2263 3895">
    <p class='ocr_par' dir='ltr' id='par_1_76' title="bbox 652 3817 2212 3889">
     <span class='ocr_line' id='line_1_76' title="bbox 652 3817 2212 3889; baseline 0 -16"><span class='ocrx_word' id='word_1_577' title='bbox 652 3820 756 3875; x_wconf 79' lang='lat' dir='ltr'><strong>trix</strong></span> <span class='ocrx_word' id='word_1_578' title='bbox 782 3828 989 3874; x_wconf 90' lang='lat' dir='ltr'><strong>tantum</strong></span> <span class='ocrx_word' id='word_1_579' title='bbox 1010 3817 1288 3874; x_wconf 75' lang='lat' dir='ltr'><strong>exhibeeet</strong></span> <span class='ocrx_word' id='word_1_580' title='bbox 1303 3819 1582 3889; x_wconf 81' lang='lat' dir='ltr'><strong>honorem,</strong></span> <span class='ocrx_word' id='word_1_581' title='bbox 1607 3829 1731 3874; x_wconf 89' lang='lat' dir='ltr'><strong>tunc</strong></span> <span class='ocrx_word' id='word_1_582' title='bbox 1752 3818 2049 3887; x_wconf 88' lang='lat' dir='ltr'><strong>discipulus</strong></span> <span class='ocrx_word' id='word_1_583' title='bbox 2078 3817 2212 3873; x_wconf 83' lang='lat' dir='ltr'><strong>abiit</strong></span> 
     </span>
    </p>
   </div>
   <div class='ocr_carea' id='block_1_77' title="bbox 2275 3817 3886 3895">
    <p class='ocr_par' dir='ltr' id='par_1_77' title="bbox 2316 3818 3886 3895">
     <span class='ocr_line' id='line_1_77' title="bbox 2316 3818 3886 3895; baseline -0.004 -18"><span class='ocrx_word' id='word_1_584' title='bbox 2316 3823 2564 3895; x_wconf 82' lang='grc' dir='ltr'>μαθητὴς</span> <span class='ocrx_word' id='word_1_585' title='bbox 2605 3821 2907 3894; x_wconf 76' lang='grc' dir='ltr'>ἀπέρχεται</span> <span class='ocrx_word' id='word_1_586' title='bbox 2956 3820 3253 3892; x_wconf 62' lang='grc' dir='ltr'>προδώσειν</span> <span class='ocrx_word' id='word_1_587' title='bbox 3287 3819 3473 3874; x_wconf 78' lang='grc' dir='ltr'>αὐτόν.</span> <span class='ocrx_word' id='word_1_588' title='bbox 3514 3820 3592 3873; x_wconf 86' lang='grc' dir='ltr'><strong>Ού</strong></span> <span class='ocrx_word' id='word_1_589' title='bbox 3625 3818 3737 3890; x_wconf 83' lang='grc' dir='ltr'><strong>γάρ</strong></span> <span class='ocrx_word' id='word_1_590' title='bbox 3782 3818 3886 3888; x_wconf 80' lang='grc' dir='ltr'>μά-</span> 
     </span>
    </p>
   </div>
   <div class='ocr_carea' id='block_1_78' title="bbox 650 3905 2261 3985">
    <p class='ocr_par' dir='ltr' id='par_1_78' title="bbox 650 3905 2210 3981">
     <span class='ocr_line' id='line_1_78' title="bbox 650 3905 2210 3981; baseline 0.002 -18"><span class='ocrx_word' id='word_1_591' title='bbox 650 3910 962 3981; x_wconf 86' lang='lat' dir='ltr'><strong>proditurus</strong></span> <span class='ocrx_word' id='word_1_592' title='bbox 1002 3905 1173 3966; x_wconf 83' lang='lat' dir='ltr'><strong>illum.</strong></span> <span class='ocrx_word' id='word_1_593' title='bbox 1208 3907 1325 3964; x_wconf 83' lang='lat' dir='ltr'><strong>Non</strong></span> <span class='ocrx_word' id='word_1_594' title='bbox 1351 3910 1493 3964; x_wconf 87' lang='lat' dir='ltr'><strong>enim</strong></span> <span class='ocrx_word' id='word_1_595' title='bbox 1521 3911 1720 3965; x_wconf 76' lang='lat' dir='ltr'><strong>frustra</strong></span> <span class='ocrx_word' id='word_1_596' title='bbox 1748 3910 2019 3980; x_wconf 83' lang='lat' dir='ltr'><strong>adjicitur,</strong></span> <span class='ocrx_word' id='word_1_597' title='bbox 2054 3909 2210 3966; x_wconf 83' lang='lat' dir='ltr'><strong>Tunc</strong></span> 
     </span>
    </p>
   </div>
   <div class='ocr_carea' id='block_1_79' title="bbox 2275 3905 3886 3985">
    <p class='ocr_par' dir='ltr' id='par_1_79' title="bbox 2315 3907 3886 3985">
     <span class='ocr_line' id='line_1_79' title="bbox 2315 3907 3886 3985; baseline -0.004 -17"><span class='ocrx_word' id='word_1_598' title='bbox 2315 3931 2415 3985; x_wconf 85' lang='grc' dir='ltr'><strong>την</strong></span> <span class='ocrx_word' id='word_1_599' title='bbox 2474 3916 2652 3968; x_wconf 88' lang='grc' dir='ltr'>κεῖται</span> <span class='ocrx_word' id='word_1_600' title='bbox 2722 3914 2803 3979; x_wconf 73' lang='grc' dir='ltr'><strong>τὸ,</strong></span> <span class='ocrx_word' id='word_1_601' title='bbox 2862 3914 2985 3967; x_wconf 88' lang='grc' dir='ltr'>τότε</span> <span class='ocrx_word' id='word_1_602' title='bbox 3028 3910 3340 3983; x_wconf 74' lang='grc' dir='ltr'>πορευθεὶς,</span> <span class='ocrx_word' id='word_1_603' title='bbox 3400 3909 3516 3965; x_wconf 76' lang='grc' dir='ltr'>ἀλλ’</span> <span class='ocrx_word' id='word_1_604' title='bbox 3582 3911 3674 3964; x_wconf 82' lang='grc' dir='ltr'><strong>ῖνα</strong></span> <span class='ocrx_word' id='word_1_605' title='bbox 3737 3907 3886 3980; x_wconf 77' lang='grc' dir='ltr'>δείξῃ</span> 
     </span>
    </p>
   </div>
   <div class='ocr_carea' id='block_1_80' title="bbox 650 3998 2261 4076">
    <p class='ocr_par' dir='ltr' id='par_1_80' title="bbox 650 3999 2217 4071">
     <span class='ocr_line' id='line_1_80' title="bbox 650 3999 2217 4071; baseline -0.004 -9"><span class='ocrx_word' id='word_1_606' title='bbox 650 4004 807 4068; x_wconf 83' lang='lat' dir='ltr'><strong>abiit,</strong></span> <span class='ocrx_word' id='word_1_607' title='bbox 835 4004 928 4059; x_wconf 87' lang='lat' dir='ltr'><strong>sed</strong></span> <span class='ocrx_word' id='word_1_608' title='bbox 957 4012 1016 4059; x_wconf 94' lang='lat' dir='ltr'><strong>ut</strong></span> <span class='ocrx_word' id='word_1_609' title='bbox 1038 4003 1355 4059; x_wconf 82' lang='lat' dir='ltr'><strong>ostendatur</strong></span> <span class='ocrx_word' id='word_1_610' title='bbox 1376 4001 1709 4070; x_wconf 87' lang='lat' dir='ltr'><strong>impudentia</strong></span> <span class='ocrx_word' id='word_1_611' title='bbox 1734 4000 1904 4056; x_wconf 65' lang='lat' dir='ltr'><strong>Iudae.</strong></span> <span class='ocrx_word' id='word_1_612' title='bbox 1932 3999 2089 4071; x_wconf 59' lang='lat'><strong>155</strong></span> <span class='ocrx_word' id='word_1_613' title='bbox 2113 4000 2217 4056; x_wconf 80' lang='lat' dir='ltr'><strong>Ad-</strong></span> 
     </span>
    </p>
   </div>
   <div class='ocr_carea' id='block_1_81' title="bbox 2279 3998 3890 4076">
    <p class='ocr_par' dir='ltr' id='par_1_81' title="bbox 2314 3998 3890 4076">
     <span class='ocr_line' id='line_1_81' title="bbox 2314 3998 3890 4076; baseline -0.005 -18"><span class='ocrx_word' id='word_1_614' title='bbox 2314 4005 2414 4076; x_wconf 80' lang='grc' dir='ltr'>τὴν</span> <span class='ocrx_word' id='word_1_615' title='bbox 2454 4003 2727 4057; x_wconf 84' lang='grc' dir='ltr'>ἀναίδειαν</span> <span class='ocrx_word' id='word_1_616' title='bbox 2755 4001 2849 4056; x_wconf 88' lang='grc' dir='ltr'><strong>τοῦ</strong></span> <span class='ocrx_word' id='word_1_617' title='bbox 2890 4002 3095 4056; x_wconf 74' lang='grc' dir='ltr'>Ἰούδαο</span> <span class='ocrx_word' id='word_1_618' title='bbox 3126 4004 3156 4056; x_wconf 86' lang='lat'><strong>6</strong></span> <span class='ocrx_word' id='word_1_619' title='bbox 3196 4000 3551 4071; x_wconf 76' lang='grc' dir='ltr'>Ἰσκαριώτης</span> <span class='ocrx_word' id='word_1_620' title='bbox 3607 3998 3668 4055; x_wconf 69' lang='grc' dir='ltr'>δὲ</span> <span class='ocrx_word' id='word_1_621' title='bbox 3726 4014 3890 4069; x_wconf 84' lang='grc' dir='ltr'>προσ-</span> 
     </span>
    </p>
   </div>
   <div class='ocr_carea' id='block_1_82' title="bbox 654 4084 2265 4167">
    <p class='ocr_par' dir='ltr' id='par_1_82' title="bbox 654 4091 2213 4158">
     <span class='ocr_line' id='line_1_82' title="bbox 654 4091 2213 4158; baseline -0.003 -7"><span class='ocrx_word' id='word_1_622' title='bbox 654 4096 789 4151; x_wconf 89' lang='lat' dir='ltr'><strong>didit</strong></span> <span class='ocrx_word' id='word_1_623' title='bbox 815 4102 1017 4158; x_wconf 84' lang='lat' dir='ltr'><strong>autem,</strong></span> <span class='ocrx_word' id='word_1_624' title='bbox 1040 4092 1345 4156; x_wconf 80' lang='lat' dir='ltr'><strong>Iscariotes,</strong></span> <span class='ocrx_word' id='word_1_625' title='bbox 1382 4100 1441 4146; x_wconf 90' lang='lat' dir='ltr'><strong>ut</strong></span> <span class='ocrx_word' id='word_1_626' title='bbox 1472 4092 1737 4147; x_wconf 90' lang='lat' dir='ltr'><strong>notiorem</strong></span> <span class='ocrx_word' id='word_1_627' title='bbox 1781 4105 1903 4146; x_wconf 90' lang='lat' dir='ltr'><strong>eum</strong></span> <span class='ocrx_word' id='word_1_628' title='bbox 1945 4091 2213 4146; x_wconf 87' lang='lat' dir='ltr'><strong>redderet.</strong></span> 
     </span>
    </p>
   </div>
   <div class='ocr_carea' id='block_1_83' title="bbox 2278 4084 3889 4167">
    <p class='ocr_par' dir='ltr' id='par_1_83' title="bbox 2314 4084 3889 4167">
     <span class='ocr_line' id='line_1_83' title="bbox 2314 4084 3889 4167; baseline -0.004 -19"><span class='ocrx_word' id='word_1_629' title='bbox 2314 4095 2554 4167; x_wconf 82' lang='grc' dir='ltr'>τίθησιν,</span> <span class='ocrx_word' id='word_1_630' title='bbox 2593 4094 2681 4148; x_wconf 82' lang='grc' dir='ltr'><strong>ῖνα</strong></span> <span class='ocrx_word' id='word_1_631' title='bbox 2722 4092 3145 4165; x_wconf 81' lang='grc' dir='ltr'>γνωριμώτερον</span> <span class='ocrx_word' id='word_1_632' title='bbox 3177 4091 3341 4146; x_wconf 76' lang='grc' dir='ltr'>αὑτὸν</span> <span class='ocrx_word' id='word_1_633' title='bbox 3374 4092 3598 4162; x_wconf 71' lang='grc' dir='ltr'>ποιήσῃ.</span> <span class='ocrx_word' id='word_1_634' title='bbox 3635 4084 3751 4144; x_wconf 82' lang='grc' dir='ltr'>Ἦν</span> <span class='ocrx_word' id='word_1_635' title='bbox 3783 4087 3889 4160; x_wconf 80' lang='grc' dir='ltr'>γὰρ</span> 
     </span>
    </p>
   </div>
   <div class='ocr_carea' id='block_1_84' title="bbox 658 4172 2269 4260">
    <p class='ocr_par' dir='ltr' id='par_1_84' title="bbox 658 4180 2211 4252">
     <span class='ocr_line' id='line_1_84' title="bbox 658 4180 2211 4252; baseline -0.005 -10"><span class='ocrx_word' id='word_1_636' title='bbox 658 4190 787 4243; x_wconf 84' lang='lat' dir='ltr'><strong>Erat</strong></span> <span class='ocrx_word' id='word_1_637' title='bbox 813 4188 955 4240; x_wconf 91' lang='lat' dir='ltr'><strong>enim</strong></span> <span class='ocrx_word' id='word_1_638' title='bbox 982 4192 1039 4243; x_wconf 85' lang='lat' dir='ltr'><strong>et</strong></span> <span class='ocrx_word' id='word_1_639' title='bbox 1071 4184 1210 4240; x_wconf 87' lang='lat' dir='ltr'><strong>alius</strong></span> <span class='ocrx_word' id='word_1_640' title='bbox 1246 4181 1434 4249; x_wconf 70' lang='lat' dir='ltr'><strong>ludas,</strong></span> <span class='ocrx_word' id='word_1_641' title='bbox 1466 4182 1556 4252; x_wconf 90' lang='lat' dir='ltr'><strong>qui</strong></span> <span class='ocrx_word' id='word_1_642' title='bbox 1596 4180 1855 4236; x_wconf 76' lang='lat' dir='ltr'><strong>Lebbteus</strong></span> <span class='ocrx_word' id='word_1_643' title='bbox 1895 4180 2211 4235; x_wconf 86' lang='lat' dir='ltr'><strong>dicebatur:</strong></span> 
     </span>
    </p>
   </div>
   <div class='ocr_carea' id='block_1_85' title="bbox 2278 4172 3889 4260">
    <p class='ocr_par' dir='ltr' id='par_1_85' title="bbox 2317 4172 3889 4260">
     <span class='ocr_line' id='line_1_85' title="bbox 2317 4172 3889 4260; baseline -0.006 -17"><span class='ocrx_word' id='word_1_644' title='bbox 2317 4189 2412 4243; x_wconf 75' lang='grc' dir='ltr'>καὶ</span> <span class='ocrx_word' id='word_1_645' title='bbox 2439 4188 2626 4260; x_wconf 73' lang='grc' dir='ltr'>ἔτερος</span> <span class='ocrx_word' id='word_1_646' title='bbox 2664 4185 2883 4253; x_wconf 88' lang='grc' dir='ltr'>Ἰούδας,</span> <span class='ocrx_word' id='word_1_647' title='bbox 2913 4186 2941 4239; x_wconf 90' lang='lat'><strong>6</strong></span> <span class='ocrx_word' id='word_1_648' title='bbox 2975 4186 3069 4239; x_wconf 74' lang='grc' dir='ltr'>καὶ</span> <span class='ocrx_word' id='word_1_649' title='bbox 3118 4183 3405 4248; x_wconf 72' lang='grc' dir='ltr'>Λεϐϐαῖος.</span> <span class='ocrx_word' id='word_1_650' title='bbox 3447 4172 3618 4246; x_wconf 77' lang='grc' dir='ltr'>Οῦτος</span> <span class='ocrx_word' id='word_1_651' title='bbox 3649 4182 3831 4253; x_wconf 73' lang='grc' dir='ltr'>μέντοι</span> <span class='ocrx_word' id='word_1_652' title='bbox 3862 4182 3889 4233; x_wconf 89' lang='lat'><strong>6</strong></span> 
     </span>
    </p>
   </div>
   <div class='ocr_carea' id='block_1_86' title="bbox 657 4270 2268 4353">
    <p class='ocr_par' dir='ltr' id='par_1_86' title="bbox 657 4270 2213 4349">
     <span class='ocr_line' id='line_1_86' title="bbox 657 4270 2213 4349; baseline -0.004 -15"><span class='ocrx_word' id='word_1_653' title='bbox 657 4280 746 4339; x_wconf 84' lang='lat' dir='ltr'><strong>hic</strong></span> <span class='ocrx_word' id='word_1_654' title='bbox 769 4292 896 4333; x_wconf 85' lang='lat' dir='ltr'><strong>vero</strong></span> <span class='ocrx_word' id='word_1_655' title='bbox 926 4276 1171 4349; x_wconf 89' lang='lat' dir='ltr'><strong>proditor</strong></span> <span class='ocrx_word' id='word_1_656' title='bbox 1203 4284 1370 4331; x_wconf 89' lang='lat' dir='ltr'><strong>erata</strong></span> <span class='ocrx_word' id='word_1_657' title='bbox 1403 4287 1539 4345; x_wconf 84' lang='lat' dir='ltr'><strong>pago</strong></span> <span class='ocrx_word' id='word_1_658' title='bbox 1580 4272 1672 4342; x_wconf 88' lang='lat' dir='ltr'><strong>qui</strong></span> <span class='ocrx_word' id='word_1_659' title='bbox 1708 4270 1986 4327; x_wconf 83' lang='lat' dir='ltr'><strong>dicebatur</strong></span> <span class='ocrx_word' id='word_1_660' title='bbox 2016 4270 2213 4327; x_wconf 86' lang='lat' dir='ltr'><strong>lscara.</strong></span> 
     </span>
    </p>
   </div>
   <div class='ocr_carea' id='block_1_87' title="bbox 2278 4270 3889 4353">
    <p class='ocr_par' dir='ltr' id='par_1_87' title="bbox 2323 4272 3889 4353">
     <span class='ocr_line' id='line_1_87' title="bbox 2323 4272 3889 4353; baseline -0.006 -18"><span class='ocrx_word' id='word_1_661' title='bbox 2323 4282 2589 4353; x_wconf 77' lang='grc' dir='ltr'>προδότης</span> <span class='ocrx_word' id='word_1_662' title='bbox 2620 4279 2729 4334; x_wconf 77' lang='grc' dir='ltr'>άπὸ</span> <span class='ocrx_word' id='word_1_663' title='bbox 2756 4278 2955 4347; x_wconf 82' lang='grc' dir='ltr'>κώμης</span> <span class='ocrx_word' id='word_1_664' title='bbox 2975 4278 3117 4340; x_wconf 74' lang='grc' dir='ltr'>τινος</span> <span class='ocrx_word' id='word_1_665' title='bbox 3142 4272 3232 4347; x_wconf 77' lang='grc' dir='ltr'>ἦν,</span> <span class='ocrx_word' id='word_1_666' title='bbox 3272 4277 3396 4347; x_wconf 73' lang='grc' dir='ltr'>ἣτις</span> <span class='ocrx_word' id='word_1_667' title='bbox 3422 4275 3674 4329; x_wconf 84' lang='grc' dir='ltr'>ἐκαλεῖτο</span> <span class='ocrx_word' id='word_1_668' title='bbox 3708 4274 3889 4329; x_wconf 83' lang='grc' dir='ltr'>Ἰσκά-</span> 
     </span>
    </p>
   </div>
   <div class='ocr_carea' id='block_1_88' title="bbox 656 4364 2267 4446">
    <p class='ocr_par' dir='ltr' id='par_1_88' title="bbox 656 4364 2213 4435">
     <span class='ocr_line' id='line_1_88' title="bbox 656 4364 2213 4435; baseline -0.005 -8"><span class='ocrx_word' id='word_1_669' title='bbox 656 4371 739 4427; x_wconf 77' lang='lat' dir='ltr'><strong>illi</strong></span> <span class='ocrx_word' id='word_1_670' title='bbox 775 4380 952 4425; x_wconf 87' lang='lat' dir='ltr'><strong>autem</strong></span> <span class='ocrx_word' id='word_1_671' title='bbox 985 4366 1614 4435; x_wconf 85' lang='lat' dir='ltr'><strong>constituerunttriginta</strong></span> <span class='ocrx_word' id='word_1_672' title='bbox 1642 4374 1953 4434; x_wconf 87' lang='lat' dir='ltr'><strong>argenteos,</strong></span> <span class='ocrx_word' id='word_1_673' title='bbox 1985 4364 2087 4418; x_wconf 93' lang='lat' dir='ltr'><strong>hoc</strong></span> <span class='ocrx_word' id='word_1_674' title='bbox 2106 4374 2213 4431; x_wconf 87' lang='lat' dir='ltr'><strong>est,</strong></span> 
     </span>
    </p>
   </div>
   <div class='ocr_carea' id='block_1_89' title="bbox 2281 4364 3892 4446">
    <p class='ocr_par' dir='ltr' id='par_1_89' title="bbox 2320 4364 3892 4446">
     <span class='ocr_line' id='line_1_89' title="bbox 2320 4364 3892 4446; baseline -0.008 -19"><span class='ocrx_word' id='word_1_675' title='bbox 2320 4390 2411 4446; x_wconf 90' lang='grc' dir='ltr'>ρα.</span> <span class='ocrx_word' id='word_1_676' title='bbox 2448 4369 2591 4425; x_wconf 50' lang='grc' dir='ltr'>οίηδὲ</span> <span class='ocrx_word' id='word_1_677' title='bbox 2622 4368 2855 4439; x_wconf 65' lang='grc' dir='ltr'>ἔστησαν</span> <span class='ocrx_word' id='word_1_678' title='bbox 2887 4367 3180 4437; x_wconf 86' lang='grc' dir='ltr'>τριάκοντα</span> <span class='ocrx_word' id='word_1_679' title='bbox 3200 4364 3460 4436; x_wconf 78' lang='grc' dir='ltr'>ἀργύρια,</span> <span class='ocrx_word' id='word_1_680' title='bbox 3484 4365 3610 4421; x_wconf 78' lang='grc' dir='ltr'>ἀντὶ</span> <span class='ocrx_word' id='word_1_681' title='bbox 3638 4364 3759 4431; x_wconf 80' lang='grc' dir='ltr'>τοῦ,</span> <span class='ocrx_word' id='word_1_682' title='bbox 3776 4380 3892 4417; x_wconf 71' lang='grc' dir='ltr'>συνο</span> 
     </span>
    </p>
   </div>
   <div class='ocr_carea' id='block_1_90' title="bbox 655 4456 2266 4533">
    <p class='ocr_par' dir='ltr' id='par_1_90' title="bbox 655 4456 2266 4527">
     <span class='ocr_line' id='line_1_90' title="bbox 655 4456 2266 4527; baseline -0.009 -4"><span class='ocrx_word' id='word_1_683' title='bbox 655 4468 1005 4523; x_wconf 84' lang='lat' dir='ltr'><strong>decreverunt</strong></span> <span class='ocrx_word' id='word_1_684' title='bbox 1035 4474 1090 4519; x_wconf 92' lang='lat' dir='ltr'><strong>ut</strong></span> <span class='ocrx_word' id='word_1_685' title='bbox 1122 4464 1169 4519; x_wconf 87' lang='lat' dir='ltr'><strong>ei</strong></span> <span class='ocrx_word' id='word_1_686' title='bbox 1207 4463 1483 4524; x_wconf 83' lang='lat' dir='ltr'><strong>darentur,</strong></span> <span class='ocrx_word' id='word_1_687' title='bbox 1511 4474 1616 4513; x_wconf 90' lang='lat' dir='ltr'><strong>non</strong></span> <span class='ocrx_word' id='word_1_688' title='bbox 1645 4468 1820 4513; x_wconf 86' lang='lat' dir='ltr'><strong>autem</strong></span> <span class='ocrx_word' id='word_1_689' title='bbox 1849 4466 1907 4512; x_wconf 92' lang='lat' dir='ltr'><strong>ut</strong></span> <span class='ocrx_word' id='word_1_690' title='bbox 1939 4456 2089 4513; x_wconf 90' lang='lat' dir='ltr'><strong>multi</strong></span> <span class='ocrx_word' id='word_1_691' title='bbox 2118 4471 2215 4527; x_wconf 58' lang='lat' dir='ltr'><strong>pue-</strong></span> <span class='ocrx_word' id='word_1_692' title='bbox 2248 4467 2266 4523; x_wconf 81' lang='grc' dir='ltr'>ι</span> 
     </span>
    </p>
   </div>
   <div class='ocr_carea' id='block_1_91' title="bbox 2282 4456 3893 4533">
    <p class='ocr_par' dir='ltr' id='par_1_91' title="bbox 2282 4456 3893 4533">
     <span class='ocr_line' id='line_1_91' title="bbox 2282 4456 3893 4533; baseline -0.005 -17"><span class='ocrx_word' id='word_1_693' title='bbox 2282 4462 2651 4533; x_wconf 74' lang='grc' dir='ltr'>ιεφώνησαν,</span> <span class='ocrx_word' id='word_1_694' title='bbox 2693 4458 2979 4530; x_wconf 79' lang='grc' dir='ltr'>ἀφώρισαν</span> <span class='ocrx_word' id='word_1_695' title='bbox 3039 4458 3252 4525; x_wconf 82' lang='grc' dir='ltr'>δοῦναι,</span> <span class='ocrx_word' id='word_1_696' title='bbox 3308 4459 3407 4529; x_wconf 81' lang='grc' dir='ltr'>οὐχ</span> <span class='ocrx_word' id='word_1_697' title='bbox 3471 4457 3547 4521; x_wconf 75' lang='grc' dir='ltr'><strong>ὡς</strong></span> <span class='ocrx_word' id='word_1_698' title='bbox 3597 4458 3647 4511; x_wconf 82' lang='grc' dir='ltr'><strong>οῖ</strong></span> <span class='ocrx_word' id='word_1_699' title='bbox 3710 4456 3893 4509; x_wconf 78' lang='grc' dir='ltr'>πολλοὶ</span> 
     </span>
    </p>
   </div>
   <div class='ocr_carea' id='block_1_92' title="bbox 662 4547 2273 4627">
    <p class='ocr_par' dir='ltr' id='par_1_92' title="bbox 662 4549 2214 4627">
     <span class='ocr_line' id='line_1_92' title="bbox 662 4549 2214 4627; baseline -0.008 -12"><span class='ocrx_word' id='word_1_700' title='bbox 662 4570 799 4622; x_wconf 87' lang='lat' dir='ltr'><strong>tant,</strong></span> <span class='ocrx_word' id='word_1_701' title='bbox 829 4558 1215 4627; x_wconf 82' lang='lat' dir='ltr'><strong>appenderuut.</strong></span> <span class='ocrx_word' id='word_1_702' title='bbox 1253 4551 1535 4618; x_wconf 67' lang='lat' dir='ltr'><strong>Quaerebat</strong></span> <span class='ocrx_word' id='word_1_703' title='bbox 1563 4550 1725 4619; x_wconf 90' lang='lat' dir='ltr'><strong>igitur</strong></span> <span class='ocrx_word' id='word_1_704' title='bbox 1756 4549 2214 4618; x_wconf 85' lang='lat' dir='ltr'><strong>opportunitatem</strong></span> 
     </span>
    </p>
   </div>
   <div class='ocr_carea' id='block_1_93' title="bbox 2285 4547 3896 4627">
    <p class='ocr_par' dir='ltr' id='par_1_93' title="bbox 2320 4547 3896 4620">
     <span class='ocr_line' id='line_1_93' title="bbox 2320 4547 3896 4620; baseline -0.008 -11"><span class='ocrx_word' id='word_1_705' title='bbox 2320 4554 2549 4618; x_wconf 85' lang='grc' dir='ltr'>νοοῦσιν,</span> <span class='ocrx_word' id='word_1_706' title='bbox 2576 4552 2699 4607; x_wconf 73' lang='grc' dir='ltr'>ἀντὶ</span> <span class='ocrx_word' id='word_1_707' title='bbox 2720 4550 2813 4604; x_wconf 88' lang='grc' dir='ltr'><strong>τοῦ</strong></span> <span class='ocrx_word' id='word_1_708' title='bbox 2837 4550 3297 4619; x_wconf 74' lang='grc' dir='ltr'>ἐζυγοστάτησαν.</span> <span class='ocrx_word' id='word_1_709' title='bbox 3345 4549 3563 4620; x_wconf 80' lang='grc' dir='ltr'>Ἐζήτει</span> <span class='ocrx_word' id='word_1_710' title='bbox 3587 4547 3682 4601; x_wconf 77' lang='grc' dir='ltr'>οὖν</span> <span class='ocrx_word' id='word_1_711' title='bbox 3715 4549 3896 4602; x_wconf 79' lang='grc' dir='ltr'>εὐκαι-</span> 
     </span>
    </p>
   </div>
   <div class='ocr_carea' id='block_1_94' title="bbox 662 4636 2273 4721">
    <p class='ocr_par' dir='ltr' id='par_1_94' title="bbox 662 4639 2216 4721">
     <span class='ocr_line' id='line_1_94' title="bbox 662 4639 2216 4721; baseline -0.008 -16"><span class='ocrx_word' id='word_1_712' title='bbox 662 4662 720 4721; x_wconf 78' lang='lat' dir='ltr'><strong>ut</strong></span> <span class='ocrx_word' id='word_1_713' title='bbox 749 4650 895 4705; x_wconf 90' lang='lat' dir='ltr'><strong>illum</strong></span> <span class='ocrx_word' id='word_1_714' title='bbox 917 4650 1088 4704; x_wconf 88' lang='lat' dir='ltr'><strong>solum</strong></span> <span class='ocrx_word' id='word_1_715' title='bbox 1115 4647 1353 4700; x_wconf 86' lang='lat' dir='ltr'><strong>traderet</strong></span> <span class='ocrx_word' id='word_1_716' title='bbox 1377 4644 1474 4698; x_wconf 82' lang='lat' dir='ltr'><strong>eis.</strong></span> <span class='ocrx_word' id='word_1_717' title='bbox 1500 4642 1783 4696; x_wconf 88' lang='lat' dir='ltr'><strong>Timebant</strong></span> <span class='ocrx_word' id='word_1_718' title='bbox 1810 4640 1954 4694; x_wconf 88' lang='lat' dir='ltr'><strong>enim</strong></span> <span class='ocrx_word' id='word_1_719' title='bbox 1982 4639 2216 4705; x_wconf 87' lang='lat' dir='ltr'><strong>turbam,</strong></span> 
     </span>
    </p>
   </div>
   <div class='ocr_carea' id='block_1_95' title="bbox 2281 4636 3892 4721">
    <p class='ocr_par' dir='ltr' id='par_1_95' title="bbox 2322 4636 3892 4717">
     <span class='ocr_line' id='line_1_95' title="bbox 2322 4636 3892 4717; baseline -0.006 -18"><span class='ocrx_word' id='word_1_720' title='bbox 2322 4648 2467 4717; x_wconf 81' lang='grc' dir='ltr'>ρίαν,</span> <span class='ocrx_word' id='word_1_721' title='bbox 2500 4644 2660 4714; x_wconf 89' lang='grc' dir='ltr'>μόνον</span> <span class='ocrx_word' id='word_1_722' title='bbox 2688 4640 2851 4695; x_wconf 72' lang='grc' dir='ltr'>αύτὶν</span> <span class='ocrx_word' id='word_1_723' title='bbox 2874 4639 3207 4711; x_wconf 86' lang='grc' dir='ltr'>παραδοῦναι</span> <span class='ocrx_word' id='word_1_724' title='bbox 3230 4640 3412 4697; x_wconf 79' lang='grc' dir='ltr'>αὐτοῖς</span> <span class='ocrx_word' id='word_1_725' title='bbox 3433 4655 3448 4671; x_wconf 77' lang='grc' dir='ltr'><strong>ο</strong></span> <span class='ocrx_word' id='word_1_726' title='bbox 3468 4636 3765 4708; x_wconf 76' lang='grc' dir='ltr'>ἐφοόοῦντο</span> <span class='ocrx_word' id='word_1_727' title='bbox 3791 4637 3892 4705; x_wconf 78' lang='grc' dir='ltr'><strong>γάρ</strong></span> 
     </span>
    </p>
   </div>
   <div class='ocr_carea' id='block_1_96' title="bbox 660 4726 2271 4807">
    <p class='ocr_par' dir='ltr' id='par_1_96' title="bbox 660 4730 2219 4799">
     <span class='ocr_line' id='line_1_96' title="bbox 660 4730 2219 4799; baseline -0.009 0"><span class='ocrx_word' id='word_1_728' title='bbox 660 4753 715 4799; x_wconf 89' lang='lat' dir='ltr'><strong>et</strong></span> <span class='ocrx_word' id='word_1_729' title='bbox 769 4743 971 4798; x_wconf 87' lang='lat' dir='ltr'><strong>idcirco</strong></span> <span class='ocrx_word' id='word_1_730' title='bbox 1036 4740 1411 4793; x_wconf 79' lang='lat' dir='ltr'><strong>conduxerunt</strong></span> <span class='ocrx_word' id='word_1_731' title='bbox 1466 4730 1661 4789; x_wconf 84' lang='lat' dir='ltr'><strong>Judam</strong></span> <span class='ocrx_word' id='word_1_732' title='bbox 1719 4742 1777 4786; x_wconf 90' lang='lat' dir='ltr'><strong>ut</strong></span> <span class='ocrx_word' id='word_1_733' title='bbox 1827 4730 2089 4787; x_wconf 88' lang='lat' dir='ltr'><strong>iudicaret</strong></span> <span class='ocrx_word' id='word_1_734' title='bbox 2140 4730 2219 4785; x_wconf 87' lang='lat' dir='ltr'><strong>eis</strong></span> 
     </span>
    </p>
   </div>
   <div class='ocr_carea' id='block_1_97' title="bbox 2279 4726 3890 4807">
    <p class='ocr_par' dir='ltr' id='par_1_97' title="bbox 2319 4726 3890 4807">
     <span class='ocr_line' id='line_1_97' title="bbox 2319 4726 3890 4807; baseline -0.007 -15"><span class='ocrx_word' id='word_1_735' title='bbox 2319 4738 2411 4792; x_wconf 78' lang='grc' dir='ltr'>τὸν</span> <span class='ocrx_word' id='word_1_736' title='bbox 2440 4736 2616 4807; x_wconf 73' lang='grc' dir='ltr'>ὄχλον,</span> <span class='ocrx_word' id='word_1_737' title='bbox 2655 4734 2748 4789; x_wconf 76' lang='grc' dir='ltr'>καὶ</span> <span class='ocrx_word' id='word_1_738' title='bbox 2791 4732 2878 4786; x_wconf 87' lang='grc' dir='ltr'>διὰ</span> <span class='ocrx_word' id='word_1_739' title='bbox 2923 4733 3083 4785; x_wconf 87' lang='grc' dir='ltr'>τοῦτο</span> <span class='ocrx_word' id='word_1_740' title='bbox 3124 4726 3509 4803; x_wconf 78' lang='grc' dir='ltr'>ἐμισθώσαντο</span> <span class='ocrx_word' id='word_1_741' title='bbox 3534 4730 3626 4783; x_wconf 74' lang='grc' dir='ltr'>τὸν</span> <span class='ocrx_word' id='word_1_742' title='bbox 3675 4728 3890 4793; x_wconf 81' lang='grc' dir='ltr'>Ἰούδαν,</span> 
     </span>
    </p>
   </div>
   <div class='ocr_carea' id='block_1_98' title="bbox 659 4824 2270 4906">
    <p class='ocr_par' dir='ltr' id='par_1_98' title="bbox 659 4833 1241 4906">
     <span class='ocr_line' id='line_1_98' title="bbox 659 4833 1241 4906; baseline -0.002 -21"><span class='ocrx_word' id='word_1_743' title='bbox 659 4834 875 4906; x_wconf 82' lang='lat' dir='ltr'><strong>quando</strong></span> <span class='ocrx_word' id='word_1_744' title='bbox 904 4833 1048 4886; x_wconf 89' lang='lat' dir='ltr'><strong>solus</strong></span> <span class='ocrx_word' id='word_1_745' title='bbox 1079 4840 1241 4885; x_wconf 88' lang='lat' dir='ltr'><strong>esset.</strong></span> 
     </span>
    </p>
   </div>
   <div class='ocr_carea' id='block_1_99' title="bbox 2076 4824 3687 4906">
    <p class='ocr_par' dir='ltr' id='par_1_99' title="bbox 2322 4824 3687 4901">
     <span class='ocr_line' id='line_1_99' title="bbox 2322 4824 3687 4901; baseline -0.001 -20"><span class='ocrx_word' id='word_1_746' title='bbox 2322 4830 2409 4883; x_wconf 88' lang='grc' dir='ltr'>ῐνα</span> <span class='ocrx_word' id='word_1_747' title='bbox 2446 4830 2803 4901; x_wconf 79' lang='grc' dir='ltr'>καταμηνύσῃ</span> <span class='ocrx_word' id='word_1_748' title='bbox 2842 4829 3025 4892; x_wconf 81' lang='grc' dir='ltr'>αὐτοῖς</span> <span class='ocrx_word' id='word_1_749' title='bbox 3072 4828 3161 4881; x_wconf 83' lang='grc' dir='ltr'>ὅτε</span> <span class='ocrx_word' id='word_1_750' title='bbox 3199 4825 3513 4896; x_wconf 81' lang='grc' dir='ltr'>καταμόνας</span> <span class='ocrx_word' id='word_1_751' title='bbox 3548 4824 3687 4880; x_wconf 79' lang='grc' dir='ltr'>ἐστι.</span> 
     </span>
    </p>
   </div>
   <div class='ocr_carea' id='block_1_100' title="bbox 733 4914 2344 4995">
    <p class='ocr_par' dir='ltr' id='par_1_100' title="bbox 733 4916 2221 4987">
     <span class='ocr_line' id='line_1_100' title="bbox 733 4916 2221 4987; baseline -0.009 -8"><span class='ocrx_word' id='word_1_752' title='bbox 733 4925 898 4979; x_wconf 77' lang='lat' dir='ltr'><strong>Vsus.</strong></span> <span class='ocrx_word' id='word_1_753' title='bbox 935 4922 1116 4977; x_wconf 70' lang='lat'><strong>17-19.</strong></span> <span class='ocrx_word' id='word_1_754' title='bbox 1159 4940 1177 4972; x_wconf 79' lang='grc' dir='ltr'><strong>ι</strong></span> <span class='ocrx_word' id='word_1_755' title='bbox 1217 4919 1399 4974; x_wconf 88' lang='lat' dir='ltr'><strong>Primo</strong></span> <span class='ocrx_word' id='word_1_756' title='bbox 1450 4926 1629 4973; x_wconf 86' lang='lat' dir='ltr'><strong>autem</strong></span> <span class='ocrx_word' id='word_1_757' title='bbox 1661 4916 1747 4971; x_wconf 92' lang='lat' dir='ltr'><strong>die</strong></span> <span class='ocrx_word' id='word_1_758' title='bbox 1792 4928 2102 4987; x_wconf 83' lang='lat' dir='ltr'><strong>azymorum</strong></span> <span class='ocrx_word' id='word_1_759' title='bbox 2134 4928 2221 4967; x_wconf 88' lang='lat' dir='ltr'><strong>ac-</strong></span> 
     </span>
    </p>
   </div>
   <div class='ocr_carea' id='block_1_101' title="bbox 2283 4914 3894 4995">
    <p class='ocr_par' dir='ltr' id='par_1_101' title="bbox 2395 4914 3894 4995">
     <span class='ocr_line' id='line_1_101' title="bbox 2395 4914 3894 4995; baseline -0.007 -19"><span class='ocrx_word' id='word_1_760' title='bbox 2395 4924 2474 4995; x_wconf 76' lang='grc' dir='ltr'><strong>Τῇ</strong></span> <span class='ocrx_word' id='word_1_761' title='bbox 2509 4922 2565 4976; x_wconf 77' lang='grc' dir='ltr'>δὲ</span> <span class='ocrx_word' id='word_1_762' title='bbox 2598 4921 2793 4993; x_wconf 79' lang='grc' dir='ltr'>πρώτῃ</span> <span class='ocrx_word' id='word_1_763' title='bbox 2831 4920 2938 4973; x_wconf 81' lang='grc' dir='ltr'>τῶν</span> <span class='ocrx_word' id='word_1_764' title='bbox 2966 4918 3215 4988; x_wconf 76' lang='grc' dir='ltr'>ἀζύμων,</span> <span class='ocrx_word' id='word_1_765' title='bbox 3241 4917 3549 4988; x_wconf 83' lang='grc' dir='ltr'>προσῆλθον</span> <span class='ocrx_word' id='word_1_766' title='bbox 3572 4916 3624 4969; x_wconf 83' lang='grc' dir='ltr'><strong>οῖ</strong></span> <span class='ocrx_word' id='word_1_767' title='bbox 3661 4914 3894 4987; x_wconf 77' lang='grc' dir='ltr'>μαθηταὶ</span> 
     </span>
    </p>
   </div>
   <div class='ocr_carea' id='block_1_102' title="bbox 663 5004 2274 5089">
    <p class='ocr_par' dir='ltr' id='par_1_102' title="bbox 663 5004 2227 5081">
     <span class='ocr_line' id='line_1_102' title="bbox 663 5004 2227 5081; baseline -0.01 -7"><span class='ocrx_word' id='word_1_768' title='bbox 663 5023 944 5075; x_wconf 80' lang='lat' dir='ltr'><strong>cesserunt</strong></span> <span class='ocrx_word' id='word_1_769' title='bbox 978 5012 1224 5081; x_wconf 88' lang='lat' dir='ltr'><strong>discipuli</strong></span> <span class='ocrx_word' id='word_1_770' title='bbox 1274 5012 1341 5066; x_wconf 90' lang='lat' dir='ltr'><strong>ad</strong></span> <span class='ocrx_word' id='word_1_771' title='bbox 1367 5009 1576 5074; x_wconf 82' lang='lat' dir='ltr'><strong>Jesum,</strong></span> <span class='ocrx_word' id='word_1_772' title='bbox 1608 5010 1848 5065; x_wconf 90' lang='lat' dir='ltr'><strong>dicentes</strong></span> <span class='ocrx_word' id='word_1_773' title='bbox 1888 5007 1978 5063; x_wconf 89' lang='lat' dir='ltr'><strong>ei:</strong></span> <span class='ocrx_word' id='word_1_774' title='bbox 2012 5004 2110 5061; x_wconf 87' lang='lat' dir='ltr'><strong>Ubi</strong></span> <span class='ocrx_word' id='word_1_775' title='bbox 2147 5006 2227 5058; x_wconf 87' lang='lat' dir='ltr'><strong>vis</strong></span> 
     </span>
    </p>
   </div>
   <div class='ocr_carea' id='block_1_103' title="bbox 2283 5004 3894 5089">
    <p class='ocr_par' dir='ltr' id='par_1_103' title="bbox 2327 5008 3894 5089">
     <span class='ocr_line' id='line_1_103' title="bbox 2327 5008 3894 5089; baseline -0.008 -19"><span class='ocrx_word' id='word_1_776' title='bbox 2327 5016 2404 5089; x_wconf 83' lang='grc' dir='ltr'>τῷ</span> <span class='ocrx_word' id='word_1_777' title='bbox 2417 5014 2614 5084; x_wconf 88' lang='grc' dir='ltr'>Ἰησοῦ,</span> <span class='ocrx_word' id='word_1_778' title='bbox 2631 5014 2882 5080; x_wconf 78' lang='grc' dir='ltr'>λέγοντες</span> <span class='ocrx_word' id='word_1_779' title='bbox 2899 5010 3065 5081; x_wconf 82' lang='grc' dir='ltr'>αὐτῷ·</span> <span class='ocrx_word' id='word_1_780' title='bbox 3089 5010 3196 5062; x_wconf 89' lang='grc' dir='ltr'><strong>Ποῦ</strong></span> <span class='ocrx_word' id='word_1_781' title='bbox 3219 5009 3391 5069; x_wconf 81' lang='grc' dir='ltr'>Θέλεις</span> <span class='ocrx_word' id='word_1_782' title='bbox 3415 5008 3799 5078; x_wconf 75' lang='grc' dir='ltr'>ἑτοιμάσωμέν</span> <span class='ocrx_word' id='word_1_783' title='bbox 3818 5022 3894 5058; x_wconf 84' lang='grc' dir='ltr'><strong>σοι</strong></span> 
     </span>
    </p>
   </div>
   <div class='ocr_carea' id='block_1_104' title="bbox 666 5096 2277 5181">
    <p class='ocr_par' dir='ltr' id='par_1_104' title="bbox 666 5097 2226 5181">
     <span class='ocr_line' id='line_1_104' title="bbox 666 5097 2226 5181; baseline -0.008 -16"><span class='ocrx_word' id='word_1_784' title='bbox 666 5125 914 5181; x_wconf 84' lang='lat' dir='ltr'><strong>paremus</strong></span> <span class='ocrx_word' id='word_1_785' title='bbox 938 5107 1032 5163; x_wconf 88' lang='lat' dir='ltr'><strong>tibi</strong></span> <span class='ocrx_word' id='word_1_786' title='bbox 1063 5107 1129 5160; x_wconf 90' lang='lat' dir='ltr'><strong>ad</strong></span> <span class='ocrx_word' id='word_1_787' title='bbox 1158 5104 1422 5160; x_wconf 87' lang='lat' dir='ltr'><strong>edendum</strong></span> <span class='ocrx_word' id='word_1_788' title='bbox 1450 5102 1693 5157; x_wconf 77' lang='lat' dir='ltr'><strong>Pascha?</strong></span> <span class='ocrx_word' id='word_1_789' title='bbox 1717 5101 1784 5155; x_wconf 84' lang='lat' dir='ltr'><strong>At</strong></span> <span class='ocrx_word' id='word_1_790' title='bbox 1810 5099 1897 5156; x_wconf 91' lang='lat' dir='ltr'><strong>ille</strong></span> <span class='ocrx_word' id='word_1_791' title='bbox 1926 5100 2064 5155; x_wconf 82' lang='lat' dir='ltr'><strong>dixit</strong></span> <span class='ocrx_word' id='word_1_792' title='bbox 2092 5116 2105 5153; x_wconf 91' lang='lat'><strong>:</strong></span> <span class='ocrx_word' id='word_1_793' title='bbox 2152 5097 2226 5152; x_wconf 90' lang='lat' dir='ltr'><strong>Ite</strong></span> 
     </span>
    </p>
   </div>
   <div class='ocr_carea' id='block_1_105' title="bbox 2282 5096 3893 5181">
    <p class='ocr_par' dir='ltr' id='par_1_105' title="bbox 2331 5096 3893 5178">
     <span class='ocr_line' id='line_1_105' title="bbox 2331 5096 3893 5178; baseline -0.007 -18"><span class='ocrx_word' id='word_1_794' title='bbox 2331 5109 2523 5178; x_wconf 83' lang='grc' dir='ltr'>φαγεῖν</span> <span class='ocrx_word' id='word_1_795' title='bbox 2541 5105 2600 5158; x_wconf 82' lang='grc' dir='ltr'>τὸ</span> <span class='ocrx_word' id='word_1_796' title='bbox 2618 5105 2838 5174; x_wconf 88' lang='grc' dir='ltr'>Πάσχα;</span> <span class='ocrx_word' id='word_1_797' title='bbox 2870 5103 2927 5156; x_wconf 89' lang='lat'><strong>&#39;0</strong></span> <span class='ocrx_word' id='word_1_798' title='bbox 2945 5102 3001 5155; x_wconf 74' lang='grc' dir='ltr'>δὲ</span> <span class='ocrx_word' id='word_1_799' title='bbox 3023 5096 3196 5155; x_wconf 75' lang='grc' dir='ltr'>εἷπεψ</span> <span class='ocrx_word' id='word_1_800' title='bbox 3230 5100 3500 5169; x_wconf 82' lang='grc' dir='ltr'>Ὑπάγετε</span> <span class='ocrx_word' id='word_1_801' title='bbox 3523 5102 3601 5162; x_wconf 85' lang='grc' dir='ltr'><strong>είς</strong></span> <span class='ocrx_word' id='word_1_802' title='bbox 3621 5100 3722 5168; x_wconf 75' lang='grc' dir='ltr'><strong>τὴν</strong></span> <span class='ocrx_word' id='word_1_803' title='bbox 3748 5098 3893 5151; x_wconf 83' lang='grc' dir='ltr'>πόλιν</span> 
     </span>
    </p>
   </div>
   <div class='ocr_carea' id='block_1_106' title="bbox 664 5190 2275 5269">
    <p class='ocr_par' dir='ltr' id='par_1_106' title="bbox 664 5190 2225 5266">
     <span class='ocr_line' id='line_1_106' title="bbox 664 5190 2225 5266; baseline -0.007 -10"><span class='ocrx_word' id='word_1_804' title='bbox 664 5202 717 5256; x_wconf 83' lang='lat' dir='ltr'><strong>iu</strong></span> <span class='ocrx_word' id='word_1_805' title='bbox 766 5200 1038 5256; x_wconf 86' lang='lat' dir='ltr'><strong>civitatem</strong></span> <span class='ocrx_word' id='word_1_806' title='bbox 1090 5196 1159 5252; x_wconf 90' lang='lat' dir='ltr'><strong>ad</strong></span> <span class='ocrx_word' id='word_1_807' title='bbox 1188 5194 1513 5266; x_wconf 89' lang='lat' dir='ltr'><strong>quemdam,</strong></span> <span class='ocrx_word' id='word_1_808' title='bbox 1562 5202 1615 5247; x_wconf 91' lang='lat' dir='ltr'><strong>et</strong></span> <span class='ocrx_word' id='word_1_809' title='bbox 1661 5192 1823 5249; x_wconf 84' lang='lat' dir='ltr'><strong>dicite</strong></span> <span class='ocrx_word' id='word_1_810' title='bbox 1871 5194 1917 5248; x_wconf 82' lang='lat' dir='ltr'><strong>ei</strong></span> <span class='ocrx_word' id='word_1_811' title='bbox 1978 5210 1990 5245; x_wconf 91' lang='lat'><strong>:</strong></span> <span class='ocrx_word' id='word_1_812' title='bbox 2054 5190 2225 5262; x_wconf 80' lang='lat' dir='ltr'><strong>Magi-</strong></span> 
     </span>
    </p>
   </div>
   <div class='ocr_carea' id='block_1_107' title="bbox 2281 5190 3892 5269">
    <p class='ocr_par' dir='ltr' id='par_1_107' title="bbox 2329 5190 3892 5269">
     <span class='ocr_line' id='line_1_107' title="bbox 2329 5190 3892 5269; baseline -0.006 -18"><span class='ocrx_word' id='word_1_813' title='bbox 2329 5198 2464 5269; x_wconf 86' lang='grc' dir='ltr'>πρὸς</span> <span class='ocrx_word' id='word_1_814' title='bbox 2482 5198 2571 5250; x_wconf 77' lang='grc' dir='ltr'>τὸν</span> <span class='ocrx_word' id='word_1_815' title='bbox 2596 5198 2765 5264; x_wconf 82' lang='grc' dir='ltr'>δεῖνα,</span> <span class='ocrx_word' id='word_1_816' title='bbox 2782 5196 2873 5249; x_wconf 75' lang='grc' dir='ltr'>καὶ</span> <span class='ocrx_word' id='word_1_817' title='bbox 2892 5195 3082 5249; x_wconf 70' lang='grc' dir='ltr'>εεπατε</span> <span class='ocrx_word' id='word_1_818' title='bbox 3101 5193 3272 5263; x_wconf 79' lang='grc' dir='ltr'>αὐτῷ’</span> <span class='ocrx_word' id='word_1_819' title='bbox 3310 5192 3367 5247; x_wconf 88' lang='lat'><strong>&#39;0</strong></span> <span class='ocrx_word' id='word_1_820' title='bbox 3392 5190 3714 5252; x_wconf 82' lang='grc' dir='ltr'>διδάσκαλος</span> <span class='ocrx_word' id='word_1_821' title='bbox 3730 5191 3892 5259; x_wconf 80' lang='grc' dir='ltr'>λέγει’</span> 
     </span>
    </p>
   </div>
   <div class='ocr_carea' id='block_1_108' title="bbox 665 5281 2276 5360">
    <p class='ocr_par' dir='ltr' id='par_1_108' title="bbox 665 5286 2227 5360">
     <span class='ocr_line' id='line_1_108' title="bbox 665 5286 2227 5360; baseline -0.008 -7"><span class='ocrx_word' id='word_1_822' title='bbox 665 5306 777 5353; x_wconf 84' lang='lat' dir='ltr'><strong>ster</strong></span> <span class='ocrx_word' id='word_1_823' title='bbox 808 5294 976 5350; x_wconf 89' lang='lat' dir='ltr'><strong>dicit:</strong></span> <span class='ocrx_word' id='word_1_824' title='bbox 1009 5293 1243 5360; x_wconf 84' lang='lat' dir='ltr'><strong>Tempus</strong></span> <span class='ocrx_word' id='word_1_825' title='bbox 1308 5306 1487 5346; x_wconf 82' lang='lat' dir='ltr'><strong>meum</strong></span> <span class='ocrx_word' id='word_1_826' title='bbox 1536 5304 1701 5358; x_wconf 86' lang='lat' dir='ltr'><strong>prope</strong></span> <span class='ocrx_word' id='word_1_827' title='bbox 1746 5297 1848 5353; x_wconf 86' lang='lat' dir='ltr'><strong>est,</strong></span> <span class='ocrx_word' id='word_1_828' title='bbox 1898 5288 2037 5357; x_wconf 86' lang='lat' dir='ltr'><strong>apud</strong></span> <span class='ocrx_word' id='word_1_829' title='bbox 2070 5297 2122 5343; x_wconf 86' lang='lat' dir='ltr'><strong>te</strong></span> <span class='ocrx_word' id='word_1_830' title='bbox 2153 5286 2227 5341; x_wconf 84' lang='lat' dir='ltr'><strong>fa-</strong></span> 
     </span>
    </p>
   </div>
   <div class='ocr_carea' id='block_1_109' title="bbox 2285 5281 3896 5360">
    <p class='ocr_par' dir='ltr' id='par_1_109' title="bbox 2344 5281 3896 5357">
     <span class='ocr_line' id='line_1_109' title="bbox 2344 5281 3896 5357; baseline -0.005 -17"><span class='ocrx_word' id='word_1_831' title='bbox 2344 5288 2403 5341; x_wconf 80' lang='lat' dir='ltr'><strong>‘O</strong></span> <span class='ocrx_word' id='word_1_832' title='bbox 2444 5288 2634 5357; x_wconf 81' lang='grc' dir='ltr'>καιρός</span> <span class='ocrx_word' id='word_1_833' title='bbox 2668 5303 2772 5356; x_wconf 90' lang='grc' dir='ltr'><strong>μου</strong></span> <span class='ocrx_word' id='word_1_834' title='bbox 2804 5286 2969 5354; x_wconf 80' lang='grc' dir='ltr'>ἐγγύς</span> <span class='ocrx_word' id='word_1_835' title='bbox 3000 5288 3150 5338; x_wconf 84' lang='grc' dir='ltr'>ἐστι·</span> <span class='ocrx_word' id='word_1_836' title='bbox 3183 5284 3318 5355; x_wconf 81' lang='grc' dir='ltr'>πρὸς</span> <span class='ocrx_word' id='word_1_837' title='bbox 3356 5284 3413 5336; x_wconf 82' lang='grc' dir='ltr'><strong>σέ</strong></span> <span class='ocrx_word' id='word_1_838' title='bbox 3450 5282 3589 5336; x_wconf 85' lang='grc' dir='ltr'>ποιῶ</span> <span class='ocrx_word' id='word_1_839' title='bbox 3616 5282 3677 5334; x_wconf 74' lang='grc' dir='ltr'><strong>τὸ</strong></span> <span class='ocrx_word' id='word_1_840' title='bbox 3716 5281 3896 5349; x_wconf 73' lang='grc' dir='ltr'>Πάσχα</span> 
     </span>
    </p>
   </div>
   <div class='ocr_carea' id='block_1_110' title="bbox 669 5374 2280 5451">
    <p class='ocr_par' dir='ltr' id='par_1_110' title="bbox 669 5377 2225 5451">
     <span class='ocr_line' id='line_1_110' title="bbox 669 5377 2225 5451; baseline -0.006 -9"><span class='ocrx_word' id='word_1_841' title='bbox 669 5386 753 5442; x_wconf 82' lang='lat' dir='ltr'><strong>cio</strong></span> <span class='ocrx_word' id='word_1_842' title='bbox 781 5385 986 5439; x_wconf 87' lang='lat' dir='ltr'><strong>Pascha</strong></span> <span class='ocrx_word' id='word_1_843' title='bbox 1031 5396 1153 5437; x_wconf 88' lang='lat' dir='ltr'><strong>cum</strong></span> <span class='ocrx_word' id='word_1_844' title='bbox 1184 5381 1456 5451; x_wconf 73' lang='lat' dir='ltr'><strong>discipulis</strong></span> <span class='ocrx_word' id='word_1_845' title='bbox 1492 5379 1647 5435; x_wconf 87' lang='lat' dir='ltr'><strong>meis.</strong></span> <span class='ocrx_word' id='word_1_846' title='bbox 1682 5377 1747 5432; x_wconf 84' lang='lat' dir='ltr'><strong>Et</strong></span> <span class='ocrx_word' id='word_1_847' title='bbox 1782 5380 2019 5433; x_wconf 82' lang='lat' dir='ltr'><strong>iecerunt</strong></span> <span class='ocrx_word' id='word_1_848' title='bbox 2062 5379 2225 5434; x_wconf 85' lang='lat' dir='ltr'><strong>disci-</strong></span> 
     </span>
    </p>
   </div>
   <div class='ocr_carea' id='block_1_111' title="bbox 2285 5374 3896 5451">
    <p class='ocr_par' dir='ltr' id='par_1_111' title="bbox 2337 5374 3896 5451">
     <span class='ocr_line' id='line_1_111' title="bbox 2337 5374 3896 5451; baseline -0.006 -18"><span class='ocrx_word' id='word_1_849' title='bbox 2337 5382 2471 5451; x_wconf 86' lang='grc' dir='ltr'>μετά</span> <span class='ocrx_word' id='word_1_850' title='bbox 2512 5379 2618 5431; x_wconf 80' lang='grc' dir='ltr'>τῶν</span> <span class='ocrx_word' id='word_1_851' title='bbox 2653 5378 2910 5449; x_wconf 78' lang='grc' dir='ltr'>μαθητῶν</span> <span class='ocrx_word' id='word_1_852' title='bbox 2936 5394 3063 5447; x_wconf 88' lang='grc' dir='ltr'>μου.</span> <span class='ocrx_word' id='word_1_853' title='bbox 3114 5379 3225 5431; x_wconf 76' lang='grc' dir='ltr'><strong>Καὶ</strong></span> <span class='ocrx_word' id='word_1_854' title='bbox 3272 5376 3535 5445; x_wconf 82' lang='grc' dir='ltr'>ἐποίησαν</span> <span class='ocrx_word' id='word_1_855' title='bbox 3578 5376 3627 5427; x_wconf 75' lang='grc' dir='ltr'>οξ</span> <span class='ocrx_word' id='word_1_856' title='bbox 3662 5374 3896 5445; x_wconf 73' lang='grc' dir='ltr'>μαθηταὶ</span> 
     </span>
    </p>
   </div>
   <div class='ocr_carea' id='block_1_112' title="bbox 672 5466 2283 5545">
    <p class='ocr_par' dir='ltr' id='par_1_112' title="bbox 672 5470 2229 5545">
     <span class='ocr_line' id='line_1_112' title="bbox 672 5470 2229 5545; baseline -0.004 -16"><span class='ocrx_word' id='word_1_857' title='bbox 672 5478 776 5545; x_wconf 72' lang='lat' dir='ltr'><strong>puli</strong></span> <span class='ocrx_word' id='word_1_858' title='bbox 844 5476 985 5531; x_wconf 88' lang='lat' dir='ltr'><strong>sicut</strong></span> <span class='ocrx_word' id='word_1_859' title='bbox 1049 5472 1329 5527; x_wconf 86' lang='lat' dir='ltr'><strong>constituit</strong></span> <span class='ocrx_word' id='word_1_860' title='bbox 1392 5471 1496 5526; x_wconf 89' lang='lat' dir='ltr'><strong>illis</strong></span> <span class='ocrx_word' id='word_1_861' title='bbox 1543 5470 1722 5535; x_wconf 79' lang='lat' dir='ltr'><strong>Jesus,</strong></span> <span class='ocrx_word' id='word_1_862' title='bbox 1784 5479 1839 5524; x_wconf 89' lang='lat' dir='ltr'><strong>et</strong></span> <span class='ocrx_word' id='word_1_863' title='bbox 1908 5479 2229 5539; x_wconf 86' lang='lat' dir='ltr'><strong>paraverunt</strong></span> 
     </span>
    </p>
   </div>
   <div class='ocr_carea' id='block_1_113' title="bbox 2285 5466 3896 5545">
    <p class='ocr_par' dir='ltr' id='par_1_113' title="bbox 2334 5466 3896 5539">
     <span class='ocr_line' id='line_1_113' title="bbox 2334 5466 3896 5539; baseline -0.006 -12"><span class='ocrx_word' id='word_1_864' title='bbox 2334 5474 2408 5537; x_wconf 84' lang='grc' dir='ltr'>ὡς</span> <span class='ocrx_word' id='word_1_865' title='bbox 2450 5473 2740 5539; x_wconf 78' lang='grc' dir='ltr'>συνέταξεν</span> <span class='ocrx_word' id='word_1_866' title='bbox 2788 5472 2969 5532; x_wconf 83' lang='grc' dir='ltr'>αὐτοῖς</span> <span class='ocrx_word' id='word_1_867' title='bbox 3007 5471 3035 5522; x_wconf 88' lang='lat'><strong>6</strong></span> <span class='ocrx_word' id='word_1_868' title='bbox 3075 5468 3298 5539; x_wconf 84' lang='grc' dir='ltr'>Ἰησοῦς,</span> <span class='ocrx_word' id='word_1_869' title='bbox 3354 5468 3447 5521; x_wconf 76' lang='grc' dir='ltr'>καὶ</span> <span class='ocrx_word' id='word_1_870' title='bbox 3492 5467 3800 5538; x_wconf 76' lang='grc' dir='ltr'>ἡτοίμασαν</span> <span class='ocrx_word' id='word_1_871' title='bbox 3842 5466 3896 5517; x_wconf 76' lang='grc' dir='ltr'>τὸ</span> 
     </span>
    </p>
   </div>
   <div class='ocr_carea' id='block_1_114' title="bbox 670 5556 2281 5637">
    <p class='ocr_par' dir='ltr' id='par_1_114' title="bbox 670 5564 2222 5637">
     <span class='ocr_line' id='line_1_114' title="bbox 670 5564 2222 5637; baseline -0.004 -15"><span class='ocrx_word' id='word_1_872' title='bbox 670 5570 898 5623; x_wconf 77' lang='lat' dir='ltr'><strong>Pascha.</strong></span> <span class='ocrx_word' id='word_1_873' title='bbox 933 5587 952 5621; x_wconf 84' lang='grc' dir='ltr'><strong>ι</strong></span> <span class='ocrx_word' id='word_1_874' title='bbox 1012 5567 1247 5623; x_wconf 80' lang='lat' dir='ltr'><strong>Primam</strong></span> <span class='ocrx_word' id='word_1_875' title='bbox 1306 5580 1615 5637; x_wconf 82' lang='lat' dir='ltr'><strong>azymorum</strong></span> <span class='ocrx_word' id='word_1_876' title='bbox 1677 5564 1818 5621; x_wconf 86' lang='lat' dir='ltr'><strong>diem</strong></span> <span class='ocrx_word' id='word_1_877' title='bbox 1879 5573 2055 5631; x_wconf 84' lang='lat' dir='ltr'><strong>vocat,</strong></span> <span class='ocrx_word' id='word_1_878' title='bbox 2104 5578 2222 5632; x_wconf 72' lang='lat' dir='ltr'><strong>qua:</strong></span> 
     </span>
    </p>
   </div>
   <div class='ocr_carea' id='block_1_115' title="bbox 2283 5556 3894 5637">
    <p class='ocr_par' dir='ltr' id='par_1_115' title="bbox 2331 5556 3894 5637">
     <span class='ocr_line' id='line_1_115' title="bbox 2331 5556 3894 5637; baseline -0.008 -15"><span class='ocrx_word' id='word_1_879' title='bbox 2331 5568 2543 5636; x_wconf 83' lang='grc' dir='ltr'>Πάσχα.</span> <span class='ocrx_word' id='word_1_880' title='bbox 2563 5564 2824 5637; x_wconf 78' lang='grc' dir='ltr'>»Πρώτην</span> <span class='ocrx_word' id='word_1_881' title='bbox 2850 5562 2929 5634; x_wconf 85' lang='grc' dir='ltr'><strong>(α)</strong></span> <span class='ocrx_word' id='word_1_882' title='bbox 2960 5562 3067 5617; x_wconf 86' lang='grc' dir='ltr'><strong>τῶν</strong></span> <span class='ocrx_word' id='word_1_883' title='bbox 3098 5560 3343 5632; x_wconf 75' lang='grc' dir='ltr'>ἀζύμων,</span> <span class='ocrx_word' id='word_1_884' title='bbox 3369 5559 3468 5631; x_wconf 81' lang='grc' dir='ltr'>τὴν</span> <span class='ocrx_word' id='word_1_885' title='bbox 3497 5560 3603 5630; x_wconf 83' lang='grc' dir='ltr'>πρὸ</span> <span class='ocrx_word' id='word_1_886' title='bbox 3627 5557 3741 5612; x_wconf 85' lang='grc' dir='ltr'><strong>τῶν</strong></span> <span class='ocrx_word' id='word_1_887' title='bbox 3771 5556 3894 5622; x_wconf 79' lang='grc' dir='ltr'>ἀζύ-</span> 
     </span>
    </p>
   </div>
   <div class='ocr_carea' id='block_1_116' title="bbox 741 5672 3897 5759">
    <p class='ocr_par' dir='ltr' id='par_1_116' title="bbox 741 5672 3897 5759">
     <span class='ocr_line' id='line_1_116' title="bbox 741 5672 3897 5759; baseline -0.004 -20"><span class='ocrx_word' id='word_1_888' title='bbox 741 5689 819 5755; x_wconf 78' lang='lat' dir='ltr'><strong>(a)</strong></span> <span class='ocrx_word' id='word_1_889' title='bbox 848 5687 1049 5745; x_wconf 78' lang='lat' dir='ltr'><strong>Textus</strong></span> <span class='ocrx_word' id='word_1_890' title='bbox 1080 5692 1147 5745; x_wconf 82' lang='lat' dir='ltr'><strong>ab</strong></span> <span class='ocrx_word' id='word_1_891' title='bbox 1179 5687 1565 5759; x_wconf 87' lang='lat' dir='ltr'><strong>interpolatore</strong></span> <span class='ocrx_word' id='word_1_892' title='bbox 1600 5696 1905 5757; x_wconf 90' lang='lat' dir='ltr'><strong>corruptus.</strong></span> <span class='ocrx_word' id='word_1_893' title='bbox 1934 5687 2234 5743; x_wconf 87' lang='lat' dir='ltr'><strong>Genuinum</strong></span> <span class='ocrx_word' id='word_1_894' title='bbox 2345 5685 2605 5759; x_wconf 78' lang='lat' dir='ltr'><strong>Romanis</strong></span> <span class='ocrx_word' id='word_1_895' title='bbox 2635 5684 2865 5759; x_wconf 72' lang='lat' dir='ltr'><strong>opl_im:e_</strong></span> <span class='ocrx_word' id='word_1_896' title='bbox 2886 5690 3044 5759; x_wconf 58' lang='lat' dir='ltr'><strong>notae.</strong></span> <span class='ocrx_word' id='word_1_897' title='bbox 3076 5680 3291 5736; x_wconf 80' lang='lat' dir='ltr'><strong>Scilicet</strong></span> <span class='ocrx_word' id='word_1_898' title='bbox 3324 5696 3344 5759; x_wconf 81' lang='lat'><strong>_:</strong></span> <span class='ocrx_word' id='word_1_899' title='bbox 3376 5677 3606 5759; x_wconf 70' lang='grc' dir='ltr'>Πρώτην</span> <span class='ocrx_word' id='word_1_900' title='bbox 3638 5672 3897 5759; x_wconf 44' lang='grc' dir='ltr'>τῶνοάζύο</span> 
     </span>
    </p>
   </div>
   <div class='ocr_carea' id='block_1_117' title="bbox 669 5740 2280 5829">
    <p class='ocr_par' dir='ltr' id='par_1_117' title="bbox 669 5740 2239 5829">
     <span class='ocr_line' id='line_1_117' title="bbox 669 5740 2239 5829; baseline -0.002 -15"><span class='ocrx_word' id='word_1_901' title='bbox 669 5740 823 5817; x_wconf 63' lang='lat' dir='ltr'><strong>atrLr&#39;t</strong></span> <span class='ocrx_word' id='word_1_902' title='bbox 853 5740 1046 5816; x_wconf 57' lang='lat' dir='ltr'><strong>Petrus</strong></span> <span class='ocrx_word' id='word_1_903' title='bbox 1083 5740 1350 5817; x_wconf 59' lang='lat' dir='ltr'><strong>maia;</strong></span> <span class='ocrx_word' id='word_1_904' title='bbox 1367 5740 1587 5827; x_wconf 41' lang='lat' dir='ltr'><strong>main,</strong></span> <span class='ocrx_word' id='word_1_905' title='bbox 1608 5740 1735 5829; x_wconf 58' lang='lat' dir='ltr'><strong>ap.</strong></span> <span class='ocrx_word' id='word_1_906' title='bbox 1764 5740 1841 5824; x_wconf 63' lang='lat'><strong>&#39;5,</strong></span> <span class='ocrx_word' id='word_1_907' title='bbox 1858 5740 1924 5816; x_wconf 62' lang='lat' dir='ltr'><strong>ex</strong></span> <span class='ocrx_word' id='word_1_908' title='bbox 1945 5740 2239 5813; x_wconf 69' lang='lat' dir='ltr'><strong>codicibus</strong></span> 
     </span>
    </p>
   </div>
   <div class='ocr_carea' id='block_1_118' title="bbox 2287 5740 3898 5829">
    <p class='ocr_par' dir='ltr' id='par_1_118' title="bbox 2352 5740 3898 5827">
     <span class='ocr_line' id='line_1_118' title="bbox 2352 5740 3898 5827; baseline -0.01 -16"><span class='ocrx_word' id='word_1_909' title='bbox 2352 5775 2487 5827; x_wconf 84' lang='grc' dir='ltr'>μων,</span> <span class='ocrx_word' id='word_1_910' title='bbox 2521 5757 2617 5826; x_wconf 81' lang='grc' dir='ltr'>τὴν</span> <span class='ocrx_word' id='word_1_911' title='bbox 2645 5740 2747 5825; x_wconf 64' lang='grc' dir='ltr'>πρὸ</span> <span class='ocrx_word' id='word_1_912' title='bbox 2800 5753 2906 5809; x_wconf 83' lang='grc' dir='ltr'><strong>τῶν</strong></span> <span class='ocrx_word' id='word_1_913' title='bbox 2942 5751 3163 5823; x_wconf 74' lang='grc' dir='ltr'>ἀζύμων</span> <span class='ocrx_word' id='word_1_914' title='bbox 3212 5750 3379 5822; x_wconf 73' lang='grc' dir='ltr'>φησὶν</span> <span class='ocrx_word' id='word_1_915' title='bbox 3428 5740 3679 5820; x_wconf 59' lang='grc' dir='ltr'>’ἡμέραν</span> <span class='ocrx_word' id='word_1_916' title='bbox 3717 5740 3824 5799; x_wconf 65' lang='grc' dir='ltr'>οἷόν</span> <span class='ocrx_word' id='word_1_917' title='bbox 3852 5759 3898 5796; x_wconf 72' lang='grc' dir='ltr'><strong>τι</strong></span> 
     </span>
    </p>
   </div>
  </div>
