4080 6336
671 340 775 405 ιιι

1509 327 2081 395 THEOPBYLACTI
2118 328 2528 392 BULGARI£
2566 329 2925 391 ARCHIEP.

3800 319 3894 384 ιιι

675 456 752 511 illi
795 454 951 513 :Etsl
986 464 1175 511 omnes
1198 446 1564 513 ,scandaliaati
1605 448 1806 504 fuerint
1832 449 1885 503 in
1912 458 1986 513 te,
2018 462 2121 519 ego
2151 457 2231 504 ta-

2341 448 2539 509 πάντες
2593 444 3141 515 σκανδαλισθήσονται
3200 442 3259 499 έν
3318 442 3423 507 σοὶ,
3476 438 3589 509 trib
3648 436 3890 490 οὐδέποτε

679 562 801 602 men
829 559 1099 616 nunquam
1133 542 1443 598 scandalum
1478 541 1671 611 patiar.
1726 538 1864 595 Dicit
1886 539 1960 595 illi
2025 537 2182 596 Jesus
2215 558 2228 595 :

676 636 845 692 Amen
867 638 987 690 dico
1016 634 1114 709 tibi
1139 632 1279 703 quod
1298 634 1353 688 in
1386 634 1485 688 hac
1504 642 1678 695 nocte,
1705 630 2024 701 priusquam
2062 632 2235 702 gallus

676 735 873 787 cantet,
904 734 1095 797 temne
1125 724 1371 797 negabis.
1411 741 1431 777 s
1470 720 1551 778 0b
1586 721 1806 776 multam
1844 724 2041 778 mentis
2070 724 2236 778 conli-

675 816 908 871 dentiam
944 814 1135 871 Petrus
1168 815 1314 870 solus
1344 814 1693 883 pollicebatur
1739 827 1797 867 se
1818 828 1923 867 non
1961 814 2235 868 scandali-

675 913 855 961 satum
890 906 978 971 iri,
1007 915 1060 960 et
1082 904 1284 961 idcirco
1298 904 1544 975 permisit
1573 903 1719 959 ilium
1740 902 1990 960 Christus
2014 906 2232 971 cadere,

674 1008 734 1053 ut
762 998 951 1053 doceat
972 1012 1037 1052 ne
1059 996 1182 1067 quis
1203 996 1257 1050 in
1290 996 1467 1065 seipso
1488 995 1747 1060 confidat,
1777 997 1870 1051 sed
1906 997 1957 1051 in
1991 997 2101 1052 Deo
2138 1014 2153 1051 :
2180 1006 2235 1053 et

676 1088 780 1142 fide
806 1088 1051 1158 digniora
1083 1088 1439 1142 existimanda
1473 1086 1634 1142 verba
1668 1086 1890 1151 Christi,
1927 1100 2087 1156 quam
2140 1104 2237 1143 no-

675 1191 845 1235 stram
874 1178 1303 1233 conscientiam:
1360 1178 1612 1248 quoniam
1636 1188 1691 1231 et
1728 1178 1979 1247 superbia
2016 1178 2235 1249 plenum

673 1276 792 1325 erat
833 1270 1013 1325 dicere
1051 1286 1065 1323 :
1107 1288 1126 1321 ι
1162 1269 1217 1324 Si
1244 1284 1431 1325 omnes
1452 1268 1799 1324 scantlalizati
1832 1268 2051 1325 fuerint.
2093 1289 2113 1323 ι
2138 1270 2238 1327 0s-

676 1356 1083 1410 tenditur'enim
1113 1360 1231 1434 esse
1254 1371 1513 1427 arrogans
1562 1367 1615 1412 et
1646 1359 1893 1427 ignorans
1911 1374 2063 1415 suam
2089 1360 2237 1415 infir-

674 1447 931 1502 mitatem.
979 1446 1231 1503 Praedicit
1275 1448 1437 1517 igitur
1475 1448 1732 1507 Dominus
1783 1450 1857 1505 illi
1910 1462 1966 1508 et
2016 1452 2233 1519 horam,

680 1538 825 1607 quod
852 1540 903 1592 in
942 1537 1029 1593 illa
1057 1548 1231 1607 nocte,
1261 1550 1315 1594 et
1352 1542 1662 1611 priusquam
1695 1543 1869 1613 gallus
1926 1554 2107 1599 cantet
2134 1583 2150 1609 ,
2182 1554 2237 1601 et

676 1644 959 1685 numerum
1012 1633 1381 1703 negationum,
1414 1648 1611 1705 nempe
1640 1636 1783 1707 quod
1832 1643 1916 1691 ter
1951 1645 2235 1708 negaturus

2336 537 2883 606 σκανδαλισθήσομαι.
2937 536 3080 605 Ἔφη
3137 532 3285 604 αὐτῷ
3335 535 3364 587 6
3422 528 3671 601 Ἰησοῦς·
3732 527 3895 596 ’Δμήν

2334 631 2477 697 λέγω
2504 646 2585 683 σοι
2609 629 2690 683 ὅτι
2716 632 2774 682 έν
2799 626 2970 699 ταύτῃ
3005 628 3073 696 τῇ
3100 626 3276 687 νυκτὶ,
3315 625 3446 693 πρὶν
3487 622 3761 689 ἀλέκτορα
3790 634 3896 683 W-

2334 723 2515 791 νῆσαιν
2547 721 2669 791 τρὶς
2696 720 2990 792 ἀπαρνήσῃ
3029 735 3119 788 με.
3149 735 3169 771 ι
3211 715 3349 771 Ὑπὸ
3380 714 3583 783 πολλῆς
3613 708 3894 771 noscam,-

2334 812 2364 865 6
2393 812 2593 883 Πέτρος
2625 810 2783 881 μόνος
2809 811 3148 879 ὑπισχνεῖται
3181 807 3255 878 μὴ
3295 804 3758 872 πανδαλισθῆναι
3782 818 3794 828 ·
3818 801 3893 853 δι’)

2336 904 2516 959 είασεν
2541 903 2703 957 αὑτὸν
2730 905 2757 956 6
2782 901 3013 972 Χριστὸς
3039 901 3248 964 πεσεῖν,
3293 900 3378 951 ῖνα
3419 897 3583 968 πείσῃ
3615 895 3690 965 μὴ
3723 892 3893 960 ἑαυτῷ

2336 994 2579 1067 θαρρεῖν,
2613 993 2749 1049 ἀλλά
2794 993 2872 1060 τῷ
2914 992 3055 1064 Θεῷ,
3104 991 3199 1046 καὶ
3248 991 3596 1057 πιστοτέρους
3646 984 3892 1056 ήγεῖσθαι

2334 1088 2463 1151 τοὺς
2506 1086 2598 1140 τοῦ
2628 1084 2865 1156 Χριστοῦ
2903 1085 3093 1153 λόγους
3129 1085 3229 1153 τῆς
3261 1082 3467 1143 οἰκείας
3497 1078 3851 1148 συνειδήσεως
3876 1094 3888 1107 ·

2335 1178 2457 1234 insi.
2504 1180 2595 1234 καὶ
2651 1178 2950 1250 ὑπεροψίας
2991 1176 3151 1246 γέμει
3178 1175 3249 1229 τὸ
3292 1175 3503 1226 εἰπεῖν*
3558 1190 3578 1223 ι
3606 1171 3671 1223 Εἰ
3701 1169 3893 1231 πάντες

2339 1270 2924 1341 σκανδαλισθήσονται·
2957 1288 2975 1321 ι
3020 1269 3265 1322 δείκνυσι
3299 1264 3408 1335 γὰρ
3439 1263 3600 1317 αὑτὸν
3642 1263 3893 1325 ἀλαζόνα,

2337 1362 2434 1418 καὶ
2463 1362 2539 1433 μὴ
2578 1360 3007 1431 ἐπιγινώσκοντα
3036 1359 3135 1430 τήν
3162 1357 3365 1411 οἰκείαν
3408 1354 3723 1411 ἀσθένειαν.
3757 1353 3894 1421 Προ-

2337 1456 2483 1525 λέγει
2514 1450 2608 1509 οὗν
2636 1454 2787 1525 αὺτῷ
2811 1455 2840 1507 6
2868 1453 3070 1524 Κύριος
3094 1452 3187 1504 καὶ
3217 1450 3313 1520 τὴν
3339 1448 3505 1519 ὤραν,
3532 1448 3613 1500 ὅτι
3651 1447 3708 1497 ἐν
3729 1445 3896 1514 ταύτῃ

2333 1551 2401 1619 τῇ
2442 1548 2616 1611 νυκτὶ,
2666 1546 2761 1600 καὶ
2804 1547 2935 1616 πρὶν
2971 1544 3005 1614 ἢ
3043 1544 3309 1613 ἀλέκτορα
3365 1539 3636 1610 φωνῆσαι,
3680 1539 3773 1591 καὶ
3815 1538 3897 1589 τὸν

2335 1638 2568 1710 ἀριθμὸν
2589 1635 2699 1691 τῶν
2731 1636 3033 1707 ἀρνήσεων,
3064 1635 3145 1688 ὅτι
3174 1634 3238 1687 έκ
3264 1629 3445 1703 τρίτου
3481 1630 3797 1699 ἀρνήσεται.

748 1811 909 1867 Vsss.
939 1812 1124 1867 35-36.
1157 1832 1175 1865 ι
1214 1812 1439 1868 Dicitiill
1466 1814 1657 1871 Petrus
1684 1838 1695 1873 :
1727 1818 1949 1874 Etiamsi
1983 1829 2235 1889 nportue-

2412 1834 2431 1868 ι
2470 1815 2637 1884 Λέγει
2669 1812 2816 1882 αὐτῷ
2841 1811 2869 1864 6
2902 1811 3123 1879 Πέτρος
3158 1808 3279 1862 Κᾶν
3306 1807 3403 1889 δὲῃ
3439 1824 3505 1876 με
3536 1803 3631 1857 σὺν
3659 1804 3742 1855 σοὶ
3773 1803 3901 1853 ἁπο-

676 1900 747 1953 rit
784 1915 867 1954 me
889 1902 1023 1955 mori
1057 1912 1251 1969 tecum,
1278 1901 1585 1974 neutiquam
1621 1914 1671 1960 te
1706 1908 1927 1975 negabo.
1971 1908 2235 1965 Similiter

675 2001 852 2043 autem
884 2000 937 2043 et
964 2004 1150 2045 omnes
1170 1990 1413 2062 discipuli
1456 1994 1723 2050 dicebant.
1759 1994 1908 2051 Tunc
1977 2000 2118 2053 venit
2147 1998 2236 2054 Je-

674 2093 769 2133 sus
797 2094 917 2133 eum
973 2080 1079 2133 illis
1130 2081 1181 2136 in
1214 2082 1391 2136 villam
1444 2099 1565 2153 qua:
1604 2085 1800 2141 dicitur
1849 2088 2232 2155 Cethsemane,

674 2180 727 2225 et
764 2170 895 2235 dixit
924 2170 1235 2241 discipulis:
1270 2173 1462 2230 Sedete
1484 2176 1571 2249 hic
1595 2178 1764 2232 donec
1789 2180 1979 2254 vatiam
2004 2190 2058 2235 et
2084 2196 2230 2237 orem

677 2260 805 2315 illic.
842 2278 861 2313 ι
904 2262 1400 2333 Petrnsgenninam
1436 2281 1585 2321 suam
1613 2267 1946 2325 aﬂ‘ectionem
1965 2272 2237 2328 declarare

678 2352 883 2417 volens,
913 2354 1509 2411 contradicitSalvatori
1544 2374 1557 2412 :
1593 2360 1847 2416 liberatus
1868 2364 2010 2416 enim
2047 2378 2078 2417 a
2106 2378 2232 2433 pro-

674 2442 893 2497 ditionis
932 2455 1096 2509 metu,
1124 2459 1188 2499 ex
1222 2460 1415 2516 magno
1451 2463 1633 2505 amore
1664 2460 1718 2507 et
1740 2452 2027 2509 ambitione
2074 2460 2239 2527 cmpit

672 2544 727 2589 et
754 2539 942 2588 contra
968 2533 1085 2587 illos
1114 2534 1413 2619 insurgere,
1457 2545 1511 2591 et
1542 2539 1759 2595 Christo
1804 2542 2053 2598 reluctari
2083 2562 2098 2598 :
2140 2548 2233 2601 sed

671 2632 730 2679 ct
752 2623 841 2678 alii
901 2623 1155 2693 discipuli
1207 2627 1439 2681 nondum
1507 2631 1711 2698 experti
1766 2634 2110 2700 tentationes,
2163 2651 2236 2692 ex

674 2716 970 2787 ignorantia
995 2716 1214 2785 polliciti
1247 2726 1373 2771 sunt
1414 2734 1531 2787 qua;l
1589 2731 1843 2788 praestare
1899 2739 2003 2779 non
2042 2736 2232 2798 potue-

680 2819 827 2863 runt.
885 2806 1157 2862 Transivit
1193 2818 1367 2864 autem
1404 2809 1648 2867 Christus
1679 2813 1732 2867 in
1774 2813 1955 2870 locum
1992 2831 2235 2873 seorsum

677 2910 949 2955 oraturus.
991 2898 1115 2955 Otio
1161 2901 1300 2955 enim
1329 2910 1381 2957 et
1412 2905 1831 2973 sequestratione
1861 2921 1997 2978 opus
2042 2910 2239 2966 habent

654 3038 657 3043 .
672 3008 880 3062 preces.

2334 1906 2535 1974 θανεῖν,
2567 1907 2627 1960 οὐ
2660 1906 2733 1975 μή
2770 1920 2827 1957 σε
2854 1903 3280 1973 ἀπαρνήσωμαι.
3309 1898 3541 1969 Ὁμοίως
3569 1898 3626 1951 δὲ
3655 1897 3749 1949 καὶ
3772 1896 3900 1948 παν-

2332 2017 2424 2063 τες
2453 2000 2503 2051 οί
2538 1996 2775 2069 μαθηταὶ
2824 1991 2995 2049 είπον.
3045 1994 3177 2047 Τότε
3230 1993 3449 2061 ἔρχεται
3502 1992 3618 2059 μετ’
3669 1988 3900 2042 αὑτῶνό

2344 2089 2551 2160 Ἰησοῦς
2579 2091 2657 2151 εἰς
2690 2089 2885 2159 χωρίον
2930 2086 3216 2156 λεγόμενον
3254 2085 3601 2151 Γεθσημανὴ,
3635 2082 3733 2134 καὶ
3758 2081 3899 2147 λέγει

2332 2184 2445 2245 τοῖς
2492 2174 2758 2253 μαθηταῖς
2785 2196 2800 2211 ο
2856 2179 3129 2232 Καθίσατε
3168 2175 3354 2240 αὑτοῦ,
3391 2175 3497 2237 lto;
3542 2167 3605 2227 οὗ
3652 2170 3901 2227 ἀπελθὼν

2332 2271 2698 2344 προσεύξομαι
2730 2271 2861 2323 ἐκεῖ.
2894 2288 2910 2319 ι
2952 2268 3010 2325 Ὀ
3041 2268 3242 2337 Πέτρος
3268 2266 3435 2320 θέλων
3464 2263 3801 2329 ἐνδείξασθαι
3828 2264 3901 2314 ὅτι

2333 2364 2561 2433 γνησίαν
2596 2363 2707 2431 ἔχει
2736 2360 2991 2422 διάθεσιν,
3039 2358 3309 2422 ἀντιλέγει
3338 2354 3416 2422 τῷ
3461 2356 3697 2424 Σωτῆρι·
3727 2353 3897 2405 ἀπαλ·

2334 2454 2517 2522 λαγεὶς
2546 2455 2653 2523 γὰρ
2679 2449 2771 2503 τοῦ
2795 2450 2881 2502 διὰ
2914 2449 3011 2520 τὴν
3040 2447 3336 2516 προδοσίαῦ
3380 2444 3565 2513 φόϐου,
3606 2446 3671 2496 ἐκ
3706 2441 3900 2508 πολλῆς

2334 2546 2553 2615 ἀγάπης
2579 2547 2671 2598 καὶ
2700 2542 3006 2615 φιλοτιμίας
3047 2541 3247 2612 ήρξατο
3282 2538 3375 2590 καὶ
3399 2536 3527 2591 ,τῶν
3558 2534 3738 2587 ἀλλων
3773 2549 3899 2586 κατ-

2333 2636 2737 2701 εξανίστασθαι,
2800 2633 2895 2687 καὶ
2942 2633 3019 2703 τῷ
3068 2630 3289 2701 Χριστῷ
3338 2626 3691 2683 ἀνθίστασθαι
3719 2638 3735 2653 ⁸
3774 2623 3899 2676 ἀλλᾶ

2334 2730 2430 2786 καὶ
2450 2732 2499 2784 οἱ
2532 2729 2706 2781 λοιποὶ
2729 2726 2970 2797 μαθηταὶ
3016 2724 3124 2777 ἀπὸ
3153 2721 3373 2791 ἀγνοίας
3410 2717 3770 2789 ὑπισχνοῦντο
3798 2715 3902 2785 πρὸ

2333 2822 2435 2892 τῆς
2457 2821 2564 2874 τῶν
2587 2817 2904 2889 πειρασμῶν
2932 2816 3147 2885 πείρας,
3173 2814 3208 2869 ἃ.
3233 2814 3331 2866 οὐκ
3349 2811 3571 2883 έμελλον
3596 2808 3899 2863 τελειῶσαι.

2348 2912 2673 2983 ’Δπέρχεται
2700 2910 2757 2963 δὲ
2792 2909 2897 2981 ἰδίᾳ
2943 2906 3392 2978 προσευξόμενος.
3434 2902 3638 2974 Σχολῆς
3672 2903 3783 2972 γὰρ
3814 2902 3904 2954 καὶ

2340 3003 2592 3073 ἰδιασμοῦ
2626 3003 2793 3055 δεῖται
2820 3002 2854 3071 ή
2884 3001 3180 3069 προσευχὴ.

757 3084 918 3141 Vens.
958 3086 1142 3145 37-39.
1195 3111 1212 3143 ι
1264 3092 1327 3147 Ει
1375 3100 1650 3161 assumpto
1698 3092 1858 3146 Petro
1922 3105 1978 3148 et
2031 3094 2237 3149 duobus

2416 3116 2434 3149 ι
2468 3098 2577 3151 Καὶ
2609 3091 2941 3164 παραλαϐὼν
2965 3092 3057 3145 τὸν
3102 3092 3304 3160 Πέτρον
3335 3089 3425 3143 καὶ
3454 3089 3579 3152 τοὺς
3633 3086 3729 3139 δύο
3756 3087 3905 3148 υίοῦς

679 3176 807 3232 liliis
866 3177 1129 3245 Zebetla~i,
1160 3184 1321 3252 cmpit
1352 3183 1487 3237 allici
1541 3186 1719 3239 dolore
1756 3200 1819 3240 ac
1849 3184 2236 3239 mtestitudine.

679 3267 829 3324 Tunc
854 3270 983 3325 dicit
1020 3272 1124 3329 illis
1153 3272 1330 3340 Jesus,
1356 3275 1549 3329 Tristis
1582 3287 1661 3329 est
1716 3278 1894 3330 anima
1935 3291 2051 3331 mea
2070 3292 2239 3347 usque

676 3360 743 3414 ad
806 3372 1053 3417 mortem.
1098 3364 1312 3421 Manete
1358 3366 1467 3429 hic,
1500 3378 1551 3421 et
1606 3368 1822 3437 vigilate
1878 3384 2107 3425 mecum.
2177 3370 2241 3425 Et

677 3466 994 3521 progressus
1041 3443 1313 3523 pusillum,
1401 3457 1629 3526 procidit
1691 3458 1744 3512 in
1815 3458 2005 3513 faciem
2063 3474 2239 3526 suam,

680 3556 843 3597 orans
869 3550 923 3597 et
951 3543 1130 3600 dicens
1166 3563 1180 3600 :
1206 3545 1365 3601 Pater
1392 3548 1484 3611 mi,
1524 3548 1567 3602 si
1593 3550 1847 3616 possibile
1873 3558 1974 3614 est,
2005 3558 2241 3606 transeat

681 3647 711 3685 a
740 3648 823 3687 me
851 3634 989 3688 calix
1044 3635 1164 3692 iste.
1216 3635 1597 3694 Verumtamen
1642 3654 1749 3694 non
1793 3640 1937 3694 sicut
1972 3653 2076 3709 ego
2099 3641 2241 3705 volo,

683 3724 777 3779 sed
808 3724 947 3781 sicut
970 3733 1049 3781 tu.
1082 3745 1102 3781 ι
1142 3726 1258 3782 Non
1287 3743 1476 3783 omnes
1530 3730 1751 3785 assumit
1807 3731 2117 3801 discipulos,
2147 3733 2241 3787 sed

685 3825 796 3871 tres
824 3824 1049 3885 tantum,
1083 3820 1279 3889 quibus
1324 3821 1635 3876 ostenderat
1688 3821 1911 3890 gloriam
1957 3821 2011 3877 in
2056 3830 2239 3876 monte

682 3905 1040 3965 Thaborme
1061 3926 1181 3967 cum
1228 3911 1490 3967 vidissent
1518 3925 1642 3966 eum
1695 3925 1937 3967 orantem
1992 3920 2047 3965 et
2103 3912 2245 3967 labo-

684 4010 913 4068 rantem,
966 4002 1483 4058 scandalizarentur.
1518 4005 1784 4059 Caeterum
1815 4008 1866 4058 et
1924 4004 2044 4058 illos
2077 4004 2243 4058 relin-

682 4093 825 4163 quit.
849 4103 901 4149 ct
936 4092 1046 4149 abit
1068 4094 1121 4147 in
1154 4095 1572 4149 secretissimum
1602 4092 1797 4159 locum,
1828 4108 1891 4147 ac
1912 4101 2047 4147 orat.
2075 4092 2245 4149 Porro

684 4184 827 4256 quod
852 4190 1075 4238 moestus
1099 4194 1179 4239 est
1206 4192 1262 4238 et
1311 4183 1495 4238 dolore
1536 4183 1784 4245 aﬂlcitur,
1840 4198 1935 4253 per
1962 4184 2244 4255 dispensa-

688 4276 887 4329 tionem
920 4274 1104 4341 llebat,
1142 4283 1199 4327 ut
1251 4276 1503 4329 credatur
1556 4289 1716 4331 verus
1748 4290 1869 4330 esse
1907 4276 2087 4331 homo.
2128 4276 2244 4331 Hn-

685 4382 857 4421 mana:
884 4367 1037 4421 enim
1070 4375 1275 4420 natura:
1314 4376 1395 4421 est
1437 4366 1627 4421 timere
1666 4379 1913 4432 mortem,
1974 4382 2040 4423 eo
2098 4367 2241 4437 quod

689 4455 850 4527 149
892 4466 1085 4526 praeter
1119 4464 1366 4510 naturam
1396 4458 1632 4527 ingressa
1685 4466 1767 4511 est
1802 4470 1970 4523 mors,
1998 4468 2053 4511 et
2080 4472 2240 4527 ιιι-ορ-
2271 4447 2315 4503 D

696 4557 838 4601 terea
862 4546 1004 4599 illam
1044 4546 1174 4614 fugit
1214 4554 1427 4611 natura,
1460 4548 1586 4600 item
1620 4554 1679 4599 ut
1730 4547 1939 4614 ignoret
1979 4546 2243 4612 diabolus,

685 4644 745 4688 et
778 4635 993 4688 invadat
1031 4648 1153 4688 eum
1181 4645 1240 4687 ut
1276 4650 1467 4702 purum
1504 4635 1793 4695 hominem,
1834 4650 1939 4704 quo
1974 4646 2144 4690 morte
2167 4637 2246 4704 ip-

682 4740 803 4781 sum
833 4725 1100 4789 conficiat,
1127 4734 1181 4779 et
1207 4726 1286 4779 sic
1316 4736 1649 4781 conteratur.
1681 4724 1771 4781 Vel
1815 4726 1991 4789 aliter,
2029 4725 2085 4781 Si
2143 4727 2251 4781 Do-

689 4817 865 4872 minus
893 4817 943 4871 in
975 4827 1197 4870 mortem
1232 4816 1527 4880 insiliisset,
1566 4819 1804 4873 dedisset
1857 4816 2055 4872 ludatis
2081 4833 2249 4873 excu-

686 4908 946 4961 sationem
985 4908 1124 4977 quod
1181 4923 1284 4961 non
1318 4919 1650 4974 peccassent,
1673 4911 1814 4979 quod
1849 4911 1921 4963 ita
1953 4910 2087 4965 citra
2127 4925 2240 4964 me-

691 5007 804 5055 tum
842 4998 903 5051 ad
929 5012 1150 5052 mortem
1185 4999 1525 5068 prosiliisset.
1554 4998 1630 5052 Ex
1675 5001 1775 5055 hoc
1811 5001 1937 5055 item
1992 5002 2249 5057 discimus

689 5104 757 5145 ne
788 5104 884 5143 nos
909 5089 1004 5156 ipsi
1035 5088 1088 5143 in
1114 5088 1458 5142 tentalionem
1489 5088 1807 5156 injiciamus,
1844 5092 1938 5146 sed
1968 5107 2251 5160 precemur

688 5190 746 5233 ut
776 5181 1061 5234 liberemur
1082 5181 1147 5233 ab
1176 5179 1274 5233 eis.
1311 5179 1373 5232 Et
1399 5188 1671 5248 prOpterea
1702 5198 1807 5237 non
1863 5183 2018 5253 longa
2045 5184 2252 5240 distan-

692 5270 761 5323 tia
794 5286 820 5322 a
850 5269 1123 5337 discipulis
1191 5270 1548 5339 progreditur,
1587 5273 1679 5326 sed
1738 5287 1901 5342 prope
1932 5284 2041 5329 tres
2081 5274 2247 5328 disci-

690 5362 845 5429 pulos
882 5371 1083 5423 manet,
1116 5369 1172 5412 ut
1200 5362 1481 5415 audientes
1514 5377 1631 5414 eum
1672 5377 1938 5419 memores
1977 5365 2085 5419 sint
2116 5374 2174 5418 ut
2196 5372 2250 5418 et

691 5452 791 5517 ipsi
820 5454 871 5504 in
903 5451 1281 5506 tentationibus
1311 5452 1509 5520 delapsi
1539 5464 1825 5521 precentur
1844 5456 2117 5510 similiter.
2145 5454 2247 5510 Ca-

690 5538 847 5593 licem
877 5556 999 5595 vero
1034 5542 1329 5609 passionem
1357 5542 1615 5608 nominat,
1645 5542 1724 5595 vel
1757 5556 1969 5613 propter
1999 5562 2245 5599 somnum

692 5646 852 5697 quem
880 5632 1025 5697 facit,
1049 5632 1128 5686 vel
1153 5634 1291 5701 quod
1328 5633 1525 5687 laetitia:
1546 5649 1703 5687 causa
1738 5636 1804 5688 sit
1826 5651 1886 5688 ac
1923 5646 2118 5692 nostra:
2157 5655 2247 5692 sa-

690 5722 841 5777 lutis.
876 5722 995 5778 Vult
1026 5733 1203 5777 autem
1267 5724 1543 5780 transferri
1570 5723 1811 5789 calicem,
1846 5728 1926 5782 vel
1978 5739 2034 5783 ut
2099 5746 2249 5785 mon-

2341 3187 2650 3252 Ζεϐεδαίου,
2691 3184 2893 3255 ἤρξατο
2935 3181 3222 3236 λυπεῖσθαι
3273 3185 3367 3234 καὶ
3414 3181 3707 3250 ἀδημονεῖν
3739 3196 3754 3208 ·
3782 3177 3902 3230 τότε

2342 3282 2489 3349 λέγει
2506 3280 2686 3342 αὐτοῖς
2709 3295 2723 3310 ο
2753 3276 3058 3346 Περίλυπός
3083 3275 3281 3343 ιστινή
3311 3273 3455 3343 ψυχή
3486 3289 3587 3341 μου
3615 3271 3721 3334 lto;
3747 3270 3905 3326 θανά-

2339 3388 2473 3428 ιτου⁹
2511 3371 2729 3439 μείνατε
2771 3366 2872 3422 ὦδε
2912 3367 3004 3420 καὶ
3050 3367 3371 3436 γρηγορεῖτε
3422 3363 3537 3434 μετ’
3586 3362 3764 3433 έμοῦ·
3813 3362 3906 3415 καὶ

2343 3458 2617 3531 προελθὼν
2645 3456 2858 3528 μικρὸν,
2884 3456 3074 3509 ἔπεσεν
3100 3454 3193 3506 ἐπὶ
3222 3453 3509 3525 πρόσωπον
3528 3451 3716 3515 αὑτοῦ,
3742 3466 3907 3522 προσ-

2343 3550 2638 3619 ευχόμενος
2673 3551 2767 3601 καὶ
2805 3548 2977 3615 λέγων
2998 3561 3013 3575 ·
3048 3546 3229 3615 Πάτερ
3260 3562 3384 3615 μου,
3416 3548 3464 3597 εἰ
3489 3544 3715 3597 δυνατόν
3770 3546 3905 3607 έστι,

2346 3637 2663 3708 παρελθέτω
2690 3636 2786 3690 ἀπ’
2808 3636 2940 3705 έμοῦ
2969 3636 3031 3690 τὸ
3055 3635 3312 3706 ποτήριον
3335 3634 3510 3687 τοῦτο.
3544 3633 3690 3703 Πλὴν
3713 3633 3810 3704 οὐχ
3832 3633 3906 3695 ὡς

2344 3726 2455 3795 έγὼ
2490 3726 2649 3793 θέλω,
2678 3727 2792 3780 ἁλλ’
2836 3726 2910 3789 ὡς
2952 3725 3038 3782 σύ.
3072 3745 3089 3777 ι
3120 3727 3193 3779 Οὐ
3241 3726 3448 3785 πάντας
3492 3725 3908 3795 παραλαμϐάνει

2344 3818 2469 3883 τοὺς
2488 3801 2769 3889 μαθητὰς,
2810 3816 2946 3872 ἀλλὰ
2976 3818 3103 3880 τοὺς
3129 3819 3277 3888 τρεῖς
3310 3813 3391 3880 οἷς
3423 3816 3590 3882 ἔδειξε
3624 3819 3725 3888 τὴν
3752 3818 3906 3884 δόξαν

2342 3912 2403 3965 έν
2429 3910 2510 3981 τῷ
2537 3907 2758 3977 Θαὸὼρ,
2798 3908 2885 3963 ῖνα
2920 3908 2995 3978 μή
3033 3907 3231 3971 ἰδόντες
3272 3908 3433 3963 αὑτὸν
3480 3909 3908 3979 προσευχόμενον

2346 4002 2441 4058 καὶ
2464 3999 2858 4071 ἀδημονοῦντα,
2894 4001 3348 4056 σκανδαλισθῶσιν
3364 4017 3378 4031 ·
3406 4003 3554 4071 ὅμως
3579 4000 3637 4054 δὲ
3663 4003 3757 4054 καὶ
3787 4000 3907 4052 τοὺ·

2346 4115 2472 4161 τους
2508 4098 2735 4169 ἀφίησι,
2774 4095 2869 4149 καὶ
2906 4092 3154 4147 ἀπελθὼν
3204 4094 3470 4149 ἰδιαίτατα
3513 4094 3904 4163 προσεύχεται·

2346 4187 2703 4259 οἰκονομικῶς
2734 4187 2790 4240 δέ
2816 4185 3181 4238 λυπεῖταικαί
3214 4185 3493 4253 ἀδημονεῖ,
3521 4183 3675 4244 ὅπως
3709 4181 3903 4237 πιστὼ·

2348 4290 2507 4349 σηται
2527 4280 2609 4331 ὅτι
2642 4276 2857 4347 ἀληθῶς
2879 4275 3162 4347 ἄνθρωπος
3190 4270 3276 4345 ἦν.
3300 4276 3411 4343 Τῆς
3439 4275 3546 4345 γὰρ
3566 4275 3908 4345 ἀνθρωπίνης

2346 4371 2560 4441 φύσεως
2592 4369 2651 4422 τὸ
2697 4368 2899 4439 δειλιᾷν
2952 4368 3198 4422 θάνατον’
3235 4366 3368 4420 διότι
3416 4368 3509 4420 καὶ
3552 4367 3708 4435 παρὰ
3756 4365 3908 4435 φύσιν

2343 4462 2591 4533 εἰσῆλθεν
2623 4464 2650 4513 6
2684 4461 2933 4523 θάνατος,
2987 4460 3080 4512 καὶ
3124 4458 3212 4512 διὰ
3258 4458 3414 4511 τοῦτο
3446 4459 3677 4528 ήοφύσις
3725 4459 3906 4526 φεύγει

2344 4554 2529 4607 τοῦτον
2551 4569 2564 4582 '
2590 4552 2705 4620 ἃμα
2724 4551 2778 4604 δὲ
2806 4551 2893 4603 ῖνα
2915 4549 3010 4603 καὶ
3032 4550 3167 4619 λάθῃ
3197 4549 3289 4602 τὸν
3318 4549 3580 4613 διάϐολον,
3602 4549 3701 4601 καὶ
3722 4551 3909 4617 ἐπιπη-

2344 4646 2479 4717 δήοῃ
2509 4645 2655 4715 αὐτῷ
2685 4643 2759 4706 ὡς
2789 4642 2929 4712 ψιλῷ
2970 4641 3261 4712 ἀνθρώπῳ,
3291 4641 3430 4695 ὥστε
3474 4640 3790 4695 θανατῶσαι
3817 4640 3910 4693 αὺ-

2345 4741 2455 4804 τὸν,
2488 4740 2585 4795 καὶ
2617 4738 2759 4792 οὕτω
2797 4737 3076 4809 συντριϐῇ.
3131 4737 3339 4801 Ἄλλως
3374 4754 3455 4801 τε,
3492 4737 3553 4789 Ei
3600 4737 3908 4809 ἐπεπήδησε

2346 4830 2425 4903 τῷ
2470 4831 2683 4901 θανάτῳ
2724 4831 2753 4884 ὁ
2808 4830 3031 4901 Κύριος,
3088 4829 3289 4883 ἔδωκεν
3344 4830 3410 4883 ἂν
3468 4831 3579 4891 τοῖς
3636 4827 3909 4889 Ἰουδαίοις

2347 4922 2663 4991 ἀπολογίαν,
2696 4922 2770 4985 ὼς
2802 4923 2899 4991 οὐχ
2929 4921 3176 4991 ἥμαρτον
3223 4921 3644 4984 ἀποκτείναντες
3666 4922 3759 4973 τὸν
3790 4922 3905 4972 ἑπι-

2348 5008 2665 5080 πηδήσαντα
2684 5008 2760 5079 τῷ
2787 5009 2971 5067 πάθει.
3004 5008 3101 5061 Ἐκ
3142 5009 3330 5062 τούτου
3362 5010 3419 5063 δὲ
3450 5010 3796 5080 μανθάνομεν
3823 5011 3909 5062 καὶ

2350 5099 2503 5151 αὐτοὶ
2531 5098 2605 5169 μὴ
2645 5099 2987 5170 ὲπιῤῥίπτειν
3015 5100 3242 5161 ἑαυτοὺς
3283 5101 3363 5163 είς
3402 5100 3768 5170 πειρασμοίις,
3800 5100 3906 5154 ἀλλ’

2349 5187 2599 5257 εὔχεσθαι
2627 5187 2887 5258 ρυσθήναι
2917 5192 2981 5241 ἐκ
3006 5188 3207 5242 τούτων
3229 5205 3243 5219 ο
3279 5189 3364 5243 διὰ
3390 5189 3549 5243 τοῦτο
3583 5192 3693 5262 γὰρ
3726 5194 3821 5245 καὶ
3852 5192 3905 5243 οὗ

2351 5278 2481 5331 πολὺ
2541 5278 2932 5348 παρεξέρχεται
2978 5279 3284 5350 διάστημα,
3336 5281 3471 5335 ἁλλά
3524 5282 3756 5351 πλησίον
3806 5282 3904 5334 τῶν

2349 5370 2514 5439 τριῶν
2562 5369 2837 5438 μαθητῶν,
2886 5370 2970 5423 ἵνα
3027 5371 3315 5435 ἀκούοντες
3370 5371 3555 5436 αὑτοῦ,
3603 5377 3906 5443 μνήσωνται

2351 5462 2442 5513 καὶ
2490 5462 2641 5514 αὐτοὶ
2686 5466 3010 5530 πειρασμοῖς
3062 5465 3468 5533 περιπεσόντες,
3502 5467 3593 5516 καὶ
3640 5466 3709 5517 τὰ
3754 5466 3904 5534 ὅμοια

2351 5551 2638 5615 εὔξωνται·
2667 5555 2923 5622 ποτήριον
2954 5553 3007 5607 δὲ
3036 5555 3291 5623 ὀνομάζει
3323 5557 3379 5607 τὸ
3423 5556 3615 5618 πάθος,
3645 5558 3677 5628 ἢ
3707 5557 3793 5609 διὰ
3822 5556 3904 5608 τὸν

2351 5645 2412 5697 ὲκ
2440 5644 2628 5696 τούτου
2660 5644 2842 5705 ὕπνον,
2877 5644 2906 5713 ἦ
2938 5646 3069 5698 διότι
3119 5646 3453 5716 εὐφροσύνης
3493 5648 3665 5699 αἴτιον
3690 5649 3778 5701 καί
3808 5664 3903 5697 aw-

2349 5730 2540 5799 τηρίας
2586 5733 2717 5800 ἡμῖν
2754 5732 2967 5800 ἐγένετο
2996 5751 3010 5765 σ
3040 5733 3181 5787 θέλει
3224 5735 3281 5787 δὲ
3330 5736 3805 5807 παραϐιϐασθῆναι
3848 5738 3899 5787 τὸ
