4080 6336
620 402 723 472 451

1462 391 2045 459 THEOPHYLACTI
2084 386 2495 454 BULGARI/ﬁ
2530 386 2897 453 ARCHIEP.

3753 388 3864 453 I52

620 514 711 585 qui
757 528 840 569 me
871 508 1066 589 tradet.
1096 529 1119 563 ι
1144 507 1453 564 Ostendens
1506 507 1645 576 quod
1673 522 1776 561 non
1811 519 1963 575 opus
1988 503 2184 559 habeat

2295 518 2414 572 μιν,
2448 502 2557 555 ἰδοὺ
2584 503 2813 573 ἥγγικεν
2851 500 2878 551 6
2923 495 3245 586 παραδιδούς
3277 517 3365 569 με.
3400 518 3419 553 ι
3455 499 3751 565 Δεικνύων.
3781 505 3866 558 ὅτι

621 605 836 671 illorum
858 600 1104 657 subsidio
1146 598 1363 669 quando
1418 598 1487 651 sit
1539 595 1857 657 tradendus,
1882 594 2020 648 dicit
2044 593 2185 648 illis:

623 694 862 751 Domita
891 706 1051 746 nunc.
1088 688 1179 743 Vel
1200 703 1295 759 per
1317 687 1543 741 ironiam
1590 688 1694 739 hoc
1716 685 1877 749 dixit,
1932 683 2085 753 quasi
2117 686 2189 737 ita

626 787 828 841 diceret
869 801 883 838 :
912 783 1051 838 Ecce
1083 779 1523 850 appropinquavit
1565 778 1831 846 proditor.
1860 785 1915 830 et
1937 777 1981 831 si
2010 775 2189 845 placet

624 876 793 937 vobis,
826 882 879 929 et
913 874 1175 943 permittit
1223 880 1452 936 tempus.
1486 868 1744 923 dormite.
1770 867 1986 922 Excitat
2025 866 2187 935 igitur

625 968 745 1021 illos
776 982 804 1019 a
841 967 959 1020 loco
991 965 1080 1018 illo
1102 963 1191 1018 ubi
1211 962 1423 1027 orabat,
1456 970 1511 1015 et
1550 961 1755 1035 accedit
1778 959 1847 1015 ad
1874 972 1968 1014 eos
1988 958 2077 1026 qui
2111 958 2192 1027 ἱρ-

627 1075 747 1114 sum
798 1055 1249 1125 comprehensuri
1269 1063 1443 1119 erant,
1472 1065 1525 1108 et
1553 1053 1891 1109 occurriteis
1914 1051 2068 1121 quasi
2097 1049 2191 1104 la-

629 1161 737 1203 tum
790 1149 1061 1217 quidpiam
1102 1147 1202 1201 sibi
1267 1146 1500 1201 oblaturi
1561 1145 1825 1199 venirent.
1861 1142 1951 1197 Sic
1999 1150 2053 1197 et
2099 1139 2188 1195 illa

625 1257 741 1309 quae
773 1248 1021 1309 precatus
1067 1249 1169 1302 est,
1199 1246 1449 1309 precatus
1481 1242 1571 1293 est
1616 1246 1673 1290 ut
1708 1231 2020 1290 credibilior
2049 1242 2190 1290 esset

625 1332 975 1400 dispensatio,
1016 1338 1069 1383 et
1117 1330 1257 1397 quod
1291 1329 1547 1383 voluisset
1582 1323 1713 1381 ‘non
1748 1328 1881 1396 pati,
1920 1336 1978 1381 ut
2002 1338 2189 1381 cerva-

628 1432 812 1474 rentur
887 1419 1090 1472 Hebraei
1120 1432 1148 1471 a
1208 1418 1534 1486 perditione,
1580 1431 1700 1486 qua:
1753 1417 1831 1470 eis
1875 1415 2190 1470 imminebat

628 1523 843 1582 promer
866 1521 1142 1581 peccatum
1182 1508 1329 1579 quod
1366 1509 1419 1563 in
1462 1510 1631 1579 ipsum
1694 1513 1849 1563 erant
1920 1516 2190 1577 perpetra-

631 1616 755 1659 lurt.

696 1780 855 1837 Vens.
886 1780 1079 1837 47-50.
1108 1799 1127 1833 ι
1188 1780 1250 1834 Ει
1275 1779 1363 1834 illo
1394 1778 1574 1833 adhuc
1626 1778 1907 1848 loquente,
1937 1788 2064 1832 ecce
2092 1774 2190 1831 In-

2291 596 2353 648 ού
2390 595 2577 665 χρείαν
2608 594 2719 663 ἔχει
2750 593 2846 662 τῆς
2876 592 3007 661 παρ’
3032 582 3211 645 αὐτῶν
3240 592 3581 663 ἐπικουρίας,
3610 594 3701 646 61c
3739 596 3863 664 μέλε

2287 685 2370 739 let.
2403 684 2797 754 παραδοθῆναι,
2845 684 3013 753 φησὶν
3054 683 3267 746 αὐτοῖς’
3303 684 3609 738 Καθεύδετε
3663 684 3727 738 τδ
3758 686 3865 738 101-

2290 777 2425 831 πόνει
2472 776 2504 845 ἢ
2551 776 2671 829 κατ’
2706 776 2989 845 εἰρωνείαν
3035 774 3194 829 τοῦτό
3245 792 3429 847 φησιν,
3468 777 3667 831 ὡσανεὶ
3709 776 3865 831 τοετο

2288 865 2495 936 λέγων’
2524 868 2654 921 Ἰδοὺ
2702 868 2930 939 ἤγγικεν
2984 870 3011 921 6
3062 868 3361 939 προδότης,
3414 871 3509 922 καὶ
3556 871 3605 922 εἰ
3644 870 3864 939 ἀρέσκει

2291 957 2439 1025 ὑμῖν,
2476 957 2573 1009 καὶ
2604 957 2829 1026 παρέχει
2858 958 2886 1008 6
2917 956 3125 1027 καιρὸς,
3163 957 3469 1011 καθεύδετε.
3513 958 3749 1028 Ἐγείρει
3773 957 3863 1012 οὖν

2292 1049 2490 1113 αὐτοὺς
2522 1049 2629 1101 ἀπὸ
2658 1047 2753 1102 106
2783 1049 2948 1102 τόπου
2978 1048 3188 1103 ἐκείνου
3215 1049 3340 1103 ἔνθα
3372 1049 3741 1120 προσηύχετο,
3772 1050 3866 1104 καὶ

2293 1140 2655 1212 προσέρχεται
2708 1142 2822 1203 τοῖς
2877 1140 3161 1210 μέλλουσιν
3208 1139 3369 1193 αὐτόν
3416 1140 3719 1207 συλλαϐεῖν,
3771 1141 3863 1194 καὶ

2290 1232 2651 1304 προσυπαντᾷ
2680 1230 2881 1297 αὐτοῖς,
2911 1232 2985 1295 ὡς
3015 1250 3067 1284 τι
3097 1232 3425 1303 εὐφρόσυνον
3455 1232 3712 1302 μέλλουσι
3741 1231 3862 1285 606-

2288 1340 2380 1381 ναι
2413 1326 2585 1395 αὐτῷ.
2618 1323 2774 1378 Οὕτω
2800 1324 2893 1377 καὶ
2923 1327 3102 1378 ικεῖνα
3138 1325 3173 1379 ἃ
3203 1324 3417 1396 ηὔχετο,
3454 1324 3543 1378 διὰ
3568 1326 3630 1378 τὸ
3658 1323 3862 1377 πιστώ-

2294 1416 2493 1470 σασθαι
2520 1414 2617 1486 τὴν
2643 1414 2955 1485 οἰκονομίαν
2980 1415 3199 1487 ηύχετο,
3233 1418 3328 1470 καὶ
3353 1415 3520 1469 θέλων
3543 1416 3618 1485 μὴ
3648 1415 3861 1482 παθεῖν,

2294 1508 2383 1562 ἵνα
2418 1506 2827 1579 συντηρηθῶσιν
2858 1509 2907 1561 οἰ
2970 1507 3207 1579 Ἑϐραῖοι
3258 1510 3323 1562 ὲκ
3368 1510 3465 1578 τῆς
3496 1507 3796 1571 ἀπωλείας,
3827 1508 3859 1577 ἢ

2291 1600 2485 1671 ἔμελλε
2516 1598 2925 1670 καταλήψεσθαι
2948 1601 3144 1664 αὐτοὺς
3165 1600 3252 1655 διὰ
3278 1599 3375 1668 τὴν
3397 1602 3475 1664 εἰς
3495 1600 3658 1653 αὑτὸν
3688 1601 3865 1671 ἀμαρ-

2288 1692 2430 1745 ⁴τίαν.

2369 1798 2388 1832 ι
2422 1780 2534 1834 Καὶ
2561 1779 2641 1834 ἔτι
2672 1780 2839 1834 αὐτοῦ
2880 1779 3187 1846 λαλοῦντος,
3241 1780 3350 1834 ἰδοὺ
3400 1779 3600 1845 Ἰούδας
3640 1777 3724 1846 εἷς
3758 1782 3866 1836 τῶν

626 1875 721 1927 das
746 1890 882 1928 unus
910 1888 974 1927 ex
1006 1873 1285 1927 duodecim
1317 1872 1483 1934 venit,
1519 1879 1575 1925 et
1599 1884 1721 1924 eum
1749 1883 1813 1923 eo
1840 1867 1995 1921 turba
2025 1865 2184 1920 multa

2290 1867 2495 1923 δώδεκα
2519 1865 2670 1940 ἦλθε,
2706 1869 2801 1923 καὶ
2845 1869 2962 1939 μετ’
2994 1868 3156 1923 αὑτοῦ
3200 1869 3356 1940 δχλος
3388 1870 3555 1934 πολὺς
3591 1873 3730 1941 μετά
3767 1890 3864 1945 μα-

628 1981 748 2020 cnm
784 1966 973 2035 gladiis
1014 1974 1068 2019 et
1100 1964 1353 2028 fustibus,
1387 1963 1534 2017 missi
1568 1977 1597 2015 ι
1657 1958 1988 2029 principibus
2010 1971 2189 2012 sacer-

627 2057 805 2109 dotum
837 2067 890 2109 et
921 2054 1226 2109 senioribus
1298 2054 1496 2123 populi.
1531 2052 1580 2104 Is
1620 2064 1749 2105 vero
1808 2051 1899 2117 qui
1946 2046 2190 2101 tradebat

626 2162 770 2207 cum,
804 2145 948 2198 dedit
970 2144 1074 2197 illis
1099 2144 1329 2213 signum,
1359 2142 1561 2197 dicens
1586 2159 1599 2196 :
1631 2139 2012 2208 Quemcunque
2032 2150 2189 2191 oscu-

625 2238 767 2292 latus
799 2236 972 2301 fuero,
1005 2237 1114 2305 ipse
1140 2246 1243 2297 est,
1269 2244 1443 2288 tenete
1478 2250 1623 2289 eum.
1679 2231 1744 2286 Et
1782 2229 2068 2285 confestim
2096 2242 2187 2281 ac-

622 2333 821 2384 cedens
841 2339 906 2381 ad
928 2318 1131 2394 Iesum,
1160 2328 1293 2380 dixit
1318 2345 1336 2380 ε
1362 2328 1493 2391 Ave,
1524 2326 1715 2390 Rabbi,
1750 2321 2079 2377 etoscnlatus
2106 2328 2191 2373 est

624 2436 769 2473 etun.
831 2419 1081 2481 Dixitque
1129 2418 1201 2472 illi
1247 2417 1406 2471 Iesus
1449 2419 1699 2478 :Amice,
1758 2416 1821 2469 ad
1863 2413 1989 2483 quid
2025 2410 2189 2467 ades?

629 2514 777 2570 Tunc
809 2524 1173 2578 accesserunt,
1196 2524 1249 2567 et
1274 2527 1463 2567 manus
1486 2513 1778 2579 iniecerunt
1816 2512 1867 2565 in
1895 2510 2098 2572 Iesum,
2130 2517 2185 2562 et

627 2615 1056 2672 ceperunteum.
1100 2623 1118 2656 ι
1185 2602 1347 2658 Vides
1411 2618 1557 2656 arma
1631 2602 1943 2671 pontificum
2004 2600 2183 2670 qualia

626 2695 771 2750 sint?
798 2694 961 2761 Ligna
993 2705 1046 2749 et
1075 2696 1254 2763 gladii.
1291 2694 1366 2749 ita
1394 2704 1547 2749 erant
1576 2694 1803 2764 paciﬁci,
1835 2704 1890 2747 et
1934 2694 2179 2760 spiritum

629 2786 1059 2857 mansuetudinis
1094 2785 1371 2840 habentes.
1404 2784 1550 2840 Unus
1580 2794 1754 2838 autem
1784 2801 1846 2837 ex
1881 2783 2181 2845 duodecim,

629 2876 766 2929 dixit
798 2874 1164 2945 Erangelista,
1184 2876 1456 2937 admirans
1475 2875 1616 2943 quod
1647 2875 1772 2928 licet
1798 2891 1859 2928 ex
1912 2873 2099 2941 primis
2130 2882 2184 2926 et

628 2966 817 3020 electis
848 2976 1013 3032 esset,
1038 2965 1249 3020 diabolo
1282 2982 1339 3020 se
1366 2967 1603 3019 tradidit.
1635 2963 1809 3031 Unde,
1843 2950 2101 3030 lmmo,‘et
2125 2972 2179 3017 tu

628 3051 776 3121 time,
812 3058 929 3111 licet
964 3072 1028 3111 ex
1064 3057 1493 3111 faudliarissimis
1525 3057 1623 3122 sis,
1658 3071 1723 3110 ne
1775 3070 2005 3125 unquam
2041 3056 2179 3110 desi-

626 3150 726 3203 dia:
777 3163 934 3203 vaces
955 3160 1004 3201 et
1039 3148 1276 3203 acidas.
1308 3148 1530 3217 Signum
1563 3159 1739 3203 autem
1795 3149 1938 3201 dedit
1988 3146 2176 3212 Iudas,

625 3256 691 3294 eo
735 3242 877 3309 quod
903 3256 1001 3294 nox
1031 3252 1168 3305 erat,
1208 3250 1263 3295 et
1302 3254 1406 3294 non
1433 3250 1682 3308 poterant
1714 3241 2095 3293 internoscere.
2122 3240 2186 3292 Et

626 3332 805 3393 aliter,
864 3331 964 3395 Qui
1019 3340 1275 3384 venerant
1335 3330 1398 3381 ad
1446 3328 2027 3396 comprehendendum,
2080 3344 2183 3381 non

626 3430 873 3475 erantex
911 3422 1063 3473 turba
1098 3430 1193 3484 tot,
1217 3429 1347 3489 quot
1381 3434 1446 3472 ex
1493 3420 1662 3473 servis
1726 3417 2061 3488 pontiﬁcum,
2093 3418 2182 3486 qui

625 3511 843 3565 omnino
876 3510 1009 3564 forte
1039 3526 1140 3563 non
1161 3518 1519 3580 cognoverant
1545 3508 1747 3573 Iesum,
1775 3510 1867 3563 sed
1891 3506 2057 3561 Iudas
2086 3522 2183 3560 no-

628 3612 735 3653 tum
772 3604 899 3656 facit
928 3604 1006 3655 eis
1050 3599 1358 3671 Magistrum
1407 3602 1613 3656 osculo.
1673 3599 1805 3653 Nam
1848 3614 1975 3654 cum
2017 3600 2185 3654 sciret

629 3696 923 3748 bonitatem
949 3692 1178 3759 Domini,
1217 3692 1449 3746 audebat
1489 3693 1635 3747 illum
1668 3692 1918 3748 osculari.
1974 3691 2065 3745 ille
2088 3706 2185 3745 au-

628 3798 732 3842 tem
760 3786 864 3840 fert
892 3794 1068 3854 usQne
1094 3785 1157 3840 ad
1188 3786 1533 3840 novissimam
1582 3786 1771 3838 horam
1818 3784 2037 3838 studens
2090 3797 2185 3838 sua

625 3877 1027 3947 longanimitate
1093 3876 1269 3928 illum:
1314 3875 1536 3930 lucrari.
1584 3875 1713 3929 Cum
1766 3888 1949 3929 autem
2014 3889 2186 3942 neque

624 3974 702 4023 sic
761 3968 1078 4022 emendatus
1129 3975 1233 4031 est,
1269 3976 1397 4020 tunc
1454 3955 1587 4021 fecit
1611 3966 1726 4021 illos
1754 3968 1966 4033 cadere,
2001 3981 2188 4035 quem-

622 4062 905 4116 admodum
973 4060 1101 4113 dic'tt
1145 4056 1406 4124 Joannes,
1480 4069 1539 4113 ut
1591 4059 1674 4113 vel
1726 4059 1967 4113 cadendo
2023 4075 2188 4129 agno—

623 4163 772 4204 scatit
803 4150 967 4217 ipsius
998 4148 1270 4202 n't‘tutem.
1306 4146 1456 4202 Unde
1488 4158 1609 4202 cum
1650 4163 1823 4215 neque
1858 4150 1935 4201 sic
1959 4148 2184 4201 destite-

623 4244 731 4311 rint
760 4255 906 4294 asua
939 4241 1260 4301 temeritate,
1312 4248 1437 4294 tunc
1482 4241 1832 4309 semetipsum
1883 4240 1963 4293 eis
2016 4254 2209 4313 expo-p

622 4334 749 4390 suit.
778 4334 967 4389 Iudam
1014 4340 1192 4387 autem
1232 4334 1460 4386 amicum
1510 4340 1685 4393 vocat,
1740 4332 2015 4385 incessens
2037 4336 2181 4399 eum,

621 4438 672 4481 et
706 4442 931 4497 carpens
965 4435 1223 4493 tanquam
1254 4422 1499 4477 videlicet
1555 4423 1712 4475 amici
1763 4409 2003 4475 osculum
2054 4436 2182 4489 prte-

2294 1961 2502 2031 χαιρῶν
2532 1958 2627 2015 καὶ
2656 1960 2847 2027 ξύλων,
2881 1961 2988 2014 ἀπὸ
3017 1959 3126 2014 τῶν
3172 1962 3473 2033 ἀρχιερέων
3503 1964 3598 2016 καί
3627 1965 3866 2034 πρεσϐυ-

2287 2055 2464 2122 τέρων
2507 2051 2601 2105 106
2646 2051 2794 2106 λαοῦ.
2848 2054 2906 2105 Ὀ
2958 2052 3016 2105 δὲ
3062 2054 3389 2124 παραδιδοὺς
3434 2054 3619 2120 αὐτὸν,
3668 2054 3865 2110 ἔδωκεν

2289 2144 2473 2206 αὐτοῖς
2503 2146 2748 2215 σημεῖον,
2786 2143 2957 2211 λέγων
2978 2160 2991 2175 ·
3030 2144 3123 2197 Ὃν
3151 2144 3218 2198 ἀν
3253 2144 3487 2210 φιλήσω,
3530 2147 3699 2215 αὑτός
3729 2151 3863 2212 ἐστι,

2286 2213 2598 2307 κρατήσατε
2622 2237 2801 2290 αὐτόν.
2832 2238 2942 2291 Καὶ
2971 2236 3169 2301 εὐθέως
3205 2237 3521 2307 προσελθὼν
3549 2213 3627 2309 τῶ
3664 2239 3863 2309 Ἰησοῦ,

2287 2326 2405 2381 εἰπε
2432 2346 2445 2361 ·
2480 2330 2672 2397 Χαῖρε,
2719 2327 2937 2381 Ῥαϐὗίο
2980 2330 3071 2381 καὶ
3103 2329 3461 2397 κατεφίλησεν
3488 2330 3676 2385 αὐτόν.
3722 2331 3780 2384 ὐ
3812 2333 3863 2383 δὲ

2299 2418 2504 2489 Ἰησοῦς
2538 2415 2692 2473 εἶπεν
2746 2418 2896 2489 αὐτῷ
2931 2436 2945 2451 ο
3002 2420 3235 2489 Ἑταῖρε,
3277 2421 3363 2489 ἐφ’
3390 2411 3435 2487 ᾧ
3490 2422 3696 2490 rapat;
3735 2422 3867 2476 Τότε

2301 2511 2711 2581 προσελθόντες,
2742 2511 3005 2564 ἐπέϐαλον
3048 2512 3147 2574 τὰς
3184 2514 3370 2581 χεῖρας
3399 2514 3490 2565 ἐπὶ
3516 2513 3606 2567 τὸν
3633 2513 3863 2583 Ἰησοῦν,

2290 2604 2387 2656 καὶ
2436 2604 2750 2673 ἐκράτησαν
2800 2605 2982 2657 αὐτόν.
3013 2622 3031 2654 ι
3080 2604 3241 2674 Ὁρᾷς
3289 2605 3357 2658 τὰ
3407 2604 3516 2657 τῶν
3565 2605 3866 2675 ἀρχιερέων

2287 2694 2459 2763 σκεύη
2487 2711 2500 2759 ς
2533 2692 2679 2747 Ξύλα
2709 2694 2803 2747 καὶ
2844 2694 3129 2765 μάχαιραι.
3165 2692 3354 2757 Οὕτως
3395 2689 3536 2765 ἦσαν
3578 2695 3865 2766 εἰρηνικοὶ,

2287 2784 2458 2839 καὶτὸ
2485 2785 2701 2854 πνεῦμα
2726 2788 2817 2855 τῆς
2840 2784 3144 2855 πραότητος
3165 2783 3378 2854 ἔχοντες
3396 2802 3410 2816 ο
3435 2786 3495 2838 16
3516 2786 3599 2851 δὲ,
3649 2782 3733 2849 εἷς
3762 2784 3865 2840 τῶν

2285 2877 2519 2943 δώδεκα,
2556 2872 2711 2929 εἶπεν
2741 2877 2769 2927 6
2791 2876 3200 2945 εὐαγγελιστὴς,
3230 2875 3547 2946 θαυμάζων,
3577 2877 3662 2929 ὅτι
3691 2877 3865 2931 καίτοι

2286 2967 2659 3035 ἐξειλεγμένος
2695 2966 2791 3033 ὢν,
2823 2966 2917 3020 καὶ
2946 2968 3085 3038 μετά
3112 2967 3223 3021 τῶν
3255 2969 3486 3039 πρώτων
3514 2969 3862 3039 ταττόμενος.

2284 3058 2433 3127 ὅμως
2456 3057 2536 3128 τῷ
2575 3058 2801 3129 διαόόλῳ
2829 3058 3055 3111 δέδωκεν
3102 3058 3312 3112 ἑαυτόν.
3346 3059 3512 3113 Ὠστε
3546 3060 3643 3113 καὶ
3673 3058 3739 3112 σὺ
3769 3077 3863 3127 φο-

2288 3147 2410 3211 606,
2441 3150 2722 3219 ἄνθρωπε,
2756 3151 2860 3204 κᾶν
2900 3151 3013 3203 τῶν
3061 3152 3409 3206 οἰκειοτάτων
3457 3153 3595 3221 εἴης,
3652 3153 3863 3224 μήποτε

2287 3241 2759 3314 ἀπορῤαθυμήσας
2814 3242 3073 3313 ὲκπέσῃς.
3127 3244 3413 3315 Σύσσημον
3460 3246 3515 3299 δὲ
3570 3246 3787 3299 δίδωσιν
3835 3247 3863 3298 6

2299 3333 2517 3398 Ἰούδας,
2547 3333 2680 3386 διότι
2719 3332 2812 3385 καὶ
2836 3333 2932 3399 νὺξ
2962 3327 3050 3403 ἦν,
3084 3335 3177 3387 καὶ
3208 3336 3308 3388 οὐκ
3337 3336 3601 3405 ἠδύναντο
3628 3336 3860 3405 διαγνῶ-

2286 3438 2413 3476 ναι·
2449 3420 2625 3485 ἄλλως
2669 3436 2728 3473 τε
2758 3422 2851 3475 καὶ
2887 3422 2936 3475 οἰ
2990 3422 3231 3486 ἐλθόντες
3260 3425 3563 3491 συλλαϐεῖν,
3594 3426 3696 3479 οὐκ
3724 3421 3861 3497 ἦσαν

2284 3515 2347 3566 ὲκ
2394 3512 2485 3565 τοῦ
2536 3514 2693 3583 ὄχλου
2748 3513 3011 3580 τοσοῦτοι,
3060 3516 3173 3568 ὅσοι
3228 3517 3291 3568 ὲκ
3342 3516 3450 3569 τῶν
3510 3516 3717 3571 δούλων
3768 3517 3859 3571 τοῦ

2285 3604 2609 3672 ἀρχιερέως,
2636 3605 2684 3658 οἳ
2709 3605 2818 3659 οὐδ’
2844 3605 2979 3669 ὅλως
3009 3608 3148 3677 τάχα
3180 3607 3473 3679 ἐγνώριζον
3509 3609 3598 3662 τὸν
3630 3610 3858 3679 Ἰησοῦν.

2296 3693 2437 3747 Ἀλλ’
2469 3696 2498 3746 6
2542 3698 2789 3767 μαθητὴς
2843 3698 3097 3769 γνωρίζει
3157 3700 3342 3762 αὐτοῖς
3382 3700 3472 3753 τὸν
3514 3701 3855 3767 διδάσκαλον,

2284 3784 2348 3837 ἐκ
2392 3785 2482 3838 106
2541 3788 2892 3856 καταφιλεῖν·
2944 3789 3099 3851 εἰδὼς
3156 3790 3265 3860 γάρ
3300 3792 3400 3861 τὴν
3452 3790 3858 3865 φιλανθρωπίαν

2284 3875 2376 3928 τοῦ
2412 3878 2637 3947 Κυρίου,
2674 3878 2999 3949 θρασύνεται
3030 3880 3125 3933 καὶ
3163 3881 3412 3951 φιλῆσαι.
3443 3882 3503 3934 '0
3528 3882 3584 3935 δὲ
3612 3884 3859 3953 ἀνέχεται

2285 3964 2414 4036 ἄχρι
2442 3968 2534 4020 καὶ
2572 3970 2671 4037 τῆς
2714 3970 3030 4034 τελευταίας
3072 3970 3242 4040 ὥρας,
3282 3971 3596 4037 σπουδάζων
3629 3975 3718 4028 διὰ
3762 3975 3855 4045 τῆς

2288 4058 2669 4128 μακροθυμίας
2696 4062 2855 4114 αὑτὸν
2906 4062 3190 4132 κερδῆσαι.
3227 4063 3361 4115 Ὀτι
3410 4062 3469 4117 δὲ
3517 4064 3641 4117 οὐδὲ
3686 4064 3853 4130 οὕτως

2284 4148 2677 4221 ὲσωξρρονίσθη,
2721 4153 2842 4203 τότε
2878 4155 3021 4204 ποιεῖ
3054 4151 3251 4217 αὐτοὺς
3286 4156 3491 4219 πεσεῖν,
3526 4155 3601 4218 ὡς
3624 4158 3653 4208 6
3679 4157 3852 4209 Ἰωάν·

2284 4256 2382 4308 νης
2409 4240 2597 4308 φησὶν,
2643 4240 2729 4293 ἴνα
2764 4243 2867 4295 κᾶν
2918 4242 3005 4295 διὰ
3045 4242 3137 4297 τοῦ
3194 4248 3399 4311 πεσεῖν,
3451 4246 3719 4313 ἑπιγνῶσι
3758 4248 3850 4319 τὴν

2283 4329 2447 4384 αὑτοῦ
2494 4331 2757 4401 δύναμιν
2805 4333 2881 4395 ὡς
2932 4333 2988 4387 δὲ
3030 4334 3140 4409 οὐδ’
3188 4334 3360 4398 οὕτως
3403 4337 3722 4403 ἀπέστησαν
3762 4341 3852 4408 τῆς

2284 4420 2641 4494 θρασύτητος,
2676 4424 2799 4477 τότε
2846 4426 3126 4479 ικδίδωσιν
3172 4428 3361 4481 ἑαυτόν
3385 4444 3400 4460 ·
3434 4430 3650 4498 ἑταῖρον
3682 4432 3739 4484 δὲ
3766 4433 3850 4485 τὸν

622 4522 857 4574 bentem.
908 4518 1059 4584 Quod
1120 4534 1245 4571 vero
1302 4517 1449 4582 dicit,
1486 4516 1563 4569 Ad
1595 4514 1718 4583 quid
1748 4516 1893 4577 ades,
1953 4516 2176 4578 boccst,

2294 4515 2496 4567 Ἰούδαν
2549 4518 2727 4579 καλεῖ,
2784 4517 3062 4587 κωμῳδῶν
3117 4518 3281 4572 αὑτὸν
3323 4516 3417 4573 καὶ
3458 4520 3752 4589 διασύρων,
3780 4521 3849 4586 ὡς

622 4626 729 4681 qua
756 4611 1050 4665 intentione
1076 4610 1164 4662 bic
1195 4607 1369 4662 ades?
1424 4605 1665 4673 Nunquid
1704 4612 1760 4658 ut
1793 4605 2034 4659 amicus?
2086 4607 2192 4659 sed.

627 4718 735 4757 non
774 4704 1053 4771 oportebat
1114 4715 1236 4755 cum
1277 4698 1467 4768 gladiis
1504 4697 1777 4750 advenire.
1826 4695 2074 4764 Nunquid
2100 4706 2179 4749 ‘nt

628 4792 909 4848 inimicus?
938 4802 991 4847 et
1016 4790 1286 4862 quomodo
1316 4788 1581 4845 oscularis
1602 4788 1625 4840 ?
1650 4787 1838 4857 Arguit
1864 4786 2023 4857 igitur
2056 4800 2178 4841 eum

625 4892 685 4943 ut
718 4884 982 4941 dolosam.

698 5060 857 5115 Vsus.
884 5060 1070 5115 δι-ει.
1107 5078 1124 5111 ι
1150 5061 1214 5114 Ει
1245 5074 1369 5115 ecce
1399 5074 1533 5113 unus
1550 5069 1613 5112 ex
1635 5058 1719 5113 bis
1743 5058 1835 5128 qui
1871 5068 2024 5112 erant
2056 5072 2178 5112 cum

624 5152 769 5216 Iesu,
786 5152 1079 5207 extendens
1104 5166 1342 5213 manum,
1365 5148 1515 5218 151
1536 5148 1977 5219 exemitgladium
1999 5155 2178 5217 suum,

508 5246 511 5249 λ
625 5255 681 5299 et
710 5244 1014 5314 percutiens
1045 5257 1257 5297 servum
1288 5241 1546 5309 principis
1595 5244 1953 5307 sacerdotum,
1987 5258 2179 5313 ampu-

627 5334 757 5389 tavit
778 5330 1220 5400 auriculamejus.
1258 5329 1410 5385 Tunc
1439 5330 1571 5385 dicit
1602 5330 1673 5386 illi
1710 5330 1901 5387 Iesus:
1939 5334 2177 5388 Conver-

626 5436 676 5480 te
694 5424 928 5495 gladium
962 5430 1109 5478 tuum
1160 5424 1213 5479 in
1251 5423 1425 5479 locum
1468 5438 1647 5479 suum.
1690 5421 1890 5481 Omnes
1915 5426 2057 5480 enim
2085 5430 2173 5497 qui

626 5516 925 5583 acceperint
955 5515 1205 5584 gladium,
1238 5514 1412 5586 gladio
1441 5516 1709 5584 peribunt.
1740 5516 1819 5569 Au
1855 5511 2010 5587 putas
2037 5522 2178 5586 quod

626 5621 729 5659 non
762 5604 958 5673 possim
997 5620 1136 5660 nunc
1161 5621 1349 5675 rogare
1379 5603 1595 5660 Patrem
1640 5620 1839 5670 meum,
1872 5615 1925 5662 et
1954 5610 2167 5662 exhibe-

627 5695 705 5749 bit
731 5696 857 5749 mibi
887 5696 1063 5766 plures
1084 5712 1242 5766 quam
1269 5699 1550 5753 duodecim
1578 5698 1815 5767 legiones
1831 5701 2140 5769 angelorum
2159 5700 2181 5753 ἰ

632 5787 748 5853 Quo
779 5800 931 5858 pacto
976 5791 1136 5859 igitur
1180 5790 1538 5858 implebantur
1574 5790 1887 5861 Scriptura,
1944 5796 2067 5862 quia
2104 5795 2179 5849 sic

2279 4605 2437 4675 δῆθεν
2464 4606 2683 4676 ἑταίρου
2706 4608 2918 4677 φίλημα
2935 4608 3113 4662 δόντα·
3134 4610 3193 4662 16
3217 4610 3297 4676 δὲ,
3315 4611 3431 4678 Ἐφ’
3458 4604 3502 4677 ᾧ
3530 4610 3717 4681 πάρει,
3736 4615 3848 4666 ἀντί

2280 4696 2505 4759 τοῦ,ὲπ⁴ἰ
2532 4698 2669 4767 ποίῳ
2700 4697 2889 4768 σκοπῷ
2922 4701 3082 4769 πάρει
3112 4700 3376 4768 ὲνταῦθα;
3408 4696 3647 4774 Ἀραὼς
3682 4705 3847 4772 φίλος,

2282 4786 2376 4838 καὶ
2413 4786 2517 4855 μὴν
2544 4786 2643 4839 οὐκ
2670 4786 2781 4839 ἔδει
2809 4789 2951 4857 μετὰ
2984 4789 3268 4862 μαχαιρῶν
3298 4794 3579 4863 παρῶσαι.
3616 4794 3757 4849 Ἀλλ’
3779 4796 3849 4857 ὡς

2281 4877 2507 4945 exui-145;;
2535 4878 2627 4931 καὶ
2658 4878 2770 4943 πῶς
2804 4880 3163 4950 καταφιλεῖς;
3208 4881 3449 4955 Ἑλέγχει
3482 4882 3663 4938 τοίνυν
3692 4886 3847 4939 αὑτὸν

2280 4968 2355 5031 ὡς
2390 4967 2583 5021 δόλιον.

2358 5084 2377 5116 ι
2417 5064 2527 5118 Kal.
2585 5064 2693 5117 ἰδοὺ
2752 5060 2831 5129 εἷς
2864 5066 2970 5120 τῶν
3005 5068 3144 5137 μετά
3184 5067 3381 5139 Ἰησοῦ,
3427 5069 3676 5134 ἔκτεινας
3750 5073 3845 5141 τὴν

2281 5155 2457 5225 χεῖρα,
2494 5156 2781 5208 ἀπέσπασε
2824 5155 2921 5227 τὴν
2984 5157 3259 5227 μάχαιραν
3293 5158 3484 5224 αὑτοῦ,
3537 5161 3639 5214 καὶ
3670 5162 3844 5215 πατα-

2282 5246 2375 5310 ξας
2418 5246 2509 5299 τὸν
2558 5245 2741 5299 δοῦλον
2790 5246 2885 5300 106
2936 5250 3261 5320 ἀρχιερέως,
3315 5250 3536 5319 ἀφεῖλεν
3581 5251 3751 5305 αὑτοῦ
3788 5251 3846 5302 τὸ

2279 5338 2458 5391 ὠτίον.
2507 5338 2639 5389 Τότε
2690 5338 2839 5405 λέγει
2892 5340 3041 5411 αύτῷ
3092 5342 3121 5393 6
3164 5341 3408 5410 Ἰησοῦς·
3481 5344 3845 5415 ’Λπόστρεψόν

2282 5446 2374 5481 σου
2404 5429 2499 5497 τὴν
2531 5429 2807 5501 μάχαιραν
2850 5432 2929 5494 εἰς
2963 5434 3054 5485 τδν
3080 5434 3246 5487 τόπον
3280 5435 3467 5506 αὐτῆς.
3503 5436 3711 5499 Πάντες
3740 5437 3842 5507 γὰρ

2280 5527 2327 5577 οἱ
2353 5524 2605 5589 λαὸόντες
2638 5524 2934 5597 μάχαιραν,
2972 5530 3028 5580 ὲν
3062 5531 3307 5601 μαχαίρᾳ
3345 5531 3743 5586 ἀποθανοῦνται
3764 5548 3777 5563 '
3808 5530 3837 5600 ἢ

2280 5616 2455 5679 δοκεῖς
2486 5618 2565 5670 ὅτι
2606 5618 2663 5670 οὐ
2689 5618 2921 5690 δύναμαι
2939 5621 3061 5690 ἄρτι
3090 5625 3461 5693 παρακαλέσαι
3496 5624 3586 5677 16v
3627 5624 3840 5693 Πατέρα

2286 5726 2406 5777 μου,
2456 5710 2551 5761 καὶ
2596 5713 2939 5783 παραστήσει
2985 5731 3073 5783 μοι
3101 5714 3317 5778 πλείους
3359 5715 3617 5786 ἡδὼδεκα
3647 5715 3840 5783 λεγεῶ-

2286 5818 2379 5863 νας
2406 5800 2655 5869 ἀγγέλων
2685 5819 2698 5869 ;
2730 5802 2853 5867 Πῶς
2885 5804 2975 5858 οὖν
3010 5806 3371 5877 πληρωθῶσιν
3409 5809 3464 5861 αἰ
3495 5788 3732 5878 Poridi,
3762 5808 3835 5860 ὅτι
