4080 6336
214 385 325 451 453

794 371 1242 453 numnum
1281 368 1363 430 IN
1396 363 1802 439 .EVANGsLn

1907 368 1909 425 ζ
1944 364 2335 427 ΜΑΤΤΗΕΙ.
2368 380 2441 405 --
2477 365 2634 428 ΟΑΡ
2680 366 2891 430 XXVI.

3386 368 3494 433 451

210 496 359 549 οὕτω
402 492 484 547 δεῖ
520 486 805 560 γενέσθαι;
861 503 881 537 ι
917 482 1124 553 Πέτρος
1176 474 1245 548 ἦν
1298 479 1325 530 ὁ
1376 474 1475 545 τὴν
1522 472 1801 557 μάχαιραν

1907 479 2120 542 oportet
2153 472 2313 526 ﬁeri?
2354 491 2371 523 ι
2404 472 2602 528 Petrus
2647 484 2764 527 erat
2800 472 2890 544 qui
2918 472 3159 543 gladium
3187 485 3487 542 exemerat,

217 584 588 655 σπασάμενος,
611 578 757 633 καθά
815 576 1069 643 Ἰωάννης
1110 571 1277 642 φησίν
1302 585 1316 600 ·
1366 563 1482 639 εἶχε
1512 566 1571 619 δὲ
1604 567 1807 657 μάχαι-

218 695 341 749 ραν,
376 678 453 739 ὼς
480 676 604 744 ἀρτι
632 671 694 724 τὸ
714 670 901 743 ἀρνίον
937 666 1129 729 θύσας,
1167 662 1196 717 ὃ
1246 661 1472 730 ἔφαγον.
1510 659 1602 728 Μὴ
1629 660 1799 726 ἐγκα-

217 770 404 840 λῶμεν
440 766 498 820 δὲ
530 764 610 835 τῷ
673 764 885 833 Πέτρῳ.
946 759 1024 814 Οὐ
1065 757 1174 828 γὰρ
1212 754 1355 826 ὑπὲρ
1400 752 1621 815 ἑαυτοῦ,
1685 750 1801 804 ἀλλ’

218 861 363 929 ὑπὲρ
385 854 478 923 τοῦ
508 853 830 910 διδασκάλου
860 849 1135 921 ζηλώσας,
1162 846 1323 900 τοῦτο
1346 845 1607 916 ἐποίησεν
1638 861 1650 874 ·
1686 845 1715 897 6
1742 841 1800 894 δὲ

222 950 433 1021 Κύριος
471 942 902 1019 μεταρυθμίζων
928 942 1095 996 αὐτὸν
1128 942 1215 1005 είς
1240 936 1609 1009 εὐαγγελικῂν
1642 938 1795 991 πολε-

1906 571 1963 617 ut
1998 561 2236 618 Joannes
2283 564 2415 618 dicit
2441 565 2508 620 ‘°.
2565 563 2809 620 Habebat
2853 574 3031 620 autem
3065 565 3328 634 gladium,
3376 581 3484 636 quo

1903 671 2101 727 agnum
2142 654 2461 711 Paschalem
2503 664 2793 710 mactarat.
2836 656 2953 711 Non
2994 658 3276 725 arguimus
3306 667 3487 713 autem

1904 746 2150 812 Petrum,
2206 748 2463 817 quoniam
2516 761 2624 801 non
2672 762 2771 817 pro
2810 762 2891 813 se,
2951 747 3043 804 sed
3082 761 3177 817 pro
3234 747 3488 819 Magistro

1902 839 2017 894 zelo
2049 842 2245 896 ardens
2275 841 2375 895 hoc
2411 840 2559 895 fecit.
2602 840 2867 895 Dominus
2901 857 3027 897 vero
3065 842 3334 911 adaptans
3360 858 3486 898 eum

1902 932 1969 985 ad
1996 931 2388 1003 revangelicarn
2420 932 2608 996 vitam,
2646 933 2802 987 docet
2850 948 2954 987 non
2991 935 3249 988 utendum
3284 936 3485 1001 gladio,

218 1042 400 1107 τείανς-
423 1038 663 1094 διδάσκει
693 1036 773 1108 μὴ
817 1034 1055 1108 χρῆσθαι
1107 1032 1376 1103 μαχαίρᾳ,
1402 1031 1504 1089 κᾶν
1536 1032 1627 1085 τὸν
1665 1030 1799 1085 Θεὸν

1907 1024 2117 1080 etiamsi
2153 1026 2276 1095 quis
2311 1026 2479 1081 Deum
2524 1025 2717 1080 ulcisci
2756 1028 3025 1081 videatur.
3062 1026 3231 1081 Porro
3286 1027 3479 1083 Petrus

218 1113 467 1204 δοκῇτις
508 1131 766 1185 ἐκδικεῖν.
804 1127 1000 1197 Τεμὼν
1046 1124 1112 1179 δὲ
1159 1126 1223 1178 τὸ
1273 1124 1435 1178 ὠτίον
1486 1124 1517 1175 δ
1563 1124 1794 1193 Πέτρος,

219 1226 493 1280 δείκνυσιν
536 1222 619 1277 ὅτι
663 1220 925 1293 ἀνηκοΐαν
984 1218 1203 1272 ἐνόσουν
1253 1217 1303 1269 οί
1368 1215 1639 1269 Ἰουδαῖοι·
1679 1210 1799 1267 εἷτα

221 1319 315 1372 καὶ
344 1317 405 1369 τὸ
440 1315 534 1369 τοῦ
571 1314 736 1385 νόμου
776 1311 941 1382 ῥητὸν
963 1311 1199 1382 τίθησιν,
1228 1312 1314 1363 ὅτι
1344 1310 1373 1362 ὁ
1424 1308 1620 1377 φονεὺς
1651 1308 1800 1362 ἀντιο

220 1406 543 1477 φονεύεται·
579 1407 609 1459 ὁ
655 1405 766 1475 γὰρ
804 1404 970 1474 νόμος
998 1403 1157 1455 τοῦτό
1187 1418 1373 1473 φησιν,
1405 1401 1487 1454 ὅτι
1519 1402 1566 1453 οἱ
1606 1399 1798 1455 λαϐόν-

218 1514 312 1561 τες
339 1496 615 1569 μάχαιραν
658 1497 726 1569 ’έν
758 1493 1006 1566 μαχαίρᾳ
1036 1490 1456 1547 ἀποθανοῦνται.
1491 1490 1799 1543 Δίνίττεταε

217 1589 277 1643 δὲ
323 1566 561 1643 sitsit
600 1566 699 1656 τῆς
730 1585 838 1639 τῶν
874 1583 1165 1654 Ῥωμαίων
1198 1580 1474 1654 μαχαίρας
1499 1579 1798 1650 ἀναιρεθή-

220 1699 406 1737 σονται
446 1682 494 1734 οί
527 1679 651 1734 κατ’
676 1677 843 1733 αὑτοῦ
889 1675 1146 1740 λαϐόντες
1181 1675 1280 1747 τὴν
1340 1675 1623 1745 μάχαιραν
1670 1673 1800 1727 Ἰου-

1902 1130 2188 1187 amputans
2221 1121 2543 1185 auriculam,
2584 1122 2825 1177 ostendit
2851 1118 3069 1176 Judteos
3110 1121 3482 1177 inobedieutia

1902 1212 2171 1267 laborare.
2219 1214 2421 1268 Deinde
2464 1223 2517 1269 et
2538 1214 2741 1268 dictum
2769 1215 2902 1284 legis
2932 1214 3103 1284 ponit,
3131 1216 3272 1284 quod
3306 1215 3485 1270 homi-

1902 1305 2020 1360 cida
2075 1313 2131 1360 et
2170 1308 2283 1374 ipse
2330 1308 2621 1363 occiditur.
2670 1303 2971 1361 Lex’enim
3024 1308 3126 1361 hoe
3160 1309 3313 1369 dicit,
3343 1308 3488 1376 quod

1898 1397 1992 1465 qui
2034 1399 2348 1467 acceperint
2380 1399 2641 1468 gladium,
2680 1400 2981 1453 mariantur
3002 1400 3205 1469 gladio.
3243 1400 3489 1455 Iusiuuat

1901 1496 2082 1541 autem
2143 1490 2284 1558 quod
2332 1488 2697 1544 Rmuannrum
2755 1490 2933 1559 gladio
2993 1490 3225 1559 perituri
3304 1499 3491 1547 essent

1898 1579 2311 1647 .ludsei,contra
2372 1597 2433 1637 se
2490 1582 2732 1652 gladium
2791 1582 3141 1652 accipientes.
3203 1581 3322 1637 1am
3379 1598 3489 1639 non
3570 1566 3579 1574 ’

1902 1671 2059 1735 dixit,
2096 1670 2321 1726 Possum
2363 1672 2625 1727 exhibere
2654 1671 2957 1727 duodecim
2992 1670 3234 1741 legiones
3264 1672 3488 1743 angelo-

217 1772 362 1826 δαῖοι
381 1786 396 1802 ·
425 1769 526 1823 οὐκ
552 1764 675 1822 εἷπε
696 1767 779 1835 δὲ,
817 1768 903 1821 ὅτι
928 1766 1174 1837 Δύναμαι
1208 1768 1557 1836 παραστῆσαι
1589 1763 1797 1819 δώδεκα

1907 1780 2063 1829 rum;
2099 1767 2217 1830 sed,
2258 1780 2417 1819 orare
2442 1763 2661 1820 Patrem
2703 1779 2908 1828 meum,
2960 1763 3331 1834 dispensative
3356 1764 3491 1821 dicit

216 1854 805 1933 λεγεῶναςάγγέλων,
837 1858 999 1924 ἀλλά,
1049 1857 1433 1928 παρακαλέσαι
1459 1858 1548 1911 τὸν
1580 1856 1800 1926 Πατέρα

1907 1857 2044 1913 sicut
2098 1857 2284 1924 homo,
2345 1867 2567 1927 propter
2633 1872 2823 1913 eorum
2882 1856 3283 1915 infirmitatem.
3325 1857 3487 1913 Multa

219 1972 348 2025 μου,
387 1951 749 2027 οἰκονομικῶς
764 1951 925 2005 τοῦτο
945 1950 1119 2019 λέγων
1142 1950 1218 2013 ὼς
1239 1949 1549 2020 ἄνθρωπος,
1577 1949 1665 2002 διὰ
1691 1950 1801 2018 (rip:

216 2036 404 2099 αὐτῶν
466 2044 773 2099 ἀσθένειαν.
826 2041 1005 2096 Πολλά
1056 2042 1167 2113 γὰρ
1206 2036 1277 2111 ἧν
1342 2041 1465 2095 τότε
1522 2041 1801 2107 ἐπιδείξας

215 2136 564 2207 ἀνθρώπινα,
618 2135 710 2190 τὸν
765 2134 986 2205 ίδρῶτα,
1033 2134 1133 2205 τὴν
1178 2132 1401 2196 δειλίαν.
1431 2132 1528 2187 καὶ
1565 2134 1668 2187 οὐκ
1725 2134 1794 2187 ἂν

214 2230 370 2296 εδοξε
402 2228 604 2283 πιθανὰ
658 2227 862 2297 λέγειν,
889 2225 957 2282 ἂν
1014 2226 1201 2295 ἔλεγεν
1234 2226 1318 2281 ὅτι
1364 2227 1612 2298 Δύναμαι
1638 2226 1801 2291 αὐτὸς

219 2321 338 2390 ἐγὼ
393 2300 757 2390 ’παραστῆσαι
792 2318 1079 2389 ἀγγέλους.
1113 2319 1260 2373 ’Δντὶ
1298 2319 1407 2373 τῶν
1437 2318 1645 2373 δώδεκα
1679 2313 1797 2386 οὖν;

219 2413 382 2485 φησὶ,
423 2410 703 2483 μαθητῶν,
735 2411 1089 2483 παρέστησαν
1133 2410 1200 2466 ἀν
1235 2426 1327 2482 μοι
1349 2410 1561 2464 δώδεκα
1582 2410 1801 2480 τάγμα-

216 2526 290 2563 τα
319 2508 589 2577 ἀγγέλων,
620 2506 672 2559 ει
726 2504 938 2574 ἡθελον.
969 2502 1188 2572 Λεγεὼν
1238 2501 1348 2572 γάρ
1387 2501 1502 2553 ἐστι
1544 2499 1605 2552 τὸ
1639 2499 1803 2570 μέγι-

220 2617 349 2654 στον
398 2601 606 2673 τάγμα,
642 2585 1030 2667 έξακισχίλιοι
1084 2595 1290 2657 ἱππεῖς.
1346 2594 1441 2646 Δεῖ
1473 2587 1589 2655 οὖν,
1638 2594 1797 2662 φησὶ,

215 2691 400 2747 ταῦτα
429 2692 607 2745 πάντα
627 2689 903 2759 γενέσθαι,
925 2689 1072 2751 ὅπως
1105 2683 1472 2757 πληρωθῶσιν
1496 2686 1552 2739 αί
1580 2684 1801 2755 Γραφαὶ

218 2786 283 2840 αι
314 2782 491 2839 ταῦτα
524 2780 1085 2854 προαναφωνήσασαι.
1115 2778 1231 2849 Οὐχ
1257 2777 1341 2831 ὅτι
1366 2776 1424 2830 δὲ
1478 2774 1803 2847 προανεφὼ-

218 2891 393 2948 νησαν
417 2875 471 2927 αί
501 2870 739 2944 Γραφαὶ,
779 2870 871 2925 διὰ
902 2870 1061 2924 τοῦτο
1088 2869 1140 2921 οἱ
1188 2866 1432 2922 Ἰουδαῖοι
1464 2866 1650 2932 κακοὶ,
1704 2864 1801 2919 ἀλ-

218 2967 293 3021 λά
318 2967 452 3021 διότι
477 2963 703 3035 ἔμελλον
759 2962 868 3017 ἀπὸ
898 2962 1144 3033 πονηρᾶς
1189 2958 1567 3031 προαιρέσεως
1621 2957 1797 3012 ταῦτα

221 3062 450 3133 ποιῆσαι
513 3062 563 3114 ot
639 3058 902 3123 Ἰουδαῖοι,
954 3057 1043 3111 διὰ
1084 3056 1243 3110 τοῦτο
1281 3055 1342 3108 ἐν
1372 3056 1491 3118 ταῖς
1548 3053 1798 3125 Γραφαῖς

220 3153 401 3208 ταῦτα
428 3151 693 3222 ἐτέθησαν
727 3149 833 3203 ὑπὸ
864 3148 957 3203 τοῦ
995 3146 1335 3218 Πνεύματος.

304 3261 322 3295 ι
369 3242 459 3296 Ἐν
486 3232 669 3312 ἐκείνη
700 3242 765 3310 τῇ
798 3237 921 3309 ὥρα
948 3236 1103 3291 εἶπεν
1123 3239 1152 3290 ὁ
1196 3236 1408 3308 Ἰησοῦς
1443 3237 1566 3300 τοϊς
1596 3234 1795 3308 ϐχλοιςο

228 3330 327 3397 Ὠς
362 3331 460 3385 ἐπὶ
482 3330 689 3405 λῃστὴν
720 3326 973 3398 ἐξήλθετε
1007 3326 1145 3396 μετά
1177 3324 1464 3397 μαχαιρῶν
1497 3326 1596 3379 καὶ
1625 3324 1802 3389 ξύλων

222 3422 514 3478 συλλαϐεῖν
557 3438 646 3492 με·
672 3420 790 3473 καθ’
823 3418 1039 3489 ἡμέραν
1092 3418 1239 3487 πρὸς
1277 3417 1423 3488 ὑμᾶς
1454 3416 1800 3488 ἐκαθεζόμην

218 3513 497 3568 διδάσκων
526 3513 584 3565 ὲν
610 3510 687 3581 τῷ
721 3509 873 3581 ίερῷ,
905 3509 999 3562 καὶ
1020 3510 1121 3562 οὐκ
1146 3509 1489 3581 εκρατήσατέ
1511 3526 1581 3580 με
1600 3526 1615 3540 ο
1641 3508 1805 3564 τοῦτο

219 3607 284 3662 δὲ
320 3606 440 3660 δλον
471 3604 695 3673 γέγονεν
726 3603 812 3656 ίνα
830 3599 1191 3672 πληρωθῶσιν
1218 3603 1275 3655 al
1295 3602 1507 3673 Γραφα“ι
1528 3602 1640 3657 τῶν
1660 3620 1801 3675 προ-

222 3696 437 3776 φητῶν.
483 3713 502 3748 r
538 3695 789 3749 Δείκνυσι
817 3693 915 3764 τὴν
946 3692 1140 3761 ἀλογον
1186 3693 1369 3747 αὐτῶν
1426 3694 1802 3766 δπιχείρησιν,

220 3790 326 3845 καὶ
354 3789 436 3843 ὄτι
486 3788 549 3842 οὐ
607 3788 707 3857 τῆς
764 3786 943 3840 αὐτῶν
976 3784 1160 3856 ἰσχύος
1199 3785 1388 3854 γέγονε
1427 3786 1490 3839 τὸ
1514 3785 1805 3841 συλλαϐεῖν

217 3880 413 3935 αὐτόν.
450 3877 581 3931 Ὀτε
603 3880 712 3947 γὰρ
732 3877 903 3947 ήμην,
921 3875 1107 3948 φησιν,
1129 3876 1188 3929 ὲν
1209 3874 1287 3946 τῷ
1316 3874 1467 3947 ιερῷ,
1482 3876 1706 3947 ἡθέλετέ
1734 3894 1805 3949 με

224 3974 475 4043 συσχείν,
505 3970 600 4025 καὶ
631 3970 770 4024 διότι
796 3969 857 4023 οὐ
891 3968 1235 4040 συνεχώρουν
1285 3967 1436 4038 ὑμῖν,
1475 3968 1577 4023 οὐκ
1604 3970 1807 4042 ἠδυνή-

222 4066 385 4135 θητε.
414 4063 508 4116 νῦν
538 4062 596 4115 δὲ
621 4059 764 4114 ἑκὼν
791 4059 1092 4131 προδίδωμι
1130 4059 1369 4130 ὲμαυτόν
1391 4076 1404 4089 ·
1433 4056 1554 4113 οἴδα
1574 4061 1685 4133 γὰρ
1722 4061 1805 4115 ὅτι

222 4154 497 4210 ἀδύνατόν
531 4156 655 4206 ἐστι
686 4149 1085 4221 διαψευσθῆναι
1111 4150 1212 4215 τὰς
1254 4151 1504 4223 Γραφάς,
1533 4152 1592 4206 αἱ
1616 4154 1805 4225 προεῖ-

224 4264 331 4300 πον
353 4244 453 4316 τὴν
483 4243 755 4316 ὑμετέραν
788 4244 1009 4301 κακίαν.

306 4446 325 4478 ε
352 4424 487 4481 Τότε
514 4428 563 4479 οἱ
588 4424 831 4498 μαθηταὶ
858 4426 1062 4489 πάντες
1091 4424 1324 4496 ἀφέντες
1357 4424 1544 4491 αὑτὸν,
1576 4424 1798 4495 ἔφυγον.

1900 1949 2046 2004 enim
2070 1961 2199 2003 tunc
2225 1960 2383 2004 erant
2405 1950 2604 2020 quibus
2652 1950 2889 2006 humana
2923 1951 3122 2007 veritas
3152 1952 3482 2009 ostendeba-

1906 2050 2016 2106 tur,
2056 2048 2111 2095 ιιι
2141 2042 2306 2095 sudor
2339 2051 2398 2096 et
2441 2041 2647 2096 timor:
2693 2052 2747 2097 et
2782 2057 2888 2098 non
2943 2042 3090 2098 visus
3122 2044 3313 2101 fuisset
3346 2045 3489 2100 veri-

1903 2132 2104 2187 similia
2143 2133 2345 2195 dicere.
2390 2133 2435 2187 si
2480 2133 2731 2197 dixisset,
2782 2132 3009 2191 Possum
3046 2135 3160 2204 ipse
3214 2137 3487 2194 adducere

1904 2224 2148 2293 angelos.
2206 2225 2310 2280 Pro
2367 2224 2653 2281 duodecim
2703 2225 2888 2295 igitur,
2939 2228 3140 2297 inquit,
3202 2228 3486 2297 apostolis.

1901 2318 2207 2371 astitissent
2257 2317 2387 2372 mihi
2416 2318 2703 2372 duodecim
2736 2319 3013 2374 exercitus
3048 2319 3389 2391 angelorum,
3438 2321 3485 2376 si

1902 2410 2128 2479 quidem
2143 2407 2463 2465 voluissem.
2490 2407 2655 2479 Legio
2685 2409 2831 2464 enim
2857 2419 2940 2466 est
2969 2427 3225 2480 magnum
3266 2428 3485 2481 agmen,

1902 2516 2095 2573 nempe
2121 2517 2215 2557 sex
2260 2502 2426 2555 millia
2470 2502 2738 2569 equitum.
2789 2499 3017 2569 Oportet
3066 2502 3247 2573 igitur,
3287 2504 3487 2574 inquit,

1901 2592 2019 2647 ba'c
2072 2593 2252 2648 Omnia
2313 2592 2453 2658 ﬂeri,
2516 2602 2573 2645 ut
2650 2592 2977 2662 impleantur
3033 2593 3329 2663 Scriptura:
3368 2612 3490 2667 qum

1902 2684 2017 2738 haec
2044 2684 2434 2753 pmdixerunt.
2473 2682 2588 2738 Non
2623 2683 2767 2752 quod
2801 2684 2921 2739 ideo
2952 2682 3120 2740 Judaei
3166 2686 3312 2750 mali,
3357 2690 3483 2755 quin

1901 2777 2269 2848 praedixerunt
2311 2775 2610 2847 Scriptum
2658 2792 2676 2833 :
2706 2776 2802 2833 sed
2840 2778 2966 2848 quia
2997 2776 3169 2834 Judaei
3200 2780 3313 2835 haec
3345 2780 3484 2835 mala

1900 2846 2180 2919 tomum
2239 2865 2434 2919 facturi
2483 2874 2663 2932 erant,
2716 2846 3124 2939 ideo'Spiritus
3156 2876 3378 2925 sanctus
3411 2885 3475 2924 ea

1902 2958 2197 3028 Scripturis
2224 2954 2480 3029 prodidit.

1822 3171 1869 3232 C

1980 3241 2149 3300 Vens.
2184 3244 2277 3311 55,
2313 3242 2405 3302 56.
2448 3262 2469 3298 ι
2506 3245 2564 3300 In
2610 3245 2701 3300 illa
2730 3244 2863 3301 liora
2926 3244 3064 3303 dixit
3088 3242 3247 3302 Iesus
3272 3244 3490 3304 turbis:

1908 3332 2190 3407 Tanquam
2225 3339 2292 3390 ad
2328 3336 2593 3392 latronem
2620 3337 2969 3394 existis-cum
3000 3339 3197 3406 gladiis
3238 3348 3293 3395 et
3320 3339 3487 3397 fusti-

1904 3429 2008 3485 bus
2064 3438 2123 3485 ut
2177 3433 2661 3502 comprehendatis
2704 3447 2791 3488 me
2840 3450 2856 3487 :
2915 3435 3157 3500 quotidie
3218 3437 3369 3505 apud.
3396 3452 3495 3493 vos

1904 3522 2162 3579 sedebam
2196 3523 2397 3578 docens
2424 3523 2477 3576 in
2506 3523 2727 3594 templo,
2752 3532 2808 3577 et
2834 3540 2939 3577 non
2977 3541 3063 3579 me
3096 3527 3341 3600 cepistis.
3377 3525 3492 3583 Hoc

1906 3620 2089 3667 autem
2116 3621 2286 3668 totum
2324 3610 2530 3668 factum
2569 3624 2655 3669 est
2696 3608 2757 3669 ut
2802 3613 3212 3684 complerentur
3248 3617 3497 3689 Scriptu-

1903 3720 1981 3761 ra:
2004 3706 2413 3775 prophetarum.
2447 3724 2466 3759 ι
2504 3704 2759 3763 Ostendit
2789 3707 3019 3763 stultum
3062 3711 3278 3775 illorum
3314 3727 3488 3767 cona-

1908 3805 2047 3863 tum,
2075 3806 2130 3852 et
2169 3798 2313 3866 quod
2351 3812 2463 3851 non
2501 3798 2833 3855 fortitudinis
2856 3799 3069 3855 illorum
3094 3800 3282 3865 fuerit,
3318 3804 3493 3874 ipsum

1907 3885 2319 3957 comprehendi.
2368 3885 2601 3953 Quando
2632 3890 2800 3954 enim,
2838 3890 3035 3960 inquit,
3083 3904 3235 3948 eram
3272 3894 3325 3948 in
3358 3903 3496 3950 tem-

1906 3978 2018 4050 plo,
2081 3978 2349 4039 volebatis
2405 3993 2491 4035 me
2536 3982 3019 4051 comprehendere,
3070 3993 3126 4040 et
3200 3987 3327 4055 quia
3388 4003 3494 4043 non

1908 4071 2270 4126 concedebam
2296 4070 2477 4137 vobis,
2504 4082 2634 4128 tunc
2664 4089 2770 4129 non
2794 4077 3111 4146 poteratis;
3148 4093 3291 4134 nunc
3311 4092 3494 4135 autem

1909 4170 2105 4232 sponte
2134 4163 2402 4232 meipsum
2433 4163 2607 4221 oﬂero
2636 4182 2651 4220 :
2683 4176 2806 4220 nam
2838 4166 2955 4224 scio
2984 4169 3320 4238 impossibile
3347 4172 3498 4227 Scri-

1909 4261 2125 4324 pturas,
2157 4268 2276 4327 qna:
2303 4265 2540 4312 vestram
2567 4258 2937 4328 pradixerunt
2960 4260 3244 4329 malitiam,
3272 4263 3498 4320 menda-

1910 4359 2002 4401 068
2030 4360 2168 4402 €888.

1964 4421 2153 4494 Vsus.
2186 4438 2380 4496 56-58.
2415 4458 2435 4493 ι
2473 4438 2630 4498 Tunc
2660 4442 2908 4514 discipuli
2938 4460 3151 4515 omnes,
3185 4445 3379 4504 relicto
3408 4463 3495 4513 eo,

218 4515 293 4572 οι
328 4517 405 4579 δὲ,
459 4517 835 4585 κρατήσαντες
887 4516 978 4570 τὸν
1028 4514 1260 4587 Ἰησοῦν,
1317 4515 1615 4587 ἀπήγαγον
1669 4513 1802 4585 πρὸς

1912 4516 2191 4603 ingerunt.
2223 4533 2293 4588 At
2326 4532 2395 4587 illi
2424 4513 2880 4605 comprehensum
2908 4535 3093 4593 .lesum
3128 4513 3403 4595 duxerunt
3431 4543 3497 4597 ad

220 4607 489 4677 Καϊάφαν
516 4607 604 4659 τὸν
626 4605 909 4677 ἀρχιερέα,
959 4606 1093 4660 ὅπου
1142 4607 1192 4660 οι
1245 4606 1285 4660 Γ
1288 4607 1603 4679 ραμματεῐς
1638 4606 1737 4660 καὶ
1757 4606 1808 4663 oi

222 4695 598 4769 πρεσϐύτεροι
650 4696 1017 4769 συνήχθησανο
1066 4700 1095 4752 ὁ
1144 4698 1203 4754 δὲ
1260 4699 1465 4769 Πέτρος
1520 4697 1808 4770 ἠκολούθει

221 4788 386 4861 αὖτῷ
413 4788 522 4843 ἀπὸ
551 4788 828 4859 μακρόθεν
856 4789 961 4850 ἕως
996 4791 1095 4862 τῆς
1130 4790 1301 4861 αὐλῆς
1321 4794 1429 4860 ⁸τοῢ
1461 4791 1765 4863 ἀρχιερέως
1788 4806 1806 4824 ο

224 4883 354 4955 καὶ.
385 4880 643 4936 είσελθὼν
696 4881 826 4947 ἔσω,
867 4881 1105 4949 ἐκάθητο
1160 4884 1300 4954 μετά
1341 4885 1449 4938 τῶν
1493 4883 1805 4957 ὑπηρετῶν,

228 4975 366 5029 ίδεῖν
393 4974 453 5026 τὸ
505 4974 677 5037 τέλος.
721 4992 740 5025 υ
779 4976 843 5028 Oi.
877 4975 977 5046 μὲν
1029 4975 1181 5030 ἀλλοι
1230 4976 1472 5048 μαθηταὶ
1514 4977 1748 5047 ἔφυγον*
1780 4980 1811 5033 ό

224 5067 290 5122 δὲ
318 5066 524 5139 Πέτρος
571 5067 905 5141 θερμότερον
947 5070 1293 5141 διακείμενος
1342 5071 1474 5142 περὶ
1524 5072 1617 5125 τὸν
1652 5071 1804 5126 διδά⁶

229 5150 457 5225 σίαλον,
490 5159 775 5229 ἠκολούθει
814 5162 1113 5234 μακρόθεν.
1148 5164 1211 5217 Et
1245 5163 1303 5220 δὲ
1346 5166 1439 5218 καὶ⁹
1467 5168 1496 5219 ό
1556 5165 1812 5236 ’ῐωάννης

226 5239 543 5320 ἠκολούθει,
577 5250 691 5304 ἀλλ’
722 5245 823 5325 οὐχ
851 5253 928 5319 ὡς
956 5255 1231 5330 μαθητὴς,
1263 5256 1377 5311 ἀλλ’
1407 5256 1483 5321 ὡς
1526 5257 1811 5330 γνώριμος

221 5339 327 5396 τοῦ
370 5343 691 5413 ἀρχιερέως.

310 5455 331 5488 ι
372 5434 435 5490 Oi
476 5435 755 5509 ἀρχιερεῖς
792 5440 888 5495 καὶ
920 5441 969 5495 ol
1020 5441 1386 5513 πρεσϐύτεροι
1449 5442 1543 5497 καὶ
1590 5442 1651 5496 τὸ
1683 5460 1809 5497 συν-

222 5530 414 5601 έδριον
446 5529 569 5584 ὅλον
632 5532 861 5601 εζήτουν
892 5532 1372 5605 ψευδομαρτυρίαν
1402 5533 1545 5587 κατά
1576 5533 1671 5587 τοῦ
1705 5534 1808 5605 ἰη-

223 5614 351 5679 σοῦ,
394 5615 543 5680 ὅπως
578 5616 740 5673 αὐτὸν
792 5618 1165 5689 θανατώσωσι,
1204 5624 1297 5677 καὶ
1330 5624 1428 5695 οὐχ
1472 5617 1657 5697 εὖρον.
1698 5626 1807 5679 Καὶ

307 5792 355 5825 ⁸⁸
377 5792 706 5867 hamum,
729 5799 817 5857 10.

1914 4623 2175 4696 Calpham
2232 4614 2535 4697 principem
2606 4629 2976 4696 sacerdotum,
3043 4630 3133 4685 ubi
3199 4630 3407 4685 Scriba!
3443 4642 3499 4688 et

1914 4715 2160 4771 seniores
2222 4715 2611 4782 convenerant,
2668 4714 2867 4772 Petrus
2914 4728 3097 4773 autem
3161 4720 3500 4789 sequebatur

1917 4807 2276 4876 eum‘procnl,
2308 4821 2481 4877 usque
2513 4808 2579 4861 ad
2603 4809 2803 4863 atrium
2835 4810 3101 4881 principis
3120 4811 3495 4870 sacerdotum.

1913 4897 1982 4953 Et
2021 4899 2301 4969 ingressus
2325 4898 2493 4965 intro,
2525 4899 2747 4955 sedebat
2776 4915 2902 4956 cum
2937 4902 3229 4968 ministris,
3253 4912 3312 4958 ut
3346 4905 3501 4960 vide-

1914 5000 1999 5045 ret
2030 4990 2217 5048 llnem.
2252 5010 2272 5044 ι
2310 4991 2419 5047 Alii
2441 4992 2659 5062 quidem
2686 4993 2936 5063 discipuli
2967 4994 3227 5066 fugerunt
3254 5014 3268 5051 :
3304 4996 3502 5055 Petrus

1915 5096 2045 5137 vero
2072 5083 2387 5159 ieryentiori
2421 5083 2580 5154 152
2618 5099 2747 5156 erga
2804 5084 3128 5157 Magistrum
3160 5087 3381 5156 aﬂ'ectu,
3415 5104 3503 5146 se-

1921 5174 2195 5244 quebatur
2215 5176 2424 5245 procul.
2458 5178 2716 5246 Quamvis
2740 5188 2922 5235 autem
2948 5187 3003 5235 et
3038 5178 3279 5236 Joannes
3303 5195 3501 5250 seque-

1931 5276 2107 5335 retur,
2144 5260 2253 5324 noh
2284 5277 2467 5325 tamen
2490 5279 2551 5325 ut
2584 5270 2903 5340 discipulus,
2940 5271 3035 5326 sed
3065 5280 3126 5326 ut
3164 5281 3326 5328 notus
3361 5286 3503 5343 pon-

1920 5357 2074 5414 tiﬁci.

1989 5449 2153 5506 Vsus.
2194 5450 2401 5520 59,60.
2441 5470 2462 5505 ι
2509 5451 2795 5521 Principes
2854 5465 3033 5510 autem
3068 5455 3417 5511 sacerddtnm
3445 5463 3500 5509 et

1916 5544 2166 5601 seniores
2216 5556 2272 5599 et
2342 5554 2513 5599 totum
2590 5547 2877 5601 consilium
2932 5550 3253 5615 (πυκτεῦσαι
3301 5546 3498 5600 falsum

1918 5638 2290 5694 testimonium
2323 5647 2512 5693 contra
2534 5635 2746 5703 Iesum,
2773 5649 2831 5695 nt
2850 5642 3011 5695 morti
3042 5654 3168 5696 eum
3200 5639 3503 5707 traderent,
