4080 6336
634 405 739 469 455
814 438 815 443 κ
1469 383 2053 467 THEOPHYLACTI
2092 381 2202 442 BU.

2305 374 2507 438 ARLE
2539 370 2894 434 ARCHlEP.
3758 361 3861 423 456

634 525 689 575 et
718 528 826 571 non
852 503 1192 568 invenerunt.
1225 503 1433 560 Etcum
1462 501 1613 556 multi
1645 498 1766 555 falsi
1805 505 1972 553 testes
2001 508 2189 551 acces-

2305 487 2505 542 πολλῶν
2532 480 3002 557 ψευδομαρτύρων
3030 478 3462 575 προσελθόντων,
3490 475 3593 547 οὐχ
3625 466 3821 575 εὖρον.¹
3842 492 3858 524 ι

638 561 1422 671 sissentfnon—invenerunt.
1462 613 1481 647 ο
1536 593 1619 648 Ad
1666 589 1926 661 Caipham
1990 588 2193 643 ducunt

2305 577 2391 640 Εἰς
2420 574 2511 628 τδν
2535 575 2792 643 Καϊάφαν
2829 571 3104 639 ἀπάγουσι
3137 568 3231 621 τὸν
3265 564 3491 638 Ἰησοῦν·
3524 565 3735 627 ἐκεῖνος
3760 561 3866 633 γὰρ

636 698 843 760 Jesum,
886 707 1010 749 nam
1036 689 1125 745 ille
1174 697 1294 743 erat
1328 686 1569 757 pontifex
1602 684 1726 739 anni
1781 681 1945 745 illius,
2003 679 2093 734 ubi
2139 684 2195 733 et

639 791 824 861 reliqui
857 784 1269 856 pernoctabant,
1291 794 1395 834 non
1418 775 1763 833 comedenles
1805 784 1935 828 tunc
1959 770 2189 835 Pascha,

638 883 729 939 sed
757 885 1131 947 exspectantes
1187 883 1243 926 ut
1270 870 1581 926 occiderent
1614 861 2194 933 Dominum,praavari-

638 972 899 1028 cabantur
923 970 1110 1039 legem.
1139 963 1401 1019 Dominus
1442 961 1585 1015 enim
1620 960 1735 1030 ipse
1768 956 2007 1028 legitimo
2054 963 2190 1009 tem-

640 1078 769 1131 pore
797 1062 1124 1119 comederat,
1161 1055 1236 1109 illi
1268 1067 1397 1109 vero
1422 1056 1771 1108 contemnunt
1797 1047 1991 1118 legem,
2034 1042 2194 1100 modo

638 1154 887 1209 occidant
916 1150 1211 1204 Christum.

710 1328 876 1383 Vens.
907 1326 1100 1381 61-65.
1138 1343 1156 1376 ι
1192 1322 1491 1377 Novissime
1537 1328 1717 1374 autem
1771 1322 2035 1371 venerunt
2089 1312 2194 1369 duo

641 1423 763 1476 falsi
831 1430 1014 1484 testes,
1067 1426 1121 1470 et
1163 1415 1459 1469 dixerunt:
1500 1409 1599 1465 llic
1658 1408 1813 1473 dixit,
1842 1404 2197 1461 Possum.de—

644 1522 852 1564 struere
888 1506 1149 1575 templum
1186 1502 1299 1566 Dei,
1354 1509 1408 1555 et
1436 1503 1489 1554 in
1523 1499 1702 1553 triduo
1742 1496 2009 1552 :ediiicare
2041 1492 2192 1548 illud.

642 1598 708 1654 Et
755 1612 980 1666 surgens
1039 1597 1290 1665 princeps
1333 1592 1672 1646 sacerdotum
1714 1589 1852 1644 dixit
1898 1587 1973 1643 illi
2004 1603 2019 1641 :
2048 1584 2195 1641 Nihil

642 1687 972 1759 respondes?
1025 1701 1122 1739 cur
1170 1684 1257 1739 isti
1296 1686 1578 1737 adversum
1624 1690 1674 1735 te
1716 1680 2081 1737 testimonium
2110 1678 2195 1734 di-

645 1782 809 1835 cunt?
837 1776 994 1834 .iesus
1020 1788 1196 1831 autem
1225 1774 1458 1829 tacebat.
1479 1771 1548 1827 Et
1580 1771 1912 1840 respondens
1942 1769 2195 1851 princeps

2290 662 2361 738 ἦν
2411 666 2701 737 ἀρχιερεὺς
2753 661 2849 717 τοῦ
2900 658 3149 717 ἐνιαυτοῦ
3193 660 3443 738 ἐκείνου·
3496 656 3629 711 tvo:
3667 656 3764 710 καὶ
3815 654 3866 709 ei

2292 757 2472 812 λοιποὶ
2498 754 2934 825 διενυκτέρευον,
2988 750 3064 823 μὴ
3094 737 3505 821 φαγόντεςτότε
3547 747 3611 802 τὸ
3648 746 3864 816 Πάσχα,

2292 848 2410 905 ἀλλ’
2462 847 2880 917 ἀναμείναντες,
2934 844 3023 897 ἵνα
3074 842 3439 898 ἀποκτείνωσι
3486 839 3582 894 τδν
3634 837 3861 909 Κύριον.

2294 943 2391 996 καὶ
2418 938 2768 1013 παραϐάντες
2808 936 2899 990 τὸν
2929 934 3125 1005 νόμον·
3154 934 3184 987 6
3210 932 3309 1003 μέν
3337 931 3448 1003 γάρ
3479 924 3685 1001 Κύριος
3724 926 3863 982 κατά

2298 1029 2391 1084 τὸν
2440 1028 2825 1099 νενομισμένον
2880 1023 3072 1096 καιρὸν
3127 1023 3356 1094 Ιφαγεν,
3410 1022 3611 1075 ἐκείνοι
3645 1018 3727 1085 δέ,
3777 1019 3863 1073 ινα

2299 1120 2462 1192 μόνον
2489 1118 2853 1176 ἀποκτείνωσι
2890 1116 2984 1172 τόν
3040 1114 3270 1186 Κύριον,
3325 1110 3729 1183 καταφρονοῦσι
3767 1111 3859 1164 καὶ

2294 1211 2391 1267 τοῦ
2422 1211 2609 1282 νόμου.

2371 1324 2390 1359 ε
2424 1304 2691 1374 Ὕστερον
2718 1302 2777 1357 δέ
2836 1301 3225 1373 προσελθόντες
3267 1298 3362 1353 δύο
3397 1295 3861 1367 ψευδομάρτυρες,

2295 1391 2449 1450 εἷπον
2480 1410 2495 1427 ’
2538 1387 2707 1459 Οὗτος
2734 1394 2859 1464 ἐφη·
2889 1392 3134 1462 Δύναμαι
3167 1389 3465 1444 καταλῦσαι
3490 1389 3579 1441 τὸν
3612 1388 3737 1442 ναὸν
3772 1385 3862 1438 τοῦ

2295 1485 2454 1553 Θεοῦ,
2507 1484 2601 1539 καὶ
2652 1484 2740 1539 διά
2769 1482 2935 1555 τριῶν
2980 1478 3208 1553 ἡμερῶν
3262 1479 3617 1550 οίκοδομῆσαι
3676 1476 3858 1532 αὐτόν.

2294 1580 2406 1634 Καὶ
2434 1577 2669 1641 ἀναστὰς
2698 1578 2727 1631 6
2780 1575 3070 1646 ἀρχιερεὺς
3102 1568 3257 1627 εἶπεν
3289 1571 3437 1641 αύτῷ
3458 1586 3472 1601 ·
3508 1570 3677 1624 Ούδέν
3720 1571 3857 1623 ἀπο-

2296 1667 2486 1738 κρίνῃς
2520 1666 2572 1719 τί
2598 1660 2747 1720 οὗτοι
2773 1683 2867 1719 σου
2897 1660 3410 1735 καταμαρτυροῦσιν
3437 1678 3452 1729 ;
3488 1661 3547 1714 ’0
3569 1661 3627 1713 δέ
3660 1658 3862 1730 Ἰησοῦς

2295 1757 2527 1811 ἐσιώπα.
2556 1756 2667 1813 Καὶ
2706 1755 3024 1827 ἀποκριθεὶς
3070 1755 3100 1809 6
3142 1750 3453 1826 ἀρχιερεὺς,
3480 1746 3636 1806 εἶπεν
3687 1751 3860 1822 αὐτῷ·

646 1870 983 1923 sacerdotum
1008 1868 1084 1919 ait
1110 1866 1181 1919 illi
1214 1881 1226 1916 :
1254 1863 1454 1933 Adiuro
1483 1871 1537 1917 te
1572 1877 1667 1931 per
1706 1861 1872 1917 Deum
1902 1843 2105 1926 vivum,
2138 1870 2200 1916 ut

2311 1848 2607 1921 Ἐξορκίζω
2655 1865 2713 1902 σε
2742 1847 2884 1903 κατά
2919 1847 3012 1901 τοῦ
3058 1844 3197 1899 Θεοῦ
3234 1845 3328 1899 τοῦ
3369 1844 3593 1913 ζῶντος,
3620 1843 3709 1897 ῐνα
3734 1845 3864 1913 ἡμῖν

645 1962 794 2015 dicas
821 1960 975 2013 nobis
1004 1974 1069 2011 an
1092 1958 1168 2013 sis
1208 1956 1454 2011 Christus
1483 1953 1652 2008 Filius
1680 1953 1796 2009 Dei.
1839 1952 1981 2007 Dicit
2007 1952 2081 2007 illi
2112 1950 2199 2007 Je-

647 2066 740 2106 sus
760 2068 773 2105 :
796 2050 874 2104 Tu
895 2050 1097 2105 dixisti.
1127 2066 1146 2101 ι
1173 2046 1311 2100 Vere
1332 2045 1405 2099 illi
1425 2043 1711 2100 erantl'alsi
1734 2052 1917 2099 testes.
1949 2041 2201 2099 Christus

648 2142 794 2195 enim
824 2154 930 2194 non
952 2136 1179 2202 dixerat,
1203 2135 1427 2190 Possum
1442 2135 1735 2202 destruere,
1758 2131 1871 2198 sed,
1897 2131 2089 2187 solvite
2113 2130 2155 2163 “
2183 2146 2199 2185 :

646 2244 702 2289 et
735 2247 838 2287 non
882 2231 1019 2286 dixit
1059 2228 1312 2298 templum
1342 2227 1456 2291 Dei,
1482 2227 1575 2281 sed
1610 2226 1866 2296 templum
1886 2226 2009 2290 hoc,
2030 2225 2083 2279 id
2118 2231 2204 2279 est

649 2341 845 2396 corpus
875 2340 1073 2379 meum.
1108 2321 1174 2377 Et
1202 2322 1396 2375 iterum
1424 2334 1529 2375 non
1562 2319 1721 2381 dixit,
1753 2314 2080 2382 Aﬁdilicaho,
2109 2314 2204 2371 sed

649 2417 898 2474 excitabo
931 2434 945 2470 :
996 2424 1258 2481 erantque
1285 2412 1359 2466 illi
1396 2408 1680 2465 manifeste
1713 2408 1833 2465 falsi
1869 2418 2057 2473 testes,
2113 2407 2205 2478 qui

650 2507 900 2563 dicebant
927 2504 1204 2559 Christum
1239 2502 1342 2555 alia
1372 2501 1573 2555 dixisse
1613 2515 1773 2569 quam
1802 2498 2031 2555 dixerat.
2050 2497 2209 2554 .lesus

651 2599 811 2669 igitur
842 2610 963 2652 cum
1016 2595 1179 2649 sciret
1213 2590 1471 2661 judicium
1514 2605 1699 2644 eorum
1742 2589 2025 2657 injustum,
2056 2598 2203 2644 tace-

651 2689 744 2745 bat
773 2704 787 2743 :
822 2686 1016 2758 quibus
1065 2684 1211 2739 enim
1256 2683 1405 2751 signa
1458 2681 1592 2734 nihil
1626 2688 2029 2748 persuaserant,
2064 2693 2203 2746 quo-

652 2778 810 2834 modo
832 2776 1227 2851 persuasissent
1241 2772 1532 2842 responsa?
1549 2771 1717 2827 Porro
1732 2770 1969 2841 pontifex
1985 2770 2208 2841 cupiens

651 2871 800 2925 illum
843 2868 1212 2936 blasphemum
1251 2866 1549 2927 declarare,
1584 2872 1757 2933 rogat,
1795 2872 1853 2917 ut
1908 2863 1953 2917 si
1980 2862 2205 2928 dixerit,

650 2959 763 3030 Ego
790 2974 908 3012 sum
948 2956 1117 3013 Filius
1157 2955 1272 3020 Dei,
1297 2966 1550 3026 tanquam
1580 2954 1928 3024 blasphemus
1951 2954 2209 3010 condem-

650 3062 829 3108 netur.
871 3048 928 3106 Si
965 3059 1142 3104 autem
1173 3048 1481 3124 negaverit,
1515 3047 1832 3103 testiﬁcatus
1889 3048 1960 3103 sit
2012 3056 2203 3103 contra

652 3144 1017 3215 semetipsum.
1036 3143 1106 3196 At
1143 3142 1423 3208 Dominus,
1446 3140 1535 3211 qui
1554 3139 1963 3208 comprehendit
1993 3139 2208 3209 sapien-

2302 1940 2482 2013 εἴπῃς,
2511 1942 2561 1994 εἰ
2606 1941 2669 1995 σὺ
2700 1938 2750 1995 ei
2778 1942 2806 1995 6
2858 1938 3092 2009 Χριστος
3134 1939 3162 1991 6
3214 1934 3343 2001 Υίδς
3366 1938 3463 1991 τοῦ
3504 1935 3668 1991 Θεοῦ.
3700 1936 3864 2005 Λέγει

2300 2031 2451 2102 αύτῷ
2480 2034 2508 2085 6
2548 2031 2752 2102 Ἰησοῦς
2774 2045 2787 2060 ·
2829 2031 2902 2085 Σὺ
2934 2026 3114 2093 εῐπας.
3153 2048 3171 2081 ι
3198 2028 3663 2100 Ψευδομάρτυρες
3697 2028 3864 2091 ὅντως

2299 2116 2438 2191 ἦσαν
2470 2115 2615 2175 οὗτοι
2640 2136 2655 2152 ο
2686 2123 2714 2175 6
2760 2120 2869 2190 γὰρ
2902 2120 3133 2191 Χριστὸς
3161 2121 3262 2174 οὐκ
3295 2116 3467 2185 εἶπεν,
3506 2123 3590 2176 ὅτι
3621 2118 3865 2191 Δύναμαι

2301 2210 2629 2280 καταλῦσαι,
2648 2212 2803 2277 ἀλλά,
2822 2210 3057 2267 Λύσατε.
3082 2212 3193 2266 Καὶ
3222 2212 3322 2266 οὐκ
3351 2207 3493 2278 εἶπε,
3513 2211 3606 2266 τὸν
3626 2212 3754 2265 ναὸν
3774 2212 3864 2265 τοῦ

2302 2304 2458 2369 Θεοῦ,
2482 2304 2639 2372 ἀλλά,
2689 2304 2782 2359 τὸν
2812 2303 2939 2358 ναὸν
2968 2301 3178 2370 τοῦτον,
3206 2303 3451 2358 τουτέστι
3472 2303 3533 2357 τδ
3553 2302 3719 2372 σῶμά
3746 2318 3864 2372 μου·

2304 2397 2400 2450 καὶ
2428 2396 2593 2451 πάλιν
2648 2395 2752 2450 οὐκ
2804 2392 2993 2449 εἶπεν·
3028 2394 3409 2465 Οίκοδομήσω,
3461 2394 3597 2462 ἀλλ’,
3636 2392 3866 2464 Ἐγερῶ·

2308 2486 2450 2542 ὥστε
2496 2486 2749 2558 φανερῶς
2777 2487 3217 2558 ψευδομάρτυρες
3246 2480 3414 2552 οῦτοι,
3450 2485 3591 2541 ἄλλα
3642 2486 3867 2540 εἰπόντα

2305 2578 2397 2633 τὸν
2426 2578 2683 2651 Χριστὸν,
2712 2578 2848 2633 ἀλλα
2876 2577 3127 2648 λέγοντες
3158 2578 3355 2632 εἰπεῖν.
3411 2576 3472 2631 '0
3530 2575 3626 2631 οῦν
3668 2574 3870 2647 Ἰησοῦς

2307 2673 2626 2742 παράνομον
2654 2669 2810 2733 εἰδὼς
2841 2669 2903 2723 τὸ
2928 2670 3216 2741 κριτήριον
3261 2668 3463 2735 αὐτῶν,
3493 2668 3743 2723 ἐσιώπα·
3777 2666 3871 2731 οὓς

2304 2763 2415 2834 γάρ
2464 2764 2666 2833 σημεῖα
2690 2761 2793 2815 οὐκ
2819 2759 3059 2828 ἔπειθον,
3104 2759 3224 2825 πῶς
3277 2760 3344 2815 ἀν
3391 2759 3681 2830 ἀπολογίαι
3721 2758 3870 2812 ἐπει-

2309 2871 2441 2921 σαν;
2484 2855 2548 2908 Ὀ
2576 2853 2634 2906 δέ
2686 2853 2997 2925 ἀρχιερεὺς,
3035 2851 3360 2923 βουλόμενος
3409 2849 3565 2922 ῥίψαι
3593 2850 3759 2905 αύτδν
3792 2850 3871 2915 εις

2309 2946 2675 3018 βλασφημίαν,
2738 2944 2954 3018 ἐρωτᾷ·
3012 2944 3099 2998 ἴνα
3129 2944 3227 3000 ἐὰν
3261 2944 3361 3015 μὶν
3414 2944 3565 3016 εἴπῃ,
3600 2944 3686 2998 δτι
3734 2943 3873 3012 Ἐγώ

2307 3041 2423 3111 ειμι
2455 3040 2484 3093 6
2531 3039 2657 3102 Υἱὸς
2692 3037 2786 3091 τοῦ
2829 3034 2987 3102 Θεοῦ,
3038 3036 3115 3100 ὡς
3152 3036 3475 3108 βλάσφημος
3531 3036 3870 3108 κατακριθῇ,

2309 3131 2401 3185 ἐάν
2450 3130 2510 3184 δέ
2562 3130 2891 3202 ἀρνήσηται,
2923 3128 3023 3201 ἔχῃ
3054 3128 3215 3182 αὐτὸν
3248 3129 3371 3183 καθ’
3405 3126 3601 3182 ἐαυτοῦ
3659 3144 3873 3201 μαρτυ-

652 3243 737 3289 tes
765 3232 818 3287 in
848 3232 1084 3287 versutia
1121 3244 1243 3296 sua,
1276 3229 1551 3299 respondit
1585 3246 1599 3283 :
1635 3228 1717 3283 Tu
1746 3227 1951 3292 dixisti,
1972 3226 2077 3282 hoc
2101 3234 2202 3295 est,

2311 3224 2575 3295 ρήσαντα.
2617 3219 2801 3274 Ἀλλ⁹ό
2823 3220 3029 3290 Κύριος
3055 3220 3085 3272 6
3111 3218 3478 3291 δρασσόμενος
3510 3220 3635 3282 τοὺς
3676 3218 3873 3289 σοφοὺς

650 3333 802 3382 tuum
840 3338 902 3381 os
928 3321 1232 3379 confessum
1261 3329 1345 3377 est
1384 3320 1526 3391 quod
1562 3334 1661 3391 ego
1684 3334 1801 3375 sum
1825 3319 1995 3377 Filius
2015 3318 2133 3376 Dei.

722 3615 891 3672 Vens.
938 3613 1027 3669 οι.
1086 3630 1107 3665 ι
1173 3611 1554 3667 Verumtamen
1617 3608 1738 3664 dico
1790 3609 1964 3672 vobis,
2011 3606 2209 3662 amodo

649 3705 902 3761 videbitis
933 3701 1128 3759 Filium
1164 3703 1397 3759 hominis
1425 3702 1703 3757 sedentem
1734 3714 1764 3753 a
1809 3698 2018 3755 dextris
2042 3697 2210 3755 virtu-

654 3800 742 3865 tis,
775 3806 832 3854 et
868 3797 1173 3852 venientem
1222 3793 1277 3849 in
1333 3793 1563 3849 nubibus
1615 3792 1757 3848 cmli.
1807 3809 1827 3843 ι
1882 3791 1959 3845 Ex
1990 3789 2209 3844 Daniele

652 3886 908 3957 propheta
936 3886 1020 3940 his
1054 3884 1311 3955 loquitur:
1350 3882 1443 3937 llle
1474 3883 1620 3938 enim
1671 3882 1843 3952 inquit
1872 3898 1885 3936 :
1941 3877 2205 3935 Videbam

652 3979 793 4035 sicut
826 3976 1020 4031 Filium
1048 3975 1284 4031 hominis
1333 3976 1637 4031 venientem
1669 3975 1721 4029 in
1758 3973 2012 4028 nubibus.
2064 3971 2200 4026 Nam

651 4069 777 4131 quia
800 4068 1057 4138 putabant
1078 4067 1425 4136 impostorem
1471 4080 1613 4132 esse,
1642 4081 1708 4121 eo
1732 4066 1876 4136 quod
1922 4064 1976 4119 in
2016 4063 2206 4119 humili

650 4160 845 4216 vestitu
897 4158 1217 4229 apparebat,
1249 4156 1532 4221 Videbitis,
1560 4157 1755 4225 inquit,
1792 4169 1879 4210 me
1923 4166 2051 4209 tunc
2079 4168 2206 4209 cum

651 4254 851 4307 virtute
880 4252 1206 4317 venientem,
1263 4260 1317 4304 et
1358 4249 1682 4304 assidentem
1728 4245 1896 4301 Patri.
1937 4244 2203 4300 Virtutem

652 4344 792 4397 enim
825 4341 912 4395 hic
942 4338 1117 4395 Patris
1144 4338 1313 4394 dicit:
1346 4346 1401 4394 et
1443 4351 1549 4393 non
1604 4351 1637 4391 a
1669 4346 1834 4403 terra,
1887 4336 1983 4391 sed
2006 4348 2038 4389 a
2071 4333 2207 4390 coelo

652 4433 979 4489 veniente.

726 4613 890 4668 Vsus.
922 4612 1012 4677 65,
1041 4610 1133 4667 66.
1165 4628 1184 4663 ι
1202 4639 1207 4643 ·
1226 4608 1378 4664 Tunc
1398 4608 1649 4679 princeps
1669 4607 2011 4662 sacerdotum
2025 4606 2203 4663 disci-

653 4702 733 4757 dit
759 4705 1079 4757 vestimenta
1134 4716 1252 4765 sua,
1306 4699 1494 4753 diccns
1530 4715 1545 4751 :
1582 4696 1997 4771 ,Blasphemavit
2026 4710 2041 4750 :
2074 4697 2202 4767 quid

648 4794 873 4867 insuper
906 4806 1126 4862 egemus
1159 4789 1423 4845 testibus?
1465 4788 1605 4843 Ecce
1632 4803 1773 4844 nunc
1798 4789 2023 4843 audistis
2051 4786 2208 4844 blas-

651 4884 918 4952 phemiam
954 4881 1067 4948 ejus
1098 4898 1112 4937 :
1140 4881 1268 4949 quid
1308 4881 1478 4945 .vobis
1510 4878 1755 4933 videtur?
1776 4879 1840 4933 Al
1877 4880 1949 4933 illi
1987 4894 2209 4948 respon-

655 4975 845 5030 dentes
869 4974 1119 5027 dixerunt
1140 4988 1156 5024 :
1184 4968 1330 5024 Reus
1342 4979 1424 5023 est
1441 4970 1647 5023 mortis.
1680 4987 1699 5020 ι
1719 4968 1834 5023 Mos
1855 4981 1972 5024 erat
1987 4968 2206 5037 Judmis,

653 5064 867 5131 quando
921 5064 1047 5140 quid
1100 5061 1441 5121 manus
1499 5060 1797 5122 accidebat,
1872 5060 2209 5131 disrumpere

654 5164 863 5229 vestes.
913 5153 1005 5208 Sic
1061 5162 1114 5208 et
1171 5152 1440 5223 Caiphae,
1496 5152 1647 5221 quasi
1718 5140 2057 5208 manifestius
2117 5152 2206 5207 ille

654 5246 1004 5313 blasphemus
1036 5252 1205 5307 esset,
1256 5242 1581 5311 decepturns
1606 5242 1863 5311 populum
1904 5241 2009 5296 hoc
2039 5240 2209 5297 iacie-

651 5337 767 5402 hat,
790 5334 945 5405 quasi
1002 5336 1103 5389 hac
1152 5336 1363 5387 ratione
1414 5348 1612 5401 cogens
1654 5332 1799 5387 alios
1840 5330 1996 5403 153
2028 5333 2211 5387 dicere

656 5428 800 5483 hunc
827 5441 977 5481 reum
1002 5440 1123 5479 esse
1166 5426 1381 5480 mortis.
1422 5425 1802 5478 Verumtamen
1831 5426 2044 5488 discite,
2065 5426 2209 5494 quod

649 5520 879 5590 Caiphas
903 5520 1053 5588 rupit
1089 5522 1408 5573 vestimenta
1440 5533 1559 5583 sua,
1600 5517 1964 5572 sacerdotium
2005 5518 2204 5574 veteris

651 5611 785 5683 legis
810 5626 931 5667 esse
962 5611 1263 5681 disruptum
1294 5620 1344 5665 et
1372 5609 1609 5664 ablatum
1635 5608 1960 5680 significare.

716 5788 766 5823 ⁸⁸
797 5787 959 5845 Joau.
990 5804 1055 5855 ιι.
1096 5789 1183 5845 19.

2308 3315 2368 3368 ἐν
2413 3314 2478 3385 τῇ
2532 3312 2841 3384 πανουργίᾳ
2881 3310 3083 3377 αὐτῶν,
3139 3311 3531 3382 ἀποκρίνεται·
3567 3309 3641 3364 Σὺ
3694 3305 3873 3374 εἶπας,

2308 3405 2430 3459 ἀντὶ
2461 3404 2579 3468 τοῦ,
2614 3403 2690 3457 Τδ
2721 3403 2813 3457 σὸν
2847 3401 3167 3475 ὡμολόγησε
3202 3403 3399 3473 στόμα,
3441 3402 3525 3455 δτι
3564 3400 3677 3471 ἐγώ
3702 3402 3819 3473 εἰμι
3848 3401 3877 3453 6

2308 3496 2437 3559 Υίὺς
2478 3494 2574 3550 τοῦ
2607 3494 2768 3551 Θεοῦ.
3116 3494 3121 3499 ’

2378 3606 2397 3639 ε
2429 3588 2574 3658 Πλὴν
2616 3585 2759 3655 λέγω
2801 3585 2955 3656 ὑμῖν,
3008 3583 3105 3640 ἀπ’
3166 3584 3290 3656 ἄρτι
3354 3584 3552 3655 δψεσθε
3604 3586 3698 3639 τὸν
3752 3586 3877 3641 Υίδν

2307 3676 2402 3732 τοῦ
2463 3677 2752 3748 ἀνθρώπου
2818 3677 3129 3747 καθήμενον
3192 3677 3258 3728 ἐκ
3299 3676 3491 3744 δεξιῶν
3560 3678 3661 3748 τῆς
3716 3677 3878 3733 δυνά-

2312 3785 2477 3839 μεωε,
2534 3768 2630 3821 καὶ
2688 3766 2977 3839 ἐρχόμενον
3020 3766 3113 3820 ἐπὶ
3166 3766 3277 3822 τῶν
3338 3765 3577 3836 νεφελῶν
3635 3768 3730 3822 τοῦ
3793 3771 3881 3823 ού-

2310 3859 2499 3932 ρανοῦ.
2555 3880 2575 3914 ι
2613 3861 2710 3915 Ἐκ
2750 3862 2851 3930 τῆς
2908 3859 3001 3914 τοῦ
3052 3859 3250 3929 Δανιὴλ
3309 3860 3647 3931 προφητείας
3696 3861 3881 3925 αὐτοῖς

2307 3954 2633 4023 διαλέγεται.
2681 3952 2918 4016 Ἐκεῖνος
2944 3953 3056 4021 γάρ
3092 3968 3281 4024 φησιν,
3320 3952 3402 4005 δτι
3442 3948 3597 4006 Εἶδον
3629 3953 3706 4017 ὡς
3756 3954 3879 4008 Υιδν

2310 4043 2596 4115 ἀνθρώπου
2643 4043 2938 4115 ἐρχόμενον
2966 4043 3058 4097 ἐπὶ
3109 4040 3218 4098 τῶν
3265 4042 3528 4113 νεφελῶν.
3571 4044 3728 4099 Ἐπεὶ
3775 4047 3881 4116 γάρ

2313 4137 2561 4206 ἐνόμιζον
2576 4135 2737 4189 αύτδν
2773 4135 2978 4189 πλάνον
3010 4130 3170 4199 εἶναι,
3197 4135 3255 4189 ἐν
3287 4134 3527 4203 ταπεινῷ
3552 4119 3878 4205 φαινόμενον

2314 4229 2573 4299 σχήματι,
2596 4228 2780 4297 φησὶν,
2803 4227 2888 4281 δτι
2923 4225 3167 4296 Ὀψεσθέ
3198 4241 3267 4297 με
3291 4227 3412 4280 τότε
3435 4225 3575 4296 μετά
3600 4226 3879 4299 δυνάμεως

2312 4320 2625 4391 ἐρχόμενον,
2670 4318 2767 4373 καὶ
2805 4319 3219 4388 συγκαθήμενον
3256 4316 3337 4389 τῷ
3379 4318 3554 4388 Πατρί
3580 4334 3595 4350 ·
3642 4318 3877 4390 δύναμιν

2313 4411 2422 4483 γάρ
2452 4408 2685 4464 ἐνταῦθα
2726 4409 2827 4479 τὴν
2883 4408 2976 4462 τοῦ
3013 4408 3228 4479 Πατρδς
3261 4408 3448 4479 λέγει·
3499 4411 3593 4464 καὶ
3619 4410 3725 4465 οὐκ
3774 4410 3879 4467 ἀπὸ

2237 4550 2284 4608 D
2312 4499 2436 4569 γῆς,
2506 4499 2623 4552 ἀλλ’
2678 4498 2773 4552 ἀπ’
2804 4498 3033 4565 ούρανοῦ
3072 4499 3387 4569 ἐρχόμενον.

2381 4610 2401 4643 ε
2413 4589 2546 4643 Τότε
2561 4592 2589 4643 6
2611 4589 2902 4660 ἀρχιερεὺς
2919 4586 3171 4659 διέρρηξε
3198 4587 3266 4641 τά
3288 4587 3479 4659 ἱμάτια
3496 4588 3878 4661 αύτσῦῆιόγων

2310 4683 2391 4736 δτι
2422 4682 2872 4751 Ἐϐλασφήμησε,
2906 4680 2959 4733 τί
2984 4679 3070 4732 ἐτι
3092 4680 3280 4749 χρείαν
3309 4680 3504 4751 ἔχομεν
3546 4682 3874 4755 μαρτύρωνς

2310 4771 2389 4825 re;
2435 4770 2531 4825 νῦν
2582 4768 2850 4839 ἠκούσατε
2883 4768 2982 4838 τὴν
3046 4766 3394 4839 βλασφημίαν
3426 4770 3592 4840 αὑτοῦ
3616 4788 3631 4803 ·
3669 4773 3724 4827 τί
3755 4774 3875 4843 ὑμῖν

2306 4862 2484 4928 δοκιῖ;
2529 4862 2592 4916 0i
2636 4860 2694 4913 δέ
2745 4843 3138 4929 ίποκριθέντες
3175 4855 3350 4913 εἷπον·
3384 4860 3608 4931 Ἔνοχος
3649 4863 3873 4918 θανά-εον

2308 4954 2455 5007 ἐστίν
2473 4970 2487 4985 ·
2523 4952 2715 5016 »Ἐθυς
2731 4948 2799 5024 ἧν
2826 4956 2937 5015 τοῖς
2954 4951 3398 5019 Ἰουδαίοις,δταν
3418 4969 3471 5006 τι
3501 4954 3877 5027 imprimam

2312 5045 2549 5111 ἐπέλθοι,
2586 5045 2945 5116 διαρρήσσειν
2969 5044 3094 5106 τοὺς
3136 5043 3372 5113 χιτῶνας
3392 5063 3408 5079 ·
3438 5043 3617 5110 οὕτως
3635 5042 3735 5103 οὖν
3751 5052 3879 5103 καὶὸ

2312 5138 2588 5207 Καϊάφας,
2616 5137 2690 5199 ὡς
2724 5138 2815 5189 ἐπὶ
2845 5135 3163 5208 βλασφημία
3200 5136 3336 5208 δήλη
3364 5137 3499 5207 πρὸς
3532 5137 3758 5208 ἀπάτην
3788 5138 3876 5193 τοῦ

2312 5228 2467 5299 θχλου
2505 5230 2663 5282 τοῦτο
2685 5228 2964 5300 ἐποίησεν,
3011 5230 3103 5283 ἶνα
3129 5228 3279 5300 δείξῃ
3308 5229 3491 5293 αὐτοῖς
3513 5230 3597 5283 ὅτι
3630 5230 3876 5300 μεγάλως

2314 5321 2734 5392 ἐϐλασφήμησεν
2756 5360 2773 5386 ,
2814 5317 2913 5374 εἷθ’
2941 5321 3112 5385 οὕτως
3142 5321 3429 5395 ἀναγκάσῃ
3449 5322 3649 5385 αὐτοὺς
3684 5324 3873 5385 εἰπεῖν,

2314 5414 2396 5467 δτι
2431 5413 2611 5483 ἔνοχος
2637 5403 2872 5467 θανάτου
2906 5410 3043 5469 lari.
3068 5415 3213 5486 Πλὴν
3243 5415 3552 5485 κατάμαθε,
3584 5416 3673 5470 δτι
3712 5419 3772 5471 τδ
3789 5418 3875 5470 τὸν

2316 5505 2572 5575 Καϊάφαν
2606 5506 2892 5579 διαρρῆξαι
2926 5507 2996 5561 τά
3021 5508 3239 5578 ἱμάτια,
3273 5508 3543 5579 σύμσολον
3565 5504 3637 5580 ἦν
3658 5512 3756 5565 τοῦ
3786 5512 3875 5582 τὴν

2315 5595 2725 5669 ἀρχιερωσύνην
2756 5599 2854 5671 τῆς
2890 5600 3123 5663 παλαιᾶς
3148 5599 3537 5671 διαρραγῆναι.
