4080 6336
275 325 381 391 457

823 324 1270 385 ENARRATIO
1309 312 1390 400 IN
1428 323 1936 387 EVANGELIUM
1977 322 2372 383 MATTH/El.
2416 345 2486 356 --
2517 321 2675 381 CAP.
2715 319 2959 382 XXVII.

3441 323 3546 388 458

357 459 376 491 ί
418 438 552 492 Τότε
609 438 913 492 ἐνέπτυσαν
959 437 1039 499 είς
1091 437 1159 488 τδ
1198 415 1487 507 πρόσωπον
1521 436 1722 498 αὑτοῦ,
1771 437 1862 489 καὶ

2033 428 2203 489 Vens.
2240 433 2329 495 67,
2368 433 2455 489 68.
2491 453 2507 485 ι
2549 432 2700 487 Tunc
2738 437 3038 502 expuerunt
3099 431 3150 484 in
3188 429 3380 486 faciem
3407 432 3546 502 ejus,

275 532 608 600 έκολάφισαν
643 528 823 581 αὐτόν.
854 529 916 582 Oi
946 529 1003 582 δὲ
1033 530 1359 598 ὲρρἀισαν,
1395 529 1644 596 λεγοντες
1665 546 1679 559 ·
1716 530 1856 597 Προ⁴

277 622 544 690 φήτευσον
587 619 754 688 ἡμῖν,
785 619 987 690 Χριστὲ
1013 659 1031 684 ,
1075 619 1160 680 τίς
1206 621 1352 670 ἐστιν
1391 620 1418 670 6
1451 618 1652 680 παίσας
1697 635 1789 680 σες
1831 635 1849 668 ι

277 700 412 765 "Ore
453 707 747 781 κατεκρίθη
767 747 782 772 ,
821 710 942 761 τότε
974 708 1306 773 ἐνεδείξαντο
1338 710 1418 771 είς
1461 695 1624 768 αύτδν
1651 693 1729 762 τὰ.
1761 708 1859 760 ἑπ-

275 803 564 868 ονείδιστα,
608 802 703 856 καὶ
739 799 1024 865 ένέπαιξον
1072 800 1240 871 αὐτῷ,
1294 786 1743 873 περιϐάλλοντες,
1781 800 1856 863 ῶς

275 895 470 964 ἕτερος·
514 892 905 963 εύαγγελιστής
963 908 1160 962 φησιν,
1202 894 1401 962 ίματίῳ
1452 893 1512 945 τὸ
1563 893 1858 963 πρόσωπον

272 981 442 1035 αὑτοῦ
470 998 481 1010 '
505 983 629 1035 ἐπεὶ
651 980 759 1051 γὰρ
787 982 861 1045 ὡς
891 984 1180 1053 προφήτην
1205 982 1367 1035 αὑτὸν
1396 979 1561 1052 εῐχον,
1585 983 1674 1036 διὰ
1699 982 1858 1035 τοῦτο

273 1073 634 1144 ἐμπαίζουσιν
665 1073 839 1137 οὕτως
877 1073 1060 1146 αὐτῷῃ
1094 1075 1405 1145 κολαφίζειν
1432 1075 1488 1132 δέ
1530 1076 1739 1128 ἔστιτὸ
1772 1076 1858 1128 διὰ

277 1167 384 1218 τῶν
415 1167 614 1237 χειρῶν
651 1167 940 1237 πλήττειν,
979 1168 1492 1238 συγκαμπτομένων
1519 1168 1626 1222 τῶν
1661 1169 1860 1221 δακτύ-

275 1261 418 1327 λων,
463 1262 556 1314 καὶ
604 1260 688 1313 ἵνα
729 1260 1092 1333 ἀφελέστερον
1136 1261 1312 1326 εἴπω,
1357 1261 1446 1316 διὰ
1488 1261 1581 1315 τοῦ
1626 1261 1856 1332 γρόνθου

276 1351 622 1415 κονδυλίζειν.

357 1460 375 1493 ι
423 1429 480 1496 Ὀ
498 1444 553 1496 δὲ
583 1444 787 1515 Πέτρος
814 1443 917 1511 ἔξω
942 1445 1180 1515 ἐκάθητο
1206 1448 1263 1499 ἐν
1290 1449 1355 1517 τῇ
1380 1447 1538 1518 αὐλῇ,
1570 1447 1663 1501 καὶ
1690 1463 1854 1518 προσε

350 1532 440 1586 θεν
491 1533 639 1606 αὑτῷ
683 1535 782 1602 μία
825 1531 1108 1605 παιδίσκη,
1166 1535 1434 1602 λέγουσα·
1475 1537 1581 1588 Καὶ
1617 1538 1680 1589 σὺ
1714 1532 1859 1606 ἦσθα

325 1627 423 1680 ετὰ
475 1626 647 1696 Ἰησοῦ
674 1627 766 1680 τοῦ
799 1627 1112 1690 Γαλιλαίους
1154 1628 1215 1680 ὐ
1250 1629 1305 1682 δὲ
1340 1630 1618 1700 ἠρνήσατο
1649 1628 1856 1700 ἕμπρο·

1962 538 2014 582 ει
2047 517 2293 597 colaphis
2327 541 2454 580 eum
2487 527 2823 581 ceciderunt.
2882 517 2984 577 Alii
3016 528 3198 577 autem
3231 523 3440 594 psimas
3490 525 3547 584 in

1961 619 2152 673 faciem
2186 617 2302 686 ejus
2347 613 2659 685 dederunt,
2693 618 2970 675 dicentes:
3009 616 3324 672 Vaticinare
3366 619 3545 687 nobis,

1960 711 2197 779 Christe,
2234 711 2357 781 quis
2399 721 2482 766 est
2507 697 2604 780 qui
2639 721 2692 765 te
2735 710 3044 780 percussit?
3073 729 3088 760 ι
3133 708 3360 776 Quando
3410 726 3550 769 con-

1961 803 2250 858 demnatus
2284 811 2385 867 est,
2439 812 2563 858 tunc
2603 803 2962 874 ignominiosa
3001 802 3167 855 multa
3192 811 3380 856 contra
3421 800 3545 860 eum

1963 894 2228 959 fecerunt,
2262 904 2318 949 et
2349 894 2643 950 iiiu'debant
2673 895 2745 958 ei,
2771 890 3088 965 obtegeutes
3121 903 3268 948 veste
3299 893 3379 965 (ut
3405 895 3547 963 alius

1961 987 2294 1054 evangelista
2324 978 2590 1056 inquit")
2624 986 2816 1040 faciem
2838 986 2978 1055 ejus.
3015 984 3149 1039 Nam
3182 987 3305 1054 quia
3334 994 3389 1039 ut
3423 984 3550 1056 pro-

1966 1079 2184 1145 phetam
2218 1094 2341 1132 eum
2373 1078 2666 1145 habebam,
2702 1078 2820 1133 ideo
2856 1078 2927 1132 ita
2958 1076 3252 1132 illudebant
3288 1078 3354 1132 ei.
3389 1077 3551 1132 Cola-

1963 1171 2185 1239 phizare
2247 1177 2428 1248 autem
2487 1181 2569 1225 est
2624 1170 2874 1225 manibus
2930 1180 3232 1241 percutere,
3295 1178 3348 1224 ει
3390 1171 3550 1225 simul

1961 1261 2262 1316 incurvatis
2285 1261 2488 1330 digitis,
2512 1270 2587 1328 et,
2609 1271 2665 1316 ut
2688 1261 2991 1332 simplicius
3011 1263 3184 1318 dicam
3211 1263 3316 1333 (a),
3345 1264 3550 1318 nodoso

1960 1366 2141 1422 pugno
2171 1353 2400 1407 credere.

2035 1444 2199 1499 Vens.
2236 1443 2426 1499 69-75.
2473 1463 2491 1497 ι
2527 1445 2723 1502 Petrus
2747 1462 2878 1501 vero
2897 1447 3120 1503 sedebat
3146 1445 3276 1502 foris
3301 1447 3352 1500 in
3384 1447 3547 1509 atrio,

1963 1540 2015 1586 et
2049 1534 2362 1590 accessitad
2410 1551 2530 1590 eum
2574 1551 2681 1591 una
2711 1537 2928 1616 ancilla,
2963 1538 3196 1605 dicens:
3238 1537 3304 1592 Et
3331 1545 3386 1593 tu
3427 1552 3551 1591 cum

1961 1623 2087 1679 Jcsu
2119 1624 2342 1681 Galile
2375 1627 2538 1683 eras?
2566 1631 2636 1682 At
2665 1629 2756 1684 ille
2787 1628 3005 1696 negavit
3047 1644 3232 1684 coram
3271 1630 3551 1696 omnibus,

317 1718 410 1774 θεν
439 1720 676 1784 πάντων,
704 1719 879 1789 λέγων
898 1738 912 1752 ·
939 1719 1057 1776 Οὐκ
1084 1718 1200 1775 οἶδα
1224 1720 1275 1774 τί
1299 1721 1497 1793 λέγεις.
1540 1721 1857 1788 Ἐξελθόντα

1966 1717 2148 1772 dicens
2181 1735 2193 1771 :
2229 1717 2426 1775 Nescio
2469 1720 2597 1791 quid
2634 1719 2807 1776 dicas.
2837 1721 2972 1789 Cum
3020 1721 3450 1793 autemexisset
3498 1714 3552 1777 in

278 1811 534 1864 δὲάύτὸν
589 1814 669 1875 εἰς
719 1811 812 1865 τὸν
864 1811 1115 1878 πυλῶνα,
1172 1808 1313 1866 εἶδεν
1362 1790 1852 1886 ὢτὸνάλληξκαὶ

1966 1809 2312 1878 vestibulum,
2345 1790 2494 1865 vidit
2527 1808 2653 1866 eum
2695 1811 2864 1866 altera
2899 1811 3117 1878 ancilla,
3150 1790 3223 1866 et,
3244 1805 3435 1868 ait‘h’is
3461 1811 3554 1882 qui

279 1902 428 1970 λέγει
461 1904 572 1966 τοῖς
602 1902 735 1954 ὲκεί-
782 1903 891 1956 Kal.
925 1895 1079 1967 οὗτος
1113 1899 1180 1975 ἦν
1228 1905 1366 1975 μετά
1412 1902 1586 1974 Ἰησοῦ
1620 1903 1710 1958 τοῦ
1740 1906 1853 1958 Να-

279 1995 549 2066 ζωραίου·
587 1995 680 2048 καὶ
707 1995 893 2050 mm
929 1991 1208 2066 ἧρνήσατο
1242 1996 1360 2067 μεθ’
1407 1997 1593 2066 ὅρκου,
1635 1997 1715 2050 ὅτι
1740 1997 1852 2050 Οὐκ

277 2082 399 2140 οἶδα
440 2087 530 2140 τὸν
570 2087 890 2157 ἀνθρωπονο
948 2087 1086 2158 μετά
1127 2089 1322 2160 μικρὸν
1366 2088 1420 2140 δὲ
1461 2089 1854 2157 προσελθόντες

276 2180 332 2232 oi
378 2180 638 2246 ἑστῶτες,
673 2178 826 2235 εἷπον
875 2180 954 2249 τῷ
995 2182 1186 2253 Πέτρῳ
1211 2199 1222 2212 ν
1277 2179 1516 2250 Ἀληθῶς
1564 2183 1658 2234 καὶ
1692 2184 1755 2235 σὺ
1796 2182 1854 2248 ἐξ

278 2271 457 2326 αὐτῶν
493 2269 544 2326 si
571 2287 583 2302 '
620 2273 721 2327 καλ⁸
747 2260 856 2343 γὰρ
887 2275 920 2344 ὴ
944 2271 1104 2326 λαλιά
1131 2289 1222 2325 σου
1251 2271 1409 2343 δῆλόν
1433 2289 1492 2324 σε
1525 2275 1686 2344 ποιεῖ.
1723 2273 1855 2326 Τότε

277 2365 482 2437 ήρξατο
511 2366 1037 2440 καταναθεματίζειν
1068 2348 1169 2421 καὶ
1198 2364 1445 2434 ὀμνύειν,
1478 2365 1558 2418 ὅτι
1591 2366 1705 2418 Οὐκ
1735 2361 1856 2422 οἴδα

276 2458 371 2512 τὸν
405 2456 709 2528 ἄνθρωπον.
761 2459 870 2512 Καὶ
910 2457 1113 2520 εὐθέως
1149 2457 1400 2527 ἀλέκτωρ
1443 2456 1725 2527 ὲφώνησε·
1762 2461 1858 2512 καὶ

280 2548 526 2619 ιμνήσθη
577 2551 604 2601 6
651 2548 855 2618 Πέτρος
892 2545 987 2599 τοῦ
1028 2547 1274 2618 ῥήματος
1328 2543 1540 2614 Ἰησοῦ,
1579 2546 1859 2615 εἰρηκότος

280 2639 452 2711 αὐτῷ,
491 2641 573 2693 ὃτι
611 2641 746 2708 Πρὶν
789 2638 1060 2708 ἀλέκτορα
1100 2639 1383 2709 φωνῆσαι,
1411 2639 1531 2708 τρὶς
1566 2637 1857 2710 ἀπαρνήσῃ

287 2747 355 2801 με
379 2746 393 2761 ·
436 2732 531 2784 καὶ
572 2727 802 2796 ἐξελθὼν
841 2728 965 2794 ἔξω,
1000 2725 1232 2780 εκλαυσε
1267 2727 1503 2797 πικρῶς.
1551 2746 1569 2778 ι
1623 2728 1862 2800 Ἀπείρῳ

284 2821 436 2895 φόϐῳ
480 2819 911 2890 καταγωνισθεὶς
947 2823 977 2874 6
999 2819 1206 2890 Πέτρος
1227 2859 1239 2880 ,
1270 2819 1564 2873 ἐπελάθετο
1594 2820 1703 2873 τῶν
1732 2821 1863 2874 ὑπο-

283 2916 547 2986 σχέσεων,
583 2915 677 2966 καὶ
709 2915 774 2984 τῇ
803 2913 1121 2983 ἀνθρωπίνῃ
1155 2913 1410 2984 ἀσθενείᾳ
1446 2911 1722 2980 δουλεύει,
1753 2907 1864 2966 οἷον

283 3005 672 3078 ἀποτεθνηκὼς
701 3006 778 3078 τῷ
803 3005 972 3076 φόϐῳ,
1004 3007 1097 3058 καὶ
1135 3006 1271 3076 μηδὲ
1304 3003 1456 3067 εἰδὼς
1486 3004 1514 3057 δ
1537 3005 1702 3074 λέγει.
1733 3006 1863 3060 Νόει

284 3098 344 3152 δέ
380 3115 468 3172 μοι
521 3099 613 3151 καὶ
643 3098 786 3152 κατά
818 3096 1144 3168 ἀναγωγὴν,
1179 3098 1259 3148 ὅτι
1303 3096 1588 3167 ἐλέγχεται
1619 3097 1724 3150 ὑπὸ
1767 3098 1865 3169 τῆς
1891 3129 1935 3187 C

286 3190 581 3261 παιδίσκης
630 3193 659 3244 6
715 3190 952 3261 Πέτρος,
1013 3191 1298 3256 τουτέστι,
1360 3193 1459 3262 τῆς
1516 3191 1864 3261 ἀνθρωπίνης

285 3283 606 3349 ἀσθενείας,
639 3283 738 3352 τῆς
774 3284 978 3354 μικρᾶς
1012 3284 1105 3336 καὶ
1143 3282 1580 3353 δουλοπρεπούς,
1614 3283 1772 3356 ἄχρις
1803 3280 1864 3337 οὗ

285 3375 318 3428 ὁ
346 3373 595 3446 ἀλέκτωρ
645 3379 934 3445 φωνήσας,
982 3376 1062 3437 είς
1112 3373 1364 3444 αἴσθησιν
1412 3375 1576 3428 αὐτὸν
1618 3377 1861 3445 ἢγαγεν

285 3465 539 3537 ἀλέκτωρ
577 3466 633 3520 δέ
663 3469 807 3519 ἐστιν
836 3468 863 3518 6
898 3467 1073 3536 λόγος,
1112 3469 1140 3519 6
1174 3468 1248 3536 μὴ
1281 3467 1385 3520 ὲῶν
1417 3469 1564 3538 ἡμᾶς
1600 3470 1866 3540 ῥᾳθυμεῖν

285 3559 384 3612 καὶ
406 3559 708 3620 καθεύδειν,
740 3559 875 3613 ἀλλά
904 3559 1078 3627 λέγων
1098 3600 1112 3624 ,
1145 3561 1495 3630 Γρηγορεῖτε,
1531 3563 1642 3626 καὶ,
1680 3562 1865 3627 Ἔγει-

289 3668 405 3721 ραι,
446 3651 473 3702 6
504 3651 798 3704 καθεύδων.
839 3651 972 3703 Ὑπὸ
1008 3651 1101 3703 τοῦ
1133 3653 1290 3718 λόγου
1319 3652 1496 3706 τοίνυν
1538 3652 1728 3723 ὥσπερ
1763 3655 1869 3708 ύπό

284 3760 432 3805 τινος
470 3744 765 3814 ἀλέκτορος
804 3744 1139 3806 διυπνισθεὶς
1171 3746 1198 3796 6
1233 3745 1471 3814 Πέτρος,
1504 3745 1736 3809 ἐξελθὼν
1765 3747 1869 3811 ἔξω

284 3835 387 3901 τῆς
434 3835 602 3904 αὐλῆς
642 3835 735 3889 τοῦ
789 3835 1122 3906 ἀρχιερέως,
1155 3837 1436 3896 τουτέστι,
1471 3839 1570 3904 τῆς
1608 3841 1866 3908 περιοχῆς

282 3927 382 3981 τοῦ
415 3929 827 3997 πεπωρωμένου
859 3927 971 3995 νοῦ,
1009 3929 1102 3980 καὶ
1139 3928 1306 3991 ἐκϐὰς
1339 3931 1446 3982 ἀπὸ
1485 3931 1583 4000 τῆς
1611 3933 1870 4002 ἀναισθη-

287 4019 413 4082 σίας
433 4060 446 4085 ,
481 4019 712 4073 ἐκλαυσε
743 4019 976 4090 πικρῶς.
1011 4019 1156 4083 Ἕως
1186 4022 1284 4090 μὲν
1308 4023 1415 4092 γὰρ
1441 4018 1520 4097 ἦνΔ
1543 4025 1600 4075 ὲν
1632 4027 1695 4093 τῇ
1730 4024 1866 4095 αὐλῇ

283 4110 382 4165 τοῦ
411 4112 821 4182 πεπωρωμένου
852 4112 970 4174 νοὸς
991 4154 1005 4177 ,
1046 4113 1145 4165 οὐκ
1175 4113 1390 4166 ἔκλαιεν
1411 4131 1425 4146 ο
1467 4116 1527 4167 ού
1559 4116 1668 4184 γὰρ
1697 4116 1868 4187 ᾐσθέιν

285 4220 412 4258 vero
431 4220 445 4234 '
473 4204 707 4276 ὁπηνίκα
731 4204 787 4256 δὲ
812 4203 1036 4275 ἐξῆλθεν
1059 4245 1074 4269 ,
1106 4205 1185 4270 είς
1218 4206 1471 4278 αἴσθησιν
1502 4203 1688 4278 ἦλθεν.

872 4319 1122 4375 ΚΕΦΑΛ.
1163 4323 1290 4376 ΚΖ’.

285 4429 429 4500 Περὶ
473 4432 580 4487 τοῦ
623 4432 1250 4504 ἠτεμόνοςίηιζάτου.
1301 4436 1441 4504 Περὶ
1498 4435 1608 4502 τῆς
1668 4437 1864 4493 Ἰούδα

352 4505 767 4575 μεταμελείας.
815 4503 951 4575 Περὶ
982 4503 1090 4556 τοῦ
1123 4503 1406 4575 αἰκισμοῦ
1447 4506 1544 4560 καὶ
1578 4507 1865 4575 τιμωριῶν

356 4572 463 4627 τοῦ
493 4573 773 4644 Χριστοῦ,
808 4572 909 4626 καὶ
938 4572 1354 4644 σταυρώσεώς.
1388 4579 1527 4644 Περὶ
1563 4572 1674 4644 τῆς
1704 4572 1868 4643 ium-

359 4657 516 4708 σεως
537 4641 651 4718 τοῦ
681 4644 957 4718 σώματος
983 4641 1101 4697 τοῦθ
1124 4647 1365 4714 Κυρίου,
1399 4641 1496 4700 καὶ
1526 4641 1644 4700 τῶι)
1673 4641 1869 4718 φυλὰ-

358 4730 483 4767 κων
509 4715 617 4768 τοῦ
647 4713 862 4783 τάφου.

365 4846 386 4880 ι
424 4829 642 4898 Πρωῖας
668 4830 725 4883 δὲ
746 4831 1068 4901 γενομένης,
1095 4829 1420 4901 συμῦούλιον
1443 4829 1633 4883 ἔλαϐον
1663 4833 1863 4898 πάντες

282 4921 337 4974 οἱ
367 4921 646 4992 ἀρχιερεῖς
692 4922 788 4975 καὶ
827 4923 878 4976 οἱ
917 4915 1276 4992 πρεσϐύτεροι
1303 4921 1396 4976 τοῦ
1434 4922 1563 4976 λαοῦ
1604 4923 1744 4977 κατά
1769 4925 1863 4976 τοῦ

298 5013 512 5084 Ἰησοῦ,
540 5013 682 5069 ὥστε
713 5014 1023 5069 θανατῶσαι
1052 5015 1216 5070 αὐτόν
1238 5032 1250 5044 ⁸
1281 5015 1377 5068 καὶ
1401 5015 1671 5084 δήσαντες
1706 5016 1867 5070 αὐτὸν

283 5101 574 5176 ἀπήγαγον
593 5146 609 5170 ,
643 5107 741 5161 καὶ
773 5107 1100 5178 παρέδωκαν
1130 5108 1338 5178 Ποντίῳ
1377 5108 1594 5178 Πιλάτῳ
1627 5107 1704 5178 τῷ
1733 5110 1866 5179 ἠγε-

290 5198 440 5269 μόνι.
477 5217 496 5250 ι
534 5200 638 5252 Ἴδε
661 5201 752 5253 τὸν
776 5200 1024 5254 διάϐολον
1052 5200 1168 5262 πῶς
1197 5199 1350 5262 ὅλους
1377 5201 1574 5262 αὐτοὺς
1604 5201 1867 5270 κατέσχεν

288 5295 352 5345 ὲν
377 5290 658 5355 τοιαύταις
699 5293 934 5364 ἡμέραις
967 5292 1163 5356 πείσας
1209 5291 1455 5360 φονεύειν
1478 5333 1491 5358 ,
1527 5295 1583 5344 ὲν
1614 5287 1701 5355 αἶς
1732 5293 1866 5345 πολε

290 5383 403 5439 λῶν
451 5386 558 5440 ἔδει
599 5385 802 5440 θυσιῶν
847 5387 942 5439 καὶ
973 5385 1338 5457 προσφορῶν,
1381 5385 1520 5454 ὑπὲρ
1554 5385 1661 5436 τῶν
1694 5384 1869 5438 ἀλλων

288 5482 602 5551 ἁμαρτιῶν,
656 5483 752 5535 καὶ
790 5482 1014 5548 ἁγνείας
1054 5482 1147 5534 καὶ
1192 5479 1550 5549 καθάρσεως·
1599 5480 1645 5532 οί
1680 5479 1735 5533 δὲ
1775 5481 1870 5531 καὶ

368 5603 414 5634 ⁸³
459 5599 589 5654 Luc.
631 5615 766 5659 xxii,
795 5597 884 5664 65,
917 5598 1007 5652 64.

372 5759 447 5831 (α.)
479 5760 621 5816 Edil.
660 5759 778 5815 Lut.
811 5761 1014 5824 omisit,
1048 5771 1103 5813 ut
1136 5762 1429 5829 simplicius
1457 5764 1631 5816 (ticam
1653 5796 1665 5812 κ

625 5855 889 5917 Parnm.
941 5857 1055 5916 Gn.
1094 5857 1381 5920 CXXlll.

1957 1910 2115 1956 erant
2144 1902 2213 1957 ibi
2252 1909 2267 1959 τ
2325 1901 2390 1957 Et
2421 1905 2509 1959 hic
2543 1912 2663 1974 erat
2691 1919 2813 1967 cum
2849 1904 2976 1960 Jesu
3007 1902 3310 1960 Nazareno.
3363 1905 3429 1959 Et
3455 1905 3557 1961 itev

1958 2008 2075 2045 rum
2106 1994 2326 2062 negavit
2360 2009 2483 2050 cum
2521 1994 2921 2066 jurejurando:
2956 1993 3075 2050 Non
3105 1994 3228 2050 novi
3251 1994 3551 2053 hominem;

1957 2086 2024 2140 Et
2073 2100 2191 2158 post
2231 2083 2482 2159 pusilium
2517 2100 2872 2147 accesserunt
2913 2092 3002 2160 qui
3035 2093 3277 2157 stabant,
3312 2101 3368 2146 et
3404 2092 3557 2146 dixe.

1961 2187 2084 2233 r‘uut
2113 2177 2309 2236 Petro:
2339 2181 2478 2236 Vere
2497 2189 2550 2236 et
2578 2192 2631 2235 tu
2649 2196 2715 2237 ex
2738 2182 2845 2236 illis
2875 2198 2966 2237 es:
2998 2197 3121 2237 nam
3153 2194 3206 2237 et
3236 2182 3445 2253 loquela
3465 2192 3556 2242 tua

1964 2281 2013 2326 te
2044 2271 2391 2326 manifestum
2427 2261 2576 2326 facit.
2613 2272 2765 2327 Tunc
2795 2272 2962 2339 erepit
3003 2270 3262 2326 de‘testari
3285 2282 3341 2327 et
3367 2273 3556 2341 jurare

1961 2362 2107 2433 quod
2129 2377 2234 2419 non
2266 2373 2451 2420 nosset
2477 2364 2774 2419 hominem.
2811 2363 2879 2418 Et
2917 2364 3175 2419 continuo
3205 2362 3379 2432 gallus
3418 2378 3556 2418 can-

1964 2453 2118 2508 tavit.
2140 2455 2209 2510 Et
2240 2455 2557 2510 recordatus
2585 2464 2668 2510 est
2695 2453 2889 2509 Petrus
2919 2454 3065 2509 verbi
3098 2452 3249 2519 Jesu,
3279 2455 3369 2525 qui
3401 2455 3557 2510 dixe-

1964 2557 2049 2600 rat
2091 2547 2163 2612 ei,
2193 2546 2516 2617 Priusquam
2558 2547 2733 2616 gallus
2778 2555 2983 2612 cantet,
3040 2556 3122 2600 tcr
3172 2562 3261 2601 me
3310 2546 3554 2616 negabis,

1962 2647 2018 2693 et
2058 2652 2313 2708 egressus
2331 2619 2494 2693 'foras
2542 2625 2690 2692 flevit
2737 2653 2941 2692 amare.
2969 2657 2999 2718 ⁸ι
3048 2636 3321 2693 Immenso
3364 2639 3558 2693 timore

1965 2732 2224 2787 laborans
2270 2730 2488 2797 Petrus,
2540 2732 2740 2786 oblitus
2778 2741 2863 2786 est
2893 2731 3336 2801 promissionum,
3368 2739 3422 2786 et
3451 2731 3556 2786 liu-

1968 2834 2141 2876 mana:
2168 2821 2336 2877 servit
2365 2819 2747 2889 imbecillitati,
2783 2821 2938 2891 quasi
2972 2831 3119 2876 metu
3138 2821 3478 2876 exanimatus
3502 2831 3559 2876 et

1966 2913 2186 2970 nescius
2218 2913 2345 2983 quid
2376 2914 2540 2970 dicat.
2596 2906 2837 2984 lntellige
2880 2923 3058 2968 autem
3107 2928 3204 2982 per
3251 2927 3556 2982 anagogen,

1967 3005 2112 3075 quod
2162 3006 2230 3060 ab
2277 3005 2471 3060 ancilla
2500 3003 2693 3060 Petrus
2724 3004 3166 3073 reprehenditur,
3192 3005 3291 3058 hoc
3307 3018 3430 3059 esse
3464 3005 3559 3057 Im-

1971 3111 2144 3151 manze
2197 3095 2532 3151 inﬁrmitatis
2562 3107 2614 3151 et
2645 3095 2862 3151 servilis
2916 3096 3220 3150 ail‘ectionis
3269 3097 3553 3157 indicium.

1969 3189 2142 3244 donec
2173 3189 2345 3259 gallus
2377 3198 2604 3245 cantans
2645 3189 2794 3242 illum
2850 3188 3124 3243 recordari
3175 3187 3325 3245 fecit.
3366 3186 3555 3250 Gallus

1968 3291 2150 3336 autem
2179 3291 2262 3336 est
2288 3294 2488 3345 sermo,
2519 3282 2610 3349 qui
2653 3296 2760 3334 non
2799 3279 2930 3335 sinit
2972 3295 3070 3335 nos
3109 3288 3322 3349 torpere
3350 3290 3406 3335 et
3430 3281 3557 3334 dor—

1971 3378 2131 3440 mire,
2180 3375 2274 3428 sed
2336 3373 2492 3438 dicit,
2535 3371 2886 3443 Vigilatc,et,
2949 3372 3122 3441 Surge
3177 3373 3268 3442 qui
3328 3374 3555 3431 dormis.

1968 3471 2010 3520 A
2033 3467 2472 3536 sermoneigitur
2498 3477 2753 3535 tanquam
2783 3481 2810 3518 a
2837 3467 2977 3536 gallo
3011 3466 3264 3536 quopiam
3288 3469 3559 3524 excitatus

1970 3561 2186 3626 Petrus,
2222 3575 2477 3632 egressus
2527 3569 2613 3615 est
2644 3559 2793 3614 foras
2833 3561 3030 3613 atrium
3072 3559 3333 3629 principis
3376 3574 3558 3614 sacer.

1970 3656 2180 3709 dotum.
2243 3654 2346 3707 hoe
2411 3663 2493 3708 est
2537 3651 2797 3705 ambitum
2854 3660 3140 3705 exctecata:
3207 3651 3428 3714 mentis,
3503 3660 3559 3705 et

1971 3761 2220 3817 egressus
2271 3749 2338 3800 ab
2376 3745 2814 3807 insensibilitate,
2857 3745 3002 3801 ﬂevit
3053 3761 3257 3801 amare.
3304 3745 3556 3813 Quandin

1972 3843 2116 3894 enim
2141 3847 2260 3894 erat
2289 3841 2339 3893 in
2383 3841 2523 3892 atrio
2555 3848 2838 3893 excaecata:
2871 3841 3090 3905 mentis,
3116 3856 3223 3893 non
3257 3841 3427 3907 flevit,
3463 3856 3559 3895 nec

1971 3948 2078 4003 que
2107 3934 2250 3989 enim
2275 3934 2545 3990 sentiebat
2583 3953 2594 3987 :
2622 3942 2906 4003 postquam
2927 3945 3104 3990 autem
3127 3934 3314 4002 exivit,
3359 3934 3562 3992 sentire

1972 4027 2154 4095 coepit.

2538 4319 2768 4375 CAPUT
2820 4317 3028 4375 XXVII.

1975 4428 2518 4506 De_Po_ntioA_Pilato
2571 4436 2817 4505 praeside.
2853 4436 2933 4491 De
2976 4439 3339 4506 resipiscentia
3376 4438 3560 4496 Judw.

2041 4500 2119 4554 De
2147 4503 2526 4572 ﬂagellatione,
2545 4500 2707 4573 poenis
2730 4520 2775 4560 et
2798 4500 3140 4573 crnciﬁxioite
3169 4507 3388 4564 Christi.
3422 4511 3567 4575 Quo-

2045 4578 2198 4652 modo
2228 4576 2444 4652 petitum
2468 4578 2626 4652 luerit
2672 4593 2862 4652 corpus
2899 4577 3111 4631 Domini
3147 4591 3202 4632 ut
3234 4583 3562 4652 sepeliretur,

2044 4651 2093 4696 et
2125 4646 2190 4696 de
2216 4647 2457 4700 custodia
2486 4647 2601 4715 ejus
2631 4649 2873 4717 sepulcro
2897 4652 3205 4704 constituta.

2048 4825 2210 4882 Vens.
2251 4829 2300 4892 l,
2324 4829 2377 4882 2.
2412 4847 2429 4880 ι
2466 4828 2623 4884 Mane
2641 4839 2825 4886 autem
2843 4829 2989 4887 facto
3009 4827 3305 4900 consilium.
3326 4834 3566 4902 inierunt

1974 4934 2164 4975 omnes
2192 4920 2467 4990 principes
2496 4922 2839 4976 sacerdotum
2868 4932 2924 4979 et
2959 4926 3203 4980 seniores
3231 4927 3412 4996 populi
3449 4927 3558 4980 ad-

1977 5025 2170 5065 versus
2198 5010 2405 5079 Jesum,
2431 5022 2490 5067 ut
2521 5029 2646 5068 eum
2683 5016 2840 5070 morti
2896 5018 3194 5074 traderent.
3224 5018 3288 5072 Et
3319 5019 3559 5074 vinctum

1976 5118 2100 5157 eum
2138 5103 2503 5170 adduxerunt,
2543 5115 2599 5160 et
2643 5108 2982 5162 tradiderunt
3006 5109 3201 5165 Pontio
3219 5109 3395 5165 Pilato
3427 5127 3565 5180 pra-

1977 5195 2098 5250 sidi.
2139 5214 2158 5247 ›
2192 5194 2326 5250 Vide
2373 5198 2648 5254 diabolum
2690 5203 2966 5270 quomodo
3022 5217 3213 5259 omnes
3250 5203 3410 5277 154
3443 5205 3563 5258 illos

1976 5289 2404 5354 comprehendat
2452 5294 2504 5347 in
2559 5294 2751 5350 diebus
2801 5295 2926 5360 illis,
2983 5298 3315 5365 persuadens
3371 5302 3450 5352 eis
3509 5307 3566 5352 ut

1977 5384 2250 5450 occidant,
2299 5401 2423 5440 cum
2482 5377 2794 5442 sacrificare
2822 5397 2877 5444 et
2932 5386 3128 5445 offerre
3177 5390 3408 5445 debeant
3465 5404 3562 5454 pro

1977 5479 2204 5535 aliorum
2262 5483 2520 5550 peccatis,
2578 5485 2956 5552 sanctimonia,
2990 5493 3046 5540 et
3092 5488 3431 5556 purgatione.
3483 5484 3562 5540 Illi

3166 5852 3243 5921 15
