4080 6336
234 396 341 464 “1
768 392 1214 457 ENARRATIO
1250 392 1333 454 IN
1368 390 1873 458 EVANGELIUM
1909 389 2299 451 MA‘I‘I‘HIEI.
2340 414 2412 424 —
2449 388 2609 450 CAP.
2645 387 2893 451 XXVII.
3381 380 3493 452 462

240 514 371 584 μῑου
394 509 491 565 τοῦ
520 508 825 579 προφήτου,
866 506 1117 575 λέγοντος,
1139 521 1155 536 ο
1175 504 1289 558 Καὶ
1316 503 1512 557 ελαὸον
1545 504 1615 557 τὰ
1648 502 1804 572 spui-

1931 501 2190 571 mpletum
2223 510 2309 557 est
2342 500 2487 570 quod
2514 504 2722 557 dictum
2754 512 2842 558 est
2889 515 2988 571 per
3030 501 3325 566 Jeremiam
3372 520 3503 576 pro-

230 620 398 659 ιιοντα
433 597 671 671 ἀργύρια
699 599 798 667 τήν
825 596 993 667 τιμὴν
1028 594 1123 647 τοῦ
1163 592 1557 663 τετιμημένου,
1596 591 1659 643 δν
1696 593 1810 642 ἔτι.

1929 600 2136 663 pbetam
2167 596 2433 650 dicentem
2466 612 2481 648 :
2514 593 2579 647 Et
2593 603 2933 665 acceperunt
2956 596 3179 667 triginta
3213 608 3507 670 argenteus

237 697 481 766 μήσαντο
507 692 615 744 ἀπὸ
649 690 783 743 υἱῶν
824 688 1062 759 Ἰσραὴλ,
1093 688 1187 740 καὶ
1208 686 1414 739 ἔδωκαν
1442 683 1583 737 αὒτά
1612 685 1693 745 εἰς
1712 682 1807 735 τὸν

1929 688 2147 750 pretium
2177 688 2451 748 :cstimati,
2484 701 2645 756 quem
2667 689 2993 743 aestimatum
3023 701 3274 744 emerunt
3295 707 3326 744 a
3377 691 3507 746 ﬁliis

231 784 404 855 ἀγρὸν
429 782 525 836 τοῦ
568 781 857 852 κεραμέως
899 779 1046 833 καθά
1086 777 1347 843 συνέταξέ
1380 792 1471 845 μοι
1517 775 1740 847 Κύριος.
1782 791 1803 825 ι

1929 779 2106 843 lsrael,
2145 788 2201 837 et
2238 781 2503 835 dederunt
2554 795 2649 835 eos
2694 781 2746 834 in
2780 796 2969 850 agrum
3004 781 3173 854 ﬁguli,
3213 783 3355 838 sicut
3386 800 3513 839 cono

233 876 523 946 Κορῦανᾶν
552 875 738 942 ελεγον
783 872 875 925 τὸν
908 874 967 925 ὲν
1006 872 1086 941 τῷ
1124 870 1254 942 ἱερῷ
1295 869 1599 942 θησαυρὸν,
1628 869 1712 930 εἰς
1750 866 1811 920 ὃν

232 964 457 1018 summ
501 964 569 1018 τά
620 962 1044 1031 προσφερόμενα
1095 960 1175 1030 τῷ
1214 959 1336 1030 Θεῷ
1364 960 1534 1030 δῶρα.
1572 959 1719 1025 Ὅρα
1753 958 1812 1010 δὲ

235 1052 354 1117 πῶς
392 1056 422 1106 ό
452 1052 583 1115 Θεὸς
615 1055 855 1122 ματαιοὶ
880 1051 1079 1115 αὐτοὺς
1098 1091 1114 1113 ,
1147 1049 1289 1103 ὥστε
1343 1048 1680 1118 φημίζεσθαι
1711 1049 1813 1119 τὴν

238 1143 519 1215 μιαιφόνον
558 1143 738 1197 αὐτῶν
769 1144 995 1214 γνώμην
1018 1160 1033 1174 ο
1066 1144 1207 1205 Ἕως
1236 1145 1346 1212 γὰρ
1387 1145 1489 1211 τῆς
1534 1144 1811 1212 σήμερον,

234 1238 421 1305 φησιν,
440 1234 637 1303 ’Δγρδς
658 1234 891 1303 αἷματος
914 1234 1159 1285 καλεῖται
1184 1233 1214 1283 ό
1230 1232 1401 1301 ἀγρὸς
1420 1233 1650 1293 ἐκεῖνος.
1669 1229 1813 1283 ὥστε

237 1328 447 1389 πάντας
480 1324 999 1397 ἀναμιμνήσκεσθαι
1026 1324 1111 1377 ὅτι
1134 1323 1224 1375 τὸν
1254 1323 1463 1391 Κύριον
1492 1321 1811 1388 ἑφόνευσαν.

236 1416 491 1471 Ιίένθανε
519 1416 574 1469 δὲ
608 1417 703 1469 καὶ
740 1415 919 1479 τοῦτο,
954 1416 1037 1468 ὅτι
1070 1415 1163 1467 καὶ
1190 1413 1344 1483 παρά
1372 1414 1484 1475 τοῖς
1536 1412 1816 1475 Ἰουδαίοις

234 1508 490 1560 τοσοῦτον
540 1508 575 1576 ἡ
622 1504 903 1574 φιλοξενία
940 1502 1343 1567 ἐσπουδάζετο,
1378 1500 1519 1555 ὥστε
1566 1503 1663 1555 καὶ
1700 1504 1816 1565 τοῖς

236 1597 411 1665 ξένοις
443 1598 523 1661 εἰς
567 1596 745 1667 ταφὴν
771 1598 975 1668 χωρίον
1016 1614 1070 1649 τι
1103 1580 1503 1665 ἀγορασθῑμναι.
1536 1594 1819 1664 Αἰσχυνώ-

236 1690 379 1760 μεθα
424 1686 517 1743 οὖν
545 1691 733 1758 ήμεῖς,
777 1690 825 1741 ol
856 1688 1197 1757 τελειοτέρου
1238 1686 1338 1757 μὲν
1377 1686 1495 1756 βίου
1527 1685 1818 1748 δοκοῦντες

232 1776 395 1846 ιῐναι,
422 1783 552 1842 τοὺς
580 1780 638 1833 δὲ
672 1780 857 1845 ξένους
888 1780 1391 1851 παρασλεπόμενοι.
1428 1778 1540 1850 Τὴν
1564 1777 1733 1849 τιμὴν
1761 1777 1819 1832 δὲ

234 1870 332 1925 τοῦ
392 1872 782 1941 τετιμημένου,
818 1872 1019 1940 φησὶν,
1075 1864 1327 1942 ’δηλονότι
1384 1869 1480 1924 τοῦ
1532 1868 1814 1941 Χριστοῦο
1850 1858 1895 1918 Β

232 1964 498 2033 ἀτίμητος
549 1964 651 2033 μὲν
698 1963 807 2032 γάρ
843 1958 943 2033 ἦν,
980 1962 1219 2032 ἐτιμήθη
1265 1962 1325 2016 δὲ
1356 1963 1466 2014 ἀπὸ
1519 1962 1656 2015 υἱῶν
1706 1962 1814 2014 Ἰσ-

238 2054 398 2124 ραὴλ,
450 2054 722 2117 τουτέστι,
772 2054 871 2124 τὴν
919 2052 1092 2123 τιμὴν
1140 2052 1308 2106 αὐτοῦ
1364 2052 1603 2123 ἔστησαν
1634 2054 1683 2105 οἱ
1712 2053 1820 2106 υἱοὶ

248 2146 488 2216 Ἰσραὴλ,
513 2147 979 2218 συμφωνήσαντες
1000 2146 1078 2217 τῷ
1113 2145 1286 2217 Ἰούδᾳ
1312 2144 1498 2199 δοῦναι
1522 2144 1820 2215 τριάκοντα

234 2239 499 2309 ἀργύρια.

316 2352 336 2383 ε
393 2334 453 2386 '0
482 2333 540 2386 δὲ
584 2332 788 2405 Ἰησοῦς
836 2332 966 2403 ἔστη
1012 2332 1324 2404 ἔμπροσθεν
1373 2331 1469 2386 τοῦ
1521 2332 1817 2404 ἡγεμόνος,

237 2424 337 2477 καὶ
380 2425 734 2495 ἐπηρώτησεν
766 2426 932 2478 αὐτὸν
967 2424 996 2476 ὀ
1047 2423 1296 2495 ήγεμὼν,
1344 2424 1521 2492 λέγων
1549 2441 1564 2455 ·
1594 2427 1669 2477 Σὺ
1711 2420 1767 2477 εῐ
1792 2426 1822 2477 ό

238 2513 493 2585 βασιλεὺς
516 2515 625 2569 τῶν
665 2516 964 2582 Ἰουδαίων;
1002 2516 1060 2569 '0
1086 2515 1142 2569 δὲ
1172 2516 1379 2585 Ἰησοῦς
1414 2517 1517 2587 ἔφη
1547 2516 1719 2586 αὐτῷ’
1747 2518 1821 2570 Σὺ

235 2606 439 2673 λέγεις.
491 2609 601 2659 Καὶ
642 2610 701 2661 ὲν
746 2607 828 2678 τῷ
887 2608 1317 2677 κατηγορεῖσθαι
1353 2608 1515 2660 αὐτὸν
1563 2609 1669 2661 ὑπὸ
1711 2609 1825 2661 τῶν

238 2698 543 2768 ἀρχιερέων
570 2700 797 2753 καὶτῶν
829 2700 1239 2771 πρεσσυτέρων,
1268 2699 1421 2753 οὐδὲν
1465 2700 1821 2771 ἀπεκρίνατο.

239 2790 377 2843 Τότε
406 2790 551 2858 λέγει
573 2791 724 2861 αὐτῷ
742 2794 770 2844 ό
785 2792 1043 2855 Πιλᾶτος·
1063 2792 1177 2844 οὐκ
1200 2791 1418 2853 ἀκούεις
1432 2792 1575 2845 πόσα
1606 2808 1699 2844 σου
1726 2810 1826 2844 καο

233 2882 687 2952 ταμαρτυροῦσι;
738 2886 849 2938 Καὶ
878 2885 980 2937 οὐκ
1028 2883 1303 2955 ἀπεκρίθη
1341 2883 1493 2954 αὐτῷ
1530 2884 1668 2955 πρὸς
1705 2884 1827 2936 οὐδὲ

237 2970 302 3024 ιν
331 2972 483 3042 ῥῆμα
503 2988 520 3004 ο
550 2971 690 3026 ὥστε
723 2972 1027 3042 θαυμάζειν
1065 2976 1156 3027 τδν
1202 2975 1449 3044 ἡγεμόνα
1480 2973 1622 3029 λίαν.
1670 2992 1691 3026 ι
1735 2973 1828 3037 Ὦς

236 3062 337 3115 ἐπὶ
374 3063 654 3132 δημοσίοις
683 3065 994 3137 ἐγκλήμασι
1032 3066 1513 3137 κατηγορούμενος
1547 3066 1827 3135 ἀπάγεται

1918 872 2091 926 stituit
2116 871 2246 924 mihi
2279 870 2564 927 Dominus.
2606 891 2625 924 ι
2654 872 2959 927 Corbonam
2989 874 3244 929 dicebant
3284 875 3508 931 thesau-

1920 977 2042 1016 rum
2071 963 2123 1015 in
2173 963 2392 1033 templo,
2435 964 2488 1018 in
2520 979 2680 1033 quem
2725 963 3013 1019 mittebant
3056 966 3197 1019 dona
3234 980 3357 1035 qua:
3399 966 3511 1022 Deo

1920 1054 2307 1109 offerebantur.
2358 1056 2488 1109 Vide
2526 1065 2709 1110 autem
2756 1058 3031 1126 quomodo
3083 1057 3225 1111 Deus
3278 1048 3511 1113 iul’atuet

1920 1145 2040 1198 illos
2070 1185 2085 1209 ,
2154 1156 2214 1198 ut
2273 1148 2590 1201 traducatur
2646 1163 2800 1202 mens
2854 1148 3068 1202 illorum
3132 1151 3508 1219 sanguinaria.

1921 1237 2105 1307 Usque
2132 1239 2184 1292 iu
2212 1239 2352 1292 hunc
2372 1240 2516 1293 enim
2548 1240 2715 1304 diem,
2742 1238 2847 1306 ait,
2872 1254 3001 1310 ager
3022 1240 3113 1295 ille
3145 1240 3348 1295 dicitur
3365 1241 3512 1309 Ager

1921 1329 2233 1400 sanguinis,
2265 1338 2326 1384 ut
2362 1345 2556 1386 omnes
2580 1333 2693 1386 sint
2745 1347 3017 1388 memores
3042 1334 3186 1403 quod
3223 1334 3512 1389 Dominum

1921 1419 2240 1475 occiderint.
2268 1419 2426 1479 Disce
2442 1431 2624 1477 autem
2643 1432 2699 1477 et
2725 1423 2852 1488 hoc,
2884 1423 3028 1491 quod
3050 1433 3105 1478 et
3129 1426 3273 1493 apud
3292 1422 3515 1481 laudatos

1923 1511 2089 1571 fuerit
2108 1513 2159 1565 in
2190 1513 2365 1580 pretio
2392 1512 2737 1583 hospitalitas
2770 1516 2947 1572 :unde
2981 1515 3034 1568 iu
3054 1515 3390 1585 sepulturam
3415 1530 3514 1584 pe-

1926 1604 2265 1673 regrinorum
2298 1603 2457 1674 155
2481 1620 2669 1675 agrum
2707 1605 2856 1660 illum
2896 1618 3172 1663 emerunt.
3194 1607 3515 1663 Cunl'uuda-

1924 1710 2047 1749 mur
2079 1695 2245 1766 igitur
2269 1712 2396 1760 nos,
2435 1698 2525 1765 qui
2553 1700 2680 1753 vita:
2702 1698 3047 1767 perfectioris
3079 1700 3331 1754 videmur
3364 1715 3512 1766 esse,

1924 1795 1981 1841 et
2003 1788 2323 1857 peregrinos
2342 1788 2698 1857 despicimus.
2720 1789 2987 1856 Pretium,
3010 1792 3209 1860 inquit,
3232 1793 3514 1859 animati,

1924 1880 2024 1935 hoc
2043 1890 2127 1935 est
2164 1878 2368 1935 Christi
2396 1899 2412 1935 :
2440 1880 2838 1936 inaestimabilis
2859 1882 3005 1936 enim
3028 1879 3154 1947 fuit,
3183 1893 3240 1937 et
3272 1884 3517 1938 rstima-

1926 1982 2015 2027 tus
2049 1980 2135 2028 est
2167 1987 2194 2024 a
2238 1970 2366 2027 tlliis
2392 1970 2583 2038 Israel,
2618 1972 2721 2027 hoc
2747 1980 2861 2038 est,
2896 1974 3135 2043 pretium
3167 1974 3286 2043 ejus
3307 1974 3517 2029 consti-

1927 2074 2145 2120 tuerunt
2205 2065 2298 2119 lilii
2347 2064 2537 2131 Israel,
2582 2065 2726 2136 pacti
2757 2080 2881 2121 cum
2924 2063 3063 2121 Juda
3108 2075 3167 2122 ut
3208 2067 3406 2124 darent
3437 2067 3515 2122 illi

1926 2157 2143 2228 triginta
2169 2166 2476 2229 argenteos.

2000 2338 2375 2396 Vsnle-u.
2410 2360 2429 2394 ι
2460 2339 2624 2399 Jesus
2652 2350 2833 2397 autem
2862 2341 3156 2397 stetitante
3201 2339 3512 2411 prasidem,

1927 2442 1983 2486 et
2008 2432 2363 2502 interrogavit
2389 2447 2514 2487 eum
2554 2447 2752 2501 pracses
2784 2431 2973 2487 dicens
3009 2448 3024 2486 :
3068 2430 3149 2484 Tu
3183 2446 3242 2485 es
3283 2446 3381 2485 rex
3416 2429 3516 2483 .Iu-

1927 2524 2208 2579 (laurum?
2234 2522 2377 2577 Dicit
2402 2523 2476 2577 illi
2505 2522 2664 2579 Jesus
2694 2542 2708 2577 :
2738 2522 2819 2577 Tu
2847 2524 3005 2579 dicis.
3030 2522 3098 2577 Et
3127 2538 3253 2578 cum
3274 2536 3509 2577 accusa-

1930 2626 2079 2670 retur
2102 2632 2131 2668 a
2166 2615 2499 2686 principibus
2524 2616 2891 2679 sacerdotum,
2929 2624 2986 2671 et
3014 2614 3351 2681 senioribus,
3380 2614 3518 2669 nihil

1932 2708 2230 2776 respondit.
2264 2705 2421 2761 Tunc
2462 2706 2593 2762 dicit
2625 2706 2700 2761 illi
2740 2707 2982 2761 Pilatus:
3016 2704 3132 2761 Non
3160 2705 3321 2761 audis
3351 2720 3515 2774 quam

1932 2800 2099 2854 multa
2121 2801 2382 2854 adversus
2405 2807 2458 2851 te
2485 2800 2669 2852 dicant
2694 2796 3037 2853 testimonia?
3070 2796 3134 2851 Et
3156 2812 3263 2851 non
3296 2810 3520 2867 respon-

1932 2891 2078 2945 ditei
2114 2890 2180 2945 ad
2207 2889 2373 2943 ullum
2403 2890 2647 2954 verbum,
2681 2889 2753 2943 ita
2777 2876 2833 2942 ut
2861 2889 3153 2943 miraretur
3183 2904 3387 2956 prarses
3422 2902 3519 2940 ve-

1934 2983 2235 3037 hementer.
2270 3000 2289 3033 »
2328 2983 2492 3049 Quasi
2531 2979 2843 3050 capitalium
2885 2981 3177 3036 criminum
3213 2996 3342 3035 reus
3371 2981 3520 3035 sisti-

1936 3083 2023 3127 tur
2050 3073 2246 3138 Pilato,
2277 3083 2332 3129 et
2366 3074 2734 3142 interrogatur
2758 3088 2886 3126 num
2930 3072 3212 3138 invaserit,
3236 3082 3293 3126 et
3322 3074 3519 3143 conju-

236 3155 380 3225 πρὸς
420 3154 676 3221 Πιλάτον,
701 3156 825 3210 ὅθεν
864 3158 960 3211 καὶ
1001 3158 1184 3227 ἐρωτᾷ
1230 3158 1395 3210 αὑτὸν
1427 3159 1476 3211 sl
1522 3157 1827 3211 έπεσάλετο

1938 3166 2159 3230 raverit,
2183 3175 2236 3219 et
2266 3167 2549 3219 attentarit
2578 3178 2807 3234 regnare
2846 3162 3070 3218 ludatis.
3128 3162 3289 3218 .lesus
3333 3172 3516 3217 autem

237 3246 530 3316 ἀνταρσιᾳ,
560 3249 655 3300 καὶ
671 3248 997 3318 ἐπεχείρησε
1026 3248 1348 3318 βασιλεῦσαι
1376 3249 1487 3302 τῶν
1525 3248 1823 3303 Ἰουδαίων.

250 3337 317 3391 '0
341 3338 399 3391 δὲ
445 3338 652 3407 Ἰησοῦς
680 3338 784 3407 ἔφη
819 3339 969 3410 αύτῷ
995 3355 1010 3369 ⁸
1037 3340 1110 3392 Σὺ
1140 3340 1322 3408 λέγεις
1341 3360 1353 3371 ·
1382 3341 1675 3410 ἀπόκρισιν
1700 3340 1829 3401 δοὺς

237 3429 395 3499 αὐτῷ
440 3431 791 3500 σοφωτάτηνο
828 3430 955 3485 οὕτε
1012 3434 1124 3503 γὰρ
1176 3427 1353 3498 εἶπεν,
1406 3432 1491 3485 δτι
1528 3431 1643 3485 Οὐκ
1691 3431 1829 3499 εἰμὶ,

236 3520 371 3575 οὔτε
399 3522 583 3587 πάλιν,
611 3525 694 3577 ὅτι
726 3524 877 3595 Elui.
922 3524 1086 3583 Ἀλλά
1114 3526 1293 3594 μέσως
1324 3540 1440 3586 πως
1474 3523 1602 3593 ἔφη·
1637 3523 1711 3575 Σὺ
1740 3523 1829 3574 λέ-

239 3631 394 3683 γεις.
423 3614 597 3669 Τοῦτο
621 3616 964 3686 γάρδᾶναται
991 3618 1085 3670 καὶ⁵
1109 3617 1252 3670 οὕτω
1280 3616 1566 3685 νοηθῆναι,
1585 3613 1669 3667 ὄτι
1698 3616 1833 3685 Εἰμὶ

241 3704 429 3768 καθὼς
450 3704 649 3773 λέγεις·
674 3707 769 3759 καὶ
786 3706 980 3771 οὕτως,
1000 3709 1082 3760 ὅτι
1115 3706 1258 3774 Ἐγὼ
1280 3708 1382 3777 μὲν
1403 3708 1561 3761 τοῦτο
1584 3708 1647 3761 οὐ
1662 3708 1829 3775 λέγω,

244 3779 319 3849 δῦ
354 3796 413 3850 δὲ
468 3797 684 3866 λέγεις·
726 3798 855 3852 ἀλλο
888 3799 1073 3869 μέντοι
1114 3799 1265 3853 οὐδὲν
1308 3799 1671 3869 ἀπεκρίνατοο
1714 3800 1833 3871 ᾔδει

242 3888 375 3957 γὰρ»,
396 3890 458 3941 τδ
490 3890 775 3960 κριτήριον
808 3892 884 3960 μὴ
930 3890 1073 3944 κατά
1092 3892 1251 3959 λόγον
1283 3891 1601 3961 προόαῖνσν.
1635 3892 1833 3945 Ἐθαύ-

246 3978 423 4050 μαζιν
448 3979 542 4035 οῦν
564 3982 596 4034 ό
624 3981 856 4045 Πιλάτος
883 3983 976 4035 τὸν
1022 3982 1253 4054 Κύριον,
1288 3983 1405 4052 ἅμα
1438 3983 1539 4051 μὲν
1563 3982 1830 4046 ὡς’κατα-

244 4071 551 4141 φρονοῦντα
573 4070 805 4127 θανάτου
820 4112 837 4139 ,
868 4072 987 4142 ἅμα
1012 4073 1070 4126 δὲ
1100 4075 1225 4137 πῶς
1248 4074 1427 4143 λόγιος
1449 4074 1524 4126 ὢν
1546 4077 1641 4127 καὶ
1664 4076 1833 4146 μυρία

240 4161 392 4231 ιχων
424 4162 791 4233 προϐαλέσθαι
822 4167 903 4227 εἰς
927 4164 1247 4233 ἀπολογίαν,
1281 4166 1436 4218 οὐδὲν
1472 4166 1830 4237 ἀπεκρίνατο,

242 4254 388 4310 ἀλλά
430 4255 539 4309 τῶν
570 4256 947 4325 ἐγκαλούντων
982 4258 1295 4328 ὑπερεώρα.
1339 4259 1735 4329 Διδασκώμεθα
1771 4260 1831 4313 δὲ

241 4346 348 4400 καὶ
392 4348 556 4417 ήμεξς
592 4347 847 4401 ἐντεῦθεν
892 4351 1022 4402 ὅταν
1062 4350 1200 4418 πρὸς
1229 4350 1584 4420 δικαστήριον
1617 4351 1834 4420 ἔχωμεν

240 4439 665 4510 διεφθαρμένον,
688 4442 855 4512 μηδὲν
871 4442 1073 4510 λέγειν,
1100 4443 1187 4495 ἵνα
1206 4444 1345 4513 μήτε
1366 4443 1594 4512 θόρυϐον
1614 4443 1831 4497 πλείονα

239 4529 574 4599 ἀγιίρωμεν,
603 4532 742 4599 μήτε
774 4533 1155 4601 κατακρίσεως
1194 4533 1438 4596 πλείονος
1471 4527 1624 4602 ὦμεν
1662 4534 1827 4587 αιτιοι
1858 4542 1905 4596 D

240 4622 362 4687 τοῖς
392 4624 468 4693 μὴ
491 4623 601 4678 τῶν
635 4624 944 4692 ἀπολογιῶν
974 4626 1133 4695 ἡμῶν
1157 4626 1436 4679 ἀκούουσι.

324 4731 344 4764 ι
377 4713 533 4765 Κατὰ
560 4713 618 4766 δὲ
655 4714 850 4785 ἑορτήν
886 4714 1071 4768 εἰώθει
1108 4718 1136 4768 ό
1166 4717 1392 4786 ἡγεμὼν
1434 4717 1697 4771 ἀπολύειν
1730 4720 1829 4772 ἕνα

237 4800 323 4873 τῷ
349 4802 493 4873 δχλῳ
519 4804 765 4873 δέσμιον,
799 4804 860 4857 δν
903 4806 1094 4876 ἤθελον
1115 4824 1128 4837 ·
1174 4804 1321 4878 εἶχον
1366 4808 1422 4860 δὲ
1451 4810 1575 4861 τότε
1606 4810 1829 4881 δέσμιον

238 4894 537 4964 ὲπέσημον,
585 4897 882 4967 λεγόμενον
938 4899 1254 4967 Βαραϐϐᾶν.
1312 4902 1674 4972 Συνηγμένων
1735 4902 1831 4956 οὖν

241 4987 447 5053 αὐτῶν,
475 4984 629 5043 εἶπεν
658 4990 842 5052 αὐτοῖς
869 4993 896 5043 ὁ
921 4991 1171 5054 Πιλᾶτος·
1194 4991 1329 5044 Τίνα
1357 4993 1542 5046 θέλετε
1568 4993 1830 5047 ἀπολύσω

240 5086 410 5156 ὑμῖν,
436 5085 749 5155 Βαραϐὄᾶν,
783 5086 818 5157 ἢ
860 5086 1069 5156 Ἰησοῦν
1096 5086 1190 5140 τὸν
1220 5087 1512 5158 λεγόμενον
1558 5089 1827 5159 Χριστόνς

248 5174 408 5248 ᾜδει
437 5176 548 5245 γὰρ
594 5177 678 5230 ὅτι
727 5176 816 5229 διά
859 5177 1054 5245 φθόνον
1100 5179 1425 5249 παρέδωκαν
1467 5178 1649 5232 αὐτόν.
1693 5197 1712 5231 ι
1766 5178 1829 5231 Ὃ

245 5267 480 5332 Πιλάτος
520 5269 852 5334 ἐσπούδαζεν
900 5268 1170 5322 ἀπολῦσαι
1209 5271 1300 5323 τὸν
1348 5270 1605 5341 Χριστὸν,
1651 5271 1701 5323 εἰ
1732 5271 1827 5323 καὶ

244 5359 638 5431 μαλακώτερον
669 5359 765 5413 τοῦ
795 5361 1038 5424 δέοντος’
1078 5361 1185 5413 ἔδει
1223 5362 1332 5431 γάρ
1372 5363 1626 5433 ἐνστῆναι
1662 5362 1826 5416 αὐτὸν

242 5452 391 5522 ὑπὲρ
435 5453 532 5507 τοῦ
574 5454 829 5523 ἀληθοῦς.
876 5454 1099 5522 Πρῶτον
1154 5455 1251 5524 μὲν
1306 5450 1398 5507 οὖν
1450 5455 1703 5526 ἠρώτησε
1734 5456 1825 5509 τὸν

240 5542 471 5614 Κύριονο
500 5547 616 5599 Οὐκ
650 5548 869 5608 ἀκούεις
902 5547 954 5597 τε
980 5541 1127 5600 οὗτοί
1158 5564 1250 5599 σου
1276 5549 1820 5619 καταμαρτυροῦσιν;

254 5636 611 5707 Ἦρώτησεδὲ
638 5639 748 5704 ἶνα,
772 5640 1253 5710 ἀπολογησαμένου
1273 5641 1367 5693 τοῦ
1385 5642 1645 5712 Χριστοῦ,
1666 5643 1820 5713 σχοίη

239 5730 504 5801 ἀφορμήν
534 5732 670 5801 πρὸς
709 5732 772 5785 τὸ
810 5731 1081 5786 ἀπολῦσαι
1121 5733 1285 5785 αὐτόν
1304 5749 1318 5763 ·
1354 5735 1478 5786 ἐπεὶ
1506 5734 1564 5786 δὲ
1591 5736 1693 5787 οὐκ
1718 5739 1827 5789 ἀπο

238 5823 482 5891 ιλογεῖτο
508 5825 538 5878 ό
563 5823 787 5894 Κύριος,
813 5823 1101 5892 γινώσκων
1122 5823 1359 5889 πάντως,
1386 5824 1469 5878 ὅτι
1497 5826 1602 5881 κᾶν
1624 5826 1822 5879 dmin-

1855 3218 1902 3276 C

1934 3258 2071 3312 dixit
2109 3256 2183 3309 illi
2224 3273 2239 3309 :
2271 3252 2351 3307 'l‘u
2387 3254 2522 3309 dicis
2569 3271 2586 3308 :
2632 3254 3041 3321 sapientissimo
3072 3268 3337 3322 responso
3366 3256 3515 3307 dato.

1934 3347 2118 3417 Neque
2144 3346 2288 3401 enim
2315 3345 2488 3399 dixit:
2510 3344 2629 3398 Non
2658 3360 2814 3398 sum:
2853 3360 2953 3399 nec
2976 3353 3189 3407 contra,
3219 3346 3331 3415 Ego
3349 3359 3473 3399 sum
3498 3361 3515 3398 :

1934 3441 2027 3493 sed
2057 3438 2239 3492 medio
2261 3438 2494 3505 quodam
2528 3435 2687 3490 modo
2717 3433 2855 3488 dixit
2883 3451 2899 3487 :
2926 3433 3006 3487 Tu
3035 3434 3194 3488 dicis.
3225 3433 3342 3488 Hoc
3366 3434 3514 3488 enim

1933 3540 2111 3600 potest
2142 3539 2194 3584 et
2221 3529 2301 3585 sic
2328 3526 2550 3597 in'elligi
2580 3546 2594 3579 :
2628 3526 2759 3580 Sum
2791 3524 2933 3579 sicut
2962 3525 3133 3591 Lcis;
3164 3534 3219 3578 et
3239 3525 3318 3579 sic
3352 3541 3367 3576 :
3403 3524 3515 3591 Ego

1934 3623 2151 3690 quidem
2202 3622 2303 3675 hoc
2342 3634 2450 3673 non
2484 3619 2627 3684 dico,
2666 3626 2719 3672 tu
2772 3627 2955 3672 autem
2999 3616 3150 3671 dicis.
3188 3617 3349 3670 Aliud
3386 3632 3516 3670 vero

1936 3726 2253 3780 responsum
2290 3727 2394 3764 non
2442 3709 2611 3764 dedit.
2656 3708 2875 3764 Sciebat
2911 3708 3054 3762 enim
3102 3707 3365 3776 injustam
3400 3707 3519 3762 fore

1929 3801 2216 3870 judicium.
2248 3797 2481 3859 Proinde
2515 3798 2816 3850 admiratus
2845 3804 2926 3850 est
2962 3794 3168 3849 Pilatus
3203 3789 3515 3857 Dominum.

1936 3903 1990 3947 et
2012 3895 2154 3960 quod
2182 3900 2553 3945 contemneret
2576 3896 2829 3953 mortem,
2856 3898 2910 3941 et
2936 3889 3078 3958 quod
3121 3896 3230 3941 tam
3256 3888 3517 3957 eloquens

1936 3996 1991 4040 et
2026 3986 2190 4037 multa
2226 3982 2431 4037 habens
2465 3997 2586 4052 qua:
2619 3981 2992 4051 responderet,
3042 3980 3175 4035 nihil
3213 3984 3517 4048 responde-

1936 4085 2039 4139 ret,
2064 4075 2158 4129 sed
2189 4084 2532 4129 accusatores
2568 4082 2961 4128 contemneret.
3005 4072 3289 4127 Discamus
3318 4082 3375 4125 et
3419 4086 3519 4125 nos

1937 4165 2038 4219 boc
2078 4165 2199 4218 loco
2220 4166 2491 4233 quomodo
2519 4178 2709 4234 gerere
2744 4179 2844 4219 nos
2894 4164 3188 4218 debeamus
3222 4163 3274 4216 in
3306 4163 3518 4233 judicio

1934 4257 2159 4325 injusto.
2184 4272 2251 4311 ue
2274 4258 2401 4327 quid
2419 4258 2685 4318 dicamus,
2715 4272 2783 4311 ne
2803 4256 3067 4310 tumultus
3094 4254 3270 4324 major
3300 4256 3519 4310 oboria-

1938 4359 2043 4412 tur,
2076 4364 2212 4403 neve
2239 4349 2461 4418 majoris
2488 4350 2963 4403 condemnatiouis
2992 4352 3342 4403 occasionem
3375 4364 3518 4417 prte-

1936 4443 2160 4497 beamus
2190 4441 2276 4497 bis
2310 4442 2402 4512 qui
2435 4439 2778 4497 defensiones
2822 4451 3036 4495 nostras
3074 4441 3268 4497 audire
3300 4442 3515 4497 nolunt.

2004 4711 2169 4768 Vsus.
2202 4712 2389 4767 1548.
2426 4730 2446 4764 ι
2477 4711 2534 4766 lu
2556 4712 2697 4768 festo
2726 4720 2905 4767 autem
2935 4721 3297 4768 consueverat
3316 4729 3518 4780 praeses

1935 4806 2105 4859 turba:
2148 4806 2420 4859 dimittere
2469 4821 2636 4859 unum
2685 4805 2923 4860 vinctum
2978 4819 3140 4874 quem
3184 4806 3507 4861 voluissent.

1934 4896 2176 4951 Habebat
2206 4909 2386 4951 autem
2423 4906 2552 4951 tunc
2578 4898 2821 4951 vinctum
2858 4898 3151 4967 insignem,
3175 4898 3268 4966 qui
3296 4898 3517 4953 dicebao

1932 4998 2021 5043 tur
2052 4988 2350 5043 Barabbas.
2385 4987 2744 5059 Cougrcgatis
2772 5005 2903 5059 ergo
2939 4990 3066 5054 illis,
3096 4990 3234 5045 dixit
3265 4990 3472 5045 Pilatus
3496 5008 3514 5045 :

1930 5080 2101 5147 Quem
2134 5081 2293 5136 vultis
2329 5082 2596 5135 dimittam
2643 5082 2817 5145 vobis,
2851 5081 3176 5147 Barabbam,
3224 5099 3291 5138 an
3323 5082 3512 5139 Iesum

1931 5177 2023 5245 qui
2065 5175 2267 5232 dicitur
2312 5175 2601 5231 Christus?
2646 5175 2864 5231 Sciebat
2906 5180 3053 5229 enim
3091 5176 3239 5246 quod
3288 5184 3517 5246 propter

1933 5267 2188 5322 invidiam
2221 5267 2572 5323 tradidissent
2598 5283 2743 5322 eum.
2784 5287 2802 5318 ι
2839 5266 3049 5322 Pilatus
3073 5267 3327 5323 studebat
3346 5268 3512 5322 Chri-

1930 5367 2074 5413 stum
2130 5358 2431 5421 absolvere,
2477 5357 2694 5411 tametsi
2750 5357 2952 5412 lcntius
2986 5372 3148 5425 quam
3202 5357 3515 5426 oportebat,

1930 5452 2160 5505 debebat
2189 5452 2334 5505 enim
2362 5464 2423 5504 se
2450 5466 2547 5519 pro
2575 5450 2801 5504 veritate
2829 5450 3086 5519 objicere.
3119 5445 3360 5503 Primum
3384 5450 3516 5517 qui.

1931 5546 2050 5601 dem
2098 5544 2464 5613 interrogabat
2520 5543 2805 5596 Dominum
2851 5559 2865 5593 :
2906 5539 3026 5596 Non
3064 5540 3220 5594 audis
3256 5539 3388 5609 quid
3435 5539 3517 5595 illi

1931 5648 2118 5695 contra
2156 5646 2209 5691 te
2257 5634 2651 5689 testi‘licentur?
2684 5632 3043 5702 Interrogavit
3088 5641 3307 5697 autem,
3367 5639 3427 5684 ut
3464 5632 3512 5685 si

1930 5730 2181 5787 Christus
2216 5736 2609 5792 seexcusaret,
2656 5725 2882 5779 haberet
2925 5724 3272 5779 occasionem
3325 5723 3508 5776 abSol-

1930 5823 2089 5880 veudi
2127 5837 2272 5879 eum.
2316 5820 2384 5874 At
2425 5834 2549 5873 cum
2608 5832 2714 5872 ncn
2766 5813 3086 5872 detonderet
3126 5828 3185 5867 se
3226 5812 3502 5878 Christus,
