4080 6336
657 398 763 461 ιδτι

1497 377 1802 440 THEOPH
1815 371 2096 435 YLACTI'
2121 370 2222 431 BU
2234 366 2534 430 LGARUE
2575 363 2910 426 ARCHIEP

3760 355 3858 421 ιιι

657 519 832 577 sciens
863 527 921 566 se
952 522 1054 565 non
1084 502 1364 570 dimissum
1409 498 1474 551 iri
1515 493 1859 565 quantumvis
1901 503 1958 544 se
1981 500 2204 542 excusa-

2323 483 2584 552 γήσηται,
2621 482 2720 531 οὐκ
2765 476 3119 546 ἀφεθήσεται,
3155 474 3351 544 ἑτέραν
3381 473 3500 528 ὁδὸν
3553 472 3814 544 τρέπεται
3847 480 3872 529 ό

659 574 760 674 ret,
787 604 941 658 aliam
989 598 1124 650 viam
1161 592 1364 647 invenit
1397 587 1617 649 Pilatus,
1649 592 1702 638 et
1735 578 1970 648 confugit
1998 579 2106 646 jam
2140 574 2204 628 ad

659 669 1120 756 consuetudinem,
1150 682 1304 754 quasi
1341 681 1416 736 sic
1445 680 1649 734 diceret
1689 693 1702 726 :
1740 672 1794 727 Si
1823 686 1929 725 non
1965 678 2024 723 ut
2049 669 2205 721 inno-

657 799 866 846 centem
898 780 1164 837 dimittitis
1201 775 1404 836 Iesum,
1451 771 1638 824 saltem
1681 776 1934 833 tanquam
1985 760 2208 814 damna-

659 895 770 939 tum
805 878 1100 934 contionale
1153 870 1324 939 ipsum
1371 864 1494 918 huic
1541 861 1696 916 festo.
1741 855 2017 921 Quomodo
2063 851 2205 906 enim

658 971 914 1043 suspicari
945 966 1203 1037 potuisset
1237 960 1437 1042 Pilatus
1469 953 1606 1024 quod
1652 953 1992 1005 innocentem
2022 944 2205 999 Jesum

659 1066 723 1119 ad
748 1032 1162 1127 cruciﬁgendum
1192 1032 1452 1121 peterent,
1484 1053 1536 1099 et
1571 1056 1715 1098 reum
1746 1040 2004 1094 latronem
2030 1032 2210 1088 dimit-

657 1152 864 1208 terent?
912 1124 1097 1203 Sciens
1147 1144 1309 1212 igitur
1347 1153 1449 1193 non
1492 1148 1611 1189 esse
1658 1147 1828 1196 reum,
1882 1129 1972 1184 sed
2013 1124 2205 1179 invidia

658 1243 936 1306 traditum,
959 1237 1073 1292 ideo
1096 1237 1385 1302 interrogat
1416 1243 1528 1282 eos.
1558 1224 1709 1280 Unde
1727 1218 1960 1274 ostendit
1984 1231 2042 1269 se
2065 1214 2208 1283 plus-

659 1348 817 1403 quam
878 1304 1085 1395 aiquum
1151 1331 1267 1377 erat
1319 1318 1662 1372 molliorem:
1724 1311 1882 1380 156
1931 1304 2210 1376 oportebat

661 1426 798 1478 enim
831 1434 925 1490 pro
956 1417 1179 1472 veritate
1207 1409 1521 1484 periclitari.
1545 1408 1728 1474 Itaque
1756 1404 1944 1471 dignus
1973 1406 2053 1451 est
2081 1409 2210 1450 con-

660 1488 1021 1576 demnatione,
1047 1518 1300 1577 tanquam
1326 1501 1566 1559 veritatis
1586 1507 1916 1567 suppressor.
1943 1488 2210 1544 Barabbas

661 1619 835 1662 autem
883 1599 1233 1668 interpretari
1287 1595 1407 1666 quis
1454 1597 1626 1662 potest
1662 1586 1832 1656 ﬁlium
1868 1581 2057 1651 patris.
2109 1577 2211 1632 Bar

661 1699 800 1753 enim
835 1695 999 1764 ﬁlius,
1034 1691 1213 1745 Ahbas
1247 1696 1424 1741 autem
1455 1694 1622 1764 paterr
1656 1678 1820 1732 Judaei
1854 1675 2014 1744 igitur
2047 1670 2210 1726 lilium

661 1750 846 1860 patris.
862 1786 944 1842 sui
970 1782 1166 1839 diaboli
1195 1750 1553 1850 postularunt,
1591 1750 1772 1826 Jesum
1816 1778 1992 1822 autem
2025 1762 2212 1818 eruci-

2313 572 2560 634 Πιλάτος,
2593 570 2686 622 καὶ
2718 569 3051 637 καταφεύγει
3074 566 3261 618 λοιπὸν
3288 565 3379 618 ἐπὶ
3409 565 3470 617 τὸ
3509 564 3651 628 ἔθος,
3695 583 3873 632 μονον-

2311 665 2430 734 ουχὶ
2466 661 2621 715 τοῦτο
2666 661 2840 729 λέγων
2860 676 2874 691 ο
2903 660 2964 712 Εἰ
3001 659 3076 729 μὴ
3098 657 3173 718 ὡς
3202 656 3378 709 ἀθῶον
3405 657 3600 725 ἀφίετε
3640 656 3735 723 τὸν
3775 658 3871 728 Ἰη-

2315 753 2458 817 σοῦν,
2479 752 2576 806 κᾶν
2603 751 2676 813 ὠς
2701 749 3027 818 κατάκριτον
3055 745 3352 816 χαρίσασθε
3376 746 3568 799 τοῦτον
3595 749 3662 816 τῇ
3694 748 3870 816 tam.

2313 846 2422 911 Ποῦ
2449 850 2555 914 γάρ
2584 841 2650 896 ἂν
2679 839 2946 900 ὑπέλαϐεν
2979 840 3007 892 ὁ
3042 838 3271 900 Πιλάτος
3309 837 3389 891 ὅτι
3429 837 3612 890 ἀθῶον
3640 838 3770 890 ϐντα
3795 839 3876 890 τὸν

2330 936 2873 1007 Ἰησοῦνιαίτήσονται
2924 931 3326 1000 σταυρωθῆναι,
3381 931 3474 983 καὶ
3511 929 3606 982 τὸν
3638 930 3878 982 ὑπαίτιον

2313 1030 2513 1106 λῃστὴν
2559 1027 2953 1092 ἀπολύσουσιν;
3002 1023 3170 1086 Εἰδὼς
3200 1018 3294 1076 οὖν
3340 1023 3423 1075 ὅτι
3483 1023 3740 1084 ὑπαίτιος
3789 1025 3879 1075 οὐκ

2314 1125 2451 1185 ἐστι,
2515 1121 2786 1190 φθονεῖται
2832 1119 2922 1184 δὲ,
2967 1116 3159 1170 τούτου
3207 1115 3390 1169 ἕνεκεν
3436 1115 3619 1184 ἐρωτᾷ
3651 1115 3877 1177 αὐτούς’

2314 1216 2434 1269 ὅθεν
2468 1214 2738 1267 δείκνυται
2769 1211 2849 1262 ὅτι
2892 1207 3283 1278 μαλακώτερος
3311 1202 3379 1276 ἦν
3399 1223 3412 1237 ·
3447 1207 3552 1259 ἔδει
3591 1207 3703 1274 γὰρ
3731 1206 3881 1257 αὑτὸν

2315 1303 2760 1376 προκινδυνεῦσαι
2803 1299 2895 1352 τοῦ
2931 1297 3161 1366 ἀγαθοῦ.
3191 1299 3288 1350 Διά
3318 1295 3474 1349 τοῦτο
3499 1291 3592 1348 οὖν
3622 1297 3717 1348 καὶ
3744 1295 3881 1360 ἄξιος

2314 1397 2711 1470 κατακρίσεως,
2745 1395 2820 1459 ὡς
2845 1394 2942 1466 τὴν
2972 1395 3230 1465 ἀλήθειαν
3262 1392 3636 1461 συγκαλύψας.
3673 1391 3884 1458 Βαραϐ-

2315 1491 2416 1555 ϐᾶς
2441 1491 2495 1544 δὲ
2523 1488 2909 1561 ἑρμηνεύεται,
2935 1487 3068 1551 υἱὸς
3104 1487 3209 1541 τοῦ
3261 1489 3484 1554 πατρός
3506 1504 3519 1517 ο
3553 1485 3659 1556 βάρ
3709 1485 3818 1554 γὰρ
3855 1488 3884 1538 d

2316 1582 2465 1648 υίὸς,
2490 1579 2663 1642 esse;
2683 1579 2738 1631 δὲ
2771 1581 2804 1631 ὀ
2826 1578 3042 1646 πατήρ.
3071 1578 3132 1630 Οἱ
3159 1576 3335 1629 τοίνυν
3369 1576 3632 1638 Ἰουδαῖοι,
3666 1574 3758 1628 τὸν
3779 1577 3886 1628 υἱὸν

2315 1672 2409 1726 τοῦ
2441 1670 2645 1741 πατρὸς
2675 1669 2873 1732 αὐτῶν,
2896 1667 2989 1722 τοῦ
3024 1666 3303 1728 διαϐόλου,
3330 1667 3688 1737 ἐξῃτήσαντο,
3719 1665 3810 1719 τὸν
3832 1666 3884 1719 δι

2329 1763 2533 1834 Ἰησοῦν
2560 1763 2941 1831 ἐσταύρωσαν
2972 1759 3067 1813 καὶ
3114 1758 3274 1829 μέχρι
3317 1757 3374 1810 δὲ
3406 1756 3499 1810 τοῦ
3531 1757 3650 1821 νῦν,
3680 1755 3762 1826 τῷ
3793 1755 3883 1824 μιν

663 1844 895 1936 θιοτιιιιι
920 1895 933 1931 :
959 1883 1011 1930 et
1039 1844 1212 1944 usque
1233 1873 1286 1926 in
1317 1871 1460 1925 hunc
1492 1867 1629 1922 diem
1657 1864 1766 1917 lilio
1796 1859 1964 1932 patris
1995 1858 2076 1912 sui
2105 1857 2214 1908 An-

2323 1855 2417 1927 υίῷ
2444 1854 2535 1909 τοῦ
2570 1854 2774 1923 πατρὸς
2805 1853 3005 1919 αυτῶν,
3034 1852 3112 1922 τῷ
3153 1850 3522 1922 Ἀντιχρίστῳ,
3565 1846 3882 1919 προστίθεν-

665 1973 912 2029 ticbristo
948 1968 1242 2029 adhaerent,
1277 1960 1546 2016 Christum
1580 1970 1757 2012 autem
1789 1955 2072 2022 abnegant.

730 2066 896 2121 Vsus.
922 2060 1110 2116 19-26;
1160 2074 1178 2108 ι
1218 2055 1448 2110 Sedente
1477 2058 1654 2104 autem
1679 2048 1768 2100 illo
1805 2059 1901 2113 pro
1942 2038 2213 2104 tribunali,

662 2157 809 2214 misit
840 2156 903 2209 ad
933 2168 1053 2207 eum
1086 2164 1220 2205 uxor
1253 2147 1390 2216 ejus,
1419 2143 1600 2196 dicens
1640 2159 1653 2194 :
1706 2137 1850 2193 Nihil
1881 2135 1972 2189 tibi
1998 2143 2050 2189 et
2070 2133 2215 2202 justo

664 2250 758 2306 illi.
788 2247 952 2302 Multa
982 2246 1126 2298 enim
1157 2254 1312 2311 passa
1353 2251 1470 2292 sum
1500 2233 1660 2289 hodie
1683 2233 1734 2286 in
1762 2229 1966 2286 somnis
2004 2233 2216 2296 propter

659 2336 804 2398 eum.
846 2337 1120 2404 Principes
1149 2340 1325 2387 autem
1361 2325 1697 2383 sacerdotum
1731 2332 1785 2376 et
1820 2321 2059 2374 seniores
2089 2330 2213 2386 per-

662 2435 948 2488 suaserunt
979 2423 1146 2480 turbis
1181 2428 1238 2474 ut
1268 2426 1512 2488 peterent
1535 2406 2055 2475 BarabhamJesum
2086 2417 2218 2459 vero

663 2521 968 2590 perderent.
1027 2511 1372 2580 Respondens
1411 2514 1588 2560 autem
1651 2514 1848 2570 praeses
1905 2499 1979 2552 ait
2041 2495 2144 2552 illis
2196 2513 2212 2550 :

665 2587 855 2661 Unum
890 2601 1054 2655 Vultis
1078 2598 1225 2652 vobis
1253 2612 1281 2650 e
1307 2595 1517 2648 duobus
1543 2588 1842 2645 dimittam?
1867 2587 1933 2640 At
1964 2587 2038 2641 illi
2065 2587 2214 2641 dixe-

666 2702 790 2748 runt
832 2711 844 2747 :
888 2688 1204 2745 Barabbam.
1246 2685 1380 2738 Dicit
1413 2682 1518 2736 illis
1568 2679 1818 2734 Pilatus:
1872 2678 2007 2743 Quid
2059 2678 2218 2744 igitur

669 2785 862 2842 faciant
915 2785 978 2836 de
1024 2780 1180 2844 Jesn,
1221 2778 1312 2847 qui
1362 2774 1557 2829 dicitur
1594 2771 1881 2827 Christus?
1933 2769 2126 2824 Dicunt
2167 2769 2216 2822 ei

666 2891 850 2932 omnes
881 2894 894 2928 :
920 2871 1293 2939 Cruciﬁgatur.
1319 2867 1524 2921 Prmses
1549 2875 1724 2918 autem
1762 2864 1835 2916 ait
1868 2881 1879 2914 :
1908 2861 2046 2926 Quid
2074 2861 2215 2914 enim

668 2966 787 3022 mali
823 2963 983 3019 fecit?
1012 2963 1077 3015 At
1104 2961 1177 3013 illi
1211 2959 1380 3028 magis
1403 2956 1728 3018 clamabant,
1761 2953 1996 3007 dicentes
2033 2967 2045 3005 :
2079 2950 2214 3004 Cru-

665 3056 931 3126 ciﬁgatur.
975 3052 1169 3105 Videns
1203 3061 1376 3103 autem
1412 3047 1614 3100 Pilatus
1648 3045 1788 3114 quod
1821 3042 1948 3097 nihil
1986 3041 2213 3110 proﬁce-

2317 1966 2428 2015 ται,
2461 1948 2552 2001 τὸν
2576 1948 2632 2001 δὲ
2662 1948 2896 2018 Χριστὸν
2931 1944 3346 2016 παραιτοῦνται.

2395 2057 2414 2080 α
2444 2036 2856 2107 Καθημένου,δέ
2876 2035 3038 2088 αὐτοῦ
3061 2034 3154 2087 ἐπὶ
3179 2033 3274 2086 τοῦ
3309 2034 3571 2102 βήματος,
3599 2031 3883 2086 ἀπέστειλε

2317 2130 2454 2200 πρὸς
2480 2130 2640 2196 αὐτὸν
2682 2131 2715 2200 ἡ
2755 2128 2892 2199 γυνὴ
2921 2126 3105 2191 αὐτοῦ,
3146 2125 3411 2192 λέγουσα·
3450 2125 3633 2195 Μηδὲν
3679 2127 3759 2178 σοὶ
3802 2125 3886 2178 καὶ

2315 2219 2392 2288 τῷ
2419 2217 2610 2287 δικαίῳ
2645 2219 2855 2286 ἐκείνῳ.
2895 2215 3069 2271 Πολλά
3107 2216 3216 2285 γὰρ
3249 2214 3446 2268 ἔπαθον
3490 2217 3737 2286 σήμερον
3773 2213 3885 2267 κατ’

2315 2310 2446 2380 ϐναρ
2482 2309 2548 2361 δι’
2581 2309 2764 2361 αὐτόν.
2799 2308 2862 2360 Ui
2904 2307 2961 2361 δὲ
2991 2308 3267 2377 ἀρχιερεῖς
3301 2306 3394 2360 καὶ
3423 2305 3472 2359 οί
3524 2306 3885 2376 πρεσϐύτεροι

2317 2402 2539 2455 ἔπεισαν
2571 2401 2695 2463 τοὺς
2731 2400 2919 2468 ϐχλους
2949 2400 3035 2452 ἶνα
3067 2399 3397 2468 αἰτήσωνται
3447 2398 3540 2451 τὸν
3574 2397 3884 2469 Βαραϐϐᾶν,

2316 2492 2407 2546 τὸν
2442 2491 2498 2545 δὲ
2543 2490 2747 2559 Ἰησοῦν
2777 2488 3133 2543 ἀπολέσωσιν.
3192 2487 3538 2558 Ἀποκριθεὶς
3577 2490 3604 2540 ὁ
3644 2489 3885 2559 ἡγεμὼν,

2318 2579 2468 2637 εἶπεν
2496 2583 2702 2647 αὐτοῖς·
2727 2581 2860 2634 Τίνα
2881 2579 3062 2634 θέλετε
3089 2579 3196 2632 ἀπὸ
3223 2579 3330 2631 τῶν
3350 2580 3441 2632 δύο
3465 2579 3724 2632 ἀπολύσω
3740 2582 3885 2649 ύμίνς

2319 2675 2380 2728 Oi
2415 2673 2470 2726 δὲ
2499 2669 2680 2727 εἷπον·
2710 2670 3017 2743 Βαραϐϐᾶν.
3051 2671 3216 2740 Λέγει
3247 2671 3432 2733 αὐτοῖς
3470 2672 3498 2724 ὁ
3534 2671 3799 2733 Πιλάτοςο
3831 2671 3889 2722 Τί

2319 2761 2410 2818 ὀῦν
2439 2766 2647 2834 ποιήσω
2677 2763 2879 2833 Ἰησοῦν
2902 2764 2992 2817 τὸν
3010 2761 3300 2832 λεγόμενον
3325 2764 3559 2833 Χριστόν
3585 2779 3600 2828 ;
3629 2763 3890 2831 Λέγουσιν

2319 2854 2465 2924 αύτῷ
2485 2854 2701 2916 πάντες
2729 2853 3122 2923 Σταυρωθήτω.
3142 2854 3198 2904 Ὀ
3217 2853 3273 2904 δὲ
3295 2852 3518 2922 ἡγεμὼν
3546 2853 3673 2922 ἔφη·
3705 2854 3768 2905 Τί
3791 2854 3890 2922 γάρ

2319 2945 2488 3000 κακὸν
2521 2945 2810 3015 ἐποίησεν;
2848 2947 2911 2997 Ol
2942 2945 3304 3014 δέ.περισσῶς
3336 2942 3588 3012 ἔκραζον,
3616 2945 3886 3010 λέγοντες·

2321 3039 2712 3108 Σταυρωθήτω.
2751 3036 2896 3090 Ὶδὼν
2936 3037 2992 3089 δὲ
3031 3040 3057 3088 ό
3091 3038 3340 3100 Πιλάτος,
3367 3038 3449 3090 ὅτι
3480 3037 3634 3090 οὐδὲν
3667 3036 3883 3104 ὠφελεῖ,

668 3158 769 3212 ret,
796 3149 887 3203 sed
916 3145 1084 3214 magis
1119 3140 1372 3196 tumultus
1402 3140 1575 3200 ﬁeret.
1608 3145 1822 3202 accepta
1857 3149 1991 3202 aqua
2028 3146 2217 3187 manus

2323 3128 2457 3188 ἀλλά
2482 3129 2676 3196 μᾶλλον
2702 3127 2929 3198 θόρυϐος
2955 3128 3188 3196 γίνεται,
3219 3127 3406 3181 λαϐὼν
3423 3127 3571 3197 ὕδωρ
3596 3128 3888 3198 ἀπενίψατο

668 3240 835 3294 abluit
864 3250 1042 3291 coram
1079 3233 1292 3302 populo,
1323 3232 1504 3284 dicens
1548 3243 1563 3282 :
1597 3226 1856 3281 lnnocens
1900 3241 1998 3294 ego
2037 3239 2154 3278 sum
2189 3239 2218 3276 a

667 3327 1073 3399 sangmnejusti
1112 3326 1285 3392 hujus,
1327 3335 1418 3376 vos
1463 3319 1732 3374 videbitis.
1794 3316 1860 3370 Et
1890 3317 2220 3385 respondens

668 3423 950 3477 Universos
980 3417 1200 3486 populus
1226 3414 1359 3466 dixit
1387 3431 1399 3465 :
1439 3409 1669 3480 Sanguis
1701 3409 1817 3476 ejus
1847 3421 2006 3475 super
2033 3420 2130 3459 nos
2169 3414 2221 3458 et

670 3525 831 3581 super
875 3508 1012 3562 ﬁlios
1060 3515 1289 3560 nostros.
1328 3502 1477 3556 Tunc
1525 3488 1868 3555 dimisitillis
1895 3496 2216 3560 Barahham,

669 3601 851 3658 Jesum
876 3608 1052 3653 autem
1079 3593 1398 3665 ﬂagellatum
1425 3591 1641 3644 tradidit
1661 3598 1720 3642 ut
1746 3587 2166 3654 cruciﬁgeretur.
2197 3601 2216 3632 ι

669 3691 716 3747 0
745 3688 1058 3744 miraculum
1087 3687 1101 3739 ι
1155 3685 1243 3754 qui
1265 3682 1535 3750 judicatur
1567 3695 1595 3732 a
1627 3678 1814 3742 Pilato,
1851 3689 2068 3729 uxorem
2110 3674 2225 3740 ejus

673 3791 856 3839 terret.
890 3780 1013 3847 lpse
1043 3787 1220 3831 autem
1272 3790 1376 3828 non
1419 3775 1566 3827 videt
1601 3771 1888 3833 somnium,
1938 3768 2030 3821 sed
2067 3780 2222 3828 uxor,

669 3875 755 3930 vel
784 3872 926 3942 quod
970 3871 1081 3939 ipse
1108 3858 1356 3936 indignus
1391 3873 1526 3927 erat,
1559 3862 1642 3917 vel
1669 3861 1810 3930 quod
1863 3859 1992 3913 ﬁdes
2025 3858 2073 3912 ei
2116 3871 2222 3911 non

670 3968 858 4024 fuisset
899 3963 1098 4026 habita,
1135 3959 1226 4016 sed
1270 3959 1415 4013 visus
1458 3967 1605 4012 esset
1643 3956 1707 4009 ad
1755 3956 1979 4024 gratiam
2026 3952 2166 4020 loqui
2208 3970 2220 4006 :

670 4056 918 4112 fortassis
946 4056 1104 4108 etiam
1129 4051 1383 4106 tacuisset
1413 4047 1560 4113 talia,
1591 4047 1635 4100 si
1665 4046 1909 4106 vidisset,
1935 4058 2055 4096 cum
2081 4049 2225 4096 esset

667 4147 852 4217 judex.
896 4142 1250 4198 Providentia:
1283 4148 1459 4193 autem
1507 4150 1641 4205 Opus
1682 4135 1948 4188 somnium
1999 4132 2222 4196 factum,

673 4253 777 4292 non
812 4244 868 4288 ut
904 4233 1207 4289 absolvatur
1235 4231 1502 4293 Christus,
1552 4227 1643 4282 sed
1681 4235 1742 4278 ut
1782 4232 2030 4279 servetur
2069 4236 2223 4274 uxor.

629 4377 631 4380 ι
672 4328 949 4395 Quomodo
977 4325 1136 4392 igitur
1172 4337 1274 4377 non
1322 4319 1550 4375 absolvit
1577 4316 1760 4372 illum?
1806 4314 1938 4382 Quia
1973 4329 2078 4367 non
2111 4319 2226 4366 erat

673 4421 935 4489 integrum
962 4417 1228 4470 dimittere
1245 4414 1412 4476 illum,
1435 4410 1523 4478 qui
1546 4411 1609 4463 de
1635 4406 1917 4476 tyrannide
1935 4403 2229 4459 accusaba-

2321 3221 2419 3284 τὰς
2457 3220 2640 3290 χεῖρας
2661 3220 2919 3272 ἀπέναντι
2951 3219 3038 3273 τοῦ
3077 3219 3256 3288 ὄχλου,
3287 3220 3461 3285 λέγων
3483 3235 3497 3251 ·
3546 3221 3754 3283 Ἀθῶός
3782 3223 3890 3289 ειμι

2322 3311 2428 3367 ἀπὸ
2469 3309 2562 3362 τοῦ
2597 3309 2825 3379 αἵματος
2861 3309 2955 3362 τοῦ
2983 3310 3192 3363 δικαίου
3228 3311 3439 3372 τούτου,
3476 3312 3635 3380 ὑμεῖς
3679 3312 3886 3378 δψεσθε.

2323 3402 2426 3456 Καὶ
2457 3401 2770 3472 ἀποκριθεὶς
2806 3403 2911 3464 πᾶς
2942 3403 2969 3452 ὁ
2993 3402 3141 3466 λαὸς,
3176 3398 3322 3454 εἷπε·
3350 3402 3422 3453 Τὸ
3452 3397 3592 3472 αἷμα
3624 3403 3788 3455 αὐτοῦ
3814 3405 3874 3468 ἐφ

2323 3494 2468 3562 ἡμᾶς
2503 3493 2598 3545 καὶ
2629 3495 2722 3544 ἐπὶ
2753 3492 2820 3543 τὰ
2845 3493 3007 3545 τέκνα
3032 3493 3206 3562 ἡμῶν.
3250 3493 3382 3546 Τότε
3413 3493 3686 3546 ἀπέλυσεν
3718 3496 3891 3557 αὐτοῖς

2323 3585 2411 3635 τὸν
2441 3583 2751 3651 Βαραϐϐᾶν,
2781 3583 2872 3635 τὸν
2915 3583 2970 3635 δέ
3014 3583 3221 3651 Ἰησοῦν
3272 3583 3710 3653 φραγγελώσσας
3751 3601 3884 3653 παρ-

2327 3674 2522 3727 έδωκεν
2550 3675 2634 3726 ἵνα
2655 3674 2995 3744 σταυρωθῇ.)
3025 3677 3089 3726 Ὦ
3125 3675 3217 3726 τοῦ
3245 3675 3546 3745 θαύματοςί
3581 3676 3894 3746 κρινόμενος

2326 3764 2429 3815 ὑπὸ
2460 3763 2712 3828 Πιλάτου,
2745 3763 2991 3833 ἐξεφόϐει
3025 3764 3122 3835 τὴν
3144 3765 3333 3818 τούτου
3364 3769 3598 3832 γυναῖκα
3624 3783 3636 3796 ·
3671 3767 3772 3818 οὐκ
3801 3768 3890 3818 αύ-

2323 3853 2412 3914 τὸς
2435 3852 2490 3905 δὲ
2516 3855 2617 3924 ὁρᾷ
2649 3853 2709 3906 τὸ
2739 3853 2890 3925 ὄναρ,
2929 3854 3043 3907 ἀλλ’
3074 3855 3106 3925 ἡ
3137 3855 3295 3923 γυνὴ,
3331 3851 3535 3925 ἢ-διότι
3581 3855 3803 3922 ἀνάξιος
3831 3852 3893 3926 ἦν

2325 3944 2573 4014 αύτὸς,ἢ
2623 3946 2704 3997 ὃτι
2776 3945 2876 3997 οὐκ
2922 3945 2987 3998 ἂν
3039 3946 3357 4016 ἐπιστεύθη,
3419 3947 3532 4000 ἀλλ’
3582 3947 3731 4012 ἔδοξε
3768 3950 3894 4016 πρὸς

2327 4033 2484 4105 χάριν
2525 4035 2731 4102 λέγειν’
2767 4037 2926 4107 τυχὸν
2970 4037 3026 4090 δὲ
3074 4039 3172 4090 καὶ
3221 4038 3528 4108 ἐσιώπησεν
3571 4039 3666 4103 ἂν,
3712 4043 3759 4090 εί
3795 4036 3891 4092 εἶδε

2327 4126 2508 4191 τοῦτο,
2548 4123 2636 4179 οἷα
2684 4127 2874 4198 κριτὴς
2902 4126 2998 4181 ὢν.
3047 4108 3310 4198 Προνοίας
3347 4129 3404 4181 δὲ
3451 4129 3610 4198 ἔργον
3658 4130 3720 4181 τὸ
3749 4133 3890 4197 ϐναρ,

2328 4218 2422 4286 ούχ
2443 4218 2527 4302 ἵνα
2548 4217 2785 4287 ἀπολυθῇ
2834 4219 2861 4270 ὁ
2884 4219 3116 4286 Χριστος
3144 4219 3231 4272 διὰ
3261 4218 3417 4270 τοῦτο
3445 4221 3758 4289 γενόμενον,
3786 4222 3890 4273 ἀλλ’

2330 4310 2413 4361 ἵνα
2449 4308 2593 4378 σωθῇ
2629 4310 2660 4379 ή
2693 4311 2849 4379 γυνή.
2888 4307 3012 4370 Πῶς
3044 4304 3137 4362 οὖν
3175 4310 3275 4361 οὐκ
3309 4309 3618 4374 ἀπέλυσεν;
3656 4313 3779 4364 Ὀτι
3803 4312 3892 4363 οὐκ

2326 4392 2393 4466 ἦν
2426 4396 2661 4464 ἀσφαλὲς
2693 4397 2840 4466 αύτῷ
2889 4399 3106 4465 ἀφεῖναι
3141 4399 3323 4459 αυτὸν,
3376 4394 3463 4452 οἷα
3495 4401 3586 4452 ἐπὶ
3620 4402 3889 4467 τυραννίδι

678 4488 1007 4562 ιυῑξνετιιω
1051 4501 1332 4571 oportebat
1363 4511 1555 4552 causas
1590 4496 1860 4562 inquirere
1888 4493 2058 4557 illum,
2098 4505 2218 4543 num

2329 4488 2833 4558 κατηγορούμενον·
2875 4489 2989 4540 ἀλλ’
3024 4491 3190 4559 ἐχρῆν
3223 4488 3526 4552 ἀποδείξεις
3560 4490 3814 4560 ζητῆσαι,
3848 4492 3890 4542 εί

677 4598 874 4653 milites
925 4594 1304 4651 conscriberet,
1358 4601 1483 4640 num
1523 4599 1672 4638 arma
1713 4583 1996 4636 fabricaret
2032 4600 2044 4633 :
2083 4596 2222 4634 nunc

679 4697 854 4740 autem
889 4683 1039 4751 quasi
1081 4679 1255 4734 mollis
1287 4687 1340 4730 et
1381 4684 1559 4729 mutus
1587 4677 1747 4738 cedit,
1785 4683 1840 4726 et
1887 4672 2086 4726 ideirco
2119 4687 2223 4725 non

677 4785 820 4830 caret
841 4771 1276 4844 reprehensione.
1297 4767 1425 4820 Nam
1453 4779 1572 4822 cum
1602 4763 1935 4834 peterentilli
1961 4764 2223 4829 insignem

679 4869 824 4920 illum
860 4863 1276 4923 malefactorem,
1314 4858 1456 4913 dedit
1483 4875 1497 4910 :
1524 4858 1588 4942 de
1612 4854 1824 4910 Christo
1851 4863 2023 4906 autem
2058 4853 2226 4905 inter-

681 4969 833 5026 rogat
866 4974 881 5010 :
927 4954 1063 5019 Quid
1116 4953 1278 5020 igitur
1307 4949 1498 5002 faciam
1527 4949 1590 5022 de
1619 4945 1779 5000 Jesu?
1811 4945 1914 4998 illis
1957 4941 2231 5009 judicandi

683 5057 1000 5119 potestatem
1023 5045 1276 5112 largiens.
1306 5040 1465 5110 Atqui
1501 5041 1620 5092 cu‘m
1650 5037 1809 5106 judex
1838 5044 2001 5096 esset,
2029 5039 2234 5102 poterat

683 5143 857 5208 ipsum
901 5138 947 5189 \i
994 5136 1220 5203 eripere,
1258 5134 1398 5186 sicut
1440 5141 1492 5184 et
1535 5129 1756 5182 Paulum
1796 5126 2042 5179 tribunus
2092 5122 2233 5176 mili-

686 5244 794 5284 tum
814 5229 877 5281 “.
897 5227 974 5280 Illi
999 5237 1175 5279 autem
1202 5224 1452 5277 dicebant
1481 5238 1493 5274 :
1519 5219 1889 5289 Cruciﬁgatur.
1929 5216 2041 5270 Non
2065 5215 2235 5270 solum

685 5323 928 5375 occidere
962 5320 1201 5373 volentes
1234 5316 1402 5381 illum,
1439 5317 1528 5369 sed
1567 5325 1615 5367 et
1649 5314 1841 5365 malam
1881 5325 2097 5366 causam
2130 5310 2229 5363 im-

687 5412 994 5482 pingehant.
1025 5413 1162 5465 Crux
1193 5413 1336 5467 enim
1369 5408 1720 5477 pessimorum
1750 5403 2067 5474 supplicium
2096 5410 2232 5456 erat.

2334 4579 2663 4650 στρατιώτας
2690 4579 2997 4648 κατέλεγεν,
3028 4582 3074 4632 εί
3099 4580 3237 4633 ὅπλα
3263 4580 3548 4650 ἐχάλκευε·
3591 4580 3690 4633 νῦν
3746 4583 3798 4635 δέ
3827 4582 3892 4645 ὡς

2333 4671 2532 4738 κοῦφος
2553 4672 2646 4723 καὶ
2678 4671 2940 4740 μαλακὸς,
2973 4671 3370 4741 παρασύρεται.
3417 4671 3621 4742 Διόπερ
3658 4673 3778 4726 οὐδὲ
3812 4675 3894 4726 άν-

2333 4763 2624 4831 έγκλητος·
2666 4762 3046 4830 αἰτησαμένων
3088 4761 3196 4832 γάρ
3231 4762 3454 4815 ἐκείνων
3501 4763 3593 4817 τὸν
3644 4764 3702 4816 ἐν
3737 4763 3893 4832 κακίᾳ

2341 4853 2670 4924 περιϐόητον,
2700 4853 2896 4906 δέδωκε
2920 4869 2931 4883 ·
2962 4855 3092 4924 περὶ
3117 4854 3171 4906 δὲ
3199 4854 3437 4924 Χριστοῦ
3467 4838 3680 4923 ἠρώτα·
3715 4856 3782 4907 Τί
3813 4851 3892 4908 οὖν

2334 4948 2537 5016 ποιήσω
2583 4945 2816 5014 Ἰησοῦν;
2879 4949 3100 5016 κυρίους
3139 4945 3307 4998 ποιῶν
3347 4947 3444 5015 τῆς
3484 4947 3721 5015 κρίσεως
3761 4949 3892 4998 ἐκεί-

2332 5053 2482 5098 νους·
2517 5037 2688 5089 καίτοι
2721 5036 2943 5105 ἡγεμὼν
2989 5035 3087 5101 ὢν,
3142 5036 3372 5105 ἠδύνατο
3411 5036 3577 5089 αὑτὸν
3622 5039 3888 5107 ἁρπάσαι,

2333 5128 2516 5198 ὥσπερ
2543 5129 2632 5180 τὸν
2669 5128 2876 5180 Παῦλον
2915 5129 2941 5180 ὁ
2964 5121 3261 5198 χιλίαρχος.
3295 5129 3357 5182 Οἱ
3391 5128 3470 5190 δὲ,
3500 5129 3892 5198 Σταυρωθήτω,

2332 5222 2536 5288 ἔλεγον,
2560 5221 2619 5273 οῦ
2656 5221 2813 5289 μόνον
2845 5221 3161 5273 ἀποκτείναι
3196 5221 3360 5274 αιἰτὸν
3404 5220 3742 5290 βουλόμενοι,
3772 5218 3892 5272 ἀλλὰ

2341 5314 2433 5366 καὶ
2480 5313 2693 5382 πονηρᾷ,
2723 5312 2870 5380 αἰτίᾳ
2921 5312 3265 5380 περιϐαλεῖν·
3300 5313 3328 5364 ὁ
3366 5314 3472 5383 γὰρ
3521 5313 3756 5382 σταυρὸς
3793 5313 3893 5370 τοῖς

2343 5406 2594 5475 πονηροῖς
2639 5404 2891 5456 ἀπέκειτο
2933 5405 3191 5472 τιμωρία.
3237 5405 3503 5458 Νίπτεται
3546 5404 3625 5468 δὲ,
3668 5404 3893 5468 καθαρὸν

688 5502 854 5557 Porro
884 5500 1109 5563 lavatur,
1142 5515 1201 5554 ut
1239 5516 1428 5569 purum
1455 5514 1512 5553 se
1541 5498 1788 5552 ostendat
1831 5497 1898 5549 ab
1926 5495 2069 5558 odio,
2102 5493 2218 5546 mali

2342 5497 2500 5564 δῆθεν
2527 5495 2715 5548 ἑαυτὸν
2745 5495 3110 5548 ἀποδεικνύων
3141 5495 3234 5547 τοῦ
3282 5495 3506 5565 μύσους,
3555 5496 3740 5558 κακῶς
3769 5511 3891 5562 φρο-

687 5598 945 5652 sentiens.
979 5595 1186 5650 Justum
1219 5596 1362 5649 enim
1395 5592 1674 5648 nominans
1717 5587 1921 5656 .lesum,
1954 5586 2236 5643 homicidis

761 5778 806 5810 “
833 5778 954 5831 Act.
997 5790 1110 5839 nt,
1147 5774 1234 5827 22.

2346 5585 2449 5640 νῶν
2469 5604 2482 5618 ο
2521 5585 2726 5640 δίκαιον
2755 5585 2860 5655 γὰρ
2889 5584 3166 5654 ὀνομάζων
3194 5585 3285 5644 τὸν
3327 5584 3554 5655 Ἰησοῦν,
3587 5586 3735 5656 ὅμως
3767 5600 3888 5655 προ-
