4080 6336
264 405 379 471 465

859 409 1307 471 ENAR-RATIO
1350 409 1431 470 IN
1468 410 1974 472 EVANGELIUM
2013 411 2404 476 MATTH/EI.
2439 433 2510 445 --
2547 411 2702 469 CAP.
2751 407 2987 467 XXVII.

3435 397 3536 462 406

262 520 467 575 δέδωκε
495 521 605 584 τοῖς
630 513 946 592 φονευταῒξ
985 525 1034 574 οἱ
1063 524 1138 588 δὲ,
1180 524 1265 592 ἐφ’
1297 525 1522 588 ἑαυτοὺς
1553 526 1841 596 ἀναδέχον-

1957 528 2102 591 illum
2135 527 2377 582 tradidit.
2410 528 2479 580 At
2511 525 2583 578 illi
2622 526 2764 582 inse
2793 521 3098 589 suscipiunt
3135 517 3397 570 ultionem
3435 514 3538 574 hoc

261 630 356 668 ται
387 616 484 686 τὴν
514 615 604 667 ἐπὶ
635 613 710 682 τῷ
746 613 891 683 φόνῳ
916 615 1081 668 αὑτοῦ
1109 619 1399 688 τιμωρίαν,
1426 619 1460 690 ἥ
1489 621 1582 672 καὶ
1614 617 1842 672 κατέλα-

265 703 360 756 ϐεν
403 707 618 767 αὐτοὺς,
650 704 758 757 τῶν
794 704 1082 775 Ῥωμαίων
1114 710 1497 776 άφανισάντων
1526 712 1723 774 αὐτοὺς
1755 712 1850 764 καὶ

264 795 332 848 τὰ
362 795 527 848 τέκνα
553 795 730 848 αὐτῶν
750 811 762 824 ⁸
787 797 923 850 ἀλλὰ
945 800 1037 851 καὶ
1064 800 1112 850 οί
1147 801 1307 871 μέχρι
1331 802 1427 855 τοῦ
1460 803 1554 855 νῦν
1587 804 1848 872 Ἑϐραῖοι,

265 888 428 939 τέκνα
464 887 615 948 ὄντες
662 889 889 941 ἐκείνων
919 891 1026 941 τῶν
1068 894 1448 960 φονευσάντων
1475 897 1567 950 τὸν
1618 897 1844 967 Κύριον,

264 979 323 1030 τὸ
350 970 488 1047 αἷμα
517 978 681 1031 αὐτοῦ
713 979 926 1049 ἔχουσιν
960 983 1044 1049 ἐφ’
1071 983 1332 1048 ἐαυτούς·
1365 986 1452 1039 διὰ
1482 988 1591 1057 γάρ
1638 989 1738 1057 τὴν
1769 990 1850 1050 είς

262 1066 356 1118 τὸν
386 1067 590 1137 Κύριον
638 1070 893 1124 ἀπιστίαν
930 1071 1216 1126 διώκονται
1253 1076 1405 1145 παρὰ
1461 1078 1703 1138 πάντων,
1756 1083 1850 1131 καὶ

262 1159 491 1228 οὐδεμία
513 1160 795 1230 παρρησία
822 1161 1035 1226 τούτοις
1053 1163 1404 1235 διωκομένοις
1423 1167 1492 1220 δι’
1512 1169 1645 1222 αὐτὸ
1663 1169 1841 1223 τοῦτο.

1954 621 2248 676 homicidio
2295 620 2530 688 dignam,
2580 630 2685 686 qua
2741 624 2794 668 et
2837 611 3045 682 gravati
3097 616 3244 673 sunt,
3279 603 3538 659 Romanis

1955 716 2099 780 ipsos
2127 721 2181 765 et
2217 713 2454 778 ipsorum
2502 721 2705 776 pueros
2752 701 3104 772 perdculibus
3135 717 3148 751 ε
3188 706 3239 750 et
3273 711 3444 764 usque
3485 693 3538 746 in

1954 805 2095 858 hunc
2125 803 2264 858 diem
2290 801 2480 864 Judzci,
2510 800 2598 869 qui
2626 799 2836 852 illorum
2864 802 2992 848 sunt
3018 791 3108 844 ﬁlii
3135 790 3224 856 qui
3252 787 3537 839 Dominum

1955 895 2368 957 interfecerunt,
2396 892 2751 960 experiuntur
2788 903 2816 940 a
2848 902 2906 940 se
2935 883 3250 952 sanguinem
3279 879 3423 932 illius
3451 891 3540 929 re—

1954 989 2094 1058 quiri
2126 1005 2140 1043 :
2188 1003 2311 1041 nam
2340 987 2408 1040 ob
2435 999 2587 1038 suam
2605 980 3061 1036 ‘incredulitatem
3104 973 3537 1045 persecutionem

1954 1051 2236 1154 patiuntur
2273 1080 2342 1132 ab
2382 1077 2634 1132 omnibus
2668 1075 2747 1145 (a)
2779 1071 2934 1142 157
2968 1080 3022 1124 et
3053 1069 3198 1123 nulla
3227 1051 3315 1120 his
3340 1066 3442 1117 hac
3472 1063 3539 1116 de

1954 1187 2118 1228 causa
2144 1172 2366 1225 libertas
2389 1178 2488 1223 est.
2518 1165 2834 1237 Flagellavit
2860 1174 3039 1216 autem
3077 1159 3286 1224 Jesum,
3326 1157 3426 1210 hoc
3456 1163 3538 1207 est

277 1250 725 1322 Ἐφραγγέλλωσε
747 1253 804 1307 δέ
828 1254 920 1309 τὸν
955 1256 1183 1325 Ἰησοῦν,
1203 1259 1502 1326 τουτέστιν,
1522 1244 1847 1330 ςέμάστιξεν,

1957 1263 2280 1328 verberavit,
2313 1261 2396 1315 vel
2430 1260 2534 1314 illis
2581 1256 2914 1330 gratificans,
2949 1252 3031 1340 vel
3065 1250 3362 1306 ostendens
3393 1244 3536 1312 quod

261 1341 295 1410 ἢ
331 1343 514 1406 αὐτοῖς
547 1345 925 1415 χαριζόμενος,
947 1347 979 1418 ἢ
1003 1347 1262 1401 δεικνύων
1297 1351 1378 1403 ὅτι
1403 1351 1728 1406 κατεδίκασε
1755 1353 1850 1405 καὶ

267 1432 429 1494 αὐτὸς
467 1432 666 1496 αὐτὸν,
696 1436 790 1487 καὶ
849 1437 968 1505 οὐχὶ
1025 1436 1202 1490 ἀθῶον
1245 1437 1536 1508 ἄνθρωπον
1595 1439 1848 1509 μέλλουσι

268 1523 606 1595 σταυρῶσαι,
628 1524 745 1579 ἀλλ’
775 1528 1144 1598 ἠτιμωμένον.
1187 1529 1510 1602 Ἐπληρὼθη
1540 1527 1632 1584 οὖν
1651 1530 1744 1584 καὶ
1767 1530 1847 1596 τὸ,

271 1632 290 1664 ι
325 1614 431 1666 Τὸν
473 1615 642 1671 νῶτόν
668 1616 980 1685 μου’ἐδωκα
1015 1619 1097 1680 είς
1131 1620 1427 1688 μάστιγας.
1476 1640 1495 1673 ι

347 1723 366 1755 ι
398 1704 531 1758 Τότε
559 1707 608 1757 οί
628 1707 956 1778 στρατιῶται
993 1709 1086 1761 τοῦ
1119 1711 1384 1779 ἡγεμόνος
1419 1711 1850 1782 παραλαϐόντες

265 1797 358 1850 τὸν
405 1795 612 1868 Ἰησοῦν
641 1801 720 1860 είς
751 1799 809 1851 τὸ
840 1799 1201 1869 πραιτώριον,
1233 1802 1539 1872 συνήγαγον
1575 1806 1661 1858 ἐπ’
1687 1807 1850 1860 αὑτὸν

1951 1367 2005 1412 et
2033 1357 2150 1425 ipse
2179 1354 2327 1408 illum
2361 1351 2702 1412 condemnet,
2740 1357 2794 1401 et
2822 1362 2929 1401 non
2964 1335 3319 1397 innocentem.
3360 1335 3534 1392 homi-

1953 1463 2075 1503 nem
2106 1444 2422 1501 cruciilxuri
2474 1444 2600 1504 sint,
2637 1440 2730 1494 sed
2774 1435 3068 1507 ignominia
3109 1441 3375 1486 notatum.
3416 1428 3538 1480 lm-

1953 1538 2152 1608 pletum
2186 1535 2351 1602 igitur
2373 1541 2456 1588 est
2483 1541 2537 1585 et
2565 1531 2694 1584 illud
2723 1548 2734 1582 :
2772 1548 2790 1580 ι
2822 1529 3050 1582 Dorsum
3087 1537 3266 1579 meum
3303 1520 3426 1575 dedi
3472 1519 3538 1571 ad

1949 1630 2157 1697 ﬂagella
2183 1628 2249 1679 ".
2292 1646 2310 1678 ι

2025 1693 2189 1774 Vens.
2215 1717 2405 1772 27-50.
2445 1737 2460 1766 ‹
2505 1714 2659 1768 Tunc
2710 1713 2906 1765 milites
2944 1707 3188 1779 prmsiiis
3220 1693 3527 1772 suscipien-

1955 1824 2034 1869 tes
2065 1811 2245 1866 Jesum
2279 1814 2332 1864 in
2370 1809 2640 1878 praetorio,
2674 1799 3230 1874 congregaveruntad
3260 1813 3382 1852 eum
3415 1793 3539 1846 uni-

261 1888 390 1958 ὅλην
415 1890 514 1956 τὴν
541 1890 792 1955 σπεῖραν,
821 1890 916 1943 καὶ
942 1889 1270 1960 ἐκδύσαντες
1299 1891 1480 1960 αὐτὸν,
1510 1893 1847 1964 περιέθηκαν

1957 1919 2163 1958 versam
2210 1903 2512 1963 cohortem,
2542 1909 2595 1951 et
2633 1911 2756 1950 cum
2803 1895 3081 1949 exuissent
3107 1904 3251 1950 eum,
3298 1888 3536 1941 circum-

264 1977 416 2047 αῦτῷ
457 1979 704 2048 χλαμύδα
733 1981 1018 2051 κοκκίνην,
1057 1985 1150 2034 καὶ
1177 1982 1470 2048 πλέξαντες
1497 1987 1760 2053 στέφανον
1790 1986 1848 2049 ἐξ

265 2071 540 2138 ἀκανθῶν,
563 2073 838 2142 ἐπέθηκαν
863 2076 958 2127 ἐπὶ
995 2074 1094 2145 τὴν
1134 2077 1376 2148 κεφαλὴν
1405 2079 1589 2143 αὐτοῦ,
1621 2079 1715 2131 καὶ
1746 2081 1848 2135 κά-

265 2163 438 2232 λαμον
472 2165 564 2217 ἐπὶ
612 2166 711 2235 τὴν
763 2166 942 2232 δεξιὰν
995 2168 1181 2222 αὑτοῦ.
1209 2170 1319 2222 Καὶ
1381 2172 1851 2240 γονυπετήσαντες

265 2255 578 2327 ῐμπροσθεν
607 2259 795 2326 αὐτοῦ,
814 2261 1102 2325 ἐνέπαιζον
1123 2263 1295 2332 αὐτῷ,
1320 2263 1571 2330 λέγοντες
1609 2281 1621 2292 ·
1654 2263 1847 2335 Χαῖρε,

265 2351 293 2400 ὁ
351 2344 604 2417 βασιλεὺς
652 2351 761 2403 τῶν
817 2353 1087 2406 Ἰουδαίων
1122 2370 1138 2386 ⁸
1200 2355 1295 2407 καὶ
1349 2354 1726 2423 ἐμπτύσαντες
1772 2358 1850 2421 είς

265 2441 451 2508 αὐτὸν,
499 2441 693 2495 ἔλαϐον
739 2444 830 2495 τὸν
861 2444 1130 2513 κάλαμον,
1162 2447 1255 2498 καὶ
1281 2445 1512 2500 ἔτυπτον
1542 2449 1622 2510 είς
1645 2448 1741 2520 τὴν
1762 2467 1851 2502 κε-

267 2533 442 2598 φαλὴν
499 2533 682 2588 αὑτοῦ.
734 2534 998 2588 Ἐνταῦθα
1057 2537 1362 2606 ἐπληροῦτο
1389 2539 1448 2591 τὸ
1497 2539 1590 2591 τοῦ
1648 2540 1847 2592 Δαυῖδ’

273 2644 292 2675 ι
331 2626 568 2689 Ὀνειδος
618 2627 812 2696 ἄφρονι
843 2627 1052 2689 ἔδωκάς
1104 2645 1192 2698 με.
1237 2629 1300 2681 Ol.
1358 2631 1466 2700 γὰρ
1523 2630 1851 2701 στρατιῶται

193 2761 198 2764 .
269 2717 486 2785 ἀνόητοι
517 2717 688 2783 ὄντες,
723 2717 848 2783 ἄξια
893 2715 1100 2772 ἑαυτῶν
1127 2719 1348 2771 ἐποίουν
1379 2735 1392 2748 ·
1459 2721 1557 2788 τὴν
1619 2720 1718 2790 μὲν
1743 2721 1852 2790 γὰρ

269 2809 517 2879 χλαμύδα
548 2811 669 2864 ἀντὶ
702 2811 988 2881 πορφύρας
1026 2813 1101 2875 ὡς
1153 2812 1377 2883 βασιλέα
1425 2815 1683 2868 ἐνέδυσαν
1711 2831 1724 2845 ·
1758 2818 1851 2868 τὸν

268 2904 324 2955 δὲ
357 2902 600 2972 κάλαμον
622 2903 831 2958 ἔδωκαν
852 2906 971 2958 ἀντὶ
1010 2907 1316 2976 σκήπτρου,
1347 2907 1436 2962 τὸν
1475 2894 1531 2960 δέ
1561 2911 1846 2977 στέφανον,

269 2993 389 3046 ἀντὶ
442 2995 789 3065 διαδήματος.
822 2996 1198 3066 Προσεκύνουν
1223 2997 1278 3050 δὲ
1332 2999 1618 3063 παίζοντες
1643 3015 1655 3026 ·
1694 2999 1854 3053 τοῦτο

269 3089 378 3157 γὰρ
403 3087 551 3157 δηλοῖ
568 3090 629 3141 τὸ
665 3093 1004 3156 γονυπετείν,
1027 3090 1089 3143 τὸ
1116 3075 1464 3161 προσκυνεῖν.
1486 3092 1627 3164 Ὅρα
1653 3093 1710 3145 δὲ
1735 3093 1852 3156 πῶς

252 3172 451 3231 ’πᾶσαν
483 3179 625 3232 ίδὲαν
652 3178 861 3250 ὕϐρεως
889 3179 1186 3250 διεξῆλθον,
1232 3182 1290 3234 τὸ
1321 3173 1420 3252 μὲν
1448 3183 1736 3252 πρόσωπον
1765 3183 1855 3236 διὰ

1953 1996 2222 2050 dederunt
2261 1993 2308 2046 ei
2352 1990 2688 2060 chlamydem
2721 1985 3051 2048 coccineam,
3081 1989 3136 2035 et
3173 1991 3430 2035 coronam
3474 1975 3539 2028 de

1953 2089 2126 2158 spinis
2156 2095 2468 2142 contextam
2504 2083 2877 2148 imposuerunt
2931 2090 3092 2144 super
3134 2079 3298 2139 caput
3329 2067 3444 2134 eius
3486 2075 3539 2120 et

1953 2180 2267 2236 arundinem
2299 2178 2351 2230 in
2405 2176 2684 2230 dexteram
2751 2169 2868 2237 ejus
2915 2178 2971 2222 et
3023 2180 3162 2235 genu
3220 2162 3360 2215 ﬂexo
3412 2168 3539 2211 ante

1953 2290 2099 2337 eum,
2133 2268 2427 2326 illudebant
2450 2267 2522 2329 ei,
2557 2266 2800 2318 dicentes
2834 2279 2848 2315 :
2895 2261 3027 2323 Ave,
3064 2272 3158 2310 rex
3204 2254 3536 2309 Judaeorum.

1953 2366 2020 2419 Et
2053 2381 2172 2419 cum
2208 2362 2524 2429 expuissent
2555 2360 2608 2412 in
2643 2371 2790 2418 eum,
2828 2357 3155 2419 acceperunt
3190 2344 3536 2404 arundinem,

1954 2470 2006 2513 et
2037 2458 2411 2527 percutiebant
2432 2461 2590 2520 caput
2615 2450 2755 2519 ejus.
2794 2466 2814 2499 ι
2842 2445 2955 2500 Hoc
2985 2448 3102 2497 loco
3132 2437 3387 2521 impletur
3421 2431 3538 2487 dic-

1955 2514 2066 2602 tum
2118 2547 2286 2601 David
2325 2565 2336 2598 :
2382 2564 2399 2595 ι
2429 2514 2792 2610 opprobrium
2825 2534 3103 2605 insipienti
3138 2514 3334 2608 dedisti
3373 2540 3477 2580 me.
3516 2542 3534 2575 ι

1955 2639 2152 2692 Milites
2184 2637 2326 2691 enim
2357 2649 2478 2690 cum
2511 2621 2827 2699 insipientes
2862 2633 3064 2688 essent,
3099 2638 3160 2677 se
3183 2623 3342 2689 digna
3374 2617 3540 2673 facie-

1957 2735 2104 2786 bant.
2135 2727 2431 2798 Chlamyde
2477 2741 2573 2795 pro
2602 2735 2835 2792 purpura
2873 2731 2928 2773 ut
2990 2732 3168 2787 regem
3225 2714 3537 2777 induerunt,

1955 2823 2224 2876 calamum
2255 2834 2352 2887 pro
2384 2825 2597 2885 sceptro
2616 2813 2908 2875 dederunt,
2936 2820 3192 2861 coronam
3221 2818 3317 2872 pro
3349 2799 3540 2855 diade-

1959 2925 2119 2970 mate.
2143 2911 2454 2966 Adorabant
2485 2917 2663 2960 autem
2703 2902 2990 2958 illudentes
3017 2917 3028 2951 :
3061 2899 3164 2952 hoc
3192 2895 3341 2950 enim
3368 2890 3537 2961 signi-

1960 3009 2082 3061 licat
2113 3002 2495 3076 genuﬂeetere,
2531 2998 2634 3052 hoc
2679 3005 2771 3051 est-
2820 2995 3065 3048 adorare.
3101 2988 3230 3043 Vide
3268 2984 3541 3057 quomodo

1958 3073 2254 3167 quamlibet
2289 3091 2637 3148 contumelias
2684 3087 2922 3158 speciem
2956 3073 3541 3144 exercuerint,injuria

1958 3191 2276 3254 allicientes,
2334 3187 2524 3241 faciem
2583 3181 2780 3252 sputis,
2817 3189 2978 3246 caput
3037 3188 3257 3238 corona,
3319 3182 3537 3224 manum

270 3271 378 3323 τῶν
403 3273 829 3342 ἐμπτυσμάτων,
852 3272 948 3342 τὴν
974 3273 1030 3326 δὲ
1063 3275 1305 3343 κεφαλὴν
1329 3275 1416 3327 διὰ
1428 3274 1522 3327 τοῦ
1561 3277 1850 3344 στεφάνου,

1959 3283 2187 3348 calamo,
2236 3279 2500 3346 reliquum
2560 3288 2760 3343 corpus
2799 3268 3104 3340 chlamyde,
3134 3279 3292 3319 aures
3357 3260 3540 3317 verbis

270 3362 370 3432 τὴν
408 3363 464 3415 δὲ
499 3366 659 3434 χεῖρα
716 3364 802 3417 διὰ
834 3365 926 3417 τοῦ
956 3365 1230 3436 καλάμου,
1259 3366 1319 3419 τὸ
1376 3367 1434 3420 δὲ
1457 3368 1645 3446 λοιπὸν
1695 3369 1856 3440 σῶμα

269 3456 357 3508 διὰ
388 3457 483 3525 τῆς
510 3456 801 3526 χλαμύδος,
835 3457 902 3512 τὰ
931 3451 1048 3511 ὦτα
1099 3457 1189 3510 διά
1216 3458 1324 3510 τῶν
1353 3459 1728 3528 χλευαστικῶν
1772 3452 1861 3514 λό-

274 3565 384 3616 γων
460 3549 793 3618 ὑϐρίζοντες.
849 3551 996 3619 Πλὴν
1056 3543 1104 3603 εί
1156 3549 1250 3604 καὶ
1300 3552 1498 3605 ἐκεῖνοι
1551 3553 1858 3616 παικτικῶς

271 3641 492 3695 ἐποίουν
514 3640 805 3705 ἃέποίουν,
838 3644 987 3712 ὅμως
1017 3645 1082 3696 σὺ
1114 3644 1223 3696 νόει
1248 3644 1423 3697 ταῦτα
1455 3629 1548 3697 καί
1573 3645 1852 3715 μυστικώ-

271 3751 429 3804 τερον
463 3734 568 3788 ὑπὸ
602 3735 697 3788 τοῦ
770 3736 944 3805 Ἰησοῦ
977 3736 1319 3808 τελεσθῆναι.
1366 3736 1431 3792 Ἤ
1466 3738 1563 3808 μὲν
1597 3738 1704 3808 γὰρ
1731 3738 1858 3808 χλα-

275 3828 380 3895 μὺς
413 3827 738 3897 ἡκοκκίνη,
770 3827 1172 3903 τὴν-ἡμετέραν
1226 3827 1388 3896 φύσιν
1431 3829 1640 3900 ἐδήλου,
1675 3828 1743 3899 ἣν
1771 3829 1858 3880 αί-

276 3917 497 3989 ματὼδη
521 3919 686 3973 οὖσαν
710 3921 804 3972 καὶ
848 3923 1096 3992 φονικὴν,
1132 3921 1447 3985 άνελάϐετο,
1479 3924 1571 3975 καὶ
1633 3923 1858 3976 ἐνδυσά-

279 4027 438 4080 μενος
461 4012 710 4083 ἡγίασεν.
749 4013 808 4066 ⁹Ο
830 4013 888 4065 δέ
925 4013 1188 4082 στέφανος
1216 4016 1242 4065 ὁ
1273 4016 1332 4082 ἐξ
1352 4015 1630 4082 ἀκανθῶν,
1665 4017 1722 4069 al
1754 4016 1858 4069 ὑπὸ

275 4102 558 4173 μεριμνῶν
587 4104 681 4157 τοῦ
719 4104 834 4174 βίου
858 4107 1443 4184 συμϐᾶσαιὰμαρτίαι,
1474 4109 1539 4171 ἂς
1578 4107 1858 4161 ἀναλίσκει

273 4196 340 4261 τῇ
370 4193 545 4264 οἰκείᾳ
587 4194 801 4264 θεότητι
827 4198 854 4247 ό
883 4197 1118 4265 Χριστός
1147 4213 1160 4227 ·
1205 4197 1363 4250 τοῦτο
1414 4199 1522 4268 γάρ
1560 4198 1858 4251 αἰνίττεται

276 4287 306 4354 ἡ
341 4286 548 4357 κεφαλὴ
579 4287 765 4339 αὐτοῦ.
811 4288 870 4341 '0
899 4287 952 4340 δὲ
987 4288 1232 4358 κάλαμος
1288 4289 1387 4359 τῆς
1413 4291 1688 4359 ἡμετέρας
1720 4307 1854 4359 σαρ-

273 4381 369 4440 κὸς
394 4379 491 4448 τῆς
520 4381 727 4449 σαθρᾶς
755 4383 848 4434 καὶ
893 4380 1156 4444 ἀσθενοῦς
1188 4381 1625 4452 ἐστἰσύμϐολον,
1650 4383 1718 4453 ἢν
1761 4385 1855 4436 άν-

274 4470 467 4525 ἑλαϐεν
486 4475 513 4525 ὁ
533 4473 756 4545 Κύριος,
788 4474 932 4528 καθὰ
957 4476 1050 4526 καὶ
1077 4476 1104 4527 ό
1132 4475 1292 4527 Δαυῒδ
1320 4475 1497 4543 λέγει·
1524 4495 1541 4526 ι
1565 4476 1726 4540 Δεξιὰ
1743 4478 1853 4529 Κυ-

1955 3371 2239 3430 irrisoriis.
2292 3368 2680 3423 Verumtamen
2736 3363 2918 3416 omnia
2953 3374 3075 3428 qua:
3134 3356 3206 3410 illi
3242 3349 3542 3419 faciebant,

1955 3481 2052 3537 per
2074 3465 2383 3519 irrisionem
2415 3459 2707 3514 iaciebant.
2731 3454 2812 3509 'l‘u
2831 3463 3012 3508 tamen
3038 3449 3278 3519 intellige
3310 3462 3395 3511 ea,
3424 3458 3544 3513 quae

1957 3536 2182 3627 majoris
2207 3567 2334 3608 sunt
2371 3551 2614 3622 mysterii
2647 3550 2713 3604 ab
2739 3547 2865 3604 Jesu
2906 3545 3122 3616 impleta
3168 3541 3355 3596 fuisse.
3383 3536 3545 3594 Chla-

1957 3665 2074 3720 mys
2101 3649 2244 3703 enim
2264 3647 2515 3701 coccinea
2535 3652 2782 3696 naturam
2809 3646 3047 3694 nostram
3064 3633 3355 3705 signiﬁcat,
3371 3643 3538 3700 quam

1958 3755 2081 3797 cum
2103 3736 2448 3808 sanguinaria
2483 3743 2651 3800 esset,
2683 3742 2733 3786 et
2763 3728 2928 3786 caedis
2958 3742 3072 3792 rea,
3110 3721 3370 3793 suscepit,
3395 3720 3545 3775 et‘in-

1959 3833 2130 3887 duens
2159 3826 2541 3884 sanciitlcavit.
2567 3825 2779 3880 Corona
2798 3830 2979 3876 autem
2999 3836 3063 3874 ex
3095 3816 3290 3887 spinis,
3316 3818 3544 3884 peccata

1961 3933 2089 3980 sunt
2119 3938 2183 3977 ex
2209 3921 2356 3977 curis
2386 3918 2549 3987 hujus
2595 3917 2716 3971 vita:
2744 3911 3141 3985 provenientia,
3178 3923 3300 3978 quae
3347 3918 3547 3960 consu-

1959 4018 2058 4071 mit
2089 4030 2185 4071 sua
2204 4013 2412 4081 .deitate
2440 3996 2690 4068 Christus
2727 4025 2741 4062 :
2779 4007 3126 4079 prcsignatur
3158 4003 3303 4057 enim
3325 4015 3421 4072 per
3451 4012 3544 4054 ca-

1957 4121 2052 4180 put
2073 4108 2248 4162 dcitas
2271 4125 2286 4175 ;
2307 4107 2546 4161 calamus
2571 4115 2770 4180 nostra:
2801 4102 3010 4172 fragilis
3040 4109 3094 4156 et
3115 4098 3345 4151 iniirmm
3365 4093 3548 4147 carnis

1955 4177 2256 4271 symbolum
2311 4206 2416 4262 est,
2471 4177 2925 4264 quatnsuscepit
2979 4186 3258 4250 Dominus,
3312 4184 3453 4238 sicut
3492 4190 3548 4234 et

1967 4293 2136 4348 David
2154 4293 2321 4348 dixit:
2344 4309 2360 4342 ι
2386 4292 2612 4344 Dextera
2634 4287 2846 4341 Domini
2879 4280 3137 4338 exaltavit
3165 4293 3250 4332 me
3275 4278 3340 4332 ‘°.
3378 4295 3396 4327 ι
3435 4276 3545 4328 Au-

1966 4387 2116 4440 ribus
2148 4393 2328 4438 autem
2353 4381 2691 4449 suscipiendo
2711 4375 3050 4447 ignominias,
3083 4369 3295 4426 sanavit
3316 4380 3543 4439 serpen-

1966 4478 2035 4531 tis
2058 4477 2271 4531 sibilum
2301 4490 2397 4543 per
2423 4488 2581 4528 aures
2606 4472 2726 4524 Erae
2757 4471 3082 4538 ingressum.

275 4566 394 4632 ρίου
437 4565 615 4634 ὕψωσέ
645 4584 732 4636 με.
792 4569 937 4620 »Διὰ
995 4567 1052 4620 δέ
1077 4569 1184 4621 τῶν
1215 4569 1370 4623 ὢτων
1435 4569 1725 4640 δεξάμενος
1781 4571 1880 4635 τὰς
1918 4571 2254 4641 δυσφημίας,
2317 4570 2506 4623 ἰάσατο
2575 4569 2665 4619 τὸν
2732 4566 2820 4618 διὰ
2864 4563 2972 4616 τῶν
3035 4560 3188 4613 ὢτων
3250 4557 3348 4626 τῆς
3404 4551 3550 4615 Εὔας

276 4657 663 4712 ἐπεισελθόντα
680 4659 772 4712 τοῦ
803 4659 981 4728 ὄφεως
1003 4660 1356 4730 ψιθυρισμόν.

355 4764 373 4796 ι
401 4747 511 4798 Καὶ
530 4747 616 4800 ὅτε
636 4746 926 4811 ἐνέπαιξαν
947 4747 1396 4818 αὑτῷἀέξέδυσαν
1410 4750 1574 4803 αὑτὸν
1600 4751 1698 4820 τὴν
1717 4750 1849 4820 χλα-

2032 4749 2193 4804 Vsas.
2220 4748 2308 4811 3i,
2331 4748 2417 4801 52.
2448 4766 2465 4799 ‹
2493 4745 2555 4799 Ει
2575 4718 2857 4816 postquam
2877 4742 3173 4797 illusissent
3191 4739 3260 4806 ci,
3286 4744 3551 4792 exuerunt

282 4838 440 4910 μύδα,
477 4839 572 4892 καὶ
599 4839 851 4892 ἐνέδυσαν
875 4839 1038 4891 αὑτὸν
1070 4841 1136 4893 τά
1168 4842 1359 4910 ἱμάτια
1398 4840 1586 4906 αὑτοῦ,
1622 4842 1717 4895 καὶ
1750 4843 1856 4896 ὰπ-

275 4935 486 5003 ήγαγον
504 4933 664 4985 αὑτὸν
679 4934 756 4996 είς
773 4932 833 4985 τὸ
862 4933 1200 5004 σταυρῶσαι.
1222 4933 1601 5004 Ἐξερχόμενοι
1622 4935 1676 4987 δὲ
1700 4929 1855 5005 εὗρον

276 5025 561 5093 ἄνθρωπον
595 5027 923 5097 Κυρηναῖον,
952 5026 1178 5096 ὀνόματι
1210 5028 1451 5095 Σίμωνα·
1478 5027 1661 5080 τοῦτον
1679 5029 1853 5098 ἠγγά-

286 5135 480 5190 ρευσαν
506 5119 590 5172 ἵνα
624 5119 732 5190 ἄρῃ
756 5118 847 5171 τὸν
877 5120 1112 5191 σταυρὸν
1150 5120 1343 5174 αὑτοῦ.
1377 5140 1394 5171 ι
1443 5122 1506 5173 Οἱ
1542 5122 1650 5189 μὲν
1703 5123 1863 5192 τρεῖς

277 5226 462 5280 φασιν,
488 5211 568 5262 ὅτι
605 5210 785 5281 Σίμων
825 5211 1097 5265 ἐϐάστασε
1122 5213 1214 5265 τὸν
1262 5212 1495 5282 σταυρὸν
1521 5212 1612 5266 τοῦ
1659 5212 1855 5284 Ἰησοῦο

280 5306 310 5359 ό
352 5304 408 5357 δὲ
441 5305 737 5380 Ἰωάννης,
770 5305 930 5360 αὐτὸν
983 5306 1075 5358 τὸν
1124 5305 1331 5378 Κύριόν
1370 5323 1504 5377 φησι
1567 5305 1855 5375 βαστάσαι.

283 5394 448 5458 Εἰκὸς
472 5391 566 5449 οὖν
600 5398 888 5468 ἀμφότερα
909 5398 1184 5466 γενέσθαι.
1236 5399 1326 5463 Ἐξ
1367 5401 1540 5469 ἀρχῆς
1577 5401 1674 5470 μὲν
1698 5400 1806 5470 γὰρ
1832 5403 1860 5453 ό

291 5487 500 5560 Ἰησοῦς
528 5487 796 5543 ἐϐάστασε
825 5489 915 5543 τὸν
963 5493 1212 5561 σταυρὸν,
1251 5492 1480 5562 μηδενὸς
1513 5492 1860 5562 ’θελήσαντος

281 5580 564 5651 βαστάσαι.
602 5582 690 5634 Ἐν
717 5582 773 5638 δὲ
800 5585 865 5653 τῇ
900 5582 1003 5654 όδῷ
1033 5584 1284 5654 εὑρόντες
1311 5585 1548 5654 Σίμωνα,
1582 5584 1860 5656 ἐπέθηκαν

387 5699 433 5731 ⁸³
481 5697 586 5752 Isa.
621 5699 711 5766 50,
749 5700 800 5754 6.
879 5702 923 5733 “
967 5702 1108 5756 Psal.
1168 5717 1332 5769 cxvn,
1374 5702 1458 5756 l6.

1965 4859 2088 4899 eum
2120 4843 2422 4912 chlamyde,
2454 4851 2509 4895 et
2560 4839 2851 4893 induerunt
2876 4853 3000 4891 eum
3028 4835 3369 4890 vestimentis
3409 4830 3545 4894 suis,

1966 4946 2022 4993 et
2047 4939 2316 4991 duxerunt
2341 4949 2462 4990 eum
2487 4942 2543 4986 ut
2573 4932 2984 5000 cruciﬁgerent.
3020 4929 3297 4982 Exeuntes
3353 4931 3538 4978 autem

1965 5031 2292 5086 invenerunt
2315 5026 2589 5081 hominem
2607 5023 2944 5093 Cyrenaum,
2982 5019 3200 5074 nomine
3231 5016 3546 5079 Simonem;

1966 5125 2108 5177 hunc
2136 5121 2436 5191 adegerunt
2465 5127 2521 5172 ut
2559 5117 2769 5171 tolleret
2801 5129 3018 5170 crucem
3055 5113 3196 5182 ejus.
3241 5129 3258 5160 ι
3297 5109 3546 5163 Tres‘di-

1963 5224 2096 5271 cunt
2121 5214 2394 5270 Simonem
2423 5221 2669 5280 portasse
2696 5223 2915 5265 crucem
2967 5204 3117 5272 Jesu,
3159 5202 3398 5257 Joannes
3451 5215 3549 5254 au-

1965 5315 2072 5361 tem
2098 5306 2232 5360 dicit
2264 5307 2438 5374 ipsum
2473 5304 2759 5359 Dominum
2790 5310 3044 5372 portasse
3074 5316 3088 5351 :
3121 5293 3416 5359 verisimile
3465 5300 3549 5346 est

1961 5409 2143 5453 autem
2198 5408 2489 5464 utrumque
2547 5395 2771 5450 factum.
2810 5392 3052 5446 Primum
3103 5387 3248 5443 enim
3308 5381 3550 5454 portavit

1960 5489 2118 5545 Jesus
2142 5504 2383 5554 crucem,
2417 5502 2540 5542 cum
2581 5486 2758 5542 nullus
2785 5494 3005 5556 portare
3029 5480 3211 5537 vellet.
3239 5476 3295 5531 In
3322 5476 3410 5531 via
3445 5489 3546 5527 au-

1964 5593 2071 5639 tem
2103 5585 2324 5638 invento
2385 5581 2628 5646 Simone,
2659 5581 3034 5650 imposuerunt
3083 5575 3132 5631 ei
3175 5583 3419 5629 crucem.
3463 5566 3546 5622 Tu

357 5853 436 5926 (α)
470 5853 528 5910 ln
567 5854 698 5914 edit.
735 5852 854 5911 Lut.
908 5859 1162 5916 deﬁciens
1202 5867 1284 5917 est
1339 5857 1526 5916 Latina
1551 5860 1751 5924 versio,
1781 5857 1868 5914 ubi
1911 5859 2046 5916 nihil
2069 5860 2134 5918 de
2161 5869 2345 5928 erepta
2379 5856 2580 5911 Judazis
2614 5821 2886 5911 libertate.
