4080 6336
623 350 727 413 467

1429 340 2004 402 THEOPHYLACTI
2043 340 2451 401 BULGARHE
2489 338 2840 400 ARCHIEP.

3737 334 3843 403 ‘68

624 473 806 517 autem
836 460 1017 514 ethoc
1052 459 1221 531 disce,
1249 455 1389 524 quod
1442 455 1626 509 Simon
1661 456 2004 523 interpretari
2054 434 2170 523 quis

2282 451 2457 521 τούτῳ
2475 451 2568 503 τὸν
2615 450 2872 520 σταυρόν.
2893 448 2966 501 Σὺ
2994 446 3054 501 δὲ
3093 447 3187 502 καὶ
3246 444 3405 501 τοῦτο
3454 444 3716 517 μάνθανε,
3764 446 3844 498 ὅτι

628 560 805 620 potest
832 546 1202 601 obedientiam.
1237 545 1337 610 Qui
1369 544 1535 612 igitur
1583 541 1947 597 obedientiam
1992 540 2173 603 habet,

628 644 718 696 ille
766 656 977 696 crucem
1016 638 1215 693 Christi
1262 638 1382 691 fert.
1418 635 1524 690 Sed
1567 645 1620 687 et
1666 634 1891 704 Cyrene,
1912 647 2033 700 qua:
2072 646 2176 685 una

628 730 979 795 Pentapoleos
1010 736 1112 786 est,
1146 728 1413 795 signiticat
1432 726 1665 793 quinque
1688 737 1881 777 sensus
1909 723 2177 791 cogendos

624 822 689 872 ad
719 820 990 871 ferendum
1010 833 1247 871 crucem.

696 908 1071 964 Vstts..'53-37.
1100 927 1119 959 ι
1164 909 1227 963 Et
1256 916 1516 961 venerunt
1536 906 1609 959 .in
1640 906 1815 960 locum
1848 906 1937 974 qui
1980 905 2178 958 dicitur

625 1002 909 1070 Colgotha,
943 1004 1084 1068 quod
1109 1011 1190 1053 est
1228 999 1486 1054 Cztlvariaa
1536 987 1703 1052 lbcus.
1740 998 1805 1051 Et
1842 998 2104 1050 dederunt
2126 994 2176 1047 ei

624 1103 837 1146 acetum
874 1092 1059 1146 bibere
1087 1090 1245 1160 158
1267 1104 1385 1144 eum
1413 1089 1537 1142 felle
1570 1090 1785 1144 mistum
1806 1110 1820 1142 :
1841 1096 1896 1141 et
1923 1103 2044 1142 cum
2078 1102 2178 1153 gn-

623 1190 845 1245 stassct,
879 1183 1047 1236 noluit
1082 1182 1286 1237 bibere.
1342 1180 1631 1247 Postquam
1669 1187 1844 1231 autem
1893 1178 2178 1230 crucitixe-

622 1282 747 1325 runt
775 1287 923 1337 eum,
947 1273 1241 1326 diviserunt
1274 1272 1587 1323 vestimenta
1638 1268 1775 1336 ejus,
1802 1276 2001 1323 sortem
2050 1269 2176 1321 mit-

626 1372 817 1425 tentes,
834 1364 1211 1431 utimpleretur
1232 1363 1371 1431 quod
1388 1362 1584 1415 dictum
1601 1370 1682 1414 est
1700 1375 1794 1428 per
1816 1360 2127 1428 prophetam
2154 1374 2168 1411 :

624 1454 932 1507 Diviserunt
962 1455 1063 1508 sibi
1113 1454 1426 1507 vestimenta
1478 1467 1617 1514 mea,
1659 1461 1716 1505 et
1764 1466 1921 1519 super
1973 1460 2173 1504 vestem

625 1560 800 1599 meam
818 1545 1077 1599 miserunt
1092 1555 1313 1599 sortem.
1329 1545 1394 1597 Et
1408 1544 1656 1599 sedentes
1677 1542 2031 1597 observabant
2050 1556 2172 1595 eum

623 1638 754 1701 illic,
775 1647 829 1692 et
854 1638 1221 1705 imposuerunt
1239 1653 1403 1707 super
1431 1645 1593 1703 caput
1617 1634 1735 1703 ejus
1756 1650 1971 1689 causam
2004 1634 2176 1702 ipsius

623 1726 918 1795 scriptam:
948 1725 1043 1780 llic
1075 1738 1155 1781 est
1185 1725 1340 1780 Jesus
1366 1741 1457 1780 rex
1482 1725 1806 1781 Judzeurum.
1848 1744 1867 1777 ι
1886 1724 2069 1781 Cranii
2092 1725 2172 1779 lo-

624 1834 721 1871 cus
736 1819 909 1871 dictus
928 1827 1028 1882 est,
1061 1834 1122 1872 eo
1140 1821 1281 1886 quod
1310 1818 1495 1871 dicunt
1509 1819 1597 1886 qui
1618 1819 1932 1873 traditiones
1953 1817 2170 1870 Palmm
2200 1802 2247 1861 Β

623 1918 828 1969 tenent,
858 1910 998 1976 quod
1027 1910 1198 1962 Adam
1238 1908 1345 1962 illic
1385 1910 1623 1978 sepultus
1656 1910 1745 1963 sit.
1771 1908 2081 1963 Sicutenim
2116 1908 2170 1961 in

623 2000 790 2051 Adam
804 2014 992 2053 omnes
1010 2001 1292 2061 morimur,
1318 2001 1389 2054 ita
1408 2011 1460 2054 et
1477 2000 1531 2053 in
1545 2000 1761 2056 Christo
1777 2015 1963 2055 omnes
1984 2014 2083 2053 nos
2096 1998 2173 2052 vi—

622 2090 827 2143 vilicarl
852 2092 1129 2159 oportebat
1148 2090 1215 2145 ".
1238 2088 1315 2143 Ne
1334 2092 1562 2146 turberis
1589 2103 1766 2145 autem
1786 2093 1925 2161 quod
1944 2103 2175 2158 evange-

622 2179 759 2233 lista
808 2180 1014 2243 dicant,
1047 2183 1147 2235 iste
1193 2185 1407 2250 quidem
1456 2193 1667 2237 acetum
1722 2198 1843 2237 cum
1875 2180 1997 2236 felle
2043 2182 2175 2234 alla‘

627 2287 739 2325 tum
781 2288 899 2326 esse
932 2273 1177 2339 Domino,
1205 2287 1258 2329 et
1285 2274 1494 2328 Marcus
1528 2275 1706 2328 vinum
1748 2276 2078 2341 myrrltatum
2105 2274 2172 2338 ⁸⁸,

620 2366 859 2419 Joannes
877 2381 1003 2419 vero
1029 2376 1264 2430 acetum,
1296 2377 1349 2420 et
1380 2365 1446 2419 fel
1478 2382 1599 2420 cum
1646 2367 1875 2436 hyssopo
1897 2364 1963 2417 ".
2007 2364 2171 2418 Multa

620 2458 767 2511 enim
794 2473 825 2508 a
853 2458 1033 2511 multis
1063 2457 1277 2521 tichaut,
1307 2458 1432 2511 utin
1462 2458 1812 2526 incomposita
1837 2456 2175 2509 multitudine

624 2547 769 2601 aliud
805 2548 912 2601 alio
936 2545 1186 2601 faciente.
1221 2547 1523 2600 Verisimile
1552 2547 1842 2617 estigitur,
1870 2546 2029 2598 alium
2061 2547 2175 2614 qui-

621 2640 743 2691 dem
759 2638 940 2691 vinum
970 2637 1287 2706 protulisse:
1310 2637 1472 2689 alium
1498 2653 1626 2691 vero
1656 2646 1866 2691 acetum
1885 2651 2003 2689 cum
2028 2635 2172 2689 felle.

623 2730 773 2783 Multi
800 2739 977 2782 autem
1007 2728 1194 2783 mortis
1220 2730 1361 2781 modi
1390 2728 1627 2793 fuerunt,
1657 2737 1891 2782 attamen
1927 2728 1980 2781 in
2015 2742 2176 2781 cruce

621 2821 849 2873 moritur
869 2818 1137 2884 Christus,
1169 2826 1227 2872 ut
1255 2828 1309 2871 et
1340 2819 1540 2888 lignum
1563 2820 1879 2881 sanctiﬁcet,
1912 2833 2005 2887 per
2031 2819 2173 2887 quod

619 2913 890 2967 maledicti
940 2912 1154 2975 fuimus,
1175 2921 1228 2967 et
1257 2913 1436 2965 omnia
1469 2910 1783 2965 benedicat:
1816 2919 1869 2965 et
1906 2910 2171 2975 caelestia,

617 3022 735 3073 quae
763 3022 860 3076 per
886 3020 1188 3075 supremam
1223 3014 1426 3072 partem
1477 3003 1672 3065 crucis,
1702 3012 1756 3055 et
1786 3012 2020 3066 terrena,
2054 2986 2175 3073 qua:

2277 544 2460 610 Σίμων
2493 542 2856 612 ἑρμηνεύεται
2874 541 3120 609 ὑπακοή
3152 555 3165 569 ·
3191 539 3220 591 ὁ
3261 536 3357 592 οὖν
3386 538 3527 608 ἔχων
3573 536 3841 606 omni},

2277 636 2483 697 ἐκεῖνος
2509 635 2653 704 αἴρει
2674 634 2765 686 τὸν
2791 633 3019 702 σταυρὸν
3050 631 3145 685 τοῦ
3181 630 3421 700 Χριστοῦ
3446 648 3458 659 ·
3503 629 3643 685 ἀλλὰ
3682 632 3771 681 καὶ
3813 630 3846 697 ή

2278 726 2505 793 Κυρήνη
2565 723 2665 792 τῆς
2714 723 3101 785 Πενταπόλεως
3156 721 3310 784 οὖσα,
3342 723 3494 792 δηλοί
3532 721 3633 783 τὰς
3685 722 3843 774 πέντε

2278 816 2580 885 αἰσθήσεις,
2614 813 3066 883 ἀναγκαζομένας
3082 816 3257 883 αἵρειν
3286 814 3376 873 τὸν
3417 813 3670 881 σταυρόν.

2358 924 2376 957 ι
2406 906 2517 959 Καὶ
2543 906 2790 970 ἐλθόντες
2814 908 2895 969 είς
2929 906 3094 958 τόπον
3144 906 3435 974 λεγόμενον
3485 903 3748 971 Γολγοθὰ,
3789 905 3845 966 ὃς

2280 1004 2401 1057 ἐστι
2456 1003 2749 1075 λεγόμενος
2792 1002 3031 1074 Κρανίου
3061 1002 3244 1065 τόπος,
3269 1002 3474 1053 ἔδωκαν
3528 1000 3678 1068 αὐτῷ
3711 1001 3847 1051 πιεῖν

2278 1094 2400 1157 ὅξος
2440 1097 2577 1165 μετὰ
2614 1096 2776 1167 χολῆς
2819 1094 3175 1164 μεμιγμένον,
3201 1092 3293 1145 καὶ
3352 1092 3716 1161 γευσάμενος,
3750 1092 3847 1143 οὒκ

2277 1186 2436 1255 ἧθελε
2472 1190 2614 1240 πιεῖν
2655 1204 2671 1219 ο
2704 1185 3118 1257 σταυρώσαντες
3142 1186 3199 1238 δὲ
3244 1185 3426 1251 αὑτὸν,
3469 1186 3846 1254 διεμερίσαντο

2276 1274 2344 1327 τὰ
2378 1277 2568 1345 ἱμάτια
2597 1275 2781 1340 αὐτοῦ,
2833 1274 3119 1344 βάλλοντες
3170 1272 3371 1343 κλῆρον
3400 1291 3416 1304 ο
3450 1275 3535 1327 ἵνα
3586 1273 3844 1342 πληρωθῇ

2276 1364 2336 1415 τὸ
2364 1365 2527 1435 ῥηθὲν
2552 1366 2653 1419 ὑπὸ
2685 1367 2776 1419 τοῦ
2798 1368 3076 1435 προφήτου
3099 1381 3114 1396 °
3148 1366 3536 1435 Διεμερίσαντο
3558 1363 3626 1415 τὶ
3659 1361 3848 1431 ἱμάτιά

2279 1475 2381 1528 μου
2404 1458 2640 1521 ἑαυτοῖς,
2672 1459 2766 1509 καὶ
2790 1459 2883 1509 ἐπὶ
2901 1458 2992 1509 τὸν
3013 1456 3305 1527 ἱματισμόν
3337 1474 3439 1524 μέν
3483 1454 3679 1507 ἔϐαλον
3718 1451 3843 1520 κλῆ-

2277 1567 2386 1619 ρον.
2406 1548 2514 1601 Καὶ
2542 1548 2839 1618 καθήμενοι
2875 1549 3101 1617 ἐτήρουν
3126 1547 3287 1601 αὑτὸν
3337 1548 3472 1609 ἐκεῖ,
3502 1546 3597 1596 καὶ
3645 1543 3845 1609 ἐπέθη-

2272 1658 2375 1693 καν
2411 1642 2594 1694 ἐπάνω
2618 1642 2718 1708 τῆς
2746 1640 2986 1709 κεφαλῆς
3014 1640 3182 1693 αὐτοῦ
3204 1641 3299 1710 τὴν
3335 1640 3515 1693 αἰτίαν
3549 1638 3717 1690 αὑτοῦ
3752 1653 3844 1703 γε-

2271 1733 2593 1801 γραμμένην
2612 1748 2625 1761 ·
2646 1727 2812 1795 Οὗτός
2834 1735 2981 1785 ἐστιν
3003 1733 3210 1803 Ἰησοῦς
3237 1734 3263 1783 ὁ
3286 1730 3537 1801 βασιλεὺς
3561 1730 3671 1781 τῶν
3715 1731 3846 1781 Ἰου-

2272 1823 2455 1876 δαίων.
2492 1840 2513 1874 ι
2545 1824 2783 1894 Κρανίου
2798 1824 2961 1884 τόπος
2989 1824 3373 1889 ὲλέγετο,διότι
3403 1822 3566 1889 φασὶν
3589 1824 3639 1873 οἱ
3659 1824 3719 1873 ἐκ
3738 1837 3843 1872 πα-

2277 1913 2543 1984 ραδόσεως
2570 1915 2830 1984 Πατέρων
2864 1914 3293 1983 παραλαϐόντες,
3326 1915 3406 1965 ὅτι
3439 1915 3467 1965 ὁ
3500 1913 3676 1980 ’Δδὰμ
3730 1912 3843 1962 ἐκεῖ

2272 2006 2536 2057 τέθαπται
2556 2022 2569 2032 ·
2594 2004 2781 2075 ὥσπερ
2814 2005 2922 2075 γὰρ
2954 2008 3151 2068 πάντες
3175 2009 3233 2058 ἐν
3266 2006 3332 2075 up
3376 2006 3550 2074 ’Δδὰμ
3573 2005 3842 2058 ἀπεθάνο-

2277 2114 2398 2166 μεν,
2422 2095 2595 2168 οὕτως
2624 2100 2683 2150 ὲν
2707 2098 2787 2167 τῷ
2826 2098 3043 2167 Χριστῷ
3072 2097 3473 2166 ζωοποιηθῆναι
3523 2099 3672 2167 ἡμᾶς
3706 2098 3833 2150 ἔδει.

2273 2189 2365 2257 Μὴ
2391 2189 2670 2258 ταραχθῇς
2720 2189 2777 2242 δὲ
2800 2190 3016 2242 ἀκούων
3038 2190 3145 2241 τῶν
3180 2189 3608 2255 εύσγγελιστῶν,
3644 2188 3838 2241 τούτου

2287 2280 2386 2349 μὲν
2415 2279 2665 2347 λέγοντος
2722 2278 2843 2343 ὅξος
2881 2280 3019 2349 μετὰ
3048 2281 3211 2350 χολῆς
3270 2281 3707 2350 προσενεχθῆναι
3765 2280 3842 2349 τῷ

2274 2372 2484 2441 Κυρίῳ,
2518 2373 2612 2425 τοῦ
2674 2373 2731 2425 δὲ
2769 2374 3018 2443 Μάρκου,
3062 2374 3491 2442 ἐσμυρνισμένον
3547 2370 3712 2438 οἶνον,
3742 2371 3839 2425 τοῦ

2272 2462 2331 2515 δὲ
2376 2464 2642 2527 Ἰωάννου,
2670 2464 2789 2528 ὅξος
2814 2468 2907 2517 καὶ
2959 2465 3123 2533 χολὴν
3154 2465 3295 2533 μετὰ
3345 2466 3622 2543 ὕσσώπορ·
3674 2465 3839 2521 πολλὰ

2274 2558 2382 2623 γὰρ
2438 2557 2682 2623 ἐγίνοντο
2726 2558 2877 2626 παρὰ
2927 2558 3157 2623 πολλῶν,
3181 2555 3268 2611 οἷα
3307 2560 3541 2611 ἀτάκτου
3606 2558 3839 2629 πλήθους

2272 2649 2449 2713 ὄντος,
2482 2650 2571 2701 καὶ
2597 2648 2757 2702 ἄλλου
2782 2650 2911 2703 ἄλλο
2932 2651 3232 2712 ποιοῦντος.
3283 2650 3442 2710 Εἰκὸς
3476 2646 3570 2703 οὖν
3599 2652 3691 2704 τὸν
3719 2651 3837 2720 μὲν,

2271 2736 2412 2791 οἶνον
2434 2741 2762 2811 προσφέρειν
2782 2755 2796 2767 ’
2826 2740 2987 2793 mas
3024 2741 3144 2805 ὅξος
3171 2742 3311 2811 μετὰ
3349 2742 3531 2811 χολῆς.
3568 2743 3759 2794 Πολλοὶ
3783 2742 3837 2795 δι

2276 2831 2508 2883 θανάτου
2536 2827 2676 2902 ἦσαν
2702 2833 2912 2903 τρόποι,
2937 2833 3052 2885 ἀλλ’
3092 2835 3242 2903 ὅμως
3269 2834 3488 2903 σταυρῴ
3515 2834 3836 2887 θανατοῦται

2276 2923 2303 2972 ὁ
2326 2922 2581 2991 Χριστὸς,
2605 2924 2690 2975 ἵνα
2715 2925 2807 2977 καὶ
2828 2926 2887 2976 τὸ
2912 2924 3065 2989 ξύλον
3100 2925 3322 2997 ἁγιάσῃ,
3343 2926 3409 2978 δι’
3434 2920 3494 2979 οὖ
3521 2925 3835 2996 κατηράθη-

2279 3032 2399 3083 μεν,
2448 3016 2640 3068 καὶτὰ
2697 3015 2984 3085 σύμπαντα
3029 3018 3320 3090 εὐλογήσῃ·
3361 3019 3430 3071 τά
3479 3036 3539 3071 τε
3587 3019 3834 3089 οὐράνια,

614 3114 713 3166 per
744 3100 1161 3167 suppedaneum,
1218 3107 1273 3149 et
1300 3099 1433 3150 lines
1460 3106 1666 3159 terrm,
1693 3093 1968 3148 Orientem
1996 3105 2049 3148 et
2073 3094 2169 3148 Οιε⁴

2275 3105 2309 3157 ἂ
2331 3106 2581 3173 δηλοῦται
2614 3108 2703 3162 διὰ
2724 3109 2818 3162 τοῦ
2861 3111 3143 3163 ἀνωτάτου
3175 3112 3370 3181 μέρους
3428 3112 3525 3165 τοῦ
3576 3112 3832 3183 σταυροῦ,

616 3188 905 3249 cidentem,
948 3187 1039 3254 qui
1104 3202 1197 3253 per
1254 3195 1589 3238 transvenas
1639 3192 1821 3252 partes
1864 3183 2043 3237 crucis
2096 3183 2169 3235 si-

614 3288 871 3346 suantur.
895 3276 997 3331 Sel
1032 3287 1085 3330 ct
1114 3276 1354 3330 extendit
1384 3292 1594 3345 manus,
1620 3286 1677 3327 ut
1705 3275 1757 3328 in
1808 3273 1961 3328 ulnas
1998 3277 2169 3328 susci-

614 3374 725 3445 piat
749 3382 804 3425 et
835 3383 1118 3440 congreget
1143 3370 1275 3424 filios
1296 3370 1385 3423 Dei
1411 3372 1695 3438 dispersos.
1721 3369 1967 3421 Dividunt
1992 3378 2166 3421 autem

612 3463 938 3515 vestimenta
969 3462 1085 3529 ejus
1128 3462 1351 3525 milites,
1377 3471 1433 3514 ut
1467 3461 1711 3530 frugalis,
1736 3470 1789 3512 ct
1841 3459 1974 3513 nihil
2023 3459 2166 3510 aliud

617 3552 885 3606 habentis.
910 3551 1145 3605 Titulum
1183 3563 1363 3607 autem
1403 3567 1561 3620 quem
1590 3552 1728 3605 dixit
1756 3551 1894 3603 alius
1936 3564 2170 3615 evange-

612 3644 762 3707 lista,
814 3643 1093 3698 Mattltteus
1140 3644 1269 3698 dicit
1320 3661 1558 3697 causam.
1593 3643 1970 3710 Ascripserunt
2022 3644 2167 3694 enim

612 3735 769 3803 cujus
796 3736 966 3804 gratia
992 3735 1281 3789 crucifixus
1309 3746 1473 3798 esset,
1512 3750 1701 3802 nempe
1734 3747 1791 3787 ut
1825 3751 1913 3788 res
1946 3734 2167 3787 Judaeu-

616 3842 756 3889 rum,
784 3834 840 3879 et
889 3841 1065 3879 rerum
1099 3835 1337 3880 nova‘tor.
1375 3825 1448 3878 llli
1480 3827 1636 3896 igitur
1673 3841 1851 3893 regem
1903 3829 2165 3896 ascripse-

614 3927 738 3969 mnt
800 3932 897 3984 pro
952 3916 1311 3971 accusatione.
1373 3916 1754 3971 Verumtamen
1803 3921 2164 3973 testimonium

612 4008 739 4060 illud
771 4006 926 4069 fidele
955 4012 1117 4060 etiam
1150 4008 1219 4060 ab
1275 4008 1509 4061 inimicis
1557 4008 1865 4063 adductum.
1905 4009 2013 4062 Rex
2049 4011 2169 4079 qui-

610 4100 731 4151 dem
762 4109 845 4151 est
883 4098 1160 4158 Dominus,
1188 4101 1277 4166 qui
1311 4099 1377 4151 ad
1431 4100 1534 4153 hoc
1573 4100 1738 4160 venit,
1764 4108 1821 4151 ut
1876 4101 2045 4155 salvet
2072 4100 2167 4154 Ju-

610 4196 773 4242 t'zos.
807 4188 943 4253 Quia
988 4199 1162 4242 autem
1203 4189 1445 4243 carnales
1489 4188 1660 4243 Judaei
1708 4191 1989 4243 noluerunt
2019 4192 2165 4244 illum

610 4294 771 4347 super
822 4295 882 4333 se
916 4296 1137 4347 regnare
1163 4320 1177 4343 ,
1218 4295 1306 4334 rex
1349 4282 1406 4333 lit
1454 4282 1808 4349 spiritualium
1837 4281 2163 4347 Iudaeorum,

611 4372 719 4429 hoc
746 4380 829 4424 est
854 4372 1246 4425 conliteutium.
1311 4370 1523 4425 Judmus
1555 4372 1699 4426 enim
1732 4372 1979 4440 conﬁtens
2028 4374 2163 4428 dici-

610 4473 716 4513 Iill’.

2272 3199 2364 3250 καὶ
2384 3199 2449 3249 τὰ
2466 3198 2777 3269 ύποχθόνια,
2810 3201 2846 3255 ἃ
2875 3201 3239 3271 δηλοῦται,διὰ
3272 3202 3365 3257 τοῦ
3392 3205 3683 3257 ὑποποδίου
3703 3243 3717 3267 ,
3743 3204 3835 3257 καὶ

2266 3288 2334 3339 τὰ
2358 3290 2565 3357 πέρατα
2585 3294 2684 3358 τῆς
2704 3296 2826 3361 γῆς,
2844 3295 2903 3346 τό
2935 3312 2994 3347 τε
3033 3295 3370 3348 Ἀνατολικὸν
3393 3295 3488 3346 καὶ⁵
3508 3296 3569 3346 τὸ
3585 3297 3832 3358 Δυτικδν,

2268 3381 2303 3434 ἃ
2330 3383 2582 3451 δηλοῦται
2615 3384 2703 3436 διὰ
2732 3386 2842 3437 τῶν
2866 3390 2929 3438 ὲκ
2961 3387 3188 3453 πλαγίου
3225 3404 3289 3455 με
3301 3387 3409 3458 ρῶν
3437 3388 3532 3440 τοῦ
3564 3387 3827 3458 σταυροῦο

2274 3474 2407 3525 ἀλλὰ
2465 3477 2560 3527 καὶ
2606 3475 2692 3528 ἵνα
2742 3476 2987 3540 ἐκτείνας
3028 3479 3123 3542 τὰς
3176 3483 3365 3550 χεῖρας
3411 3480 3835 3549 ἑναγκαλίσηται

2267 3564 2360 3614 καὶ
2392 3564 2592 3634 συνάξῃ
2635 3567 2703 3617 τὰ
2729 3567 2893 3619 τέκνα
2924 3567 3019 3619 τοῦ
3069 3569 3205 3622 Θεοῦ
3243 3574 3310 3624 τὰ
3350 3572 3831 3641 διεσκορπισμένα.

2268 3656 2685 3723 Διαμερίζονται
2735 3659 2830 3711 καὶ
2870 3660 2939 3712 τὰ
2972 3661 3166 3729 ἱμάτια
3196 3662 3359 3714 αὑτοῦ
3383 3664 3433 3714 οἱ
3478 3664 3831 3733 στρατιῶται,

2266 3746 2341 3805 ὼς
2376 3747 2646 3811 εὐτελοῦς,
2682 3751 2774 3801 καὶ
2815 3751 2981 3819 μηδὲν
3014 3752 3142 3804 ἄλλο
3173 3753 3405 3822 ἔχοντος.
3449 3754 3545 3806 Ὃν
3573 3755 3630 3806 δὲ
3680 3753 3833 3808 εἶπεν

2266 3837 2422 3900 ἄλλος
2443 3839 2837 3911 εύαγγελιστὴς
2861 3843 3088 3908 τίτλον,
3114 3846 3301 3896 τοῦτον
3323 3846 3645 3906 ὁΜατθαίός
3669 3863 3833 3914 φησιν

2265 3930 2481 3981 αἰτίαν·
2515 3932 2833 4003 ἐπέγραψαν
2869 3936 2976 4005 γὰρ
3002 3936 3145 3999 τίνος
3176 3937 3360 3990 ἕνεκεν
3384 3936 3728 4007 ἐσταυρώθη,
3752 3940 3831 3991 ὅτι

2278 4021 2358 4078 ὡς
2392 4022 2644 4088 βασιλεὺς
2701 4025 2811 4076 τῶν
2851 4028 3139 4092 Ἰουδαίων,
3175 4030 3272 4081 καὶ
3325 4029 3400 4087 ὡς
3450 4031 3829 4099 νεωτεριστὴς.

2267 4109 2495 4161 Ἐκεινοι
2531 4112 2631 4179 μὲν
2670 4112 2760 4164 οὖν
2792 4114 2871 4177 τὸ,
2907 4116 3191 4181 Βασιλεὺς,
3221 4118 3537 4186 ἐπέγραψαν
3592 4121 3688 4171 ἰπὶ
3717 4121 3830 4172 δια-

2267 4200 2418 4271 ϐολῇ.
2455 4204 2597 4270 [mw
2631 4207 2663 4274 ἠ
2694 4208 2970 4277 μαρτυρία
3016 4208 3155 4278 αὕτη
3208 4212 3494 4281 πιστὴ,ὼς
3519 4211 3674 4281 παρὰ
3726 4213 3829 4265 τῶν

2265 4294 2476 4363 ἐχθρῶν
2527 4298 2860 4367 εἰσαχθεῖσα.
2897 4301 3162 4365 Βασιλεὺς
3228 4304 3336 4373 γάρ
3374 4306 3522 4357 ἔστιν
3553 4306 3582 4357 δ
3627 4304 3827 4373 Κύριος

2264 4382 2352 4432 ἐπ’
2380 4384 2511 4436 αὐτὸ
2534 4385 2690 4440 τοῦτο
2719 4387 2907 4451 ἐλθὼν,
2944 4390 3029 4442 ἵνα
3052 4391 3202 4463 σώσῃ
3224 4395 3348 4453 τοὺς
3375 4395 3680 4457 Ἰουδαίους
3711 4397 3827 4446 ἐπεὶ

2268 4472 2327 4524 δὲ
2378 4474 2428 4524 οἱ
2458 4478 2713 4544 σαρκικοὶ
2774 4477 3019 4532 Ἰουδαῖοι
3040 4482 3142 4534 οὐκ
3184 4482 3454 4552 ἠθέλησαν
3514 4483 3826 4554 βασιλεῦσαι

609 4559 770 4610 αὑτὸν
836 4559 923 4610 ἐπ’
964 4560 1181 4623 αὐτοὺς,
1244 4558 1496 4627 βασιλεὺς
1550 4561 1760 4627 γίνεται
1818 4561 1927 4613 τῶν
1983 4567 2368 4632 πνευματικῶν
2440 4570 2728 4639 Ἰουδαίων,
2779 4575 3063 4641 τουτέστι,
3120 4578 3230 4631 τῶν
3299 4578 3824 4648 ἐξομολογουμένων·

620 4653 867 4713 Ἰουδαῖος
891 4653 997 4719 γὰρ
1012 4653 1555 4723 ἐξομολογούμενος
1571 4652 1807 4720 λέγεται.

2430 4661 2443 4693 Ι

682 4742 842 4796 Vens.
867 4743 1057 4796 38-44.
1096 4760 1114 4792 ι
1152 4742 1301 4797 Tunc
1330 4744 1717 4811 cruciﬁguntur
1767 4760 1887 4797 cum
1948 4760 2013 4798 eo
2057 4746 2161 4800 duo

2342 4763 2361 4795 ε
2397 4745 2527 4799 Τότε
2562 4750 2916 4818 σταυροῦνται
2948 4753 3048 4805 σὺν
3085 4755 3233 4826 αὐτῷ
3260 4740 3352 4808 δύο
3383 4756 3601 4828 λῃσταὶ,
3636 4757 3719 4823 εἷς
3764 4764 3823 4815 ἑκ

606 4837 864 4898 latrones,
897 4851 1078 4888 unusa
1108 4837 1329 4900 dextris,
1353 4845 1407 4889 et
1431 4837 1568 4889 alter
1595 4851 1624 4887 a
1654 4837 1907 4890 sinistris.
1938 4838 2162 4891 Przeter-

604 4938 791 4980 euntes
824 4937 1001 4987 autem
1034 4927 1271 4981 convicia
1297 4927 1569 4994 jaciebant
1600 4929 1653 4981 in
1702 4943 1849 4991 eum,
1883 4939 2157 4983 moventes

605 5020 779 5087 capita
812 5033 911 5071 sua
933 5030 987 5071 et
1011 5020 1285 5073 dicentes:
1308 5017 1386 5070 Tu
1408 5020 1497 5086 qui
1531 5020 1849 5073 destrttebas
1878 5022 2157 5089 templum,

603 5120 656 5161 ul
689 5108 738 5161 in
766 5108 945 5161 triduo
966 5108 1291 5171 :edilicahas,
1329 5124 1481 5161 serva
1514 5109 1885 5177 temetipsum;
1919 5112 1961 5163 si
1994 5111 2161 5164 Filius

604 5199 695 5252 Dei
716 5214 797 5263 es,
824 5198 1091 5253 descende
1114 5198 1182 5252 de
1203 5214 1380 5253 cruce.
1412 5198 1671 5252 Similiter
1698 5210 1751 5253 et
1783 5201 2158 5269 principessu-

604 5292 879 5341 cerdotum
929 5290 1212 5343 illudeutes
1239 5290 1591 5344 cutnScrihis
1635 5301 1689 5343 et
1736 5293 2039 5345 senioribus
2103 5303 2157 5345 et

603 5378 890 5433 Pharisazis
908 5382 1153 5435 dicebant
1178 5400 1191 5431 :
1223 5385 1368 5437 Alios
1397 5383 1653 5447 servavit,
1677 5385 2019 5451 semetipsum
2050 5399 2155 5437 non

606 5480 781 5537 potest
810 5473 1065 5525 servare?
1088 5472 1144 5525 Si
1178 5489 1268 5526 rex
1295 5474 1455 5527 Israel
1476 5484 1579 5537 est,
1616 5474 1900 5528 descendat
1928 5492 2067 5528 nunc
2090 5477 2157 5530 de

606 5576 783 5629 cruce,
814 5573 867 5617 et
890 5550 1172 5619 credemus
1199 5566 1268 5620 ei.
1294 5564 1521 5620 Conﬁdit
1562 5566 1613 5619 in
1645 5564 1776 5631 Deo,
1804 5566 1988 5621 liberet
2031 5583 2155 5623 eum

674 5736 720 5768 ⁸⁷
772 5738 940 5794 lCor.
972 5754 1059 5805 ιν,
1099 5743 1189 5796 22.
1267 5746 1311 5778 ⁸⁸
1338 5746 1502 5802 Marc.
1541 5764 1628 5804 xv.
1708 5752 1751 5782 ⁶⁹
1789 5748 1947 5806 Joan.
1994 5768 2105 5807 χιιι.

2263 4836 2472 4900 δεξιῶν,
2507 4842 2601 4892 καὶ
2632 4836 2711 4903 εἷς
2732 4841 2791 4905 ἐξ
2822 4844 3120 4915 εὐωνύμων
3150 4863 3163 4876 ·
3188 4850 3235 4900 οι
3266 4849 3321 4900 δὲ
3373 4854 3823 4922 παραπορευόμε-

2264 4946 2344 4981 νοι
2377 4932 2763 5003 ἐϐλασφήμουν
2790 4936 2971 5001 αὐτὸν,
3005 4938 3284 5001 κινοῦντες
3312 4940 3413 5005 τὰς
3450 4946 3694 5011 κεφαλὰς
3729 4947 3821 5000 αύ-

2262 5022 2393 5083 τῶν,
2420 5025 2513 5076 καὶ
2540 5026 2812 5092 λέγοντες·
2852 5030 2912 5084 ’0
2944 5034 3233 5087 καταλύων
3257 5035 3348 5088 τὸν
3362 5039 3487 5091 ναὸν
3509 5042 3605 5092 καὶ
3623 5042 3683 5091 ὲν
3713 5058 3822 5110 τρι-

2263 5114 2347 5165 σὶν
2373 5116 2601 5185 ἡμέραις
2645 5121 2963 5189 οἰκοδομῶν,
2992 5124 3165 5177 σῶσον
3202 5129 3455 5181 σεαυτόν·
3506 5132 3555 5182 εί
3590 5132 3721 5195 Υἱὸς
3774 5128 3823 5185 si

2261 5205 2354 5257 τοῦ
2382 5207 2539 5272 Θεοῦ,
2563 5211 2829 5280 κατάϐηθι
2852 5214 2958 5265 ἀπὸ
2981 5215 3075 5267 τοῦ
3106 5219 3363 5287 σταυροῦ.
3400 5220 3631 5289 Ὁμοίως
3651 5225 3707 5277 δὲ
3735 5228 3819 5277 καὶ

2265 5298 2314 5347 οἱ
2346 5301 2617 5370 ἀρχιερεῖς
2653 5304 3011 5369 ἐμπαίζοντες
3042 5310 3181 5375 μετὰ
3211 5312 3320 5362 τῶν
3340 5317 3718 5381 γραμματέων
3733 5319 3819 5369 καὶ

2266 5392 2647 5462 πρεσϐυτέρων
2676 5396 2770 5446 καὶ
2785 5398 3093 5467 Φαρισαίων
3122 5401 3326 5469 ἔλεγονο
3354 5405 3582 5468 Ἄλλους
3600 5409 3815 5471 ἔσωσεν,

2264 5484 2452 5535 ἑαυτὸν
2480 5487 2541 5537 οὐ
2569 5486 2790 5540 δύναται
2821 5490 3024 5554 σῶσαι;
3058 5493 3123 5546 El
3154 5494 3407 5562 βασιλεὺς
3447 5497 3667 5568 Ἰσραήλ
3686 5503 3815 5564 tr",

2264 5573 2554 5627 καταϐάτω
2586 5577 2679 5629 νῦν
2722 5580 2829 5631 ἀπὸ
2863 5581 2958 5631 τοῦ
3012 5582 3265 5652 σταυροῦ,
3307 5583 3401 5636 καὶ
3460 5588 3816 5658 πιστεύσομεν
