4080 6336
266 392 378 461 469

826 400 1281 487 numnum
1321 405 1404 467 1N
1431 408 1849 470 .EVANGELII

1981 410 2370 487 ΜΑΤῚῊᾸΞΙ.
2402 438 2473 450 -
2511 413 2671 476 CAP.
2714 414 2964 478 XXVII.

3423 394 3544 477 ἰτο

268 508 359 561 ἐπ’
388 508 557 579 αὐτῷ.
594 509 865 566 Πέποιθεν
892 515 985 567 ἐπὶ
1011 515 1104 568 τδν
1120 515 1273 580 Θεὸν,
1303 517 1562 587 ῥυσάσθω
1618 519 1716 572 νῦν
1748 522 1840 574 αὐ-

1950 540 2110 591 nunc,
2144 526 2190 581 si
2226 526 2332 580 vult
2355 542 2478 580 eum
2514 543 2529 582 :
2558 528 2697 582 dixit
2722 527 2894 589 enim,
2920 525 3089 581 Filius
3110 524 3201 580 Dei
3219 540 3364 580 sum.
3399 523 3544 595 ldip-

263 597 383 664 τὸν,
409 601 458 652 εί
485 600 625 654 θέλει
647 602 830 656 αὐτόν·
858 599 980 657 εἶπε
1016 606 1125 679 γὰρ
1151 608 1255 673 ὅτι,
1278 609 1414 662 Θεοῦ
1436 612 1555 679 εἰμι
1593 611 1738 675 Υἱός.
1771 614 1846 667 Τὸ

266 687 317 741 δ’
366 691 499 744 αὐτὸ
551 692 646 745 καὶ
698 696 747 746 οί
795 696 989 765 λῃσταὶ
1047 698 1097 749 οί
1148 700 1623 770 συσταυρωθέντες
1675 703 1844 773 αὐτῷ,

264 782 542 848 ὠνείδιζον
589 787 757 857 αὐτῷ.
788 809 807 840 ι
856 790 1003 859 Πρὸς
1041 790 1297 862 διαϐολὴν
1323 793 1417 845 τοῦ
1458 795 1698 863 Χριστοῦ
1750 814 1847 848 συ-

265 881 595 950 σταυροῦσιν
632 883 780 953 αύτῷ
813 883 905 936 δύο
926 885 1150 955 λῃστὰς,
1184 887 1271 940 ἵνα
1290 889 1384 941 καὶ
1416 889 1578 952 αὐτὸς
1605 890 1846 953 τοιοῦτος

264 973 499 1043 νομισθῇ
527 975 844 1045 παράνομος
868 977 945 1041 ὥς
970 980 1189 1031 ἐκεῖνοι.
1224 977 1407 1043 Τύπος
1431 981 1487 1033 δὲ
1532 977 1673 1051 ἦσαν
1702 979 1869 1057 οὗτοι,

262 1062 376 1114 τῶν
403 1066 498 1118 δύο
518 1065 683 1131 λαῶν,
710 1068 803 1120 τοῦ
826 1086 885 1122 τε
926 1070 1220 1125 Ἰουδαϊκοῦ
1244 1073 1337 1125 καὶ¹
1358 1072 1453 1125 τοῦ
1474 1072 1715 1126 ὲθνικοῦ·
1739 1076 1848 1145 ἀμ-

265 1154 487 1226 φότεροι
527 1157 637 1229 γὰρ
668 1160 999 1230 παράνομοι,
1052 1164 1145 1215 καὶ
1175 1163 1531 1229 ὀνειδίζοντες
1554 1166 1647 1217 τὸν
1702 1167 1845 1236 Χρι-

267 1246 412 1297 στόν·
445 1247 635 1318 ὥσπερ
668 1251 760 1302 καὶ
786 1245 930 1304 οὗτοι
971 1253 1237 1324 πρότερον
1263 1257 1311 1307 οί
1335 1256 1531 1328 λῃσταὶ
1571 1258 1846 1322 ὠνείδιζον

262 1337 601 1407 ἀμφότεροι·
645 1340 875 1413 ὕστερον
903 1344 1014 1425 δὲῤ
1046 1340 1128 1409 εἷς
1174 1349 1434 1414 ἐπιγνοὺς
1461 1351 1646 1416 αὑτὸν,
1699 1353 1846 1423 ὦμος-

260 1427 460 1498 λὸγησε
491 1429 735 1500 βασιλέα·
765 1434 954 1489 διὸκαὶ
978 1434 1151 1505 ἔλεγε·
1170 1439 1458 1510 Μνήσθητί
1486 1459 1611 1510 μου,
1636 1443 1842 1513 Κύριε,

262 1520 323 1573 ἓν
347 1523 412 1591 τῇ
439 1521 688 1594 βασιλείᾳ
724 1542 819 1577 σου
842 1544 854 1557 ·
889 1527 1063 1591 οὕτως
1109 1525 1203 1582 οῦν
1237 1532 1332 1584 καὶ
1384 1534 1413 1585 6
1464 1533 1679 1598 ἐθνικὸς
1719 1536 1848 1600 λαὸς
1881 1536 1887 1545 ’

261 1611 582 1683 ὡμολόγησε
606 1617 696 1669 τὸν
724 1618 980 1688 Χριστόν.
1022 1620 1152 1674 Ὀδὲ
1172 1623 1361 1694 ἕτερος
1381 1624 1607 1697 λῃστὴς,
1645 1627 1674 1678 6
1717 1628 1847 1680 Ἰου-

259 1704 446 1771 δαῖκδς
466 1708 613 1774 λαὸς,
635 1710 977 1780 ἐϐλασφήμει
994 1730 1009 1745 ’
1047 1715 1077 1767 6
1107 1714 1353 1777 διάϐολος
1373 1716 1429 1768 δὲ
1452 1716 1691 1771 ὑπέϐαλε
1715 1721 1845 1781 τοὺς

259 1797 547 1868 λέγοντας·
592 1819 611 1854 ι
645 1803 707 1855 El
740 1803 867 1866 Υίδς
907 1799 956 1857 εἶ
979 1805 1073 1858 τοῦ
1107 1806 1265 1873 Θεοῦ,
1298 1808 1570 1877 κατάϐηθι
1614 1810 1723 1863 ἀπὸ
1751 1811 1844 1863 τοῦ

263 1892 523 1963 σταυροῦ,
558 1913 577 1945 ι
615 1895 703 1948 ἵνα
758 1896 1060 1966 ἐρεθισθεὶς
1089 1900 1327 1970 καταϐῇ,
1357 1902 1452 1953 καὶ
1485 1902 1776 1974 ἀνατραπῇ
1812 1906 1844 1973 ἡ
1878 1878 1922 1935 Β

263 1976 483 2039 πάντων
513 1986 601 2041 διά
632 1988 727 2041 τοῦ
747 1989 983 2061 σταυροῦ
1005 1991 1270 2064 σωτηρία.
1293 1993 1387 2047 Διὸ
1406 1996 1435 2047 6
1456 1996 1720 2065 Χριστὸς,
1754 1998 1850 2050 καὶ

260 2073 395 2140 Υίός
424 2078 543 2131 ἐστι
564 2078 657 2132 τοῦ
698 2080 833 2133 Θεοῦ
889 2082 985 2136 καὶ
1013 2084 1114 2136 οὐκ
1148 2084 1377 2155 ἐπείσθη
1412 2085 1489 2155 τῷ
1525 2086 1729 2159 ἐχθρῷ,
1756 2086 1851 2141 ’ἵνα

261 2168 449 2222 καὶσὺ
482 2170 759 2242 μανθάνῃς
791 2174 875 2226 ὅτι
904 2174 965 2226 οὐ
1023 2174 1105 2228 δεῖ
1132 2176 1418 2229 πείθεσθαι
1444 2179 1557 2241 τοῖς
1600 2178 1698 2231 τοῦ
1732 2180 1847 2233 δια-

263 2258 421 2314 ϐόλου
459 2263 853 2333 τεχνάσμασιν,
882 2265 1019 2319 ἀλλά
1039 2265 1101 2319 τὸ
1136 2267 1300 2320 καλὸν
1331 2270 1615 2338 πράττειν,
1642 2269 1746 2323 κᾶν
1799 2273 1849 2323 oi

260 2349 539 2421 ἄνθρωποι
574 2353 817 2425 πονηρὰν
846 2356 1117 2426 ὑπόληψιν
1152 2358 1423 2426 μέλλωσιν
1452 2361 1619 2431 ἔχειν.

339 2460 359 2492 ι
384 2441 520 2496 ’Δπὺ
543 2444 601 2497 δὲ
653 2444 819 2516 ἕκτης
850 2445 997 2516 ὥρας
1026 2449 1215 2512 σκότος
1245 2452 1459 2519 ἐγένετο
1517 2454 1611 2506 ἐπὶ
1668 2455 1850 2509 πᾶσαν

260 2532 363 2599 τὴν
409 2534 513 2603 γῆν
545 2534 651 2597 ἓως
702 2536 852 2606 ὥρας
896 2538 1160 2608 ἐννάτηςο
1206 2544 1337 2612 περὶ
1381 2543 1438 2596 δὲ
1481 2544 1579 2615 τὴν
1622 2548 1850 2617 ἐννάτην

264 2621 437 2693 ὥραν,
468 2626 761 2697 ἀνεϐόησεν
796 2631 825 2681 6
870 2628 1074 2699 Ἰησοῦς
1124 2636 1275 2704 φωνῇ
1325 2636 1533 2707 μεγάλῃ
1561 2678 1575 2700 ,
1628 2638 1803 2707 λέγων
1827 2656 1843 2673 ’

274 2714 415 2782 Ἠλὶ,
463 2718 603 2782 Ἠλὶ,
648 2720 801 2790 λαμὰ
858 2722 1187 2792 σαϐαχθαν“ι,ι
1234 2727 1525 2780 τουτέστι·
1569 2729 1669 2783 Θεέ
1725 2749 1849 2800 μου,

260 2802 363 2856 Θεέ
394 2823 515 2874 μου,
549 2806 640 2859 ἵνα
679 2808 733 2860 τί
776 2826 844 2877 με
882 2810 1277 2877 ἐγκατέλιπες;
1307 2814 1462 2878 Τινὲς
1484 2816 1539 2869 δὲ
1569 2818 1678 2869 τῶν
1736 2820 1854 2872 ἐκεῖ

262 2895 517 2951 ἑστώτων
584 2900 953 2965 ἀκούσαντες,
1006 2902 1223 2971 ἔλεγον,
1275 2906 1357 2958 ὅτι
1415 2907 1601 2961 Ἠλίαν
1678 2913 1849 2979 φωνεί

260 2982 419 3050 οὗτος
445 3004 459 3017 ·
492 2989 585 3043 καὶ
616 2991 818 3056 εὐθέως
850 2993 1073 3063 δραμὼν
1106 2989 1186 3058 εἷς
1211 2996 1270 3060 ἐξ
1304 2998 1505 3061 αὐτῶν,
1536 3002 1627 3052 καὶ
1671 3000 1851 3053 λαϐὼν

262 3080 527 3146 σπόγγον,
577 3082 790 3153 πλήσας
843 3103 899 3137 τε
944 3086 1100 3150 δξους
1147 3089 1240 3141 καὶ
1299 3090 1543 3160 περιθεὶς
1600 3092 1849 3162 καλάμῳ,

260 3172 514 3235 ἐπότιζεν
542 3174 725 3227 αὐτόν.
751 3174 815 3229 Ol
845 3177 900 3229 δὲ
926 3177 1104 3230 λοιποὶ
1145 3178 1335 3247 ελεγον
1362 3198 1376 3214 ·
1415 3184 1607 3249 Ἀφες,
1648 3186 1848 3254 ἴδωμεν

258 3263 312 3313 τί
367 3262 589 3332 ἔρχεται.
626 3264 831 3328 Ἠλίας
889 3268 1080 3320 σώσων
1144 3270 1375 3323 αὐτόν.»
1430 3273 1503 3324 Τὸ
1557 3276 1846 3345 γενόμενον

259 3348 475 3415 σκότος,
508 3353 609 3405 οὐκ
636 3349 704 3423 ἦν
748 3355 891 3409 κατὰ
923 3358 1163 3427 φυσικὴν
1208 3360 1552 3428 ἀκολουθίαν,
1595 3360 1707 3417 οἷον
1739 3367 1849 3420 ἀπὸ

258 3441 557 3509 ἐκλείψεως
588 3446 741 3515 ἡλίου
789 3449 1038 3515 φυσικῶς
1082 3453 1383 3522 γενομένης
1406 3470 1422 3486 ο
1455 3455 1712 3510 οὐδέποτε
1741 3460 1849 3530 γὰρ

256 3538 921 3604 τισσαρεσκαιδεκαταίας
960 3539 1125 3610 οὔσης
1164 3543 1263 3611 τῆς
1299 3545 1546 3616 σελήνης,
1598 3549 1839 3622 ἔκλειψις

260 3624 470 3693 γίνεται
505 3627 683 3695 ἡλίου,
714 3628 831 3682 ἀλλ’
876 3630 1005 3682 ὅταν
1032 3633 1064 3701 ἡ
1097 3631 1373 3705 λεγομένη
1404 3637 1566 3703 γέννα
1597 3640 1706 3710 εἴη,
1726 3645 1847 3696 τότε

259 3716 322 3768 αι
344 3719 571 3786 φυσικαὶ
592 3719 685 3772 τοῦ
712 3719 863 3790 ἡλίου
887 3721 1155 3791 ἐκλείψεις
1182 3726 1424 3793 γίνονται
1448 3728 1548 3799 (a).
1578 3732 1668 3785 ’Ev
1692 3734 1749 3787 δὲ
1780 3740 1847 3807 τῇ

260 3809 590 3879 σταυρώσει,
609 3816 1230 3884 τεσσαρεσκαιδεκαταία
1254 3815 1321 3888 ἦν
1338 3824 1371 3890 ἡ
1390 3823 1589 3895 σελήνη
1606 3827 1847 3892 πάντως·

257 3901 325 3954 1.6
381 3902 490 3972 γὰρ
524 3903 716 3973 Πάσχα
771 3907 880 3959 τῶν
930 3908 1199 3979 Ἑϐραίων
1232 3912 1354 3965 τότε
1378 3915 1649 3968 ἐτελεῖτο·
1708 3920 1850 3974 ὥστε

261 3992 409 4064 ὑπὲρ
456 3996 618 4062 φύσιν
671 3997 732 4049 τὸ
765 3998 937 4063 πάθος
960 4016 976 4031 ο
1009 4003 1279 4072 κοσμικὸν
1334 4005 1390 4057 δὲ
1422 4002 1491 4076 ἦν
1535 4008 1596 4060 τὸ
1631 4010 1848 4079 σκότος,

258 4086 328 4141 οὐ
360 4090 607 4159 μερικὴν,
638 4091 827 4162 ὥσπερ
854 4097 912 4148 ὲν
952 4096 1236 4169 Αίγύπτῳ,
1274 4100 1360 4153 ῐνα
1390 4101 1577 4174 δειχθῇ
1610 4105 1694 4158 ὅτι
1723 4125 1851 4163 πεν-

261 4177 401 4251 Θεῖἡ
432 4182 608 4246 κτίσις
644 4186 736 4237 ἐπὶ
772 4186 850 4256 τῷ
880 4188 1042 4242 πάθει
1084 4190 1178 4244 τοῦ
1210 4192 1467 4257 κτίστου,
1511 4197 1599 4247 καὶ
1623 4197 1703 4250 ὅτι
1741 4200 1852 4254 ἀπὸ

259 4272 374 4325 τῶν
419 4273 685 4327 Ἰουδαίων
720 4278 930 4348 ἀπέστη
968 4282 1030 4332 τὸ
1082 4283 1219 4350 φῶς.
1275 4285 1340 4336 Ol
1389 4286 1668 4351 αἰτοῦντες
1694 4290 1751 4342 δὲ
1789 4291 1850 4355 ἐξ

260 4364 493 4435 οὐρανοῦ
522 4372 749 4437 σημεῖον
785 4370 913 4424 ίδεῖν
946 4373 1213 4439 Ἰουδαῖοι,
1249 4376 1345 4429 νῦν
1376 4376 1723 4445 βλεπέτωσαν
1755 4382 1847 4435 τὸν

260 4456 416 4528 ἥλιον
444 4460 846 4530 σκοτιξόμενον.
879 4462 1053 4536 Ἐκτῃ
1106 4467 1162 4517 δὲ
1190 4469 1374 4540 ἡμέρᾳ
1402 4469 1494 4522 τοῦ
1553 4472 1845 4542 ἀνθρώπου

1954 633 2073 671 Sum
2106 630 2283 671 autem
2304 629 2356 673 et
2376 619 2614 674 latrones
2645 620 2733 688 qui
2758 619 3002 673 crucilixi
3034 631 3334 672 erantcum
3357 634 3423 673 eo
3444 632 3544 672 ex-

1956 712 2283 778 probrabant
2309 713 2378 766 ei.
2407 731 2425 763 ι
2457 711 2511 765 ln
2530 711 2913 767 contumeliam
2934 711 3543 766 Christicritcitixerunt

1958 817 2082 855 cum
2117 817 2183 855 eo
2218 804 2352 856 duos
2399 805 2659 869 latrones,
2687 814 2745 855 ut
2777 804 2890 871 ipse
2938 804 3156 870 iniquus
3199 802 3543 855 existimetur

1956 907 2075 945 cum
2112 892 2237 948 illis.
2273 892 2433 963 159
2463 893 2659 961 Figura
2696 902 2875 945 autem
2896 904 3054 945 erant
3088 892 3141 944 hi
3170 891 3395 943 duorum
3442 904 3541 957 po-

1956 982 2226 1051 pulorutn,
2257 981 2465 1037 .ludaici
2503 993 2559 1036 et
2612 981 2853 1052 gentilis,
2885 983 2975 1048 qui
3020 989 3252 1049 uterque
3283 978 3542 1045 praevari-

1955 1084 2169 1127 catores
2192 1083 2346 1127 erant
2384 1085 2436 1127 et
2467 1074 2739 1144 ﬂagitiosi,
2771 1089 2843 1128 ac
2868 1073 3269 1142 exprobrantes
3298 1071 3539 1134 Christo,

1954 1163 2164 1219 sicutet
2194 1164 2427 1232 primum
2474 1165 2634 1219 ambo
2662 1166 2901 1221 latrones
2951 1165 3407 1233 improperabant.
3440 1162 3541 1215 Al-

1957 1262 2039 1307 ter
2086 1247 2275 1323 autem.
2299 1266 2355 1309 et
2404 1258 2673 1326 posterior
2722 1257 3073 1326 resipiscens,
3119 1253 3425 1309 confessus
3458 1264 3543 1309 est

1956 1360 2137 1415 regem
2177 1363 2189 1397 :
2220 1346 2341 1399 ideo
2372 1355 2425 1400 et
2456 1346 2703 1402 dicebat:
2734 1346 2939 1401 Memor
2967 1358 3085 1403 esto
3123 1348 3251 1406 mei.
3287 1344 3539 1412 Domine,

1955 1435 2008 1487 in
2044 1450 2209 1505 regno
2241 1449 2351 1489 tuo.
2390 1436 2482 1493 Sic
2504 1447 2557 1492 et
2591 1438 2806 1507 gentilis
2830 1452 3044 1507 quoque
3072 1438 3301 1506 populus
3326 1433 3543 1489 confes-

1954 1542 2050 1581 sus
2099 1537 2183 1582 est
2210 1527 2509 1583 Christum.
2539 1530 2691 1583 Alter
2735 1539 2914 1584 autem
2968 1530 3127 1593 latro,
3155 1526 3413 1582 Iudaicus
3445 1541 3543 1593 po-

1956 1620 2132 1687 pulus,
2194 1620 2626 1689 blasphemabat.
2666 1622 2922 1676 Diabolus
2953 1631 3132 1675 autem
3184 1618 3542 1673 submittebat

1956 1712 2197 1766 dicentes
2230 1731 2243 1765 :
2276 1714 2330 1767 Si
2363 1713 2534 1769 Filius
2557 1714 2748 1779 esDei,
2773 1715 3042 1769 descende
3072 1715 3137 1767 de
3166 1727 3348 1776 cruce,
3379 1723 3432 1765 ut
3460 1712 3541 1764 in-

1956 1804 2157 1859 citatus
2209 1804 2505 1860 descendat
2525 1807 2590 1860 de
2622 1822 2809 1872 cruce,
2842 1817 2897 1861 et
2949 1808 3185 1861 intereat
3244 1805 3390 1859 salus
3422 1819 3543 1858 om-

1952 1897 2101 1949 nium
2137 1912 2259 1965 qua:
2293 1906 2375 1951 cst
2409 1913 2505 1967 per
2529 1913 2769 1953 crucem.
2801 1900 2869 1953 At
2892 1897 3161 1964 Christus,
3194 1898 3321 1971 quia
3374 1894 3544 1949 Filius

1950 1997 2031 2042 est
2061 1987 2176 2051 Dei,
2204 2005 2311 2043 non
2347 1991 2584 2044 obedivit
2613 1990 2837 2046 inimico
2864 2010 2875 2044 :
2918 2001 2975 2045 ut
3000 2000 3055 2046 et
3083 2000 3137 2043 tu
3170 1990 3349 2045 discas
3398 1991 3542 2056 quod

1954 2098 2057 2134 non
2086 2083 2156 2135 sit
2180 2082 2381 2137 diaboli
2410 2083 2619 2138 technis
2649 2084 2976 2147 cedendum,
3003 2084 3099 2139 sed
3135 2083 3274 2137 bene
3306 2098 3541 2152 operan-

1952 2172 2101 2236 dum,
2135 2172 2297 2226 etiam
2322 2173 2364 2226 si
2398 2173 2649 2228 homines
2677 2176 2817 2229 male
2851 2175 2916 2229 de
2947 2175 3101 2229 nobis
3132 2175 3391 2229 sentiant.

2026 2442 2189 2501 Vsus.
2218 2442 2407 2498 45-49.
2450 2460 2469 2494 ι
2512 2443 2557 2496 Δ
2584 2450 2738 2497 sexta
2767 2451 2948 2498 autem
2978 2443 3111 2496 hora
3168 2446 3406 2499 tenebrae
3458 2444 3542 2499 la-

1953 2544 2056 2588 etae
2090 2543 2214 2587 sunt
2241 2549 2404 2601 super
2442 2533 2745 2588 universam
2786 2544 2981 2587 terram
3017 2548 3185 2602 usque
3214 2534 3280 2587 ad
3346 2534 3538 2589 horam

1955 2640 2171 2678 nonam.
2202 2625 2265 2678 Et
2293 2626 2439 2679 circa
2478 2626 2668 2679 horam
2718 2640 2916 2678 nonam
2943 2627 3202 2681 clamavit
3222 2629 3379 2683 Jesus
3404 2643 3540 2685 voce

1934 2716 2427 2784 ~magna,dieens:
2481 2716 2621 2778 lleli,
2653 2717 2781 2781 heli,
2842 2718 3379 2785 lamazabachthani,
3434 2721 3543 2776 hoc

1952 2818 2071 2863 est:
2110 2808 2254 2863 Deus
2291 2823 2460 2872 meus,
2500 2809 2641 2864 Deus
2668 2823 2841 2875 meus,
2892 2825 2989 2864 cur
3013 2810 3352 2881 deri-liquisti
3414 2814 3541 2868 me?

1953 2898 2180 2966 Quidam
2202 2911 2383 2953 autem
2409 2900 2518 2955 illic
2557 2903 2815 2955 stantium
2862 2917 2982 2955 cum
3052 2903 3353 2971 audissent,
3398 2907 3539 2962 dice-

1954 2976 2115 3052 bant;
2146 2992 2318 3045 Eliam
2362 3001 2515 3046 vocat
2545 2993 2668 3048 iste.
2726 2993 2792 3048 Et
2837 2994 3101 3051 continuo
3135 3011 3364 3053 currens
3393 3014 3535 3054 unus

1954 3095 2019 3135 ex
2050 3081 2153 3145 eis,
2199 3096 2321 3135 cum
2355 3094 2632 3152 acceptam
2692 3086 2974 3156 spongiam
3034 3087 3313 3154 implesset
3357 3100 3535 3157 aceto.

1958 3172 2213 3240 imposuit
2262 3173 2537 3239 arundini,
2574 3174 2843 3244 dabatque
2879 3176 2931 3229 ei
2972 3187 3030 3231 ut
3074 3176 3306 3233 biberet.
3337 3178 3537 3236 Caeteii

1902 3262 1920 3286 ‘
1953 3278 2083 3319 vero
2106 3264 2399 3320 dicebant:
2438 3266 2590 3332 Sine,
2615 3266 2896 3325 videamus
2933 3285 3001 3324 au
3069 3272 3254 3328 veniat
3290 3271 3439 3329 Elias
3471 3274 3540 3329 ιι.

1951 3360 2239 3416 beraturus
2274 3377 2419 3417 eum.
2470 3382 2490 3414 ι
2524 3362 2787 3418 Tenebrae
2834 3366 2990 3420 facta
3037 3383 3143 3421 non
3196 3378 3353 3423 erant
3378 3372 3531 3439 juxta

1953 3462 2159 3507 natura:
2208 3454 2479 3520 ordinem,
2541 3462 2601 3507 ut
2658 3470 2722 3508 ex
2772 3455 2965 3524 eclipsi
3026 3458 3159 3511 solis
3210 3460 3539 3516 naturaliter

1954 3543 2095 3598 facta
2132 3560 2148 3599 :
2181 3559 2355 3614 neque
2389 3546 2535 3599 enim
2567 3548 2784 3615 quando
2818 3548 3348 3619 estEdecimaquarta
3379 3552 3533 3619 luna,

1952 3636 2013 3691 lit
2044 3638 2175 3692 solis
2214 3638 2531 3708 deliquium,
2564 3639 2658 3694 sed
2704 3655 2825 3694 cum
2854 3650 2937 3697 est
2958 3656 3021 3695 ea
3050 3659 3171 3712 qua:
3197 3646 3364 3713 γέννα
3398 3646 3537 3701 dici-

1955 3737 2045 3783 tur
2072 3731 2197 3801 (hoc
2223 3741 2307 3784 est
2340 3731 2720 3801 novilunium),
2751 3740 2880 3789 tunc
2944 3737 3221 3793 naturales
3249 3740 3382 3795 solis
3438 3742 3537 3797 de-

1955 3822 2129 3876 fectus
2164 3822 2511 3891 contingunt;
2541 3838 2666 3878 cum
2716 3834 2895 3880 autem
2929 3829 3364 3901 cruciﬁgeretur,
3416 3848 3538 3890 om-

1953 3915 2080 3968 nino
2102 3914 2505 3981 decimaquarta
2537 3916 2663 3970 luna
2698 3926 2838 3971 erat.
2866 3917 3077 3975 Pascha
3108 3924 3254 3977 enim
3278 3926 3536 3982 Hebreu-

1954 4018 2071 4056 rum
2100 4012 2225 4058 tunc
2249 4004 2431 4069 ﬁebat,
2460 4008 2601 4062 unde
2621 4021 2789 4077 super
2819 4020 3066 4065 naturain
3094 4023 3254 4069 erant
3276 4021 3537 4076 tcnebnr.

1952 4094 2121 4149 Erant
2141 4109 2322 4151 autem
2340 4098 2391 4150 iu
2416 4107 2529 4153 toto
2552 4102 2775 4167 mundo,
2796 4103 2973 4157 nonin
2995 4112 3152 4173 parte
3173 4111 3378 4177 mundi,
3398 4114 3539 4167 sicut

1952 4190 2006 4244 iu
2035 4189 2271 4261 Egypto
2307 4212 2321 4245 :
2352 4202 2411 4246 ut
2453 4202 2787 4250 monstretur
2810 4199 2953 4263 quod
2986 4199 3166 4269 lugeat
3204 4203 3258 4257 in
3286 4207 3539 4272 passione

1950 4282 2259 4337 Conditoris
2324 4292 2595 4351 creatura,
2650 4295 2705 4340 et
2739 4288 2883 4355 quod
2926 4303 2957 4342 a
3002 4289 3187 4347 Iudaea
3220 4293 3308 4348 lux
3359 4312 3541 4355 reces-

1949 4376 2083 4430 serit
2118 4393 2129 4429 :
2155 4374 2324 4429 Judaei
2378 4391 2599 4447 quoque
2651 4388 2897 4449 petentes
2920 4384 3136 4454 signum
3161 4401 3194 4441 e
3214 4389 3371 4458 uelo,
3393 4407 3540 4449 nunc

1950 4468 2356 4522 videantsoletn
2391 4470 2757 4525 obtenebrari.
2805 4471 2969 4529 Sexta
3013 4487 3191 4533 autem
3240 4481 3330 4537 die
3373 4483 3539 4541 homo

261 4548 616 4617 ⁸κλασθέντος,
650 4554 745 4606 καὶ
771 4554 911 4628 ἕκτῃ
931 4555 1052 4627 ὥρᾳ
1076 4559 1339 4626 φαγόντος
1376 4562 1484 4613 ἀπὸ
1536 4564 1631 4615 τοῦ
1686 4564 1843 4628 ξύλου

1953 4568 2035 4613 est
2060 4562 2330 4628 conditus,
2370 4563 2460 4630 qui
2491 4573 2546 4617 et
2581 4574 2736 4620 sexta
2795 4567 2864 4622 de
2910 4568 3054 4639 ligno
3079 4575 3315 4628 comedit
3352 4593 3366 4630 :
3427 4580 3534 4635 hoc

264 4639 430 4712 (αὕτη
464 4642 570 4714 γὰρ
604 4646 702 4713 τῆς
741 4645 995 4716 βρώσεως
1017 4650 1052 4718 ἡ
1086 4648 1224 4720 ὥρα)
1265 4654 1292 4702 6
1323 4651 1527 4721 Κύριος
1563 4656 1843 4709 ἀναπλάτ-

256 4732 373 4786 τῶν
397 4735 489 4787 τὸν
532 4734 844 4806 ἄνθρωπον,
906 4740 1093 4793 καὶτὸ
1143 4743 1369 4812 σφάλμα
1416 4744 1667 4814 ἰώμενος,
1708 4749 1844 4823 ἕκτῃ

257 4827 448 4899 ἡμέρᾳ
516 4830 611 4882 καὶ
685 4831 819 4901 ἕκτῃ
876 4831 996 4904 ὥρᾳ
1040 4834 1121 4904 τῷ
1191 4836 1333 4907 ξύλῳ
1406 4842 1844 4908 προσπήγνυται.

273 4914 518 4986 Ἐϐραΐδι
542 4918 599 4971 δὲ
624 4921 893 4993 διαλέκτῳ
922 4925 1071 4991 λέγει
1102 4927 1165 4979 τὸ
1193 4930 1554 4999 προφητικὸν,
1598 4933 1683 4985 ἵνα
1734 4935 1841 4986 δεξ-

258 5008 331 5080 ξῖλ
356 5012 435 5062 δτι
464 5013 525 5064 οὗ
548 5012 781 5082 μάχεται
810 5018 875 5083 τῇ
912 5017 1127 5089 Παλαιᾷ
1157 5018 1369 5089 Γραφῇ.
1401 5022 1473 5073 Τδ
1496 5022 1571 5086 δὲ,
1599 5041 1619 5073 ι
1648 5024 1763 5077 Ἵνα
1789 5027 1842 5078 τε

260 5117 332 5168 με
362 5102 747 5169 ἐγκατέλιπες;
778 5124 797 5157 ι
830 5102 1005 5172 εἶπεν,
1047 5108 1122 5171 ὥς
1149 5110 1213 5161 ἂν
1250 5110 1399 5183 δείξῃ
1441 5113 1522 5165 ὅτι
1557 5114 1843 5186 ἄνθρωπος

256 5191 477 5261 ἀληθῶς
515 5196 753 5264 ἐγένετο,
784 5198 878 5250 καὶ
908 5200 969 5251 οὐ
993 5200 1137 5253 κατὰ
1175 5204 1475 5269 φαντασίαν
1496 5218 1511 5232 ⁶
1548 5207 1644 5258 καὶ
1677 5207 1783 5277 γὰρ
1814 5191 1842 5260 6

256 5283 546 5353 ἄνθρωπος
574 5288 806 5358 φυσικὴν
833 5289 1015 5359 ὖρεξιν
1072 5290 1187 5361 ἔχει
1215 5291 1316 5361 τῆς
1362 5294 1527 5364 ζωῆς,
1580 5295 1841 5363 φιλόζωος

256 5372 357 5428 ὥν.
404 5375 616 5447 Ὠσπερ
646 5374 742 5430 οὖν
776 5382 1051 5448 ἡγωνίασε
1111 5384 1205 5435 xa‘t
1236 5385 1546 5455 ἡδημὸνησε
1581 5388 1688 5457 πρὸ
1742 5388 1837 5441 τοῦ

1945 4654 2088 4707 enim
2121 4661 2207 4708 est
2235 4656 2586 4711 comestionis
2617 4666 2847 4728 tempus.
2878 4662 2993 4727 Qua
3041 4664 3209 4732 igitur
3258 4668 3391 4723 hora
3426 4670 3535 4727 Do-

1947 4744 2125 4799 minus
2147 4744 2421 4800 hominem
2450 4749 2717 4814 condidit,
2747 4752 2938 4807 eadem
2977 4733 3265 4826 etdapsum
3298 4764 3531 4818 curavit.

1943 4835 2110 4910 Sexta
2136 4838 2224 4891 die
2269 4847 2326 4893 et
2355 4849 2508 4894 sexta
2561 4842 2696 4897 hora
2724 4847 2871 4899 cruci
2904 4845 3094 4901 aﬂixus
3133 4859 3237 4905 est.
3272 4852 3535 4910 llebraico

1941 4939 2121 4984 autem
2182 4931 2447 4987 idiomate
2501 4934 2632 4988 dicit
2688 4939 3085 5005 propheticum,
3142 4954 3201 4998 ut
3267 4959 3534 5002 monstret

1940 5024 2083 5091 quod
2103 5040 2208 5077 non
2244 5035 2447 5094 pugnet
2471 5042 2593 5082 cum
2625 5030 2794 5083 veteri
2820 5029 3121 5101 Scriptura.
3157 5034 3310 5102 Quod
3344 5046 3527 5093 autem

1947 5115 2103 5170 dicit:
2134 5116 2203 5171 Ut
2227 5118 2355 5186 quid
2379 5134 2466 5173 me
2487 5119 2822 5189 dereliquisti
2844 5124 2867 5176 ?
2893 5125 3131 5179 ostendit
3162 5141 3221 5181 se
3250 5129 3529 5183 hominem

1947 5221 2156 5272 verum,
2183 5218 2239 5262 et
2277 5224 2381 5262 non
2400 5209 2555 5275 juxta
2599 5215 2994 5281 apparentiam.
3043 5216 3325 5287 Siquidem
3366 5220 3529 5277 homo

1942 5314 2062 5351 cum
2096 5301 2214 5353 vitae
2254 5302 2324 5355 sit
2350 5302 2597 5369 cupidus,
2632 5305 2932 5359 naturalem
2993 5309 3205 5365 vivendi
3235 5312 3397 5368 habet
3431 5330 3527 5383 ap-

1940 5392 2187 5455 petitum.
2244 5392 2395 5447 Sicut
2424 5396 2567 5449 enim
2622 5396 2675 5449 in
2711 5400 3080 5457 maestitudiue
3108 5402 3209 5456 fuit
3241 5414 3367 5460 ante
3396 5421 3522 5461 cru-

257 5467 519 5537 σταυροῦ,
553 5468 812 5523 δεικνύων
841 5472 939 5543 τὴν
976 5475 1040 5526 ἐκ
1088 5475 1304 5541 φύσεως
1338 5477 1649 5547 προσοῦσαν
1703 5480 1836 5551 ἡμῖν

1950 5498 2079 5549 :em,
2104 5488 2398 5542 ostendens
2436 5489 2683 5544 timorem
2712 5502 2919 5547 natura!
2950 5506 3151 5551 nostra
3214 5513 3523 5569 congruen-

327 5645 402 5708 (α)
423 5646 604 5707 Verba,
642 5649 746 5698 ἀλλ’
770 5651 884 5698 ᾶιαν
907 5676 967 5687 -

990 5653 1237 5743 reo-:21
1243 5653 1595 5743 jn_nedi.tione.
1619 5660 1819 5743 Veneta
1860 5662 2001 5743 inter.
2021 5668 2177 5743 varias
2203 5665 2457 5743 lectiones
2573 5669 2762 5739 calcem
2792 5675 3060 5743 voluminis
3090 5679 3362 5735 amandata.
3390 5685 3525 5743 qnod

260 5705 393 5800 ἓξὲξ
409 5705 1049 5800 liii?."£:§.‘i‘1":-h‘.§'_°i
1058 5705 2007 5800 νὲεοέίΞεῑειέ.ίέέέἐῦἐ.ἐεέξῖίὲἒιὲιιίιῖἐῗέι
2030 5705 2094 5800 ἰδ’
2105 5705 2762 5800 ἓῖτέῶἓὲἕέιῖὗρῖὲνῖῦἕιέῗ
2765 5705 2868 5800 ιιὶἶιὲ
2878 5705 3115 5800 Ἠίῖᾶ
3120 5705 3344 5800 ’ἓῗέἷέῗ
3348 5705 3528 5793 ὶιὲἓέιῗῗ

264 5783 384 5817 nam
409 5771 586 5821 habeat
606 5770 761 5819 eodex
788 5773 1068 5832 Patavinus,
1090 5770 1194 5825 tu'm

1217 5781 1348 5865 qugd
1372 5781 1923 5865 illa‘nLThgphylactj
1949 5788 2211 5865 verbaLelx
2238 5788 2342 5865 alio
2365 5781 2529 5865 forsan
2562 5781 2753 5865 codice,
2771 5781 3027 5847 lci—utjDui
3055 5781 3524 5865 tingiﬁé'iu'EiE-

265 5831 398 5881 sario
420 5833 548 5882 med.
577 5836 629 5883 et
648 5833 740 5887 inf.
768 5831 1062 5899 Graecitatis,
1086 5831 1249 5890 verbo'
1268 5840 1430 5903 Γέννα,
1467 5831 2543 5914 ιυωίειέιιιᾚῶἧὶιῖειἐέἶπέὀέῑρςῖᾖοὲὶὶῆῖιῖ.
2565 5831 2703 5908 ἶοὲ
