4080 6336
587 386 688 451 ιτι

1390 420 1391 423 η
1431 371 2008 435 THEOPHYLACTI
2053 362 2459 426 BULGARLE
2493 359 2852 449 ARCH'IEP.
3704 345 3806 408 472

590 509 717 558 tem.
754 495 832 550 sic
880 503 932 548 et
967 504 1109 546 nunc
1137 489 1331 560 inquu,
1367 487 1433 543 Ut
1461 491 1706 559 quid'me
1757 483 2138 551 dereliquisti?

2272 479 2458 540 ειλίαν,
2482 475 2621 529 οὕτω
2658 476 2751 527 καὶ
2779 471 2872 524 νῦν
2897 486 3061 539 φησιν
3083 482 3095 498 ”
3139 487 3158 520 ι
3190 467 3304 522 Ἶνα
3331 466 3385 522 τί
3435 484 3503 537 με
3533 466 3810 532 ἐγκατέλι-

590 589 865 640 ἰηετηυειηε
916 581 1210 636 naturalem
1257 579 1468 636 vivendi
1511 577 1873 645 cupiditatem.
1935 572 2138 624 Etenim

596 693 713 728 ιιι-τε
750 679 905 728 homo
929 681 1066 736 erat,
1097 671 1356 738 nobisque
1378 684 1471 738 per
1493 669 1667 721 omnia
1698 665 1912 724 similis,
1941 663 2143 728 absque

591 777 828 828 pet-calo.
885 765 1112 830 Quidam
1171 777 1346 817 autem
1382 763 1483 815 hoc
1539 759 1938 816 intellexerunt,
1998 753 2138 820 quod

592 856 837 909 Salvator
865 858 914 910 in
955 873 1011 911 se
1055 842 1336 925 personam
1371 859 1519 920 gerat
1545 851 1871 910 Judmorum,
1896 855 1946 897 et
1981 846 2142 906 dicat,

594 947 789 1013 litquii
820 945 1146 1011 derelittutsti
1191 943 1466 996 Judairum
1498 940 1769 1008 populum,
1821 952 1852 989 0
1880 935 2058 1000 Pater,
2088 942 2146 986 ut

590 1048 795 1091 tantum
827 1039 1071 1088 admittat
1109 1049 1411 1104 peceatum,
1449 1032 1612 1102 160
1637 1042 1686 1084 et
1716 1029 1999 1098 perditioni
2039 1037 2147 1079 tra-

592 1121 781 1179 (laturi
801 1125 1057 1181 Christus
1076 1127 1218 1176 enim
1250 1135 1502 1193 tanquam
1535 1140 1597 1176 ex
1625 1106 1824 1174 Iuda-is
1844 1130 2016 1182 natus,
2047 1119 2144 1171 Dec

592 1213 854 1282 reliquisti
909 1226 1017 1277 tne,
1057 1213 1205 1280 dicit,
1243 1218 1341 1269 hoc
1369 1222 1471 1277 est,
1529 1211 1699 1265 Meam
1753 1210 2144 1278 cognationem,

595 1318 884 1378 meumque
910 1307 1156 1378 populum
1186 1317 1243 1361 ut
1277 1307 1400 1376 quid
1432 1303 1783 1373 dereliquisti,
1846 1303 1916 1356 ita
1943 1312 1996 1354 ut
2025 1316 2148 1356 con-

597 1407 677 1450 tra
703 1402 934 1466 seipsum
973 1399 1075 1452 tale
1104 1398 1298 1450 malum
1351 1397 1513 1451 faciat
1548 1394 1791 1449 ?Turba3
1811 1403 1988 1448 autem
2028 1409 2146 1445 cum

597 1505 698 1541 non
735 1491 1118 1546 intellexissent
1168 1507 1350 1545 vocem
1385 1490 1546 1552 illam,
1585 1502 1770 1558 nempe
1804 1497 2063 1555 agrestes,
2100 1495 2152 1536 et

597 1577 860 1645 imperitae
912 1580 1341 1647 propheticorum
1399 1557 1970 1646 dictorum,putabant
2010 1557 2201 1643 quod

594 1666 762 1723 Eliant
791 1683 1002 1726 vocaret
1035 1689 1048 1729 :
1081 1688 1184 1724 non
1244 1674 1382 1726 enim
1415 1689 1601 1726 omnes
1645 1672 1808 1725 Judaei
1844 1671 2150 1740 prophetica

596 1763 859 1827 sciebant,
900 1764 1230 1831 sicutneque
1272 1779 1412 1817 tmnc
1461 1763 1750 1817 Christiani
1792 1779 1980 1816 omnes
2020 1762 2152 1815 forte

597 1868 656 1906 ea
691 1869 808 1923 quae
836 1857 884 1908 in
919 1855 1239 1924 Evangeliis.
1279 1857 1541 1911 Caeterum
1584 1868 1789 1911 acetum
1816 1858 1861 1910 ei
1889 1857 1941 1908 itt
1973 1863 2151 1922 potum

598 1948 820 2010 dabant,
864 1957 921 2001 ut
956 1958 1254 2002 moreretur
1296 1949 1602 2016 priusquam
1638 1949 1841 2001 veniret
1879 1947 2020 1998 Elias
2055 1945 2151 1997 ad-

591 2033 803 2102 julurus
846 2053 987 2090 eum.
1041 2036 1194 2092 Unde
1249 2037 1336 2090 alii
1371 2039 1601 2093 dicunt:
1673 2037 1822 2097 Siue,
1885 2036 2155 2088 videamus

597 2139 723 2179 num
745 2130 919 2182 veniat
947 2128 1110 2190 Elias,
1138 2128 1463 2182 liberaturus
1518 2144 1661 2190 eunt,
1725 2128 1824 2180 hoc
1871 2136 1972 2189 est,
2030 2127 2156 2178 Sim

598 2233 743 2283 eum,
779 2233 842 2270 ne
887 2219 1051 2272 facias
1097 2220 1254 2284 mori,
1311 2229 1370 2272 ut
1426 2219 1660 2271 sciamus
1699 2233 1763 2269 an
1814 2218 2031 2286 juvetur
2091 2215 2152 2266 ah

598 2303 729 2362 Elia.

671 2399 827 2452 Vens.
871 2399 1056 2454 50-53.
1117 2419 1133 2451 ι
1172 2397 1327 2454 Jesus
1379 2410 1553 2453 autem
1617 2414 1733 2452 cum
1801 2399 1992 2452 iterum
2043 2397 2155 2450 cla-

599 2499 798 2542 masset
831 2503 957 2542 voce
985 2505 1196 2558 magna,
1219 2490 1397 2543 emisit
1423 2490 1690 2559 spiritum.
1727 2489 1791 2541 Et
1825 2504 1950 2542 cete
1984 2489 2155 2542 vehun

602 2580 780 2647 templi
804 2581 1025 2634 scissum
1058 2589 1136 2634 est
1163 2583 1213 2634 in
1247 2582 1379 2634 duas
1402 2592 1582 2648 partes
1608 2595 1633 2631 a
1659 2595 1868 2632 summo
1898 2595 2062 2646 usque
2094 2579 2157 2630 ad

600 2668 789 2735 imum,
828 2681 880 2726 et
910 2682 1047 2725 terra
1085 2681 1224 2726 mota
1267 2681 1368 2736 est,
1411 2682 1462 2725 et
1492 2684 1656 2739 petrae
1690 2671 1869 2724 scissae
1924 2681 2070 2733 sunt,
2101 2680 2158 2721 et

604 2773 946 2816 monumenta
975 2773 1155 2828 aperta
1185 2770 1333 2824 sunt,
1373 2772 1426 2815 et
1469 2761 1630 2813 multa
1663 2774 1888 2827 corpora
1942 2768 2157 2811 sancto-

604 2866 718 2907 rum
744 2856 832 2922 qui
856 2855 1213 2919 dormierant,
1245 2866 1621 2910 surrexerunt.
1657 2855 1718 2908 Et
1765 2856 1965 2923 egressi
1990 2869 2018 2907 e
2048 2867 2158 2906 mo-

603 2945 873 2998 numentis
934 2954 1053 3011 post
1101 2945 1548 2998 resurrectionem
1625 2943 1761 3011 ejus,
1811 2953 2073 2996 venerunt
2110 2941 2157 2992 iu

602 3045 839 3089 sanctam
867 3036 1159 3098 civitatem,
1185 3043 1236 3089 et
1271 3045 1634 3104 apparuerunt
1664 3034 1866 3088 multis.
1899 3052 1917 3085 ι
1954 3033 2159 3087 Clamat

2243 587 2338 630 πες
2367 587 2378 635 ;
2412 586 2428 618 ι
2459 567 2733 636 ἐμφαίνων
2759 563 2855 632 τὴν
2892 561 3120 629 φυσικὴν
3165 557 3460 626 φιλοζωΐαν
3491 555 3669 628 ἡμῶν.
3702 557 3810 609 Καὶ

2245 661 2354 729 γὰρ
2382 660 2547 721 ὅντως
2579 658 2861 726 ἅνθρωπος
2889 652 2978 726 ἧν,
3013 653 3104 706 καὶ
3135 654 3262 722 ἡμῖν
3291 650 3360 702 τὰ
3382 650 3560 703 πάντα
3606 650 3807 718 ὅμοιος,

2244 751 2411 821 χωρὶς
2439 750 2732 821 ἁμαρτίας.
2759 747 2914 808 Τινὲς
2940 745 2993 796 δέ
3029 744 3170 796 οῦτω
3229 742 3386 800 τοῦτο
3420 742 3672 810 ἐνόησαν,
3728 741 3809 792 ὅτι

2244 847 2302 896 τὸ
2329 844 2434 894 τῶν
2467 840 2736 893 Ἰουδαίων
2765 838 3055 908 πρόσωπον
3088 835 3484 903 ἀναλαμϐάνων
3513 834 3542 884 6
3600 832 3807 900 Σωτὴρ,

2250 933 2456 1004 φησίνν
2482 931 2597 985 Ἷνα
2625 931 2676 983 τί
2734 929 3084 996 ἐγκατέλιπες
3124 927 3213 979 τὸν
3254 925 3537 978 Ἰουδαϊκὸν
3581 924 3729 987 λαὸν,
3765 917 3808 975 ὧ

2251 1025 2450 1092 Πάτερ,
2494 1022 2580 1074 ἵνα
2607 1018 2937 1089 τηλικαύτην
2987 1017 3259 1086 ἁμαρτίαν
3308 1015 3533 1084 ποιήσῃ,
3584 1011 3680 1064 καὶ
3714 1011 3814 1064 ἀπ-

2248 1115 2413 1184 ωλείᾳ
2445 1097 2721 1182 παραδοθῇ
2753 1129 2766 1177 ;
2811 1111 2898 1172 Ὠς
2929 1110 3039 1176 γὰρ
3085 1111 3142 1174 ἐξ
3172 1107 3440 1160 Ἰουδαίων
3470 1104 3759 1173 γενόμενος
3789 1105 3815 1158 6

2248 1204 2503 1274 Χριστὸς,
2523 1203 2582 1256 τὸ
2608 1223 2624 1254 ι
2652 1202 3035 1270 Ἐγκατέλιπές
3066 1219 3154 1269 με,
3178 1219 3194 1249 ι
3221 1197 3543 1270 φησὶν,ὰντὶ
3567 1195 3683 1258 τοῦ,
3706 1195 3815 1265 Τὴν

2252 1299 2390 1367 ἐμὴν
2423 1296 2765 1364 συγγένειαν,
2825 1295 2916 1347 τὸν
2959 1294 3092 1362 ἐμὸν
3147 1293 3412 1356 λαὸν,ἴνα
3468 1293 3520 1343 τί
3579 1291 3814 1358 ἀφῆκας,

2253 1389 2390 1442 ὥστε
2425 1389 2664 1441 τοιοῦτον
2696 1385 2863 1440 κακὸν
2881 1385 3002 1439 καθ’
3033 1383 3225 1438 ἐαυτοῦ
3251 1385 3475 1453 ποιῆσαι
3507 1401 3522 1447 ς
3562 1383 3659 1451 Μὴ
3691 1381 3815 1450 νοήο

2256 1497 2443 1542 σαντες
2472 1480 2529 1531 δὲ
2568 1479 2663 1549 τὴν
2712 1479 2893 1548 φωνὴν
2915 1480 2964 1530 οἱ
3015 1477 3109 1533 τοῦ
3153 1477 3311 1547 ὄχλου
3372 1475 3617 1543 ἄγροικοι
3669 1475 3818 1534 ὄντες

2256 1575 2346 1626 καὶ
2381 1572 2610 1639 ἀμαθεῖς
2641 1573 2748 1623 τῶν
2782 1573 3157 1642 προφητικῶν,
3219 1569 3465 1640 ἐνόμιζον
3497 1571 3580 1622 δτι
3635 1567 3820 1620 Ἠλίαν

2256 1664 2426 1730 φωνεῖ.
2446 1680 2458 1691 ·
2486 1664 2543 1714 οὐ
2568 1662 2674 1728 γὰρ
2696 1662 2889 1725 πάντες
2919 1665 2968 1714 οἱ
2995 1662 3234 1714 Ἰουδαῖοι
3271 1662 3340 1712 τὰ
3367 1659 3684 1731 προφητικᾶ
3715 1659 3822 1722 ἐγίο

2257 1771 2483 1818 νωσκον,
2526 1753 2712 1822 ὥσπερ
2737 1754 2865 1814 ἴσως
2900 1754 3021 1805 οὐδὲ
3051 1753 3143 1805 νῦν
3175 1754 3222 1803 οξ
3255 1754 3568 1821 Χριστιανοὶ
3629 1751 3822 1812 πάντες

2256 1844 2320 1894 τὰ
2351 1841 2457 1893 τῶν
2513 1842 2887 1909 Εὑαγγελίων.
2922 1841 3078 1906 Ὄξος
3102 1843 3157 1894 δὲ
3208 1840 3452 1902 ἐπότιζεν
3497 1840 3681 1900 αὐτὸν,
3741 1841 3823 1891 ῐνα

2258 1934 2501 2006 ἀποθάνῃ
2539 1936 2724 2004 τάχιον
2754 1936 2881 2004 πρὶν
2917 1934 3090 1986 ἐλθεῖν
3127 1934 3217 1987 τὴν
3262 1934 3446 1986 Ἠλίαν
3489 1932 3824 2002 βοηθήσοντα

2259 2027 2426 2096 αὐτῷ.
2464 2027 2620 2079 Ὅθεν
2650 2029 2696 2078 οἱ
2732 2027 2905 2079 λοιποὶ
2936 2027 3182 2092 λέγουσιν
3207 2039 3221 2052 ·
3253 2043 3270 2075 ι
3320 2026 3508 2092 Ἄφες,
3542 2024 3743 2091 ἴδωμεν
3780 2024 3824 2074 εί

2262 2120 2477 2189 ἔρχεται
2517 2118 2702 2179 Ἠλίας
2724 2117 2910 2169 σώσων
2931 2117 3110 2178 αὐτὸν,
3147 2135 3162 2166 .
3192 2117 3454 2174 τουτέστι,
3483 2117 3572 2184 Μὴ
3594 2115 3825 2184 ποιήσῃς

2258 2213 2419 2264 αυτὸν
2458 2211 2766 2273 ἀποθανεῖνν,
2799 2209 2870 2270 ὡς
2897 2209 2961 2260 ἂν
3000 2208 3214 2277 γνῶμεν
3271 2211 3316 2261 εἰ
3356 2208 3613 2277 βοηθήσει
3681 2205 3825 2275 αὑτῴ

2259 2304 2462 2364 Ἠλίας.

2335 2417 2353 2447 ‹
2376 2398 2432 2449 ὐ
2469 2397 2523 2450 δὲ
2559 2397 2763 2466 Ἰησοῦς
2796 2398 2954 2449 πάλιν
2974 2396 3177 2466 κράξας
3208 2397 3355 2464 φωνῇ
3383 2393 3614 2464 μεγάλῃ,
3651 2392 3825 2461 ἀφῆκε

2258 2489 2317 2540 τδ
2340 2489 2550 2554 πνεῦμα
2572 2503 2583 2515 °
2615 2491 2704 2540 καὶ
2740 2488 2842 2540 ἰδοὺ
2879 2490 2935 2541 τὸ
2965 2488 3356 2555 κιταπὲτασμα
3392 2484 3484 2537 τοῦ
3520 2484 3650 2537 ναοῦ
3684 2484 3828 2551 ἐσχί-

2263 2579 2361 2648 σθη
2398 2580 2474 2638 εἰς
2501 2579 2608 2640 δύοτ
2647 2579 2751 2629 ἀπὸ
2774 2578 2974 2630 ἄνωθεν
3004 2579 3105 2639 ἕως
3145 2579 3310 2638 κάτω,
3355 2576 3506 2644 καὶὴ
3566 2576 3635 2642 γῆ
3690 2572 3828 2626 ἐσεί-

2265 2671 2386 2738 σθη,
2413 2672 2503 2721 καὶ
2526 2671 2576 2720 αἱ
2611 2670 2806 2737 πέτραι
2827 2669 3174 2738 ἐσχίσθησαν,
3197 2669 3370 2720 καὶτὰ
3399 2669 3641 2737 μνημεῖα
3661 2664 3828 2734 ἀνεῲ·

2263 2760 2467 2828 χθησαν
2501 2798 2516 2823 ,
2563 2761 2655 2810 καὶ
2721 2759 2889 2812 πολλὰ
2946 2758 3170 2827 σώματα
3223 2758 3330 2811 τῶν
3410 2756 3827 2826 κεκοιμημένων

2269 2853 2431 2918 ἱγίων
2474 2852 2718 2921 ἠγέρθη,
2775 2853 2869 2904 καὶ
2921 2851 3224 2917 ἐξελθόντες
3281 2852 3343 2904 ἐκ
3389 2850 3496 2902 τῶν
3547 2851 3828 2919 μνημείων

2266 2944 2404 3012 μετὰ
2453 2942 2549 3014 τὴν
2589 2943 2801 3014 ἔγερσιν
2849 2943 3036 3007 αὑτοῦ,
3086 2941 3332 3009 εἰσῆλθον
3389 2942 3468 3003 είς
3510 2942 3610 3010 τὴν
3674 2940 3828 3006 ἁγίαν

2269 3035 2440 3099 πόλιν,
2503 3035 2593 3087 καὶ
2615 3035 3048 3103 ἐνεφανίσθησαν
3115 3033 3396 3096 πολλοῖς.»
3458 3032 3672 3102 Κράζιιι
3734 3047 3826 3100 με·

602 3140 731 3182 voce
761 3142 949 3195 magna
970 3125 1144 3190 Jesus,
1179 3137 1236 3180 ut
1282 3128 1517 3182 sciamus
1552 3140 1735 3181 verum
1766 3141 1883 3181 esse
1911 3128 2048 3196 quod
2082 3128 2158 3180 di-

2271 3129 2401 3196 γάλη
2436 3130 2583 3197 φωνῇ
2623 3129 2650 3178 6
2709 3128 2935 3197 Ἰησοῦς,
2966 3129 3052 3180 ἵνα
3085 3128 3301 3197 γνῶμεν
3331 3127 3414 3179 ὃτι
3442 3128 3579 3192 ὅπερ
3608 3123 3789 3190 ἔλεγεν
3813 3163 3826 3188 ,

606 3221 731 3274 xit:
764 3238 782 3271 ι
813 3220 924 3289 Ego
953 3227 1271 3287 potestatem
1319 3219 1490 3272 habeo
1541 3226 1600 3271 ut
1655 3232 1845 3287 ponam
1930 3218 2161 3272 animam

607 3323 805 3362 meam.
846 3325 864 3358 ι
891 3308 1136 3361 Animam
1173 3308 1314 3360 enim
1346 3323 1496 3362 suam
1532 3308 1682 3375 ponit
1724 3322 1818 3362 sua
1881 3316 2162 3374 potestate.

607 3399 738 3463 Qua:
768 3388 944 3451 autem
973 3406 1089 3451 erat
1119 3397 1261 3451 vox?
1294 3414 1313 3447 ι
1344 3397 1526 3462 Pater,
1560 3398 1608 3450 in
1643 3413 1832 3451 manus
1866 3406 1984 3453 tuas
2016 3411 2165 3451 com-

608 3491 804 3545 mendo
832 3490 1078 3559 spiritum
1100 3505 1296 3545 meum.
1326 3509 1344 3540 ι
1385 3489 1496 3543 Non
1523 3490 1664 3543 enim
1689 3499 1929 3550 coactus.
1959 3489 2051 3544 sed
2077 3505 2170 3540 vo-

610 3580 874 3636 luntarius
903 3582 1084 3636 emisit
1110 3582 1373 3649 Spiritum.
1397 3580 1507 3635 Hoc
1529 3583 1669 3635 enim
1698 3581 1985 3651 signiﬁcat,
2010 3581 2169 3634 Com-

613 3658 825 3730 mendo.
876 3675 1322 3728 lnslnuatautem
1378 3689 1435 3726 se
1487 3673 1630 3727 illam
1688 3673 1876 3726 iterum
1933 3679 2173 3739 receptu-

611 3782 727 3822 rum
765 3780 779 3824 :
803 3768 1099 3835 depositum
1126 3767 1264 3819 enim
1285 3776 1339 3818 et
1369 3765 1763 3818 commodatum
1791 3763 1980 3816 iterum
2019 3775 2169 3815 assu-

615 3860 804 3911 mitur.
825 3857 1005 3911 Gratia
1032 3865 1208 3910 autem
1241 3856 1485 3919 Domino,
1541 3858 1679 3922 quod
1713 3855 1802 3908 illo
1835 3852 2098 3906 moriente
2120 3861 2173 3911 et

613 3952 858 4019 spiritum
884 3965 1042 4002 suum
1085 3949 1134 4001 in
1186 3964 1373 4002 manus
1408 3948 1579 4001 Patris
1626 3951 2052 4010 commendante,
2105 3962 2171 3999 ex

617 4059 676 4097 eo
706 4053 940 4111 tempore
980 4050 1361 4095 etsanetorum
1388 4040 1582 4094 animae
1633 4039 1685 4092 in
1715 4055 1873 4092 manu
1922 4038 2013 4096 Dei
2075 4051 2174 4105 po-

617 4129 834 4194 nuntur,
865 4141 916 4186 et
947 4147 1075 4194 non,
1101 4139 1158 4183 ut
1204 4131 1376 4197 prius,
1413 4130 1464 4180 in
1499 4130 1691 4181 inferni
1755 4129 2122 4189 penetralibus
2159 4143 2170 4178 :

616 4233 777 4289 atque
811 4226 879 4275 ita
917 4235 1060 4274 mors
1088 4213 1288 4274 Christi
1329 4219 1470 4272 facta
1500 4229 1581 4272 est
1613 4218 1938 4272 sautilicatio
1963 4225 2167 4269 nostra.

617 4315 821 4367 Idcirco
851 4323 902 4367 et
930 4327 1116 4382 magna
1143 4327 1271 4367 voce
1296 4312 1550 4365 inclamat
1576 4320 1820 4374 mortem,
1848 4325 1950 4363 non
1981 4311 2178 4363 auden-

622 4416 726 4458 lutn
761 4407 1014 4457 accedere
1040 4404 1140 4456 nisi
1199 4410 1502 4457 vocaretur.
1534 4402 1720 4456 Velum
1773 4410 1950 4455 autem
1999 4400 2176 4468 templi

2267 3218 2347 3270 ὅτι
2370 3236 2387 3267 ι
2415 3215 2685 3280 Ἐξουσίαν
2702 3217 2809 3287 ἔχω
2830 3216 2998 3269 θεῖναι
3021 3215 3115 3285 τὴν
3151 3215 3324 3284 ψυχήν
3341 3227 3495 3282 (tam!
3528 3210 3727 3280 ἀληθὲς
3745 3205 3828 3280 ἦν.

2265 3309 2399 3362 Κατ’
2448 3307 2693 3373 ἐξουσίαν
2747 3309 2855 3378 γὰρ
2893 3308 3085 3377 ἀφίησι
3123 3305 3220 3376 τὴν
3262 3306 3458 3375 ψυχήν.
3512 3305 3609 3364 Τίς
3657 3302 3715 3355 δέ
3768 3297 3832 3372 ἦν

2275 3401 2490 3471 ήφωνή
2533 3417 2547 3466 ;
2591 3421 2608 3452 ι
2643 3400 2861 3468 Πάτερ.
2917 3401 2994 3462 εἰς
3027 3398 3213 3468 χεῖράς
3266 3385 3358 3449 σου
3386 3394 3725 3466 παρατίθημι
3776 3394 3833 3444 τδ

2270 3492 2486 3561 πνεῦμά
2545 3509 2666 3561 μου.
2696 3511 2712 3542 ι
2752 3493 2825 3544 Oz'i
2861 3490 2965 3560 γὰρ
3015 3488 3427 3558 βεῦιασμένως,
3488 3485 3605 3540 ἀλλ’
3661 3485 3835 3537 ἑκοντὶ

2272 3585 2452 3653 ἀφῆκε
2507 3584 2564 3636 τὸ
2604 3584 2837 3652 πνεῦμα.
2884 3582 3053 3635 Τοῦτο
3114 3582 3219 3652 γὰρ
3249 3581 3502 3649 σημαίνει
3543 3581 3626 3643 τὸ,
3657 3581 3838 3647 Παρα-

2273 3677 2497 3745 τίθημι’
2530 3676 2782 3744 ἐμφαίνει
2816 3675 2870 3727 δὲ
2931 3675 3024 3728 καὶ
3074 3674 3134 3726 τὸ
3227 3674 3438 3743 μέλλειν
3465 3673 3634 3741 αὐτὴν
3685 3672 3839 3723 πάλιν

2275 3767 2644 3837 ἀπολήψεσθαι
2671 3784 2685 3799 ο
2718 3767 2955 3819 τοιοῦτον
2985 3765 3088 3836 γὰρ
3172 3766 3486 3836 παραθήκη,
3516 3765 3679 3816 πάλιν
3710 3765 3841 3816 6m-

2273 3860 2545 3928 διδομένη.
2602 3859 2772 3927 Χάρις
2825 3859 2882 3911 δὲ
2920 3858 2996 3928 τῷ
3068 3857 3276 3928 Κυρίῳ,
3336 3859 3418 3909 ὅτι
3463 3856 3676 3908 ἐκείνου
3717 3857 3843 3907 ἀπο-

2277 3951 2547 4011 θανόντος,
2575 3951 2666 4002 καὶ
2697 3949 2789 4002 τοῦ
2827 3950 3134 4018 πνεύματος
3175 3947 3341 4001 αὐτοῦ
3388 3949 3466 4009 είς
3510 3950 3696 4016 χεῖρας
3756 3943 3841 3996 τοῦ

2279 4039 2490 4110 ῐισιτρὸς
2525 4040 2938 4108 παρατεθέντος,
2967 4042 3151 4093 ἔκτοτε
3181 4041 3275 4091 καὶ
3309 4041 3361 4091 αί
3389 4037 3495 4092 τῶν
3528 4037 3700 4103 ἁγίων
3746 4037 3843 4104 ψυ-

2280 4134 2373 4201 χαὶ
2401 4135 2480 4194 εἰς
2510 4134 2696 4202 χεῖρας
2724 4132 2816 4184 τοῦ
2846 4132 2980 4184 Θεοῦ
3000 4131 3258 4194 τίθενται,
3285 4132 3401 4184 ἀλλ’
3428 4131 3528 4199 οὐχ
3552 4130 3627 4192 ὡς
3657 4130 3843 4198 1:96:5-

2283 4242 2374 4295 ρον
2405 4226 2461 4277 ἐν
2492 4227 2602 4286 τοῖς
2633 4223 2726 4275 τοῦ
2755 4223 2880 4292 ᾅδου
2918 4225 3123 4291 μυχοῖς.
3159 4224 3318 4274 Ὥστε
3361 4221 3633 4290 ἁγιασμὸς
3698 4211 3845 4290 ἡμῶν

2283 4318 2508 4384 γέγονεν
2561 4317 2589 4366 6
2651 4314 2876 4376 θάνατος
2920 4312 3013 4366 τοῦ
3067 4313 3449 4383 Χριστοῦ-διδ
3506 4313 3600 4365 καὶ
3643 4312 3845 4382 μετα-λῃ

2289 4410 2436 4476 φωνῇ
2466 4406 2852 4475 προσκαλεῖται
2872 4405 2960 4458 τὸν
2989 4405 3237 4470 θάνατον,
3268 4406 3342 4474 μὴ
3373 4406 3658 4473 τολμῶντα
3685 4421 3842 4475 προσ-

621 4505 734 4547 ι·ῐ“;ὶί.
782 4495 1004 4547 linteum
1062 4494 1329 4560 quoddam
1380 4494 1432 4546 in
1490 4491 1663 4544 medio
1690 4490 1867 4557 templi
1915 4491 2166 4557 pendens.

2287 4472 2480 4565 ελθείν,
2511 4472 2583 4552 ἐἰ
2645 4500 2717 4570 μὴ
2785 4499 3034 4568 κληθείη.
3091 4499 3164 4552 T6
3217 4472 3279 4550 δέ
3319 4472 3845 4552 καταπέτασιιαντοῦ

623 4587 1042 4651 discernensque
1063 4586 1130 4635 ab
1167 4584 1252 4635 his
1285 4597 1400 4645 quac
1436 4583 1596 4641 intra,
1634 4595 1695 4633 ea
1757 4596 1876 4648 quae
1916 4589 2089 4641 extra,
2127 4588 2183 4630 ιιι

626 4677 988 4728 interstitimn.
1027 4675 1301 4728 Scinditur
1329 4675 1449 4738 hoc,
1485 4674 1891 4726 dentonstrante
1915 4672 2021 4724 Deo
2046 4670 2184 4739 quod

629 4771 888 4835 tenplum
927 4768 1260 4821 inaccessum
1301 4777 1354 4820 et
1380 4780 1656 4832 tmnquam
1693 4764 1887 4828 visum,
1926 4764 2077 4830 cujus
2106 4778 2184 4816 tn-

628 4864 759 4912 tima
795 4860 1032 4912 velamen
1083 4858 1408 4919 secludebat,
1459 4857 1699 4911 solvatur
1756 4867 1806 4908 et
1850 4845 2196 4923 profanetur,

628 4955 698 5006 ita
732 4951 1066 5005 utiomnibus
1091 4951 1159 5004 sit
1215 4948 1528 5003 accessibile
1585 4958 1637 5002 et
1683 4949 1991 5016 spectabile.
2039 4946 2184 5000 Non-

628 5042 756 5096 nulli
791 5042 922 5094 alias
943 5055 1136 5095 causas
1165 5039 1412 5100 afferunt,
1437 5049 1490 5094 et
1528 5039 1668 5108 quod
1723 5039 2025 5093 tevelentur
2070 5054 2187 5093 om-

629 5136 717 5189 nia
748 5133 955 5202 legalia,
994 5147 1112 5201 quae
1147 5133 1294 5200 prius
1325 5133 1496 5186 littera
1532 5142 1590 5185 ut
1618 5133 1922 5186 velamento
1953 5131 2188 5201 quodam

631 5230 787 5276 erant
835 5210 1082 5289 cooperta
1152 5241 1164 5276 :
1215 5230 1268 5276 et
1298 5237 1418 5292 quae
1463 5223 1609 5291 prius
1655 5223 1880 5276 obscura
1926 5231 2083 5275 erant
2131 5235 2194 5274 ac

631 5315 786 5384 plena
837 5313 1235 5382 :enigmatibus,
1266 5312 1684 5367 manifestentur
1712 5328 1854 5366 nunc
1886 5315 1935 5366 in
1978 5313 2194 5368 Christo

633 5407 867 5472 impleta.
897 5403 1043 5457 Licet
1073 5413 1125 5456 et
1172 5385 1313 5457 istud
1375 5405 1570 5466 dicere,
1607 5404 1744 5458 sicut
1786 5413 1902 5458 erat
1937 5419 2052 5460 mos
2103 5403 2196 5456 Ju-

636 5498 765 5550 dacis
790 5497 841 5548 in
888 5496 1233 5563 blasphemiis
1261 5507 1443 5549 contra
1492 5497 1656 5552 Deum
1715 5499 1960 5552 Scindere
2000 5507 2192 5559 vestes,

638 5590 708 5640 ita
733 5603 872 5642 nunc
896 5603 1105 5657 quoque
1142 5588 1380 5642 divinum
1416 5589 1666 5658 templum
1687 5591 1836 5659 quasi
1857 5605 1996 5659 aegre
2019 5589 2197 5644 ferens

637 5678 840 5732 Chrisu
875 5690 1123 5743 mortem,
1152 5679 1380 5749 disrupit
1403 5691 1605 5735 vestem
1641 5697 1815 5742 suam.
1840 5683 1945 5736 hoc
1969 5692 2072 5745 est,
2109 5698 2197 5736 re-

640 5772 768 5825 lum.
805 5773 989 5830 Posset
1022 5774 1136 5843 quis
1169 5782 1223 5828 et
1248 5775 1351 5827 atia
1384 5774 1593 5828 dicere:
1630 5776 1720 5830 sed
1757 5776 1870 5829 haec
1906 5775 2194 5831 sufficiant.

2286 4590 2430 4654 ναοῦ,
2467 4589 2623 4659 ὀθόνη
2657 4606 2739 4650 τις
2770 4584 2835 4656 ἦν
2873 4588 3033 4656 μέσον
3065 4588 3390 4658 κρεμαμένη
3435 4585 3529 4638 τοῦ
3563 4583 3716 4652 ναοῦ,
3764 4585 3847 4637 καὶ

2286 4678 2704 4747 ἀποτειχίζουσι).
2735 4678 2802 4729 τὰ
2826 4677 2932 4729 ἔσω
2968 4676 3099 4745 πρὸς
3130 4677 3194 4730 τὰ
3217 4675 3342 4742 ἔξω,
3394 4668 3503 4729 οἷόν
3529 4693 3579 4727 τι
3624 4676 3846 4744 μεσότοι-

2287 4790 2402 4842 χον.
2441 4771 2690 4840 Σχίζεται
2729 4769 2903 4822 τοίνυν
2954 4769 3132 4833 τοῦτο,
3199 4767 3505 4828 δεικνύντος
3554 4767 3652 4819 τοῦ
3701 4767 3845 4825 Θεοῦ,

2290 4865 2369 4917 δτι
2399 4865 2427 4915 6
2456 4862 2578 4927 ναὸς
2613 4863 2641 4913 6
2676 4862 2895 4925 ἄϐατος,
2928 4863 2954 4913 6
2984 4860 3232 4923 ἀθέατος,
3284 4856 3344 4914 οὗ
3366 4861 3430 4912 τὰ
3467 4859 3718 4911 ἐσώτατα
3764 4861 3848 4910 ἁπ-

2292 4953 2522 5024 ετείχιεε
2561 4953 2622 5006 τὸ
2669 4953 3088 5020 καταπέτασμα,
3119 4950 3262 5003 οὕτω
3297 4950 3726 5018 χυδαιωθησεται
3767 4946 3847 4999 καὶ

2294 5046 2752 5117 βεδηλωθήσεται,
2785 5044 2925 5098 ὥστε
2963 5045 3127 5096 πᾶσιν
3158 5041 3294 5096 εἶναι
3322 5041 3480 5110 βατὸς
3527 5041 3630 5093 κάϊ
3651 5039 3846 5099 θεατάς.

2294 5138 2448 5199 Τινὲς
2495 5137 2549 5190 δὲ
2582 5137 2674 5189 καὶ
2706 5136 2869 5198 ἄλλας
2897 5134 3073 5197 αἰτίας
3104 5135 3369 5202 λέγουσιν·
3409 5131 3704 5202 Ἐσήμαινε
3735 5131 3848 5199 γὰρ,

2295 5229 2446 5296 φασι,
2475 5229 2541 5292 τὸ,
2559 5226 2956 5294 καταπέτασμα
2981 5224 3322 5297 σχιζόμενον,
3342 5224 3442 5294 τὴν
3471 5222 3565 5275 τοῦ
3598 5223 3848 5291 γράμμα-

2295 5333 2384 5380 τος
2408 5316 2500 5369 τοῦ
2527 5315 2749 5385 νομικοῦ
2779 5316 3142 5385 περιαίρεσιν,
3171 5315 3263 5368 καὶ
3290 5316 3371 5368 δτι
3403 5313 3848 5379 ἀποκαλυφθήσε-

2297 5425 2390 5461 ται
2437 5407 2613 5461 πάντα
2666 5408 2735 5459 τὰ
2792 5407 3009 5477 νομικὰ,
3077 5408 3113 5461 ἃ
3146 5407 3408 5477 πρότερον
3453 5404 3531 5475 τῷ
3577 5397 3849 5476 γράμματι

2301 5499 2463 5550 οίονεί
2516 5516 2623 5551 τινι
2667 5499 3118 5566 καταπετάσματι
3174 5496 3627 5565 συνεκρύπτοντο,
3675 5496 3766 5549 καὶ
3796 5493 3852 5544 τὰ

2304 5591 2432 5661 πρὶν
2463 5591 2646 5659 ἀσαφῆ
2677 5591 2771 5642 καὶ
2836 5589 3231 5658 αἰνιγματώδη,
3284 5587 3732 5658 φανερωθήσεται
3772 5584 3851 5636 νῦν

2304 5683 2380 5744 εἰς
2403 5681 2490 5732 τὸν
2509 5682 2740 5751 Χριστὸν
2752 5681 3007 5736 ἐκσαντα.
3026 5681 3181 5736 Ἐστι
3207 5680 3264 5732 δὲ
3281 5676 3549 5732 καὶτοῦτο
3569 5680 3761 5738 εἰπεῖν,
3782 5676 3851 5726 δτι

2304 5774 2419 5837 ἔθος
2452 5769 2518 5843 ἦν
2553 5776 2664 5838 τοῖς
2704 5773 2976 5833 Ἰουδαίοις
3022 5774 3112 5825 ἐπὶ
3146 5773 3260 5835 ταῖ,
3296 5770 3435 5824 κατὰ
3464 5771 3598 5824 Θεοῦ
3628 5770 3850 5839 βλασφη-
