  <div class='ocr_page' id='page_1' title='image "/cluster/home/n/w/nwhite01/storage/ocr_20150623/123/pst.000005714384/242.png"; bbox 0 0 4080 6336; ppageno 0'>
   <div class='ocr_carea' id='block_1_1' title="bbox 177 463 286 528">
    <p class='ocr_par' dir='ltr' id='par_1_1' title="bbox 177 463 286 528">
     <span class='ocr_line' id='line_1_1' title="bbox 177 463 286 528; baseline -0.018 0"><span class='ocrx_word' id='word_1_1' title='bbox 177 463 286 528; x_wconf 72' lang='grc'><strong>473</strong></span> 
     </span>
    </p>
   </div>
   <div class='ocr_carea' id='block_1_2' title="bbox 739 442 1776 513">
    <p class='ocr_par' dir='ltr' id='par_1_2' title="bbox 739 442 1776 513">
     <span class='ocr_line' id='line_1_2' title="bbox 739 442 1776 513; baseline -0.006 -1"><span class='ocrx_word' id='word_1_2' title='bbox 739 447 1189 513; x_wconf 81' lang='lat' dir='ltr'><strong>ENABRATIO</strong></span> <span class='ocrx_word' id='word_1_3' title='bbox 1233 446 1311 508; x_wconf 84' lang='lat' dir='ltr'><strong>IN</strong></span> <span class='ocrx_word' id='word_1_4' title='bbox 1350 442 1776 506; x_wconf 69' lang='lat' dir='ltr'><strong>EVANGELIE</strong></span> 
     </span>
    </p>
   </div>
   <div class='ocr_carea' id='block_1_3' title="bbox 1881 442 2863 513">
    <p class='ocr_par' dir='ltr' id='par_1_3' title="bbox 1895 443 2863 509">
     <span class='ocr_line' id='line_1_3' title="bbox 1895 443 2863 509; baseline 0.001 -4"><span class='ocrx_word' id='word_1_5' title='bbox 1895 443 2286 505; x_wconf 68' lang='grc' dir='ltr'><strong>ΜΑΤΤΗΕΙ.</strong></span> <span class='ocrx_word' id='word_1_6' title='bbox 2314 466 2381 484; x_wconf 74' lang='grc'><strong>’-</strong></span> <span class='ocrx_word' id='word_1_7' title='bbox 2419 445 2579 506; x_wconf 82' lang='lat' dir='ltr'><strong>CAP.</strong></span> <span class='ocrx_word' id='word_1_8' title='bbox 2617 444 2863 509; x_wconf 83' lang='lat' dir='ltr'><strong>XXVII.</strong></span> 
     </span>
    </p>
   </div>
   <div class='ocr_carea' id='block_1_4' title="bbox 3359 442 3458 508">
    <p class='ocr_par' dir='ltr' id='par_1_4' title="bbox 3359 442 3458 508">
     <span class='ocr_line' id='line_1_4' title="bbox 3359 442 3458 508; baseline 0.02 -2"><span class='ocrx_word' id='word_1_9' title='bbox 3359 442 3458 508; x_wconf 67' lang='grc'><strong>174</strong></span> 
     </span>
    </p>
   </div>
   <div class='ocr_carea' id='block_1_5' title="bbox 185 551 1776 646">
    <p class='ocr_par' dir='ltr' id='par_1_5' title="bbox 185 551 1767 646">
     <span class='ocr_line' id='line_1_5' title="bbox 185 551 1767 646; baseline -0.013 -19"><span class='ocrx_word' id='word_1_10' title='bbox 185 575 362 646; x_wconf 85' lang='grc' dir='ltr'>μίαις,</span> <span class='ocrx_word' id='word_1_11' title='bbox 397 564 870 640; x_wconf 75' lang='grc' dir='ltr'>περιρρήγνυσθαι</span> <span class='ocrx_word' id='word_1_12' title='bbox 896 564 1022 623; x_wconf 78' lang='grc' dir='ltr'>τοὺς</span> <span class='ocrx_word' id='word_1_13' title='bbox 1056 560 1316 629; x_wconf 82' lang='grc' dir='ltr'>χιτῶνας.</span> <span class='ocrx_word' id='word_1_14' title='bbox 1352 557 1462 609; x_wconf 70' lang='grc' dir='ltr'><strong>Καὶ</strong></span> <span class='ocrx_word' id='word_1_15' title='bbox 1497 555 1591 608; x_wconf 89' lang='grc' dir='ltr'><strong>νῦν</strong></span> <span class='ocrx_word' id='word_1_16' title='bbox 1616 551 1709 608; x_wconf 83' lang='grc' dir='ltr'>οὖν</span> <span class='ocrx_word' id='word_1_17' title='bbox 1740 554 1767 606; x_wconf 89' lang='grc' dir='ltr'><strong>ὀ</strong></span> 
     </span>
    </p>
   </div>
   <div class='ocr_carea' id='block_1_6' title="bbox 1881 551 3459 646">
    <p class='ocr_par' dir='ltr' id='par_1_6' title="bbox 1881 552 3459 622">
     <span class='ocr_line' id='line_1_6' title="bbox 1881 552 3459 622; baseline -0.001 -12"><span class='ocrx_word' id='word_1_18' title='bbox 1881 557 2153 610; x_wconf 83' lang='lat' dir='ltr'><strong>Elementa</strong></span> <span class='ocrx_word' id='word_1_19' title='bbox 2187 570 2312 610; x_wconf 86' lang='lat' dir='ltr'><strong>vero</strong></span> <span class='ocrx_word' id='word_1_20' title='bbox 2355 565 2624 610; x_wconf 87' lang='lat' dir='ltr'><strong>commota</strong></span> <span class='ocrx_word' id='word_1_21' title='bbox 2667 555 2946 610; x_wconf 82' lang='lat' dir='ltr'><strong>declarant</strong></span> <span class='ocrx_word' id='word_1_22' title='bbox 2987 567 3111 610; x_wconf 87' lang='lat' dir='ltr'><strong>eum</strong></span> <span class='ocrx_word' id='word_1_23' title='bbox 3139 552 3229 622; x_wconf 89' lang='lat' dir='ltr'><strong>qui</strong></span> <span class='ocrx_word' id='word_1_24' title='bbox 3286 555 3459 622; x_wconf 87' lang='lat' dir='ltr'><strong>patie-</strong></span> 
     </span>
    </p>
   </div>
   <div class='ocr_carea' id='block_1_7' title="bbox 182 643 1770 722">
    <p class='ocr_par' dir='ltr' id='par_1_7' title="bbox 182 643 1770 722">
     <span class='ocr_line' id='line_1_7' title="bbox 182 643 1770 722; baseline -0.01 -9"><span class='ocrx_word' id='word_1_25' title='bbox 182 643 327 722; x_wconf 83' lang='grc' dir='ltr'>θεῖος</span> <span class='ocrx_word' id='word_1_26' title='bbox 349 658 480 719; x_wconf 79' lang='grc' dir='ltr'>ναὸς</span> <span class='ocrx_word' id='word_1_27' title='bbox 493 655 682 722; x_wconf 84' lang='grc' dir='ltr'>ῶσπερ</span> <span class='ocrx_word' id='word_1_28' title='bbox 709 649 1077 721; x_wconf 74' lang='grc' dir='ltr'><strong>δυσχεραίνων</strong></span> <span class='ocrx_word' id='word_1_29' title='bbox 1103 649 1195 700; x_wconf 76' lang='grc' dir='ltr'>ἐπὶ</span> <span class='ocrx_word' id='word_1_30' title='bbox 1225 645 1301 716; x_wconf 80' lang='grc' dir='ltr'>τῷ</span> <span class='ocrx_word' id='word_1_31' title='bbox 1323 645 1416 698; x_wconf 86' lang='grc' dir='ltr'><strong>τοῦ</strong></span> <span class='ocrx_word' id='word_1_32' title='bbox 1441 643 1576 697; x_wconf 91' lang='grc' dir='ltr'>Θεοῦ</span> <span class='ocrx_word' id='word_1_33' title='bbox 1605 644 1770 698; x_wconf 85' lang='grc' dir='ltr'>θανά·</span> 
     </span>
    </p>
   </div>
   <div class='ocr_carea' id='block_1_8' title="bbox 181 733 1767 820">
    <p class='ocr_par' dir='ltr' id='par_1_8' title="bbox 181 733 1767 820">
     <span class='ocr_line' id='line_1_8' title="bbox 181 733 1767 820; baseline -0.009 -18"><span class='ocrx_word' id='word_1_34' title='bbox 181 769 281 820; x_wconf 86' lang='grc' dir='ltr'><strong>τῳ,</strong></span> <span class='ocrx_word' id='word_1_35' title='bbox 318 743 720 816; x_wconf 65' lang='grc' dir='ltr'><strong>περιερρήξατο</strong></span> <span class='ocrx_word' id='word_1_36' title='bbox 743 743 841 810; x_wconf 82' lang='grc' dir='ltr'>τὴν</span> <span class='ocrx_word' id='word_1_37' title='bbox 879 737 1076 793; x_wconf 85' lang='grc' dir='ltr'>ἐαυτοῦ</span> <span class='ocrx_word' id='word_1_38' title='bbox 1123 738 1348 805; x_wconf 86' lang='grc' dir='ltr'>ἐσθῆτα,</span> <span class='ocrx_word' id='word_1_39' title='bbox 1409 736 1471 788; x_wconf 77' lang='grc' dir='ltr'>τὸ</span> <span class='ocrx_word' id='word_1_40' title='bbox 1525 733 1767 788; x_wconf 86' lang='grc' dir='ltr'>καταπέ-</span> 
     </span>
    </p>
   </div>
   <div class='ocr_carea' id='block_1_9' title="bbox 181 827 1767 910">
    <p class='ocr_par' dir='ltr' id='par_1_9' title="bbox 181 827 1767 910">
     <span class='ocr_line' id='line_1_9' title="bbox 181 827 1767 910; baseline -0.011 -15"><span class='ocrx_word' id='word_1_41' title='bbox 181 858 386 910; x_wconf 83' lang='grc' dir='ltr'>τασμα.</span> <span class='ocrx_word' id='word_1_42' title='bbox 420 841 528 891; x_wconf 77' lang='grc' dir='ltr'><strong>Καὶ</strong></span> <span class='ocrx_word' id='word_1_43' title='bbox 559 837 693 910; x_wconf 68' lang='grc' dir='ltr'>ἄλλα</span> <span class='ocrx_word' id='word_1_44' title='bbox 722 835 766 886; x_wconf 82' lang='grc' dir='ltr'>δ’</span> <span class='ocrx_word' id='word_1_45' title='bbox 802 834 866 888; x_wconf 76' lang='grc' dir='ltr'>ἂν</span> <span class='ocrx_word' id='word_1_46' title='bbox 895 833 1007 901; x_wconf 78' lang='grc' dir='ltr'>ἔχοι</span> <span class='ocrx_word' id='word_1_47' title='bbox 1041 848 1123 892; x_wconf 93' lang='grc' dir='ltr'><strong>τις</strong></span> <span class='ocrx_word' id='word_1_48' title='bbox 1153 831 1356 893; x_wconf 84' lang='grc' dir='ltr'>εἰπεῖν,</span> <span class='ocrx_word' id='word_1_49' title='bbox 1421 827 1767 896; x_wconf 59' lang='grc' dir='ltr'>ἀλλ-ιαύτάρ-</span> 
     </span>
    </p>
   </div>
   <div class='ocr_carea' id='block_1_10' title="bbox 181 909 1769 1004">
    <p class='ocr_par' dir='ltr' id='par_1_10' title="bbox 181 909 1769 1004">
     <span class='ocr_line' id='line_1_10' title="bbox 181 909 1769 1004; baseline -0.011 -18"><span class='ocrx_word' id='word_1_50' title='bbox 181 951 253 1004; x_wconf 87' lang='grc' dir='ltr'><strong>κη</strong></span> <span class='ocrx_word' id='word_1_51' title='bbox 282 909 470 984; x_wconf 87' lang='grc' dir='ltr'>ταῦτα.</span> <span class='ocrx_word' id='word_1_52' title='bbox 503 909 584 980; x_wconf 66' lang='grc' dir='ltr'>Τά</span> <span class='ocrx_word' id='word_1_53' title='bbox 626 928 683 980; x_wconf 87' lang='grc' dir='ltr'><strong>δέ</strong></span> <span class='ocrx_word' id='word_1_54' title='bbox 727 926 962 994; x_wconf 87' lang='grc' dir='ltr'>στοιχεῖα</span> <span class='ocrx_word' id='word_1_55' title='bbox 997 923 1342 992; x_wconf 76' lang='grc' dir='ltr'>ἐσείσθησαν,</span> <span class='ocrx_word' id='word_1_56' title='bbox 1377 920 1494 988; x_wconf 73' lang='grc' dir='ltr'>ἅμα</span> <span class='ocrx_word' id='word_1_57' title='bbox 1530 920 1630 990; x_wconf 85' lang='grc' dir='ltr'>μὲν</span> <span class='ocrx_word' id='word_1_58' title='bbox 1677 920 1769 971; x_wconf 80' lang='grc' dir='ltr'>καὶ</span> 
     </span>
    </p>
   </div>
   <div class='ocr_carea' id='block_1_11' title="bbox 180 1011 1769 1094">
    <p class='ocr_par' dir='ltr' id='par_1_11' title="bbox 180 1011 1769 1094">
     <span class='ocr_line' id='line_1_11' title="bbox 180 1011 1769 1094; baseline -0.009 -16"><span class='ocrx_word' id='word_1_59' title='bbox 180 1022 525 1094; x_wconf 85' lang='grc' dir='ltr'>Δημιουργὸν</span> <span class='ocrx_word' id='word_1_60' title='bbox 555 1020 893 1088; x_wconf 73' lang='grc' dir='ltr'><strong>ἐμφαίνοντα</strong></span> <span class='ocrx_word' id='word_1_61' title='bbox 924 1013 1060 1070; x_wconf 72' lang='grc' dir='ltr'>εἶναι</span> <span class='ocrx_word' id='word_1_62' title='bbox 1089 1016 1180 1068; x_wconf 75' lang='grc' dir='ltr'>τὸν</span> <span class='ocrx_word' id='word_1_63' title='bbox 1215 1015 1515 1085; x_wconf 84' lang='grc' dir='ltr'>πάσχοντα,</span> <span class='ocrx_word' id='word_1_64' title='bbox 1551 1013 1666 1081; x_wconf 76' lang='grc' dir='ltr'>ἃμα</span> <span class='ocrx_word' id='word_1_65' title='bbox 1712 1011 1769 1064; x_wconf 81' lang='grc' dir='ltr'>δὲ</span> 
     </span>
    </p>
   </div>
   <div class='ocr_carea' id='block_1_12' title="bbox 181 1105 1759 1186">
    <p class='ocr_par' dir='ltr' id='par_1_12' title="bbox 181 1105 1759 1186">
     <span class='ocr_line' id='line_1_12' title="bbox 181 1105 1759 1186; baseline -0.008 -17"><span class='ocrx_word' id='word_1_66' title='bbox 181 1117 279 1169; x_wconf 66' lang='grc' dir='ltr'>καὶ</span> <span class='ocrx_word' id='word_1_67' title='bbox 339 1115 605 1186; x_wconf 73' lang='grc' dir='ltr'><strong>δηλοῦντα</strong></span> <span class='ocrx_word' id='word_1_68' title='bbox 656 1113 734 1175; x_wconf 82' lang='grc' dir='ltr'><strong>ὡς</strong></span> <span class='ocrx_word' id='word_1_69' title='bbox 778 1109 1275 1180; x_wconf 78' lang='grc' dir='ltr'>μετακινηθήσεται</span> <span class='ocrx_word' id='word_1_70' title='bbox 1334 1107 1402 1160; x_wconf 72' lang='grc' dir='ltr'><strong>τὰ</strong></span> <span class='ocrx_word' id='word_1_71' title='bbox 1434 1105 1759 1175; x_wconf 81' lang='grc' dir='ltr'>πράγματα-</span> 
     </span>
    </p>
   </div>
   <div class='ocr_carea' id='block_1_13' title="bbox 178 1197 1770 1278">
    <p class='ocr_par' dir='ltr' id='par_1_13' title="bbox 178 1197 1770 1278">
     <span class='ocr_line' id='line_1_13' title="bbox 178 1197 1770 1278; baseline -0.008 -16"><span class='ocrx_word' id='word_1_72' title='bbox 178 1211 273 1262; x_wconf 68' lang='grc' dir='ltr'><strong>τὸν</strong></span> <span class='ocrx_word' id='word_1_73' title='bbox 317 1210 424 1278; x_wconf 76' lang='grc' dir='ltr'><strong>γὰρ</strong></span> <span class='ocrx_word' id='word_1_74' title='bbox 460 1205 739 1276; x_wconf 82' lang='grc' dir='ltr'>σεισμδνὴ</span> <span class='ocrx_word' id='word_1_75' title='bbox 771 1205 962 1276; x_wconf 76' lang='grc' dir='ltr'>Γραφὴ</span> <span class='ocrx_word' id='word_1_76' title='bbox 998 1203 1090 1256; x_wconf 52' lang='grc' dir='ltr'><strong>ἐπὶ⁵</strong></span> <span class='ocrx_word' id='word_1_77' title='bbox 1149 1201 1249 1271; x_wconf 88' lang='grc' dir='ltr'><strong>τῆς</strong></span> <span class='ocrx_word' id='word_1_78' title='bbox 1276 1201 1382 1254; x_wconf 89' lang='grc' dir='ltr'><strong>τῶν</strong></span> <span class='ocrx_word' id='word_1_79' title='bbox 1422 1197 1770 1268; x_wconf 85' lang='grc' dir='ltr'><strong>πραγμάτων</strong></span> 
     </span>
    </p>
   </div>
   <div class='ocr_carea' id='block_1_14' title="bbox 184 1280 1770 1369">
    <p class='ocr_par' dir='ltr' id='par_1_14' title="bbox 184 1280 1770 1369">
     <span class='ocr_line' id='line_1_14' title="bbox 184 1280 1770 1369; baseline -0.009 -16"><span class='ocrx_word' id='word_1_80' title='bbox 184 1280 530 1369; x_wconf 76' lang='grc' dir='ltr'>μεταθέσεως</span> <span class='ocrx_word' id='word_1_81' title='bbox 585 1295 792 1367; x_wconf 73' lang='grc' dir='ltr'>τάττει.</span> <span class='ocrx_word' id='word_1_82' title='bbox 840 1293 1094 1360; x_wconf 82' lang='grc' dir='ltr'><strong>Ἐγένετο</strong></span> <span class='ocrx_word' id='word_1_83' title='bbox 1122 1289 1214 1342; x_wconf 79' lang='grc' dir='ltr'>οὖν</span> <span class='ocrx_word' id='word_1_84' title='bbox 1251 1292 1283 1359; x_wconf 79' lang='grc' dir='ltr'>ἡ</span> <span class='ocrx_word' id='word_1_85' title='bbox 1327 1288 1617 1359; x_wconf 82' lang='grc' dir='ltr'><strong>μετάθεσις</strong></span> <span class='ocrx_word' id='word_1_86' title='bbox 1669 1286 1770 1356; x_wconf 87' lang='grc' dir='ltr'><strong>τῆς</strong></span> 
     </span>
    </p>
   </div>
   <div class='ocr_carea' id='block_1_15' title="bbox 185 1377 1766 1454">
    <p class='ocr_par' dir='ltr' id='par_1_15' title="bbox 185 1377 1766 1454">
     <span class='ocr_line' id='line_1_15' title="bbox 185 1377 1766 1454; baseline -0.008 -12"><span class='ocrx_word' id='word_1_87' title='bbox 185 1387 279 1442; x_wconf 80' lang='grc' dir='ltr'><strong>τοῦ</strong></span> <span class='ocrx_word' id='word_1_88' title='bbox 304 1385 439 1440; x_wconf 86' lang='grc' dir='ltr'>Θεοῦ</span> <span class='ocrx_word' id='word_1_89' title='bbox 468 1386 798 1454; x_wconf 87' lang='grc' dir='ltr'>ἐπισκοπῆς,</span> <span class='ocrx_word' id='word_1_90' title='bbox 820 1384 927 1438; x_wconf 74' lang='grc' dir='ltr'><strong>ἀπὸ</strong></span> <span class='ocrx_word' id='word_1_91' title='bbox 956 1383 1063 1437; x_wconf 89' lang='grc' dir='ltr'><strong>τῶν</strong></span> <span class='ocrx_word' id='word_1_92' title='bbox 1093 1382 1363 1435; x_wconf 79' lang='grc' dir='ltr'><strong>Ἰουδαίων</strong></span> <span class='ocrx_word' id='word_1_93' title='bbox 1396 1381 1486 1434; x_wconf 77' lang='grc' dir='ltr'>ἐπὶ</span> <span class='ocrx_word' id='word_1_94' title='bbox 1514 1379 1581 1432; x_wconf 83' lang='grc' dir='ltr'><strong>τὰ</strong></span> <span class='ocrx_word' id='word_1_95' title='bbox 1602 1377 1730 1448; x_wconf 81' lang='grc' dir='ltr'>ἔθνη</span> <span class='ocrx_word' id='word_1_96' title='bbox 1752 1395 1766 1407; x_wconf 88' lang='grc'><strong>·</strong></span> 
     </span>
    </p>
   </div>
   <div class='ocr_carea' id='block_1_16' title="bbox 123 1469 1768 1548">
    <p class='ocr_par' dir='ltr' id='par_1_16' title="bbox 123 1469 1768 1548">
     <span class='ocr_line' id='line_1_16' title="bbox 123 1469 1768 1548; baseline -0.007 -16"><span class='ocrx_word' id='word_1_97' title='bbox 123 1479 366 1548; x_wconf 49' lang='lat' dir='ltr'><strong>Ma!</strong></span> <span class='ocrx_word' id='word_1_98' title='bbox 405 1477 624 1545; x_wconf 79' lang='grc' dir='ltr'><strong>πέτραι,</strong></span> <span class='ocrx_word' id='word_1_99' title='bbox 673 1477 790 1547; x_wconf 73' lang='grc' dir='ltr'>ῆτοι</span> <span class='ocrx_word' id='word_1_100' title='bbox 817 1475 875 1528; x_wconf 75' lang='grc' dir='ltr'>αἱ</span> <span class='ocrx_word' id='word_1_101' title='bbox 913 1474 1105 1527; x_wconf 82' lang='grc' dir='ltr'>λίθινοι</span> <span class='ocrx_word' id='word_1_102' title='bbox 1137 1473 1352 1543; x_wconf 87' lang='grc' dir='ltr'>καρδίαι</span> <span class='ocrx_word' id='word_1_103' title='bbox 1377 1472 1485 1523; x_wconf 85' lang='grc' dir='ltr'><strong>τῶν</strong></span> <span class='ocrx_word' id='word_1_104' title='bbox 1518 1469 1768 1534; x_wconf 86' lang='grc' dir='ltr'>ἐθνικῶν,</span> 
     </span>
    </p>
   </div>
   <div class='ocr_carea' id='block_1_17' title="bbox 180 1561 1769 1638">
    <p class='ocr_par' dir='ltr' id='par_1_17' title="bbox 180 1561 1769 1638">
     <span class='ocr_line' id='line_1_17' title="bbox 180 1561 1769 1638; baseline -0.006 -18"><span class='ocrx_word' id='word_1_105' title='bbox 180 1566 538 1638; x_wconf 75' lang='grc' dir='ltr'>ἐσχίσθησαν,</span> <span class='ocrx_word' id='word_1_106' title='bbox 563 1569 659 1618; x_wconf 70' lang='grc' dir='ltr'>καὶ</span> <span class='ocrx_word' id='word_1_107' title='bbox 696 1563 1022 1629; x_wconf 78' lang='grc' dir='ltr'>ὑπεδέξαντο</span> <span class='ocrx_word' id='word_1_108' title='bbox 1040 1565 1131 1616; x_wconf 84' lang='grc' dir='ltr'>τὸν</span> <span class='ocrx_word' id='word_1_109' title='bbox 1150 1564 1247 1632; x_wconf 87' lang='grc' dir='ltr'><strong>τῆς</strong></span> <span class='ocrx_word' id='word_1_110' title='bbox 1261 1563 1518 1632; x_wconf 82' lang='grc' dir='ltr'>ἀληθείας</span> <span class='ocrx_word' id='word_1_111' title='bbox 1544 1561 1769 1630; x_wconf 82' lang='grc' dir='ltr'>σπόρον,</span> 
     </span>
    </p>
   </div>
   <div class='ocr_carea' id='block_1_18' title="bbox 180 1654 1770 1728">
    <p class='ocr_par' dir='ltr' id='par_1_18' title="bbox 180 1654 1770 1728">
     <span class='ocr_line' id='line_1_18' title="bbox 180 1654 1770 1728; baseline -0.003 -18"><span class='ocrx_word' id='word_1_112' title='bbox 180 1660 278 1712; x_wconf 73' lang='grc' dir='ltr'>καὶ</span> <span class='ocrx_word' id='word_1_113' title='bbox 296 1659 345 1710; x_wconf 87' lang='grc' dir='ltr'><strong>οί</strong></span> <span class='ocrx_word' id='word_1_114' title='bbox 368 1658 764 1728; x_wconf 87' lang='grc' dir='ltr'>νενεκρωμένοι</span> <span class='ocrx_word' id='word_1_115' title='bbox 782 1659 902 1719; x_wconf 85' lang='grc' dir='ltr'>ταῖς</span> <span class='ocrx_word' id='word_1_116' title='bbox 926 1658 1225 1726; x_wconf 75' lang='grc' dir='ltr'>ἁμαρτίαις</span> <span class='ocrx_word' id='word_1_117' title='bbox 1265 1654 1650 1724; x_wconf 79' lang='grc' dir='ltr'>ἐξανέστησαν,</span> <span class='ocrx_word' id='word_1_118' title='bbox 1679 1655 1770 1705; x_wconf 74' lang='grc' dir='ltr'>καὶ</span> 
     </span>
    </p>
   </div>
   <div class='ocr_carea' id='block_1_19' title="bbox 179 1743 1770 1819">
    <p class='ocr_par' dir='ltr' id='par_1_19' title="bbox 179 1743 1770 1819">
     <span class='ocr_line' id='line_1_19' title="bbox 179 1743 1770 1819; baseline -0.004 -19"><span class='ocrx_word' id='word_1_119' title='bbox 179 1744 346 1819; x_wconf 81' lang='grc' dir='ltr'>ἦλθον</span> <span class='ocrx_word' id='word_1_120' title='bbox 379 1751 456 1810; x_wconf 84' lang='grc' dir='ltr'><strong>είς</strong></span> <span class='ocrx_word' id='word_1_121' title='bbox 487 1747 585 1818; x_wconf 81' lang='grc' dir='ltr'>τὴν</span> <span class='ocrx_word' id='word_1_122' title='bbox 620 1748 778 1815; x_wconf 84' lang='grc' dir='ltr'>ἁγίαν</span> <span class='ocrx_word' id='word_1_123' title='bbox 835 1747 1013 1810; x_wconf 84' lang='grc' dir='ltr'>πόλιν,</span> <span class='ocrx_word' id='word_1_124' title='bbox 1073 1748 1170 1814; x_wconf 74' lang='grc' dir='ltr'>τὴν</span> <span class='ocrx_word' id='word_1_125' title='bbox 1234 1747 1346 1799; x_wconf 78' lang='grc' dir='ltr'>ἄνω</span> <span class='ocrx_word' id='word_1_126' title='bbox 1388 1743 1770 1812; x_wconf 85' lang='grc' dir='ltr'>Ἰερουσαλὴμ,</span> 
     </span>
    </p>
   </div>
   <div class='ocr_carea' id='block_1_20' title="bbox 182 1835 1772 1909">
    <p class='ocr_par' dir='ltr' id='par_1_20' title="bbox 182 1835 1772 1909">
     <span class='ocr_line' id='line_1_20' title="bbox 182 1835 1772 1909; baseline -0.005 -15"><span class='ocrx_word' id='word_1_127' title='bbox 182 1844 276 1896; x_wconf 75' lang='grc' dir='ltr'>καὶ</span> <span class='ocrx_word' id='word_1_128' title='bbox 301 1839 727 1909; x_wconf 82' lang='grc' dir='ltr'>ἐνεφανίσθησαν</span> <span class='ocrx_word' id='word_1_129' title='bbox 759 1840 869 1901; x_wconf 89' lang='grc' dir='ltr'>τοῖς</span> <span class='ocrx_word' id='word_1_130' title='bbox 893 1839 1127 1903; x_wconf 82' lang='grc' dir='ltr'>πολλοῖς,</span> <span class='ocrx_word' id='word_1_131' title='bbox 1151 1839 1259 1900; x_wconf 89' lang='grc' dir='ltr'>τοῖς</span> <span class='ocrx_word' id='word_1_132' title='bbox 1277 1837 1361 1889; x_wconf 71' lang='grc' dir='ltr'>διὰ</span> <span class='ocrx_word' id='word_1_133' title='bbox 1389 1836 1488 1905; x_wconf 77' lang='grc' dir='ltr'><strong>τῆς</strong></span> <span class='ocrx_word' id='word_1_134' title='bbox 1514 1835 1772 1897; x_wconf 80' lang='grc' dir='ltr'>πλατείας</span> 
     </span>
    </p>
   </div>
   <div class='ocr_carea' id='block_1_21' title="bbox 1872 647 3455 718">
    <p class='ocr_par' dir='ltr' id='par_1_21' title="bbox 1872 647 3455 718">
     <span class='ocr_line' id='line_1_21' title="bbox 1872 647 3455 718; baseline -0.003 -15"><span class='ocrx_word' id='word_1_135' title='bbox 1872 650 2047 709; x_wconf 78' lang='lat' dir='ltr'><strong>batur.</strong></span> <span class='ocrx_word' id='word_1_136' title='bbox 2085 648 2352 718; x_wconf 89' lang='lat' dir='ltr'><strong>Opificem</strong></span> <span class='ocrx_word' id='word_1_137' title='bbox 2377 663 2533 704; x_wconf 91' lang='lat' dir='ltr'><strong>suum</strong></span> <span class='ocrx_word' id='word_1_138' title='bbox 2559 663 2700 714; x_wconf 86' lang='lat' dir='ltr'><strong>esse,</strong></span> <span class='ocrx_word' id='word_1_139' title='bbox 2732 657 2787 702; x_wconf 88' lang='lat' dir='ltr'><strong>et</strong></span> <span class='ocrx_word' id='word_1_140' title='bbox 2815 647 3048 702; x_wconf 89' lang='lat' dir='ltr'><strong>futuram</strong></span> <span class='ocrx_word' id='word_1_141' title='bbox 3084 648 3238 717; x_wconf 76' lang='grc'><strong>16],</strong></span> <span class='ocrx_word' id='word_1_142' title='bbox 3274 662 3455 700; x_wconf 88' lang='lat' dir='ltr'><strong>rerum</strong></span> 
     </span>
    </p>
   </div>
   <div class='ocr_carea' id='block_1_22' title="bbox 1874 737 3452 806">
    <p class='ocr_par' dir='ltr' id='par_1_22' title="bbox 1874 737 3452 806">
     <span class='ocr_line' id='line_1_22' title="bbox 1874 737 3452 806; baseline -0.003 -14"><span class='ocrx_word' id='word_1_143' title='bbox 1874 738 2414 795; x_wconf 88' lang='lat' dir='ltr'><strong>transmutationem.</strong></span> <span class='ocrx_word' id='word_1_144' title='bbox 2463 737 2744 806; x_wconf 77' lang='lat' dir='ltr'><strong>Scriptura</strong></span> <span class='ocrx_word' id='word_1_145' title='bbox 2791 739 2936 792; x_wconf 88' lang='lat' dir='ltr'><strong>enim</strong></span> <span class='ocrx_word' id='word_1_146' title='bbox 2975 748 3133 793; x_wconf 88' lang='lat' dir='ltr'><strong>terrae</strong></span> <span class='ocrx_word' id='word_1_147' title='bbox 3165 747 3366 792; x_wconf 90' lang='lat' dir='ltr'><strong>motum</strong></span> <span class='ocrx_word' id='word_1_148' title='bbox 3399 737 3452 788; x_wconf 80' lang='lat' dir='ltr'><strong>in</strong></span> 
     </span>
    </p>
   </div>
   <div class='ocr_carea' id='block_1_23' title="bbox 1873 827 3457 897">
    <p class='ocr_par' dir='ltr' id='par_1_23' title="bbox 1873 827 3457 897">
     <span class='ocr_line' id='line_1_23' title="bbox 1873 827 3457 897; baseline -0.003 -15"><span class='ocrx_word' id='word_1_149' title='bbox 1873 846 2050 884; x_wconf 89' lang='lat' dir='ltr'><strong>rermn</strong></span> <span class='ocrx_word' id='word_1_150' title='bbox 2087 830 2412 884; x_wconf 89' lang='lat' dir='ltr'><strong>alteratione</strong></span> <span class='ocrx_word' id='word_1_151' title='bbox 2440 828 2802 897; x_wconf 86' lang='lat' dir='ltr'><strong>ponit.Facta</strong></span> <span class='ocrx_word' id='word_1_152' title='bbox 2858 829 3022 897; x_wconf 84' lang='lat' dir='ltr'><strong>igitur</strong></span> <span class='ocrx_word' id='word_1_153' title='bbox 3077 839 3163 884; x_wconf 86' lang='lat' dir='ltr'><strong>est</strong></span> <span class='ocrx_word' id='word_1_154' title='bbox 3231 827 3457 883; x_wconf 89' lang='lat' dir='ltr'><strong>mutatio</strong></span> 
     </span>
    </p>
   </div>
   <div class='ocr_carea' id='block_1_24' title="bbox 1871 919 3458 990">
    <p class='ocr_par' dir='ltr' id='par_1_24' title="bbox 1871 919 3458 990">
     <span class='ocr_line' id='line_1_24' title="bbox 1871 919 3458 990; baseline 0.001 -17"><span class='ocrx_word' id='word_1_155' title='bbox 1871 923 2196 976; x_wconf 76' lang='lat' dir='ltr'><strong>visitatiouis</strong></span> <span class='ocrx_word' id='word_1_156' title='bbox 2251 921 2340 974; x_wconf 90' lang='lat' dir='ltr'><strong>Dei</strong></span> <span class='ocrx_word' id='word_1_157' title='bbox 2369 937 2396 972; x_wconf 92' lang='lat' dir='ltr'><strong>a</strong></span> <span class='ocrx_word' id='word_1_158' title='bbox 2423 919 2622 974; x_wconf 70' lang='lat' dir='ltr'><strong>Judzeis</strong></span> <span class='ocrx_word' id='word_1_159' title='bbox 2662 922 2718 974; x_wconf 93' lang='lat' dir='ltr'><strong>in</strong></span> <span class='ocrx_word' id='word_1_160' title='bbox 2777 929 2984 990; x_wconf 91' lang='lat' dir='ltr'><strong>gentes.</strong></span> <span class='ocrx_word' id='word_1_161' title='bbox 3029 921 3095 974; x_wconf 86' lang='lat' dir='ltr'><strong>Et</strong></span> <span class='ocrx_word' id='word_1_162' title='bbox 3127 928 3312 990; x_wconf 64' lang='lat' dir='ltr'><strong>petrae,</strong></span> <span class='ocrx_word' id='word_1_163' title='bbox 3355 921 3458 974; x_wconf 86' lang='lat' dir='ltr'><strong>hoc</strong></span> 
     </span>
    </p>
   </div>
   <div class='ocr_carea' id='block_1_25' title="bbox 1871 1011 3455 1083">
    <p class='ocr_par' dir='ltr' id='par_1_25' title="bbox 1871 1011 3455 1083">
     <span class='ocr_line' id='line_1_25' title="bbox 1871 1011 3455 1083; baseline -0.003 -11"><span class='ocrx_word' id='word_1_164' title='bbox 1871 1026 1974 1079; x_wconf 88' lang='lat' dir='ltr'><strong>est,</strong></span> <span class='ocrx_word' id='word_1_165' title='bbox 2014 1013 2222 1083; x_wconf 83' lang='lat' dir='ltr'><strong>lapidea</strong></span> <span class='ocrx_word' id='word_1_166' title='bbox 2249 1013 2530 1082; x_wconf 75' lang='lat' dir='ltr'><strong>gentilium</strong></span> <span class='ocrx_word' id='word_1_167' title='bbox 2557 1013 2742 1076; x_wconf 87' lang='lat' dir='ltr'><strong>corda,</strong></span> <span class='ocrx_word' id='word_1_168' title='bbox 2779 1011 2947 1065; x_wconf 88' lang='lat' dir='ltr'><strong>divisa</strong></span> <span class='ocrx_word' id='word_1_169' title='bbox 2980 1021 3126 1074; x_wconf 86' lang='lat' dir='ltr'><strong>sunt,</strong></span> <span class='ocrx_word' id='word_1_170' title='bbox 3172 1021 3227 1065; x_wconf 89' lang='lat' dir='ltr'><strong>et</strong></span> <span class='ocrx_word' id='word_1_171' title='bbox 3266 1026 3455 1067; x_wconf 84' lang='lat' dir='ltr'><strong>susce-</strong></span> 
     </span>
    </p>
   </div>
   <div class='ocr_carea' id='block_1_26' title="bbox 1872 1104 3458 1179">
    <p class='ocr_par' dir='ltr' id='par_1_26' title="bbox 1872 1104 3458 1179">
     <span class='ocr_line' id='line_1_26' title="bbox 1872 1104 3458 1179; baseline -0.003 -16"><span class='ocrx_word' id='word_1_172' title='bbox 1872 1117 2070 1179; x_wconf 90' lang='lat' dir='ltr'><strong>perunt</strong></span> <span class='ocrx_word' id='word_1_173' title='bbox 2091 1120 2275 1161; x_wconf 82' lang='lat' dir='ltr'><strong>semen</strong></span> <span class='ocrx_word' id='word_1_174' title='bbox 2305 1106 2569 1159; x_wconf 88' lang='lat' dir='ltr'><strong>veritatis.</strong></span> <span class='ocrx_word' id='word_1_175' title='bbox 2606 1105 2673 1159; x_wconf 83' lang='lat' dir='ltr'><strong>Et</strong></span> <span class='ocrx_word' id='word_1_176' title='bbox 2698 1105 2895 1159; x_wconf 87' lang='lat' dir='ltr'><strong>mortui</strong></span> <span class='ocrx_word' id='word_1_177' title='bbox 2933 1104 3170 1173; x_wconf 84' lang='lat' dir='ltr'><strong>peccatis</strong></span> <span class='ocrx_word' id='word_1_178' title='bbox 3199 1118 3458 1158; x_wconf 82' lang='lat' dir='ltr'><strong>surrexe-</strong></span> 
     </span>
    </p>
   </div>
   <div class='ocr_carea' id='block_1_27' title="bbox 1871 1197 3458 1264">
    <p class='ocr_par' dir='ltr' id='par_1_27' title="bbox 1871 1197 3458 1264">
     <span class='ocr_line' id='line_1_27' title="bbox 1871 1197 3458 1264; baseline -0.004 -10"><span class='ocrx_word' id='word_1_179' title='bbox 1871 1209 2014 1264; x_wconf 87' lang='lat' dir='ltr'><strong>runt,</strong></span> <span class='ocrx_word' id='word_1_180' title='bbox 2047 1208 2099 1252; x_wconf 86' lang='lat' dir='ltr'><strong>et</strong></span> <span class='ocrx_word' id='word_1_181' title='bbox 2131 1208 2396 1253; x_wconf 84' lang='lat' dir='ltr'><strong>venerunt</strong></span> <span class='ocrx_word' id='word_1_182' title='bbox 2435 1198 2489 1250; x_wconf 94' lang='lat' dir='ltr'><strong>in</strong></span> <span class='ocrx_word' id='word_1_183' title='bbox 2544 1197 2824 1252; x_wconf 87' lang='lat' dir='ltr'><strong>civitatem</strong></span> <span class='ocrx_word' id='word_1_184' title='bbox 2848 1205 3116 1259; x_wconf 84' lang='lat' dir='ltr'><strong>sanctam,</strong></span> <span class='ocrx_word' id='word_1_185' title='bbox 3165 1209 3458 1262; x_wconf 77' lang='lat' dir='ltr'><strong>supernam</strong></span> 
     </span>
    </p>
   </div>
   <div class='ocr_carea' id='block_1_28' title="bbox 1872 1277 3456 1357">
    <p class='ocr_par' dir='ltr' id='par_1_28' title="bbox 1872 1277 3456 1357">
     <span class='ocr_line' id='line_1_28' title="bbox 1872 1277 3456 1357; baseline -0.003 -13"><span class='ocrx_word' id='word_1_186' title='bbox 1872 1290 2016 1344; x_wconf 81' lang='lat' dir='ltr'><strong>illam</strong></span> <span class='ocrx_word' id='word_1_187' title='bbox 2051 1289 2371 1352; x_wconf 88' lang='lat' dir='ltr'><strong>Jerusalem,</strong></span> <span class='ocrx_word' id='word_1_188' title='bbox 2403 1298 2884 1357; x_wconf 86' lang='lat' dir='ltr'><strong>apparueruntque</strong></span> <span class='ocrx_word' id='word_1_189' title='bbox 2915 1286 3100 1341; x_wconf 83' lang='lat' dir='ltr'><strong>multis</strong></span> <span class='ocrx_word' id='word_1_190' title='bbox 3147 1301 3243 1356; x_wconf 91' lang='lat' dir='ltr'><strong>per</strong></span> <span class='ocrx_word' id='word_1_191' title='bbox 3291 1277 3456 1340; x_wconf 82' lang='lat' dir='ltr'><strong>latam</strong></span> 
     </span>
    </p>
   </div>
   <div class='ocr_carea' id='block_1_29' title="bbox 1873 1377 3457 1449">
    <p class='ocr_par' dir='ltr' id='par_1_29' title="bbox 1873 1377 3457 1449">
     <span class='ocr_line' id='line_1_29' title="bbox 1873 1377 3457 1449; baseline -0.002 -15"><span class='ocrx_word' id='word_1_192' title='bbox 1873 1383 2012 1436; x_wconf 84' lang='lat' dir='ltr'><strong>viam</strong></span> <span class='ocrx_word' id='word_1_193' title='bbox 2039 1381 2435 1444; x_wconf 82' lang='lat' dir='ltr'><strong>incedentibus,</strong></span> <span class='ocrx_word' id='word_1_194' title='bbox 2454 1387 2508 1435; x_wconf 90' lang='lat' dir='ltr'><strong>et</strong></span> <span class='ocrx_word' id='word_1_195' title='bbox 2533 1389 2861 1449; x_wconf 83' lang='lat' dir='ltr'><strong>apparentes</strong></span> <span class='ocrx_word' id='word_1_196' title='bbox 2888 1377 3169 1446; x_wconf 85' lang='lat' dir='ltr'><strong>exemplar</strong></span> <span class='ocrx_word' id='word_1_197' title='bbox 3192 1377 3300 1431; x_wconf 86' lang='lat' dir='ltr'><strong>illis</strong></span> <span class='ocrx_word' id='word_1_198' title='bbox 3325 1377 3457 1431; x_wconf 85' lang='lat' dir='ltr'><strong>facti</strong></span> 
     </span>
    </p>
   </div>
   <div class='ocr_carea' id='block_1_30' title="bbox 1872 1467 3463 1539">
    <p class='ocr_par' dir='ltr' id='par_1_30' title="bbox 1872 1467 3463 1539">
     <span class='ocr_line' id='line_1_30' title="bbox 1872 1467 3463 1539; baseline -0.002 -13"><span class='ocrx_word' id='word_1_199' title='bbox 1872 1481 1998 1527; x_wconf 88' lang='lat' dir='ltr'><strong>sunt</strong></span> <span class='ocrx_word' id='word_1_200' title='bbox 2038 1473 2162 1527; x_wconf 70' lang='lat' dir='ltr'><strong>vita:</strong></span> <span class='ocrx_word' id='word_1_201' title='bbox 2193 1475 2345 1526; x_wconf 69' lang='lat' dir='ltr'><strong>bona:</strong></span> <span class='ocrx_word' id='word_1_202' title='bbox 2394 1480 2448 1525; x_wconf 92' lang='lat' dir='ltr'><strong>et</strong></span> <span class='ocrx_word' id='word_1_203' title='bbox 2479 1470 2873 1526; x_wconf 80' lang='lat' dir='ltr'><strong>conversionis.</strong></span> <span class='ocrx_word' id='word_1_204' title='bbox 2911 1468 3044 1522; x_wconf 83' lang='lat' dir='ltr'><strong>Nam</strong></span> <span class='ocrx_word' id='word_1_205' title='bbox 3102 1469 3194 1539; x_wconf 86' lang='lat' dir='ltr'><strong>qui</strong></span> <span class='ocrx_word' id='word_1_206' title='bbox 3267 1467 3463 1523; x_wconf 83' lang='lat' dir='ltr'><strong>viderit</strong></span> 
     </span>
    </p>
   </div>
   <div class='ocr_carea' id='block_1_31' title="bbox 1872 1562 3455 1635">
    <p class='ocr_par' dir='ltr' id='par_1_31' title="bbox 1872 1562 3455 1635">
     <span class='ocr_line' id='line_1_31' title="bbox 1872 1562 3455 1635; baseline -0.003 -16"><span class='ocrx_word' id='word_1_207' title='bbox 1872 1565 2176 1635; x_wconf 84' lang='lat' dir='ltr'><strong>quempiam</strong></span> <span class='ocrx_word' id='word_1_208' title='bbox 2230 1567 2379 1632; x_wconf 90' lang='lat' dir='ltr'><strong>prius</strong></span> <span class='ocrx_word' id='word_1_209' title='bbox 2423 1565 2491 1619; x_wconf 93' lang='lat' dir='ltr'><strong>ab</strong></span> <span class='ocrx_word' id='word_1_210' title='bbox 2556 1562 2935 1619; x_wconf 81' lang='lat' dir='ltr'><strong>affectionibus</strong></span> <span class='ocrx_word' id='word_1_211' title='bbox 2994 1563 3110 1618; x_wconf 84' lang='lat' dir='ltr'><strong>suis</strong></span> <span class='ocrx_word' id='word_1_212' title='bbox 3161 1570 3455 1626; x_wconf 90' lang='lat' dir='ltr'><strong>mortuum,</strong></span> 
     </span>
    </p>
   </div>
   <div class='ocr_carea' id='block_1_32' title="bbox 1873 1653 3460 1726">
    <p class='ocr_par' dir='ltr' id='par_1_32' title="bbox 1873 1653 3460 1726">
     <span class='ocr_line' id='line_1_32' title="bbox 1873 1653 3460 1726; baseline -0.004 -14"><span class='ocrx_word' id='word_1_213' title='bbox 1873 1672 2306 1726; x_wconf 86' lang='lat' dir='ltr'><strong>conversumque</strong></span> <span class='ocrx_word' id='word_1_214' title='bbox 2335 1665 2386 1710; x_wconf 89' lang='lat' dir='ltr'><strong>et</strong></span> <span class='ocrx_word' id='word_1_215' title='bbox 2418 1657 2722 1725; x_wconf 87' lang='lat' dir='ltr'><strong>ingressum</strong></span> <span class='ocrx_word' id='word_1_216' title='bbox 2763 1657 2816 1709; x_wconf 91' lang='lat' dir='ltr'><strong>in</strong></span> <span class='ocrx_word' id='word_1_217' title='bbox 2853 1660 3102 1710; x_wconf 85' lang='lat' dir='ltr'><strong>sanctam</strong></span> <span class='ocrx_word' id='word_1_218' title='bbox 3137 1653 3287 1708; x_wconf 92' lang='lat' dir='ltr'><strong>illam</strong></span> <span class='ocrx_word' id='word_1_219' title='bbox 3339 1666 3460 1722; x_wconf 77' lang='lat' dir='ltr'><strong>qua:</strong></span> 
     </span>
    </p>
   </div>
   <div class='ocr_carea' id='block_1_33' title="bbox 1873 1739 3460 1814">
    <p class='ocr_par' dir='ltr' id='par_1_33' title="bbox 1873 1739 3460 1814">
     <span class='ocr_line' id='line_1_33' title="bbox 1873 1739 3460 1814; baseline -0.004 -12"><span class='ocrx_word' id='word_1_220' title='bbox 1873 1749 1924 1802; x_wconf 92' lang='lat' dir='ltr'><strong>in</strong></span> <span class='ocrx_word' id='word_1_221' title='bbox 1954 1748 2106 1801; x_wconf 70' lang='lat' dir='ltr'><strong>cmlis</strong></span> <span class='ocrx_word' id='word_1_222' title='bbox 2138 1757 2220 1803; x_wconf 91' lang='lat' dir='ltr'><strong>est</strong></span> <span class='ocrx_word' id='word_1_223' title='bbox 2265 1748 2563 1812; x_wconf 84' lang='lat' dir='ltr'><strong>civitatem,</strong></span> <span class='ocrx_word' id='word_1_224' title='bbox 2624 1747 2871 1801; x_wconf 83' lang='lat' dir='ltr'><strong>imitatur</strong></span> <span class='ocrx_word' id='word_1_225' title='bbox 2923 1739 3073 1800; x_wconf 85' lang='lat' dir='ltr'><strong>illum</strong></span> <span class='ocrx_word' id='word_1_226' title='bbox 3113 1759 3210 1814; x_wconf 89' lang='lat' dir='ltr'><strong>per</strong></span> <span class='ocrx_word' id='word_1_227' title='bbox 3252 1743 3460 1807; x_wconf 88' lang='lat' dir='ltr'><strong>omnia,</strong></span> 
     </span>
    </p>
   </div>
   <div class='ocr_carea' id='block_1_34' title="bbox 1875 1837 3462 1909">
    <p class='ocr_par' dir='ltr' id='par_1_34' title="bbox 1875 1837 3462 1909">
     <span class='ocr_line' id='line_1_34' title="bbox 1875 1837 3462 1909; baseline -0.003 -15"><span class='ocrx_word' id='word_1_228' title='bbox 1875 1841 2313 1909; x_wconf 73' lang='lat' dir='ltr'><strong>conrertiturque</strong></span> <span class='ocrx_word' id='word_1_229' title='bbox 2341 1850 2393 1895; x_wconf 92' lang='lat' dir='ltr'><strong>et</strong></span> <span class='ocrx_word' id='word_1_230' title='bbox 2421 1847 2555 1908; x_wconf 84' lang='lat' dir='ltr'><strong>ipse.</strong></span> <span class='ocrx_word' id='word_1_231' title='bbox 2621 1840 2816 1894; x_wconf 82' lang='lat' dir='ltr'><strong>Verum</strong></span> <span class='ocrx_word' id='word_1_232' title='bbox 2870 1840 2985 1894; x_wconf 63' lang='lat' dir='ltr'><strong>haec</strong></span> <span class='ocrx_word' id='word_1_233' title='bbox 3019 1839 3093 1892; x_wconf 90' lang='lat' dir='ltr'><strong>ita</strong></span> <span class='ocrx_word' id='word_1_234' title='bbox 3127 1837 3462 1893; x_wconf 79' lang='lat' dir='ltr'><strong>intellexisse</strong></span> 
     </span>
    </p>
   </div>
   <div class='ocr_carea' id='block_1_35' title="bbox 180 1899 1776 2000">
    <p class='ocr_par' dir='ltr' id='par_1_35' title="bbox 180 1899 1769 1997">
     <span class='ocr_line' id='line_1_35' title="bbox 180 1899 1769 1997; baseline -0.005 -11"><span class='ocrx_word' id='word_1_235' title='bbox 180 1933 303 1990; x_wconf 72' lang='grc' dir='ltr'>ὁδοῦ</span> <span class='ocrx_word' id='word_1_236' title='bbox 341 1899 648 1985; x_wconf 70' lang='grc' dir='ltr'>ὁδεύουσιν·</span> <span class='ocrx_word' id='word_1_237' title='bbox 683 1899 1123 1997; x_wconf 23' lang='grc' dir='ltr'>ἐμφαννισθέντεςν</span> <span class='ocrx_word' id='word_1_238' title='bbox 1164 1928 1218 1981; x_wconf 85' lang='grc' dir='ltr'><strong>δέ</strong></span> <span class='ocrx_word' id='word_1_239' title='bbox 1283 1899 1490 1992; x_wconf 69' lang='grc' dir='ltr'>αὐτοῖς,</span> <span class='ocrx_word' id='word_1_240' title='bbox 1535 1927 1769 1996; x_wconf 83' lang='grc' dir='ltr'>ἀρχέτυ-</span> 
     </span>
    </p>
   </div>
   <div class='ocr_carea' id='block_1_36' title="bbox 1881 1899 3461 2000">
    <p class='ocr_par' dir='ltr' id='par_1_36' title="bbox 1881 1928 3461 2000">
     <span class='ocr_line' id='line_1_36' title="bbox 1881 1928 3461 2000; baseline -0.003 -17"><span class='ocrx_word' id='word_1_241' title='bbox 1881 1931 2142 1984; x_wconf 79' lang='lat' dir='ltr'><strong>curiosius</strong></span> <span class='ocrx_word' id='word_1_242' title='bbox 2177 1929 2355 1983; x_wconf 90' lang='lat' dir='ltr'><strong>fuerit.</strong></span> <span class='ocrx_word' id='word_1_243' title='bbox 2385 1929 2463 1982; x_wconf 91' lang='lat' dir='ltr'><strong>Tu</strong></span> <span class='ocrx_word' id='word_1_244' title='bbox 2496 1942 2673 1984; x_wconf 87' lang='lat' dir='ltr'><strong>autem</strong></span> <span class='ocrx_word' id='word_1_245' title='bbox 2719 1942 2986 2000; x_wconf 81' lang='lat' dir='ltr'><strong>cognosce</strong></span> <span class='ocrx_word' id='word_1_246' title='bbox 3016 1928 3158 1998; x_wconf 87' lang='lat' dir='ltr'><strong>quod</strong></span> <span class='ocrx_word' id='word_1_247' title='bbox 3217 1935 3461 1980; x_wconf 85' lang='lat' dir='ltr'><strong>mortuo-</strong></span> 
     </span>
    </p>
   </div>
   <div class='ocr_carea' id='block_1_37' title="bbox 183 2018 1776 2091">
    <p class='ocr_par' dir='ltr' id='par_1_37' title="bbox 183 2020 1768 2090">
     <span class='ocr_line' id='line_1_37' title="bbox 183 2020 1768 2090; baseline -0.004 -15"><span class='ocrx_word' id='word_1_248' title='bbox 183 2041 286 2075; x_wconf 81' lang='grc' dir='ltr'><strong>πον</strong></span> <span class='ocrx_word' id='word_1_249' title='bbox 322 2025 504 2086; x_wconf 87' lang='grc' dir='ltr'>αὐτοῖς</span> <span class='ocrx_word' id='word_1_250' title='bbox 531 2024 778 2090; x_wconf 78' lang='grc' dir='ltr'>ἐγένοντο</span> <span class='ocrx_word' id='word_1_251' title='bbox 798 2021 1004 2089; x_wconf 83' lang='grc' dir='ltr'>ἀγαθοῦ</span> <span class='ocrx_word' id='word_1_252' title='bbox 1039 2021 1150 2090; x_wconf 83' lang='grc' dir='ltr'>βίου</span> <span class='ocrx_word' id='word_1_253' title='bbox 1185 2020 1276 2072; x_wconf 72' lang='grc' dir='ltr'>καὶ</span> <span class='ocrx_word' id='word_1_254' title='bbox 1300 2020 1655 2087; x_wconf 73' lang='grc' dir='ltr'>ἐπιστροφῆς.</span> <span class='ocrx_word' id='word_1_255' title='bbox 1706 2020 1768 2070; x_wconf 88' lang='lat'><strong>&#39;0</strong></span> 
     </span>
    </p>
   </div>
   <div class='ocr_carea' id='block_1_38' title="bbox 1881 2018 3462 2091">
    <p class='ocr_par' dir='ltr' id='par_1_38' title="bbox 1881 2018 3462 2091">
     <span class='ocr_line' id='line_1_38' title="bbox 1881 2018 3462 2091; baseline -0.003 -16"><span class='ocrx_word' id='word_1_256' title='bbox 1881 2039 1992 2075; x_wconf 87' lang='lat' dir='ltr'><strong>rum</strong></span> <span class='ocrx_word' id='word_1_257' title='bbox 2030 2022 2378 2083; x_wconf 81' lang='lat' dir='ltr'><strong>resurrectio,</strong></span> <span class='ocrx_word' id='word_1_258' title='bbox 2422 2036 2542 2091; x_wconf 72' lang='lat' dir='ltr'><strong>quae</strong></span> <span class='ocrx_word' id='word_1_259' title='bbox 2582 2020 2724 2075; x_wconf 86' lang='lat' dir='ltr'><strong>facta</strong></span> <span class='ocrx_word' id='word_1_260' title='bbox 2772 2032 2856 2076; x_wconf 88' lang='lat' dir='ltr'><strong>est</strong></span> <span class='ocrx_word' id='word_1_261' title='bbox 2909 2023 2961 2074; x_wconf 89' lang='lat' dir='ltr'><strong>in</strong></span> <span class='ocrx_word' id='word_1_262' title='bbox 3015 2033 3179 2074; x_wconf 87' lang='lat' dir='ltr'><strong>cruce</strong></span> <span class='ocrx_word' id='word_1_263' title='bbox 3222 2018 3462 2083; x_wconf 87' lang='lat' dir='ltr'><strong>Domini,</strong></span> 
     </span>
    </p>
   </div>
   <div class='ocr_carea' id='block_1_39' title="bbox 183 2109 1776 2189">
    <p class='ocr_par' dir='ltr' id='par_1_39' title="bbox 183 2110 1776 2189">
     <span class='ocr_line' id='line_1_39' title="bbox 183 2110 1776 2189; baseline -0.003 -23"><span class='ocrx_word' id='word_1_264' title='bbox 183 2117 296 2186; x_wconf 70' lang='grc' dir='ltr'>γὰρ</span> <span class='ocrx_word' id='word_1_265' title='bbox 329 2115 453 2169; x_wconf 77' lang='grc' dir='ltr'>ἰδὼν</span> <span class='ocrx_word' id='word_1_266' title='bbox 487 2121 578 2167; x_wconf 80' lang='grc' dir='ltr'>τὸν</span> <span class='ocrx_word' id='word_1_267' title='bbox 613 2114 806 2189; x_wconf 78' lang='grc' dir='ltr'>πρῴην</span> <span class='ocrx_word' id='word_1_268' title='bbox 835 2114 1247 2182; x_wconf 85' lang='grc' dir='ltr'>νεκεκρωμένον</span> <span class='ocrx_word' id='word_1_269' title='bbox 1281 2112 1385 2163; x_wconf 80' lang='grc' dir='ltr'><strong>ὑπὸ</strong></span> <span class='ocrx_word' id='word_1_270' title='bbox 1426 2110 1532 2162; x_wconf 86' lang='grc' dir='ltr'><strong>τῶν</strong></span> <span class='ocrx_word' id='word_1_271' title='bbox 1563 2110 1776 2173; x_wconf 77' lang='grc' dir='ltr'>παθῶν,</span> 
     </span>
    </p>
   </div>
   <div class='ocr_carea' id='block_1_40' title="bbox 1881 2109 3461 2189">
    <p class='ocr_par' dir='ltr' id='par_1_40' title="bbox 1881 2109 3461 2184">
     <span class='ocr_line' id='line_1_40' title="bbox 1881 2109 3461 2184; baseline -0.004 -16"><span class='ocrx_word' id='word_1_272' title='bbox 1881 2114 2188 2184; x_wconf 75' lang='lat' dir='ltr'><strong>significarit</strong></span> <span class='ocrx_word' id='word_1_273' title='bbox 2213 2122 2265 2168; x_wconf 90' lang='lat' dir='ltr'><strong>et</strong></span> <span class='ocrx_word' id='word_1_274' title='bbox 2294 2129 2503 2179; x_wconf 88' lang='lat' dir='ltr'><strong>eorum,</strong></span> <span class='ocrx_word' id='word_1_275' title='bbox 2529 2116 2643 2182; x_wconf 89' lang='lat' dir='ltr'><strong>qui,</strong></span> <span class='ocrx_word' id='word_1_276' title='bbox 2678 2115 2733 2168; x_wconf 91' lang='lat' dir='ltr'><strong>in</strong></span> <span class='ocrx_word' id='word_1_277' title='bbox 2762 2113 2972 2168; x_wconf 87' lang='lat' dir='ltr'><strong>inferno</strong></span> <span class='ocrx_word' id='word_1_278' title='bbox 3005 2111 3226 2175; x_wconf 78' lang='lat' dir='ltr'><strong>fuerint,</strong></span> <span class='ocrx_word' id='word_1_279' title='bbox 3260 2109 3461 2164; x_wconf 83' lang='lat' dir='ltr'><strong>libera-</strong></span> 
     </span>
    </p>
   </div>
   <div class='ocr_carea' id='block_1_41' title="bbox 182 2202 1776 2276">
    <p class='ocr_par' dir='ltr' id='par_1_41' title="bbox 182 2202 1774 2276">
     <span class='ocr_line' id='line_1_41' title="bbox 182 2202 1774 2276; baseline -0.004 -16"><span class='ocrx_word' id='word_1_280' title='bbox 182 2206 592 2276; x_wconf 80' lang='grc' dir='ltr'>ἐπιστραφέντα</span> <span class='ocrx_word' id='word_1_281' title='bbox 623 2207 716 2258; x_wconf 57' lang='grc' dir='ltr'><strong>κοιλ⁴</strong></span> <span class='ocrx_word' id='word_1_282' title='bbox 753 2205 1043 2260; x_wconf 83' lang='grc' dir='ltr'>ἀνελθόντα</span> <span class='ocrx_word' id='word_1_283' title='bbox 1077 2205 1154 2266; x_wconf 80' lang='grc' dir='ltr'><strong>είς</strong></span> <span class='ocrx_word' id='word_1_284' title='bbox 1186 2203 1283 2272; x_wconf 82' lang='grc' dir='ltr'>τὴν</span> <span class='ocrx_word' id='word_1_285' title='bbox 1315 2203 1475 2269; x_wconf 85' lang='grc' dir='ltr'>ἁγίαν</span> <span class='ocrx_word' id='word_1_286' title='bbox 1502 2203 1560 2253; x_wconf 85' lang='grc' dir='ltr'><strong>ἐν</strong></span> <span class='ocrx_word' id='word_1_287' title='bbox 1614 2202 1774 2272; x_wconf 81' lang='grc' dir='ltr'>ούρα-</span> 
     </span>
    </p>
   </div>
   <div class='ocr_carea' id='block_1_42' title="bbox 1881 2202 3462 2276">
    <p class='ocr_par' dir='ltr' id='par_1_42' title="bbox 1881 2205 3462 2274">
     <span class='ocr_line' id='line_1_42' title="bbox 1881 2205 3462 2274; baseline -0.005 -14"><span class='ocrx_word' id='word_1_288' title='bbox 1881 2208 2094 2260; x_wconf 89' lang='lat' dir='ltr'><strong>Lionem.</strong></span> <span class='ocrx_word' id='word_1_289' title='bbox 2131 2207 2512 2274; x_wconf 85' lang='lat' dir='ltr'><strong>Apparucrnnt</strong></span> <span class='ocrx_word' id='word_1_290' title='bbox 2539 2217 2717 2260; x_wconf 84' lang='lat' dir='ltr'><strong>autem</strong></span> <span class='ocrx_word' id='word_1_291' title='bbox 2759 2207 2944 2260; x_wconf 91' lang='lat' dir='ltr'><strong>multis</strong></span> <span class='ocrx_word' id='word_1_292' title='bbox 2978 2205 3069 2274; x_wconf 89' lang='lat' dir='ltr'><strong>qui</strong></span> <span class='ocrx_word' id='word_1_293' title='bbox 3097 2213 3223 2257; x_wconf 90' lang='lat' dir='ltr'><strong>tunc</strong></span> <span class='ocrx_word' id='word_1_294' title='bbox 3273 2215 3462 2267; x_wconf 84' lang='lat' dir='ltr'><strong>resur-</strong></span> 
     </span>
    </p>
   </div>
   <div class='ocr_carea' id='block_1_43' title="bbox 184 2293 1776 2367">
    <p class='ocr_par' dir='ltr' id='par_1_43' title="bbox 184 2293 1776 2367">
     <span class='ocr_line' id='line_1_43' title="bbox 184 2293 1776 2367; baseline -0.003 -18"><span class='ocrx_word' id='word_1_295' title='bbox 184 2300 298 2360; x_wconf 80' lang='grc' dir='ltr'>νοῖς</span> <span class='ocrx_word' id='word_1_296' title='bbox 323 2297 498 2362; x_wconf 88' lang='grc' dir='ltr'>πόλιν,</span> <span class='ocrx_word' id='word_1_297' title='bbox 526 2300 773 2367; x_wconf 82' lang='grc' dir='ltr'>μιμεῖται</span> <span class='ocrx_word' id='word_1_298' title='bbox 795 2296 954 2349; x_wconf 74' lang='grc' dir='ltr'>αὑτὸν</span> <span class='ocrx_word' id='word_1_299' title='bbox 975 2297 1210 2358; x_wconf 86' lang='grc' dir='ltr'>πάντως,</span> <span class='ocrx_word' id='word_1_300' title='bbox 1237 2294 1330 2346; x_wconf 72' lang='grc' dir='ltr'>καὶ</span> <span class='ocrx_word' id='word_1_301' title='bbox 1349 2293 1664 2362; x_wconf 68' lang='grc' dir='ltr'>ἐπιστρέφει</span> <span class='ocrx_word' id='word_1_302' title='bbox 1683 2295 1776 2345; x_wconf 76' lang='grc' dir='ltr'>καὶ</span> 
     </span>
    </p>
   </div>
   <div class='ocr_carea' id='block_1_44' title="bbox 1881 2293 3462 2367">
    <p class='ocr_par' dir='ltr' id='par_1_44' title="bbox 1881 2293 3462 2366">
     <span class='ocr_line' id='line_1_44' title="bbox 1881 2293 3462 2366; baseline -0.003 -16"><span class='ocrx_word' id='word_1_303' title='bbox 1881 2308 2148 2359; x_wconf 84' lang='lat' dir='ltr'><strong>rexerunt,</strong></span> <span class='ocrx_word' id='word_1_304' title='bbox 2182 2307 2240 2353; x_wconf 93' lang='lat' dir='ltr'><strong>ut</strong></span> <span class='ocrx_word' id='word_1_305' title='bbox 2279 2314 2347 2352; x_wconf 85' lang='lat' dir='ltr'><strong>ne</strong></span> <span class='ocrx_word' id='word_1_306' title='bbox 2393 2299 2716 2366; x_wconf 80' lang='lat' dir='ltr'><strong>phantasma</strong></span> <span class='ocrx_word' id='word_1_307' title='bbox 2751 2313 2872 2353; x_wconf 90' lang='lat' dir='ltr'><strong>esse</strong></span> <span class='ocrx_word' id='word_1_308' title='bbox 2900 2301 3174 2352; x_wconf 87' lang='lat' dir='ltr'><strong>videretur</strong></span> <span class='ocrx_word' id='word_1_309' title='bbox 3191 2296 3340 2366; x_wconf 91' lang='lat' dir='ltr'><strong>quod</strong></span> <span class='ocrx_word' id='word_1_310' title='bbox 3367 2293 3462 2347; x_wconf 84' lang='lat' dir='ltr'><strong>fie-</strong></span> 
     </span>
    </p>
   </div>
   <div class='ocr_carea' id='block_1_45' title="bbox 183 2383 1776 2457">
    <p class='ocr_par' dir='ltr' id='par_1_45' title="bbox 183 2383 1776 2457">
     <span class='ocr_line' id='line_1_45' title="bbox 183 2383 1776 2457; baseline -0.003 -16"><span class='ocrx_word' id='word_1_311' title='bbox 183 2389 370 2452; x_wconf 72' lang='grc' dir='ltr'>αὑτός.</span> <span class='ocrx_word' id='word_1_312' title='bbox 405 2388 589 2441; x_wconf 85' lang='grc' dir='ltr'>Ταῦτα</span> <span class='ocrx_word' id='word_1_313' title='bbox 632 2390 730 2457; x_wconf 90' lang='grc' dir='ltr'><strong>μέν</strong></span> <span class='ocrx_word' id='word_1_314' title='bbox 753 2384 848 2440; x_wconf 85' lang='grc' dir='ltr'><strong>οῦν</strong></span> <span class='ocrx_word' id='word_1_315' title='bbox 882 2387 1304 2456; x_wconf 78' lang='grc' dir='ltr'>περιεργότερον</span> <span class='ocrx_word' id='word_1_316' title='bbox 1339 2383 1534 2455; x_wconf 79' lang='grc' dir='ltr'>ἐνοήθη</span> <span class='ocrx_word' id='word_1_317' title='bbox 1563 2401 1575 2415; x_wconf 92' lang='grc'><strong>·</strong></span> <span class='ocrx_word' id='word_1_318' title='bbox 1615 2385 1679 2436; x_wconf 74' lang='grc' dir='ltr'>σὺ</span> <span class='ocrx_word' id='word_1_319' title='bbox 1719 2383 1776 2436; x_wconf 85' lang='grc' dir='ltr'>δὲ</span> 
     </span>
    </p>
   </div>
   <div class='ocr_carea' id='block_1_46' title="bbox 1881 2383 3457 2457">
    <p class='ocr_par' dir='ltr' id='par_1_46' title="bbox 1881 2385 3457 2456">
     <span class='ocr_line' id='line_1_46' title="bbox 1881 2385 3457 2456; baseline -0.004 -13"><span class='ocrx_word' id='word_1_320' title='bbox 1881 2390 1983 2443; x_wconf 80' lang='lat' dir='ltr'><strong>but.</strong></span> <span class='ocrx_word' id='word_1_321' title='bbox 2023 2387 2460 2444; x_wconf 76' lang='lat' dir='ltr'><strong>liesurrexerunt</strong></span> <span class='ocrx_word' id='word_1_322' title='bbox 2497 2400 2676 2444; x_wconf 86' lang='lat' dir='ltr'><strong>autem</strong></span> <span class='ocrx_word' id='word_1_323' title='bbox 2732 2387 2806 2443; x_wconf 83' lang='lat' dir='ltr'><strong>illi</strong></span> <span class='ocrx_word' id='word_1_324' title='bbox 2841 2399 3047 2442; x_wconf 88' lang='lat' dir='ltr'><strong>tantum</strong></span> <span class='ocrx_word' id='word_1_325' title='bbox 3095 2387 3230 2456; x_wconf 82' lang='lat' dir='ltr'><strong>signi</strong></span> <span class='ocrx_word' id='word_1_326' title='bbox 3264 2385 3457 2455; x_wconf 84' lang='lat' dir='ltr'><strong>gratia,</strong></span> 
     </span>
    </p>
   </div>
   <div class='ocr_carea' id='block_1_47' title="bbox 183 2474 1776 2550">
    <p class='ocr_par' dir='ltr' id='par_1_47' title="bbox 183 2474 1772 2547">
     <span class='ocr_line' id='line_1_47' title="bbox 183 2474 1772 2547; baseline -0.004 -16"><span class='ocrx_word' id='word_1_327' title='bbox 183 2479 425 2547; x_wconf 84' lang='grc' dir='ltr'>γίνωσκε</span> <span class='ocrx_word' id='word_1_328' title='bbox 460 2482 545 2532; x_wconf 79' lang='grc' dir='ltr'>ὅτι</span> <span class='ocrx_word' id='word_1_329' title='bbox 585 2480 605 2544; x_wconf 50' lang='grc' dir='ltr'>ε</span> <span class='ocrx_word' id='word_1_330' title='bbox 640 2479 748 2530; x_wconf 88' lang='grc' dir='ltr'><strong>τῶν</strong></span> <span class='ocrx_word' id='word_1_331' title='bbox 779 2477 988 2547; x_wconf 83' lang='grc' dir='ltr'>νεκρῶν</span> <span class='ocrx_word' id='word_1_332' title='bbox 1022 2478 1262 2545; x_wconf 84' lang='grc' dir='ltr'>ἐγερσις,</span> <span class='ocrx_word' id='word_1_333' title='bbox 1298 2476 1330 2544; x_wconf 79' lang='grc' dir='ltr'><strong>η</strong></span> <span class='ocrx_word' id='word_1_334' title='bbox 1365 2477 1420 2526; x_wconf 84' lang='grc' dir='ltr'><strong>ἐν</strong></span> <span class='ocrx_word' id='word_1_335' title='bbox 1442 2475 1518 2544; x_wconf 82' lang='grc' dir='ltr'>τῷ</span> <span class='ocrx_word' id='word_1_336' title='bbox 1552 2474 1772 2544; x_wconf 82' lang='grc' dir='ltr'>σταυρῷ</span> 
     </span>
    </p>
   </div>
   <div class='ocr_carea' id='block_1_48' title="bbox 1881 2474 3465 2550">
    <p class='ocr_par' dir='ltr' id='par_1_48' title="bbox 1881 2476 3465 2550">
     <span class='ocr_line' id='line_1_48' title="bbox 1881 2476 3465 2550; baseline 0 -18"><span class='ocrx_word' id='word_1_337' title='bbox 1881 2478 2338 2549; x_wconf 81' lang='lat' dir='ltr'><strong>manifestumque</strong></span> <span class='ocrx_word' id='word_1_338' title='bbox 2367 2491 2452 2534; x_wconf 92' lang='lat' dir='ltr'><strong>est</strong></span> <span class='ocrx_word' id='word_1_339' title='bbox 2485 2483 2636 2547; x_wconf 88' lang='lat' dir='ltr'><strong>illud,</strong></span> <span class='ocrx_word' id='word_1_340' title='bbox 2665 2485 2806 2550; x_wconf 81' lang='lat' dir='ltr'><strong>quod</strong></span> <span class='ocrx_word' id='word_1_341' title='bbox 2837 2485 3032 2536; x_wconf 90' lang='lat' dir='ltr'><strong>iterum</strong></span> <span class='ocrx_word' id='word_1_342' title='bbox 3071 2479 3292 2534; x_wconf 87' lang='lat' dir='ltr'><strong>mortui.</strong></span> <span class='ocrx_word' id='word_1_343' title='bbox 3333 2476 3465 2542; x_wconf 86' lang='lat' dir='ltr'><strong>Qui-</strong></span> 
     </span>
    </p>
   </div>
   <div class='ocr_carea' id='block_1_49' title="bbox 183 2563 1769 2636">
    <p class='ocr_par' dir='ltr' id='par_1_49' title="bbox 183 2563 1769 2636">
     <span class='ocr_line' id='line_1_49' title="bbox 183 2563 1769 2636; baseline -0.004 -16"><span class='ocrx_word' id='word_1_344' title='bbox 183 2567 280 2620; x_wconf 90' lang='grc' dir='ltr'><strong>τοῦ</strong></span> <span class='ocrx_word' id='word_1_345' title='bbox 331 2568 535 2636; x_wconf 80' lang='grc' dir='ltr'>Κυρίου</span> <span class='ocrx_word' id='word_1_346' title='bbox 563 2569 854 2636; x_wconf 82' lang='grc' dir='ltr'>γενομένη,</span> <span class='ocrx_word' id='word_1_347' title='bbox 888 2566 1077 2635; x_wconf 79' lang='grc' dir='ltr'>ἐδήλου</span> <span class='ocrx_word' id='word_1_348' title='bbox 1113 2565 1205 2616; x_wconf 75' lang='grc' dir='ltr'>καὶ</span> <span class='ocrx_word' id='word_1_349' title='bbox 1257 2563 1367 2615; x_wconf 88' lang='grc' dir='ltr'><strong>τῶν</strong></span> <span class='ocrx_word' id='word_1_350' title='bbox 1420 2565 1478 2615; x_wconf 90' lang='grc' dir='ltr'><strong>ἐν</strong></span> <span class='ocrx_word' id='word_1_351' title='bbox 1537 2563 1614 2632; x_wconf 81' lang='grc' dir='ltr'><strong>τῷ</strong></span> <span class='ocrx_word' id='word_1_352' title='bbox 1669 2564 1769 2634; x_wconf 74' lang='grc' dir='ltr'><strong>ᾄδῃ</strong></span> 
     </span>
    </p>
   </div>
   <div class='ocr_carea' id='block_1_50' title="bbox 182 2656 1771 2730">
    <p class='ocr_par' dir='ltr' id='par_1_50' title="bbox 182 2656 1771 2730">
     <span class='ocr_line' id='line_1_50' title="bbox 182 2656 1771 2730; baseline -0.003 -17"><span class='ocrx_word' id='word_1_353' title='bbox 182 2660 375 2730; x_wconf 74' lang='grc' dir='ltr'>ψυχῶν</span> <span class='ocrx_word' id='word_1_354' title='bbox 410 2661 505 2730; x_wconf 83' lang='grc' dir='ltr'>τὴν</span> <span class='ocrx_word' id='word_1_355' title='bbox 527 2659 858 2728; x_wconf 81' lang='grc' dir='ltr'>ἐλευθερίαν.</span> <span class='ocrx_word' id='word_1_356' title='bbox 906 2657 1188 2725; x_wconf 77' lang='grc' dir='ltr'>Ὠφθησαν</span> <span class='ocrx_word' id='word_1_357' title='bbox 1215 2657 1270 2708; x_wconf 84' lang='grc' dir='ltr'>δὲ</span> <span class='ocrx_word' id='word_1_358' title='bbox 1305 2656 1518 2718; x_wconf 79' lang='grc' dir='ltr'>πολλοῖς</span> <span class='ocrx_word' id='word_1_359' title='bbox 1549 2657 1598 2708; x_wconf 93' lang='grc' dir='ltr'>οἱ</span> <span class='ocrx_word' id='word_1_360' title='bbox 1640 2657 1771 2709; x_wconf 82' lang='grc' dir='ltr'>ἀνα-</span> 
     </span>
    </p>
   </div>
   <div class='ocr_carea' id='block_1_51' title="bbox 185 2744 1772 2822">
    <p class='ocr_par' dir='ltr' id='par_1_51' title="bbox 185 2744 1772 2822">
     <span class='ocr_line' id='line_1_51' title="bbox 185 2744 1772 2822; baseline -0.004 -16"><span class='ocrx_word' id='word_1_361' title='bbox 185 2754 412 2816; x_wconf 83' lang='grc' dir='ltr'>στάντες</span> <span class='ocrx_word' id='word_1_362' title='bbox 443 2753 589 2815; x_wconf 89' lang='grc' dir='ltr'>τότε,</span> <span class='ocrx_word' id='word_1_363' title='bbox 627 2753 714 2804; x_wconf 84' lang='grc' dir='ltr'>ἵνα</span> <span class='ocrx_word' id='word_1_364' title='bbox 748 2752 821 2822; x_wconf 84' lang='grc' dir='ltr'>μὴ</span> <span class='ocrx_word' id='word_1_365' title='bbox 845 2748 968 2820; x_wconf 79' lang='grc' dir='ltr'>δόξῃ</span> <span class='ocrx_word' id='word_1_366' title='bbox 999 2751 1292 2817; x_wconf 84' lang='grc' dir='ltr'>φάντασμα</span> <span class='ocrx_word' id='word_1_367' title='bbox 1327 2744 1467 2801; x_wconf 81' lang='grc' dir='ltr'>εἶναι</span> <span class='ocrx_word' id='word_1_368' title='bbox 1518 2749 1578 2800; x_wconf 81' lang='grc' dir='ltr'>τὸ</span> <span class='ocrx_word' id='word_1_369' title='bbox 1621 2749 1772 2817; x_wconf 88' lang='grc' dir='ltr'>γενό-</span> 
     </span>
    </p>
   </div>
   <div class='ocr_carea' id='block_1_52' title="bbox 1881 2570 3467 2644">
    <p class='ocr_par' dir='ltr' id='par_1_52' title="bbox 1881 2570 3467 2644">
     <span class='ocr_line' id='line_1_52' title="bbox 1881 2570 3467 2644; baseline -0.002 -20"><span class='ocrx_word' id='word_1_370' title='bbox 1881 2570 2002 2624; x_wconf 90' lang='lat' dir='ltr'><strong>dam</strong></span> <span class='ocrx_word' id='word_1_371' title='bbox 2028 2583 2206 2625; x_wconf 89' lang='lat' dir='ltr'><strong>autem</strong></span> <span class='ocrx_word' id='word_1_372' title='bbox 2234 2574 2424 2628; x_wconf 76' lang='lat' dir='ltr'><strong>dicunt</strong></span> <span class='ocrx_word' id='word_1_373' title='bbox 2462 2578 2606 2643; x_wconf 91' lang='lat' dir='ltr'><strong>quod</strong></span> <span class='ocrx_word' id='word_1_374' title='bbox 2635 2587 2918 2644; x_wconf 77' lang='lat' dir='ltr'><strong>postquam</strong></span> <span class='ocrx_word' id='word_1_375' title='bbox 2982 2574 3234 2627; x_wconf 87' lang='lat' dir='ltr'><strong>Christus</strong></span> <span class='ocrx_word' id='word_1_376' title='bbox 3281 2585 3467 2624; x_wconf 85' lang='lat' dir='ltr'><strong>resur-</strong></span> 
     </span>
    </p>
   </div>
   <div class='ocr_carea' id='block_1_53' title="bbox 1883 2661 3463 2732">
    <p class='ocr_par' dir='ltr' id='par_1_53' title="bbox 1883 2661 3463 2732">
     <span class='ocr_line' id='line_1_53' title="bbox 1883 2661 3463 2732; baseline -0.001 -17"><span class='ocrx_word' id='word_1_377' title='bbox 1883 2661 2041 2724; x_wconf 78' lang='lat' dir='ltr'><strong>rexit,</strong></span> <span class='ocrx_word' id='word_1_378' title='bbox 2097 2668 2496 2719; x_wconf 78' lang='lat' dir='ltr'><strong>resnrrexerint</strong></span> <span class='ocrx_word' id='word_1_379' title='bbox 2522 2677 2576 2719; x_wconf 72' lang='lat' dir='ltr'><strong>tt</strong></span> <span class='ocrx_word' id='word_1_380' title='bbox 2600 2668 2698 2730; x_wconf 91' lang='lat' dir='ltr'><strong>illi,</strong></span> <span class='ocrx_word' id='word_1_381' title='bbox 2731 2682 2828 2719; x_wconf 89' lang='lat' dir='ltr'><strong>nec</strong></span> <span class='ocrx_word' id='word_1_382' title='bbox 2875 2674 3058 2732; x_wconf 78' lang='lat' dir='ltr'><strong>postea</strong></span> <span class='ocrx_word' id='word_1_383' title='bbox 3089 2663 3283 2718; x_wconf 73' lang='lat' dir='ltr'><strong>mortui</strong></span> <span class='ocrx_word' id='word_1_384' title='bbox 3321 2662 3463 2717; x_wconf 87' lang='lat' dir='ltr'><strong>sint:</strong></span> 
     </span>
    </p>
   </div>
   <div class='ocr_carea' id='block_1_54' title="bbox 1881 2755 2956 2824">
    <p class='ocr_par' dir='ltr' id='par_1_54' title="bbox 1881 2755 2956 2824">
     <span class='ocr_line' id='line_1_54' title="bbox 1881 2755 2956 2824; baseline 0.004 -20"><span class='ocrx_word' id='word_1_385' title='bbox 1881 2755 1972 2804; x_wconf 89' lang='lat' dir='ltr'><strong>sed</strong></span> <span class='ocrx_word' id='word_1_386' title='bbox 2011 2755 2194 2808; x_wconf 79' lang='lat' dir='ltr'><strong>nescio</strong></span> <span class='ocrx_word' id='word_1_387' title='bbox 2232 2771 2296 2808; x_wconf 89' lang='lat' dir='ltr'><strong>an</strong></span> <span class='ocrx_word' id='word_1_388' title='bbox 2327 2757 2430 2810; x_wconf 86' lang='lat' dir='ltr'><strong>hoc</strong></span> <span class='ocrx_word' id='word_1_389' title='bbox 2456 2758 2525 2810; x_wconf 71' lang='lat' dir='ltr'><strong>sit</strong></span> <span class='ocrx_word' id='word_1_390' title='bbox 2563 2758 2956 2824; x_wconf 78' lang='lat' dir='ltr'><strong>recipientium.</strong></span> 
     </span>
    </p>
   </div>
   <div class='ocr_carea' id='block_1_55' title="bbox 187 2839 3468 2918">
    <p class='ocr_par' dir='ltr' id='par_1_55' title="bbox 187 2839 3468 2918">
     <span class='ocr_line' id='line_1_55' title="bbox 187 2839 3468 2918; baseline -0.002 -18"><span class='ocrx_word' id='word_1_391' title='bbox 187 2865 350 2918; x_wconf 87' lang='grc' dir='ltr'>μενον</span> <span class='ocrx_word' id='word_1_392' title='bbox 388 2863 403 2878; x_wconf 88' lang='grc'><strong>·</strong></span> <span class='ocrx_word' id='word_1_393' title='bbox 440 2847 750 2916; x_wconf 83' lang='grc' dir='ltr'>ἀνέστησαν</span> <span class='ocrx_word' id='word_1_394' title='bbox 801 2845 857 2897; x_wconf 83' lang='grc' dir='ltr'>δὲ</span> <span class='ocrx_word' id='word_1_395' title='bbox 914 2839 1081 2904; x_wconf 72' lang='grc' dir='ltr'>οὗτοι,</span> <span class='ocrx_word' id='word_1_396' title='bbox 1133 2841 1294 2910; x_wconf 84' lang='grc' dir='ltr'>χάριν</span> <span class='ocrx_word' id='word_1_397' title='bbox 1352 2841 1446 2894; x_wconf 91' lang='grc' dir='ltr'><strong>τοῦ</strong></span> <span class='ocrx_word' id='word_1_398' title='bbox 1515 2842 1744 2911; x_wconf 87' lang='grc' dir='ltr'>σημείου</span> <span class='ocrx_word' id='word_1_399' title='bbox 1785 2861 1794 2873; x_wconf 88' lang='grc'><strong>·</strong></span> <span class='ocrx_word' id='word_1_400' title='bbox 1835 2845 2100 2914; x_wconf 80' lang='grc' dir='ltr'>πρόδηλον</span> <span class='ocrx_word' id='word_1_401' title='bbox 2131 2849 2188 2900; x_wconf 79' lang='grc' dir='ltr'>δὲ</span> <span class='ocrx_word' id='word_1_402' title='bbox 2245 2849 2328 2900; x_wconf 81' lang='grc' dir='ltr'>ὅτι</span> <span class='ocrx_word' id='word_1_403' title='bbox 2361 2851 2523 2902; x_wconf 60' lang='grc' dir='ltr'>πάλιν</span> <span class='ocrx_word' id='word_1_404' title='bbox 2569 2851 2890 2917; x_wconf 65' lang='grc' dir='ltr'>τεθνήκασι,</span> <span class='ocrx_word' id='word_1_405' title='bbox 2956 2848 3111 2907; x_wconf 78' lang='grc' dir='ltr'>Τινὲς</span> <span class='ocrx_word' id='word_1_406' title='bbox 3161 2845 3217 2896; x_wconf 70' lang='grc' dir='ltr'><strong>δέ</strong></span> <span class='ocrx_word' id='word_1_407' title='bbox 3273 2843 3468 2910; x_wconf 74' lang='grc' dir='ltr'>λέγουο</span> 
     </span>
    </p>
   </div>
   <div class='ocr_carea' id='block_1_56' title="bbox 185 2934 3469 3012">
    <p class='ocr_par' dir='ltr' id='par_1_56' title="bbox 185 2934 3469 3012">
     <span class='ocr_line' id='line_1_56' title="bbox 185 2934 3469 3012; baseline -0.002 -15"><span class='ocrx_word' id='word_1_408' title='bbox 185 2960 273 2997; x_wconf 90' lang='grc' dir='ltr'><strong>σιν</strong></span> <span class='ocrx_word' id='word_1_409' title='bbox 293 2943 376 2995; x_wconf 85' lang='grc' dir='ltr'>ὅτι</span> <span class='ocrx_word' id='word_1_410' title='bbox 405 2943 542 3012; x_wconf 74' lang='grc' dir='ltr'>μετὰ</span> <span class='ocrx_word' id='word_1_411' title='bbox 581 2944 641 2992; x_wconf 83' lang='grc' dir='ltr'>τὸ</span> <span class='ocrx_word' id='word_1_412' title='bbox 668 2940 960 3009; x_wconf 82' lang='grc' dir='ltr'>ἀναστῆναι</span> <span class='ocrx_word' id='word_1_413' title='bbox 1012 2937 1102 2990; x_wconf 80' lang='grc' dir='ltr'>τὸν</span> <span class='ocrx_word' id='word_1_414' title='bbox 1138 2937 1394 3005; x_wconf 86' lang='grc' dir='ltr'>Χριστὸν,</span> <span class='ocrx_word' id='word_1_415' title='bbox 1440 2937 1747 3007; x_wconf 82' lang='grc' dir='ltr'>ἀνέστησαν</span> <span class='ocrx_word' id='word_1_416' title='bbox 1781 2941 1872 2992; x_wconf 70' lang='grc' dir='ltr'>καὶ</span> <span class='ocrx_word' id='word_1_417' title='bbox 1938 2935 2106 3007; x_wconf 80' lang='grc' dir='ltr'>οῦτοι,</span> <span class='ocrx_word' id='word_1_418' title='bbox 2139 2945 2234 2995; x_wconf 75' lang='grc' dir='ltr'>καὶ</span> <span class='ocrx_word' id='word_1_419' title='bbox 2274 2945 2482 2997; x_wconf 80' lang='grc' dir='ltr'>οὐκέτι</span> <span class='ocrx_word' id='word_1_420' title='bbox 2545 2946 2835 3010; x_wconf 78' lang='grc' dir='ltr'>ἀπέθανον,</span> <span class='ocrx_word' id='word_1_421' title='bbox 2868 2943 3028 2997; x_wconf 84' lang='grc' dir='ltr'>τοῦτο</span> <span class='ocrx_word' id='word_1_422' title='bbox 3081 2943 3136 2996; x_wconf 84' lang='grc' dir='ltr'><strong>δέ</strong></span> <span class='ocrx_word' id='word_1_423' title='bbox 3200 2941 3302 2997; x_wconf 71' lang='grc' dir='ltr'><strong>οὐκ</strong></span> <span class='ocrx_word' id='word_1_424' title='bbox 3350 2934 3469 2992; x_wconf 75' lang='grc' dir='ltr'>οἶδα</span> 
     </span>
    </p>
   </div>
   <div class='ocr_carea' id='block_1_57' title="bbox 183 3033 789 3102">
    <p class='ocr_par' dir='ltr' id='par_1_57' title="bbox 183 3033 789 3102">
     <span class='ocr_line' id='line_1_57' title="bbox 183 3033 789 3102; baseline -0.008 -13"><span class='ocrx_word' id='word_1_425' title='bbox 183 3037 234 3089; x_wconf 82' lang='grc' dir='ltr'><strong>εί</strong></span> <span class='ocrx_word' id='word_1_426' title='bbox 259 3035 339 3087; x_wconf 83' lang='grc' dir='ltr'><strong>δεῖ</strong></span> <span class='ocrx_word' id='word_1_427' title='bbox 368 3033 789 3102; x_wconf 75' lang='grc' dir='ltr'>παραδέχεσθαι.</span> 
     </span>
    </p>
   </div>
   <div class='ocr_carea' id='block_1_58' title="bbox 268 3128 1776 3200">
    <p class='ocr_par' dir='ltr' id='par_1_58' title="bbox 268 3128 1776 3200">
     <span class='ocr_line' id='line_1_58' title="bbox 268 3128 1776 3200; baseline -0.003 -15"><span class='ocrx_word' id='word_1_428' title='bbox 268 3153 286 3185; x_wconf 83' lang='grc' dir='ltr'><strong>ι</strong></span> <span class='ocrx_word' id='word_1_429' title='bbox 313 3132 372 3186; x_wconf 90' lang='grc' dir='ltr'>Ὁ</span> <span class='ocrx_word' id='word_1_430' title='bbox 403 3133 459 3185; x_wconf 81' lang='grc' dir='ltr'>δὲ</span> <span class='ocrx_word' id='word_1_431' title='bbox 491 3132 889 3200; x_wconf 84' lang='grc' dir='ltr'>ἑκατόνταρχος</span> <span class='ocrx_word' id='word_1_432' title='bbox 919 3130 1013 3183; x_wconf 71' lang='grc' dir='ltr'>καὶ</span> <span class='ocrx_word' id='word_1_433' title='bbox 1043 3131 1092 3183; x_wconf 84' lang='lat' dir='ltr'><strong>ol</strong></span> <span class='ocrx_word' id='word_1_434' title='bbox 1119 3129 1234 3200; x_wconf 79' lang='grc' dir='ltr'>μετ’</span> <span class='ocrx_word' id='word_1_435' title='bbox 1266 3128 1428 3182; x_wconf 82' lang='grc' dir='ltr'>αὑτοῦ</span> <span class='ocrx_word' id='word_1_436' title='bbox 1485 3128 1776 3198; x_wconf 86' lang='grc' dir='ltr'>τηροῦντες</span> 
     </span>
    </p>
   </div>
   <div class='ocr_carea' id='block_1_59' title="bbox 182 3221 1775 3292">
    <p class='ocr_par' dir='ltr' id='par_1_59' title="bbox 182 3221 1775 3292">
     <span class='ocr_line' id='line_1_59' title="bbox 182 3221 1775 3292; baseline -0.004 -16"><span class='ocrx_word' id='word_1_437' title='bbox 182 3225 279 3277; x_wconf 73' lang='grc' dir='ltr'>τὸν</span> <span class='ocrx_word' id='word_1_438' title='bbox 325 3221 554 3292; x_wconf 81' lang='grc' dir='ltr'>Ἰησοῦν,</span> <span class='ocrx_word' id='word_1_439' title='bbox 619 3222 817 3284; x_wconf 71' lang='grc' dir='ltr'>ἰδόντες</span> <span class='ocrx_word' id='word_1_440' title='bbox 846 3221 936 3274; x_wconf 84' lang='grc' dir='ltr'>τὸν</span> <span class='ocrx_word' id='word_1_441' title='bbox 975 3222 1198 3292; x_wconf 82' lang='grc' dir='ltr'>σεισμὸν</span> <span class='ocrx_word' id='word_1_442' title='bbox 1229 3222 1319 3273; x_wconf 80' lang='grc' dir='ltr'>καὶ</span> <span class='ocrx_word' id='word_1_443' title='bbox 1371 3222 1440 3273; x_wconf 79' lang='grc' dir='ltr'>τὰ</span> <span class='ocrx_word' id='word_1_444' title='bbox 1489 3223 1775 3290; x_wconf 78' lang='grc' dir='ltr'>γενόμενα,</span> 
     </span>
    </p>
   </div>
   <div class='ocr_carea' id='block_1_60' title="bbox 1959 3129 3468 3198">
    <p class='ocr_par' dir='ltr' id='par_1_60' title="bbox 1959 3129 3468 3198">
     <span class='ocr_line' id='line_1_60' title="bbox 1959 3129 3468 3198; baseline -0.002 -16"><span class='ocrx_word' id='word_1_445' title='bbox 1959 3129 2324 3186; x_wconf 69' lang='grc' dir='ltr'>νεηε.54-56.</span> <span class='ocrx_word' id='word_1_446' title='bbox 2357 3163 2376 3182; x_wconf 67' lang='grc' dir='ltr'><strong>ι</strong></span> <span class='ocrx_word' id='word_1_447' title='bbox 2406 3131 2662 3187; x_wconf 89' lang='lat' dir='ltr'><strong>Centurio</strong></span> <span class='ocrx_word' id='word_1_448' title='bbox 2694 3147 2837 3194; x_wconf 89' lang='lat' dir='ltr'><strong>vero,</strong></span> <span class='ocrx_word' id='word_1_449' title='bbox 2860 3140 2914 3185; x_wconf 90' lang='lat' dir='ltr'><strong>et</strong></span> <span class='ocrx_word' id='word_1_450' title='bbox 2941 3130 3031 3198; x_wconf 86' lang='lat' dir='ltr'><strong>qui</strong></span> <span class='ocrx_word' id='word_1_451' title='bbox 3064 3143 3186 3183; x_wconf 90' lang='lat' dir='ltr'><strong>cum</strong></span> <span class='ocrx_word' id='word_1_452' title='bbox 3215 3142 3279 3183; x_wconf 92' lang='lat' dir='ltr'><strong>eo</strong></span> <span class='ocrx_word' id='word_1_453' title='bbox 3309 3129 3468 3182; x_wconf 74' lang='lat' dir='ltr'><strong>erant</strong></span> 
     </span>
    </p>
   </div>
   <div class='ocr_carea' id='block_1_61' title="bbox 1886 3217 3468 3287">
    <p class='ocr_par' dir='ltr' id='par_1_61' title="bbox 1886 3217 3468 3287">
     <span class='ocr_line' id='line_1_61' title="bbox 1886 3217 3468 3287; baseline -0.003 -12"><span class='ocrx_word' id='word_1_454' title='bbox 1886 3223 2252 3277; x_wconf 79' lang='lat' dir='ltr'><strong>cuStodicntes</strong></span> <span class='ocrx_word' id='word_1_455' title='bbox 2300 3221 2505 3286; x_wconf 82' lang='lat' dir='ltr'><strong>Jesnm,</strong></span> <span class='ocrx_word' id='word_1_456' title='bbox 2557 3223 2672 3276; x_wconf 86' lang='lat' dir='ltr'><strong>viso</strong></span> <span class='ocrx_word' id='word_1_457' title='bbox 2714 3233 2870 3275; x_wconf 74' lang='lat' dir='ltr'><strong>terra:</strong></span> <span class='ocrx_word' id='word_1_458' title='bbox 2905 3229 3074 3282; x_wconf 90' lang='lat' dir='ltr'><strong>motu,</strong></span> <span class='ocrx_word' id='word_1_459' title='bbox 3100 3229 3154 3274; x_wconf 91' lang='lat' dir='ltr'><strong>et</strong></span> <span class='ocrx_word' id='word_1_460' title='bbox 3218 3217 3304 3274; x_wconf 85' lang='lat' dir='ltr'><strong>his</strong></span> <span class='ocrx_word' id='word_1_461' title='bbox 3345 3231 3468 3287; x_wconf 67' lang='lat' dir='ltr'><strong>quin</strong></span> 
     </span>
    </p>
   </div>
   <div class='ocr_carea' id='block_1_62' title="bbox 187 3295 1776 3382">
    <p class='ocr_par' dir='ltr' id='par_1_62' title="bbox 187 3311 1772 3382">
     <span class='ocr_line' id='line_1_62' title="bbox 187 3311 1772 3382; baseline -0.001 -17"><span class='ocrx_word' id='word_1_462' title='bbox 187 3313 538 3382; x_wconf 66' lang='grc' dir='ltr'>ἐφοϐήθησαν</span> <span class='ocrx_word' id='word_1_463' title='bbox 595 3311 820 3382; x_wconf 82' lang='grc' dir='ltr'>σφόδρα,</span> <span class='ocrx_word' id='word_1_464' title='bbox 855 3312 1134 3379; x_wconf 73' lang='grc' dir='ltr'>λέγοντεςο</span> <span class='ocrx_word' id='word_1_465' title='bbox 1175 3312 1411 3380; x_wconf 75' lang='grc' dir='ltr'>Ἀληθῶς</span> <span class='ocrx_word' id='word_1_466' title='bbox 1469 3312 1604 3364; x_wconf 87' lang='grc' dir='ltr'>Θεοῦ</span> <span class='ocrx_word' id='word_1_467' title='bbox 1644 3313 1772 3374; x_wconf 77' lang='grc' dir='ltr'>Υἱὸς</span> 
     </span>
    </p>
   </div>
   <div class='ocr_carea' id='block_1_63' title="bbox 1881 3295 3468 3382">
    <p class='ocr_par' dir='ltr' id='par_1_63' title="bbox 1882 3305 3468 3380">
     <span class='ocr_line' id='line_1_63' title="bbox 1882 3305 3468 3380; baseline -0.001 -14"><span class='ocrx_word' id='word_1_468' title='bbox 1882 3312 2026 3367; x_wconf 85' lang='lat' dir='ltr'><strong>facta</strong></span> <span class='ocrx_word' id='word_1_469' title='bbox 2068 3314 2306 3380; x_wconf 85' lang='lat' dir='ltr'><strong>fuerant,</strong></span> <span class='ocrx_word' id='word_1_470' title='bbox 2364 3315 2660 3368; x_wconf 88' lang='lat' dir='ltr'><strong>timuerunt</strong></span> <span class='ocrx_word' id='word_1_471' title='bbox 2733 3313 2910 3375; x_wconf 85' lang='lat' dir='ltr'><strong>valde,</strong></span> <span class='ocrx_word' id='word_1_472' title='bbox 2977 3305 3262 3366; x_wconf 79' lang='lat' dir='ltr'><strong>dicentes:</strong></span> <span class='ocrx_word' id='word_1_473' title='bbox 3325 3309 3468 3365; x_wconf 82' lang='lat' dir='ltr'><strong>Vere</strong></span> 
     </span>
    </p>
   </div>
   <div class='ocr_carea' id='block_1_64' title="bbox 185 3398 1782 3476">
    <p class='ocr_par' dir='ltr' id='par_1_64' title="bbox 185 3398 1782 3476">
     <span class='ocr_line' id='line_1_64' title="bbox 185 3398 1782 3476; baseline -0.001 -19"><span class='ocrx_word' id='word_1_474' title='bbox 185 3398 257 3476; x_wconf 72' lang='grc' dir='ltr'>ἦν</span> <span class='ocrx_word' id='word_1_475' title='bbox 284 3398 461 3467; x_wconf 72' lang='grc' dir='ltr'>οὗτος.</span> <span class='ocrx_word' id='word_1_476' title='bbox 487 3398 667 3457; x_wconf 62' lang='grc' dir='ltr'>*Ησαν</span> <span class='ocrx_word' id='word_1_477' title='bbox 687 3403 742 3456; x_wconf 87' lang='grc' dir='ltr'><strong>δέ</strong></span> <span class='ocrx_word' id='word_1_478' title='bbox 770 3405 886 3456; x_wconf 80' lang='grc' dir='ltr'>ἐκεῖ</span> <span class='ocrx_word' id='word_1_479' title='bbox 905 3404 1170 3471; x_wconf 78' lang='grc' dir='ltr'><strong>¹γυναῖκες</strong></span> <span class='ocrx_word' id='word_1_480' title='bbox 1201 3402 1416 3467; x_wconf 70' lang='grc' dir='ltr'>πολλαὶ,</span> <span class='ocrx_word' id='word_1_481' title='bbox 1449 3403 1556 3456; x_wconf 85' lang='grc' dir='ltr'>άπὸ</span> <span class='ocrx_word' id='word_1_482' title='bbox 1577 3403 1782 3473; x_wconf 86' lang='grc' dir='ltr'>μακρό-</span> 
     </span>
    </p>
   </div>
   <div class='ocr_carea' id='block_1_65' title="bbox 187 3493 1782 3565">
    <p class='ocr_par' dir='ltr' id='par_1_65' title="bbox 187 3493 1782 3565">
     <span class='ocr_line' id='line_1_65' title="bbox 187 3493 1782 3565; baseline -0.003 -15"><span class='ocrx_word' id='word_1_483' title='bbox 187 3499 283 3550; x_wconf 89' lang='grc' dir='ltr'><strong>θεν</strong></span> <span class='ocrx_word' id='word_1_484' title='bbox 325 3497 647 3564; x_wconf 83' lang='grc' dir='ltr'>θεωροῦσαι,</span> <span class='ocrx_word' id='word_1_485' title='bbox 672 3496 877 3558; x_wconf 78' lang='grc' dir='ltr'>αἵτινες</span> <span class='ocrx_word' id='word_1_486' title='bbox 920 3495 1296 3565; x_wconf 77' lang='grc' dir='ltr'>ἠκολούθησαν</span> <span class='ocrx_word' id='word_1_487' title='bbox 1329 3494 1407 3564; x_wconf 84' lang='grc' dir='ltr'>τῷ</span> <span class='ocrx_word' id='word_1_488' title='bbox 1439 3493 1617 3564; x_wconf 82' lang='grc' dir='ltr'>Ἰησοῦ</span> <span class='ocrx_word' id='word_1_489' title='bbox 1667 3494 1782 3546; x_wconf 82' lang='grc' dir='ltr'><strong>ἀπὸ</strong></span> 
     </span>
    </p>
   </div>
   <div class='ocr_carea' id='block_1_66' title="bbox 191 3578 1780 3655">
    <p class='ocr_par' dir='ltr' id='par_1_66' title="bbox 191 3578 1780 3655">
     <span class='ocr_line' id='line_1_66' title="bbox 191 3578 1780 3655; baseline -0.003 -16"><span class='ocrx_word' id='word_1_490' title='bbox 191 3588 293 3655; x_wconf 85' lang='grc' dir='ltr'><strong>τῆς</strong></span> <span class='ocrx_word' id='word_1_491' title='bbox 322 3583 612 3648; x_wconf 79' lang='grc' dir='ltr'>Γαλιλαίας</span> <span class='ocrx_word' id='word_1_492' title='bbox 641 3585 988 3638; x_wconf 85' lang='grc' dir='ltr'>διακονοῦσαι</span> <span class='ocrx_word' id='word_1_493' title='bbox 1016 3583 1185 3654; x_wconf 83' lang='grc' dir='ltr'>αὐτῷ,</span> <span class='ocrx_word' id='word_1_494' title='bbox 1223 3585 1280 3636; x_wconf 87' lang='grc' dir='ltr'><strong>ἐν</strong></span> <span class='ocrx_word' id='word_1_495' title='bbox 1309 3579 1398 3646; x_wconf 71' lang='grc' dir='ltr'><strong>αἷς</strong></span> <span class='ocrx_word' id='word_1_496' title='bbox 1431 3578 1498 3653; x_wconf 82' lang='grc' dir='ltr'>ἦν</span> <span class='ocrx_word' id='word_1_497' title='bbox 1529 3583 1718 3654; x_wconf 85' lang='grc' dir='ltr'>Μαρία</span> <span class='ocrx_word' id='word_1_498' title='bbox 1748 3583 1780 3652; x_wconf 80' lang='grc' dir='ltr'><strong>ἡ</strong></span> 
     </span>
    </p>
   </div>
   <div class='ocr_carea' id='block_1_67' title="bbox 189 3673 1781 3747">
    <p class='ocr_par' dir='ltr' id='par_1_67' title="bbox 189 3673 1781 3747">
     <span class='ocr_line' id='line_1_67' title="bbox 189 3673 1781 3747; baseline -0.004 -15"><span class='ocrx_word' id='word_1_499' title='bbox 189 3676 551 3747; x_wconf 75' lang='grc' dir='ltr'>Μαγδαληνὴ,</span> <span class='ocrx_word' id='word_1_500' title='bbox 616 3677 712 3728; x_wconf 77' lang='grc' dir='ltr'>καὶ</span> <span class='ocrx_word' id='word_1_501' title='bbox 746 3674 936 3746; x_wconf 86' lang='grc' dir='ltr'>Μαρία</span> <span class='ocrx_word' id='word_1_502' title='bbox 969 3676 1114 3745; x_wconf 83' lang='grc' dir='ltr'>ήτοῦ</span> <span class='ocrx_word' id='word_1_503' title='bbox 1173 3674 1428 3727; x_wconf 79' lang='grc' dir='ltr'>Ἰακώϐου</span> <span class='ocrx_word' id='word_1_504' title='bbox 1490 3674 1582 3726; x_wconf 79' lang='grc' dir='ltr'>καὶ</span> <span class='ocrx_word' id='word_1_505' title='bbox 1623 3673 1781 3741; x_wconf 84' lang='grc' dir='ltr'>Ἰωσῆ</span> 
     </span>
    </p>
   </div>
   <div class='ocr_carea' id='block_1_68' title="bbox 194 3764 1783 3838">
    <p class='ocr_par' dir='ltr' id='par_1_68' title="bbox 194 3764 1783 3838">
     <span class='ocr_line' id='line_1_68' title="bbox 194 3764 1783 3838; baseline -0.001 -20"><span class='ocrx_word' id='word_1_506' title='bbox 194 3770 403 3838; x_wconf 74' lang='grc' dir='ltr'>μήτηρ,</span> <span class='ocrx_word' id='word_1_507' title='bbox 434 3768 530 3820; x_wconf 74' lang='grc' dir='ltr'>καὶ</span> <span class='ocrx_word' id='word_1_508' title='bbox 586 3769 618 3836; x_wconf 83' lang='grc' dir='ltr'>ὴ</span> <span class='ocrx_word' id='word_1_509' title='bbox 652 3767 835 3837; x_wconf 86' lang='grc' dir='ltr'>μήτηρ</span> <span class='ocrx_word' id='word_1_510' title='bbox 862 3766 972 3818; x_wconf 88' lang='grc' dir='ltr'><strong>τῶν</strong></span> <span class='ocrx_word' id='word_1_511' title='bbox 1027 3766 1157 3818; x_wconf 86' lang='grc' dir='ltr'>υίῶν</span> <span class='ocrx_word' id='word_1_512' title='bbox 1186 3765 1494 3819; x_wconf 89' lang='grc' dir='ltr'>Ζεϐεδαίου.</span> <span class='ocrx_word' id='word_1_513' title='bbox 1521 3784 1539 3816; x_wconf 73' lang='grc' dir='ltr'><strong>ι</strong></span> <span class='ocrx_word' id='word_1_514' title='bbox 1592 3765 1651 3817; x_wconf 79' lang='grc' dir='ltr'>ὐ</span> <span class='ocrx_word' id='word_1_515' title='bbox 1686 3764 1783 3834; x_wconf 80' lang='grc' dir='ltr'>μὲν</span> 
     </span>
    </p>
   </div>
   <div class='ocr_carea' id='block_1_69' title="bbox 193 3857 1783 3927">
    <p class='ocr_par' dir='ltr' id='par_1_69' title="bbox 193 3857 1783 3927">
     <span class='ocr_line' id='line_1_69' title="bbox 193 3857 1783 3927; baseline -0.004 -13"><span class='ocrx_word' id='word_1_516' title='bbox 193 3860 408 3922; x_wconf 79' lang='grc' dir='ltr'>ἐθνικὸς</span> <span class='ocrx_word' id='word_1_517' title='bbox 455 3859 872 3927; x_wconf 79' lang='grc' dir='ltr'>ἑκατόνταρχος,</span> <span class='ocrx_word' id='word_1_518' title='bbox 907 3857 1015 3913; x_wconf 76' lang='grc' dir='ltr'><strong>ἀπὸ</strong></span> <span class='ocrx_word' id='word_1_519' title='bbox 1074 3857 1182 3909; x_wconf 89' lang='grc' dir='ltr'><strong>τῶν</strong></span> <span class='ocrx_word' id='word_1_520' title='bbox 1231 3857 1472 3926; x_wconf 88' lang='grc' dir='ltr'>σημείων</span> <span class='ocrx_word' id='word_1_521' title='bbox 1537 3857 1783 3909; x_wconf 81' lang='grc' dir='ltr'>πιστεύει</span> 
     </span>
    </p>
   </div>
   <div class='ocr_carea' id='block_1_70' title="bbox 193 3949 1785 4021">
    <p class='ocr_par' dir='ltr' id='par_1_70' title="bbox 193 3949 1785 4021">
     <span class='ocr_line' id='line_1_70' title="bbox 193 3949 1785 4021; baseline -0.001 -16"><span class='ocrx_word' id='word_1_522' title='bbox 193 3954 293 4005; x_wconf 77' lang='grc' dir='ltr'>σὺν</span> <span class='ocrx_word' id='word_1_523' title='bbox 316 3955 427 4012; x_wconf 89' lang='grc' dir='ltr'>τοῖς</span> <span class='ocrx_word' id='word_1_524' title='bbox 457 3952 582 4021; x_wconf 73' lang='grc' dir='ltr'>περὶ</span> <span class='ocrx_word' id='word_1_525' title='bbox 615 3950 778 4004; x_wconf 81' lang='grc' dir='ltr'>αὐτόν</span> <span class='ocrx_word' id='word_1_526' title='bbox 814 3965 828 3980; x_wconf 85' lang='grc'>⁶</span> <span class='ocrx_word' id='word_1_527' title='bbox 859 3953 908 4003; x_wconf 90' lang='grc' dir='ltr'>οἱ</span> <span class='ocrx_word' id='word_1_528' title='bbox 950 3949 1006 4002; x_wconf 87' lang='grc' dir='ltr'><strong>δέ</strong></span> <span class='ocrx_word' id='word_1_529' title='bbox 1069 3951 1364 4019; x_wconf 84' lang='grc' dir='ltr'>προφητῶν</span> <span class='ocrx_word' id='word_1_530' title='bbox 1421 3951 1785 4006; x_wconf 87' lang='grc' dir='ltr'>κατακούσαν-</span> 
     </span>
    </p>
   </div>
   <div class='ocr_carea' id='block_1_71' title="bbox 191 4042 1774 4111">
    <p class='ocr_par' dir='ltr' id='par_1_71' title="bbox 191 4042 1774 4111">
     <span class='ocr_line' id='line_1_71' title="bbox 191 4042 1774 4111; baseline 0.001 -16"><span class='ocrx_word' id='word_1_531' title='bbox 191 4060 284 4105; x_wconf 87' lang='grc' dir='ltr'><strong>τες</strong></span> <span class='ocrx_word' id='word_1_532' title='bbox 316 4044 407 4095; x_wconf 82' lang='grc' dir='ltr'>καὶ</span> <span class='ocrx_word' id='word_1_533' title='bbox 440 4042 604 4110; x_wconf 73' lang='grc' dir='ltr'>νόμου</span> <span class='ocrx_word' id='word_1_534' title='bbox 635 4042 906 4105; x_wconf 87' lang='grc' dir='ltr'>Ἰουδαῖοι,</span> <span class='ocrx_word' id='word_1_535' title='bbox 942 4043 1159 4095; x_wconf 78' lang='grc' dir='ltr'>ἄπιστοι</span> <span class='ocrx_word' id='word_1_536' title='bbox 1212 4043 1432 4111; x_wconf 82' lang='grc' dir='ltr'>μένουσι</span> <span class='ocrx_word' id='word_1_537' title='bbox 1467 4059 1481 4074; x_wconf 89' lang='grc'><strong>·</strong></span> <span class='ocrx_word' id='word_1_538' title='bbox 1517 4043 1774 4097; x_wconf 85' lang='grc' dir='ltr'>τοσοῦτόν</span> 
     </span>
    </p>
   </div>
   <div class='ocr_carea' id='block_1_72' title="bbox 192 4131 1785 4205">
    <p class='ocr_par' dir='ltr' id='par_1_72' title="bbox 192 4131 1785 4205">
     <span class='ocr_line' id='line_1_72' title="bbox 192 4131 1785 4205; baseline 0 -18"><span class='ocrx_word' id='word_1_539' title='bbox 192 4137 342 4188; x_wconf 82' lang='grc' dir='ltr'>ἐστιν</span> <span class='ocrx_word' id='word_1_540' title='bbox 374 4134 406 4202; x_wconf 83' lang='grc' dir='ltr'><strong>ἡ</strong></span> <span class='ocrx_word' id='word_1_541' title='bbox 437 4131 672 4200; x_wconf 74' lang='grc' dir='ltr'>πονηρία</span> <span class='ocrx_word' id='word_1_542' title='bbox 724 4133 915 4186; x_wconf 76' lang='grc' dir='ltr'>κακόν·</span> <span class='ocrx_word' id='word_1_543' title='bbox 980 4133 1076 4184; x_wconf 78' lang='grc' dir='ltr'>καὶ</span> <span class='ocrx_word' id='word_1_544' title='bbox 1110 4135 1463 4205; x_wconf 78' lang='grc' dir='ltr'>ἐμαρτύρησε</span> <span class='ocrx_word' id='word_1_545' title='bbox 1512 4134 1568 4186; x_wconf 77' lang='grc' dir='ltr'>δὲ</span> <span class='ocrx_word' id='word_1_546' title='bbox 1603 4136 1630 4186; x_wconf 88' lang='grc' dir='ltr'>ὁ</span> <span class='ocrx_word' id='word_1_547' title='bbox 1658 4135 1785 4187; x_wconf 82' lang='grc' dir='ltr'>ἐκα-</span> 
     </span>
    </p>
   </div>
   <div class='ocr_carea' id='block_1_73' title="bbox 190 4217 1783 4293">
    <p class='ocr_par' dir='ltr' id='par_1_73' title="bbox 190 4217 1783 4293">
     <span class='ocr_line' id='line_1_73' title="bbox 190 4217 1783 4293; baseline 0.001 -17"><span class='ocrx_word' id='word_1_548' title='bbox 190 4226 491 4292; x_wconf 84' lang='grc' dir='ltr'>τόνταρχος</span> <span class='ocrx_word' id='word_1_549' title='bbox 543 4217 698 4285; x_wconf 71' lang='grc' dir='ltr'>οὗτος</span> <span class='ocrx_word' id='word_1_550' title='bbox 730 4222 873 4292; x_wconf 84' lang='grc' dir='ltr'>ὑπὲρ</span> <span class='ocrx_word' id='word_1_551' title='bbox 900 4223 1135 4292; x_wconf 87' lang='grc' dir='ltr'>Χριστοῦ</span> <span class='ocrx_word' id='word_1_552' title='bbox 1169 4223 1412 4293; x_wconf 84' lang='grc' dir='ltr'>ὕστερον.</span> <span class='ocrx_word' id='word_1_553' title='bbox 1441 4223 1699 4288; x_wconf 87' lang='grc' dir='ltr'>Γυναῖκες</span> <span class='ocrx_word' id='word_1_554' title='bbox 1728 4225 1783 4278; x_wconf 83' lang='grc' dir='ltr'>δὲ</span> 
     </span>
    </p>
   </div>
   <div class='ocr_carea' id='block_1_74' title="bbox 194 4314 1784 4386">
    <p class='ocr_par' dir='ltr' id='par_1_74' title="bbox 194 4314 1784 4386">
     <span class='ocr_line' id='line_1_74' title="bbox 194 4314 1784 4386; baseline 0.002 -19"><span class='ocrx_word' id='word_1_555' title='bbox 194 4314 502 4383; x_wconf 67' lang='grc' dir='ltr'>θεωροῦσαι</span> <span class='ocrx_word' id='word_1_556' title='bbox 521 4315 587 4366; x_wconf 75' lang='grc' dir='ltr'><strong>τά</strong></span> <span class='ocrx_word' id='word_1_557' title='bbox 607 4314 899 4383; x_wconf 83' lang='grc' dir='ltr'>γενόμενα,</span> <span class='ocrx_word' id='word_1_558' title='bbox 927 4315 980 4367; x_wconf 77' lang='lat' dir='ltr'><strong>al</strong></span> <span class='ocrx_word' id='word_1_559' title='bbox 1001 4314 1234 4384; x_wconf 81' lang='grc' dir='ltr'>μάλιστα</span> <span class='ocrx_word' id='word_1_560' title='bbox 1262 4316 1477 4369; x_wconf 80' lang='grc' dir='ltr'>πάντων</span> <span class='ocrx_word' id='word_1_561' title='bbox 1505 4317 1784 4386; x_wconf 76' lang='grc' dir='ltr'>συμπαθὲ-</span> 
     </span>
    </p>
   </div>
   <div class='ocr_carea' id='block_1_75' title="bbox 195 4402 1779 4476">
    <p class='ocr_par' dir='ltr' id='par_1_75' title="bbox 195 4402 1779 4476">
     <span class='ocr_line' id='line_1_75' title="bbox 195 4402 1779 4476; baseline 0.001 -20"><span class='ocrx_word' id='word_1_562' title='bbox 195 4419 427 4470; x_wconf 83' lang='grc' dir='ltr'>στεραι,</span> <span class='ocrx_word' id='word_1_563' title='bbox 481 4402 574 4456; x_wconf 72' lang='grc' dir='ltr'>καὶ</span> <span class='ocrx_word' id='word_1_564' title='bbox 643 4403 703 4456; x_wconf 83' lang='grc' dir='ltr'>τὸ</span> <span class='ocrx_word' id='word_1_565' title='bbox 754 4405 911 4471; x_wconf 89' lang='grc' dir='ltr'>γένος</span> <span class='ocrx_word' id='word_1_566' title='bbox 977 4405 1038 4456; x_wconf 83' lang='grc' dir='ltr'>τὸ</span> <span class='ocrx_word' id='word_1_567' title='bbox 1093 4404 1464 4476; x_wconf 83' lang='grc' dir='ltr'>κατακριθὲν,</span> <span class='ocrx_word' id='word_1_568' title='bbox 1523 4406 1779 4459; x_wconf 81' lang='grc' dir='ltr'>ἀπολαύει</span> 
     </span>
    </p>
   </div>
   <div class='ocr_carea' id='block_1_76' title="bbox 195 4494 1784 4569">
    <p class='ocr_par' dir='ltr' id='par_1_76' title="bbox 195 4494 1784 4569">
     <span class='ocr_line' id='line_1_76' title="bbox 195 4494 1784 4569; baseline 0.003 -22"><span class='ocrx_word' id='word_1_569' title='bbox 195 4494 416 4563; x_wconf 86' lang='grc' dir='ltr'>πρῶτον</span> <span class='ocrx_word' id='word_1_570' title='bbox 447 4494 546 4564; x_wconf 88' lang='grc' dir='ltr'><strong>τῆς</strong></span> <span class='ocrx_word' id='word_1_571' title='bbox 580 4495 690 4548; x_wconf 85' lang='grc' dir='ltr'><strong>τῶν</strong></span> <span class='ocrx_word' id='word_1_572' title='bbox 716 4495 939 4562; x_wconf 82' lang='grc' dir='ltr'>ἀγαθῶν</span> <span class='ocrx_word' id='word_1_573' title='bbox 970 4496 1204 4566; x_wconf 89' lang='grc' dir='ltr'>θεωρίας</span> <span class='ocrx_word' id='word_1_574' title='bbox 1238 4514 1250 4528; x_wconf 75' lang='grc' dir='ltr'><strong><em>ο</em></strong></span> <span class='ocrx_word' id='word_1_575' title='bbox 1284 4498 1377 4550; x_wconf 80' lang='grc' dir='ltr'>καὶ</span> <span class='ocrx_word' id='word_1_576' title='bbox 1407 4498 1452 4551; x_wconf 77' lang='grc' dir='ltr'>οἱ</span> <span class='ocrx_word' id='word_1_577' title='bbox 1479 4497 1578 4567; x_wconf 81' lang='grc' dir='ltr'>μὲν</span> <span class='ocrx_word' id='word_1_578' title='bbox 1610 4498 1784 4569; x_wconf 88' lang='grc' dir='ltr'>μαθη-</span> 
     </span>
    </p>
   </div>
   <div class='ocr_carea' id='block_1_77' title="bbox 193 4588 1784 4662">
    <p class='ocr_par' dir='ltr' id='par_1_77' title="bbox 193 4588 1784 4662">
     <span class='ocr_line' id='line_1_77' title="bbox 193 4588 1784 4662; baseline 0.001 -20"><span class='ocrx_word' id='word_1_579' title='bbox 193 4590 286 4642; x_wconf 72' lang='grc' dir='ltr'>ταὶ</span> <span class='ocrx_word' id='word_1_580' title='bbox 316 4588 632 4655; x_wconf 82' lang='grc' dir='ltr'>φεύγουσιν,</span> <span class='ocrx_word' id='word_1_581' title='bbox 659 4590 713 4640; x_wconf 84' lang='grc' dir='ltr'>αἱ</span> <span class='ocrx_word' id='word_1_582' title='bbox 744 4589 798 4641; x_wconf 83' lang='grc' dir='ltr'>δὲ</span> <span class='ocrx_word' id='word_1_583' title='bbox 828 4591 1082 4656; x_wconf 87' lang='grc' dir='ltr'>γυναῖκες</span> <span class='ocrx_word' id='word_1_584' title='bbox 1134 4589 1485 4660; x_wconf 83' lang='grc' dir='ltr'>καρτεροῦσι.</span> <span class='ocrx_word' id='word_1_585' title='bbox 1566 4591 1784 4662; x_wconf 84' lang='grc' dir='ltr'>Μαρίαν</span> 
     </span>
    </p>
   </div>
   <div class='ocr_carea' id='block_1_78' title="bbox 192 4680 1746 4752">
    <p class='ocr_par' dir='ltr' id='par_1_78' title="bbox 192 4680 1746 4752">
     <span class='ocr_line' id='line_1_78' title="bbox 192 4680 1746 4752; baseline 0.002 -20"><span class='ocrx_word' id='word_1_586' title='bbox 192 4682 254 4734; x_wconf 79' lang='grc' dir='ltr'>δὲ</span> <span class='ocrx_word' id='word_1_587' title='bbox 285 4680 544 4733; x_wconf 82' lang='grc' dir='ltr'>Ἰακώϐου</span> <span class='ocrx_word' id='word_1_588' title='bbox 571 4683 665 4733; x_wconf 73' lang='grc' dir='ltr'>καὶ</span> <span class='ocrx_word' id='word_1_589' title='bbox 713 4681 870 4749; x_wconf 84' lang='grc' dir='ltr'>Ἰωσῆ</span> <span class='ocrx_word' id='word_1_590' title='bbox 899 4682 1129 4751; x_wconf 84' lang='grc' dir='ltr'>μητέρα,</span> <span class='ocrx_word' id='word_1_591' title='bbox 1161 4681 1257 4752; x_wconf 80' lang='grc' dir='ltr'>τὴν</span> <span class='ocrx_word' id='word_1_592' title='bbox 1287 4683 1547 4735; x_wconf 86' lang='grc' dir='ltr'>Θεοτόκον</span> <span class='ocrx_word' id='word_1_593' title='bbox 1598 4684 1746 4751; x_wconf 83' lang='grc' dir='ltr'>λέγει</span> 
     </span>
    </p>
   </div>
   <div class='ocr_carea' id='block_1_79' title="bbox 190 4771 1776 4845">
    <p class='ocr_par' dir='ltr' id='par_1_79' title="bbox 190 4771 1776 4845">
     <span class='ocr_line' id='line_1_79' title="bbox 190 4771 1776 4845; baseline 0 -17"><span class='ocrx_word' id='word_1_594' title='bbox 190 4773 221 4828; x_wconf 81' lang='grc' dir='ltr'>ὁ</span> <span class='ocrx_word' id='word_1_595' title='bbox 261 4773 368 4843; x_wconf 82' lang='grc' dir='ltr'>γὰρ</span> <span class='ocrx_word' id='word_1_596' title='bbox 410 4773 659 4835; x_wconf 88' lang='grc' dir='ltr'>Ἰάκωϐος</span> <span class='ocrx_word' id='word_1_597' title='bbox 707 4774 799 4826; x_wconf 73' lang='grc' dir='ltr'>καὶ</span> <span class='ocrx_word' id='word_1_598' title='bbox 829 4774 1014 4842; x_wconf 89' lang='grc' dir='ltr'>Ἰωσῆς</span> <span class='ocrx_word' id='word_1_599' title='bbox 1035 4774 1129 4826; x_wconf 88' lang='grc' dir='ltr'><strong>τοῦ</strong></span> <span class='ocrx_word' id='word_1_600' title='bbox 1173 4774 1366 4842; x_wconf 74' lang='grc' dir='ltr'>Ἰωσὴφ</span> <span class='ocrx_word' id='word_1_601' title='bbox 1400 4771 1541 4845; x_wconf 77' lang='grc' dir='ltr'>ἦσαν</span> <span class='ocrx_word' id='word_1_602' title='bbox 1589 4776 1776 4838; x_wconf 87' lang='grc' dir='ltr'>παῖδες</span> 
     </span>
    </p>
   </div>
   <div class='ocr_carea' id='block_1_80' title="bbox 193 4864 1788 4935">
    <p class='ocr_par' dir='ltr' id='par_1_80' title="bbox 193 4864 1788 4935">
     <span class='ocr_line' id='line_1_80' title="bbox 193 4864 1788 4935; baseline -0.001 -18"><span class='ocrx_word' id='word_1_603' title='bbox 193 4867 306 4918; x_wconf 80' lang='grc' dir='ltr'><strong>ἀπὸ</strong></span> <span class='ocrx_word' id='word_1_604' title='bbox 335 4866 430 4935; x_wconf 90' lang='grc' dir='ltr'><strong>τῆς</strong></span> <span class='ocrx_word' id='word_1_605' title='bbox 453 4867 725 4935; x_wconf 81' lang='grc' dir='ltr'>προτέρας</span> <span class='ocrx_word' id='word_1_606' title='bbox 742 4864 905 4918; x_wconf 76' lang='grc' dir='ltr'>αὑτοῦ</span> <span class='ocrx_word' id='word_1_607' title='bbox 928 4865 1206 4930; x_wconf 81' lang='grc' dir='ltr'>γυναικός.</span> <span class='ocrx_word' id='word_1_608' title='bbox 1246 4864 1401 4919; x_wconf 74' lang='grc' dir='ltr'>Ἐπεὶ</span> <span class='ocrx_word' id='word_1_609' title='bbox 1428 4864 1520 4917; x_wconf 83' lang='grc' dir='ltr'><strong>οῦν</strong></span> <span class='ocrx_word' id='word_1_610' title='bbox 1541 4867 1572 4935; x_wconf 80' lang='grc' dir='ltr'>ἡ</span> <span class='ocrx_word' id='word_1_611' title='bbox 1598 4865 1788 4917; x_wconf 78' lang='grc' dir='ltr'>Θεοτόο</span> 
     </span>
    </p>
   </div>
   <div class='ocr_carea' id='block_1_81' title="bbox 194 4955 1788 5025">
    <p class='ocr_par' dir='ltr' id='par_1_81' title="bbox 194 4955 1788 5025">
     <span class='ocr_line' id='line_1_81' title="bbox 194 4955 1788 5025; baseline -0.003 -14"><span class='ocrx_word' id='word_1_612' title='bbox 194 4975 297 5019; x_wconf 78' lang='grc' dir='ltr'><strong>κος</strong></span> <span class='ocrx_word' id='word_1_613' title='bbox 347 4957 484 5025; x_wconf 81' lang='grc' dir='ltr'>γυνὴ</span> <span class='ocrx_word' id='word_1_614' title='bbox 523 4957 740 5024; x_wconf 73' lang='grc' dir='ltr'>ἐλέγετο</span> <span class='ocrx_word' id='word_1_615' title='bbox 770 4956 863 5008; x_wconf 77' lang='grc' dir='ltr'><strong>τοῦ</strong></span> <span class='ocrx_word' id='word_1_616' title='bbox 907 4957 1125 5025; x_wconf 76' lang='grc' dir='ltr'>Ἰωσὴφ,</span> <span class='ocrx_word' id='word_1_617' title='bbox 1151 4955 1375 5018; x_wconf 78' lang='grc' dir='ltr'>εἰκότως</span> <span class='ocrx_word' id='word_1_618' title='bbox 1410 4957 1631 5009; x_wconf 75' lang='grc' dir='ltr'>καὶτῶν</span> <span class='ocrx_word' id='word_1_619' title='bbox 1667 4955 1788 5008; x_wconf 85' lang='grc' dir='ltr'>παί-</span> 
     </span>
    </p>
   </div>
   <div class='ocr_carea' id='block_1_82' title="bbox 194 5049 1785 5120">
    <p class='ocr_par' dir='ltr' id='par_1_82' title="bbox 194 5049 1785 5120">
     <span class='ocr_line' id='line_1_82' title="bbox 194 5049 1785 5120; baseline -0.001 -18"><span class='ocrx_word' id='word_1_620' title='bbox 194 5051 304 5102; x_wconf 88' lang='grc' dir='ltr'><strong>δων</strong></span> <span class='ocrx_word' id='word_1_621' title='bbox 335 5049 501 5101; x_wconf 82' lang='grc' dir='ltr'>αὑτοῦ</span> <span class='ocrx_word' id='word_1_622' title='bbox 535 5050 715 5118; x_wconf 82' lang='grc' dir='ltr'>μήτηρ</span> <span class='ocrx_word' id='word_1_623' title='bbox 747 5049 862 5118; x_wconf 70' lang='grc' dir='ltr'>ἦτοι</span> <span class='ocrx_word' id='word_1_624' title='bbox 898 5050 1138 5119; x_wconf 81' lang='grc' dir='ltr'>μητρυιὰ</span> <span class='ocrx_word' id='word_1_625' title='bbox 1164 5049 1417 5115; x_wconf 81' lang='grc' dir='ltr'>ἐλέγετο·</span> <span class='ocrx_word' id='word_1_626' title='bbox 1449 5051 1481 5113; x_wconf 77' lang='grc' dir='ltr'>ἡ</span> <span class='ocrx_word' id='word_1_627' title='bbox 1507 5049 1564 5102; x_wconf 86' lang='grc' dir='ltr'><strong>δέ</strong></span> <span class='ocrx_word' id='word_1_628' title='bbox 1603 5050 1785 5120; x_wconf 83' lang='grc' dir='ltr'>μήτηρ</span> 
     </span>
    </p>
   </div>
   <div class='ocr_carea' id='block_1_83' title="bbox 193 5139 1784 5212">
    <p class='ocr_par' dir='ltr' id='par_1_83' title="bbox 193 5139 1784 5212">
     <span class='ocr_line' id='line_1_83' title="bbox 193 5139 1784 5212; baseline 0.003 -20"><span class='ocrx_word' id='word_1_629' title='bbox 193 5139 307 5192; x_wconf 84' lang='grc' dir='ltr'><strong>τῶν</strong></span> <span class='ocrx_word' id='word_1_630' title='bbox 353 5139 486 5193; x_wconf 79' lang='grc' dir='ltr'>υἱῶν</span> <span class='ocrx_word' id='word_1_631' title='bbox 546 5140 853 5204; x_wconf 87' lang='grc' dir='ltr'>Ζεϐεδαίου,</span> <span class='ocrx_word' id='word_1_632' title='bbox 921 5141 1158 5212; x_wconf 80' lang='grc' dir='ltr'>Σαλώμη</span> <span class='ocrx_word' id='word_1_633' title='bbox 1228 5141 1510 5196; x_wconf 82' lang='grc' dir='ltr'>ἐκαλεῖτο·</span> <span class='ocrx_word' id='word_1_634' title='bbox 1563 5144 1696 5210; x_wconf 72' lang='grc' dir='ltr'>φασὶ</span> <span class='ocrx_word' id='word_1_635' title='bbox 1729 5143 1784 5196; x_wconf 87' lang='grc' dir='ltr'><strong>δέ</strong></span> 
     </span>
    </p>
   </div>
   <div class='ocr_carea' id='block_1_84' title="bbox 200 5224 1440 5305">
    <p class='ocr_par' dir='ltr' id='par_1_84' title="bbox 200 5224 1440 5305">
     <span class='ocr_line' id='line_1_84' title="bbox 200 5224 1440 5305; baseline 0.002 -19"><span class='ocrx_word' id='word_1_636' title='bbox 200 5224 298 5286; x_wconf 63' lang='grc' dir='ltr'>καὶ</span> <span class='ocrx_word' id='word_1_637' title='bbox 347 5231 552 5303; x_wconf 90' lang='grc' dir='ltr'>ταύτην</span> <span class='ocrx_word' id='word_1_638' title='bbox 611 5232 887 5304; x_wconf 85' lang='grc' dir='ltr'>θυγατέρα</span> <span class='ocrx_word' id='word_1_639' title='bbox 915 5229 1050 5287; x_wconf 73' lang='grc' dir='ltr'>εἶναι</span> <span class='ocrx_word' id='word_1_640' title='bbox 1084 5233 1178 5287; x_wconf 89' lang='grc' dir='ltr'><strong>τοῦ</strong></span> <span class='ocrx_word' id='word_1_641' title='bbox 1221 5235 1440 5305; x_wconf 84' lang='grc' dir='ltr'>Ἰωσήφ.</span> 
     </span>
    </p>
   </div>
   <div class='ocr_carea' id='block_1_85' title="bbox 288 5319 1785 5396">
    <p class='ocr_par' dir='ltr' id='par_1_85' title="bbox 288 5319 1785 5396">
     <span class='ocr_line' id='line_1_85' title="bbox 288 5319 1785 5396; baseline 0.003 -19"><span class='ocrx_word' id='word_1_642' title='bbox 288 5323 474 5393; x_wconf 77' lang='grc' dir='ltr'>Ὀψίας</span> <span class='ocrx_word' id='word_1_643' title='bbox 501 5323 558 5376; x_wconf 86' lang='grc' dir='ltr'><strong>δέ</strong></span> <span class='ocrx_word' id='word_1_644' title='bbox 606 5323 926 5394; x_wconf 86' lang='grc' dir='ltr'>γενομένης,</span> <span class='ocrx_word' id='word_1_645' title='bbox 955 5319 1118 5396; x_wconf 78' lang='grc' dir='ltr'>ἦλθεν</span> <span class='ocrx_word' id='word_1_646' title='bbox 1185 5325 1470 5395; x_wconf 68' lang='grc' dir='ltr'>ἄνθρωπος</span> <span class='ocrx_word' id='word_1_647' title='bbox 1531 5326 1785 5392; x_wconf 83' lang='grc' dir='ltr'>πλούσιος</span> 
     </span>
    </p>
   </div>
   <div class='ocr_carea' id='block_1_86' title="bbox 198 5413 1779 5486">
    <p class='ocr_par' dir='ltr' id='par_1_86' title="bbox 198 5413 1779 5486">
     <span class='ocr_line' id='line_1_86' title="bbox 198 5413 1779 5486; baseline 0 -15"><span class='ocrx_word' id='word_1_648' title='bbox 198 5415 311 5471; x_wconf 77' lang='grc' dir='ltr'>ἀπὸ</span> <span class='ocrx_word' id='word_1_649' title='bbox 374 5414 756 5484; x_wconf 68' lang='grc' dir='ltr'>Ἁριμαθαίας,</span> <span class='ocrx_word' id='word_1_650' title='bbox 807 5413 1046 5485; x_wconf 77' lang='grc' dir='ltr'>τοῦνομα</span> <span class='ocrx_word' id='word_1_651' title='bbox 1113 5415 1333 5486; x_wconf 75' lang='grc' dir='ltr'>Ἰωσὴφ,</span> <span class='ocrx_word' id='word_1_652' title='bbox 1364 5415 1423 5480; x_wconf 79' lang='grc' dir='ltr'>ὃς</span> <span class='ocrx_word' id='word_1_653' title='bbox 1453 5417 1550 5469; x_wconf 73' lang='grc' dir='ltr'>καὶ</span> <span class='ocrx_word' id='word_1_654' title='bbox 1615 5417 1779 5482; x_wconf 79' lang='grc' dir='ltr'>αὐτὸς</span> 
     </span>
    </p>
   </div>
   <div class='ocr_carea' id='block_1_87' title="bbox 199 5499 1786 5579">
    <p class='ocr_par' dir='ltr' id='par_1_87' title="bbox 199 5499 1786 5579">
     <span class='ocr_line' id='line_1_87' title="bbox 199 5499 1786 5579; baseline 0.002 -18"><span class='ocrx_word' id='word_1_655' title='bbox 199 5505 549 5577; x_wconf 74' lang='grc' dir='ltr'>ἐμαθήτευσε</span> <span class='ocrx_word' id='word_1_656' title='bbox 577 5506 656 5576; x_wconf 84' lang='grc' dir='ltr'>τῷ</span> <span class='ocrx_word' id='word_1_657' title='bbox 709 5506 907 5577; x_wconf 85' lang='grc' dir='ltr'>Ἰησοῦ.</span> <span class='ocrx_word' id='word_1_658' title='bbox 961 5499 1130 5572; x_wconf 76' lang='grc' dir='ltr'>Οὗτος</span> <span class='ocrx_word' id='word_1_659' title='bbox 1163 5508 1475 5578; x_wconf 87' lang='grc' dir='ltr'>προσελθὼν</span> <span class='ocrx_word' id='word_1_660' title='bbox 1507 5507 1586 5579; x_wconf 87' lang='grc' dir='ltr'>τῷ</span> <span class='ocrx_word' id='word_1_661' title='bbox 1627 5510 1786 5565; x_wconf 80' lang='grc' dir='ltr'>Πιλάο</span> 
     </span>
    </p>
   </div>
   <div class='ocr_carea' id='block_1_88' title="bbox 203 5599 1785 5670">
    <p class='ocr_par' dir='ltr' id='par_1_88' title="bbox 203 5599 1785 5670">
     <span class='ocr_line' id='line_1_88' title="bbox 203 5599 1785 5670; baseline 0.003 -17"><span class='ocrx_word' id='word_1_662' title='bbox 203 5616 307 5669; x_wconf 79' lang='grc' dir='ltr'><strong>τῳ,</strong></span> <span class='ocrx_word' id='word_1_663' title='bbox 346 5599 591 5670; x_wconf 61' lang='grc' dir='ltr'>ᾐτήσατο</span> <span class='ocrx_word' id='word_1_664' title='bbox 611 5600 672 5653; x_wconf 80' lang='grc' dir='ltr'>τὸ</span> <span class='ocrx_word' id='word_1_665' title='bbox 705 5601 864 5668; x_wconf 87' lang='grc' dir='ltr'>σῶμα</span> <span class='ocrx_word' id='word_1_666' title='bbox 898 5600 994 5654; x_wconf 88' lang='grc' dir='ltr'><strong>τοῦ</strong></span> <span class='ocrx_word' id='word_1_667' title='bbox 1037 5601 1236 5669; x_wconf 82' lang='grc' dir='ltr'>Ἰησοῦ.</span> <span class='ocrx_word' id='word_1_668' title='bbox 1289 5601 1423 5656; x_wconf 84' lang='grc' dir='ltr'>Τότε</span> <span class='ocrx_word' id='word_1_669' title='bbox 1476 5605 1504 5658; x_wconf 90' lang='grc' dir='ltr'><strong>ό</strong></span> <span class='ocrx_word' id='word_1_670' title='bbox 1553 5602 1785 5670; x_wconf 78' lang='grc' dir='ltr'>Πιλᾶτος</span> 
     </span>
    </p>
   </div>
   <div class='ocr_carea' id='block_1_89' title="bbox 203 5689 1786 5763">
    <p class='ocr_par' dir='ltr' id='par_1_89' title="bbox 203 5689 1786 5763">
     <span class='ocr_line' id='line_1_89' title="bbox 203 5689 1786 5763; baseline 0.004 -21"><span class='ocrx_word' id='word_1_671' title='bbox 203 5689 492 5743; x_wconf 81' lang='grc' dir='ltr'>ἐκέλευσεν</span> <span class='ocrx_word' id='word_1_672' title='bbox 526 5690 864 5761; x_wconf 73' lang='grc' dir='ltr'>ἀποδοθῆναι</span> <span class='ocrx_word' id='word_1_673' title='bbox 894 5693 958 5746; x_wconf 83' lang='grc' dir='ltr'>τὸ</span> <span class='ocrx_word' id='word_1_674' title='bbox 997 5693 1155 5763; x_wconf 86' lang='grc' dir='ltr'>σῶμα</span> <span class='ocrx_word' id='word_1_675' title='bbox 1186 5709 1200 5726; x_wconf 75' lang='grc' dir='ltr'><strong>ο</strong></span> <span class='ocrx_word' id='word_1_676' title='bbox 1224 5693 1324 5747; x_wconf 71' lang='grc' dir='ltr'>καὶ</span> <span class='ocrx_word' id='word_1_677' title='bbox 1349 5694 1529 5747; x_wconf 87' lang='grc' dir='ltr'>λαϐὼν</span> <span class='ocrx_word' id='word_1_678' title='bbox 1566 5694 1626 5747; x_wconf 82' lang='grc' dir='ltr'>τὸ</span> <span class='ocrx_word' id='word_1_679' title='bbox 1677 5696 1786 5748; x_wconf 87' lang='grc' dir='ltr'>σῶ-</span> 
     </span>
    </p>
   </div>
   <div class='ocr_carea' id='block_1_90' title="bbox 207 5782 1784 5857">
    <p class='ocr_par' dir='ltr' id='par_1_90' title="bbox 207 5782 1784 5857">
     <span class='ocr_line' id='line_1_90' title="bbox 207 5782 1784 5857; baseline 0.004 -24"><span class='ocrx_word' id='word_1_680' title='bbox 207 5797 285 5850; x_wconf 85' lang='grc' dir='ltr'><strong>μα</strong></span> <span class='ocrx_word' id='word_1_681' title='bbox 307 5785 334 5835; x_wconf 90' lang='grc' dir='ltr'><strong>ό</strong></span> <span class='ocrx_word' id='word_1_682' title='bbox 369 5782 592 5853; x_wconf 78' lang='grc' dir='ltr'>Ἰωσὴφ,</span> <span class='ocrx_word' id='word_1_683' title='bbox 660 5783 962 5849; x_wconf 74' lang='grc' dir='ltr'>ἐνετύλιξεν</span> <span class='ocrx_word' id='word_1_684' title='bbox 1011 5786 1143 5838; x_wconf 79' lang='grc' dir='ltr'>αὐτὸ</span> <span class='ocrx_word' id='word_1_685' title='bbox 1177 5786 1371 5840; x_wconf 85' lang='grc' dir='ltr'>σινδόνι</span> <span class='ocrx_word' id='word_1_686' title='bbox 1422 5786 1660 5857; x_wconf 76' lang='grc' dir='ltr'>καθαρᾷ,</span> <span class='ocrx_word' id='word_1_687' title='bbox 1689 5789 1784 5841; x_wconf 73' lang='grc' dir='ltr'>καὶ</span> 
     </span>
    </p>
   </div>
   <div class='ocr_carea' id='block_1_91' title="bbox 205 5871 1782 5950">
    <p class='ocr_par' dir='ltr' id='par_1_91' title="bbox 205 5871 1782 5950">
     <span class='ocr_line' id='line_1_91' title="bbox 205 5871 1782 5950; baseline 0.003 -24"><span class='ocrx_word' id='word_1_688' title='bbox 205 5871 407 5944; x_wconf 70' lang='grc' dir='ltr'>ῑθηκιν</span> <span class='ocrx_word' id='word_1_689' title='bbox 436 5875 564 5929; x_wconf 75' lang='grc' dir='ltr'>αὐτὸ</span> <span class='ocrx_word' id='word_1_690' title='bbox 589 5875 645 5930; x_wconf 85' lang='grc' dir='ltr'><strong>ἐν</strong></span> <span class='ocrx_word' id='word_1_691' title='bbox 676 5875 752 5946; x_wconf 80' lang='grc' dir='ltr'>τῷ</span> <span class='ocrx_word' id='word_1_692' title='bbox 809 5879 979 5948; x_wconf 85' lang='grc' dir='ltr'>καινῷ</span> <span class='ocrx_word' id='word_1_693' title='bbox 1020 5877 1184 5932; x_wconf 71' lang='grc' dir='ltr'>αὐτοῦ</span> <span class='ocrx_word' id='word_1_694' title='bbox 1221 5880 1491 5950; x_wconf 82' lang='grc' dir='ltr'>μνημείῳ,</span> <span class='ocrx_word' id='word_1_695' title='bbox 1525 5878 1550 5931; x_wconf 80' lang='grc' dir='ltr'>ὃ</span> <span class='ocrx_word' id='word_1_696' title='bbox 1598 5879 1782 5933; x_wconf 81' lang='grc' dir='ltr'>ἐλατό-</span> 
     </span>
    </p>
   </div>
   <div class='ocr_carea' id='block_1_92' title="bbox 1885 3401 3468 3461">
    <p class='ocr_par' dir='ltr' id='par_1_92' title="bbox 1885 3401 3468 3461">
     <span class='ocr_line' id='line_1_92' title="bbox 1885 3401 3468 3461; baseline -0.003 -3"><span class='ocrx_word' id='word_1_697' title='bbox 1885 3403 2052 3458; x_wconf 84' lang='lat' dir='ltr'><strong>Filius</strong></span> <span class='ocrx_word' id='word_1_698' title='bbox 2115 3405 2210 3461; x_wconf 81' lang='lat' dir='ltr'><strong>Dei</strong></span> <span class='ocrx_word' id='word_1_699' title='bbox 2260 3415 2380 3460; x_wconf 90' lang='lat' dir='ltr'><strong>erat</strong></span> <span class='ocrx_word' id='word_1_700' title='bbox 2431 3405 2553 3459; x_wconf 87' lang='lat' dir='ltr'><strong>iste.</strong></span> <span class='ocrx_word' id='word_1_701' title='bbox 2619 3404 2785 3458; x_wconf 84' lang='lat' dir='ltr'><strong>Erant</strong></span> <span class='ocrx_word' id='word_1_702' title='bbox 2839 3413 3023 3458; x_wconf 88' lang='lat' dir='ltr'><strong>autem</strong></span> <span class='ocrx_word' id='word_1_703' title='bbox 3079 3402 3154 3456; x_wconf 89' lang='lat' dir='ltr'><strong>ibi</strong></span> <span class='ocrx_word' id='word_1_704' title='bbox 3209 3401 3468 3455; x_wconf 88' lang='lat' dir='ltr'><strong>mulieres</strong></span> 
     </span>
    </p>
   </div>
   <div class='ocr_carea' id='block_1_93' title="bbox 1887 3492 3470 3568">
    <p class='ocr_par' dir='ltr' id='par_1_93' title="bbox 1887 3492 3470 3568">
     <span class='ocr_line' id='line_1_93' title="bbox 1887 3492 3470 3568; baseline -0.004 -18"><span class='ocrx_word' id='word_1_705' title='bbox 1887 3498 2067 3550; x_wconf 84' lang='lat' dir='ltr'><strong>multa:</strong></span> <span class='ocrx_word' id='word_1_706' title='bbox 2098 3513 2127 3552; x_wconf 95' lang='lat' dir='ltr'><strong>e</strong></span> <span class='ocrx_word' id='word_1_707' title='bbox 2153 3497 2446 3568; x_wconf 88' lang='lat' dir='ltr'><strong>longinquo</strong></span> <span class='ocrx_word' id='word_1_708' title='bbox 2500 3503 2827 3565; x_wconf 83' lang='lat' dir='ltr'><strong>spectantes,</strong></span> <span class='ocrx_word' id='word_1_709' title='bbox 2862 3510 2982 3563; x_wconf 69' lang='lat' dir='ltr'><strong>quae</strong></span> <span class='ocrx_word' id='word_1_710' title='bbox 3032 3501 3231 3548; x_wconf 74' lang='lat' dir='ltr'><strong>secuta:</strong></span> <span class='ocrx_word' id='word_1_711' title='bbox 3259 3492 3470 3546; x_wconf 81' lang='lat' dir='ltr'><strong>fuerant</strong></span> 
     </span>
    </p>
   </div>
   <div class='ocr_carea' id='block_1_94' title="bbox 1885 3587 3467 3654">
    <p class='ocr_par' dir='ltr' id='par_1_94' title="bbox 1885 3587 3467 3654">
     <span class='ocr_line' id='line_1_94' title="bbox 1885 3587 3467 3654; baseline -0.004 -12"><span class='ocrx_word' id='word_1_712' title='bbox 1885 3588 2069 3642; x_wconf 86' lang='lat' dir='ltr'><strong>Jesum</strong></span> <span class='ocrx_word' id='word_1_713' title='bbox 2123 3604 2152 3642; x_wconf 89' lang='lat' dir='ltr'><strong>a</strong></span> <span class='ocrx_word' id='word_1_714' title='bbox 2183 3589 2424 3654; x_wconf 70' lang='lat' dir='ltr'><strong>Galilaea,</strong></span> <span class='ocrx_word' id='word_1_715' title='bbox 2459 3590 2831 3642; x_wconf 88' lang='lat' dir='ltr'><strong>ministrantes</strong></span> <span class='ocrx_word' id='word_1_716' title='bbox 2859 3587 2930 3653; x_wconf 88' lang='lat' dir='ltr'><strong>ei,</strong></span> <span class='ocrx_word' id='word_1_717' title='bbox 2977 3587 3121 3640; x_wconf 91' lang='lat' dir='ltr'><strong>inter</strong></span> <span class='ocrx_word' id='word_1_718' title='bbox 3157 3599 3291 3653; x_wconf 85' lang='lat' dir='ltr'><strong>quas</strong></span> <span class='ocrx_word' id='word_1_719' title='bbox 3347 3594 3467 3639; x_wconf 79' lang='lat' dir='ltr'><strong>erat</strong></span> 
     </span>
    </p>
   </div>
   <div class='ocr_carea' id='block_1_95' title="bbox 1888 3675 3464 3750">
    <p class='ocr_par' dir='ltr' id='par_1_95' title="bbox 1888 3675 3464 3750">
     <span class='ocr_line' id='line_1_95' title="bbox 1888 3675 3464 3750; baseline -0.003 -16"><span class='ocrx_word' id='word_1_720' title='bbox 1888 3680 2052 3735; x_wconf 79' lang='lat' dir='ltr'><strong>Maria</strong></span> <span class='ocrx_word' id='word_1_721' title='bbox 2105 3680 2438 3750; x_wconf 77' lang='lat' dir='ltr'><strong>Magdalene,</strong></span> <span class='ocrx_word' id='word_1_722' title='bbox 2481 3690 2534 3733; x_wconf 89' lang='lat' dir='ltr'><strong>et</strong></span> <span class='ocrx_word' id='word_1_723' title='bbox 2565 3679 2732 3732; x_wconf 77' lang='lat' dir='ltr'><strong>idat-ia</strong></span> <span class='ocrx_word' id='word_1_724' title='bbox 2762 3677 2973 3743; x_wconf 71' lang='lat' dir='ltr'><strong>Jacobi,</strong></span> <span class='ocrx_word' id='word_1_725' title='bbox 3014 3688 3067 3733; x_wconf 90' lang='lat' dir='ltr'><strong>et</strong></span> <span class='ocrx_word' id='word_1_726' title='bbox 3111 3675 3241 3732; x_wconf 84' lang='lat' dir='ltr'><strong>Juse</strong></span> <span class='ocrx_word' id='word_1_727' title='bbox 3271 3686 3464 3742; x_wconf 88' lang='lat' dir='ltr'><strong>mater,</strong></span> 
     </span>
    </p>
   </div>
   <div class='ocr_carea' id='block_1_96' title="bbox 1888 3767 3470 3828">
    <p class='ocr_par' dir='ltr' id='par_1_96' title="bbox 1888 3767 3470 3828">
     <span class='ocr_line' id='line_1_96' title="bbox 1888 3767 3470 3828; baseline -0.005 0"><span class='ocrx_word' id='word_1_728' title='bbox 1888 3782 1943 3828; x_wconf 89' lang='lat' dir='ltr'><strong>et</strong></span> <span class='ocrx_word' id='word_1_729' title='bbox 1968 3785 2138 3827; x_wconf 86' lang='lat' dir='ltr'><strong>mater</strong></span> <span class='ocrx_word' id='word_1_730' title='bbox 2167 3772 2400 3828; x_wconf 86' lang='lat' dir='ltr'><strong>flliorum</strong></span> <span class='ocrx_word' id='word_1_731' title='bbox 2441 3770 2709 3826; x_wconf 70' lang='lat' dir='ltr'><strong>Zebedmi.</strong></span> <span class='ocrx_word' id='word_1_732' title='bbox 2742 3789 2759 3821; x_wconf 76' lang='grc' dir='ltr'><strong>ι</strong></span> <span class='ocrx_word' id='word_1_733' title='bbox 2792 3769 3053 3824; x_wconf 88' lang='lat' dir='ltr'><strong>Centurio</strong></span> <span class='ocrx_word' id='word_1_734' title='bbox 3093 3771 3255 3823; x_wconf 90' lang='lat' dir='ltr'><strong>homo</strong></span> <span class='ocrx_word' id='word_1_735' title='bbox 3289 3767 3470 3823; x_wconf 85' lang='lat' dir='ltr'><strong>ethni-</strong></span> 
     </span>
    </p>
   </div>
   <div class='ocr_carea' id='block_1_97' title="bbox 1888 3857 3471 3933">
    <p class='ocr_par' dir='ltr' id='par_1_97' title="bbox 1888 3857 3471 3933">
     <span class='ocr_line' id='line_1_97' title="bbox 1888 3857 3471 3933; baseline -0.003 -16"><span class='ocrx_word' id='word_1_736' title='bbox 1888 3877 1985 3919; x_wconf 91' lang='lat' dir='ltr'><strong>cus</strong></span> <span class='ocrx_word' id='word_1_737' title='bbox 2017 3878 2048 3916; x_wconf 88' lang='lat' dir='ltr'><strong>a</strong></span> <span class='ocrx_word' id='word_1_738' title='bbox 2077 3863 2249 3933; x_wconf 77' lang='lat' dir='ltr'><strong>signis</strong></span> <span class='ocrx_word' id='word_1_739' title='bbox 2278 3863 2454 3916; x_wconf 87' lang='lat' dir='ltr'><strong>credit</strong></span> <span class='ocrx_word' id='word_1_740' title='bbox 2478 3878 2602 3916; x_wconf 92' lang='lat' dir='ltr'><strong>cum</strong></span> <span class='ocrx_word' id='word_1_741' title='bbox 2643 3864 2725 3915; x_wconf 75' lang='lat' dir='ltr'><strong>his</strong></span> <span class='ocrx_word' id='word_1_742' title='bbox 2761 3861 2852 3930; x_wconf 88' lang='lat' dir='ltr'><strong>qui</strong></span> <span class='ocrx_word' id='word_1_743' title='bbox 2887 3875 3069 3916; x_wconf 90' lang='lat' dir='ltr'><strong>secum</strong></span> <span class='ocrx_word' id='word_1_744' title='bbox 3138 3869 3296 3914; x_wconf 91' lang='lat' dir='ltr'><strong>erant</strong></span> <span class='ocrx_word' id='word_1_745' title='bbox 3327 3877 3339 3912; x_wconf 89' lang='lat'><strong><em>:</em></strong></span> <span class='ocrx_word' id='word_1_746' title='bbox 3377 3857 3471 3913; x_wconf 83' lang='lat' dir='ltr'><strong>Ju-</strong></span> 
     </span>
    </p>
   </div>
   <div class='ocr_carea' id='block_1_98' title="bbox 1890 3952 3469 4022">
    <p class='ocr_par' dir='ltr' id='par_1_98' title="bbox 1890 3952 3469 4022">
     <span class='ocr_line' id='line_1_98' title="bbox 1890 3952 3469 4022; baseline -0.004 -12"><span class='ocrx_word' id='word_1_747' title='bbox 1890 3954 1985 4010; x_wconf 71' lang='lat' dir='ltr'><strong>dmi</strong></span> <span class='ocrx_word' id='word_1_748' title='bbox 2013 3965 2194 4008; x_wconf 90' lang='lat' dir='ltr'><strong>autem</strong></span> <span class='ocrx_word' id='word_1_749' title='bbox 2219 3954 2310 4022; x_wconf 91' lang='lat' dir='ltr'><strong>qui</strong></span> <span class='ocrx_word' id='word_1_750' title='bbox 2339 3954 2509 4022; x_wconf 89' lang='lat' dir='ltr'><strong>legem</strong></span> <span class='ocrx_word' id='word_1_751' title='bbox 2539 3967 2593 4006; x_wconf 93' lang='lat' dir='ltr'><strong>et</strong></span> <span class='ocrx_word' id='word_1_752' title='bbox 2618 3955 2913 4022; x_wconf 86' lang='lat' dir='ltr'><strong>prophetas</strong></span> <span class='ocrx_word' id='word_1_753' title='bbox 2950 3953 3260 4013; x_wconf 75' lang='lat' dir='ltr'><strong>audierant,</strong></span> <span class='ocrx_word' id='word_1_754' title='bbox 3289 3952 3469 4004; x_wconf 88' lang='lat' dir='ltr'><strong>incre-</strong></span> 
     </span>
    </p>
   </div>
   <div class='ocr_carea' id='block_1_99' title="bbox 1891 4043 3473 4113">
    <p class='ocr_par' dir='ltr' id='par_1_99' title="bbox 1891 4043 3473 4113">
     <span class='ocr_line' id='line_1_99' title="bbox 1891 4043 3473 4113; baseline -0.003 -13"><span class='ocrx_word' id='word_1_755' title='bbox 1891 4047 1997 4100; x_wconf 90' lang='lat' dir='ltr'><strong>duli</strong></span> <span class='ocrx_word' id='word_1_756' title='bbox 2019 4057 2259 4100; x_wconf 89' lang='lat' dir='ltr'><strong>manent.</strong></span> <span class='ocrx_word' id='word_1_757' title='bbox 2275 4047 2506 4100; x_wconf 86' lang='lat' dir='ltr'><strong>Tantum</strong></span> <span class='ocrx_word' id='word_1_758' title='bbox 2535 4046 2730 4098; x_wconf 81' lang='lat' dir='ltr'><strong>malum</strong></span> <span class='ocrx_word' id='word_1_759' title='bbox 2755 4055 2835 4099; x_wconf 90' lang='lat' dir='ltr'><strong>est</strong></span> <span class='ocrx_word' id='word_1_760' title='bbox 2855 4045 3183 4113; x_wconf 81' lang='lat' dir='ltr'><strong>malignitas.</strong></span> <span class='ocrx_word' id='word_1_761' title='bbox 3200 4043 3264 4096; x_wconf 87' lang='lat' dir='ltr'><strong>Et</strong></span> <span class='ocrx_word' id='word_1_762' title='bbox 3284 4055 3473 4110; x_wconf 73' lang='lat' dir='ltr'><strong>postea</strong></span> 
     </span>
    </p>
   </div>
   <div class='ocr_carea' id='block_1_100' title="bbox 1890 4133 3467 4208">
    <p class='ocr_par' dir='ltr' id='par_1_100' title="bbox 1890 4133 3467 4208">
     <span class='ocr_line' id='line_1_100' title="bbox 1890 4133 3467 4208; baseline -0.003 -17"><span class='ocrx_word' id='word_1_763' title='bbox 1890 4139 2206 4207; x_wconf 84' lang='lat' dir='ltr'><strong>martyrium</strong></span> <span class='ocrx_word' id='word_1_764' title='bbox 2242 4138 2458 4208; x_wconf 89' lang='lat' dir='ltr'><strong>pertulit</strong></span> <span class='ocrx_word' id='word_1_765' title='bbox 2502 4139 2587 4192; x_wconf 90' lang='lat' dir='ltr'><strong>hic</strong></span> <span class='ocrx_word' id='word_1_766' title='bbox 2613 4137 2863 4192; x_wconf 89' lang='lat' dir='ltr'><strong>centurio</strong></span> <span class='ocrx_word' id='word_1_767' title='bbox 2911 4144 3134 4204; x_wconf 85' lang='lat' dir='ltr'><strong>propter</strong></span> <span class='ocrx_word' id='word_1_768' title='bbox 3167 4133 3467 4187; x_wconf 89' lang='lat' dir='ltr'><strong>Christum.</strong></span> 
     </span>
    </p>
   </div>
   <div class='ocr_carea' id='block_1_101' title="bbox 1888 4227 3472 4300">
    <p class='ocr_par' dir='ltr' id='par_1_101' title="bbox 1888 4227 3472 4300">
     <span class='ocr_line' id='line_1_101' title="bbox 1888 4227 3472 4300; baseline -0.003 -18"><span class='ocrx_word' id='word_1_769' title='bbox 1888 4228 2137 4285; x_wconf 84' lang='lat' dir='ltr'><strong>Mulieres</strong></span> <span class='ocrx_word' id='word_1_770' title='bbox 2193 4245 2323 4285; x_wconf 85' lang='lat' dir='ltr'><strong>vero</strong></span> <span class='ocrx_word' id='word_1_771' title='bbox 2381 4239 2688 4300; x_wconf 88' lang='lat' dir='ltr'><strong>spectantes</strong></span> <span class='ocrx_word' id='word_1_772' title='bbox 2715 4244 2778 4282; x_wconf 91' lang='lat' dir='ltr'><strong>ea</strong></span> <span class='ocrx_word' id='word_1_773' title='bbox 2811 4243 2932 4297; x_wconf 71' lang='lat' dir='ltr'><strong>quae</strong></span> <span class='ocrx_word' id='word_1_774' title='bbox 2985 4227 3204 4291; x_wconf 83' lang='lat' dir='ltr'><strong>flebant,</strong></span> <span class='ocrx_word' id='word_1_775' title='bbox 3236 4236 3291 4278; x_wconf 89' lang='lat' dir='ltr'><strong>nt</strong></span> <span class='ocrx_word' id='word_1_776' title='bbox 3343 4233 3472 4280; x_wconf 88' lang='lat' dir='ltr'><strong>sunt</strong></span> 
     </span>
    </p>
   </div>
   <div class='ocr_carea' id='block_1_102' title="bbox 1887 4317 3472 4389">
    <p class='ocr_par' dir='ltr' id='par_1_102' title="bbox 1887 4317 3472 4389">
     <span class='ocr_line' id='line_1_102' title="bbox 1887 4317 3472 4389; baseline -0.004 -13"><span class='ocrx_word' id='word_1_777' title='bbox 1887 4321 2438 4389; x_wconf 68' lang='lat' dir='ltr'><strong>compatientissimaa,</strong></span> <span class='ocrx_word' id='word_1_778' title='bbox 2490 4331 2544 4375; x_wconf 88' lang='lat' dir='ltr'><strong>et</strong></span> <span class='ocrx_word' id='word_1_779' title='bbox 2600 4335 2761 4374; x_wconf 79' lang='lat' dir='ltr'><strong>sexus</strong></span> <span class='ocrx_word' id='word_1_780' title='bbox 2810 4320 3239 4383; x_wconf 81' lang='lat' dir='ltr'><strong>condemnatus,</strong></span> <span class='ocrx_word' id='word_1_781' title='bbox 3283 4317 3472 4386; x_wconf 82' lang='lat' dir='ltr'><strong>primae</strong></span> 
     </span>
    </p>
   </div>
   <div class='ocr_carea' id='block_1_103' title="bbox 1893 4410 3477 4481">
    <p class='ocr_par' dir='ltr' id='par_1_103' title="bbox 1893 4410 3477 4481">
     <span class='ocr_line' id='line_1_103' title="bbox 1893 4410 3477 4481; baseline -0.003 -15"><span class='ocrx_word' id='word_1_782' title='bbox 1893 4411 2147 4467; x_wconf 82' lang='lat' dir='ltr'><strong>fruuntur</strong></span> <span class='ocrx_word' id='word_1_783' title='bbox 2171 4413 2439 4468; x_wconf 87' lang='lat' dir='ltr'><strong>bonorum</strong></span> <span class='ocrx_word' id='word_1_784' title='bbox 2473 4415 2953 4481; x_wconf 89' lang='lat' dir='ltr'><strong>contemplatione.</strong></span> <span class='ocrx_word' id='word_1_785' title='bbox 2979 4412 3044 4466; x_wconf 87' lang='lat' dir='ltr'><strong>Et</strong></span> <span class='ocrx_word' id='word_1_786' title='bbox 3077 4411 3325 4476; x_wconf 85' lang='lat' dir='ltr'><strong>discipuli</strong></span> <span class='ocrx_word' id='word_1_787' title='bbox 3354 4410 3477 4479; x_wconf 87' lang='lat' dir='ltr'><strong>qui-</strong></span> 
     </span>
    </p>
   </div>
   <div class='ocr_carea' id='block_1_104' title="bbox 1890 4500 3471 4572">
    <p class='ocr_par' dir='ltr' id='par_1_104' title="bbox 1890 4500 3471 4572">
     <span class='ocr_line' id='line_1_104' title="bbox 1890 4500 3471 4572; baseline -0.003 -14"><span class='ocrx_word' id='word_1_788' title='bbox 1890 4505 2009 4558; x_wconf 88' lang='lat' dir='ltr'><strong>dem</strong></span> <span class='ocrx_word' id='word_1_789' title='bbox 2043 4503 2276 4572; x_wconf 78' lang='lat' dir='ltr'><strong>fugiunt,</strong></span> <span class='ocrx_word' id='word_1_790' title='bbox 2314 4503 2566 4558; x_wconf 88' lang='lat' dir='ltr'><strong>mulieres</strong></span> <span class='ocrx_word' id='word_1_791' title='bbox 2617 4515 2796 4556; x_wconf 86' lang='lat' dir='ltr'><strong>autem</strong></span> <span class='ocrx_word' id='word_1_792' title='bbox 2860 4502 3026 4558; x_wconf 88' lang='lat' dir='ltr'><strong>fortes</strong></span> <span class='ocrx_word' id='word_1_793' title='bbox 3070 4511 3215 4556; x_wconf 87' lang='lat' dir='ltr'><strong>sunt.</strong></span> <span class='ocrx_word' id='word_1_794' title='bbox 3244 4500 3471 4554; x_wconf 80' lang='lat' dir='ltr'><strong>Mariam</strong></span> 
     </span>
    </p>
   </div>
   <div class='ocr_carea' id='block_1_105' title="bbox 1819 4589 3474 4682">
    <p class='ocr_par' dir='ltr' id='par_1_105' title="bbox 1819 4589 3474 4682">
     <span class='ocr_line' id='line_1_105' title="bbox 1819 4589 3474 4682; baseline -0.002 -36"><span class='ocrx_word' id='word_1_795' title='bbox 1819 4627 1862 4682; x_wconf 66' lang='grc' dir='ltr'>ο</span> <span class='ocrx_word' id='word_1_796' title='bbox 1892 4604 2071 4648; x_wconf 89' lang='lat' dir='ltr'><strong>autem</strong></span> <span class='ocrx_word' id='word_1_797' title='bbox 2106 4604 2333 4648; x_wconf 86' lang='lat' dir='ltr'><strong>matrem</strong></span> <span class='ocrx_word' id='word_1_798' title='bbox 2361 4593 2547 4648; x_wconf 82' lang='lat' dir='ltr'><strong>Jacobi</strong></span> <span class='ocrx_word' id='word_1_799' title='bbox 2575 4605 2630 4647; x_wconf 90' lang='lat' dir='ltr'><strong>et</strong></span> <span class='ocrx_word' id='word_1_800' title='bbox 2671 4593 2819 4658; x_wconf 71' lang='lat' dir='ltr'><strong>lose,</strong></span> <span class='ocrx_word' id='word_1_801' title='bbox 2849 4593 3132 4663; x_wconf 86' lang='lat' dir='ltr'><strong>Deiparam</strong></span> <span class='ocrx_word' id='word_1_802' title='bbox 3196 4592 3348 4646; x_wconf 89' lang='lat' dir='ltr'><strong>dicit.</strong></span> <span class='ocrx_word' id='word_1_803' title='bbox 3379 4589 3474 4643; x_wconf 81' lang='lat' dir='ltr'><strong>Ja-</strong></span> 
     </span>
    </p>
   </div>
   <div class='ocr_carea' id='block_1_106' title="bbox 1892 4684 3472 4755">
    <p class='ocr_par' dir='ltr' id='par_1_106' title="bbox 1892 4684 3472 4755">
     <span class='ocr_line' id='line_1_106' title="bbox 1892 4684 3472 4755; baseline -0.003 -14"><span class='ocrx_word' id='word_1_804' title='bbox 1892 4687 2059 4741; x_wconf 90' lang='lat' dir='ltr'><strong>cobus</strong></span> <span class='ocrx_word' id='word_1_805' title='bbox 2095 4687 2238 4740; x_wconf 90' lang='lat' dir='ltr'><strong>enim</strong></span> <span class='ocrx_word' id='word_1_806' title='bbox 2271 4696 2324 4740; x_wconf 91' lang='lat' dir='ltr'><strong>et</strong></span> <span class='ocrx_word' id='word_1_807' title='bbox 2351 4685 2506 4741; x_wconf 84' lang='lat' dir='ltr'><strong>Joscs</strong></span> <span class='ocrx_word' id='word_1_808' title='bbox 2530 4686 2624 4739; x_wconf 86' lang='lat' dir='ltr'><strong>filii</strong></span> <span class='ocrx_word' id='word_1_809' title='bbox 2657 4695 2811 4740; x_wconf 90' lang='lat' dir='ltr'><strong>erant</strong></span> <span class='ocrx_word' id='word_1_810' title='bbox 2849 4684 3051 4755; x_wconf 78' lang='lat' dir='ltr'><strong>Joseph</strong></span> <span class='ocrx_word' id='word_1_811' title='bbox 3082 4701 3112 4740; x_wconf 88' lang='lat' dir='ltr'><strong>e</strong></span> <span class='ocrx_word' id='word_1_812' title='bbox 3143 4686 3324 4754; x_wconf 90' lang='lat' dir='ltr'><strong>priore</strong></span> <span class='ocrx_word' id='word_1_813' title='bbox 3354 4684 3472 4752; x_wconf 86' lang='lat' dir='ltr'><strong>ejus</strong></span> 
     </span>
    </p>
   </div>
   <div class='ocr_carea' id='block_1_107' title="bbox 1893 4776 3470 4847">
    <p class='ocr_par' dir='ltr' id='par_1_107' title="bbox 1893 4776 3470 4847">
     <span class='ocr_line' id='line_1_107' title="bbox 1893 4776 3470 4847; baseline -0.001 -17"><span class='ocrx_word' id='word_1_814' title='bbox 1893 4793 2079 4832; x_wconf 76' lang='lat' dir='ltr'><strong>uxore.</strong></span> <span class='ocrx_word' id='word_1_815' title='bbox 2116 4776 2316 4832; x_wconf 79' lang='lat' dir='ltr'><strong>Verum</strong></span> <span class='ocrx_word' id='word_1_816' title='bbox 2336 4778 2464 4846; x_wconf 89' lang='lat' dir='ltr'><strong>quia</strong></span> <span class='ocrx_word' id='word_1_817' title='bbox 2485 4777 2719 4846; x_wconf 83' lang='lat' dir='ltr'><strong>Deipara</strong></span> <span class='ocrx_word' id='word_1_818' title='bbox 2748 4793 2884 4832; x_wconf 74' lang='lat' dir='ltr'><strong>uxor</strong></span> <span class='ocrx_word' id='word_1_819' title='bbox 2932 4777 3135 4847; x_wconf 87' lang='lat' dir='ltr'><strong>Joseph</strong></span> <span class='ocrx_word' id='word_1_820' title='bbox 3167 4776 3470 4841; x_wconf 84' lang='lat' dir='ltr'><strong>dicebatur,</strong></span> 
     </span>
    </p>
   </div>
   <div class='ocr_carea' id='block_1_108' title="bbox 1891 4869 3475 4940">
    <p class='ocr_par' dir='ltr' id='par_1_108' title="bbox 1891 4869 3475 4940">
     <span class='ocr_line' id='line_1_108' title="bbox 1891 4869 3475 4940; baseline -0.002 -13"><span class='ocrx_word' id='word_1_821' title='bbox 1891 4873 2084 4927; x_wconf 86' lang='lat' dir='ltr'><strong>merito</strong></span> <span class='ocrx_word' id='word_1_822' title='bbox 2144 4881 2198 4925; x_wconf 90' lang='lat' dir='ltr'><strong>et</strong></span> <span class='ocrx_word' id='word_1_823' title='bbox 2234 4869 2466 4925; x_wconf 88' lang='lat' dir='ltr'><strong>filiorum</strong></span> <span class='ocrx_word' id='word_1_824' title='bbox 2496 4871 2613 4940; x_wconf 89' lang='lat' dir='ltr'><strong>ejus</strong></span> <span class='ocrx_word' id='word_1_825' title='bbox 2669 4871 2950 4925; x_wconf 85' lang='lat' dir='ltr'><strong>dicebatur</strong></span> <span class='ocrx_word' id='word_1_826' title='bbox 3002 4880 3195 4932; x_wconf 89' lang='lat' dir='ltr'><strong>mater,</strong></span> <span class='ocrx_word' id='word_1_827' title='bbox 3243 4871 3345 4926; x_wconf 91' lang='lat' dir='ltr'><strong>hoc</strong></span> <span class='ocrx_word' id='word_1_828' title='bbox 3391 4877 3475 4926; x_wconf 91' lang='lat' dir='ltr'><strong>est</strong></span> 
     </span>
    </p>
   </div>
   <div class='ocr_carea' id='block_1_109' title="bbox 1889 4961 3451 5018">
    <p class='ocr_par' dir='ltr' id='par_1_109' title="bbox 1889 4961 3451 5018">
     <span class='ocr_line' id='line_1_109' title="bbox 1889 4961 3451 5018; baseline -0.001 -1"><span class='ocrx_word' id='word_1_829' title='bbox 1889 4978 2142 5017; x_wconf 81' lang='lat' dir='ltr'><strong>noverca.</strong></span> <span class='ocrx_word' id='word_1_830' title='bbox 2190 4963 2362 5017; x_wconf 80' lang='lat' dir='ltr'><strong>Mater</strong></span> <span class='ocrx_word' id='word_1_831' title='bbox 2422 4971 2605 5017; x_wconf 89' lang='lat' dir='ltr'><strong>autem</strong></span> <span class='ocrx_word' id='word_1_832' title='bbox 2658 4962 2894 5017; x_wconf 76' lang='lat' dir='ltr'><strong>filiorum</strong></span> <span class='ocrx_word' id='word_1_833' title='bbox 2955 4963 3201 5018; x_wconf 64' lang='lat' dir='ltr'><strong>Zebedaai</strong></span> <span class='ocrx_word' id='word_1_834' title='bbox 3257 4961 3451 5017; x_wconf 78' lang='lat' dir='ltr'><strong>Salonu</strong></span> 
     </span>
    </p>
   </div>
   <div class='ocr_carea' id='block_1_110' title="bbox 1889 5054 3294 5127">
    <p class='ocr_par' dir='ltr' id='par_1_110' title="bbox 1889 5054 3294 5127">
     <span class='ocr_line' id='line_1_110' title="bbox 1889 5054 3294 5127; baseline -0.004 -14"><span class='ocrx_word' id='word_1_835' title='bbox 1889 5057 2196 5125; x_wconf 85' lang='lat' dir='ltr'><strong>dicebatur,</strong></span> <span class='ocrx_word' id='word_1_836' title='bbox 2217 5071 2380 5127; x_wconf 87' lang='lat' dir='ltr'><strong>quam</strong></span> <span class='ocrx_word' id='word_1_837' title='bbox 2413 5065 2469 5113; x_wconf 90' lang='lat' dir='ltr'><strong>et</strong></span> <span class='ocrx_word' id='word_1_838' title='bbox 2498 5059 2666 5126; x_wconf 80' lang='lat' dir='ltr'><strong>ipsam</strong></span> <span class='ocrx_word' id='word_1_839' title='bbox 2695 5054 2894 5126; x_wconf 81' lang='lat' dir='ltr'><strong>Joseph</strong></span> <span class='ocrx_word' id='word_1_840' title='bbox 2931 5057 3094 5111; x_wconf 82' lang='lat' dir='ltr'><strong>filiam</strong></span> <span class='ocrx_word' id='word_1_841' title='bbox 3124 5055 3294 5109; x_wconf 88' lang='lat' dir='ltr'><strong>aiunt.</strong></span> 
     </span>
    </p>
   </div>
   <div class='ocr_carea' id='block_1_111' title="bbox 1958 5319 3476 5390">
    <p class='ocr_par' dir='ltr' id='par_1_111' title="bbox 1958 5319 3476 5390">
     <span class='ocr_line' id='line_1_111' title="bbox 1958 5319 3476 5390; baseline 0.001 -16"><span class='ocrx_word' id='word_1_842' title='bbox 1958 5319 2125 5376; x_wconf 77' lang='lat' dir='ltr'><strong>Vens.</strong></span> <span class='ocrx_word' id='word_1_843' title='bbox 2169 5319 2360 5377; x_wconf 83' lang='lat' dir='ltr'><strong>57-6l.</strong></span> <span class='ocrx_word' id='word_1_844' title='bbox 2415 5339 2433 5373; x_wconf 84' lang='grc' dir='ltr'><strong>ι</strong></span> <span class='ocrx_word' id='word_1_845' title='bbox 2475 5319 2714 5390; x_wconf 84' lang='lat' dir='ltr'><strong>Vespere</strong></span> <span class='ocrx_word' id='word_1_846' title='bbox 2745 5330 2924 5376; x_wconf 91' lang='lat' dir='ltr'><strong>autem</strong></span> <span class='ocrx_word' id='word_1_847' title='bbox 2954 5321 3098 5377; x_wconf 88' lang='lat' dir='ltr'><strong>facto</strong></span> <span class='ocrx_word' id='word_1_848' title='bbox 3166 5322 3316 5378; x_wconf 86' lang='lat' dir='ltr'><strong>venit</strong></span> <span class='ocrx_word' id='word_1_849' title='bbox 3375 5322 3476 5376; x_wconf 85' lang='lat' dir='ltr'><strong>bo-</strong></span> 
     </span>
    </p>
   </div>
   <div class='ocr_carea' id='block_1_112' title="bbox 1888 5413 3474 5486">
    <p class='ocr_par' dir='ltr' id='par_1_112' title="bbox 1888 5413 3474 5486">
     <span class='ocr_line' id='line_1_112' title="bbox 1888 5413 3474 5486; baseline 0 -16"><span class='ocrx_word' id='word_1_850' title='bbox 1888 5429 1977 5470; x_wconf 93' lang='lat' dir='ltr'><strong>mo</strong></span> <span class='ocrx_word' id='word_1_851' title='bbox 2001 5415 2150 5470; x_wconf 82' lang='lat' dir='ltr'><strong>dives</strong></span> <span class='ocrx_word' id='word_1_852' title='bbox 2187 5413 2276 5468; x_wconf 71' lang='lat' dir='ltr'><strong>ab&#39;</strong></span> <span class='ocrx_word' id='word_1_853' title='bbox 2318 5413 2672 5479; x_wconf 76' lang='lat' dir='ltr'><strong>Arimathzea,</strong></span> <span class='ocrx_word' id='word_1_854' title='bbox 2712 5416 2932 5469; x_wconf 89' lang='lat' dir='ltr'><strong>nomine</strong></span> <span class='ocrx_word' id='word_1_855' title='bbox 2994 5415 3214 5482; x_wconf 79' lang='lat' dir='ltr'><strong>Joseph,</strong></span> <span class='ocrx_word' id='word_1_856' title='bbox 3239 5425 3291 5471; x_wconf 91' lang='lat' dir='ltr'><strong>et</strong></span> <span class='ocrx_word' id='word_1_857' title='bbox 3359 5417 3474 5486; x_wconf 78' lang='lat' dir='ltr'><strong>ipse</strong></span> 
     </span>
    </p>
   </div>
   <div class='ocr_carea' id='block_1_113' title="bbox 1888 5504 3471 5576">
    <p class='ocr_par' dir='ltr' id='par_1_113' title="bbox 1888 5504 3471 5576">
     <span class='ocr_line' id='line_1_113' title="bbox 1888 5504 3471 5576; baseline -0.001 -13"><span class='ocrx_word' id='word_1_858' title='bbox 1888 5506 2183 5576; x_wconf 86' lang='lat' dir='ltr'><strong>discipulus</strong></span> <span class='ocrx_word' id='word_1_859' title='bbox 2211 5507 2389 5561; x_wconf 86' lang='lat' dir='ltr'><strong>fuerat</strong></span> <span class='ocrx_word' id='word_1_860' title='bbox 2424 5504 2576 5560; x_wconf 80' lang='lat' dir='ltr'><strong>Jesu.</strong></span> <span class='ocrx_word' id='word_1_861' title='bbox 2617 5505 2714 5561; x_wconf 87' lang='lat' dir='ltr'><strong>Hic</strong></span> <span class='ocrx_word' id='word_1_862' title='bbox 2755 5508 2984 5560; x_wconf 67' lang='lat' dir='ltr'><strong>accessit</strong></span> <span class='ocrx_word' id='word_1_863' title='bbox 3025 5508 3089 5560; x_wconf 90' lang='lat' dir='ltr'><strong>ad</strong></span> <span class='ocrx_word' id='word_1_864' title='bbox 3118 5506 3373 5567; x_wconf 86' lang='lat' dir='ltr'><strong>Pilatum,</strong></span> <span class='ocrx_word' id='word_1_865' title='bbox 3409 5521 3471 5561; x_wconf 92' lang='lat' dir='ltr'><strong>ac</strong></span> 
     </span>
    </p>
   </div>
   <div class='ocr_carea' id='block_1_114' title="bbox 1889 5596 3472 5671">
    <p class='ocr_par' dir='ltr' id='par_1_114' title="bbox 1889 5596 3472 5671">
     <span class='ocr_line' id='line_1_114' title="bbox 1889 5596 3472 5671; baseline -0.001 -17"><span class='ocrx_word' id='word_1_866' title='bbox 1889 5600 2180 5671; x_wconf 76' lang='lat' dir='ltr'><strong>postulavit</strong></span> <span class='ocrx_word' id='word_1_867' title='bbox 2223 5613 2420 5667; x_wconf 90' lang='lat' dir='ltr'><strong>corpus</strong></span> <span class='ocrx_word' id='word_1_868' title='bbox 2451 5597 2606 5652; x_wconf 74' lang='lat' dir='ltr'><strong>Jesu.</strong></span> <span class='ocrx_word' id='word_1_869' title='bbox 2642 5596 2794 5651; x_wconf 87' lang='lat' dir='ltr'><strong>Tunc</strong></span> <span class='ocrx_word' id='word_1_870' title='bbox 2845 5596 3048 5651; x_wconf 83' lang='lat' dir='ltr'><strong>Pilatus</strong></span> <span class='ocrx_word' id='word_1_871' title='bbox 3102 5599 3264 5667; x_wconf 88' lang='lat' dir='ltr'><strong>jussit</strong></span> <span class='ocrx_word' id='word_1_872' title='bbox 3319 5599 3472 5652; x_wconf 87' lang='lat' dir='ltr'><strong>reddi</strong></span> 
     </span>
    </p>
   </div>
   <div class='ocr_carea' id='block_1_115' title="bbox 1885 5689 3470 5762">
    <p class='ocr_par' dir='ltr' id='par_1_115' title="bbox 1885 5689 3470 5762">
     <span class='ocr_line' id='line_1_115' title="bbox 1885 5689 3470 5762; baseline -0.002 -16"><span class='ocrx_word' id='word_1_873' title='bbox 1885 5706 2104 5762; x_wconf 85' lang='lat' dir='ltr'><strong>corpus.</strong></span> <span class='ocrx_word' id='word_1_874' title='bbox 2139 5691 2354 5745; x_wconf 83' lang='lat' dir='ltr'><strong>Etcum</strong></span> <span class='ocrx_word' id='word_1_875' title='bbox 2410 5692 2710 5757; x_wconf 86' lang='lat' dir='ltr'><strong>accepisset</strong></span> <span class='ocrx_word' id='word_1_876' title='bbox 2748 5705 2941 5759; x_wconf 83' lang='lat' dir='ltr'><strong>corpus</strong></span> <span class='ocrx_word' id='word_1_877' title='bbox 2992 5690 3215 5758; x_wconf 80' lang='lat' dir='ltr'><strong>Joseph,</strong></span> <span class='ocrx_word' id='word_1_878' title='bbox 3251 5689 3470 5743; x_wconf 87' lang='lat' dir='ltr'><strong>involvit</strong></span> 
     </span>
    </p>
   </div>
   <div class='ocr_carea' id='block_1_116' title="bbox 1885 5784 3472 5852">
    <p class='ocr_par' dir='ltr' id='par_1_116' title="bbox 1885 5784 3472 5852">
     <span class='ocr_line' id='line_1_116' title="bbox 1885 5784 3472 5852; baseline -0.006 -12"><span class='ocrx_word' id='word_1_879' title='bbox 1885 5787 2013 5840; x_wconf 88' lang='lat' dir='ltr'><strong>illud</strong></span> <span class='ocrx_word' id='word_1_880' title='bbox 2047 5786 2098 5838; x_wconf 92' lang='lat' dir='ltr'><strong>in</strong></span> <span class='ocrx_word' id='word_1_881' title='bbox 2136 5784 2363 5840; x_wconf 89' lang='lat' dir='ltr'><strong>sindone</strong></span> <span class='ocrx_word' id='word_1_882' title='bbox 2407 5784 2627 5846; x_wconf 89' lang='lat' dir='ltr'><strong>munda,</strong></span> <span class='ocrx_word' id='word_1_883' title='bbox 2686 5786 2970 5852; x_wconf 87' lang='lat' dir='ltr'><strong>posuitque</strong></span> <span class='ocrx_word' id='word_1_884' title='bbox 3005 5784 3133 5838; x_wconf 90' lang='lat' dir='ltr'><strong>illud</strong></span> <span class='ocrx_word' id='word_1_885' title='bbox 3164 5785 3213 5836; x_wconf 91' lang='lat' dir='ltr'><strong>in</strong></span> <span class='ocrx_word' id='word_1_886' title='bbox 3281 5797 3472 5835; x_wconf 76' lang='lat' dir='ltr'><strong>monu-</strong></span> 
     </span>
    </p>
   </div>
   <div class='ocr_carea' id='block_1_117' title="bbox 1888 5875 3469 5947">
    <p class='ocr_par' dir='ltr' id='par_1_117' title="bbox 1888 5875 3469 5947">
     <span class='ocr_line' id='line_1_117' title="bbox 1888 5875 3469 5947; baseline -0.003 -14"><span class='ocrx_word' id='word_1_887' title='bbox 1888 5889 2066 5934; x_wconf 84' lang='lat' dir='ltr'><strong>mento</strong></span> <span class='ocrx_word' id='word_1_888' title='bbox 2095 5894 2191 5932; x_wconf 90' lang='lat' dir='ltr'><strong>suo</strong></span> <span class='ocrx_word' id='word_1_889' title='bbox 2223 5894 2382 5945; x_wconf 81' lang='lat' dir='ltr'><strong>novo,</strong></span> <span class='ocrx_word' id='word_1_890' title='bbox 2416 5877 2558 5947; x_wconf 87' lang='lat' dir='ltr'><strong>quod</strong></span> <span class='ocrx_word' id='word_1_891' title='bbox 2581 5877 2854 5932; x_wconf 80' lang='lat' dir='ltr'><strong>exciderat</strong></span> <span class='ocrx_word' id='word_1_892' title='bbox 2889 5877 2939 5931; x_wconf 89' lang='lat' dir='ltr'><strong>in</strong></span> <span class='ocrx_word' id='word_1_893' title='bbox 2969 5888 3142 5946; x_wconf 84' lang='lat' dir='ltr'><strong>petra,</strong></span> <span class='ocrx_word' id='word_1_894' title='bbox 3171 5889 3226 5931; x_wconf 90' lang='lat' dir='ltr'><strong>ct</strong></span> <span class='ocrx_word' id='word_1_895' title='bbox 3303 5875 3469 5929; x_wconf 79' lang='lat' dir='ltr'><strong>advo-</strong></span> 
     </span>
    </p>
   </div>
  </div>
