4080 6336
173 390 291 457 477

746 392 1197 453 ΕΝΑΒΒᾹΤΙΟ
1234 395 1312 453 1N
1364 395 1751 457 EVANGE’Ll

1858 396 1872 455 [
1912 396 2303 458 ΜΑἸἾῊᾸΞῙ.
2338 420 2405 432 ·-
2448 396 2611 457 CAP.
2646 396 2925 459 XXVIII.

3350 399 3459 463 l'H

172 512 407 580 κήτους,
434 507 583 564 οὕτω
610 509 705 563 καὶ
752 507 865 574 ἐγὼ
896 512 954 561 ἑν
1009 513 1075 580 τῇ
1107 512 1289 580 κοιλίᾳ
1332 514 1436 583 τῆς
1482 515 1611 583 γῆς·
1642 535 1661 568 ,
1719 516 1755 586 η

1860 517 1981 577 boc,
2017 533 2037 566 ι
2076 516 2218 583 quod
2275 514 2428 582 prius
2485 528 2592 568 non
2658 514 3077 577 intellexerunt,
3151 512 3245 567 sed
3304 527 3461 582 puta-

173 602 281 655 καὶ
296 603 403 656 ἀπὺ
419 600 533 654 τοῦ·
555 618 574 651 ι
600 599 825 653 Λύσατε-
838 600 930 652 τὸν
951 600 1075 654 ναὸν
1093 601 1301 655 τοῦτον·
1317 623 1336 656 ι
1366 605 1631 675 πρότερον
1669 608 1768 677 μὲν

170 697 296 764 γὰρ
327 695 401 765 μὴ
440 694 731 761 νοήσαντες
762 694 942 756 τοῦτο,
970 692 1105 745 ἀλλὰ
1133 696 1481 764 νομίσαντες,
1527 699 1610 751 ὅτι
1640 700 1769 769 περὶ

170 788 276 840 τοῦ
309 785 434 838 ναοῦ
462 786 608 853 λέγει
636 786 733 838 τοῦ
785 786 1099 847 Ἰουδαϊκοῦ.
1134 790 1631 859 κατεμαρτύρησαν
1665 793 1768 844 αὑο

171 879 279 931 τοῦ
308 894 322 909 ο
351 878 449 931 νῦν
470 878 527 930 δὲ
554 879 793 945 γνόντες,
819 879 901 930 ὅτι
924 882 1047 930 ναὸν
1081 878 1233 946 ἔλεγε
1264 884 1324 932 τὸ
1352 883 1513 951 σῶμα
1529 882 1589 935 τδ
1613 883 1763 950 ῐδιον,

170 968 503 1037 φοϐοῦνται,
542 969 636 1021 καὶ
667 967 869 1020 πλάνον
894 970 1054 1021 αὑτὸν
1084 971 1443 1037 ἀποκαλοῦσι,
1478 974 1614 1044 μηδὲ
1668 992 1767 1043 μεο

169 1061 251 1113 τὰ
284 1061 513 1114 θάνατον
537 1060 635 1127 τὴν
669 1061 867 1114 κακίαν
890 1060 1169 1124 λύσαντες.
1204 1064 1523 1119 Κουστωδία
1578 1066 1635 1118 δὲ
1680 1068 1767 1120 λέ-

168 1164 337 1217 γεται
371 1149 521 1218 παρὰ
560 1150 849 1219 Ῥωμαίοις
898 1151 930 1220 ἡ
982 1150 1196 1221 φυλακή
1233 1169 1247 1183 ο
1279 1154 1405 1217 τοὺς
1442 1154 1535 1207 οὖν
1562 1156 1654 1207 ἐπὶ
1686 1156 1765 1227 τῷ

170 1242 474 1310 φυλάττειν
541 1243 911 1311 τεταγμένους
988 1244 1361 1313 στρατιώτας,
1434 1247 1765 1303 κουστωδίαν

168 1334 458 1403 ὀνομάζει.

756 1449 1011 1504 ΚΕΦΑΔ.
1045 1450 1182 1507 κη’.

166 1558 329 1635 Περὶ,
350 1558 461 1626 τῆς
490 1560 597 1635 τοῦ
630 1562 851 1635 κυρίου
886 1564 1297 1630 ἀναστάσεως.
1331 1569 1469 1632 Περὶ
1502 1564 1621 1619 τῶν
1649 1584 1763 1635 ρυ-

247 1629 456 1702 λάκῳν
475 1630 589 1702 τοῦ
619 1630 836 1698 τάφου,
860 1637 1179 1699 μαρτύρων
1205 1629 1317 1701 τῆς
1342 1629 1758 1702 ἁῦαστάσέως.

250 1699 393 1772 Περὶ
428 1698 537 1765 τῆς
576 1698 956 1767 ἐμφανισέωςέ
996 1698 1102 1757 τοῦ
1146 1698 1406 1772 Χριστοῦ
1446 1706 1570 1772 τοῖς
1612 1698 1762 1761 άπὸ-

246 1770 497 1835 στόλοις
531 1772 629 1822 καί
662 1772 947 1837 γυναιξίν
973 1772 1045 1826 ἐν
1071 1776 1123 1826 Γ
1126 1770 1395 1842 alliam.

253 1899 273 1931 ι
322 1880 450 1949 Ὀψὲ
494 1881 550 1935 δὲ
596 1882 913 1949 Σαϐϐάτων,
956 1889 1021 1956 τῇ
1070 1888 1458 1959 ἐπιφωσκούσῃ
1504 1891 1584 1952 είς
1632 1891 1760 1959 μίαν
1793 1854 1835 1907 Β

169 1970 505 2039 Σαϐϐάτων,
546 1969 677 2044 ἦλθε
719 1976 909 2044 Μαρία
948 1979 982 2047 ἡ
1023 1979 1361 2049 Μαγδαληνὴ
1403 1982 1500 2033 καὶ
1542 1983 1576 2050 ἠ
1622 1981 1756 2050 άλλη

166 2061 399 2131 Μαρία,
430 2062 703 2134 θεωρῆσαι
731 2065 822 2117 τὸν
852 2067 1043 2134 τάφον.
1079 2071 1187 2123 Καὶ
1226 2070 1336 2123 ίδοὺ
1373 2073 1597 2140 σεισμὸς
1632 2075 1755 2139 ἑγέ-

166 2167 299 2205 νετο
331 2154 505 2221 μέγας
532 2170 545 2184 ⁸
580 2155 808 2223 ἄγγελος
838 2158 948 2227 γὰρ
982 2160 1188 2227 Κυρίου
1224 2163 1469 2225 καταϐὰς
1502 2163 1561 2228 ἑξ
1591 2166 1757 2234 οὐρα-

167 2244 290 2307 νοῦ,
321 2245 635 2313 προσελθὼν
664 2247 963 2301 ἀπεκύλισε
998 2250 1087 2302 τὸν
1116 2251 1264 2303 λίθον
1296 2255 1405 2305 ἀπὸ
1433 2259 1533 2321 τῆς
1563 2255 1754 2325 θύρας,

166 2338 269 2387 καὶ
308 2337 545 2403 ἐκάθητο
580 2340 765 2393 ἑπάνω
802 2341 970 2394 αὑτοῦ
995 2358 1010 2372 ·
1046 2338 1115 2413 ἦν
1154 2344 1212 2396 δὲ
1248 2347 1281 2413 ἡ
1325 2347 1437 2398 ἰδέα
1475 2348 1642 2399 αὑτοῦ
1680 2349 1757 2411 ὡς

169 2428 456 2498 ἀστραπὴ,
482 2431 573 2482 καὶ
601 2432 660 2482 τὸ
686 2431 890 2501 ἔνδυμα
916 2433 1083 2486 αὑτοῦ
1111 2434 1301 2488 λευκὸν
1326 2438 1403 2499 ὠς
1432 2438 1586 2506 χιών.
1622 2440 1757 2492 Ἀπδ

168 2519 227 2571 δὲ
252 2518 346 2571 τοῦ
374 2520 541 2587 φόϐου
566 2522 729 2574 αὐτοῦ
756 2524 1079 2593 ἐσείσθησαν
1102 2527 1150 2577 οἱ
1176 2544 1240 2595 τη
1250 2527 1491 2597 ροῦντες,
1518 2530 1612 2579 καὶ
1636 2531 1756 2596 ὲγέ-

169 2626 328 2663 νοντο
352 2611 483 2663 ὡσεὶ
506 2612 711 2681 νεκροί.
745 2614 1090 2683 Ἀποκριθεὶς
1113 2616 1169 2667 δὲ
1194 2618 1222 2668 6
1242 2618 1472 2683 ἄγγελος
1498 2616 1618 2671 εἶπε
1638 2623 1755 2682 ταῖς

176 2698 389 2764 γυναιξί
412 2716 425 2728 ·
450 2699 542 2769 Μὴ
579 2700 828 2767 φοϐεῖσθε
868 2703 1045 2771 ὑμεῖς.
1085 2700 1215 2757 Οἶδα
1249 2706 1392 2775 γὰρ,
1430 2708 1512 2759 ὅτι
1550 2705 1755 2777 Ἰησοῦν

166 2788 266 2840 τὸν
301 2790 717 2860 ἐσταυρωμένον
752 2792 1003 2861 ζητεῖτε’
1038 2796 1138 2847 οὐκ
1178 2796 1325 2849 ἐστιν
1366 2793 1468 2850 ὦδε
1490 2814 1504 2827 ⁸
1543 2800 1753 2870 ἠγέρθη

170 2880 305 2947 γὰρ,
331 2881 512 2943 καθὼς
540 2878 680 2934 εἶπε.
705 2883 893 2948 Δεῦτε,
920 2885 1087 2937 εἴδετε
1114 2886 1204 2941 τὸν
1228 2888 1393 2941 τόπον
1414 2890 1553 2942 ὅπου
1580 2891 1755 2944 ἔκειτο

167 2973 199 3023 6
236 2970 441 3040 Κύριος
464 2990 478 3001 ’
519 2974 611 3025 καὶ
640 2976 776 3043 ταχὺ
812 2976 1159 3045 πορευθεῖσαι
1192 2978 1389 3031 εῖπατε
1423 2982 1537 3043 τοῖς
1574 2981 1755 3051 μαθη-

168 3065 296 3126 ταῖς
336 3064 522 3129 αὐτοῦ,
562 3066 642 3117 ὅτι
689 3067 899 3137 ἠγέρθη
942 3068 1050 3121 ἀπὸ
1084 3069 1195 3121 τῶν
1232 3071 1463 3139 νεκρῶν,
1505 3073 1598 3125 καὶ
1643 3072 1753 3125 ἰδοὺ

1873 603 2005 657 bant
2030 603 2171 672 quod
2202 604 2269 657 de
2299 602 2500 671 templo
2544 600 2773 656 Iudaico
2798 602 3047 664 sentiret,
3079 611 3133 655 et
3160 601 3282 654 ideo
3306 603 3453 656 testi-

1874 697 2113 749 monium
2140 695 2243 749 hoc
2307 702 2497 748 contra
2524 709 2647 747 eum
2676 694 3015 761 protulerunt
3055 710 3069 745 :
3101 708 3244 744 nunc
3273 704 3452 748 autem

1870 787 1961 841 ubi
2015 797 2424 857 cognoverunt,
2486 787 2628 854 quod
2683 786 2945 854 templum
2986 785 3199 837 dixerat
3256 800 3455 848 corpus

1871 878 2176 947 proprium,
2199 878 2415 943 timent,
2446 888 2503 931 et
2572 880 2919 945 impostorein
2984 891 3106 928 eum
3168 881 3451 941 cognomi-

1873 981 2029 1037 nant,
2066 988 2244 1040 neque
2268 982 2389 1040 post
2419 981 2648 1025 mortem
2691 986 2720 1024 a
2761 971 2960 1023 malitia
2991 980 3227 1023 cessant.
3285 969 3453 1025 Caete-

1869 1081 1988 1123 rum
2012 1066 2256 1120 custodia
2290 1064 2593 1117 Romanum
2636 1077 2833 1117 nomen
2866 1074 2944 1115 est
2981 1080 2996 1115 :
3033 1062 3233 1116 milites
3274 1062 3458 1128 itaque

1868 1156 1936 1211 ad
1977 1158 2391 1212 custodiendum
2447 1156 2730 1211 ordinatos
2770 1155 3076 1209 custodiam
3120 1153 3453 1224 evangelista

1867 1247 2139 1302 nominat.

2405 1445 2639 1502 CAPUT
2677 1445 2916 1502 XXVIII.

1870 1561 1946 1615 De
1998 1562 2383 1615 resurrectione
2431 1561 2661 1616 Domini.
2721 1562 2796 1614 De
2846 1564 3153 1617 custodibus
3194 1562 3448 1630 sepulcri,

1940 1632 2233 1697 iisdemque
2285 1634 2684 1685 resurrectionis
2726 1634 2963 1686 testibus.
3000 1633 3077 1687 De
3118 1634 3451 1699 apparitione

1937 1701 2137 1754 Christi
2177 1702 2325 1768 facta
2382 1703 2634 1769 apostolis
2677 1710 2727 1755 et
2762 1702 3069 1756 mulieribus
3109 1704 3164 1756 in
3201 1702 3447 1759 Calilma.

1935 1850 2101 1927 Visus.
2134 1871 2257 1925 1-8.
2293 1871 2529 1938 Vespera
2565 1881 2743 1925 autem
2782 1870 3166 1934 Sabbatorum,
3202 1887 3321 1939 quze
3362 1870 3447 1925 lu-

1860 1964 2033 2017 cescit
2063 1964 2115 2014 in
2144 1976 2306 2015 unam
2341 1960 2723 2026 Sabbatorum,
2756 1961 2905 2014 venit
2932 1960 3102 2014 Maria
3126 1959 3446 2026 Magdalene

1859 2062 1915 2106 et
1940 2053 2109 2106 altera
2141 2050 2311 2104 Maria
2347 2060 2405 2105 ut
2433 2050 3029 2119 viderentsepulerum.
3065 2051 3129 2105 Et
3162 2066 3291 2107 ecce
3324 2061 3442 2106 ter-

1862 2160 1934 2196 ra:
1959 2153 2139 2197 motus
2174 2141 2349 2195 fat-tus
2381 2153 2462 2195 est
2494 2156 2740 2208 magnus.
2780 2141 3017 2210 Angelus
3054 2142 3199 2195 enim
3228 2141 3446 2197 Domini

1859 2230 2139 2284 descendit
2166 2229 2235 2283 de
2263 2230 2422 2296 uelo,
2447 2239 2501 2283 et
2529 2230 2795 2284 accedens
2835 2230 3065 2285 revolvit
3110 2230 3344 2301 lapidem
3377 2232 3446 2287 ab

1861 2321 2029 2383 ostio,
2062 2318 2397 2387 sedebatque
2426 2335 2591 2389 super
2627 2336 2774 2373 eum.
2810 2320 2941 2375 Erat
2969 2331 3149 2377 autem
3193 2335 3446 2391 aspectus

1859 2411 1976 2479 ejus
2019 2412 2161 2464 sicut
2212 2409 2409 2479 fulgur,
2448 2420 2503 2464 et
2554 2412 2936 2466 vestimentum
2990 2411 3107 2479 ejus
3150 2413 3443 2468 candidum

1859 2502 2002 2555 sicut
2033 2502 2146 2556 nix.
2171 2504 2287 2557 Prae
2321 2503 2515 2557 timore
2547 2514 2725 2557 autem
2750 2504 2870 2573 ejus
2898 2492 3150 2560 concussl
3183 2514 3309 2559 sunt
3342 2520 3443 2559 cu-

1858 2591 2064 2655 stodes,
2090 2601 2145 2646 et
2175 2595 2302 2647 lacti
2337 2605 2465 2647 sunt
2495 2596 2657 2647 veluti
2684 2595 2907 2649 mortui.
2948 2594 3306 2664 Respondeus
3339 2610 3443 2650 au-

1860 2692 1965 2735 tem
2004 2684 2227 2751 angelus
2257 2685 2391 2737 dixit
2428 2684 2745 2738 mulieribus
2790 2702 2805 2738 :
2838 2684 3017 2739 Nolite
3062 2687 3257 2738 timere
3296 2699 3436 2739 vos:

1858 2772 1971 2824 scio
2002 2776 2143 2825 enim
2180 2777 2322 2841 quod
2351 2773 2376 2827 .l
2416 2790 2537 2826 sum
2569 2778 2657 2842 qui
2694 2776 2987 2828 cruciﬁxus
3020 2783 3124 2841 est,
3159 2775 3441 2843 quaeritis;

1857 2880 1962 2918 non
2014 2876 2097 2917 est
2157 2866 2265 2929 hic,
2310 2871 2551 2919 surrexit
2599 2868 2773 2931 enim,
2821 2867 2964 2920 sicut
3011 2866 3169 2921 dixit.
3228 2866 3443 2928 Venite,

1861 2956 2037 3010 videte
2094 2956 2270 3011 locum
2326 2958 2416 3012 ubi
2470 2961 2679 3028 positus
2727 2968 2847 3012 erat
2883 2957 3168 3013 Dominus.
3218 2957 3288 3013 Et
3334 2961 3444 3014 cito

1858 3057 2075 3112 euntes,
2104 3049 2269 3104 dicite
2298 3050 2581 3119 discipulis
2613 3051 2734 3118 ejus
2763 3053 2908 3120 quod
2945 3050 3187 3105 surrexit
3226 3066 3257 3105 a
3289 3066 3440 3104 mor-

167 3154 405 3222 προάγει
431 3155 575 3225 ὑμᾶς
599 3158 679 3219 είς
700 3157 797 3225 τὴν
822 3158 1137 3212 Γαλιλαίαν.
1163 3160 1310 3212 Ἐκεῖ
1335 3138 1499 3215 αὑτὸν
1522 3163 1720 3232 ὄψεσθε
1737 3182 1749 3193 '

1860 3141 1986 3207 tuis,
2039 3153 2094 3195 et
2141 3155 2271 3196 ecce
2311 3144 2567 3211 praecedit
2615 3158 2711 3197 vos
2763 3144 2816 3197 iu
2855 3138 3172 3207 Galilaeam,
3207 3143 3277 3197 ibi
3316 3156 3441 3195 eum

171 3243 287 3297 ἰδοὺ
322 3242 474 3299 εἷπον
500 3248 647 3315 ὑμῖν.
680 3250 791 3301 Καὶ
823 3248 1137 3313 ἐξελθοῦσαι
1167 3253 1305 3322 ταχὺ
1340 3254 1451 3305 ἀπὸ
1479 3254 1573 3307 τοῦ
1610 3274 1747 3325 μνη-

172 3336 331 3405 μείου
357 3337 495 3406 μετά
518 3338 684 3407 φόϐου
710 3341 800 3391 καὶ
825 3342 1000 3409 χαρᾶς
1023 3343 1288 3411 μεγάλης,
1314 3343 1549 3415 ἔδραμον
1574 3348 1753 3415 ἀπαγ-

168 3429 349 3495 γεῖλαι
370 3434 486 3492 τοῖς
513 3431 779 3500 μαθηταῖς
804 3434 991 3487 αὑτοῦ.
1024 3454 1043 3485 ι
1072 3436 1145 3487 Τὸ
1168 3436 1265 3504 6ψὲ
1294 3438 1607 3501 Σαϐϐάτων,
1634 3435 1752 3493 ἶσόν

171 3524 293 3572 ἑστι
324 3521 403 3590 τῷ
436 3523 585 3589 παρὰ
618 3523 696 3593 τῷ
730 3526 914 3595 Λουκᾷ
948 3527 1258 3595 εἰρημένῳ,
1294 3526 1493 3597 ὄρθρου
1532 3529 1749 3598 βαθέος,

169 3612 269 3662 καὶ
316 3610 395 3679 τῷ
439 3614 591 3681 παρὰ
629 3615 706 3682 τῷ
749 3616 983 3683 Μάρκῳ,
1025 3615 1145 3667 λίαν
1186 3616 1330 3685 πρωῒ
1373 3618 1754 3680 ἀνατείλαντος

170 3702 269 3753 τοῦ
315 3702 491 3770 ἡλίου.
523 3705 713 3757 Ἥλιον
754 3705 861 3774 γὰρ
904 3706 1137 3760 ἐνταῦθα
1168 3713 1309 3761 νοεῖν
1340 3710 1625 3777 ὀφείλομεν
1658 3711 1754 3774 τὰς

170 3792 432 3861 ὀρθρινάς
461 3794 557 3846 τοῦ
591 3795 743 3863 ἡλίου
776 3797 950 3863 αὐγάς
975 3814 989 3827 ·
1029 3799 1124 3866 ἀφ’
1144 3791 1205 3850 οὗ
1240 3802 1349 3866 γὰρ
1381 3802 1413 3871 ἡ
1446 3801 1605 3870 ὀγδόη
1637 3802 1755 3871 ὥρα

172 3887 276 3953 τῆς
306 3888 499 3947 νυκτὸς
532 3890 886 3957 ἐπιλάϐηται,
922 3890 1113 3943 ἔκτοτε
1150 3894 1182 3959 ἠ
1220 3893 1362 3962 ἀρχὴ
1394 3896 1492 3959 τῆς
1528 3895 1755 3962 μελλούα

176 3995 276 4047 σης
311 3978 558 4047 ἡμέρας,
591 3981 685 4032 καὶ
718 3982 751 4048 ὴ
789 3982 969 4045 πρωῖα
1002 3982 1151 4034 δοκεῖ
1185 3984 1561 4039 ἐπιλαϐέσθαι.
1618 3986 1753 4037 Τότε

171 4070 371 4133 τοίνυν,
400 4068 497 4137 ὀψὲ
532 4070 629 4137 μὲν
651 4064 719 4140 ἦν
744 4068 1046 4135 Σαϐϐάτου,
1076 4072 1218 4139 ἀρχὴ
1240 4072 1296 4124 δὲ
1322 4074 1421 4140 τῆς
1450 4075 1753 4143 Κυριακῆς,

172 4158 243 4229 ἢ)
276 4156 403 4227 μίαν
436 4160 544 4211 τῶν
577 4160 871 4212 Σαϐϐάτων
902 4161 1181 4229 ὀνομάζει.
1217 4162 1469 4215 Σάϐϐατα
1515 4166 1613 4231 μὲν
1644 4154 1754 4233 γάρ

172 4252 362 4318 ἔλεγον
386 4252 482 4314 τὰς
508 4253 612 4320 ἠμέ
624 4268 721 4321 ρας
742 4252 841 4319 τῆς
868 4252 1183 4321 ἑϐδομάδος.
1211 4254 1354 4304 Μίαν
1381 4253 1460 4315 δὲ,
1486 4254 1584 4323 τὴν
1610 4253 1755 4323 πρώ-

172 4358 297 4407 την,
338 4340 479 4393 ὦστε
509 4337 650 4393 εἶναι
677 4344 775 4410 τὴν
806 4343 1110 4411 Κυριακὴν,
1146 4344 1274 4411 μίαν
1301 4343 1411 4395 τῶν
1438 4345 1751 4408 Σαϐϐάτων,

174 4430 441 4495 τουτέστι,
476 4428 698 4499 πρώτην
727 4432 835 4483 τῶν
866 4432 1091 4501 ἡμερῶν
1123 4432 1222 4501 τῆς
1254 4432 1547 4501 ἑϐδομάδος
1567 4450 1580 4462 ·
1616 4436 1753 4503 πρὸς

1858 3234 2107 3287 videbitis
2139 3253 2153 3288 :
2186 3249 2317 3289 ecce
2357 3235 2470 3289 dixi
2508 3236 2681 3290 vobis.
2724 3233 2789 3288 Et
2831 3236 3093 3307 digressae
3124 3236 3379 3291 celeriter
3408 3249 3441 3289 α

1856 3336 2210 3378 monumento
2239 3341 2361 3378 cum
2397 3326 2591 3381 timore
2615 3336 2668 3380 et
2696 3328 2894 3396 gaudio
2920 3344 3117 3396 magno
3148 3328 3443 3383 currebant

1858 3432 1917 3475 ut
1962 3424 2340 3481 renuntiarent
2379 3424 2663 3490 discipulis
2692 3424 2836 3491 ejus.
2887 3443 2906 3476 ι
2951 3422 3193 3495 Vespera
3230 3424 3443 3480 Sabba—

1859 3523 2034 3567 torum
2068 3515 2257 3568 cadent
2284 3525 2365 3567 est
2400 3530 2522 3567 cum
2555 3514 2825 3583 profundo
2852 3517 3173 3584 crepusculo
3218 3516 3442 3570 diluculi

1857 3607 1995 3673 apud
2018 3601 2241 3670 Lucam,
2268 3615 2321 3658 et
2352 3605 2502 3659 valde
2532 3621 2687 3659 inane
2725 3606 2842 3659 sole
2884 3609 3099 3662 oriente
3129 3608 3268 3676 apud
3296 3606 3443 3660 Mar-

1857 3710 2002 3749 cum.
2034 3696 2211 3749 Solem
2242 3698 2385 3749 enim
2421 3713 2487 3749 eo
2530 3696 2647 3750 loco
2690 3697 2993 3765 intelligere
3024 3700 3289 3754 debemus
3326 3714 3443 3752 ma-

1859 3787 2065 3840 tutinus
2109 3787 2241 3840 solis
2291 3788 2495 3841 radios.
2527 3788 2607 3839 Ab
2648 3798 2840 3841 octava
2888 3790 3031 3843 enim
3084 3792 3218 3844 liora
3268 3790 3443 3845 noctis

1857 3878 2181 3947 principiqu
2229 3888 2313 3931 est
2354 3876 2521 3931 futuri
2567 3878 2696 3944 diei,
2745 3889 2800 3932 et
2850 3880 3177 3934 matutinum
3224 3881 3445 3936 videtur

1858 3980 2135 4037 appetere.
2168 3968 2322 4023 Tunc
2357 3971 2524 4039 igitur
2546 3985 2827 4039 vesperum
2861 3981 2979 4025 erat
3007 3972 3253 4035 Sabbati,
3286 3974 3442 4041 prin-

1858 4062 2058 4127 cipium
2091 4071 2271 4114 autem
2305 4061 2578 4115 Dontittit'i
2605 4062 2735 4126 diei,
2768 4078 2929 4129 quam
2963 4079 3124 4117 unam
3168 4062 3442 4118 Sabbato-

1860 4169 1976 4207 rum
2024 4154 2287 4207 nominat.
2324 4151 2567 4208 Sabbata
2606 4155 2750 4209 enim
2786 4157 3042 4210 dicebant
3086 4156 3205 4211 dies
3236 4157 3443 4211 bebdo-

1858 4245 2049 4299 madm.
2115 4243 2290 4299 Unam
2344 4254 2569 4306 autem,
2628 4245 2732 4299 Itoc
2784 4256 2872 4301 est
2928 4247 3184 4315 primaut,
3244 4248 3320 4301 ita
3379 4260 3441 4301 ut

1858 4336 2170 4391 Dominicus
2201 4336 2319 4390 dies
2353 4352 2458 4389 uua
2483 4338 2555 4390 sit
2580 4336 2968 4404 Sabbatorum,
2994 4340 3095 4393 boc
3126 4351 3233 4403 est,
3260 4340 3438 4410 prima

1855 4427 2068 4481 dierum
2116 4428 2493 4481 hebdomadis.
2530 4429 2612 4482 Ad
2662 4429 2896 4498 primam
2946 4432 3090 4484 enim
3145 4432 3331 4485 statim
3384 4440 3441 4485 et

174 4519 283 4589 γάρ
310 4519 409 4589 τὴν
441 4520 663 4589 πρώτην
694 4522 855 4585 εὐθὺς
888 4524 981 4573 καὶ
1016 4525 1049 4592 ὴ
1084 4523 1315 4594 δευτέρα
1346 4523 1598 4590 λέγεται,
1632 4521 1753 4578 εἶτα

1858 4520 2095 4573 secunda
2121 4520 2348 4583 dicitur,
2376 4518 2573 4574 deinde
2600 4522 2782 4585 tertia,
2806 4532 2863 4575 et
2892 4522 3150 4590 deinceps
3192 4523 3434 4592 reliquae.

176 4615 210 4682 ἡ
232 4613 412 4682 τρίτη.
436 4614 531 4667 καὶ
556 4614 682 4684 ἑξῆς
708 4616 764 4667 al
788 4615 991 4668 λοιπαί.
1019 4615 1242 4684 Ἀνέστη
1269 4617 1447 4667 τοίνυν
1468 4617 1496 4667 6
1522 4616 1747 4687 Κύριος,

176 4707 255 4758 ἑτι
280 4706 374 4758 τοῦ
403 4706 550 4758 λίθου
576 4708 926 4775 ἐπικειμένου
959 4706 1034 4776 τῷ
1058 4709 1215 4775 τάφῳ
1235 4724 1249 4737 ⁸
1285 4708 1422 4777 μετὰ
1448 4708 1503 4761 δὲ
1532 4709 1591 4760 τὸ
1620 4712 1750 4763 ἀνα-

179 4798 370 4867 στῆναι
397 4800 489 4851 τὺν
517 4799 741 4869 Κύριον,
775 4799 870 4851 καὶ
894 4802 921 4851 ὁ
952 4799 1185 4866 ἄγγελος
1216 4799 1459 4869 ἔρχεται,
1498 4800 1585 4851 ἵνα
1616 4802 1749 4853 ἀποο

179 4891 400 4953 κυλίσας
422 4892 515 4944 τὸν
537 4892 705 4953 λίθον,
733 4891 843 4962 δώῃ
872 4893 1104 4963 πάροδον
1129 4894 1251 4954 ταῖς
1279 4893 1527 4960 γυναιξὶν
1552 4894 1633 4954 είς
1658 4895 1749 4945 τὸν

178 4983 367 5049 τάφον.
400 4982 631 5053 Σεισμδς
660 4983 717 5035 δὲ
748 4984 979 5049 γίνεται,
1014 4984 1099 5035 ἵνα
1130 4984 1543 5051 άφυπνισθῶσιν
1566 4987 1617 5037 οί
1645 4987 1749 5053 φύ-

177 5076 358 5139 λακες,
385 5077 481 5129 καὶ
513 5076 721 5143 μάθωσι
748 5076 811 5128 τὺ
841 5077 1026 5129 καινὸν
1053 5076 1143 5129 τοῦ
1171 5079 1486 5144 γενομένου.
1521 5079 1747 5148 Ἀνέστη

174 5158 269 5214 οἷν
308 5162 607 5231 τριήμερος
646 5163 676 5215 6
722 5165 948 5233 Κύριος.
1007 5165 1131 5226 Πῶς
1180 5166 1235 5217 δὲ
1286 5166 1646 5235 ἀριθμοῦνται
1691 5169 1748 5220 αί

178 5256 321 5323 τρεῖς
349 5255 591 5323 ἡμέραις
637 5253 814 5324 Ἐκτῃ
860 5254 979 5325 ὥρᾳ
1007 5256 1105 5323 τῆς
1138 5258 1498 5326 Παρασκευῆς
1549 5261 1747 5311 ἐσταυ-

180 5345 322 5415 ρώθη
348 5362 363 5375 ·
399 5348 508 5399 άπὸ
534 5347 739 5417 ταύτης
770 5348 873 5411 ἕως
906 5350 1128 5418 ἑννάτης
1152 5389 1167 5413 ,
1203 5352 1393 5412 σκότος
1418 5366 1433 5380 ο
1464 5351 1623 5426 τοῦτο
1651 5353 1745 5403 νύ-

178 5452 277 5489 κτα
306 5454 396 5505 μοι
424 5440 635 5508 νόησον.
672 5440 839 5492 Πάλιν
868 5440 992 5493 άπὸ.
1008 5441 1108 5509 τῆς
1140 5442 1389 5512 ἑννάτης,
1422 5444 1559 5512 φῶς,
1588 5444 1747 5497 τοῦτο

176 5529 355 5599 ἡμέρα
379 5546 393 5558 ·
432 5530 542 5584 ιδοὺ
584 5532 995 5601 ἡμερονύκτιον.
1032 5533 1203 5585 Πάλιν
1234 5536 1267 5603 ὴ
1303 5536 1399 5601 νὺξ
1430 5537 1529 5604 τῆς
1560 5537 1745 5607 [lapa—

179 5620 374 5689 σκευῆς
401 5624 493 5675 καὶ
518 5623 615 5676 τοῦ
644 5624 923 5679 Σαϐϐάτου
955 5628 987 5695 ἡ
1015 5626 1223 5695 ἡμέρα,
1255 5628 1507 5699 δεύτερον
1538 5630 1745 5699 ἡμερο-

178 5713 387 5768 νύκτων
404 5732 419 5745 ·
447 5718 481 5786 ἠ
508 5717 606 5783 νὺξ
632 5716 793 5770 πάλιν
813 5718 911 5771 τοῦ
937 5720 1218 5773 Σαϐϐάτου
1244 5722 1337 5774 καὶ
1362 5722 1391 5772 6
1414 5722 1509 5791 τῆς
1538 5723 1745 5791 Κυρια-

179 5804 276 5877 πῆς
319 5804 542 5878 δρθρος,
593 5807 733 5861 κατὰ
777 5809 870 5865 τὸν
914 5810 1223 5877 Ματθαῖον,
1276 5812 1539 5881 λέγοντα·
1594 5833 1611 5865 ι
1664 5813 1742 5885 Τῇ

1855 4609 2181 4665 Resurrexit
2218 4611 2385 4681 igitur
2431 4611 2693 4667 Dominus
2722 4612 2903 4683 lapide
2943 4616 3125 4669 adhuc
3154 4630 3319 4685 super
3352 4632 3439 4672 se-

1854 4703 2099 4772 pulcrum
2153 4705 2349 4771 posito.
2386 4702 2679 4772 Postquam
2740 4715 2921 4759 autem
2988 4710 3283 4761 resurrexit
3334 4707 3440 4761 Do-

1854 4797 2054 4859 minus,
2079 4806 2133 4848 et
2161 4796 2389 4865 angelus
2432 4798 2603 4863 venit,
2642 4808 2703 4851 ut
2744 4797 2998 4853 devoluto
3032 4799 3211 4869 lapide
3250 4814 3438 4856 acces-

1852 4903 1971 4942 sum
2019 4887 2251 4940 habeant
2301 4889 2558 4945 mulieres
2615 4890 2683 4943 ad
2731 4890 3070 4958 sepulcrum.
3126 4889 3213 4944 Fit
3256 4902 3439 4947 autem

1854 4988 2010 5032 terra:
2034 4988 2235 5045 motus,
2266 4990 2324 5034 ut
2358 4981 2669 5035 excitentur
2690 4982 2970 5048 custodes,
3003 4990 3058 5037 et
3086 4983 3303 5039 discant
3333 5000 3435 5038 uo.

1850 5086 1975 5123 vum
1999 5072 2139 5140 quod
2165 5072 2343 5125 llebat.
2371 5070 2624 5127 Surrexit
2646 5075 2813 5144 igitur
2838 5074 3105 5131 Dominus
3130 5077 3436 5131 tritluanus.

1851 5163 2134 5229 Quomodo
2172 5173 2353 5217 autem
2387 5174 2499 5219 tres
2531 5165 2689 5220 dies?
2737 5166 2905 5221 Sexta
2938 5170 3072 5224 hora
3107 5168 3437 5224 Parasceves

1849 5260 2145 5314 cruciﬁxus
2172 5269 2254 5314 est
2282 5277 2297 5314 :
2340 5261 2409 5315 ab
2438 5260 2530 5314 illa
2570 5275 2741 5329 usque
2772 5259 2935 5335 164
2974 5264 3042 5318 ad
3072 5278 3269 5318 nonam
3317 5264 3437 5318 fue-

1851 5362 1979 5408 runt
2026 5355 2302 5420 tenebrae,
2348 5369 2445 5422 per
2496 5357 2596 5411 bus
2648 5358 2836 5426 utique
2878 5367 3095 5413 noctem
3140 5358 3431 5428 intelligas.

1849 5446 2046 5499 lterum
2095 5462 2125 5498 a
2165 5462 2305 5501 nona
2350 5447 2464 5513 lux,
2512 5448 2615 5501 hoc
2646 5459 2753 5514 est,
2812 5452 2928 5504 dies
2978 5465 3157 5505 :ecce
3208 5453 3346 5505 diem
3378 5460 3435 5505 et

1849 5548 2089 5593 noctem.
2130 5538 2330 5593 lterum
2363 5556 2469 5594 nox
2514 5539 2866 5607 Parasceves,
2910 5552 2965 5597 et
3008 5543 3125 5597 dies
3158 5543 3381 5598 Sabln’.
3414 5586 3431 5601 .

1848 5647 1977 5687 ecce
2005 5635 2247 5686 secundo
2269 5633 2410 5687 diem
2438 5641 2492 5687 ct
2527 5644 2767 5688 noctem.
2794 5634 2908 5689 Nox
2933 5650 3151 5707 quoque
3184 5635 3433 5700 Sabbati,

1846 5735 1899 5779 et
1922 5723 2221 5778 diluculum
2246 5725 2561 5789 Doniiniraa,
2578 5727 2731 5792 juxta
2759 5726 3093 5792 Ilattbteum,
3116 5728 3386 5782 dicentem
3414 5743 3430 5777 :

1856 5834 1875 5867 ι
1915 5815 2045 5882 Qua:
2070 5816 2418 5873 illuccsccbat
2463 5818 2516 5873 in
2542 5833 2704 5874 unam
2738 5818 3134 5886 Sabbatorum;
3166 5840 3185 5872 ι
3235 5833 3264 5871 a
3286 5817 3430 5872 dilu-
