4080 6336
681 416 793 489 479

1514 410 2093 475 THEOPHYLACTI
2137 404 2545 471 BULGARIJE
2585 403 2943 466 ARCHIEP.

3803 388 3900 453 L80

685 534 805 588 culo
854 534 998 589 enim
1046 542 1099 588 et
1145 534 1265 588 dies"
1306 538 1448 585 totus
1491 537 1807 582 numeratur
1859 545 1872 580 :
1918 541 2044 581 ecce
2079 536 2236 581 tertio

2345 523 2726 595 ἐπιφωσκούσῃ
2770 523 2850 585 είς
2896 520 3027 592 μίαν
3063 517 3352 571 Σαϐϐάτων
3387 530 3400 544 ·
3449 531 3468 566 ι
3499 513 3610 568 ἀπὸ
3653 511 3764 581 γὰρ
3818 514 3902 565 τοῦ

687 627 827 680 diem
857 635 1152 682 etnoctem.
1185 608 1340 677 Potes
1365 633 1419 676 et
1441 622 1593 675 aliter
1622 630 1730 674 tres
1759 619 1875 673 dies
1906 633 2230 672 numerare:

597 719 602 724 ’
688 715 746 769 In
779 717 1076 769 Parasceve
1119 714 1338 768 tradidit
1373 713 1652 781 spiritum,
1687 726 1811 765 ecce
1857 724 2022 763 unum
2072 709 2234 762 diem.

692 804 927 859 Sabbnto
955 805 1004 857 in
1028 804 1274 873 sepulcro
1305 804 1420 868 fuit,
1455 804 1580 858 ecce
1617 803 1884 856 secundus
1915 800 2046 855 dies.
2077 799 2240 854 Nocte

691 894 979 949 Dominica:
1015 897 1348 960 resurrexit;
1385 910 1414 948 a
1449 904 1599 964 parte
1644 894 1807 963 igitur
1843 901 2160 947 numeratur
2188 902 2241 944 et

693 974 970 1039 Dominiea
1017 986 1068 1039 in
1099 987 1260 1040 alium
1306 987 1467 1051 diem,
1498 994 1554 1040 et
1586 985 1658 1038 ita
1692 995 1799 1039 tres
1826 983 1942 1039 dies
1987 1003 2001 1038 :
2039 999 2161 1038 nam
2188 991 2240 1036 et

689 1073 756 1129 de
787 1074 1054 1131 defunctis
1093 1076 1342 1139 dicimus,
1371 1077 1415 1130 si
1463 1090 1601 1130 unus
1633 1077 1897 1131 moriatur
1922 1076 2067 1130 circa
2100 1075 2240 1130 deci-

688 1177 830 1218 mam
859 1164 1047 1220 horam
1081 1167 1210 1231 diei,
1238 1175 1291 1221 et
1324 1166 1460 1220 alter
1489 1167 1631 1219 circa
1675 1166 1902 1236 primam
1952 1165 2070 1233 ejus
2111 1164 2239 1230 diei,

689 1255 832 1323 quod
873 1264 1097 1325 uterque
1125 1257 1312 1311 eodem
1342 1255 1428 1310 die
1465 1260 1534 1310 sit
1562 1266 1831 1312 mortuus.
1870 1256 2099 1312 Possum
2145 1256 2240 1311 tibi

691 1355 744 1399 et
777 1346 933 1399 aliam
960 1362 1186 1401 causam.
1221 1348 1399 1402 dicere
1428 1349 1701 1417 quomodo
1741 1357 1850 1403 tres
1887 1349 2002 1405 dies
2035 1357 2088 1402 et
2131 1358 2241 1403 tres

693 1446 880 1490 noctes
911 1447 1278 1494 numerentur.
1310 1438 1537 1492 Attende
1565 1440 1727 1507 igitur
1753 1457 1768 1494 :
1799 1440 1995 1506 Quinta
2023 1453 2244 1510 vespera

690 1526 818 1581 fecit
855 1528 1108 1582 Dominus
1141 1542 1374 1593 caenam,
1407 1538 1461 1584 et
1489 1530 1768 1599 discipulis
1798 1531 1933 1586 dixit
1969 1549 1982 1585 :
2023 1550 2042 1583 ι
2083 1533 2247 1586 Acci-

690 1617 828 1686 pite,
868 1626 922 1670 et
954 1620 1217 1685 comedite
1251 1634 1445 1688 corpus
1483 1635 1658 1676 meum
1701 1639 1715 1676 :
1754 1639 1774 1672 ι
1812 1632 1868 1677 et
1900 1623 1972 1676 ita
2001 1623 2124 1698 quia
2155 1637 2249 1691 po-

693 1715 937 1760 testatem
965 1708 1190 1762 habebat
1213 1725 1414 1778 ponere
1432 1713 1659 1765 animam
1691 1726 1866 1778 suam,
1897 1712 2246 1774 manifestum

691 1801 831 1866 quo'd
888 1809 1012 1853 tunc
1061 1801 1415 1855 immolaverit
1465 1805 1722 1872 seipsum,
1772 1818 1840 1858 ex
1888 1819 1993 1872 quo
2031 1806 2247 1886 tradidit

2338 618 2533 689 ὄρθρου
2559 617 2654 672 καὶ
2679 618 2711 684 ἡ
2735 617 2914 686 ἡμέρα
2934 615 3028 682 ὅλη
3053 596 3392 682 ἀριθμεῖ-ταί·
3417 609 3534 662 ίδοὺ
3561 607 3746 678 τρίτον
3773 609 3903 676 ἡμε-

2341 710 2641 780 ρονύκτιον.
2715 706 2825 759 Καὶ
2852 705 3026 767 άλλως
3075 703 3132 755 δὲ
3183 699 3408 753 δύνασαι
3459 697 3768 770 ἀριθμῆσαι
3817 695 3906 756 τὰς

2339 804 2484 872 τρεῖς
2512 800 2744 870 ἡμέρας·
2778 798 2856 867 Τῇ
2886 795 3210 866 Παρασκευῇ
3244 791 3532 861 παρέδωκε
3563 789 3625 841 τὸ
3655 785 3870 854 πνεῦμα
3889 826 3901 846 ,

2343 892 2440 962 μία
2470 890 2606 959 αὕτη
2639 889 2822 959 ἡμέρα
2848 901 2863 918 ⁸
2893 886 2971 957 τῷ
3001 883 3264 954 Σαϐϐάτῳ
3291 879 3358 952 ἧν
3388 880 3446 933 ὲν
3473 880 3550 948 τῷ
3579 879 3759 947 τάφῳ,
3792 877 3904 927 δευ-

2340 984 2474 1051 τέρα
2498 981 2633 1052 αὕτη
2660 981 2842 1050 ἡμέρα
2860 993 2876 1007 ·
2902 980 2966 1047 τῇ
2995 976 3051 1029 δὲ
3078 974 3230 1028 νυκτὶ⁵
3251 974 3350 1041 τῆς
3376 973 3663 1041 Κυριακῆς
3690 968 3907 1034 ἀνέστη,

2341 1075 2449 1128 ἀπὸ
2480 1073 2678 1144 μέρους
2706 1070 2799 1124 οὖν
2824 1069 3137 1140 ἀριθμεῖται
3167 1064 3260 1118 καὶ
3287 1065 3320 1133 ἡ
3349 1061 3603 1132 Κυριακὴ
3634 1061 3717 1120 εἰς
3747 1057 3905 1122 ἀλλην

2343 1167 2592 1236 ἡμέραν·
2637 1164 2778 1217 ὥστε
2821 1161 2929 1214 ίδοὺ
2963 1157 3114 1230 τρεῖς
3153 1154 3506 1226 ήμέραι·καὶ
3543 1152 3654 1222 γὰρ
3693 1151 3788 1202 καὶ
3823 1146 3911 1201 ἐπὶ

2346 1257 2454 1311 τῶν
2493 1254 2928 1326 κεκοιμημένων,
2966 1249 3061 1303 ἐὰν
3101 1247 3463 1316 ἀποθάνῃ-τις
3489 1243 3635 1311 ,περὶ
3677 1241 3908 1307 δεκάτην

2347 1349 2496 1419 ὥραν
2519 1348 2617 1416 τῆς
2642 1346 2747 1416 ἡμέ
2759 1362 2874 1416 ρας,
2903 1343 2995 1396 καὶ
3021 1341 3205 1410 ἕτερος
3236 1339 3361 1408 περὶ
3391 1334 3615 1403 πρώτην
3639 1333 3794 1402 ὥραν
3820 1329 3910 1398 τῆς

2345 1438 2782 1508 αὐτ-ἦς’ἠμέρας,
2818 1433 3116 1503 ἀμφότεροι
3147 1432 3204 1481 ὲν
3234 1431 3300 1497 τῇ
3335 1429 3472 1494 αὐτῇ
3507 1424 3695 1495 ἡμέρᾳ
3730 1421 3912 1488 λέγον-

2344 1546 2432 1582 ται
2472 1527 2739 1581 τεθνάναι.
2764 1526 2913 1595 Ἐχω
2950 1542 3031 1577 σοι
3068 1525 3164 1577 καὶ
3202 1521 3366 1590 ἀλλην
3406 1517 3588 1570 αἰτίαν
3625 1516 3802 1566 εἰπεῖν
3841 1512 3914 1570 είς

2345 1618 2525 1683 τοῦτο,
2551 1617 2667 1680 πῶς
2691 1621 2838 1686 τρεῖς
2863 1618 3067 1686 ἡμέραι
3094 1614 3190 1667 καὶ
3212 1612 3358 1683 τρεῖς
3387 1609 3576 1669 νύκτες
3605 1606 3734 1675 apte
3746 1605 3916 1674 μηθή-

2349 1726 2550 1760 σονται.
2588 1708 2829 1777 Πρόσεχε
2869 1703 2961 1758 οὖν
2987 1721 3000 1734 ⁸
3035 1706 3114 1776 Τῇ
3151 1704 3376 1772 πέμπτῃ
3414 1699 3655 1766 ἑσπέρας
3692 1694 3910 1762 εποίησε

2350 1799 2408 1852 τὸ
2437 1799 2646 1852 δεῖπνον
2671 1799 2698 1850 6
2728 1798 2949 1868 Κύριος,
2978 1799 3070 1849 καὶ
3095 1797 3205 1856 τοῖς
3233 1793 3501 1862 μαθηταῖς
3529 1789 3681 1854 ἔλεγε
3707 1803 3721 1815 °
3761 1803 3781 1836 ι
3811 1786 3911 1836 Λά-

693 1889 970 1956 discipulis
1000 1906 1194 1958 corpus
1223 1909 1373 1945 suum
1407 1911 1420 1946 :
1463 1908 1619 1947 neruo
1649 1894 1789 1948 enim
1825 1868 2243 1963 quidquam/edit

2353 1891 2473 1942 ϐετε
2497 1932 2511 1956 ,
2554 1891 2755 1957 φάγετε
2792 1858 2850 1941 τὸ
2891 1858 3049 1956 σωμά
3089 1903 3188 1955 μου
3215 1858 3280 1935 5.
3325 1858 3465 1935 ὥστε
3505 1881 3628 1932 ἐπεὶ
3671 1876 3911 1940 ἐξουσίαν

690 1979 791 2034 nisi
826 1981 973 2045 prius
1005 1990 1293 2035 mactatum
1324 1981 1507 2039 fuerit.
1541 1983 1769 2039 Numera
1800 1986 1964 2055 igitur
1990 2003 2004 2039 :
2034 1988 2244 2055 vesperi

693 2069 908 2122 tradidit
956 2086 1150 2139 corpus
1188 2087 1368 2126 suum.
1399 2072 1509 2127 Nox
1554 2063 1642 2128 illa
1705 2083 1760 2128 et
1795 2077 1907 2131 dies
1948 2077 2247 2132 Parasceve

690 2173 862 2228 usque
889 2161 954 2214 ad
976 2171 1179 2223 sextam
1205 2161 1414 2224 horam,
1438 2177 1563 2216 ecce
1587 2179 1747 2216 unum
1773 2166 1908 2218 diem
1927 2175 1986 2224 _et
2007 2177 2243 2222 noctem.

690 2245 886 2314 lterum
927 2264 955 2301 a
1004 2257 1154 2304 sexta
1188 2250 1315 2303 liora
1366 2253 1601 2305 tenebrae
1635 2266 1802 2321 usque
1833 2254 1897 2310 ad
1942 2271 2160 2318 nonam,
2194 2265 2248 2310 et

689 2354 718 2392 τι
760 2355 897 2395 nona
945 2341 1033 2395 lux
1080 2357 1248 2411 usque
1300 2340 1366 2395 ad
1418 2357 1715 2411 vesperam,
1767 2358 1892 2400 ecce
1946 2347 2243 2400 secundum

692 2431 829 2485 diem
854 2441 926 2511 _et
968 2441 1196 2488 noctem.
1258 2434 1454 2493 lterum
1484 2451 1588 2490 nox
1628 2443 1751 2504 post
1801 2438 2149 2492 Parascevem
2194 2448 2248 2492 et

692 2522 804 2577 dies
834 2521 1076 2586 Sabbati,
1100 2537 1226 2579 ecce
1257 2528 1467 2579 tertium
1490 2528 1627 2580 diem
1657 2536 1710 2580 et
1740 2537 1971 2581 noctem.
2007 2527 2245 2583 Sabbato

691 2621 866 2665 autem
917 2613 1123 2680 vesperi
1171 2616 1466 2667 resurrexit
1511 2633 1524 2666 :
1572 2629 1700 2669 ecce
1750 2625 1860 2670 tres
1894 2617 2084 2685 integri
2131 2619 2246 2673 dies

690 2709 738 2754 et
781 2708 993 2756 noctes.-
1021 2687 1140 2755 'Jam
1171 2704 1311 2770 quod
1344 2704 1591 2772 angelum
1635 2703 1919 2758 Mattltcens
1975 2707 2108 2758 dixit
2158 2720 2245 2760 se-

689 2791 817 2845 dere
866 2808 1026 2861 super
1065 2792 1260 2861 lapide,
1296 2792 1508 2847 Marcus
1542 2804 1719 2849 autem
1772 2796 2017 2850 revoluto
2070 2796 2253 2864 lapide

695 2884 887 2937 sedere
935 2883 987 2941 in
1028 2884 1232 2943 dextris
1275 2884 1416 2938 intra
1457 2887 1784 2952 sepulcrum,
1823 2888 2058 2956 nunquid
2106 2890 2247 2942 inter

690 2989 749 3032 se
775 2963 1074 3035 dissident?
1097 2974 1313 3031 Minime
1338 2994 1351 3030 :
1379 2979 1479 3032 sed
1503 2979 1791 3033 verisimile
1823 2987 1904 3032 est
1932 2982 2242 3048 apparuisse

687 3065 917 3133 primum
964 3067 1212 3137 angelum
1258 3071 1531 3123 sedentem
1576 3084 1736 3137 super
1785 3070 1956 3138 lapide
2006 3072 2245 3127 :deinde

2349 1979 2492 2052 εἶχεν
2523 1982 2614 2050 ἀφῗ
2639 1981 2829 2046 ἑαυτοῦ
2867 1980 3036 2032 θεῖναι
3071 1977 3168 2046 τὴν
3199 1976 3376 2046 ψυχὴν
3411 1972 3570 2027 αὖτοῦ
3591 2011 3606 2034 ,
3644 1970 3807 2039 δῆλον
3837 1969 3910 2020 ὅτι

2348 2073 2534 2125 ἔκτοτε
2577 2072 2887 2139 ἀπέσφαξεν
2931 2070 3139 2133 ἑαυτὸν,
3185 2059 3362 2135 ἀφ’οὗ
3413 2063 3637 2116 διεδίδου
3681 2063 3796 2120 τοῖς
3841 2060 3910 2110 ol-

2350 2163 2516 2226 κείοις
2554 2163 2821 2232 μαθηταῖς
2855 2161 2913 2213 τὸ
2945 2161 3103 2232 σῶμα
3127 2177 3142 2191 ·
3172 2158 3346 2219 οὐδεὶς
3374 2156 3481 2223 γὰρ
3511 2153 3684 2205 ἐσθίει
3715 2143 3791 2210 τι,
3827 2150 3910 2201 ἐὰν

2352 2255 2425 2324 μὴ
2465 2254 2725 2323 πρότερον
2771 2251 3110 2320 ἐσφαγμένον
3152 2249 3257 2318 εἴη.
3295 2246 3626 2316 Ἀρίθμησον
3671 2239 3766 2295 οὖν
3793 2260 3806 2272 ·
3840 2242 3912 2311 Τῇ

2348 2347 2556 2414 ἑσπέρα
2584 2346 2696 2416 (56)
2725 2343 2949 2397 διεδίδου
2978 2343 3036 2395 τὸ
3064 2341 3262 2394 οἰκεῖον
3290 2339 3446 2406 σῶμα
3471 2353 3486 2367 ο
3519 2338 3551 2406 η
3581 2336 3679 2400 νὺξ
3713 2332 3912 2402 εκείνη,

2348 2434 2441 2488 καὶ
2475 2436 2505 2504 ἡ
2537 2434 2718 2506 ἡμέρα
2751 2435 2849 2501 τῆς
2870 2431 3229 2501 Παρασκευῆς
3260 2429 3386 2499 ἄχρι
3417 2427 3514 2495 τῆς
3548 2426 3718 2496 ἕκτης
3751 2425 3910 2492 ὧρας,

2350 2527 2458 2580 ἰδοὺ
2491 2527 2548 2578 ἓν
2577 2526 2966 2597 ἡμερονύκτισν
2991 2540 3004 2551 '
3037 2524 3197 2576 πάλιν
3222 2522 3280 2574 τὸ
3311 2521 3417 2572 ἀπὸ
3446 2520 3545 2586 τῆς
3574 2519 3745 2587 ἕκτης
3774 2516 3910 2586 ὥρας

2350 2619 2539 2677 σκότος
2564 2618 2667 2678 ἕως
2693 2617 2788 2684 τῆς
2819 2616 3064 2684 ὲννάτης,
3092 2614 3182 2666 καὶ
3211 2613 3268 2664 τὸ
3295 2611 3400 2664 ἀπὸ
3425 2611 3522 2679 τῆς
3549 2608 3782 2676 ἐννάτης
3809 2608 3910 2676 φῶς

2348 2709 2451 2770 ἕως
2476 2710 2571 2777 τῆς
2602 2709 2855 2774 ἑσπέρας,
2888 2707 2994 2758 ἰδοὺ
3024 2704 3273 2772 δεύτερον
3299 2700 3697 2772 ἡμερονύκτιον
3719 2715 3732 2727 ο
3765 2702 3797 2766 ἡ
3827 2699 3910 2761 νὺξ

2351 2800 2510 2853 πάλιν
2533 2801 2564 2867 ὴ
2594 2799 2728 2868 μετὰ
2751 2800 2844 2866 τὴν
2874 2795 3257 2867 Παρασκευὴν,
3281 2795 3377 2846 καὶ
3405 2797 3436 2860 ἡ
3464 2793 3647 2862 ἡμέρα
3673 2791 3768 2843 τοῦ
3788 2791 3913 2842 Σαε-

2347 2891 2533 2952 ϐάτου,
2577 2890 2685 2942 ίδοὺ
2730 2889 2910 2958 τρίτον
2951 2887 3368 2958 ἡμερονύκτιον.
3412 2884 3678 2954 Σαϐϐάτῳ
3723 2885 3782 2937 δὲ
3823 2885 3910 2953 ὀψε

2346 2979 2542 3046 ἀνέστη
2573 2995 2585 3007 ·
2623 2978 2745 3046 τρία
2777 2978 2947 3031 ταῦτα
2991 2975 3256 3047 ὁλόκληρα
3295 2975 3688 3045 ήμερονύκτια.
3729 2976 3831 3027 Τὸν
3861 2977 3910 3029 δὲ

2347 3065 2577 3133 ἄγγελον
2605 3067 2633 3118 6
2667 3067 2765 3135 μὲν
2818 3064 3092 3128 Ματθαῖος
3126 3066 3226 3134 ἔφη
3259 3063 3530 3133 καθῆσθαι
3562 3066 3617 3116 ἐν
3646 3064 3727 3133 τῷ
3755 3065 3906 3135 λίθῳ·

689 3157 1105 3224 ingredientibus
1154 3159 1469 3215 mulieribus
1504 3160 1695 3228 praeire
1739 3161 1983 3230 angelum
2006 3202 2020 3226 ,
2056 3171 2110 3217 et
2149 3164 2243 3220 ite«

2349 3159 2378 3210 6
2401 3157 2458 3210 δὲ
2489 3159 2711 3227 Μάρκος
2741 3158 3142 3212 ἀποκυλίσαντα
3169 3156 3262 3210 τὸν
3291 3157 3459 3221 λίθον,
3487 3157 3636 3210 ἔνδον
3661 3157 3758 3210 τοῦ
3792 3173 3913 3225 μνη-

688 3263 806 3309 rnm
830 3251 1142 3317 apparuisse
1173 3252 1447 3307 sedentem
1479 3253 1531 3305 in
1567 3251 1811 3331 sepulcro
1843 3253 1919 3322 (a)
1955 3269 1986 3307 a
2013 3255 2238 3319 dextris.

693 3337 836 3393 Dixit
867 3348 1048 3395 autem
1087 3341 1156 3395 ad
1184 3341 1440 3397 mulieres
1478 3360 1490 3397 :
1525 3340 1602 3417 Ne
1634 3345 1942 3399 terreamini
1977 3359 2109 3411 vos;
2149 3345 2248 3400 hoc

687 3436 803 3494 est,
841 3430 1106 3484 Custodes
1152 3431 1366 3500 quidem
1416 3433 1565 3502 digni
1609 3442 1735 3488 sunt
1779 3436 1866 3504 qui
1906 3445 2236 3500 terreantur,

689 3534 784 3573 vos
832 3531 1007 3573 autem
1062 3520 1336 3591 discipulae
1399 3521 1644 3589 Domini,
1700 3539 1765 3578 ne
1819 3528 2148 3581 terreamini.
2183 3526 2249 3581 Et

691 3619 971 3678 postquam
1005 3610 1254 3666 liberavit
1295 3627 1387 3668 eas
1433 3629 1460 3666 a
1498 3625 1663 3680 metu,
1689 3618 2024 3687 evangelizat
2054 3621 2134 3673 eis
2164 3635 2250 3674 re-

685 3706 1102 3759 surrectionem.
1132 3705 1374 3760 Primum
1404 3708 1544 3760 enim
1578 3710 1825 3764 timorem
1850 3709 2050 3777 ejicere
2081 3725 2244 3779 opor-

682 3789 856 3860 tebat,
886 3803 940 3848 et
973 3797 1166 3850 deinde
1195 3796 1585 3866 evangelizare.
1620 3796 1733 3852 Non
1764 3799 2037 3854 erubescit
2068 3810 2245 3853 autem

693 3886 978 3940 nominare
1041 3887 1320 3940 Dominum
1375 3887 1715 3944 cruciﬁxum.
1767 3888 2041 3943 Gloriatur
2101 3892 2243 3945 enim

687 3990 849 4029 cruce
903 3983 1155 4046 tanquam
1214 3987 1448 4045 tropaeo,
1499 3993 1604 4047 quo
1662 3979 1816 4033 nobis
1877 3980 2058 4034 omnia
2106 3980 2242 4034 bona

684 4067 966 4122 conciliata
1007 4081 1152 4123 sunt.

2352 3245 2503 3312 μείου
2537 3243 2829 3312 καθῆσθαι,
2860 3245 2916 3295 ἐν
2949 3247 3060 3305 τοῖς
3092 3244 3304 3310 δεξιοῖς
3344 3240 3434 3317 ἆρ’
3465 3241 3556 3298 οὖν
3591 3247 3914 3313 ὲναντιοςω-

2348 3334 2554 3400 νοῦσιν;
2578 3333 2727 3404 Οὐχί·
2758 3334 2872 3388 ἀλλ’
2895 3335 3038 3398 εἰκός
3065 3335 3178 3387 ἔστι
3206 3336 3441 3404 φανῆναι
3469 3336 3685 3405 πρῶτον
3713 3337 3803 3389 τδν
3828 3337 3914 3403 άτ-

2344 3432 2496 3499 γελον
2531 3432 2837 3501 καθήμενον
2866 3433 2924 3484 ὲν
2954 3431 3029 3499 τῷ
3065 3430 3230 3501 λίθῳ,
3265 3429 3382 3484 εἶτα
3418 3431 3784 3485 είσελθουσῶν
3814 3433 3912 3485 τῶν

2344 3523 2639 3590 γυναικῶν,
2670 3525 2933 3593 προάγειν
2961 3524 3051 3575 τὸν
3080 3523 3330 3592 ἄγγελον,
3365 3525 3456 3577 καὶ
3489 3524 3652 3577 πάλιν
3685 3528 3912 3596 φανῆναι

2343 3614 2491 3677 ἐντὸς
2523 3614 2616 3666 τοῦ
2657 3616 2922 3684 μνημείου
2958 3614 3266 3682 καθήμενον
3299 3617 3355 3667 ὲν
3388 3617 3497 3676 τοῖς
3529 3615 3752 3680 δεξιοῖς.
3785 3612 3912 3671 Bina

2343 3707 2400 3761 δὲ
2427 3707 2562 3776 πρὸς
2586 3710 2682 3769 τὰς
2705 3710 2966 3774 γυναῖκας
2988 3722 3004 3739 ο
3020 3707 3111 3777 Μὴ
3137 3707 3386 3776 φοϐεῖσθε
3409 3710 3592 3778 ὑμεῖς,
3617 3712 3911 3772 τουτέστιν,

2345 3797 2409 3852 Οἱ
2441 3799 2540 3867 μὲν
2567 3799 2803 3866 φύλακες
2832 3798 2970 3861 ἄξιοί
2995 3801 3097 3851 είσι
3127 3800 3408 3866 φοϐεῖσθαι
3433 3816 3449 3833 ·
3477 3801 3634 3868 ὑμεῖς
3661 3804 3719 3854 δὲ
3747 3803 3801 3853 ai
3827 3801 3911 3854 τοῦ

2344 3887 2552 3957 Κυρίου
2581 3887 2896 3957 μαθήτριαι,
2930 3888 3001 3957 μὴ
3035 3889 3302 3954 φοϐεῖσθε.
3341 3889 3482 3941 Μεθ’
3504 3889 3530 3941 ὅ
3557 3891 3614 3942 δὲ
3646 3891 3914 3943 ἀπαλλάτ-

2343 3995 2424 4029 τει
2456 3979 2622 4038 αὐτας
2653 3979 2746 4028 τοῦ
2779 3977 2928 4042 δέους
2952 4017 2965 4042 ,
2999 3977 3406 4045 εὐαγγελίζεται
3437 3981 3627 4042 αὐταῖς
3657 3982 3758 4052 τὴν
3787 3981 3914 4038 ἀνά-

2349 4086 2557 4123 στασιν.
2587 4069 2734 4119 Ἔδει
2777 4069 2884 4137 γὰρ
2929 4070 3191 4137 πρότερον
3235 4069 3484 4122 ἐκϐαλεῖν
3524 4071 3583 4124 τὸ
3621 4073 3760 4136 δέος,
3805 4067 3911 4124 εἶτα

683 4163 1162 4232 εὐαγγελίσασθαι.
1208 4167 1322 4219 Ούκ
1371 4167 1687 4236 αἰσχύνεται
1732 4169 1790 4221 δὲ
1837 4167 2249 4240 ἐσταυρωμένον
2287 4165 2568 4234 ὀνομάζων
2603 4165 2691 4217 τὸν
2761 4165 2983 4235 Κύριον.
3018 4165 3106 4236 Τῷ
3142 4165 3251 4237 γὰρ
3286 4167 3500 4238 σταυρῷ
3570 4169 3767 4240 ὥσπερ
3798 4187 3912 4240 τρο-

686 4254 831 4323 παίῳ
860 4256 964 4308 τινὶ
993 4259 1350 4325 ὲγκαυχᾶται,
1375 4258 1551 4309 πάντα
1578 4258 1644 4312 τά
1674 4257 1854 4326 ἀγαθὰ
1883 4257 2266 4328 προεξενηκότι
2301 4258 2454 4326 ἡμῖν.

760 4342 920 4398 Vens.
948 4345 1003 4409 9,
1030 4345 1114 4399 'l0.
1144 4364 1162 4397 ι
1192 4345 1323 4400 Cum
1344 4355 1530 4401 autem
1558 4347 1805 4402 issentad
1831 4349 2243 4401 renuntiandum

2431 4364 2448 4395 ι
2484 4344 2570 4407 Ὠς
2600 4344 2655 4396 δὲ
2689 4345 3011 4415 ἐπορεύοντο
3038 4346 3365 4413 ἀπαγγεῖλαι
3389 4350 3501 4407 τοῖς
3535 4349 3802 4418 μαθηταῖς
3826 4351 3911 4403 αὖ·

684 4433 973 4503 discipulis
1013 4435 1151 4502 eius,
1199 4450 1326 4491 ecce
1373 4436 1530 4492 Jesus
1581 4437 1817 4508 occurrit
1867 4437 1973 4491 illis
2008 4439 2240 4492 dicens:

685 4528 871 4580 Avete.
907 4525 1010 4580 Illae
1044 4536 1221 4582 autem
1250 4536 1616 4593 accesserunt,
1659 4539 1713 4583 et
1751 4537 2041 4584 tenuerunt
2084 4529 2246 4597 pedes

684 4619 823 4684 ejus,
878 4627 932 4672 et
986 4619 1348 4674 adoraverunt
1397 4634 1538 4672 eum.
1587 4619 1741 4673 Tunc
1782 4621 1855 4675 ait
1896 4619 1996 4675 illis
2042 4620 2241 4676 Iesus:

685 4708 862 4762 Nolite
910 4709 1145 4762 timere:
1191 4711 1299 4775 ite,
1341 4712 1645 4765 renuntiate
1680 4711 1937 4766 fratribus
1980 4714 2140 4778 meis,
2186 4723 2245 4768 ut

686 4809 812 4854 eant
841 4801 891 4853 in
919 4799 1212 4868 Galilaeam,
1246 4810 1295 4856 et
1332 4803 1404 4856 ibi
1440 4818 1524 4867 me
1565 4803 1836 4858 videbunt.
1887 4823 1904 4855 r
1946 4805 2100 4875 165
2143 4806 2242 4859 Di-

686 4894 758 4944 cit
803 4892 1174 4947 mulieribus:
1223 4893 1408 4958 Avete.
1467 4894 1730 4961 Quoniam
1783 4898 1926 4951 enim
1979 4898 2238 4952 muliebre

686 4998 854 5052 genus
873 4985 940 5037 ad
969 4985 1246 5039 tristitiam
1273 4987 1687 5041 condemnatum
1721 4986 1840 5050 iuit,
1867 4989 2117 5043 Dominus
2147 5002 2239 5056 per

687 5076 1134 5130 resurrectionem
1161 5091 1311 5130 suam
1331 5078 1582 5146 gaudiqu
1606 5078 1784 5132 attulit
1815 5079 2046 5133 femineo
2069 5080 2240 5142 sexui,

686 5177 738 5220 ct
780 5166 1053 5220 benedixit
1082 5169 1184 5222 eis.
1231 5168 1300 5220 At
1347 5169 1449 5222 illa:
1494 5185 1602 5248 prae
1639 5170 1805 5224 multa
1853 5171 2154 5224 reverentia
2191 5180 2244 5225 et

687 5259 889 5314 honore
921 5270 972 5313 et
1002 5271 1222 5330 propter
1251 5262 1500 5330 pietatem
1550 5265 1711 5333 pedes
1739 5265 1856 5333 ejus
1895 5273 2098 5328 tenent,
2132 5278 2239 5318 non

687 5351 942 5406 audentes
975 5353 1134 5407 aliam
1179 5355 1446 5424 corporis
1469 5365 1671 5424 partem
1713 5359 2046 5427 contingere,
2080 5373 2241 5426 quam

686 5444 958 5499 Extremas
988 5445 1124 5502 illas.
1175 5447 1402 5513 Quidam
1434 5456 1609 5502 autem
1645 5449 1831 5504 dicunt
1858 5449 2037 5502 dedita
2081 5461 2244 5516 Opera

2341 4439 2456 4504 τοῦ,
2502 4441 2595 4491 καὶ
2645 4440 2752 4491 ἰδοὺ
2793 4442 2819 4491 6
2850 4441 3050 4509 Ἰησοῦς
3095 4442 3409 4511 ἀπήντησεν
3451 4443 3666 4510 αὐταῖς,
3710 4446 3906 4514 λέγων·

2341 4530 2597 4600 Χαίρετε.
2626 4532 2691 4581 Ai
2721 4530 2800 4596 δὲ,
2835 4531 3227 4600 προσελθοῦσαι
3258 4534 3571 4604 ἐκράτησαν
3599 4535 3767 4589 αὑτοῦ
3799 4537 3908 4597 τοὺς

2342 4626 2526 4690 πόδας,
2558 4628 2649 4687 καὶ
2680 4627 3090 4697 προσεκύνησαν
3117 4629 3286 4698 αὐτῷ.
3324 4629 3458 4683 Τότε
3490 4630 3640 4698 λέγει
3673 4633 3907 4696 αύταῖςό

2359 4718 2569 4783 Ἰησοῦς
2595 4734 2610 4748 ο
2638 4720 2729 4786 Μὴ
2774 4719 3046 4786 φοϐεῖσθε.
3088 4719 3376 4788 Ὑπάγετε,
3398 4722 3774 4790 ἀπαγγείλατε
3811 4728 3908 4785 τοῖς

2341 4809 2589 4875 ἀδελφοῖς
2627 4827 2727 4877 μου
2765 4809 2850 4862 ἵνα
2886 4811 3194 4864 ἀπέλθωσιν
3225 4815 3305 4876 είς
3333 4814 3432 4881 τὴν
3465 4812 3784 4881 Γαλιλαίαν,
3822 4819 3906 4870 τά.

2346 4902 2431 4952 κεῖ
2458 4918 2521 4969 με
2548 4900 2789 4969 ὄψονται.
2807 4922 2824 4953 a
2849 4903 3301 4974 Προσφωνεῖταῖς
3327 4907 3538 4974 γυναιξὶ
3557 4908 3641 4969 τὸ,
3665 4909 3904 4981 Χαίρετε.

2357 4993 2511 5045 Ἐπεὶ
2539 4995 2642 5063 γὰρ
2667 4993 2726 5046 τὸ
2753 4999 3059 5062 γυναικεῖον
3085 4997 3238 5064 γένος
3272 4997 3559 5053 λυπεῖσθαι
3588 5003 3902 5074 κατεκρίθη,

2338 5087 2365 5137 6
2397 5086 2598 5156 Κύριος
2627 5087 2714 5141 διὰ
2743 5090 2839 5158 τῆς
2867 5080 3216 5162 ἀναστάσεως
3241 5093 3404 5146 αὐτοῦ
3438 5093 3537 5162 τὴν
3569 5095 3751 5165 χαρὰν
3783 5112 3900 5162 προσ

2325 5176 2558 5245 εξὲνησε
2591 5178 2665 5247 τῷ
2703 5180 2998 5249 γυναικείῳ
3041 5179 3221 5246 γένει,
3257 5181 3353 5234 καὶ
3392 5181 3687 5252 εὐλόγησεν
3721 5182 3896 5243 αὑτάς.

2341 5269 2428 5319 Διὸ
2469 5270 2674 5320 ἐκεῖναι
2715 5269 2822 5320 ἀπὸ
2854 5270 2951 5337 τῆς
2993 5270 3194 5340 πολλῆς
3239 5270 3362 5341 περὶ
3403 5271 3565 5325 αὐτὸν
3599 5271 3783 5334 αἰδοῦς
3820 5269 3901 5322 καὶ

2343 5359 2533 5429 τιμῆς,
2566 5362 2691 5424 τοὺς
2725 5361 2887 5426 πόδας
2919 5362 3082 5416 αὐτοῦ
3111 5364 3402 5432 κρατοῦσι,
3431 5365 3500 5417 δι’
3525 5365 3808 5420 εὐλάϐειαν
3838 5360 3901 5432 μὴ

2341 5449 2616 5518 τολμῶσαι
2646 5452 2804 5504 ἀλλοο
2840 5452 3042 5522 μέρους
3067 5453 3159 5505 τοῦ
3190 5451 3439 5523 σώματος
3469 5453 3733 5523 ἅψασθαι,
3760 5455 3806 5505 εί
3837 5453 3899 5522 μὴ

1634 5565 1725 5626 Ex
1750 5563 2093 5624 collatione
2127 5562 2311 5623 codd.
2349 5565 2574 5627 Venet.
2616 5569 2677 5628 S.
2715 5569 2933 5629 Marci.

756 5667 872 5738 (56)
912 5666 1045 5760 90d.
1076 5666 1144 5723 30
1181 5668 1248 5738 τῇ
1280 5669 1527 5739 πέμπτῃ,
1561 5667 1820 5736 ἑσπέρας.

757 5788 838 5859 (α)
895 5789 1039 5846 Edit.
1073 5787 1194 5846 Lut.
1249 5791 1428 5859 vertit,
1481 5789 1886 5860 ingredientibus
1942 5789 2241 5844 mulieribus
2269 5789 2455 5855 prteirc
2497 5789 2757 5854 mulieres,
2807 5798 2854 5842 cl
2901 5787 3084 5842 iterum
3120 5785 3424 5856 apparuisse
3445 5787 3501 5841 in
3533 5786 3789 5856 sepulcro.
