4080 6336
249 281 361 346 εει

813 284 1017 346 ENAR
1028 281 1261 345 RATIO
1300 283 1382 345 IN
1424 283 1820 350 EVANGELIl

1965 288 2357 352 ΜΑΤΤΗΔΞΙ.
2399 317 2470 327 -
2509 291 2668 354 CAP.
2710 293 2992 359 XXVIII.

3427 292 3539 361 682

247 400 370 454 τῶν
409 400 653 471 ἐσχάτων
699 400 883 471 μερῶν
927 401 1021 455 τοῦ
1063 402 1314 474 σώματος
1354 401 1546 457 αὐτοῦ.
1587 402 1744 466 Τινὲς
1785 402 1820 457 δέ

1952 406 2070 462 illas
2101 407 2317 472 fecisse,
2366 419 2424 464 ut
2459 407 2760 478 periculum
2796 408 3037 463 facerent
3077 423 3217 470 'uum
3267 421 3393 462 vere
3423 424 3539 463 sur-

250 510 425 561 φασιν
451 494 534 546 ὅτι
558 493 873 564 ἐξεπίτηδες
898 494 1192 566 ἐδράξαντο
1213 493 1323 549 τῶν
1347 493 1525 548 ποδῶν
1551 493 1738 558 αὑτοῦ,
1763 496 1839 559 ὡς

251 583 328 639 ἂν
366 584 610 656 μάθωσιν
641 586 689 638 εί
723 586 943 660 άληθῶς
975 582 1173 656 ἀνέστη
1209 588 1304 641 καὶ
1342 595 1417 660 μὴ
1453 588 1598 642 κατὰ
1629 604 1837 657 φανταο

251 676 402 740 σίαν,
434 676 570 747 μηδὲ
600 677 819 748 πνεῦμά
847 679 1016 734 ἐστιν.
1045 679 1338 734 Ὑπενόουν
1365 680 1475 751 γὰρ
1504 679 1590 732 ὅτι
1618 677 1840 750 πνεῦμά

252 768 396 821 ἐστι.
447 766 581 821 Τότε
615 769 713 838 μὲν
739 768 832 823 οὖν
860 772 914 823 αἱ
943 769 1037 823 δύο
1065 763 1227 824 αὗται
1256 772 1465 841 Μαρίαι
1492 771 1704 842 ἥψαντο
1732 771 1851 824 τῶν’

252 857 438 911 ποδῶν
470 857 654 911 αὐτοῦ.
695 857 849 916 Κατά
888 858 944 911 δὲ
977 859 1069 912 τὸν
1105 859 1391 930 Ἰωάννην,
1429 862 1461 930 ή
1502 859 1836 932 Μαγδαληνὴ

250 949 445 1017 Μαρία
488 951 758 1022 ἐπιχειρεί
797 950 894 1020 μὲν
929 949 1203 1020 ἅψασθαι,
1239 952 1298 1005 οὑ
1344 955 1704 1022 συγχωρεῖται
1742 952 1796 1006 δὲ
1821 993 1835 1016 ,

245 1042 389 1094 διότι
417 1041 609 1111 ἢθελεν
634 1041 720 1094 ἀεὶ
747 1043 984 1095 συνεῖναι
1017 1042 1164 1112 αὐτῷ
1192 1041 1383 1112 ὥσπερ
1415 1043 1507 1098 καὶ
1541 1045 1830 1113 πρότερον.

252 1130 326 1184 Ἢ
373 1131 701 1200 μᾶλλονδιὰ
741 1130 899 1185 τοῦτο
942 1133 1002 1187 οὐ
1047 1135 1411 1205 συγχωρεῖται
1458 1133 1698 1202 ἅψασθαι
1738 1135 1833 1187 τοῦ

259 1226 440 1297 Ἰησοῦ
475 1228 613 1280 κατὰ
642 1229 732 1281 τὸν
770 1217 1042 1299 Ἰωάννην,
1074 1228 1150 1290 ὡς
1172 1231 1480 1300 περίεργος.
1519 1230 1673 1283 Ἐπεὶ
1697 1231 1825 1300 γὰρ,

246 1319 528 1391 ὦς.φησιν
561 1323 589 1374 ό
622 1320 921 1389 Ματθαίος,
958 1322 1134 1392 ἥψατο
1169 1323 1335 1375 αὐτοῦ
1371 1323 1478 1376 τῶν
1515 1323 1712 1389 ποδῶν,
1748 1325 1831 1387 τίς

242 1406 318 1481 ἦν
348 1411 428 1463 ἔτι
453 1411 607 1480 χρεία
630 1411 791 1464 πάλιν
823 1411 1103 1484 admodm;
1140 1411 1304 1465 Ὥστε
1337 1411 1412 1475 ὡς
1442 1413 1700 1482 περιττὴν
1733 1409 1825 1465 οὗ·

244 1518 350 1555 σαν
382 1502 566 1555 λοιπὸν
598 1503 770 1573 αὐτὴν
799 1503 1121 1558 ἀπωθεῖται.

325 1610 343 1643 ι
372 1592 759 1664 Πορευομένων
797 1594 854 1647 δὲ
885 1596 1084 1659 αὐτῶν,
1120 1594 1228 1649 ἰδού
1262 1613 1408 1659 τινες
1441 1597 1536 1668 τῆς
1566 1615 1812 1652 κουστωο

241 1681 366 1746 δίας
397 1684 644 1748 ἐλθόντες
676 1686 755 1746 είς
784 1686 884 1754 τὴν
917 1686 1074 1738 πόλιν
1108 1687 1452 1757 ἀπήγγειλαν
1489 1691 1604 1752 τοῖς
1633 1690 1821 1759 ἀρχιε-

1957 498 2205 565 τειῑεεθι,
2243 509 2296 554 et
2324 515 2450 554 num
2482 500 2708 571 spiritus
2740 480 3294 569 sitvelgphantasma.
3333 496 3540 553 Eximi-

1955 588 2174 642 mabant
2205 588 2347 643 enim
2383 590 2638 657 spiritum
2682 597 2843 644 esse.
2867 586 3056 658 Itaque
3107 594 3236 644 tunc
3269 589 3388 643 dua:
3433 588 3538 644 illa

1952 681 2140 734 Marias
2172 681 2466 752 tangebam
2495 682 2658 752 pedes
2683 681 2820 749 eius.
2847 681 3051 737 Verum
3084 681 3236 750 juxta
3266 681 3535 737 Joannem

1955 771 2123 828 Maria
2156 773 2466 844 Magdalene
2507 782 2740 828 attentat
2769 773 2986 844 quidem
3017 773 3435 843 tangerepedes
3463 773 3534 835 ".

1950 879 2058 918 non
2093 865 2411 920 conceditur
2449 877 2626 920 autem
2665 866 2736 931 ei,
2771 880 2839 920 eo
2869 865 3012 935 quod
3057 865 3271 919 volebat
3318 877 3536 935 semper

1952 952 2179 1011 manere
2199 971 2321 1011 cum
2341 970 2405 1011 eo
2428 956 2571 1011 sicut
2601 955 2787 1025 prius:
2812 955 2895 1010 vel
2926 955 3108 1025 potius
3129 955 3249 1010 ideo
3273 970 3379 1009 non
3410 968 3533 1008 con-

1948 1048 2159 1103 ceditur
2207 1048 2256 1101 ei
2312 1059 2538 1114 tangere
2597 1046 2778 1103 Jesum
2823 1048 2978 1118 juxta
3037 1044 3328 1109 Joannem,
3389 1047 3532 1116 quod

1946 1134 2390 1194 curiosula‘erat.
2441 1138 2580 1206 Quia
2633 1141 2802 1204 enim,
2858 1142 3002 1194 sicut
3048 1139 3187 1194 dixit
3220 1137 3527 1204 Mattbaeus,

1946 1231 2192 1300 tetigerat
2222 1233 2383 1301 pedes
2414 1231 2552 1300 ejus,
2599 1233 2729 1300 quid
2775 1233 2952 1286 adhuc
2995 1246 3132 1300 opus
3176 1241 3297 1287 erat
3332 1231 3528 1286 iterum

1945 1331 2164 1392 tangere
2193 1322 2296 1377 Yet
2329 1323 2401 1378 ita
2436 1323 2712 1408 repellitur
2745 1323 2822 1379 uti
2855 1329 3092 1381 curiOSa.

2601 1411 2607 1456 l

2007 1587 2173 1643 Vsus.
2207 1588 2402 1642 i145.
2440 1606 2459 1640 ι
2504 1587 2636 1654 Quae
2667 1604 2787 1644 cum
2820 1590 3104 1654 abiissent,
3128 1603 3272 1646 "ecce
3298 1591 3522 1662 quidam

1931 1692 1964 1732 e
1994 1678 2310 1732 custodibus
2341 1688 2610 1732 Venerunt
2644 1677 2698 1732 in
2731 1678 3036 1744 civitatem,
3075 1693 3139 1733 ac
3175 1681 3526 1742 renuntiave-

242 1766 434 1853 ρειξσιν
471 1775 687 1829 ἅπαντα
735 1776 803 1829 τὰ
836 1776 1127 1846 γενόμενα·
1161 1778 1256 1831 καὶ
1293 1779 1651 1849 συναχθέντες
1682 1780 1820 1850 μετὰ

1933 1777 2058 1822 runt
2089 1770 2423 1839 principibus
2456 1769 2803 1825 sacerdotum
2828 1771 3012 1825 omnia
3037 1785 3156 1841 quae
3187 1770 3520 1827 acciderant.

238 1868 356 1922 τῶν
382 1869 791 1940 πρεσϐυτέρων,
829 1869 1152 1939 συμϐούλιόν
1178 1887 1238 1922 τε
1269 1868 1548 1937 λαϐόντες,
1579 1872 1820 1943 ἀργύρια

241 1962 411 2018 ἱκανὰ
440 1963 648 2018 ἔδωκαν
692 1965 806 2026 τοῖς
880 1961 1266 2033 στρατιώταις,
1301 1963 1549 2031 λέγοντες
1571 1979 1586 1995 ο
1618 1965 1822 2018 Είπατε

238 2054 353 2118 ὅτι,
377 2055 439 2107 Οἱ
459 2056 695 2124 μαθηταὶ
719 2053 884 2107 αὑτοῦ
912 2055 1100 2116 νυκτὸς
1123 2056 1390 2119 ἐλθόντες,
1406 2055 1640 2126 ἔκλεψαν
1659 2055 1821 2110 αὑτὸν

237 2146 403 2216 ἡμῶν
457 2149 840 2218 κοιμωμένωνο
874 2147 969 2200 καὶ⁵
1015 2145 1108 2200 ἐὰν
1139 2148 1382 2219 ἀκουσθῇ
1415 2148 1576 2201 τοῦτο
1609 2150 1703 2202 ἐπὶ
1725 2149 1820 2202 τοῦ

234 2235 534 2306 ἡγεμόνός,
567 2240 744 2308 ἡμεῖς
778 2238 1040 2307 πείσομεν
1085 2239 1268 2300 αὐτὸν,
1307 2241 1401 2291 καὶ
1445 2239 1588 2309 ὑμᾶς
1631 2239 1826 2308 ἀμερί-

250 2348 425 2400 μνους
442 2333 766 2401 ποιήσομεν.
796 2332 859 2384 Οί
877 2330 954 2395 δέ,
992 2331 1244 2393 λαϐόντες
1261 2330 1328 2384 τὰ
1351 2331 1610 2403 ἁργυρία,
1635 2332 1824 2402 ἐποίη-

234 2437 340 2475 σαν
370 2423 446 2484 ὼς
472 2421 850 2492 ἐδιδάχθησαν·
871 2486 875 2488 _
895 2420 993 2473 καὶ
1038 2420 1376 2492 διεφημίσθη
1413 2421 1442 2472 ό
1470 2422 1629 2493 λόγος
1664 2416 1819 2487 οὗτος

233 2510 391 2581 παρὰ
432 2510 708 2575 Ἰουδαίοις
746 2511 906 2580 μέχρι
946 2510 1047 2580 τῆς
1101 2512 1366 2581 σήμερον.
1403 2530 1422 2564 ι
1463 2514 1526 2565 Οί
1560 2512 1661 2583 μὲν
1705 2514 1816 2567 ἀπὸ

229 2601 338 2674 τῆς
380 2603 708 2666 κουστωδίας
737 2637 739 2639 ι
765 2603 1118 2673 ἀπήγγειλαν
1169 2604 1349 2658 πάντα
1386 2621 1398 2633 ·
1457 2605 1538 2658 ὅτι
1599 2606 1820 2675 σεισμὸς

231 2692 474 2756 ἐγένετο,
521 2691 604 2748 δτι
654 2694 684 2746 ό
739 2690 884 2755 λίθος
943 2692 1087 2764 ἦρθη
1151 2691 1510 2763 αὐτομάτως,
1546 2693 1630 2746 ὅτι
1665 2694 1819 2746 αὐτοὶ

232 2773 571 2854 φοϐηθέντες
623 2785 871 2852 ἐγένοντο
916 2784 1050 2837 ὡσεὶ
1088 2783 1296 2852 νεκροί.
1356 2785 1419 2836 Ol
1469 2782 1526 2835 δέ
1569 2784 1819 2837 Ἰουδαῖοι

230 2873 360 2929 οὕτε
415 2875 485 2928 τὰ
523 2876 614 2928 ἐπὶ
655 2875 733 2945 τῷ
777 2874 939 2929 πάθει
976 2874 1243 2944 γενόμενα
1279 2871 1555 2942 θαύματα,
1586 2871 1709 2926 οὔτε
1748 2875 1816 2927 τὰ

231 2965 330 3019 ἐπὶ
368 2964 446 3036 τῷ
481 2967 639 3035 τάφῳ
676 2964 1101 3036 μαρτυρούμενα
1132 2963 1286 3033 παρὰ
1313 2961 1424 3016 τῶν
1466 2963 1816 3034 στρατιωτῶν

235 3057 680 3126 δυσωπηθέντες,
709 3058 785 3127 τῷ
816 3057 932 3126 ἰδίῳ
961 3056 1125 3110 πάθει
1152 3057 1217 3126 τῇ
1256 3054 1592 3148 φιλαργυρία
1616 3056 1815 3110 ὑπονο-
1847 3084 1894 3148 c

235 3149 459 3202 θεὺουσι
500 3151 627 3212 τοὺς
660 3148 1019 3218 στρατιώτας,
1045 3147 1474 3218 παραπείθοντες
1509 3141 1706 3210 αὐτοὺς
1754 3149 1814 3201 τὸ

232 3242 458 3297 πάντων
503 3239 863 3311 ἀσεϐέστερον
896 3239 1231 3308 φθέγξασθαι
1285 3238 1378 3293 καὶ
1432 3239 1810 3310 ἀνοητότερον,

227 3332 316 3386 ὅτι
367 3331 600 3400 ἐκλάπη.
645 3330 766 3393 Πῶς
804 3331 912 3400 γὰρ
957 3331 1022 3383 ἂν
1074 3330 1326 3399 ἔκλεψαν,
1383 3323 1427 3381 ὦ
1475 3330 1714 3399 ἀνόητοι,
1764 3332 1812 3382 οἱ

233 3423 502 3496 μαθηταὶ,
537 3425 583 3476 oi
633 3423 721 3475 διὰ
752 3423 843 3476 τὸν
877 3421 1041 3491 φόϐον
1099 3419 1552 3482 ἀποκλεισθέντες
1603 3421 1696 3473 καὶ
1737 3421 1812 3490 μὴ

228 3516 538 3584 τολμῶντες
584 3516 717 3577 ὅλως
771 3514 1049 3581 ἐξελθεϊν;
1088 3515 1208 3577 Πῶς
1240 3515 1283 3566 δ’
1337 3516 1407 3567 ἂν
1454 3517 1501 3567 εἰ
1556 3513 1810 3581 ἔκλεψαν,

235 3606 584 3677 ἀπέθνησκον
635 3606 863 3677 ὕστερον
923 3607 992 3659 δι’
1044 3606 1240 3670 αὑτὸν,
1303 3607 1811 3677 κηρύττοντεςὸτι

239 3699 465 3768 ἀνέστη,
491 3701 584 3752 καὶ
615 3699 755 3768 ὑπὲρ
784 3696 876 3751 τοῦ
901 3697 1129 3766 ψεύδους
1157 3699 1624 3759 κατακοπτόμενοι
1651 3715 1666 3764 ;

307 3901 329 3934 ε
372 3882 435 3936 Oi
466 3881 521 3934 δέ
551 3880 745 3933 ἕνδεκα
777 3880 1017 3949 μαθηταὶ
1052 3880 1429 3951 ἐπορεύθησαν
1471 3881 1551 3942 είς
1580 3879 1680 3948 τὴν
1705 3881 1810 3934 Γα-

229 3974 449 4026 λιλαίαν
474 4014 491 4037 ,
524 3974 602 4035 si;
653 3973 711 4022 τὸ
766 3971 890 4040 όρος
929 3966 989 4024 οὗ
1029 3972 1257 4037 ἐτάξατο
1309 3972 1491 4033 αὐτοῖς
1518 3973 1545 4024 ό
1579 3971 1806 4039 Ἰησοῠςο

227 4065 326 4117 καὶ
363 4065 558 4125 ἰδόντες
613 4061 796 4127 αὐτὸν,
831 4061 1246 4131 προσεκύνησαν
1294 4061 1462 4132 αὐτῷ’
1493 4062 1541 4114 οἱ
1592 4061 1647 4113 δέ
1701 4061 1809 4114 ἐδί-

230 4172 460 4211 στασαν.
513 4155 623 4208 Καὶ
659 4151 971 4223 προσελθὼν
995 4154 1023 4203 ό
1069 4153 1274 4221 Ἰησοῦς
1303 4151 1563 4222 ἐλάλησεν
1606 4151 1806 4217 αὐτοῖς,

226 4251 425 4317 λέγων’
469 4247 656 4315 Ἐδόθη
694 4263 785 4317 μοι
820 4248 968 4299 πᾶσα
1002 4245 1103 4310 ἐξοτ
1136 4246 1219 4298 σία
1252 4246 1310 4298 ἐν
1351 4243 1565 4316 οὐρανῷ
1596 4244 1689 4297 καὶ
1717 4244 1810 4296 ἐπὶ

227 4339 334 4409 γῆς
368 4354 380 4366 ·
435 4337 792 4407 πορευθέντες
860 4334 1237 4404 μαθητεύσατε
1283 4335 1461 4389 πάντα
1505 4333 1574 4388 τὰ
1631 4333 1758 4401 ἔθνη
1792 4375 1806 4399 ,

1937 1860 2002 1919 Ει
2033 1863 2345 1933 congregati
2376 1878 2497 1918 cum
2523 1863 2851 1928 senioribus,
2881 1862 3110 1918 consilio
3137 1863 3322 1920 habito
3356 1879 3523 1934 pecu-

1935 1956 2080 2008 niam
2112 1942 2390 2024 Copiosam
2419 1956 2686 2011 dederunt
2710 1955 2998 2023 militibus,
3036 1956 3314 2012 dicentes:
3349 1952 3524 2014 Dicite

1931 2047 2074 2115 quod
2109 2045 2364 2117 Discipuli
2397 2049 2514 2117 ejus
2557 2057 2715 2103 nocte
2753 2057 3044 2114 venerunt,
3086 2058 3140 2102 et
3169 2047 3337 2103 furati
3392 2056 3522 2105 sunt

1937 2153 2060 2196 eum
2089 2137 2246 2195 nobis
2270 2139 2692 2196 dormientibus.
2717 2137 2784 2194 Et
2824 2140 2869 2194 si
2895 2141 2997 2196 hoc
3015 2141 3256 2196 auditum
3287 2141 3450 2198 fuerit
3488 2158 3521 2197 a

1931 2231 2182 2302 praeside,
2203 2246 2300 2287 nos
2318 2231 2768 2301 persuadebimus
2793 2232 2866 2298 ei,
2894 2239 2950 2286 et
2972 2247 3201 2290 securos
3226 2249 3319 2289 vos
3349 2232 3520 2290 facie-

1932 2340 2073 2380 mus.
2106 2326 2176 2379 At
2218 2324 2293 2378 illi
2344 2331 2572 2395 accepta
2608 2323 2839 2395 pecunia
2882 2323 3132 2380 fecerunt
3175 2327 3320 2382 sicut
3349 2337 3513 2382 erant

1923 2416 2140 2472 edocti:
2175 2424 2232 2471 et
2273 2415 2584 2487 divulgatus
2614 2424 2701 2471 est
2741 2416 2831 2472 hic
2877 2430 3060 2473 sermo
3111 2415 3252 2488 apud
3299 2415 3518 2475 Iudaeos

1930 2512 2105 2576 usque
2145 2508 2199 2561 in
2231 2507 2555 2562 hodiernum
2582 2507 2750 2562 diem.
2791 2527 2810 2560 ι
2847 2507 3118 2585 Custodes
3144 2510 3516 2566 annuntiave-

1929 2607 2054 2651 runt
2079 2600 2283 2662 omnia,
2313 2598 2459 2668 quod
2493 2608 2652 2654 terra
2678 2605 2856 2655 motus
2885 2598 3066 2653 factus
3089 2598 3182 2665 sit,
3207 2599 3352 2671 quod
3374 2600 3517 2670 lapis

1928 2699 2024 2757 per
2052 2675 2110 2741 se
2144 2666 2391 2743 sublatus
2425 2687 2517 2754 sit,
2554 2687 2697 2757 quod
2750 2687 2851 2759 ipsi
2907 2688 3080 2744 territi
3130 2666 3270 2744 fact—il
3315 2666 3518 2746 fuerint

1927 2778 2082 2847 quasi
2127 2779 2351 2832 mortui.
2384 2778 2455 2834 At
2488 2778 2658 2835 Judaei
2717 2763 2869 2838 tanto
2916 2779 3182 2853 miraculo
3223 2783 3354 2836 moti
3406 2797 3515 2838 non

1927 2881 2075 2934 sunt,
2105 2885 2283 2940 neque
2303 2872 2529 2926 demulsi
2561 2871 2841 2928 miraculis
2868 2887 2989 2943 qum
3018 2873 3073 2925 in
3106 2873 3356 2942 passione
3381 2887 3514 2929 con-

1928 2964 2198 3032 tigerant,
2251 2977 2430 3030 neque
2485 2962 2686 3030 placati
2735 2962 2843 3017 illis
2899 2978 3019 3032 quae
3077 2962 3513 3020 testiﬁcabantur

1926 3052 2202 3114 custodes,
2230 3066 2330 3105 suo
2363 3051 2528 3116 utal'o,
2565 3052 2669 3106 hoc
2719 3061 2803 3108 est
2864 3053 3117 3120 avaritia,
3152 3053 3354 3108 milites
3382 3069 3509 3109 cor-

1926 3151 2203 3212 rumpunt.
2228 3143 2563 3199 Persuadere
2586 3153 2764 3198 autem
2790 3155 3079 3210 conantur,
3098 3147 3240 3214 quod
3263 3149 3505 3204 omnium

1926 3238 2158 3291 maxime
2185 3236 2414 3306 impium
2441 3244 2496 3291 et
2519 3237 2906 3291 stultissimum
2941 3237 3106 3291 fuerit
3133 3240 3339 3303 dicere,
3360 3241 3507 3310 quod

1923 3326 2072 3382 furto
2102 3330 2355 3383 sublatus
2379 3337 2544 3382 esset.
2567 3327 2687 3394 Quo
2716 3339 2875 3398 pacto
2896 3330 3063 3393 enim,
3089 3345 3122 3384 ο
3148 3331 3324 3412 stulti,
3345 3330 3511 3394 furati

1920 3431 2107 3475 essent
2157 3421 2429 3490 discipuli,
2481 3424 2581 3490 qui-
2628 3436 2740 3490 pra:
2798 3429 2944 3474 metu
2994 3421 3189 3476 inclusi
3229 3432 3406 3489 erant,
3452 3432 3508 3478 et

1921 3513 2142 3566 omnino
2193 3514 2344 3566 exire
2391 3527 2498 3566 non
2547 3512 2852 3566 audebant?
2903 3511 3186 3578 Quomodo
3226 3524 3408 3569 autem
3459 3515 3506 3570 si

1921 3605 2067 3659 [ιιι-ιο
2143 3605 2548 3672 abStulissent,
2595 3615 2784 3674 postea
2849 3613 3072 3672 propter
3149 3604 3300 3660 illum
3365 3609 3506 3663 mori

1920 3693 2240 3759 voluissent,
2285 3694 2641 3761 pradicatttes
2681 3693 2830 3746 illum
2867 3690 3254 3758 resurrexisse,
3305 3703 3360 3748 et
3404 3709 3506 3762 pro

1919 3787 2204 3841 mendacio
2239 3787 2376 3840 male
2408 3783 2625 3838 aﬂ‘ecti?

1994 3878 2158 3931 Vnns.
2198 3874 2386 3930 16-20.
2421 3894 2445 3926 Δι
2478 3872 2742 3930 Undecim
2774 3885 2953 3931 autem
2976 3876 3222 3946 discipuli
3254 3877 3506 3933 abierunt

1920 3973 1973 4025 in
2007 3970 2284 4025 Galilaeam
2323 3969 2374 4023 in
2410 3979 2651 4024 montem
2693 3969 2780 4022 ubi
2809 3970 3168 4023 censtituerat
3195 3969 3299 4025 illis
3317 3969 3500 4025 Jesus.

1920 4062 2134 4116 Etcum
2167 4059 3011 4121 vidissentillum,adoraverunt
3050 4076 3196 4126 eum,
3233 4061 3286 4115 lii
3321 4071 3502 4116 autem

1918 4153 2317 4207 dubitaverunt.
2348 4150 2413 4204 Et
2457 4152 2724 4205 accedens
2748 4148 2908 4205 Jesus
2936 4151 3147 4206 loeutus
3173 4159 3260 4206 est
3296 4152 3378 4206 eis
3413 4152 3504 4206 di~

1916 4259 2081 4301 cens:
2118 4243 2253 4298 Data
2284 4253 2365 4298 est
2407 4243 2536 4297 mihi
2568 4246 2749 4299 omnis
2792 4252 3031 4312 potestas
3067 4244 3120 4298 in
3152 4243 3293 4299 cmlo
3339 4253 3395 4299 et
3449 4245 3503 4301 in

1917 4346 2101 4402 terra;
2138 4345 2332 4391 euntes
2368 4348 2500 4403 ergo
2532 4336 2722 4389 docete
2755 4349 2945 4388 omnes
2979 4345 3188 4404 gentes,
3218 4334 3504 4402 baptizan-

231 4427 582 4501 βαπτίζοντες
603 4429 799 4490 αὐτοὺς
831 4429 910 4489 εἰς
933 4428 992 4478 τὸ
1008 4427 1176 4494 ὄνομα
1204 4426 1299 4479 τοῦ
1327 4425 1567 4497 Πατρὸς,
1593 4427 1686 4479 καὶ
1711 4424 1805 4478 τοῦ

1927 4440 1996 4482 les
2026 4442 2120 4483 eos
2146 4427 2199 4482 in
2224 4425 2447 4483 nomine
2474 4425 2673 4492 Patris,
2698 4434 2757 4480 et
2791 4423 2937 4489 Filii,
2965 4434 3019 4479 et
3047 4425 3282 4494 Spiritus
3301 4428 3499 4493 sancti,

232 4518 391 4584 Υῐοῦ,
427 4520 522 4571 atat
554 4519 648 4570 τοῦ
670 4517 829 4578 ἁγίου
865 4517 1204 4586 Πνεύματος,
1239 4515 1581 4578 διδάσκοντες
1609 4517 1809 4579 αὐτοὺς

227 4597 418 4681 τηρεῖν
473 4609 652 4663 πάντα
694 4610 795 4662 ὅσα
836 4607 1194 4677 ἐνετειλάμην
1226 4609 1375 4677 ὑμῖν,
1422 4607 1517 4659 καὶ
1552 4607 1662 4660 [Bob
1698 4605 1810 4676 ἐγὼ

234 4703 351 4776 μεθ’
397 4702 550 4774 ὑμῶν
593 4704 709 4772 ειμι
751 4701 929 4764 πάσας
962 4699 1061 4763 τὰς
1085 4699 1321 4771 ἡμέρας,
1349 4699 1454 4764 ἕως
1485 4701 1584 4771 τῆς
1619 4715 1810 4751 συντε-

166 4795 168 4797 ’
231 4790 380 4859 λείας
439 4793 533 4848 τοῦ
590 4794 806 4857 αίῶνος.
853 4811 870 4843 ι
917 4792 1074 4846 Κατὰ
1121 4790 1211 4843 τὸν
1274 4787 1537 4861 Ἰωάννην
1592 4789 1812 4859 πρῶτον

233 4886 387 4956 ὤφθη
419 4887 531 4947 τοῖς
559 4885 826 4955 μαθηταῖς
844 4885 871 4935 ό
899 4881 1104 4952 Ἰησοῦς
1138 4880 1258 4934 κατ’
1276 4880 1445 4951 αὐτὴν
1470 4881 1568 4951 τὴν
1597 4879 1811 4950 ἡμέραν

232 4977 342 5046 τῆς
383 4975 757 5037 ἀναστάσεως,
812 4972 923 5026 τῶν
980 4973 1160 5042 θυρῶν
1220 4973 1660 5042 κεκλεισμένωνο
1692 4970 1811 5027 εἶτα

238 5063 354 5138 μεθ’
374 5067 590 5138 ἡμέρας
610 5067 775 5132 ὀκτὼ,
804 5067 893 5118 ὅτε
920 5066 1013 5118 καὶ
1038 5066 1065 5117 ό
1094 5066 1295 5133 Θωμᾶς
1323 5067 1658 5121 ἐπίστευσενο
1681 5061 1811 5120 ,εἶτα

236 5157 421 5228 ἐπειδὴ
450 5157 673 5227 ἔμελλον
730 5158 806 5219 εἰς
852 5156 1141 5210 Γαλιλαίαν
1177 5158 1505 5226 ἀπαντῆσαι,
1561 5155 1717 5210 οὔπω
1751 5158 1809 5210 δὲ

236 5249 434 5310 πάντες
468 5248 601 5317 ὁμοῦ
637 5248 1004 5318 συνήχθησαν,
1042 5248 1179 5300 ἀλλά
1211 5264 1357 5311 τινες
1381 5248 1564 5301 αὐτῶν
1595 5248 1809 5319 ἡλίευον

239 5342 331 5395 επὶ
382 5341 483 5409 τῆς
527 5340 873 5411 Τιϐεριάδος,
900 5341 1072 5409 ἐφάνη
1105 5341 1225 5392 τότε
1272 5342 1381 5403 τοῖς
1405 5340 1680 5394 ἁλιεύουσι
1714 5341 1812 5411 μό·

238 5449 367 5498 νοις,
391 5431 530 5486 ἐπτὰ
549 5430 688 5487 οὖσι.
715 5431 827 5484 Νῦν
857 5431 950 5484 οὖν
972 5433 998 5484 ὅ
1020 5449 1182 5501 φησιν
1208 5433 1234 5483 ό
1265 5431 1559 5496 Ματθαῑος,
1587 5429 1811 5502 ὕστερον

243 5525 492 5594 ἐγένετο,
539 5524 647 5578 τῶν
704 5523 856 5595 παρὰ
907 5523 986 5591 τῷ
1028 5525 1250 5595 Ἰωάννῃ
1279 5524 1540 5595 πρότερον
1582 5525 1810 5594 γενομέ-

311 5700 358 5734 ”
387 5699 544 5756 Joan.
585 5715 680 5767 xx,
716 5699 804 5752 17.

1911 4522 2168 4576 docentes
2209 4533 2316 4574 eos-
2371 4532 2595 4573 servare
2651 4518 2831 4572 omnia
2889 4519 3500 4588 quaecunque-praecepi

1911 4612 2083 4667 vobis.
2120 4611 2186 4666 Et
2214 4623 2342 4664 ecce
2371 4624 2470 4678 ego
2513 4610 2797 4664 vobiscum
2841 4625 2964 4671 sum.
2999 4612 3255 4665 omnibus
3305 4611 3500 4667 diebus

1912 4716 2086 4772 usque
2131 4701 2199 4756 ad
2247 4701 2775 4756 consummationem
2831 4700 3040 4756 saculi.
3101 4719 3120 4754 ι
3182 4700 3496 4756 Secundum

1913 4791 2199 4856 Joannem,
2243 4790 2477 4860 primum
2514 4790 2794 4860 discipulis
2832 4793 2982 4845 visus
3010 4799 3093 4847 est
3131 4789 3290 4847 Jesus
3340 4792 3501 4862 166

1914 4885 2033 4954 ipso
2080 4882 2166 4937 die
2226 4882 2666 4947 resurrectionis,
2729 4882 2930 4938 clausis
2998 4885 3238 4954 januis:
3302 4886 3499 4942 deinde

1913 4986 2040 5046 post
2071 4975 2189 5030 dies
2218 4985 2364 5041 octo,
2388 4976 2603 5044 quando
2626 4985 2682 5029 et
2705 4974 2947 5031 Thomas
2985 4977 3253 5033 credidit:
3287 4988 3498 5048 postre-

1916 5081 2035 5129 mo,
2095 5066 2221 5132 quia
2279 5065 2332 5119 in
2407 5063 2685 5119 Galilaeam
2757 5069 3037 5122 occursuri
3095 5078 3294 5132 erant,
3358 5083 3496 5124 nou-

1908 5157 2032 5212 dum
2078 5164 2255 5210 autem
2296 5170 2484 5212 omnes
2529 5159 2846 5226 congregati
2895 5167 3091 5224 erant,
3133 5161 3227 5215 sed
3272 5160 3494 5229 quidam

1910 5250 2261 5316 piscabantur
2284 5251 2424 5318 apud
2461 5248 2825 5317 Tiberiadem,
2861 5254 3114 5322 apparuit
3149 5263 3275 5308 tunc
3312 5255 3493 5323 pisca-

1913 5342 2118 5396 toribus
2153 5340 2300 5407 solis,
2338 5357 2429 5410 qui
2464 5351 2669 5411 septem
2732 5353 2908 5398 erant.
2941 5342 3112 5400 Nunc
3155 5344 3320 5415 igitur
3348 5346 3492 5414 quod

1913 5432 2047 5488 dixit
2071 5434 2375 5502 Mattheus,
2407 5433 2679 5504 posterius
2707 5433 2908 5490 factum
2945 5445 3028 5490 est
3063 5451 3226 5506 quam
3261 5436 3346 5488 illa
3372 5450 3492 5504 quae

1915 5539 1945 5578 a
1978 5524 2187 5582 Joanne
2237 5526 2379 5581 dicta
2430 5535 2576 5581 sunt.
2617 5525 2771 5594 Smpe
2814 5526 2956 5582 enim
3003 5527 3252 5591 apnaruit
3281 5527 3361 5582 eis
3394 5540 3492 5594 per
