4080 6336
203 383 323 449 485

780 382 1232 445 ENARRATIO
1267 380 1349 443 IN
1385 380 1801 446 EVANGELII

1928 383 2322 446 ΜΑΤΤΗᾸΞΙ.
2364 412 2435 422 -
2474 387 2633 449 CAP.
2669 386 2955 451 XXVIII.

3389 386 3498 462 L86

206 500 324 556 ἀπὸ
344 497 438 553 τοῦ
463 497 602 553 Θεοῦ
629 498 809 566 Λόγου
834 497 1131 567 λεγόμενον
1159 496 1435 560 ὲκλάδοις,
1466 495 1551 550 δτι
1572 514 1593 549 ι
1614 495 1801 570 Ἐδόθη

1910 507 1992 555 tes
2022 514 2109 554 me
2138 499 2309 555 Deum
2341 516 2485 557 nunc
2519 513 2845 571 agnoscunt,
2886 499 3160 572 qui'prius
3210 499 3342 556 mihi
3380 518 3498 558 ser-

214 607 312 662 μοι
344 591 378 661 ἡ
407 591 556 643 πᾶσα
575 586 817 654 ἐξουσία,
858 605 877 638 ι
919 587 1058 640 καθὸ
1080 587 1177 640 καὶ
1205 586 1433 649 ἄκοντες
1454 586 1552 641 καὶ
1579 587 1800 651 ἑκόντες

211 683 315 737 νῦν
336 680 764 751 ιπιγινώσκουσί
797 696 868 750 με
903 680 1061 741 Θεὸν,
1083 680 1133 731 οί
1170 678 1365 748 πρώην
1402 679 1547 733 κατὰ
1577 679 1671 732 τὸν
1699 680 1801 750 τῆς

211 774 472 829 ἀκουσίου
518 773 802 842 ὑποταγῆς
856 771 1063 842 τρόπον
1114 769 1460 833 δουλεύοντες
1504 786 1618 840 μοι·
1665 771 1714 823 εί
1742 770 1800 822 δὲ

212 867 295 931 ώς
335 865 444 919 ἀπὸ
493 865 597 933 τῆς
638 862 993 933 ἀνθρωπίνης
1044 862 1262 932 φύσεως
1310 861 1626 932 λεγόμενον,
1656 859 1801 914 οὕτω

210 958 349 1024 νόει,
389 958 471 1010 ὅτι
508 956 654 1025 Ἐγὼ
676 956 710 1025 ὴ
738 953 930 1026 πρώην
970 954 1301 1024 κατάκριτος
1330 952 1533 1020 φύσις,
1564 954 1708 1006 κατά
1744 952 1803 1005 δὲ

207 1050 322 1119 τὴν
355 1049 492 1119 πρὸς
528 1047 621 1100 τὸν
659 1046 788 1099 Υῑδν
820 1044 918 1099 τοῦ
948 1044 1085 1098 Θεοῦ
1113 1043 1419 1115 άσύγχυτον
1448 1046 1644 1098 ἕνωσιν
1668 1044 1812 1107 Θεὸς·

214 1140 355 1193 οὖσα
377 1180 392 1205 ,
436 1137 631 1190 ἔλαϐον
675 1136 775 1206 τὴν
827 1134 1081 1203 ἔξουσξαν
1144 1135 1289 1187 κατὰ
1340 1135 1562 1188 πάντων
1589 1174 1604 1196 ,
1658 1134 1800 1187 ῶστε

212 1229 643 1304 προσκυνεῖσθαι
677 1229 769 1280 ὑπ’
804 1227 1062 1296 ἀγγέλων
1092 1228 1151 1280 έν
1175 1226 1415 1297 οὐρανῷ,
1452 1228 1543 1279 καὶ
1573 1226 1669 1279 ἐπὶ
1694 1227 1803 1294 γῆς

211 1323 537 1389 δοξάζεσθαι
581 1322 687 1375 ὑπὸ
730 1320 841 1373 τῶν
890 1319 1147 1389 περάτων
1179 1320 1418 1373 πάντων.
1453 1318 1801 1372 ’Δποστέλλει

211 1415 311 1470 οὖν
330 1416 459 1478 τοὺς
491 1414 741 1483 μαθητὰς
798 1414 901 1465 οὐκ
932 1412 1013 1465 ἔτι
1049 1411 1186 1481 πρὸς
1215 1411 1345 1474 τοὺς
1376 1411 1667 1474 Ἰουδαίους
1702 1412 1802 1480 μό-

212 1523 362 1569 νους,
398 1503 512 1558 ἀλλ’
548 1503 673 1557 ἐπεὶ
704 1503 925 1556 πάντων
964 1502 1126 1555 ἔλαϐε
1159 1501 1262 1573 τὴν
1309 1503 1584 1569 ἐξουσίαν,
1618 1504 1801 1555 πᾶσαν

212 1599 316 1670 τὴν
350 1596 699 1667 ἀνθρωπίνην
744 1594 910 1664 φύσιν
957 1596 1193 1663 ἁγιάσας
1235 1597 1293 1648 ὲν
1339 1595 1541 1667 ἐαυτῷ,
1572 1596 1798 1679 είκρτως

221 1691 365 1759 πρὸς
398 1689 573 1741 πάντα
620 1691 689 1740 τὰ
735 1686 865 1757 ἔθνη
899 1687 1146 1757 πέμπει,
1181 1687 1567 1757 ἐντειλάμενος
1604 1687 1802 1758 βαπτί-

214 1781 335 1846 ζειν
364 1781 443 1841 είς
465 1779 525 1832 τὺ
551 1779 721 1846 ὄνομα
744 1776 840 1831 τοῦ
869 1778 1111 1848 Πατρδς,
1144 1778 1241 1831 καὶ
1264 1778 1357 1830 τοῦ
1388 1778 1547 1845 Υίοῦ,
1577 1780 1675 1833 καὶ
1703 1778 1798 1832 τοῦ

1902 588 2122 643 viehant
2169 589 2550 646 involuntaric
2583 592 2914 647 obedientia:
2975 594 3155 645 modo.
3201 590 3257 645 Si
3312 604 3491 645 autem

1903 680 1972 734 de
2006 682 2240 735 humana
2291 692 2486 736 natura
2515 683 2742 749 dicitur,
2771 685 2852 738 sic
2890 683 3169 751 intellige:
3201 684 3309 750 Ego
3342 701 3489 743 rrum

1903 772 2260 826 condemnata
2284 782 2497 839 natura,
2517 790 2580 827 ex
2592 776 2794 829 sistens
2814 786 2997 828 autem
3027 775 3168 829 Deus
3195 776 3433 828 secundi.

1904 863 2159 916 unionem
2177 865 2243 916 ad
2268 864 2458 917 Filium
2484 865 2575 917 Dei
2597 866 2801 933 absque
2823 874 3136 921 naturarum
3157 866 3347 918 mnfus
3371 888 3454 913 ..ηρ

1902 954 2087 1021 accepi
2123 964 2448 1022 palestalem
2482 971 2649 1023 super
2672 958 2879 1020 omnia,
2912 958 2987 1012 ita
3017 965 3076 1021 ut
3096 967 3150 1009 et
3182 960 3251 1007 ah
3276 973 3393 1023 ang
3420 963 3431 1009 i

1903 1040 1956 1095 in
1980 1041 2123 1095 caelo
2151 1044 2369 1107 adorer,
2404 1055 2461 1097 et
2489 1059 2653 1114 super
2681 1054 2879 1099 terram
2907 1048 2977 1099 ah
3000 1045 3249 1099 omuzbu~
3284 1048 3373 1107 lini
3404 1062 3448 1098 ~u

1906 1140 2067 1186 terra:
2115 1134 2414 1202 gloriﬁcer.
2446 1134 2717 1189 Caeterum
2767 1136 3049 1204 apostolos
3104 1150 3209 1189 ιιοιι
3266 1136 3377 1204 jam
3421 1145 3486 1189 ad

1902 1224 2050 1278 solos
2097 1223 2313 1279 Judreos
2358 1226 2563 1280 mittit:
2617 1228 2711 1281 sed
2745 1230 2873 1295 quia
2909 1241 3125 1281 Omnem
3162 1238 3486 1296 potestatem

1902 1314 2137 1382 accepit,
2170 1329 2503 1385 omnemque
2538 1319 2829 1369 humanam
2868 1327 3122 1370 naturam
3182 1306 3491 1371 sanctiﬁca-

1901 1407 1981 1459 vit
2003 1407 2055 1459 in
2086 1407 2267 1475 seipso
2288 1446 2304 1471 ,
2340 1407 2539 1461 merito
2563 1408 2629 1460 ad
2647 1422 2837 1461 omnes
2860 1420 3054 1477 gentes
3080 1406 3272 1471 mittit,
3303 1408 3461 1474 ρεπιιοί

1904 1498 2059 1567 piens
2083 1498 2436 1567 baptizarein
2460 1502 2683 1555 nomine
2707 1501 2907 1563 Patris,
2925 1509 2979 1555 et
3001 1499 3147 1567 Filii,
3180 1512 3233 1554 et
3252 1499 3491 1568 Spiritus

1903 1592 2102 1645 sancti.
2161 1590 2578 1646 Confundantur
2621 1592 2786 1647 Arius
2833 1602 2888 1647 et
2963 1593 3279 1647 Sabellius:
3322 1594 3487 1646 Arius

1903 1681 2142 1755 quidem,
2177 1696 2243 1735 eo
2285 1683 2432 1751 quod
2459 1682 2712 1737 Christus
2743 1698 2851 1737 non
2873 1682 3037 1753 jussit
3094 1684 3145 1736 in
3178 1684 3491 1737 nominibus

1906 1770 2207 1838 baptizare,
2226 1772 2319 1824 sed
2340 1773 2392 1824 in
2416 1776 2663 1826 nomine.
2688 1770 2892 1825 Nomen
2916 1783 3095 1827 autem
3112 1774 3275 1824 trium
3297 1789 3488 1837 unum,

215 1873 378 1937 ἁγίου
432 1871 774 1940 Πνεύματος.
809 1870 1265 1939 Δίσχύνεσθωσαν
1303 1868 1398 1923 οῦν
1447 1871 1667 1940 ΙἌρειος
1706 1872 1801 1926 καὶ

1906 1876 2099 1931 nempe
2146 1863 2343 1918 deitas.
2401 1863 2551 1919 Unus
2598 1865 2763 1935 igitur
2819 1864 2989 1928 Deus,
3044 1865 3491 1921 tres..Sahellius

212 1964 524 2025 Σαϐέλλιος·
556 1965 776 2034 Ἀρειος
808 1964 928 2032 μὲν,
967 1963 1090 2017 καθ’
1123 1962 1153 2015 δ
1194 1965 1295 2016 οὐκ
1330 1960 1483 2016 εἶπεν
1510 1966 1539 2015 ό
1562 1964 1800 2034 Χριστὸς

213 2060 296 2118 είς
326 2056 394 2110 τὰ
423 2058 665 2125 ὀνόματα
702 2054 1009 2126 βαπτίζειν,
1051 2053 1166 2107 ἀλλ’
1196 2055 1279 2118 είς
1317 2055 1377 2108 τὸ
1407 2054 1602 2125 ὄνομα·
1628 2054 1800 2124 δνομα

214 2147 279 2199 δὲ
322 2149 431 2199 τῶν
475 2147 644 2215 τριῶν
695 2145 829 2213 Emi;
872 2146 1090 2216 θεότης·
1134 2142 1215 2208 εἷς
1250 2145 1343 2199 οὖν
1379 2146 1512 2209 Θεὸς
1550 2147 1621 2198 τὰ
1650 2146 1797 2217 τρία.

211 2237 504 2299 meum;
561 2236 643 2301 δὲ,
701 2237 823 2290 καθ’
881 2237 909 2290 δ
966 2238 1061 2290 καὶ
1120 2238 1230 2290 τῶν
1282 2239 1449 2308 τριῶν
1487 2238 1800 2310 προσώπων

213 2329 464 2401 ιμνήσθη
493 2332 522 2382 ὁ
549 2329 776 2401 Κύριος,
809 2330 909 2399 οὐχ
962 2331 1081 2391 ἑνὸς
1132 2330 1453 2399 προσώπου,
1483 2331 1559 2392 ὡς
1592 2313 1799 2393 ἐκεῖνος

210 2422 546 2491 ἐμφλυάρει,
581 2421 649 2473 τὰ
669 2422 799 2491 τρία
836 2423 1078 2491 ὀνόματα
1112 2422 1350 2491 ἔχοντος,
1389 2425 1484 2476 καὶ
1538 2424 1670 2476 ποτὲ
1703 2423 1801 2493 μὲν

212 2512 557 2580 καλουμένου
592 2513 832 2580 Πατρδς,
882 2513 1013 2565 ποτὲ
1052 2513 1110 2565 δὲ
1161 2513 1316 2580 Υίοῦ,
1346 2515 1481 2566 ποτὲ
1518 2515 1575 2566 δὲ
1627 2514 1801 2567 Πνεῦ-

216 2622 390 2675 ματος
420 2621 435 2636 ⁵
480 2604 617 2658 ἀλλὰ
668 2605 835 2675 τριῶν
890 2605 1089 2674 μᾶλλον
1148 2606 1456 2676 προσώπων
1514 2607 1572 2659 ἒν
1628 2608 1802 2676 ὄνομα

214 2698 469 2767 ἑχόντων,
505 2696 567 2749 τδ
614 2696 767 2759 Θεόῖ.
815 2692 951 2751 Εἶτα
991 2699 1113 2751 ἐπεὶ
1164 2699 1264 2751 οὐκ
1294 2701 1456 2770 ἀρκεῖ
1499 2700 1559 2751 τὸ
1611 2700 1804 2770 βαπτι-

215 2790 414 2859 σθῆναι
454 2788 639 2858 μόνον,
669 2788 807 2842 ἀλλὰ
858 2789 942 2841 δεῖ
988 2792 1084 2841 καὶ
1132 2789 1465 2860 ἑργάζεσθαι
1491 2792 1553 2844 τὸ
1590 2791 1801 2859 ἀγαθὸν

219 2882 363 2953 μετὰ
393 2880 454 2932 τὸ
485 2880 793 2950 βάπτισμα,
822 2879 977 2949 φησί·
1012 2880 1366 2943 Διδάσκοντες
1394 2870 1591 2944 αὐτοὺς
1612 2884 1800 2951 τηρεῖν

215 2975 398 3026 πάντα
452 2973 554 3025 ὅσα
610 2955 965 3041 ἐνετειλάμην
1023 2973 1173 3041 ὑμῖν,
1206 2973 1306 3025 οὐκ
1352 2972 1411 3025 ἓν
1440 2973 1472 3043 ἢ
1503 2973 1618 3034 δύο,
1664 2973 1801 3025 ἀλλὰ

215 3065 399 3118 πάντα
436 3064 504 3117 τὰ
560 3063 877 3134 ἐντάλματα
932 3080 1057 3133 μου.
1088 3064 1375 3133 Φρίξωμεν
1405 3062 1520 3127 οὖν,
1558 3064 1797 3133 ἀδελφοὶ,

216 3156 533 3218 ἐννοοῦντες
561 3156 645 3209 ὅτι
674 3158 773 3209 ἐὰν
801 3155 861 3209 ἓν
884 3155 1050 3227 λείπῃ
1080 3157 1233 3227 ἡμῖν,
1265 3154 1365 3209 οῦκ
1383 3157 1574 3226 ,ἐσμεν
1600 3158 1798 3210 τέλειοι
1825 3196 1870 3254 c

212 3247 394 3301 δοῦλοι
437 3247 531 3298 τοῦ
575 3246 836 3315 Χριστοῦ.
872 3247 1061 3299 Πάντα
1101 3248 1209 3315 γὰρ
1271 3246 1661 3315 ἀπαιτούμεθα
1694 3265 1801 3315 φυ-

212 3341 455 3395 λάττειν.
489 3339 632 3409 Ὅρα
653 3340 710 3391 δὲ
742 3341 840 3407 τὴν
872 3339 970 3391 τοῦ
1018 3339 1228 3409 Κυρίου
1258 3338 1515 3407 διάλεξιν,
1546 3340 1665 3404 πῶς
1693 3342 1802 3410 ἀμ-

215 3430 425 3499 φότερα
461 3430 530 3482 τὰ
564 3430 835 3498 κεφάλαια
884 3429 979 3481 τοῦ
1036 3429 1471 3502 Χριστιανισμοῦ
1525 3433 1796 3504 περιέχει,

214 3521 501 3589 θεολογίαν
554 3523 651 3573 καὶ
717 3522 1030 3591 πρακτικὴν
1074 3524 1301 3592 ἀρετήν’
1328 3515 1501 3575 εἰπὼν
1530 3525 1629 3593 μὲν
1667 3526 1797 3595 γὰρ,

211 3616 300 3668 δτι
327 3614 409 3666 δεῖ
438 3613 723 3683 βαπτίζειν
745 3616 828 3676 εἰς
858 3612 921 3664 τὸ
940 3613 1114 3683 δνομα
1143 3614 1244 3683 τῆς
1278 3614 1529 3679 Τριάδος,
1554 3615 1651 3683 τὴν
1683 3616 1801 3668 θεο-

214 3705 409 3775 λςγίαν
441 3709 577 3775 ἡμῖν
621 3706 961 3775 παρέδωκεν·
1006 3705 1180 3759 είπὼν
1209 3706 1265 3759 δὲ
1308 3707 1580 3761 διδάσκειν
1615 3710 1706 3760 καὶ
1738 3709 1799 3761 τὸ

212 3802 316 3862 τὰς
351 3799 571 3862 ἐντολὰς
620 3802 828 3870 τηρεῖν,
888 3800 992 3866 τὴν
1051 3800 1369 3868 πρακτικὴν
1431 3801 1637 3870 ἀρετὴν
1664 3802 1799 3869 ἡμῖν

213 3896 570 3963 είσηγήσατο.
640 3889 1092 3962 Παραθαρρύνων
1173 3890 1232 3942 δὲ
1306 3890 1549 3957 αὐτοὺς,
1609 3892 1799 3961 ἐπειδὴ

214 3982 551 4038 ἀπέστελλεν
591 3984 669 4045 είς
710 3982 837 4051 ἔθνη
880 3982 976 4033 καὶ
1005 3982 1085 4044 είς
1120 3982 1335 4049 σφαγὰς
1367 3984 1462 4035 καὶ
1495 3983 1797 4045 κινδύνους,

214 4076 387 4147 φησὶν
419 4077 522 4137 ὅτι,
548 4074 641 4142 Μὴ
675 4073 954 4142 φόδεῖσθε·
996 4074 1107 4140 ἐγὼ
1132 4073 1242 4145 γὰρ
1268 4075 1463 4144 ἔσομαι
1497 4074 1618 4145 μεθ’
1641 4075 1797 4144 ὑμῶν

213 4169 349 4238 ἄχρι
372 4167 471 4234 τῆς
513 4165 828 4227 συντελείας
861 4165 958 4217 τοῦ
990 4164 1206 4228 αίῶνος.
1240 4166 1384 4235 Ὅρα
1410 4166 1467 4218 δὲ
1490 4168 1583 4219 καὶ
1616 4165 1794 4229 τοῦτο,

213 4258 337 4320 πῶς
360 4256 607 4327 ὲμνήσθῆ
634 4257 735 4324 τῆς
766 4256 1101 4319 συντελείας,
1127 4256 1217 4308 ἴνα
1237 4254 1574 4324 διαναστήσῃ
1599 4255 1796 4317 αὐτοὺς

214 4349 425 4420 μᾶλλον
476 4348 838 4418 καταφρονεῖν
880 4347 988 4399 τῶν
1034 4346 1245 4399 δεινῶν.
1282 4347 1374 4415 Μὴ
1427 4346 1795 4415 δυσχεράνητε

212 4442 349 4505 γὰρ,
387 4435 539 4505 φησί’
585 4435 898 4487 συντέλειαν
941 4434 1121 4499 ἕξουσι
1162 4436 1375 4498 πάντα,
1417 4434 1527 4486 εῐτε
1571 4434 1796 4501 ἀλγεινὰ

214 4524 327 4580 εἷεν
371 4526 637 4595 κοσμικὰ,
658 4527 769 4578 εῐτε
822 4525 1026 4591 ἀγαθὰ,
1052 4524 1193 4578 ὥστε
1218 4528 1357 4595 μήτε
1382 4528 1492 4587 τοῖς
1526 4527 1795 4592 ἀλγεινοῖς

216 4620 555 4685 ὗποπέσητε·
599 4618 967 4685 παρέρχονται
1020 4616 1129 4684 γάρ
1159 4631 1173 4645 °
1213 4620 1349 4685 μήτε
1407 4619 1518 4676 τοῖς
1574 4615 1797 4681 ἀγαθοῖς

214 4709 556 4778 άπατηθῆτε,
592 4707 975 4760 συντελοῦνται
1038 4710 1168 4777 γάρ.
1225 4709 1300 4759 Οὐ
1359 4707 1544 4777 μόνοις
1585 4706 1640 4758 δὲ
1684 4709 1797 4768 τοῖς

214 4798 538 4859 ἀποστόλοις
594 4798 755 4850 τοῦτο
812 4798 1102 4867 ὑπέσχετο,
1160 4799 1222 4850 τὸ
1281 4802 1523 4851 συνεῖναι
1588 4799 1794 4865 αὐτοῖς,

214 4889 474 4943 ἀλλὰκαὶ
506 4890 675 4941 πᾶσιν
732 4886 919 4949 ἁπλῶς
954 4890 1069 4950 τοῖς
1129 4888 1295 4941 αὐτοῦ
1360 4888 1653 4957 μαθηταῖς.
1720 4889 1795 4941 Οὐ

220 4981 333 5047 γὰρ
360 4979 538 5048 δήπου
561 4980 608 5029 οἱ
636 4978 931 5030 ἀπόστολοι
958 4980 1088 5048 ἄχρι
1114 4982 1213 5046 τῆς
1244 4979 1551 5041 συντελείας
1575 4979 1796 5047 ἔμελλον

213 5074 342 5144 ζῇν.
382 5073 489 5125 Καὶ
543 5074 675 5141 ἡμῖν
724 5072 818 5125 οὖν
851 5076 944 5124 καὶ
988 5074 1100 5134 τοῖς
1126 5072 1244 5139 μεθ’
1278 5073 1426 5140 ἡμᾶς
1456 5073 1800 5141 ὑπισχνεῖται

217 5164 400 5226 τοῦτο,
440 5163 543 5214 οὐκ
582 5162 712 5231 ἄχρι
765 5162 821 5215 δὲ
866 5162 966 5229 τῆς
1023 5161 1333 5223 συντελείας
1381 5163 1611 5230 παρὼν,
1664 5164 1803 5232 μετὰ.

218 5256 318 5323 τὴν
374 5255 685 5308 συντέλειαν
768 5252 1002 5307 ἀπέσται
1047 5294 1062 5316 ,
1126 5254 1328 5321 ἄπαγε.
1392 5253 1619 5306 Ἐκτοτε
1693 5256 1801 5321 γὰρ

219 5346 426 5418 μᾶλλον
476 5348 733 5399 συνέσται
788 5347 1177 5418 καθαρώτερον
1228 5349 1321 5400 καὶ
1372 5348 1807 5418 τρανότερον-τὸ

215 5441 356 5511 γὰρ,
390 5440 623 5503 Ἕως,οὐ
657 5440 719 5492 τὸ
755 5440 897 5509 μετὰ
926 5438 1100 5492 ταῦτα
1118 5441 1351 5510 ἀναιρεῖ,
1399 5440 1528 5493 ἔνθα
1558 5439 1623 5493 ἂν
1652 5442 1807 5509 εὑρε-

221 5533 291 5604 θῇ
344 5532 597 5602 κείμενον
660 5532 718 5585 ἐν
766 5535 833 5602 τῇ
908 5532 1121 5603 Γραφῆ.
1173 5533 1683 5604 Εὑχαριστήσαντες
1714 5534 1807 5587 οὖν

217 5623 299 5693 τῷ
354 5625 546 5693 Κυρίῳ
606 5622 685 5692 τῷ
768 5623 1003 5676 ἐνταῦθα
1070 5625 1284 5675 συνόντι
1356 5626 1511 5695 ἡμῖν,
1558 5627 1649 5677 καὶ
1694 5628 1803 5679 πᾶν

219 5715 422 5785 ἀγαθὸν
435 5715 780 5787 χορηγοῦντι,
810 5718 906 5770 καὶ
921 5716 1078 5773 πάλιν
1110 5719 1455 5788 συνεσομένῳ
1486 5717 1815 5788 τελεώτερον

1902 1970 2055 2018 vero,
2089 1970 2154 2009 eo
2178 1958 2320 2024 quod
2358 1959 2523 2010 trium
2550 1973 2905 2025 personarum
2939 1960 3185 2014 meminit
3209 1960 3487 2025 Dominus,

1902 2061 2013 2101 non
2044 2047 2206 2101 unius
2234 2063 2507 2115 personae.
2545 2050 2689 2104 sicut
2724 2049 2815 2103 ille
2846 2063 3081 2119 nugatur
3131 2051 3234 2104 tria
3269 2052 3487 2105 nomina

1904 2138 2107 2192 habere
2134 2141 2407 2204 eumdem,
2448 2147 2504 2195 ct
2543 2156 2686 2201 nunc
2724 2145 2906 2196 vocari
2943 2142 3181 2207 Patrem,
3221 2158 3365 2198 nunc
3396 2142 3490 2198 ιιί-

1903 2229 2055 2296 lium,
2100 2248 2245 2287 nunc
2293 2232 2555 2303 Spiritum
2607 2244 2896 2290 sanctum:
2941 2238 3034 2290 sed
3072 2247 3491 2307 tres_persona

1903 2340 2071 2378 unum
2136 2328 2319 2395 potius
2367 2327 2573 2381 habent
2625 2343 2845 2391 nomen,
2888 2327 2983 2382 Dei
3033 2331 3261 2387 scilicet.
3290 2330 3492 2385 Deinde

1902 2418 2028 2485 quia
2073 2433 2179 2481 non
2212 2417 2415 2472 sufﬁcit
2443 2419 2706 2488 baptizari
2743 2430 2978 2483 tantum,
3008 2421 3103 2474 sed
3135 2422 3300 2475 etiam
3350 2421 3491 2478 bene

1902 2511 2233 2575 operamlum
2256 2519 2340 2565 est
2360 2524 2483 2581 post
2517 2512 2802 2579 baptisma,
2832 2513 3002 2570 dicit:
3042 2531 3062 2565 ι
3098 2512 3367 2569 Docentes
3395 2528 3493 2569 eos

1903 2616 2123 2654 servare
2137 2603 2321 2657 omnia
2343 2619 2682 2672 quaecunque
2703 2605 2930 2683 praecepi
2950 2607 3130 2672 vobis,
3146 2625 3164 2657 ι
3195 2622 3301 2661 non
3322 2621 3489 2661 unum

1905 2694 1989 2748 vel
2014 2695 2143 2758 duo,
2170 2696 2264 2749 sed
2304 2696 2485 2750 omnia
2527 2701 2782 2751 mandata
2832 2713 2973 2752 mea.
3003 2696 3396 2755 Horrescamus
3435 2707 3495 2753 et

1905 2787 2214 2848 timeamus,
2251 2786 2474 2854 fratres,
2500 2789 2683 2857 quissi
2705 2806 2873 2844 unum
2896 2793 3054 2845 nobis
3075 2788 3358 2856 defecerit,
3383 2804 3491 2845 non

1903 2895 2088 2933 sumas
2109 2881 2333 2950 perfecti
2356 2883 2495 2937 servi
2525 2880 2750 2937 Christi.
2776 2881 2971 2937 Omnia
3002 2887 3148 2938 enim
3182 2884 3483 2953 exiguntur

1904 2980 1964 3025 ut
1992 2984 2303 3028 serventur.
2336 2971 2471 3028 Vide
2499 2986 2680 3030 autem
2727 2972 2941 3029 Domini
2992 2990 3323 3040 sermonem,
3351 2989 3493 3044 quo-

1903 3065 2069 3118 modo
2102 3073 2394 3134 utrumque
2424 3066 2831 3121 Christianismi
2857 3077 3022 3136 caput
3050 3068 3487 3139 complectatur:

1904 3155 2386 3224 contemplativant‘
2434 3165 2489 3210 et
2548 3158 2847 3225 practiram
2908 3158 3207 3213 virtutem.-
3250 3156 3492 3214 Dicenda

1904 3246 2121 3315 quidem
2153 3245 2296 3313 quod
2322 3255 2568 3312 oporteat
2599 3245 2867 3313 baptizari
2897 3246 2949 3300 in
2993 3247 3211 3301 nomine
3241 3247 3490 3302 Trinita-

1907 3338 1999 3399 tis,
2030 3337 2512 3404 contemplativam
2551 3338 2708 3390 nobis
2742 3338 3001 3392 tradidit:
3031 3338 3263 3394 dicendo
3287 3330 3489 3394 autem

1903 3425 2045 3496 quod
2067 3437 2316 3495 oporteat
2339 3428 2537 3482 docere
2567 3438 2621 3483 et
2652 3430 2913 3481 mandata
2948 3437 3155 3495 tenere,
3186 3430 3488 3499 practieatn

1904 3519 2225 3573 introduxit.
2277 3517 2577 3573 Confirmat
2622 3536 2839 3589 quoque
2889 3530 2945 3575 et
2984 3526 3189 3576 animat
3240 3522 3383 3590 illos,
3418 3537 3491 3580 eo

1905 3613 2045 3678 quod
2098 3616 2285 3668 mittat.
2326 3612 2393 3664 ad
2439 3621 2654 3682 gentes,
2689 3615 2826 3667 etin
2857 3630 3085 3668 mortem
3118 3630 3185 3671 ac
3212 3616 3477 3685 pericula,

1902 3704 2087 3755 dicens
2114 3721 2129 3755 :
2158 3702 2332 3757 Nolite
2350 3703 2573 3769 limere;
2598 3720 2700 3773 ego
2719 3707 2863 3758 enim
2890 3708 3167 3762 Vobiscum
3201 3723 3493 3779 ero-usque

1902 3796 1968 3847 ad
1992 3796 2735 3853 consummationemsaeculi.
2762 3796 2899 3851 Vide
2921 3808 2975 3851 et
3015 3800 3181 3865 istud,
3216 3801 3492 3869 quomodo

1903 3901 2109 3939 memor
2132 3884 2300 3941 fuerit
2323 3891 2829 3954 consummationis,
2858 3900 2916 3942 nt
2939 3892 3109 3961 magis
3132 3892 3251 3945 illos
3265 3892 3490 3960 excitet,

1901 3981 1969 4033 ad
1991 3980 2447 4034 contemnendum
2478 3981 2642 4051 168
2656 3982 2863 4050 gravia.
2882 3982 2957 4035 Ne
2981 3985 3246 4050 gravatim
3266 3983 3489 4041 feratis:

1901 4073 2062 4126 ﬁnem
2096 4074 2240 4125 enim
2277 4073 2525 4126 habitura
2563 4074 2894 4129 suntomnia
2925 4078 3220 4141 mundana,
3245 4080 3366 4131 sive
3397 4092 3492 4131 as-

1900 4178 2029 4233 pera
2054 4165 2186 4228 sint,
2219 4165 2333 4217 sive
2362 4179 2617 4232 prospera
2648 4186 2662 4219 :
2686 4177 2851 4234 atque
2878 4168 2998 4219 ideo
3021 4182 3093 4219 ne
3110 4169 3489 4224 succumbatis

1900 4257 1953 4309 in
1992 4258 2270 4309 adversis:
2302 4267 2630 4323 pr;rterennt
2654 4261 2838 4312 enim:
2876 4276 3053 4328 neque
3084 4263 3359 4328 prosperis
3396 4264 3493 4316 de-

1899 4348 2210 4415 cipiamini:
2265 4349 2425 4402 liuent
2473 4351 2617 4402 enim
2660 4349 2915 4403 habitura
2960 4360 3108 4407 sunt.
3144 4350 3261 4406 Non
3312 4353 3487 4407 solum

1899 4451 2081 4492 autem
2121 4442 2223 4493 hoc
2257 4441 2522 4507 :tPOsIOIis
2568 4451 2649 4493 cst
2682 4443 2972 4510 pollicitus,
3003 4445 3145 4512 QU'ld
3185 4462 3308 4499 cum
3350 4448 3483 4513 ipsis

1837 4538 1877 4591 ι)
1905 4532 1999 4593 sit,
2029 4532 2121 4583 sed
2156 4532 2477 4598 simpliciter
2504 4532 2787 4599 (list'ipttlis
2832 4538 2945 4589 suis
2995 4537 3269 4589 oninihns.
3307 4537 3491 4604 Neque

1900 4624 2044 4675 enim
2073 4624 2301 4689 opas-tuli
2332 4638 2503 4690 usque
2542 4628 2606 4674 ad
2640 4626 2802 4678 linem
2852 4628 3034 4679 mundi
3071 4628 3265 4680 victuri
3292 4638 3446 4681 erant
3474 4646 3488 4681 :

1901 4717 2041 4766 unde
2065 4726 2120 4768 et
2151 4716 2328 4776 nobis,
2362 4727 2417 4767 et
2446 4716 2531 4768 his
2562 4717 2651 4784 qui
2698 4730 2817 4782 post
2852 4735 2949 4772 nos
2997 4727 3181 4784 erunt,
3236 4723 3489 4790 promisit

1900 4805 2042 4859 hoc:
2081 4820 2185 4859 non
2220 4812 2361 4875 quod
2391 4808 2644 4874 usquead
2668 4812 3194 4873 consummationem
3222 4828 3487 4881 prtesens.

1898 4904 2023 4965 post
2068 4899 2589 4951 consunmaalioncnt
2629 4902 2815 4952 tnundi
2851 4900 3139 4955 abfuturus
3184 4904 3279 4964 sit.
3308 4904 3473 4958 absit.

1900 4987 2052 5040 Tunc
2085 4990 2231 5042 enim
2262 4993 2433 5057 magis
2467 4991 2624 5044 nobis
2671 4993 2868 5057 aderit,
2893 5003 2947 5045 et
2984 4995 3205 5058 clarius,
3242 5004 3295 5047 et
3328 5011 3487 5048 mun-

1897 5080 2041 5133 dius.
2082 5080 2213 5133 Nam
2240 5083 2327 5134 nhi
2355 5083 2537 5136 Donec
2567 5085 2649 5137 vel
2704 5086 2884 5155 Usque
2929 5088 2980 5139 in
3022 5086 3300 5155 Scriptura
3332 5086 3490 5141 inve-

1902 5172 2067 5235 nitur,
2102 5188 2206 5224 non
2241 5174 2431 5226 adimit
2462 5177 2602 5242 quod
2638 5179 2928 5243 posterius.
2960 5178 3228 5243 Quocirca
3278 5181 3487 5249 gratias

1904 5278 2128 5331 agamus
2150 5262 2401 5327 Domino,
2437 5268 2524 5333 qui
2550 5273 2602 5321 et
2630 5283 2772 5322 nunc
2803 5268 3083 5323 nobiscum
3115 5278 3219 5335 est,
3242 5281 3297 5325 et
3323 5287 3488 5326 omne

1904 5356 2104 5407 bonum
2137 5354 2472 5423 suppeditat,
2504 5366 2559 5413 et
2588 5359 2783 5413 iterum
2830 5360 3115 5414 nobiscum
3147 5363 3250 5415 erit
3276 5364 3490 5433 perfec-

1908 5440 2013 5493 tius
2036 5451 2155 5508 post
2186 5447 2737 5501 consummationem.
2774 5447 2965 5516 Itaque
2994 5464 3343 5521 nosquoque
3387 5452 3489 5508 hoc

1907 5536 2026 5589 loco
2059 5540 2468 5592 enarrationem
2508 5542 2877 5599 ahsolvamus.
2912 5545 3092 5614 Ipsum
3122 5551 3269 5600 enim
3311 5552 3491 5604 omnis

1906 5630 2203 5696 gratiarum
2238 5630 2404 5695 actio,
2438 5633 2609 5701 gloria
2663 5645 2718 5691 et
2768 5636 2942 5692 honor
2982 5637 3140 5694 decet
3197 5640 3250 5693 in
3290 5644 3485 5695 srecula

1899 5720 2243 5777 surculorum.
2272 5721 2467 5779 Amen.
