4080 6336
612 386 726 452 475

1464 380 2044 444 THEOPHYLACTI
2078 374 2490 439 BULGARIB
2538 371 2898 434 ARCHIEP.

3757 359 3857 421 £76

620 501 733 556 luto
773 512 904 554 saxo
938 496 1134 565 ingenti
1162 494 1227 554 ad
1247 496 1445 549 ostium
1483 492 1837 555 monumenti,
1864 492 2019 545 abiit.
2052 490 2181 544 Erat

2297 504 2458 559 μησεν
2484 487 2543 539 ὲν
2569 486 2636 555 τῇ
2668 482 2866 553 πέτρᾳ.
2928 475 3040 533 Καὶ
3086 472 3455 548 προσκυλίσας
3500 468 3649 524 λίθον
3701 473 3865 538 μέγαν

624 606 803 647 autem
838 590 905 643 ibi
940 588 1100 641 Maria
1132 587 1459 656 Magdalene,
1504 596 1557 657 et
1583 584 1753 636 altera
1829 582 1985 652 162
2018 579 2182 633 Maria

623 685 871 739 sedentes
926 690 1111 733 contra
1153 680 1477 744 sepulcrum.
1517 696 1536 727 ι
1577 674 1927 729 Delitescebat
1967 672 2183 740 quidem

622 777 748 831 olim
782 772 1003 837 Juseph,
1030 786 1169 823 nunc
1190 778 1371 820 autem
1410 782 1659 837 magnam
1688 780 1798 819 rem
1861 764 2045 826 audet,
2090 776 2185 831 po-

563 868 565 870 ’
626 882 760 921 nens
780 864 1013 916 animant
1039 880 1189 917 suam
1223 876 1318 929 pro
1340 874 1565 927 corpore
1595 858 1857 925 magistri,
1893 865 2182 924 tantasque

626 957 939 1011 ittitttiritias
964 954 1271 1009 Judrcorum
1314 950 1635 1019 suscipiens.
1670 950 1837 1002 Porro
1869 962 1965 1015 pro
1992 960 2185 1015 magno

625 1052 767 1105 dono
790 1051 1042 1102 donatum
1082 1054 1165 1101 est
1230 1045 1301 1099 illi
1326 1058 1523 1113 corpus
1546 1040 1669 1095 Jesu
1733 1058 1745 1092 :
1800 1055 1920 1091 nam
1972 1052 2093 1091 cum
2130 1044 2190 1090 ut

622 1138 912 1193 seditiosus
934 1146 1075 1189 esset
1122 1136 1335 1189 occisus
1377 1132 1649 1195 Christus,
1701 1129 1963 1197 reliquum
1990 1136 2187 1181 eratut

624 1230 927 1297 insepultus
969 1230 1162 1283 merito
1195 1228 1538 1294 abjiceretur.
1569 1223 1764 1276 Verum
1817 1236 1940 1275 cum
1989 1220 2186 1286 Joseph

626 1322 778 1378 dives
818 1333 978 1383 esset,
1038 1318 1331 1374 verisimile
1370 1314 1619 1385 estquod
1647 1314 1820 1368 Pilato
1878 1327 2067 1365 aurum
2095 1310 2189 1364 de-

627 1415 784 1468 derit.
824 1412 1053 1465 Proinde
1087 1398 1285 1480 corpus
1331 1391 1475 1483 quod
1527 1414 1830 1473 acceperat,
1891 1402 2190 1457 honoriﬁce

628 1511 865 1555 tractans
903 1501 954 1553 iu
987 1500 1234 1568 sepulcro
1265 1514 1403 1551 novo
1434 1496 1752 1560 recondidit,
1779 1496 1831 1549 iu
1875 1509 1984 1563 quo
2011 1492 2189 1547 nullus

628 1610 861 1661 unquam
898 1591 1102 1659 positus
1134 1602 1292 1643 erat:
1324 1590 1374 1642 id
1403 1589 1544 1657 quod
1573 1588 1753 1641 divina
1787 1586 2191 1652 dispensatione

629 1683 851 1748 factum,
883 1699 949 1737 ne
973 1698 1092 1735 cum
1124 1682 1510 1735 resurrexisset
1535 1678 1817 1737 Dominus,
1854 1689 2039 1746 posset
2070 1679 2191 1747 quis

632 1777 810 1831 dicere
841 1775 981 1843 quod
1018 1774 1153 1826 alius
1192 1784 1315 1825 ante
1345 1788 1468 1826 eum
1522 1771 1764 1840 sepultus
1796 1771 1906 1824 illic
1944 1780 2191 1825 mortuus

630 1864 1020 1919 resurrexisset
1048 1881 1061 1914 :
1086 1872 1139 1914 et
1168 1862 1367 1915 idcirco
1387 1859 1488 1913 fuit
1519 1870 1925 1914 monumentum
1974 1874 2187 1912 novum.

631 1954 798 2007 Maria
834 1962 1008 2006 autem
1052 1952 1381 2017 Magdalene,
1426 1962 1479 2005 et
1504 1950 1669 2005 altera
1722 1950 1909 2012 Maria,
1959 1952 2061 2003 hoc
2115 1958 2199 2003 est

633 2043 860 2111 Deipara
896 2061 1056 2113 quam
1082 2060 1240 2112 supra
1274 2044 1485 2096 dixerat
1507 2041 1634 2096 lose
1653 2041 1908 2097 etJacobi
1946 2051 2193 2102 matrem,

631 2138 801 2190 amba:
830 2137 1145 2191 assederunt
1170 2135 1235 2188 ad
1264 2134 1587 2201 sepulturam
1626 2152 1640 2187 :
1673 2136 1745 2185 ita
1786 2143 1846 2186 ut
1894 2147 2019 2185 cum
2049 2132 2199 2185 furor

631 2225 936 2280 Iudaeorum
978 2235 1241 2286 cessaret,
1270 2226 1556 2279 abircntet
1582 2224 2036 2292 amplecterentur
2070 2239 2195 2277 cor-

634 2322 753 2386 pu's.
822 2332 887 2371 ac
947 2318 1285 2387 inungerent.
1357 2318 1430 2371 De
1489 2318 1574 2370 his
1637 2317 1949 2370 mulieribus
1986 2316 2201 2369 dicebat

633 2407 799 2465 Isaias
828 2425 841 2459 :
878 2409 1124 2463 Mulieres
1148 2410 1423 2462 venientes
1444 2423 1471 2460 a
1504 2408 1829 2476 spectaculo,
1864 2410 2055 2465 venite.
2091 2421 2199 2459 non

630 2500 774 2553 enim
813 2499 1039 2567 p0pnlus
1066 2506 1148 2551 est
1174 2497 1377 2553 habens
1411 2498 1767 2551 intellectum.
1804 2495 2084 2549 Manileste
2119 2496 2200 2548 lo-

632 2592 816 2660 quitur
843 2591 908 2644 de
936 2588 1158 2643 Judaico
1187 2592 1405 2660 pupulo,
1460 2591 1551 2659 qui
1606 2590 1957 2643 cruciﬁxerat
2012 2590 2197 2641 Domi-

636 2698 788 2747 num,
822 2683 963 2751 quod
995 2697 1097 2736 non
1129 2683 1321 2736 habeat
1350 2681 1698 2736 intellectum.
1757 2681 1999 2733 Advocat
2035 2681 2201 2748 igitur

633 2775 911 2845 mulieres,
942 2782 1003 2827 ut
1033 2774 1284 2843 populum
1316 2774 1531 2843 quidem
1587 2770 1860 2825 intellectu
1920 2783 2194 2825 carentem

636 2863 1093 2933 derelinquerent,
1144 2864 1209 2915 ad
1262 2862 1537 2932 apostolos
1570 2872 1748 2916 autem
1779 2862 2119 2925 accederent,
2148 2870 2203 2916 et

633 2955 743 3011 illis
770 2956 1180 3010 resurrectionis
1208 2955 1543 3024 evangelium
1573 2954 1951 3023 pmdicarent.

2283 584 2348 649 τῇ
2378 578 2519 649 θύρᾳ
2545 577 2638 628 τοῦ
2668 573 2956 645 μνημείου,
2982 567 3263 640 ἀπῆλθεν·
3304 563 3373 637 ἦν
3408 564 3467 617 δὲ
3518 564 3639 615 ικεῖ
3685 562 3863 629 Μαρία

2283 672 2318 739 ἠ
2350 665 2699 737 Μαγδαληνὴ,
2733 667 2827 717 καὶ
2858 665 2890 732 ἡ
2923 661 3058 730 άλλη
3093 658 3305 730 Μαρία,
3342 655 3653 725 καθήμεναι
3701 654 3851 705 ἀπᾷν

2290 778 2411 813 αντι
2438 758 2532 811 τοῦ
2562 758 2757 824 τάφου.
2779 775 2799 807 ι
2869 753 3205 823 Ἐκρύπτετο
3246 749 3344 819 μὲν
3376 747 3546 799 πάλαι
3584 748 3614 796 6
3638 746 3861 812 Ἰωσὴφ,

2287 852 2383 905 νῦν
2412 851 2471 903 δὲ
2511 851 2651 920 μέγα
2679 848 2911 917 πρᾶγμα
2936 845 3138 913 τολμᾷ,
3162 842 3332 903 τιθεὶς
3373 838 3471 910 τὴν
3501 836 3683 906 ψυχὴν
3709 835 3864 888 αὑτοῦ

2290 943 2437 1014 ὑπὲρ
2474 941 2568 995 τοῦ
2599 937 2980 993 διδασκαλικοῦ
3012 930 3287 1005 σώματος,
3320 932 3414 984 καὶ
3463 928 3738 997 τοσαύτην
3782 928 3867 996 ιχ-

2289 1034 2426 1106 θραν
2474 1034 2612 1103 πρὸς
2662 1033 2873 1091 πάντας
2943 1025 3230 1088 Ἰουδαίους
3282 1020 3709 1090 ἀναδεξάμενος.
3783 1019 3868 1079 Ὠς

2292 1126 2535 1197 μεγάλην
2554 1125 2611 1177 δὲ
2649 1121 2878 1192 δωρεὰν,
2909 1120 3124 1173 δίδωσιν
3154 1115 3304 1188 αὐτῷ
3329 1114 3389 1167 τὸ
3414 1114 3574 1183 σῶμα
3622 1114 3652 1164 6
3702 1110 3863 1163 Πιλᾶ-

2288 1236 2401 1282 τος.
2442 1218 2534 1291 ξΩς
2559 1216 2666 1285 γὰρ
2695 1210 3021 1267 στασιαστοῦ
3046 1208 3447 1269 θανατωθέντος
3470 1204 3566 1257 τοῦ
3606 1201 3867 1275 Χριστοῦ,

2292 1314 2519 1376 είκότως
2548 1309 2608 1364 τὸ
2665 1310 2824 1377 σῶμα
2870 1307 3036 1360 αὑτοῦ
3072 1304 3298 1374 ἔμελλεν
3349 1302 3556 1369 ἄταφον
3606 1298 3868 1369 ῥιφῆναι·

2290 1404 2407 1456 ἀλλ’
2434 1407 2463 1456 6
2532 1402 2731 1469 Ἰωσὴφ
2770 1398 3025 1460 πλούσιος
3080 1396 3177 1461 ὣν,
3214 1394 3360 1457 είκδς
3407 1395 3489 1447 ὅτι
3538 1395 3633 1445 καὶ
3673 1391 3870 1443 ἔδωκεν

2291 1496 2357 1549 ἃν
2388 1494 2466 1564 τῷ
2494 1493 2710 1560 Πιλάτῳ
2738 1491 2981 1561 χρυσίον.
3024 1490 3135 1543 Καὶ
3168 1487 3349 1539 λαϐὼν
3386 1487 3519 1555 τιμᾷ
3546 1484 3679 1536 αὐτὸ
3708 1526 3725 1548 ,
3774 1498 3871 1534 κα·

2290 1585 2470 1645 ταθεὶς
2499 1586 2557 1634 ὲν
2592 1584 2843 1652 μνημείῳ
2872 1580 3067 1649 καινῷ,
3100 1582 3155 1631 ὲν
3180 1571 3224 1645 ᾧ
3253 1577 3465 1630 οὐδέπω
3510 1574 3687 1635 οὐδεὶς
3748 1572 3865 1625 ἰτέ-

2292 1678 2357 1746 θη
2384 1694 2396 1703 ·
2416 1676 2575 1728 τοῦτο
2602 1676 2658 1727 δὲ
2687 1676 2996 1743 οἰκονομίας
3020 1672 3153 1723 Θεοῦ
3185 1666 3275 1740 ἦν,
3344 1669 3436 1720 ῐνα
3466 1666 3565 1735 μὴ,
3595 1663 3874 1717 ἀναστάνο

2290 1787 2381 1830 τος
2414 1768 2507 1819 τοῦ
2534 1767 2764 1832 Κυρίου,
2797 1765 2910 1833 ἔχοι
2934 1781 3019 1825 τις
3066 1763 3246 1814 εἰπεῖν
3285 1761 3366 1813 ὅτι
3402 1758 3559 1819 ἄλλος
3615 1758 3875 1826 πρότερον

2296 1861 2487 1928 ταφεὶς
2542 1860 2657 1910 ἐκεῖ
2685 1858 2876 1924 νεκρὸς
2912 1855 3138 1923 ἀνέστη.
3186 1852 3288 1904 Διά
3338 1850 3495 1903 τοῦτο
3546 1844 3643 1901 οὖν
3693 1845 3878 1899 και-ιδν

2296 1952 2356 2003 τὸ
2382 1952 2661 2019 μνημεῖον.
2693 1949 2757 2001 Ἡ
2791 1946 2981 2015 Μαρία
3010 1946 3064 1997 δὲ
3094 1948 3125 2010 ἡ
3157 1942 3510 2012 Μαγδαληνὴ,
3543 1942 3639 1993 καὶ
3662 1941 3696 2008 ἡ
3744 1937 3877 2007 άλλη

2298 2043 2504 2114 Μαρία,
2570 2042 2866 2104 τουτέστιν,
2935 2042 2968 2106 ἡ
2997 2040 3279 2098 Θεοτὸκος,
3312 2040 3379 2107 ἦν
3407 2034 3669 2103 ἀνωτέρω
3689 2034 3878 2085 ἐκάλε-

2300 2152 2391 2187 σεν
2418 2133 2576 2200 Ἰωσῆ
2607 2136 2703 2185 καὶ
2752 2130 3015 2184 Ἰακώϐου
3046 2129 3279 2199 μητέρα,
3316 2121 3477 2179 αὗται
3518 2128 3573 2178 αί
3630 2124 3725 2177 δύο
3753 2122 3881 2175 κάθ-

2300 2244 2455 2294 ηνται
2500 2226 2760 2277 ἀπέναντι
2802 2224 2895 2275 τοῦ
2942 2222 3115 2288 τάφου
3175 2210 3665 2289 προσεδρεύουσαι,
3711 2216 3874 2280 ὥστε,

2301 2322 2350 2370 εἰ
2395 2317 2663 2370 παύσαιτο
2693 2319 2725 2385 η
2754 2317 2946 2385 μανία,
2975 2314 3229 2368 ἀπελθεῖν
3263 2312 3354 2364 καὶ
3394 2308 3761 2378 περιχυθῆναι
3805 2305 3879 2376 τῷ

2301 2408 2539 2477 σώματι,
2570 2407 2664 2460 καὶ
2696 2407 2922 2475 μυρίσαι
2944 2406 3095 2458 αὑτό.
3124 2403 3262 2471 Περὶ
3294 2400 3403 2453 τῶν
3469 2398 3735 2450 τοιούτων
3787 2412 3879 2464 γυ⁴

2302 2501 2503 2553 ναικῶν
2553 2500 2738 2565 ἔλεγεν
2798 2498 3048 2560 Ἡσαΐας·
3112 2496 3376 2555 Γυναῖκες
3428 2492 3721 2561 ἐρχόμεναι
3776 2486 3879 2539 ἀπὸ

2304 2591 2453 2654 θέας,
2486 2590 2639 2641 δεῦτε
2662 2609 2674 2619 ·
2705 2590 2764 2640 οὐ
2797 2588 2904 2658 γάρ
2922 2588 3045 2648 λαός
3077 2588 3221 2637 ἔστιν
3248 2584 3388 2651 ἒχων
3441 2582 3679 2633 σύνεσιν.
3714 2579 3879 2630 Φανε-

2308 2684 2415 2752 ρῶς
2459 2684 2565 2749 γάρ
2610 2680 2739 2750 περὶ
2766 2681 2861 2731 τοῦ
2910 2676 3202 2731 Ἰουδαῖκοῦ
3237 2673 3368 2727 λαοῦ
3402 2671 3497 2724 τοῦ
3529 2667 3879 2739 σταυρώσανο

2302 2792 2393 2837 τος
2417 2775 2506 2825 τὸν
2540 2773 2763 2842 Κύριον,
2801 2772 2948 2839 λέγει
2981 2772 3063 2823 ὅτι
3095 2770 3195 2821 οὐκ
3224 2768 3402 2836 ἔχουσι
3428 2764 3669 2818 σύνεσιν.
3705 2763 3879 2831 Προσ-

2303 2866 2543 2919 καλεῖται
2604 2864 2697 2918 οὖν
2736 2866 2937 2926 ταύτας
2989 2860 3311 2928 καταλείψαι
3353 2857 3453 2927 μὲν
3487 2856 3581 2909 τὸν
3623 2854 3880 2909 ἀσύνετον

2301 2962 2449 3022 λαὸν,
2487 2958 2799 3029 προσελθεῖν
2830 2957 2887 3009 δὲ
2917 2958 3028 3016 τοῖς
3071 2952 3414 3014 ἀποστόλοις,
3444 2951 3539 3004 καὶ
3592 2946 3880 3017 εὐαγγελί-

2304 3050 2496 3102 σασθαι
2530 3051 2713 3109 αὐτοῖς
2774 3048 2871 3114 τὴν
2928 3045 3242 3097 ἀνάστασιν.

702 3129 866 3187 Vsus.
899 3131 1090 3185 62-66.
1154 3149 1174 3182 ι
1216 3132 1435 3189 Postera
1459 3141 1633 3186 autem
1670 3133 1757 3186 die
1786 3147 1906 3200 quae
1953 3132 2194 3198 sequitur

2382 3162 2399 3190 ι
2426 3142 2504 3210 Τῇ
2535 3141 2591 3192 δὲ
2621 3139 2901 3211 ἐπαύριον,
2933 3138 3053 3206 ἥτις
3076 3136 3191 3188 ἐστὶ
3216 3132 3353 3204 μετά
3371 3133 3471 3201 τὴν
3495 3129 3881 3201 Παρασκευὴν,

634 3223 1001 3289 Parasceveu,
1036 3234 1401 3277 convenerunt
1452 3225 1723 3292 principes
1761 3224 2103 3276 sacerdotum
2141 3233 2195 3275 et

636 3315 893 3373 Phariszi
926 3319 991 3371 ad
1024 3317 1278 3379 Pilatum,
1311 3318 1588 3376 dicentes:
1630 3315 1878 3378 Domine,
1933 3317 2197 3371 recordati

633 3423 821 3463 sumus
860 3410 1003 3478 quod
1032 3409 1291 3476 impostor
1314 3410 1401 3461 ille
1430 3410 1565 3462 dixit
1592 3410 1768 3463 adhuc
1816 3410 2023 3473 vivens,
2074 3409 2202 3464 Post

634 3507 747 3554 tres
768 3500 883 3555 dies
927 3516 1228 3569 resurgam.
1260 3498 1395 3555 lube
1446 3515 1575 3567 ergo
1632 3500 1830 3552 muniri
1895 3499 2198 3566 sepulcrum

637 3608 805 3661 usque
837 3593 888 3645 in
918 3592 1056 3646 diem
1104 3594 1343 3658 tertium,
1407 3608 1473 3647 ue
1508 3594 1721 3660 quando
1767 3593 1987 3646 veniant
2038 3593 2202 3646 disci-

638 3683 749 3753 puli
775 3683 893 3753 ejus
946 3694 1124 3745 noctu,
1159 3692 1212 3737 et
1234 3684 1483 3738 furentur
1512 3699 1659 3747 eum,
1710 3684 1997 3752 dicantque
2036 3683 2199 3750 plebi,

638 3775 888 3829 Surrexit
929 3790 957 3827 a
982 3776 1207 3829 mortuis
1241 3793 1257 3831 :
1282 3784 1336 3829 et
1357 3777 1462 3829 erit
1491 3776 1820 3829 novissimus
1872 3790 2025 3828 error
2054 3775 2203 3843 pejor

635 3868 832 3937 priore.
856 3868 944 3921 Ait
971 3868 1076 3921 illis
1110 3846 1311 3921 Pilatus
1348 3884 1363 3920 :
1399 3866 1620 3921 Habetis
1685 3868 2028 3940 custodiam,
2106 3870 2198 3932 ite,

636 3961 844 4014 munite
874 3960 1019 4013 sicut
1045 3961 1221 4014 scitis.
1253 3958 1333 4012 illi
1358 3970 1538 4013 autem
1601 3960 1864 4013 abeuntes
1895 3960 2203 4012 munierunt

635 4050 962 4117 sepulcrum,
994 4052 1272 4118 obsignato
1295 4052 1491 4119 lapide,
1518 4051 1774 4105 adhibitis
1802 4052 2136 4106 custodibus.
2178 4070 2199 4103 ι

635 4137 753 4193 Non
794 4141 1035 4193 nominat
1084 4140 1405 4201 Sabbatum.
1464 4139 1758 4194 Sabbatum
1794 4158 1808 4194 :
1838 4155 1904 4193 eo
1926 4140 2067 4207 quod
2098 4157 2201 4193 uolt

633 4241 751 4285 erat
784 4230 1079 4286 Sabbatum
1107 4242 1364 4300 quantum
1397 4232 1463 4285 ad
1487 4231 1797 4285 Judaeorum
1830 4232 2093 4284 insaniam
2122 4240 2205 4283 at-

638 4324 864 4379 tinebat.
889 4322 1022 4378 Cum
1046 4326 1188 4379 enim
1214 4324 1296 4378 lex
1328 4324 1603 4393 pmcipiat
1636 4339 1700 4376 ne
1720 4324 1844 4391 quis
1890 4337 1949 4377 se
1992 4330 2204 4376 moveat

634 4416 723 4471 die
747 4415 967 4470 Sabbati
1002 4431 1029 4469 a
1077 4415 1196 4469 loco
1227 4430 1348 4479 suo,
1410 4415 1857 4482 praevaricatores
1878 4412 2044 4467 ιιιάωὶ
2108 4428 2203 4466 va-

2302 3230 2647 3298 συνήχθησαν
2698 3230 2746 3279 οί
2798 3228 3072 3296 ἀρχιερεῖς
3134 3225 3227 3277 καὶ
3298 3224 3349 3275 οί
3407 3222 3696 3289 Φαρισαῖοι
3751 3220 3882 3289 πρὸς

2303 3324 2554 3387 Πιλᾶτον,
2586 3322 2835 3387 λέγοντες
2863 3337 2876 3348 ·
2912 3319 3107 3387 Κύριε,
3170 3314 3530 3385 ὲμνήσθημεν
3553 3314 3640 3365 ὃτι
3680 3312 3884 3371 ἐκεῖνος

2300 3418 2328 3467 6
2359 3417 2558 3475 πλάνος
2593 3410 2745 3465 εἶπεν
2779 3411 2859 3463 ἔτι
2889 3410 2997 3472 ζῶν
3018 3425 3032 3438 ⁸
3061 3408 3218 3462 Μετὰ
3252 3411 3403 3477 τρεῖς
3432 3407 3644 3477 ἡμέρας
3674 3404 3886 3474 ἀγείρο-

2305 3526 2424 3581 μαι.
2466 3507 2733 3559 Κέλευσον
2765 3500 2858 3557 οὖν
2886 3502 3288 3570 ἀσφαλισθῆναι
3314 3500 3409 3552 τὸν
3437 3501 3609 3565 τάφον
3633 3498 3741 3560 ἕως
3790 3497 3886 3584 τῇς

2302 3602 2491 3671 τρίτης
2530 3598 2765 3666 ἡμέρας,
2800 3598 3008 3665 μήποτε
3041 3594 3286 3657 ἐλθόντες
3314 3594 3362 3645 oi
3424 3591 3667 3661 μαθηταὶ
3721 3587 3885 3643 αὑτοῦ

2303 3692 2514 3754 νυκτὸς,
2543 3690 2815 3756 κλέψωσιν
2845 3687 3027 3751 αὐτὸν,
3061 3688 3154 3738 καὶ
3184 3686 3380 3737 εἴπωσι
3411 3684 3489 3752 τῷ
3509 3684 3648 3751 λαῷ,
3686 3683 3886 3753 Ἠγέρ-

2303 3784 2369 3851 θη
2436 3782 2545 3836 ἀπὸ
2590 3779 2695 3833 τῶν
2754 3780 2965 3848 νεκρῶν
2998 3778 3132 3831 ’καὶ
3178 3778 3397 3847 ἔσταιὴ
3442 3776 3647 3844 ἐσχάτη
3710 3776 3884 3844 πλάνη

2301 3873 2500 3943 χείρων
2522 3874 2622 3939 τῆς
2656 3871 2901 3941 πρώτης.
2930 3870 3077 3938 Ἔφη
3112 3869 3293 3930 αὐτοῖς
3324 3871 3352 3920 6
3389 3867 3621 3928 Πιλᾶτος
3643 3882 3656 3896 ·
3694 3866 3885 3936 Ἔχετε

2311 3964 2670 4025 κουστωδίαν,
2721 3964 2983 4029 ὑπάγετε,
3019 3959 3396 4027 ἀσφαλίσασθε
3445 3959 3523 4021 ὼς
3581 3958 3791 4010 οἴδατε.
3824 3956 3884 4009 οι

2302 4057 2359 4109 δὲ
2391 4056 2745 4125 πορευθέντες
2782 4053 3150 4123 ἠσφαλίσαντο
3178 4053 3272 4103 τὸν
3317 4052 3509 4119 τάφον.
3548 4050 3886 4118 σφραγίσαν-

2302 4168 2393 4211 τες
2423 4151 2515 4201 τδν
2549 4148 2696 4200 λίθον
2728 4148 2869 4217 μετὰ
2893 4146 2992 4214 τῆς
3027 4143 3378 4204 κουστωδίας.
3414 4163 3433 4194 ι
3471 4142 3587 4194 Οὐκ
3630 4139 3885 4209 ὀνομάζει

2301 4242 2364 4295 τὸ
2392 4240 2691 4304 Σάϐϐατον,
2748 4238 3047 4301 Σάϐϐατον,
3087 4236 3223 4289 διότι
3280 4234 3400 4287 οὐδὲ
3460 4233 3742 4287 Σάϐϐατον
3798 4229 3883 4303 ἦν,

2301 4334 2424 4386 ὅσον
2458 4334 2551 4385 ἐπὶ
2580 4335 2647 4401 τῇ
2689 4332 2862 4401 κακίᾳ
2912 4331 3018 4383 τῶν
3057 4328 3326 4381 Ἰουδαίων
3349 4344 3364 4357 ·
3396 4325 3491 4378 τοῦ
3548 4325 3658 4394 γὰρ
3719 4325 3883 4395 νόμου

2303 4421 2711 4490 διαγορεύοντος
2745 4422 2812 4488 τῇ
2844 4418 3031 4488 ἡμέρα
3081 4417 3176 4470 τοῦ
3224 4414 3501 4470 Σαϐὁάτου
3544 4414 3752 4484 μηδένα
3802 4431 3886 4467 κι-

636 4512 768 4564 dunt
796 4510 861 4561 ad
884 4509 1237 4578 alienigenam
1272 4507 1526 4571 Pilatum,
1556 4516 1612 4561 et
1653 4522 1757 4561 non
1790 4508 1857 4559 ad
1902 4520 2194 4573 congrega-

2305 4516 2511 4567 νεῖσθαι
2547 4515 2611 4565 ὲκ
2637 4512 2729 4564 τοῦ
2760 4513 2927 4565 τόπου
2962 4510 3149 4576 αὑτοῦ,
3192 4510 3241 4562 oi
3276 4508 3584 4578 παράνομοι
3641 4508 3885 4561 Ἰουδαῖοι

637 4604 837 4657 tionem
867 4618 1027 4671 quam
1060 4602 1140 4655 lex
1196 4600 1562 4670 permittebat.
1596 4597 1663 4651 Et
1705 4598 1808 4666 ipsi
1863 4598 2075 4663 quidem
2109 4590 2194 4651 sua

2304 4605 2442 4675 πρὸς
2470 4604 2559 4656 τὸν
2590 4603 2889 4671 ἀλλόφυλον
2922 4602 3155 4654 Πιλᾶτον
3204 4600 3554 4665 συνάγονται,
3603 4599 3729 4650 ἀντὶ
3791 4598 3885 4668 τῆς

636 4692 841 4745 malitia
874 4692 1197 4760 instigantur
1219 4700 1277 4744 ut
1316 4690 1517 4744 vadunt
1550 4692 1615 4743 ad
1679 4688 1929 4754 Pilatum,
1972 4700 2027 4744 et
2080 4706 2194 4743 mu-

2301 4695 2694 4765 νενομισμένης
2722 4694 3011 4758 συνάξεως.
3054 4694 3196 4745 Ἀλλ’
3227 4695 3425 4745 ἐκεῖνοι
3487 4692 3587 4761 μὲν
3640 4692 3748 4744 ὑπὺ
3791 4692 3885 4759 τῆς

637 4784 790 4836 niant
830 4783 1187 4851 sepulcrum:
1250 4781 1346 4836 Dei
1406 4791 1585 4835 autem
1645 4783 2046 4849 dispensatione
2099 4783 2194 4837 hoc

2300 4783 2513 4837 ἑαυτῶν
2540 4784 2815 4836 κινοῦνται
2850 4784 3115 4851 πονηρίας
3142 4785 3221 4845 εἰς
3250 4783 3309 4834 τὸ
3338 4780 3659 4852 προσελθεῖν
3690 4781 3770 4852 τῷ
3793 4782 3885 4833 Πι-

635 4874 865 4938 factum,
899 4884 956 4927 ut
976 4874 1304 4927 resurrectio
1336 4873 1573 4927 inimicis
1604 4873 1831 4929 testibus
1881 4876 2194 4941 comprobe-

2300 4876 2469 4945 λάτῳ.
2499 4876 2594 4927 καὶ
2623 4876 3027 4943 ἀσφαλίσασθαι
3048 4876 3139 4927 τὸν
3163 4874 3335 4942 τάφον
3365 4889 3379 4902 ⁸
3406 4872 3540 4924 Θεοῦ
3576 4873 3633 4925 δὲ
3688 4876 3885 4926 οίκονο-

636 4975 746 5029 tur,
768 4967 895 5020 dum
918 4967 1219 5035 sepulcrum
1273 4968 1515 5019 munitur
1535 4978 1587 5019 et
1615 4968 1935 5022 custoditur.
1962 4966 2194 5021 Interro-

2301 4967 2398 5035 μία
2429 4965 2609 5029 τοῦτο,
2665 4965 2753 5017 ἵνα
2791 4968 2824 5035 ἠ
2852 4965 3148 5027 ἀνάστασις
3206 4964 3417 5031 γένοιτο
3480 4962 3586 5015 ὑπὸ
3645 4964 3883 5033 μάρτυσι

638 5058 849 5127 gatione
879 5066 1058 5110 autem
1092 5056 1335 5125 dignum,
1363 5044 1504 5111 unde
1552 5055 1722 5111 Judaei
1750 5057 1992 5111 sciebant
2038 5058 2194 5113 Chri-

2297 5058 2408 5119 τοῖς
2460 5056 2695 5125 ἐχθροῖς,
2751 5058 2847 5108 καὶ
2920 5056 3359 5125 ὲσφραγισμένου
3418 5054 3513 5106 τοῦ
3571 5055 3749 5122 τάφου
3793 5056 3883 5106 καὶ

637 5155 779 5200 stum
805 5147 962 5201 tertio
985 5147 1071 5201 die
1090 5148 1560 5201 resurrecturum?
1583 5148 1827 5201 Nondum
1855 5150 1997 5203 enim
2025 5148 2194 5201 Domi-

2300 5148 2704 5215 φυλαττομένου
2727 5165 2741 5177 ·
2775 5148 2925 5211 ἄξιον
2953 5148 3009 5199 δὲ
3053 5146 3289 5215 ζητῆσαι
3351 5144 3517 5198 πόθεν
3540 5147 3593 5197 ot
3640 5146 3881 5199 Ἰουδαῖοι

638 5237 903 5291 nusnude
930 5249 981 5291 et
1008 5239 1291 5292 manifeste
1335 5239 1415 5292 eis
1466 5240 1569 5292 hoc
1608 5240 1834 5294 dixerat.
1884 5240 1996 5295 Dici
2030 5250 2194 5310 potest

2305 5238 2564 5307 μαθόντες
2594 5235 2744 5289 εἶπον
2766 5241 2848 5291 ὅτι
2919 5242 2984 5308 τῇ
3040 5239 3199 5307 τρίτῃ
3252 5238 3437 5307 ἡμέρᾳ
3495 5238 3877 5307 ἐγερθήσεται·

636 5326 834 5393 quoda
878 5326 1045 5394 ﬁgura
1095 5326 1243 5383 Iona:
1296 5330 1669 5397 cognoverint,
1722 5334 2018 5400 pmsertim
2076 5348 2194 5385 cum

2302 5329 2362 5381 οὐ
2398 5330 2508 5399 γὰρ
2536 5329 2708 5397 δήπου
2743 5332 2771 5382 6
2818 5328 3020 5399 Κύριος
3051 5323 3170 5380 εἷπε
3199 5328 3355 5380 τοῦτο
3404 5328 3592 5396 σαφῶς
3640 5331 3736 5381 καὶ
3783 5344 3879 5394 γυ-

635 5415 888 5473 Cbristus
926 5418 1125 5471 dixerit
1158 5436 1173 5471 :
1210 5437 1228 5469 ι
1262 5420 1412 5475 Sicut
1448 5419 1615 5475 Jonas
1674 5422 1775 5475 luit
1811 5424 1982 5477 tribus
2010 5423 2194 5477 diebus

2314 5423 2479 5492 μνῶς.
2512 5423 2699 5474 Ἔστιν
2732 5418 2827 5475 οὖν
2860 5426 3033 5474 εἰπεῖν
3062 5425 3143 5475 ὅτι
3177 5421 3284 5473 ἀπὸ
3321 5420 3413 5472 τοῦ
3440 5421 3878 5489 παραδείγματος

638 5505 693 5559 in
742 5518 928 5561 ventre
983 5510 1108 5571 ceti,
1156 5511 1228 5562 ita
1271 5522 1325 5563 et
1383 5525 1481 5581 ego
1524 5512 1577 5565 in
1620 5521 1806 5565 ventre
1849 5524 2007 5566 terra:
2033 5514 2141 5577 ”';
2178 5533 2194 5563 ι

2309 5512 2403 5564 τοῦ
2431 5512 2591 5564 Ἰωνᾶ
2616 5512 2774 5564 τοῦτο
2829 5512 3095 5579 ἔγνωσαν·
3128 5509 3247 5563 εἶπε
3276 5510 3386 5579 γὰρ
3414 5514 3443 5563 6
3496 5510 3761 5579 Χριστὸς,
3800 5512 3879 5562 ὃτι

641 5596 796 5667 163
855 5600 937 5652 vel
970 5614 1036 5654 ex
1094 5599 1185 5652 illo
1223 5600 1369 5671 quod
1398 5602 1531 5657 dixit
1579 5622 1594 5659 :
1640 5622 1658 5654 ι
1694 5602 1895 5659 Solvite
1948 5606 2194 5675 templum

2319 5604 2558 5675 «Ὥσπερ
2602 5607 2783 5668 Ἰωνᾶς
2819 5601 2886 5676 ἦν
2915 5608 3064 5674 τρεῖς
3098 5605 3311 5675 ἡμέρας
3339 5605 3397 5656 ιν
3430 5605 3499 5674 τῇ
3550 5602 3733 5674 κοιλίᾳ
3788 5601 3875 5656 τοῦ

714 5777 779 5807 ⁸³·
811 5777 993 5834 Matth.
1030 5796 1123 5844 xu,
1155 5784 1243 5838 40.
