4080 6336
164 398 273 465 4⁵17

726 394 1178 457 ΕΝΑΠΒᾹΤΙΟ
1214 394 1293 453 1N
1346 392 1760 454 EVANGELII

1894 387 2285 450 ΜΑΤΤΗᾸΞῙ.
2319 410 2386 423 --
2430 385 2592 445 CAP.
2626 382 2907 445 XXVIII.

3332 380 3440 443 ΡΠ

162 521 389 589 κήτους,
415 513 563 571 οὕτω
591 513 686 568 καὶ
734 510 847 577 ἑγὼ
878 514 935 564 ἂν
990 514 1057 581 τῇ
1089 512 1272 580 κοιλίᾳ
1315 512 1418 582 τῆς
1465 512 1593 581 γῆς·
1624 531 1643 565 ι
1702 511 1737 581 ἢ

1863 524 1963 571 ioc,
2000 526 2019 559 ι
2059 508 2201 575 quod
2257 504 2411 573 prius
2468 516 2575 555 non
2640 500 3060 562 intellexerunt,
3134 495 3227 550 sed
3286 508 3444 564 puta-

164 610 265 664 καὶ
280 610 386 663 ἀπὸ
402 607 515 661 τοῦθ
538 623 556 656 t
582 603 807 658 Λύσατε·
821 602 912 654 τὸν
933 602 1058 656 ναὸν
1076 602 1284 655 τοῦτονσ
1300 623 1319 655 ι
1348 603 1615 674 πρότερον
1652 604 1751 673 μὲν

164 705 280 772 γὰρ
310 702 385 772 μὴ
423 701 715 767 νοήσαντες
746 696 925 759 τοῦτο,
953 694 1089 747 ἀλλὰ
1117 696 1464 765 νομίσαντες,
1510 697 1594 748 ὅτι
1623 695 1754 765 περὶ

164 796 261 849 τοῦ
293 792 418 845 ναοῦ
446 792 593 859 λέγει
620 790 717 842 τοῦ
769 789 1083 848 Ἰουδαϊκοῦ,
1117 788 1616 858 κατεμαρτύρησαν
1649 788 1753 840 αύο

166 888 264 940 τοῦ
293 903 307 917 ·
336 885 434 938 νῦν
455 884 511 936 δὲ
538 884 778 951 γνόντες,
804 882 887 934 ὅτι
908 884 1033 933 ναὸν
1066 880 1219 946 ἔλεγε
1249 884 1309 932 τὸ
1337 881 1498 950 σῶμα
1513 879 1575 932 τδ
1598 880 1749 946 ῐδιον,

166 976 488 1046 φοϐοῦνται,
526 975 621 1027 καὶ
652 972 854 1025 πλάνον
879 972 1040 1024 αὑτὸν
1069 972 1429 1035 ἀποκαλοῦσι,
1464 971 1599 1042 μηδὲ
1654 988 1753 1040 με·

167 1070 237 1121 τὰ
270 1070 500 1122 θάνατον
522 1066 621 1133 τὴν
655 1065 854 1118 κακίαν
876 1063 1155 1125 λύσαντες.
1191 1063 1510 1116 Κουστωδία
1564 1062 1621 1115 δὲ
1667 1063 1753 1115 λέ-

167 1174 325 1227 γεται
358 1155 507 1225 παρὰ
546 1156 837 1224 Ῥωμαιοις
885 1154 918 1223 η
969 1152 1184 1222 φυλακή
1220 1169 1234 1183 ·
1267 1154 1393 1215 τοὺς
1428 1152 1521 1205 οῦν
1549 1152 1641 1204 ἐπὶ
1674 1152 1752 1222 τῷ

167 1251 461 1319 φυλάττειν
528 1247 899 1316 τεταγμένους
976 1244 1349 1314 στρατιώτας,
1422 1243 1753 1299 κουστωδίαν

166 1342 446 1412 ὀνομάζει.

744 1453 1000 1506 ΚΕΦᾹΛ.
1035 1451 1172 1508 KH'.

165 1566 313 1637 Περὶ
341 1566 451 1634 τῆς
480 1566 587 1637 τοῦ
621 1566 841 1637 Κρριόυ
876 1567 1289 1637 ἀναστάσεως.
1321 1568 1459 1631 Περὶ
1492 1562 1611 1637 τῶν
1640 1580 1754 1631 φυ-

240 1634 447 1692 λάκων
476 1636 581 1689 τοῦ
610 1635 828 1703 τάφου,
852 1639 1170 1703 μαρτύρων
1196 1634 1308 1701 τῆς
1333 1634 1749 1697 ἀναστάσεως.

243 1706 385 1772 Περὶ
420 1705 528 1771 τῆς
568 1707 946 1773 ἐμφανίσεως
986 1706 1093 1759 τοῦ
1138 1705 1397 1773 Χριστοῦ
1437 1704 1562 1769 τοῖς
1604 1704 1754 1758 ἀπο-

240 1777 489 1843 στόλοις
522 1777 621 1828 καί
654 1774 938 1843 γυναιξίν
965 1775 1037 1828 ἐν
1065 1776 1387 1841 Γαλιλαίᾳ.

248 1907 268 1939 ι
315 1887 443 1956 ’0ψὲ
487 1887 543 1941 δὲ
590 1887 906 1953 Σαϐϐἀτων,
949 1892 1015 1958 τῇ
1064 1886 1452 1958 ἐπιφωσκούσῃ
1498 1889 1578 1949 είς
1625 1887 1753 1955 μίαν

170 1979 500 2045 Σαῦϐἁτων,
540 1975 672 2050 ἦλθε
713 1980 903 2047 Μαρία
942 1981 976 2049 ἡ
1017 1979 1355 2049 Μαγδαληνὴ
1396 1980 1494 2032 καὶ
1536 1980 1571 2048 ἡ
1615 1977 1750 2046 ἄλλη

168 2069 395 2140 Μαρία,
424 2069 698 2140 θεωρῆσαι
726 2070 817 2121 τὸν
847 2070 1038 2137 τάφον.
1075 2072 1181 2124 Καὶ
1221 2070 1331 2123 ίδοὺ
1368 2070 1592 2139 σεισμὸς
1626 2071 1749 2137 ἐγέ-

169 2176 295 2213 νετο
327 2161 501 2229 μέγας
528 2177 541 2190 ·
576 2159 804 2227 ἄγγελος
834 2160 944 2230 γὰρ
977 2162 1183 2228 Κυρίου
1219 2163 1465 2224 καταϐὰς
1497 2161 1557 2225 ἑξ
1586 2164 1753 2230 ούρας

170 2252 287 2315 νοῦ,
318 2251 632 2321 προσελθὼν
661 2251 959 2303 ἀπεκύλισε
993 2252 1084 2304 τὸν
1112 2252 1260 2304 λίθον
1292 2254 1401 2304 ἀπὸ
1430 2257 1529 2319 τῆς
1558 2253 1751 2322 θύρας,

170 2346 268 2396 καὶ
307 2344 542 2409 ἐκάθητο
577 2345 762 2398 ἐπάνω
800 2344 967 2397 αὐτοῦ
992 2360 1007 2375 ’
1044 2340 1113 2415 ἦν
1152 2345 1209 2397 δὲ
1245 2347 1278 2413 ἠ
1323 2346 1433 2397 ἰδέα
1472 2346 1639 2396 αὑτοῦ
1678 2345 1755 2407 ὡς

173 2437 455 2506 ἀστραπὴ,
480 2437 572 2489 καὶ
599 2436 659 2487 τὸ
684 2436 889 2505 ἔνδυμα
914 2434 1081 2489 αὑτοῦ
1108 2435 1299 2488 λευκὸν
1324 2437 1401 2499 ὡς
1430 2435 1584 2504 χιών.
1620 2437 1755 2489 ’Δπδ

171 2529 229 2580 δὲ
252 2526 345 2579 τοῦ
373 2527 541 2594 φόϐου
565 2526 728 2579 αὑτοῦ
755 2528 1079 2596 ἐσείσθησαν
1101 2528 1149 2579 οί
1175 2544 1239 2595 τη
1248 2526 1490 2597 ροῦντες,
1516 2527 1611 2577 καὶ
1635 2527 1755 2593 ὲγὲ-

174 2635 329 2671 νοντο
352 2618 483 2670 ὡσεὶ
505 2617 688 2687 νεκροί
696 2659 711 2672 .
744 2617 1090 2686 Ἀποκριθεὶς
1113 2617 1168 2669 δὲ
1194 2619 1222 2669 ὁ
1242 2617 1471 2683 ἄγγελος
1497 2614 1618 2670 εἷπε
1638 2619 1755 2678 ταῖς

182 2706 391 2773 ιυναιξί
413 2724 425 2736 ·
451 2706 543 2775 Μὴ
580 2706 829 2773 φοϐεῖσθε
868 2707 1045 2775 ὑμεῖς.
1085 2702 1216 2758 Οἶδα
1249 2706 1393 2775 γὰρ,
1430 2706 1513 2758 ὅτι
1550 2703 1756 2775 Ἰησοῦν

171 2796 268 2849 τὸν
303 2798 719 2866 ἐσταυρωμένον
752 2796 1004 2866 ζητεῖτε’
1039 2798 1140 2849 οὑκ
1179 2797 1327 2849 ἐστιν
1367 2792 1469 2850 ὦδε
1492 2813 1505 2826 ’
1544 2797 1754 2867 ἠγέρθη

176 2890 308 2956 γὰρ,
333 2888 513 2949 καθὼς
542 2884 683 2940 εἷπε.
708 2887 895 2951 Δεῦτε,
922 2888 1090 2940 εἰδετε
1116 2887 1207 2941 τὸν
1230 2888 1396 2941 τόπον
1416 2889 1555 2941 ὅπου
1583 2889 1757 2941 ἔκειτο

174 2982 205 3032 δ
241 2978 444 3049 Κύριος
467 2997 481 3009 ·
522 2980 615 3032 καὶ
644 2980 779 3048 ταχῦ
814 2978 1162 3048 πορευθεῖσαι
1196 2979 1393 3031 εἴπατε
1426 2981 1541 3042 τοῖς
1577 2979 1757 3049 μαθη-

175 3074 301 3135 ταῖς
340 3072 527 3135 αὐτοῦ,
566 3072 646 3123 ὅτι
692 3071 903 3141 ἠγέρθη
945 3070 1054 3124 ἀπὸ
1088 3070 1199 3123 τῶν
1236 3070 1468 3139 νεκρῶν,
1510 3071 1601 3123 καὶ
1646 3070 1756 3123 ἰδοὺ

1855 597 1988 651 bant
2012 595 2155 664 quod
2186 595 2253 648 de
2282 590 2484 660 templo
2527 588 2757 644 Iudaico
2781 587 3031 648 sentiret,
3063 595 3117 639 et
3142 584 3265 637 ideo
3289 584 3437 637 testi-

1857 690 2097 742 monium
2123 687 2226 740 hoc
2291 692 2481 739 contra
2507 697 2631 735 eum
2659 679 2999 749 protulerunt
3039 694 3053 729 :
3085 692 3228 727 nunc
3256 686 3436 729 autem

1855 780 1945 834 ubi
2000 787 2409 849 cognoverunt,
2470 775 2613 843 quod
2668 772 2929 840 templum
2971 769 3184 822 dixerat
3241 780 3439 829 corpus

1856 871 2162 941 proprium,
2184 869 2400 933 timent,
2431 876 2488 920 et
2556 867 2905 933 impostorem
2969 875 3092 913 eum
3153 862 3437 924 cognomi-

1858 974 2015 1030 nant,
2052 978 2231 1032 neque
2254 971 2375 1030 post
2405 969 2634 1014 mortem
2677 973 2707 1011 a
2747 956 2947 1010 malitia
2977 963 3214 1007 cessant.
3271 950 3441 1007 Caete-

1855 1074 1975 1117 rum
1999 1057 2243 1112 custodia
2278 1054 2580 1108 Romanum
2623 1064 2821 1104 nomen
2853 1058 2932 1100 est
2969 1064 2983 1100 :
3020 1046 3220 1099 milites
3260 1044 3445 1109 itaque

1855 1150 1924 1205 ad
1964 1149 2378 1203 custodiendum
2434 1144 2718 1199 ordinatos
2758 1140 3065 1196 custodiam
3108 1135 3443 1206 evangelista

1854 1240 2128 1296 nominat.

2396 1433 2628 1490 CAPUT
2667 1431 2907 1488 XXVIII.

1861 1555 1936 1609 De
1989 1552 2374 1606 resurrectione
2423 1550 2653 1604 Domini.
2712 1549 2788 1602 De
2838 1548 3145 1602 custodibus
3186 1542 3439 1613 sepulcri,

1931 1625 2224 1689 iisdemque
2277 1622 2677 1675 resurrectionis
2718 1617 3069 1689 ιιιιὶὺιιερῦε
3110 1615 3443 1689 uppgritione

1929 1685 2146 1748 Christi
2170 1693 2318 1760 facta
2374 1692 2627 1759 apostolis
2670 1698 2719 1743 et
2755 1688 3062 1741 mulieribus
3102 1688 3157 1740 in
3193 1685 3441 1742 Caliltca.

1784 1849 1828 1903 Β
1928 1844 2096 1920 νέης.
2128 1863 2252 1917 1-8.
2286 1862 2523 1929 Vespera
2558 1869 2737 1913 autem
2776 1857 3160 1918 Sabbatorum,
3196 1868 3317 1923 quae
3356 1852 3442 1906 lu-

1854 1958 2027 2011 cescit
2057 1958 2109 2008 in
2138 1968 2301 2007 unam
2335 1950 2718 2014 Sabbatorum,
2750 1947 2900 2001 venit
2927 1946 3097 1999 Maria
3121 1943 3441 2009 Hagdalene

1854 2058 1910 2101 et
1935 2047 2105 2100 altera
2137 2043 2307 2096 Maria
2342 2051 2401 2095 ut
2429 2041 2674 2093 viderent
2694 2038 3025 2107 sepulcrum.
3060 2035 3125 2089 Et
3157 2050 3287 2090 ecce
3319 2043 3438 2088 ter-

1858 2155 1929 2191 ra:
1955 2147 2136 2189 motus
2171 2134 2346 2187 fat-tus
2378 2143 2458 2185 est
2492 2144 2736 2198 niagiuis.
2777 2126 3013 2196 Angelus
3050 2126 3195 2179 enim
3223 2123 3442 2179 Domini

1856 2223 2136 2279 descendit
2164 2221 2233 2275 de
2260 2221 2419 2287 caelo,
2445 2228 2499 2273 et
2526 2218 2792 2273 accedens
2832 2215 3062 2270 revolvit
3107 2214 3341 2284 lapidem
3374 2213 3443 2267 ab

1858 2316 2027 2378 ostio,
2060 2311 2395 2378 sedebatque
2424 2324 2589 2378 super
2625 2324 2772 2361 eum.
2808 2306 2938 2360 Erat
2966 2316 3147 2361 autem
3190 2316 3443 2373 aspectus

1856 2406 1975 2474 ejus
2018 2405 2159 2457 sicut
2211 2401 2408 2471 fulgur,
2447 2409 2502 2453 et
2552 2399 2934 2453 vestimentum
2988 2395 3105 2464 ejus
3148 2395 3443 2451 candidum

1857 2497 2001 2550 sicut
2032 2496 2146 2548 uix.
2170 2496 2287 2549 Prae
2320 2492 2514 2546 timore
2547 2502 2725 2546 autem
2750 2491 2869 2560 ejus
2897 2476 3149 2544 concussi
3182 2497 3309 2542 sunt
3341 2502 3443 2540 cu-

1858 2586 2065 2648 stodes.
2091 2593 2145 2638 et
2175 2586 2303 2639 facti
2337 2594 2465 2637 sunt
2495 2584 2657 2636 veluti
2685 2581 2907 2636 mortui.
2948 2579 3306 2648 Respondens
3340 2591 3443 2631 au-

1860 2688 1966 2730 tem
2005 2676 2228 2743 angelus
2258 2676 2392 2728 dixit
2428 2672 2746 2725 mulieribus
2790 2689 2805 2724 :
2839 2668 3017 2724 Nolite
3062 2670 3257 2721 timere
3296 2681 3437 2721 vos:

1859 2766 1973 2819 scio
2003 2769 2144 2819 enim
2181 2767 2324 2833 quod
2353 2764 2379 2817 J
2417 2780 2538 2816 sum
2570 2765 2659 2830 qui
2695 2761 2988 2815 cruciﬁxus
3021 2767 3125 2825 εει,
3160 2757 3443 2826 qumrilis;

1858 2876 1964 2913 non
2015 2869 2100 2911 est
2158 2858 2267 2920 hic,
2312 2859 2553 2909 surrexit
2602 2855 2775 2918 enim,
2823 2853 2966 2905 sicut
3013 2850 3171 2904 dixit.
3230 2848 3445 2909 Venite,

1862 2952 2039 3004 videte
2098 2948 2273 3003 locum
2328 2948 2419 3002 ubi
2474 2949 2682 3017 positus
2730 2953 2850 2998 erat
2885 2943 3171 2997 Dominus.
3221 2940 3291 2995 Et
3337 2942 3448 2995 cito

1861 3051 2077 3105 euntes,
2106 3042 2273 3096 dicite
2302 3039 2585 3109 discipulis
2616 3038 2738 3106 ejus
2767 3038 2911 3106 quod
2948 3034 3190 3090 surrexit
3229 3048 3261 3087 a
3294 3046 3445 3086 mor-
3524 3018 3527 3021 λ

175 3123 409 3231 προαγει
435 3123 580 3232 up'i;
604 3164 683 3223 είς
705 3123 1141 3229 την-Γαλιλαίαν.
1168 3161 1315 3213 Ἐκεῖ
1339 3123 1503 3213 adadv
1526 3160 1724 3229 δψεσθε
1740 3178 1753 3189 ·

1864 3136 1990 3200 tuis,
2043 3145 2097 3188 et
2146 3147 2275 3188 ecce
2316 3132 2571 3202 praecedit
2619 3145 2715 3184 vos
2767 3130 2819 3184 in
2860 3123 3177 3191 Galilaeam,
3212 3125 3282 3179 ibi
3321 3136 3447 3177 eum

180 3253 292 3307 ἰδοὺ
326 3249 479 3307 εἷπον
505 3254 653 3321 ὑμῖν.
686 3254 797 3306 Καὶ
828 3252 1142 3316 ἐξελθοῦσαι
1172 3253 1309 3322 ταχὺ
1345 3253 1457 3305 ἀπὸ
1484 3251 1578 3304 τοῦ
1616 3269 1752 3321 μνη-

181 3346 338 3415 μείου
362 3344 501 3413 μετὰ
524 3344 690 3413 φόϐου
716 3345 806 3395 καὶ
832 3345 1006 3413 χαρᾶς
1029 3344 1294 3412 μεγάλης,
1320 3342 1556 3413 ἔδραμον
1580 3345 1759 3410 ἀπαγ-

176 3438 357 3505 γεῖλαι
376 3440 493 3499 τοῖς
520 3436 787 3506 μαθηταῖς
811 3437 998 3490 αὐτοῦ.
1032 3456 1050 3488 ι
1079 3437 1153 3488 Τὸ
1176 3436 1273 3505 ὀψὲ
1301 3436 1614 3498 Σαϐϐἀτων,
1640 3431 1759 3488 ἶσόν

180 3534 301 3581 ἑστι
332 3528 411 3597 τῷ
444 3529 593 3595 παρὰ
626 3528 704 3598 τῷ
737 3529 923 3598 Λουκᾷ
957 3527 1266 3597 εἰρημένῳ,
1302 3524 1501 3595 ὄρθρου
1539 3526 1756 3595 βαθέος,

177 3620 278 3671 aut
325 3617 403 3688 τῷ
447 3621 601 3688 παρὰ
637 3620 715 3687 τῷ
758 3619 992 3687 Μάρκῳ,
1034 3617 1153 3668 λίαν
1194 3615 1339 3685 πρωῒ
1381 3616 1762 3675 ἀνατείλαντος

179 3711 278 3763 τοῦ
324 3711 500 3777 ἡλίου.
532 3711 723 3763 Ἥλιον
762 3708 871 3777 γὰρ
914 3708 1146 3761 ἐνταῦθα
1178 3712 1318 3760 νοεῖν
1348 3707 1634 3775 ὀφείλομεν
1667 3707 1763 3769 τὰς

179 3800 442 3870 ὀρθρινὰς
471 3800 567 3853 τοῦ
601 3799 754 3869 ἡλίου
786 3800 961 3866 αὐγάς
985 3816 999 3830 ·
1039 3801 1134 3867 ἀφ’
1154 3791 1215 3851 οὖ
1250 3801 1358 3865 γὰρ
1390 3801 1424 3869 ή
1456 3798 1615 3867 ὀγδόη
1647 3797 1765 3867 ὥρα

183 3896 287 3962 τῆς
317 3894 509 3954 νυκτὸς
543 3894 897 3961 ἑπιλάϐηται,
933 3892 1123 3944 ἔκτοτε
1161 3894 1193 3959 ἠ
1231 3891 1373 3961 ἀρχὴ
1405 3893 1503 3957 τῆς
1538 3891 1765 3959 μελλού-

185 4003 289 4055 σης
322 3985 570 4055 ἡμέρας,
602 3985 697 4037 καὶ
730 3986 763 4052 ἠ
800 3984 980 4049 πρωῐα
1014 3984 1163 4034 δοκεῖ
1196 3982 1573 4035 ἐπιλαθέσθαι.
1629 3982 1765 4033 Τότε

182 4078 384 4141 τοίνυν,
413 4075 509 4143 ὀψὲ
545 4076 641 4144 μὲν
663 4069 731 4144 ἦν
756 4071 1059 4137 Σαϐϐάτου,
1088 4072 1231 4140 ἁρχὴ
1252 4071 1309 4123 δὲ
1334 4072 1434 4139 τῆς
1462 4072 1765 4139 Κυριακῆς,

184 4166 256 4238 ἢν
290 4164 417 4235 μίαν
449 4166 557 4217 τῶν
591 4164 883 4217 Σαϐϐάτων
915 4162 1195 4231 ὀνομάζει.
1230 4161 1482 4214 Σάϐϐατα
1528 4163 1626 4229 μὲν
1658 4149 1767 4229 γᾶρ

183 4260 376 4326 ελεγον
400 4259 496 4320 τὰς
521 4258 735 4326 ἡμέρας
756 4256 854 4323 τῆς
881 4253 1197 4323 ἑϐδομάδος.
1224 4252 1368 4304 Μίαν
1394 4251 1474 4312 δὲ,
1501 4250 1599 4320 τὴν
1624 4249 1769 4319 πρώ-

184 4367 313 4416 την,
354 4347 494 4401 ὦστε
524 4343 665 4399 εἶναι
692 4348 789 4414 τὴν
819 4344 1125 4413 Κυριακὴν,
1160 4344 1289 4412 μίαν
1316 4341 1426 4393 τῶν
1453 4341 1766 4404 Σαϐϐἀτων,

186 4438 457 4502 τουτέστι,
491 4434 713 4505 πρώτην
742 4436 850 4486 τῶν
882 4432 1107 4503 ἡμερῶν
1138 4432 1237 4501 τῆς
1270 4431 1596 4499 ἑϐδομάδος·
1632 4431 1768 4499 πρὸς

1862 3227 2111 3281 videbitis
2144 3246 2158 3280 :
2191 3239 2322 3280 ecce
2362 3225 2475 3279 dixi
2513 3224 2687 3279 vobis.
2730 3220 2795 3275 Et
2836 3221 3098 3292 digressae
3130 3218 3385 3274 celeriter
3414 3230 3447 3269 α

1861 3328 2215 3372 monumento
2245 3332 2367 3369 cum
2403 3316 2597 3369 timore
2620 3324 2675 3368 et
2702 3314 2901 3383 gaudio
2926 3327 3123 3380 magno
3154 3310 3450 3365 currebant

1864 3426 1923 3469 ut
1967 3416 2347 3473 renuntiarent
2386 3412 2669 3479 discipulis
2699 3410 2843 3479 ejus.
2893 3429 2913 3462 ι
2957 3407 3201 3479 Vespera
3237 3406 3450 3462 Subba-

1865 3518 2041 3560 torum
2075 3506 2265 3559 eadem
2290 3514 2373 3557 est
2408 3520 2529 3557 cum
2563 3502 2832 3572 profundo
2859 3501 3181 3569 crepusculo
3226 3496 3450 3552 diluculi

1864 3600 2002 3667 apud
2026 3594 2249 3661 Lucam,
2276 3605 2330 3648 et
2359 3594 2511 3647 valde
2540 3608 2695 3646 mane
2734 3592 2851 3645 Sole
2892 3593 3108 3647 oriente
3138 3590 3276 3660 apud
3305 3587 3452 3641 Mar-

1865 3704 2011 3742 cum.
2042 3689 2221 3741 Solem
2251 3688 2395 3740 enim
2431 3702 2497 3738 eo
2539 3684 2656 3739 loco
2699 3684 3002 3751 intelligere
3034 3684 3298 3737 debemus
3336 3696 3453 3733 ma-

1868 3781 2074 3835 tutinus
2118 3778 2251 3832 solis
2301 3778 2505 3831 radios.
2537 3776 2616 3827 Ab
2658 3784 2850 3829 octava
2897 3775 3041 3829 enim
3094 3776 3228 3828 liora
3277 3771 3453 3827 noctis

1857 3871 2191 3941 principium
2239 3879 2325 3923 est
2366 3866 2532 3921 futuri
2578 3866 2707 3932 diei,
2756 3876 2811 3919 et
2861 3864 3188 3919 matutinum
3234 3863 3456 3918 videtur

1870 3974 2147 4032 appetere.
2180 3959 2333 4014 Tunc
2368 3961 2535 4029 igitur
2557 3972 2839 4027 reSperum
2872 3966 2990 4011 erat
3019 3955 3265 4018 Sabbati,
3298 3955 3453 4023 prin-

1870 4056 2070 4122 cipium
2102 4064 2283 4106 autem
2317 4051 2590 4105 Dominici
2617 4050 2747 4114 diei,
2780 4064 2941 4117 quam
2975 4063 3136 4101 unam
3180 4045 3455 4100 Sabbato-

1873 4164 1989 4201 rum
2036 4147 2300 4199 nominat.
2338 4142 2579 4198 Sabbata
2618 4143 2763 4197 enim
2799 4143 3055 4197 dicebant
3099 4140 3218 4195 dies
3249 4139 3456 4193 hebdo-

1872 4239 2063 4292 madte.
2128 4236 2304 4291 Unam
2358 4244 2582 4295 autem,
2642 4233 2746 4287 hoc
2798 4242 2886 4287 est
2941 4232 3198 4301 primam,
3257 4230 3334 4283 ita
3393 4241 3455 4283 ut

1874 4330 2184 4384 Dominicus
2215 4328 2333 4382 dies
2368 4341 2473 4380 una
2497 4327 2569 4380 sit
2594 4324 2983 4390 Sabbatorum,
3008 4325 3110 4377 hoc
3141 4334 3249 4386 est,
3274 4322 3453 4392 prima

1870 4421 2084 4475 dierum
2131 4417 2508 4473 hebdomadis.
2545 4417 2627 4470 Ad
2677 4416 2911 4485 primam
2961 4417 3106 4469 enim
3161 4414 3347 4469 statim
3399 4421 3457 4467 et

186 4528 299 4597 γὰρ
326 4526 426 4597 τὴν
457 4526 679 4595 πρώτην
710 4526 871 4588 εὐθὺς
904 4525 998 4576 καὶ
1032 4527 1066 4593 ὴ
1100 4524 1331 4594 δευτέρα
1363 4521 1581 4588 λέγεται
1602 4563 1615 4585 ,
1649 4517 1760 4573 εἶτα

1874 4513 2111 4568 secunda
2137 4511 2364 4573 dicitur,
2392 4507 2589 4563 deinde
2616 4509 2798 4572 tertia,
2822 4518 2879 4562 et
2908 4507 3167 4573 deinceps
3207 4505 3451 4575 reliquae.

189 4624 225 4691 ἡ
247 4621 429 4690 τρίτη,
453 4620 548 4674 καὶ
573 4620 703 4689 ἑξῆς
724 4620 781 4671 αἱ
804 4617 1008 4671 λοιπαί.
1036 4616 1259 4683 Ἀνέστη
1286 4616 1463 4667 τοίνυν
1484 4614 1514 4665 ὁ
1540 4613 1764 4683 Κύριος,

189 4716 273 4767 ἑτι
297 4714 392 4766 τοῦ
420 4713 568 4765 λίθου
594 4711 944 4779 ἐπικειμένου
977 4707 1052 4777 τῷ
1076 4709 1232 4776 τάφῳ
1253 4724 1266 4736 '
1303 4707 1439 4775 μετὰ
1466 4704 1521 4758 δὲ
1550 4705 1609 4757 τὸ
1638 4707 1769 4758 ἁνα-

193 4806 389 4874 στῆναι
416 4806 507 4857 τὸν
535 4805 760 4874 Κύριον,
794 4803 888 4854 καὶ
912 4804 940 4853 ὀ
971 4800 1203 4868 ἄγγελος
1234 4798 1478 4868 ἔρχεται,
1516 4797 1605 4848 ἵνα
1635 4798 1768 4849 ἀπο-

193 4899 421 4960 κυλίσας
442 4898 534 4949 τὸν
556 4896 725 4958 λίθον,
753 4894 863 4965 δώῃ
891 4894 1123 4965 πάροδον
1147 4894 1269 4954 ταῖς
1298 4890 1547 4959 γυναιξὶν
1572 4890 1653 4951 είς
1678 4889 1768 4941 τὸν

192 4992 387 5057 τάφον,
419 4988 651 5058 Σεισμὺς
681 4988 737 5039 δὲ
769 4988 999 5053 γίνεται,
1034 4985 1120 5037 ἵνα
1150 4982 1563 5051 ἀφυπνισθὼσιν
1587 4983 1637 5034 οί
1665 4982 1769 5049 φύ-

190 5085 379 5147 λακες,
406 5084 501 5135 καὶ
535 5080 743 5149 μάθωσι
769 5080 832 5132 τὺ
862 5078 1047 5132 καινὸν
1074 5077 1163 5129 τοῦ
1191 5077 1507 5143 γενομένου.
1542 5076 1769 5143 Ἀνέστη

188 5166 291 5223 οἷον
330 5169 630 5238 τριήμερος
668 5168 697 5219 ὁ
744 5168 970 5236 Κύριος.
1028 5166 1151 5227 Πῶς
1201 5165 1257 5217 δὲ
1308 5162 1668 5233 ἀριθμοῦνται
1714 5164 1771 5216 αἱ

192 5264 343 5332 τρεῖς
372 5261 614 5330 ἡμέραις
660 5258 837 5328 Ἐκτῃ
883 5257 1002 5328 ὥρᾳ
1029 5257 1127 5325 τῆς
1161 5256 1521 5325 Παραηευῆς
1572 5258 1771 5307 ἐσταυ-

195 5353 345 5423 ρώθη
372 5370 387 5383 ·
422 5354 531 5406 ἀπὸ
558 5352 763 5421 ταύτης
792 5352 897 5413 ἕως
929 5351 1152 5419 ἐννάτης
1175 5390 1190 5414 ,
1226 5352 1417 5411 σκότος
1442 5365 1456 5378 ·
1487 5348 1646 5424 τοῦτο
1674 5348 1769 5399 νύ-

193 5460 301 5498 κτα
330 5461 421 5513 μοι
448 5446 659 5514 νόησον.
696 5444 864 5497 Πάλιν
892 5442 1132 5511 ἁπὸ.τῆ;
1165 5442 1413 5511 ὲννάτης,
1446 5442 1584 5510 φῶς,
1613 5440 1771 5494 τοῦτο

191 5536 381 5607 ἡμέρα
404 5552 419 5565 ·
457 5536 568 5590 ίδοὺ
610 5535 1021 5605 ἡμερονύκτιον.
1057 5534 1228 5586 Πάλιν
1259 5536 1292 5603 ἡ
1328 5534 1423 5599 νὺξ
1454 5535 1554 5602 τῆς
1585 5533 1769 5604 Παρα-

194 5627 400 5696 σκιυῆς
426 5630 520 5682 καὶ
544 5628 641 5681 τοῦ
671 5628 949 5681 Σαϐϐἀτου
980 5629 1013 5696 ἡ
1041 5626 1248 5696 ἡμέρα,
1281 5627 1534 5697 δεύτερον
1564 5628 1771 5695 ἡμερο-

193 5722 413 5776 νύκτιον
430 5738 446 5751 ·
474 5724 509 5792 ὴ
535 5721 633 5787 νὺξ
660 5720 820 5774 πάλιν
840 5720 938 5774 τοῦ
963 5721 1245 5773 Σαϐϐάτου
1271 5721 1365 5774 καὶ
1389 5720 1418 5771 ὀ
1440 5720 1537 5789 τῆς
1564 5721 1772 5788 Κυρια-

193 5813 302 5885 κῆς
345 5811 571 5885 δρθρος,
622 5811 760 5865 κατὰ
804 5812 897 5868 τὸν
942 5811 1251 5878 Ματθαίον,
1304 5811 1529 5880 λέγοντα
1551 5824 1566 5838 ·
1621 5830 1639 5861 ι
1691 5809 1770 5881 Τῇ

1872 4603 2198 4659 Resurrexit
2235 4602 2401 4671 igitur
2447 4600 2710 4655 Dominus
2739 4599 2919 4670 lapide
2960 4600 3143 4654 adhuc
3172 4613 3337 4667 super
3370 4613 3456 4654 se-

1872 4696 2118 4766 pulcrum
2171 4695 2367 4762 posito.
2404 4692 2696 4761 Postquam
2758 4678 2939 4745 autem
3004 4692 3302 4745 resurrexit
3351 4689 3458 4743 Do-

1872 4791 2072 4852 minus,
2098 4797 2152 4840 et
2180 4787 2407 4856 angelus
2450 4787 2622 4852 venit,
2661 4795 2721 4838 ut
2762 4782 3017 4838 devoluto
3050 4782 3230 4853 lapide
3269 4796 3457 4838 acces-

1872 4897 1991 4935 sum
2039 4880 2271 4932 habeant
2320 4879 2577 4934 mulieres
2635 4877 2703 4931 ad
2751 4877 3090 4944 sepulcrum.
3145 4873 3233 4928 Fit
3275 4883 3458 4929 autem

1874 4982 2031 5026 teme
2055 4980 2255 5037 motus,
2286 4980 2344 5024 ut
2379 4970 2689 5024 excitentur
2710 4968 2991 5033 custodes,
3023 4974 3078 5022 et
3105 4967 3323 5022 discant
3354 4980 3454 5019 no-

1871 5080 1996 5117 vum
2020 5064 2161 5133 quod
2187 5063 2364 5116 llebat.
2392 5060 2645 5116 Surrexit
2666 5062 2834 5132 igitur
2859 5060 3126 5115 Dominus
3151 5060 3456 5113 triduanus.

1873 5157 2157 5224 Quomodo
2194 5164 2375 5208 autem
2409 5164 2521 5209 tres
2553 5154 2711 5208 dies?
2759 5153 2927 5207 Sexta
2959 5154 3095 5207 liora
3128 5152 3459 5206 Parasceves

1872 5253 2168 5309 cruciﬁxus
2194 5260 2320 5305 est:
2362 5250 2433 5305 ab
2461 5249 2552 5303 illa
2592 5262 2764 5317 usque
2794 5242 2957 5320 164
2996 5248 3065 5302 ad
3094 5261 3291 5301 nonam
3339 5245 3460 5299 rue-

1876 5356 2003 5401 runt
2050 5346 2326 5411 tenebrae,
2372 5359 2469 5413 per
2519 5346 2619 5399 bas
2671 5344 2860 5413 utique
2902 5351 3117 5397 noctem
3163 5340 3455 5410 intelligas.

1873 5440 2071 5493 lterum
2119 5453 2149 5490 a
2190 5452 2329 5492 nona
2375 5437 2489 5502 lux,
2537 5436 2639 5489 hoc
2670 5446 2778 5501 est,
2836 5437 2952 5489 dies
3002 5448 3181 5488 :ecce
3231 5435 3371 5488 diem
3402 5441 3459 5487 et

1874 5541 2114 5588 noctem.
2156 5530 2356 5584 lterum
2389 5544 2495 5583 nox
2540 5528 2891 5592 Parasceves,
2935 5536 2991 5581 et
3033 5527 3150 5580 dies
3182 5525 3406 5580 Sabba’.
3438 5567 3455 5582 .

1873 5642 2003 5682 ecce
2030 5626 2273 5678 secundo
2295 5624 2437 5677 diem
2464 5630 2518 5676 ct
2553 5631 2793 5676 noctem.
2820 5619 2935 5674 Nox
2959 5634 3177 5690 quoque
3209 5618 3459 5681 Sabbati,

1872 5729 1925 5774 et
1949 5716 2247 5772 diluculum
2274 5714 2588 5777 Dominicae,
2604 5714 2757 5780 juxta
2786 5712 3119 5775 Mattlueum,
3143 5710 3413 5764 dicentem
3441 5725 3457 5760 :

1884 5829 1902 5862 ι
1942 5809 2072 5876 Qua:
2098 5807 2447 5865 illuccsccbat
2490 5807 2543 5862 in
2570 5820 2732 5861 unam
2765 5804 3161 5869 Sabbatorum;
3194 5822 3213 5855 ι
3262 5816 3292 5854 :t
3315 5800 3457 5856 dilu-
