4080 6336
653 424 765 494 479

1486 419 2064 484 THEOPHYLACTI
2107 413 2516 481 BULGARLE
2555 413 2914 476 ARCHIEP.

3765 399 3865 466 480

656 543 776 596 culo
825 543 970 598 enim
1019 551 1070 596 et
1116 543 1237 596 dies’
1278 547 1419 593 totus
1465 546 1779 592 numeratur
1831 554 1844 590 :
1889 551 2014 591 ecce.
2051 545 2207 591 tertio

2314 533 2697 605 ἐπιφωσκούσῃ
2741 533 2821 596 είς
2867 531 2998 602 μίαν
3035 527 3324 582 Σαϐϐάτων
3358 541 3372 554 ’
3419 542 3437 576 ι
3469 524 3576 578 ἀπὸ
3618 522 3729 592 γὰρ
3782 525 3868 578 τοῦ

659 636 798 688 diem
829 643 1124 692 etnoctem.
1157 618 1312 686 Potes
1337 642 1390 685 et
1413 631 1564 684 aliter
1594 639 1702 684 tres
1731 628 1847 697 dies
1877 642 2202 681 numerare:

565 727 572 732 ’
659 724 717 778 In
750 725 1047 778 Parasceve
1091 723 1310 776 tradidit
1343 722 1624 789 spiritum,
1659 734 1782 774 ecce
1829 734 1994 772 unum
2043 719 2206 772 diem.

663 813 898 868 Sabbato
926 815 976 866 in
1000 802 1245 881 sepulcro
1276 813 1391 879 fuit,
1427 811 1553 867 ecce
1589 811 1856 865 secundus
1886 809 2017 864 dies.
2049 809 2212 864 Nocte

663 903 950 958 Dominicze
986 905 1320 968 resurrexit;
1357 919 1385 956 a
1420 914 1570 974 parte
1616 904 1779 973 igitur
1815 911 2130 956 numeratur
2159 911 2212 954 et

665 983 941 1047 Dominica
988 994 1040 1048 in
1070 997 1231 1052 alium
1278 996 1439 1059 diem,
1470 1003 1526 1049 et
1557 994 1629 1047 ita
1663 1004 1772 1048 tres
1798 993 1914 1048 dies
1959 1012 1972 1047 :
2011 1008 2132 1047 nam
2159 1000 2211 1045 et

659 1082 727 1138 de
759 1083 1025 1140 defunctis
1064 1085 1313 1147 dicimus,
1342 1085 1386 1138 si
1434 1099 1572 1138 unus
1604 1086 1869 1139 moriatur
1893 1085 2038 1139 circa
2072 1084 2211 1139 deci-

659 1185 802 1228 mam
829 1173 1018 1229 horam
1053 1175 1182 1239 diei,
1209 1183 1262 1230 et
1295 1174 1432 1228 alter
1460 1176 1603 1228 circa
1647 1175 1874 1245 primam
1924 1174 2042 1242 ejus
2082 1174 2210 1239 diei,

661 1264 803 1332 quod
844 1273 1068 1334 uterque
1095 1266 1283 1319 eodem
1313 1263 1400 1319 die
1436 1269 1506 1318 sit
1534 1274 1802 1320 mortuus.
1842 1265 2070 1321 Possum
2117 1265 2212 1320 tibi

662 1364 715 1408 et
748 1354 904 1423 aliam
931 1370 1157 1410 causam.
1192 1357 1370 1411 dicere
1400 1357 1672 1426 quomodo
1713 1366 1822 1412 tres
1858 1357 1974 1414 dies
2006 1367 2059 1411 et
2102 1367 2212 1413 tres

664 1455 851 1499 noctes
882 1455 1248 1501 numerentur.
1281 1447 1508 1502 Attende
1537 1449 1698 1516 igitur
1724 1466 1739 1503 :
1771 1449 1966 1515 Quinta
1994 1462 2215 1520 vespera

661 1535 789 1589 fecit
825 1536 1079 1590 Dominus
1111 1551 1346 1602 umnam,
1377 1546 1432 1593 et
1460 1539 1740 1609 discipulis
1769 1540 1905 1595 dixit
1940 1558 1969 1600 τ,
1994 1559 2014 1593 ι
2055 1542 2218 1596 Acci-

661 1625 799 1694 pite,
839 1635 893 1679 et
924 1629 1187 1693 comedite
1222 1643 1416 1697 corpus
1454 1644 1628 1684 meum
1672 1648 1687 1684 :
1725 1647 1746 1682 ι
1783 1641 1839 1686 et
1871 1632 1943 1685 ita
1972 1633 2095 1706 quia
2125 1647 2219 1700 po-

664 1724 908 1769 testatem
935 1717 1161 1771 habebat
1183 1734 1384 1786 ponere
1403 1722 1630 1774 animam
1662 1735 1838 1787 suam,
1869 1721 2216 1778 manifestum

661 1810 802 1875 quo'd
858 1817 982 1862 tunc
1031 1811 1386 1865 immolaverit
1436 1814 1693 1881 seipsum,
1743 1828 1811 1867 ex
1859 1829 1964 1881 quo
2002 1815 2218 1896 tradidit

2309 628 2504 700 ὄρθρου
2530 627 2624 682 καὶ
2650 628 2682 695 ὴ
2706 627 2885 696 ἡμέρα
2905 625 2999 693 ὅλη
3024 606 3363 692 ἀριθμεῖταίο
3391 620 3504 673 νίδού
3529 617 3711 689 τρίτον
3737 619 3868 687 ἡμε-

2311 720 2612 790 ρονύκτιον.
2685 716 2796 769 Καὶ
2823 715 2997 776 ἄλλως
3047 712 3104 765 δὲ
3156 710 3379 764 δύνασαι
3430 709 3733 780 ἀριθμῆσαι
3781 707 3871 768 τὰς

2309 814 2455 881 τρεῖς
2483 810 2715 879 ἡμέρας·
2749 807 2827 877 Τῇ
2857 806 3182 876 Παρασκευῇ
3216 801 3502 872 παρέδωκε
3531 800 3593 851 τὸ
3622 797 3836 865 πνεῦμα
3855 836 3869 858 ,

2315 902 2411 972 μία
2441 899 2577 968 αὐτη
2611 899 2794 969 ἡμέρα
2811 891 2834 928 ”
2865 897 2942 967 τῷ
2971 894 3235 964 Σαϐϐάτῳ
3262 889 3330 962 ἦν
3361 890 3418 944 ἑν
3443 890 3520 959 τῷ
3547 890 3726 958 τάφῳ,
3758 887 3872 938 δευ-

2311 995 2445 1060 τέρα
2469 991 2604 1061 αὓτη
2631 990 2812 1060 ἡμέρα
2831 1002 2847 1017 ⁸
2873 990 2937 1057 τῇ
2965 986 3022 1039 δὲ
3049 985 3201 1038 νυκτὶ
3221 984 3322 1052 τῆς
3347 983 3632 1051 Κυριακῆς
3657 979 3874 1046 ἀνέστη,

2311 1085 2420 1137 ἀπὸ
2451 1083 2650 1154 μέρους
2677 1080 2770 1134 οὐν
2795 1079 3108 1150 ἀριθμεῖται
3138 1074 3231 1129 καὶ
3259 1075 3291 1144 ὴ
3321 1071 3573 1143 Κυριακὴ
3604 1071 3686 1131 είς
3715 1069 3873 1133 ἀλλην

2314 1176 2563 1246 ἡμέρανο
2609 1173 2749 1226 ὥστε
2792 1172 2900 1224 ίδού
2934 1168 3085 1239 τρεῖς
3124 1163 3477 1236 ἡμέραιοκαὶ
3516 1163 3624 1232 γὰρ
3661 1161 3756 1213 καὶ
3791 1156 3880 1212 ἐπὶ

2317 1266 2424 1320 τῶν
2463 1264 2898 1336 κεκοιμημένων,
2937 1259 3031 1313 ὲάν
3073 1257 3434 1327 ἀποθάνῃ-τις
3459 1254 3605 1322 περὶ
3646 1250 3878 1318 δεκάτην

2318 1358 2467 1428 ὥραν
2489 1357 2588 1426 τῆς
2613 1355 2846 1425 ἡμέρας,
2874 1352 2966 1406 καὶ
2992 1351 3176 1420 ἔτερος
3207 1348 3332 1418 περὶ
3362 1345 3584 1414 πρώτην
3609 1343 3763 1412 ὥραν
3787 1339 3880 1410 τῆς

2316 1447 2753 1517 αὐτῆςὴμέρας,
2789 1443 3087 1513 ἀμφότεροι
3118 1443 3175 1492 ὲν
3205 1441 3271 1508 τῇ
3306 1439 3444 1506 αὐτῇ
3478 1435 3664 1505 ἡμέρᾳ
3697 1433 3881 1499 λέγον·-

2315 1556 2403 1591 ται
2443 1536 2710 1591 τεθνάναι.
2735 1535 2884 1605 “Exte
2921 1552 3002 1587 σοι
3039 1535 3135 1588 καὶ
3172 1532 3338 1600 ἀλλην
3377 1528 3558 1581 αἰτίαν
3594 1527 3771 1577 εἰπεῖν
3809 1523 3884 1582 είς

2315 1627 2495 1693 τοῦτο,
2522 1626 2638 1689 πῶς
2662 1630 2808 1695 τρεῖς
2834 1627 3038 1696 ἡμέραι
3066 1625 3161 1676 καὶ
3183 1623 3328 1694 τρεῖς
3358 1620 3547 1680 νύκτες
3574 1615 3886 1686 ἀριθμηθή⁹

2319 1735 2521 1770 σονται.
2557 1717 2799 1787 Πρόσεχε
2840 1712 2933 1768 οὖν
2958 1731 2971 1744 ·
3007 1704 3085 1785 Τῇ
3123 1714 3347 1782 πέμπτῃ
3386 1710 3625 1777 ἑσπέρας
3661 1705 3884 1773 εποίησε

2320 1808 2379 1861 τὸ
2407 1808 2618 1861 δεῖπνον
2642 1809 2668 1859 6
2699 1807 2920 1878 Κύριος,
2949 1807 3176 1866 καὶ-τοῖς
3205 1803 3470 1873 μαθηταῖς
3499 1799 3650 1865 ἔλεγε
3673 1813 3688 1826 σ
3727 1814 3747 1847 ι
3779 1797 3886 1847 Asi-

663 1897 941 1964 discipulis
970 1914 1164 1966 corpus
1193 1917 1343 1954 suum
1377 1919 1390 1954 :
1432 1917 1590 1956 nemo
1619 1903 1760 1957 enim
1796 1904 2080 1972 quidquam
2099 1878 2212 1957 edit

2323 1901 2481 1965 ϐετε,
2524 1901 2726 1967 φάγετε
2764 1868 2820 1950 το
2861 1868 3020 1965 σίῦμά
3060 1913 3159 1966 μου
3187 1868 3252 1945 ’1)
3296 1868 3435 1945 ὥστε
3476 1892 3597 1942 ἐπεὶ
3640 1887 3886 1951 ἐξουσίαν

661 1987 761 2042 nisi
796 1989 944 2054 prius
975 1999 1263 2044 mactatum
1293 1990 1478 2048 fuerit.
1512 1992 1740 2048 Numera
1771 1995 1974 2065 igitur:
2005 1998 2216 2065 vesperi

663 2077 879 2131 tradidit
927 2095 1120 2148 corpus
1159 2096 1338 2136 suum.
1369 2081 1480 2136 Nox
1524 2073 1612 2138 illa
1676 2091 1730 2138 et
1765 2086 1878 2140 dies
1919 2086 2217 2141 Parasceve

660 2181 832 2236 usque
859 2169 924 2223 ad
947 2181 1148 2233 sextam
1175 2171 1385 2234 horam,
1409 2186 1534 2226 ecce
1557 2188 1717 2226 unum
1743 2175 1879 2228 diem
1897 2184 1956 2235 ,et
1978 2186 2214 2232 noctem.

661 2253 856 2322 lterum
897 2273 926 2310 ει
974 2267 1123 2313 ιειιε
1157 2259 1285 2312 hora
1337 2261 1572 2314 tenebras
1605 2275 1772 2330 usque
1804 2263 1867 2320 ad
1912 2280 2130 2328 nonam,
2164 2275 2218 2319 et

730 2364 868 2403 nona
915 2349 1004 2404 lux
1050 2366 1218 2420 usque
1270 2350 1336 2404 ad
1386 2366 1686 2421 vesperam,
1737 2367 1862 2409 ecce
1917 2356 2213 2409 secundum

662 2440 897 2520 diemet
939 2451 1166 2496 noctem.
1228 2443 1424 2502 Iterum
1454 2460 1557 2498 nox
1599 2453 1721 2513 post
1771 2447 2120 2501 Parascevem
2164 2457 2218 2502 et

661 2531 774 2585 dies
804 2531 1046 2595 Sabbati,
1070 2547 1197 2588 ecce
1227 2536 1437 2588 tertium
1461 2537 1597 2590 diem
1628 2545 1680 2589 et
1710 2546 1941 2590 noctem.
1976 2537 2214 2592 Sabbato

661 2630 836 2674 autem
887 2622 1093 2688 vesperi
1141 2624 1436 2676 resurrexit
1481 2642 1494 2676 :
1542 2639 1670 2678 ecce
1720 2634 1829 2679 tres
1863 2627 2054 2694 integri
2101 2628 2216 2683 dies

660 2718 708 2762 et
751 2717 955 2764 noctes.
991 2695 1110 2764 ‘Jam
1141 2713 1280 2780 quod
1313 2712 1561 2780 angelum
1605 2712 1889 2768 Matthzcus
1946 2716 2078 2768 dixit
2128 2729 2215 2769 se-

660 2799 787 2853 dere
835 2816 996 2870 super
1035 2801 1229 2870 lapide,
1265 2801 1478 2856 Marcus
1512 2813 1689 2860 autem
1741 2805 1986 2860 revoluto
2040 2805 2223 2873 lapide-

665 2893 857 2945 sedere
904 2891 957 2951 in
998 2893 1201 2947 dextris
1245 2893 1385 2948 intra
1426 2896 1753 2960 sepulcrum,
1792 2897 2027 2965 nunquid
2075 2899 2216 2951 inter

661 2997 718 3040 se
745 2971 1044 3043 dissident?
1066 2983 1282 3040 Minime
1306 3003 1320 3039 :
1348 2989 1448 3042 sed
1473 2989 1761 3042 verisimile
1793 2996 1874 3041 est
1902 2991 2212 3057 apparuisse

657 3073 886 3141 primum
934 3075 1182 3146 angelum
1227 3080 1499 3133 sedentem
1545 3093 1706 3146 super
1755 3079 1925 3148 lapide
1975 3081 2214 3136 :deinde

2320 1988 2462 2061 εῖχεν
2493 1992 2584 2060 ἀφ’
2609 1991 2801 2044 ἑαυτού
2837 1989 3008 2042 θεῖναι
3041 1987 3139 2056 τὴν
3169 1986 3346 2056 ψυχὴν
3381 1983 3541 2037 αὐτοῦ
3561 2021 3576 2045 ,
3611 1981 3774 2049 δῆλον
3805 1980 3884 2031 ότι

2318 2083 2504 2135 ἔκτοτε
2547 2081 2857 2149 ἀπέσφαξεν
2901 2079 3110 2142 ἑαυτὸν,
3156 2077 3246 2145 ἀφ’
3272 2069 3333 2127 οὐ
3384 2074 3605 2126 διεδίδου
3649 2073 3762 2132 τοῖς
3809 2068 3884 2121 οἰ-

2320 2173 2486 2235 κείοις
2525 2173 2791 2242 μαθηταῖς
2825 2171 2883 2223 τὸ
2916 2170 3074 2240 σῶμα
3098 2186 3112 2200 ·
3143 2167 3316 2230 οὐδεὶς
3345 2166 3451 2234 γὰρ
3481 2163 3653 2216 ἐσθίει
3682 2151 3758 2220 τι,
3794 2161 3886 2212 ἐὰν

2322 2264 2395 2334 μὴ
2435 2264 2695 2334 πρότερον
2740 2261 3081 2330 ἐσφαγμένον
3123 2259 3228 2328 εἴη.
3267 2256 3594 2326 Ἀρίθμησον
3639 2250 3732 2306 οὖν
3759 2270 3772 2283 ·
3807 2253 3887 2323 Τῇ

2318 2356 2526 2423 ἑσπέρᾳ
2554 2355 2666 2425 (56)
2695 2353 2918 2407 διεδίδου
2948 2353 3006 2405 τὸ
3034 2351 3232 2403 οἰκεῖον
3261 2349 3416 2417 σῶμα
3442 2364 3456 2377 ·
3489 2349 3521 2416 ἡ
3551 2347 3646 2410 νὺξ
3679 2343 3886 2413 ἐκείνη,

2319 2443 2411 2497 καὶ
2444 2445 2475 2513 ἡ
2507 2443 2688 2515 ἡμέρα
2721 2444 2819 2510 τῆς
2839 2441 3199 2512 Παρασκευῆς
3231 2439 3357 2510 ἄχρι
3388 2437 3485 2506 τῆς
3517 2436 3686 2506 ’ἐκτης
3716 2435 3885 2503 ὥρας,

2321 2537 2429 2589 ίδού
2461 2536 2518 2588 ἓν
2547 2536 2936 2606 ήμερονύκτιον
2961 2549 2974 2562 '
3007 2534 3168 2586 πάλιν
3192 2531 3388 2584 τδάπὸ
3417 2530 3514 2597 τῆς
3544 2529 3710 2597 ἕκτης
3739 2527 3886 2597 ὥρας

2319 2628 2508 2686 σκότος
2534 2627 2637 2688 ἕως
2663 2627 2758 2694 τῆς
2789 2625 3034 2694 ὲννάτης,
3063 2624 3153 2676 καὶ
3180 2624 3238 2676 τὸ
3265 2621 3370 2675 ἀπὸ
3397 2621 3492 2690 τῆς
3518 2619 3747 2688 έννάτης
3775 2619 3886 2687 φῶς

2318 2718 2421 2780 ἕως
2446 2718 2542 2786 τῆς
2572 2719 2824 2784 ἑσπέρας,
2858 2717 2965 2768 ἰδοὺ
2994 2715 3243 2783 δεύτερον
3270 2711 3663 2781 ήμερονύκτιον
3686 2727 3697 2737 ·
3730 2713 3762 2777 ὴ
3791 2709 3884 2773 νὺξ

2320 2810 2479 2862 πάλιν
2503 2811 2534 2876 ἡ
2563 2808 2698 2877 μετά
2721 2809 2814 2875 τὴν
2844 2806 3227 2877 Παρασκευην,
3251 2806 3347 2857 καὶ
3376 2807 3406 2872 ἡ
3435 2803 3615 2872 ἡμέρα
3639 2802 3732 2854 τοῦ
3752 2801 3888 2854 Σαε-

2317 2901 2503 2961 ϐἀτου,
2547 2899 2655 2952 ίδοὺ
2700 2898 2880 2968 τρίτον
2921 2897 3338 2968 ἡμερονύκτιον.
3383 2894 3643 2965 Σαϐϐάτῳ
3689 2895 3747 2948 δὲ
3788 2896 3885 2963 ὀψὲ

2315 2988 2511 3055 ἀνέστη
2543 3004 2555 3017 ·
2592 2988 2715 3056 τρία
2746 2987 2917 3040 ταῦτα
2961 2985 3226 3057 ὁλόκληρα
3265 2985 3655 3056 ἡμερονύκτια.
3694 2986 3797 3038 Τὸν
3828 2987 3886 3039 δὲ

2316 3074 2546 3143 ἄγγελον
2575 3077 2603 3127 6
2637 3076 2734 3145 μέν
2787 3074 3062 3138 Ματθαῖος
3096 3076 3196 3144 ἐφη
3229 3073 3500 3143 καθῆσθαι
3530 3075 3587 3126 ὲν
3614 3073 3692 3144 τῷ
3719 3075 3848 3146 λίθῳ
3869 3091 3882 3105 ⁸

659 3165 1074 3233 ingredientibus
1123 3166 1438 3224 mulieribus
1473 3169 1664 3237 praeire
1709 3170 1953 3240 angelum
1975 3211 1990 3234 ,
2025 3180 2080 3226 et
2119 3173 2212 3229 ite-

2319 3169 2348 3219 6
2371 3166 2428 3219 δὲ
2459 3168 2681 3247 Μάρκος
2711 3167 3112 3220 ἀποκυλίσαντα
3139 3167 3232 3220 τὸν
3262 3167 3429 3230 λίθον,
3457 3166 3605 3220 ἔνδον
3628 3167 3723 3219 τοῦ
3757 3183 3889 3236 μνη-

659 3271 776 3318 rnm
799 3259 1112 3325 apparuisse
1143 3261 1416 3316 sedentem
1448 3262 1500 3315 in
1535 3261 1780 3340 sepulcro
1812 3263 1888 3330 (a)
1924 3277 1956 3316 a
1982 3264 2207 3329 dextris.

662 3345 806 3403 Dixit
837 3356 1017 3404 autem
1057 3350 1125 3404 ad
1153 3347 1410 3406 mulieres
1446 3369 1459 3406 :
1493 3350 1570 3426 Ne
1603 3353 1911 3409 terreamini
1946 3367 2078 3419 vos;
2118 3355 2218 3409 hoc

657 3444 773 3502 est,
811 3438 1075 3493 Custodes
1121 3440 1334 3508 quidem
1385 3442 1534 3511 digni
1578 3451 1704 3497 sunt
1748 3444 1836 3514 qui
1875 3453 2206 3509 terreantur,

659 3542 754 3581 vos
801 3539 976 3582 autem
1031 3529 1305 3600 discipulae
1368 3531 1613 3598 Domini,
1669 3547 1734 3587 ne
1788 3538 2117 3590 terreamini.
2151 3536 2218 3590 Et

661 3627 940 3687 postquam
975 3619 1223 3675 liberavit
1264 3637 1356 3677 eas
1401 3638 1429 3676 a
1467 3634 1632 3690 metu,
1657 3627 1993 3697 evangelizat
2023 3630 2103 3683 eis
2133 3645 2219 3684 re-

655 3714 1070 3768 surrectionem.
1102 3714 1342 3769 Primum
1372 3718 1513 3770 enim
1546 3719 1794 3773 timorem
1819 3719 2018 3787 ejicere
2049 3734 2213 3788 opor—

652 3798 826 3867 tebat,
855 3811 909 3857 et
943 3805 1135 3859 deinde
1164 3805 1554 3875 evangelizare.
1588 3806 1702 3861 Non
1733 3808 2006 3863 erubescit
2037 3820 2214 3862 autem

662 3893 947 3949 noutinare
1010 3896 1289 3949 Dominum
1344 3897 1683 3952 cruciﬁxum.
1735 3897 2010 3952 Gloriatur
2069 3901 2211 3955 enim

656 3998 818 4037 cruce
873 3992 1124 4054 tanquam
1183 3996 1418 4054 tropaea,
1468 4001 1572 4056 quo
1631 3988 1785 4042 nobis
1846 3989 2026 4043 omnia
2075 3989 2211 4044 bona

653 4075 936 4131 conciliata
976 4089 1121 4132 sunt.

2322 3254 2473 3321 μείου
2507 3243 2798 3321 καθῆσθαι,
2829 3255 2886 3305 ἐν
2918 3257 3030 3316 τοῖς
3061 3253 3273 3320 δεξιοῖςο
3314 3250 3404 3327 ἆρ’
3435 3251 3526 3309 οὖν
3559 3257 3890 3323 ὲναντιοςω-

2317 3343 2523 3409 νοῦσιν;
2547 3343 2696 3413 Οὐχί·
2727 3343 2841 3397 ἀλλ’
2864 3345 3008 3407 εἰκός
3035 3345 3149 3397 ἐστι
3175 3345 3412 3414 φανῆναι
3438 3346 3652 3415 πρῶτον
3679 3348 3769 3400 τὸν
3795 3347 3891 3414 ἀγ-

2314 3442 2466 3508 γελον
2501 3441 2806 3510 καθήμενον
2835 3442 2892 3493 ὲν
2922 3440 2999 3509 τῷ
3034 3439 3199 3510 λίθῳ,
3235 3439 3352 3495 εἶτα
3388 3441 3750 3495 είσελθουσῶν
3781 3442 3889 3496 τῶν

2313 3533 2608 3599 γυναικῶν,
2639 3534 2902 3602 προάγειν
2930 3533 3020 3585 τὸν
3049 3532 3300 3602 ἄγγελον,
3335 3535 3426 3587 καὶ
3458 3535 3620 3588 πάλιν
3652 3539 3888 3605 φανῆναι

2312 3623 2460 3686 ὲντδς
2491 3623 2584 3675 τοῦ
2626 3625 2890 3694 μνημείου
2927 3624 3236 3692 καθήμενον
3268 3627 3325 3677 ὲν
3357 3627 3467 3686 τοῖς
3499 3625 3718 3690 δεξιοῖς.
3751 3623 3895 3687 Εἷπιί

2312 3716 2368 3771 δὲ
2396 3716 2531 3786 πρὸς
2555 3720 2652 3778 τὰς
2674 3719 2935 3785 γυναῖκας
2958 3732 2974 3749 ⁸
2990 3716 3080 3787 Μὴ
3106 3718 3356 3786 φοϐεῖσθε
3379 3721 3560 3788 ὑμεῖς,
3586 3721 3888 3783 τουτέστιν,

2313 3807 2378 3862 Οἱ
2411 3809 2509 3877 μὲν
2536 3809 2772 3876 φύλακες
2801 3808 2939 3871 ἄξιοί
2963 3811 3067 3860 είσι
3096 3810 3377 3875 φοϐεῖσθαι
3402 3827 3418 3844 ο
3446 3812 3603 3879 ὑμεῖς
3631 3814 3686 3864 δὲ
3714 3813 3769 3864 al
3795 3812 3886 3865 τοῦ

2313 3897 2520 3966 Κυρίου
2550 3897 2865 3966 μαθήτριαι,
2898 3897 2970 3967 μὴ
3003 3898 3272 3965 φοϐεῖσθε.
3310 3899 3451 3952 Μεθ’
3473 3900 3499 3952 6
3526 3901 3582 3952 δὲ
3614 3902 3890 3954 ἀπαλλάτ-

2312 4005 2394 4039 τει
2425 3988 2591 4048 αὐτὰς
2622 3988 2715 4038 τοῦ
2747 3987 2897 4050 δέους
2921 4027 2934 4052 ,
2968 3988 3375 4056 εὐαγγελίζεται
3406 3991 3596 4052 αὐταῖς
3625 3992 3725 4062 τὴν
3754 3991 3889 4050 ἀνά-

2317 4096 2526 4133 στασιν.
2555 4079 2703 4129 Ἔδει
2745 4079 2853 4147 γὰρ
2898 4080 3161 4148 πρότερον
3204 4080 3454 4133 ἐκϐαλεῖν
3493 4083 3551 4134 τὸ
3588 4084 3726 4147 δέος,
3773 4078 3886 4136 εἶτα

651 4171 1130 4240 εὐαγγελίσασθαι.
1176 4176 1290 4228 Οὐκ
1339 4176 1655 4245 αἰσχύνεται
1701 4177 1758 4230 δὲ
1805 4178 2218 4250 ἐσταυρωμένον
2256 4175 2536 4244 ὀνομάζων
2571 4175 2660 4227 τὸν
2729 4175 2951 4245 Κύριον.
2987 4176 3075 4247 Τῷ
3111 4176 3220 4247 γὰρ
3255 4177 3470 4248 σταυρῷ
3539 4179 3733 4251 ὥσπερ
3765 4197 3888 4251 τροι-

654 4263 801 4331 παίῳ
829 4265 933 4316 τινὶ
962 4267 1318 4334 ὲγκαυχᾶται,
1344 4267 1520 4318 πάντα
1546 4267 1612 4320 τά
1643 4266 1823 4335 ἀγαθά
1851 4267 2235 4338 προεξενηκότι
2269 4268 2423 4336 ἡμῖν.

729 4350 889 4406 Vsus.
917 4354 971 4418 9,
998 4353 1083 4407 l0.
1113 4373 1131 4406 ι
1160 4355 1291 4410 Cum
1320 4364 1498 4410 autem
1527 4356 1774 4411 issentad
1799 4358 2212 4411 renuntiandum

2400 4374 2416 4405 ι
2453 4354 2539 4416 Ὡς
2569 4354 2624 4406 δὲ
2657 4356 2980 4425 ἐπορεύοντο
3007 4357 3333 4423 ἀπαγγεῖλαι
3359 4360 3470 4418 τοῖς
3503 4358 3769 4427 μαθηταῖς
3794 4362 3889 4414 αὐ-

653 4441 942 4511 discipulis
981 4443 1120 4511 ejus,
1168 4459 1294 4500 ecce
1341 4445 1498 4501 Jesus
1549 4446 1786 4517 occurrit
1836 4446 1941 4500 illis
1976 4448 2208 4502 dicens:

653 4534 978 4589 Avete.‘lllze
1013 4545 1190 4591 autem
1218 4545 1584 4601 accesserunt,
1627 4547 1682 4592 et
1719 4547 2010 4592 tenuerunt
2052 4538 2216 4606 pedes.

652 4627 792 4693 ejus,
847 4636 900 4681 et
955 4628 1316 4683 adoraveruut
1366 4642 1507 4682 eum.
1556 4627 1708 4682 Tunc
1750 4630 1824 4684 ait
1863 4629 1964 4684 illis
2011 4628 2209 4686 Jesus:

653 4717 830 4771 Nolite
879 4718 1114 4772 timere:
1159 4719 1267 4784 ite,
1309 4721 1613 4774 renuntiate
1649 4720 1906 4775 fratribus
1948 4723 2109 4786 meis,
2154 4733 2213 4777 ut

655 4817 780 4863 eant
809 4810 859 4862 in
887 4808 1181 4877 Galilaeam,
1214 4819 1262 4865 el
1300 4811 1372 4865 ibi
1408 4827 1493 4866 me
1534 4812 1804 4868 videbunt.
1855 4831 1872 4864 ι
1915 4813 2069 4884 165
2112 4815 2211 4868 Di-

654 4903 726 4953 cit
772 4900 1142 4956 mulieribus:
1191 4902 1376 4967 Avete.
1434 4903 1698 4970 Quoniam
1751 4907 1895 4960 enim
1947 4907 2207 4962 muliebre

654 5008 822 5061 genus
841 4994 908 5046 ad
937 4994 1214 5048 tristitiam
1241 4996 1656 5050 condemnatum
1689 4995 1808 5060 fuit,
1835 4998 2086 5052 Dominus
2116 5012 2208 5065 per

656 5085 1102 5139 resurrectionem
1128 5100 1278 5140 suam
1299 5087 1550 5156 gaudium
1574 5088 1751 5142 attulit
1783 5088 2014 5143 femineo
2039 5089 2209 5151 sexui,

654 5186 707 5228 et
748 5175 1020 5229 benedixit
1050 5177 1152 5232 eis.
1199 5177 1268 5230 At
1315 5178 1417 5232 illa:
1461 5194 1570 5257 pm
1607 5179 1773 5233 multa
1821 5179 2123 5234 reverentia
2159 5189 2212 5233 et

655 5268 857 5322 honore
889 5278 940 5322 et
970 5279 1190 5340 propter
1219 5272 1468 5339 pietatem
1518 5274 1678 5342 pedes
1707 5274 1823 5343 ejus
1863 5282 2067 5336 tenent,
2101 5287 2208 5328 non

655 5361 910 5415 audentes
942 5361 1102 5416 aliam
1147 5364 1639 5433 corporis-partem
1681 5368 2014 5437 contingere,
2048 5363 2209 5435 Quam

654 5453 925 5508 Extremas
955 5454 1092 5510 illas.
1143 5455 1370 5522 Quidam
1401 5465 1576 5511 autem
1613 5458 1798 5512 dicunt
1825 5459 2005 5512 dedita
2048 5471 2212 5526 opera

2310 4448 2425 4514 τοῦ,
2471 4451 2564 4502 καὶ
2613 4450 2720 4501 ἰδοὺ
2761 4451 2788 4501 6
2819 4452 3019 4519 Ἰησοῦς
3064 4452 3632 4522 ἀπήντησεναύταῖς,
3675 4456 3884 4524 λέγων’

2309 4540 2566 4610 Χαίρετε.
2595 4541 2659 4591 Al
2690 4540 2769 4606 δὲ,
2803 4540 3195 4610 προσελθοῦσαι
3227 4543 3538 4613 ἐκράτησαν
3567 4545 3732 4599 αὐτοῦ
3763 4548 3887 4610 τοὺς

2310 4636 2495 4700 πόδας,
2527 4638 2618 4696 καὶ
2649 4637 3059 4707 προσεκύνησαν
3085 4639 3254 4707 αὐτῷ.
3293 4638 3427 4692 Τότε
3459 4640 3606 4708 λέγει
3638 4643 3833 4707 αὐταῖς
3861 4647 3889 4698 6

2327 4727 2538 4792 Ἰησοῦς
2563 4744 2578 4758 δ
2606 4729 2698 4795 Μὴ
2742 4729 3014 4795 φοϐεῖσθε.
3057 4729 3345 4798 Ὑπάγετε,
3367 4732 3738 4800 ἀπαγγείλατε
3777 4739 3888 4799 τοῖς

2309 4818 2557 4885 ἀδελφοῖς
2595 4836 2695 4887 μου
2733 4819 2819 4872 ἵνα
2854 4821 3162 4874 ἀπέλθωσιν
3193 4825 3273 4885 είς
3301 4824 3400 4892 τὴν
3432 4821 3748 4892 Γαλιλαίαν,
3787 4831 3886 4881 κά-

2314 4911 2400 4962 κεῖ
2426 4928 2489 4978 με
2516 4910 2757 4979 ὄψονται.
2775 4932 2792 4962 ι
2816 4913 3269 4983 Προσφωνεῖταῖς
3295 4917 3504 4984 γυναιξὶ
3524 4919 3606 4979 τὸ,
3630 4919 3884 4991 Χαίρετε.

2325 5003 2479 5055 Ἐπεὶ
2507 5005 2610 5072 γὰρ
2635 5003 2693 5055 τὸ
2721 5009 3027 5072 γυναικεῖον
3054 5007 3205 5073 γένος
3240 5007 3525 5062 λυπεῖσθαι
3556 5012 3882 5084 κατεκρίθη,

2306 5095 2333 5146 6
2365 5095 2566 5165 Κύριος
2595 5097 2683 5151 διὰ
2711 5099 2808 5167 τῆς
2835 5101 3183 5165 ἀναστάσεως
3209 5103 3372 5156 αὐτοῦ
3407 5103 3504 5172 τὴν
3536 5105 3716 5174 χαρὰν
3749 5123 3882 5174 προ-

2291 5185 2525 5254 ⁴εξένησε
2559 5187 2633 5257 τῷ
2671 5189 2966 5259 γυναικείῳ
3009 5189 3187 5256 γένει,
3225 5191 3322 5244 καὶ
3360 5191 3652 5261 εὐλόγησεν
3687 5194 3877 5256 αὐτάς.

2308 5277 2396 5328 Διὸ
2437 5279 2642 5328 ἐκεῖναι
2683 5279 2790 5330 ἀπὸ
2822 5280 2919 5346 τῆς
2960 5280 3161 5350 πολλῆς
3207 5280 3331 5352 περὶ
3371 5281 3531 5335 αὐτὸν
3565 5281 3748 5344 αίδοῦς
3790 5282 3882 5334 καὶ

2311 5369 2500 5438 τιμῆς,
2534 5371 2658 5432 τούς
2693 5371 2854 5435 πόδας
2887 5371 3050 5426 αὐτοῦ
3079 5373 3370 5442 κρατοῦσι,
3400 5375 3467 5428 δι’
3491 5374 3776 5431 εὐλάϐειαν
3808 5373 3883 5445 μὴ

2309 5458 2584 5527 τολμῶσαι
2615 5461 2773 5512 ἄλλου
2808 5463 3009 5531 μέρους
3035 5462 3126 5515 τοῦ
3159 5462 3406 5534 σώματος
3435 5463 3699 5534 ἅψασθαι,
3725 5465 3775 5516 si
3805 5465 3881 5533 μὴ

1601 5574 1692 5635 Ex
1718 5571 2061 5634 collatione
2094 5571 2279 5633 codd.
2317 5575 2542 5636 Venet.
2584 5577 2645 5637 S.
2683 5579 2901 5638 Marci.

723 5675 839 5747 (36)
879 5675 1011 5769 ςοα.
1044 5676 1112 5732 50
1149 5677 1216 5748 τῇ
1248 5677 1495 5748 πέμπτῃ,
1529 5677 1787 5745 ἑσπέρας.

724 5798 806 5868 (a)
862 5798 1006 5855 Edit.
1040 5796 1162 5854 Lut.
1215 5800 1395 5868 vertit,
1448 5798 1853 5870 ingredientibus
1909 5798 2208 5854 mulieribus
2236 5799 2422 5864 prmire
2464 5797 2725 5865 mulieres,
2775 5807 2822 5852 ct
2869 5796 3053 5852 iterum
3088 5796 3392 5867 apparuisse
3413 5797 3466 5851 in
3498 5795 3754 5865 sepulcro.
