4080 6336
297 274 402 339 881

854 278 1058 339 ENAR
1069 275 1301 340 RATIO
1341 277 1423 339 ΙΝ
1465 277 1860 344 EVANGELli

2006 281 2398 347 ΜΑΤἸἮΕΙ.
2440 311 2510 322 -
2549 286 2709 349 CAP.
2750 287 3032 354 XXVIII.

3467 287 3578 356 682

293 393 412 448 τῶν
450 392 693 464 ἐσχάτων
739 395 923 465 μερῶν
967 394 1062 449 τοῦ
1104 396 1355 468 σώματος
1395 394 1585 450 αὑτοῦ.
1627 396 1785 460 Τινὲς
1826 398 1860 451 δ]

1992 400 2110 456 illas
2141 401 2358 467 fecisse,
2407 413 2464 458 ut
2500 401 2801 474 perieulum
2836 403 3077 458 facerent
3118 417 3258 458 num
3307 416 3434 458 vere
3463 406 3580 458 sur-

296 476 467 554 φασιν
492 487 574 539 ὅτι
599 486 914 558 ἐξεπίτηδες
939 488 1232 559 ἐδράξαντο
1253 487 1363 543 τῶν
1387 485 1565 542 ποδῶν
1591 487 1780 552 αὐτοῦ,
1804 490 1880 553 ὡς

297 577 370 632 ἂν
407 577 651 649 μάθωσιν
681 580 730 632 εἰ
764 579 983 650 άληθῶς
1015 579 1214 651 ἀνέστη
1250 582 1346 634 καὶ
1382 589 1458 656 μη
1493 581 1638 636 κατὰ
1670 597 1878 651 φαντα-

297 669 443 734 σίαν,
476 669 611 740 μηδὲ
641 671 859 742 πνεῦμά
888 673 1056 728 ἐστιν.
1081 673 1379 727 ’Υπενόουν
1406 673 1515 744 γάρ
1545 671 1631 726 ὅτι
1659 671 1880 743 πνεῦμά

295 762 436 815 ἔστι.
489 758 622 814 Τότε
656 763 753 832 μὲν
779 762 873 816 οὖν
902 765 954 817 ai
984 761 1078 817 δύο
1105 757 1268 818 αὗται
1298 765 1506 836 Μαρίαι
1532 764 1744 835 ἥψαντο
1773 765 1892 818 τῶν⁶

295 850 479 904 ποδῶν
511 851 695 904 αὑτοῦ.
735 851 890 907 Κατὰ
928 852 985 905 δὲ
1017 853 1110 906 τὸν
1145 853 1431 924 Ἰωάννην,
1469 856 1501 924 ή
1541 853 1876 926 Μαγδαληνὴ

293 941 485 1011 Μαρία
529 944 798 1015 ἐπιχειρεί
838 945 935 1013 μὲν
969 942 1243 1014 ἅψασθαι,
1279 946 1338 998 οὐ
1383 949 1745 1015 συγχωρεῖται
1782 947 1837 1000 δὲ
1861 987 1876 1010 ,

288 1034 649 1104 διότιῆθε).εν
674 1035 760 1088 ἀεὶ
788 1037 1024 1089 συνεῖναι
1057 1036 1205 1106 αὐτῷ
1233 1036 1423 1106 ῶσπερ
1455 1036 1548 1092 καὶ
1582 1040 1870 1107 πρότερον.

293 1123 367 1177 Ἢ
413 1124 741 1194 amomis
782 1124 940 1179 τοῦτο
983 1127 1043 1180 οὐ
1087 1130 1451 1198 συγχωρεῖται
1498 1127 1738 1196 ἅψασθαι
1779 1129 1873 1182 τοῦ

300 1220 480 1289 Ἰησοῦ
515 1221 655 1273 κατὰ
683 1223 772 1274 τὸν
810 1221 1082 1293 Ἰωάννην,
1114 1222 1189 1284 ὡς
1213 1224 1521 1293 περίεργος.
1560 1224 1714 1277 Ἐπεὶ
1737 1225 1866 1294 γὰρ,

287 1311 568 1384 ὦς.φησιν
602 1316 629 1367 ὁ
663 1314 962 1382 Ματθαῶς,
998 1316 1175 1385 ἥψατο
1209 1317 1376 1370 αὑτοῦ
1410 1317 1519 1370 τῶν
1556 1317 1752 1383 ποδῶν,
1788 1319 1872 1382 τίς

283 1399 358 1474 ἦν
389 1404 468 1456 ἔτι
493 1405 648 1474 χρεία
671 1404 831 1458 πάλιν
863 1405 1144 1479 adiacent;
1180 1405 1344 1459 Ὥστε
1377 1405 1452 1468 ὡς
1482 1404 1866 1477 περιττὴνοῦ-

285 1511 390 1548 σαν
422 1495 608 1548 λοιπὸν
639 1497 810 1567 αὐτὴν
840 1497 1162 1552 ἀπωθεῖται.

365 1604 384 1636 t
413 1585 800 1658 Πορευομένων
837 1587 894 1640 δὲ
925 1589 1125 1653 αὐτῶν,
1161 1589 1267 1643 ἰδού
1303 1607 1448 1653 τινες
1482 1591 1576 1662 τῆς
1607 1609 1852 1647 κουστωο

282 1674 406 1740 δίας
438 1677 684 1741 ἐλθόντες
716 1679 795 1740 είς
824 1679 924 1748 τὴν
958 1680 1114 1732 πόλιν
1149 1681 1493 1751 ἀπήγγειλαν
1531 1686 1644 1746 τοῖς
1673 1685 1862 1753 ἀρχιε-

1998 493 2246 559 rexisset,
2283 504 2336 549 et
2364 510 2490 549 num
2523 495 2748 566 spiritus
2780 475 3334 564 sitvelphanla'sma.
3374 491 3580 548 Existi-

1995 582 2215 653 mabant
2246 583 2388 638 enim
2425 584 2678 652 spiritum
2723 581 3096 652 esse.’ltaque
3148 584 3429 638 tunc'dua:
3473 583 3578 639 iiite

1993 675 2180 728 Mariae
2212 676 2507 746 tangebant
2536 677 2699 746 pedes
2724 677 2861 744 eius.
2887 675 3092 732 Verum
3124 676 3276 746 juxta
3307 675 3574 731 Joannem

1995 765 2163 822 Maria
2197 767 2507 838 llia‘gdalene
2547 776 2781 823 attentat
2809 767 3026 838 quidem
3057 778 3280 837 tangere
3311 766 3475 837 pedes
3503 767 3574 830 ",

1991 873 2099 913 non
2134 860 2452 914 conceditur
2489 872 2666 914 autem
2705 860 2777 926 ei,
2811 874 2880 915 eo
2909 860 3052 930 quod
3098 859 3310 922 volebat
3358 873 3577 929 semper

1992 947 2219 1005 manere
2240 965 2361 1005 cum
2381 965 2446 1005 eo
2468 952 2612 1006 sicut
2641 950 2828 1020 prius:
2853 949 2936 1005 vel
2966 949 3148 1020 potius
3170 950 3289 1004 ideo
3314 964 3420 1004 non
3450 963 3574 1003 con-

1989 1042 2200 1097 ceditur
2248 1042 2297 1096 ei
2353 1053 2579 1109 tangere
2638 1041 2819 1097 Iesum
2864 1042 3019 1113 juxta
3078 1039 3368 1104 Joannem,
3430 1042 3573 1111 qu‘od

1987 1133 2259 1188 curiosuia
2293 1142 2430 1188 erat.
2482 1133 2620 1201 Quia
2673 1135 2842 1199 enim,
2899 1137 3042 1189 sicut
3089 1135 3228 1189 dixit
3260 1132 3568 1198 Mattheus,

1987 1225 2233 1295 tetigerat
2262 1227 2424 1295 pedes
2455 1226 2593 1294 ejus,
2639 1227 2769 1295 quid
2815 1228 2992 1281 adhuc
3036 1241 3172 1295 opus
3216 1236 3336 1281 erat
3373 1225 3569 1281 iterum

1985 1325 2205 1386 tangere
2234 1317 2337 1372 Yet
2369 1318 2441 1372 ita
2476 1317 2752 1402 repellitur
2786 1318 2862 1374 uti
2895 1323 3133 1375 curioSa.

2047 1581 2213 1638 Vens.
2248 1582 2441 1637 11-15.
2481 1601 2499 1636 t
2544 1582 2676 1648 Quae
2707 1598 2826 1638 cum
2859 1585 3312 1649 abiissent,'”ecce
3338 1585 3562 1656 quidam

1973 1686 2005 1726 θ
2035 1672 2350 1750 custodibus
2382 1682 2650 1726 venerunt
2684 1671 2738 1726 in
2771 1672 3076 1738 civitatem,
3115 1687 3180 1727 ac
3215 1675 3566 1728 renuntiare.

282 1760 476 1846 peuctv
512 1768 728 1822 ἅπαντα
775 1770 843 1823 τὰ
877 1770 1167 1839 γενόμενα·
1202 1772 1297 1825 καὶ
1333 1773 1692 1843 συναχθέντες
1723 1775 1860 1844 μετὰ

1972 1772 2098 1817 runt
2130 1764 2464 1833 principibus
2496 1763 2843 1819 sacerdotum
2867 1766 3052 1819 omnia
3076 1779 3196 1836 qua:
3227 1765 3561 1821 acciderant.

278 1861 396 1914 τῶν
424 1862 832 1934 πρεσϐυτέρων,
869 1862 1192 1932 συμϐούλιόν
1219 1881 1278 1916 τε
1309 1862 1588 1932 λαϐόντες,
1619 1866 1861 1937 ἀργύρια

280 1954 452 2011 ἱκανὰ
481 1956 689 2010 ἔδωκαν
733 1958 846 2020 τοῖς
921 1955 1306 2026 στρατιώταις,
1341 1957 1589 2025 λέγοντες
1611 1974 1626 1990 ·
1658 1960 1862 2012 Εἴπατε

278 2047 393 2112 ὃτί,
418 2048 479 2101 0i
499 2049 736 2118 μαθηταὶ
760 2046 925 2101 αὑτοῦ
953 2049 1141 2110 νυκτὸς
1164 2049 1430 2113 ἐλθόντες,
1446 2049 1680 2120 ἔκλεψαν
1700 2050 1861 2104 αὑτὸν

277 2139 444 2210 ἡμῶν
497 2142 880 2212 κοιμωμένων·
915 2141 1009 2193 καὶ
1056 2139 1148 2193 ἐὰν
1180 2142 1422 2213 ἀκουσθῇ
1455 2143 1616 2196 τοῦτο
1649 2144 1744 2196 ἐπὶ
1765 2143 1860 2196 τοῦ

274 2228 585 2300 ἡγεμόνος,
609 2233 784 2302 ἡμεῖς
818 2232 1089 2301 πείσομεν
1125 2233 1308 2295 αὑτὸν,
1347 2234 1441 2285 καὶ
1486 2233 1629 2303 ὑμᾶς
1672 2234 1866 2302 ἀμερί-

289 2341 466 2394 μνους
483 2327 807 2395 ποιήσομεν.
837 2325 900 2378 Oi
918 2325 994 2388 δὲ,
1033 2325 1284 2387 λαϐόντες
1302 2325 1368 2377 τὰ
1392 2325 1650 2397 ἁργυρία,
1675 2326 1864 2396 ἐποίη-

273 2431 382 2469 σαν
411 2417 487 2478 ὼς
512 2415 890 2486 ἐδιδάχθησαν·
909 2477 915 2483 ,
935 2413 1034 2468 καὶ
1079 2413 1416 2485 διεφημίσθη
1453 2415 1482 2466 ὀ
1510 2416 1669 2486 λόγος
1703 2410 1859 2482 οὗτος

273 2503 432 2575 παρὰ
473 2504 749 2569 Ἰουδαίοις
786 2505 947 2575 μέχρι
986 2505 1088 2575 τῆς
1142 2506 1406 2575 σήμερον.
1444 2524 1462 2558 ι
1503 2508 1566 2559 Οἱ
1600 2506 1701 2576 μὲν
1745 2509 1856 2560 άπδ

269 2594 379 2667 τῆς
421 2596 748 2660 κουστωδίας
778 2631 780 2633 ›
806 2597 1158 2667 ἀπήγγειλαν
1209 2597 1389 2652 πάντα
1426 2614 1438 2627 ·
1497 2598 1578 2652 ὅτι
1638 2600 1860 2669 σεισμὸς

272 2673 514 2750 ἑγένιτο,
561 2685 645 2742 δτι
695 2689 725 2740 6
779 2683 924 2749 λίθος
983 2685 1127 2757 ἢρθη
1192 2685 1550 2756 αὐτομάτως,
1586 2687 1670 2740 ὅτι
1704 2688 1859 2740 αὐτοὶ

271 2766 612 2848 φοϐηθέντες
664 2778 912 2846 ἐγένοντο
956 2778 1091 2830 ὡσεὶ
1129 2776 1336 2846 νεκροί.
1396 2779 1459 2829 Oi
1509 2776 1566 2829 δὶ
1610 2777 1859 2830 Ἰουδαῖοι

270 2866 400 2922 οὔτε
455 2869 526 2922 τὰ
563 2869 654 2922 ἐπὶ
695 2868 774 2938 τῷ
817 2868 979 2922 πάθει
1015 2867 1283 2937 γενόμενα
1319 2865 1594 2936 θαύματα,
1627 2865 1750 2920 οὔτε
1788 2869 1856 2921 τά

271 2960 370 3013 ἐπὶ
409 2958 487 3029 τῷ
521 2961 680 3029 τάφῳ
703 2958 1141 3029 ιμαρτυρούμινα
1172 2957 1325 3026 παρὰ
1353 2955 1463 3010 τῶν
1506 2957 1856 3027 στρατιωτῶν

275 3051 720 3120 δυσωπηθέντες,
750 3051 825 3120 τῷ
856 3050 972 3120 ίδίῳ
1001 3049 1165 3103 πάθει
1192 3051 1257 3119 τῇ
1296 3048 1632 3120 φιλαργυρίᾳ
1656 3050 1854 3103 ὑπονο-
1887 3078 1933 3141 C

275 3143 500 3196 θεύουσι
541 3145 666 3205 τοὺς
701 3141 1059 3212 στρατιώτας,
1085 3140 1513 3211 παραπείθοντες
1548 3141 1747 3204 αὐτοὺς
1795 3143 1854 3195 τὸ

273 3235 498 3290 πάντων
543 3232 902 3304 ἀσεϐέστερον
937 3232 1271 3301 φθέγξασθαι
1325 3232 1418 3286 καὶ
1472 3233 1850 3303 ἀνοητότερον,

267 3326 356 3380 δτι
406 3325 640 3393 ὲκλάπη.
686 3323 806 3386 Πῶς
844 3324 952 3393 γὰρ
996 3324 1062 3376 ἂν
1113 3323 1366 3392 ἔκλεψαν,
1422 3317 1478 3375 ὦ·
1515 3324 1754 3392 ἀνόητοι,
1804 3325 1852 3376 οἱ

274 3416 542 3489 μαθηταὶ,
577 3419 622 3469 oi
673 3416 762 3468 διὰ
791 3416 883 3469 τὸν
917 3415 1081 3484 φόϐον
1138 3413 1592 3475 ἀποκλεισθέντες
1643 3415 1737 3466 καὶ
1777 3413 1852 3483 μὴ

268 3509 578 3577 τολμῶντες
623 3495 756 3570 ὅλως
811 3507 1089 3574 ἑξελθείνς
1127 3508 1247 3570 Πῶς
1279 3509 1323 3559 δ’
1377 3510 1446 3561 ἂν
1493 3511 1541 3560 εἰ
1595 3506 1849 3574 ἔκλεψαν,

275 3600 624 3670 ἀπέθνησκον
675 3599 902 3670 ὕστερον
963 3600 1031 3652 δι’
1084 3599 1280 3664 αὑτὸν,
1343 3601 1851 3670 κηρύττοντες·ὅτι

279 3692 505 3762 ἀνέστη,
531 3694 622 3744 καὶ⁵
655 3692 794 3761 ὑπὲρ
824 3689 916 3744 τοῦ
941 3690 1169 3759 ψεύδους
1197 3693 1664 3754 κατακοπτόμενοι
1691 3709 1705 3757 ;

346 3894 369 3927 a
412 3875 474 3929 0i.
505 3875 560 3926 δὲ
591 3873 784 3926 ἕνδεκα
817 3873 1057 3943 μαθηταὶ
1091 3873 1468 3944 ἐπορεύθησαν
1511 3873 1590 3936 είς
1619 3873 1720 3941 τὴν
1744 3874 1849 3926 Γα-

268 3967 488 4020 λιλαίαν
513 4007 530 4030 ,
563 3967 641 4028 ei;
691 3966 750 4016 τι
805 3963 930 4032 ὅρος
967 3959 1028 4017 οὗ
1069 3965 1297 4030 ἐτάξατο
1349 3965 1530 4026 αὐτοῖς
1557 3966 1584 4017 ὁ
1619 3964 1846 4033 Ἰησοῦς·

265 4059 365 4111 καὶ
402 4058 597 4120 ἰδόντες
651 4055 835 4121 αὑτὸν,
870 4054 1285 4125 προσεκύνησαν
1333 4054 1501 4124 αὐτῷ·
1532 4055 1580 4107 οε
1631 4054 1686 4107 δὲ
1740 4055 1849 4108 ὲδί-

268 4165 498 4203 στασαν.
552 4147 662 4201 Καὶ
698 4145 1010 4216 προσελθὼν
1035 4148 1062 4197 ὁ
1108 4145 1314 4215 Ἰησοῦς
1343 4144 1602 4216 ἐλάλησεν
1645 4145 1845 4210 αὐτοῖς,

263 4244 464 4311 λέγων·
509 4240 694 4308 Ἐδόθη
733 4256 823 4310 μοι
859 4241 1007 4292 πάσα
1041 4239 1141 4303 ὲξο·
1175 4239 1258 4291 σία
1291 4240 1350 4291 ἑν
1390 4237 1604 4309 οὐρανῷ
1635 4237 1728 4291 καὶ
1755 4237 1850 4291 ἐπὶ
1889 4273 1891 4275 ι

264 4333 373 4402 γῆς
407 4348 420 4360 ο
472 4330 830 4401 πορευθέντες
899 4328 1138 4397 μαθητεύ
1157 4345 1275 4382 rare
1322 4328 1500 4382 πάντα
1545 4326 1613 4381 τά
1671 4328 1797 4394 ἔθνη
1831 4369 1845 4393 ,

1976 1855 2042 1910 Ει
2073 1858 2386 1927 congregati
2416 1872 2537 1913 cum
2563 1857 2890 1923 senioribus,
2921 1857 3150 1914 consilio
3176 1858 3362 1914 habito
3397 1874 3563 1929 pecu-

1975 1950 2120 2003 niam
2152 1936 2429 2018 eopiosam
2460 1950 2726 2005 dederunt
2750 1950 3038 2018 militibus,
3076 1950 3355 2006 dicentes:
3388 1947 3564 2007 Dicite

1972 2041 2114 2110 quod
2149 2039 2404 2112 Discipuli
2437 2043 2554 2112 ejus
2596 2051 2755 2098 nocte
2793 2052 3084 2109 venerunt,
3126 2053 3180 2097 et
3209 2041 3377 2098 furati
3431 2051 3562 2099 sunt

1977 2147 2099 2192 eum
2129 2133 2286 2189 nobis
2310 2134 2732 2190 dormientibus.
2757 2133 2824 2188 Et
2864 2135 2908 2189 si
2935 2136 3037 2191 hoc
3056 2135 3296 2190 auditum
3325 2135 3491 2192 fuerit
3528 2153 3560 2192 a

1971 2226 2222 2296 praeside,
2243 2240 2339 2282 nos
2358 2226 2808 2296 persuadebimus
2832 2227 2905 2292 ei,
2934 2235 2990 2281 et
3012 2241 3238 2284 securos
3265 2243 3359 2284 vos
3389 2227 3559 2285 facie-

1972 2334 2113 2375 mus.
2146 2320 2216 2373 At
2257 2319 2334 2374 illi
2383 2326 2611 2389 accepta
2647 2318 2879 2389 pecunia
2921 2317 3171 2375 iecermtt
3215 2322 3359 2378 sieut
3389 2332 3553 2378 erant

1962 2411 2180 2466 edocti:
2216 2418 2272 2466 et
2312 2409 2624 2481 divulgatus
2653 2419 2740 2466 est
2782 2410 2887 2467 hic
2917 2425 3099 2468 sermo
3151 2411 3291 2482 apud
3338 2409 3558 2470 Judasos

1970 2505 2144 2570 usque
2185 2502 2239 2555 in
2271 2501 2594 2557 hodiernum
2621 2502 2789 2557 diem.
2830 2521 2850 2555 ι
2887 2501 3158 2579 Custodes
3183 2505 3556 2560 annuntiave-

1969 2601 2094 2645 runt
2119 2594 2323 2656 omnia,
2353 2592 2499 2662 quod
2533 2602 2692 2648 terrae
2717 2599 2897 2649 motus
2925 2592 3105 2647 factus
3129 2593 3222 2659 sit,
3246 2594 3392 2665 quod
3413 2594 3556 2664 lapis

1968 2693 2065 2751 per
2092 2671 2150 2735 se
2184 2682 2431 2737 sublatus
2465 2681 2557 2747 sit,
2593 2681 2736 2751 quod
2789 2681 2892 2753 ipsi
2947 2683 3120 2738 territi
3170 2663 3309 2738 facti
3354 2663 3558 2741 fuerint

1967 2772 2122 2842 quasi
2168 2772 2390 2827 mortui.
2424 2772 2494 2828 At
2527 2772 2698 2829 Judaei
2757 2758 2908 2834 tanto
2955 2774 3222 2831 miraculo
3263 2777 3394 2830 moti
3445 2790 3555 2833 non

1967 2875 2115 2928 sunt,
2145 2879 2326 2934 neque
2342 2866 2569 2920 demulsi
2601 2865 2882 2921 miraculis
2907 2881 3029 2937 quae
3059 2868 3112 2920 in
3145 2867 3395 2936 passione
3421 2881 3554 2923 con-

1968 2939 2237 3025 tigerant,
2291 2940 2470 3023 neque
2525 2956 2725 3024 placati
2774 2956 2882 3012 illis
2939 2971 3058 3026 qum
3117 2956 3553 3014 testiﬁcabantur

1966 3045 2242 3108 custodes,
2270 3060 2370 3099 suo
2403 3045 2568 3110 malo,
2605 3046 2709 3100 hoc
2758 3055 2842 3102 est
2904 3047 3157 3114 avaritia,
3193 3047 3393 3102 milites
3421 3063 3548 3103 cor-

1966 3145 2242 3206 rumpunt.
2267 3137 2602 3193 Persuadere
2626 3148 2804 3193 autem
2830 3149 3119 3204 cernantur,
3137 3141 3279 3208 quod
3303 3143 3545 3198 omnium

1966 3232 2198 3285 maxime
2225 3230 2453 3300 impium
2481 3239 2535 3284 et
2559 3231 2945 3285 stultissimum
2981 3231 3145 3285 fuerit
3173 3234 3378 3299 dicere,
3399 3236 3547 3305 quod

1963 3319 2111 3375 furto
2141 3323 2394 3376 sublatus
2419 3331 2584 3376 esset.
2606 3321 2726 3388 Quo
2756 3333 2915 3391 pacto
2935 3324 3102 3388 enim,
3129 3338 3162 3378 ο
3187 3325 3364 3393 stulti,
3385 3325 3551 3389 furati

1960 3424 2147 3468 essent
2196 3415 2468 3483 discipuli,
2521 3417 2621 3484 qui-
2667 3430 2780 3484 prae
2837 3423 2985 3468 metu
3034 3395 3229 3471 inclusi
3268 3426 3446 3483 erant,
3492 3426 3548 3474 et

1960 3506 2182 3560 omnino
2232 3507 2383 3560 exire
2431 3520 2538 3560 non
2587 3506 2892 3560 audebant?
2943 3505 3226 3572 Quomodo
3265 3518 3448 3564 autem
3499 3511 3545 3565 si

1961 3598 2106 3652 furto
2183 3599 2589 3667 abstulissent,
2635 3609 2824 3667 postea
2889 3607 3112 3666 propter
3189 3599 3340 3655 illum
3405 3603 3545 3657 mori

1960 3688 2280 3753 voluissent,
2325 3687 2680 3755 praedicantes
2720 3687 2870 3740 illum
2907 3685 3294 3752 resurrexisse,
3344 3698 3400 3743 et
3443 3703 3546 3756 pro

1959 3780 2243 3834 mendacio
2279 3780 2416 3833 male
2447 3777 2664 3832 aﬂ‘ccti?

2034 3872 2197 3925 Vens.
2237 3868 2426 3924 16-20.
2467 3888 2485 3920 ι
2517 3866 2781 3924 Undecim
2813 3879 2992 3925 autem
3015 3871 3262 3940 discipuli
3293 3872 3546 3927 abierunt

1960 3967 2013 4018 in
2046 3963 2324 4019 Galilaeam
2363 3963 2413 4017 in
2450 3972 2690 4016 montem
2732 3962 2820 4016 ubi
2849 3963 3208 4018 coiistituerat
3235 3963 3338 4019 illis
3356 3963 3539 4019 Jesus.

1959 4057 2024 4110 Et
2051 4071 2174 4110 cum
2206 4054 2469 4108 vidissent
2491 4053 2662 4115 illum,
2685 4054 3051 4109 adoraverunt
3089 4070 3235 4120 eum,
3272 4055 3325 4109 bi
3360 4065 3541 4110 autem

1957 4147 2357 4200 dubitaverunt.
2388 4143 2453 4198 Et
2496 4145 2764 4199 accedens
2788 4141 2947 4199 Jesus
2976 4145 3186 4200 locutus
3213 4154 3299 4200 est
3335 4146 3417 4201 eis
3452 4146 3543 4200 di~

1955 4253 2120 4295 cens:
2157 4237 2292 4292 Data
2324 4247 2405 4292 est
2446 4236 2576 4291 mihi
2607 4240 2788 4292 omnis
2831 4246 3070 4306 potestas
3106 4239 3159 4292 in
3191 4237 3332 4293 creto
3379 4248 3434 4293 et
3487 4240 3542 4295 in

1957 4339 2140 4396 terra;
2177 4339 2372 4384 euntes
2408 4331 2761 4396 ergodocete
2794 4343 2984 4382 omnes
3018 4339 3228 4399 gentes,
3257 4328 3544 4397 baptizan-

267 4420 620 4494 βαπτίζοντες
642 4421 837 4483 αὐτοὺς
870 4421 948 4482 εἰς
972 4421 1031 4471 τὸ
1047 4419 1215 4488 ὄνομα
1243 4419 1338 4472 τοῦ
1365 4418 1606 4489 Πατρὸς,
1631 4421 1726 4472 καὶ
1750 4417 1844 4471 τοῦ

1967 4436 2036 4476 res
2065 4435 2159 4476 eos
2185 4422 2238 4476 in
2264 4418 2486 4477 nomine
2514 4418 2712 4486 Patris,
2738 4428 2797 4474 et
2829 4417 2976 4484 Filii,
3005 4427 3058 4473 et
3086 4419 3321 4488 Spiritus
3340 4422 3538 4488 sancti,

269 4511 430 4577 Υίοῦ,
467 4513 561 4565 καὶ
593 4511 686 4563 τοῦ
709 4510 867 4571 ἁγίου
904 4510 1242 4578 Πνεύματος,
1277 4509 1620 4571 διδάσκοντες
1648 4510 1849 4573 αὐτοὺς

263 4591 457 4674 τηρεῖν
511 4603 690 4656 πάντα
733 4603 833 4654 ὅσα
875 4599 1233 4670 ἐνετειλάμην
1265 4602 1415 4669 ὑμῖν,
1462 4601 1556 4653 καὶ
1591 4600 1701 4653 ἰδοὺ
1738 4599 1849 4670 ἐγὼ

269 4696 390 4768 μεθ’
435 4695 589 4767 ὑμῶν
631 4697 748 4764 ειμι
789 4693 968 4756 πάσας
1001 4692 1100 4756 τὰς
1124 4692 1361 4764 ἡμέρας,
1388 4691 1494 4757 ἕως
1525 4693 1622 4764 τῆς
1658 4709 1849 4744 συντε-

264 4783 418 4852 λείας
477 4786 572 4840 τοῦ
628 4787 845 4849 αἰῶνος.
891 4804 909 4836 ι
956 4785 1112 4838 Κατά
1160 4783 1250 4836 τὸν
1313 4779 1576 4854 Ἰωάννην
1630 4782 1852 4852 πρῶτον

267 4879 425 4949 ὤφθη
457 4880 570 4940 τοῖς
597 4877 909 4948 μαθηταίςὸ
937 4874 1143 4944 Ἰησοῦς
1177 4873 1297 4927 κατ’
1315 4873 1483 4944 αὐτὴν
1510 4873 1607 4943 τὴν
1636 4873 1850 4944 ἡμέραν

264 4971 381 5039 τῆς.
421 4969 795 5030 ἀναστάσεως,
850 4966 961 5020 τῶν
1017 4966 1199 5034 θυρῶν
1258 4966 1698 5036 κεκλεισμένων·
1731 4963 1850 5020 εἶτα

270 5057 392 5132 μεθ’
412 5060 628 5131 ἡμέρας
648 5059 813 5125 ὀκτὼ,
843 5060 931 5111 ὅτε
958 5059 1051 5111 καὶ
1077 5059 1104 5110 ό
1133 5059 1334 5126 Θωμᾶς
1362 5060 1698 5114 ἐπίστευσεν·
1721 5055 1850 5112 ,εἶτα

268 5150 460 5220 ἐπειδὴ
488 5149 712 5220 ἔμελλον
768 5151 845 5212 εἰς
889 5149 1180 5203 Γαλιλαίαν
1216 5151 1544 5219 ἀπαντῆσαι,
1601 5149 1757 5204 οὔπω
1790 5151 1848 5204 δὲ

268 5243 472 5303 πάντες
507 5241 639 5310 ὁμοῦ
677 5241 1042 5312 συνήχθησαν,
1080 5241 1218 5294 ἀλλά
1250 5256 1396 5303 τινες
1420 5241 1603 5294 αὐτῶν
1634 5241 1848 5312 ηλίευον

269 5335 368 5388 επὶ
420 5334 521 5402 τῆς
565 5333 911 5404 Τιϐεριάδος,
938 5335 1110 5403 ἐφάνη
1143 5333 1264 5386 τότε
1311 5335 1420 5396 τοῖς
1444 5332 1720 5387 ἁλιεύουσι
1754 5333 1852 5404 μό-

269 5441 404 5491 νοις,
430 5426 568 5479 ἑπτὰ
587 5423 725 5480 οὖσι.
753 5424 865 5477 Νῦν
894 5425 987 5478 οὖν
1010 5426 1036 5477 ὃ
1058 5442 1220 5494 φησιν
1247 5427 1273 5476 ὁ
1304 5424 1598 5489 Ματθαίος,
1627 5421 1850 5495 ὕστερον

274 5519 530 5587 ιτένετο,
576 5517 685 5571 τῶν
742 5517 893 5588 παρὰ
945 5516 1023 5584 τῷ
1066 5518 1289 5588 Ἰωάννῃ
1317 5517 1579 5588 πρότερον
1623 5517 1848 5586 γενομέ-

346 5693 396 5728 '"
424 5692 582 5750 Joan.
622 5708 717 5760 xx,
754 5692 842 5744 ΓΙ.

1950 4515 2207 4570 docentes
2249 4527 2355 4568 eos
2409 4526 2634 4567 servare
2690 4511 2871 4566 omnia
2929 4514 3540 4582 quaecunque-praecepi

1951 4606 2122 4660 vobis.
2159 4604 2225 4658 Et
2253 4616 2381 4659 ecce
2410 4618 2510 4672 ego
2552 4603 2836 4658 vobiscum
2880 4619 3001 4658 sum
3038 4605 3295 4660 omnibus
3344 4605 3539 4661 diebus

1951 4709 2125 4766 usque
2170 4694 2237 4749 ad
2287 4695 2815 4750 consummationem
2870 4695 3079 4750 saeculi.
3139 4713 3160 4748 ι
3221 4693 3536 4750 Secundum

1952 4783 2239 4849 Joannem,
2282 4784 2517 4853 primum
2553 4784 2833 4854 discipulis
2871 4787 3022 4840 visus
3049 4793 3132 4841 est
3171 4783 3330 4841 Jesus
3379 4786 3541 4857 166

1953 4879 2072 4947 ipso
2119 4876 2205 4930 die
2265 4876 2706 4941 resurrectionis,
2767 4875 2970 4932 clausis
3037 4878 3278 4948 januis:
3342 4880 3539 4937 deinde

1953 4979 2079 5039 post
2110 4969 2228 5024 dies
2258 4979 2403 5034 octo,
2427 4970 2643 5038 quando
2665 4980 2722 5024 ct
2744 4969 2986 5025 Thomas
3024 4971 3292 5027 credidit:
3325 4982 3538 5042 postre-

1955 5075 2074 5124 mo,
2134 5059 2261 5125 quia
2318 5059 2370 5112 in
2447 5057 2725 5113 Galilaam
2796 5063 3077 5117 occursuri
3133 5071 3333 5127 erant,
3397 5078 3536 5118 non-

1947 5150 2072 5205 dum
2117 5158 2294 5204 autem
2335 5164 2522 5205 omnes
2568 5153 2884 5220 congregati
2935 5162 3131 5218 erant,
3172 5155 3267 5208 sed
3311 5154 3534 5224 quidam

1950 5243 2300 5310 piscabantur
2324 5245 2463 5312 apud
2500 5243 2864 5311 Tiberiadem,
2900 5247 3152 5316 apparuit
3189 5257 3314 5302 tunc
3351 5250 3533 5318 pisca-

1953 5335 2158 5390 toribus
2191 5335 2338 5401 solis,
2376 5351 2468 5404 qui
2503 5344 2708 5405 septem
2772 5347 2947 5391 erant.
2995 5337 3151 5394 Nunc
3193 5338 3359 5410 igitur
3387 5341 3532 5409 quod

1952 5426 2087 5480 dixit
2110 5427 2414 5496 Mattbaeus,
2445 5428 2718 5498 posterius
2747 5427 2947 5484 factum
2983 5439 3067 5484 est
3103 5445 3264 5499 quam
3300 5430 3386 5483 illa
3413 5445 3533 5500 quae

1954 5533 1984 5571 a
2017 5517 2226 5575 Joanne
2277 5520 2418 5574 dicta
2469 5529 2616 5575 sunt.
2655 5520 2810 5589 Sape
2853 5521 2996 5576 enim
3043 5521 3292 5586 apparuit
3320 5522 3402 5578 eis
3435 5536 3532 5590 per
