4080 6336
202 385 321 451 485

779 384 1229 447 ENARRATIO
1264 382 1348 446 IN
1384 383 1800 447 EVANGELII

1926 386 2320 448 ΜΑΤἸῊᾸΞΙ.
2362 413 2433 424 -
2472 388 2631 451 CAP.
2668 388 2953 452 XXVIII.

3388 388 3497 463 £86

207 502 323 558 ἀπὺ
341 499 437 555 τοῦ
461 499 599 555 Θεοῦ
626 500 807 567 Λόγου
832 499 1128 569 λεγόμενον
1157 498 1433 562 ὲκλάδοις,
1465 498 1549 552 δτι
1571 516 1591 551 ι
1612 498 1800 572 mea,

1908 509 1990 557 tes
2020 516 2107 556 me
2136 501 2308 556 Deum
2339 517 2483 559 nunc
2518 515 2843 573 agnoscunt,
2885 501 3159 573 qui'prius
3208 501 3340 557 mihi
3378 520 3496 559 ser-

215 609 311 665 μοι
342 594 376 663 ἡ
404 594 553 646 πᾶσα
573 589 816 656 ἐξουσία,
856 608 875 640 ι
917 589 1056 642 καθὸ
1079 589 1175 642 καὶ
1204 589 1431 651 ἄκοντες
1453 589 1551 643 καὶ
1578 589 1799 653 ἑκόντες

212 685 313 739 νῦν
334 682 762 752 ἐπιγινώσκουσί
796 698 866 752 με
902 682 1060 743 Θεδν,
1082 682 1132 733 οί
1169 680 1363 751 πρώην
1400 681 1546 735 κατά
1576 681 1669 734 τὸν
1698 682 1799 751 τῆς

212 776 471 832 ἀκουσίου
516 776 801 844 ὑποταγῆς
855 773 1062 845 τρόπον
1112 772 1459 835 δουλεύοντες
1502 789 1616 842 μοι·
1663 774 1713 825 εί
1740 772 1798 824 δὲ

212 868 293 933 ὡς
334 867 442 921 ἀπὺ
491 867 594 935 τῆς
637 864 991 935 ἀνθρωπίνης
1042 864 1260 933 φύσεως
1308 863 1624 934 λεγόμενον,
1654 861 1799 916 οὕτω

210 960 347 1025 νάει,
388 959 469 1011 ὅτι
506 958 652 1026 Ἐγὼ
675 959 709 1027 ἠ
736 955 929 1028 πρώην
968 956 1299 1026 κατάκριτος
1328 955 1532 1023 φύσις,
1563 956 1707 1008 κατά
1742 954 1801 1008 δὲ

208 1052 321 1121 τὴν
354 1051 491 1121 πρὸς
526 1049 619 1101 τὸν
658 1030 787 1101 Υίδν
819 1046 917 1101 τοῦ
947 1046 1083 1100 Θεοῦ
1111 1046 1418 1117 ἀσύγχυτον
1446 1047 1643 1101 ἕνωσιν
1666 1046 1809 1109 Θεὸς

213 1142 353 1195 οὖσα
376 1182 391 1207 ,
435 1139 628 1192 ἔλαϐον
674 1138 774 1208 τὴν
826 1136 1079 1205 ἐξουσίαν
1143 1138 1288 1190 κατά
1339 1138 1561 1191 πάντων
1587 1176 1603 1198 ,
1656 1136 1798 1189 ῶστε

211 1231 641 1305 προσκυνεῖσθαι
676 1231 768 1282 ὑπ’
804 1229 1061 1298 ἀγγέλων
1091 1230 1149 1282 ὲν
1174 1229 1415 1299 οὐρανῷ,
1451 1230 1541 1281 καὶ
1571 1228 1667 1280 ἐπὶ
1693 1229 1800 1297 γῆς

210 1324 536 1390 δοξάζεσθαι
580 1324 687 1377 ὑπὸ
729 1323 839 1375 τῶν
888 1321 1146 1391 περάτων
1179 1322 1417 1375 πάντων.
1452 1321 1799 1374 ’Δποστέλλει

209 1417 311 1471 οὖν
329 1417 457 1480 τοὺς
490 1415 740 1485 μαθητὰς
797 1415 900 1467 οὐκ
930 1414 1012 1466 ἔτι
1048 1413 1185 1483 πρὸς
1214 1414 1343 1476 τοὺς
1375 1413 1665 1476 Ἰουδαίους
1700 1414 1800 1482 μό·-

210 1524 360 1570 νους,
396 1506 511 1559 ἀλλ’
546 1505 671 1559 ἐπεὶ
702 1504 924 1558 πάντων
963 1503 1126 1557 ἔλαϐε
1158 1503 1261 1574 τὴν
1308 1504 1583 1571 ἐξουσίαν,
1616 1506 1799 1557 πᾶσαν

210 1600 315 1671 τὴν
348 1598 698 1669 ἀνθρωπίνην
743 1596 909 1666 φύσιν
956 1597 1192 1665 ἁγιάσας
1234 1599 1292 1650 ἑν
1338 1596 1539 1668 ἑαυτῷ,
1571 1598 1797 1671 είκρτως

219 1668 363 1759 πρὸς
397 1668 571 1743 πάντα
620 1692 688 1742 τὰ
733 1688 865 1758 ἔθνη
898 1689 1146 1758 πέμπει,
1180 1689 1566 1759 ἐντειλάμενος
1603 1668 1800 1759 βαπτί-

213 1782 333 1848 ζειν
363 1783 441 1843 είς
464 1781 523 1833 τὸ
550 1781 719 1847 δνομῖα
744 1778 839 1833 τοῦ
868 1780 1110 1850 Πατρὸς,
1143 1780 1356 1833 καὶτοῦ
1388 1780 1545 1847 rio-5,
1576 1782 1673 1834 καὶ
1702 1780 1797 1834 τοῦ

1900 590 2120 645 viebant
2168 591 2549 648 involuntaric
2581 593 2912 649 obedientia:
2973 596 3153 647 modo.
3199 591 3254 647 Si
3310 606 3489 647 autem

1901 682 1970 736 de
2004 684 2238 736 humana
2289 693 2485 737 natura
2513 684 2739 750 dicitur,
2769 687 2851 740 sic
2889 686 3167 753 intelligo:
3200 686 3307 752 Ego
3340 703 3487 744 ι-τημ

1901 774 2258 828 condemnata
2282 784 2496 839 natura,
2515 778 2792 831 essistens
2812 788 2995 830 autem
3026 776 3167 830 Deus
3193 778 3431 829 secundo:

1902 865 2157 917 unionem
2175 867 2241 917 ad
2266 866 2457 919 Filium
2482 867 2573 919 Dei
2596 868 2799 935 absque
2821 876 3135 921 naturarum
3156 867 3346 920 confus
3370 891 3451 915 ειμι

1901 956 2084 1022 accepi
2121 965 2447 1024 petestatem
2480 972 2647 1025 super
2670 959 2877 1022 omnia,
2911 960 2985 1013 ita
3016 967 3149 1012 utet
3181 962 3249 1008 ah
3274 965 3429 1025 angi

1900 1042 1954 1096 in
1978 1042 2120 1097 caelo
2149 1045 2368 1109 adoret,
2403 1056 2459 1099 et
2488 1061 2651 1115 super
2679 1056 2877 1101 terram
2905 1050 2975 1100 ab
2998 1047 3248 1100 ommbu~
3283 1050 3371 1098 lini
3402 1064 3447 1099 -u

1904 1142 2065 1188 terra
2114 1135 2412 1204 gloriﬁcer.
2444 1136 2716 1191 Ceterum
2766 1138 3047 1205 apostolos
3103 1152 3207 1191 nun
3264 1138 3376 1205 jam
3420 1147 3485 1191 ad

1900 1225 2048 1280 solos
2096 1225 2311 1281 .Iudaeos
2357 1228 2562 1282 mittit:
2615 1229 2709 1282 sed
2744 1231 2871 1296 quia
2908 1243 3124 1283 Omnem
3161 1239 3484 1298 potestatem

1901 1316 2135 1384 accepit,
2168 1330 2501 1387 omnemque
2536 1320 2828 1371 humanam
2867 1329 3120 1371 naturam
3180 1320 3489 1373 saucutica-

1900 1409 1979 1461 vit
2001 1408 2053 1461 in
2084 1408 2265 1477 seipso
2286 1448 2301 1473 ,
2339 1410 2537 1463 merito
2561 1410 2628 1462 ad
2646 1424 2835 1463 omnes
2859 1422 3051 1479 gentes
3079 1408 3271 1473 mittit,
3302 1410 3460 1475 pra-ci

1902 1500 2057 1569 piens
2081 1500 2434 1569 baptizarein
2459 1504 2681 1557 nomine
2706 1502 2905 1565 Patris,
2923 1511 2978 1557 et
3000 1500 3145 1568 Filii,
3178 1514 3232 1556 et
3251 1501 3490 1570 Spiritus

1902 1595 2101 1647 sancti.
2159 1593 2576 1647 Coufundantur
2619 1594 2784 1649 Arius
2832 1604 2886 1649 et
2962 1595 3278 1649 Satellius:
3321 1596 3486 1647 Arius

1901 1683 2141 1750 quidem,
2175 1699 2241 1737 eo
2283 1685 2429 1753 quod
2457 1684 2710 1739 Christus
2741 1700 2849 1739 non
2872 1683 3035 1754 jussit
3093 1686 3143 1737 in
3177 1686 3489 1739 nominibus

1904 1756 2205 1840 baptizare,
2224 1773 2318 1826 sed
2338 1774 2390 1826 in
2414 1779 2661 1827 nomine.
2686 1772 2891 1827 Nomen
2914 1784 3094 1828 autem
3112 1775 3274 1826 trium
3295 1790 3487 1839 unum,

213 1874 377 1939 ἁγίου
430 1873 773 1941 Πνεὺματος.
808 1871 1264 1941 Δίσχύνεσθωσαν
1302 1869 1397 1925 οὖν
1446 1873 1666 1942 ’Δρειος
1704 1874 1800 1929 καὶ

1905 1878 2097 1932 nempe
2144 1865 2341 1919 deitas.
2399 1864 2549 1921 Unus
2596 1867 2761 1937 igitur
2817 1866 2987 1930 Dens,
3043 1876 3189 1921 tres.
3219 1866 3491 1921 Saliellius

210 1966 523 2027 Σαϐελλιος·
554 1967 775 2036 Ἀρειος
808 1966 927 2034 μὲν,
966 1965 1089 2019 καθ’
1123 1964 1151 2017 ὃ
1194 1966 1294 2017 οὐκ
1329 1962 1481 2017 εἶπεν
1510 1967 1538 2017 ὀ
1561 1966 1799 2036 Χριστὸς

211 2062 294 2120 είς
324 2059 393 2112 τὰ
422 2060 664 2127 ὀνόματα
701 2057 1008 2128 βαπτίζειν,
1050 2055 1166 2109 ἀλλ’
1196 2057 1277 2120 είς
1316 2057 1377 2111 τὸ
1406 2056 1601 2126 ὄνομα·
1626 2056 1799 2126 δνομα

213 2149 276 2201 δὲ
320 2150 430 2201 τῶν
475 2149 644 2217 τριῶν
694 2148 827 2215 Emi)
870 2148 1089 2218 θεότης·
1134 2144 1215 2210 εἷς
1249 2146 1342 2200 οὖν
1378 2148 1511 2211 θεὸς
1549 2148 1619 2200 τὰ
1649 2148 1795 2218 τρία.

208 2239 502 2301 manu»;
561 2238 643 2303 δὲ,
700 2239 822 2292 καθ’
879 2239 909 2291 δ
966 2240 1061 2292 καὶ
1119 2240 1229 2292 τῶν
1281 2240 1449 2310 τριῶν
1486 2239 1798 2312 προσώπων

210 2332 463 2403 ἐμνήσθη
492 2334 521 2385 ὀ
548 2332 775 2403 Κύριος,
808 2332 907 2401 οὐχ
961 2332 1080 2393 ἑνὸς
1130 2331 1452 2401 προσώπου,
1482 2333 1557 2394 ὠς
1591 2314 1798 2395 ἐκεῖνος

206 2425 545 2494 ἑμφλυάρει,
580 2424 648 2475 τὰ
668 2424 797 2493 τρία
835 2425 1077 2493 ὀνόματα
1111 2424 1349 2493 ἔχοντος,
1389 2427 1483 2478 καὶ
1536 2426 1669 2478 ποτὲ
1702 2425 1799 2495 μὲν

207 2515 555 2583 καλουμένου
592 2515 830 2583 Πατρὸς,
881 2516 1011 2567 ποτὲ
1052 2515 1109 2567 δὲ
1160 2515 1315 2581 Υίοῦ,
1345 2516 1479 2568 ποτὲ
1516 2517 1573 2568 δὲ
1626 2516 1799 2569 Πνεῦ-

211 2625 390 2678 ματος
420 2624 434 2638 ·
478 2606 616 2661 ἀλλά
666 2607 834 2677 τριῶν
888 2608 1088 2677 μᾶλλον
1147 2608 1455 2678 προσώπων
1512 2608 1571 2661 ἒν
1628 2610 1800 2678 ὄνομα

209 2701 468 2771 ἑχόντων,
504 2699 566 2751 τὸ
612 2699 766 2761 Θεόῖ.
813 2695 949 2753 Εἶτα
990 2702 1112 2753 ἐπεὶ
1163 2701 1263 2753 οὐκ
1293 2703 1455 2772 ἀρκεῖ
1498 2702 1557 2753 τὸ
1610 2701 1803 2772 βαπτι-

210 2792 413 2863 σθῆναι
453 2792 637 2861 μόνον,
668 2791 806 2845 ἀλλά
856 2792 941 2844 δεῖ
987 2794 1083 2844 καὶ⁵
1130 2791 1464 2863 ἔργάζεσθαι
1489 2794 1551 2846 τδ
1590 2794 1800 2862 ἀγαθὸν

214 2884 362 2956 μετά
392 2883 453 2935 τὸ
484 2883 793 2953 βάπτισμα,
821 2882 975 2952 φησί’
1012 2883 1364 2945 Διδάσκοντες
1393 2872 1590 2946 αὖτοὺς
1611 2886 1798 2953 τηρεῖν

211 2978 397 3029 πάντα
451 2976 553 3027 ὅσα
609 2958 964 3044 ἐνετειλάμην
1022 2976 1172 3044 ὑμῖν,
1204 2976 1304 3027 οὐκ
1352 2974 1410 3027 ἓν
1440 2975 1471 3045 ἢ
1502 2975 1617 3037 δύο,
1663 2976 1799 3028 ἀλλὰ

210 3068 398 3121 πάντα
436 3067 504 3119 τά
559 3066 875 3136 ἐντάλματά
931 3083 1055 3135 μου.
1086 3067 1374 3136 Φρίξωμεν
1404 3065 1519 3130 οὖν,
1558 3067 1795 3136 ἀδελφοὶ,

212 3159 531 3221 ἑννοοῦντες
560 3160 643 3211 ὅτι
673 3160 772 3212 ὲάν
800 3158 859 3212 ῑν
882 3158 1049 3230 λείπῃ
1078 3160 1232 3229 ἡμῖν,
1264 3157 1573 3228 οὖκ,ὲσμεν
1599 3160 1797 3213 τέλειοι
1824 3199 1869 3256 C

206 3250 393 3305 δοῦλοι
436 3250 529 3301 τοῦ
574 3248 835 3318 Χριστοῦ.
871 3250 1060 3302 Πάντα
1100 3252 1208 3318 γὰρ
1270 3249 1660 3318 ἀπαιτούμεθα
1694 3267 1799 3317 φυ-

207 3344 454 3398 λάττειν.
488 3342 630 3412 Ὅρα
652 3342 709 3394 δὲ
740 3344 838 3410 τὴν
871 3342 969 3393 τοῦ
1019 3342 1227 3411 Κυρίου
1258 3342 1515 3410 διάλεξιν,
1546 3342 1665 3406 πῶς
1692 3344 1801 3411 ἀμ-

210 3433 423 3501 φότερα
459 3433 529 3485 τὰ
563 3433 833 3501 κεφαλαια
883 3432 978 3485 τοῦ
1036 3432 1470 3504 Χριστιανισμοῦ
1524 3436 1796 3506 περιέχει,

208 3524 499 3591 θεολογίαν
553 3526 649 3576 καὶ
716 3525 1029 3594 πρακτικὴν
1074 3526 1300 3595 ἀρετήν·
1326 3518 1499 3578 είπὼν
1528 3527 1628 3595 μὲν
1666 3528 1796 3598 γὰρ,

205 3618 296 3671 ὅτι
325 3617 407 3669 δεῖ
436 3615 721 3685 βαπτίζειν
743 3619 827 3679 εἰς
857 3615 920 3667 τὸ
939 3616 1113 3685 ὄνομα
1142 3617 1243 3685 τῆς
1277 3617 1528 3681 Τριάδος,
1553 3617 1650 3686 τὴν
1682 3618 1801 3670 θεο-

209 3707 407 3777 λογίαν
440 3712 576 3778 ἡμῖν
620 3709 959 3778 παρέδωκεν·
1006 3708 1179 3761 εἰπὼν
1208 3709 1264 3761 δὲ
1306 3710 1579 3763 διδάσκειν
1613 3712 1705 3763 καὶ
1738 3712 1798 3763 τὸ

206 3805 315 3864 τὰς
348 3802 570 3864 ἐντολὰς
618 3804 827 3873 τηρεῖν,
887 3802 991 3868 τὴν
1050 3802 1368 3870 πρακτικὴν
1429 3803 1636 3872 ἀρετὴν
1662 3804 1798 3871 ἡμῖν

206 3898 569 3966 εἰσηγήσατο.
638 3891 1091 3964 Παραθαρῤύνων
1172 3892 1231 3945 δὲ
1305 3893 1547 3960 αὐτοὺς,
1608 3893 1797 3963 ἐπειδὴ

206 3986 551 4041 ἀπέστελλεν
590 3986 668 4047 είς
708 3984 836 4054 ἔθνη
879 3984 974 4035 καὶ
1004 3985 1084 4046 είς
1119 3984 1335 4051 σφαγὰς
1366 3986 1461 4037 καὶ
1494 3985 1796 4047 κινδύνους,

206 4078 385 4149 φησὶν
417 4080 521 4140 ὅτι,
547 4077 640 4144 Μὴ
672 4075 953 4145 φοϐεῖσθε·
995 4075 1106 4142 ἐγὼ
1131 4075 1241 4147 γὰρ
1267 4076 1462 4145 ἔσομαι
1496 4076 1617 4146 μεθ’
1640 4076 1796 4145 ὑμῶν

205 4172 346 4240 ἄχρι
370 4170 468 4236 τῆς
512 4167 827 4229 συντελείας
860 4167 956 4219 τοῦ
989 4166 1205 4229 αίῶνος.
1238 4168 1383 4237 Ὅρα
1410 4168 1466 4220 δὲ
1489 4170 1581 4220 καὶ
1615 4167 1793 4230 τοῦτο,

205 4262 333 4323 πῶς
358 4257 606 4329 ἐμνήσθη
633 4260 733 4326 τῆς
764 4258 1099 4320 συντελείας,
1126 4258 1215 4309 ῖνα
1237 4256 1573 4326 διαναστήσῃ
1598 4258 1795 4319 αὐτοὺς

206 4352 423 4423 μᾶλλον
474 4351 837 4421 καταφρονεῖν
878 4349 986 4401 τῶν
1032 4349 1243 4401 δεινῶν.
1280 4349 1373 4417 Μὴ
1426 4347 1795 4417 δυσχεράνητε

204 4445 347 4507 γάρ,
384 4437 537 4507 φησί·
584 4437 897 4489 συντέλειαν
940 4436 1120 4500 ἕξουσι
1161 4438 1374 4500 πάντα,
1416 4436 1525 4488 είτε
1570 4436 1794 4503 ἀλγεινὰ

205 4527 325 4583 εἶεν
369 4528 635 4597 κοσμικά,
656 4529 768 4580 εἴτε
820 4528 1024 4593 ἀγαθὰ,
1050 4526 1191 4580 ὥστε
1217 4531 1355 4597 μήτε
1381 4531 1493 4590 τοίς
1524 4530 1794 4595 ἀλγεινοῖς

206 4623 554 4688 ὖποπέσητε·
597 4620 965 4687 παρέρχονται
1020 4618 1128 4686 γάρ
1158 4634 1173 4647 ⁶
1212 4622 1348 4687 μήτε
1406 4622 1517 4678 τοῖς
1573 4617 1797 4683 ἀγαθοῖς

205 4712 554 4781 ἀπατηθῆτε,
590 4710 973 4762 συντελοῦνται
1038 4713 1168 4779 7&9.
1224 4712 1299 4761 Οὐ
1358 4710 1543 4779 μόνοις
1584 4709 1639 4761 δὲ
1683 4712 1796 4770 τοῖς

205 4801 536 4862 ἀποστόλοις
592 4800 753 4852 τοῦτο
811 4800 1101 4869 ὑπέσχετο,
1159 4801 1221 4853 τὸ
1280 4805 1523 4853 συνεῖναι
1587 4802 1793 4867 αὐτοῖς,

206 4892 350 4946 ἀλλά
378 4894 473 4944 καὶ
504 4892 673 4944 πᾶσιν
731 4889 918 4951 ἁπλῶς
953 4892 1069 4952 τοῖς
1128 4890 1295 4943 αὑτοῦ
1360 4890 1652 4959 μαθηταῖς.
1719 4892 1794 4944 Οὐ

212 4984 331 5051 γὰρ
358 4982 536 5050 δήπου
559 4982 607 5032 οἱ
634 4980 930 5032 ἀπόστολοι
957 4982 1086 5050 άχρι
1113 4983 1212 5048 τῆς
1243 4982 1551 5043 συντελείας
1574 4981 1796 5049 ἔμελλον

206 5078 341 5147 ζῇν.
380 5074 488 5127 Καὶ
541 5078 674 5143 ἡμῖν
723 5074 816 5127 οὖν
850 5078 943 5126 καὶ
988 5076 1099 5137 τοῖς
1126 5075 1243 5142 μεθ’
1278 5075 1425 5143 ἡμᾶς
1456 5075 1799 5143 ὑπισχνεῖται

210 5166 398 5229 τοῦτο,
438 5166 541 5216 οὐκ
581 5164 711 5233 ἄχρι
763 5165 821 5217 δὲ
864 5164 965 5232 τῆς
1022 5164 1333 5226 συντελείας
1380 5166 1611 5232 παρὼν,
1663 5167 1802 5234 μετὰ

211 5260 317 5326 τὴν
372 5256 683 5310 συντέλειαν
766 5255 1001 5309 ἀπέσται
1046 5296 1062 5319 ,
1125 5256 1327 5323 ἄπαγε.
1392 5256 1618 5309 Ἐκτοτε
1692 5258 1801 5323 γὰρ

212 5348 424 5421 μᾶλλον
475 5350 732 5401 συνέσται
786 5350 1176 5421 καθαρώτερον
1227 5351 1321 5403 καὶ
1372 5351 1807 5421 τρανότερηψτδ

208 5444 355 5513 γάρ,
388 5442 623 5505 Ἕως,οὒ
656 5442 719 5494 τὸ
754 5442 895 5512 μετά
926 5441 1099 5495 ταῦτα
1116 5443 1351 5513 ἀναιρεῖ,
1398 5442 1527 5495 ἔνθα
1557 5441 1622 5495 ἂν
1651 5444 1805 5512 εὐρε-

214 5535 288 5607 θῇ
343 5534 597 5604 κείμενον
658 5535 717 5587 ὲν
765 5538 832 5604 τῇ
908 5535 1121 5605 Γραφῇ.
1172 5535 1683 5605 Εὐχαριστὴσαντες
1713 5536 1805 5589 οὖν

211 5626 297 5695 τῷ
353 5627 545 5695 Κυρίῳ
605 5624 685 5694 τῷ
766 5625 1003 5678 ἐνταῦθα
1069 5628 1283 5678 συνόντι
1356 5629 1510 5697 ἡμῖν,
1558 5629 1648 5679 καὶ
1694 5630 1803 5681 πᾶν

214 5718 420 5788 ἀγαθὸν
433 5717 780 5789 χορηγοῦντι,
809 5721 905 5772 καὶ
920 5719 1077 5776 πάλιν
1110 5721 1455 5790 συνεσομένῳ
1486 5720 1814 5791 τελεώτερον

1900 1972 2053 2019 vero,
2087 1972 2152 2010 eo
2176 1959 2317 2025 quod
2356 1960 2520 2012 trium
2549 1974 2903 2026 personarum
2938 1962 3184 2014 meminit
3208 1962 3486 2027 Dominus,

1901 2063 2011 2102 non
2043 2049 2204 2102 unius
2232 2065 2506 2117 persona».
2544 2052 2688 2105 sicut
2723 2051 2814 2105 ille
2845 2065 3080 2121 nugatur
3130 2053 3233 2106 tria
3268 2054 3486 2107 nomina

1902 2140 2105 2194 habere
2132 2143 2405 2206 eumdem,
2446 2149 2502 2197 et
2541 2158 2683 2201 nunc
2722 2147 2905 2198 vocari
2942 2144 3180 2209 Patrem,
3220 2160 3364 2200 nunc
3396 2144 3490 2200 ιιί-

1901 2231 2054 2297 liutn,
2099 2249 2243 2289 nunc
2291 2234 2554 2305 Spiritum
2606 2245 2895 2291 sanctum:
2940 2240 3033 2293 sed
3072 2248 3489 2308 etresJiersona

1902 2342 2070 2380 unum
2134 2330 2317 2397 potius
2366 2329 2571 2383 habent
2623 2345 2845 2393 nomen,
2888 2329 2982 2385 Dei
3032 2333 3259 2389 scilicet.
3289 2331 3491 2386 Deinde

1900 2420 2027 2487 quia
2071 2435 2178 2472 non
2210 2419 2413 2473 sufﬁcit
2441 2421 2704 2490 baptizari
2742 2432 2977 2485 tantum,
3007 2423 3102 2477 sed
3134 2424 3299 2477 etiam
3349 2423 3489 2480 bene

1900 2513 2231 2578 operamlum
2254 2521 2337 2567 est
2358 2526 2482 2583 post
2516 2514 2801 2581 baptisma,
2831 2515 3000 2572 dicit:
3040 2533 3061 2567 t
3097 2514 3366 2571 Docentes
3394 2530 3492 2571 eos

1902 2618 2122 2657 servare
2135 2605 2319 2659 omnia
2341 2621 2681 2675 quacunque
2702 2607 2929 2685 praecepi
2958 2609 3129 2674 vobis,
3145 2627 3163 2659 ι
3194 2624 3300 2663 non
3321 2623 3488 2664 unum

1903 2696 1987 2750 vel
2012 2698 2142 2760 duo,
2168 2698 2263 2751 sed
2302 2699 2484 2753 omnia
2526 2703 2780 2753 mandata
2832 2715 2973 2754 mea.
3002 2698 3395 2757 Horrescamus
3434 2709 3495 2756 et

1903 2789 2213 2851 timeamus,
2250 2788 2473 2856 fratres,
2498 2792 2681 2859 quiasi
2704 2809 2872 2846 unum
2896 2795 3053 2849 nobis
3074 2791 3357 2858 defecerit,
3382 2806 3490 2847 non

1902 2897 2087 2935 sumus
2108 2883 2331 2953 perfecti
2354 2886 2493 2939 seni
2524 2884 2749 2939 Christi.
2774 2883 2969 2940 Omnia
3001 2890 3147 2942 enim
3181 2886 3483 2955 exiguntur

1903 2982 1963 3027 ut
1991 2986 2302 3030 serventur.
2334 2973 2470 3030 Vide
2498 2988 2679 3031 autem
2726 2974 2939 3031 Domini
2992 2992 3322 3043 sermonem,
3351 2992 3492 3047 quo~

1902 3067 2068 3120 modo
2101 3075 2392 3136 utrumque
2424 3069 2831 3123 Christianismi
2857 3080 3021 3139 caput
3049 3070 3486 3141 complectatur:

1903 3158 2387 3227 contemplativam‘
2433 3167 2487 3212 et
2548 3161 2847 3228 praetiram
2906 3161 3207 3216 virtutem.-
3249 3159 3491 3216 Dicendo

1903 3248 2120 3318 quidem
2152 3247 2295 3316 quod
2320 3257 2567 3314 oporteat
2598 3248 2867 3315 baptizari
2896 3249 2949 3302 in
2992 3250 3210 3303 nomine
3240 3249 3489 3305 Trinita-

1906 3340 1998 3401 tis,
2030 3339 2511 3407 contemplatiram
2550 3340 2707 3392 nobis
2742 3341 3000 3395 tradidit:
3030 3340 3262 3395 dicendo
3286 3333 3487 3396 'auletn

1902 3428 2045 3498 quod
2066 3438 2316 3498 oporteat
2339 3430 2536 3484 docere
2566 3440 2621 3485 et
2652 3432 2912 3483 mandata
2947 3440 3155 3497 tenere,
3184 3432 3487 3501 practical!

1903 3521 2224 3575 introduxit.
2276 3519 2577 3575 Confirmat
2621 3538 2839 3591 quoque
2888 3532 2943 3577 et
2983 3527 3188 3578 animat
3239 3524 3383 3592 illos,
3418 3539 3491 3582 eo

1904 3615 2045 3680 quod
2097 3618 2283 3671 mittat.
2326 3614 2392 3665 ad
2439 3623 2653 3684 gentes,
2689 3627 2744 3669 et
2772 3617 2825 3669 in
2856 3632 3084 3670 mortem
3117 3632 3183 3673 ac
3211 3618 3476 3687 pericula,

1902 3705 2087 3756 dicens
2114 3722 2128 3757 :
2157 3704 2331 3759 Nolite
2350 3704 2572 3771 timere;
2598 3722 2699 3775 ego
2718 3709 2862 3760 enim
2889 3710 3166 3763 vobiscum
3200 3725 3493 3781 ero-nsque

1902 3797 1967 3848 ad
1991 3798 2735 3853 consummationemsaeculi.
2762 3797 2898 3852 Vide
2920 3810 2973 3853 et
3014 3802 3181 3867 istud,
3215 3804 3491 3871 quomodo

1903 3902 2108 3941 memor
2132 3886 2299 3942 fberit
2322 3892 2828 3955 consummationis,
2858 3902 2915 3944 nt
2938 3894 3108 3963 magis
3130 3893 3250 3947 illos
3264 3895 3489 3961 excitet,

1900 3982 1967 4034 ad
1990 3982 2446 4035 contemnendum
2478 3982 2641 4053 168
2656 3983 2863 4051 gravia.
2882 3984 2957 4037 Ne
2981 3986 3245 4052 gravatim
3264 3985 3488 4044 feratis:

1900 4075 2061 4128 finem
2095 4076 2239 4127 enim
2276 4075 2525 4128 habitura
2563 4088 2693 4131 sunt
2714 4078 2893 4129 omnia
2924 4080 3219 4142 mundana,
3244 4082 3365 4133 sire
3396 4094 3490 4133 as-

1899 4179 2028 4235 pera
2054 4166 2185 4230 sint,
2219 4167 2333 4219 sive
2362 4182 2617 4235 prospera
2648 4187 2661 4220 :
2686 4180 2851 4236 atque
2878 4170 2997 4221 ideo
3020 4184 3093 4221 ne
3110 4171 3487 4225 succumbatis

1900 4259 1952 4311 in
1991 4259 2270 4311 adversis“:
2302 4269 2629 4325 prsrtereunt
2654 4262 2837 4314 enim:
2876 4278 3052 4329 neque
3084 4265 3359 4330 prosperis
3396 4266 3493 4318 de-

1898 4350 2209 4417 cipiamini:
2264 4350 2425 4403 linem
2473 4353 2616 4403 enim
2660 4352 2915 4405 habitura
2960 4362 3107 4409 sunt.
3144 4352 3261 4408 Non
3312 4354 3486 4409 solum

1898 4454 2079 4494 autem
2120 4444 2222 4495 hoc
2257 4443 2521 4509 apostolis
2568 4453 2650 4495 est
2682 4446 2971 4512 pollicitus,
3002 4447 3145 4514 quod
3184 4463 3308 4501 cum
3350 4449 3483 4514 ipsis

1836 4540 1877 4593 D
1904 4534 1998 4595 sit,
2028 4535 2120 4586 sed
2156 4534 2476 4600 simpliciter
2503 4535 2787 4601 tlist-ipulis
2832 4540 2945 4591 suis
2995 4538 3269 4591 omnibus.
3307 4539 3490 4605 Neque

1899 4626 2043 4678 enim
2072 4626 2300 4692 BFOs‘lnii
2332 4640 2503 4692 usque
2542 4630 2605 4677 ad
2640 4629 2802 4679 linem
2851 4630 3033 4681 mundi
3071 4630 3265 4682 victuri
3292 4640 3445 4683 erant
3473 4648 3488 4683 :

1900 4720 2041 4769 unde
2064 4728 2120 4771 et
2150 4719 2328 4779 nobis,
2361 4730 2416 4770 et
2446 4719 2531 4770 his
2562 4720 2651 4786 qui
2698 4732 2816 4784 post
2852 4737 2949 4774 nus
2996 4730 3180 4786 erunt,
3236 4725 3489 4791 promisit

1900 4808 2041 4862 hoc:
2080 4823 2185 4861 non
2219 4815 2361 4877 quod
2391 4826 2561 4877 usque
2578 4811 2644 4864 ad
2667 4814 3194 4875 consummationem
3222 4830 3486 4883 praesens,

1897 4907 2022 4967 post
2067 4902 2589 4953 consummationem
2629 4904 2815 4954 mundi
2850 4902 3139 4957 abfuturns
3184 4906 3278 4967 sit,
3307 4906 3473 4959 absit.

1898 4990 2052 5043 'l'ttnc
2084 4992 2230 5045 enim
2262 4995 2432 5059 magis
2467 4994 2623 5046 nobis
2671 4995 2867 5059 aderit,
2893 5006 2947 5047 et
2983 4998 3205 5061 clarius,
3242 5006 3295 5049 et
3327 5014 3486 5049 mun-

1896 5083 2040 5135 dius.
2081 5082 2213 5136 Nam
2239 5086 2326 5137 ubi
2355 5086 2536 5138 Donec
2567 5088 2649 5139 vel
2704 5088 2883 5157 Usque
2928 5091 2979 5141 in
3022 5088 3300 5157 Scriptura
3332 5088 3489 5144 inve-

1902 5175 2067 5238 nitur,
2101 5191 2206 5227 non
2242 5178 2431 5229 adimit
2462 5180 2602 5245 quod
2638 5182 2928 5245 posterius.
2959 5180 3227 5245 Quocirca
3278 5184 3487 5252 gratias

1903 5281 2127 5333 agamus
2149 5264 2401 5330 Domino,
2436 5271 2524 5335 qui
2549 5276 2601 5323 et
2629 5286 2772 5324 nunc
2803 5271 3083 5326 nobiscum
3115 5281 3219 5338 est,
3242 5284 3297 5327 et
3323 5289 3488 5328 omne

1904 5358 2103 5409 bonum
2136 5357 2471 5426 suppeditat,
2504 5369 2558 5415 et
2587 5361 2783 5415 iterum
2829 5362 3116 5417 nobiscum
3147 5365 3250 5418 erit
3276 5366 3489 5437 perfec-

1907 5443 2013 5495 tius
2035 5453 2155 5511 post
2185 5450 2737 5503 consummationem.
2774 5450 2965 5518 Itaque
2994 5468 3343 5524 nos'qttoque
3386 5456 3487 5510 hoc

1907 5538 2025 5592 loco
2059 5544 2467 5595 enarrationem
2506 5544 2877 5601 absolvamus.
2913 5548 3092 5617 Ipsum
3122 5550 3269 5603 enim
3311 5554 3489 5606 omnis

1905 5632 2203 5698 gratiarum
2238 5634 2403 5698 actio,
2438 5636 2609 5704 gloria
2662 5648 2718 5693 et
2767 5639 2941 5695 honor
2982 5640 3140 5697 decet
3197 5643 3249 5696 in
3290 5646 3483 5697 amenta

1898 5723 2242 5778 saeculorum.
2272 5724 2466 5781 Amen.
