4080 6336
655 423 766 495 679

1488 422 2067 485 THEOPHYLACTI
2109 417 2518 484 BULGARLE
2558 418 2944 480 ARCHIEP-

3769 406 3870 472 680

657 542 777 595 culo
827 542 970 597 enim
1019 550 1071 596 et
1117 543 1238 600 dies
1279 548 1420 595 totus
1467 547 1780 593 numeratur
1833 556 1845 592 :
1892 553 2016 593 ecce.
2053 547 2209 594 tertio

2311 536 2698 609 ἐπιφωσκούσῃ
2743 538 2822 600 είς
2869 535 3000 607 μίαν
3036 533 3326 588 Σαϐϐάτων
3361 546 3373 560 ³
3421 548 3439 582 ›
3469 530 3578 584 ἀπὸ
3619 529 3732 599 γὰρ
3785 532 3874 584 τοῦ

660 634 799 686 diem
830 643 1124 691 etnoctem.
1157 618 1313 686 Potes
1338 643 1391 685 et
1414 632 1566 685 aliter
1595 640 1704 685 tres
1732 630 1848 684 dies
1879 645 2202 684 numerare:

567 726 574 732 ’
660 723 718 776 In
751 724 1048 777 Parasceve
1092 723 1310 778 tradidit
1343 723 1625 790 spiritum,
1659 736 1783 776 ecce
1830 737 1996 774 unum
2044 721 2207 774 diem.

663 811 899 866 Sabbato
927 814 976 865 in
1001 814 1246 881 sepulcro
1277 813 1392 878 fuit,
1428 814 1554 868 ecce
1590 813 1857 867 secundus
1887 812 2018 866 dies.
2049 811 2212 867 Nocte

663 901 951 957 Dominicae
987 905 1320 969 resurrexit;
1358 920 1386 958 a
1421 915 1571 975 parte
1616 905 1780 974 igitur
1815 914 2132 958 numeratur
2161 914 2212 956 et

665 982 941 1047 Dominica
989 994 1040 1048 in
1070 996 1231 1052 alium
1278 997 1440 1060 diem,
1471 1005 1525 1050 et
1557 996 1629 1048 ita
1664 1005 1772 1050 tres
1799 995 1914 1050 dies
1959 1014 1973 1049 :
2011 1011 2132 1049 nam
2160 1003 2211 1048 et

659 1081 726 1136 de
759 1082 1025 1140 defunctis
1064 1085 1314 1148 dicimus,
1342 1087 1385 1139 si
1434 1100 1572 1140 unus
1604 1088 1869 1141 moriatur
1893 1087 2039 1158 circa
2072 1087 2211 1142 deci-

659 1185 801 1226 mam
829 1172 1018 1229 horam
1052 1175 1182 1239 diei,
1209 1184 1262 1230 et
1295 1175 1431 1229 alter
1460 1177 1603 1229 circa
1646 1177 1874 1246 primam
1924 1176 2042 1245 ejus
2082 1177 2209 1242 diei,

660 1263 802 1331 quod
844 1273 1068 1334 uterque
1095 1266 1282 1320 eodem
1313 1264 1399 1320 die
1435 1269 1505 1320 sit
1533 1276 1802 1322 mortuus.
1841 1267 2070 1324 Possum
2116 1269 2210 1323 tibi

661 1363 714 1407 et
747 1354 904 1407 aliam
931 1370 1155 1410 causam.
1192 1357 1369 1411 dicere
1399 1359 1672 1427 quomodo
1712 1369 1821 1414 tres
1857 1359 1972 1416 dies
2006 1370 2058 1414 et
2102 1370 2212 1416 tres

663 1455 850 1498 noctes
881 1456 1248 1504 numerentur.
1281 1447 1507 1502 Attende
1535 1450 1697 1517 igitur
1724 1468 1738 1505 :
1770 1451 1965 1517 Quinta
1994 1464 2214 1522 vespera

660 1534 788 1588 fecit
824 1536 1078 1590 Dominus
1110 1551 1345 1602 coenam,
1376 1547 1431 1594 et
1459 1540 1738 1610 discipulis
1768 1542 1904 1597 dixit
1939 1561 1953 1597 :
1993 1562 2013 1595 ε
2054 1545 2216 1599 Acci-

660 1625 797 1694 pite,
837 1635 891 1678 et
923 1628 1186 1693 comedite
1220 1643 1415 1696 corpus
1452 1645 1628 1686 meum
1671 1650 1685 1686 :
1724 1649 1744 1683 ι
1781 1643 1837 1688 et
1871 1634 1942 1687 ita
1971 1635 2094 1709 quia
2124 1650 2218 1703 po-

662 1722 906 1768 testatem
934 1717 1159 1772 habebat
1182 1734 1382 1787 ponere
1401 1722 1629 1775 animam
1660 1737 1836 1788 suam,
1867 1724 2215 1785 manifestum

660 1809 799 1873 quo’d
856 1817 980 1862 tunc
1029 1810 1385 1866 immolaverit
1435 1815 1692 1882 seipsum,
1741 1829 1808 1869 ex
1858 1831 1962 1884 quo
2000 1818 2216 1898 tradidit

661 1896 938 1964 discipulis
969 1915 1162 1967 corpus
1191 1917 1342 1954 suum
1375 1921 1388 1956 :
1431 1919 1588 1958 nemo
1617 1905 1758 1959 enim
1793 1896 2217 1975 quidquam-edit

659 1987 760 2042 nisi
794 1989 941 2053 prius
973 1999 1261 2045 mactatum
1291 1991 1476 2049 fuerit.
1510 1993 1739 2050 Numera
1769 1997 1933 2065 igitur
1959 2015 1973 2051 :
2003 2001 2213 2068 vesperi

660 2077 876 2130 tradidit
924 2095 1118 2148 corpus
1157 2097 1335 2136 suum.
1367 2082 1478 2137 Nox
1522 2074 1610 2139 illa
1674 2093 1728 2140 et
1763 2088 1875 2142 dies
1917 2088 2215 2144 Parasceve

659 2180 829 2235 usque
856 2169 921 2222 ad
944 2180 1146 2232 sextam
1173 2171 1382 2234 horam,
1406 2187 1531 2227 ecce
1555 2189 1715 2227 unum
1741 2176 1876 2230 diem
1894 2187 1954 2237 ,ει
1975 2189 2211 2234 noctem.

658 2252 853 2321 lterum
894 2272 923 2309 a
971 2267 1120 2313 sexta
1155 2259 1282 2313 liora
1334 2263 1568 2316 tenebrae
1602 2277 1770 2331 usque
1801 2265 1865 2321 ad
1909 2282 2127 2330 nonam,
2162 2277 2215 2322 et

656 2361 685 2399 a
727 2363 865 2403 nona
911 2349 1001 2403 lux
1047 2366 1215 2420 usque
1267 2350 1333 2404 ad
1384 2367 1682 2422 vesperam,
1734 2369 1858 2410 ecce
1914 2359 2210 2411 secundum

659 2438 795 2492 diem
821 2450 894 2519 _et
935 2450 1163 2496 noctem.
1225 2443 1420 2502 Iterum
1451 2461 1555 2500 nox
1596 2454 1718 2514 post
1768 2448 2116 2504 Parascevem
2160 2460 2215 2504 et

657 2529 771 2584 dies
801 2529 1042 2594 Sabbati,
1067 2547 1194 2588 ecce
1224 2537 1433 2589 tertium
1457 2538 1593 2591 diem
1624 2547 1677 2590 et
1707 2549 1938 2592 noctem.
1973 2539 2211 2595 Sabbato

658 2628 832 2672 autem
883 2622 1090 2697 vesperi
1138 2625 1432 2677 resurrexit
1477 2643 1490 2677 :
1539 2640 1666 2680 ecce
1717 2635 1826 2681 tres
1860 2629 2050 2697 integri
2097 2631 2211 2686 dies

656 2716 703 2761 et
747 2717 951 2763 noctes.
987 2695 1106 2764 ‘Jam
1137 2713 1277 2780 quod
1310 2714 1557 2781 angelum
1601 2713 1885 2769 Mattlimus
1941 2695 2073 2770 dixit
2123 2732 2210 2772 se-

655 2798 783 2852 dere
831 2815 992 2870 super
1031 2800 1226 2869 lapide,
1261 2802 1474 2857 Marcus
1507 2814 1684 2865 autem
1737 2807 1982 2861 revoluto
2035 2807 2218 2876 lapide

660 2892 853 2944 sedere
900 2891 952 2950 in
993 2892 1197 2948 dextris
1241 2894 1382 2949 intra
1422 2897 1749 2962 sepulcrum,
1788 2899 2023 2967 nunquid
2070 2901 2212 2953 inter

655 2997 713 3038 se
740 2970 1040 3042 dissident?
1063 2983 1278 3041 Minime
1302 3004 1316 3040 :
1345 2989 1443 3042 sed
1469 2989 1756 3043 verisimile
1787 2998 1869 3043 est
1897 2993 2207 3059 apparuisse

652 3073 881 3140 primum
929 3076 1177 3145 angelum
1223 3081 1495 3133 sedentem
1540 3094 1701 3147 super
1749 3081 1920 3150 lapide
1970 3084 2209 3139 :deinde

2310 631 2505 703 ὄρθρου
2532 631 2626 684 καὶ
2651 632 2683 698 ἡ
2707 631 2886 700 ἡμέρα
2907 629 3000 698 ὅλη
3025 612 3365 697 ἀριθμεῖταί·
3393 627 3505 679 ίδού
3530 624 3713 696 τρίτον
3739 627 3874 694 ἡμε-

2313 723 2613 792 ρονύκτιον.
2687 720 2797 772 Καὶ
2825 720 2999 782 ἄλλως
3047 717 3105 770 δὲ
3157 715 3382 769 δύνασαι
3431 714 3736 786 ἀριθμῆσαι
3783 713 3878 775 τὰς

2311 817 2456 884 τρεῖς
2484 813 2716 883 ἡμέρας·
2749 812 2828 882 Τῇ
2858 811 3182 881 Παρασκευῇ
3217 807 3503 878 παρέδωκε
3532 807 3594 858 τὸ
3623 803 3839 872 πνεῦμα
3860 844 3873 865 ,

2315 905 2411 974 μία
2441 903 2578 973 αὐτη
2611 903 2794 972 ἡμέρα
2820 916 2837 968 ἡ
2865 901 2942 972 τῷ
2972 899 3235 969 Σαϐϐάτῳ
3263 895 3331 968 ἦν
3361 897 3418 949 ὲν
3443 896 3521 965 τῷ
3548 896 3727 965 τάφῳ,
3758 894 3877 945 δευ-

2312 998 2444 1063 τέρα
2469 994 2604 1065 αὖτη
2631 995 2813 1064 ἡμέρα
2831 1007 2847 1022 ⁸
2873 995 2938 1062 τῇ
2966 991 3022 1044 δὲ
3049 990 3201 1044 νυκτὶ
3222 989 3323 1057 τῆς
3348 989 3632 1058 Κυριακῆς
3658 985 3879 1052 ἀνέστη,

2311 1088 2420 1140 ἀπὸ
2451 1086 2650 1158 μέρους
2678 1085 2769 1138 οὖν
2795 1084 3108 1154 ἀριθμεῖται
3138 1080 3230 1134 καὶ
3259 1081 3291 1150 ἡ
3321 1077 3572 1147 Κυριακὴ
3604 1079 3684 1138 είς
3715 1075 3878 1141 ἀλλην

2313 1180 2526 1250 ἡμέραν
2549 1194 2563 1209 ο
2609 1178 2749 1230 ὥστε
2792 1177 2899 1228 ίδού
2934 1175 3085 1244 τρεῖς
3124 1169 3478 1242 ἡμέραιοκαὶ
3515 1169 3624 1239 γὰρ
3661 1167 3756 1220 καὶ
3791 1163 3884 1220 ἐπὶ

2316 1269 2424 1323 τῶν
2463 1269 2898 1339 κεκοιμημένων,
2936 1264 3031 1318 ὲάν
3073 1262 3434 1332 ἀποθάνῃ-τις
3459 1260 3604 1328 ,περὶ
3646 1257 3882 1326 δεκάτην

2317 1361 2466 1432 ὥραν
2489 1361 2586 1430 τῆς
2612 1359 2844 1430 ἡμέρας,
2873 1357 2966 1410 καὶ
2991 1355 3176 1425 ἕτερος
3205 1354 3332 1424 περὶ
3362 1351 3584 1420 πρώτην
3609 1349 3761 1418 ὥραν
3786 1347 3884 1417 τῆς

2315 1451 2752 1521 αὐτῆςὴμέρας,
2788 1448 3086 1517 ἀμφότεροι
3117 1447 3174 1497 ἐν
3204 1447 3270 1513 τῇ
3305 1445 3443 1511 αὐτῇ
3477 1441 3662 1511 ἡμέρᾳ
3696 1439 3885 1506 λέγον-

2313 1560 2402 1595 ται
2441 1541 2708 1595 τεθνάναι.
2734 1539 2883 1610 Ἔχω
2919 1557 3001 1592 σοι
3038 1541 3133 1593 καὶ
3172 1537 3336 1605 ἀλλην
3376 1534 3558 1587 αίτίαν
3593 1533 3769 1583 εἰπεῖν
3808 1529 3887 1588 είς

2314 1631 2494 1697 τοῦτο,
2520 1631 2636 1692 πῶς
2660 1635 2807 1699 τρεῖς
2833 1632 3036 1701 ἡμέραι
3065 1629 3160 1682 καὶ
3182 1629 3327 1699 τρεῖς
3356 1627 3546 1686 νύκτες
3574 1621 3889 1692 ἀριθμηθή-

2317 1739 2519 1774 σονται.
2556 1721 2798 1791 Πρόσεχε
2838 1716 2930 1772 οὖν
2957 1736 2969 1749 ·
3005 1721 3083 1790 Τῇ
3121 1719 3346 1787 πέμπτῃ
3384 1716 3624 1783 ἑσπέρας
3661 1711 3886 1780 ὲποίησι

2318 1811 2377 1865 τὸ
2405 1812 2615 1865 δεῖπνον
2640 1813 2666 1863 6
2697 1812 2918 1882 Κύριος,
2947 1812 3174 1872 καὶτοῖς
3203 1808 3468 1878 μαθηταῖς
3498 1805 3649 1871 ἔλεγε
3673 1821 3687 1832 ·
3726 1821 3746 1854 ι
3777 1803 3887 1855 Λα-

2321 1904 2479 1969 ϐετε,
2521 1905 2723 1971 φάγετε
2760 1904 2818 1955 τὸ
2859 1902 3018 1970 σῶμά
3058 1918 3158 1970 μου
3185 1915 3200 1931 ⁶
3233 1919 3250 1950 ι
3294 1898 3433 1951 ὥστε
3474 1897 3595 1948 ἐπεὶ
3639 1893 3886 1958 ἐξουσίαν

2317 1991 2459 2064 εῖχεν
2490 1996 2582 2064 ἀφ’
2607 1995 2798 2060 ἑαυτοῦ
2835 1993 3005 2046 θεῖναι
3039 1992 3136 2061 τὴν
3167 1992 3344 2061 ψυχὴν
3379 1989 3539 2043 αὐτοῦ
3559 2028 3574 2052 ,
3609 1987 3772 2056 δῆλον
3802 1986 3885 2038 δτι

2316 2085 2501 2138 ἔκτοτε
2544 2086 2855 2153 ἀπέσφαξεν
2900 2084 3108 2148 ἑαυτὸν,
3153 2074 3330 2150 ἀφ”οὖ
3381 2080 3602 2132 διεδίδου
3649 2080 3759 2138 τοῖς
3805 2076 3884 2128 οἱ-

2317 2176 2483 2239 κείοις
2521 2177 2789 2246 μαθηταῖς
2822 2175 2881 2227 τὸ
2913 2176 3071 2244 σῶμα
3096 2191 3109 2206 ο
3140 2173 3314 2235 οὐδεὶς
3341 2172 3448 2240 γὰρ
3479 2170 3652 2222 ἐσθίει
3681 2157 3754 2228 τι,
3791 2168 3886 2219 έάν

2319 2267 2392 2337 μὴ
2432 2267 2692 2337 πρότερον
2738 2266 3078 2335 ἐσφαγμένον
3120 2265 3225 2334 εἴη.
3263 2263 3592 2332 Ἀρίθμησον
3635 2256 3730 2312 οὖν
3757 2276 3770 2290 ·
3804 2260 3887 2330 Τῇ

2315 2359 2522 2426 ἑσπέρα
2551 2359 2662 2429 (56)
2692 2358 2916 2411 διεδίδου
2945 2359 3003 2410 τὸ
3031 2357 3234 2409 οἰκεῖον
3257 2355 3412 2423 σῶμα
3438 2370 3452 2383 ·
3486 2355 3518 2423 ἡ
3549 2353 3644 2417 νὺξ
3677 2350 3886 2419 ἐκείνη,

2315 2447 2407 2500 καὶ
2441 2449 2471 2516 ἡ
2505 2447 2684 2519 ἡμέρα
2718 2449 2816 2514 τῆς
2836 2446 3196 2517 Παρασκευῆς
3227 2445 3353 2515 ἄχρι
3384 2444 3481 2512 τῆς
3513 2443 3682 2513 ἕκτης
3713 2442 3884 2514 ὥρας,

2317 2540 2425 2593 ἰδοὺ
2457 2539 2514 2591 ἓν
2543 2540 2933 2609 ἡμερονύκτιον
2957 2555 2970 2567 ⁸
3004 2539 3164 2591 πάλιν
3188 2538 3247 2590 τὸ
3279 2536 3384 2588 ἀπὸ
3413 2537 3510 2604 τῆς
3539 2536 3706 2604 ἕκτης
3736 2533 3886 2604 ὥρας

2316 2631 2504 2691 σκότος
2530 2631 2633 2691 ἕως
2659 2632 2754 2698 τῆς
2785 2630 3030 2698 ὲννάτης,
3059 2629 3149 2682 καὶ
3177 2630 3234 2680 τὸ
3261 2627 3366 2680 ἀπὸ
3392 2627 3488 2696 τῆς
3514 2625 3742 2694 ὲννάτης
3770 2626 3885 2694 φῶς

2314 2721 2417 2783 ἕως
2442 2723 2537 2790 τῆς
2568 2723 2820 2788 ἑσπέρας,
2854 2721 2961 2772 ἰδοὺ
2990 2720 3239 2789 δεύτερον
3267 2717 3658 2788 ἡμερονύκτιον
3682 2733 3694 2744 '
3725 2720 3757 2784 ἡ
3789 2715 3884 2780 νὺξ

2315 2813 2475 2866 πάλιν
2499 2814 2529 2880 ἡ
2559 2813 2693 2881 μετά
2716 2814 2810 2880 τὴν
2839 2811 3223 2881 Παρασκευὴν,
3247 2812 3344 2862 καὶ
3371 2813 3402 2877 ἡ
3430 2810 3610 2878 ἡμέρα
3634 2808 3727 2860 τοῦ
3748 2807 3887 2860 Σαε-

2313 2904 2498 2966 ϐἀτου,
2542 2904 2650 2956 ἰδοὺ
2695 2903 2875 2972 τρίτον
2917 2902 3334 2973 ἡμερονύκτιον.
3379 2901 3639 2971 Σαϐϐάτῳ
3684 2902 3741 2954 δὲ
3784 2902 3884 2970 ὀψὲ

2310 2991 2506 3058 ἀνέστη
2538 3008 2550 3020 ·
2587 2992 2710 3060 τρία
2741 2992 2912 3045 ταῦτα
2955 2990 3222 3062 ὁλόκληρα
3261 2991 3649 3061 ἡμερονύκτια.
3689 2993 3792 3044 Τὸν
3823 2994 3883 3046 δὲ

2311 3077 2541 3146 ἄγγελον
2569 3081 2598 3131 6
2631 3080 2730 3149 μὲν
2783 3079 3057 3144 Ματθαῖος
3091 3081 3191 3149 ἔφη
3223 3079 3495 3149 καθῆσθαι
3525 3082 3581 3132 ὲν
3608 3080 3687 3150 τῷ
3715 3083 3842 3152 λίθῳ
3864 3098 3879 3112 ⁸

653 3165 1070 3233 ingredientibus
1118 3167 1433 3224 mulieribus
1469 3171 1659 3239 praeire
1703 3173 1947 3242 angelum
1970 3214 1985 3237 ,
2020 3183 2074 3229 et
2114 3176 2209 3232 ite-

2314 3172 2342 3222 6
2365 3170 2422 3223 δὲ
2453 3172 2676 3250 Μάρκος
2706 3172 3106 3225 ἀποκυλίσαντα
3135 3172 3227 3226 τὸν
3256 3173 3424 3237 λίθον,
3452 3173 3600 3227 ἔνδον
3622 3173 3718 3226 τοῦ
3751 3189 3886 3243 μνη-

653 3270 770 3318 rnm
793 3258 1106 3325 apparuisse
1138 3261 1411 3317 sedentem
1443 3263 1494 3316 in
1530 3262 1775 3341 sepulcro
1807 3265 1882 3334 (a)
1919 3280 1950 3319 a
1976 3267 2202 3332 dextris.

657 3344 800 3403 Dixit
831 3356 1010 3403 autem
1051 3350 1119 3404 ad
1148 3346 1404 3406 mulieres
1441 3370 1454 3407 :
1489 3350 1565 3426 Ne
1598 3356 1906 3410 terreamini
1941 3370 2072 3422 vos;
2112 3357 2212 3412 hoc

651 3445 766 3502 est,
804 3438 1069 3493 Custodes
1114 3440 1329 3509 quidem
1380 3442 1528 3511 digni
1573 3453 1699 3498 sunt
1743 3447 1830 3515 qui
1869 3457 2200 3512 terreantur,

645 3542 747 3581 vos
794 3539 970 3582 autem
1025 3530 1299 3600 discipulae
1362 3531 1607 3599 Domini,
1663 3548 1729 3589 ne
1782 3540 2111 3593 terreamini.
2145 3538 2212 3593 Et

653 3627 934 3687 postquam
967 3619 1217 3676 liberavit
1257 3637 1350 3678 eas
1395 3639 1423 3677 a
1461 3635 1625 3692 metu,
1651 3629 1986 3698 evangelizat
2017 3632 2097 3685 eis
2127 3647 2214 3686 re-

648 3714 1063 3768 surrectionem.
1095 3714 1336 3770 Primum
1366 3718 1506 3771 enim
1540 3720 1788 3775 timorem
1813 3721 2012 3788 ejicere
2043 3737 2206 3790 opor-

645 3797 818 3867 tebat,
848 3811 902 3857 et
935 3806 1128 3860 deinde
1157 3807 1546 3876 evasgelizare.
1582 3807 1696 3862 Non
1726 3810 1999 3865 erubescit
2029 3822 2207 3865 autem

655 3894 940 3949 nominare
1003 3896 1282 3949 Dominum
1337 3898 1677 3954 crucifixum.
1729 3899 2003 3954 Gloriatur
2062 3904 2205 3957 enim

648 3998 811 4036 cruce
865 3992 1117 4054 tanquam
1175 3996 1410 4054 tropaeo,
1461 4003 1566 4057 quo
1623 3990 1778 4044 nobis
1839 3993 2019 4045 omnia
2068 3992 2204 4046 bona

645 4075 928 4131 conciliata
969 4089 1112 4132 sunt.

2316 3258 2468 3324 μείου
2501 3248 2793 3325 καθῆσθαι,
2823 3259 2880 3310 ὲν
2913 3262 3024 3321 τοῖς
3056 3259 3267 3325 δεξιοῖς·
3309 3256 3398 3332 ἄρ’
3429 3257 3520 3315 οὖν
3553 3264 3887 3331 ἐναντιοςω-

2311 3346 2517 3413 νοῦσιν;
2541 3347 2690 3417 Οὐχί·
2721 3347 2836 3402 ἀλλ’
2858 3339 3002 3412 είκός
3029 3349 3143 3402 ἐστι
3170 3352 3406 3420 φανῆναι
3433 3353 3646 3422 πρῶτον
3671 3355 3763 3406 τὸν
3788 3355 3888 3423 ἆγ-

2307 3445 2460 3512 γελον
2495 3445 2800 3515 καθήμενον
2830 3447 2887 3499 έν
2917 3446 2993 3514 τῷ
3029 3445 3192 3515 λίθῳ,
3229 3445 3345 3500 εἶτα
3382 3448 3744 3502 είσελθουσῶν
3775 3450 3885 3504 τῶν

2307 3536 2602 3603 γυναικῶν,
2633 3539 2896 3606 προάγειν
2923 3539 3014 3590 τὸν
3043 3538 3293 3607 ἄγγελον,
3328 3541 3419 3594 καὶ
3452 3541 3614 3594 πάλιν
3645 3545 3883 3612 φανῆναι

2306 3627 2454 3690 ἐντὸς
2485 3627 2578 3679 τοῦ
2620 3630 2884 3698 μνημείου
2921 3629 3229 3697 καθήμενον
3262 3632 3317 3683 ὲν
3351 3633 3460 3693 τοῖς
3492 3631 3713 3696 δεξιοῖς.
3745 3629 3893 3695 Ek:

2305 3720 2362 3773 δὲ
2390 3720 2524 3789 πρὸς
2549 3724 2644 3783 τὰς
2668 3724 2929 3789 γυναῖκας
2951 3737 2967 3754 ⁸
2983 3721 3074 3792 Μὴ
3099 3723 3348 3792 φοϐεῖσθε
3372 3727 3554 3794 ὑμεῖς,
3579 3728 3882 3792 τουτέστιν,

2307 3811 2371 3865 Oi
2403 3812 2502 3880 μὲν
2530 3813 2765 3879 φύλακες
2794 3812 2932 3876 ἄξιοί
2956 3816 3059 3866 είσι
3089 3815 3370 3881 φοϐεῖσθαι
3395 3833 3411 3850 ·
3439 3818 3596 3886 ὑμεῖς
3623 3820 3679 3871 δὲ
3707 3820 3762 3871 αί
3789 3819 3880 3873 τοῦ

2306 3900 2513 3971 Κυρίου
2543 3901 2858 3971 μαθήτριαι,
2891 3902 2963 3972 μὴ
2996 3904 3264 3970 φοϐεῖσθε.
3302 3906 3444 3958 Μεθ’
3465 3906 3493 3958 δ
3520 3908 3574 3958 δὲ
3607 3909 3886 3962 ἀπαλλάτ-

2305 4008 2386 4043 τει
2418 3992 2584 4052 αὐτὰς
2615 3993 2708 4043 τοῦ
2741 3991 2890 4053 δέους
2914 4032 2927 4056 ,
2961 3993 3368 4061 εὐαγγελίζεται
3399 3997 3588 4059 αὐταῖς
3618 3999 3718 4069 τὴν
3748 3999 3885 4056 ἀνά-

2310 4100 2518 4137 στασιν.
2548 4083 2696 4134 Ἔδει
2738 4084 2846 4152 γὰρ
2891 4085 3153 4153 πρότερον
3196 4086 3446 4139 ἐκϐαλεῖν
3485 4089 3544 4141 τὸ
3580 4091 3718 4153 δέος,
3767 4085 3884 4143 εἶτα

643 4170 1122 4239 εὐαγγελίσασθαι.
1169 4176 1282 4229 Οὐκ
1332 4177 1648 4246 αἰσχύνεται
1694 4180 1751 4232 δὲ
1798 4179 2210 4252 ἐσταυρωμένον
2248 4179 2529 4247 ὀνομάζων
2563 4179 2652 4232 τὸν
2722 4179 2943 4249 Κύριον.
2979 4181 3067 4252 Τῷ
3103 4182 3212 4253 γὰρ
3247 4183 3461 4254 σταυρῷ
3530 4186 3726 4258 ὥσπερ
3758 4205 3886 4258 τρο-

647 4261 793 4330 παίῳ
820 4264 925 4316 τινὶ
953 4267 1310 4334 ὲγκαυχᾶται,
1336 4268 1512 4319 πάντα
1539 4268 1605 4322 τὰ
1635 4268 1815 4336 ἀγαθά
1836 4270 2227 4341 ,προεξενηκότι
2261 4272 2414 4339 ἡμῖν.

720 4350 880 4405 Vsus.
908 4353 963 4417 9,
993 4353 1074 4407 l0.
1104 4373 1122 4405 1
1152 4355 1283 4410 Cum
1304 4365 1490 4411 autem
1519 4357 1765 4412 issentad
1791 4361 2205 4412 renuntiandum

2391 4378 2409 4409 ‹
2445 4359 2531 4421 Ὡς
2560 4358 2615 4411 δὲ
2649 4360 2971 4430 ἐπορεύοντο
2999 4362 3325 4429 ἀπαγγεῖλαι
3350 4366 3461 4425 τοῖς
3494 4365 3762 4435 μαθηταῖς
3788 4369 3886 4422 αὐο

645 4441 933 4510 discipulis
973 4444 1111 4510 ejus,
1159 4459 1287 4501 ecce
1333 4445 1490 4502 Jesus
1541 4448 1778 4518 occurrit
1828 4448 1933 4503 illis
1968 4450 2200 4505 dicens:

645 4536 830 4588 Avete.
867 4534 969 4589 Illae
1004 4545 1180 4591 autem
1209 4546 1576 4602 accesserunt,
1619 4549 1673 4594 et
1711 4548 2001 4595 tenuerunt
2044 4541 2206 4609 pedes.

644 4626 783 4692 ejus,
837 4635 890 4680 et
946 4628 1307 4683 adma-verunt
1357 4643 1498 4682 eum.
1547 4629 1701 4684 Tunc
1742 4632 1816 4686 ait
1855 4632 1955 4686 illis
2003 4632 2201 4689 Jesus:

645 4715 821 4770 Nolite
869 4718 1104 4772 timere:
1150 4719 1257 4785 ite,
1299 4722 1604 4775 renuntiate
1640 4722 1897 4778 fratribus
1940 4726 2100 4789 meis,
2144 4735 2204 4780 nt

645 4817 771 4862 eant
799 4810 850 4861 in
878 4807 1171 4878 Galilaeam,
1205 4819 1253 4866 et
1291 4812 1362 4866 ibi
1399 4828 1484 4878 me
1525 4815 1795 4870 videbunt.
1845 4834 1863 4866 ι
1906 4816 2060 4886 165
2103 4818 2202 4871 Di-

644 4902 717 4952 cit
762 4900 1132 4956 mulieribus:
1182 4902 1367 4968 Aucte.
1425 4904 1689 4971 Quoniam
1743 4909 1885 4962 enim
1938 4909 2197 4965 muliebre

645 5007 812 5060 genus
831 4994 898 5046 ad
927 4995 1204 5049 tristitiam
1231 4997 1646 5052 condemnatum
1679 4997 1798 5061 luit,
1825 5000 2076 5054 Dominus
2107 5015 2198 5068 per

645 5085 1092 5139 resurrectionem
1118 5100 1268 5140 suam
1289 5089 1540 5156 gaudium
1564 5074 1741 5143 attulit
1773 5090 2004 5145 femineo
2028 5092 2198 5154 sexui,
2266 5104 2267 5107 ‘

638 5185 697 5243 et
737 5175 1010 5228 benedixit
1039 5178 1142 5232 eis.
1189 5178 1258 5231 At
1305 5179 1407 5232 illa:
1436 5177 1559 5258 pra
1597 5181 1763 5235 multa
1811 5183 2112 5236 reverentia
2148 5192 2202 5236 et

645 5267 846 5322 honore
879 5278 930 5321 et
960 5280 1180 5340 propter
1208 5272 1458 5340 pietatem
1508 5275 1668 5344 pedes
1697 5276 1813 5344 ejus
1852 5285 2056 5340 tenent,
2090 5290 2197 5330 non

644 5359 899 5415 audentes
931 5362 1091 5416 aliam
1136 5365 1628 5434 corporis-partem
1671 5370 2004 5438 contingere,
2037 5384 2198 5438 quam

643 5451 915 5508 Extremas
945 5454 1081 5511 illas.
1132 5457 1359 5523 Quidam
1391 5467 1566 5513 autem
1602 5459 1788 5514 dicunt
1815 5460 1994 5514 dedita
2037 5473 2200 5529 opera

2301 4452 2416 4518 τοῦ,
2463 4455 2556 4505 καὶ
2605 4454 2712 4505 ίδού
2752 4457 2779 4506 ό
2810 4457 3010 4524 Ἰησοῦς
3055 4457 3369 4527 ἀπήντησεν
3410 4459 3624 4527 αὐταῖς,
3667 4463 3879 4531 λέγων·

2301 4543 2556 4613 Χαίρετε.
2587 4546 2650 4595 Ai
2682 4545 2760 4612 δὲ,
2794 4546 3186 4615 προσελθοῦσαι
3217 4550 3529 4620 ἐκράτησαν
3557 4553 3724 4606 αὐτοῦ
3755 4555 3881 4618 τοὺς

2301 4639 2485 4704 πόδας,
2517 4641 2609 4701 καὶ
2640 4642 3050 4712 προσεκύνησαν
3076 4645 3245 4714 αὐτῷ.
3284 4645 3417 4699 Τότε
3449 4646 3596 4715 λέγει
3629 4650 3824 4715 αὐταῖς
3853 4655 3882 4705 6

2318 4731 2528 4796 Ἰησοῦς
2554 4749 2568 4762 ο
2597 4734 2688 4800 Μὴ
2733 4735 3004 4800 φοϐεῖσθε.
3047 4736 3336 4804 Ὑπάγετε,
3358 4738 3728 4807 ἀπαγγείλατε
3767 4747 3881 4807 τοῖς

2300 4821 2547 4889 ἀδελφοῖς
2585 4841 2686 4891 μου
2723 4824 2808 4877 ἵνα
2844 4827 3153 4880 ἀπέλθωσιν
3183 4831 3264 4892 είς
3292 4831 3390 4897 τὴν
3423 4828 3738 4900 Γαλιλαίαν,
3779 4838 3878 4889 κά-

2305 4915 2390 4965 κεῖ
2416 4932 2479 4982 με
2506 4914 2748 4983 ὄψονται.
2766 4936 2783 4967 ι
2807 4917 3124 4987 Προσφωνεῖ
3141 4924 3258 4986 ταῖς
3285 4924 3495 4990 γυναιξὶ
3514 4925 3596 4986 τὸ.
3620 4926 3876 4998 Χαίρετε.

2315 5006 2469 5058 Ἐπεὶ
2497 5009 2600 5077 γὰρ
2625 5007 2684 5059 τὸ
2711 5015 3017 5076 γυναικεῖον
3044 5013 3196 5079 γένος
3230 5013 3515 5069 λυπεῖσθαι
3545 5021 3873 5092 κατεκρίθη,

2296 5099 2324 5149 6
2356 5099 2555 5169 Κύριος
2585 5101 2673 5154 διά
2701 5104 2797 5172 τῆς
2825 5096 3173 5171 ἀναστάσεως
3199 5110 3362 5162 αὐτοῦ
3396 5109 3494 5179 τὴν
3525 5112 3704 5182 χαρὰν
3739 5131 3872 5181 προ⁹

2281 5189 2515 5257 -εξένησε
2549 5191 2622 5260 τῷ
2660 5194 2956 5263 γυναικείῳ
2999 5194 3177 5261 γένει,
3215 5197 3311 5251 καὶ
3350 5198 3640 5268 εὐλόγησεν
3676 5200 3866 5263 αὐτας.

2298 5281 2385 5332 Διὸ
2426 5282 2632 5333 ἐκεῖναι
2673 5283 2780 5334 ἀπὸ
2811 5284 2908 5351 τῆς
2950 5285 3151 5355 πολλῆς
3196 5287 3321 5358 περὶ
3361 5289 3520 5341 αὐτὸν
3553 5288 3736 5351 αίδοῦς
3777 5289 3871 5341 καὶ

2300 5372 2490 5441 τιμῆς,
2523 5375 2647 5436 τοὺς
2682 5375 2844 5439 πόδας
2877 5377 3038 5430 αὐτοῦ
3069 5380 3360 5447 κρατοῦσι,
3388 5381 3455 5434 δι’
3480 5381 3764 5437 εὐλάϐειαν
3795 5381 3871 5452 μὴ

2297 5461 2573 5531 τολμῶσαι
2603 5465 2761 5516 ἀλλον
2797 5467 2998 5536 μέρους
3024 5467 3116 5520 τοῦ
3148 5467 3395 5540 σώματος
3424 5470 3687 5540 ἀψασθαι,
3713 5472 3762 5523 εί
3793 5471 3869 5540 μὴ

1590 5575 1681 5636 Ex
1706 5573 2049 5636 collatione
2083 5574 2268 5636 codd.
2305 5578 2531 5639 Venet.
2573 5581 2634 5642 S.
2672 5583 2889 5642 Marci.

712 5676 827 5747 (36)
867 5675 1000 5769 [Coi].
1033 5675 1100 5732 30
1138 5678 1204 5748 τῇ
1237 5679 1484 5749 πέμπτῃ,
1518 5678 1776 5746 ἑσπέρας.

713 5798 794 5867 (a)
850 5798 993 5855 Edlt.
1029 5797 1150 5855 Lut.
1204 5801 1383 5868 vertit,
1436 5799 1841 5871 ingredientibus
1898 5800 2196 5855 mulieribus
2224 5802 2410 5868 prmirc
2452 5801 2713 5868 mulieres,
2762 5813 2810 5856 ct
2857 5801 3042 5857 iterum
3076 5802 3380 5871 apparuisse
3401 5803 3454 5856 in
3485 5801 3741 5871 sepulcro.
