  <div class='ocr_page' id='page_1' title='image "/cluster/home/n/w/nwhite01/storage/ocr_20150623/123/pst.000005714384/262.png"; bbox 0 0 4080 6336; ppageno 0'>
   <div class='ocr_carea' id='block_1_1' title="bbox 297 334 402 400">
    <p class='ocr_par' dir='ltr' id='par_1_1' title="bbox 297 334 402 400">
     <span class='ocr_line' id='line_1_1' title="bbox 297 334 402 400; baseline -0.019 0"><span class='ocrx_word' id='word_1_1' title='bbox 297 334 402 400; x_wconf 59' lang='lat'><strong>681</strong></span> 
     </span>
    </p>
   </div>
   <div class='ocr_carea' id='block_1_2' title="bbox 854 335 1857 414">
    <p class='ocr_par' dir='ltr' id='par_1_2' title="bbox 854 335 1857 402">
     <span class='ocr_line' id='line_1_2' title="bbox 854 335 1857 402; baseline 0.004 -4"><span class='ocrx_word' id='word_1_2' title='bbox 854 335 1302 400; x_wconf 81' lang='lat' dir='ltr'><strong>ENARRATIO</strong></span> <span class='ocrx_word' id='word_1_3' title='bbox 1341 338 1423 399; x_wconf 88' lang='lat' dir='ltr'><strong>IN</strong></span> <span class='ocrx_word' id='word_1_4' title='bbox 1465 338 1857 402; x_wconf 80' lang='lat' dir='ltr'><strong>EVANGELI‘</strong></span> 
     </span>
    </p>
   </div>
   <div class='ocr_carea' id='block_1_3' title="bbox 1964 335 3031 414">
    <p class='ocr_par' dir='ltr' id='par_1_3' title="bbox 1964 342 3031 414">
     <span class='ocr_line' id='line_1_3' title="bbox 1964 342 3031 414; baseline 0.012 -13"><span class='ocrx_word' id='word_1_5' title='bbox 1964 342 1966 400; x_wconf 81' lang='grc' dir='ltr'>ἶ</span> <span class='ocrx_word' id='word_1_6' title='bbox 2006 343 2398 407; x_wconf 72' lang='grc' dir='ltr'><strong>ΜΑΤΤΗΔΜ.</strong></span> <span class='ocrx_word' id='word_1_7' title='bbox 2439 371 2510 382; x_wconf 86' lang='grc'><strong><em>-</em></strong></span> <span class='ocrx_word' id='word_1_8' title='bbox 2549 345 2709 409; x_wconf 84' lang='lat' dir='ltr'><strong>CAP.</strong></span> <span class='ocrx_word' id='word_1_9' title='bbox 2750 348 3031 414; x_wconf 79' lang='lat' dir='ltr'><strong>XXVIII.</strong></span> 
     </span>
    </p>
   </div>
   <div class='ocr_carea' id='block_1_4' title="bbox 3467 347 3578 416">
    <p class='ocr_par' dir='ltr' id='par_1_4' title="bbox 3467 347 3578 416">
     <span class='ocr_line' id='line_1_4' title="bbox 3467 347 3578 416; baseline 0 -1"><span class='ocrx_word' id='word_1_10' title='bbox 3467 347 3578 416; x_wconf 70' lang='grc'><strong>682</strong></span> 
     </span>
    </p>
   </div>
   <div class='ocr_carea' id='block_1_5' title="bbox 293 453 1857 533">
    <p class='ocr_par' dir='ltr' id='par_1_5' title="bbox 293 453 1855 528">
     <span class='ocr_line' id='line_1_5' title="bbox 293 453 1855 528; baseline 0.003 -20"><span class='ocrx_word' id='word_1_11' title='bbox 293 454 410 508; x_wconf 84' lang='grc' dir='ltr'><strong>τῶν</strong></span> <span class='ocrx_word' id='word_1_12' title='bbox 449 453 694 525; x_wconf 77' lang='grc' dir='ltr'>ἐσχάτων</span> <span class='ocrx_word' id='word_1_13' title='bbox 740 455 923 526; x_wconf 82' lang='grc' dir='ltr'>μερῶν</span> <span class='ocrx_word' id='word_1_14' title='bbox 967 455 1062 509; x_wconf 81' lang='grc' dir='ltr'>τοῦ</span> <span class='ocrx_word' id='word_1_15' title='bbox 1104 456 1354 528; x_wconf 81' lang='grc' dir='ltr'>σώματος</span> <span class='ocrx_word' id='word_1_16' title='bbox 1395 455 1586 511; x_wconf 83' lang='grc' dir='ltr'>αὑτοῦ.</span> <span class='ocrx_word' id='word_1_17' title='bbox 1627 457 1785 520; x_wconf 72' lang='grc' dir='ltr'>Τινὲς</span> <span class='ocrx_word' id='word_1_18' title='bbox 1826 458 1855 512; x_wconf 87' lang='grc' dir='ltr'><strong>δ</strong></span> 
     </span>
    </p>
   </div>
   <div class='ocr_carea' id='block_1_6' title="bbox 1964 453 3578 533">
    <p class='ocr_par' dir='ltr' id='par_1_6' title="bbox 1992 460 3578 533">
     <span class='ocr_line' id='line_1_6' title="bbox 1992 460 3578 533; baseline 0.001 -18"><span class='ocrx_word' id='word_1_19' title='bbox 1992 460 2110 516; x_wconf 85' lang='lat' dir='ltr'><strong>illas</strong></span> <span class='ocrx_word' id='word_1_20' title='bbox 2142 461 2358 527; x_wconf 79' lang='lat' dir='ltr'><strong>fecisse,</strong></span> <span class='ocrx_word' id='word_1_21' title='bbox 2407 460 2800 533; x_wconf 69' lang='lat' dir='ltr'><strong>nt‘perieulum</strong></span> <span class='ocrx_word' id='word_1_22' title='bbox 2836 464 3077 518; x_wconf 78' lang='lat' dir='ltr'><strong>facerent</strong></span> <span class='ocrx_word' id='word_1_23' title='bbox 3118 478 3257 518; x_wconf 88' lang='lat' dir='ltr'><strong>num</strong></span> <span class='ocrx_word' id='word_1_24' title='bbox 3307 477 3433 518; x_wconf 77' lang='lat' dir='ltr'><strong>rere</strong></span> <span class='ocrx_word' id='word_1_25' title='bbox 3462 467 3578 518; x_wconf 76' lang='lat' dir='ltr'><strong>sur-</strong></span> 
     </span>
    </p>
   </div>
   <div class='ocr_carea' id='block_1_7' title="bbox 297 547 1880 620">
    <p class='ocr_par' dir='ltr' id='par_1_7' title="bbox 297 547 1880 620">
     <span class='ocr_line' id='line_1_7' title="bbox 297 547 1880 620; baseline 0.003 -20"><span class='ocrx_word' id='word_1_26' title='bbox 297 563 466 614; x_wconf 80' lang='grc' dir='ltr'>φασιν</span> <span class='ocrx_word' id='word_1_27' title='bbox 490 547 573 600; x_wconf 81' lang='grc' dir='ltr'><strong>δτι</strong></span> <span class='ocrx_word' id='word_1_28' title='bbox 598 547 914 618; x_wconf 74' lang='grc' dir='ltr'><strong>ἐξεπίτηδες</strong></span> <span class='ocrx_word' id='word_1_29' title='bbox 938 549 1232 620; x_wconf 74' lang='grc' dir='ltr'><strong>ἐδράξαντο</strong></span> <span class='ocrx_word' id='word_1_30' title='bbox 1253 548 1363 604; x_wconf 84' lang='grc' dir='ltr'><strong>τῶν</strong></span> <span class='ocrx_word' id='word_1_31' title='bbox 1387 547 1565 603; x_wconf 84' lang='grc' dir='ltr'>ποδῶν</span> <span class='ocrx_word' id='word_1_32' title='bbox 1591 548 1779 612; x_wconf 81' lang='grc' dir='ltr'>αὑτοῦ,</span> <span class='ocrx_word' id='word_1_33' title='bbox 1804 550 1880 614; x_wconf 85' lang='grc' dir='ltr'><strong>ὡς</strong></span> 
     </span>
    </p>
   </div>
   <div class='ocr_carea' id='block_1_8' title="bbox 297 637 1877 715">
    <p class='ocr_par' dir='ltr' id='par_1_8' title="bbox 297 637 1877 715">
     <span class='ocr_line' id='line_1_8' title="bbox 297 637 1877 715; baseline 0.001 -22"><span class='ocrx_word' id='word_1_34' title='bbox 297 637 369 693; x_wconf 72' lang='grc' dir='ltr'>ἂν</span> <span class='ocrx_word' id='word_1_35' title='bbox 406 637 651 709; x_wconf 82' lang='grc' dir='ltr'><strong>μάθωσιν</strong></span> <span class='ocrx_word' id='word_1_36' title='bbox 681 640 730 693; x_wconf 81' lang='grc' dir='ltr'><strong>εί</strong></span> <span class='ocrx_word' id='word_1_37' title='bbox 764 640 984 714; x_wconf 82' lang='grc' dir='ltr'>άληθῶς</span> <span class='ocrx_word' id='word_1_38' title='bbox 1015 638 1213 710; x_wconf 74' lang='grc' dir='ltr'>ἀνέστη</span> <span class='ocrx_word' id='word_1_39' title='bbox 1250 642 1345 695; x_wconf 84' lang='grc' dir='ltr'>καὶ</span> <span class='ocrx_word' id='word_1_40' title='bbox 1382 649 1458 715; x_wconf 79' lang='grc' dir='ltr'><strong>μη</strong></span> <span class='ocrx_word' id='word_1_41' title='bbox 1493 641 1637 697; x_wconf 80' lang='grc' dir='ltr'>κατὰ</span> <span class='ocrx_word' id='word_1_42' title='bbox 1670 658 1877 711; x_wconf 87' lang='grc' dir='ltr'>φαντα-</span> 
     </span>
    </p>
   </div>
   <div class='ocr_carea' id='block_1_9' title="bbox 1998 535 3580 637">
    <p class='ocr_par' dir='ltr' id='par_1_9' title="bbox 1998 535 3580 637">
     <span class='ocr_line' id='line_1_9' title="bbox 1998 535 3580 637; baseline 0.001 -31"><span class='ocrx_word' id='word_1_43' title='bbox 1998 553 2246 619; x_wconf 80' lang='lat' dir='ltr'><strong>rexisset,</strong></span> <span class='ocrx_word' id='word_1_44' title='bbox 2283 565 2337 609; x_wconf 84' lang='lat' dir='ltr'><strong>et</strong></span> <span class='ocrx_word' id='word_1_45' title='bbox 2364 570 2490 608; x_wconf 89' lang='lat' dir='ltr'><strong>num</strong></span> <span class='ocrx_word' id='word_1_46' title='bbox 2523 555 2747 626; x_wconf 76' lang='lat' dir='ltr'><strong>spiritus</strong></span> <span class='ocrx_word' id='word_1_47' title='bbox 2780 535 3333 624; x_wconf 50' lang='lat' dir='ltr'><strong>sitvelphan&#39;ta&#39;sma.</strong></span> <span class='ocrx_word' id='word_1_48' title='bbox 3374 552 3580 637; x_wconf 57' lang='lat' dir='ltr'><strong>Exigi-</strong></span> 
     </span>
    </p>
   </div>
   <div class='ocr_carea' id='block_1_10' title="bbox 1995 641 3578 713">
    <p class='ocr_par' dir='ltr' id='par_1_10' title="bbox 1995 641 3578 713">
     <span class='ocr_line' id='line_1_10' title="bbox 1995 641 3578 713; baseline 0.003 -17"><span class='ocrx_word' id='word_1_49' title='bbox 1995 643 2216 713; x_wconf 87' lang='lat' dir='ltr'><strong>mabant</strong></span> <span class='ocrx_word' id='word_1_50' title='bbox 2246 643 2388 697; x_wconf 88' lang='lat' dir='ltr'><strong>enim</strong></span> <span class='ocrx_word' id='word_1_51' title='bbox 2425 645 2678 712; x_wconf 92' lang='lat' dir='ltr'><strong>spiritum</strong></span> <span class='ocrx_word' id='word_1_52' title='bbox 2722 658 2863 700; x_wconf 88' lang='lat' dir='ltr'><strong>esse.</strong></span> <span class='ocrx_word' id='word_1_53' title='bbox 2909 641 3096 713; x_wconf 86' lang='lat' dir='ltr'><strong>Itaque</strong></span> <span class='ocrx_word' id='word_1_54' title='bbox 3147 649 3276 698; x_wconf 79' lang='lat' dir='ltr'><strong>tunc</strong></span> <span class='ocrx_word' id='word_1_55' title='bbox 3309 645 3428 698; x_wconf 74' lang='lat' dir='ltr'><strong>dua:</strong></span> <span class='ocrx_word' id='word_1_56' title='bbox 3472 643 3578 700; x_wconf 70' lang='lat' dir='ltr'><strong>illm</strong></span> 
     </span>
    </p>
   </div>
   <div class='ocr_carea' id='block_1_11' title="bbox 297 730 1857 806">
    <p class='ocr_par' dir='ltr' id='par_1_11' title="bbox 297 730 1857 806">
     <span class='ocr_line' id='line_1_11' title="bbox 297 730 1857 806; baseline 0.002 -23"><span class='ocrx_word' id='word_1_57' title='bbox 297 730 442 794; x_wconf 84' lang='grc' dir='ltr'>σίαν,</span> <span class='ocrx_word' id='word_1_58' title='bbox 476 730 610 801; x_wconf 71' lang='grc' dir='ltr'>μηδὲ</span> <span class='ocrx_word' id='word_1_59' title='bbox 641 731 860 802; x_wconf 83' lang='grc' dir='ltr'>πνεῦμά</span> <span class='ocrx_word' id='word_1_60' title='bbox 888 734 1056 789; x_wconf 81' lang='grc' dir='ltr'>ἐστιν.</span> <span class='ocrx_word' id='word_1_61' title='bbox 1087 733 1378 788; x_wconf 80' lang='grc' dir='ltr'>’Υπενόουν</span> <span class='ocrx_word' id='word_1_62' title='bbox 1406 734 1515 806; x_wconf 83' lang='grc' dir='ltr'>γὰρ</span> <span class='ocrx_word' id='word_1_63' title='bbox 1544 731 1630 787; x_wconf 83' lang='grc' dir='ltr'><strong>ὃτι</strong></span> <span class='ocrx_word' id='word_1_64' title='bbox 1658 732 1857 804; x_wconf 70' lang='grc' dir='ltr'>πνεῦμι</span> 
     </span>
    </p>
   </div>
   <div class='ocr_carea' id='block_1_12' title="bbox 1964 730 3574 806">
    <p class='ocr_par' dir='ltr' id='par_1_12' title="bbox 1993 735 3574 806">
     <span class='ocr_line' id='line_1_12' title="bbox 1993 735 3574 806; baseline 0.001 -18"><span class='ocrx_word' id='word_1_65' title='bbox 1993 735 2180 788; x_wconf 70' lang='lat' dir='ltr'><strong>Maria:</strong></span> <span class='ocrx_word' id='word_1_66' title='bbox 2213 735 2507 806; x_wconf 87' lang='lat' dir='ltr'><strong>tangebant</strong></span> <span class='ocrx_word' id='word_1_67' title='bbox 2536 737 2699 806; x_wconf 91' lang='lat' dir='ltr'><strong>pedes</strong></span> <span class='ocrx_word' id='word_1_68' title='bbox 2723 737 2860 804; x_wconf 83' lang='lat' dir='ltr'><strong>eius.</strong></span> <span class='ocrx_word' id='word_1_69' title='bbox 2887 735 3091 792; x_wconf 77' lang='lat' dir='ltr'><strong>Verum</strong></span> <span class='ocrx_word' id='word_1_70' title='bbox 3123 735 3275 805; x_wconf 78' lang='lat' dir='ltr'><strong>juxta</strong></span> <span class='ocrx_word' id='word_1_71' title='bbox 3306 735 3574 792; x_wconf 77' lang='lat' dir='ltr'><strong>Joannem</strong></span> 
     </span>
    </p>
   </div>
   <div class='ocr_carea' id='block_1_13' title="bbox 297 817 1857 898">
    <p class='ocr_par' dir='ltr' id='par_1_13' title="bbox 297 817 1857 896">
     <span class='ocr_line' id='line_1_13' title="bbox 297 817 1857 896; baseline 0.002 -21"><span class='ocrx_word' id='word_1_72' title='bbox 297 822 436 875; x_wconf 81' lang='grc' dir='ltr'>ἐστι.</span> <span class='ocrx_word' id='word_1_73' title='bbox 489 819 621 875; x_wconf 73' lang='grc' dir='ltr'>Τότε</span> <span class='ocrx_word' id='word_1_74' title='bbox 656 824 754 892; x_wconf 79' lang='grc' dir='ltr'>μὲν</span> <span class='ocrx_word' id='word_1_75' title='bbox 779 823 873 877; x_wconf 76' lang='grc' dir='ltr'>οὖν</span> <span class='ocrx_word' id='word_1_76' title='bbox 901 826 955 878; x_wconf 76' lang='grc' dir='ltr'>αἱ</span> <span class='ocrx_word' id='word_1_77' title='bbox 984 821 1078 877; x_wconf 84' lang='grc' dir='ltr'>δύο</span> <span class='ocrx_word' id='word_1_78' title='bbox 1105 817 1268 879; x_wconf 75' lang='grc' dir='ltr'>αὗται</span> <span class='ocrx_word' id='word_1_79' title='bbox 1297 826 1505 896; x_wconf 87' lang='grc' dir='ltr'>Μαρίαι</span> <span class='ocrx_word' id='word_1_80' title='bbox 1531 825 1744 896; x_wconf 76' lang='grc' dir='ltr'>ἥψαντο</span> <span class='ocrx_word' id='word_1_81' title='bbox 1772 825 1857 878; x_wconf 67' lang='grc' dir='ltr'><strong>τῶ·</strong></span> 
     </span>
    </p>
   </div>
   <div class='ocr_carea' id='block_1_14' title="bbox 1964 817 3573 898">
    <p class='ocr_par' dir='ltr' id='par_1_14' title="bbox 1995 825 3573 898">
     <span class='ocr_line' id='line_1_14' title="bbox 1995 825 3573 898; baseline 0.001 -16"><span class='ocrx_word' id='word_1_82' title='bbox 1995 825 2163 882; x_wconf 80' lang='lat' dir='ltr'><strong>Maria</strong></span> <span class='ocrx_word' id='word_1_83' title='bbox 2197 827 2507 898; x_wconf 79' lang='lat' dir='ltr'><strong>Magdalene</strong></span> <span class='ocrx_word' id='word_1_84' title='bbox 2547 836 2781 883; x_wconf 87' lang='lat' dir='ltr'><strong>attentat</strong></span> <span class='ocrx_word' id='word_1_85' title='bbox 2809 827 3026 898; x_wconf 83' lang='lat' dir='ltr'><strong>quidem</strong></span> <span class='ocrx_word' id='word_1_86' title='bbox 3057 838 3280 898; x_wconf 89' lang='lat' dir='ltr'><strong>tangere</strong></span> <span class='ocrx_word' id='word_1_87' title='bbox 3310 827 3475 897; x_wconf 85' lang='lat' dir='ltr'><strong>pedes</strong></span> <span class='ocrx_word' id='word_1_88' title='bbox 3502 828 3573 890; x_wconf 85' lang='lat'><strong>&quot;,</strong></span> 
     </span>
    </p>
   </div>
   <div class='ocr_carea' id='block_1_15' title="bbox 297 910 1876 986">
    <p class='ocr_par' dir='ltr' id='par_1_15' title="bbox 297 910 1876 986">
     <span class='ocr_line' id='line_1_15' title="bbox 297 910 1876 986; baseline 0.003 -25"><span class='ocrx_word' id='word_1_89' title='bbox 297 910 479 964; x_wconf 86' lang='grc' dir='ltr'>ποδῶν</span> <span class='ocrx_word' id='word_1_90' title='bbox 511 911 694 965; x_wconf 83' lang='grc' dir='ltr'>αὑτοῦ.</span> <span class='ocrx_word' id='word_1_91' title='bbox 736 912 890 966; x_wconf 83' lang='grc' dir='ltr'><strong>Κατὰ</strong></span> <span class='ocrx_word' id='word_1_92' title='bbox 929 912 984 965; x_wconf 85' lang='grc' dir='ltr'><strong>δέ</strong></span> <span class='ocrx_word' id='word_1_93' title='bbox 1018 914 1110 966; x_wconf 84' lang='grc' dir='ltr'>τὸν</span> <span class='ocrx_word' id='word_1_94' title='bbox 1146 914 1431 984; x_wconf 79' lang='grc' dir='ltr'><strong>Ἰωάννην,</strong></span> <span class='ocrx_word' id='word_1_95' title='bbox 1469 917 1501 985; x_wconf 75' lang='grc' dir='ltr'><strong>ἡ</strong></span> <span class='ocrx_word' id='word_1_96' title='bbox 1542 914 1876 986; x_wconf 75' lang='grc' dir='ltr'>Μαγδαληνὴ</span> 
     </span>
    </p>
   </div>
   <div class='ocr_carea' id='block_1_16' title="bbox 293 1002 1876 1076">
    <p class='ocr_par' dir='ltr' id='par_1_16' title="bbox 293 1002 1876 1076">
     <span class='ocr_line' id='line_1_16' title="bbox 293 1002 1876 1076; baseline 0.004 -22"><span class='ocrx_word' id='word_1_97' title='bbox 293 1002 485 1071; x_wconf 79' lang='grc' dir='ltr'>Μαρία</span> <span class='ocrx_word' id='word_1_98' title='bbox 529 1005 799 1076; x_wconf 77' lang='grc' dir='ltr'>ἐπιχειρεῖ</span> <span class='ocrx_word' id='word_1_99' title='bbox 837 1005 934 1074; x_wconf 86' lang='grc' dir='ltr'>μὲν</span> <span class='ocrx_word' id='word_1_100' title='bbox 969 1003 1243 1074; x_wconf 69' lang='grc' dir='ltr'>ἅψασθαι,</span> <span class='ocrx_word' id='word_1_101' title='bbox 1279 1006 1338 1059; x_wconf 78' lang='grc' dir='ltr'>οὐ</span> <span class='ocrx_word' id='word_1_102' title='bbox 1383 1010 1744 1076; x_wconf 81' lang='grc' dir='ltr'>συγχωρεῖται</span> <span class='ocrx_word' id='word_1_103' title='bbox 1782 1007 1836 1060; x_wconf 89' lang='grc' dir='ltr'>δὲ</span> <span class='ocrx_word' id='word_1_104' title='bbox 1861 1048 1876 1071; x_wconf 85' lang='grc'><strong>,</strong></span> 
     </span>
    </p>
   </div>
   <div class='ocr_carea' id='block_1_17' title="bbox 289 1095 1870 1168">
    <p class='ocr_par' dir='ltr' id='par_1_17' title="bbox 289 1095 1870 1168">
     <span class='ocr_line' id='line_1_17' title="bbox 289 1095 1870 1168; baseline 0.003 -20"><span class='ocrx_word' id='word_1_105' title='bbox 289 1095 429 1148; x_wconf 74' lang='grc' dir='ltr'>διότι</span> <span class='ocrx_word' id='word_1_106' title='bbox 459 1095 649 1165; x_wconf 68' lang='grc' dir='ltr'>ἢθελεν</span> <span class='ocrx_word' id='word_1_107' title='bbox 674 1095 760 1149; x_wconf 72' lang='grc' dir='ltr'><strong>ἀεὶ</strong></span> <span class='ocrx_word' id='word_1_108' title='bbox 789 1097 1024 1149; x_wconf 79' lang='grc' dir='ltr'>συνεῖναι</span> <span class='ocrx_word' id='word_1_109' title='bbox 1057 1097 1205 1167; x_wconf 74' lang='grc' dir='ltr'>αὐτῷ</span> <span class='ocrx_word' id='word_1_110' title='bbox 1232 1096 1423 1167; x_wconf 82' lang='grc' dir='ltr'>ὥσπερ</span> <span class='ocrx_word' id='word_1_111' title='bbox 1455 1097 1547 1152; x_wconf 75' lang='grc' dir='ltr'>καὶ</span> <span class='ocrx_word' id='word_1_112' title='bbox 1581 1100 1870 1168; x_wconf 85' lang='grc' dir='ltr'>πρότερον.</span> 
     </span>
    </p>
   </div>
   <div class='ocr_carea' id='block_1_18' title="bbox 294 1183 1872 1259">
    <p class='ocr_par' dir='ltr' id='par_1_18' title="bbox 294 1183 1872 1259">
     <span class='ocr_line' id='line_1_18' title="bbox 294 1183 1872 1259; baseline 0.003 -22"><span class='ocrx_word' id='word_1_113' title='bbox 294 1183 366 1237; x_wconf 88' lang='grc' dir='ltr'><strong>Ἦ</strong></span> <span class='ocrx_word' id='word_1_114' title='bbox 413 1185 741 1254; x_wconf 69' lang='grc' dir='ltr'>μᾶλλονδιά</span> <span class='ocrx_word' id='word_1_115' title='bbox 782 1184 939 1239; x_wconf 81' lang='grc' dir='ltr'>τοῦτο</span> <span class='ocrx_word' id='word_1_116' title='bbox 982 1187 1042 1241; x_wconf 82' lang='grc' dir='ltr'>οὐ</span> <span class='ocrx_word' id='word_1_117' title='bbox 1087 1191 1451 1259; x_wconf 85' lang='grc' dir='ltr'>συγχωρεῖται</span> <span class='ocrx_word' id='word_1_118' title='bbox 1498 1187 1738 1257; x_wconf 67' lang='grc' dir='ltr'>ἅψασθαι</span> <span class='ocrx_word' id='word_1_119' title='bbox 1778 1190 1872 1242; x_wconf 82' lang='grc' dir='ltr'>τοῦ</span> 
     </span>
    </p>
   </div>
   <div class='ocr_carea' id='block_1_19' title="bbox 301 1280 1865 1354">
    <p class='ocr_par' dir='ltr' id='par_1_19' title="bbox 301 1280 1865 1354">
     <span class='ocr_line' id='line_1_19' title="bbox 301 1280 1865 1354; baseline 0.003 -21"><span class='ocrx_word' id='word_1_120' title='bbox 301 1280 480 1350; x_wconf 79' lang='grc' dir='ltr'>Ἰησοῦ</span> <span class='ocrx_word' id='word_1_121' title='bbox 515 1282 653 1334; x_wconf 84' lang='grc' dir='ltr'>κατὰ</span> <span class='ocrx_word' id='word_1_122' title='bbox 683 1283 772 1335; x_wconf 79' lang='grc' dir='ltr'>τὸν</span> <span class='ocrx_word' id='word_1_123' title='bbox 810 1282 1082 1353; x_wconf 82' lang='grc' dir='ltr'><strong>Ἰωάννην,</strong></span> <span class='ocrx_word' id='word_1_124' title='bbox 1114 1282 1189 1344; x_wconf 75' lang='grc' dir='ltr'>ὼς</span> <span class='ocrx_word' id='word_1_125' title='bbox 1212 1285 1520 1354; x_wconf 79' lang='grc' dir='ltr'>περίεργος.</span> <span class='ocrx_word' id='word_1_126' title='bbox 1560 1285 1713 1338; x_wconf 70' lang='grc' dir='ltr'>Ἐπεὶ</span> <span class='ocrx_word' id='word_1_127' title='bbox 1737 1285 1865 1354; x_wconf 68' lang='grc' dir='ltr'>γάρ,</span> 
     </span>
    </p>
   </div>
   <div class='ocr_carea' id='block_1_20' title="bbox 289 1372 1871 1445">
    <p class='ocr_par' dir='ltr' id='par_1_20' title="bbox 289 1372 1871 1445">
     <span class='ocr_line' id='line_1_20' title="bbox 289 1372 1871 1445; baseline 0.002 -19"><span class='ocrx_word' id='word_1_128' title='bbox 289 1372 568 1444; x_wconf 83' lang='grc' dir='ltr'>ὦς.φησιν</span> <span class='ocrx_word' id='word_1_129' title='bbox 602 1377 629 1428; x_wconf 93' lang='lat'><strong>6</strong></span> <span class='ocrx_word' id='word_1_130' title='bbox 662 1374 962 1442; x_wconf 69' lang='lat' dir='ltr'><strong>Matﬂaioc,</strong></span> <span class='ocrx_word' id='word_1_131' title='bbox 998 1376 1175 1445; x_wconf 73' lang='grc' dir='ltr'>ἥψατο</span> <span class='ocrx_word' id='word_1_132' title='bbox 1209 1377 1375 1430; x_wconf 82' lang='grc' dir='ltr'>αὑτοῦ</span> <span class='ocrx_word' id='word_1_133' title='bbox 1410 1377 1518 1430; x_wconf 85' lang='grc' dir='ltr'><strong>τῶν</strong></span> <span class='ocrx_word' id='word_1_134' title='bbox 1555 1378 1750 1444; x_wconf 77' lang='grc' dir='ltr'>ποδῶν,</span> <span class='ocrx_word' id='word_1_135' title='bbox 1787 1379 1871 1441; x_wconf 87' lang='grc' dir='ltr'><strong>τίς</strong></span> 
     </span>
    </p>
   </div>
   <div class='ocr_carea' id='block_1_21' title="bbox 285 1459 1864 1538">
    <p class='ocr_par' dir='ltr' id='par_1_21' title="bbox 285 1459 1864 1538">
     <span class='ocr_line' id='line_1_21' title="bbox 285 1459 1864 1538; baseline 0.003 -23"><span class='ocrx_word' id='word_1_136' title='bbox 285 1459 358 1534; x_wconf 80' lang='grc' dir='ltr'>ἦν</span> <span class='ocrx_word' id='word_1_137' title='bbox 389 1465 468 1516; x_wconf 75' lang='grc' dir='ltr'><strong>ἔτι</strong></span> <span class='ocrx_word' id='word_1_138' title='bbox 493 1465 647 1534; x_wconf 84' lang='grc' dir='ltr'>χρεία</span> <span class='ocrx_word' id='word_1_139' title='bbox 671 1465 831 1518; x_wconf 78' lang='grc' dir='ltr'>πάλιν</span> <span class='ocrx_word' id='word_1_140' title='bbox 863 1465 1143 1538; x_wconf 65' lang='grc' dir='ltr'>ἅψασθαις</span> <span class='ocrx_word' id='word_1_141' title='bbox 1180 1466 1344 1519; x_wconf 85' lang='grc' dir='ltr'>Ὥστε</span> <span class='ocrx_word' id='word_1_142' title='bbox 1377 1466 1451 1529; x_wconf 80' lang='grc' dir='ltr'><strong>ὡς</strong></span> <span class='ocrx_word' id='word_1_143' title='bbox 1483 1467 1739 1537; x_wconf 71' lang='grc' dir='ltr'>περιττὴν</span> <span class='ocrx_word' id='word_1_144' title='bbox 1772 1464 1864 1520; x_wconf 83' lang='grc' dir='ltr'><strong>οὒ-</strong></span> 
     </span>
    </p>
   </div>
   <div class='ocr_carea' id='block_1_22' title="bbox 288 1555 1161 1626">
    <p class='ocr_par' dir='ltr' id='par_1_22' title="bbox 288 1555 1161 1626">
     <span class='ocr_line' id='line_1_22' title="bbox 288 1555 1161 1626; baseline 0.005 -18"><span class='ocrx_word' id='word_1_145' title='bbox 288 1571 390 1608; x_wconf 87' lang='grc' dir='ltr'><strong>σαν</strong></span> <span class='ocrx_word' id='word_1_146' title='bbox 422 1555 607 1608; x_wconf 78' lang='grc' dir='ltr'>λοιπὸν</span> <span class='ocrx_word' id='word_1_147' title='bbox 638 1557 810 1626; x_wconf 76' lang='grc' dir='ltr'>αὐτὴν</span> <span class='ocrx_word' id='word_1_148' title='bbox 840 1557 1161 1612; x_wconf 80' lang='grc' dir='ltr'>ἀπωθεῖται.</span> 
     </span>
    </p>
   </div>
   <div class='ocr_carea' id='block_1_23' title="bbox 365 1646 1851 1722">
    <p class='ocr_par' dir='ltr' id='par_1_23' title="bbox 365 1646 1851 1722">
     <span class='ocr_line' id='line_1_23' title="bbox 365 1646 1851 1722; baseline 0.006 -25"><span class='ocrx_word' id='word_1_149' title='bbox 365 1663 384 1696; x_wconf 76' lang='grc' dir='ltr'><strong>ε</strong></span> <span class='ocrx_word' id='word_1_150' title='bbox 413 1646 799 1718; x_wconf 81' lang='grc' dir='ltr'><strong>Πορευομένων</strong></span> <span class='ocrx_word' id='word_1_151' title='bbox 837 1647 894 1701; x_wconf 83' lang='grc' dir='ltr'>δὲ</span> <span class='ocrx_word' id='word_1_152' title='bbox 925 1650 1124 1712; x_wconf 80' lang='grc' dir='ltr'>αὐτῶν,</span> <span class='ocrx_word' id='word_1_153' title='bbox 1160 1648 1267 1703; x_wconf 80' lang='grc' dir='ltr'>ἰδού</span> <span class='ocrx_word' id='word_1_154' title='bbox 1303 1667 1447 1713; x_wconf 82' lang='grc' dir='ltr'>τινες</span> <span class='ocrx_word' id='word_1_155' title='bbox 1481 1651 1576 1722; x_wconf 77' lang='grc' dir='ltr'><strong>τῆς</strong></span> <span class='ocrx_word' id='word_1_156' title='bbox 1606 1670 1851 1706; x_wconf 81' lang='grc' dir='ltr'>κουστω-</span> 
     </span>
    </p>
   </div>
   <div class='ocr_carea' id='block_1_24' title="bbox 285 1734 1861 1814">
    <p class='ocr_par' dir='ltr' id='par_1_24' title="bbox 285 1734 1861 1814">
     <span class='ocr_line' id='line_1_24' title="bbox 285 1734 1861 1814; baseline 0.006 -26"><span class='ocrx_word' id='word_1_157' title='bbox 285 1734 406 1800; x_wconf 86' lang='grc' dir='ltr'>δίας</span> <span class='ocrx_word' id='word_1_158' title='bbox 437 1737 683 1801; x_wconf 84' lang='grc' dir='ltr'>ἐλθόντες</span> <span class='ocrx_word' id='word_1_159' title='bbox 716 1739 794 1800; x_wconf 83' lang='grc' dir='ltr'><strong>είς</strong></span> <span class='ocrx_word' id='word_1_160' title='bbox 824 1739 923 1808; x_wconf 79' lang='grc' dir='ltr'><strong>τὴν</strong></span> <span class='ocrx_word' id='word_1_161' title='bbox 957 1740 1113 1792; x_wconf 86' lang='grc' dir='ltr'>πόλιν</span> <span class='ocrx_word' id='word_1_162' title='bbox 1149 1741 1492 1811; x_wconf 80' lang='grc' dir='ltr'>ἀπήγγειλαν</span> <span class='ocrx_word' id='word_1_163' title='bbox 1530 1746 1643 1805; x_wconf 84' lang='grc' dir='ltr'>τοῖς</span> <span class='ocrx_word' id='word_1_164' title='bbox 1672 1745 1861 1814; x_wconf 82' lang='grc' dir='ltr'>ἀρχιε-</span> 
     </span>
    </p>
   </div>
   <div class='ocr_carea' id='block_1_25' title="bbox 1990 919 3576 990">
    <p class='ocr_par' dir='ltr' id='par_1_25' title="bbox 1990 919 3576 990">
     <span class='ocr_line' id='line_1_25' title="bbox 1990 919 3576 990; baseline -0.001 -17"><span class='ocrx_word' id='word_1_165' title='bbox 1990 934 2099 973; x_wconf 90' lang='lat' dir='ltr'><strong>non</strong></span> <span class='ocrx_word' id='word_1_166' title='bbox 2135 920 2452 974; x_wconf 83' lang='lat' dir='ltr'><strong>conceditur</strong></span> <span class='ocrx_word' id='word_1_167' title='bbox 2489 931 2666 974; x_wconf 91' lang='lat' dir='ltr'><strong>autem</strong></span> <span class='ocrx_word' id='word_1_168' title='bbox 2705 920 2776 986; x_wconf 91' lang='lat' dir='ltr'><strong>ei,</strong></span> <span class='ocrx_word' id='word_1_169' title='bbox 2812 934 2880 975; x_wconf 92' lang='lat' dir='ltr'><strong>eo</strong></span> <span class='ocrx_word' id='word_1_170' title='bbox 2909 920 3052 990; x_wconf 86' lang='lat' dir='ltr'><strong>quod</strong></span> <span class='ocrx_word' id='word_1_171' title='bbox 3097 919 3310 974; x_wconf 79' lang='lat' dir='ltr'><strong>volebat.</strong></span> <span class='ocrx_word' id='word_1_172' title='bbox 3357 933 3576 989; x_wconf 71' lang='lat' dir='ltr'><strong>semper</strong></span> 
     </span>
    </p>
   </div>
   <div class='ocr_carea' id='block_1_26' title="bbox 1992 1007 3573 1080">
    <p class='ocr_par' dir='ltr' id='par_1_26' title="bbox 1992 1007 3573 1080">
     <span class='ocr_line' id='line_1_26' title="bbox 1992 1007 3573 1080; baseline -0.002 -15"><span class='ocrx_word' id='word_1_173' title='bbox 1992 1007 2219 1065; x_wconf 74' lang='lat' dir='ltr'><strong>manere</strong></span> <span class='ocrx_word' id='word_1_174' title='bbox 2239 1026 2362 1066; x_wconf 89' lang='lat' dir='ltr'><strong>cum</strong></span> <span class='ocrx_word' id='word_1_175' title='bbox 2381 1025 2446 1066; x_wconf 89' lang='lat' dir='ltr'><strong>eo</strong></span> <span class='ocrx_word' id='word_1_176' title='bbox 2468 1011 2612 1066; x_wconf 85' lang='lat' dir='ltr'><strong>sicut</strong></span> <span class='ocrx_word' id='word_1_177' title='bbox 2641 1009 2828 1080; x_wconf 85' lang='lat' dir='ltr'><strong>prius:</strong></span> <span class='ocrx_word' id='word_1_178' title='bbox 2853 1009 2936 1065; x_wconf 80' lang='lat' dir='ltr'><strong>vel</strong></span> <span class='ocrx_word' id='word_1_179' title='bbox 2965 1010 3148 1080; x_wconf 88' lang='lat' dir='ltr'><strong>potius</strong></span> <span class='ocrx_word' id='word_1_180' title='bbox 3170 1010 3289 1065; x_wconf 91' lang='lat' dir='ltr'><strong>ideo</strong></span> <span class='ocrx_word' id='word_1_181' title='bbox 3313 1024 3419 1064; x_wconf 90' lang='lat' dir='ltr'><strong>non</strong></span> <span class='ocrx_word' id='word_1_182' title='bbox 3449 1023 3573 1063; x_wconf 61' lang='lat' dir='ltr'><strong>conv</strong></span> 
     </span>
    </p>
   </div>
   <div class='ocr_carea' id='block_1_27' title="bbox 1988 1099 3571 1172">
    <p class='ocr_par' dir='ltr' id='par_1_27' title="bbox 1988 1099 3571 1172">
     <span class='ocr_line' id='line_1_27' title="bbox 1988 1099 3571 1172; baseline -0.001 -14"><span class='ocrx_word' id='word_1_183' title='bbox 1988 1104 2200 1158; x_wconf 86' lang='lat' dir='ltr'><strong>ceditur</strong></span> <span class='ocrx_word' id='word_1_184' title='bbox 2248 1102 2296 1156; x_wconf 92' lang='lat' dir='ltr'><strong>ei</strong></span> <span class='ocrx_word' id='word_1_185' title='bbox 2352 1113 2578 1169; x_wconf 92' lang='lat' dir='ltr'><strong>tangere</strong></span> <span class='ocrx_word' id='word_1_186' title='bbox 2638 1101 2818 1158; x_wconf 68' lang='lat' dir='ltr'><strong>Iesum</strong></span> <span class='ocrx_word' id='word_1_187' title='bbox 2864 1102 3018 1172; x_wconf 79' lang='lat' dir='ltr'><strong>juxta</strong></span> <span class='ocrx_word' id='word_1_188' title='bbox 3077 1099 3367 1164; x_wconf 82' lang='lat' dir='ltr'><strong>Joannem,</strong></span> <span class='ocrx_word' id='word_1_189' title='bbox 3429 1102 3571 1171; x_wconf 83' lang='lat' dir='ltr'><strong>quod</strong></span> 
     </span>
    </p>
   </div>
   <div class='ocr_carea' id='block_1_28' title="bbox 1986 1193 3566 1261">
    <p class='ocr_par' dir='ltr' id='par_1_28' title="bbox 1986 1193 3566 1261">
     <span class='ocr_line' id='line_1_28' title="bbox 1986 1193 3566 1261; baseline 0.001 -14"><span class='ocrx_word' id='word_1_190' title='bbox 1986 1193 2259 1248; x_wconf 89' lang='lat' dir='ltr'><strong>curiosula</strong></span> <span class='ocrx_word' id='word_1_191' title='bbox 2293 1203 2430 1248; x_wconf 88' lang='lat' dir='ltr'><strong>erat.</strong></span> <span class='ocrx_word' id='word_1_192' title='bbox 2481 1193 2620 1261; x_wconf 86' lang='lat' dir='ltr'><strong>Quia</strong></span> <span class='ocrx_word' id='word_1_193' title='bbox 2672 1196 2842 1259; x_wconf 87' lang='lat' dir='ltr'><strong>enim,</strong></span> <span class='ocrx_word' id='word_1_194' title='bbox 2898 1197 3042 1249; x_wconf 88' lang='lat' dir='ltr'><strong>sicut</strong></span> <span class='ocrx_word' id='word_1_195' title='bbox 3088 1195 3228 1249; x_wconf 78' lang='lat' dir='ltr'><strong>dixit</strong></span> <span class='ocrx_word' id='word_1_196' title='bbox 3260 1193 3566 1259; x_wconf 61' lang='lat' dir='ltr'><strong>Mattheus,</strong></span> 
     </span>
    </p>
   </div>
   <div class='ocr_carea' id='block_1_29' title="bbox 1986 1286 3568 1356">
    <p class='ocr_par' dir='ltr' id='par_1_29' title="bbox 1986 1286 3568 1356">
     <span class='ocr_line' id='line_1_29' title="bbox 1986 1286 3568 1356; baseline 0.001 -18"><span class='ocrx_word' id='word_1_197' title='bbox 1986 1286 2232 1356; x_wconf 80' lang='lat' dir='ltr'><strong>tetigerat</strong></span> <span class='ocrx_word' id='word_1_198' title='bbox 2262 1288 2423 1355; x_wconf 80' lang='lat' dir='ltr'><strong>pedes</strong></span> <span class='ocrx_word' id='word_1_199' title='bbox 2454 1286 2592 1354; x_wconf 84' lang='lat' dir='ltr'><strong>ejus,</strong></span> <span class='ocrx_word' id='word_1_200' title='bbox 2639 1287 2768 1355; x_wconf 87' lang='lat' dir='ltr'><strong>quid</strong></span> <span class='ocrx_word' id='word_1_201' title='bbox 2814 1288 2992 1341; x_wconf 90' lang='lat' dir='ltr'><strong>adhuc</strong></span> <span class='ocrx_word' id='word_1_202' title='bbox 3035 1301 3172 1355; x_wconf 78' lang='lat' dir='ltr'><strong>opus</strong></span> <span class='ocrx_word' id='word_1_203' title='bbox 3215 1296 3336 1342; x_wconf 88' lang='lat' dir='ltr'><strong>erat</strong></span> <span class='ocrx_word' id='word_1_204' title='bbox 3371 1286 3568 1341; x_wconf 83' lang='lat' dir='ltr'><strong>iterum</strong></span> 
     </span>
    </p>
   </div>
   <div class='ocr_carea' id='block_1_30' title="bbox 1985 1377 3132 1462">
    <p class='ocr_par' dir='ltr' id='par_1_30' title="bbox 1985 1377 3132 1462">
     <span class='ocr_line' id='line_1_30' title="bbox 1985 1377 3132 1462; baseline 0.003 -32"><span class='ocrx_word' id='word_1_205' title='bbox 1985 1386 2204 1447; x_wconf 83' lang='lat' dir='ltr'><strong>tangere</strong></span> <span class='ocrx_word' id='word_1_206' title='bbox 2233 1377 2336 1432; x_wconf 67' lang='lat' dir='ltr'><strong>iet</strong></span> <span class='ocrx_word' id='word_1_207' title='bbox 2369 1378 2440 1432; x_wconf 87' lang='lat' dir='ltr'><strong>ita</strong></span> <span class='ocrx_word' id='word_1_208' title='bbox 2476 1378 2752 1462; x_wconf 87' lang='lat' dir='ltr'><strong>repellitur</strong></span> <span class='ocrx_word' id='word_1_209' title='bbox 2785 1378 2862 1434; x_wconf 90' lang='lat' dir='ltr'><strong>uti</strong></span> <span class='ocrx_word' id='word_1_210' title='bbox 2895 1383 3132 1436; x_wconf 75' lang='lat' dir='ltr'><strong>curiOSa.</strong></span> 
     </span>
    </p>
   </div>
   <div class='ocr_carea' id='block_1_31' title="bbox 2641 1469 2646 1502">
    <p class='ocr_par' dir='ltr' id='par_1_31' title="bbox 2641 1469 2646 1502">
     <span class='ocr_line' id='line_1_31' title="bbox 2641 1469 2646 1502; baseline 0 0"><span class='ocrx_word' id='word_1_211' title='bbox 2641 1469 2646 1502; x_wconf 89' lang='lat' dir='ltr'><strong>l</strong></span> 
     </span>
    </p>
   </div>
   <div class='ocr_carea' id='block_1_32' title="bbox 2047 1641 3562 1716">
    <p class='ocr_par' dir='ltr' id='par_1_32' title="bbox 2047 1641 3562 1716">
     <span class='ocr_line' id='line_1_32' title="bbox 2047 1641 3562 1716; baseline 0.004 -20"><span class='ocrx_word' id='word_1_212' title='bbox 2047 1641 2213 1698; x_wconf 72' lang='lat' dir='ltr'><strong>Vens.</strong></span> <span class='ocrx_word' id='word_1_213' title='bbox 2248 1643 2442 1698; x_wconf 80' lang='lat' dir='ltr'><strong>ll-l5.</strong></span> <span class='ocrx_word' id='word_1_214' title='bbox 2479 1661 2498 1695; x_wconf 78' lang='grc' dir='ltr'><strong>ι</strong></span> <span class='ocrx_word' id='word_1_215' title='bbox 2543 1642 2676 1708; x_wconf 70' lang='lat' dir='ltr'><strong>Quae</strong></span> <span class='ocrx_word' id='word_1_216' title='bbox 2706 1659 2826 1698; x_wconf 90' lang='lat' dir='ltr'><strong>cum</strong></span> <span class='ocrx_word' id='word_1_217' title='bbox 2859 1645 3143 1709; x_wconf 85' lang='lat' dir='ltr'><strong>abiissent,</strong></span> <span class='ocrx_word' id='word_1_218' title='bbox 3169 1657 3311 1701; x_wconf 78' lang='lat' dir='ltr'><strong>&#39;ecce</strong></span> <span class='ocrx_word' id='word_1_219' title='bbox 3337 1645 3562 1716; x_wconf 86' lang='lat' dir='ltr'><strong>quidam</strong></span> 
     </span>
    </p>
   </div>
   <div class='ocr_carea' id='block_1_33' title="bbox 1971 1731 3565 1799">
    <p class='ocr_par' dir='ltr' id='par_1_33' title="bbox 1971 1731 3565 1799">
     <span class='ocr_line' id='line_1_33' title="bbox 1971 1731 3565 1799; baseline 0.001 -12"><span class='ocrx_word' id='word_1_220' title='bbox 1971 1746 2004 1787; x_wconf 89' lang='lat' dir='ltr'><strong>e</strong></span> <span class='ocrx_word' id='word_1_221' title='bbox 2034 1733 2350 1787; x_wconf 86' lang='lat' dir='ltr'><strong>custodibus</strong></span> <span class='ocrx_word' id='word_1_222' title='bbox 2381 1742 2650 1786; x_wconf 84' lang='lat' dir='ltr'><strong>venerunt</strong></span> <span class='ocrx_word' id='word_1_223' title='bbox 2684 1731 2738 1786; x_wconf 91' lang='lat' dir='ltr'><strong>in</strong></span> <span class='ocrx_word' id='word_1_224' title='bbox 2770 1732 3076 1799; x_wconf 77' lang='lat' dir='ltr'><strong>civitatem,</strong></span> <span class='ocrx_word' id='word_1_225' title='bbox 3115 1748 3178 1788; x_wconf 88' lang='lat' dir='ltr'><strong>ac</strong></span> <span class='ocrx_word' id='word_1_226' title='bbox 3215 1736 3565 1789; x_wconf 79' lang='lat' dir='ltr'><strong>renuntiave-</strong></span> 
     </span>
    </p>
   </div>
   <div class='ocr_carea' id='block_1_34' title="bbox 285 1818 1857 1906">
    <p class='ocr_par' dir='ltr' id='par_1_34' title="bbox 285 1820 1857 1906">
     <span class='ocr_line' id='line_1_34' title="bbox 285 1820 1857 1906; baseline 0.004 -25"><span class='ocrx_word' id='word_1_227' title='bbox 285 1820 475 1906; x_wconf 64' lang='grc' dir='ltr'>ρεῦσιν</span> <span class='ocrx_word' id='word_1_228' title='bbox 511 1827 728 1882; x_wconf 69' lang='grc' dir='ltr'>ἅπαντα</span> <span class='ocrx_word' id='word_1_229' title='bbox 774 1830 843 1883; x_wconf 78' lang='grc' dir='ltr'>τὰ</span> <span class='ocrx_word' id='word_1_230' title='bbox 876 1830 1167 1900; x_wconf 85' lang='grc' dir='ltr'>γενόμενα·</span> <span class='ocrx_word' id='word_1_231' title='bbox 1202 1831 1296 1884; x_wconf 81' lang='grc' dir='ltr'>καὶ</span> <span class='ocrx_word' id='word_1_232' title='bbox 1333 1833 1691 1902; x_wconf 81' lang='grc' dir='ltr'><strong>συναχθέντες</strong></span> <span class='ocrx_word' id='word_1_233' title='bbox 1721 1835 1857 1904; x_wconf 75' lang='grc' dir='ltr'>μετὰ</span> 
     </span>
    </p>
   </div>
   <div class='ocr_carea' id='block_1_35' title="bbox 1964 1818 3559 1906">
    <p class='ocr_par' dir='ltr' id='par_1_35' title="bbox 1971 1824 3559 1896">
     <span class='ocr_line' id='line_1_35' title="bbox 1971 1824 3559 1896; baseline 0.001 -19"><span class='ocrx_word' id='word_1_234' title='bbox 1971 1831 2097 1877; x_wconf 79' lang='lat' dir='ltr'><strong>runt</strong></span> <span class='ocrx_word' id='word_1_235' title='bbox 2129 1824 2463 1893; x_wconf 87' lang='lat' dir='ltr'><strong>principibus</strong></span> <span class='ocrx_word' id='word_1_236' title='bbox 2496 1824 2842 1879; x_wconf 82' lang='lat' dir='ltr'><strong>sacerdotum</strong></span> <span class='ocrx_word' id='word_1_237' title='bbox 2867 1826 3051 1880; x_wconf 82' lang='lat' dir='ltr'><strong>omnia</strong></span> <span class='ocrx_word' id='word_1_238' title='bbox 3075 1840 3196 1896; x_wconf 68' lang='lat' dir='ltr'><strong>quae</strong></span> <span class='ocrx_word' id='word_1_239' title='bbox 3227 1825 3559 1882; x_wconf 87' lang='lat' dir='ltr'><strong>acciderant.</strong></span> 
     </span>
    </p>
   </div>
   <div class='ocr_carea' id='block_1_36' title="bbox 281 1921 1860 1997">
    <p class='ocr_par' dir='ltr' id='par_1_36' title="bbox 281 1921 1860 1997">
     <span class='ocr_line' id='line_1_36' title="bbox 281 1921 1860 1997; baseline 0.003 -23"><span class='ocrx_word' id='word_1_240' title='bbox 281 1921 395 1975; x_wconf 85' lang='grc' dir='ltr'><strong>τῶν</strong></span> <span class='ocrx_word' id='word_1_241' title='bbox 422 1922 831 1993; x_wconf 87' lang='grc' dir='ltr'>πρεσϐυτέρων,</span> <span class='ocrx_word' id='word_1_242' title='bbox 869 1922 1191 1992; x_wconf 84' lang='grc' dir='ltr'>συμϐούλιόν</span> <span class='ocrx_word' id='word_1_243' title='bbox 1218 1941 1278 1975; x_wconf 88' lang='grc' dir='ltr'><strong>τε</strong></span> <span class='ocrx_word' id='word_1_244' title='bbox 1309 1922 1588 1991; x_wconf 88' lang='grc' dir='ltr'>λαϐόντες,</span> <span class='ocrx_word' id='word_1_245' title='bbox 1618 1926 1860 1997; x_wconf 76' lang='grc' dir='ltr'>ἀργύρια</span> 
     </span>
    </p>
   </div>
   <div class='ocr_carea' id='block_1_37' title="bbox 283 2014 1861 2086">
    <p class='ocr_par' dir='ltr' id='par_1_37' title="bbox 283 2014 1861 2086">
     <span class='ocr_line' id='line_1_37' title="bbox 283 2014 1861 2086; baseline 0.003 -19"><span class='ocrx_word' id='word_1_246' title='bbox 283 2014 452 2071; x_wconf 77' lang='grc' dir='ltr'>ἱκανὰ</span> <span class='ocrx_word' id='word_1_247' title='bbox 480 2016 688 2071; x_wconf 78' lang='grc' dir='ltr'>ἔδωκαν</span> <span class='ocrx_word' id='word_1_248' title='bbox 732 2018 846 2079; x_wconf 78' lang='grc' dir='ltr'>τοῖς</span> <span class='ocrx_word' id='word_1_249' title='bbox 920 2015 1306 2086; x_wconf 74' lang='grc' dir='ltr'><strong>στρατιώταις,</strong></span> <span class='ocrx_word' id='word_1_250' title='bbox 1341 2017 1588 2085; x_wconf 84' lang='grc' dir='ltr'>λέγοντες</span> <span class='ocrx_word' id='word_1_251' title='bbox 1611 2033 1625 2049; x_wconf 90' lang='grc'><strong>·</strong></span> <span class='ocrx_word' id='word_1_252' title='bbox 1658 2019 1861 2072; x_wconf 76' lang='grc' dir='ltr'>Εἴπατε</span> 
     </span>
    </p>
   </div>
   <div class='ocr_carea' id='block_1_38' title="bbox 282 2106 1860 2179">
    <p class='ocr_par' dir='ltr' id='par_1_38' title="bbox 282 2106 1860 2179">
     <span class='ocr_line' id='line_1_38' title="bbox 282 2106 1860 2179; baseline 0.003 -20"><span class='ocrx_word' id='word_1_253' title='bbox 282 2107 393 2171; x_wconf 81' lang='grc' dir='ltr'>ὅτι,</span> <span class='ocrx_word' id='word_1_254' title='bbox 417 2108 478 2160; x_wconf 79' lang='grc' dir='ltr'><strong>Οἱ</strong></span> <span class='ocrx_word' id='word_1_255' title='bbox 499 2109 734 2178; x_wconf 79' lang='grc' dir='ltr'>μαθηταὶ</span> <span class='ocrx_word' id='word_1_256' title='bbox 759 2106 924 2160; x_wconf 81' lang='grc' dir='ltr'>αὑτοῦ</span> <span class='ocrx_word' id='word_1_257' title='bbox 952 2109 1140 2169; x_wconf 81' lang='grc' dir='ltr'>νυκτὸς</span> <span class='ocrx_word' id='word_1_258' title='bbox 1162 2109 1429 2174; x_wconf 86' lang='grc' dir='ltr'>ἐλθόντες,</span> <span class='ocrx_word' id='word_1_259' title='bbox 1446 2109 1680 2179; x_wconf 75' lang='grc' dir='ltr'><strong>ἔκλεψαν</strong></span> <span class='ocrx_word' id='word_1_260' title='bbox 1699 2110 1860 2164; x_wconf 76' lang='grc' dir='ltr'>αὑτὸν</span> 
     </span>
    </p>
   </div>
   <div class='ocr_carea' id='block_1_39' title="bbox 280 2199 1858 2273">
    <p class='ocr_par' dir='ltr' id='par_1_39' title="bbox 280 2199 1858 2273">
     <span class='ocr_line' id='line_1_39' title="bbox 280 2199 1858 2273; baseline 0.003 -22"><span class='ocrx_word' id='word_1_261' title='bbox 280 2199 443 2269; x_wconf 78' lang='grc' dir='ltr'>ἡμῶν</span> <span class='ocrx_word' id='word_1_262' title='bbox 497 2202 879 2272; x_wconf 78' lang='grc' dir='ltr'>κοιμωμένων·</span> <span class='ocrx_word' id='word_1_263' title='bbox 914 2201 1008 2253; x_wconf 71' lang='grc' dir='ltr'>καὶ</span> <span class='ocrx_word' id='word_1_264' title='bbox 1055 2199 1148 2253; x_wconf 83' lang='grc' dir='ltr'>ἐὰν</span> <span class='ocrx_word' id='word_1_265' title='bbox 1179 2202 1421 2273; x_wconf 75' lang='grc' dir='ltr'><strong>ἀκουσθῇ</strong></span> <span class='ocrx_word' id='word_1_266' title='bbox 1455 2203 1615 2256; x_wconf 80' lang='grc' dir='ltr'>τοῦτο</span> <span class='ocrx_word' id='word_1_267' title='bbox 1648 2204 1743 2256; x_wconf 75' lang='grc' dir='ltr'>ἐπὶ</span> <span class='ocrx_word' id='word_1_268' title='bbox 1765 2203 1858 2256; x_wconf 81' lang='grc' dir='ltr'><strong>τοῦ</strong></span> 
     </span>
    </p>
   </div>
   <div class='ocr_carea' id='block_1_40' title="bbox 276 2289 1865 2363">
    <p class='ocr_par' dir='ltr' id='par_1_40' title="bbox 276 2289 1865 2363">
     <span class='ocr_line' id='line_1_40' title="bbox 276 2289 1865 2363; baseline 0.004 -22"><span class='ocrx_word' id='word_1_269' title='bbox 276 2289 573 2360; x_wconf 70' lang='grc' dir='ltr'>ἡγεμόνός,</span> <span class='ocrx_word' id='word_1_270' title='bbox 608 2292 782 2362; x_wconf 78' lang='grc' dir='ltr'>ἡμεῖς</span> <span class='ocrx_word' id='word_1_271' title='bbox 817 2292 1080 2360; x_wconf 79' lang='grc' dir='ltr'>πείσομεν</span> <span class='ocrx_word' id='word_1_272' title='bbox 1125 2293 1307 2354; x_wconf 81' lang='grc' dir='ltr'>αὑτὸν,</span> <span class='ocrx_word' id='word_1_273' title='bbox 1346 2294 1440 2345; x_wconf 71' lang='grc' dir='ltr'>καὶ</span> <span class='ocrx_word' id='word_1_274' title='bbox 1485 2293 1627 2363; x_wconf 77' lang='grc' dir='ltr'>ὑμᾶς</span> <span class='ocrx_word' id='word_1_275' title='bbox 1671 2295 1865 2362; x_wconf 81' lang='grc' dir='ltr'>ἁμερί-</span> 
     </span>
    </p>
   </div>
   <div class='ocr_carea' id='block_1_41' title="bbox 290 2384 1863 2456">
    <p class='ocr_par' dir='ltr' id='par_1_41' title="bbox 290 2384 1863 2456">
     <span class='ocr_line' id='line_1_41' title="bbox 290 2384 1863 2456; baseline 0.001 -20"><span class='ocrx_word' id='word_1_276' title='bbox 290 2401 465 2454; x_wconf 79' lang='grc' dir='ltr'>μνους</span> <span class='ocrx_word' id='word_1_277' title='bbox 483 2387 806 2454; x_wconf 81' lang='grc' dir='ltr'>ποιήσομεν.</span> <span class='ocrx_word' id='word_1_278' title='bbox 836 2385 898 2437; x_wconf 89' lang='lat' dir='ltr'><strong>Oi.</strong></span> <span class='ocrx_word' id='word_1_279' title='bbox 917 2384 994 2448; x_wconf 81' lang='grc' dir='ltr'>δὲ,</span> <span class='ocrx_word' id='word_1_280' title='bbox 1032 2385 1283 2447; x_wconf 87' lang='grc' dir='ltr'>λαϐόντες</span> <span class='ocrx_word' id='word_1_281' title='bbox 1301 2384 1367 2438; x_wconf 83' lang='grc' dir='ltr'><strong>τά</strong></span> <span class='ocrx_word' id='word_1_282' title='bbox 1391 2385 1649 2456; x_wconf 79' lang='grc' dir='ltr'>άργυρία,</span> <span class='ocrx_word' id='word_1_283' title='bbox 1674 2387 1863 2456; x_wconf 82' lang='grc' dir='ltr'>ἐποίη-</span> 
     </span>
    </p>
   </div>
   <div class='ocr_carea' id='block_1_42' title="bbox 275 2470 1858 2546">
    <p class='ocr_par' dir='ltr' id='par_1_42' title="bbox 275 2470 1858 2546">
     <span class='ocr_line' id='line_1_42' title="bbox 275 2470 1858 2546; baseline 0.001 -18"><span class='ocrx_word' id='word_1_284' title='bbox 275 2490 380 2528; x_wconf 90' lang='grc' dir='ltr'><strong>σαν</strong></span> <span class='ocrx_word' id='word_1_285' title='bbox 410 2477 485 2538; x_wconf 87' lang='grc' dir='ltr'>ὼς</span> <span class='ocrx_word' id='word_1_286' title='bbox 511 2474 889 2545; x_wconf 87' lang='grc' dir='ltr'>ἐδιδάχθησαν·</span> <span class='ocrx_word' id='word_1_287' title='bbox 909 2538 914 2542; x_wconf 21' lang='grc' dir='ltr'>ι</span> <span class='ocrx_word' id='word_1_288' title='bbox 934 2474 1032 2527; x_wconf 80' lang='grc' dir='ltr'>καὶ</span> <span class='ocrx_word' id='word_1_289' title='bbox 1077 2473 1415 2545; x_wconf 78' lang='grc' dir='ltr'>διεφημίσθη</span> <span class='ocrx_word' id='word_1_290' title='bbox 1452 2475 1481 2526; x_wconf 98' lang='lat'><strong>6</strong></span> <span class='ocrx_word' id='word_1_291' title='bbox 1509 2475 1668 2546; x_wconf 72' lang='grc' dir='ltr'>λόγος</span> <span class='ocrx_word' id='word_1_292' title='bbox 1702 2470 1858 2541; x_wconf 75' lang='grc' dir='ltr'>οὗτος</span> 
     </span>
    </p>
   </div>
   <div class='ocr_carea' id='block_1_43' title="bbox 274 2564 1855 2636">
    <p class='ocr_par' dir='ltr' id='par_1_43' title="bbox 274 2564 1855 2636">
     <span class='ocr_line' id='line_1_43' title="bbox 274 2564 1855 2636; baseline 0.002 -19"><span class='ocrx_word' id='word_1_293' title='bbox 274 2564 431 2634; x_wconf 67' lang='grc' dir='ltr'>παρὰ</span> <span class='ocrx_word' id='word_1_294' title='bbox 472 2564 748 2629; x_wconf 79' lang='grc' dir='ltr'>Ἰουδαίοις</span> <span class='ocrx_word' id='word_1_295' title='bbox 784 2564 945 2634; x_wconf 80' lang='grc' dir='ltr'>μέχρι</span> <span class='ocrx_word' id='word_1_296' title='bbox 985 2564 1086 2634; x_wconf 83' lang='grc' dir='ltr'>τῆς</span> <span class='ocrx_word' id='word_1_297' title='bbox 1141 2566 1405 2635; x_wconf 81' lang='grc' dir='ltr'>σήμερον.</span> <span class='ocrx_word' id='word_1_298' title='bbox 1443 2584 1461 2617; x_wconf 67' lang='grc' dir='ltr'><strong>ι</strong></span> <span class='ocrx_word' id='word_1_299' title='bbox 1503 2568 1565 2619; x_wconf 82' lang='lat' dir='ltr'><strong>0i</strong></span> <span class='ocrx_word' id='word_1_300' title='bbox 1600 2566 1700 2636; x_wconf 84' lang='grc' dir='ltr'><strong>μέν</strong></span> <span class='ocrx_word' id='word_1_301' title='bbox 1744 2569 1855 2620; x_wconf 71' lang='grc' dir='ltr'><strong>άπδ</strong></span> 
     </span>
    </p>
   </div>
   <div class='ocr_carea' id='block_1_44' title="bbox 270 2655 1859 2734">
    <p class='ocr_par' dir='ltr' id='par_1_44' title="bbox 270 2655 1859 2734">
     <span class='ocr_line' id='line_1_44' title="bbox 270 2655 1859 2734; baseline 0.003 -26"><span class='ocrx_word' id='word_1_302' title='bbox 270 2655 378 2734; x_wconf 74' lang='grc' dir='ltr'>τῆς</span> <span class='ocrx_word' id='word_1_303' title='bbox 420 2656 747 2720; x_wconf 77' lang='grc' dir='ltr'>κουστωδίας</span> <span class='ocrx_word' id='word_1_304' title='bbox 805 2657 1157 2726; x_wconf 78' lang='grc' dir='ltr'>ἀπήγγειλαν</span> <span class='ocrx_word' id='word_1_305' title='bbox 1209 2657 1388 2711; x_wconf 86' lang='grc' dir='ltr'>πάντα</span> <span class='ocrx_word' id='word_1_306' title='bbox 1425 2674 1438 2687; x_wconf 86' lang='grc'><strong>·</strong></span> <span class='ocrx_word' id='word_1_307' title='bbox 1496 2659 1578 2712; x_wconf 83' lang='grc' dir='ltr'>ὅτι</span> <span class='ocrx_word' id='word_1_308' title='bbox 1637 2660 1859 2729; x_wconf 76' lang='grc' dir='ltr'>σεισμὸς</span> 
     </span>
    </p>
   </div>
   <div class='ocr_carea' id='block_1_45' title="bbox 271 2743 1858 2817">
    <p class='ocr_par' dir='ltr' id='par_1_45' title="bbox 271 2743 1858 2817">
     <span class='ocr_line' id='line_1_45' title="bbox 271 2743 1858 2817; baseline 0.001 -20"><span class='ocrx_word' id='word_1_309' title='bbox 271 2745 513 2809; x_wconf 72' lang='grc' dir='ltr'>ἐγένετο,</span> <span class='ocrx_word' id='word_1_310' title='bbox 559 2745 643 2801; x_wconf 82' lang='grc' dir='ltr'><strong>δτι</strong></span> <span class='ocrx_word' id='word_1_311' title='bbox 694 2748 724 2800; x_wconf 87' lang='lat'><strong>6</strong></span> <span class='ocrx_word' id='word_1_312' title='bbox 777 2743 922 2809; x_wconf 81' lang='grc' dir='ltr'>λίθος</span> <span class='ocrx_word' id='word_1_313' title='bbox 983 2746 1126 2816; x_wconf 68' lang='grc' dir='ltr'>ἢρθη</span> <span class='ocrx_word' id='word_1_314' title='bbox 1190 2745 1548 2817; x_wconf 74' lang='grc' dir='ltr'><strong>αὐτομάτως,</strong></span> <span class='ocrx_word' id='word_1_315' title='bbox 1586 2747 1669 2800; x_wconf 85' lang='grc' dir='ltr'>ὅτι</span> <span class='ocrx_word' id='word_1_316' title='bbox 1703 2748 1858 2800; x_wconf 82' lang='grc' dir='ltr'>αὐτοὶ</span> 
     </span>
    </p>
   </div>
   <div class='ocr_carea' id='block_1_46' title="bbox 271 2826 1857 2908">
    <p class='ocr_par' dir='ltr' id='par_1_46' title="bbox 271 2826 1857 2908">
     <span class='ocr_line' id='line_1_46' title="bbox 271 2826 1857 2908; baseline 0.001 -18"><span class='ocrx_word' id='word_1_317' title='bbox 271 2826 611 2908; x_wconf 60' lang='grc' dir='ltr'>φοϐηθέντες</span> <span class='ocrx_word' id='word_1_318' title='bbox 663 2838 911 2906; x_wconf 81' lang='grc' dir='ltr'>ἐγένοντο</span> <span class='ocrx_word' id='word_1_319' title='bbox 955 2837 1090 2891; x_wconf 75' lang='grc' dir='ltr'>ὡσεὶ</span> <span class='ocrx_word' id='word_1_320' title='bbox 1127 2837 1335 2907; x_wconf 84' lang='grc' dir='ltr'>νεκροί.</span> <span class='ocrx_word' id='word_1_321' title='bbox 1395 2839 1458 2889; x_wconf 80' lang='lat' dir='ltr'><strong>Ol</strong></span> <span class='ocrx_word' id='word_1_322' title='bbox 1509 2836 1565 2889; x_wconf 73' lang='grc' dir='ltr'><strong>δέ</strong></span> <span class='ocrx_word' id='word_1_323' title='bbox 1609 2837 1857 2891; x_wconf 86' lang='grc' dir='ltr'>Ἰουδαῖοι</span> 
     </span>
    </p>
   </div>
   <div class='ocr_carea' id='block_1_47' title="bbox 269 2925 1855 2998">
    <p class='ocr_par' dir='ltr' id='par_1_47' title="bbox 269 2925 1855 2998">
     <span class='ocr_line' id='line_1_47' title="bbox 269 2925 1855 2998; baseline -0.001 -16"><span class='ocrx_word' id='word_1_324' title='bbox 269 2926 398 2982; x_wconf 68' lang='grc' dir='ltr'>οὔτε</span> <span class='ocrx_word' id='word_1_325' title='bbox 453 2929 524 2981; x_wconf 78' lang='grc' dir='ltr'>τὰ</span> <span class='ocrx_word' id='word_1_326' title='bbox 561 2929 654 2981; x_wconf 73' lang='grc' dir='ltr'>ἐπὶ</span> <span class='ocrx_word' id='word_1_327' title='bbox 695 2927 772 2998; x_wconf 84' lang='grc' dir='ltr'><strong>τῷ</strong></span> <span class='ocrx_word' id='word_1_328' title='bbox 817 2929 977 2983; x_wconf 80' lang='grc' dir='ltr'>πάθει</span> <span class='ocrx_word' id='word_1_329' title='bbox 1015 2928 1282 2997; x_wconf 78' lang='grc' dir='ltr'>γενόμενα</span> <span class='ocrx_word' id='word_1_330' title='bbox 1318 2925 1594 2996; x_wconf 84' lang='grc' dir='ltr'>θαύματα,</span> <span class='ocrx_word' id='word_1_331' title='bbox 1625 2925 1748 2980; x_wconf 77' lang='grc' dir='ltr'>οὔτε</span> <span class='ocrx_word' id='word_1_332' title='bbox 1787 2929 1855 2981; x_wconf 78' lang='grc' dir='ltr'><strong>τὰ</strong></span> 
     </span>
    </p>
   </div>
   <div class='ocr_carea' id='block_1_48' title="bbox 270 3015 1854 3089">
    <p class='ocr_par' dir='ltr' id='par_1_48' title="bbox 270 3015 1854 3089">
     <span class='ocr_line' id='line_1_48' title="bbox 270 3015 1854 3089; baseline -0.001 -17"><span class='ocrx_word' id='word_1_333' title='bbox 270 3019 368 3072; x_wconf 68' lang='grc' dir='ltr'>ἐπὶ</span> <span class='ocrx_word' id='word_1_334' title='bbox 407 3017 485 3088; x_wconf 79' lang='grc' dir='ltr'>τῷ</span> <span class='ocrx_word' id='word_1_335' title='bbox 521 3020 678 3089; x_wconf 81' lang='grc' dir='ltr'>τάφῳ</span> <span class='ocrx_word' id='word_1_336' title='bbox 716 3018 1140 3089; x_wconf 85' lang='grc' dir='ltr'>μαρτυρούμενα</span> <span class='ocrx_word' id='word_1_337' title='bbox 1171 3017 1324 3087; x_wconf 80' lang='grc' dir='ltr'>παρὰ</span> <span class='ocrx_word' id='word_1_338' title='bbox 1351 3015 1462 3070; x_wconf 88' lang='grc' dir='ltr'><strong>τῶν</strong></span> <span class='ocrx_word' id='word_1_339' title='bbox 1505 3017 1854 3087; x_wconf 83' lang='grc' dir='ltr'>στρατιωτῶν</span> 
     </span>
    </p>
   </div>
   <div class='ocr_carea' id='block_1_49' title="bbox 274 3109 1932 3202">
    <p class='ocr_par' dir='ltr' id='par_1_49' title="bbox 274 3109 1932 3202">
     <span class='ocr_line' id='line_1_49' title="bbox 274 3109 1932 3202; baseline -0.001 -38"><span class='ocrx_word' id='word_1_340' title='bbox 274 3110 719 3180; x_wconf 80' lang='grc' dir='ltr'>δυσωπηθέντες,</span> <span class='ocrx_word' id='word_1_341' title='bbox 749 3111 824 3180; x_wconf 81' lang='grc' dir='ltr'>τῷ</span> <span class='ocrx_word' id='word_1_342' title='bbox 856 3111 972 3180; x_wconf 76' lang='grc' dir='ltr'>ἰδίῳ</span> <span class='ocrx_word' id='word_1_343' title='bbox 1001 3109 1164 3164; x_wconf 85' lang='grc' dir='ltr'>πάθει</span> <span class='ocrx_word' id='word_1_344' title='bbox 1191 3111 1256 3180; x_wconf 75' lang='grc' dir='ltr'><strong>τῇ</strong></span> <span class='ocrx_word' id='word_1_345' title='bbox 1295 3109 1631 3202; x_wconf 73' lang='grc' dir='ltr'>φιλαργυρία</span> <span class='ocrx_word' id='word_1_346' title='bbox 1655 3110 1853 3164; x_wconf 86' lang='grc' dir='ltr'>ὑπονο-</span> <span class='ocrx_word' id='word_1_347' title='bbox 1886 3138 1932 3202; x_wconf 71' lang='lat' dir='ltr'><strong><em>C</em></strong></span> 
     </span>
    </p>
   </div>
   <div class='ocr_carea' id='block_1_50' title="bbox 273 3201 1852 3272">
    <p class='ocr_par' dir='ltr' id='par_1_50' title="bbox 273 3201 1852 3272">
     <span class='ocr_line' id='line_1_50' title="bbox 273 3201 1852 3272; baseline 0 -16"><span class='ocrx_word' id='word_1_348' title='bbox 273 3203 499 3256; x_wconf 83' lang='grc' dir='ltr'>θεύουσι</span> <span class='ocrx_word' id='word_1_349' title='bbox 539 3205 666 3265; x_wconf 87' lang='grc' dir='ltr'>τοὺς</span> <span class='ocrx_word' id='word_1_350' title='bbox 699 3201 1058 3272; x_wconf 82' lang='grc' dir='ltr'>στρατιώτας,</span> <span class='ocrx_word' id='word_1_351' title='bbox 1085 3201 1512 3272; x_wconf 82' lang='grc' dir='ltr'>παραπείθοντες</span> <span class='ocrx_word' id='word_1_352' title='bbox 1547 3201 1745 3264; x_wconf 77' lang='grc' dir='ltr'>αὐτοὺς</span> <span class='ocrx_word' id='word_1_353' title='bbox 1793 3203 1852 3256; x_wconf 84' lang='grc' dir='ltr'><strong>τὸ</strong></span> 
     </span>
    </p>
   </div>
   <div class='ocr_carea' id='block_1_51' title="bbox 271 3292 1849 3364">
    <p class='ocr_par' dir='ltr' id='par_1_51' title="bbox 271 3292 1849 3364">
     <span class='ocr_line' id='line_1_51' title="bbox 271 3292 1849 3364; baseline -0.002 -15"><span class='ocrx_word' id='word_1_354' title='bbox 271 3295 497 3349; x_wconf 66' lang='grc' dir='ltr'><strong>⁶πάντων</strong></span> <span class='ocrx_word' id='word_1_355' title='bbox 542 3292 902 3364; x_wconf 82' lang='grc' dir='ltr'>ἀσεϐέστερον</span> <span class='ocrx_word' id='word_1_356' title='bbox 936 3293 1270 3362; x_wconf 78' lang='grc' dir='ltr'>φθέγξασθαι</span> <span class='ocrx_word' id='word_1_357' title='bbox 1323 3292 1417 3347; x_wconf 75' lang='grc' dir='ltr'>καὶ</span> <span class='ocrx_word' id='word_1_358' title='bbox 1470 3293 1849 3364; x_wconf 73' lang='grc' dir='ltr'>ἀνοητότερον,</span> 
     </span>
    </p>
   </div>
   <div class='ocr_carea' id='block_1_52' title="bbox 265 3377 1850 3454">
    <p class='ocr_par' dir='ltr' id='par_1_52' title="bbox 265 3377 1850 3454">
     <span class='ocr_line' id='line_1_52' title="bbox 265 3377 1850 3454; baseline -0.003 -15"><span class='ocrx_word' id='word_1_359' title='bbox 265 3385 355 3439; x_wconf 80' lang='grc' dir='ltr'>ὅτι</span> <span class='ocrx_word' id='word_1_360' title='bbox 405 3384 638 3452; x_wconf 86' lang='grc' dir='ltr'>ἐκλάπη.</span> <span class='ocrx_word' id='word_1_361' title='bbox 685 3383 804 3446; x_wconf 77' lang='grc' dir='ltr'><strong>Πῶς</strong></span> <span class='ocrx_word' id='word_1_362' title='bbox 843 3385 952 3454; x_wconf 77' lang='grc' dir='ltr'><strong>γὰρ</strong></span> <span class='ocrx_word' id='word_1_363' title='bbox 996 3385 1062 3437; x_wconf 83' lang='grc' dir='ltr'>ἂν</span> <span class='ocrx_word' id='word_1_364' title='bbox 1113 3383 1364 3452; x_wconf 68' lang='grc' dir='ltr'>ἔκλεψαν,</span> <span class='ocrx_word' id='word_1_365' title='bbox 1421 3377 1476 3435; x_wconf 28' lang='grc' dir='ltr'>ὢ·</span> <span class='ocrx_word' id='word_1_366' title='bbox 1514 3385 1753 3452; x_wconf 86' lang='grc' dir='ltr'>ἀνόητοι,</span> <span class='ocrx_word' id='word_1_367' title='bbox 1803 3385 1850 3436; x_wconf 79' lang='grc' dir='ltr'>οἱ</span> 
     </span>
    </p>
   </div>
   <div class='ocr_carea' id='block_1_53' title="bbox 271 3473 1850 3548">
    <p class='ocr_par' dir='ltr' id='par_1_53' title="bbox 271 3473 1850 3548">
     <span class='ocr_line' id='line_1_53' title="bbox 271 3473 1850 3548; baseline -0.003 -19"><span class='ocrx_word' id='word_1_368' title='bbox 271 3476 540 3548; x_wconf 79' lang='grc' dir='ltr'>μαθηταὶ,</span> <span class='ocrx_word' id='word_1_369' title='bbox 575 3479 621 3529; x_wconf 90' lang='lat' dir='ltr'><strong>oi</strong></span> <span class='ocrx_word' id='word_1_370' title='bbox 673 3476 760 3528; x_wconf 69' lang='grc' dir='ltr'><strong>διὰ</strong></span> <span class='ocrx_word' id='word_1_371' title='bbox 791 3476 882 3528; x_wconf 67' lang='grc' dir='ltr'>τὸν</span> <span class='ocrx_word' id='word_1_372' title='bbox 917 3474 1080 3544; x_wconf 76' lang='grc' dir='ltr'>φόϐον</span> <span class='ocrx_word' id='word_1_373' title='bbox 1137 3473 1590 3535; x_wconf 78' lang='grc' dir='ltr'>ἀποκλεισθέντες</span> <span class='ocrx_word' id='word_1_374' title='bbox 1641 3474 1735 3526; x_wconf 78' lang='grc' dir='ltr'>καὶ</span> <span class='ocrx_word' id='word_1_375' title='bbox 1775 3474 1850 3543; x_wconf 80' lang='grc' dir='ltr'>μὴ</span> 
     </span>
    </p>
   </div>
   <div class='ocr_carea' id='block_1_54' title="bbox 265 3566 1848 3637">
    <p class='ocr_par' dir='ltr' id='par_1_54' title="bbox 265 3566 1848 3637">
     <span class='ocr_line' id='line_1_54' title="bbox 265 3566 1848 3637; baseline -0.004 -15"><span class='ocrx_word' id='word_1_376' title='bbox 265 3569 577 3637; x_wconf 81' lang='grc' dir='ltr'>τολμῶντες</span> <span class='ocrx_word' id='word_1_377' title='bbox 623 3569 756 3630; x_wconf 75' lang='grc' dir='ltr'>ὅλως</span> <span class='ocrx_word' id='word_1_378' title='bbox 810 3567 1088 3634; x_wconf 78' lang='grc' dir='ltr'>ἐξελθείν;</span> <span class='ocrx_word' id='word_1_379' title='bbox 1127 3567 1246 3630; x_wconf 88' lang='grc' dir='ltr'><strong>Πῶς</strong></span> <span class='ocrx_word' id='word_1_380' title='bbox 1279 3568 1322 3620; x_wconf 82' lang='grc' dir='ltr'>δ’</span> <span class='ocrx_word' id='word_1_381' title='bbox 1376 3570 1445 3620; x_wconf 79' lang='grc' dir='ltr'>ἂν</span> <span class='ocrx_word' id='word_1_382' title='bbox 1492 3571 1539 3621; x_wconf 83' lang='grc' dir='ltr'>εἰ</span> <span class='ocrx_word' id='word_1_383' title='bbox 1594 3566 1848 3634; x_wconf 76' lang='grc' dir='ltr'>ἔκλεψαν,</span> 
     </span>
    </p>
   </div>
   <div class='ocr_carea' id='block_1_55' title="bbox 271 3659 1850 3730">
    <p class='ocr_par' dir='ltr' id='par_1_55' title="bbox 271 3659 1850 3730">
     <span class='ocr_line' id='line_1_55' title="bbox 271 3659 1850 3730; baseline -0.002 -15"><span class='ocrx_word' id='word_1_384' title='bbox 271 3659 623 3730; x_wconf 80' lang='grc' dir='ltr'>ἀπέθνησκον</span> <span class='ocrx_word' id='word_1_385' title='bbox 675 3659 902 3730; x_wconf 76' lang='grc' dir='ltr'>ὕστερον</span> <span class='ocrx_word' id='word_1_386' title='bbox 962 3660 1030 3712; x_wconf 81' lang='grc' dir='ltr'>δι’</span> <span class='ocrx_word' id='word_1_387' title='bbox 1083 3659 1278 3724; x_wconf 78' lang='grc' dir='ltr'>αὐτὸν,</span> <span class='ocrx_word' id='word_1_388' title='bbox 1342 3661 1850 3730; x_wconf 77' lang='grc' dir='ltr'>κηρύττοντεςότι</span> 
     </span>
    </p>
   </div>
   <div class='ocr_carea' id='block_1_56' title="bbox 277 3750 1703 3822">
    <p class='ocr_par' dir='ltr' id='par_1_56' title="bbox 277 3750 1703 3822">
     <span class='ocr_line' id='line_1_56' title="bbox 277 3750 1703 3822; baseline 0.001 -19"><span class='ocrx_word' id='word_1_389' title='bbox 277 3752 504 3822; x_wconf 84' lang='grc' dir='ltr'>ἀνέστη,</span> <span class='ocrx_word' id='word_1_390' title='bbox 530 3753 622 3804; x_wconf 73' lang='grc' dir='ltr'>καὶ</span> <span class='ocrx_word' id='word_1_391' title='bbox 654 3753 794 3821; x_wconf 83' lang='grc' dir='ltr'>ὑπὲρ</span> <span class='ocrx_word' id='word_1_392' title='bbox 823 3750 915 3804; x_wconf 78' lang='grc' dir='ltr'><strong>τοῦ</strong></span> <span class='ocrx_word' id='word_1_393' title='bbox 940 3750 1168 3819; x_wconf 67' lang='grc' dir='ltr'>ψεύδους</span> <span class='ocrx_word' id='word_1_394' title='bbox 1196 3753 1662 3813; x_wconf 80' lang='grc' dir='ltr'>κατακοπτόμενοι</span> <span class='ocrx_word' id='word_1_395' title='bbox 1690 3769 1703 3817; x_wconf 88' lang='grc'>;</span> 
     </span>
    </p>
   </div>
   <div class='ocr_carea' id='block_1_57' title="bbox 345 3933 1848 4004">
    <p class='ocr_par' dir='ltr' id='par_1_57' title="bbox 345 3933 1848 4004">
     <span class='ocr_line' id='line_1_57' title="bbox 345 3933 1848 4004; baseline -0.001 -15"><span class='ocrx_word' id='word_1_396' title='bbox 345 3955 366 3988; x_wconf 77' lang='grc' dir='ltr'><strong>ε</strong></span> <span class='ocrx_word' id='word_1_397' title='bbox 410 3935 474 3989; x_wconf 81' lang='lat' dir='ltr'><strong>Ol</strong></span> <span class='ocrx_word' id='word_1_398' title='bbox 505 3935 560 3986; x_wconf 85' lang='grc' dir='ltr'><strong>δέ</strong></span> <span class='ocrx_word' id='word_1_399' title='bbox 591 3933 783 3987; x_wconf 72' lang='grc' dir='ltr'>ἕνδεκα</span> <span class='ocrx_word' id='word_1_400' title='bbox 816 3933 1056 4002; x_wconf 64' lang='grc' dir='ltr'>μαθηταὶ</span> <span class='ocrx_word' id='word_1_401' title='bbox 1091 3933 1467 4004; x_wconf 79' lang='grc' dir='ltr'>ἐπορεύθησαν</span> <span class='ocrx_word' id='word_1_402' title='bbox 1509 3934 1589 3996; x_wconf 82' lang='grc' dir='ltr'>εὶς</span> <span class='ocrx_word' id='word_1_403' title='bbox 1619 3933 1718 4001; x_wconf 82' lang='grc' dir='ltr'>τὴν</span> <span class='ocrx_word' id='word_1_404' title='bbox 1743 3935 1848 3987; x_wconf 83' lang='grc' dir='ltr'><strong>Γα-</strong></span> 
     </span>
    </p>
   </div>
   <div class='ocr_carea' id='block_1_58' title="bbox 265 4019 1844 4094">
    <p class='ocr_par' dir='ltr' id='par_1_58' title="bbox 265 4019 1844 4094">
     <span class='ocr_line' id='line_1_58' title="bbox 265 4019 1844 4094; baseline -0.001 -15"><span class='ocrx_word' id='word_1_405' title='bbox 265 4027 488 4080; x_wconf 78' lang='grc' dir='ltr'>λιλαίαν</span> <span class='ocrx_word' id='word_1_406' title='bbox 512 4067 529 4091; x_wconf 88' lang='grc'><strong>,</strong></span> <span class='ocrx_word' id='word_1_407' title='bbox 562 4027 641 4088; x_wconf 80' lang='grc' dir='ltr'><strong>είς</strong></span> <span class='ocrx_word' id='word_1_408' title='bbox 691 4026 749 4076; x_wconf 81' lang='grc' dir='ltr'><strong>τὸ</strong></span> <span class='ocrx_word' id='word_1_409' title='bbox 805 4023 929 4093; x_wconf 73' lang='grc' dir='ltr'>ὅρος</span> <span class='ocrx_word' id='word_1_410' title='bbox 967 4019 1027 4078; x_wconf 76' lang='grc' dir='ltr'>οὗ</span> <span class='ocrx_word' id='word_1_411' title='bbox 1067 4025 1296 4090; x_wconf 75' lang='grc' dir='ltr'>ἐτάξατο</span> <span class='ocrx_word' id='word_1_412' title='bbox 1348 4025 1529 4087; x_wconf 83' lang='grc' dir='ltr'>αὐτοῖς</span> <span class='ocrx_word' id='word_1_413' title='bbox 1557 4027 1584 4077; x_wconf 89' lang='lat'><strong>6</strong></span> <span class='ocrx_word' id='word_1_414' title='bbox 1617 4025 1844 4094; x_wconf 79' lang='grc' dir='ltr'>Ἰησοῦς·</span> 
     </span>
    </p>
   </div>
   <div class='ocr_carea' id='block_1_59' title="bbox 262 4115 1848 4185">
    <p class='ocr_par' dir='ltr' id='par_1_59' title="bbox 262 4115 1848 4185">
     <span class='ocr_line' id='line_1_59' title="bbox 262 4115 1848 4185; baseline -0.001 -15"><span class='ocrx_word' id='word_1_415' title='bbox 262 4119 363 4171; x_wconf 77' lang='grc' dir='ltr'>καὶ</span> <span class='ocrx_word' id='word_1_416' title='bbox 401 4118 596 4179; x_wconf 86' lang='grc' dir='ltr'>ίδόντες</span> <span class='ocrx_word' id='word_1_417' title='bbox 651 4115 834 4181; x_wconf 81' lang='grc' dir='ltr'>αὐτὸν,</span> <span class='ocrx_word' id='word_1_418' title='bbox 869 4115 1284 4185; x_wconf 79' lang='grc' dir='ltr'>προσεκύνησαν</span> <span class='ocrx_word' id='word_1_419' title='bbox 1332 4115 1499 4185; x_wconf 81' lang='grc' dir='ltr'>αὐτῷ·</span> <span class='ocrx_word' id='word_1_420' title='bbox 1531 4115 1579 4168; x_wconf 79' lang='lat' dir='ltr'><strong>oi</strong></span> <span class='ocrx_word' id='word_1_421' title='bbox 1630 4115 1685 4167; x_wconf 85' lang='grc' dir='ltr'>δὲ</span> <span class='ocrx_word' id='word_1_422' title='bbox 1739 4115 1848 4168; x_wconf 81' lang='grc' dir='ltr'>ἐδί-</span> 
     </span>
    </p>
   </div>
   <div class='ocr_carea' id='block_1_60' title="bbox 265 4205 1844 4277">
    <p class='ocr_par' dir='ltr' id='par_1_60' title="bbox 265 4205 1844 4277">
     <span class='ocr_line' id='line_1_60' title="bbox 265 4205 1844 4277; baseline -0.004 -14"><span class='ocrx_word' id='word_1_423' title='bbox 265 4226 497 4264; x_wconf 87' lang='grc' dir='ltr'>στασαν.</span> <span class='ocrx_word' id='word_1_424' title='bbox 551 4208 662 4261; x_wconf 71' lang='grc' dir='ltr'>Καὶ</span> <span class='ocrx_word' id='word_1_425' title='bbox 697 4206 1009 4277; x_wconf 81' lang='grc' dir='ltr'>προσελθὼν</span> <span class='ocrx_word' id='word_1_426' title='bbox 1033 4208 1062 4258; x_wconf 94' lang='lat'><strong>6</strong></span> <span class='ocrx_word' id='word_1_427' title='bbox 1107 4206 1312 4276; x_wconf 79' lang='grc' dir='ltr'>Ἰησοῦς</span> <span class='ocrx_word' id='word_1_428' title='bbox 1342 4205 1601 4277; x_wconf 84' lang='grc' dir='ltr'>ἐλάλησεν</span> <span class='ocrx_word' id='word_1_429' title='bbox 1644 4207 1844 4271; x_wconf 80' lang='grc' dir='ltr'>αὐτοῖς,</span> 
     </span>
    </p>
   </div>
   <div class='ocr_carea' id='block_1_61' title="bbox 260 4298 1848 4371">
    <p class='ocr_par' dir='ltr' id='par_1_61' title="bbox 260 4298 1848 4371">
     <span class='ocr_line' id='line_1_61' title="bbox 260 4298 1848 4371; baseline -0.004 -14"><span class='ocrx_word' id='word_1_430' title='bbox 260 4304 463 4371; x_wconf 83' lang='grc' dir='ltr'>λέγων·</span> <span class='ocrx_word' id='word_1_431' title='bbox 507 4300 694 4369; x_wconf 72' lang='grc' dir='ltr'>Ἐδόθη</span> <span class='ocrx_word' id='word_1_432' title='bbox 733 4317 822 4370; x_wconf 90' lang='grc' dir='ltr'><strong>μοι</strong></span> <span class='ocrx_word' id='word_1_433' title='bbox 857 4302 1006 4352; x_wconf 79' lang='grc' dir='ltr'>πᾶσα</span> <span class='ocrx_word' id='word_1_434' title='bbox 1040 4299 1140 4364; x_wconf 62' lang='grc' dir='ltr'>ἐξα</span> <span class='ocrx_word' id='word_1_435' title='bbox 1175 4299 1257 4352; x_wconf 83' lang='grc' dir='ltr'><strong>σία</strong></span> <span class='ocrx_word' id='word_1_436' title='bbox 1291 4301 1349 4352; x_wconf 76' lang='grc' dir='ltr'><strong>ἐν</strong></span> <span class='ocrx_word' id='word_1_437' title='bbox 1389 4298 1603 4370; x_wconf 77' lang='grc' dir='ltr'>οὐρανῷ</span> <span class='ocrx_word' id='word_1_438' title='bbox 1634 4299 1727 4352; x_wconf 78' lang='grc' dir='ltr'>καὶ</span> <span class='ocrx_word' id='word_1_439' title='bbox 1755 4298 1848 4351; x_wconf 82' lang='grc' dir='ltr'>ἐπὶ</span> 
     </span>
    </p>
   </div>
   <div class='ocr_carea' id='block_1_62' title="bbox 262 4388 1843 4463">
    <p class='ocr_par' dir='ltr' id='par_1_62' title="bbox 262 4388 1843 4463">
     <span class='ocr_line' id='line_1_62' title="bbox 262 4388 1843 4463; baseline 0.002 -24"><span class='ocrx_word' id='word_1_440' title='bbox 262 4393 371 4463; x_wconf 75' lang='grc' dir='ltr'><strong>γῆς</strong></span> <span class='ocrx_word' id='word_1_441' title='bbox 406 4409 418 4421; x_wconf 86' lang='grc'><strong>·</strong></span> <span class='ocrx_word' id='word_1_442' title='bbox 471 4391 830 4462; x_wconf 80' lang='grc' dir='ltr'>πορευθέντες</span> <span class='ocrx_word' id='word_1_443' title='bbox 898 4388 1274 4458; x_wconf 70' lang='grc' dir='ltr'>μαθητεύτατε</span> <span class='ocrx_word' id='word_1_444' title='bbox 1321 4389 1499 4442; x_wconf 87' lang='grc' dir='ltr'>πάντα</span> <span class='ocrx_word' id='word_1_445' title='bbox 1543 4388 1612 4442; x_wconf 81' lang='grc' dir='ltr'>τὰ</span> <span class='ocrx_word' id='word_1_446' title='bbox 1670 4389 1795 4455; x_wconf 78' lang='grc' dir='ltr'>ἔθνη</span> <span class='ocrx_word' id='word_1_447' title='bbox 1830 4429 1843 4454; x_wconf 95' lang='grc'><strong>,</strong></span> 
     </span>
    </p>
   </div>
   <div class='ocr_carea' id='block_1_63' title="bbox 1976 1915 3563 1989">
    <p class='ocr_par' dir='ltr' id='par_1_63' title="bbox 1976 1915 3563 1989">
     <span class='ocr_line' id='line_1_63' title="bbox 1976 1915 3563 1989; baseline 0 -16"><span class='ocrx_word' id='word_1_448' title='bbox 1976 1915 2041 1974; x_wconf 83' lang='grc' dir='ltr'>Ει</span> <span class='ocrx_word' id='word_1_449' title='bbox 2072 1918 2385 1988; x_wconf 75' lang='lat' dir='ltr'><strong>congregati</strong></span> <span class='ocrx_word' id='word_1_450' title='bbox 2415 1933 2537 1973; x_wconf 90' lang='lat' dir='ltr'><strong>cum</strong></span> <span class='ocrx_word' id='word_1_451' title='bbox 2562 1917 2890 1983; x_wconf 87' lang='lat' dir='ltr'><strong>senioribus,</strong></span> <span class='ocrx_word' id='word_1_452' title='bbox 2920 1917 3148 1974; x_wconf 88' lang='lat' dir='ltr'><strong>consilio</strong></span> <span class='ocrx_word' id='word_1_453' title='bbox 3175 1919 3362 1974; x_wconf 86' lang='lat' dir='ltr'><strong>habito</strong></span> <span class='ocrx_word' id='word_1_454' title='bbox 3397 1934 3563 1989; x_wconf 83' lang='lat' dir='ltr'><strong>pecu-</strong></span> 
     </span>
    </p>
   </div>
   <div class='ocr_carea' id='block_1_64' title="bbox 1975 1996 3563 2078">
    <p class='ocr_par' dir='ltr' id='par_1_64' title="bbox 1975 1996 3563 2078">
     <span class='ocr_line' id='line_1_64' title="bbox 1975 1996 3563 2078; baseline 0.004 -16"><span class='ocrx_word' id='word_1_455' title='bbox 1975 2011 2120 2062; x_wconf 85' lang='lat' dir='ltr'><strong>niam</strong></span> <span class='ocrx_word' id='word_1_456' title='bbox 2151 1996 2429 2078; x_wconf 81' lang='lat' dir='ltr'><strong>eopiosam</strong></span> <span class='ocrx_word' id='word_1_457' title='bbox 2459 2011 2725 2065; x_wconf 87' lang='lat' dir='ltr'><strong>dederunt</strong></span> <span class='ocrx_word' id='word_1_458' title='bbox 2749 2011 3037 2078; x_wconf 86' lang='lat' dir='ltr'><strong>militibus,</strong></span> <span class='ocrx_word' id='word_1_459' title='bbox 3075 2010 3354 2066; x_wconf 85' lang='lat' dir='ltr'><strong>dicentes:</strong></span> <span class='ocrx_word' id='word_1_460' title='bbox 3387 2007 3563 2068; x_wconf 89' lang='lat' dir='ltr'><strong>Dicite</strong></span> 
     </span>
    </p>
   </div>
   <div class='ocr_carea' id='block_1_65' title="bbox 1971 2100 3561 2171">
    <p class='ocr_par' dir='ltr' id='par_1_65' title="bbox 1971 2100 3561 2171">
     <span class='ocr_line' id='line_1_65' title="bbox 1971 2100 3561 2171; baseline 0.003 -18"><span class='ocrx_word' id='word_1_461' title='bbox 1971 2101 2113 2170; x_wconf 79' lang='lat' dir='ltr'><strong>quod</strong></span> <span class='ocrx_word' id='word_1_462' title='bbox 2147 2100 2404 2171; x_wconf 84' lang='lat' dir='ltr'><strong>Discipuli</strong></span> <span class='ocrx_word' id='word_1_463' title='bbox 2436 2102 2553 2171; x_wconf 85' lang='lat' dir='ltr'><strong>ejus</strong></span> <span class='ocrx_word' id='word_1_464' title='bbox 2596 2112 2754 2158; x_wconf 89' lang='lat' dir='ltr'><strong>nocte</strong></span> <span class='ocrx_word' id='word_1_465' title='bbox 2792 2112 3083 2169; x_wconf 84' lang='lat' dir='ltr'><strong>venerunt,</strong></span> <span class='ocrx_word' id='word_1_466' title='bbox 3125 2113 3179 2157; x_wconf 89' lang='lat' dir='ltr'><strong>et</strong></span> <span class='ocrx_word' id='word_1_467' title='bbox 3208 2101 3376 2158; x_wconf 76' lang='lat' dir='ltr'><strong>iurati</strong></span> <span class='ocrx_word' id='word_1_468' title='bbox 3431 2111 3561 2160; x_wconf 88' lang='lat' dir='ltr'><strong>sunt</strong></span> 
     </span>
    </p>
   </div>
   <div class='ocr_carea' id='block_1_66' title="bbox 1976 2192 3560 2253">
    <p class='ocr_par' dir='ltr' id='par_1_66' title="bbox 1976 2192 3560 2253">
     <span class='ocr_line' id='line_1_66' title="bbox 1976 2192 3560 2253; baseline 0.004 -7"><span class='ocrx_word' id='word_1_469' title='bbox 1976 2207 2099 2251; x_wconf 86' lang='lat' dir='ltr'><strong>eum</strong></span> <span class='ocrx_word' id='word_1_470' title='bbox 2128 2193 2285 2249; x_wconf 87' lang='lat' dir='ltr'><strong>nobis</strong></span> <span class='ocrx_word' id='word_1_471' title='bbox 2309 2194 2731 2250; x_wconf 86' lang='lat' dir='ltr'><strong>dormientibus.</strong></span> <span class='ocrx_word' id='word_1_472' title='bbox 2757 2192 2823 2248; x_wconf 85' lang='lat' dir='ltr'><strong>Et</strong></span> <span class='ocrx_word' id='word_1_473' title='bbox 2863 2195 2908 2249; x_wconf 88' lang='lat' dir='ltr'><strong>si</strong></span> <span class='ocrx_word' id='word_1_474' title='bbox 2934 2196 3036 2251; x_wconf 85' lang='lat' dir='ltr'><strong>hoc</strong></span> <span class='ocrx_word' id='word_1_475' title='bbox 3055 2196 3295 2251; x_wconf 86' lang='lat' dir='ltr'><strong>auditum</strong></span> <span class='ocrx_word' id='word_1_476' title='bbox 3326 2195 3490 2252; x_wconf 80' lang='lat' dir='ltr'><strong>fuerit</strong></span> <span class='ocrx_word' id='word_1_477' title='bbox 3527 2213 3560 2253; x_wconf 85' lang='lat' dir='ltr'><strong>a</strong></span> 
     </span>
    </p>
   </div>
   <div class='ocr_carea' id='block_1_67' title="bbox 1971 2285 3559 2356">
    <p class='ocr_par' dir='ltr' id='par_1_67' title="bbox 1971 2285 3559 2356">
     <span class='ocr_line' id='line_1_67' title="bbox 1971 2285 3559 2356; baseline 0.004 -17"><span class='ocrx_word' id='word_1_478' title='bbox 1971 2285 2221 2356; x_wconf 63' lang='lat' dir='ltr'><strong>praeside,</strong></span> <span class='ocrx_word' id='word_1_479' title='bbox 2242 2300 2339 2342; x_wconf 92' lang='lat' dir='ltr'><strong>nos</strong></span> <span class='ocrx_word' id='word_1_480' title='bbox 2357 2286 2807 2356; x_wconf 78' lang='lat' dir='ltr'><strong>persuadebimus</strong></span> <span class='ocrx_word' id='word_1_481' title='bbox 2831 2287 2904 2352; x_wconf 90' lang='lat' dir='ltr'><strong>ei,</strong></span> <span class='ocrx_word' id='word_1_482' title='bbox 2933 2295 2988 2341; x_wconf 90' lang='lat' dir='ltr'><strong>et</strong></span> <span class='ocrx_word' id='word_1_483' title='bbox 3011 2302 3240 2344; x_wconf 86' lang='lat' dir='ltr'><strong>securos</strong></span> <span class='ocrx_word' id='word_1_484' title='bbox 3266 2303 3359 2344; x_wconf 82' lang='lat' dir='ltr'><strong>vos</strong></span> <span class='ocrx_word' id='word_1_485' title='bbox 3388 2287 3559 2346; x_wconf 77' lang='lat' dir='ltr'><strong>faele-</strong></span> 
     </span>
    </p>
   </div>
   <div class='ocr_carea' id='block_1_68' title="bbox 1971 2377 3552 2449">
    <p class='ocr_par' dir='ltr' id='par_1_68' title="bbox 1971 2377 3552 2449">
     <span class='ocr_line' id='line_1_68' title="bbox 1971 2377 3552 2449; baseline 0.003 -16"><span class='ocrx_word' id='word_1_486' title='bbox 1971 2394 2112 2434; x_wconf 86' lang='lat' dir='ltr'><strong>mus.</strong></span> <span class='ocrx_word' id='word_1_487' title='bbox 2145 2379 2216 2433; x_wconf 75' lang='lat' dir='ltr'><strong>At</strong></span> <span class='ocrx_word' id='word_1_488' title='bbox 2257 2379 2332 2434; x_wconf 90' lang='lat' dir='ltr'><strong>illi</strong></span> <span class='ocrx_word' id='word_1_489' title='bbox 2383 2385 2611 2449; x_wconf 90' lang='lat' dir='ltr'><strong>accepta</strong></span> <span class='ocrx_word' id='word_1_490' title='bbox 2647 2378 2878 2449; x_wconf 85' lang='lat' dir='ltr'><strong>pecunia</strong></span> <span class='ocrx_word' id='word_1_491' title='bbox 2920 2377 3171 2435; x_wconf 78' lang='lat' dir='ltr'><strong>fecerunt</strong></span> <span class='ocrx_word' id='word_1_492' title='bbox 3215 2383 3359 2438; x_wconf 74' lang='lat' dir='ltr'><strong>sicut</strong></span> <span class='ocrx_word' id='word_1_493' title='bbox 3389 2393 3552 2437; x_wconf 81' lang='lat' dir='ltr'><strong>erant</strong></span> 
     </span>
    </p>
   </div>
   <div class='ocr_carea' id='block_1_69' title="bbox 1967 2469 3557 2543">
    <p class='ocr_par' dir='ltr' id='par_1_69' title="bbox 1967 2469 3557 2543">
     <span class='ocr_line' id='line_1_69' title="bbox 1967 2469 3557 2543; baseline 0.003 -17"><span class='ocrx_word' id='word_1_494' title='bbox 1967 2470 2180 2526; x_wconf 85' lang='lat' dir='ltr'><strong>edocti:</strong></span> <span class='ocrx_word' id='word_1_495' title='bbox 2215 2478 2271 2526; x_wconf 87' lang='lat' dir='ltr'><strong>et</strong></span> <span class='ocrx_word' id='word_1_496' title='bbox 2311 2469 2623 2542; x_wconf 76' lang='lat' dir='ltr'><strong>divulgatus</strong></span> <span class='ocrx_word' id='word_1_497' title='bbox 2653 2478 2739 2526; x_wconf 89' lang='lat' dir='ltr'><strong>est</strong></span> <span class='ocrx_word' id='word_1_498' title='bbox 2781 2471 2870 2527; x_wconf 85' lang='lat' dir='ltr'><strong>hic</strong></span> <span class='ocrx_word' id='word_1_499' title='bbox 2916 2485 3098 2528; x_wconf 86' lang='lat' dir='ltr'><strong>sermo</strong></span> <span class='ocrx_word' id='word_1_500' title='bbox 3150 2471 3291 2543; x_wconf 82' lang='lat' dir='ltr'><strong>apud</strong></span> <span class='ocrx_word' id='word_1_501' title='bbox 3337 2469 3557 2530; x_wconf 61' lang='lat' dir='ltr'><strong>Judaaos</strong></span> 
     </span>
    </p>
   </div>
   <div class='ocr_carea' id='block_1_70' title="bbox 1969 2561 3554 2639">
    <p class='ocr_par' dir='ltr' id='par_1_70' title="bbox 1969 2561 3554 2639">
     <span class='ocr_line' id='line_1_70' title="bbox 1969 2561 3554 2639; baseline 0.003 -25"><span class='ocrx_word' id='word_1_502' title='bbox 1969 2567 2144 2630; x_wconf 80' lang='lat' dir='ltr'><strong>usque</strong></span> <span class='ocrx_word' id='word_1_503' title='bbox 2185 2562 2238 2615; x_wconf 93' lang='lat' dir='ltr'><strong>in</strong></span> <span class='ocrx_word' id='word_1_504' title='bbox 2270 2561 2593 2616; x_wconf 88' lang='lat' dir='ltr'><strong>hodiernum</strong></span> <span class='ocrx_word' id='word_1_505' title='bbox 2621 2561 2788 2617; x_wconf 88' lang='lat' dir='ltr'><strong>diem.</strong></span> <span class='ocrx_word' id='word_1_506' title='bbox 2830 2581 2849 2616; x_wconf 83' lang='grc'><strong>›</strong></span> <span class='ocrx_word' id='word_1_507' title='bbox 2886 2562 3157 2639; x_wconf 83' lang='lat' dir='ltr'><strong>Custodes</strong></span> <span class='ocrx_word' id='word_1_508' title='bbox 3183 2565 3554 2620; x_wconf 83' lang='lat' dir='ltr'><strong>annuntiave-</strong></span> 
     </span>
    </p>
   </div>
   <div class='ocr_carea' id='block_1_71' title="bbox 1967 2651 3556 2726">
    <p class='ocr_par' dir='ltr' id='par_1_71' title="bbox 1967 2651 3556 2726">
     <span class='ocr_line' id='line_1_71' title="bbox 1967 2651 3556 2726; baseline 0.004 -21"><span class='ocrx_word' id='word_1_509' title='bbox 1967 2661 2093 2705; x_wconf 90' lang='lat' dir='ltr'><strong>runt</strong></span> <span class='ocrx_word' id='word_1_510' title='bbox 2118 2654 2322 2716; x_wconf 88' lang='lat' dir='ltr'><strong>omnia,</strong></span> <span class='ocrx_word' id='word_1_511' title='bbox 2352 2651 2498 2722; x_wconf 89' lang='lat' dir='ltr'><strong>quod</strong></span> <span class='ocrx_word' id='word_1_512' title='bbox 2531 2663 2690 2708; x_wconf 68' lang='lat' dir='ltr'><strong>terrae</strong></span> <span class='ocrx_word' id='word_1_513' title='bbox 2717 2659 2896 2709; x_wconf 87' lang='lat' dir='ltr'><strong>motus</strong></span> <span class='ocrx_word' id='word_1_514' title='bbox 2925 2653 3104 2708; x_wconf 77' lang='lat' dir='ltr'><strong>factus</strong></span> <span class='ocrx_word' id='word_1_515' title='bbox 3129 2653 3221 2720; x_wconf 92' lang='lat' dir='ltr'><strong>sit,</strong></span> <span class='ocrx_word' id='word_1_516' title='bbox 3245 2655 3390 2726; x_wconf 86' lang='lat' dir='ltr'><strong>quod</strong></span> <span class='ocrx_word' id='word_1_517' title='bbox 3412 2655 3556 2724; x_wconf 89' lang='lat' dir='ltr'><strong>lapis</strong></span> 
     </span>
    </p>
   </div>
   <div class='ocr_carea' id='block_1_72' title="bbox 1967 2723 3557 2814">
    <p class='ocr_par' dir='ltr' id='par_1_72' title="bbox 1967 2723 3557 2814">
     <span class='ocr_line' id='line_1_72' title="bbox 1967 2723 3557 2814; baseline 0.004 -20"><span class='ocrx_word' id='word_1_518' title='bbox 1967 2753 2064 2811; x_wconf 89' lang='lat' dir='ltr'><strong>per</strong></span> <span class='ocrx_word' id='word_1_519' title='bbox 2091 2731 2149 2795; x_wconf 78' lang='lat' dir='ltr'><strong>se</strong></span> <span class='ocrx_word' id='word_1_520' title='bbox 2183 2742 2430 2797; x_wconf 86' lang='lat' dir='ltr'><strong>sublatus</strong></span> <span class='ocrx_word' id='word_1_521' title='bbox 2465 2742 2556 2807; x_wconf 89' lang='lat' dir='ltr'><strong>sit,</strong></span> <span class='ocrx_word' id='word_1_522' title='bbox 2593 2741 2736 2811; x_wconf 89' lang='lat' dir='ltr'><strong>quod</strong></span> <span class='ocrx_word' id='word_1_523' title='bbox 2789 2742 2891 2814; x_wconf 88' lang='lat' dir='ltr'><strong>ipsi</strong></span> <span class='ocrx_word' id='word_1_524' title='bbox 2946 2743 3119 2798; x_wconf 86' lang='lat' dir='ltr'><strong>territi</strong></span> <span class='ocrx_word' id='word_1_525' title='bbox 3169 2723 3308 2798; x_wconf 74' lang='lat' dir='ltr'><strong>facti</strong></span> <span class='ocrx_word' id='word_1_526' title='bbox 3353 2723 3557 2801; x_wconf 78' lang='lat' dir='ltr'><strong>fuerint</strong></span> 
     </span>
    </p>
   </div>
   <div class='ocr_carea' id='block_1_73' title="bbox 1966 2818 3554 2901">
    <p class='ocr_par' dir='ltr' id='par_1_73' title="bbox 1966 2818 3554 2901">
     <span class='ocr_line' id='line_1_73' title="bbox 1966 2818 3554 2901; baseline 0.007 -19"><span class='ocrx_word' id='word_1_527' title='bbox 1966 2833 2121 2901; x_wconf 88' lang='lat' dir='ltr'><strong>quasi</strong></span> <span class='ocrx_word' id='word_1_528' title='bbox 2167 2833 2389 2887; x_wconf 89' lang='lat' dir='ltr'><strong>mortui.</strong></span> <span class='ocrx_word' id='word_1_529' title='bbox 2423 2832 2493 2888; x_wconf 86' lang='lat' dir='ltr'><strong>At</strong></span> <span class='ocrx_word' id='word_1_530' title='bbox 2526 2832 2697 2889; x_wconf 79' lang='lat' dir='ltr'><strong>Judaei</strong></span> <span class='ocrx_word' id='word_1_531' title='bbox 2756 2818 2908 2893; x_wconf 74' lang='lat' dir='ltr'><strong>tanto</strong></span> <span class='ocrx_word' id='word_1_532' title='bbox 2955 2834 3221 2891; x_wconf 89' lang='lat' dir='ltr'><strong>miraculo</strong></span> <span class='ocrx_word' id='word_1_533' title='bbox 3262 2837 3392 2890; x_wconf 87' lang='lat' dir='ltr'><strong>moti</strong></span> <span class='ocrx_word' id='word_1_534' title='bbox 3445 2851 3554 2893; x_wconf 91' lang='lat' dir='ltr'><strong>non</strong></span> 
     </span>
    </p>
   </div>
   <div class='ocr_carea' id='block_1_74' title="bbox 1966 2926 3552 2997">
    <p class='ocr_par' dir='ltr' id='par_1_74' title="bbox 1966 2926 3552 2997">
     <span class='ocr_line' id='line_1_74' title="bbox 1966 2926 3552 2997; baseline 0.003 -17"><span class='ocrx_word' id='word_1_535' title='bbox 1966 2935 2114 2988; x_wconf 78' lang='lat' dir='ltr'><strong>sunt,</strong></span> <span class='ocrx_word' id='word_1_536' title='bbox 2145 2939 2321 2994; x_wconf 88' lang='lat' dir='ltr'><strong>neque</strong></span> <span class='ocrx_word' id='word_1_537' title='bbox 2341 2926 2568 2980; x_wconf 89' lang='lat' dir='ltr'><strong>demulsi</strong></span> <span class='ocrx_word' id='word_1_538' title='bbox 2599 2926 2880 2982; x_wconf 82' lang='lat' dir='ltr'><strong>miraculis</strong></span> <span class='ocrx_word' id='word_1_539' title='bbox 2906 2941 3028 2997; x_wconf 72' lang='lat' dir='ltr'><strong>quae</strong></span> <span class='ocrx_word' id='word_1_540' title='bbox 3057 2928 3112 2980; x_wconf 92' lang='lat' dir='ltr'><strong>in</strong></span> <span class='ocrx_word' id='word_1_541' title='bbox 3145 2927 3394 2996; x_wconf 73' lang='lat' dir='ltr'><strong>passione</strong></span> <span class='ocrx_word' id='word_1_542' title='bbox 3420 2942 3552 2984; x_wconf 85' lang='lat' dir='ltr'><strong>con-</strong></span> 
     </span>
    </p>
   </div>
   <div class='ocr_carea' id='block_1_75' title="bbox 1967 3001 3552 3086">
    <p class='ocr_par' dir='ltr' id='par_1_75' title="bbox 1967 3001 3552 3086">
     <span class='ocr_line' id='line_1_75' title="bbox 1967 3001 3552 3086; baseline 0.002 -17"><span class='ocrx_word' id='word_1_543' title='bbox 1967 3019 2236 3086; x_wconf 78' lang='lat' dir='ltr'><strong>tigerant,</strong></span> <span class='ocrx_word' id='word_1_544' title='bbox 2290 3001 2469 3084; x_wconf 70' lang='lat' dir='ltr'><strong>neque</strong></span> <span class='ocrx_word' id='word_1_545' title='bbox 2525 3016 2724 3084; x_wconf 81' lang='lat' dir='ltr'><strong>placati</strong></span> <span class='ocrx_word' id='word_1_546' title='bbox 2774 3017 2882 3072; x_wconf 89' lang='lat' dir='ltr'><strong>illis</strong></span> <span class='ocrx_word' id='word_1_547' title='bbox 2938 3032 3057 3086; x_wconf 72' lang='lat' dir='ltr'><strong>quae</strong></span> <span class='ocrx_word' id='word_1_548' title='bbox 3116 3017 3552 3074; x_wconf 71' lang='lat' dir='ltr'><strong>testificabantur</strong></span> 
     </span>
    </p>
   </div>
   <div class='ocr_carea' id='block_1_76' title="bbox 1965 3105 3547 3174">
    <p class='ocr_par' dir='ltr' id='par_1_76' title="bbox 1965 3105 3547 3174">
     <span class='ocr_line' id='line_1_76' title="bbox 1965 3105 3547 3174; baseline 0.003 -14"><span class='ocrx_word' id='word_1_549' title='bbox 1965 3106 2240 3168; x_wconf 86' lang='lat' dir='ltr'><strong>custodes,</strong></span> <span class='ocrx_word' id='word_1_550' title='bbox 2269 3120 2369 3159; x_wconf 89' lang='lat' dir='ltr'><strong>suo</strong></span> <span class='ocrx_word' id='word_1_551' title='bbox 2403 3105 2567 3170; x_wconf 87' lang='lat' dir='ltr'><strong>malo,</strong></span> <span class='ocrx_word' id='word_1_552' title='bbox 2604 3106 2708 3160; x_wconf 88' lang='lat' dir='ltr'><strong>hoc</strong></span> <span class='ocrx_word' id='word_1_553' title='bbox 2758 3115 2842 3162; x_wconf 90' lang='lat' dir='ltr'><strong>est</strong></span> <span class='ocrx_word' id='word_1_554' title='bbox 2903 3107 3155 3174; x_wconf 81' lang='lat' dir='ltr'><strong>avaritia,</strong></span> <span class='ocrx_word' id='word_1_555' title='bbox 3191 3107 3392 3162; x_wconf 89' lang='lat' dir='ltr'><strong>milites</strong></span> <span class='ocrx_word' id='word_1_556' title='bbox 3421 3124 3547 3164; x_wconf 81' lang='lat' dir='ltr'><strong>oor-</strong></span> 
     </span>
    </p>
   </div>
   <div class='ocr_carea' id='block_1_77' title="bbox 1964 3198 3544 3269">
    <p class='ocr_par' dir='ltr' id='par_1_77' title="bbox 1964 3198 3544 3269">
     <span class='ocr_line' id='line_1_77' title="bbox 1964 3198 3544 3269; baseline 0.004 -18"><span class='ocrx_word' id='word_1_557' title='bbox 1964 3206 2242 3266; x_wconf 89' lang='lat' dir='ltr'><strong>rumpunt.</strong></span> <span class='ocrx_word' id='word_1_558' title='bbox 2267 3198 2601 3253; x_wconf 74' lang='lat' dir='ltr'><strong>Persuadere</strong></span> <span class='ocrx_word' id='word_1_559' title='bbox 2625 3208 2804 3253; x_wconf 88' lang='lat' dir='ltr'><strong>autem</strong></span> <span class='ocrx_word' id='word_1_560' title='bbox 2829 3209 3117 3265; x_wconf 84' lang='lat' dir='ltr'><strong>conantur,</strong></span> <span class='ocrx_word' id='word_1_561' title='bbox 3136 3201 3278 3269; x_wconf 91' lang='lat' dir='ltr'><strong>quod</strong></span> <span class='ocrx_word' id='word_1_562' title='bbox 3302 3203 3544 3258; x_wconf 80' lang='lat' dir='ltr'><strong>omnium</strong></span> 
     </span>
    </p>
   </div>
   <div class='ocr_carea' id='block_1_78' title="bbox 1965 3290 3546 3365">
    <p class='ocr_par' dir='ltr' id='par_1_78' title="bbox 1965 3290 3546 3365">
     <span class='ocr_line' id='line_1_78' title="bbox 1965 3290 3546 3365; baseline 0.004 -22"><span class='ocrx_word' id='word_1_563' title='bbox 1965 3293 2196 3345; x_wconf 78' lang='lat' dir='ltr'><strong>maxime</strong></span> <span class='ocrx_word' id='word_1_564' title='bbox 2223 3290 2452 3361; x_wconf 87' lang='lat' dir='ltr'><strong>impium</strong></span> <span class='ocrx_word' id='word_1_565' title='bbox 2480 3300 2534 3345; x_wconf 88' lang='lat' dir='ltr'><strong>et</strong></span> <span class='ocrx_word' id='word_1_566' title='bbox 2557 3291 2944 3345; x_wconf 78' lang='lat' dir='ltr'><strong>stultissimum</strong></span> <span class='ocrx_word' id='word_1_567' title='bbox 2979 3292 3144 3345; x_wconf 80' lang='lat' dir='ltr'><strong>fuerit</strong></span> <span class='ocrx_word' id='word_1_568' title='bbox 3172 3295 3377 3359; x_wconf 86' lang='lat' dir='ltr'><strong>dicere,</strong></span> <span class='ocrx_word' id='word_1_569' title='bbox 3399 3295 3546 3365; x_wconf 73' lang='lat' dir='ltr'><strong>quod</strong></span> 
     </span>
    </p>
   </div>
   <div class='ocr_carea' id='block_1_79' title="bbox 1962 3380 3550 3453">
    <p class='ocr_par' dir='ltr' id='par_1_79' title="bbox 1962 3380 3550 3453">
     <span class='ocr_line' id='line_1_79' title="bbox 1962 3380 3550 3453; baseline 0.005 -19"><span class='ocrx_word' id='word_1_570' title='bbox 1962 3380 2110 3436; x_wconf 81' lang='lat' dir='ltr'><strong>furto</strong></span> <span class='ocrx_word' id='word_1_571' title='bbox 2140 3383 2393 3437; x_wconf 87' lang='lat' dir='ltr'><strong>sublatus</strong></span> <span class='ocrx_word' id='word_1_572' title='bbox 2418 3391 2582 3437; x_wconf 88' lang='lat' dir='ltr'><strong>esset.</strong></span> <span class='ocrx_word' id='word_1_573' title='bbox 2605 3381 2725 3448; x_wconf 87' lang='lat' dir='ltr'><strong>Quo</strong></span> <span class='ocrx_word' id='word_1_574' title='bbox 2755 3393 2914 3452; x_wconf 86' lang='lat' dir='ltr'><strong>pacto</strong></span> <span class='ocrx_word' id='word_1_575' title='bbox 2934 3385 3101 3448; x_wconf 89' lang='lat' dir='ltr'><strong>enim,</strong></span> <span class='ocrx_word' id='word_1_576' title='bbox 3127 3399 3160 3439; x_wconf 91' lang='grc' dir='ltr'><strong>ο</strong></span> <span class='ocrx_word' id='word_1_577' title='bbox 3186 3386 3363 3453; x_wconf 86' lang='lat' dir='ltr'><strong>stulti,</strong></span> <span class='ocrx_word' id='word_1_578' title='bbox 3383 3385 3550 3447; x_wconf 80' lang='lat' dir='ltr'><strong>furati</strong></span> 
     </span>
    </p>
   </div>
   <div class='ocr_carea' id='block_1_80' title="bbox 1959 3455 3547 3544">
    <p class='ocr_par' dir='ltr' id='par_1_80' title="bbox 1959 3455 3547 3544">
     <span class='ocr_line' id='line_1_80' title="bbox 1959 3455 3547 3544; baseline 0.004 -16"><span class='ocrx_word' id='word_1_579' title='bbox 1959 3485 2145 3528; x_wconf 86' lang='lat' dir='ltr'><strong>essent</strong></span> <span class='ocrx_word' id='word_1_580' title='bbox 2196 3475 2467 3544; x_wconf 85' lang='lat' dir='ltr'><strong>discipuli,</strong></span> <span class='ocrx_word' id='word_1_581' title='bbox 2520 3478 2618 3544; x_wconf 83' lang='lat' dir='ltr'><strong>qui</strong></span> <span class='ocrx_word' id='word_1_582' title='bbox 2667 3491 2779 3544; x_wconf 74' lang='lat' dir='ltr'><strong>pne</strong></span> <span class='ocrx_word' id='word_1_583' title='bbox 2836 3484 2983 3528; x_wconf 89' lang='lat' dir='ltr'><strong>metu</strong></span> <span class='ocrx_word' id='word_1_584' title='bbox 3033 3455 3228 3531; x_wconf 74' lang='lat' dir='ltr'><strong>inclusi</strong></span> <span class='ocrx_word' id='word_1_585' title='bbox 3267 3487 3445 3544; x_wconf 87' lang='lat' dir='ltr'><strong>erant,</strong></span> <span class='ocrx_word' id='word_1_586' title='bbox 3491 3487 3547 3534; x_wconf 88' lang='lat' dir='ltr'><strong>et</strong></span> 
     </span>
    </p>
   </div>
   <div class='ocr_carea' id='block_1_81' title="bbox 1959 3567 3544 3633">
    <p class='ocr_par' dir='ltr' id='par_1_81' title="bbox 1959 3567 3544 3633">
     <span class='ocr_line' id='line_1_81' title="bbox 1959 3567 3544 3633; baseline 0.004 -14"><span class='ocrx_word' id='word_1_587' title='bbox 1959 3567 2180 3620; x_wconf 90' lang='lat' dir='ltr'><strong>omnino</strong></span> <span class='ocrx_word' id='word_1_588' title='bbox 2231 3569 2382 3620; x_wconf 79' lang='lat' dir='ltr'><strong>exire</strong></span> <span class='ocrx_word' id='word_1_589' title='bbox 2430 3581 2536 3621; x_wconf 84' lang='lat' dir='ltr'><strong>non</strong></span> <span class='ocrx_word' id='word_1_590' title='bbox 2585 3567 2891 3621; x_wconf 81' lang='lat' dir='ltr'><strong>audebant?</strong></span> <span class='ocrx_word' id='word_1_591' title='bbox 2942 3567 3225 3633; x_wconf 78' lang='lat' dir='ltr'><strong>Quomodo</strong></span> <span class='ocrx_word' id='word_1_592' title='bbox 3264 3579 3446 3624; x_wconf 88' lang='lat' dir='ltr'><strong>autem</strong></span> <span class='ocrx_word' id='word_1_593' title='bbox 3499 3571 3544 3625; x_wconf 88' lang='lat' dir='ltr'><strong>si</strong></span> 
     </span>
    </p>
   </div>
   <div class='ocr_carea' id='block_1_82' title="bbox 1959 3659 3544 3728">
    <p class='ocr_par' dir='ltr' id='par_1_82' title="bbox 1959 3659 3544 3728">
     <span class='ocr_line' id='line_1_82' title="bbox 1959 3659 3544 3728; baseline 0.004 -17"><span class='ocrx_word' id='word_1_594' title='bbox 1959 3659 2105 3712; x_wconf 78' lang='lat' dir='ltr'><strong>furto</strong></span> <span class='ocrx_word' id='word_1_595' title='bbox 2182 3659 2588 3727; x_wconf 70' lang='lat' dir='ltr'><strong>abstulissent,</strong></span> <span class='ocrx_word' id='word_1_596' title='bbox 2633 3669 2822 3728; x_wconf 89' lang='lat' dir='ltr'><strong>postea</strong></span> <span class='ocrx_word' id='word_1_597' title='bbox 2888 3668 3110 3726; x_wconf 87' lang='lat' dir='ltr'><strong>propter</strong></span> <span class='ocrx_word' id='word_1_598' title='bbox 3187 3659 3339 3715; x_wconf 90' lang='lat' dir='ltr'><strong>illum</strong></span> <span class='ocrx_word' id='word_1_599' title='bbox 3404 3664 3544 3718; x_wconf 86' lang='lat' dir='ltr'><strong>mori</strong></span> 
     </span>
    </p>
   </div>
   <div class='ocr_carea' id='block_1_83' title="bbox 1958 3745 3545 3816">
    <p class='ocr_par' dir='ltr' id='par_1_83' title="bbox 1958 3745 3545 3816">
     <span class='ocr_line' id='line_1_83' title="bbox 1958 3745 3545 3816; baseline 0.003 -16"><span class='ocrx_word' id='word_1_600' title='bbox 1958 3749 2278 3813; x_wconf 85' lang='lat' dir='ltr'><strong>voluissent,</strong></span> <span class='ocrx_word' id='word_1_601' title='bbox 2324 3749 2679 3816; x_wconf 75' lang='lat' dir='ltr'><strong>pra-dicentes</strong></span> <span class='ocrx_word' id='word_1_602' title='bbox 2719 3748 2868 3801; x_wconf 86' lang='lat' dir='ltr'><strong>illum</strong></span> <span class='ocrx_word' id='word_1_603' title='bbox 2905 3745 3293 3812; x_wconf 78' lang='lat' dir='ltr'><strong>resurrexisse,</strong></span> <span class='ocrx_word' id='word_1_604' title='bbox 3343 3758 3399 3804; x_wconf 86' lang='lat' dir='ltr'><strong>et</strong></span> <span class='ocrx_word' id='word_1_605' title='bbox 3442 3764 3545 3816; x_wconf 88' lang='lat' dir='ltr'><strong>pro</strong></span> 
     </span>
    </p>
   </div>
   <div class='ocr_carea' id='block_1_84' title="bbox 1957 3838 2664 3895">
    <p class='ocr_par' dir='ltr' id='par_1_84' title="bbox 1957 3838 2664 3895">
     <span class='ocr_line' id='line_1_84' title="bbox 1957 3838 2664 3895; baseline -0.004 -1"><span class='ocrx_word' id='word_1_606' title='bbox 1957 3841 2242 3895; x_wconf 83' lang='lat' dir='ltr'><strong>mendacio</strong></span> <span class='ocrx_word' id='word_1_607' title='bbox 2277 3841 2414 3894; x_wconf 86' lang='lat' dir='ltr'><strong>male</strong></span> <span class='ocrx_word' id='word_1_608' title='bbox 2445 3838 2664 3893; x_wconf 80' lang='lat' dir='ltr'><strong>aﬁ&#39;ccti?</strong></span> 
     </span>
    </p>
   </div>
   <div class='ocr_carea' id='block_1_85' title="bbox 2034 3927 3544 4001">
    <p class='ocr_par' dir='ltr' id='par_1_85' title="bbox 2034 3927 3544 4001">
     <span class='ocr_line' id='line_1_85' title="bbox 2034 3927 3544 4001; baseline 0.003 -18"><span class='ocrx_word' id='word_1_609' title='bbox 2034 3933 2196 3986; x_wconf 66' lang='lat' dir='ltr'><strong>Vens.</strong></span> <span class='ocrx_word' id='word_1_610' title='bbox 2237 3929 2424 3985; x_wconf 69' lang='lat'><strong>16-20.</strong></span> <span class='ocrx_word' id='word_1_611' title='bbox 2465 3948 2483 3980; x_wconf 79' lang='grc' dir='ltr'><strong>ι</strong></span> <span class='ocrx_word' id='word_1_612' title='bbox 2517 3927 2780 3985; x_wconf 90' lang='lat' dir='ltr'><strong>Undecim</strong></span> <span class='ocrx_word' id='word_1_613' title='bbox 2811 3939 2992 3986; x_wconf 89' lang='lat' dir='ltr'><strong>autem</strong></span> <span class='ocrx_word' id='word_1_614' title='bbox 3014 3931 3261 4001; x_wconf 86' lang='lat' dir='ltr'><strong>discipuli</strong></span> <span class='ocrx_word' id='word_1_615' title='bbox 3293 3932 3544 3988; x_wconf 85' lang='lat' dir='ltr'><strong>abierunt</strong></span> 
     </span>
    </p>
   </div>
   <div class='ocr_carea' id='block_1_86' title="bbox 1958 4023 3538 4080">
    <p class='ocr_par' dir='ltr' id='par_1_86' title="bbox 1958 4023 3538 4080">
     <span class='ocr_line' id='line_1_86' title="bbox 1958 4023 3538 4080; baseline 0.001 -1"><span class='ocrx_word' id='word_1_616' title='bbox 1958 4027 2012 4079; x_wconf 89' lang='lat' dir='ltr'><strong>in</strong></span> <span class='ocrx_word' id='word_1_617' title='bbox 2045 4024 2323 4079; x_wconf 67' lang='lat' dir='ltr'><strong>Galilaeam</strong></span> <span class='ocrx_word' id='word_1_618' title='bbox 2362 4023 2412 4077; x_wconf 92' lang='lat' dir='ltr'><strong>in</strong></span> <span class='ocrx_word' id='word_1_619' title='bbox 2449 4033 2689 4078; x_wconf 88' lang='lat' dir='ltr'><strong>montem</strong></span> <span class='ocrx_word' id='word_1_620' title='bbox 2731 4023 2818 4077; x_wconf 90' lang='lat' dir='ltr'><strong>ubi</strong></span> <span class='ocrx_word' id='word_1_621' title='bbox 2847 4024 3207 4078; x_wconf 70' lang='lat' dir='ltr'><strong>coitstituerat</strong></span> <span class='ocrx_word' id='word_1_622' title='bbox 3233 4025 3338 4080; x_wconf 88' lang='lat' dir='ltr'><strong>illis</strong></span> <span class='ocrx_word' id='word_1_623' title='bbox 3355 4024 3538 4080; x_wconf 88' lang='lat' dir='ltr'><strong>Jesus.</strong></span> 
     </span>
    </p>
   </div>
   <div class='ocr_carea' id='block_1_87' title="bbox 1957 4113 3540 4181">
    <p class='ocr_par' dir='ltr' id='par_1_87' title="bbox 1957 4113 3540 4181">
     <span class='ocr_line' id='line_1_87' title="bbox 1957 4113 3540 4181; baseline 0.001 -11"><span class='ocrx_word' id='word_1_624' title='bbox 1957 4116 2172 4171; x_wconf 78' lang='lat' dir='ltr'><strong>Etcum</strong></span> <span class='ocrx_word' id='word_1_625' title='bbox 2205 4115 2467 4169; x_wconf 81' lang='lat' dir='ltr'><strong>vidissent</strong></span> <span class='ocrx_word' id='word_1_626' title='bbox 2490 4113 2660 4175; x_wconf 86' lang='lat' dir='ltr'><strong>illum,</strong></span> <span class='ocrx_word' id='word_1_627' title='bbox 2683 4115 3049 4169; x_wconf 85' lang='lat' dir='ltr'><strong>adoraverunt</strong></span> <span class='ocrx_word' id='word_1_628' title='bbox 3088 4131 3234 4181; x_wconf 90' lang='lat' dir='ltr'><strong>eum,</strong></span> <span class='ocrx_word' id='word_1_629' title='bbox 3271 4117 3324 4169; x_wconf 92' lang='lat' dir='ltr'><strong>bi</strong></span> <span class='ocrx_word' id='word_1_630' title='bbox 3359 4125 3540 4171; x_wconf 86' lang='lat' dir='ltr'><strong>autem</strong></span> 
     </span>
    </p>
   </div>
   <div class='ocr_carea' id='block_1_88' title="bbox 1955 4201 3542 4261">
    <p class='ocr_par' dir='ltr' id='par_1_88' title="bbox 1955 4201 3542 4261">
     <span class='ocr_line' id='line_1_88' title="bbox 1955 4201 3542 4261; baseline -0.001 0"><span class='ocrx_word' id='word_1_631' title='bbox 1955 4208 2355 4261; x_wconf 83' lang='lat' dir='ltr'><strong>dubitaverunt.</strong></span> <span class='ocrx_word' id='word_1_632' title='bbox 2387 4204 2452 4258; x_wconf 83' lang='lat' dir='ltr'><strong>Et</strong></span> <span class='ocrx_word' id='word_1_633' title='bbox 2495 4207 2761 4259; x_wconf 85' lang='lat' dir='ltr'><strong>accedens</strong></span> <span class='ocrx_word' id='word_1_634' title='bbox 2786 4201 2946 4259; x_wconf 86' lang='lat' dir='ltr'><strong>Jesus</strong></span> <span class='ocrx_word' id='word_1_635' title='bbox 2975 4205 3185 4261; x_wconf 87' lang='lat' dir='ltr'><strong>locutus</strong></span> <span class='ocrx_word' id='word_1_636' title='bbox 3211 4215 3298 4260; x_wconf 88' lang='lat' dir='ltr'><strong>est</strong></span> <span class='ocrx_word' id='word_1_637' title='bbox 3334 4207 3416 4261; x_wconf 91' lang='lat' dir='ltr'><strong>eis</strong></span> <span class='ocrx_word' id='word_1_638' title='bbox 3451 4207 3542 4260; x_wconf 75' lang='lat' dir='ltr'><strong>di~</strong></span> 
     </span>
    </p>
   </div>
   <div class='ocr_carea' id='block_1_89' title="bbox 1954 4297 3541 4367">
    <p class='ocr_par' dir='ltr' id='par_1_89' title="bbox 1954 4297 3541 4367">
     <span class='ocr_line' id='line_1_89' title="bbox 1954 4297 3541 4367; baseline 0 -11"><span class='ocrx_word' id='word_1_639' title='bbox 1954 4315 2118 4356; x_wconf 86' lang='lat' dir='ltr'><strong>cens:</strong></span> <span class='ocrx_word' id='word_1_640' title='bbox 2156 4298 2291 4353; x_wconf 87' lang='lat' dir='ltr'><strong>Data</strong></span> <span class='ocrx_word' id='word_1_641' title='bbox 2323 4308 2403 4352; x_wconf 89' lang='lat' dir='ltr'><strong>est</strong></span> <span class='ocrx_word' id='word_1_642' title='bbox 2444 4297 2574 4351; x_wconf 89' lang='lat' dir='ltr'><strong>mihi</strong></span> <span class='ocrx_word' id='word_1_643' title='bbox 2606 4300 2786 4353; x_wconf 88' lang='lat' dir='ltr'><strong>omnis</strong></span> <span class='ocrx_word' id='word_1_644' title='bbox 2830 4307 3069 4367; x_wconf 86' lang='lat' dir='ltr'><strong>potestas</strong></span> <span class='ocrx_word' id='word_1_645' title='bbox 3105 4299 3157 4353; x_wconf 91' lang='lat' dir='ltr'><strong>in</strong></span> <span class='ocrx_word' id='word_1_646' title='bbox 3189 4298 3330 4354; x_wconf 80' lang='lat' dir='ltr'><strong>ctelo</strong></span> <span class='ocrx_word' id='word_1_647' title='bbox 3377 4308 3433 4354; x_wconf 92' lang='lat' dir='ltr'><strong>et</strong></span> <span class='ocrx_word' id='word_1_648' title='bbox 3486 4300 3541 4356; x_wconf 90' lang='lat' dir='ltr'><strong>in</strong></span> 
     </span>
    </p>
   </div>
   <div class='ocr_carea' id='block_1_90' title="bbox 1956 4389 3543 4459">
    <p class='ocr_par' dir='ltr' id='par_1_90' title="bbox 1956 4389 3543 4459">
     <span class='ocr_line' id='line_1_90' title="bbox 1956 4389 3543 4459; baseline -0.001 -14"><span class='ocrx_word' id='word_1_649' title='bbox 1956 4399 2139 4456; x_wconf 84' lang='lat' dir='ltr'><strong>terra;</strong></span> <span class='ocrx_word' id='word_1_650' title='bbox 2176 4401 2370 4444; x_wconf 84' lang='lat' dir='ltr'><strong>euntes</strong></span> <span class='ocrx_word' id='word_1_651' title='bbox 2406 4402 2538 4457; x_wconf 79' lang='lat' dir='ltr'><strong>ergo</strong></span> <span class='ocrx_word' id='word_1_652' title='bbox 2570 4391 2760 4443; x_wconf 87' lang='lat' dir='ltr'><strong>docete</strong></span> <span class='ocrx_word' id='word_1_653' title='bbox 2792 4403 2982 4442; x_wconf 90' lang='lat' dir='ltr'><strong>omnes</strong></span> <span class='ocrx_word' id='word_1_654' title='bbox 3017 4400 3226 4459; x_wconf 90' lang='lat' dir='ltr'><strong>gentes,</strong></span> <span class='ocrx_word' id='word_1_655' title='bbox 3256 4389 3543 4457; x_wconf 83' lang='lat' dir='ltr'><strong>baptizan-</strong></span> 
     </span>
    </p>
   </div>
   <div class='ocr_carea' id='block_1_91' title="bbox 265 4477 1857 4554">
    <p class='ocr_par' dir='ltr' id='par_1_91' title="bbox 265 4478 1843 4554">
     <span class='ocr_line' id='line_1_91' title="bbox 265 4478 1843 4554; baseline -0.003 -17"><span class='ocrx_word' id='word_1_656' title='bbox 265 4481 621 4554; x_wconf 70' lang='grc' dir='ltr'>βαπτίζοντες</span> <span class='ocrx_word' id='word_1_657' title='bbox 642 4482 836 4543; x_wconf 73' lang='grc' dir='ltr'>αὐτοὺς</span> <span class='ocrx_word' id='word_1_658' title='bbox 869 4483 947 4543; x_wconf 77' lang='grc' dir='ltr'>εἰς</span> <span class='ocrx_word' id='word_1_659' title='bbox 971 4482 1030 4532; x_wconf 85' lang='grc' dir='ltr'><strong>τὸ</strong></span> <span class='ocrx_word' id='word_1_660' title='bbox 1046 4480 1214 4548; x_wconf 55' lang='grc' dir='ltr'>δνεμα</span> <span class='ocrx_word' id='word_1_661' title='bbox 1241 4480 1336 4533; x_wconf 77' lang='grc' dir='ltr'><strong>τδῦ</strong></span> <span class='ocrx_word' id='word_1_662' title='bbox 1365 4480 1605 4550; x_wconf 78' lang='grc' dir='ltr'>Πατρὺς,</span> <span class='ocrx_word' id='word_1_663' title='bbox 1631 4482 1724 4533; x_wconf 75' lang='grc' dir='ltr'>καὶ</span> <span class='ocrx_word' id='word_1_664' title='bbox 1749 4478 1843 4532; x_wconf 83' lang='grc' dir='ltr'>τοῦ</span> 
     </span>
    </p>
   </div>
   <div class='ocr_carea' id='block_1_92' title="bbox 1964 4477 3536 4554">
    <p class='ocr_par' dir='ltr' id='par_1_92' title="bbox 1964 4477 3536 4549">
     <span class='ocr_line' id='line_1_92' title="bbox 1964 4477 3536 4549; baseline -0.002 -12"><span class='ocrx_word' id='word_1_665' title='bbox 1964 4493 2034 4537; x_wconf 79' lang='lat' dir='ltr'><strong>les</strong></span> <span class='ocrx_word' id='word_1_666' title='bbox 2064 4496 2158 4536; x_wconf 89' lang='lat' dir='ltr'><strong>eos</strong></span> <span class='ocrx_word' id='word_1_667' title='bbox 2184 4481 2236 4536; x_wconf 90' lang='lat' dir='ltr'><strong>iu</strong></span> <span class='ocrx_word' id='word_1_668' title='bbox 2263 4479 2484 4536; x_wconf 83' lang='lat' dir='ltr'><strong>nomine</strong></span> <span class='ocrx_word' id='word_1_669' title='bbox 2511 4479 2711 4546; x_wconf 84' lang='lat' dir='ltr'><strong>Patris,</strong></span> <span class='ocrx_word' id='word_1_670' title='bbox 2736 4489 2795 4534; x_wconf 86' lang='lat' dir='ltr'><strong>et</strong></span> <span class='ocrx_word' id='word_1_671' title='bbox 2828 4477 2975 4543; x_wconf 84' lang='lat' dir='ltr'><strong>Filii,</strong></span> <span class='ocrx_word' id='word_1_672' title='bbox 3003 4488 3057 4534; x_wconf 91' lang='lat' dir='ltr'><strong>et</strong></span> <span class='ocrx_word' id='word_1_673' title='bbox 3085 4480 3320 4549; x_wconf 85' lang='lat' dir='ltr'><strong>Spiritus</strong></span> <span class='ocrx_word' id='word_1_674' title='bbox 3339 4483 3536 4548; x_wconf 89' lang='lat' dir='ltr'><strong>snncti,</strong></span> 
     </span>
    </p>
   </div>
   <div class='ocr_carea' id='block_1_93' title="bbox 265 4570 1847 4639">
    <p class='ocr_par' dir='ltr' id='par_1_93' title="bbox 265 4570 1847 4639">
     <span class='ocr_line' id='line_1_93' title="bbox 265 4570 1847 4639; baseline -0.003 -12"><span class='ocrx_word' id='word_1_675' title='bbox 265 4572 428 4637; x_wconf 83' lang='grc' dir='ltr'>Υίοῦ,</span> <span class='ocrx_word' id='word_1_676' title='bbox 465 4574 560 4625; x_wconf 72' lang='grc' dir='ltr'>καὶ</span> <span class='ocrx_word' id='word_1_677' title='bbox 592 4571 686 4624; x_wconf 80' lang='grc' dir='ltr'><strong>τοῦ</strong></span> <span class='ocrx_word' id='word_1_678' title='bbox 708 4570 866 4632; x_wconf 82' lang='grc' dir='ltr'>ἁγίου</span> <span class='ocrx_word' id='word_1_679' title='bbox 903 4571 1242 4639; x_wconf 83' lang='grc' dir='ltr'>Πνεύματος,</span> <span class='ocrx_word' id='word_1_680' title='bbox 1276 4570 1620 4633; x_wconf 79' lang='grc' dir='ltr'>διδάσκοντες</span> <span class='ocrx_word' id='word_1_681' title='bbox 1647 4571 1847 4634; x_wconf 83' lang='grc' dir='ltr'>αὐτοὺς</span> 
     </span>
    </p>
   </div>
   <div class='ocr_carea' id='block_1_94' title="bbox 259 4660 1848 4735">
    <p class='ocr_par' dir='ltr' id='par_1_94' title="bbox 259 4660 1848 4735">
     <span class='ocr_line' id='line_1_94' title="bbox 259 4660 1848 4735; baseline -0.003 -18"><span class='ocrx_word' id='word_1_682' title='bbox 259 4667 455 4735; x_wconf 84' lang='grc' dir='ltr'>τηρεῖν</span> <span class='ocrx_word' id='word_1_683' title='bbox 511 4664 690 4717; x_wconf 88' lang='grc' dir='ltr'>πάντα</span> <span class='ocrx_word' id='word_1_684' title='bbox 732 4664 833 4715; x_wconf 82' lang='grc' dir='ltr'>ὃσα</span> <span class='ocrx_word' id='word_1_685' title='bbox 873 4661 1232 4731; x_wconf 72' lang='grc' dir='ltr'>ἐνετειλάμην</span> <span class='ocrx_word' id='word_1_686' title='bbox 1264 4662 1414 4730; x_wconf 84' lang='grc' dir='ltr'>ὑμῖν,</span> <span class='ocrx_word' id='word_1_687' title='bbox 1460 4661 1555 4714; x_wconf 71' lang='grc' dir='ltr'>καὶ</span> <span class='ocrx_word' id='word_1_688' title='bbox 1590 4661 1700 4714; x_wconf 72' lang='lat' dir='ltr'><strong>[Bob</strong></span> <span class='ocrx_word' id='word_1_689' title='bbox 1737 4660 1848 4730; x_wconf 80' lang='grc' dir='ltr'><strong>ἐγὼ</strong></span> 
     </span>
    </p>
   </div>
   <div class='ocr_carea' id='block_1_95' title="bbox 265 4752 1847 4828">
    <p class='ocr_par' dir='ltr' id='par_1_95' title="bbox 265 4752 1847 4828">
     <span class='ocr_line' id='line_1_95' title="bbox 265 4752 1847 4828; baseline -0.003 -19"><span class='ocrx_word' id='word_1_690' title='bbox 265 4757 389 4828; x_wconf 82' lang='grc' dir='ltr'>μεθ’</span> <span class='ocrx_word' id='word_1_691' title='bbox 433 4755 588 4827; x_wconf 77' lang='grc' dir='ltr'>ὑμῶν</span> <span class='ocrx_word' id='word_1_692' title='bbox 631 4757 747 4825; x_wconf 75' lang='grc' dir='ltr'>ειμι</span> <span class='ocrx_word' id='word_1_693' title='bbox 788 4753 967 4817; x_wconf 90' lang='grc' dir='ltr'>πάσας</span> <span class='ocrx_word' id='word_1_694' title='bbox 1000 4752 1099 4816; x_wconf 84' lang='grc' dir='ltr'><strong>τὰς</strong></span> <span class='ocrx_word' id='word_1_695' title='bbox 1124 4753 1360 4824; x_wconf 79' lang='grc' dir='ltr'>ἡμέρας,</span> <span class='ocrx_word' id='word_1_696' title='bbox 1387 4753 1492 4817; x_wconf 75' lang='grc' dir='ltr'>ἕως</span> <span class='ocrx_word' id='word_1_697' title='bbox 1523 4754 1621 4825; x_wconf 82' lang='grc' dir='ltr'>τῆς</span> <span class='ocrx_word' id='word_1_698' title='bbox 1657 4769 1847 4806; x_wconf 88' lang='grc' dir='ltr'>συντε-</span> 
     </span>
    </p>
   </div>
   <div class='ocr_carea' id='block_1_96' title="bbox 261 4840 1850 4914">
    <p class='ocr_par' dir='ltr' id='par_1_96' title="bbox 261 4840 1850 4914">
     <span class='ocr_line' id='line_1_96' title="bbox 261 4840 1850 4914; baseline -0.003 -13"><span class='ocrx_word' id='word_1_699' title='bbox 261 4843 417 4912; x_wconf 69' lang='grc' dir='ltr'>λείας</span> <span class='ocrx_word' id='word_1_700' title='bbox 476 4846 570 4900; x_wconf 84' lang='grc' dir='ltr'>τοῦ</span> <span class='ocrx_word' id='word_1_701' title='bbox 627 4847 845 4909; x_wconf 73' lang='grc' dir='ltr'>αἰῶνος.</span> <span class='ocrx_word' id='word_1_702' title='bbox 890 4864 908 4897; x_wconf 73' lang='grc' dir='ltr'><strong>ι</strong></span> <span class='ocrx_word' id='word_1_703' title='bbox 956 4846 1112 4899; x_wconf 82' lang='grc' dir='ltr'>Κατὰ</span> <span class='ocrx_word' id='word_1_704' title='bbox 1159 4845 1250 4897; x_wconf 83' lang='grc' dir='ltr'><strong>τὸν</strong></span> <span class='ocrx_word' id='word_1_705' title='bbox 1313 4840 1574 4914; x_wconf 81' lang='grc' dir='ltr'>Ἰωάννην</span> <span class='ocrx_word' id='word_1_706' title='bbox 1629 4843 1850 4912; x_wconf 87' lang='grc' dir='ltr'>πρῶτον</span> 
     </span>
    </p>
   </div>
   <div class='ocr_carea' id='block_1_97' title="bbox 264 4934 1848 5009">
    <p class='ocr_par' dir='ltr' id='par_1_97' title="bbox 264 4934 1848 5009">
     <span class='ocr_line' id='line_1_97' title="bbox 264 4934 1848 5009; baseline -0.004 -17"><span class='ocrx_word' id='word_1_707' title='bbox 264 4939 424 5009; x_wconf 79' lang='grc' dir='ltr'>ῶφθη</span> <span class='ocrx_word' id='word_1_708' title='bbox 455 4941 569 5001; x_wconf 83' lang='grc' dir='ltr'>τοῖς</span> <span class='ocrx_word' id='word_1_709' title='bbox 597 4938 908 5008; x_wconf 82' lang='grc' dir='ltr'>μαθηταῖςὸ</span> <span class='ocrx_word' id='word_1_710' title='bbox 937 4934 1142 5005; x_wconf 80' lang='grc' dir='ltr'>Ἰησοῦς</span> <span class='ocrx_word' id='word_1_711' title='bbox 1176 4934 1296 4988; x_wconf 77' lang='grc' dir='ltr'>κατ’</span> <span class='ocrx_word' id='word_1_712' title='bbox 1314 4934 1483 5005; x_wconf 80' lang='grc' dir='ltr'>αὐτὴν</span> <span class='ocrx_word' id='word_1_713' title='bbox 1508 4935 1606 5004; x_wconf 83' lang='grc' dir='ltr'>τὴν</span> <span class='ocrx_word' id='word_1_714' title='bbox 1635 4934 1848 5004; x_wconf 75' lang='grc' dir='ltr'>ἡμέραν</span> 
     </span>
    </p>
   </div>
   <div class='ocr_carea' id='block_1_98' title="bbox 261 5023 1849 5099">
    <p class='ocr_par' dir='ltr' id='par_1_98' title="bbox 261 5023 1849 5099">
     <span class='ocr_line' id='line_1_98' title="bbox 261 5023 1849 5099; baseline -0.001 -17"><span class='ocrx_word' id='word_1_715' title='bbox 261 5030 379 5099; x_wconf 78' lang='grc' dir='ltr'>τῆς</span> <span class='ocrx_word' id='word_1_716' title='bbox 420 5028 795 5090; x_wconf 83' lang='grc' dir='ltr'>ἀναστάσεως,</span> <span class='ocrx_word' id='word_1_717' title='bbox 850 5026 961 5079; x_wconf 89' lang='grc' dir='ltr'><strong>τῶν</strong></span> <span class='ocrx_word' id='word_1_718' title='bbox 1018 5027 1198 5095; x_wconf 88' lang='grc' dir='ltr'>θυρῶν</span> <span class='ocrx_word' id='word_1_719' title='bbox 1258 5027 1697 5096; x_wconf 85' lang='grc' dir='ltr'>κεκλεισμένων·</span> <span class='ocrx_word' id='word_1_720' title='bbox 1730 5023 1849 5081; x_wconf 76' lang='grc' dir='ltr'>εἶτα</span> 
     </span>
    </p>
   </div>
   <div class='ocr_carea' id='block_1_99' title="bbox 268 5115 1848 5192">
    <p class='ocr_par' dir='ltr' id='par_1_99' title="bbox 268 5115 1848 5192">
     <span class='ocr_line' id='line_1_99' title="bbox 268 5115 1848 5192; baseline -0.001 -18"><span class='ocrx_word' id='word_1_721' title='bbox 268 5117 391 5192; x_wconf 71' lang='grc' dir='ltr'>μεθ’</span> <span class='ocrx_word' id='word_1_722' title='bbox 411 5120 629 5190; x_wconf 77' lang='grc' dir='ltr'>ἡμέρας</span> <span class='ocrx_word' id='word_1_723' title='bbox 648 5119 813 5185; x_wconf 84' lang='grc' dir='ltr'>ὀκτὼ,</span> <span class='ocrx_word' id='word_1_724' title='bbox 842 5120 931 5172; x_wconf 81' lang='grc' dir='ltr'>ὅτε</span> <span class='ocrx_word' id='word_1_725' title='bbox 958 5119 1051 5171; x_wconf 76' lang='grc' dir='ltr'>καὶ</span> <span class='ocrx_word' id='word_1_726' title='bbox 1077 5119 1104 5170; x_wconf 94' lang='lat'><strong>6</strong></span> <span class='ocrx_word' id='word_1_727' title='bbox 1132 5119 1333 5186; x_wconf 74' lang='grc' dir='ltr'>Θωμᾶς</span> <span class='ocrx_word' id='word_1_728' title='bbox 1361 5121 1695 5174; x_wconf 84' lang='grc' dir='ltr'>ἐπίστευσεν·</span> <span class='ocrx_word' id='word_1_729' title='bbox 1720 5115 1848 5173; x_wconf 74' lang='grc' dir='ltr'>εἶτα</span> 
     </span>
    </p>
   </div>
   <div class='ocr_carea' id='block_1_100' title="bbox 265 5209 1846 5280">
    <p class='ocr_par' dir='ltr' id='par_1_100' title="bbox 265 5209 1846 5280">
     <span class='ocr_line' id='line_1_100' title="bbox 265 5209 1846 5280; baseline -0.002 -15"><span class='ocrx_word' id='word_1_730' title='bbox 265 5209 458 5280; x_wconf 72' lang='grc' dir='ltr'>ἐπειδὴ</span> <span class='ocrx_word' id='word_1_731' title='bbox 487 5209 710 5280; x_wconf 66' lang='grc' dir='ltr'>ἔμελλον</span> <span class='ocrx_word' id='word_1_732' title='bbox 767 5211 844 5272; x_wconf 78' lang='grc' dir='ltr'>εἰς</span> <span class='ocrx_word' id='word_1_733' title='bbox 890 5210 1179 5264; x_wconf 75' lang='grc' dir='ltr'>Γαλιλαίαν</span> <span class='ocrx_word' id='word_1_734' title='bbox 1215 5211 1543 5280; x_wconf 79' lang='grc' dir='ltr'>ἀπαντῆσαι,</span> <span class='ocrx_word' id='word_1_735' title='bbox 1599 5209 1754 5264; x_wconf 75' lang='grc' dir='ltr'>οὔπω</span> <span class='ocrx_word' id='word_1_736' title='bbox 1788 5211 1846 5264; x_wconf 82' lang='grc' dir='ltr'>δὲ</span> 
     </span>
    </p>
   </div>
   <div class='ocr_carea' id='block_1_101' title="bbox 265 5301 1846 5372">
    <p class='ocr_par' dir='ltr' id='par_1_101' title="bbox 265 5301 1846 5372">
     <span class='ocr_line' id='line_1_101' title="bbox 265 5301 1846 5372; baseline -0.002 -15"><span class='ocrx_word' id='word_1_737' title='bbox 265 5302 472 5364; x_wconf 77' lang='grc' dir='ltr'>πάντες</span> <span class='ocrx_word' id='word_1_738' title='bbox 505 5301 639 5370; x_wconf 86' lang='grc' dir='ltr'>δμοῦ</span> <span class='ocrx_word' id='word_1_739' title='bbox 676 5302 1042 5372; x_wconf 83' lang='grc' dir='ltr'>συνήχθησαν,</span> <span class='ocrx_word' id='word_1_740' title='bbox 1080 5301 1217 5354; x_wconf 83' lang='grc' dir='ltr'>ἀλλά</span> <span class='ocrx_word' id='word_1_741' title='bbox 1249 5317 1395 5364; x_wconf 85' lang='grc' dir='ltr'>τινες</span> <span class='ocrx_word' id='word_1_742' title='bbox 1419 5301 1602 5354; x_wconf 81' lang='grc' dir='ltr'>αὐτῶν</span> <span class='ocrx_word' id='word_1_743' title='bbox 1633 5301 1846 5372; x_wconf 78' lang='grc' dir='ltr'>ἡλίευον</span> 
     </span>
    </p>
   </div>
   <div class='ocr_carea' id='block_1_102' title="bbox 267 5393 1850 5464">
    <p class='ocr_par' dir='ltr' id='par_1_102' title="bbox 267 5393 1850 5464">
     <span class='ocr_line' id='line_1_102' title="bbox 267 5393 1850 5464; baseline -0.001 -17"><span class='ocrx_word' id='word_1_744' title='bbox 267 5395 367 5448; x_wconf 70' lang='grc' dir='ltr'>επὶ</span> <span class='ocrx_word' id='word_1_745' title='bbox 419 5394 520 5462; x_wconf 84' lang='grc' dir='ltr'>τῆς</span> <span class='ocrx_word' id='word_1_746' title='bbox 564 5393 911 5464; x_wconf 85' lang='grc' dir='ltr'>Τιϐεριάδος,</span> <span class='ocrx_word' id='word_1_747' title='bbox 938 5395 1109 5463; x_wconf 75' lang='grc' dir='ltr'>ἐφάνη</span> <span class='ocrx_word' id='word_1_748' title='bbox 1143 5394 1263 5446; x_wconf 89' lang='grc' dir='ltr'>τότε</span> <span class='ocrx_word' id='word_1_749' title='bbox 1310 5397 1418 5456; x_wconf 87' lang='grc' dir='ltr'>τοῖς</span> <span class='ocrx_word' id='word_1_750' title='bbox 1443 5393 1718 5447; x_wconf 81' lang='grc' dir='ltr'>ἁλιεύουσι</span> <span class='ocrx_word' id='word_1_751' title='bbox 1752 5394 1850 5464; x_wconf 81' lang='grc' dir='ltr'>μό·</span> 
     </span>
    </p>
   </div>
   <div class='ocr_carea' id='block_1_103' title="bbox 266 5483 1848 5555">
    <p class='ocr_par' dir='ltr' id='par_1_103' title="bbox 266 5483 1848 5555">
     <span class='ocr_line' id='line_1_103' title="bbox 266 5483 1848 5555; baseline -0.002 -14"><span class='ocrx_word' id='word_1_752' title='bbox 266 5502 403 5552; x_wconf 80' lang='grc' dir='ltr'>νοις,</span> <span class='ocrx_word' id='word_1_753' title='bbox 429 5485 568 5539; x_wconf 77' lang='grc' dir='ltr'>ἑπτὰ</span> <span class='ocrx_word' id='word_1_754' title='bbox 586 5483 726 5539; x_wconf 75' lang='grc' dir='ltr'>οὖσι.</span> <span class='ocrx_word' id='word_1_755' title='bbox 752 5485 865 5537; x_wconf 86' lang='grc' dir='ltr'><strong>Νῦν</strong></span> <span class='ocrx_word' id='word_1_756' title='bbox 895 5485 987 5538; x_wconf 78' lang='grc' dir='ltr'>οὖν</span> <span class='ocrx_word' id='word_1_757' title='bbox 1010 5487 1036 5538; x_wconf 77' lang='grc' dir='ltr'><strong>ὃ</strong></span> <span class='ocrx_word' id='word_1_758' title='bbox 1058 5503 1219 5555; x_wconf 81' lang='grc' dir='ltr'>φησιν</span> <span class='ocrx_word' id='word_1_759' title='bbox 1246 5488 1271 5537; x_wconf 88' lang='lat'><strong>6</strong></span> <span class='ocrx_word' id='word_1_760' title='bbox 1303 5485 1597 5549; x_wconf 85' lang='grc' dir='ltr'>Ματθαίος,</span> <span class='ocrx_word' id='word_1_761' title='bbox 1625 5483 1848 5555; x_wconf 79' lang='grc' dir='ltr'>ὕστερον</span> 
     </span>
    </p>
   </div>
   <div class='ocr_carea' id='block_1_104' title="bbox 273 5577 1847 5649">
    <p class='ocr_par' dir='ltr' id='par_1_104' title="bbox 273 5577 1847 5649">
     <span class='ocr_line' id='line_1_104' title="bbox 273 5577 1847 5649; baseline 0 -17"><span class='ocrx_word' id='word_1_762' title='bbox 273 5578 529 5647; x_wconf 71' lang='grc' dir='ltr'>ἐγένετο,</span> <span class='ocrx_word' id='word_1_763' title='bbox 575 5577 686 5632; x_wconf 87' lang='grc' dir='ltr'><strong>τῶν</strong></span> <span class='ocrx_word' id='word_1_764' title='bbox 743 5578 894 5648; x_wconf 83' lang='grc' dir='ltr'>παρὰ</span> <span class='ocrx_word' id='word_1_765' title='bbox 945 5577 1023 5645; x_wconf 86' lang='grc' dir='ltr'><strong>τῷ</strong></span> <span class='ocrx_word' id='word_1_766' title='bbox 1066 5579 1288 5649; x_wconf 80' lang='grc' dir='ltr'>Ἰωάννη</span> <span class='ocrx_word' id='word_1_767' title='bbox 1317 5579 1578 5649; x_wconf 86' lang='grc' dir='ltr'>πρότερον</span> <span class='ocrx_word' id='word_1_768' title='bbox 1620 5579 1847 5648; x_wconf 82' lang='grc' dir='ltr'>γενομέ-</span> 
     </span>
    </p>
   </div>
   <div class='ocr_carea' id='block_1_105' title="bbox 346 5752 842 5820">
    <p class='ocr_par' dir='ltr' id='par_1_105' title="bbox 346 5752 842 5820">
     <span class='ocr_line' id='line_1_105' title="bbox 346 5752 842 5820; baseline -0.008 -11"><span class='ocrx_word' id='word_1_769' title='bbox 346 5753 395 5787; x_wconf 82' lang='lat'>&quot;</span> <span class='ocrx_word' id='word_1_770' title='bbox 424 5752 580 5810; x_wconf 79' lang='lat' dir='ltr'><strong>Joan.</strong></span> <span class='ocrx_word' id='word_1_771' title='bbox 622 5769 718 5820; x_wconf 74' lang='lat' dir='ltr'><strong>xx,</strong></span> <span class='ocrx_word' id='word_1_772' title='bbox 755 5753 842 5805; x_wconf 79' lang='lat' dir='ltr'><strong>l7.</strong></span> 
     </span>
    </p>
   </div>
   <div class='ocr_carea' id='block_1_106' title="bbox 1948 4573 3538 4643">
    <p class='ocr_par' dir='ltr' id='par_1_106' title="bbox 1948 4573 3538 4643">
     <span class='ocr_line' id='line_1_106' title="bbox 1948 4573 3538 4643; baseline -0.001 -12"><span class='ocrx_word' id='word_1_773' title='bbox 1948 4576 2206 4631; x_wconf 87' lang='lat' dir='ltr'><strong>docentes</strong></span> <span class='ocrx_word' id='word_1_774' title='bbox 2247 4587 2353 4628; x_wconf 89' lang='lat' dir='ltr'><strong>eos-</strong></span> <span class='ocrx_word' id='word_1_775' title='bbox 2408 4587 2632 4627; x_wconf 84' lang='lat' dir='ltr'><strong>servare</strong></span> <span class='ocrx_word' id='word_1_776' title='bbox 2688 4573 2869 4627; x_wconf 87' lang='lat' dir='ltr'><strong>omnia</strong></span> <span class='ocrx_word' id='word_1_777' title='bbox 2927 4575 3538 4643; x_wconf 68' lang='lat' dir='ltr'><strong>quaecunque-praecepi</strong></span> 
     </span>
    </p>
   </div>
   <div class='ocr_carea' id='block_1_107' title="bbox 1949 4664 3538 4732">
    <p class='ocr_par' dir='ltr' id='par_1_107' title="bbox 1949 4664 3538 4732">
     <span class='ocr_line' id='line_1_107' title="bbox 1949 4664 3538 4732; baseline 0.003 -14"><span class='ocrx_word' id='word_1_778' title='bbox 1949 4666 2120 4721; x_wconf 77' lang='lat' dir='ltr'><strong>vobis.</strong></span> <span class='ocrx_word' id='word_1_779' title='bbox 2157 4665 2224 4719; x_wconf 90' lang='lat' dir='ltr'><strong>Et</strong></span> <span class='ocrx_word' id='word_1_780' title='bbox 2252 4677 2380 4719; x_wconf 91' lang='lat' dir='ltr'><strong>ecce</strong></span> <span class='ocrx_word' id='word_1_781' title='bbox 2408 4678 2508 4732; x_wconf 87' lang='lat' dir='ltr'><strong>ego</strong></span> <span class='ocrx_word' id='word_1_782' title='bbox 2550 4664 2834 4718; x_wconf 87' lang='lat' dir='ltr'><strong>vobiscum</strong></span> <span class='ocrx_word' id='word_1_783' title='bbox 2879 4679 2999 4719; x_wconf 86' lang='lat' dir='ltr'><strong>sum</strong></span> <span class='ocrx_word' id='word_1_784' title='bbox 3037 4666 3293 4720; x_wconf 89' lang='lat' dir='ltr'><strong>omnibus</strong></span> <span class='ocrx_word' id='word_1_785' title='bbox 3343 4665 3538 4722; x_wconf 87' lang='lat' dir='ltr'><strong>diebus</strong></span> 
     </span>
    </p>
   </div>
   <div class='ocr_carea' id='block_1_108' title="bbox 1949 4755 3534 4826">
    <p class='ocr_par' dir='ltr' id='par_1_108' title="bbox 1949 4755 3534 4826">
     <span class='ocr_line' id='line_1_108' title="bbox 1949 4755 3534 4826; baseline -0.001 -14"><span class='ocrx_word' id='word_1_786' title='bbox 1949 4771 2123 4826; x_wconf 90' lang='lat' dir='ltr'><strong>usque</strong></span> <span class='ocrx_word' id='word_1_787' title='bbox 2168 4755 2236 4810; x_wconf 85' lang='lat' dir='ltr'><strong>ad</strong></span> <span class='ocrx_word' id='word_1_788' title='bbox 2285 4756 2813 4810; x_wconf 87' lang='lat' dir='ltr'><strong>consummationem</strong></span> <span class='ocrx_word' id='word_1_789' title='bbox 2868 4755 3078 4811; x_wconf 75' lang='lat' dir='ltr'><strong>saeculi.</strong></span> <span class='ocrx_word' id='word_1_790' title='bbox 3138 4773 3158 4808; x_wconf 72' lang='grc' dir='ltr'><strong>ι</strong></span> <span class='ocrx_word' id='word_1_791' title='bbox 3219 4755 3534 4810; x_wconf 89' lang='lat' dir='ltr'><strong>Secundum</strong></span> 
     </span>
    </p>
   </div>
   <div class='ocr_carea' id='block_1_109' title="bbox 1950 4844 3539 4918">
    <p class='ocr_par' dir='ltr' id='par_1_109' title="bbox 1950 4844 3539 4918">
     <span class='ocr_line' id='line_1_109' title="bbox 1950 4844 3539 4918; baseline 0.001 -17"><span class='ocrx_word' id='word_1_792' title='bbox 1950 4844 2236 4910; x_wconf 79' lang='lat' dir='ltr'><strong>Joannem,</strong></span> <span class='ocrx_word' id='word_1_793' title='bbox 2280 4844 2515 4915; x_wconf 86' lang='lat' dir='ltr'><strong>primum</strong></span> <span class='ocrx_word' id='word_1_794' title='bbox 2551 4845 2831 4915; x_wconf 88' lang='lat' dir='ltr'><strong>discipulis</strong></span> <span class='ocrx_word' id='word_1_795' title='bbox 2869 4847 3020 4900; x_wconf 84' lang='lat' dir='ltr'><strong>visus</strong></span> <span class='ocrx_word' id='word_1_796' title='bbox 3047 4854 3130 4901; x_wconf 88' lang='lat' dir='ltr'><strong>est</strong></span> <span class='ocrx_word' id='word_1_797' title='bbox 3169 4844 3328 4902; x_wconf 78' lang='lat' dir='ltr'><strong>Jesus</strong></span> <span class='ocrx_word' id='word_1_798' title='bbox 3377 4847 3539 4918; x_wconf 73' lang='lat'><strong>166</strong></span> 
     </span>
    </p>
   </div>
   <div class='ocr_carea' id='block_1_110' title="bbox 1951 4936 3538 5009">
    <p class='ocr_par' dir='ltr' id='par_1_110' title="bbox 1951 4936 3538 5009">
     <span class='ocr_line' id='line_1_110' title="bbox 1951 4936 3538 5009; baseline 0.004 -17"><span class='ocrx_word' id='word_1_799' title='bbox 1951 4939 2070 5007; x_wconf 88' lang='lat' dir='ltr'><strong>ipso</strong></span> <span class='ocrx_word' id='word_1_800' title='bbox 2117 4936 2204 4991; x_wconf 90' lang='lat' dir='ltr'><strong>die</strong></span> <span class='ocrx_word' id='word_1_801' title='bbox 2264 4937 2704 5002; x_wconf 84' lang='lat' dir='ltr'><strong>resurrectionis,</strong></span> <span class='ocrx_word' id='word_1_802' title='bbox 2767 4937 2968 4992; x_wconf 81' lang='lat' dir='ltr'><strong>clausis</strong></span> <span class='ocrx_word' id='word_1_803' title='bbox 3035 4939 3276 5009; x_wconf 81' lang='lat' dir='ltr'><strong>januis:</strong></span> <span class='ocrx_word' id='word_1_804' title='bbox 3340 4941 3538 4998; x_wconf 82' lang='lat' dir='ltr'><strong>deinde</strong></span> 
     </span>
    </p>
   </div>
   <div class='ocr_carea' id='block_1_111' title="bbox 1951 5029 3536 5103">
    <p class='ocr_par' dir='ltr' id='par_1_111' title="bbox 1951 5029 3536 5103">
     <span class='ocr_line' id='line_1_111' title="bbox 1951 5029 3536 5103; baseline 0.002 -17"><span class='ocrx_word' id='word_1_805' title='bbox 1951 5040 2077 5100; x_wconf 89' lang='lat' dir='ltr'><strong>post</strong></span> <span class='ocrx_word' id='word_1_806' title='bbox 2108 5029 2226 5084; x_wconf 87' lang='lat' dir='ltr'><strong>dies</strong></span> <span class='ocrx_word' id='word_1_807' title='bbox 2256 5039 2401 5095; x_wconf 91' lang='lat' dir='ltr'><strong>octo,</strong></span> <span class='ocrx_word' id='word_1_808' title='bbox 2425 5031 2641 5098; x_wconf 88' lang='lat' dir='ltr'><strong>quando</strong></span> <span class='ocrx_word' id='word_1_809' title='bbox 2663 5041 2720 5084; x_wconf 89' lang='lat' dir='ltr'><strong>et</strong></span> <span class='ocrx_word' id='word_1_810' title='bbox 2742 5029 2984 5086; x_wconf 80' lang='lat' dir='ltr'><strong>Thomas</strong></span> <span class='ocrx_word' id='word_1_811' title='bbox 3023 5032 3290 5088; x_wconf 87' lang='lat' dir='ltr'><strong>credidit:</strong></span> <span class='ocrx_word' id='word_1_812' title='bbox 3324 5043 3536 5103; x_wconf 84' lang='lat' dir='ltr'><strong>postre-</strong></span> 
     </span>
    </p>
   </div>
   <div class='ocr_carea' id='block_1_112' title="bbox 1953 5117 3534 5188">
    <p class='ocr_par' dir='ltr' id='par_1_112' title="bbox 1953 5117 3534 5188">
     <span class='ocr_line' id='line_1_112' title="bbox 1953 5117 3534 5188; baseline 0.002 -13"><span class='ocrx_word' id='word_1_813' title='bbox 1953 5135 2072 5183; x_wconf 87' lang='lat' dir='ltr'><strong>mo,</strong></span> <span class='ocrx_word' id='word_1_814' title='bbox 2132 5120 2259 5186; x_wconf 89' lang='lat' dir='ltr'><strong>quia</strong></span> <span class='ocrx_word' id='word_1_815' title='bbox 2317 5119 2368 5174; x_wconf 91' lang='lat' dir='ltr'><strong>in</strong></span> <span class='ocrx_word' id='word_1_816' title='bbox 2444 5117 2722 5174; x_wconf 68' lang='lat' dir='ltr'><strong>Galilaeam</strong></span> <span class='ocrx_word' id='word_1_817' title='bbox 2794 5124 3075 5177; x_wconf 78' lang='lat' dir='ltr'><strong>occursuri</strong></span> <span class='ocrx_word' id='word_1_818' title='bbox 3132 5132 3331 5188; x_wconf 87' lang='lat' dir='ltr'><strong>erant,</strong></span> <span class='ocrx_word' id='word_1_819' title='bbox 3395 5139 3534 5178; x_wconf 79' lang='lat' dir='ltr'><strong>non-</strong></span> 
     </span>
    </p>
   </div>
   <div class='ocr_carea' id='block_1_113' title="bbox 1945 5211 3532 5284">
    <p class='ocr_par' dir='ltr' id='par_1_113' title="bbox 1945 5211 3532 5284">
     <span class='ocr_line' id='line_1_113' title="bbox 1945 5211 3532 5284; baseline 0.004 -19"><span class='ocrx_word' id='word_1_820' title='bbox 1945 5211 2069 5266; x_wconf 91' lang='lat' dir='ltr'><strong>dum</strong></span> <span class='ocrx_word' id='word_1_821' title='bbox 2115 5219 2293 5265; x_wconf 89' lang='lat' dir='ltr'><strong>autem</strong></span> <span class='ocrx_word' id='word_1_822' title='bbox 2333 5224 2521 5266; x_wconf 89' lang='lat' dir='ltr'><strong>omnes</strong></span> <span class='ocrx_word' id='word_1_823' title='bbox 2566 5213 2882 5281; x_wconf 75' lang='lat' dir='ltr'><strong>congregati</strong></span> <span class='ocrx_word' id='word_1_824' title='bbox 2933 5223 3129 5278; x_wconf 88' lang='lat' dir='ltr'><strong>erant,</strong></span> <span class='ocrx_word' id='word_1_825' title='bbox 3170 5216 3265 5270; x_wconf 83' lang='lat' dir='ltr'><strong>sed</strong></span> <span class='ocrx_word' id='word_1_826' title='bbox 3310 5215 3532 5284; x_wconf 88' lang='lat' dir='ltr'><strong>quidam</strong></span> 
     </span>
    </p>
   </div>
   <div class='ocr_carea' id='block_1_114' title="bbox 1949 5303 3531 5378">
    <p class='ocr_par' dir='ltr' id='par_1_114' title="bbox 1949 5303 3531 5378">
     <span class='ocr_line' id='line_1_114' title="bbox 1949 5303 3531 5378; baseline 0.002 -21"><span class='ocrx_word' id='word_1_827' title='bbox 1949 5304 2298 5370; x_wconf 88' lang='lat' dir='ltr'><strong>piscabantur</strong></span> <span class='ocrx_word' id='word_1_828' title='bbox 2321 5307 2461 5373; x_wconf 84' lang='lat' dir='ltr'><strong>apud</strong></span> <span class='ocrx_word' id='word_1_829' title='bbox 2498 5303 2862 5372; x_wconf 84' lang='lat' dir='ltr'><strong>Tiberiadem,</strong></span> <span class='ocrx_word' id='word_1_830' title='bbox 2899 5308 3150 5378; x_wconf 88' lang='lat' dir='ltr'><strong>apparuit</strong></span> <span class='ocrx_word' id='word_1_831' title='bbox 3187 5319 3312 5363; x_wconf 90' lang='lat' dir='ltr'><strong>tunc</strong></span> <span class='ocrx_word' id='word_1_832' title='bbox 3349 5310 3531 5378; x_wconf 89' lang='lat' dir='ltr'><strong>pisca-</strong></span> 
     </span>
    </p>
   </div>
   <div class='ocr_carea' id='block_1_115' title="bbox 1951 5395 3530 5471">
    <p class='ocr_par' dir='ltr' id='par_1_115' title="bbox 1951 5395 3530 5471">
     <span class='ocr_line' id='line_1_115' title="bbox 1951 5395 3530 5471; baseline 0.003 -21"><span class='ocrx_word' id='word_1_833' title='bbox 1951 5396 2156 5450; x_wconf 89' lang='lat' dir='ltr'><strong>toribus</strong></span> <span class='ocrx_word' id='word_1_834' title='bbox 2190 5395 2337 5462; x_wconf 86' lang='lat' dir='ltr'><strong>solis,</strong></span> <span class='ocrx_word' id='word_1_835' title='bbox 2375 5411 2466 5465; x_wconf 78' lang='lat' dir='ltr'><strong>qui</strong></span> <span class='ocrx_word' id='word_1_836' title='bbox 2501 5406 2706 5466; x_wconf 88' lang='lat' dir='ltr'><strong>septem</strong></span> <span class='ocrx_word' id='word_1_837' title='bbox 2769 5408 2946 5453; x_wconf 91' lang='lat' dir='ltr'><strong>erant.</strong></span> <span class='ocrx_word' id='word_1_838' title='bbox 2994 5398 3149 5455; x_wconf 80' lang='lat' dir='ltr'><strong>Nunc</strong></span> <span class='ocrx_word' id='word_1_839' title='bbox 3191 5399 3358 5471; x_wconf 87' lang='lat' dir='ltr'><strong>igitur</strong></span> <span class='ocrx_word' id='word_1_840' title='bbox 3385 5402 3530 5470; x_wconf 87' lang='lat' dir='ltr'><strong>quod</strong></span> 
     </span>
    </p>
   </div>
   <div class='ocr_carea' id='block_1_116' title="bbox 1951 5487 3530 5561">
    <p class='ocr_par' dir='ltr' id='par_1_116' title="bbox 1951 5487 3530 5561">
     <span class='ocr_line' id='line_1_116' title="bbox 1951 5487 3530 5561; baseline 0.002 -21"><span class='ocrx_word' id='word_1_841' title='bbox 1951 5487 2085 5542; x_wconf 82' lang='lat' dir='ltr'><strong>dixit</strong></span> <span class='ocrx_word' id='word_1_842' title='bbox 2109 5487 2413 5557; x_wconf 66' lang='lat' dir='ltr'><strong>Mattbmus,</strong></span> <span class='ocrx_word' id='word_1_843' title='bbox 2444 5489 2716 5560; x_wconf 89' lang='lat' dir='ltr'><strong>posterius</strong></span> <span class='ocrx_word' id='word_1_844' title='bbox 2745 5489 2946 5545; x_wconf 80' lang='lat' dir='ltr'><strong>factum</strong></span> <span class='ocrx_word' id='word_1_845' title='bbox 2982 5500 3065 5546; x_wconf 89' lang='lat' dir='ltr'><strong>est</strong></span> <span class='ocrx_word' id='word_1_846' title='bbox 3101 5506 3262 5561; x_wconf 87' lang='lat' dir='ltr'><strong>quam</strong></span> <span class='ocrx_word' id='word_1_847' title='bbox 3299 5491 3383 5544; x_wconf 82' lang='lat' dir='ltr'><strong>illa</strong></span> <span class='ocrx_word' id='word_1_848' title='bbox 3410 5505 3530 5560; x_wconf 77' lang='lat' dir='ltr'><strong>quae</strong></span> 
     </span>
    </p>
   </div>
   <div class='ocr_carea' id='block_1_117' title="bbox 1952 5578 3530 5650">
    <p class='ocr_par' dir='ltr' id='par_1_117' title="bbox 1952 5578 3530 5650">
     <span class='ocr_line' id='line_1_117' title="bbox 1952 5578 3530 5650; baseline 0.002 -18"><span class='ocrx_word' id='word_1_849' title='bbox 1952 5593 1982 5632; x_wconf 90' lang='lat' dir='ltr'><strong>a</strong></span> <span class='ocrx_word' id='word_1_850' title='bbox 2015 5578 2224 5636; x_wconf 84' lang='lat' dir='ltr'><strong>Joanne</strong></span> <span class='ocrx_word' id='word_1_851' title='bbox 2275 5581 2416 5635; x_wconf 90' lang='lat' dir='ltr'><strong>dicta</strong></span> <span class='ocrx_word' id='word_1_852' title='bbox 2468 5590 2614 5636; x_wconf 90' lang='lat' dir='ltr'><strong>sunt.</strong></span> <span class='ocrx_word' id='word_1_853' title='bbox 2654 5581 2808 5650; x_wconf 67' lang='lat' dir='ltr'><strong>Sape</strong></span> <span class='ocrx_word' id='word_1_854' title='bbox 2851 5582 2994 5638; x_wconf 88' lang='lat' dir='ltr'><strong>enim</strong></span> <span class='ocrx_word' id='word_1_855' title='bbox 3040 5583 3289 5647; x_wconf 73' lang='lat' dir='ltr'><strong>apparuit</strong></span> <span class='ocrx_word' id='word_1_856' title='bbox 3318 5583 3398 5638; x_wconf 87' lang='lat' dir='ltr'><strong>eis</strong></span> <span class='ocrx_word' id='word_1_857' title='bbox 3431 5596 3530 5650; x_wconf 87' lang='lat' dir='ltr'><strong>per</strong></span> 
     </span>
    </p>
   </div>
  </div>
