4080 6336
181 442 282 506 ι93

864 434 1307 499 ΕΝᾸΗΠΑΤῊ)
1347 434 1429 495 1N
1468 429 1967 495 EVANGELIUM
2008 429 2266 489 MARCI.
2312 455 2378 465 -
2420 430 2579 490 CAP.
2630 431 2677 489 Ι.

3335 430 3445 492 41M

186 571 235 607 τα
268 554 346 622 τῷ
380 551 644 623 Ματοαιῳ
702 551 983 621 συντρέχει
1017 550 1045 602 6
1076 550 1265 621 παρὼν
1323 546 1741 616 εὐαγγελιστὴς,

1866 557 1971 596 rum
2004 542 2253 597 Mattlirco
2288 543 2535 597 eumdem
2592 544 2757 597 habet
2799 557 3115 612 processum
3158 544 3241 596 hic
3271 560 3442 599 eVan-

175 642 313 713 πλὴν
344 643 465 695 ὅσον
515 644 542 695 6
588 640 863 703 Ma:0ai.'o;
899 640 1258 707 πλατύτερος,
1319 639 1412 693 καὶ
1458 639 1598 692 ὃτιὸ
1651 639 1751 705 μὲν

171 737 472 801 Ματθαῖος,
500 736 599 805 τῆς
630 735 770 787 κατὰ
801 733 983 805 σάρκα
1005 734 1313 804 γεννήσεως
1344 732 1438 785 τοῦ
1463 732 1668 801 Κυρίου
1696 731 1755 783 ὲν

172 830 313 898 ἀρχῇ
350 827 678 899 μνημονεύει
704 844 717 856 ⁸
740 821 895 890 οὗτος
918 827 975 881 δὲ
1004 825 1111 879 ἀπὸ
1133 826 1227 879 τοῦ
1258 826 1538 896 προφήτου
1573 823 1755 877 Ἰωάν-

171 938 262 973 νου
310 921 512 991 ἤρξατο
537 935 549 949 ⁸
576 919 698 972 ὅθεν
728 920 873 981 τινὲς
908 921 979 986 (εὶ
1001 919 1093 971 καὶ
1131 918 1553 988 περιεργότερον
1585 914 1752 983 δοκεῖ)

169 1011 414 1065 τοιοῦτόν
448 1030 502 1065 τι
533 1012 709 1083 νόημα
735 1009 888 1066 εἷπον
923 1014 1016 1065 ἐπὶ
1039 1017 1150 1076 τοίς
1204 1014 1622 1081 εὑαγγελισταῖς
1644 1026 1659 1041 ⁸
1695 1009 1755 1065 '0

171 1104 262 1156 ἐπὶ
284 1104 395 1156 τῶν
419 1104 701 1175 Χερουϐὶμ
731 1103 1042 1175 καθήμενος
1066 1104 1218 1171 Θεὸς,
1252 1104 1287 1158 ἃ
1309 1107 1752 1177 τετραπρόσωπα

169 1198 201 1265 ἡ
245 1196 441 1265 Γραφὴ
472 1195 644 1269 λέγει,
687 1196 1003 1265 παρέδωκεν
1056 1198 1189 1267 ἡμῖν
1220 1198 1607 1269 τετράμορφον
1660 1202 1755 1255 καὶ

171 1288 231 1340 τδ
287 1288 645 1356 Εὑαγγέλιον,
699 1289 778 1340 ἑνὶ
812 1286 1087 1357 πνεύματι
1128 1289 1509 1359 συνεχόμενον.
1544 1290 1757 1363 Ὥσπερ

171 1369 261 1431 οὖν
294 1376 403 1430 τῶν
450 1378 732 1447 Χερουὸἱμ
770 1378 1023 1444 ἕκαστον,
1059 1379 1116 1432 ’ἐν
1150 1380 1251 1448 μὲν
1286 1381 1578 1451 πρόσωπον
1607 1378 1757 1453 εἶχεν

172 1471 356 1538 ὅμοιον
387 1469 581 1535 λέοντι,
610 1470 797 1540 ἕτερον
818 1470 875 1522 δὲ
906 1470 1203 1543 ἀνθρώπῳ,
1242 1475 1335 1526 καὶ
1369 1472 1558 1544 ἕτερον
1588 1475 1754 1545 ὰετῷ,

174 1561 265 1612 καὶ
302 1561 487 1629 ἕτερον
522 1561 748 1629 μόσχῳ⁸
801 1560 945 1614 οὕτω
1008 1565 1101 1615 καὶ
1148 1565 1181 1631 ἡ
1234 1563 1334 1621 τοῦ,
1386 1565 1757 1632 εῦαγγελικοῦ

174 1649 526 1720 κηρύγματος
552 1652 927 1719 πραγματεία.
963 1652 1036 1704 T6
1062 1652 1161 1722 μὲν
1196 1653 1304 1722 γὰρ
1325 1656 1466 1708 κατὰ
1502 1656 1757 1725 Ἰωάννην

175 1740 500 1807 Εὐκγγέλιον
534 1742 645 1809 ἔχει
702 1739 911 1803 λέοντος
945 1742 1267 1811 πρόσωπον
1316 1744 1597 1813 βασιλικὸν
1648 1748 1756 1816 γὰρ

173 1833 200 1883 6
234 1830 372 1882 λέων
409 1834 501 1883 καὶ
530 1832 860 1899 ἡγεμονικόν
884 1845 897 1856 ⁸
944 1832 1148 1901 ὁμοίως
1182 1832 1273 1885 οὖν
1304 1834 1400 1886 καὶ
1430 1836 1457 1886 6
1503 1836 1757 1906 Ἰωάννης

1855 636 2071 706 gelista,
2129 636 2229 689 nisi
2258 637 2398 705 quod
2431 636 2713 690 Matina-us
2749 635 3015 698 diﬂ'usior,
3050 639 3271 706 ctquod
3302 651 3409 690 nati
3431 668 3443 678 ο

1857 728 2041 782 vitatis
2072 726 2275 783 Christi
2329 730 2625 783 secundum
2660 744 2901 794 carnem,
2936 727 3002 781 ab
3031 728 3187 782 initio
3211 740 3295 783 cst
3334 746 3447 782 me-

1858 835 1976 873 mor
2019 837 2031 873 :
2068 820 2155 872 hic
2199 827 2378 871 autem
2414 834 2441 871 a
2497 820 2755 889 propheta
2808 818 3014 875 Joanne
3052 822 3241 890 ccepit.
3292 818 3447 874 Unde

1856 913 2099 981 quidam,
2132 912 2347 967 tametsi
2374 913 2644 967 curiosius
2687 912 2737 965 id
2788 912 3055 976 videatur,
3110 913 3269 967 talem
3322 929 3448 968 sen-

1859 1006 2079 1061 tentiam
2133 1022 2295 1077 super
2350 1006 2695 1076 cvangelistis
2751 1007 3042 1070 dederunt,
3105 1007 3248 1076 quod
3306 1007 3450 1060 Dens

1861 1102 2058 1155 sedens
2077 1115 2241 1169 super
2266 1099 2587 1161 Cherubim,
2620 1114 2740 1167 qua:
2769 1099 3049 1167 Scriptura
3100 1109 3334 1167 quatuor
3366 1099 3449 1151 fa-

1859 1194 2047 1248 ciebus
2075 1193 2333 1256 delineat,
2366 1191 2646 1245 tradiderit
2666 1192 2823 1246 nobis
2866 1191 3241 1261 quadriforme
3270 1191 3451 1244 Evan-

1859 1286 2085 1355 gelium,
2124 1300 2230 1338 uno
2284 1294 2465 1338 tamen
2502 1284 2693 1353 spiritu
2751 1285 3234 1354 coinprehcnsum.
3286 1284 3453 1353 Igitur

1859 1380 2007 1433 sicut
2026 1394 2092 1433 ex
2121 1377 2418 1433 Cherubim
2452 1394 2643 1442 unum,
2679 1376 2872 1431 faciem
2910 1378 3098 1432 habuit
3127 1377 3266 1430 Iconi
3298 1378 3452 1430 simi-

1857 1469 1989 1531 lem,
2019 1469 2162 1523 aliud
2196 1478 2375 1523 autem
2406 1469 2636 1531 homini,
2686 1481 2739 1524 et
2776 1468 2920 1522 aliud
2956 1469 3170 1537 aquilae,
3206 1478 3259 1520 et
3305 1468 3450 1521 aliud

1862 1560 2029 1613 vitulo
2065 1579 2076 1613 :
2119 1562 2189 1613 ita
2241 1571 2324 1615 est
2371 1572 2426 1615 et
2456 1560 2798 1627 Evangeiicae
2832 1561 3236 1631 praedicationis
3295 1575 3454 1630 nego-

1862 1651 2016 1705 tium.
2099 1650 2443 1719 Evangelium
2500 1653 2642 1705 enim
2706 1649 2933 1706 Joannis
2998 1649 3160 1722 174
3230 1650 3449 1706 leonina

1863 1743 1998 1796 facie
2034 1752 2137 1796 est.
2200 1741 2267 1795 Ut
2299 1742 2444 1795 enim
2497 1741 2582 1795 leo
2620 1740 2825 1811 regium
2858 1750 2914 1794 et
2964 1740 3268 1810 principale
3333 1742 3449 1794 ani-

1867 1836 1969 1887 mal
2005 1846 2108 1899 est,
2156 1836 2235 1888 sic
2289 1845 2345 1887 et
2383 1833 2627 1888 Joannes
2654 1850 2681 1887 a
2707 1833 2851 1903 regia
2883 1843 2938 1887 et
2960 1834 3453 1905 princip.tlidigni-

176 1920 280 1974 ἀπὸ
310 1922 407 1975 τοῦ
461 1922 743 1991 βασιλικοῦ
790 1926 884 1977 καὶ
921 1925 1247 1978 δεσποτικοῦ
1301 1926 1610 1996 ἀξιώματος
1659 1932 1755 1999 τῆς

1866 1936 1973 1980 late
1999 1926 2156 1980 Verbi
2191 1926 2356 1980 divini
2377 1941 2603 1979 exorsus
2632 1936 2736 1989 est,
2771 1926 2957 1979 dicens
2995 1943 3008 1980 :
3039 1945 3057 1977 ι
3088 1924 3146 1978 lu
3185 1924 3455 1994 principio

177 2011 426 2081 Θεότητος
451 2012 543 2065 τοῦ
574 2013 745 2080 Λόγου
779 2013 1002 2085 ἤρξατο,
1028 2015 1228 2069 εἰπών’
1276 2036 1294 2067 ι
1333 2019 1421 2070 Ἑν
1459 2021 1601 2089 ἀρχῇ
1636 2015 1704 2089 ἦν
1731 2023 1759 2073 6

172 2103 366 2171 Λόγος,
401 2106 493 2156 καὶ
520 2104 651 2166 Θεὸς
679 2100 746 2175 ἦν
780 2107 807 2157 6
838 2106 1033 2173 Λόγος.
1076 2126 1095 2159 ι
1126 2108 1199 2159 Τὸ
1218 2108 1276 2160 δὲ
1313 2109 1449 2161 κατὰ
1476 2110 1758 2163 Ματθαῖον

179 2195 671 2267 ἀνθρωπόμορφον
694 2198 800 2251 άπὸ
824 2201 933 2270 γὰρ
949 2202 1051 2268 τῆς
1076 2201 1216 2252 κατὰ
1247 2201 1425 2271 σάρκα
1454 2206 1759 2272 γεννήσεως

169 2289 262 2341 καὶ
306 2290 770 2361 ὲνανθρωπήσεως
802 2294 897 2346 τοῦ
943 2295 1116 2362 Λόγου
1160 2296 1383 2366 ἤρξατο.
1420 2296 1491 2349 Τὸ
1530 2298 1583 2351 δὲ
1620 2301 1761 2353 κατὰ

170 2380 418 2450 Μάρκον,
476 2383 620 2453 ἀετῴ
654 2384 1125 2455 παρεικαζόμενον
1146 2405 1159 2418 ⁸
1187 2390 1296 2441 ἀπὸ
1328 2388 1436 2459 γὰρ
1478 2392 1758 2460 προφήτου

170 2474 374 2543 ἤρξατο
396 2474 489 2529 τοῦ
524 2477 774 2530 Ἰωάννου
802 2495 814 2508 ⁸
842 2479 873 2548 ἡ
900 2480 957 2531 δὲ
986 2481 1299 2552 προφητικὴ
1317 2484 1495 2553 χάρις,
1523 2500 1761 2555 προορα-

170 2568 296 2637 τικὴ
330 2567 486 2635 οὖσα,
514 2572 609 2621 καὶ
638 2570 807 2635 ὀξέως
837 2571 903 2623 τά
939 2572 1130 2643 πόῤῥω
1156 2574 1452 2644 βλέπουσα,
1495 2580 1521 2628 ιτ
1543 2596 1569 2640 ς
1602 2579 1761 2642 ἀετός

172 2656 309 2710 ἔστι.
336 2660 474 2711 Φασὶ
496 2661 606 2730 γὰρ
638 2662 728 2713 τὸν
762 2660 918 2716 ἀετὸν
940 2664 1403 2734 ὀξυδερκέστατον
1429 2662 1591 2731 εἶναι,
1619 2669 1760 2722 ὥστε

172 2750 267 2801 καὶ
298 2750 461 2815 μόνον
484 2751 591 2803 τῶν
620 2752 793 2805 ἄλλων
824 2752 1003 2819 ζώων,
1031 2758 1165 2825 πρὸς
1198 2758 1288 2809 τὸν
1322 2759 1472 2828 ἥλιον
1496 2760 1757 2814 δύνασθαι

171 2840 441 2902 άτενίζειν
486 2841 561 2911 μὴ
594 2843 942 2912 καμμύοντα.
988 2846 1190 2916 Μόσχῳ
1211 2848 1266 2900 δὲ
1300 2850 1489 2918 ὅμοιον
1519 2851 1578 2904 τὸ
1622 2854 1763 2907 κατὰ

170 2927 409 2998 Λουκᾶν,
454 2933 587 2986 διότι
638 2935 745 2987 άπὸ
772 2937 870 3005 τῆς
918 2938 1190 3008 ἱερατείας
1220 2939 1315 2991 τοῦ
1345 2943 1617 3013 Ζαχαρὶου
1662 2944 1763 3016 ηρ-

173 3020 322 3089 ξλτο,
359 3024 500 3095 ὑπὲρ
528 3026 636 3079 τῶν
670 3028 954 3098 ἁμαρτιῶν
982 3029 1075 3081 τοῦ
1107 3030 1236 3083 λαοῦ
1282 3032 1585 3101 Θυμιῶντος
1620 3052 1635 3065 ⁸
1670 3038 1764 3088 καὶ

174 3116 373 3184 μόσχος
403 3115 459 3169 δὲ
488 3113 555 3188 ἦν
583 3120 609 3171 6
644 3118 903 3188 Θυόμενος
932 3120 1076 3175 τότε.
1107 3122 1370 3193 Ἀρχεται
1419 3123 1511 3179 οὖν
1541 3128 1569 3179 6
1603 3129 1763 3199 Μάρ-

172 3224 264 3270 κος
292 3208 389 3261 τοῦ
418 3208 747 3277 Εὐαγγελίου
783 3212 886 3265 ἀπὸ
913 3213 1011 3281 τῆς
1049 3212 1144 3266 τοῦ
1195 3216 1511 3287 Προδρόμου
1556 3219 1759 3288 δςαγωο
1788 3246 1831 3304 c

174 3299 272 3371 ’τῆς
310 3302 402 3353 καὶ
438 3301 733 3365 ἐνδείξεως.
769 3305 966 3357 Ἀκουε
1006 3302 1100 3359 οὖν
1127 3307 1177 3359 τί
1205 3310 1360 3377 φησί.

778 3441 1029 3496 ΚΕΦΑΛ.
1062 3441 1143 3495 Α¹.

178 3550 321 3626 Περὶ
660 3554 768 3608 τοῦ
818 3556 1243 3622 βαπτίσαντος
1293 3558 1401 3611 τὸν
1439 3562 1658 3626 Κύριον
1690 3554 1761 3614 ἐν

248 3620 830 3695 ςῷβιορὸάνῃνηερι
890 3626 1001 3694 τῆς
1055 3627 1162 3680 τοῦ
1213 3620 1440 3695 Πέτρου
1490 3620 1584 3683 καὶ
1625 3632 1760 3683 Ἀν-

241 3691 447 3769 ὄρέου,
485 3696 581 3746 καὶ
609 3694 725 3769 τῷν
746 3691 891 3769 υἱῶν
928 3691 1246 3769 Ζεϐεδαίου
1280 3691 1577 3766 κλήσεως.
1619 3704 1735 3769 Περ

246 3762 356 3837 t_o_6
410 3763 917 3837 δαιμονιζομένου.
945 3768 1088 3835 Περὶ
1146 3766 1257 3835 τῆς
1310 3762 1603 3837 πεκθερᾶς
1653 3762 1759 3825 τοῦ

247 3834 501 3901 Πέτρου.
546 3836 684 3901 Περὶ
713 3834 833 3888 τῶν
864 3834 1148 3891 ὶαθένεων
1180 3834 1300 3892 ἀπὸ
1326 3834 1617 3895 ﬂammeus"
1662 3844 1757 3895 νό-

245 3919 395 3957 σων.
432 3902 573 3970 Περὶ
600 3906 706 3958 τοῦ
739 3908 991 3974 λεπροῦ.

255 4057 275 4091 ε
330 4040 501 4110 Ἀρχὴ
522 4040 617 4093 τοῦ
653 4042 987 4109 Εἱαγγελίου
1024 4044 1195 4114 Ἰησοῦ
1230 4045 1469 4115 Χριστοῦ
1502 4048 1632 4100 Υἱοῦ
1666 4050 1759 4101 τοῦ

176 4132 333 4194 θεοῦ,
362 4132 439 4192 ὡς
471 4134 783 4202 γέγραπται
815 4136 873 4187 ὲν
920 4138 1033 4199 τοῖς
1078 4141 1422 4206 προφήταιςο
1467 4139 1599 4193 Ἰδοὺ
1651 4141 1762 4207 ἐγὼ

177 4223 501 4276 ἀποστέλλω
530 4226 621 4277 τὸν
653 4225 885 4293 ἄγγελόν
939 4244 1042 4295 μου
1087 4231 1190 4297 πρὸ
1239 4231 1532 4299 προσώπου
1566 4248 1681 4297 σου,
1704 4233 1763 4293 6;

176 4317 585 4368 κατασκευάσει
644 4318 743 4387 την
800 4318 920 4369 666v
977 4335 1070 4371 σου
1104 4318 1412 4390 ἔμπροσθέν
1454 4340 1566 4375 σου.
1607 4324 1761 4393 Φωνὴ

178 4404 413 4476 βοῶντος
443 4408 500 4459 ὲν
526 4411 590 4477 τῇ
617 4410 808 4479 ἐρήμῳ
828 4429 841 4443 ⁸
889 4410 1247 4480 Ἑτοιμάσατε
1277 4415 1375 4485 τὴν
1401 4417 1515 4467 ὀδζν
1535 4419 1760 4485 Κυρίου,

177 4500 395 4564 εὐθείας
454 4506 662 4553 ποιεῖτε
693 4503 788 4565 τὰς
819 4504 1044 4573 τρίϐους
1074 4506 1260 4560 αὑτοῦ.
1303 4527 1321 4557 ι
1371 4510 1624 4579 Ἰωάννην
1672 4511 1763 4562 τὸν

1862 2028 1983 2069 erat
2019 2014 2275 2080 Verbum,
2310 2028 2361 2070 et
2390 2016 2530 2071 Deus
2562 2027 2677 2070 erat
2738 2016 2994 2071 Verbum.
3027 2035 3044 2067 ›
3106 2016 3453 2087 Evangelium

1862 2118 2039 2160 autem
2075 2106 2311 2161 Matlhtci
2337 2106 2533 2161 faciem
2567 2109 2699 2177 gerit
2730 2108 2988 2170 hominis,
3015 2123 3079 2162 eo
3109 2109 3253 2177 quod
3281 2123 3454 2162 evan-

1866 2199 2055 2268 geiista
2092 2200 2177 2252 ille
2198 2200 2264 2253 ab
2284 2201 2661 2254 incarnatione
2684 2198 2843 2253 Verbi
2865 2207 2919 2253 et
2956 2202 3241 2255 nativitate
3266 2200 3459 2255 carnis

1863 2294 2048 2359 cmpit.
2090 2291 2260 2346 Porro
2292 2291 2531 2346 Marcum
2575 2292 2768 2361 aquila:
2817 2292 3207 2358 assimilamus,
3243 2308 3273 2348 a
3332 2308 3458 2363 pro-

1864 2386 2025 2453 pin-ta
2051 2387 2191 2438 enim
2226 2384 2435 2439 Joanne
2471 2387 2711 2454 iticmpit.
2760 2385 2827 2439 Et
2884 2387 3202 2455 prophetica
3257 2388 3455 2455 gratia,

1865 2476 1991 2544 quia
2027 2478 2171 2531 videt
2201 2479 2386 2545 procul
2414 2479 2517 2532 sita
2550 2489 2725 2541 acute,
2756 2480 2938 2546 aquila
2967 2488 3070 2533 est.
3120 2479 3287 2532 Aiunt
3312 2479 3455 2532 enim

1867 2568 2100 2635 aquilam
2145 2569 2634 2636 perspicaeissimis
2660 2571 2833 2625 oculis
2852 2585 2997 2634 esse,
3034 2574 3106 2623 ita
3139 2580 3198 2624 ut
3234 2570 3352 2625 sola
3378 2586 3443 2625 ex

1864 2660 1987 2714 aliis
2049 2660 2239 2714 avibus
2283 2661 2452 2715 solem
2509 2663 2747 2727 intuens,
2800 2677 2905 2716 non
2950 2662 3165 2733 caligct.
3219 2660 3459 2731 Denique

1869 2752 2216 2821 Evangclium
2252 2752 2409 2807 Luca:
2442 2754 2610 2808 vitulo
2642 2753 2819 2809 simile
2851 2754 3037 2819 fuerit,
3069 2755 3328 2823 quaniam
3368 2754 3459 2809 illc:

1865 2860 1893 2895 a
1925 2843 2227 2898 sacerdotio
2248 2843 2527 2899 Zachariae
2557 2847 2875 2916 auspicatus
2935 2859 3040 2907 est,
3070 2863 3166 2916 pro
3221 2848 3425 2916 pccrati
3448 2880 3460 2895 ς

1865 2922 2044 3002 populi
2092 2935 2375 2987 incensum
2436 2936 2683 2991 facientis
2732 2944 2785 2992 'et
2828 2938 3210 2994 sacrificantis.
3249 2938 3459 2994 Vitulus

1865 3034 2047 3077 autem
2078 3034 2204 3080 tunc
2233 3027 2670 3082 sacrificabatur.
2702 3027 2995 3084 Exorditur
3026 3030 3206 3100 itaque
3246 3029 3462 3086 Murrus

1866 3121 2216 3189 Evangelium
2249 3137 2406 3180 suum
2439 3139 2469 3177 a
2504 3122 2871 3182 Praecursoris
2902 3127 3011 3181 vita
3028 3136 3083 3181 et
3104 3127 3457 3184 revelatione.

1866 3212 2021 3275 Audi'
2042 3212 2206 3284 igitur
2228 3215 2357 3285 quid
2388 3216 2555 3271 dicat.

2491 3444 2722 3500 CAPUT
2752 3443 2791 3500 l.

1872 3556 1945 3611 De
1970 3556 2178 3612 Joanne
2211 3558 2477 3614 Christum
2512 3563 2815 3628 baptizante
2834 3564 2887 3615 in
2908 3562 3169 3617 Iordane.
3198 3562 3275 3615 De
3303 3579 3461 3615 vom-

1942 3630 2081 3682 tione
2141 3628 2309 3696 Petri,
2378 3632 2620 3695 Andrew,
2682 3642 2730 3684 et
2771 3633 3003 3700 ﬁliorum
3068 3632 3328 3688 Zebedwi.
3387 3638 3461 3687 m

1940 3700 2288 3753 damoniaco.
2326 3700 2403 3754 De
2443 3718 2596 3753 socru
2628 3701 2793 3755 Petri.
2838 3702 2911 3755 De
2935 3705 3209 3757 curatione
3262 3703 3459 3756 ouillo—

1943 3786 2059 3820 rnm
2085 3786 2117 3822 a
2146 3772 2305 3824 variis
2343 3772 2553 3825 morbis.
2580 3771 2651 3825 De
2677 3771 2905 3840 leproao.

1944 4034 2109 4091 Vens.
2148 4037 2265 4090 1-5.
2308 4057 2325 4087 ι
2367 4038 2582 4093 Initium
2618 4038 2899 4109 Evangelii
2946 4040 3071 4096 Jc-su
3107 4040 3308 4098 Clnisti
3340 4041 3460 4097 r‘iiii

1874 4126 1988 4185 Dei.
2014 4128 2431 4197 sicutscriptum
2464 4142 2549 4184 est
2580 4130 2633 4184 in
2659 4131 2939 4201 prophetis
2968 4153 2978 4187 :
3011 4135 3151 4188 Ecce
3177 4150 3277 4205 ego
3306 4137 3463 4190 mitto

1870 4220 2118 4286 angelum
2156 4237 2332 4275 meum
2357 4232 2483 4276 ante
2516 4223 2709 4277 faciem
2766 4234 2933 4288 tuam,
2984 4227 3074 4295 qui
3131 4231 3463 4297 praeparabit

1872 4312 2009 4363 viam
2043 4322 2187 4364 tuam
2216 4322 2342 4366 ante
2371 4322 2443 4367 te.
2486 4312 2593 4368 Vox
2628 4314 2913 4369 clamantis
2949 4318 2999 4369 iu
3031 4319 3248 4372 deserto
3296 4336 3310 4373 :
3361 4319 3461 4373 Pa-

1874 4411 1987 4453 rate
2011 4401 2150 4452 vium
2178 4401 2413 4466 Domini,
2446 4410 2624 4456 rectas
2644 4402 2803 4458 facile
2828 4407 3049 4459 semitas
3073 4405 3212 4469 ejus.
3244 4422 3263 4458 ι
3288 4405 3459 4460 Joan-

1872 4508 1994 4544 nem
2039 4492 2287 4545 ultimum
2316 4498 2729 4562 prophetarum,
2764 4497 2978 4550 initium
3022 4498 3302 4567 Evangelii
3336 4499 3455 4553 Filii

176 4592 489 4646 τελευταῖον
525 4594 634 4645 τῶν
667 4596 988 4667 προφητῶν,
1026 4598 1199 4667 ἀρχὴν
1225 4592 1365 4649 εἶναι
1387 4598 1479 4649 τοῦ
1516 4599 1761 4665 Εὑαγγε-

1879 4582 1968 4636 Dei
2004 4600 2120 4639 esse
2146 4585 2295 4639 dicit.
2333 4583 2483 4641 Finis
2523 4588 2667 4640 enim
2701 4587 2931 4647 Veteris,
2972 4587 3183 4641 initium
3211 4600 3291 4642 est
3324 4588 3459 4643 Novi

178 4687 291 4740 λίου
338 4688 436 4740 τοῦ
465 4687 597 4740 Υἱοῦ
635 4690 728 4740 τοῦ
763 4688 897 4741 Θεοῦ
935 4707 1089 4758 φησι.
1128 4692 1199 4742 Τὸ
1228 4691 1333 4760 γὰρ
1362 4692 1512 4753 τέλος
1543 4693 1640 4760 τῆς
1657 4693 1768 4745 Πα-

177 4776 356 4841 λαιᾶς,
394 4778 539 4846 ἀρχὴ
574 4778 670 4845 τῆς
701 4777 841 4840 Νέας
886 4779 1161 4849 Διαθήκης
1185 4795 1197 4806 ⁸
1249 4781 1283 4847 ἠ
1330 4779 1385 4829 δὲ
1427 4778 1762 4848 μαρτυρίαή

178 4864 425 4933 περὶτοῦ
454 4864 770 4934 Προδρόμου
804 4865 909 4916 ἀπὸ
932 4865 1025 4917 δύο
1060 4868 1353 4935 προφητῶν
1403 4866 1629 4936 ἐλήφθη.
1658 4866 1765 4918 Τοῦ

182 4958 279 5027 μὲν
312 4958 425 5028 γὰρ
453 4958 737 5026 Μαλαγίου
769 4961 883 5011 ἐστὶ
908 4959 987 5023 τὸ,
1030 4958 1159 5012 Ἰδοὺ
1195 4959 1510 5013 ἀποστέλλω
1536 4961 1626 5012 τὸν
1654 4963 1761 5029 ἀγ-

180 5048 339 5116 γελόν
378 5067 483 5118 μου
518 5049 625 5117 πρὸ
660 5049 954 5117 προσώπου
986 5067 1103 5113 σου,
1143 5050 1198 5112 ὃς
1236 5053 1638 5104 κατασκευάσει
1666 5052 1766 5120 τὴν

181 5139 296 5193 ὀδόν
322 5157 417 5192 σου
456 5133 767 5209 ἔμπροσθέν
817 5157 910 5191 σου
936 5156 949 5169 ⁸
982 5139 1077 5191 τοῦ
1121 5141 1177 5192 δὲ
1219 5141 1465 5200 Ἤσλῒου,
1500 5142 1580 5205 τὸ,
1610 5142 1765 5211 Φωνὴ

185 5232 440 5303 βοῶντος,
470 5234 567 5284 καὶ
588 5232 656 5284 τὰ
692 5231 836 5301 ἑξῆς.
888 5232 1021 5284 Ἀπὸ
1048 5233 1103 5283 δὲ
1132 5232 1222 5283 τοῦ
1256 5232 1391 5283 Θεοῦ
1422 5234 1516 5284 καὶ
1554 5234 1764 5303 Πατρὶς

183 5328 317 5397 πρὸς
358 5326 451 5378 τὸν
480 5326 607 5377 Υἱόν
653 5327 801 5376 ἐστιν
831 5325 859 5376 6
885 5323 1061 5391 λόγος,
1094 5324 1343 5391 λέγοντος
1375 5325 1604 5391 ἄγγελον
1627 5322 1765 5376 εἶναι

180 5420 271 5474 τὸν
299 5420 641 5489 Πρόὸρομον,
688 5419 778 5469 διὰ
810 5420 870 5469 τὸ
911 5417 1209 5485 ἀγγελικὴν
1248 5418 1340 5468 καὶ
1376 5418 1575 5486 σχεδὸνς
1606 5420 1768 5471 ἄῦλον

179 5509 327 5582 Ιχειν
384 5510 555 5577 ζωὴν,
590 5511 684 5560 καὶ
707 5509 766 5560 τὸ
813 5509 1099 5575 ἀγγέλλειν
1139 5510 1231 5560 καὶ
1267 5510 1494 5578 μηνύειν
1522 5509 1613 5561 τὸν
1634 5510 1761 5577 Χρι-

188 5603 309 5656 στὸν
364 5601 695 5671 ἐρχόμενον·
728 5601 1100 5652 κατεσκεύασε
1127 5600 1183 5650 δὲ
1231 5602 1326 5669 τὴν
1365 5600 1485 5652 ὁδὸν
1515 5599 1608 5652 τοῦ
1654 5602 1769 5652 Κυ-

186 5693 323 5765 ρεου,
354 5694 456 5753 τὰς
490 5691 666 5761 ψυχὰς
693 5690 801 5750 τῶν
831 5691 1095 5742 Ἰουδαίων
1118 5689 1203 5741 διὰ
1231 5690 1325 5742 τοῦ
1354 5688 1637 5758 βαπτίζειν
1666 5706 1771 5742 πα·

188 5785 542 5855 ρπσκευάζων
567 5780 823 5849 δέξασθαι
850 5783 939 5835 τὸν
962 5784 1193 5853 Χριστόν
1219 5799 1229 5809 ⁸
1264 5784 1324 5834 τὸ
1349 5782 1425 5844 δὲ,
1460 5782 1564 5851 7:96
1598 5798 1767 5853 προσ·

187 5878 333 5930 ύττου
386 5894 507 5941 σου,
564 5876 723 5930 τοῦτο
771 5876 1049 5945 σημαίνει,
1082 5875 1163 5927 ὅτι
1207 5875 1400 5941 Ἐγγύς
1481 5892 1573 5927 σου
1617 5876 1769 5929 εσται

1873 4676 2233 4731 Testamenti.
2258 4677 2653 4733 Testimonium
2694 4690 2875 4733 autem
2911 4680 2976 4733 de
3009 4679 3369 4747 :Praacursore
3394 4697 3459 4737 ex

1870 4769 2389 4837 duobus'prophetis
2422 4780 2818 4836 estsumptum.
2852 4768 3131 4823 Malacltiae
3160 4772 3306 4825 enim
3334 4782 3417 4825 est
3442 4790 3455 4825 :

1873 4861 2011 4914 Ecce
2057 4876 2156 4929 ego
2190 4863 2345 4915 mitto
2378 4861 2626 4931 angelum
2682 4877 2859 4915 meum
2908 4873 3034 4916 ante
3066 4862 3258 4917 faciem
3290 4876 3461 4926 luam,

1870 4953 1960 5022 qui
1996 4953 2322 5021 praeparabit
2344 4954 2487 5005 viam
2514 4964 2656 5005 tuam
2680 4964 2807 5007 ante
2830 4965 2903 5007 te.
2927 4952 3075 5007 lsaia:
3095 4966 3313 5009 autem:
3348 4955 3460 5011 Vox

1870 5043 2155 5097 clamantis
2192 5044 2243 5096 in
2273 5048 2508 5107 deserto,
2550 5055 2657 5098 etc.
2687 5044 2882 5098 Sermo
2911 5055 2993 5099 est
3059 5044 3151 5100 Dei
3182 5046 3359 5101 Patris
3393 5048 3463 5101 ad

1872 5136 2091 5202 Filium,
2162 5137 2392 5191 dicentis
2445 5138 2693 5204 angelum
2744 5152 2868 5191 esse
2925 5153 3339 5205 przccursorem,
3399 5154 3464 5193 eo

1871 5230 2014 5297 quod
2053 5228 2351 5292 angelicam
2384 5236 2440 5283 et
2472 5230 2712 5281 materia:
2759 5244 3037 5295 expertem
3069 5231 3235 5285 vitam
3265 5234 3460 5302 egerit,

1869 5320 2388 5387 annuntiavcritque
2442 5329 2494 5372 et
2555 5320 2855 5373 ostenderit
2916 5322 3195 5375 Christum
3234 5324 3462 5377 venien-

1874 5422 2005 5462 tem.
2049 5409 2383 5478 l‘ra-paravit
2425 5409 2566 5462 viam
2602 5409 2837 5473 Domini,
2890 5413 3102 5464 animas
3154 5410 3460 5467 Judazorum

1871 5519 1965 5570 per
1996 5504 2329 5572 baptismum
2365 5504 2657 5571 disponens
2700 5507 3117 5573 uisus-ciperem
3161 5506 3458 5560 Christum.

1871 5598 2159 5661 Caeterum,
2191 5608 2315 5651 ante
2348 5596 2539 5650 faciem
2567 5608 2735 5662 tuam,
2765 5599 3051 5667 significat,
3082 5614 3247 5669 prope
3280 5612 3328 5652 te
3349 5601 3463 5651 fore

1874 5690 2119 5759 angelum
2156 5700 2326 5742 tuum.
2353 5686 2508 5743 Unde
2529 5690 2834 5743 OStenditur
2856 5689 3199 5747 fatiiiiiaritas
3221 5693 3435 5747 Prwcur
3452 5721 3464 5733 -

1874 5783 2015 5837 saris
2046 5796 2173 5852 erga
2202 5781 2502 5836 Christum.
2546 5780 2683 5836 Nam
2718 5785 2964 5851 proxime
2994 5802 3148 5857 reges
3181 5786 3461 5847 incedunt,

1874 5876 1967 5946 qui
2003 5873 2452 5931 familiarissimis
2481 5876 2588 5933 illis
2612 5888 2758 5935 sunt.
2792 5874 2905 5935 Vox
2938 5894 3123 5935 autem
3174 5884 3464 5940 clamantia
