4080 6336
198 394 292 451 ιη

862 381 1301 443 ENARIU'NO
1343 380 1420 439 ΙΝ
1465 372 1971 439 ΕνιιΝοΕιιυιι
2015 368 2271 429 MARCI.
2314 388 2376 402 ····
2404 368 2564 427 CAP.
2612 366 2655 424 Ῐ.

3348 354 3453 419 493

202 508 364 576 μενον
389 501 533 568 λόγῳ
567 496 968 566 μετεωροπὸρῳ
1008 495 1106 564 μὲν
1149 491 1393 545 δοκοῦντι
1426 494 1518 545 καὶ
1554 490 1777 554 ἀναπη-

1898 498 1973 537 me
2006 479 2266 552 quiddam
2298 478 2651 544 intelligebat,
2681 473 2771 527 sed
2805 486 3059 527 sermone
3088 470 3304 540 quidem
3344 485 3469 540 pas-

197 594 385 651 δὼντι,
415 587 817 642 καταπίπτοντι
839 585 894 638 δέ
921 584 1083 637 πάλιν
1106 602 1115 613 ·
1142 582 1384 635 τοιοῦτον
1406 581 1563 651 γὰρὴ
1587 579 1777 649 ἀκρὶς,

201 686 430 755 πηδῶσα
460 681 535 747 ὡς
565 680 659 733 ἐπὶ
694 680 755 731 τὸ
788 677 940 746 ὕψος,
965 674 1081 729 εἶτα
1134 676 1293 728 πάλιν
1329 670 1777 727 καταπίπτονσα.

200 777 415 844 Ὠσπερ
439 770 535 826 οὖν
574 771 668 825 καὶ
709 770 832 841 μέλι
859 770 955 841 μὲν
995 768 1179 839 ἢσθιεν
1210 771 1238 820 6
1267 768 1390 829 λαὸς
1423 765 1483 818 τὸ
1517 764 1619 817 ὑπὸ
1670 763 1783 814 τῶν

204 866 480 939 μελισσῶν
520 862 879 933 γεννώμενον,
909 861 1017 914 τῶν
1050 860 1367 931 προφητῶν,
1398 858 1473 927 μὴ
1503 852 1783 925 γεωργού.

203 977 370 1030 μενον
410 959 467 1011 δὲ
502 957 595 1009 καὶ
642 956 1017 1025 ἡμερούμενον
1044 954 1131 1006 διὰ
1179 951 1271 1005 τοῦ
1324 949 1503 1012 καλῶς
1540 945 1783 1001 νοεῖσθαι

202 1050 301 1102 καὶ
335 1048 616 1119 ζητεῖσθαι
652 1047 746 1101 καλ⁹
772 1044 1308 1113 καταλαμϐάνεσθαι.
1357 1038 1512 1111 Εἶχον
1550 1039 1648 1109 μὲν
1674 1038 1784 1108 γὰρ

200 1143 305 1203 τὰς
326 1141 547 1211 Γραφὰς
581 1141 628 1191 οἱ
648 1139 885 1207 Ἑϐραῖοι
916 1129 1026 1187 οἷόν
1041 1151 1092 1187 τι
1114 1134 1233 1203 μέλι
1258 1151 1271 1163 ·
1309 1132 1423 1184 ἀλλ’
1448 1132 1547 1183 οὐκ
1580 1133 1785 1200 ἐγεώρ-

201 1249 335 1298 γουν
367 1231 562 1292 αὐτὰς,
597 1228 716 1282 οὐδὲ
758 1225 1033 1297 ἠρεύνων.

284 1443 304 1475 ι
337 1424 443 1475 Καὶ
483 1422 775 1490 ἐκήρυσσε,
804 1417 1007 1485 λέγων’
1049 1418 1305 1487 Ἴίρχετκι
1359 1419 1385 1467 6
1435 1414 1783 1484 ἰσχυρότερος

206 1532 313 1583 μου
347 1516 520 1567 ὀπίσω
562 1529 687 1581 μου,
720 1504 780 1564 οῦ
813 1512 911 1564 οῦκ
944 1512 1069 1579 εἰμὶ·
1090 1509 1273 1571 ἱκανὸς
1306 1507 1481 1576 κύψας
1506 1506 1663 1558 λῦσαι
1692 1506 1787 1558 τὸν

207 1608 412 1675 ἱμάντα
446 1604 552 1657 τῶν
578 1593 944 1672 ὑποδημάτων
974 1602 1160 1653 αὑτοῦ.
1203 1600 1345 1667 Ἐγὼ
1379 1600 1477 1670 μὲν
1514 1599 1787 1651 ἐϐάπτισα

207 1696 353 1763 ὑμᾶς
381 1696 437 1746 ἐν
468 1693 642 1756 ὕδατι,
677 1692 837 1755 αὐτὸς
872 1692 929 1745 δὲ
950 1690 1203 1761 βαπτίσει
1247 1690 1391 1759 ὑμᾶς
1420 1691 1477 1741 ἐν
1508 1688 1784 1757 Πνεῦματι

208 1790 370 1859 ἁγίῳ.
405 1809 422 1842 ι
455 1790 591 1843 Οὺδέ
613 1789 861 1858 ἔσχατος,
886 1789 1042 1856 φησὶ,
1076 1787 1261 1849 δοῦλος
1290 1785 1455 1839 αὑτοῦ
1498 1784 1649 1850 ἄξιός
1670 1785 1783 1852 εἰμι

208 1877 372 1947 εἶναι,
409 1880 548 1933 ὥστε
574 1881 735 1933 λῦσαι
764 1880 855 1933 τὸν
884 1880 1103 1950 ἱμάντα,
1137 1878 1404 1941 τουτέστι,
1450 1877 1540 1929 τὸν
1588 1874 1784 1943 δεσμὸν

210 1974 302 2027 τὸν
346 1974 452 2028 ἀπὸ
505 1971 683 2042 λὼρου
738 1971 846 2023 τῶν
880 1970 1267 2039 ὑποδημάτων.
1313 1969 1535 2021 Νοεῖται
1584 1967 1642 2020 δὲ
1691 1966 1786 2020 καὶ

205 2062 387 2117 οὖτω’
422 2064 629 2125 Πάντες
685 2064 733 2114 οἱ
795 2061 1081 2132 ἐρχόμενοι
1120 2060 1214 2113 καὶ
1256 2058 1646 2129 βαπτιζόμενοι
1682 2057 1788 2109 ὑπὸ

218 2154 494 2219 Ἰωάννου,
552 2154 772 2206 ἐλύοντο
820 2153 908 2204 διὰ
946 2153 1043 2221 τῆς
1082 2151 1370 2220 μετανοίας
1394 2150 1500 2202 ἀπὸ
1550 2149 1645 2201 τοῦ
1694 2149 1788 2202 δε·

208 2244 358 2313 ἁμοῦ
388 2246 497 2298 τῶν
547 2243 833 2315 ἁμαρτιῶν
863 2242 1065 2306 αὐτῶν,
1091 2244 1148 2294 ἐν
1171 2242 1251 2310 τῷ
1274 2241 1552 2294 πιστεύειν
1590 2241 1670 2300 εἰς
1697 2239 1789 2291 τὸν

208 2336 466 2407 Χριστόν.
502 2339 728 2390 Πάντων
763 2336 858 2405 μέν
888 2331 981 2386 οὗν
1009 2334 1118 2386 τῶν
1145 2333 1319 2387 ἄλλων
1352 2332 1507 2385 ἔλυεν
1540 2334 1567 2383 ὁ
1601 2331 1789 2384 Ἰωάν-

205 2450 303 2502 νης
334 2433 458 2491 τοὺς
488 2431 712 2500 ἱμάντας
739 2431 833 2482 καὶ
893 2430 1020 2492 τοὺς
1064 2429 1300 2497 δεσμοὺς
1327 2427 1437 2479 τῶν
1481 2425 1785 2496 ἁμαρτιῶν.

206 2524 315 2577 Τοῦ
354 2524 411 2576 δὲ
446 2523 617 2592 Ἰησοῦ
663 2525 753 2575 τὸν
804 2522 1003 2592 ἱμάντα
1054 2522 1155 2573 οὐκ
1214 2519 1402 2589 ἴσχυσε
1439 2518 1619 2581 λῦσαι,
1656 2517 1789 2570 διότι

206 2615 327 2668 οὐδὲ
367 2610 524 2682 εὗρεν
587 2616 806 2681 ἱμάντα,
848 2614 1149 2675 τουτέστιν,
1204 2611 1480 2681 ἁμαρτίαν
1524 2613 1582 2661 ἐν
1619 2608 1788 2677 αὐτῷ.

284 2766 305 2798 ι
342 2748 454 2800 Καὶ
488 2748 707 2815 ἐγένετο
737 2750 793 2799 ἐν
824 2746 1064 2807 ἐκείναις
1112 2747 1231 2808 ταῖς
1279 2745 1534 2814 ἡμέραις,
1566 2738 1729 2813 ἦλθεν
1765 2744 1792 2794 6

220 2838 431 2907 Ἰησοῦς
461 2840 569 2891 ἀπὸ
598 2839 854 2910 Ναζαρὲτ
887 2838 985 2908 τῆς
1012 2837 1321 2902 Γαλιλαίας,
1356 2838 1451 2890 καὶ
1479 2835 1787 2907 ἐϐαπτίσθη

210 2934 317 2985 ὑπὸ
367 2933 617 3006 Ἰωάννου
672 2933 752 2995 εἰς
784 2934 873 2983 τὸν
910 2931 1223 3000 Ἰορδάνην·
1287 2930 1381 2982 καὶ
1415 2928 1618 2990 εὐθέως
1663 2930 1793 2980 ἁνα-

210 3024 414 3077 6αίνοιν
443 3025 554 3077 ἀπὸ
578 3024 672 3077 τοῦ
703 3022 916 3088 ὓδατος,
955 3017 1062 3075 εἶδε
1099 3020 1453 3091 σχιζομένους
1483 3019 1609 3081 τοὺς
1628 3019 1793 3088 οὐρα-

209 3116 357 3180 νοὺς,
394 3116 487 3168 καὶ
516 3116 577 3168 τὸ
626 3114 859 3185 Πνεῦμα
901 3114 1033 3167 ὡσεὶ
1080 3113 1410 3185 περιστερὰν
1466 3111 1792 3165 καταϐαῖνον

1884 576 2127 639 cchatur,
2165 573 2431 643 qui.visns
2463 581 2545 623 cst
2581 570 2633 621 in
2666 567 2893 620 sublime
2916 564 3179 629 saltitare,
3210 563 3305 617 sed
3347 578 3468 616 rur-

1884 686 1976 726 sus
2008 666 2192 725 statim
2225 664 2447 721 decidit.
2515 662 2874 717 Locustarutn
2929 657 3072 711 enim
3131 667 3320 709 natttra
3382 665 3468 711 est

1886 761 2209 824 subsaltare,
2249 760 2554 824 iterumque
2573 753 2839 808 decidere.
2867 748 3275 820 Quodammodo
3303 748 3464 817 igitur

1886 865 1940 909 et
1974 853 2076 907 mel
2133 852 2346 921 quidem
2412 848 2603 903 edebat
2661 846 2907 915 populus,
2960 843 3099 912 quod
3135 846 3201 897 ab
3253 843 3466 912 apibus,

1889 945 2169 1014 prophetis
2187 942 2518 1005 coniectum,
2540 956 2643 993 non
2670 951 2847 993 autem
2874 938 3203 1006 agricultura
3226 946 3467 1003 partum.

1892 1051 2066 1104 neque
2090 1036 2468 1099 domesticum,
2502 1033 2642 1103 quod
2671 1032 2807 1087 bene
2841 1031 3257 1098 intelligeretur,
3287 1028 3469 1097 inqui-

1889 1138 2116 1191 rerctur,
2157 1136 2213 1183 et
2267 1125 2837 1195 comprehenderetur.
2905 1121 3187 1178 Habebant
3246 1119 3466 1191 quidam

1890 1218 2202 1287 Scriptnrns
2234 1200 2439 1272 l‘lebraei
2468 1215 2622 1286 quasi
2657 1213 2761 1268 mel
2793 1212 3090 1284 quoddam,
3115 1211 3212 1267 sed
3232 1211 3332 1282 ipsi
3363 1226 3469 1267 non

1890 1312 2211 1367 excolebant
2244 1325 2337 1365 eas
2368 1323 2546 1378 neque
2586 1307 2990 1364 scrutabantur.

1964 1426 2122 1482 Vens.
2155 1426 2273 1480 7-8.
2308 1444 2325 1476 ι
2362 1424 2424 1479 Ει
2456 1423 2765 1493 praedicavit
2810 1422 2996 1477 dicens
3028 1439 3039 1475 :
3076 1417 3234 1474 Venit
3269 1419 3316 1473 is
3380 1417 3472 1488 qui

1894 1518 2083 1572 fortior
2108 1532 2192 1571 me
2223 1525 2306 1570 est
2336 1525 2455 1585 post
2482 1531 2589 1578 me,
2638 1515 2791 1580 cujus
2820 1513 3313 1567 calceamentorum
3353 1526 3473 1564 cor-

1892 1614 2079 1679 rigiam
2113 1621 2169 1663 ut
2198 1610 2557 1678 procumbens
2591 1605 2752 1677 176
2800 1604 3029 1666 solvam,
3063 1616 3172 1656 non
3210 1616 3329 1656 sum
3358 1600 3477 1654 ida-

1891 1720 2041 1759 ueus.
2082 1704 2190 1772 Ego
2247 1700 2462 1772 quidem
2503 1699 2769 1768 baptizavi
2827 1710 2923 1749 vos
2976 1708 3136 1764 aqua,
3204 1692 3292 1747 ille
3348 1705 3478 1745 vero

1892 1793 2187 1862 haptizabit
2211 1807 2304 1845 vos
2326 1790 2528 1859 Spiritu
2554 1799 2794 1843 sancto.»
2819 1785 3001 1854 Neque
3028 1784 3355 1839 novissimus
3368 1797 3479 1837 ser-

1892 1901 2080 1940 verunt
2109 1885 2224 1954 ejus
2262 1897 2382 1937 esse
2432 1880 2623 1950 dignus
2665 1894 2808 1941 sum,
2839 1878 3039 1949 inquit,
3079 1876 3152 1931 ita
3183 1886 3241 1931 ut
3269 1874 3477 1931 solvam

1891 1977 2199 2047 corrigiam,
2221 1975 2320 2030 hoc
2333 1984 2438 2039 est,
2465 1972 2739 2027 vinculum
2759 1971 2899 2041 quod
2920 1985 2987 2026 ex
3007 1969 3137 2025 loris
3161 1978 3244 2023 est
3261 1968 3475 2023 calcea-

1893 2069 2057 2122 menti
2095 2066 2236 2136 ejus.
2265 2064 2587 2136 lntelligitur
2614 2071 2793 2118 autem
2818 2062 2996 2117 ethoc
3032 2060 3192 2116 modo
3225 2079 3236 2113 :
3276 2059 3480 2115 Omnes

1892 2160 1983 2227 qui
2037 2158 2325 2213 veniebant
2355 2166 2409 2212 et
2428 2155 2842 2225 baptizabantur
2866 2168 2894 2206 a
2925 2152 3155 2226 Joanne,
3191 2151 3479 2207 solveban-

1896 2260 1982 2303 tur
2007 2264 2101 2317 per
2152 2246 2529 2316 paenitentiam
2556 2261 2584 2299 a
2618 2244 2834 2301 vinculo
2857 2253 3203 2313 peccatorum
3232 2258 3480 2306 suorum,

1893 2342 2018 2394 dum
2061 2340 2355 2396 credebant
2376 2339 2429 2393 in
2461 2338 2762 2393 Christum.
2786 2336 3041 2392 Omnium
3072 2336 3235 2404 igitur
3252 2334 3480 2390 aliorum

1898 2432 2141 2486 solvebat
2165 2431 2404 2488 Joannes
2436 2431 2702 2500 corrigias
2732 2439 2788 2485 et
2810 2428 3021 2483 vincula
3078 2438 3428 2497 peccatorum
3461 2444 3473 2479 :

1892 2523 2017 2578 Jesu
2053 2534 2231 2578 autem
2264 2523 2555 2593 corrigiam
2601 2523 2813 2579 solvere
2846 2538 2953 2576 non
2989 2522 3184 2591 potuit,
3236 2536 3299 2575 co
3325 2520 3468 2589 qnoJ

1896 2634 1998 2670 non
2026 2616 2225 2671 invenit
2252 2616 2566 2688 corrigiam,
2600 2616 2704 2671 hoc
2738 2625 2843 2679 cst,
2865 2624 3146 2685 peccatum
3179 2614 3230 2666 in
3253 2614 3393 2683 ipso.

1970 2752 2189 2809 \’r.ns.9
2226 2756 2306 2806 ll.
2347 2774 2364 2806 ι
2404 2752 2470 2808 Et
2502 2754 2699 2809 lactant
2726 2762 2808 2809 est
2836 2754 2888 2807 in
2924 2753 3123 2808 diebus
3157 2751 3286 2817 illis,
3344 2753 3489 2805 venit

1895 2843 2097 2899 Jesusa
2117 2843 2387 2900 Nazareth
2411 2845 2666 2909 Gdilma‘,
2699 2854 2752 2899 ct
2781 2844 3084 2914 baptizatus
3108 2853 3191 2899 est
3221 2858 3247 2895 a
3280 2841 3487 2896 Joanne

1899 2941 1948 2991 in
1980 2938 2239 2992 Jordane.
2277 2938 2340 2992 Et
2370 2939 2550 2992 statim
2580 2952 2701 2992 cum
2736 2935 3060 2991 ascenderet
3099 2951 3163 2990 ex
3204 2951 3367 3006 aqua,
3407 2936 3488 2987 vi-

1897 3032 1969 3082 dit
2004 3030 2205 3084 dillindi
2229 3031 2418 3093 caelos,
2443 3039 2497 3083 ct
2531 3029 2790 3098 Spiritum
2828 3028 2983 3097 quasi
3032 3028 3335 3083 columbam
3391 3027 3489 3080 de-

1898 3122 2245 3175 srendentem
2278 3137 2441 3191 super
2469 3122 2613 3175 illum
2642 3140 2653 3175 :
2682 3134 2735 3175 et
2764 3134 2866 3174 vox
2897 3119 3037 3176 facta
3069 3132 3150 3175 est
3182 3123 3246 3175 de
3282 3120 3437 3175 rmlis
3474 3138 3487 3173 :

211 3209 299 3257 ἐπ’
318 3206 504 3270 αὐτὸν,
531 3207 623 3260 καὶ
652 3208 805 3277 φωνὴ
831 3205 1051 3274 ἐγένετο
1082 3207 1144 3257 ἐκ
1182 3204 1291 3256 τῶν
1315 3203 1571 3273 οὐρανῶν
1592 3219 1604 3232 ·
1642 3204 1713 3254 Σῦ
1750 3198 1790 3253 εἴ

1912 3210 1988 3263 Tn
2012 3226 2071 3265 cs
2105 3210 2190 3263 ille
2222 3208 2393 3263 Filius
2441 3226 2592 3262 meus
2629 3210 2881 3273 dilectus,
2943 3209 2995 3261 in
3029 3222 3136 3275 quo
3171 3207 3301 3261 mihi
3358 3208 3493 3262 bene

208 3302 237 3351 ὀ
259 3297 391 3361 Υἱός
438 3317 540 3368 μου
566 3300 593 3349 6
621 3299 926 3367 ἀγαπητὸς,
958 3300 1015 3350 ἐν
1139 3298 1427 3366 εὐδόκησα.
1467 3316 1484 3349 ι
1521 3296 1631 3365 (4οὶ
1661 3295 1799 3350 Οὔτε

208 3393 298 3445 διὰ
350 3391 410 3443 τὸ
438 3391 708 3462 ἀφεθῆναι
750 3392 859 3444 τῶν
901 3391 1210 3461 ἁμαρτιῶν,
1263 3391 1485 3460 ἔρχεται
1534 3392 1560 3442 6
1592 3388 1800 3457 Ἰησοῦς

209 3483 301 3535 ἐπὶ
332 3482 394 3533 τὸ
422 3480 726 3551 βὰπτισμα,
760 3481 1035 3551 ἁμαρτίαν
1080 3482 1187 3551 γὰρ
1216 3481 1317 3533 οὐκ
1348 3480 1605 3549 ἐποίησεν
1626 3497 1637 3509 '
1671 3479 1797 3534 οὔτε

208 3573 283 3635 ὡς
319 3574 642 3643 Πνεύματος
699 3573 1181 3644 μεταληψόμενος·
1242 3573 1303 3624 τὸ
1352 3572 1460 3644 γὰρ
1515 3571 1797 3642 βάπτισμα

222 3665 495 3730 Ἰωάννου,
540 3664 616 3727 ὡς
672 3662 849 3728 εἷπον,
893 3651 1299 3736 ἁμαρτίαςίιὴ
1353 3667 1640 3737 καθαῖρον,
1679 3668 1796 3732 πῶς

210 3755 275 3807 ἄν
306 3755 537 3825 Πνεῦμα
590 3756 789 3810 ἔδωκεν
812 3776 824 3822 ;
867 3758 1028 3811 Ἀλλὰ
1052 3758 1158 3829 μὴν
1181 3758 1299 3811 οὐδὲ
1330 3758 1419 3811 διὰ
1442 3758 1504 3811 τὸ
1530 3760 1796 3829 μετανοῆ-

211 3863 300 3900 σαι
338 3846 566 3917 ἔρχεται
595 3848 1136 3921 βαπτισθησὸμενος·
1169 3850 1348 3919 πολλῴ
1388 3852 1495 3919 ’ίᾶρ
1524 3846 1592 3919 ἦν
1621 3851 1799 3922 κρείτ-

206 3955 318 3991 των
341 3939 437 3990 καὶ
463 3937 557 3991 τοῦ
581 3940 914 3995 Βαπτιστοῦ.
943 3942 1096 3993 Διατί
1138 3936 1230 3993 οῦν
1260 3941 1515 4010 ἔρχεταις
1553 3943 1620 3994 Ἢ
1654 3943 1792 3996 πάν-

207 4047 315 4093 τως
349 4030 444 4084 ἵνα
473 4032 764 4103 φανερωθῇ
795 4034 899 4086 ὑπὸ
941 4032 1190 4087 Ἰωάννου
1210 4032 1286 4103 τῷ
1328 4032 1461 4096 λαῷ.
1505 4030 1663 4085 Ἐπεὶ
1691 4033 1798 4102 γὰρ

208 4122 399 4175 πολλοὶ
424 4122 744 4193 συνέρρεον,
769 4123 1060 4192 εὐδόκησεν
1081 4125 1256 4177 ἐλθεῖν
1276 4122 1350 4188 ὡς
1379 4124 1443 4177 ἂν
1475 4142 1649 4195 μαρτυ
1660 4123 1797 4194 ρηθῇ

209 4211 578 4267 ἐνώπιονοτῶν
614 4213 823 4267 πολλῶν
849 4214 1077 4279 τούτων,
1120 4215 1201 4278 τίς
1242 4218 1359 4267 ἐστι
1390 4231 1401 4245 ·
1435 4214 1528 4268 καὶ
1564 4214 1683 4284 ἅμα
1712 4216 1799 4269 ἵνα

211 4306 481 4381 πληρώσῃ
513 4308 693 4361 πᾶσαν
727 4307 1100 4376 δικαιοσύνην,
1164 4307 1434 4365 τουτέστι.
1479 4306 1656 4371 πάσας
1700 4309 1799 4371 τὰς

210 4398 436 4461 ἐντολὰς
461 4400 556 4453 τοῦ
590 4400 750 4470 νόμου
774 4416 786 4430 ·
819 4400 943 4452 ἐπεὶ
975 4400 1081 4469 γὰρ
1109 4400 1295 4469 ἐντολὴ
1340 4400 1610 4452 καὶτοῦτο
1632 4400 1797 4464 δοκεῖ,

211 4492 271 4542 τὸ
318 4490 616 4561 πεισθῆναι
651 4490 726 4558 τῷ
763 4489 1019 4560 προφήτῃ
1078 4488 1395 4558 βαπτίζοντι
1421 4489 1495 4550 ὡς
1528 4490 1633 4541 ὑπὸ
1662 4489 1797 4541 Θεοῦ

1907 3298 2286 3368 complacitum
2314 3309 2419 3353 est.
2456 3318 2473 3349 ι
2503 3297 2688 3367 Neque
2717 3308 2774 3351 ut
2800 3299 3205 3352 remitterentur
3238 3297 3340 3351 sibi
3368 3313 3493 3368 pec-

1908 3403 2025 3447 cala
2066 3393 2209 3447 venit
2238 3392 2397 3447 Jcsus
2443 3396 2509 3447 ad
2554 3394 2818 3462 baptisma
2846 3410 2861 3446 :
2896 3401 3177 3462 peccatum
3208 3393 3350 3445 enim
3384 3407 3491 3446 non

1903 3485 2025 3539 l‘ccit
2054 3502 2069 3551 ;
2108 3500 2279 3554 neque
2309 3495 2367 3537 ut
2398 3484 2634 3555 Spiritus
2664 3486 2937 3554 partit-eps
2972 3486 3155 3539 licrct:
3186 3499 3309 3539 cum
3347 3487 3491 3541 enim

1905 3575 2166 3641 baptisma
2211 3573 2456 3639 Joannis,
2493 3574 2785 3638 sicntdixi,
2817 3584 3038 3644 peccata
3068 3591 3172 3629 non
3202 3589 3489 3646 purgaret,

1902 3664 2172 3732 quoznodo
2206 3661 2471 3733 Spiritum
2498 3665 2769 3719 dedisset?
2794 3664 2899 3719 Sed
2929 3681 3103 3734 neque
3126 3676 3347 3736 promer
3379 3682 3493 3737 pte-

1905 3753 2188 3805 nitentiam
2222 3753 2450 3807 venitut
2479 3754 2850 3823 baptizaretur
2894 3776 2905 3810 :
2950 3758 3118 3811 tnulto
3159 3762 3302 3815 enim
3358 3779 3493 3831 pra:-

1903 3845 2135 3897 stantior
2161 3856 2277 3899 erat
2305 3846 2571 3917 Baptista.
2612 3848 2793 3914 Quare
2814 3851 2979 3920 igitur
3013 3854 3207 3907 venit?
3237 3855 3333 3910 Vel
3369 3872 3496 3911 omn

1904 3936 2032 3989 nino
2068 3946 2123 3990 ut
2153 3937 2594 3994 manifestaretnr
2615 3957 2642 3993 a
2670 3939 2878 3997 Joanne
2907 3944 3122 4013 populo.
3188 3945 3321 4001 Nam
3369 3949 3493 4019 quia

1906 4030 2059 4083 multi
2093 4030 2457 4098 conﬂuebant,
2484 4045 2729 4105 apparet,
2779 4038 2923 4107 quod
2961 4038 3081 4093 ideo
3149 4041 3379 4104 venerit,
3439 4052 3496 4096 ut

1906 4120 2276 4175 testimonium
2305 4122 2580 4192 acciperet
2608 4139 2792 4179 coram
2825 4125 3009 4181 multis
3044 4127 3168 4196 quis
3197 4140 3364 4185 esset.
3400 4127 3493 4183 Vel

1904 4221 1961 4264 ιιι
1991 4210 2243 4279 impleret
2278 4227 2493 4268 omnem
2518 4214 2811 4284 justitiam,
2844 4217 2945 4271 hoc
2979 4228 3082 4281 est,
3117 4221 3298 4273 omnia
3342 4235 3494 4274 man-

1906 4302 2028 4357 data
2065 4303 2212 4373 legis.
2253 4303 2521 4370 Quoniam
2546 4307 2690 4360 enim
2714 4309 2888 4362 ethoc
2914 4310 3228 4365 mandatum
3255 4312 3492 4381 videtur,

1907 4404 1964 4446 nt
1996 4394 2251 4448 credatur
2279 4395 2554 4463 prophetae
2583 4396 2902 4465 baptizanti,
2938 4400 3078 4468 quod
3101 4414 3131 4454 a
3162 4399 3269 4457 Deo
3292 4403 3493 4461 missus

1906 4488 1999 4552 sit,
2034 4488 2220 4559 implet
2254 4487 2540 4558 et-ipsnm.
2583 4488 2823 4559 Spiritus
2856 4506 2983 4546 vero
3048 4492 3330 4550 descendit
3387 4512 3491 4551 non

212 4581 541 4652 πεμφθέντι,
577 4582 772 4652 πληροῖ
799 4584 892 4636 καὶ
920 4582 1144 4651 ταύτην.
1179 4583 1253 4634 Τὸ
1291 4582 1347 4634 δὲ
1406 4582 1633 4651 Πνεῦμα
1663 4583 1790 4636 κάτ-

1903 4581 2047 4648 quod
2080 4594 2215 4649 opus
2241 4578 2328 4633 illo
2354 4580 2551 4634 haheat
2582 4578 2833 4636 Christus
2866 4600 2880 4636 :
2913 4585 3187 4652 quomodo
3217 4587 3361 4640 enim
3394 4586 3493 4642 hoc

210 4690 370 4738 εισιν,
423 4674 523 4743 οὐχ
565 4676 646 4727 ὃτι
697 4674 876 4728 ἐδέετο
908 4675 1099 4727 τούτου
1130 4675 1158 4726 6
1188 4674 1442 4743 Χριστὸς,
1472 4674 1589 4737 πῶς
1618 4674 1724 4744 γὰρ
1762 4674 1791 4726 ὃ

210 4762 276 4835 ἧν
304 4768 360 4819 ἐν
398 4764 548 4836 αῦτῷ
579 4765 855 4829 οῦσιωδῶς
887 4765 1081 4835 μένον;
1112 4765 1226 4817 ἀλλ’
1260 4766 1347 4817 ἵνα
1399 4766 1579 4837 μάθῃς
1615 4767 1679 4819 σὺ
1710 4767 1792 4819 ὅτι

211 4860 338 4910 ὅταν
362 4856 625 4930 βαπτίζῃ,
679 4858 770 4910 καὶ
800 4858 879 4920 εἰς
912 4858 971 4910 σέ
1023 4857 1250 4925 Πνεῦμα
1289 4856 1443 4924 ἅγιον
1474 4856 1756 4910 ἐλεύσεται
1778 4873 1793 4889 ⁸

212 4949 324 5016 ἅμα
354 4947 416 4999 δὲ
443 4947 537 4998 καὶ
562 4946 721 4999 τοῦτο
751 4947 972 5016 ἐνήργει
1001 4946 1032 5014 ἡ
1061 4946 1151 4998 τοῦ
1180 4945 1496 5014 [Ινεύματος
1522 4945 1747 5007 κάθοδος
1776 4963 1788 4976 ο

214 5038 330 5089 ἐπεὶ
357 5038 467 5106 γὰρ
503 5033 655 5089 εἶπεν
692 5039 719 5089 6
755 5038 945 5107 Πατὴρ
979 5037 1209 5103 ἄνωθεν,
1233 5031 1401 5099 Οῦτός
1430 5038 1579 5090 ἐστιν
1606 5039 1632 5090 6
1664 5037 1793 5099 Υἱός

218 5147 344 5197 μου,
386 5131 476 5184 ἵνα.
528 5133 601 5201 μὴ
658 5131 955 5201 νομίσωσιν
1000 5132 1051 5183 οἱ
1104 5129 1395 5193 ἀκούοντες
1427 5132 1508 5183 ὃτι
1544 5130 1790 5201 περὶτοῦ

226 5220 474 5275 Ἰωάννου
499 5222 667 5293 λέγει,
704 5223 915 5277 κάτεισι
942 5224 1001 5276 τὸ
1051 5210 1280 5293 Πνεῦμα.
1302 5223 1393 5276 ἐπὶ
1428 5222 1518 5275 τὸν
1558 5223 1789 5292 Ἰησοῦν,

1906 4669 2183 4740 possibile,
2212 4688 2335 4725 cum
2360 4672 2413 4726 in
2439 4687 2505 4727 co
2539 4673 2976 4730 substantialiter
3012 4678 3236 4733 manet?
3286 4681 3378 4734 sed
3431 4691 3489 4739 ut

1902 4778 1958 4821 tn
1988 4765 2166 4820 discas
2213 4764 2356 4833 quod
2405 4766 2620 4833 quando
2664 4765 2983 4835 baptizaris,
3017 4768 3179 4823 etiam
3212 4770 3266 4824 in
3298 4779 3349 4825 te
3372 4770 3494 4841 Spi—

1903 4862 2043 4915 ritus
2077 4868 2295 4913 sanctus
2332 4858 2530 4911 veniat.
2556 4859 2769 4913 Interea
2790 4869 2844 4912 et
2867 4858 2969 4914 hoc
2986 4871 3241 4930 operatur
3260 4860 3497 4933 Spiritus

1904 4951 2080 5007 sancti
2109 4951 2441 5005 descensus:
2475 4965 2543 5004 ne
2568 4966 2687 5004 cum
2706 4949 2868 5006 Pater
2885 4966 3118 5023 superne
3136 4954 3364 5020 diceret,
3396 4957 3493 5012 llic

1905 5047 1990 5093 est
2024 5037 2116 5092 ille
2148 5037 2315 5091 Filius
2340 5052 2515 5102 meus,
2559 5047 2829 5105 putarent,
2856 5040 2948 5109 qui
2987 5042 3291 5111 audierant,
3351 5048 3493 5115 quod

1905 5132 1970 5184 de
1995 5127 2204 5183 Joanne
2229 5128 2480 5194 dixisset,
2514 5130 2799 5185 descendit
2835 5129 3071 5202 Spiritus
3097 5149 3262 5205 super
3284 5136 3494 5203 Jesnm,

1903 5221 2195 5279 ostendens
2224 5220 2366 5289 quod
2386 5220 2457 5274 de
2485 5222 2587 5276 hoc
2614 5222 2819 5278 dictum
2850 5225 2943 5280 sit.
2980 5224 3148 5283 Porro
3170 5228 3293 5283 cceli
3320 5228 3497 5284 diﬂin-

1172 5382 1260 5439 Ex
1296 5378 1634 5439 rollatione
1672 5378 1857 5438 endit.
1906 5380 2133 5439 Venet.
2171 5380 2233 5437 Β.
2282 5380 2499 5438 Marci.

286 5554 398 5616 ιῖιιιι
421 5555 556 5609 Cod.
591 5557 659 5607 ’Ξιὶ
688 5557 827 5609 addit
856 5576 865 5609 :
900 5556 1173 5616 Μιιτθαῐος
1210 5557 1305 5623 μὲν
1330 5557 1650 5619 inhibui-(ﬁ
1688 5560 1792 5623 τῆς

223 5626 554 5699 Γαλιλαίας
590 5623 730 5699 εἷπε,
762 5628 985 5696 Μάρκος
1009 5626 1064 5678 δέ
1101 5624 1411 5695 ἰδικώτερον
1448 5629 1541 5681 καὶ
1578 5631 1671 5699 τὴν
1704 5632 1793 5681 πό-

217 5695 298 5742 ’κιν
326 5697 379 5744 ἐν
415 5697 444 5763 ᾖ
476 5696 711 5762 διέτριϐε
752 5696 1079 5764 προσέθηκε.
1121 5696 1255 5745 0-3::
1294 5697 1343 5748 δὲ
1374 5699 1457 5749 δικ
1498 5701 1552 5748 τδι
1588 5695 1790 5766 ﬁdit-,-

224 5778 303 5813 ναι
362 5768 465 5814 τί-ιν
528 5767 829 5831 ἀξινρῖῑιῗιι,
898 5785 946 5819 κ.
994 5784 1036 5814 τ.
1080 5766 1127 5817 7.
1187 5785 1201 5814 ι
1248 5765 1526 5821 .‘lallha'm
1580 5765 1795 5836 tlsti'lttt:

1907 5563 2228 5643 simpliritor
2284 5565 2455 5643 dixit._
2491 5582 2553 5619 cr
2610 5568 2833 5643 Gali/ira
2872 5586 2888 5621 .·
2953 5579 3007 5623 at
3062 5572 3272 5627 Marcus
3330 5576 3499 5643 magis

1910 5636 2629 5709 1:;i_t-t-t-til:iri!et-civitatem
2694 5638 2954 5694 etiamin
3018 5659 3120 5709 qua
3188 5636 3500 5697 morabatur

1911 5707 2127 5814 atqvi-tt.
2166 5706 2225 5814 .\'t
2284 5720 2411 5755 vero
2466 5722 2635 5773 neque
2676 5718 2729 5761 ut
2770 5706 3183 5766 remitterentur
3220 5713 3320 5766 sibi
3381 5732 3500 5784 μυ.-

1911 5789 1967 5814 I‘Il
2003 5793 2024 5814 ;ι
2104 5795 2115 5814 1
2155 5792 2178 5814 ι’
2211 5792 2235 5814 ι’

1908 5785 2049 5825 UH".
2104 5795 2115 5819 l
2155 5785 2252 5826 ‘.".(‘.
