4080 6336
196 345 296 410 531

885 343 1329 409 ENARRATIO
1372 344 1452 407 IN
1492 343 1996 406 EVANGELIUM
2038 345 2299 409 ΜΑΒΕΙ·⁸
2345 373 2412 384 -·
2447 347 2608 410 CAP.
2652 348 2699 408 1.

3378 349 3496 412 502

198 460 295 512 καὶ
319 457 400 522 τὸ,
432 459 698 526 Ἤγγικεν
725 457 757 528 ἠ
794 457 1038 528 βασιλεία
1067 458 1161 513 τοῦ
1195 457 1353 514 Θεοῦ.
1380 458 1496 512 Ούκ
1522 457 1637 512 ἔστι
1667 457 1724 512 δέ
1763 473 1780 489 θ

1908 475 2110 525 tempe,
2162 461 2553 532 Rescipisrite,
2615 469 2692 528 et,
2729 459 3202 533 Appropinquavit
3258 473 3486 530 regnum

197 556 226 606 6
252 552 352 621 μὲν
380 551 750 622 γὰρἸωάννης
779 551 861 617 τὸ,
880 553 1232 619 Μετανοεῖτε,
1262 551 1471 620 ἔλεγεν,
1492 551 1634 606 ὥστε
1658 554 1789 606 ύπο·

198 647 450 716 χωρῆσαι
481 643 590 696 ἀπὸ
634 644 743 697 τῶν
779 646 1064 717 ἁμαρτιῶν
1092 661 1107 675 ⁸
1142 647 1170 699 6
1201 646 1257 698 δὲ
1288 646 1530 714 Χριστὸς
1559 646 1642 710 τὺ,
1677 645 1789 699 Με-

201 739 472 798 τανοεῖτε,
500 734 673 804 λέγει,
710 735 852 790 ὥστε
899 738 1008 792 ἀπὸ
1038 737 1133 792 τοῦ
1176 739 1404 808 νομικοῦ
1460 739 1791 810 γράμματος

203 831 418 898 φυγεῖν.
463 829 554 882 Διὸ
591 830 688 882 καὶ
748 831 1062 900 προσέθηκε
1111 831 1192 894 τὸ,
1231 831 1532 884 Πιστεύετε
1582 833 1640 884 ὲν
1706 829 1786 901 τῷ

207 920 524 990 Εύαγγελίῳ
549 935 569 954 ο
599 923 627 974 6
662 921 769 992 γὰρ
797 921 1006 991 μέλλων
1034 920 1331 976 πιστεῦσαι
1359 921 1449 974 διὰ
1474 921 1569 975 τοῦ
1612 923 1792 991 Εὐαγ-

201 1014 408 1082 γελίου,
440 1016 757 1085 κατήργηκε
793 1017 886 1069 τὸν
921 1015 1090 1086 νόμον
1120 1016 1329 1070 λοιπόν.
1379 1014 1792 1086 Πεπληρῶσθαι

202 1109 318 1178 γάρ
349 1125 512 1179 φησιν
535 1109 563 1162 6
602 1107 806 1180 Κύριος
839 1108 932 1163 καὶ
960 1108 1050 1162 τὸν
1073 1108 1266 1181 καιρὸν
1295 1108 1390 1162 τοῦ
1438 1108 1607 1179 νόμου
1638 1107 1750 1176 (45)
1775 1125 1791 1143 ·

201 1203 333 1272 ἄχρι
364 1202 673 1272 γὰρμρησὶ,
713 1201 806 1255 τοῦ
825 1200 920 1255 νῦν
971 1202 1196 1273 ἐνήργει
1242 1204 1270 1256 6
1325 1202 1509 1272 νόμος,
1545 1202 1656 1256 ἀπὸ
1699 1201 1793 1256 τοῦ

200 1292 300 1345 νῦν
327 1293 384 1346 δὲ
415 1295 446 1363 ἡ
478 1292 725 1364 βασιλεία
774 1293 868 1346 τοῦ
914 1293 1076 1358 Θεοῦ,
1111 1297 1144 1365 ἠ
1179 1294 1321 1348 κατὰ
1354 1295 1415 1346 τὺ
1461 1293 1797 1363 Ευαγγέλιον

201 1384 454 1438 πολιτεία
487 1386 772 1454 πάρεστιν,
821 1384 944 1454 ἥτις
993 1386 1220 1448 εἰκότως
1270 1384 1674 1455 παρεικάζεται
1728 1387 1795 1456 τῇ

203 1479 460 1554 βασιλείᾳ
503 1482 610 1536 τῶν
654 1480 926 1550 οὐρανῶν.
959 1481 1126 1534 Ὅταν
1151 1481 1262 1548 γὰρ
1303 1481 1420 1552 ίδῃς
1450 1481 1524 1543 ὡς
1557 1480 1798 1552 ἄσαρκον

213 1572 419 1644 μικροῦ
493 1572 920 1644 πολιτευόμενον
991 1572 1083 1626 τὸν
1139 1573 1282 1626 κατὰ
1341 1572 1403 1625 τὸ
1468 1571 1801 1640 Εὑαγγέλιον

203 1666 446 1736 βιοῦντα,
481 1662 591 1737 ἆρα
617 1666 720 1719 οὐκ
753 1665 820 1719 ἂν
858 1666 1034 1728 εἴποις
1063 1665 1146 1718 ὅτι
1173 1659 1332 1728 οὗτος
1381 1665 1482 1735 τὴν
1517 1665 1799 1735 βασιλείαν

202 1758 316 1811 τῶν
339 1758 585 1828 οὐρανῶν
617 1759 727 1830 (ὅτε
755 1759 856 1812 οὐκ
885 1757 1002 1812 ἐστι
1036 1757 1240 1830 βρῶσις
1271 1757 1304 1830 ἢ
1329 1759 1509 1829 πόσις)
1533 1759 1631 1830 ἤδη
1663 1758 1796 1829 ἔχει,

203 1852 313 1906 κᾶν
342 1852 563 1922 μακρὰν
587 1845 732 1906 εἶναι
757 1852 887 1924 δοκῇ
915 1869 930 1918 ;

282 1961 302 1994 ι
347 1943 677 2014 Περιπατῶν
726 1944 783 1996 δὲ
838 1943 992 2016 παρὰ
1037 1942 1136 2014 τὴν
1187 1943 1467 1999 θάλασσαν
1512 1944 1611 2013 τῆς
1639 1943 1798 1998 Γαλι-

202 2033 388 2103 λαίας,
422 2033 532 2090 εἶδε
554 2035 775 2106 Σίμωνα
809 2036 904 2089 καὶ
941 2035 1199 2105 Ἃνδρέαν
1234 2035 1326 2090 τὸν
1349 2036 1580 2103 ἀδελφὸν
1609 2035 1799 2100 αὑτοῦ,

207 2128 505 2195 βάλλοντας
561 2127 982 2199 ἀμφίϐληστρον
1035 2130 1117 2193 είς
1158 2129 1256 2198 τὴν
1313 2127 1592 2182 θάλασσαν
1639 2123 1803 2199 (ἦσαν

204 2219 319 2289 γὰρ
346 2216 560 2290 ἁλιεῖς),
599 2219 694 2271 καὶ
720 2213 872 2272 εἶπεν
901 2220 1084 2282 αὐτοῖς
1107 2221 1135 2272 6
1161 2219 1370 2290 Ἰησοῦς
1389 2233 1401 2246 ·
1433 2219 1598 2273 Δεῦτε
1628 2220 1805 2273 ὀπίσω

211 2329 342 2380 μου,
376 2312 471 2365 καὶ
529 2315 743 2379 ποιήσω
772 2311 918 2381 ὑμᾶς
965 2310 1222 2378 γενέσθαι
1250 2311 1425 2375 ἁλιεῖς
1469 2311 1798 2383 ἀνθρώπων.

207 2404 323 2457 Καὶ
353 2404 553 2467 εὐθέως
605 2404 838 2473 ἀφέντες
871 2403 939 2456 τὰ
979 2403 1170 2458 δίκτυα
1201 2392 1403 2470 αὐτῶν,
1428 2404 1806 2476 ἠκολούθησαν

204 2496 361 2566 αὐτῷ
382 2513 395 2525 ·
428 2497 518 2551 καὶ
547 2497 758 2566 προϐὰς
778 2497 987 2552 ἐκεῖθεν
1013 2497 1219 2566 ὀλίγον,
1252 2494 1395 2550 εἶδεν
1421 2497 1684 2553 Ἰάκωϐον
1711 2497 1805 2552 τὸν

207 2589 304 2643 τοῦ
363 2591 678 2656 Ζεϐεδαίου,
727 2592 824 2646 καὶ
890 2592 1147 2662 Ἰωάννην
1198 2593 1292 2646 τὸν
1339 2591 1569 2662 ἀδελφὺν
1612 2593 1802 2659 αὑτοῦ,

210 2682 306 2734 καὶ
341 2683 539 2745 αύτούς
579 2686 638 2736 ὲν
663 2685 740 2755 τῷ
778 2684 951 2756 πλοίῳ
997 2684 1426 2756 καταρτίζοντας
1461 2686 1530 2738 τὰ
1585 2685 1801 2750 δίκτυα,

209 2771 310 2825 καὶ
342 2771 546 2836 εὐθέως
577 2772 841 2827 ἐκάλεσεν
862 2773 1081 2838 αύτούς.
1130 2772 1242 2826 Καὶ
1283 2773 1515 2841 ἀφέντες
1572 2771 1665 2825 τὸν
1701 2789 1807 2826 πα-

208 2865 349 2930 τέρα
374 2863 555 2917 αὐτῶν
594 2865 877 2921 Ζεϐεδαῖον
911 2867 968 2918 ἰν
1007 2864 1088 2936 τῷ
1152 2863 1326 2934 πλοίῳ
1383 2863 1522 2934 μετὰ
1571 2864 1682 2918 τῶν
1718 2882 1808 2934 μιο

211 2954 460 3020 σθωτῶν,
493 2956 739 3026 ἀπῆλθον
788 2956 968 3011 ὀπίσω
1023 2955 1213 3010 αὑτοῦ.
1257 2975 1276 3009 ι
1322 2955 1431 3010 Τοῦ
1486 2956 1806 3028 Προδρὸμου

1894 552 2011 606 Dei.
2051 553 2158 608 Sed
2189 569 2296 609 non
2329 565 2415 610 est
2454 556 2548 610 ita.
2576 554 2816 610 Joannes
2844 555 2989 609 enim
3035 554 3291 610 dicebat:
3330 551 3490 608 [tesi-

1894 642 2113 711 piscite,
2159 650 2216 698 ut
2251 644 2656 698 abscederenta
2687 644 2928 713 peccatis
2964 643 3260 700 :Christus
3283 655 3486 709 autem,

1895 735 2226 806 Resipiscite
2260 737 2412 802 dicit,
2445 749 2502 792 nt
2535 754 2562 791 a
2600 737 2760 806 legali
2805 737 2982 791 littera
3057 737 3325 808 fugerem.
3363 735 3491 793 Ideo

1896 829 2197 899 apposuit,
2248 829 2472 886 Credite
2526 829 2839 901 Evangelio.
2900 829 3139 885 Credens
3189 828 3332 883 enim
3398 844 3494 899 per

1898 920 2252 991 Evangeliunt
2284 923 2396 993 jam
2426 923 2661 978 abolevit
2711 922 2904 994 legent.
2938 920 3079 976 Dicit
3109 922 3255 976 enim
3308 920 3494 976 Denti-

1899 1030 2003 1071 nus
2059 1017 2343 1086 impletum
2396 1032 2517 1072 esse
2563 1026 2775 1086 tempus
2821 1015 2977 1086 legis.
3011 1013 3304 1069 Enimvero
3345 1013 3398 1068 in
3442 1013 3495 1068 id

1901 1123 2072 1180 usque
2105 1109 2363 1180 temporis
2393 1110 2473 1164 lex
2498 1112 2853 1180 operabatur,
2890 1109 3066 1180 inquit
3096 1125 3113 1163 :
3141 1108 3210 1162 ab
3247 1109 3350 1164 hoc
3399 1124 3498 1164 au-

1900 1211 2009 1257 tem
2055 1212 2299 1268 tempore
2356 1218 2586 1274 regnum
2632 1203 2750 1270 Dei,
2794 1203 2940 1273 quod
2971 1210 3055 1256 est
3099 1201 3206 1256 vita
3264 1215 3500 1271 cvange-

1900 1297 2030 1364 lica,
2062 1299 2246 1363 adest,
2279 1313 2403 1367 quae
2454 1296 2680 1367 quidem
2725 1297 2838 1352 vita
2876 1310 3042 1367 regno
3079 1294 3348 1350 cmlorum
3381 1308 3500 1348 me-

1903 1389 2006 1444 rito
2067 1386 2370 1444 confertur.
2417 1389 2556 1443 Nam
2620 1388 2664 1442 si
2716 1392 3026 1459 quempiam
3094 1385 3297 1441 videris
3342 1386 3498 1455 quasi

1903 1482 2109 1554 absque
2140 1497 2308 1538 carne
2337 1483 2523 1536 vivere
2554 1481 2716 1535 vitam
2749 1479 3143 1546 evangelicam,
3186 1494 3370 1533 attnon
3419 1477 3506 1533 di-

1903 1591 2057 1632 ceres
2089 1576 2231 1644 quod
2272 1589 2500 1641 regnum
2545 1573 2809 1629 caelorum
2848 1571 2960 1641 jam
3011 1571 3230 1636 habeat,
3262 1583 3329 1625 eo
3358 1569 3504 1640 quod

1907 1684 2011 1723 non
2082 1669 2156 1724 sit
2213 1668 2265 1722 in
2302 1667 2395 1722 illo
2454 1667 2609 1722 cibus
2655 1674 2710 1720 et
2761 1675 2957 1733 potus,
3018 1663 3184 1718 etiam
3241 1663 3286 1719 si
3346 1661 3508 1732 longe

1905 1761 2096 1817 abesse
2130 1758 2412 1816 videatur?

1982 1914 2145 1971 Vens.
2178 1917 2364 1972 l6-20.
2405 1936 2425 1968 ι
2457 1917 2591 1973 Cum
2624 1915 2934 1969 ambularet
2970 1923 3150 1966 autem
3174 1911 3328 1983 juxta
3353 1924 3510 1967 mare

1906 2009 2162 2075 Galilaaa',
2183 2009 2322 2064 vidit
2355 2007 2634 2062 Simonem
2662 2016 2719 2061 et
2738 2005 3014 2060 Andream
3048 2005 3273 2059 fratrem
3289 2003 3505 2073 ejus]:-

1908 2103 2124 2159 cientes,
2151 2101 2284 2156 retia
2305 2102 2358 2156 in
2380 2117 2553 2164 mare,
2579 2111 2737 2160 erant
2766 2100 2911 2155 enim
2939 2099 3264 2171 piscatores,
3293 2107 3348 2153 et
3371 2097 3511 2153 dixit

1909 2196 1991 2251 eis
2008 2195 2165 2252 Jesus
2195 2193 2530 2265 :Sequimini
2563 2207 2669 2257 me,
2687 2191 2954 2250 etfaciam
2989 2200 3048 2246 ut
3071 2191 3378 2248 eﬁiciamiui
3425 2191 3511 2262 pi-

1909 2299 2154 2345 scatores
2197 2289 2505 2344 hominum.
2536 2287 2604 2341 At
2653 2285 3018 2358 illi,protiuus
3052 2284 3260 2342 relictis
3299 2284 3512 2342 retibus

1910 2381 2044 2447 suis,
2083 2381 2252 2436 secuti
2277 2391 2402 2436 sunt
2434 2395 2580 2436 eum.
2614 2379 2681 2434 Et
2707 2395 3026 2451 progressus
3049 2380 3197 2436 illinc
3229 2379 3508 2450 pusillum,

1909 2474 2047 2528 vidit
2073 2472 2332 2528 Jacobum
2358 2472 2528 2528 filium
2571 2471 2853 2543 Zebedaei,
2881 2483 2936 2528 et
2976 2471 3238 2527 Joannem
3276 2471 3502 2527 fratrem

1909 2566 2050 2636 ejus,
2075 2565 2164 2636 qui
2188 2565 2360 2636 etipsi
2387 2565 2440 2621 in
2469 2565 2590 2620 navi
2617 2565 3077 2620 reconcinnabant
3108 2564 3265 2630 retia,
3298 2566 3516 2619 statim...

1912 2647 2018 2731 que
2044 2661 2259 2716 vocavit
2283 2660 2438 2716 illos:
2476 2669 2532 2715 et
2563 2659 2640 2715 illi
2705 2661 2896 2716 relicto
2922 2671 3076 2730 patre
3105 2674 3204 2716 suo
3246 2659 3512 2715 Zebedaeo

1915 2753 1968 2807 in
2005 2753 2128 2808 navi
2164 2767 2290 2807 cum
2314 2751 2697 2816 mercenariis,
2733 2751 2907 2807 secuti
2941 2760 3070 2806 sunt
3099 2766 3247 2806 eum.
3300 2768 3318 2803 ι
3360 2749 3512 2805 Prte-

1912 2848 2153 2904 cursoris
2201 2846 2452 2917 discipuli
2504 2857 2664 2902 erant
2701 2845 2900 2902 Petrus
2945 2857 3001 2901 et
3045 2846 3313 2900 Andreas.
3371 2843 3512 2901 Cum

1915 2953 2102 3002 autem
2127 2942 2391 2998 vidissent
2421 2939 2609 2997 Jesum
2640 2955 2670 2995 a
2703 2939 2912 2996 Joanne
2943 2939 3312 2996 testimonium
3350 2952 3512 2994 acce-

208 3043 353 3117 ἦσαν
386 3047 630 3119 μαθηταὶ
666 3050 872 3121 Πέτρος
909 3050 1004 3104 καὶ
1047 3050 1327 3122 Ἀνδρέας.
1376 3027 1596 3113 Ἰδόντες
1618 3050 1676 3104 δὲ
1717 3049 1801 3104 τὸν

1917 3036 2098 3105 ρίεεε,
2142 3032 2398 3106 adierunt
2440 3048 2588 3088 eum.
2666 3030 2875 3087 Deinde
2921 3039 3208 3100 postquam
3272 3027 3512 3084 Joannes

223 3139 436 3212 Ἰησοῦν
473 3142 578 3195 ὑπὸ
611 3141 704 3196 τοῦ
741 3144 992 3198 Ἰωάννου
1031 3121 1474 3216 μαρτυρηθέντα,
1498 3143 1801 3214 προσῆλθον

1915 3127 2348 3197 comprehensus
2397 3125 2519 3190 fuit,
2563 3123 2747 3180 mmsti
2797 3122 2924 3178 facti
2970 3122 3164 3177 iterum
3221 3121 3291 3177 ad
3338 3129 3514 3176 artem

210 3193 388 3302 αὐτῷ.
423 3193 572 3288 se.
597 3193 1801 3306 tesi,"iam;24;.aa,',"'t.;;,iz;;.g

1915 3193 2068 3273 suam
2095 3217 2373 3272 redierunt
2409 3232 2423 3270 :
2462 3216 2606 3271 unde
2627 3215 2748 3271 illos
2781 3214 3032 3269 Christus
3056 3214 3295 3270 secundo
3333 3221 3513 3268 vocat.

208 3325 572 3397 ἀνεχώρησαν
603 3326 767 3381 πάλιν
798 3327 878 3390 είς
911 3327 1011 3398 τὴν
1047 3305 1270 3381 οἰκείαν
1318 3305 1538 3398 τέχνην.
1581 3305 1748 3381 Ὅθεν
1779 3330 1801 3382 6

1918 3308 2171 3363 Secunda
2222 3306 2368 3363 enim
2405 3307 2622 3361 vocatio
2669 3306 2772 3360 ista
2808 3316 2914 3361 est.
2947 3305 3085 3361 Vide
3143 3315 3325 3360 autem
3379 3319 3515 3376 quo-

211 3419 450 3490 Χριστος
501 3422 566 3475 hc
607 3420 862 3490 δευτέρου
910 3420 1138 3487 τούτους
1170 3422 1349 3478 καλεῖ.
1403 3422 1639 3493 Δευτέρα
1700 3424 1801 3493 γάρ

1919 3401 2080 3457 modo
2104 3400 2182 3456 illi
2208 3401 2380 3471 justis
2407 3399 2687 3455 laboribus
2717 3413 2840 3456 sese
2876 3400 3182 3464 enutriant,
3215 3407 3270 3454 et
3304 3414 3412 3456 non
3447 3414 3514 3455 ex

210 3514 365 3565 ἔστιν
416 3512 557 3580 αὓτη
588 3514 622 3583 ἡ
669 3513 888 3583 κλῆσις.
930 3513 1078 3585 Ὅρα
1109 3515 1165 3568 δὲ
1209 3516 1414 3579 αὐτοὺς
1461 3517 1528 3570 ὲκ
1582 3515 1801 3570 δικαίωι

1918 3493 2155 3562 iniustis.
2190 3493 2353 3551 Tales
2381 3495 2526 3549 enim
2567 3496 2715 3565 digni
2753 3503 2911 3549 erant
2950 3494 3042 3566 qui
3099 3494 3260 3563 primi
3319 3494 3516 3551 fierent

210 3603 395 3656 πόνων
454 3604 849 3674 τρεφομένους,
890 3605 1009 3660 ἀλλ’
1050 3605 1151 3661 οὐκ
1203 3606 1266 3671 ὶξ
1290 3606 1495 3661 ἀδίκων
1525 3622 1539 3635 ·
1575 3607 1811 3661 τοιοῦτοι

209 3694 325 3766 γὰρ
363 3696 416 3748 οί
467 3695 609 3759 ἄξιοι
666 3695 916 3764 γίνεσθαι
964 3696 1174 3768 πρῶτοι
1234 3699 1476 3769 Χριστοῦ
1545 3699 1808 3770 μαθηταί.

226 3789 488 3857 Ἀφέντες
543 3785 638 3842 οῦν
681 3789 887 3852 εὐθέως
942 3790 1012 3844 τὰ
1062 3793 1121 3844 ἐν
1180 3793 1391 3862 χερσὶν,
1436 3792 1810 3863 ἠκολούθησαν

209 3881 365 3952 αύτῷ
405 3898 420 3912 ο
459 3883 520 3934 οὐ
553 3883 661 3954 γὰρ
706 3882 786 3935 δεῖ
834 3882 1256 3946 ἀναϐάλλεσθαι.
1285 3884 1403 3938 ἀλλ’
1436 3883 1643 3949 εὐθέως
1679 3887 1812 3940 ἁκο⁸

209 3975 452 4029 λουθεῖν.
506 3974 663 4027 Μετὰ
691 3974 750 4028 δὲ
792 3973 1040 4040 τούτους,
1088 3975 1180 4028 τὸν
1228 3975 1485 4030 Ἰάκωϐον
1518 3978 1811 4049 σαγηνεύει

214 4067 313 4118 καὶ
353 4066 444 4118 τὸν
482 4065 756 4135 Ἰωάννην,
797 4065 846 4119 οἶ
891 4066 986 4119 καὶ
1024 4066 1180 4120 αὐτοὶ
1212 4067 1446 4140 πένητες
1472 4069 1644 4134 ὄντες,
1663 4070 1812 4139 ὅμως

209 4161 626 4230 ιγηροτρὸφουν
657 4161 749 4212 τὸν
800 4160 1035 4230 πατέρα.
1089 4160 1337 4231 Ἀφῆκαν
1367 4161 1426 4214 δὲ
1450 4160 1542 4215 τὸν
1573 4167 1810 4232 πατέρα,

207 4254 313 4323 οὐχ
364 4253 446 4305 ὃτι
487 4251 652 4305 καλόν
694 4254 842 4304 ἐστιν
865 4251 1086 4320 ἀφιέναι
1122 4253 1248 4316 τοὺς
1281 4255 1549 4324 πατέρας,
1583 4254 1698 4308 ἀλλ’
1730 4256 1811 4308 ὅτι

1915 3591 2165 3659 discipuli
2203 3591 2430 3647 Christi.
2468 3590 2693 3646 Relictis
2738 3590 2905 3662 igitur
2939 3589 3123 3645 statim
3164 3589 3249 3644 his
3303 3604 3427 3660 qua:
3463 3590 3516 3644 in

1917 3685 2171 3740 manibus
2228 3696 2407 3750 erant,
2440 3685 2612 3740 secuti
2661 3694 2790 3739 sunt
2822 3698 2966 3739 eum.
2991 3682 3110 3738 Non
3165 3685 3310 3740 enim
3351 3701 3518 3742 mora:

1919 3781 2198 3834 nectenda!
2255 3790 2404 3840 sunt,
2461 3778 2556 3832 sed
2625 3778 2806 3832 statim
2864 3779 3198 3847 sequendum
3253 3789 3358 3837 est.
3391 3777 3521 3835 Post

1919 3869 2039 3925 illos
2063 3870 2308 3940 piscatur
2334 3867 2595 3926 Jacobutn
2631 3879 2686 3923 et
2724 3871 3015 3935 Joannem,
3045 3870 3138 3941 qui
3175 3882 3228 3926 et
3257 3871 3356 3942 ipsi
3387 3887 3521 3942 pau-

1918 3978 2079 4032 peres
2114 3972 2294 4024 erant.
2349 3973 2405 4017 et
2440 3973 2652 4032 patrem
2712 3961 2869 4018 senio
2906 3961 3216 4018 confectum
3274 3963 3517 4021 alebant.

1916 4055 2089 4109 Porro
2132 4053 2474 4124 reliquerunt
2509 4062 2742 4124 patrem,
2782 4069 2891 4108 non
2924 4057 3069 4124 quod
3102 4057 3301 4110 bonum
3334 4058 3406 4111 sit
3429 4073 3518 4112 re-

1921 4147 2170 4216 linquere
2208 4155 2485 4216 parentes,
2532 4150 2626 4201 sed
2668 4147 2794 4216 quia
2849 4147 3240 4217 impedimento
3302 4148 3520 4204 futurus

1922 4245 2045 4292 erat
2075 4238 2349 4293 secuturis
2378 4236 2686 4292 Christum.
2713 4236 2806 4293 Sic
2844 4249 2898 4293 et
2929 4250 2986 4293 tu
3014 4239 3260 4309 relinque
3307 4256 3519 4310 paren-

209 4345 442 4414 εμελλεν
505 4346 702 4407 αὐτοὺς
757 4346 1051 4415 ἐμποδίσαι
1093 4345 1230 4415 πρὸς
1291 4345 1388 4417 τὴν
1427 4346 1801 4416 ἀκολούθησιν.

1921 4344 1999 4388 tes
2039 4333 2084 4387 si
2139 4334 2206 4386 ad
2260 4335 2518 4402 pietatem
2576 4332 2668 4385 tibi
2737 4331 3067 4396 obstiterint,
3125 4344 3180 4388 et
3262 4333 3317 4388 id
3367 4335 3512 4404 quod

220 4435 414 4498 Οῦτως
446 4434 537 4487 οὖν
578 4436 673 4488 καὶ
706 4436 770 4488 σὺ
797 4437 928 4490 ὅταν
959 4437 1231 4508 ἐμποδίζῃ
1265 4435 1418 4507 παρὰ
1441 4437 1551 4489 τῶν
1582 4439 1801 4504 γονέων1

1921 4425 2117 4478 bonum
2175 4423 2508 4492 amplexare.
2542 4425 2783 4492 Apparet
2825 4423 2989 4494 178
3043 4423 3362 4479 Zebedzeum
3405 4441 3516 4480 non

215 4528 358 4596 ἄφες
389 4527 588 4590 αὐτοὺς
649 4529 743 4580 καὶ
799 4527 1120 4598 πρόσδραμε
1169 4529 1249 4599 τῷ
1313 4527 1525 4598 ἀγαθῷ.
1557 4528 1801 4582 Φαίνεται

1921 4519 2244 4583 credidisse,
2274 4526 2452 4570 mater
2494 4525 2672 4570 autem
2734 4515 3109 4585 apostolorum
3161 4516 3413 4583 credidit,
3461 4528 3517 4574 et

211 4625 325 4692 γὰρ
356 4625 384 4674 6
428 4621 711 4685 Ζεϐεδαῖος
741 4622 814 4692 μὴ
846 4623 1138 4675 πιστεῦσαι
1173 4639 1188 4654 ο
1221 4624 1253 4690 ἡ
1278 4624 1461 4690 μέντοι
1485 4625 1671 4693 μήτηρ
1700 4625 1801 4675 τῶν

1913 4621 2097 4670 secuta
2126 4621 2210 4667 est
2265 4609 2533 4675 fortassis,
2593 4621 2808 4664 mortuo
2864 4608 3146 4665 Zebedazo.
3181 4611 3336 4666 Scias
3383 4611 3512 4666 item

213 4715 559 4774 ἀποστόλων,
593 4713 908 4779 πιστεῦσαι,
938 4714 1340 4785 καὶᾼὴκολούθει
1379 4715 1488 4785 γὰρ
1526 4715 1680 4779 ἴσως,
1713 4715 1801 4767 τοῦ

1921 4709 2156 4779 primum
2219 4705 2402 4759 vocari
2457 4705 2773 4774 practicen,
2831 4705 2956 4759 dein
3011 4705 3512 4775 contemplativatn.

213 4808 508 4862 Ζεϐεδαίου
535 4805 921 4870 ἀποθανόντος.
946 4808 1086 4860 ’ῐσθι
1125 4807 1180 4859 δὲ
1211 4808 1303 4859 καὶ
1333 4805 1513 4871 τοῦτο,
1547 4806 1626 4859 ὃτι
1656 4807 1801 4876 πρῶ-

1921 4807 2116 4861 Petrus
2173 4804 2318 4859 enim
2371 4803 2643 4871 praetices
2695 4799 3004 4871 symbolum
3049 4812 3172 4853 eSl:
3213 4797 3516 4852 ferventior

211 4917 312 4954 την
332 4901 574 4952 καλεῖται
597 4901 632 4968 ἡ
654 4897 871 4967 πρᾶξις,
903 4894 1065 4968 simi)
1087 4897 1310 4969 θεωρία.
1339 4897 1406 4953 Οἱ
1440 4899 1538 4968 μὲν
1566 4892 1660 4951 οὖν
1681 4899 1801 4970 napi

1921 4899 2065 4951 enim
2099 4905 2221 4950 erat
2277 4896 2507 4964 aliisque
2566 4893 2934 4964 prazstantior,
2989 4891 3129 4945 sicut
3175 4901 3229 4943 et
3277 4889 3519 4960 practice

210 4992 309 5044 τὸν
361 4991 585 5061 Πέτρον,
619 4989 719 5059 τῆς
769 4990 1086 5060 πρακτικῆς
1119 4992 1227 5043 είσι
1278 4989 1569 5059 σύμϐολον·
1613 4989 1801 5059 θερμό-

1918 5003 2021 5045 est.
2057 4991 2296 5046 Joannes
2324 5004 2454 5043 vero
2511 4986 2995 5056 coiit-emplativam
3036 4985 3357 5053 significat:
3398 4982 3521 5053 plus

211 5100 378 5144 τατος
412 5082 520 5150 γὰρ
561 5076 738 5144 οὗτος,
771 5081 866 5133 καὶ
903 5080 1198 5152 προπηδῶν
1242 5080 1351 5132 τῶν
1400 5079 1598 5142 ἄλλων,
1620 5075 1710 5132 οἷα
1747 5079 1801 5146 δί

1922 5083 2067 5137 enim
2101 5083 2167 5138 de
2205 5083 2365 5138 rebus
2397 5081 2598 5136 divinis
2631 5080 2858 5137 disserit
2885 5077 3142 5133 Joannes.

217 5176 373 5244 καὶὴ
414 5174 696 5246 πρακτική
737 5175 910 5232 ἐστιν.
944 5175 1008 5228 Oi
1076 5173 1133 5226 δὲ
1194 5173 1326 5242 περὶ
1353 5171 1444 5225 τὸν
1491 5171 1744 5242 Ἰωάννην
1781 5171 1879 5242 τὴν
1919 5174 2158 5246 θεωρίαν
2229 5175 2700 5246 ὑποσημαίνουσιν
2735 5191 2748 5210 ·
2815 5168 3279 5241 θεολογικώτατος
3333 5175 3442 5244 γάρ
3496 5173 3524 5226 6

228 5266 508 5336 Ἰωάννης.

302 5384 317 5414 ι
361 5363 471 5416 Καὶ
495 5363 909 5434 εἰσπορεύονται
941 5361 1020 5423 είς
1049 5358 1449 5429 Καπερναούμ.
1472 5360 1582 5412 Καὶ
1606 5359 1811 5422 εὐθέως

218 5454 335 5516 τοῖς
366 5451 640 5506 Σάϐϐασιν
668 5449 931 5504 είσελθὼν
963 5451 1041 5513 είς
1073 5448 1173 5518 τὴν
1227 5449 1587 5518 Συναγωγὴν,
1630 5450 1809 5503 ὲδίδα·

1999 5360 2157 5417 Vens.
2208 5362 2298 5427 21,
2335 5362 2427 5417 Ἡ.
2492 5381 2509 5414 ι
2557 5361 2619 5415 Et
2687 5357 3073 5431 ingrediuntur
3129 5357 3471 5427 Capernaum
3504 5394 3518 5416 ,

1921 5467 1976 5508 et
2011 5455 2193 5508 statim
2218 5453 2472 5509 Sabbatis
2502 5455 2782 5526 ingressus
2814 5456 2868 5508 in
2909 5452 3246 5522 Synagogant
3274 5449 3523 5509 docebat.

1186 5589 1277 5649 Ex
1315 5587 1666 5650 collatione
1703 5590 1893 5652 codd.
1936 5592 2165 5654 Venet.
2207 5595 2269 5655 S.
2313 5593 2533 5657 Marci.

297 5722 408 5792 (45)
447 5719 582 5774 {.ml.
649 5719 718 5774 ‘20
754 5718 845 5770 καὶ
884 5717 1236 5798 _:6v.r:1tp6v.
1281 5719 1370 5773 τὸν
1431 5721 1795 5793 ἀφορισθέντα

1908 5723 1987 5794 pi
2053 5723 2187 5779 Θεοῦ
2221 5728 2284 5797 τῇ
2321 5725 2562 5794 πολιτείᾳ.
2586 5725 2681 5779 τοῦ
2717 5725 2914 5798 νόμων,
2973 5737 3026 5776 κ.
3062 5719 3179 5773 τ.λ.
3226 5737 3244 5769 ι
3288 5716 3533 5787 Tempus

227 5807 254 5847 ε
301 5789 404 5849 Deo
433 5800 696 5849 statutum
735 5806 830 5858 pro
868 5789 1107 5844 dominio
1140 5789 1290 5860 legis.
1318 5810 1335 5841 θ
