4080 6336
578 297 676 358 507

1453 290 2031 353 TllEUPiIYLACTI
2068 289 2477 350 BULGARIAS
2517 289 2872 349 ARCHIEP.

3696 291 3805 352 508

576 416 720 459 cant.
745 405 874 464 Nam
894 420 1012 457 cum
1035 403 1318 474 quosdam,
1345 404 1465 457 dum
1486 403 1835 468 un-ntiuntur,
1860 403 2140 457 inveniunt

2267 403 2391 470 ίμᾶς
2429 401 2502 471 μὴ
2536 401 2812 452 πιστεύειν
2847 402 3049 463 αὐτοῖς,
3085 402 3188 454 κᾶν
3225 401 3397 470 ἀληθῆ
3449 399 3700 468 λέγωσιν.
3739 404 3802 459 ΕΞ

576 502 797 549 cmuino
826 496 1107 549 credentes
1137 494 1262 557 sibi,
1303 493 1429 562 quid
1474 510 1578 546 non
1605 492 1774 555 ﬁeret.
1801 494 1843 547 si
1877 507 2132 546 exsecra-

582 589 711 640 biles
745 595 795 638 et
852 587 993 638 veris
1047 583 1177 638 falsa
1244 584 1666 652 permiscerent?
1709 585 1782 638 Ita
1831 595 1885 639 et
1936 584 2132 638 Paulus

583 677 858 745 prohibuit
889 675 1134 743 spiritum
1187 677 1536 746 pytltonicum
1572 676 1833 746 diceptem
1892 675 2134 730 homines

582 769 699 822 illos
738 784 925 823 servos
968 783 1089 823 esse
1129 769 1221 821 Dei
1255 767 1527 821 altissimi.
1585 767 1696 820 Non
1731 767 1874 822 enim
1928 769 2135 821 volebat

579 871 794 915 sanctus
830 860 896 914 ab
927 861 1201 914 immundo
1229 874 1325 913 ore
1375 859 1760 924 commendari,
1807 868 1863 913 et
1891 859 2131 913 testimo-

581 953 722 1004 nium
752 953 1015 1020 accipere.

649 1126 812 1182 Vens.
837 1129 1022 1184 35-59.
1064 1149 1082 1180 ι
1122 1130 1180 1182 Et
1221 1143 1376 1183 mane
1404 1129 1566 1182 multa
1614 1132 1786 1184 adhuc
1823 1139 1980 1184 nocte
2011 1147 2136 1186 sur-

583 1219 741 1283 rexit,
800 1229 850 1274 et
889 1235 1132 1290 egressus
1175 1229 1257 1272 est
1301 1231 1354 1273 et
1409 1220 1724 1275 abiitJesus
1769 1221 1818 1273 in
1864 1222 2133 1276 desertum

584 1311 784 1374 locum,
818 1311 995 1377 ibique
1055 1313 1243 1364 orabat
1343 1320 1395 1363 et
1429 1323 1742 1379 prosccutus
1767 1322 1851 1366 est
1890 1328 2011 1367 eum
2050 1314 2137 1368 Si-

587 1415 730 1461 mon,
773 1411 828 1454 et
859 1403 945 1471 qui
997 1398 1115 1454 cum
1163 1402 1252 1454 illo
1292 1413 1485 1455 erant:
1520 1411 1574 1456 et
1631 1419 1752 1457 cum
1813 1404 2141 1458 invenissent

584 1507 727 1554 eum,
757 1493 939 1546 dicunt
969 1493 1017 1547 ei
1073 1491 1313 1547 :Omnes
1360 1501 1411 1547 te
1447 1503 1710 1561 quaerunt.
1756 1493 1820 1547 Et
1868 1496 1944 1548 ait
1987 1495 2091 1550 illis
2125 1513 2138 1548 :

587 1579 782 1634 Eamus
813 1584 866 1634 in
924 1580 1193 1649 proximos
1236 1582 1400 1650 vicos,
1443 1593 1500 1637 ut
1536 1591 1590 1638 et
1641 1583 1711 1638 ibi
1755 1586 2062 1653 praedicem,
2089 1589 2141 1642 in

589 1673 689 1726 hoc
712 1674 850 1726 enim
880 1689 1124 1742 egressus
1158 1690 1298 1729 sum.
1325 1675 1391 1729 Ει
1407 1676 1732 1744 praedicabat
1762 1677 1814 1730 in
1847 1675 2142 1750 Synagogis

2240 491 2350 561 γὰρ
2380 490 2583 558 εὕρωσι
2612 506 2760 553 τινας
2796 492 2931 554 ὅλως
2981 491 3334 554 πιστεύοντας
3371 491 3573 557 αὐτοῖς,
3619 491 3672 544 τί
3703 494 3802 546 οὐκ

2237 581 2303 634 ἂν
2333 583 2632 653 ποιήσαιεν,
2663 585 2775 644 τοῖς
2802 583 3060 652 ἀληθεῦσι
3097 583 3538 652 παραμιγνύντες
3579 585 3630 636 οί
3658 602 3793 637 κατ-

2239 671 2426 741 άρατοι
2465 673 2531 724 τά
2587 671 2789 740 ψευδῆς
2832 671 2988 724 Οὕτω
3035 673 3127 724 καὶ
3157 674 3184 724 6
3212 672 3416 735 Παῦλος
3467 672 3708 726 ἐκώλυσε
3743 673 3804 725 τὸ

2241 763 2456 830 πνεῦμα
2487 765 2578 815 τοῦ
2611 763 2877 826 Πύθωνος,
2918 762 3163 830 λέγοντος
3192 779 3206 792 ·
3239 757 3393 815 Οὗτοι
3441 763 3489 815 oi
3524 762 3799 832 ἄνθρωποι

2240 853 2418 906 δοῦλοι
2456 855 2550 906 τοῦ
2579 852 2714 906 Θεοῦ
2753 855 2847 906 τοῦ
2879 854 3102 923 ὑψίστου
3133 853 3269 906 εἰσίν
3289 869 3302 883 ⁸
3339 854 3399 905 οὐ
3431 855 3540 924 γὰρ
3567 854 3754 923 ἢθελεν
3779 857 3806 906 6

2242 948 2396 1014 ἅγιος
2433 948 2540 999 ἀπὸ
2569 945 2880 1016 ἀκαθάρτου
2913 945 3177 1014 στόματος
3227 943 3340 1014 (48)
3377 943 3808 996 συνίσταθαικτὶ

2245 1037 2662 1106 μαρτυρεῖσθαι.

2319 1146 2337 1179 ι
2386 1129 2495 1181 Καὶ
2542 1127 2684 1198 πρωῒ
2725 1127 2945 1196 ἔννυχον
2994 1126 3115 1179 λίαν
3161 1126 3421 1189 ἀναστὰς,
3457 1125 3672 1194 ἐξῆλθε,
3719 1128 3812 1178 καί

2243 1220 2486 1290 ἀπῆλθεν
2513 1222 2540 1273 6
2581 1221 2784 1291 Ἰησοῦς
2836 1223 2916 1283 είς
2949 1219 3153 1291 ἔρημον
3196 1219 3379 1285 τόπον,
3427 1220 3590 1272 κάκεῖ
3649 1234 3810 1286 προσ-

2246 1312 2464 1382 ηύχετο,
2516 1312 2606 1363 καὶ
2645 1311 2976 1386 κατεδίωξαν
3020 1311 3182 1364 αὐτὸν
3207 1310 3236 1361 6
3268 1310 3468 1378 Σίμων,
3505 1308 3600 1361 καὶ
3622 1309 3669 1360 ot
3695 1309 3810 1378 μετ’

2248 1401 2435 1456 αὑτοῦ.
2496 1403 2606 1455 Καὶ
2651 1402 2901 1472 εὑρόντες
2943 1401 3154 1468 αὐτὸν,
3201 1401 3448 1469 λέγουσιν
3499 1400 3671 1471 αὐτῷ,
3728 1401 3809 1453 ὅτι

2250 1494 2453 1556 Πάντες
2477 1510 2533 1545 σε
2561 1493 2817 1562 ζητοῦσι·
2853 1493 2944 1545 καὶ
2981 1494 3128 1560 λέγει
3151 1492 3332 1554 αὐτοῖς
3358 1508 3372 1521 ’
3429 1493 3690 1558 ’Ἄγωμεν
3738 1492 3816 1552 εἰς

2249 1589 2345 1650 τὰς
2383 1587 2647 1657 ἐχομένας
2687 1586 3052 1655 κωμοπόλεις,
3091 1585 3178 1638 ῐνα
3209 1587 3302 1636 καὶ
3326 1585 3444 1636 ἐκεῖ
3464 1583 3709 1651 κηρύξω,
3741 1585 3812 1645 εἰς

2252 1681 2409 1734 τοῦτο
2438 1680 2546 1750 γὰρ
2573 1678 2823 1747 ἐλήλυθα.
2861 1679 2970 1730 Καὶ
2999 1673 3067 1746 ἦν
3095 1678 3384 1746 κηρύσσων
3428 1676 3487 1728 ἐν
3528 1678 3648 1738 ταῖς
3691 1692 3815 1728 συν-

587 1778 769 1815 eorum
829 1763 881 1816 in
942 1772 1049 1818 tota
1090 1763 1334 1828 Galilaea,
1395 1775 1449 1820 et
1499 1767 1761 1820 daemonia
1793 1769 2064 1838 ejiciebat.
2115 1788 2136 1824 ι

2267 1775 2489 1840 ιγωγαῖς
2520 1769 2697 1829 αὐτῶν
2717 1771 2796 1831 εἰς
2822 1769 2948 1837 ὅλην
2969 1769 3066 1838 τὴν
3088 1766 3393 1831 Γαλιλαίαν,
3412 1768 3505 1819 καὶ
3531 1767 3600 1818 τά
3625 1763 3818 1835 δαιμό-

590 1850 874 1918 Pustquam
912 1855 1120 1906 sanavit
1149 1869 1342 1924 aegros,
1379 1857 1602 1910 secessit
1639 1873 1654 1909 :
1698 1856 1899 1912 docens
1952 1874 2048 1914 nos
2080 1874 2146 1914 ne

589 1943 715 2008 quid
751 1943 816 1996 ad
851 1945 1270 1998 ostentationem
1306 1945 1591 2012 faciamus,
1642 1959 1698 2002 et
1746 1950 1791 2002 si
1860 1951 1987 2020 quid
2019 1951 2144 2005 boni

592 2031 896 2099 fecerimus,
931 2035 1246 2091 studeamus
1276 2037 1407 2091 illud
1436 2041 1727 2094 occultare.
1767 2040 2026 2096 Precatur
2053 2059 2151 2096 an-

591 2129 696 2173 tem
728 2124 1014 2178 ostendens
1048 2123 1158 2180 Deo
1181 2126 1512 2183 oﬂerendum
1550 2131 1594 2184 si
1631 2132 1759 2200 quid
1809 2133 1932 2188 boni
1964 2134 2153 2189 feceri-

595 2226 738 2276 mus,
767 2223 822 2267 et
851 2214 1134 2270 dicendum
1166 2219 1229 2272 ad
1250 2220 1420 2284 illum,
1449 2223 1593 2290 quod
1621 2223 1794 2278 Omne
1825 2225 2022 2279 donum
2053 2226 2151 2281 bo-

595 2319 720 2356 num
755 2321 983 2373 superne
1021 2324 1048 2361 a
1079 2318 1133 2362 te
1171 2311 1468 2368 descendit.
1494 2313 1680 2385 Neque
1709 2317 1848 2370 enim
1885 2319 1999 2387 ipse
2031 2335 2152 2373 ora-

596 2393 739 2447 tione
763 2394 1052 2465 indigebat.
1077 2398 1208 2452 Cum
1229 2411 1408 2456 autem
1442 2404 1613 2473 ipsum
1646 2418 1952 2474 quaarerent
1986 2409 2153 2465 turba:

593 2493 652 2538 et
687 2486 1075 2552 desiderarent,
1137 2492 1216 2546 eis
1269 2508 1327 2548 se
1364 2509 1468 2547 non
1528 2498 1716 2560 tradit,
1757 2500 1850 2554 sed
1896 2503 2157 2570 approbat

593 2588 777 2628 eorum
838 2576 1186 2644 desiderium,
1245 2583 1500 2653 vaditque
1544 2588 1705 2641 etiam
1752 2591 1818 2643 ad
1882 2593 2014 2646 alios
2064 2596 2155 2662 qui

595 2683 690 2720 sua
749 2669 1055 2740 indigebant
1095 2673 1359 2740 doctrina,
1418 2687 1472 2733 et
1517 2680 1744 2736 medela.
1796 2682 1978 2752 Neque
2014 2687 2157 2741 enim

599 2775 707 2814 uno
739 2761 853 2816 loco
875 2764 1364 2822 circumscribenda
1398 2779 1517 2824 erat
1546 2773 1811 2835 doctrina,
1837 2776 1930 2829 sed
1955 2778 2156 2847 ubique

598 2850 924 2907 dilfundcndi
950 2855 1109 2925 180
1136 2868 1290 2911 erant
1319 2861 1451 2914 radii
1483 2865 1771 2918 sermonis.
1819 2864 1944 2920 Vide
1974 2879 2155 2922 autent

599 2947 866 3010 quomodo
909 2948 1166 3003 doctrina:
1214 2952 1481 3006 actionem
1537 2957 1846 3027 conjungal.
1899 2959 2160 3015 Prmdicat

2249 1883 2340 1919 νια
2377 1862 2676 1917 ἐκϐάλλων.
2724 1880 2741 1913 ι
2784 1862 2931 1914 Μεθδ
2959 1859 3297 1931 ἐθεράπευσε
3334 1858 3460 1921 τοὺς
3507 1857 3817 1917 νοσοῦντας.

2249 1955 2521 2024 ἀναχωρεῖ
2553 1953 2659 2023 ἰδίᾳ
2687 1952 2822 2021 (49),
2869 1951 3136 2003 διδάσκων
3165 1951 3312 2018 ἡμᾶς
3346 1949 3422 2017 μὴ
3459 1948 3594 2017 πρὸς
3623 1947 3821 2000 ἐπίδει-

2261 2044 2344 2110 ξίν
2372 2061 2425 2097 τι
2455 2047 2656 2096 ποιεῖν·
2691 2041 2825 2095 ἀλλά
2890 2039 2992 2094 κᾶν
3031 2040 3347 2112 ποιήσωμέν
3381 2056 3430 2091 τι
3459 2038 3686 2106 ἀγαθὸν,
3704 2039 3824 2090 λαν-

2251 2136 2430 2190 θάνειν
2464 2134 2731 2188 σπεύδειν.
2771 2131 2880 2187 Ka't
2911 2131 3269 2202 προσεύχεται
3295 2131 3372 2195 δέ,
3409 2131 3672 2184 δεικνύων
3698 2131 3823 2200 ἡμῖν

2251 2229 2332 2282 ὅτι
2357 2227 2434 2297 τῷ
2462 2227 2582 2296 Θεῷ
2605 2228 2684 2280 δεῖ
2713 2225 3026 2279 ἀνατιθέναι
3057 2224 3150 2276 ἐάν
3178 2241 3228 2276 τι
3255 2223 3459 2291 ἀγαθὸν
3486 2224 3822 2291 ποιήσωμεν,

2253 2323 2346 2374 καὶ
2375 2320 2551 2388 λέγειν
2585 2320 2717 2389 πρὸς
2749 2320 2975 2382 ἐκεῖνον,
3005 2317 3088 2370 ὅτι
3126 2317 3285 2369 Πᾶσα
3307 2316 3452 2379 δόσις
3487 2315 3669 2384 ἀγαθὴ
3699 2315 3828 2368 ἀνω·

2256 2414 2346 2467 θέν
2391 2414 2538 2465 ἐστιν
2571 2413 2632 2463 ἐκ
2680 2410 2773 2463 σοῦ
2827 2408 3264 2462 καταϐαίνουσα⁸
3300 2407 3360 2460 ού
3410 2407 3519 2476 γὰρ
3552 2406 3615 2476 δὴ
3671 2406 3827 2468 αὐτὸς

2258 2506 2463 2568 ἐκεῖνος
2515 2503 2685 2556 ἐδεῖτο
2736 2502 3064 2572 προσευχῆς.
3102 2499 3333 2570 Ζητοῦσι
3389 2499 3445 2551 δέ
3493 2499 3658 2552 αὐτὸν
3719 2499 3829 2560 τοῖς

2257 2595 2435 2666 ὄχλοις
2485 2596 2576 2649 καὶ
2627 2594 2907 2657 ποθοῦσιν,
2943 2594 3044 2645 οὐκ
3093 2593 3399 2645 ἐπιδίδωσιν
3450 2591 3664 2653 ἐαυτὸν,
3717 2590 3830 2643 ἀλλ’

2259 2687 2580 2756 ἀποδέχεται
2613 2687 2731 2756 μὲν,
2758 2685 2960 2754 βαδίζει
2982 2686 3039 2738 δὲ
3073 2687 3221 2753 ὅμως
3252 2686 3346 2737 καὶ
3367 2685 3460 2736 ἐπὶ
3489 2685 3618 2745 τοὺς
3643 2683 3832 2745 ἄλλους

2259 2780 2386 2841 τοὺς
2409 2777 2696 2845 δεομένους
2727 2775 3026 2846 θεραπείας
3057 2777 3152 2829 καὶ
3196 2775 3563 2838 διδασκαλίας.
3616 2774 3693 2829 Οὐ
3729 2776 3835 2844 γὰρ

2260 2872 2339 2923 δεῖ
2395 2871 2475 2922 ἐνὶ
2508 2870 2657 2940 τόπῳ
2719 2870 3082 2938 περιγράφειν
3130 2871 3228 2939 τὴν
3272 2869 3642 2930 διδασκαλίαν,
3702 2867 3836 2920 ἀλλα

2262 2963 2538 3031 πανταχοῦ
2566 2964 2829 3016 ἐκτείνειν
2868 2963 2965 3024 τὰς
3006 2961 3100 3014 τοῦ
3130 2961 3289 3029 λόγου
3327 2963 3574 3025 ἀκτῖνας.
3609 2963 3753 3030 Ὅρα
3781 2961 3836 3012 δέ

598 3035 762 3099 enim,
801 3037 992 3092 deinde
1041 3051 1094 3092 et
1127 3040 1394 3096 daemonia
1427 3045 1608 3114 ejicit;
1642 3049 1718 3102 sic
1749 3059 1803 3103 et
1846 3063 1898 3102 tu
1940 3068 2153 3121 quoque

605 3139 716 3146 _____
949 3130 981 3146 .,
1082 3133 1115 3146 _.
1438 3137 1450 3146 _
1643 3140 1662 3146 _

2267 3055 2384 3119 πῶς
2431 3056 2736 3121 συμπλέκει
2778 3058 2843 3124 τῇ
2882 3055 3202 3126 διδασκαλία
3227 3055 3326 3122 τὴν
3358 3054 3575 3123 πρᾶξιν.
3616 3052 3838 3123 Κηρύσ-

600 3139 719 3177 cum
748 3127 1012 3195 docueris,
1044 3133 1208 3185 etiam
1237 3149 1400 3203 opera
1437 3137 1574 3191 bona
1639 3140 1742 3205 fac,
1787 3158 1856 3198 ne
1895 3158 2062 3200 vanus
2087 3147 2156 3200 sit

602 3231 779 3271 sermo
803 3229 943 3274 tuus.
977 3220 1085 3277 Nisi
1126 3225 1266 3279 enim
1291 3226 1535 3285 Christus
1570 3234 1730 3286 etiam
1776 3237 2031 3292 miracula
2064 3240 2160 3292 atl-

595 3305 833 3374 jecisset,
873 3327 1042 3369 vanus
1071 3313 1260 3371 fuisset
1294 3317 1507 3376 habitus
1533 3336 1712 3378 sermo
1738 3323 1875 3395 ejus.
2034 3329 2039 3333 ’

679 3484 838 3542 Vens.
869 3489 1055 3545 40-42.
1101 3509 1120 3542 ι
1163 3491 1227 3545 Ει
1253 3496 1393 3548 venit
1419 3497 1482 3551 ad
1522 3511 1641 3551 eum
1681 3498 1922 3567 lcprosus
1971 3502 2161 3572 depre-

607 3591 736 3632 cans
762 3593 906 3643 eum,
944 3581 1101 3651 eique
1137 3586 1204 3638 ad
1229 3601 1400 3654 genua
1433 3590 1701 3654 accidens,
1740 3607 1801 3646 ac
1823 3591 2010 3649 dicens
2034 3596 2106 3649 illi
2144 3615 2156 3649 :

610 3667 666 3725 Si
702 3671 803 3738 vis,
841 3686 992 3742 potcs
1025 3691 1108 3730 me
1160 3679 1438 3736 mundare.
1477 3680 1629 3738 Jesus
1668 3695 1847 3739 autem
1894 3688 2165 3756 misertus,

608 3770 861 3828 protcnsa
921 3782 1079 3821 manu
1129 3771 1301 3839 tetigit
1342 3772 1513 3836 illum,
1552 3783 1606 3828 et
1664 3776 1797 3830 dixit
1846 3779 1893 3832 ei
1933 3797 1946 3833 :
2005 3781 2161 3847 Volo,

613 3854 843 3908 mundus
872 3865 1008 3912 esto.
1046 3858 1109 3912 Et
1147 3877 1267 3914 cum
1309 3862 1553 3926 dixisset,
1603 3866 1782 3919 statim
1824 3867 2069 3924 discessit
2098 3872 2165 3926 ab

610 3959 675 3997 eo
707 3945 877 4014 lepra,
934 3958 988 4003 et
1021 3953 1305 4008 mundatus
1331 3965 1432 4009 est.
1479 3975 1498 4008 ι
1529 3955 1727 4011 Fidelis
1767 3970 1880 4013 erat
1925 3960 2170 4030 leprosus

612 4036 722 4101 ille,
753 4046 805 4093 et
824 4039 961 4094 bene
997 4045 1283 4109 sentiebat,
1315 4049 1438 4115 quia
1481 4063 1583 4102 non
1617 4050 1772 4117 dixit,
1803 4052 1858 4106 Si
1893 4056 2168 4122 rogaveris

617 4127 802 4196 Deum,
841 4135 955 4197 sed,
988 4133 1040 4189 Si
1071 4139 1170 4200 vis,
1206 4140 1430 4192 credens
1460 4141 1509 4192 in
1538 4157 1658 4194 eum
1691 4153 1941 4212 tanquam
1980 4147 2166 4200 Deum.

620 4217 812 4291 Tangit
852 4232 1028 4280 autem
1073 4242 1193 4281 eum
1229 4229 1502 4298 Christus,
1534 4243 1591 4285 ut
1643 4234 1838 4290 doceat
1888 4237 2019 4291 nihil
2071 4240 2173 4291 im-

2265 3167 2371 3202 σων
2404 3149 2534 3219 γὰρ,
2576 3143 2692 3200 εἶτα
2721 3149 2816 3200 καὶ
2849 3147 2916 3199 τὰ
2946 3146 3195 3216 δαιμόνια
3237 3146 3480 3211 ἐξέϐαλε.
3532 3144 3722 3208 Οὕτως
3750 3141 3842 3199 οὖν

2268 3243 2360 3295 καὶ
2402 3240 2490 3304 σὺ,
2527 3241 2664 3308 μετὰ
2715 3239 2809 3291 τοῦ
2864 3239 3155 3301 διδάσκειν,
3209 3241 3301 3292 καὶ
3348 3241 3582 3308 πρᾶττε,
3619 3240 3707 3291 ἵνα
3766 3240 3840 3310 μὴ

2268 3330 2490 3400 μάταιος
2582 3346 2673 3381 σου
2709 3332 2736 3382 6
2763 3329 2938 3396 λόγος.
2971 3330 3033 3382 Εἰ
3068 3329 3140 3398 μὴ
3167 3329 3276 3400 γὰρ
3298 3332 3390 3383 καὶ
3443 3330 3700 3400 θαύματα
3745 3333 3842 3382 ἐπ-

2265 3419 2538 3473 εδείκνυτο
2560 3421 2588 3472 6
2618 3419 2869 3489 Χριστὸς,
2895 3419 2994 3472 οὐκ
3012 3418 3076 3473 ἂν
3099 3420 3293 3487 ὁλόγος
3311 3419 3476 3474 αὑτοῦ
3503 3420 3840 3473 ἐπιστεύετο.

2347 3529 2363 3560 ι
2423 3509 2534 3563 Καὶ
2586 3508 2805 3579 ἔρχεται
2842 3517 2978 3581 προς
3031 3512 3192 3564 αὑτὸν
3248 3513 3469 3582 λεπρὸς,
3505 3512 3844 3580 παρακαλῶν

2274 3602 2456 3662 αὐτὸν,
2497 3601 2589 3653 καὶ
2626 3603 2936 3667 γονυπετῶν
2967 3603 3148 3663 αὑτὸν,
3189 3605 3281 3656 καὶ
3330 3604 3502 3669 λέγων
3544 3602 3719 3672 αὐτῷ,
3763 3605 3844 3656 ὅτι

2285 3691 2409 3745 Ἐὰν
2434 3689 2618 3761 θέλῃς,
2678 3688 2903 3744 δύνασαί
2949 3708 3014 3760 με
3066 3690 3400 3763 καθαρίσαι·
3431 3694 3459 3745 6
3515 3691 3572 3745 δέ
3641 3693 3846 3763 Ἰησοῦς

2277 3781 2724 3851 σπλαγχνισθεὶς,
2748 3783 2992 3845 ἐκτείνας
3017 3783 3114 3852 τὴν
3136 3787 3315 3855 χεῖρα,
3339 3784 3516 3854 ἥψατο
3541 3784 3728 3848 αὑτοῦ,
3757 3784 3846 3838 καὶ

2274 3882 2423 3946 λέγει
2453 3877 2622 3944 αὐτῷ·
2649 3877 2826 3943 Θέλω,
2850 3878 3228 3948 καθαρίσθητι.
3259 3881 3365 3932 Καὶ
3393 3879 3638 3942 εἰπόντος
3662 3877 3842 3942 αὐτοῦ,

2276 3969 2479 4031 εὐθέως
2529 3965 2770 4032 ἀπῆλθεν
2815 3970 2908 4022 ἀπ’
2947 3969 3109 4022 αὐτοῦ
3143 3971 3175 4040 ἡ
3209 3969 3408 4039 λέπρα,
3446 3971 3540 4022 καὶ
3598 3969 3849 4035 ἐκαθαρί-

2278 4063 2397 4130 σθη.
2443 4081 2458 4113 ι
2482 4062 2790 4131 Εύγνώμων
2818 4063 2844 4113 6
2867 4059 3063 4129 λεπρὸς
3089 4060 3183 4110 καὶ
3208 4059 3418 4121 πιστὸς,
3455 4059 3538 4111 διὸ
3567 4059 3670 4111 οὐκ
3701 4054 3840 4120 εἶπε,

2277 4155 2359 4206 ὅτι
2404 4154 2529 4206 Ἐὰν
2557 4153 2753 4222 αἰτήσῃ
2788 4151 2878 4203 τὸν
2898 4150 3049 4212 Θεὸν,
3087 4149 3220 4212 ἀλλ’,
3264 4149 3389 4201 Ἐὰν
3417 4149 3600 4218 θέλῃς,
3635 4149 3710 4210 ὡς
3733 4148 3847 4216 Θεῷ

2279 4241 2550 4294 πιστεύων
2583 4241 2752 4317 αὐτῷ.
2788 4239 3052 4292 Ἀπτεται
3087 4239 3142 4289 δὲ
3177 4237 3346 4289 αὐτοῦ
3372 4241 3404 4291 ό·
3433 4237 3669 4309 Χριστὸς
3717 4238 3844 4309 (ὅθῖ,

1555 4369 1642 4428 Ex
1682 4368 2021 4431 collatione
2054 4372 2238 4432 codd.
2275 4375 2504 4434 Venet.
2545 4374 2604 4434 S.
2639 4372 2849 4433 Marci.

694 4489 803 4557 (-68)
834 4489 1148 4558 Πνεύματος
1178 4491 1298 4544 cod.
1333 4491 1389 4546 S.
1430 4490 1592 4544 Marci
1627 4494 1716 4546 3|.

696 4561 810 4634 (to,
845 4561 974 4634 (Iud.
1009 4559 1077 4634 ’ᾇίὶ
1112 4577 1125 4612 :
1169 4561 1468 4634 ῘΔναχωρεῖ
1518 4563 1623 4634 ἰδίᾳ
1656 4567 1745 4615 καὶ
1789 4565 2172 4634 προσεύχεται,

623 4631 722 4706 οῦκ
753 4629 910 4706 αὐτὸς
947 4629 1133 4706 τούτρυ
1164 4631 1417 4706 δεόμενος
1449 4629 1629 4696 (αὐτὸς
1660 4635 1767 4700 γαρ
1796 4629 1844 4686 δ’
1874 4636 1968 4696 τὰς
1999 4629 2176 4706 ’παρὰ

623 4700 732 4771 τῶν
784 4698 1016 4771 λογικρν
1074 4699 1359 4771 δεχόμενος
1406 4701 1609 4767 λιτὰς),
1661 4698 1780 4754 ἀλλ’
1822 4698 2178 4771 οἰκονομικῶς

625 4770 780 4822 τοῦτο
822 4768 988 4840 ποιῶν
1023 4772 1114 4840 καὶ
1151 4770 1414 4840 διδάσκων
1446 4774 1593 4838 ἡμᾶς
1635 4773 1710 4840 μὴ
1759 4773 1893 4838 πρὸς
1922 4768 2179 4838 ἐπίδειξίν

626 4858 678 4910 τι
708 4840 898 4900 ποιεῖν,
1098 4839 1197 4891 κᾶν
1235 4842 1546 4910 ποιήσωμέν
1580 4838 1888 4909 τι-άγαθδν,
1919 4845 2009 4895 καὶ
2057 4844 2184 4895 λαν-

628 4909 808 4981 θάνειν
850 4908 1099 4981 σπεύδειν
1122 4924 1132 4935 ·
1181 4911 1274 4981 καὶ
1301 4908 1579 4973 δεικνύων,
1610 4914 1688 4962 ὃτι
1713 4908 1788 4980 τῷ
1817 4914 1932 4981 Θεῴ
1956 4915 2035 4964 δεῖ
2053 4916 2183 4965 άνα-

640 4978 839 5048 τιθέναι
875 4977 1029 5048 τοῦτο
1058 4978 1115 5028 τὸ
1148 4980 1370 5043 ἀγαθὸν,
1403 4985 1495 5032 καὶ
1542 4981 1720 5045 λέγειν
1762 4977 1916 5048 πρὸς
1949 4987 2180 5043 ἐκεῖνον,

629 5047 914 5117 ὃτι-Πᾶσα
965 5047 1108 5106 δόσις
1141 5049 1316 5117 ἀγαθὴ
1357 5050 1560 5102 ἄνωθέν
1591 5054 1706 5103 ἐστι
1762 5052 2183 5106 καταϐαίνουσα.

633 5117 693 5166 Ei
720 5115 773 5166 δὲ
803 5118 830 5166 6
864 5114 960 5181 μὲν
1011 5117 1236 5184 Μάρκος
1278 5114 1422 5184 λέγει
1475 5122 1599 5180 τοὺς
1637 5122 1966 5183 ἀποστόλους
2023 5123 2186 5174 αὑτὸν

633 5185 976 5256 καταλαδεῖν,
1013 5187 1105 5237 καὶ
1142 5187 1338 5250 λέγειν,
1374 5190 1460 5240 ὅτι
1506 5189 1723 5252 Πάντες
1770 5208 1842 5243 σε
1885 5190 2183 5256 ζητοῦσιν,

632 5255 735 5328 δδὲ
770 5255 1042 5328 Ματθαῖος
1079 5257 1204 5319 τοὺς
1229 5258 1441 5325 ὄχλους,
1473 5261 1569 5310 οῦκ
1595 5263 1810 5312 ἐναντία
1839 5255 2002 5328 φασὶν
2029 5261 2193 5327 ἀλλή-

634 5324 768 5394 λοις,
802 5323 1068 5387 ἐνδέχεται
1105 5330 1210 5394 γὰρ
1245 5323 1380 5394 μετὰ
1428 5331 1552 5390 τοὺς
1603 5323 1929 5391 ἀποστόλους
1983 5332 2074 5381 καὶ
2107 5323 2197 5382 τὶν

633 5392 794 5466 ζχξαυι]
841 5395 982 5466 κατὰ
1037 5392 1196 5457 πίδας
1241 5392 1682 5465 ἀκολουθήσαντα
1749 5401 1968 5466 φθάσαι·
2034 5401 2089 5452 οΟ

641 5462 843 5536 Κύριος
882 5465 1062 5536 ἔχαιρε
1096 5467 1189 5533 μὲν
1219 5462 1581 5535 κατεχόμενος
1611 5469 1712 5518 ὑπὸ
1737 5462 1828 5519 τοῦ
1869 5471 2049 5536 ὄχλου,
2081 5469 2196 5522 ἀλλ’

640 5533 739 5582 οῦκ
801 5533 1101 5584 ἐπιδίδωσιν
1154 5537 1331 5598 αὐτοῖς
1358 5533 1584 5596 ἑαυτὸν,
1638 5538 1838 5605 βαδίζει
1865 5533 1930 5590 δὲ’
1959 5543 2048 5592 ἐπὶ
2077 5541 2201 5602 τοὺς

651 5602 872 5661 ἀφλους,
919 5604 1002 5677 ἵνα
1059 5607 1291 5657 κάκεῖνοι
1365 5607 1462 5676 τῆς
1514 5602 1860 5666 διδασκαλίας
1929 5612 2200 5677 μετάσχω-

657 5688 757 5726 σιν.
803 5675 873 5722 υῦ
909 5674 1013 5741 γὰρ
1048 5676 1123 5726 δεῖ
1163 5678 1235 5727 iv".
1272 5674 1803 5746 τότιρττεριγίὰςειεί
1835 5674 2200 5747 τὴνδιδασκαε

2203 4497 2420 4560 υλίαν,
2458 4516 2510 4549 κ.
2557 4515 2606 4549 τ.
2658 4496 2707 4548 λ.
2758 4516 2774 4545 ι
2820 4493 3035 4548 Seeedit
3095 4505 3147 4548 ct
3197 4504 3314 4547 orat
3360 4513 3373 4548 :

3425 4509 3529 4546 non
3585 4493 3850 4561 quodiHe

2287 4569 2538 4619 oratione
2571 4582 2703 4633 opus
2727 4566 2966 4626 haberet,
3013 4580 3132 4617 cum
3164 4565 3276 4632 ipse
3298 4565 3642 4616 rationalium
3668 4579 3850 4632 preces

2279 4637 2578 4700 suscipiat;
2615 4635 2702 4688 sed
2750 4636 3068 4693 meonomiae
3107 4636 3276 4703 gratia
3314 4636 3412 4687 hoc
3446 4633 3597 4703 fecit.
3662 4644 3718 4686 ut
3757 4637 3851 4686 do-

2282 4715 2424 4758 (τοι-οι
2449 4721 2564 4766 nos,
2595 4705 2972 4766 nequidquam
3003 4706 3067 4756 ad
3101 4702 3518 4757 Ostentationem
3548 4702 3848 4762 faciamus:

2283 4778 2396 4838 sed,
2440 4776 2484 4828 si
2522 4775 2645 4842 quid
2699 4773 2820 4826 boni
2859 4774 3178 4834 fecerimus,
3231 4774 3358 4826 illud
3400 4773 3679 4826 occultare
3743 4783 3852 4827 stu-

2283 4844 2506 4897 deanms
2555 4859 2670 4897 :ac
2723 4850 2780 4894 nt
2827 4845 3106 4908 ostendat,
3171 4843 3276 4896 Deo
3339 4842 3675 4896 offerendum
3735 4856 3854 4896 esse

2285 4915 2540 4981 quidquid
2588 4914 2708 4965 Itoni
2766 4911 3037 4972 facimus,
3089 4914 3247 4978 eique
3295 4913 3628 4981 dicendum}
3683 4913 3854 4968 Omne

2287 4978 2482 5035 donuin
2521 4985 2717 5035 bonum
2768 4983 2995 5046 desuper
3046 4996 3074 5033 a
3107 4993 3157 5035 te
3213 4983 3518 5035 descendit.
3581 4978 3637 5033 Si
3676 4993 3851 5034 autem

2288 5051 2496 5105 Marcus
2531 5055 2624 5114 ait,
2672 5052 2945 5118 apostolos
2994 5067 3114 5102 eum
3169 5053 3461 5114 invenisse,
3515 5060 3570 5102 et
3631 5052 3849 5111 dixisse.

2293 5122 2482 5174 Ontnes
2557 5134 2603 5174 te
2656 5129 2937 5189 qua’runt,
2997 5119 3276 5174 Matthams
3326 5132 3506 5173 autem
3569 5121 3670 5175 hoc
3730 5122 3853 5172 dicit

2297 5194 2662 5245 tantummodo
2706 5190 2771 5243 de
2811 5191 2999 5254 lui-bis,
3040 5205 3143 5242 non
3177 5191 3380 5245 idcirco
3406 5193 3677 5244 contraria
3713 5190 3850 5242 atTtr-

2296 5269 2442 5312 mant
2465 5279 2477 5313 :
2503 5262 2776 5314 licrienim
2811 5269 3008 5325 potest,
3045 5260 3584 5328 utapostoluslurbze
3614 5261 3854 5328 proxime

2297 5340 2493 5383 secuta:
2559 5331 2685 5383 sint.
2735 5329 2964 5384 Gavisus
3009 5339 3093 5382 est
3135 5340 3314 5383 autem
3373 5329 3662 5393 Dominus,
3717 5329 3851 5399 quod

2299 5402 2544 5453 inventus
2581 5410 2723 5453 esset
2750 5415 2776 5451 a
2816 5401 3026 5464 turbis;
3058 5414 3179 5452 cum
3210 5400 3315 5452 illis
3348 5411 3527 5452 tamen
3566 5415 3669 5452 non
3706 5414 3853 5452 ruan-

2298 5473 2365 5521 sit
2394 5487 2405 5521 :
2443 5472 2534 5522 sed
2567 5470 2804 5536 perrexit
2841 5470 2904 5518 ad
2957 5470 3110 5533 alios,
3149 5480 3207 5521 ut
3242 5478 3296 5522 et
3347 5469 3420 5521 illi
3454 5469 3716 5523 doctrinae
3747 5482 3854 5521 sine

2301 5540 2588 5660 lmrticipcs
2613 5541 2823 5591 tierent.
2851 5538 3031 5605 Neque
3060 5540 3203 5592 enim
3236 5554 3341 5592 uno
3368 5539 3485 5592 loco
3509 5537 3852 5593 circumscri-

2321 5609 2468 5659 ienda
2500 5621 2614 5660 erat
2646 5610 2910 5660 doctrina.
2953 5627 2969 5658 ι
3007 5618 3110 5660 ι-ιιξ.

2321 5609 2468 5659 nenda
2500 5621 2614 5660 erat
2646 5610 2910 5670 doctrina,
2953 5627 2969 5658 ι
3007 5618 3110 5660 clc.

2375 5679 2482 5747 (ευ)
2513 5679 2640 5732 tam.
2673 5679 2739 5731 se
2771 5696 2781 5729 :
2812 5679 3076 5731 "Art-.32:
3103 5678 3158 5730 aa
3200 5677 3362 5730 αὐτοῦ
3395 5680 3422 5730 ὁ
3456 5679 3708 5749 Χριστδςι
3769 5677 3852 5729 καὶ
