4080 6336
268 416 374 484 517
425 431 431 436 “

1023 412 1473 477 ENAHRATIO
1519 414 1600 474 ΙΝ
1643 411 2150 476 EVANGEIJUM
2194 411 2456 472 MARCI.
2499 438 2558 448 -
2603 411 2765 472 CAP.
2810 412 2893 472 ll.

3432 445 3437 449 -
3473 410 3581 475 518

267 533 591 602 Φαρισαίων
615 528 998 600 νηστεύοντες,
1025 530 1122 583 καὶ
1174 528 1432 598 ἔρχονται
1473 529 1570 581 καὶ
1617 523 1874 595 λέγουσιν

1989 541 2101 579 rum
2139 524 2486 593 jejunabant,
2522 526 2856 592 veninntqne
2883 533 2936 578 ct
2988 523 3173 577 dicunt
3230 522 3305 578 illi
3343 540 3358 578 :
3394 521 3583 590 Quare

269 625 427 695 αύτῷ
448 641 460 653 ·
503 625 661 677 Διατί
693 623 743 677 oi
776 622 1021 694 μαθηταὶ
1066 621 1319 675 Ἰωάννου
1352 621 1447 674 καὶ
1493 623 1542 673 οἱ
1566 619 1675 673 τῶν
1703 619 1877 690 Φαρι-

273 719 448 772 σαίων
473 715 858 787 νηστεύουσιν,
883 717 931 768 οἱ
961 714 1020 768 δὲ
1040 715 1126 768 σοὶ
1153 713 1394 785 μαθηταὶ
1426 714 1487 766 ού
1508 711 1835 783 νηστεύουσι
1857 728 1873 778 ;

275 812 390 866 Καὶ
421 806 576 864 εἶπεν
602 811 789 872 αὐτοῖς
817 811 846 863 6
881 807 1116 878 Ἰησοῦς·
1156 806 1252 877 Μὴ
1274 806 1532 859 δύνανται
1556 804 1608 858 οἱ
1640 803 1749 859 υἱοὶ
1779 803 1874 858 τοῦ

271 902 592 972 νυμφῶνος»
645 901 704 954 έν
753 893 798 968 ᾧ
830 901 859 953 ὁ
918 899 1155 969 νυμφίος
1191 895 1312 967 μετ’
1357 895 1539 950 αὐτῶν
1587 897 1728 961 ἐστι,
1778 911 1876 964 νη.

270 996 522 1061 στεύειν;
565 995 690 1047 ὅσον
719 993 916 1065 χρόνον
978 991 1102 1062 μεθ’
1145 989 1360 1043 ἑαυτῶν
1397 988 1584 1059 ἔχουσι
1614 988 1707 1041 τὸν
1741 1004 1878 1058 νυμ-

271 1089 422 1157 φίον,
454 1087 516 1141 ού
547 1086 805 1140 δύνανται
836 1083 1144 1156 νηστεύειν.
1185 1081 1534 1136 Ἐλεύσονται
1582 1081 1678 1133 καὶ
1732 1080 1876 1151 ὴμέ-

273 1198 368 1253 ραι
404 1181 533 1233 ὅταν
585 1177 808 1250 ἀπαρθῇ
847 1178 943 1230 ἀπ’
995 1176 1178 1230 αὐτῶν
1217 1177 1246 1229 6
1303 1173 1562 1243 νυμφίος,
1602 1171 1701 1225 καὶ
1751 1172 1874 1224 τότε

269 1270 671 1342 νηστεύσουσιν
699 1271 757 1322 ἐν
782 1266 1024 1330 ἐκείναις
1056 1269 1178 1323 ταῖς
1203 1265 1465 1338 ἡμέραις.
1509 1285 1528 1318 ι
1566 1263 1676 1318 Καὶ
1701 1265 1750 1317 οἱ
1777 1262 1874 1316 τοῦ

282 1363 539 1418 Ἰωάννου
602 1361 846 1434 μαθηταὶ
896 1360 1256 1430 ἀτελέστερον
1324 1358 1701 1428 διακείμενοι,
1760 1359 1874 1419 τοῖς

284 1456 603 1520 Ἰουδαϊκοῖς
631 1456 892 1527 ἐνέμενον
926 1453 1141 1507 ἔθεσιν*
1191 1451 1318 1506 ὅθεν
1354 1451 1756 1524 προσέρχονταί
1795 1468 1876 1504 τι-

270 1567 366 1612 νες
396 1549 474 1620 τῷ
504 1547 750 1620 Χριστῷ,
775 1549 857 1610 είς
892 1546 1206 1616 ὑπόδειγμα
1228 1545 1460 1608 τούτους
1491 1543 1740 1613 ἄγοντες,
1775 1543 1873 1596 καὶ

271 1642 601 1712 αἰτιώμενοι
631 1641 774 1695 διατί
803 1640 853 1693 οἱ
889 1638 1136 1710 μαθηταὶ
1187 1637 1355 1692 αὐτοῦ
1418 1637 1478 1689 οῦ
1517 1635 1874 1706 νηστεύουσιν

271 1733 477 1804 ἐπίσης
509 1733 718 1797 αὐτοῖς.
769 1731 828 1786 '0
853 1731 934 1800 δὲ,
974 1730 1071 1785 νῦν
1111 1729 1210 1802 μέν
1251 1746 1439 1800 φησιν,
1473 1728 1729 1798 Νυμφίος
1756 1728 1874 1797 εἰμὶ

270 1823 411 1892 ἐγὼ,
456 1825 552 1877 καὶ
578 1823 660 1876 δεῖ
691 1823 892 1887 αὐτοὺς
942 1823 1227 1893 εὐθυμεῖν,
1281 1824 1375 1874 καὶ
1418 1819 1494 1890 μὴ
1535 1819 1825 1890 νηστεύειν
1857 1833 1870 1846 ·

1982 615 2235 685 discipuli
2268 613 2498 669 Joannis
2522 625 2577 669 et
2603 614 3006 668 Pharisarorum
3045 613 3333 679 j‘iuoaut,
3357 613 3433 666 tui
3479 628 3581 667 au-

1982 716 2091 764 tem
2124 709 2372 776 discipuli
2411 723 2515 761 non
2545 707 2840 778 jejunaut?
2898 707 2963 760 Et
3009 706 3148 760 dixit
3201 705 3310 760 illis
3355 703 3520 761 Jesus
3563 719 3577 758 :

1982 800 2124 856 Num
2168 813 2398 872 possunt
2459 801 2551 854 lilii
2590 800 2814 854 thalami
2850 798 3126 868 nuptialis,
3177 797 3233 852 in
3285 813 3395 867 quo
3449 811 3575 852 cum

1982 894 2088 948 illis
2120 908 2355 963 sponsus
2387 890 2762 960 est,jejnnare
2788 889 2813 944 2
2843 889 3098 956 Qttaniliu
3147 904 3335 943 secum
3372 889 3579 944 habent

1978 1002 2264 1057 sponsum,
2327 1001 2434 1040 non
2495 995 2722 1054 possunt
2773 981 3047 1052 jejunare.
3106 980 3342 1035 Venient
3393 993 3574 1036 autem

1979 1062 2096 1132 dies
2122 1092 2244 1130 cum
2271 1076 2557 1129 auferetur
2586 1074 2653 1126 ab
2690 1073 2770 1128 eis
2797 1086 3054 1142 sponsus,
3089 1081 3145 1124 et
3192 1081 3322 1126 tunc
3363 1071 3579 1142 jejuna-

1978 1169 2114 1221 borit
2143 1166 2196 1220 itt
2227 1165 2333 1219 illis
2359 1167 2570 1226 diebus.
2611 1183 2630 1216 ›
2673 1162 2836 1236 184
2893 1162 3151 1233 Discipuli
3192 1160 3423 1216 Joannis
3470 1163 3570 1216 im-

1977 1261 2333 1333 perfectiores
2390 1260 2572 1312 adhuc
2632 1255 2879 1312 Jodaicis
2923 1255 3166 1310 moribus
3221 1256 3513 1310 studebant
3560 1273 3575 1309 :

1977 1355 2121 1407 unde
2146 1351 2367 1420 quidam
2394 1349 2728 1404 accedebant
2755 1350 2822 1403 ad
2851 1347 3135 1404 Christum
3180 1348 3236 1403 in
3262 1349 3574 1420 exeniplttnt

1978 1446 2127 1514 ipsos
2165 1441 2530 1512 proferentes,
2573 1451 2627 1495 et
2661 1443 2924 1495 laxabant
2965 1457 3136 1510 quare
3167 1442 3420 1510 discipuli
3460 1443 3580 1512 ejus

1979 1553 2083 1589 non
2117 1535 2450 1604 jejunarent,
2477 1534 2618 1589 sicut
2640 1533 2763 1603 ipsi.
2797 1535 2867 1588 At
2892 1533 2978 1588 hic
3005 1549 3152 1588 nunc
3178 1535 3396 1603 quidem
3418 1535 3575 1598 dicit,

1986 1627 2237 1696 Sponsus
2264 1643 2385 1681 sum
2419 1642 2544 1697 ego,
2570 1634 2627 1682 et
2658 1637 2874 1696 oportet
2904 1626 3028 1682 illos
3048 1629 3194 1682 bono
3217 1642 3339 1683 esse
3367 1628 3575 1693 animo,

1976 1731 2157 1774 etnon
2188 1719 2440 1789 jojuoare
2477 1736 2494 1775 :
2527 1720 2618 1773 ubi
2642 1728 2825 1772 autent
2853 1732 2956 1787 ego
2987 1734 3018 1774 e
3068 1720 3177 1773 vita
3218 1722 3316 1774 hac
3366 1720 3580 1774 ablatus

1981 1812 2330 1883 fuero,_tuoc
2355 1812 2611 1878 ingruerit
2646 1797 3004 1873 tentationes,
3034 1818 3088 1862 et
3143 1809 3474 1878 jejooabunt
3514 1826 3579 1864 ac

269 1887 406 1972 ὅταν
438 1917 494 1970 δὲ
525 1916 681 1988 άρθῶ
723 1914 837 1984 ἐγὼ
882 1915 990 1968 ἀπὸ
1020 1887 1114 1968 τοῦ
1171 1913 1289 1984 βίου
1336 1887 1555 1976 τούτου,
1591 1887 1720 1965 τότε
1756 1928 1875 1964 πει·

1989 1903 2302 1972 allligentur.
2353 1900 2593 1955 Proinde
2630 1916 2892 1973 sponsum
2959 1901 3202 1968 seipsum
3235 1911 3416 1966 vocat,
3469 1915 3577 1954 non

274 2009 514 2078 ρασμοῖς
542 2007 962 2075 περιπεσόντες,
991 2006 1087 2058 καὶ
1132 2005 1498 2074 νηστεύσουσι
1549 2005 1646 2059 καὶ
1681 2003 1872 2074 ολιόή-

272 2116 490 2154 σονται.
529 2100 787 2171 Νυμφίον
818 2098 918 2169 μὲν
945 2093 1040 2152 οὖν
1075 2097 1272 2151 ἐαυτὸν
1314 2097 1600 2168 ὀνομάζει,
1627 2098 1688 2151 οὐ
1714 2097 1871 2167 μόνον

272 2191 355 2254 ὡς
382 2193 802 2263 νυμφευόμενον
854 2191 954 2255 τὰς
995 2190 1304 2263 παρθένους
1349 2190 1549 2261 ψυχὰς,
1594 2189 1732 2244 ἀλλὰ
1780 2190 1876 2243 καὶ

271 2283 414 2336 διότι
464 2287 492 2337 6
552 2284 747 2356 καιρὸς
793 2284 895 2355 τῆς
936 2281 1164 2353 πρώτης
1222 2283 1532 2352 παρουσίας
1580 2282 1769 2347 αὑτοῦ,
1814 2284 1874 2337 οὐ

276 2376 541 2443 πένθους,
598 2377 722 2430 οὐδὲ
755 2375 1223 2447 σκυθρωπότητός
1255 2376 1393 2429 ἐστι-
1426 2377 1539 2437 τοῖς
1585 2377 1664 2438 είς
1714 2376 1876 2430 αὑτὸν

276 2470 656 2532 πιστεύουσιν,
689 2469 811 2524 οῦδὲ
861 2471 1067 2531 κόπους
1118 2469 1282 2538 ἔχων,
1322 2467 1440 2521 ἀλλ’
1475 2469 1732 2532 εὐκόπως
1781 2472 1877 2523 καὶ

276 2561 456 2633 χωρὶς
487 2561 666 2632 ἔργων
696 2559 804 2613 τῶν
855 2559 952 2612 τοῦ
980 2560 1173 2629 νόμου,
1216 2558 1306 2611 διὰ
1348 2557 1443 2612 τοῦ
1497 2557 1877 2630 βαπτίσματος

276 2652 584 2707 ἀναπαύων
614 2651 782 2722 ἡμᾶς.
814 2651 974 2714 noto;
1001 2651 1111 2721 γὰρ
1131 2650 1293 2714 πόνος
1319 2650 1692 2720 βαπτίσασθαι
1717 2667 1732 2718 ;
1763 2651 1879 2704 ἀλλ’

276 2744 435 2814 ὅμως
487 2742 577 2796 διὰ
616 2742 712 2795 τοῦ
747 2741 1012 2813 εὐχεροῦς
1057 2741 1273 2808 τούτου,
1312 2743 1590 2813 σωτηρίαν
1623 2743 1877 2813 εὑρίσκο-

282 2852 410 2906 μεν.
443 2833 562 2888 Υἱοὶ
596 2834 654 2887 δὲ
687 2835 998 2904 νυμφῶνος,
1033 2835 1084 2888 oi
1109 2833 1424 2897 ἀπόστολοι,
1464 2836 1540 2899 ὡς
1569 2834 1668 2905 τῆς
1705 2838 1879 2907 χαρᾶς

278 2926 380 2981 τοῦ
430 2926 639 2999 Κυρίου
671 2926 766 2980 καὶ
824 2926 980 2980 αὐτοὶ
1023 2925 1472 2995 καταξιούμενοι,
1534 2927 1631 2980 καὶ
1681 2927 1880 2991 παντὸς

279 3017 616 3090 ἐπουρανίου
649 3017 860 3086 ἀγαθοῦ
894 3019 991 3071 καὶ
1031 3018 1217 3090 πάσης
1244 3018 1441 3089 ἡδονῆς
1478 3017 1723 3088 μέτοχοι.
1745 3020 1876 3072 Νόει

279 3111 343 3165 δὲ
374 3111 470 3164 καὶ
498 3109 693 3174 οὕτως,
746 3111 828 3164 ὅτι
878 3112 986 3175 πᾶς
1019 3111 1333 3180 ἄνθρωπος,
1387 3113 1517 3165 ὅταν
1546 3112 1647 3183 τὴν
1679 3113 1880 3183 ἀρετὴν

279 3202 613 3275 ἐργάζηται,
647 3202 761 3265 υίὸς
792 3202 1084 3273 νυμφῶνός
1109 3205 1275 3256 ἐστιν.
1326 3203 1468 3266 Ἕως
1519 3202 1618 3273 μὲν
1644 3201 1735 3256 οῦν
1770 3202 1881 3273 ἔχει

284 3297 411 3367 μεθ’
441 3295 640 3350 ἑαυτοῦ
671 3295 763 3349 τὸν
792 3295 1029 3365 νυμφίον
1061 3295 1318 3365 Χριστὸν,
1344 3295 1404 3348 οῦ
1430 3296 1702 3367 νηστεύει,
1730 3313 1860 3348 τουτ

282 3393 458 3458 ἐστιν,
499 3392 559 3445 οῦ
627 3391 695 3444 τὰ
725 3390 823 3461 τῆς
851 3389 1142 3460 μετανοίας
1171 3388 1308 3460 ἔργα
1333 3388 1721 3443 ἐπιδείκνυται.
1755 3389 1882 3450 Πῶς

283 3483 398 3553 γὰρ
429 3484 456 3534 6
489 3481 564 3552 μὴ
591 3480 798 3535 πταεων
823 3496 838 3544 ;
867 3481 1039 3534 Ὅταν
1061 3481 1117 3533 δὲ
1133 3479 1273 3551 ἀρθῇ
1298 3480 1394 3532 ἀπ’
1417 3479 1582 3532 αὑτοῦ
1605 3481 1633 3534 6
1649 3479 1884 3551 νυμφίος

282 3573 550 3644 Χριστὸς,
595 3573 675 3636 εἰς
730 3572 1016 3644 ἁμαρτίαν
1049 3571 1253 3642 δηλαδὴ
1289 3570 1707 3641 όλισθήσαντος,
1758 3570 1882 3623 τότε

285 3666 546 3740 νηστεύει
582 3667 676 3720 καὶ
702 3668 975 3737 μετανοεῖ,
1003 3664 1090 3718 ἵνα
1118 3663 1215 3734 τὴν
1246 3663 1530 3735 ἁμαρτίαν
1563 3664 1807 3734 ἰάσηται.

369 3780 388 3812 ι
426 3758 615 3823 Οὖδεὶς
646 3757 931 3828 ἐπίϐλημα
982 3757 1186 3829 ῥάκους
1243 3757 1491 3825 ἀγνάφου
1551 3757 1884 3827 ἐπιρράπτει

285 3853 386 3908 ἐπὶ
419 3851 621 3922 ίματίῳ
648 3849 884 3919 παλαιῷ,
927 3847 1056 3901 εἰδὲ
1091 3849 1188 3920 μὴ,
1222 3847 1448 3919 αἷρειτὸ
1475 3847 1750 3918 πλήρωμα
1785 3847 1887 3899 αύ-

285 3945 386 4000 τοῦ
423 3944 486 3998 τὸ
521 3944 710 3997 καινὸν
737 3941 834 3995 τοῦ
863 3941 1124 4004 παλαιοῦ,
1157 3941 1253 3993 καὶ
1283 3944 1466 4012 χεῖρον
1501 3942 1708 4012 σχίσμα
1743 3941 1887 4009 γίνε-

285 4059 404 4096 ται.
459 4043 570 4094 Καὶ
601 4039 777 4103 οὐδεὶς
835 4037 1019 4108 βάλλει
1077 4033 1223 4092 οἶνον
1255 4038 1376 4091 νέον
1405 4039 1487 4100 εἰς
1541 4038 1746 4099 ἀσκοὺς
1782 4055 1885 4089 πα-

289 4131 501 4195 λαιούς
532 4131 581 4183 εἰ
621 4129 677 4182 δὲ
712 4128 808 4200 μὴ,
840 4128 1034 4200 ρήσσει
1065 4130 1094 4181 ό
1146 4127 1266 4189 νέος
1293 4128 1422 4191 τοὺς
1463 4128 1690 4190 ἀσκοὺς,
1725 4130 1820 4180 καὶ
1859 4128 1887 4179 6

286 4219 438 4286 οἶνος
468 4224 736 4294 ἐκχεῖται,
770 4222 865 4274 καὶ
911 4222 961 4273 οἱ
996 4220 1156 4272 ἀσκοὶ
1197 4219 1548 4272 ἀπολοῦνται’
1585 4219 1722 4271 ἀλλὰ
1745 4215 1888 4271 οἶνον

290 4316 416 4370 νέον
438 4315 518 4375 είς
553 4312 758 4373 ἀσκοὺς
785 4310 1008 4372 καινοὺς
1061 4309 1309 4381 βλητέον.
1358 4329 1376 4362 ι
1417 4310 1656 4380 Ὠσπερ,
1699 4314 1886 4382 φησιν,

292 4407 343 4460 εἰ
373 4405 537 4475 ῥάκος
569 4401 837 4471 άγναφον,
870 4401 1126 4454 τουτέστι
1148 4401 1358 4466 καινὸν,
1396 4400 1722 4472 ἐπιϐληθείη
1764 4403 1892 4471 ίμα-

291 4497 396 4567 τίῳ
432 4494 670 4563 παλαιῷ,
695 4493 1052 4562 διαρρήγνυσι
1076 4491 1238 4544 τοῦτο
1258 4495 1324 4564 τῇ
1343 4492 1522 4563 οἰκείᾳ
1543 4495 1886 4564 στερρότητι,

1977 1996 2154 2051 solum
2191 1995 2334 2065 quod
2364 1979 2927 2062 desponsa-virgines
2961 1987 3194 2056 animus,
3227 1996 3322 2046 sed
3352 2001 3408 2047 et
3433 1995 3578 2059 quod

1981 2099 2193 2158 tempus
2246 2085 2404 2157 primi
2466 2085 2547 2137 sui
2593 2084 2882 2146 adventus,
2943 2097 3045 2136 non
3101 2093 3315 2151 tempus
3366 2082 3570 2144 luctus,

1977 2195 2156 2250 neque
2186 2177 2528 2233 austeritatis
2560 2187 2646 2231 est
2680 2176 2749 2230 iis
2773 2177 2866 2245 qui
2902 2176 2956 2229 in
2999 2175 3149 2229 illum
3185 2177 3437 2238 credunt,
3477 2189 3574 2229 ne-

1980 2277 2085 2345 qn'e
2119 2274 2337 2328 labores
2370 2271 2597 2335 habens,
2628 2270 2722 2324 sed
2766 2269 2928 2324 facile
2977 2278 3032 2324 et
3068 2266 3276 2337 absque
3317 2269 3579 2337 operibus

1982 2362 2113 2432 legis
2149 2376 2246 2430 per
2283 2359 2619 2427 baptismum
2666 2357 2978 2413 refocillans
3029 2373 3151 2414 nos.
3195 2359 3383 2424 Qualis
3431 2359 3579 2411 enim

1981 2453 2135 2507 labor
2169 2451 2478 2522 baptizari?
2509 2461 2752 2505 attamen
2803 2463 2901 2520 per
2932 2449 3119 2505 facilia
3176 2449 3293 2504 haec
3337 2450 3576 2504 salutent

1981 2545 2397 2613 consequimur.
2424 2541 2548 2596 Filii
2583 2552 2765 2597 autem
2800 2540 3048 2608 thalami,
3093 2539 3346 2608 apostoli,
3393 2547 3581 2608 utpote

1981 2649 2036 2688 et
2073 2636 2175 2704 ipsi
2215 2635 2558 2690 Dominicum
2597 2634 2855 2704 gaudium
2885 2633 3125 2688 assecuti
3157 2643 3210 2688 et
3242 2634 3423 2688 omnis
3455 2646 3574 2687 cm-

1984 2725 2284 2780 leStisboni
2321 2739 2386 2779 ac
2424 2724 2723 2794 voluptatis
2763 2723 2934 2779 totius
2983 2723 3299 2792 participes.
3333 2721 3581 2792 lntellige

1982 2830 2163 2869 antem
2193 2827 2246 2868 et
2278 2815 2357 2868 sic
2401 2816 2543 2884 quod
2605 2814 2786 2869 (nonis
2828 2815 3014 2877 homo,
3053 2814 3272 2883 quando
3317 2815 3579 2867 virtutem

1983 2921 2262 2978 operatur,
2309 2907 2451 2962 lilius
2486 2917 2569 2961 est
2594 2907 2818 2960 thalami
2876 2906 3156 2974 nuptialis.
3187 2906 3440 2971 Qaandiu
3470 2905 3577 2975 igi-

1987 3002 2345 3056 turhahnerit
2395 3016 2582 3055 secum
2625 3016 2888 3069 Sponsum
2950 3001 3254 3063 Christum,
3307 2986 3587 3070 nonjejuo

1987 3107 2099 3160 na'z,
2135 3094 2236 3147 hoc
2268 3103 2371 3158 cst,
2409 3110 2515 3146 non
2544 3093 2786 3148 ostendit
2836 3107 3003 3162 opera
3043 3092 3381 3160 paenitentiae
3416 3109 3429 3144 :
3472 3107 3572 3145 ne-

1986 3203 2092 3255 que
2131 3188 2276 3240 enim
2341 3186 2540 3240 cecidit
2592 3185 2863 3255 :quando
2921 3193 3104 3238 autem
3149 3186 3214 3238 ab
3261 3198 3329 3238 eo
3368 3184 3581 3238 ablatos

1989 3279 2154 3333 fuerit
2185 3278 2465 3342 Christus,
2516 3277 2917 3346 prolapsusque
2959 3277 3122 3330 fuerit
3165 3277 3217 3330 in
3276 3288 3580 3347 peccatum,

1987 3383 2116 3428 tunc
2145 3373 2380 3444 jcjunat,
2416 3381 2468 3427 et
2497 3371 2873 3441 pcenitcntiam
2904 3370 3039 3442 agit,
3074 3381 3131 3425 ut
3160 3386 3188 3425 a
3223 3379 3451 3440 peccato
3490 3385 3589 3425 sa-

1987 3478 2166 3523 netur.

2061 3759 2230 3816 Vens.
2260 3757 2460 3812 20-22.
2498 3775 2517 3809 ι
2558 3755 2626 3811 Ει
2677 3771 2838 3811 nemo
2885 3769 3260 3813 assumentum
3295 3761 3457 3829 patuli
3493 3776 3584 3816 ro-

1990 3856 2076 3910 dis
2103 3853 2274 3908 assuit
2302 3852 2634 3906 vestimento
2666 3850 2833 3905 veteri
2880 3867 2892 3904 :
2937 3850 3178 3921 alioquin
3229 3852 3409 3908 aufert
3453 3870 3589 3926 sup.

1991 3947 2321 4018 plementum
2357 3943 2476 4013 ejus
2506 3958 2706 3996 novum
2744 3956 2774 3996 a
2819 3943 3016 4007 veteri,
3054 3953 3108 3996 et
3141 3947 3294 4013 pejor
3350 3947 3587 4001 scissura

1991 4040 2070 4095 lit.
2103 4039 2168 4092 Et
2199 4036 2540 4092 nemomittit
2565 4036 2749 4089 vinum
2783 4045 3024 4090 mus-tum
3060 4037 3110 4088 in
3147 4046 3298 4089 utres
3328 4045 3545 4093 veteres
3574 4055 3590 4092 :

1993 4133 2191 4200 alioqui
2238 4130 2527 4197 disrumpit
2571 4130 2751 4184 rinam
2803 4138 3040 4184 mustum
3079 4140 3251 4195 utres,
3287 4141 3340 4184 et
3403 4132 3589 4184 vinum

1991 4225 2312 4287 effunditur,
2349 4235 2404 4277 et
2438 4235 2591 4279 utres
2617 4231 2846 4292 pereunt
2877 4239 2891 4275 :
2922 4224 3015 4276 sed
3047 4224 3234 4276 vinum
3269 4236 3510 4278 mustum
3539 4227 3594 4277 in

1996 4328 2145 4372 utres
2207 4332 2375 4370 novos
2437 4317 2575 4370 mitti
2629 4315 2810 4370 debet.
2855 4333 2875 4366 ι
2941 4315 3448 4382 Quemadmodum,
3508 4317 3595 4370 in-

1993 4411 2135 4480 quit,
2173 4425 2384 4479 pannus
2418 4409 2587 4480 rudis,
2624 4409 2724 4462 hoc
2757 4417 2838 4462 est
2887 4423 3081 4474 novus,
3132 4408 3179 4462 si
3215 4418 3470 4462 assuatur
3499 4424 3594 4462 ve-

1998 4505 2259 4558 Stimento
2295 4505 2485 4568 veteri,
2542 4518 2639 4556 sua
2678 4501 2939 4555 lirmitate
2999 4501 3128 4555 illud
3177 4502 3458 4565 discindit,
3511 4507 3591 4558 vi-

293 4586 439 4653 οἷνός
461 4605 522 4641 τε
567 4588 688 4649 νέος
721 4589 782 4656 τῇ
815 4583 984 4639 αὑτοῦ
1015 4585 1314 4655 θερμότητι
1373 4587 1499 4649 τοὺς
1549 4587 1756 4649 ἀσκοὺς
1789 4604 1883 4639 πα·

2006 4609 2242 4663 nnmqne
2275 4610 2472 4649 novom
2508 4609 2603 4648 sua
2633 4595 2960 4648 aestuatione
3004 4604 3155 4647 utres
3204 4603 3419 4649 veteres
3474 4595 3585 4649 dis-

292 4683 486 4746 λαιοῦς
529 4681 879 4753 διαρῤήσσει,
910 4679 1054 4732 οὕτω
1103 4680 1198 4732 καὶ
1225 4680 1275 4730 oi
1326 4679 1568 4750 μαθηταί
1604 4698 1706 4751 μου
1742 4681 1896 4734 οὔπω

295 4777 593 4848 γεγόνασιν
621 4774 852 4844 ἰσχυροὶ,
884 4771 1025 4826 ὥστε
1046 4773 1140 4826 ἐὰν
1173 4771 1503 4843 βαρήσωμεν
1526 4774 1745 4839 αὐτοὺς,
1776 4773 1900 4844 βλά-

294 4871 501 4940 ψομεν.
541 4867 796 4928 [Ιαλαιοῖς
821 4864 932 4934 γὰρ
963 4864 1206 4918 ἐοίκασιν
1242 4865 1502 4935 ἱματίοις,
1528 4865 1616 4918 διὰ
1643 4866 1705 4919 τὸ
1738 4867 1898 4920 ἀσθε-

297 4961 394 5022 νὲς
426 4958 523 5028 τῆς
553 4955 733 5010 αὐτῶν
765 4955 1011 5026 γνώμης.
1046 4955 1122 5008 Οὐ
1157 4954 1264 5025 χρὴ
1313 4951 1406 5007 οῦν
1452 4955 1767 5009 ἐπιϐάλλειν
1801 4957 1899 5010 αύο

295 5055 415 5115 τοῖς
457 5051 518 5103 τὸ
548 5051 644 5119 τῆς
693 5043 1132 5118 νηστείαςλβαρὺ
1196 5047 1476 5118 ἐπίταγμα
1508 5064 1520 5078 ·
1556 5048 1588 5119 ἢ
1622 5048 1718 5101 καὶ
1755 5048 1900 5103 οὕτω

303 5147 534 5214 νοήσαις
557 5158 573 5173 '
636 5141 698 5196 ΟΞ
729 5141 824 5197 τοῦ
877 5140 1118 5211 Χριστοῦ
1154 5141 1394 5210 μαθηταὶ
1426 5144 1606 5195 καινοὶ
1637 5143 1812 5210 ὄντες,
1839 5146 1898 5197 ού

299 5238 565 5292 δύνανται
595 5233 874 5288 δουλεύειν
900 5234 1151 5296 παλαιοῖς
1172 5235 1320 5287 ἔθεσι
1355 5235 1451 5289 καὶ
1476 5236 1681 5305 νόμοις.

387 5349 406 5382 ι
483 5331 594 5383 Καὶ
656 5329 877 5397 ἐγένετο
923 5327 1414 5398 παραπορεύεσθαι
1457 5328 1620 5381 αὑτὸν
1667 5330 1726 5380 ἐν
1787 5333 1901 5394 τοῖς

307 5420 557 5476 Σάϐϐασι
592 5420 681 5472 διὰ
699 5417 807 5471 τῶν
851 5418 1160 5488 σπορίμων,
1191 5419 1284 5471 καὶ
1313 5418 1549 5490 ἤρξαντο
1575 5421 1623 5472 οἱ
1661 5420 1902 5489 μαθηταὶ

305 5511 478 5568 αὑτοῦ
509 5510 798 5575 ὁδοποιεῖν,
834 5509 1110 5574 τίλλοντες
1137 5512 1264 5575 τοὺς
1296 5512 1556 5580 στάχυας,
1589 5513 1683 5564 καὶ
1714 5514 1762 5564 οἱ
1791 5515 1903 5566 Φα-

315 5608 521 5678 ρισαῖοι
555 5604 743 5670 ἔλεγον
767 5602 917 5674 αὐτῷ
941 5619 956 5634 ⁶
993 5605 1100 5657 Ἴδε
1135 5604 1188 5655 τί
1240 5604 1486 5658 ποιοῦσιν
1513 5607 1571 5657 ὲν
1616 5610 1728 5669 τοῖς
1758 5605 1900 5659 Σάϐ-

303 5695 472 5749 ϐασιν
503 5694 532 5747 ὃ
564 5695 667 5747 οῦκ
693 5693 873 5760 ἔξεστι
898 5711 912 5760 ;
942 5695 1049 5747 Καὶ
1102 5694 1265 5758 αὐτὸς
1310 5695 1498 5764 ἔλεγεν
1547 5697 1730 5758 αὐτοῖς
1751 5713 1762 5725 ⁸
1798 5698 1902 5750 Θύ-

304 5784 504 5842 δέποτε
537 5784 810 5854 ἀνέγνωτε
846 5787 896 5837 τί
926 5787 1151 5855 ἐποίησε
1206 5787 1371 5842 Δαόὶδ
1409 5789 1496 5841 ὅτε
1530 5791 1720 5860 χρείαν
1754 5789 1902 5860 ἔσχε,

310 5880 407 5934 καὶ
435 5878 723 5934 ἐπείνασεν
756 5879 918 5943 αὑτός
959 5880 1054 5935 καὶ
1090 5882 1136 5934 ιιι
1171 5882 1291 5951 μετ’
1318 5883 1482 5937 αὐτοῦ
1515 5903 1528 5952 ;
1567 5887 1680 5950 πῶς
1722 5888 1902 5957 είςῆλ-

2005 4687 2209 4755 rumpit
2243 4705 2258 4740 :
2290 4686 2371 4742 sic
2389 4686 2551 4740 etiam
2587 4685 2834 4754 discipuli
2868 4686 2972 4740 mei
3008 4687 3247 4740 nondum
3294 4687 3419 4742 lacti
3458 4698 3595 4742 suot

2003 4781 2172 4836 fortes
2202 4799 2216 4836 :
2253 4781 2436 4850 itaque
2469 4781 2510 4834 si
2545 4795 2848 4851 gravavero
2899 4779 3069 4849 ipsos,
3104 4778 3396 4835 offendam.
3438 4780 3594 4837 Vete-

2005 4873 2153 4927 ribus
2187 4873 2332 4926 enitn
2388 4873 2732 4926 vestimentis
2764 4871 2972 4926 similes
3038 4882 3184 4938 sunt,
3220 4873 3289 4927 ob
3352 4873 3596 4942 ipsorum

2004 4965 2173 5020 animi
2211 4965 2663 5019 imbecillitatem.
2690 4963 2806 5018 Non
2840 4975 3057 5033 oportet
3091 4965 3254 5034 igitur
3291 4966 3413 5022 illos
3447 4971 3599 5038 gravi

2000 5056 2335 5126 jejuniormn
2384 5066 2656 5126 praecepto
2685 5070 2940 5110 onerare.
2973 5056 3074 5111 Vel
3106 5059 3271 5110 etiam
3318 5059 3397 5112 sic
3438 5059 3598 5114 intclo

2005 5149 2146 5220 lige:
2189 5151 2445 5220 Discipuli
2486 5148 2714 5212 Christi,
2757 5163 2880 5202 cum
2916 5149 3026 5202 sint
3059 5151 3204 5216 novi,
3228 5166 3336 5205 non
3373 5163 3603 5220 possunt

2006 5243 2216 5297 servire
2253 5245 2450 5312 priscis
2481 5245 2726 5298 moribus
2756 5255 2811 5298 et
2839 5245 3067 5315 legibus.

2079 5333 2245 5389 Vens.
2279 5334 2472 5390 25-28.
2513 5353 2531 5384 ι
2576 5334 2639 5388 Et
2681 5335 2880 5389 accidit
2917 5343 2976 5388 nt
3023 5336 3282 5390 transiret
3348 5337 3606 5394 Sabbatis

2009 5443 2103 5494 per
2132 5437 2365 5496 siigctes,
2413 5437 2466 5480 et
2512 5436 2798 5496 cmpcront
2857 5427 3113 5495 discipuli
3147 5427 3262 5495 ejus
3296 5431 3438 5484 inter
3461 5432 3603 5486 viain

2008 5521 2214 5574 vellere
2240 5519 2443 5590 spiras,
2492 5529 2546 5575 et
2578 5519 2840 5576 Pharisaei
2878 5520 3138 5578 dicebant
3176 5524 3222 5575 ei
3264 5541 3276 5575 :
3307 5522 3468 5589 Ecce,
3508 5541 3610 5580 cur

2011 5613 2216 5668 faciunt
2244 5612 2500 5667 Sabbatis
2529 5615 2671 5682 quod
2720 5630 2830 5667 non
2887 5613 3048 5668 licet?
3088 5614 3153 5668 Et
3197 5617 3312 5684 ipse
3343 5617 3418 5669 ait
3449 5617 3555 5671 illis
3590 5637 3604 5671 :

2010 5706 2296 5776 Nunquam
2355 5708 2564 5777 legistis
2616 5707 2748 5777 quid
2810 5705 3006 5762 fecerit
3065 5709 3255 5774 Dav-id,
3299 5723 3423 5762 cum
3473 5724 3610 5781 opus

2017 5806 2261 5867 haberet,
2299 5813 2350 5858 et
2390 5804 2626 5859 csutiret
2657 5806 2771 5872 ipse
2805 5816 2857 5859 et
2884 5806 2972 5873 qui
3003 5821 3124 5860 cum
3154 5823 3218 5859 co
3241 5805 3438 5859 erant?
3468 5823 3609 5877 quo-

2020 5898 2176 5952 modo
2230 5897 2506 5969 ingressus
2548 5897 2617 5952 sit
2672 5899 2721 5952 in
2780 5897 2999 5953 domum
3068 5899 3157 5954 Dei
3212 5900 3312 5954 sub
3342 5901 3612 5959 Abiathar
