4080 6336
183 406 284 471 εει

895 392 1349 458 ENARRATIO
1389 390 1473 452 IN
1509 387 2013 453 EVANGELIUM
2057 387 2323 450 MARCI.
2347 412 2417 423 —
2445 385 2606 450 CAP.
2651 385 2767 449 III.

3348 388 3456 458 522

186 532 422 587 γματος.
466 510 756 567 Ἐπιπλίον
802 507 861 563 δὲ
919 507 1119 569 αὐτοὺς
1176 504 1273 561 καὶ
1327 502 1421 558 νῦν
1470 503 1767 575 ἐντρέπων,

1885 500 1994 570 puli.
2034 500 2172 571 ejus,
2219 510 2276 555 ut
2305 508 2358 554 ct
2380 499 2513 569 ipse
2546 507 2799 569 operetur
2830 497 2884 554 in
2920 495 3265 554 die.Sabhati
3295 501 3463 554 mira.

192 608 622 681 θαυματουργεῖ,
650 600 912 658 δεικνύων
940 601 1049 669 ὅτι,
1082 597 1355 654 Τοσοῦτον
1384 597 1484 667 οὐχ
1519 596 1770 668 ἁμαρτά-ο

186 719 371 756 νουσιν
393 702 443 755 oi
475 695 713 769 μαθηταί
746 710 871 765 μου,
895 694 1039 748 ὥστε
1065 691 1163 748 καί
1205 689 1510 760 αὑτὸςεγὼ
1540 687 1772 759 ἐργάζου

190 809 289 865 μαι
321 794 377 846 ἐν
410 794 476 863 τῇ
526 788 714 860 ἡμέρᾳ
750 785 845 839 τοῦ
880 784 1183 849 Σαϐϐἀτου,
1231 781 1433 852 θαῦμα.
1464 777 1773 837 ἐπιδεικνύ-

190 902 351 955 μενος
372 900 386 915 ·
416 882 559 941 ὥστε
597 881 646 933 εί
700 878 872 933 κακόν
904 878 1022 935 ἐστι
1049 874 1113 931 τὸ
1158 875 1621 946 θαυματουργεῖν,
1655 872 1772 927 εστι

190 977 366 1031 κακὸν
398 970 587 1037 ἁπλῶς
618 975 713 1026 καὶ
747 972 808 1027 τὸ
846 966 1180 1042 ἐργάζεσθαι
1207 967 1278 1022 τὰ
1308 968 1583 1035 ἀναγκαῖα
1612 966 1672 1021 εν
1694 964 1771 1036 τῷ

184 1068 468 1137 Σαϐϐάτῳ·
500 1063 639 1119 ἀλλά
667 1063 774 1136 μὴν
796 1062 858 1117 τὸ
882 1059 1347 1131 θαυματουργεῖν,
1400 1058 1494 1111 ἰπὶ
1526 1056 1773 1129 σωτηρίᾳ

183 1153 499 1227 ἀνθρώπου,
531 1152 675 1206 θεῖόν
705 1154 854 1205 ἐστιν
879 1191 895 1218 ,
922 1149 1025 1204 οὐκ
1053 1148 1165 1219 ἄρα
1198 1147 1512 1217 παρανομεῖ
1553 1146 1582 1197 ὁ
1610 1146 1669 1197 ἂν
1692 1142 1773 1213 τῷ

187 1246 455 1316 Σαϐϐάτῳ
492 1243 569 1317 μὴ
601 1244 771 1298 κακόν
819 1260 872 1297 τι
915 1240 1309 1311 ἐργαζόμενος.
1348 1238 1445 1295 Διά
1488 1235 1649 1290 τοῦτο
1681 1233 1775 1292 οὖν

185 1342 281 1393 καὶ
302 1339 483 1409 ἐρωτᾷ
504 1337 703 1401 αὐτοὺς
730 1337 779 1389 εί
804 1334 888 1402 iis
898 1351 1017 1388 στιν
1038 1331 1466 1401 ἀγαθοποιῆσαι,
1493 1330 1773 1400 ὲντρέπων

188 1430 394 1491 αὐτοὺς
429 1430 503 1497 ώς
542 1426 853 1490 κωλύοντας
900 1424 1068 1483 αὐτὸν
1099 1424 1214 1479 ἀπὸ
1249 1421 1344 1477 τοῦ
1388 1420 1771 1492 ἀγαθοποιεζνο

186 1523 365 1593 ξηρὰν
392 1524 449 1577 δὲ
476 1522 590 1594 ἔχει
621 1522 719 1593 τὴν
747 1519 904 1591 χεῖρα
939 1517 1038 1592 τὴν
1068 1517 1250 1585 δεξιὰν
1281 1517 1393 1580 πᾶς
1420 1516 1449 1569 ὁ
1485 1514 1562 1586 μὴ
1598 1513 1774 1584 πράτ-

184 1632 297 1669 των
326 1615 397 1669 τά
424 1616 523 1683 τῆς
553 1612 733 1679 δεξιᾶς
788 1610 1005 1683 μερίδος
1039 1609 1200 1680 ἔργα.
1255 1598 1400 1679 Πρὸς
1438 1604 1497 1660 ὃν
1547 1604 1699 1674 λέγει
1748 1606 1777 1656 ὁ

186 1707 445 1776 Χριστός·
475 1706 752 1777 Ἐγειραι,
775 1702 1079 1769 τουτέστιν,
1097 1700 1333 1757 ’Δνάστα
1354 1697 1462 1752 ἀπὸ
1481 1695 1581 1767 τῆς
1597 1696 1781 1767 ἀμαρ-

184 1800 330 1865 τίας,
381 1800 475 1853 καὶ
506 1797 665 1868 στῆθι
711 1797 791 1860 είς
824 1796 886 1849 τὸ
941 1794 1132 1866 μισον,
1183 1793 1492 1856 τουτέστιν,
1543 1792 1624 1853 εις
1676 1789 1778 1859 τὴν

1874 593 2057 648 culum
2100 592 2348 648 faciens:
2386 593 2456 646 ita
2498 600 2557 645 ut
2584 591 2631 647 si
2659 589 2862 651 malum
2882 592 2951 645 sit
2980 591 3193 661 operari
3225 592 3463 649 mineo.

1875 685 2012 757 lum,
2028 684 2349 756 simpliciter
2368 683 2570 746 malum
2589 681 2830 743 futurum
2855 682 2927 738 sit
2948 696 3111 754 opera
3121 698 3163 736 τι
3182 683 3346 756 183
3369 697 3467 740 ne-

1876 791 2026 832 cesse
2041 777 2121 830 ria
2142 775 2196 831 in
2221 772 2460 832 Sabbato
2482 791 2496 842 ;
2517 775 2611 829 sed
2626 772 2946 829 miraculum
2960 772 3142 829 facere
3165 772 3219 829 in
3233 775 3462 833 salutem

1877 864 2135 930 hominis,
2179 866 2419 920 divinum
2447 876 2532 920 est
2566 882 2579 918 :
2614 878 2721 926 non
2752 864 2919 935 igitur
2951 865 3345 934 praavaricatur
3373 867 3469 938 qui

1877 959 1933 1014 in
1992 956 2231 1015 Subhato
2276 959 2421 1028 quod
2474 956 2677 1012 malum
2716 967 2952 1025 nonest,
3008 966 3291 1029 operatur.
3338 958 3475 1016 Pro-

1877 1062 2061 1125 pterea
2099 1051 2598 1123 etiam'interrogat
2627 1050 2749 1107 illos
2783 1066 2912 1107 num
2938 1052 3099 1107 liceat
3122 1051 3467 1123 benefacere,

1880 1151 2072 1212 notans
2094 1154 2190 1196 eos
2223 1149 2281 1195 ut
2311 1141 2629 1197 benefacere
2669 1155 2793 1197 eum
2830 1141 3207 1212 prohibentes.
3242 1144 3467 1205 Aridam

1879 1242 2061 1288 autem
2104 1234 2384 1288 dexteram
2428 1235 2605 1289 omnis
2636 1233 2801 1290 habet
2828 1234 2917 1304 qui
2940 1249 3105 1305 opera
3136 1250 3326 1292 eorum
3362 1254 3471 1299 non

1883 1322 2013 1380 facit
2043 1324 2134 1393 qui
2170 1326 2237 1379 ad
2266 1324 2543 1385 dexteram
2577 1335 2788 1396 partem
2835 1329 3129 1397 pertinent.
3184 1328 3266 1384 Ad
3307 1344 3471 1401 quem

1881 1418 2134 1475 Christus
2179 1419 2334 1485 dicit,
2365 1420 2641 1486 Excitare,
2678 1421 2782 1477 hoc
2818 1430 2923 1486 est,
2958 1420 3137 1494 Surge
3164 1438 3195 1478 a
3228 1433 3477 1495 peccato,

1880 1522 1934 1568 et
1956 1521 2037 1568 sta
2064 1512 2117 1568 in
2158 1514 2356 1577 medio,
2394 1512 2497 1569 hoc
2522 1522 2605 1568 est
2662 1514 2715 1568 in
2768 1514 3146 1572 mediocritate
3184 1519 3472 1580 virtutum.

1882 1600 2072 1659 Omnis
2114 1604 2258 1661 etaim
2289 1603 2461 1661 virtus
2509 1605 2859 1661 mediocritas
2887 1614 2992 1673 est,
3022 1622 3087 1663 eo
3117 1610 3261 1679 quod
3294 1626 3475 1680 neque

1881 1695 1935 1749 in
1990 1693 2281 1761 defectum,
2334 1710 2510 1771 neque
2562 1696 2617 1751 in
2664 1711 2949 1753 excessum
3010 1699 3266 1757 declinat.
3325 1702 3480 1759 Tunc

1882 1788 2047 1860 igitur
2082 1789 2301 1859 quando
2325 1802 2385 1844 se
2413 1790 2604 1844 statuit
2649 1789 2703 1843 in
2732 1790 3186 1858 mediocritatem,
3227 1793 3480 1850 restitui-

189 1888 468 1959 μεσότητα
501 1886 616 1941 τῶν
644 1886 876 1959 ἀρετῶν.
913 1886 1076 1940 Πᾶσα
1113 1882 1224 1952 γάρ
1272 1879 1444 1953 ἀρετὴ
1470 1920 1487 1947 ,
1533 1877 1768 1950 μεσότης

1885 1890 1967 1936 tur
2014 1880 2236 1935 dextera
2290 1880 2340 1935 ei
2389 1894 2540 1938 sana.
2585 1879 2717 1937 Vide
2775 1891 2954 1937 autem
3030 1886 3174 1954 quod
3220 1886 3375 1954 dicit,
3406 1885 3475 1942 Et

186 1981 362 2045 ἐστὶν,
398 1979 521 2033 οὔτε
550 1980 631 2043 είς
660 1980 759 2050 τὴν
791 1960 1050 2048 ἔλλειψιν,
1080 1974 1205 2030 οὔτε
1232 1973 1433 2045 εἰςτὴν
1463 1970 1770 2043 ὑπερϐολὴν

1882 1973 2135 2027 restituta
2183 1980 2285 2027 est.
2333 1970 2506 2027 Erant
2537 1972 2688 2028 enim
2736 1973 2864 2029 olim
2895 1974 3054 2032 nobis
3083 1992 3231 2033 sanae
3261 1996 3477 2047 manus,

190 2072 537 2127 tmvetiooca'
575 2074 694 2129 τότε
725 2073 910 2129 τοίνυν
944 2074 1077 2127 ὅταν
1118 2070 1294 2139 σταθῇ
1347 2068 1427 2141 είς
1463 2065 1564 2138 τὴν
1605 2064 1768 2135 μεσό-

1885 2062 1983 2120 hec
2003 2071 2087 2120 est
2137 2062 2321 2119 efﬁcax
2346 2064 2519 2120 virtus
2542 2066 2842 2136 operativa,
2871 2069 3088 2139 quando
3113 2074 3352 2128 nondum
3379 2072 3485 2141 fuit

186 2183 352 2238 τητα,
392 2167 1036 2238 ἀποκατασταθήσεταιὴ
1069 2166 1194 2236 χεὶρ
1219 2160 1385 2220 αὑτοῦ
1414 2160 1596 2232 ὑγιής.
1624 2158 1770 2231 Ὅρα

1886 2158 2273 2228 transgressio.
2318 2158 2420 2215 Ubi
2449 2168 2630 2219 autem
2665 2170 2884 2218 extenta
2917 2172 3002 2218 est
3025 2165 3259 2222 dextera
3294 2176 3478 2231 nostra

185 2260 243 2313 δὲ
295 2263 391 2314 καὶ
438 2262 502 2314 τὸ
556 2257 1025 2327 ’Δποκατεστάθ-η.
1062 2255 1308 2326 Καιαγάρ
1339 2250 1408 2325 ἦν
1433 2252 1523 2307 ὅτε
1555 2251 1777 2323 εῐχομεν

1888 2250 1956 2324 ad
2011 2250 2252 2308 fructum
2294 2252 2847 2323 prohibitum,.tunc
2883 2271 3133 2314 arescere
3189 2261 3355 2333 cmpit
3413 2263 3482 2317 ad

188 2352 366 2421 ὑγιεῖς
402 2351 504 2417 τὰς
537 2355 750 2423 χεῖρας,
780 2350 1052 2414 τουτέστι,
1105 2346 1224 2420 τὴν·
1259 2345 1574 2417 πρακτικὴν
1621 2343 1778 2415 ἀνερ-

1887 2344 2261 2413 operationem
2334 2345 2499 2415 boni.§
2548 2344 2890 2404 Restltuetur
2944 2349 3110 2421 igitur
3170 2350 3367 2407 iterum
3428 2354 3482 2410 in

189 2459 367 2511 γειαν,
404 2444 494 2497 ὅτε
537 2444 693 2498 οὔπω
722 2442 1071 2514 παράϐασις·
1127 2438 1225 2507 ἀφ’
1262 2431 1324 2491 οὗ
1352 2437 1412 2491 δὲ
1453 2434 1778 2507 ἐξετασθηή

1889 2435 2176 2509 pristinam
2222 2436 2533 2507 sanitatem,
2567 2454 2689 2496 curn
2724 2440 2779 2496 in
2826 2443 3004 2499 medio
3036 2444 3349 2502 steterimus
3370 2446 3483 2501 vir-

186 2535 315 2604 χεὶρ
343 2535 501 2609 ἡμῶν
541 2537 634 2590 επὶ.
680 2536 771 2589 τὸν
804 2532 1256 2606 ἀπηγορευμένον
1302 2529 1537 2600 καρπὸν,
1585 2525 1781 2583 ἔκτοτε
1893 2536 2093 2591 tutum.

186 2626 464 2699 ἐξηράνθη
498 2628 636 2699 πρὸς
677 2627 776 2698 τὴν
803 2626 900 2681 τοῦ
939 2624 1110 2680 καλοῦ
1146 2622 1435 2695 ἐργασίαν.
1472 2619 1650 2676 Πάλιν
1714 2616 1811 2676 οὖν
1853 2620 2451 2693 ἀποκατασταθήσεται
2492 2624 2571 2687 εἰς
2610 2624 2711 2696 τὴν
2757 2627 3034 2699 προτέραν
3076 2623 3288 2700 ὑγείαν,
3354 2633 3487 2690 ὅταν

183 2720 246 2775 ιν
275 2718 352 2790 τῷ
384 2723 540 2791 μέσῳ
582 2719 870 2792 σταθῶμεν
894 2718 1001 2773 τῶν
1031 2716 1266 2789 ἀρετῶν.

269 2832 290 2867 ι
331 2815 443 2869 Καὶ
476 2814 784 2880 ὶξελθόντες
816 2815 867 2869 οί
899 2815 1213 2885 Φαρισαῖοι,
1248 2811 1453 2876 εὐθέως
1494 2810 1637 2883 μετά
1669 2811 1778 2866 τῶν

1966 2805 2131 2862 Vsus.
2168 2804 2327 2862 6-12.
2365 2824 2384 2859 ι
2419 2805 2638 2878 Egressi
2666 2820 2798 2863 vero
2831 2805 3094 2864 Pharisaei
3143 2810 3329 2866 statim
3381 2826 3488 2867 una

198 2906 554 2977 Ἡρωδιανῶν
590 2907 919 2979 συμϐούλιον
956 2907 1178 2963 εποίουν
1225 2907 1349 2963 κατ’
1385 2905 1576 2971 αὐτοῦ,
1624 2905 1777 2969 ὅπως

1890 2914 2016 2958 cum
2057 2898 2388 2956 llerodianis
2440 2898 2736 2976 consilium
2781 2898 2988 2955 inibant
3046 2901 3307 2958 adversus
3335 2902 3485 2959 illum

186 2997 357 3057 αὑτὸν
408 2997 743 3054 ἀπολέσωσι.
793 2998 907 3053 Καὶ
955 2999 985 3052 ὁ
1035 2996 1247 3069 Ἰησοῦς
1278 2995 1597 3067 ἀνεχώρησε
1637 2995 1778 3068 μετά

1890 3005 1949 3053 ιιι
1977 3011 2100 3053 eum
2134 2997 2449 3068 perderent.
2496 2994 2657 3054 Jesus
2688 3004 2870 3051 autem
2918 3011 3041 3052 cum
3069 2996 3352 3070 discipulis
3373 3000 3489 3055 suis

188 3093 305 3147 τῶν
340 3092 600 3165 μαθητῶν
633 3093 803 3150 αὐτοῦ
850 3093 989 3166 πρὸς
1032 3093 1133 3165 τὴν
1174 3093 1471 3158 θάλασσαν,
1505 3094 1603 3150 καὶ
1644 3092 1781 3146 πολὺ

190 3185 405 3257 πλῆθος
454 3187 565 3241 ἀπὸ
601 3187 703 3257 τῆς
735 3185 1028 3251 Γαλιλαίας
1059 3185 1434 3259 ἠκολούθησεν
1474 3186 1646 3258 αὐτῷ,
1688 3187 1784 3241 καὶ

188 3276 306 3335 ἀπὸ
343 3278 444 3346 τῆς
492 3278 781 3346 Ἰουδαίας,
825 3279 922 3334 καὶ
945 3278 1056 3333 ἀπὸ
1099 3277 1517 3350 Ἱεροσολύμων,
1551 3277 1648 3333 καὶ
1674 3278 1785 3332 ἀπὸ

186 3370 294 3439 τῆς
339 3370 670 3441 Ἰδουμαίας,
718 3372 815 3427 καὶ
868 3370 1043 3444 πέραν
1081 3371 1178 3428 τοῦ
1239 3373 1531 3443 Ἰορδάνου,
1585 3372 1682 3427 καὶ
1733 3373 1784 3426 οί

188 3460 330 3533 περὶ
366 3461 543 3533 Τύρον
574 3461 672 3515 καὶ
701 3461 934 3530 Σιδῶνα,
981 3461 1194 3533 πλῆθος
1237 3462 1409 3530 πολὺ,
1449 3462 1785 3527 ἀκούσαντες

190 3554 298 3609 ὅσα
327 3556 523 3622 ἐποίει,
564 3552 729 3625 ἦλθον
769 3555 908 3626 πρὸς
937 3555 1127 3611 αὐτόν.
1164 3555 1275 3610 Καὶ
1299 3552 1421 3610 εἷπε
1446 3558 1560 3620 τοῖς
1600 3555 1780 3627 μαθη-

189 3648 316 3708 ταῖς
343 3646 506 3699 αὑτοῦ
547 3646 641 3701 ῖνα
668 3645 948 3717 πλοιάριον
978 3650 1365 3719 προσκαρτερῇ
1395 3646 1547 3719 αὐτῷ
1569 3647 1659 3701 διά
1694 3649 1785 3701 τὸν

189 3735 375 3809 δχλον,
409 3737 496 3793 ἵνα
528 3736 604 3810 μὴ
633 3736 888 3794 θλίϐωσιν
932 3738 1129 3793 αὐτόν·
1174 3738 1407 3804 πολλοὺς
1438 3739 1552 3814 γὰρ
1588 3739 1783 3811 ἑθερά-

194 3847 427 3896 πευσεν,
464 3830 605 3887 ῶστε
636 3832 960 3889 ἐπιπίπτειν
1000 3832 1155 3904 αὑτῷ
1187 3832 1275 3887 ἶνα
1311 3832 1479 3887 αὐτοῦ
1514 3832 1781 3903 ἅψωνται,

189 3920 313 3975 ὅσοι
344 3917 489 3992 εἶχον
524 3921 819 3993 μάστιγας,
851 3924 945 3978 καὶ
970 3924 1039 3978 τὰ
1071 3922 1364 3992 πνεύματα
1392 3922 1464 3977 τὰ
1493 3922 1785 3992 ἀκάθαρτα

190 4012 325 4067 ὃταν
356 4013 520 4067 αὑτὸν
552 4013 803 4084 ἐθεώρει,
839 4014 1218 4087 προσέπιπτεν
1254 4013 1424 4086 αὐτῷ,
1458 4016 1553 4069 καὶ
1583 4012 1784 4085 ἐκραζε

190 4104 424 4172 λέγοντα
475 4105 586 4171 ὅτι,
618 4106 692 4159 Σὺ
743 4100 793 4158 εί
824 4107 853 4159 ὁ
898 4106 1024 4170 Υίδς
1084 4104 1181 4159 τοῦ
1217 4104 1389 4162 Θεοῦ.
1449 4105 1559 4164 Καὶ
1613 4104 1786 4159 πολλὰ

191 4195 435 4266 ἐπετίμα
466 4197 674 4262 αὐτοῖς,
712 4196 800 4249 ῐνα
832 4195 909 4267 μὴ
940 4196 1174 4271 φανερὸν
1198 4194 1361 4249 αὐτὸν
1391 4195 1721 4267 ποιήσωσιν.
1758 4213 1777 4249 ι

191 4286 355 4353 Τίνες
394 4283 535 4359 ἦσαν
554 4289 605 4343 οι
650 4287 1015 4361 Ἡρωδιανοί;
1051 4288 1215 4348 Ἤτοι
1252 4288 1301 4342 oi
1330 4286 1662 4359 στρατιῶται
1689 4286 1785 4339 τοῦ

1886 3092 2112 3148 secessit
2162 3090 2231 3145 ad
2288 3104 2460 3158 mare,
2509 3098 2567 3145 et
2610 3090 2799 3162 ingens
2848 3090 3140 3148 multitudo
3178 3102 3361 3148 secuta
3403 3102 3491 3151 est

1886 3197 2012 3241 eum
2045 3197 2076 3237 ο
2126 3182 2372 3249 ϐοιίιαιο,
2402 3190 2461 3239 et
2505 3196 2534 3236 a
2559 3180 2765 3249 Iudaea,
2792 3189 2846 3237 et
2871 3181 2938 3237 ab
2974 3180 3393 3255 Hierosolymis,
3429 3195 3487 3241 et

1887 3275 1956 3330 ab
1976 3274 2235 3341 Idumam,
2270 3284 2326 3330 et
2349 3282 2500 3330 trans
2528 3272 2847 3339 Jordanem,
2876 3282 2933 3327 et
2974 3274 3065 3345 qui
3097 3272 3246 3331 circa
3276 3273 3486 3347 Tyrum

1887 3365 2233 3429 habitabant,
2289 3378 2352 3419 ac
2380 3364 2668 3426 Sidonem,
2726 3362 3006 3418 hominum
3048 3363 3337 3421 multitudo
3365 3381 3487 3423 ma-

1888 3473 1994 3529 gna
2028 3474 2043 3513 :
2079 3459 2173 3532 qui
2198 3472 2325 3513 cum
2353 3456 2777 3526 audissentque
2806 3453 3064 3523 faciebat,
3094 3469 3367 3514 venerunt
3417 3459 3488 3516 ad

1887 3566 2038 3609 eum.
2095 3550 2164 3606 Et
2204 3551 2342 3606 dixit
2392 3548 2676 3619 discipulis
2708 3548 2823 3605 suis
2872 3559 2932 3605 ut
2977 3551 3283 3607 naviculam
3305 3551 3491 3624 appel-

1889 3651 2063 3705 lerent
2112 3644 2215 3703 sibi
2269 3652 2494 3715 propter
2552 3646 2795 3714 turbam,
2838 3658 2907 3699 ne
2964 3644 3139 3715 ipsum
3192 3656 3487 3715 premeret.

1888 3739 2088 3795 Multos
2112 3739 2256 3795 enim
2289 3748 2601 3807 sanaverat,
2640 3740 2712 3794 ita
2748 3748 2805 3795 ut
2831 3740 3102 3796 irruerent
3125 3739 3178 3793 in
3202 3754 3347 3809 eum,
3380 3754 3489 3811 quo

1888 3831 2037 3887 illum
2097 3837 2380 3901 tangerent
2438 3837 2706 3904 quotquOt
2766 3830 3044 3886 habebant
3116 3829 3350 3903 ﬂagella.
3420 3829 3493 3888 Et

1896 3922 2125 3993 spiritus
2160 3920 2429 3977 immundi
2460 3936 2585 3977 cum
2613 3922 2766 3979 illum
2813 3923 3103 3990 vidissent,
3129 3924 3492 3993 procidebant

1888 4016 1960 4082 ei,
1990 4024 2045 4071 et
2087 4013 2397 4072 clamabant
2431 4015 2698 4083 dicentes,
2729 4013 2810 4073 Tu
2853 4030 2913 4073 es
2944 4014 3113 4072 Filius
3137 4015 3256 4071 Dei.
3290 4018 3359 4075 Et
3394 4032 3489 4073 ve-

1890 4108 2174 4165 hementer
2222 4107 2679 4164 interminabatur
2702 4107 2784 4163 eis
2831 4118 2897 4163 ne
2928 4123 2990 4164 se
3012 4106 3360 4163 manifestum
3400 4108 3488 4163 fa-

1890 4210 2097 4256 cerent.
2152 4220 2173 4256 ι
2225 4201 2460 4269 Quinam
2511 4206 2669 4256 erant
2738 4199 3071 4257 Herodiani?
3131 4198 3231 4257 Vel
3285 4203 3488 4259 milites

1888 4293 2144 4359 Herodis,
2182 4294 2267 4350 vel
2293 4293 2518 4351 haeresis
2547 4294 2795 4366 quaedam
2819 4308 2995 4364 nuper
3024 4294 3314 4350 admodum
3339 4307 3485 4360 orta,

209 4379 477 4453 Ἡρώδου,
510 4380 544 4453 ἢ
578 4380 792 4452 αἵρεσίς
820 4398 902 4445 τις
938 4379 1225 4452 νεοφανὴς,
1261 4379 1659 4451 δογματίζουσα
1693 4378 1778 4432 τὸν

1892 4401 2015 4459 qua:
2064 4386 2291 4442 docebat
2344 4385 2613 4440 Herodem
2667 4384 2842 4455 ipsum
2893 4398 3017 4441 esse
3072 4384 3373 4451 Christum,
3419 4401 3488 4443 eo

204 4473 460 4546 Ἡρώδην
486 4474 648 4530 αὐτὸν
675 4470 817 4529 εἶναι
843 4475 934 4529 τὸν
967 4476 1227 4548 Χριστὸν,
1260 4474 1349 4529 διὰ
1396 4475 1459 4528 τδ
1493 4473 1583 4528 ἐπ’
1613 4474 1781 4533 αὑτοῦ

191 4567 373 4639 πέρας
420 4567 671 4635 δέξασθαι
708 4568 806 4642 τὴν
837 4568 949 4627 τῶν
999 4569 1306 4642 Ἰουδαϊκῶν
1357 4567 1625 4640 βασιλέων
1661 4568 1781 4623 δια-

190 4660 379 4731 δοχήν.
428 4659 488 4714 Ἠ
517 4662 627 4733 γὰρ
671 4662 980 4733 προφητεία
1025 4662 1117 4716 τοῦ
1165 4662 1361 4716 Ἰακὼϐ
1392 4662 1779 4733 διελάμϐανεν,

189 4751 285 4807 ὅτε
334 4753 677 4823 ἐκλείψουσιν
724 4757 772 4808 oi.
818 4755 878 4821 ἐξ
937 4754 1105 4813 Ἰούδα
1151 4756 1449 4827 ἄρχοντες,
1511 4756 1635 4809 τότε
1686 4756 1780 4809 τὸν

191 4846 435 4917 Χριστὸν
465 4848 659 4905 ἐλθεῖν.
703 4848 855 4903 Ἐπεὶ
882 4844 976 4904 οὖν
1004 4849 1096 4901 ἐπὶ
1135 4848 1243 4901 τῶν
1289 4845 1533 4917 Ἡρώδου
1572 4847 1779 4919 χρόνων

192 4937 375 5001 οὐδεὶς
412 4934 480 5009 ἦν
525 4938 815 5003 Ἰουδαῖκὺς
843 4939 1050 5010 ἄρχων,
1084 4939 1199 4993 ἀλλ’
1226 4940 1389 5003 αὐτὸς
1418 4935 1589 5010 ἦρχεν
1623 4939 1779 4993 ἀλλό-

193 5029 364 5099 φυλος
395 5029 493 5095 ῶν,
542 5031 838 5102 Ἰδουμαῖος
868 5034 978 5103 γὰρ
1012 5028 1103 5105 ἦν,
1136 5032 1397 5103 ὲνὸμισάν
1441 5049 1586 5096 τινες
1616 5032 1780 5086 αὐτὸν

192 5111 338 5170 εἶναι
370 5119 463 5172 τὸν
490 5120 746 5193 Χριστὸν,
779 5122 876 5175 καὶ
920 5122 1132 5192 αἵρεσιν
1178 5125 1601 5192 συνεστήσαντο,
1632 5116 1780 5187 οὗτοι

191 5208 380 5263 τοίνυν
441 5212 761 5284 ἐπεχείρουν
814 5212 1080 5269 ἀπολέσαι
1145 5214 1235 5268 τὸν
1297 5214 1525 5285 Κύριον.
1601 5214 1659 5268 ’0
1720 5214 1779 5267 δὲ

193 5304 501 5373 ἀναχωρεῖ·
536 5302 687 5358 οὔπω
712 5305 821 5378 γὰρ
861 5301 930 5375 ἦν
951 5306 981 5361 δ
1008 5309 1105 5361 τοῦ
1146 5307 1353 5370 πάθους
1386 5308 1598 5377 καιρός.
1626 5309 1778 5377 ’Ἅμα

192 5395 250 5454 δὲ
277 5395 375 5448 καὶ
405 5395 491 5447 ῖνα
530 5396 778 5460 πλείονας
805 5400 1168 5473 εὐεργετήσῃ,
1196 5400 1285 5455 διὰ
1314 5399 1476 5454 τοῦτο
1503 5400 1780 5470 ἀναχωρεῖ

192 5488 304 5541 ἀπὸ
342 5486 453 5539 τῶν
501 5488 835 5560 ἀγνωμόνων
861 5509 873 5521 ·
904 5496 1002 5548 καὶ
1052 5498 1161 5564 γάρ
1195 5492 1574 5565 ἠκολούθησαν
1626 5494 1777 5566 αύτῷ

190 5578 407 5640 πολλοὶ,
444 5582 541 5634 καὶ
576 5581 764 5635 ίάσατο
802 5584 1025 5650 αὐτοὺς,
1058 5585 1196 5638 ἀλλά
1227 5587 1323 5639 καὶ
1370 5586 1418 5638 0i
1454 5586 1643 5654 Τύριοι
1685 5586 1777 5639 καὶ

194 5672 243 5725 οἱ
291 5670 583 5738 Σιδώνιοι,
639 5674 927 5743 ἀλλόφυλοι
974 5675 1146 5741 ὄντες,
1199 5676 1527 5746 ὠφελοῦντο.
1590 5679 1652 5731 Oi
1718 5678 1775 5733 δὲ

264 5830 309 5861 ⁷⁸
339 5826 478 5883 Gen.
512 5832 769 5894 xux,10.

405 5924 680 5985 Parum.
718 5926 763 5986 Ο
779 5946 837 5987 ιι.
887 5928 1154 5997 CXXIII.

1890 4480 2034 4550 quod
2089 4478 2191 4535 sub
2238 4477 2331 4534 illo
2387 4475 2743 4535 Iudaicarum
2791 4492 2976 4549 regum
3014 4481 3289 4534 successio
3316 4480 3477 4535 tinem

1891 4571 2200 4639 habuisset,
2232 4573 2305 4626 ita
2332 4571 2475 4625 enim
2517 4571 2859 4641 exponebant
2890 4572 3229 4643 prophetiam
3286 4570 3479 4637 Jacob,

1892 4665 2107 4734 quando
2207 4662 2471 4719 defecturi
2552 4673 2739 4719 essent
2797 4676 2865 4718 ex
2958 4662 3096 4719 Juda
3187 4664 3483 4735 principes,

1890 4764 2024 4810 tunc
2092 4765 2375 4809 venturum
2456 4754 2735 4810 Christum
2803 4754 2871 4809 ⁷⁸.
2953 4753 3088 4809 Cum
3145 4756 3309 4824 igitur
3379 4755 3485 4812 He-

1892 4849 2038 4904 rodis
2109 4848 2442 4917 temporibus
2502 4846 2687 4904 nullus
2741 4862 2971 4918 usquam
3038 4856 3188 4903 esset
3226 4846 3485 4904 Judaicus

1889 4940 2165 5013 princeps,
2220 4940 2316 4995 sed
2386 4947 2637 5012 regnaret
2690 4938 2933 4995 Herodes
2976 4939 3301 5011 alienigena,
3355 4942 3483 4997 ldu-

1890 5047 2057 5087 mams
2130 5031 2274 5086 enim
2351 5040 2489 5096 erat,
2538 5030 2743 5100 opinati
2812 5039 2940 5085 sunt
3031 5031 3251 5100 quidam
3306 5033 3481 5101 ipsum

1887 5140 2008 5181 esse
2039 5124 2341 5189 Christum,
2372 5133 2426 5181 et
2460 5125 2753 5181 constituta
2788 5125 3021 5195 quadam
3056 5123 3293 5180 factione
3308 5136 3484 5182 atten-

1890 5227 2145 5274 laverunt
2200 5218 2428 5287 perdere
2491 5216 2800 5272 Dominum.
2852 5216 2974 5287 Ipse
3021 5227 3204 5273 autem
3254 5220 3480 5283 secedit,

1892 5311 2131 5366 nondum
2176 5311 2322 5366 enim
2355 5318 2474 5366 erat
2519 5311 2759 5381 patiendi
2791 5322 3024 5380 tempus.
3058 5309 3277 5367 interim
3307 5314 3481 5383 pluri-

1888 5403 1991 5459 bus
2028 5402 2432 5470 benefaciebat,
2486 5403 2554 5459 ab
2619 5403 2847 5474 ingratis
2890 5403 3216 5460 secedendo.
3264 5404 3479 5461 Etenim

1889 5496 2061 5551 secuti
2109 5506 2233 5552 sunt
2256 5510 2377 5551 eum
2409 5496 2585 5561 multi,
2617 5506 2671 5552 et
2711 5497 2923 5551 sanavit
2960 5496 3080 5552 illos
3112 5515 3125 5552 :
3154 5498 3285 5568 quin
3313 5499 3479 5555 etiam

1887 5588 2066 5659 Tyriis
2110 5600 2167 5643 et
2197 5588 2459 5656 Sidoniis,
2491 5588 2707 5643 tametsi
2738 5599 2923 5644 essent
2960 5588 3239 5662 allophyli,
3274 5590 3478 5663 prode-

1887 5690 1991 5735 rat.
2029 5678 2254 5751 Cognati
2295 5688 2472 5735 autem
2513 5680 2632 5752 ejus
2658 5695 2781 5735 eum
2814 5682 3298 5753 persequebantur.
3328 5683 3477 5739 Adeo

3128 5931 3193 5991 Π
