4080 6336
179 424 285 489 biit

893 417 1337 481 ENARRATIO
1376 417 1459 481 IN
1493 414 2008 479 ‘EVANGELIUM
2044 414 2308 476 MARCI.
2347 437 2417 451 -
2444 413 2603 475 CAP.
2646 412 2761 474 III.

3347 414 3456 480 526

185 540 237 592 οἰ
278 536 389 595 ἀπὸ
430 534 819 607 Ἰεροσολύμων
872 532 1235 599 καταϐάντες,
1267 532 1455 602 ἔλεγον
1483 533 1565 585 δτι
1610 531 1757 584 Βεελ-

1872 532 2011 587 bant
2039 529 2206 596 enim,
2244 526 2409 600 ιθθ
2432 525 2490 582 in
2525 526 2766 584 furorem
2794 539 2983 582 versus
3014 533 3117 581 est.
3152 521 3219 580 Et
3251 524 3456 584 Scriba:

181 628 375 693 ζεϐοὺλ
397 627 533 699 εχει,
568 625 665 681 καὶ
707 625 790 681 ὅτι
828 624 925 679 καὶ
977 627 1036 679 ὲν
1065 624 1145 696 τῷ
1178 626 1401 695 ἄρχοντι
1436 622 1546 680 τῶν
1572 622 1764 692 δαιμο-

181 717 311 771 νίων
348 715 602 773 ἐκϐάλλει
632 712 703 768 τά
748 713 1021 786 δαιμόνια.
1065 732 1084 765 s
1146 713 1537 777 Ἀκούσαντες,
1576 711 1763 782 φησὶν,

179 810 230 864 οἰ
261 810 393 880 παρ’
431 805 623 873 αὑτοῦ,
652 805 932 860 τουτέστιν
977 805 1025 860 οἰ
1057 805 1247 858 οἰκεῖοι
1283 802 1472 869 αὐτοῦ,
1524 803 1688 874 τυχὸν
1716 803 1766 855 οἰ

179 903 287 957 ἀπὸ
314 902 413 971 τῆς
445 900 617 968 αὐτῆς
670 897 969 970 πατρίδος,
1004 897 1039 967 ἢ
1073 898 1167 951 καὶ
1216 897 1266 949 οἰ
1307 894 1530 966 ἀδελφοὶ
1569 892 1762 959 αὑτοῦ,

177 993 400 1066 ιξῆλθον
442 991 717 1063 κρατῆσαι
742 989 925 1044 αὐτόν.
950 988 1178 1059 Ἔλεγον
1214 987 1344 1058 γὰρ,
1377 986 1461 1041 ὅτι
1512 982 1761 1055 Ἐξέστη·

176 1082 491 1149 τουτέστιν,
525 1082 608 1134 ὅτι
664 1079 908 1152 Δαίμονα
965 1078 1100 1151 εχει.
1150 1078 1468 1141 Ἀκούοντες
1537 1076 1649 1149 γὰρ
1683 1076 1763 1130 ὅτι

175 1172 430 1242 δαιμόνια
472 1170 749 1238 ἐκϐάλλει,
806 1171 903 1225 καὶ
951 1157 1145 1233 νόσους
1184 1170 1353 1237 ἰᾶται,
1410 1169 1522 1224 ἀπὸ
1565 1167 1762 1238 φθόνου

176 1263 428 1334 ἐνόμιζον
456 1264 539 1317 ὅτι
564 1264 798 1333 δαίμονα
826 1261 965 1334 ἔχει,
1006 1262 1103 1317 xal
1132 1260 1329 1334 ἐξέστη
1350 1278 1362 1292 ·
1405 1260 1529 1315 ὅθεν
1573 1260 1765 1334 ἠθελον

181 1331 456 1426 κραξῆσαι
482 1331 672 1422 αὐτὸν,
703 1355 779 1420 ὡς
809 1331 888 1408 ἂν
908 1354 1257 1426 δεσμήσωσιν
1286 1331 1363 1419 ῶς
1402 1331 1762 1425 δαιμονῶντα.

174 1446 283 1501 Kal
315 1448 366 1500 oi
399 1446 500 1518 μὲν
529 1446 661 1517 παρ’
693 1445 881 1513 αὑτοῦ,
921 1446 1223 1513 τουτέστιν,
1262 1449 1310 1501 οἰ
1342 1449 1532 1501 οἰκείοι
1571 1444 1762 1512 αὐτοῦ,

175 1536 375 1602 οὓτωςο
408 1538 609 1608 ὁμοίως
641 1538 699 1593 δὲ
750 1538 850 1593 καὶ
890 1538 941 1592 οἰ
971 1538 1083 1595 ἀπὸ
1140 1538 1535 1610 Ἰεροσολύμων
1573 1539 1764 1611 Γραμ-

178 1631 389 1701 ματεϊς,
424 1629 701 1700 δαιμόνιον
742 1630 889 1702 ἔχειν
938 1629 1103 1686 αὐτὸν
1140 1629 1348 1699 ελεγον.
1400 1629 1621 1702 Ἐπειδὴ
1652 1631 1763 1703 γὰρ

176 1721 475 1791 ἀντιλέγειν
501 1723 601 1778 οὐκ
640 1718 785 1793 εἶχον
824 1723 938 1787 τοῖς
971 1722 1282 1795 γινομένοις
1302 1761 1317 1789 ,
1368 1722 1540 1794 ἑτέρῳ
1570 1723 1761 1796 τρόπῳ

175 1813 553 1879 διαϐάλλουσιν
581 1814 744 1879 αὐτὰ,
772 1814 856 1867 ὅτι
888 1812 997 1867 ἀπὸ
1024 1812 1299 1884 δαιμόνων
1340 1812 1606 1882 γίνονται.
1650 1814 1651 1819 “

1869 622 1963 693 qui
1990 622 2059 678 ab
2088 620 2481 693 Hierosolymis
2505 620 2921 685 descenderant,
2973 616 3224 675 dicebant
3256 636 3270 673 :
3302 616 3459 673 Beel-

1869 714 2024 771 zehul
2074 714 2257 782 habet,
2306 722 2361 770 et
2409 727 2507 783 per
2564 712 2863 784 principem
2897 710 3284 767 dzemoniorum
3314 710 3461 779 ejicit

1869 808 2158 864 daemonia.
2203 827 2222 860 ι
2272 807 2409 863 Cum
2458 806 2761 871 audissem,
2820 796 3133 875 inquil,‘qui
3189 804 3256 861 ad
3305 805 3459 860 illum

1871 898 2196 962 attinebant,
2252 899 2356 952 hoc
2403 906 2489 951 est
2550 894 2842 953 necessarii
2870 895 3008 965 ejus,
3041 896 3179 950 forte
3202 896 3296 967 qui
3317 896 3465 967 ejus-

1869 992 1991 1047 dem
2016 996 2172 1048 erant
2200 990 2411 1060 patriae,
2442 990 2527 1045 vel
2549 989 2711 1045 etiam
2742 988 2943 1045 fratres
2970 988 3107 1059 ejus,
3138 991 3387 1045 exierunt
3407 998 3469 1069 ut

1869 1083 2391 1153 comprehenderent
2450 1096 2597 1137 eum.
2659 1080 2921 1138 Dicebant
2975 1082 3158 1149 enim,
3212 1086 3335 1152 quia
3400 1083 3459 1139 lu

1869 1171 2112 1227 furorem
2140 1184 2331 1226 versus
2369 1177 2474 1234 est,
2510 1169 2616 1224 hoc
2655 1178 2761 1237 est,
2800 1167 3108 1225 Damonem
3135 1168 3319 1225 habet.
3350 1173 3464 1225 Au-

1868 1263 2079 1318 dientes
2140 1261 2287 1318 enim
2344 1263 2488 1332 quod
2537 1259 2802 1316 daemonia
2858 1260 3103 1329 eliceret,
3146 1268 3201 1317 et
3242 1260 3463 1319 morbo's

1867 1361 2108 1421 sanaret,
2154 1368 2266 1422 prae
2301 1353 2504 1408 invidia
2548 1352 2912 1422 opinabantur
2955 1353 3096 1421 quod
3132 1353 3460 1410 dminonium

1868 1443 2114 1510 haberet,
2149 1452 2202 1499 et
2231 1441 2473 1498 furiosus
2508 1451 2656 1499 esset
2697 1460 2711 1498 :
2742 1443 2887 1498 unde
2922 1442 3463 1515 volebantcotnpre-

1868 1536 2105 1592 heuderc
2139 1535 2316 1598 illum,
2357 1545 2417 1589 ut
2441 1550 2565 1589 eum
2608 1544 2866 1605 tanquam
2900 1535 3288 1591 daemoniacum
3333 1536 3464 1608 liga-

1866 1636 2008 1684 rent.
2038 1626 2106 1683 Et
2154 1626 2452 1683 familiares
2482 1627 2600 1699 ejus
2644 1627 2727 1683 sic
2768 1626 2989 1708 quidam
3017 1628 3269 1697 agebant,
3310 1628 3463 1685 simi-

1864 1719 1990 1777 liter
2013 1730 2192 1776 autem
2219 1730 2273 1776 et
2302 1718 2507 1777 Scriba
2529 1720 2822 1786 faciebant,
2851 1720 2946 1792 qui
2967 1719 3034 1775 ab
3064 1719 3461 1792 Hierosolymis

1863 1812 2278 1879 descenderant,
2343 1812 2673 1869 daemonium
2718 1813 2895 1884 ipsum
2952 1812 3153 1869 habere
3191 1815 3461 1888 dicentes.

177 1907 311 1963 Cum
334 1909 481 1965 enim
510 1923 615 1964 non
640 1907 1259 1977 possentcontradiccre
1296 1907 1379 1977 bis
1422 1906 1797 1976 quatiebant,
1836 1904 1948 1960 alio
2014 1906 2175 1962 modo
2228 1904 2525 1975 arguebant
2576 1920 2662 1976 ea,
2709 1918 2903 1976 nempe
2950 1906 3093 1977 quod
3126 1920 3154 1962 a
3181 1906 3462 1963 daemoniis

179 2001 390 2058 tierent.

249 2114 273 2148 ε
310 2095 422 2151 Kal
468 2094 988 2169 προσκαλεσάμενος
1042 2095 1263 2159 αὐτοὺς,
1315 2097 1374 2150 έν
1425 2095 1757 2168 παραϐολαῖς

1941 2094 2107 2151 Vens.
2160 2093 2232 2151 εδ
2265 2092 2356 2148 s7.
2404 2110 2423 2145 ι
2466 2072 2649 2149 Ειέιι
2688 2106 2748 2148 se
2795 2092 3008 2149 vocatis
3037 2092 3164 2159 illis,
3202 2092 3259 2149 in
3300 2108 3462 2165 para-

178 2190 365 2259 ἐὶεγεν
392 2191 575 2253 αὐτοῖς
592 2206 606 2221 ο
639 2189 761 2253 Πῶς
786 2189 1014 2243 δύναται
1038 2189 1285 2253 Σατανᾶς
1302 2189 1765 2245 Σατανᾶνὲκϐάλο

178 2284 320 2351 λειν;
357 2282 468 2338 Καὶ
532 2282 628 2337 ἐὰν
697 2282 948 2354 βασιλεία
994 2281 1082 2352 ἐφ’
1129 2283 1329 2353 ἑαυτὴν
1391 2284 1650 2353 μερισθῇ,
1699 2283 1761 2337 οὐ

174 2375 399 2432 δύναται
430 2373 691 2445 σταθῆναι
721 2376 755 2445 ἠ
798 2373 1048 2445 βασιλεία
1094 2374 1302 2445 ἐκείνη.
1335 2375 1449 2429 Καὶ
1492 2375 1587 2429 ἐὰν
1614 2375 1762 2431 οἰκία

176 2468 500 2540 ιφτέαυτὴν
554 2468 813 2539 μερισθῇ,
865 2468 926 2521 οὐ
958 2466 1183 2524 δύναται
1234 2467 1499 2538 σταθῆναι
1542 2470 1575 2538 ἡ
1606 2468 1759 2523 οἰκία

90 2625 92 2627 ς
175 2561 381 2631 ικείνη.
423 2560 535 2616 Kal
577 2561 626 2613 si
673 2563 701 2614 ό
732 2560 979 2623 Σα¹τανᾶς
1011 2560 1214 2630 ἀνέστη
1250 2561 1339 2630 ἐφ’
1397 2560 1614 2627 ἑαυτὸν,
1667 2560 1761 2614 καὶ

180 2655 537 2725 μεμέρισται,
567 2652 630 2705 οὐ
676 2650 901 2707 δύναται
937 2651 1226 2723 σταθῆναι,
1256 2651 1393 2706 ἀλλὰ
1420 2652 1575 2717 τέλος
1616 2653 1756 2723 ἔχει.

180 2743 370 2807 Οὐδεὶς
395 2742 622 2798 δύναται
651 2742 726 2797 τὰ
769 2742 939 2814 σκεύη
969 2742 1066 2797 τοῦ
1121 2742 1348 2816 ἰσχυροῦ
1376 2742 1635 2797 εἰσελθὼν
1680 2745 1762 2807 εἰς

173 2834 272 2908 τὴν
322 2835 502 2892 οἰκίαν
552 2833 719 2888 αὑτοῦ
771 2834 1107 2906 διαρπάσαι,
1146 2822 1366 2906 ἐὰνμὴ
1420 2836 1639 2907 πρῶτον
1669 2836 1760 2890 τὸν

179 2927 398 3001 ἰσχυρὸν
417 2928 577 3002 δήσῃ,
604 2930 700 2982 καὶ
724 2927 844 2983 τότε
870 2927 967 2999 τὴν
991 2928 1171 2982 οἰκίαν
1192 2926 1360 2982 αὐτοῦ
1384 2928 1696 3000 διαρπάσει.
1734 2948 1752 2980 ι

186 3022 321 3078 Ἀπὸ
353 3022 814 3095 παραδειγμάτων
848 3024 1267 3094 άναντιρῤήτων
1305 3023 1607 3095 ἀνατρέπει
1633 3025 1759 3087 τοὺς

175 3114 479 3186 βασκάνους
530 3115 841 3179 Ἰουδαίους.
910 3114 1037 3183 Πῶς
1101 3116 1234 3187 γὰρ,
1306 3116 1477 3187 φησι,
1534 3116 1760 3172 δυνατὸν

171 3206 405 3278 δαίμονα
452 3206 716 3279 δαίμονας
772 3207 1106 3276 emanant;
1142 3207 1335 3279 ῶσπερ
1392 3210 1487 3263 καὶ
1535 3210 1596 3263 ἐν
1640 3212 1759 3275 ταῖς

171 3299 375 3363 οἰκίαις
405 3297 644 3371 ὁρῶμεν,
673 3296 779 3363 ἕως
811 3298 913 3370 μὲν
942 3298 1320 3369 εἰρηνεύουσιν
1343 3300 1389 3353 οἰ
1420 3300 1478 3352 ὲν
1507 3298 1755 3368 ταύταις,

175 3389 562 3453 συνίστανταιο
606 3392 694 3446 ἔπ’
744 3391 811 3449 ἂν
882 3391 940 3445 δὲ
993 3391 1317 3464 μερισθῶσι,
1371 3393 1757 3457 καταλύονται.

171 3480 299 3547 Πῶς
333 3482 419 3549 δὲ,
456 3483 613 3554 φησὶ,
651 3482 875 3538 δύναταί
916 3501 1000 3549 τις
1037 3487 1107 3541 τὰ
1158 3484 1329 3558 σκεύη
1382 3486 1480 3540 τοῦ
1534 3487 1759 3560 ἰσχυροῦ

171 3570 506 3644 διαρπάσαι,
545 3572 644 3629 ἐὰν
707 3573 785 3646 μὴ
837 3574 1107 3647 πρότερον
1149 3570 1319 3632 ἀὑτὸν
1370 3576 1548 3654 δήσῃς
1594 3580 1659 3635 "0
1701 3580 1759 3636 δὲ

156 3659 345 3734 λέγει,
372 3661 819 3719 τοιοῦτόνδστιν·
863 3665 1135 3743 Ίσχυρδς,
1169 3668 1198 3722 ό
1222 3666 1464 3739 δαίμων·
1500 3672 1669 3744 σκεύη
1702 3672 1759 3726 δὲ

116 3820 119 3823 _
168 3748 365 3829 αὑποῦ,
414 3752 464 3805 οἰ
490 3750 777 3825 ἄνθρωποι
822 3754 873 3808 οἰ
924 3755 1232 3828 χωροῦντες
1262 3758 1445 3815 αὐτόν.
1492 3760 1619 3817 Ἐὰν
1669 3760 1761 3816 οὖν

170 3841 248 3915 μὴ
272 3838 546 3918 ipsum»;
579 3844 717 3919 δήσῃ
762 3862 846 3912 τις
879 3847 972 3901 τὸν
1017 3848 1271 3921 δαίμονα,
1324 3852 1419 3907 καὶ
1451 3852 1756 3927 καταλύσῃ,

116 3980 117 3983 η
168 3928 285 3998 πῶς
309 3933 383 3990 τά
416 3935 586 4007 σκεύη
620 3936 808 4005 αὐτοῦ,
834 3936 965 4005 τοὺς
995 3941 1370 4012 δαιμονῶντας
1405 3943 1569 4016 λέγω,
1601 3946 1757 4017 διαρ-

167 4024 333 4084 πάσει
367 4025 429 4094 ιε
460 4027 664 4095 αὐτοῦ;
690 4029 853 4085 ’Ὥστε
886 4033 1009 4086 ἰπεὶ
1036 4032 1148 4103 εγὼ
1176 4034 1465 4109 διαρπάζω
1493 4029 1560 4093 τὰ
1587 4038 1756 4106 σκεύη

166 4115 359 4185 αὐτοῦ,
412 4117 714 4185 τουτέστιν,
763 4120 1244 4195 ἐλευθερῶνηιτοὺς
1297 4127 1617 4202 ἀνθρώπους
1652 4130 1758 4185 ἀπὸ

166 4206 259 4261 τοῦ
286 4208 618 4280 δαῳονικοῦ
654 4211 892 4276 πάθους,
922 4214 1192 4287 πρότερον
1225 4218 1412 4273 λοιπὸν
1453 4221 1620 4293 ἔδησα
1660 4224 1757 4277 καὶ

166 4296 622 4368 κατέλυσαξτοὺς
669 4304 952 4376 δαίμονας,
1002 4310 1098 4363 καὶ
1148 4309 1342 4382 ἐχθρὸς
1380 4313 1563 4368 αὐτῶν
1615 4317 1752 4386 εἰμι.

167 4390 292 4456 Πῶς
317 4390 418 4448 οὖν
447 4386 611 4465 ὑμεῖς
633 4386 821 4461 λέγετε
847 4396 925 4449 ὅτι
959 4396 1290 4462 Βεελςεὸοὺλ
1323 4400 1452 4471 ἔχω,
1482 4403 1750 4470 τουτέστι,

162 4481 443 4554 δαιμόνων
457 4482 610 4553 φίλος
629 4482 705 4539 ῶν
727 4484 822 4538 καὶ
845 4486 1040 4557 μάγος.
1062 4482 1451 4556 ἐκϐάλλωτοὺς
1471 4493 1751 4565 δαίμονας;

236 4680 257 4714 ε
293 4661 474 4735 ’Δμήν
501 4635 647 4731 λέγω
676 4664 805 4735 ὑμῖν
824 4664 907 4717 ὅτι
932 4666 1109 4721 πάντα
1137 4668 1469 4740 ἀφεθήσεται
1491 4673 1558 4726 τὰ
1576 4674 1753 4744 ἁμαρ-

1784 3442 1833 3509 ο

1868 2189 2010 2246 bolis
2053 2187 2270 2244 dicebat
2313 2186 2420 2242 illis
2462 2184 2787 2254 :Quomodo
2844 2194 3021 2257 potest
3072 2184 3306 2243 Satanas
3352 2185 3481 2242 δον

1869 2284 2048 2336 tanam
2104 2276 2447 2350 ejicereiEt
2476 2277 2522 2333 si
2569 2292 2794 2348 regnum
2850 2276 3114 2333 adversus
3167 2292 3287 2333 sese
3317 2278 3463 2333 divi-

1864 2387 1986 2429 sum
2030 2370 2215 2438 fuerit,
2276 2384 2383 2425 non
2435 2378 2614 2441 potest
2646 2379 2793 2426 stare
2848 2372 3075 2442 regnum
3102 2368 3273 2438 illud;
3327 2381 3383 2427 et
3414 2373 3459 2427 si

1864 2465 2059 2521 domus
2082 2470 2276 2519 contra
2298 2462 2534 2535 seipssm
2564 2462 2733 2518 divisa
2768 2460 2950 2529 fuerit,
2982 2474 3091 2517 non
3115 2471 3292 2534 potest
3314 2472 3460 2519 stare

1865 2558 2060 2614 domus
2089 2557 2229 2625 illa;
2286 2557 2414 2614 etsi
2473 2555 2706 2616 Satanas
2765 2548 3125 2613 insurrexerit
3196 2556 3460 2635 adversus

1864 2651 2240 2721 semetipsum,
2304 2665 2369 2706 ac
2413 2649 2625 2706 divisus
2669 2658 2774 2716 est,
2828 2666 2934 2706 non
2962 2659 3138 2722 potest
3167 2659 3343 2717 stare,
3365 2655 3458 2707 sed

1865 2741 2029 2798 habet
2057 2740 2247 2797 tinem.
2301 2740 2419 2797 Non
2455 2750 2637 2813 potest
2667 2742 2957 2813 quisquam
2992 2756 3113 2799 vasa
3154 2740 3335 2809 fortis,
3371 2742 3458 2798 in-

1863 2848 2083 2905 gressus
2112 2836 2165 2890 in
2196 2835 2416 2893 domum
2452 2835 2621 2902 illius,
2652 2834 2914 2906 diripere,
2947 2836 3048 2891 nisi
3072 2836 3223 2907 prius
3261 2834 3455 2892 fortem

1863 2926 2133 3000 alligarit,
2179 2936 2234 2984 et
2265 2937 2394 2983 tunc
2420 2928 2641 2985 domum
2678 2928 2820 2985 illius
2838 2930 3084 2998 diripiet.
3119 2947 3139 2981 ι
3174 2929 3457 3000 Exemplis

1862 3018 2059 3089 quibus
2104 3019 2404 3077 contradici
2461 3034 2566 3075 non
2627 3029 2861 3092 poterat,
2912 3021 3080 3077 vineit
3124 3022 3337 3078 invidos
3361 3020 3457 3077 Ju-

1863 3110 2031 3168 dwos.
2077 3109 2362 3177 Quomodo
2412 3110 2580 3179 enim,
2621 3111 2819 3183 inquit,
2847 3112 3108 3184 possibile
3132 3124 3214 3169 est
3247 3113 3455 3169 daemo-

1863 3218 1986 3259 nem
2014 3204 2288 3261 daemones
2312 3202 2553 3277 ejicere?
2580 3207 2722 3262 sicut
2746 3216 2802 3261 et
2832 3206 2885 3261 in
2911 3205 3160 3263 domibus
3184 3206 3454 3273 videmus,

1862 3298 2101 3367 quandiu
2166 3298 2375 3369 pacitlci
2424 3303 2575 3364 sunt,
2619 3300 2761 3355 bene
2825 3299 3029 3356 habent
3055 3298 3109 3355 hi
3137 3300 3228 3370 qui
3261 3300 3315 3355 in
3348 3300 3456 3355 illis

1861 3396 2033 3443 sunt:
2068 3386 2283 3457 quando
2331 3399 2512 3443 autem
2561 3387 2721 3445 divisi
2775 3389 3002 3456 fuerint,
3066 3390 3453 3447 destruuntur.

1865 3479 2148 3549 Quomodo
2185 3490 2390 3549 autem,
2417 3482 2609 3550 inquit,
2642 3490 2822 3553 potest
2877 3483 3001 3553 quis
3046 3482 3285 3554 diripere
3323 3500 3451 3542 vaSa

1862 3570 2041 3638 fortis,
2084 3571 2191 3627 nisi
2246 3573 2395 3643 prius
2415 3571 2566 3627 illum
2626 3572 2899 3629 vinxerit?
2973 3572 3243 3631 Caeterum
3310 3580 3454 3647 quod

1860 3664 2013 3733 dicit,
2045 3661 2152 3719 hoc
2177 3661 2282 3719 sibi
2315 3662 2459 3717 vult:
2488 3661 2672 3719 Fortis
2695 3673 2778 3719 est
2802 3664 3049 3720 dremon:
3081 3680 3211 3723 vasa
3266 3676 3448 3724 autem
3540 3732 3541 3735 η

1860 3754 1997 3824 ejus,
2052 3754 2301 3811 homines
2332 3763 2458 3811 sunt
2509 3754 2601 3825 qui
2657 3756 2725 3809 ab
2786 3754 2878 3812 illo
2937 3766 3213 3815 tenentur.
3263 3757 3454 3831 Itaque

1863 3848 1968 3903 nisi
2030 3847 2155 3918 quis
2204 3847 2357 3917 prius
2440 3846 2621 3919 alliget
2696 3848 2998 3905 daemonem
3064 3860 3121 3907 et
3184 3852 3451 3918 destruat,

1860 3940 2134 4009 quomodo
2183 3953 2312 3995 vasa
2337 3938 2455 4009 eius
2485 3942 2552 3997 ab
2586 3954 2651 3997 eo
2682 3940 2926 3997 auferet?
2956 3943 3342 4009 dmmonlacos.
3368 3945 3440 3999 in-

1860 4045 2045 4105 quam.
2084 4031 2321 4104 Proinde
2349 4032 2473 4104 quia
2501 4048 2602 4105 ego
2626 4049 2751 4091 vasa
2792 4035 2910 4106 ejus
2964 4034 3181 4107 diripio,
3215 4038 3320 4095 hoc
3367 4052 3449 4095 est

1861 4121 2031 4179 libero
2058 4122 2310 4179 homines
2333 4124 2401 4179 ab
2437 4120 2724 4180 aﬂ‘ectione
2752 4123 3107 4190 daemoniaca.
3160 4137 3449 4185 consenta-

1861 4229 2024 4270 neum
2074 4216 2332 4286 estquod
2380 4215 2615 4286 primum
2672 4216 2954 4288 ligaverim
2988 4227 3042 4274 et
3078 4220 3446 4275 destruxerim

1860 4306 2155 4372 demoues,
2182 4316 2239 4364 et
2272 4305 2525 4363 inimicus
2560 4309 2774 4365 illorum
2813 4310 2939 4367 sim.
2976 4310 3256 4379 Quomodo
3282 4314 3449 4385 igitur

1860 4413 1955 4454 vos
2006 4399 2188 4456 dicitis
2219 4400 2360 4470 quod
2405 4397 2689 4467 Beelzebul
2730 4401 2979 4471 habeam,
3027 4406 3128 4461 hoc
3173 4415 3279 4473 est,
3323 4422 3446 4463 cum

1858 4491 2068 4547 arnicus
2127 4491 2228 4545 sim
2295 4492 2599 4547 daemonum
2662 4504 2717 4551 et
2790 4510 3017 4567 magus,
3068 4497 3285 4569 ejiciam
3341 4503 3437 4554 (Eze-

1859 4583 2083 4640 ruones?
2808 4634 2815 4637 _

1922 4677 2093 4734 Vens.
2121 4677 2312 4734 28-50.
2345 4698 2363 4730 ι
2397 4682 2565 4734 Amen
2598 4681 2718 4735 dico
2744 4680 2919 4749 vobis,
2947 4697 3127 4739 omnia
3156 4686 3445 4742 remitten-

167 4754 391 4852 τίλματα
428 4755 545 4852 τοίς
594 4755 731 4818 uini;
762 4755 873 4809 τῶν
906 4756 1232 4829 ἀνθρώπων,
1270 4760 1363 4840 καὶ
1412 4762 1751 4836 βλασφημίαι

1866 4779 1951 4825 tur
1972 4768 2102 4829 ﬁliis
2131 4773 2411 4828 hominum
2441 4784 2657 4843 peccata
2688 4784 2741 4829 et
2774 4776 3007 4831 convitia
3030 4778 3446 4852 quibuscunque

166 4839 292 4903 ὅσας
346 4840 416 4895 ἂν
465 4841 954 4915 βλασφημήσωσιν,
1017 4848 1115 4911 ’ος
1162 4850 1209 4902 δ’
1261 4852 1328 4904 ἂν
1380 4853 1752 4929 βλασφημήσῃ

167 4934 240 4997 εἰς
286 4934 350 4989 τὸ
389 4933 621 5013 Πνέεῦμα
668 4938 728 4988 τὸ
757 4936 930 5007 ἅγιον,
982 4940 1084 4993 οὑκ
1130 4942 1241 5013 ἔχει
1289 4945 1484 5015 ἄφεσιν
1534 4951 1611 5011 εἰς
1658 4950 1751 5001 τὸν

167 5025 358 5093 αἰῶνα,
388 5026 511 5081 ἀλλ’
560 5027 743 5098 ἔνοχός
778 5031 926 5084 ἔστιν
954 5035 1175 5091 αἰωνίου
1212 5038 1484 5108 κρίσεως*
1520 5042 1601 5102 ὃτι
1636 5042 1750 5095 ελε-

169 5136 276 5187 γον,
342 5120 577 5191 Πνεῦμα
612 5123 923 5194 ἀκάθαρτον
952 5126 1086 5196 ἔχει.
1122 5146 1141 5180 s
1184 5128 1437 5184 Τοιοῦτόν
1483 5132 1536 5185 τί
1586 5152 1751 5205 φησιν

168 5212 400 5266 ἰνταῦθα
425 5228 440 5243 ·
470 5213 613 5268 Ὅσα
636 5217 733 5285 μὲν
777 5217 910 5271 ἄλλα
949 5220 1353 5295 ἁμαρτάνουσιν
1371 5226 1420 5277 οἰ
1449 5226 1746 5297 ἄνθρωποι,

173 5307 323 5377 τυχὸν
354 5308 540 5379 ἔχοιεν
570 5308 637 5363 ἂν
670 5309 763 5362 καὶ⁵
794 5314 1234 5382 προφασίσασθαι
1266 5334 1339 5381 τι,
1367 5319 1460 5371 καὶ
1500 5322 1745 5389 συγγνώε-

165 5416 272 5471 μης
301 5404 519 5473 τυχεῖν,
563 5402 657 5455 τοῦ
699 5403 835 5457 Θεοῦ
883 5409 947 5479 τῇ
982 5407 1094 5463 τῶν
1140 5410 1447 5482 ἀνθρώπων
1490 5414 1744 5487 ἀσθενείᾳ

165 5491 718 5561 συγκαταϐαίνοντος,
774 5492 918 5551 οἷον·
965 5499 1151 5569 ἔλεγον
1184 5504 1275 5555 τὸν
1335 5505 1539 5575 Κύριον
1581 5509 1752 5577 φάγον

164 5587 255 5638 καὶ
326 5587 643 5658 οἰνοπότην,
702 5589 856 5657 φίλον
921 5594 1169 5647 τελωνῶν
1236 5597 1330 5649 καὶ
1387 5598 1751 5666 ἁμαρτωλῶν,

166 5678 505 5751 συγγνώμης
539 5680 935 5752 ἀξιωθήσονται
981 5686 1074 5737 ἐπὶ
1121 5687 1327 5759 τούτῳο
1371 5690 1500 5743 ὅταν
1542 5690 1599 5741 δὲ
1633 5690 1751 5760 βλέ-

166 5784 354 5834 ποντες
379 5770 549 5825 αὑτὸν
574 5770 829 5842 θαύματα
854 5774 1073 5839 ἐξαίσια
1097 5778 1484 5851 ἐργαζόμενον,
1504 5780 1755 5854 βλασφη-

168 5858 308 5915 νῶσι
339 5863 401 5916 τὸ
429 5862 682 5934 Πνεῦμα,
716 5866 986 5937 τουτέστι,
1014 5869 1113 5935 τὰς
1143 5870 1229 5927 διὰ
1259 5870 1351 5927 τοῦ
1399 5873 1553 5942 ἁγίου
1580 5874 1755 5930 Πνεύ-

1856 4856 2131 4923 ιοοηνὶιὶίιιί
2182 4866 2422 4923 fuerint:
2453 4878 2508 4923 at
2548 4868 2638 4938 qui
2666 4870 2959 4924 convitium
2993 4872 3194 4928 dixerit
3228 4873 3280 4929 in
3308 4873 3442 4945 Spi-

1856 4956 2017 5011 ritum
2042 4964 2312 5025 sanctum,
2342 4973 2448 5011 non
2480 4958 2643 5013 habet
2672 4960 3045 5017 remissionem
3070 4964 3123 5017 in
3147 4972 3440 5031 aeternum.

1855 5047 1949 5103 sed
2007 5049 2280 5104 obnoxius
2331 5060 2415 5105 est
2475 5060 2680 5105 aeterno
2729 5052 2932 5121 judicio
2968 5054 3135 5123 :quia
3172 5056 3443 5122 dicebant,

1854 5138 2118 5209 Spiritum
2144 5140 2479 5197 immundum
2505 5144 2684 5200 habet.
2720 5164 2737 5197 ι
2759 5144 2888 5201 Tale
2908 5149 3169 5218 quiddam
3200 5151 3444 5209 hooviocn

1855 5234 1981 5286 dicit
2018 5251 2031 5287 :
2065 5232 2408 5304 Quaecunque
2435 5237 2537 5291 alia
2568 5241 2908 5308 peccm'erint
2943 5243 3209 5311 homines,
3241 5236 3443 5301 habent

1856 5322 1994 5379 forte
2019 5327 2159 5395 quod
2190 5338 2490 5397 praetexam
2519 5339 2572 5383 et
2605 5331 2819 5386 veniam
2858 5346 3281 5405 consequantur,
3331 5339 3441 5394 Deo

1856 5418 1907 5470 id
1941 5420 2284 5474 contionante
2310 5421 2558 5475 humanae
2585 5421 2887 5479 infirmitati
2918 5448 2931 5481 :
2962 5439 3021 5481 ut
3047 5432 3277 5500 exempli
3313 5448 3437 5505 gra-

1855 5511 1946 5574 ιξει,
1977 5512 2232 5566 dicebant
2260 5512 2424 5583 189
2447 5512 2725 5571 Christum
2748 5516 3052 5577 helluonem
3077 5532 3131 5579 et
3160 5524 3438 5592 bibonem,

1852 5604 2085 5656 arnicum
2145 5604 2554 5673 publicanorum
2617 5616 2673 5663 et
2711 5624 3082 5680 peccatorum,
3123 5616 3177 5672 in
3212 5618 3301 5673 illo
3343 5635 3437 5677 ve-

1854 5698 1995 5748 niam
2071 5706 2430 5765 assequentur
2461 5718 2471 5751 :
2504 5702 2722 5769 quando
2773 5718 2951 5759 autem
3010 5710 3253 5766 videntes
3308 5728 3435 5768 eum

1852 5787 2068 5853 Operuri
2134 5789 2397 5845 miracula
2449 5792 2775 5861 indubitata,
2816 5799 3234 5871 blasphemnrint
3264 5805 3432 5878 Spiri-

1853 5881 1988 5939 tum,
2047 5877 2146 5933 hoc
2201 5889 2281 5937 est
2337 5882 2472 5939 mira
2528 5895 2693 5952 opera
2741 5904 2836 5960 per
2870 5890 3127 5963 Spiritum
3178 5877 3429 5955 sanctum
