4080 6336
235 390 345 454 ἱὶέθ

947 383 1398 446 ENARRATIO
1441 381 1525 443 IN
1555 378 2059 445 EVANGELIUM
2098 373 2358 437 MARCI.
2402 396 2472 408 --
2501 370 2657 433 CAP.
2704 368 2806 430 IV.

3403 354 3509 420 530

235 502 321 563 είς
350 500 450 570 τὴν
494 498 598 569 γῆν
626 499 724 569 τὴν
766 496 958 569 καλὴν,
985 500 1081 552 καὶ
1116 498 1290 552 ἐδίδου
1328 496 1542 570 καρπὸν
1586 496 1822 552 ἀναϐαί-

1939 494 2163 549 fructum
2195 504 2299 544 non
2340 485 2509 542 dedit.
2537 484 2605 540 Et
2647 482 2794 538 aliud
2833 476 3031 536 cecidit
3068 475 3121 531 in
3182 480 3381 529 terram
3410 472 3510 530 bo~

235 608 403 644 νοντα
443 593 533 643 καὶ
572 588 896 655 αὐξάνοντα,
932 591 1027 644 καὶ
1058 591 1255 660 ἔφερεν
1282 588 1344 644 ἓν
1376 591 1691 660 τριάκοντα,
1726 590 1822 643 καὶ

238 684 301 736 ἓν
326 684 614 753 ἑξήκοντα,
648 684 741 737 καὶ
769 681 827 735 ἓν
875 682 1091 735 ἑκατόν.
1130 684 1240 736 Καὶ
1269 682 1455 751 ἔλεγεν
1485 684 1673 745 αὐτοῖς
1699 694 1714 709 ⁶
1761 681 1822 733 '0

242 778 383 849 ἔχων
406 769 521 831 ὦτα
543 775 784 839 ἀκούειν,
825 775 1096 829 ἀκουέτω.
1129 776 1259 829 Ὅτε
1294 769 1360 828 δὲ
1382 776 1600 843 ἐγένετο
1652 792 1822 827 κατα-

245 871 434 940 μόνας,
475 867 773 938 ἠρώτησαν
833 868 998 921 αὑτὸν
1047 870 1095 921 oi
1153 867 1285 936 περὶ
1338 868 1501 921 αὑτὸν
1541 868 1640 920 σὺν
1706 869 1822 930 τοῖς

238 961 453 1015 δώδεκα
482 960 579 1032 τὴν
640 959 974 1031 παραόολὴν,
1031 959 1124 1013 καὶ
1163 958 1348 1026 ἔλεγεν
1386 960 1568 1022 αὐτοῖς
1604 972 1618 987 ⁶
1656 959 1820 1029 Ὑμῖν

239 1054 456 1112 δέδοται
479 1054 682 1122 γνῶναι
699 1054 759 1106 τὸ
795 1054 1098 1125 μυστήριον
1125 1056 1220 1121 τῆς
1254 1052 1532 1122 βασιλείας
1552 1053 1645 1107 τοῦ
1665 1054 1822 1121 Θεοῦ,

240 1148 475 1207 ἐκείνοις
505 1144 563 1198 δὲ
600 1148 712 1209 τοῖς
742 1144 867 1209 ἔξω,
895 1145 952 1198 ὲν
976 1143 1315 1214 παραϐολαῖς
1357 1147 1425 1198 τὰ
1465 1146 1643 1201 πάντα
1675 1145 1827 1214 γίνε-

241 1251 356 1306 ται,
398 1242 481 1294 ἵνα
538 1240 845 1312 βλέποντες,
902 1240 1165 1311 βλέπωσι,
1216 1240 1309 1293 καὶ
1365 1240 1440 1311 μὴ
1488 1242 1662 1307 ἴδωσι,
1728 1242 1825 1295 xa‘t

242 1334 560 1397 ἀκούοντες,
584 1333 844 1394 ἀκούωσι,
873 1334 967 1385 καὶ
996 1330 1070 1403 μὴ
1095 1332 1323 1395 συνῶσι,
1351 1333 1562 1402 μήποτε
1584 1331 1829 1401 ἐπιστρέ-

243 1423 416 1492 ψωσι,
449 1425 541 1475 καὶ
576 1422 750 1491 ἀφεθῇ
787 1421 969 1484 αὐτοῖς
1006 1420 1078 1473 τὰ
1103 1422 1501 1492 ἁμαρτήματα.
1536 1440 1554 1472 ›
1593 1421 1827 1491 Πρώτην

244 1514 458 1584 ταύτην
487 1517 585 1583 τὴν
616 1511 932 1585 παραϐολὴν
963 1512 1145 1582 τίθησι
1166 1512 1266 1584 τὴν
1297 1530 1362 1566 πε
1374 1514 1429 1583 pi.
1461 1512 1556 1566 τοῦ
1598 1514 1825 1585 σπόρου,

248 1600 337 1659 ἵνα
367 1606 566 1677 ποιήσῃ
594 1603 1132 1675 προσεκτικωτέρους
1167 1607 1293 1668 τοὺς
1321 1606 1624 1675 ἀκροατάς.
1670 1606 1827 1660 Ἐπεὶ

248 1698 365 1769 γὰρ
402 1698 584 1767 μέλλει
634 1700 809 1752 εἰπεῖν
838 1700 921 1752 ὅτι
954 1700 982 1753 6
1038 1698 1239 1769 σπόρος
1271 1702 1420 1753 ἐστὶν
1450 1701 1477 1753 6
1510 1700 1689 1769 λόγος,
1721 1703 1824 1769 ἑμ-

248 1785 434 1841 πεσὼν
450 1786 508 1841 δὲ
528 1788 609 1848 είς
628 1787 1069 1857 ἀπροσκέπτους,
1091 1788 1396 1861 φθείρεται,
1424 1789 1616 1843 τούτου
1643 1789 1831 1843 ἕνεκεν

246 1878 360 1950 πρὸ
408 1878 520 1932 τῶν
563 1878 739 1934 ἀλλων
769 1880 839 1933 τὰ
880 1879 1106 1935 τοιαῦτα
1143 1881 1314 1948 λέγει,
1348 1880 1426 1943 ὡς
1472 1881 1539 1936 ἀν
1598 1882 1832 1938 σπονδά-

246 1986 421 2023 σωσιν
453 1972 501 2021 οί
533 1971 800 2040 ἀκροαταὶ
831 1969 909 2040 μὴ
943 1971 1128 2042 ἐκείνῃ
1170 1974 1238 2041 τῇ
1272 1973 1343 2041 γῇ
1398 1969 1735 2043 ὁμοιωθῆναι
1763 1974 1829 2043 τῇ

243 2061 345 2114 τὸν
386 2062 586 2132 σπόρον
618 2061 1031 2134 διαφθειρούσῃ.
1067 2063 1164 2125 Τίς
1210 2059 1304 2115 οὖν
1331 2063 1478 2115 ἐστὶν
1505 2064 1534 2116 6
1559 2064 1830 2136 σπείρων;

246 2150 417 2213 αὐτὸς
459 2153 487 2203 6
516 2151 775 2220 Χριστὸς,
814 2150 871 2214 6;
899 2151 1122 2220 ἐξῆλθεν
1172 2152 1237 2204 ἐκ
1287 2152 1396 2205 τῶν
1457 2152 1677 2206 κόλπων
1723 2152 1834 2206 τῶν

250 2238 546 2305 [ἰατρικῶν
581 2239 965 2311 φιλανθρωπίᾳ
998 2241 1093 2293 καὶ
1125 2242 1538 2308 συγκαταόάσει
1567 2242 1829 2312 ἀνεκφοι-

244 2330 453 2400 τήτως.
493 2329 715 2400 Ἐξῆλθε
740 2331 797 2395 δὲ
814 2333 912 2399 οὐχ
937 2330 1025 2384 ἵνα
1074 2333 1339 2404 ἐμπρήσῃ
1368 2333 1467 2401 τὴν
1508 2332 1832 2402 κατηραμέ-

250 2436 359 2486 νην
376 2418 501 2486 γῆν,
533 2420 627 2472 καὶ
652 2420 748 2480 τὰς
772 2422 1015 2490 πονηρὰς
1052 2422 1277 2491 καρδίας
1302 2438 1315 2451 ·
1351 2423 1472 2477 οὐδὲ
1509 2423 1595 2476 't'va
1624 2423 1835 2495 ἐκτέμῃ

248 2508 354 2573 τὰς
386 2510 645 2573 ἀκάνθας,
702 2510 818 2564 ἀλλ’
854 2512 941 2565 ἵνα
990 2515 1191 2585 σπείρῃ
1224 2515 1313 2565 τδν
1375 2516 1599 2586 σπόρον.
1666 2518 1831 2569 Ποῖον

246 2598 311 2653 δὲ
342 2600 570 2669 σπόρον;
596 2595 745 2672 Ἀρα
769 2601 859 2653 τὸν
893 2604 986 2655 τοῦ
1011 2604 1285 2667 Μωσέως;
1313 2600 1423 2675 ἆρα
1450 2606 1542 2658 τὸν
1570 2606 1678 2659 τῶν
1702 2623 1836 2675 προ-

254 2691 480 2761 φητῶνς
533 2692 688 2762 Οὐχὶ,
738 2692 873 2746 ἀλλά
928 2692 1021 2747 :6v
1068 2695 1261 2758 αὐτοῦ,
1296 2696 1600 2759 τουτέστιν,
1652 2696 1737 2750 ἵνα
1775 2697 1835 2749 τὸ

254 2782 587 2850 Εὑαγγὲλιον
620 2784 785 2837 αὐτοῦ
813 2784 1301 2857 κηρύξῃ.Ἐκεῐνος
1335 2787 1435 2857 μιν
1456 2783 1550 2841 οὖν
1591 2788 1833 2859 ἔσπειρε.

256 2870 381 2923 Τῶν
412 2870 468 2923 δὲ
516 2875 849 2944 σπερμάτων
876 2874 904 2929 6
940 2876 1065 2946 μὲν,
1105 2876 1303 2930 ἔπεσεν
1335 2879 1416 2941 είς
1445 2877 1623 2949 ψυχὴν
1663 2896 1835 2933 κατα-

251 2964 653 3035 πεπατημένην
688 2966 794 3020 ὑπὸ
824 2968 1036 3021 πολλῶν
1058 2984 1072 2998 ·
1126 2969 1219 3022 καὶ
1248 2970 1318 3023 τὰ
1356 2972 1581 3024 πετεινὰ
1608 2969 1701 3025 τοῦ
1748 2971 1837 3023 οὒ-

253 3055 448 3125 ρανοῦ,
497 3057 548 3109 0i
594 3056 851 3128 δαίμονες
896 3059 1040 3129 λέγω
1090 3062 1140 3115 οί
1202 3063 1292 3113 τὸν
1326 3062 1466 3133 ἀέρα
1497 3065 1835 3133 κατέχοντες,

248 3148 390 3202 κατέ
403 3165 565 3217 «ραγον
581 3150 671 3202 τὸν
698 3151 919 3223 σπόρον.
951 3152 1194 3206 Τοιοῦτυι
1228 3153 1336 3223 γάρ
1363 3155 1500 3207 εἰσιν
1530 3155 1580 3207 οί
1624 3155 1836 3226 ἀνθρω-

256 3238 550 3309 πάρεσκοι,
586 3241 704 3305 666;
736 3245 1247 3315 καταπεπατημένη
1282 3245 1387 3299 ὑπὸ
1442 3247 1672 3301 πολλῶνο
1707 3249 1836 3301 ὅταν

252 3334 366 3401 γάρ
397 3350 478 3395 τις
517 3334 691 3387 πάντα
722 3335 935 3406 πράττῃ
988 3337 1127 3406 πρὸς
1168 3338 1227 3391 :6
1260 3340 1458 3409 ἀρέσαι
1494 3340 1689 3412 τούτῳ,
1743 3344 1843 3395 κά·

252 3425 440 3494 κείνῳ,
471 3420 622 3491 οὗτος
643 3430 1036 3482 καταπατεῖται
1061 3429 1166 3482 ὑπὸ
1190 3430 1420 3485 πολλῶν.
1449 3432 1592 3501 Ὅρα
1615 3433 1671 3486 δέ
1693 3450 1706 3462 ·
1742 3437 1842 3489 οὐκ

252 3511 412 3568 εἶπεν
441 3517 521 3569 ὅτι
548 3518 809 3591 Ἐρριψεν
839 3520 973 3573 αὐτὸ
996 3521 1088 3573 ἐπὶ
1117 3522 1217 3591 τὴν
1249 3522 1390 3585 666v,
1426 3522 1541 3576 ἀλλ’
1580 3525 1838 3580 Ἔπεσεν.

263 3607 330 3659 '0
367 3608 466 3675 μὲν
496 3609 913 3682 γὰρ,σπείρων,
970 3612 1047 3675 ὡς
1105 3613 1187 3677 είς
1234 3613 1449 3684 ἀγαθὴν
1480 3617 1584 3684 γῆν
1634 3617 1839 3685 ῥίπτει,

252 3699 442 3770 ὲκείνη
471 3700 528 3753 δὲ
559 3704 770 3773 πονηρὲ
798 3705 1189 3778 εὑρισκομένη,
1226 3706 1437 3779 φθείρει
1483 3708 1576 3761 τὸν
1616 3710 1839 3779 σπόρον,

253 3792 378 3861 ἦτοι
405 3792 495 3845 τὸν
541 3793 720 3863 λόγον.
768 3796 926 3860 Τινὲς
962 3797 1023 3849 δὲ
1060 3798 1121 3851 τὸ
1160 3799 1317 3868 Παρὰ
1366 3800 1466 3870 τὴν
1498 3800 1617 3854 666v
1654 3800 1840 3866 ἔπεσε,

255 3888 564 3956 χαριέντως
595 3890 848 3961 ἐνόησαν,
877 3893 962 3946 δτι
990 3892 1187 3946 ἔπεσεν
1214 3895 1292 3957 είς
1310 3894 1542 3950 ἄπιστον
1568 3895 1795 3967 καρδίαν
1826 3912 1839 3927 ’

254 3980 381 4044 666;
406 3981 504 4049 μὲν
530 3981 638 4051 γὰρ
658 3985 685 4036 6
716 3984 952 4053 Χριστός
983 4000 997 4014 ο
1023 3984 1178 4054 παρά
1220 3984 1318 4056 τὴν
1346 3987 1466 4040 666v
1512 3987 1569 4039 δέ
1624 3990 1763 4041 εἰσιν
1793 3990 1841 4040 οί

255 4071 505 4139 ἄπιστοι,
526 4072 576 4125 οἱ
599 4071 703 4137 ἔξω
720 4074 817 4144 τῆς
838 4074 981 4140 6606,
1003 4077 1252 4129 τουτέστι
1279 4077 1373 4129 τοῦ
1392 4078 1654 4147 Χριστοῦ.
1680 4079 1843 4132 ’Δλλο

256 4161 315 4214 δὲ
346 4162 539 4216 πίπτει
572 4165 663 4218 ἐπὶ
705 4165 885 4236 ψυχὴν
937 4167 1227 4237 πετρώδηο
1266 4169 1393 4232 τοὺς
1424 4168 1661 4235 εὐκόλως
1699 4170 1844 4239 λέγω

256 4252 607 4322 δεχομένους,
642 4250 761 4308 εἶτα
780 4256 1190 4320 ἀποϐάλλοντας
1219 4275 1231 4289 ·
1270 4256 1320 4311 οἳ
1363 4258 1661 4329 πετρώδεις
1712 4262 1839 4326 sict,

262 4340 404 4394 κατά
430 4360 479 4396 τι
505 4345 701 4415 μικρὸν
731 4347 968 4411 ἐοικότες
991 4350 1059 4418 τῇ
1087 4349 1282 4419 πέτρᾳ,
1307 4349 1384 4420 τῷ
1415 4351 1638 4421 Χριστῷ
1670 4370 1838 4424 φημι,

261 4432 402 4485 καθὸ
431 4432 678 4497 ἐδέξαντο
706 4438 797 4489 τὸν
842 4438 998 4505 λόγον
1021 4455 1035 4471 ο
1084 4439 1221 4493 καθὸ
1258 4439 1314 4491 δὲ
1346 4440 1484 4510 πρὸς
1511 4442 1704 4511 καιρὸν
1756 4443 1842 4496 δέ·

1929 602 2073 652 nam,
2131 592 2186 638 et
2216 582 2377 637 dabat
2407 577 2642 635 fructum
2669 581 3038 644 emergentem
3070 576 3123 625 et
3145 578 3504 629 crescentem,

1924 688 1980 735 et
2010 675 2269 732 an‘erebat
2299 688 2467 729 unum
2518 671 2767 741 triginta,
2799 676 2853 722 et
2892 678 3061 719 unum
3094 660 3404 733 sexaginta,
3454 666 3512 713 et

1927 783 2093 823 unum
2123 774 2363 823 centum.
2389 764 2470 819 Ac
2497 761 2709 817 dicebat
2742 758 2851 813 illis
2880 776 2892 811 :
2920 754 3022 822 Qui
3055 753 3219 807 habet
3248 764 3411 804 aures
3442 748 3509 801 ad

1928 859 2276 922 audiendum,
2303 856 2503 911 audiat.
2537 852 2875 921 Cunilautem
2904 845 3161 917 ccepisset
3188 856 3314 898 esse
3340 841 3509 904 solus,

1928 955 2408 1021 interrogaverunt
2441 962 2564 1002 eum
2607 945 2662 998 hi
2694 942 2785 1014 qui
2817 941 2963 995 circa
2994 937 3169 1007 ipsum
3201 941 3360 990 erant
3387 946 3509 985 cum

1929 1044 2211 1101 duodecim
2240 1041 2309 1097 de
2347 1037 2627 1109 parabola,
2656 1041 2711 1091 et
2738 1034 2951 1089 dicebat
2980 1030 3062 1085 eis
3089 1043 3104 1084 :
3136 1026 3302 1081 Vobis
3325 1025 3510 1080 datum

1928 1150 2013 1195 est
2045 1151 2210 1194 nosse
2262 1134 2578 1206 mysterium
2641 1128 2794 1197 regni
2858 1125 2993 1190 Dei;
3029 1122 3136 1177 illis
3180 1130 3359 1176 autem
3421 1116 3512 1186 qui

1930 1231 2065 1286 foris
2097 1236 2247 1293 sunt,
2280 1242 2377 1298 per
2413 1222 2699 1295 parabolas
2727 1218 2910 1276 omnia
2960 1216 3136 1270 ﬁunt:
3179 1211 3512 1266 utvidentes

1930 1320 2149 1376 videant
2181 1324 2235 1373 et
2293 1322 2401 1371 non
2460 1319 2735 1379 cernant';
2768 1317 2824 1365 et
2890 1306 3173 1363 audientes
3203 1302 3426 1358 audiant
3464 1310 3516 1353 et

1932 1427 2037 1467 non
2074 1408 2401 1480 intelligant,
2432 1404 2719 1475 nequando
2760 1406 3155 1458 convertantur
3211 1404 3267 1451 et
3319 1392 3514 1448 remit-

1934 1512 2119 1558 tantur
2160 1503 2241 1557 eis
2294 1508 2542 1570 peccata.
2609 1514 2628 1548 ι
2697 1494 2938 1549 Primam
3005 1483 3515 1556 hanc'paraholam

1932 1596 2104 1667 ponit,
2136 1608 2260 1664 quae
2293 1599 2377 1648 est
2409 1592 2475 1647 de
2501 1589 2732 1653 semine,
2771 1600 2877 1657 quo
2910 1583 3207 1639 reddantur
3239 1577 3518 1633 auditores

1932 1688 2269 1744 attentiores.
2298 1684 2572 1753 Quoniam
2599 1683 2743 1737 enim
2812 1679 3057 1734 dicturus
3112 1679 3236 1730 erat
3291 1670 3516 1726 verbum

1934 1792 2057 1836 esse
2088 1792 2298 1839 semen,
2330 1774 2473 1846 quod
2502 1774 2589 1829 uhi
2623 1769 2887 1829 ceciderit
2932 1767 2986 1823 in
3036 1780 3226 1836 parum
3252 1770 3516 1818 attentos.

1864 1846 1908 1901 Β
1936 1869 2340 1939 corrumpitur:
2376 1875 2665 1938 propterea
2694 1868 2820 1917 ante
2840 1860 2946 1915 alia
2978 1857 3092 1913 hac
3114 1855 3270 1918 dicit,
3336 1860 3395 1906 ut
3421 1865 3517 1906 au-

1934 1961 2145 2018 ditores
2194 1957 2448 2015 studeant
2476 1969 2584 2010 non
2636 1953 2714 2009 illi
2750 1958 2916 2006 terra:
2945 1946 3150 2004 similes
3195 1944 3336 2010 ﬂeri,
3400 1956 3520 2011 qua!

1935 2065 2121 2107 semen
2156 2048 2443 2117 disperdit.
2468 2045 2604 2114 Quis
2636 2044 2801 2113 igitur
2844 2050 2928 2096 est
2960 2039 3051 2108 qui
3101 2034 3372 2092 seminat?
3404 2033 3523 2103 ipse

1935 2140 2189 2197 Christus
2222 2140 2313 2209 qui
2344 2139 2511 2193 exivit
2542 2153 2572 2193 e
2601 2135 2853 2191 Paternis
2884 2132 3097 2187 sinibus
3130 2126 3387 2184 ineliabili
3422 2127 3523 2179 mi-

1938 2234 2233 2292 sericordia
2264 2248 2324 2289 se
2360 2233 2515 2288 nobis
2548 2238 2939 2298 attemperans.
2971 2223 3153 2278 Exivit
3183 2230 3365 2276 autem
3417 2232 3521 2273 non

1934 2338 1997 2385 ut
2028 2326 2279 2381 incendat
2302 2324 2642 2379 maledictam
2672 2330 2872 2375 terram
2891 2326 2945 2373 et
2968 2316 3107 2370 mala
3130 2314 3315 2379 corda,
3345 2322 3523 2380 nequc

1938 2431 1995 2475 ut
2025 2427 2244 2475 exsecet
2281 2418 2486 2488 spinas,
2534 2414 2629 2470 sed
2694 2421 2754 2467 ut
2819 2410 3051 2466 seminet
3087 2423 3295 2463 semen.
3353 2404 3526 2472 Quale

1938 2519 2117 2567 autem
2148 2508 2371 2565 semen?
2404 2506 2661 2576 Nunquid
2692 2503 2894 2559 Mosis?
2950 2500 3195 2569 nunquid
3228 2499 3521 2570 propheta-

1936 2600 2098 2653 rum?
2153 2598 2292 2665 Non,
2350 2598 2444 2652 sed
2496 2610 2675 2660 suum,
2726 2598 2828 2649 hoc
2875 2601 2958 2647 est
3028 2598 3088 2646 ut
3168 2588 3523 2659 Evangelium

1938 2708 2097 2748 suum
2135 2690 2419 2760 praedicet.
2464 2688 2559 2745 Ille
2590 2688 2759 2759 igitur
2789 2685 3100 2740 seminavit.
3164 2682 3285 2739 Jam
3330 2695 3521 2736 semen

1940 2785 2083 2839 aliud
2119 2783 2174 2837 in
2214 2782 2507 2837 animama
2535 2780 2721 2834 multis
2754 2778 3137 2835 eoncnlcatam
3170 2773 3371 2831 cecidit
3399 2789 3413 2825 :
3470 2782 3527 2827 et

1939 2876 2180 2933 volatilia
2203 2875 2350 2940 coeli,
2388 2876 2661 2931 daemones
2684 2874 2827 2938 dico,
2857 2872 2945 2943 qui
2973 2885 3155 2927 aerem
3194 2870 3525 2933 inhabitant,

1941 2968 2296 3025 comederunt
2324 2982 2529 3023 semen.
2559 2965 2716 3021 Tales
2748 2966 2893 3019 enim
2934 2971 3060 3018 sunt
3094 2962 3184 3031 qui
3218 2960 3529 3017 hominibus

1944 3060 2164 3131 placere
2195 3059 2405 3125 volunt,
2462 3058 2545 3112 via
2602 3057 2809 3114 scilicet
2867 3054 3187 3111 conculcata
3235 3052 3522 3108 amultis:

1945 3154 2164 3224 quando
2203 3154 2348 3208 enim
2389 3152 2511 3223 quis
2542 3151 2725 3206 omnia
2758 3150 2889 3204 facit
2919 3158 2976 3204 ut
3023 3148 3150 3203 huic
3195 3156 3248 3201 et
3281 3145 3357 3201 illi
3416 3146 3528 3215 pla-

1947 3256 2092 3313 ceat,
2123 3248 2225 3301 iste
2274 3260 2302 3299 a
2344 3243 2530 3300 multis
2563 3242 2939 3298 conculcatur.
2982 3238 3119 3295 Vide
3174 3250 3354 3293 autem
3388 3236 3530 3308 quod

1946 3355 2051 3393 non
2074 3338 2273 3394 dixerit
2294 3352 2353 3393 se
2371 3335 2663 3408 proiecisse
2689 3334 2820 3389 illud
2851 3334 2905 3388 in
2932 3334 3096 3397 viam,
3120 3332 3214 3387 sed
3238 3330 3528 3386 cecidisse.

1942 3430 2077 3487 Nam
2109 3431 2203 3501 qui
2245 3431 2502 3494 seminat,
2535 3444 2636 3484 ceu
2671 3428 2724 3483 in
2768 3436 2972 3481 terram
3034 3424 3235 3481 bonam
3265 3422 3479 3492 proiicit
3511 3440 3526 3475 :

1944 3524 2033 3577 illa
2070 3532 2251 3579 autem
2287 3523 2334 3578 si
2366 3522 2588 3577 inventa
2619 3521 2787 3576 fuerit
2812 3518 2980 3583 mala,
3028 3532 3237 3582 semen,
3271 3531 3366 3572 seu
3413 3532 3533 3569 ver-

1943 3614 2069 3670 bum
2119 3615 2440 3685 corrumpit.
2488 3613 2718 3682 Quidam
2771 3622 2953 3667 autem
3003 3623 3100 3681 per
3146 3625 3333 3666 semen
3386 3610 3531 3679 quod

1945 3723 2103 3763 secus
2134 3708 2276 3763 viam
2311 3708 2529 3773 cecidit,
2577 3707 2803 3777 pulchre
2835 3705 3219 3761 intellexerunt
3259 3706 3403 3775 quod
3439 3720 3535 3759 cc-

1950 3800 2146 3855 eiderit
2173 3800 2226 3855 in
2266 3800 2624 3856 corinlidele.
2660 3797 2757 3854 Via
2794 3799 2941 3854 enim
2971 3806 3060 3854 est
3104 3796 3384 3864 Christus,
3423 3812 3531 3854 cz-

1949 3900 2122 3946 terum
2173 3906 2331 3946 secus
2362 3892 2528 3956 viam,
2584 3900 2713 3947 sunt
2756 3890 3010 3946 inﬁdeles
3047 3890 3138 3960 qui
3192 3899 3349 3944 extra
3388 3891 3531 3944 viam

1945 3991 2095 4050 sunt,
2130 3982 2233 4037 hoc
2264 3992 2348 4039 est
2375 3982 2683 4038 Christum.
2707 3982 2865 4037 Aliud
2898 3993 3082 4038 autem
3112 3984 3260 4038 cadit
3300 3984 3355 4039 in
3408 3986 3532 4038 ani-

1946 4089 2089 4129 mam
2126 4084 2397 4143 petrosam
2426 4091 2440 4128 :
2472 4089 2567 4129 eos
2601 4074 2743 4136 dico.
2780 4074 2873 4144 qui
2903 4073 3065 4129 facile
3094 4076 3426 4147 suscipiunt,
3478 4085 3536 4131 et

1949 4164 2143 4220 deinde
2173 4165 2461 4234 abjiciunt.
2492 4163 2597 4232 Qui
2627 4167 2830 4235 petrosi
2860 4176 3007 4233 sunt,
3041 4166 3107 4222 ad
3141 4183 3365 4238 parvum
3403 4172 3537 4223 teni-
3600 4154 3603 4155 ν

1946 4272 2047 4326 pus
2084 4258 2290 4314 similes
2330 4256 2459 4314 facti
2499 4266 2668 4325 petra
2706 4259 2949 4326 Christo,
3000 4260 3057 4315 in
3099 4261 3203 4317 hoc
3235 4262 3380 4331 quod
3414 4276 3530 4315 ser-

1949 4364 2164 4405 monem
2220 4360 2624 4421 susceperunt:
2681 4351 2978 4407 dissimiles
3029 4361 3207 4407 autem
3268 4352 3422 4419 facti,
3468 4368 3537 4410 eo

1949 4443 2094 4512 quod
2122 4443 2189 4499 ad
2213 4453 2427 4513 tempus
2456 4444 2619 4499 breve
2648 4453 3031 4515 susceperunt,
3058 4454 3111 4499 et
3158 4444 3356 4501 deinde
3393 4446 3536 4515 abjc-

260 4543 471 4595 χονται,
506 4523 626 4580 εἶτα
668 4528 1089 4594 ἀποῦἀλλουσιν,
1144 4532 1489 4595 ἀπεοικότες.
1544 4534 1652 4586 Καὶ
1716 4534 1834 4587 άλλη

1950 4545 2162 4589 cerunt.
2202 4535 2267 4590 Et
2308 4535 2455 4591 aliud
2492 4538 2545 4591 in
2596 4537 2834 4592 animam
2892 4538 3089 4593 cecidit
3140 4538 3328 4593 multis
3382 4538 3531 4593 curis

260 4620 342 4679 εἰς
371 4619 551 4690 ψυχὴν
584 4620 947 4691 πολύφροντιν
982 4639 997 4654 ·
1033 4623 1268 4678 ἄκανθαι
1300 4624 1410 4695 γὰρ
1450 4626 1505 4679 al
1538 4626 1841 4696 φροντίδες.

259 4710 338 4763 Τὸ
368 4711 425 4765 δὲ
460 4712 743 4784 τέταρτον,
775 4716 856 4781 είς
898 4716 1003 4785 γῆν
1069 4716 1303 4789 ἀγαθήν.
1350 4719 1494 4789 Ὅρα
1550 4718 1683 4786 γοῦν
1724 4720 1843 4784 πῶς

264 4804 471 4857 σπάνια
504 4805 569 4857 τά
596 4804 756 4870 καλὰ,
794 4806 889 4859 καὶ
922 4806 1091 4877 ὀλίγοι
1119 4809 1167 4861 οἱ
1202 4810 1517 4880 σωζόμενοι·
1554 4812 1617 4863 :6
1642 4812 1842 4883 τέταρ·

268 4912 356 4947 τον
397 4896 507 4965 γὰρ
548 4896 855 4967 μόνονκτοῢ
906 4898 1111 4969 σπόρου
1164 4900 1494 4971 εὑρίσκεται]
1549 4902 1838 4956 διασωθὲν.

261 4986 391 5048 Τοῖς
413 4982 508 5039 οὖν
529 4988 799 5058 μαθηταῖς
827 4991 1170 5062 ὲρωτήσασιν
1200 4994 1364 5046 αὑτὸν
1399 4993 1523 5064 ἰδίᾳ,
1563 4994 1729 5063 φησὶν
1759 4994 1841 5048 ὅτι

271 5076 439 5148 ’Υμῐζίν
466 5077 673 5134 δέδοται
716 5081 919 5149 γνῶναι
940 5084 1011 5135 τὰ
1060 5085 1353 5155 μυστήρια.
1395 5080 1520 5156 Ἆρ’
1566 5084 1659 5139 οὖν
1704 5086 1848 5139 κατὰ

265 5170 657 5243 ἀποκλήρωσιν
686 5173 1179 5246 καὶκεὶμαρμένην
1226 5178 1288 5229 ἐκ
1338 5176 1550 5246 φύσεως
1581 5180 1691 5241 τοῖς
1745 5178 1846 5249 μὲν

260 5259 498 5323 δέδοται,
520 5266 627 5325 τοῖς
644 5264 703 5316 δὲ
722 5264 784 5317 οὗ
805 5280 820 5330 ;
847 5265 939 5336 Μὴ
963 5268 1173 5333 γένοιτο
1191 5268 1207 5321 ί
1227 5268 1339 5321 ἀλλ’
1358 5269 1588 5332 ἐκείνοις
1614 5268 1844 5333 δέδοται,

263 5354 381 5413 τοῖς
411 5350 659 5421 ζητοῦσι.
697 5373 717 5405 ι
767 5358 994 5425 Ζητεῖτε
1046 5360 1175 5427 γὰρ,
1212 5360 1366 5430 φησὶ,
1414 5360 1510 5413 καὶ
1561 5359 1847 5429 δοθήσεται

266 5442 423 5508 ὑμῖν.
458 5462 476 5494 ι
520 5444 660 5506 Τοὺς
694 5446 749 5499 δὲ
772 5447 996 5513 λοιποὺς
1022 5450 1333 5517 ἐτύφλωσεν
1386 5453 1415 5504 6
1447 5450 1601 5513 Θεὸς,
1649 5451 1736 5504 ἵνα
1771 5452 1845 5523 μὴ

263 5535 403 5603 πρὸς
434 5537 656 5591 πλείονα
684 5540 1013 5609 κατάκρισιν
1036 5543 1216 5596 αὐτῶν
1255 5544 1342 5613 εἴη
1365 5542 1426 5595 τὸ
1448 5546 1589 5597 νοεῖν
1618 5544 1677 5596 τὸ
1699 5543 1839 5607 δέον,

266 5625 347 5696 μὴ
376 5630 729 5699 πραττόντων
756 5630 906 5686 αὑτό.
940 5634 1152 5697 ’Ἄλλως
1182 5651 1195 5663 θ
1230 5635 1416 5699 Θέλεις
1449 5635 1653 5703 γνῶναι
1686 5635 1773 5689 ὅτι
1811 5638 1839 5687 ὁ

343 5806 613 5863 "'"Luc.
652 5824 772 5872 rm,
813 5810 896 5866 ιο.

1949 4627 2264 4693 obnoxiam,
2297 4629 2470 4699 spina:
2524 4629 2669 4683 enim
2708 4643 2858 4685 curae
2889 4638 3041 4686 sunt.
3087 4628 3328 4699 Denique
3372 4644 3537 4700 quar-

1952 4727 2065 4773 tum
2123 4720 2174 4773 in
2212 4730 2413 4775 terram
2439 4720 2637 4776 bonam
2671 4722 2889 4779 cecidit.
2946 4721 3178 4776 Proinde
3218 4722 3339 4777 ride
3392 4737 3533 4793 quo-

1951 4810 2111 4865 modo
2141 4824 2263 4864 rara
2300 4812 2411 4865 sint
2433 4811 2597 4879 bona,
2640 4820 2695 4868 et
2735 4813 2892 4883 pauci
2921 4813 3014 4883 qui
3049 4820 3379 4868 serventur:
3410 4830 3531 4867 nam

1950 4907 2203 4968 quartum
2239 4898 2394 4969 191
2432 4908 2641 4956 tantum
2692 4916 2881 4957 semen
2915 4902 3186 4957 invenitur
3234 4914 3532 4959 servatum.

1951 4988 2122 5046 Porro
2178 4992 2464 5062 discipulis
2514 4995 2746 5049 seorsim
2798 4995 3267 5064 interrogantibus
3331 4998 3531 5067 inquit,

1956 5102 1974 5135 ι
2004 5082 2173 5139 Vobis
2206 5086 2391 5139 datum
2436 5093 2518 5139 est
2569 5100 2733 5141 nosse
2766 5086 3021 5157 mysteria
3041 5086 3179 5141 '7'".
3217 5106 3236 5139 ι
3281 5086 3539 5159 Nunquid

1951 5175 2115 5245 igitur
2172 5190 2269 5245 per
2317 5179 2751 5248 segregationem
2798 5186 2853 5232 et
2886 5179 3131 5236 naturale
3184 5179 3355 5235 fatum
3414 5182 3535 5237 aliis

1951 5267 2167 5337 quidem
2198 5272 2383 5323 datum
2410 5278 2515 5335 est,
2544 5269 2668 5325 aliis
2698 5285 2827 5325 vero
2860 5272 3010 5327 non?
3055 5273 3213 5326 Absit
3246 5274 3258 5325 !
3298 5273 3393 5328 sed
3431 5273 3535 5328 illis

1948 5360 2137 5414 datum
2162 5362 2360 5430 estqui
2415 5362 2718 5431 inquirunt.
2765 5381 2785 5415 ι
2832 5362 3077 5429 Quaerite
3128 5366 3297 5426 enim,
3334 5365 3533 5435 inquit,

1950 5460 2004 5506 et
2037 5452 2256 5507 dabitur
2285 5454 2459 5507 vobis.
2489 5472 2507 5503 ι
2547 5452 2790 5508 Caeteros
2825 5464 3008 5509 autem
3042 5455 3339 5510 excaecavit
3374 5458 3530 5517 Deus,

1955 5558 2020 5598 ne
2048 5544 2120 5598 sit
2152 5544 2258 5599 illis
2306 5545 2359 5598 in
2391 5544 2650 5612 majorem
2681 5548 3193 5602 condemnationem
3246 5548 3289 5602 si
3334 5548 3535 5602 intelli-

1949 5645 2078 5706 gant
2106 5645 2160 5692 ct
2185 5652 2288 5693 non
2324 5636 2543 5694 faciant.
2575 5636 2643 5693 Et
2674 5640 2833 5696 aliter
2868 5657 2884 5696 :
2922 5640 3017 5698 Vis
3059 5642 3200 5699 scire
3226 5643 3352 5713 quia
3393 5643 3531 5697 Deus
