4080 6336
655 341 758 412 εθι

1579 334 2160 401 THEOPHYLACTI
2202 329 2612 395 BULGARLE
2651 327 3009 392 ARCHIEP.

3779 326 3881 390 532

656 460 787 517 facit
806 472 992 515 omnes
1027 454 1242 513 videre!
1267 453 1412 511 audi.
1445 451 1517 509 Ut
1547 453 1795 518 uidentes,
1835 453 1938 506 hoc
1954 458 2040 506 est
2067 448 2158 504 Dei
2189 464 2203 501 :

2323 443 2445 509 Θεὸς
2485 447 2692 509 πάντας
2722 444 2948 514 ἐποίησε
2984 437 3202 510 βλέπειν
3248 439 3308 494 τὸ
3336 437 3484 505 δέονς
3527 437 3717 494 ἄκουε.
3752 438 3882 493 Ἵνα

660 568 766 605 izon
792 550 1022 612 videant,
1053 543 1201 617 istud
1237 555 1319 601 est
1350 545 1568 601 malitiae
1599 544 1829 599 illorum.
1888 539 2028 596 Deus
2068 539 2212 595 enim

651 628 1013 705 formavlteos
1034 637 1422 704 videntes,hoe
1467 643 1543 692 est
1576 637 1772 690 bonum
1795 631 2208 703 intelligentes:

654 731 753 799 ipsi
784 739 961 784 autem
981 744 1087 784 non
1107 727 1312 793 vident,
1331 741 1425 782 sua
1447 734 1640 796 sponte
1663 723 1849 779 oculos
1875 723 2212 787 claudentes,

654 837 720 877 ne
747 828 1132 876 convertantur
1153 827 1207 874 et
1233 817 1614 885 emendentur,
1651 817 1804 888 quasi
1840 832 1950 873 suae
1974 818 2211 887 ipsorum

652 915 810 968 saluti
843 921 896 968 et
917 911 1282 967 emendationi
1309 912 1605 966 invideant.
1631 909 1811 966 Potest
1839 911 2002 965 etiam
2052 918 2107 966 et
2135 910 2212 964 sic

655 1002 1093 1074 intelligi:Aliis
1153 1003 1208 1057 in
1271 1001 1541 1072 parabolis
1603 1002 1810 1072 loquor,
1847 1012 1909 1056 ut
1970 1001 2214 1056 videntes

654 1109 758 1148 non
787 1093 1025 1160 videant,
1048 1094 1402 1149 etaudientes
1426 1109 1529 1147 non
1561 1093 1883 1163 intelligant,
1920 1091 2207 1161 nequando

655 1201 718 1239 ex
741 1184 845 1239 boc
878 1192 1262 1240 convertantur
1300 1192 1354 1238 et
1381 1183 1754 1239 emendentur.

734 1450 894 1506 Vsus.
929 1450 1113 1509 i5-20.
1167 1469 1184 1502 ι
1217 1450 1284 1505 Ει
1316 1451 1391 1505 ait
1440 1450 1545 1504 illis
1578 1467 1592 1503 :
1624 1448 1852 1503 Nescitis
1903 1445 2212 1518 parabolatn

657 1542 842 1596 hanc?
891 1550 944 1596 et
979 1543 1246 1611 quomodo
1286 1555 1476 1596 omnes
1517 1540 1806 1611 parabolas
1842 1537 2214 1610 cognoscetis?

655 1634 967 1690 Seminator
999 1634 1085 1690 ille
1123 1648 1428 1690 sermonem
1473 1633 1720 1688 seminat.
1756 1629 1853 1686 Isti
1903 1644 2032 1686 vero
2090 1637 2216 1684 sunt

654 1724 743 1791 qui
765 1724 915 1794 juxta
946 1725 1085 1780 viam
1119 1724 1386 1789 dicuntur,
1425 1721 1511 1779 ubi
1563 1723 1860 1778 seminatur
1886 1736 2067 1776 sermo
2111 1760 2127 1785 ,
2160 1729 2214 1776 et

2311 538 2648 605 βλέποντες
2669 555 2683 568 ·
2707 537 2864 590 τοῦτο
2887 533 2980 590 τοῦ
2997 531 3132 589 Θόοῦ
3155 547 3168 562 ‘
3191 530 3276 602 μὴ
3298 529 3771 596 βλέπωσι,τοῦτο
3787 533 3883 597 τῆς

2317 632 2512 695 κακίας
2547 630 2751 685 αὐτῶν.
2803 629 2864 682 '0
2895 627 2995 700 μὲν
3017 626 3127 698 γὰρ
3157 624 3289 688 Θεὸς
3340 623 3639 694 βλέποντας
3686 622 3883 683 αὐτοὺς

2314 725 2536 787 ιπλασσ,
2582 722 2849 786 τουτέστι,
2912 719 3168 782 νοοῦντας
3206 716 3268 771 τὸ
3299 714 3488 780 καλὸν,
3517 715 3676 767 αὐτοὶ
3723 710 3778 767 δὲ
3822 715 3880 767 οὐ

2317 816 2626 886 βλέπουσιν,
2661 810 2927 871 ἑκουσίως
2958 806 3330 878 καμμύοντες.
3397 806 3482 857 ῖνα
3516 805 3591 874 μὴ
3624 807 3885 874 ὲπιστραυ

2317 909 2458 976 φῶσι
2492 907 2586 960 καὶ
2633 900 2998 974 διορθωθῶσιν
3031 915 3048 930 ⁸
3103 898 3346 968 ὡσπερεὶ
3387 897 3498 978 γὰρ
3549 897 3614 964 τῇ
3679 895 3884 948 ἑαυτῶν

2318 998 2561 1070 σωτηρίᾳ
2581 997 2675 1052 καὶ
2695 994 2978 1068 βελτιώσει
3006 991 3312 1062 φθονοῦσιν.
3345 990 3501 1042 Ἐστι
3535 987 3591 1041 δὲ
3616 989 3714 1040 καὶ
3742 988 3883 1042 οὕτω

2319 1095 2527 1162 νοῆσαι,
2557 1091 2660 1150 ὅτι,
2709 1088 2833 1149 Τοῖς
2863 1086 3071 1148 λοιποῖς
3125 1083 3184 1134 έν
3217 1079 3558 1150 παραϐολαῖς
3600 1078 3768 1146 λέγω,
3798 1078 3885 1130 ῖνα

2316 1183 2604 1252 βλέποντες
2650 1182 2724 1251 μὴ
2760 1177 3016 1248 βλέπωσι,
3066 1176 3161 1229 καὶ
3194 1171 3479 1235 ἀκούοντες
3511 1172 3584 1240 μὴ
3620 1171 3865 1232 συνιῶσι,

2318 1276 2528 1344 μήποτε
2576 1274 2680 1327 κᾶν
2734 1273 2798 1324 έκ
2849 1268 3042 1323 τούτου
3104 1265 3476 1336 έπιστρέψωσι
3516 1264 3612 1317 καὶ
3663 1259 3889 1332 διορθω-

2316 1368 2500 1420 θῶσιν.

2390 1477 2407 1508 ι
2445 1459 2553 1510 Καὶ
2585 1458 2733 1524 λέγει
2777 1455 2964 1518 αὐτοῖς
3011 1467 3026 1484 ⁸
3058 1452 3172 1507 Οὐκ
3212 1451 3391 1506 οῖδατε
3424 1450 3522 1519 τὴν
3571 1443 3887 1517 παραϐολὴν

2314 1549 2546 1618 ταύτηνς
2584 1547 2680 1600 καὶ
2715 1546 2832 1608 πῶς
2861 1544 3041 1608 πάσας
3073 1545 3174 1606 τάς
3221 1539 3538 1612 παραϐολὰς
3578 1535 3885 1606 γνὼσεσθε;

2331 1639 2388 1694 ⁸0
2417 1639 2673 1708 σπείρων,
2694 1638 2787 1692 τὸν
2811 1636 2967 1704 λόγον
2993 1634 3225 1706 σπείρει.
3249 1626 3406 1688 Οὗτοι
3434 1631 3490 1684 δέ
3523 1631 3634 1683 είσι
3657 1631 3706 1681 οι
3737 1627 3886 1696 παρὰ

2315 1731 2414 1801 τὴν
2437 1730 2584 1784 ὀδόν·
2619 1732 2753 1783 ὅπου
2791 1728 3073 1797 σπείρεται
3101 1725 3132 1780 6
3187 1725 3366 1794 λόγος,
3407 1722 3504 1778 καὶ
3533 1724 3665 1776 ὅταν
3717 1718 3884 1774 ἀκού·

653 1791 778 1870 cunt
812 1817 1102 1879 audierint,
1138 1815 1424 1872 confestim
1471 1816 1619 1870 venit
1646 1813 1902 1879 Satanas,
1945 1821 1998 1868 et
2034 1813 2212 1866 aufert

2324 1791 2507 1885 σωσιν,
2555 1820 2754 1884 εὐθέως
2785 1791 3005 1888 ἔρχεται
3050 1818 3078 1870 6
3137 1791 3401 1880 Σατανᾶς,
3435 1812 3530 1866 καὶ
3589 1808 3738 1879 αἴρει
3795 1805 3886 1859 τὸν

655 1923 971 1963 sermonem
1007 1910 1097 1980 qui
1140 1909 1434 1963 semiustus
1474 1917 1556 1963 est
1610 1908 1658 1961 in
1718 1905 1968 1962 cordibus
2001 1920 2210 1960 eorum.

654 1999 720 2053 Et
749 2001 838 2054 alii
860 2009 985 2056 sunt
1009 2002 1255 2055 similiter
1311 2001 1362 2055 ai
1391 2001 1443 2054 in
1476 2008 1689 2070 petrosa
1707 2013 1890 2055 semen
1919 1998 2210 2068 accipiunt.

656 2091 903 2156 quicum
955 2091 1220 2147 audierint
1253 2105 1578 2158 sermonem,
1633 2091 1811 2146 statim
1845 2105 1966 2146 cum
2020 2089 2215 2160 gaudio

658 2179 929 2246 accipiunt
960 2178 1133 2245 illum,
1183 2188 1238 2234 et
1266 2195 1370 2234 non
1404 2179 1603 2234 habent
1637 2180 1870 2234 radicem
1900 2181 1953 2234 in
2004 2194 2085 2244 se,
2119 2178 2214 2234 sed

660 2269 968 2337 temporarii
994 2278 1159 2323 sunt:
1192 2269 1382 2323 deinde
1422 2278 1604 2324 coorta
1637 2269 1921 2323 afﬂictione
1969 2275 2062 2322 aut
2092 2282 2214 2338 per-

656 2361 936 2413 seculione
959 2371 1175 2428 prepter
1199 2374 1521 2426 sermonem,
1539 2361 1827 2418 confestim
1846 2358 2214 2415 nﬂenduntur.

659 2448 722 2501 lit
751 2448 842 2502 alii
876 2458 999 2502 sunt
1023 2449 1111 2518 qui
1143 2451 1195 2503 in
1238 2451 1424 2520 spinas
1472 2464 1653 2505 semen
1686 2450 1978 2520 accipiunt.
2013 2449 2053 2504 ii
2090 2458 2216 2504 sunt

660 2553 747 2600 qui
779 2553 1083 2594 sermonem
1139 2541 1362 2594 audiunt
1413 2556 1424 2590 :
1471 2550 1524 2594 at
1553 2541 1971 2596 sollicitudines
2033 2541 2215 2596 βδέουιί

658 2629 840 2700 hujus,
863 2631 1214 2701 deceptioque
1237 2632 1566 2693 divitiarum.
1587 2641 2010 2699 ca‘terarumque
2035 2646 2214 2688 rerum

659 2722 983 2790 cupiditates
1029 2723 1392 2788 lntroeuutes,
1460 2723 1724 2779 suli‘ocant
1781 2734 2110 2789 sermonem,
2153 2739 2217 2780 ac

661 2813 904 2868 redditur
937 2813 1260 2869 infructifer.
1310 2813 1377 2868 Et
1399 2814 1488 2869 alii
1521 2825 1640 2869 sunt
1679 2816 1769 2885 qui
1813 2815 1866 2869 in
1897 2825 2096 2869 terram
2123 2816 2219 2872 bo-

661 2919 784 2958 nam
826 2919 1009 2960 semen
1056 2919 1404 2974 exceperunt,
1456 2905 1547 2973 qui
1597 2906 1823 2960 audiunt
1879 2909 2124 2972 verbum,
2166 2914 2219 2960 et

659 2994 982 3064 suscipiunt,
1006 3003 1060 3050 et
1085 2994 1429 3060 fructificant,
1449 2995 1521 3050 ita
1537 3005 1595 3050 ut
1616 2998 1758 3051 aliud
1784 3013 2010 3068 granum
2031 2997 2218 3052 afferat

662 3087 902 3155 triginta,
933 3087 1074 3142 aliud
1106 3089 1402 3159 sexaginta,
1429 3089 1568 3143 aliud
1616 3099 1855 3145 centum.
1901 3109 1918 3142 ι
1959 3089 2094 3146 Tres
2136 3104 2217 3144 or-

660 3179 816 3231 dines
840 3187 964 3233 sunt
995 3179 1096 3234 bne
1150 3180 1265 3232 loco
1300 3194 1483 3235 eorum
1517 3179 1569 3233 in
1600 3180 1794 3249 quibus
1822 3180 2039 3236 verbum
2091 3195 2214 3250 per.

660 3271 829 3326 ditur.
855 3268 988 3325 Nam
1017 3270 1071 3326 hi
1126 3271 1214 3340 qui
1249 3271 1370 3326 sunt
1414 3287 1569 3327 secus
1605 3273 1766 3340 viain,
1807 3288 1989 3342 parum
2026 3273 2217 3326 attenti

660 3367 834 3425 sunt;
882 3361 934 3414 hi
986 3370 1162 3416 autem
1217 3360 1306 3429 qui
1349 3371 1726 3425 comparantur
1772 3371 1956 3429 petra,
2002 3359 2218 3430 pusilla-

664 3449 834 3503 uimes
870 3465 883 3512 ;
913 3448 987 3502 illi
1027 3463 1155 3503 vero
1184 3449 1272 3517 qui
1324 3459 1706 3519 comparantur
1742 3451 1928 3520 spinis,
1983 3449 2215 3506 delicati.

663 3539 860 3594 Eorum
888 3556 1102 3610 quoque
1137 3544 1229 3610 qui
1269 3544 1564 3611 suscipiunt
1589 3550 1643 3595 et
1665 3551 2217 3600 conservantsemen.

664 3633 916 3690 similiter
940 3643 1047 3690 tres
1068 3643 1194 3689 sunt
1225 3633 1466 3689 ordines.
1501 3632 1634 3687 Nam
1683 3634 1770 3703 qui
1807 3635 2036 3689 fructum
2087 3631 2221 3688 alie-

664 3725 1140 3797 runtcentuplum,
1161 3737 1284 3782 sunt
1318 3728 1413 3795 qui
1444 3726 1743 3797 perfectam
1775 3735 1826 3780 et
1850 3741 2112 3782 summam
2138 3726 2219 3779 vi-

664 3829 770 3874 tam
804 3828 968 3889 agunt
1017 3836 1032 3886 ;
1071 3820 1157 3889 qui
1218 3829 1393 3873 autem
1443 3819 1878 3889 sexagecnplum,
1927 3818 1980 3873 bi
2019 3817 2220 3872 medio-

660 3924 806 3966 crem
843 3927 859 3978 ;
904 3909 958 3966 bl
993 3925 1121 3966 vero
1162 3911 1252 3980 qui
1309 3911 1686 3981 tr‘gecuplum,
1722 3918 1850 3965 sunt
1897 3910 1988 3980 qui
2053 3923 2219 3978 parva

659 4003 898 4075 quidem,
937 4002 1168 4060 aﬂ‘erunt
1209 4013 1390 4058 tamen
1421 4013 1473 4058 et
1501 4003 1604 4073 ipsi
1646 4017 1744 4073 pro
1775 4003 1888 4057 suis
1918 4003 2138 4062 viribus,
2163 4011 2222 4055 ut

661 4097 892 4163 exempli
927 4097 1117 4165 gratia,
1155 4096 1386 4165 virgines
1420 4103 1474 4149 et
1527 4094 1797 4150 solitarii:
1845 4095 1968 4147 item
1998 4094 2086 4148 alii
2129 4094 2220 4164 qni

664 4187 716 4239 in
743 4187 1006 4242 emnoblis
1033 4195 1086 4241 et
1109 4185 1620 4257 congregatioidbus
1647 4187 1831 4240 vivunt
1860 4185 1982 4243 :alii
2005 4200 2221 4256 quoque

662 4278 786 4334 laici
843 4289 898 4334 et
945 4279 1238 4350 coniugati.
1300 4277 1682 4335 Verumtamen
1727 4277 1984 4334 Dominus
2034 4292 2221 4333 omnes

663 4381 915 4440 tanquam
977 4370 1209 4425 fructum
1262 4367 1547 4425 afferentes
1598 4370 1840 4440 suscipit.
1900 4370 2082 4426 Gratia
2151 4371 2221 4425 sit

663 4464 778 4534 ejus
807 4461 1209 4517 misericordim.

739 4551 899 4607 Vens.
944 4551 1138 4605 21-25.
1182 4570 1200 4602 ι
1239 4549 1306 4603 Ει
1337 4552 1554 4606 dicebat
1607 4552 1711 4606 illis
1750 4570 1760 4602 :
1811 4550 1947 4604 Num
1998 4551 2216 4603 lucerna

665 4646 814 4701 venit
874 4654 930 4698 ut
963 4645 1151 4699 subter
1201 4645 1433 4697 modium
1471 4655 1720 4712 ponatur,
1778 4654 1868 4696 aut
1921 4647 2105 4697 subter
2146 4643 2221 4697 ie-

663 4735 849 4794 crum?
882 4736 1065 4790 Nonne
1088 4744 1144 4789 ut
1175 4749 1337 4804 super
1383 4734 1762 4789 candelabrum
1808 4734 2069 4801 ponatur?
2109 4731 2222 4787 Non

670 4840 754 4885 est
791 4830 932 4885 enim
967 4828 1123 4898 192
1154 4828 1444 4897 quidquam
1473 4827 1740 4881 occultum
1789 4826 1928 4896 quod
1963 4841 2068 4879 non
2106 4840 2222 4878 ma-

669 4920 949 4976 nifestetur
983 4936 998 4974 :
1028 4933 1202 4987 neque
1253 4917 1349 4971 fuit
1380 4929 1669 4982 secretum,
1708 4917 1810 4971 nisi
1846 4926 1903 4970 ut
1938 4918 1990 4970 in
2026 4931 2223 4986 prona-

669 5013 834 5068 tuium
873 5011 1072 5063 veniat.
1138 5008 1192 5062 Si
1231 5010 1352 5078 quis
1401 5009 1560 5063 habet
1589 5023 1750 5063 auch
1781 5010 1846 5064 ad
1879 5010 2226 5072 audiendum,

671 5105 871 5158 audiat.
918 5121 936 5155 ι
973 5102 1083 5156 Hoc
1115 5103 1229 5156 loco
1258 5103 1506 5156 admonet
1535 5104 1804 5170 apostolos
1833 5112 1891 5157 ut
1924 5103 2032 5157 sint
2066 5101 2227 5156 clarae

670 5205 721 5249 et
763 5195 999 5248 honesta:
1020 5193 1176 5260 vitae;
1209 5193 1338 5247 dicit
1361 5195 1502 5248 enim
1530 5213 1542 5249 :
1577 5194 1732 5250 Sicut
1757 5195 1972 5249 lucerna
2001 5194 2221 5260 punitur

672 5294 726 5338 ut
753 5284 951 5349 luceat,
980 5285 1051 5338 ita
1079 5293 1132 5339 et
1160 5284 1269 5337 vita
1301 5293 1476 5339 vestra
1500 5286 1750 5341 omnibus
1781 5285 2069 5352 conspicua
2099 5285 2224 5351 erit,

672 5389 722 5431 et
752 5391 940 5432 omnes
981 5378 1047 5432 ad
1099 5377 1266 5446 ipsam
1325 5377 1611 5446 reSpicient
1644 5395 1658 5432 :
1694 5378 1898 5432 idcirco
1947 5379 2068 5432 date
2097 5393 2219 5447 ope-

674 5483 787 5521 ram
837 5477 890 5519 nt
919 5468 1026 5522 vita
1063 5478 1239 5522 vestra
1268 5470 1405 5522 bona
1443 5469 1529 5522 sit.
1573 5469 1757 5539 Neque
1778 5469 1919 5528 enim
1946 5469 1998 5523 in
2035 5471 2228 5540 angulo

676 5557 897 5623 sedetis,
933 5563 1028 5614 sed
1074 5560 1288 5614 lucerna
1330 5561 1480 5616 estis.
1516 5559 1754 5616 Lucerna
1785 5571 1961 5616 autem
1992 5576 2094 5616 non
2130 5561 2230 5616 sub

675 5649 815 5704 lecto
855 5652 1175 5716 occultatur,
1234 5653 1325 5707 sed
1385 5668 1545 5723 super
1603 5652 1986 5708 candelabrum
2034 5654 2224 5722 posita.

675 5740 834 5802 lucet.
869 5742 963 5800 Est
994 5755 1170 5801 autem
1205 5754 1257 5800 et
1286 5745 1652 5819 unusquisque
1684 5752 1948 5808 nostrum,
1986 5745 2226 5807 lucerna,

2323 1913 2478 1982 λόγον
2500 1912 2590 1965 τὸν
2615 1910 2956 1981 ἑσπαρμένον
2993 1909 3051 1962 ιν
3078 1909 3196 1968 ταῖς
3229 1903 3475 1972 καρδίαις
3520 1900 3731 1955 αὐτῶν.
3779 1896 3887 1952 Καὶ

2321 2006 2465 2060 οὗτοί
2495 2007 2633 2058 είσιν
2668 2002 2868 2073 ὁμοίως
2913 2003 2962 2056 οί
2999 2001 3091 2054 ἐπὶ
3118 2000 3187 2053 τά
3223 1996 3472 2068 πετρώδη
3505 1995 3882 2073 σπειρόμενοι,

2321 2097 2370 2148 οἳ
2397 2097 2522 2150 ὅταν
2552 2072 2825 2148 ἀκούσωσι
2850 2091 2940 2144 τὸν
2960 2089 3139 2157 λόγον,
3175 2087 3377 2149 εὐθέως
3403 2083 3541 2155 μετά
3565 2083 3740 2154 χαρᾶς
3758 2072 3892 2149 λαμ-

2323 2188 2576 2240 ϐάνουσιν
2611 2185 2795 2249 αὑτὸν,
2855 2185 2948 2237 καὶ
2997 2183 3097 2236 οὐκ
3135 2181 3320 2252 έχουσι
3349 2179 3506 2249 ῥίζαν
3535 2178 3593 2228 ὲν
3652 2176 3887 2236 ἑαυτοῖς,

2323 2280 2457 2334 ἀλλά
2485 2277 2809 2348 πρόσκαιροί
2839 2277 2975 2330 εἰσιν
3001 2293 3013 2306 ·
3044 2269 3162 2328 εἶτα
3204 2273 3504 2342 γενομένης
3556 2269 3792 2335 θλίψεως
3845 2267 3879 2335 ἢ

2323 2371 2559 2440 διωγμοῦ
2593 2370 2680 2423 διὰ
2711 2370 2801 2422 τὸν
2838 2368 3018 2436 λόγον,
3041 2365 3244 2428 εὐθέως
3272 2360 3741 2424 σκανδαλίζονται.
3779 2357 3889 2412 Καὶ

2325 2460 2465 2518 οὗτοι
2495 2464 2652 2527 εἰσιν,
2683 2462 2732 2514 οί
2791 2461 2870 2520 είς
2896 2457 2993 2523 τὰς
3021 2455 3263 2518 ἀκάνθας
3312 2452 3685 2522 σπειρόμενοι,
3717 2450 3768 2501 oi
3799 2446 3889 2501 τὸν

2327 2560 2481 2627 λόγον
2519 2555 2822 2616 ἀκούοντες,
2853 2553 2945 2606 καὶ
2984 2553 3038 2605 αἱ
3077 2550 3337 2620 μέριμναι
3364 2546 3457 2599 τοῦ
3515 2544 3712 2605 αἰῶνος
3761 2540 3886 2594 τού-

2323 2667 2441 2714 του,
2492 2649 2585 2701 καὶ
2619 2649 2651 2716 ἡ
2682 2646 2866 2713 ἀπάτη
2895 2642 2990 2696 τοῦ
3033 2642 3262 2695 πλούτου
3291 2639 3386 2693 καὶ
3415 2639 3472 2690 αῖ
3524 2636 3654 2704 περὶ
3677 2634 3746 2687 τὰ
3784 2631 3892 2684 λοι-

2326 2739 2404 2793 πά
2464 2738 2770 2806 ἐπιθυμίαι,
2845 2732 3297 2804 εἰσπορευόμεναι
3374 2727 3741 2797 συμπνίγουσι
3797 2723 3887 2775 τὸν

2325 2833 2502 2899 λόγον,
2539 2831 2633 2884 καὶ
2662 2829 2906 2898 ἄκαρπος
2941 2826 3172 2894 γίνεται.
3204 2822 3315 2877 Καὶ
3344 2817 3491 2874 οὗτοί
3543 2819 3681 2870 είσιν
3714 2815 3766 2869 οι
3798 2813 3890 2866 ixi

2325 2921 2422 2991 τὴν
2456 2920 2559 2988 γῆν
2587 2919 2682 2989 τὴν
2707 2917 2875 2987 καλὴν
2908 2915 3228 2986 σπαρέντες,
3253 2911 3306 2966 οῖ
3335 2926 3480 2972 τινες
3507 2906 3767 2961 ἀκούουσι
3799 2902 3890 2956 τὸν

2329 3013 2484 3080 λόγον
2535 3012 2629 3064 καὶ
2685 3007 3102 3078 παραδέχονται,
3173 3005 3268 3058 καὶ
3333 2995 3776 3070 καρποφοροῦσιν
3830 2993 3889 3046 έν

2324 3103 2617 3172 τριάκοντα
2653 3100 2745 3155 καὶ
2782 3100 2839 3152 ἓν
2882 3099 3145 3168 ἑξήκοντα
3190 3096 3282 3149 καὶ
3319 3093 3380 3146 ἓν
3407 3091 3624 3146 ἑκατόν.
3663 3107 3682 3141 ι
3727 3087 3890 3156 Τρεῖς

2319 3194 2500 3260 τάξεις
2548 3193 2682 3246 είσὶν
2715 3189 2945 3245 ἐνταῦθα
2978 3189 3075 3258 τῆς
3123 3187 3399 3249 ἀπωλείας
3443 3183 3540 3237 τοῦ
3603 3179 3788 3248 λόγου.
3824 3179 3884 3232 υί

2327 3288 2424 3356 μὲν
2460 3285 2569 3357 γὰρ
2628 3283 2779 3354 παρὰ
2829 3282 2926 3352 τὴν
2965 3281 3102 3347 ὁδδιν,
3139 3279 3485 3348 ἀπρὸσεκτοι,
3542 3275 3593 3328 oi
3623 3273 3682 3326 δὲ
3739 3269 3888 3343 παρά

2321 3379 2421 3449 τὴν
2446 3379 2672 3448 πέτραν,
2706 3373 3061 3446 μικρόψυχοι,
3125 3373 3174 3425 oi
3206 3369 3262 3423 δὲ
3296 3370 3446 3438 παρά
3484 3369 3581 3431 τὰς
3620 3365 3882 3429 ἀκάνθας,

2321 3472 2368 3523 oi
2390 3468 2660 3540 τρυφηταί
2714 3468 2837 3520 Τῶν
2872 3465 3056 3538 μέντοι
3082 3461 3541 3534 παραδεξαμένων
3568 3461 3664 3514 καὶ
3687 3460 3885 3512 διασω·

2325 3570 2531 3618 σάντων
2563 3562 2650 3614 τὸν
2675 3559 2892 3629 σπόρον,
2923 3557 3084 3611 πάλιν
3111 3558 3261 3625 τρεῖς
3283 3553 3464 3619 τάξεις
3493 3569 3506 3584 ο
3537 3552 3586 3604 oi
3616 3551 3717 3621 μὲν
3751 3566 3885 3620 καρο

2325 3653 2687 3726 ποφοροῦντες
2741 3651 2798 3703 ἓν
2858 3649 3072 3709 ἑκατὸν,
3123 3648 3173 3698 οι
3201 3644 3404 3698 τέλειον
3433 3643 3546 3711 βίον
3587 3643 3696 3725 ’καὶ
3724 3639 3886 3711 6:96-

2322 3765 2482 3803 τατον
2515 3745 2731 3816 ἔχοντες
2765 3760 2777 3775 ·
2804 3744 2852 3796 oi
2878 3742 2933 3794 δὲ
2964 3741 3021 3794 ἓν
3052 3739 3337 3810 ἑξήκοντα,
3359 3737 3410 3790 oi
3445 3735 3624 3805 μέσως
3651 3733 3885 3804 ἔχοντες,

2321 3843 2370 3896 oi
2395 3841 2449 3895 δὲ
2477 3840 2534 3893 ἓν
2563 3837 2876 3909 τριάκοντα,
2908 3835 3021 3888 ὅσοι
3046 3831 3220 3904 μικρά
3256 3828 3376 3899 μὲν,
3404 3826 3542 3897 πλὴν
3586 3823 3685 3879 καὶ
3735 3823 3888 3878 αὐτοὶ

2324 3934 2463 3986 κατὰ
2486 3927 3082 3998 δύναμιν.είσφέροντες
3107 3939 3122 3955 ο
3154 3917 3286 3986 οἷον,
3324 3922 3374 3973 oi
3402 3918 3500 3988 μέν
3543 3919 3651 3970 είσι
3685 3913 3887 3986 παρθέο

2327 4039 2404 4074 νοι
2435 4019 2532 4074 καὶ
2589 4017 2867 4088 ἐρημικοὶ,
2921 4015 3070 4068 ἄλλοι
3122 4011 3346 4083 μιγάδες
3381 4008 3473 4062 καὶ
3506 4009 3565 4060 ὲν
3610 4005 3887 4076 κοινοϐίῳ,

2324 4113 2497 4180 ἕτεροι
2544 4109 2721 4163 λαῖκοὶ
2748 4108 2842 4160 καὶ
2863 4107 2919 4158 ὲν
2948 4105 3140 4173 γάμῳ.
3180 4102 3328 4172 Πλὴν
3361 4102 3567 4164 πάντας
3609 4100 3640 4153 6
3683 4099 3892 4169 Κύριος

2323 4205 2396 4266 ὡς
2429 4198 2910 4274 καρποςροροῦντας
2953 4196 3203 4266 δέχεται·
3258 4205 3352 4248 και
3415 4193 3576 4264 χάρις
3614 4193 3684 4262 τῇ
3723 4188 3888 4246 αὑτοῦ

2324 4291 2720 4363 φιλανθρωπίᾳ.

2403 4583 2418 4612 ι
2453 4562 2560 4614 Καὶ
2589 4560 2775 4626 ἔλεγεν
2806 4559 2987 4621 αὐτοῖς
3019 4575 3034 4588 ·
3075 4556 3242 4627 Μήτι
3267 4559 3295 4610 6
3327 4555 3518 4625 λύχνος
3555 4554 3780 4626 ἔρχεται
3805 4556 3889 4610 ενα

2327 4653 2431 4705 ὑπὸ
2457 4651 2546 4704 τὸν
2600 4650 2782 4720 μόδιον
2811 4648 2962 4718 τεθῇ,
3019 4649 3052 4718 ἢ
3101 4649 3207 4702 ὑπὸ
3253 4648 3352 4716 τὴν
3387 4647 3613 4718 κλίνην;
3646 4648 3761 4719 Οὐχ
3809 4649 3893 4702 ἵνα

2326 4743 2420 4796 ἐπὶ
2440 4741 2536 4812 τὴν
2559 4740 2782 4812 λυχνίαν
2815 4739 3068 4810 ὲπιτεθῇς
3107 4740 3183 4794 Οὐ
3226 4741 3336 4811 γάρ
3385 4739 3504 4792 ὲστί
3532 4741 3584 4793 τι
3629 4741 3893 4811 κρυπτὸν,

2326 4833 2354 4886 6
2388 4833 2482 4886 ὲάν
2513 4833 2587 4902 μὴ
2619 4830 2930 4902 φανερωθῇ,
2964 4831 3085 4884 οὐδὲ
3126 4831 3346 4900 ἐγένετο
3403 4831 3746 4902 ἀπόκρυφον,
3783 4830 3893 4884 ἀλλ’

2329 4925 2413 4978 ἵνα
2446 4927 2525 4988 είς
2578 4923 2808 4995 φανερὸν
2865 4923 3014 4997 ἔλθῃ.
3070 4923 3135 4976 Εἴ
3184 4940 3266 4985 τις
3317 4921 3430 4992 ἔχει
3481 4916 3598 4975 ὦτα
3652 4921 3892 4984 ἀκούειν,

2327 5017 2590 5071 ἀκουέτω.
2656 5035 2673 5068 ι
2727 5014 2994 5068 Ἐνταῦθα
3051 5015 3311 5084 παραινεῖ
3366 5014 3477 5077 τοῖς
3549 5013 3890 5076 ἀποστόλοις,

2327 5109 2613 5179 λαμπροὺς
2643 5103 2783 5160 εἶναι
2818 5106 2956 5160 κατά
2999 5107 3089 5159 τὸν
3122 5105 3237 5176 βίον
3288 5107 3381 5160 καὶ
3433 5103 3534 5174 τὴν
3568 5104 3846 5157 πολιτείαν
3877 5122 3890 5134 ·

2330 5201 2541 5269 Ὠσπερ
2569 5199 2678 5270 γὰρ
2704 5200 2732 5252 6
2762 5198 2973 5268 λύχνος,
2999 5198 3188 5270 φησὶν,
3216 5199 3294 5264 είς
3321 5197 3382 5251 τὸ
3410 5197 3648 5264 λάμπειν
3665 5195 3892 5256 τίθεται,

2328 5289 2471 5344 οὕτω
2494 5289 2586 5343 καὶ
2612 5291 2640 5342 6
2687 5290 2948 5360 ὑμέτερος
2997 5288 3108 5358 βίος
3157 5291 3290 5342 πᾶσι
3329 5288 3687 5360 περίϐλεπτος
3720 5285 3891 5348 ἔσται,

2331 5384 2426 5435 καὶ
2443 5383 2642 5444 πάντες
2676 5382 2812 5451 πρὸς
2835 5382 2997 5435 αὑτὸν
3031 5381 3319 5451 βλέψουσιν
3344 5399 3357 5411 ο
3389 5381 3529 5434 ὥστε
3558 5379 3891 5433 σπουδάσατε

2332 5473 2533 5540 ἀγαθὸν
2568 5473 2680 5543 βίον
2709 5473 2871 5542 ἔχειν.
2905 5475 2977 5526 Ού
3005 5473 3113 5543 γὰρ
3158 5477 3216 5528 ὲν
3264 5474 3436 5544 γωνίᾳ
3469 5471 3728 5542 κάθησθε,
3763 5470 3894 5524 ἀλλὰ

2333 5562 2518 5633 λύχνος
2545 5563 2685 5616 ὲστέ.
2727 5563 2788 5616 Ὀ
2824 5562 2879 5615 δὲ
2906 5563 3094 5633 λύχνος
3117 5563 3215 5632 οὐχ
3242 5562 3347 5614 ὑπὸ
3377 5561 3563 5630 κλίνην
3593 5559 3893 5628 κρύπτεται

2333 5657 2446 5708 ἀλλ’
2491 5658 2547 5707 ἐν
2570 5658 2632 5724 τῇ
2665 5656 2854 5726 λυχνίᾳ
2879 5656 3051 5718 τεθεὶς
3082 5656 3283 5723 φαίνει.
3325 5655 3480 5707 Ἐστι
3505 5653 3562 5706 δὲ
3617 5654 3709 5704 καὶ
3739 5648 3892 5719 ἡμῶν

2335 5748 2582 5818 ἕκαστος,
2621 5748 2832 5818 λύχνος,
2884 5749 2941 5814 ὃς
2993 5748 3195 5819 ὀφείλει
3225 5747 3467 5803 τίθεσθαι
3530 5747 3624 5802 ἐπὶ
3651 5744 3751 5818 τὴν
3803 5742 3891 5795 λυ-
