4080 6336
232 361 342 423 εει

947 351 1395 426 ENARBATIO
1435 352 1519 415 IN
1560 352 2063 416 EVANGELIUM
2100 356 2363 417 MARCI.
2404 381 2473 393 -·
2512 358 2671 419 CAP.
2720 361 2820 421 ιν.
3421 359 3491 423 53

234 476 414 545 χνίαν,
442 473 723 528 τουτέστιν
772 469 864 523 ἐπὶ
907 468 968 523 τδ
1014 466 1147 536 ὕψος
1195 469 1294 539 τῆς
1331 467 1473 521 κατὰ
1502 468 1636 523 Θεὸν
1670 467 1821 522 πολι-

1951 470 2017 539 [ui
2078 472 2238 528 debet
2272 475 2395 543 poni
2457 490 2620 545 super
2658 474 3068 540 candelabrum,
3102 476 3206 530 hoc
3259 481 3341 530 est
3367 489 3531 543 super

232 566 411 631 τείας,
458 568 547 620 ἵνα
596 567 692 618 καὶ
730 560 946 633 ἑτέροις
995 562 1223 632 δύνηται
1273 557 1534 633 λάμπειν,
1573 560 1687 614 ἀλλ’
1728 562 1829 632 οὐχ

239 658 348 712 ὑπδ
380 659 473 710 τὸν
506 657 710 724 μόδιον,
743 654 1024 708 τουτέστιν
1058 652 1164 707 ὑπὸ
1204 653 1305 723 τὴν
1352 654 1827 722 γαστριμαργίαν,

240 751 340 803 καὶ
364 748 464 817 τὴν
496 747 627 817 περὶ
654 746 721 798 τὰ
758 746 882 798 σῖτα
914 743 1175 814 σπουδὴν,
1199 742 1310 795 οὐδ’
1346 743 1451 795 ὑπὸ
1490 743 1589 812 τὴν
1615 734 1827 813 κλίνην,

241 842 495 898 τουτέστι
527 839 627 911 τὴν
660 839 987 893 ἀνάπαυσιν.
1022 836 1214 898 Οὐδεὶς
1258 836 1530 907 γὰρ’περὶ
1585 836 1654 889 τὰ
1708 835 1831 887 σῖτα

240 934 586 999 σπουδάζων,
618 932 712 984 καὶ
740 929 923 984 ἄνεσιν
949 929 1152 994 ποθῶν,
1183 927 1408 982 δύναται
1443 926 1636 998 λύχνος
1685 922 1829 981 εἶναι

242 1028 389 1080 πᾶσι
427 1024 636 1093 φαίνων
671 1021 761 1075 διὰ
782 1021 877 1074 τοῦ
910 1020 1113 1074 οἰκείου
1144 1019 1283 1091 βίου.
1311 1019 1387 1075 Οὐ
1418 1019 1525 1090 γάρ
1550 1033 1667 1073 εστι
1694 1037 1831 1091 κρυ-

240 1120 379 1171 πτὸν
406 1114 434 1169 δ
469 1116 529 1169 ού
570 1114 643 1185 μὴ
670 1112 979 1183 φανερωθῇ.
1004 1111 1127 1170 Εἴτε
1154 1110 1363 1179 ἀγαθόν
1395 1127 1478 1176 τι,
1523 1110 1635 1163 εἴτε
1667 1128 1833 1181 πονησ

241 1210 342 1283 ρδν
373 1211 433 1262 ὲν
460 1208 538 1278 τῷ
598 1205 847 1277 λεληθότι
881 1206 1044 1265 ποιεῖ,
1078 1202 1534 1273 φανερωθήσεται
1584 1204 1681 1257 καὶ
1737 1204 1823 1257 ὲν-

241 1301 447 1367 ταῦθα,
484 1301 580 1354 καὶ
614 1296 797 1367 πολλῷ
830 1296 1032 1368 μᾶλλον
1082 1297 1143 1350 ὲν
1194 1293 1274 1366 τῷ
1311 1294 1580 1365 μέλλοντι.
1621 1295 1687 1349 Τί
1722 1295 1832 1367 γὰρ

240 1392 315 1465 ἦν
349 1394 726 1465 κρυφιώτερον
759 1390 931 1449 Θεοῦς
984 1388 1099 1443 ἀλλ’
1126 1391 1277 1459 ὅμως
1335 1388 1428 1443 καὶ
1460 1381 1614 1455 οὗτος
1640 1389 1805 1458 ἔφανε

246 1487 400 1558 ριύθη
430 1489 487 1539 ὲν
516 1484 701 1555 σαρκί.

328 1598 347 1631 ι
390 1579 500 1633 Καὶ
528 1576 713 1643 ἔλεγεν
744 1576 932 1640 αὐτοῖς
959 1591 981 1613 -·
1016 1572 1254 1628 Βλέπετε
1294 1574 1346 1627 τί
1377 1573 1630 1630 ἀκούετε.
1670 1573 1758 1627 Ἐν
1786 1566 1833 1643 ᾧ

246 1672 438 1743 μέτρῳ
466 1672 739 1740 μετρεῖτε,
772 1669 1181 1740 μετρηθήσεται
1214 1669 1365 1739 ὑμῖν,
1404 1669 1499 1723 καὶ
1522 1668 1831 1741 «poenaeq-

246 1782 405 1820 σεται
442 1764 568 1833 ὑμῖν
593 1765 704 1824 τοῖς
747 1760 1057 1815 ἁκούουσιν.
1112 1762 1208 1824 Ὃς
1238 1760 1348 1831 γὰρ
1399 1760 1465 1815 ἂν
1497 1761 1617 1833 ἔχῃ,
1674 1761 1834 1833 δοθή-

1934 564 2308 619 summilatem
2351 565 2548 623 divina:
2581 569 2721 630 tilze,
2752 576 2807 620 ut
2835 578 2887 621 et
2919 566 3039 621 aliis
3092 566 3263 636 possit
3299 565 3482 619 lucere
3512 577 3527 617 :

1934 656 2029 711 sed
2072 672 2180 711 non
2218 658 2321 713 sub
2349 658 2553 721 modio,
2590 659 2694 712 hoc
2746 667 2829 711 est
2864 657 2969 713 sub
3019 656 3428 727 gastrimargia,
3475 663 3533 707 et

1933 750 2177 804 ciborum
2210 765 2341 804 cura
2379 766 2393 803 :
2454 765 2631 819 neque
2679 751 2781 805 sub
2826 750 2989 817 lecto,
3046 749 3147 804 hoc
3189 758 3273 803 est
3325 747 3527 816 quiete.

1932 840 2125 896 Nullus
2154 844 2297 899 enim
2325 843 2411 898 cui
2441 844 2547 898 cibi
2579 850 2906 905 curasunt,
2942 852 2996 895 et
3026 841 3117 911 qui
3160 840 3399 908 requiem
3428 840 3531 896 de-

1924 938 2160 1003 siderat.
2197 944 2379 1007 potest
2428 936 2651 991 lucerna
2698 948 2822 991 esse
2852 935 3109 990 omnibus
3148 934 3337 988 lucens
3364 932 3529 987 etiam

1932 1040 2029 1095 per
2052 1039 2205 1078 suam
2240 1027 2425 1081 vitam.
2461 1024 2577 1081 Non
2610 1024 2755 1080 enim
2788 1034 2876 1081 est
2916 1024 3211 1089 occultum,
3252 1022 3398 1093 quod
3422 1036 3529 1076 non

1935 1113 2332 1170 manifestetur.
2395 1114 2781 1184 Unusquisque
2837 1122 3103 1178 vestrum,
3165 1113 3281 1167 sive
3324 1109 3529 1187 bonum

1934 1206 2061 1277 quid
2096 1205 2309 1272 fecerit,
2340 1207 2455 1263 sive
2489 1206 2691 1260 malum
2727 1206 2780 1261 in
2804 1204 3045 1271 occulto,
3082 1200 3532 1259 manifestabitur

1938 1296 2103 1352 etiam
2135 1296 2243 1362 hic,
2276 1305 2331 1351 et
2361 1297 2533 1352 multo
2574 1298 2749 1367 magis
2778 1297 2834 1352 in
2890 1296 3074 1352 futuro
3125 1295 3349 1351 saeculo.
3388 1291 3531 1359 Quid

1934 1389 2078 1445 enim
2114 1389 2490 1447 absconditius
2540 1391 2695 1447 Deo?
2730 1400 2974 1447 attamen
3013 1401 3069 1447 et
3132 1390 3247 1460 ipse
3301 1385 3535 1443 manife-

1934 1486 2109 1533 status
2137 1489 2217 1535 est
2242 1480 2293 1534 in
2324 1494 2508 1535 carne.

2009 1569 2180 1628 Vens.
2221 1572 2311 1639 ει,
2342 1572 2432 1629 25.
2471 1592 2489 1626 ι
2522 1572 2590 1629 Et
2611 1574 2825 1631 dicebat
2856 1573 2963 1632 illis
2991 1592 3007 1630 :
3034 1571 3229 1629 Videte
3277 1571 3408 1642 quid
3433 1586 3533 1626 au-

1936 1667 2119 1722 diatis.
2154 1663 2270 1733 Qua
2302 1683 2562 1725 mensura
2603 1669 2929 1735 metiemini,
2954 1670 3046 1725 alii
3084 1669 3389 1725 metientur
3429 1682 3531 1724 vo-

1938 1758 2062 1814 bis:
2094 1767 2151 1815 et
2180 1759 2471 1827 adiicietur
2502 1761 2658 1816 vobis
2687 1762 2779 1831 qui
2839 1762 3064 1817 auditis.
3094 1760 3198 1829 Qui
3236 1760 3384 1816 enim
3429 1761 3531 1817 ha-

250 1872 407 1909 σεται
443 1832 613 1923 αύτῷ,
645 1853 739 1907 καὶ
768 1852 827 1915 ὃς
867 1852 967 1905 οὐκ
1000 1849 1138 1921 ἔχει,
1181 1853 1275 1905 καὶ
1323 1852 1355 1905 δ
1380 1852 1494 1923 ἔχει
1535 1832 1833 1924 ἀρθήσεται

1951 1857 2049 1916 aet,
2071 1851 2290 1907 dabitur
2322 1851 2399 1907 illi
2431 1871 2442 1906 :
2470 1862 2525 1908 et
2552 1854 2644 1923 qui
2668 1869 2774 1908 non
2788 1853 2969 1920 habet,
2994 1857 3160 1910 etiam
3180 1853 3322 1923 quod
3347 1852 3530 1917 habet,

250 1948 348 2002 ἀπ’
378 1945 565 2001 αὑτοῦ.
598 1964 617 1997 ι
658 1944 803 2016 Πρὸς
834 1944 1208 2013 νηφαλιότητα
1261 1944 1523 2015 διεγείρει
1573 1946 1699 2009 τοῦς
1729 1963 1833 2017 μα.

248 2040 444 2112 θητάς.
488 2038 724 2093 Βλέπετε
754 2038 886 2108 γὰρ,
927 2038 1084 2107 φησὶ,
1114 2037 1167 2089 τί
1203 2037 1451 2105 ἀκούετε,
1492 2039 1661 2111 μηδὲν
1690 2041 1833 2111 ὑμᾶς

244 2133 363 2187 τῶν
393 2132 702 2201 λεγομένων
740 2130 870 2202 παρ’
916 2129 1050 2203 ἐμοῦ
1105 2132 1467 2202 διαφευγέτω.
1509 2133 1600 2188 Ἑν
1630 2128 1674 2203 ᾧ
1725 2135 1837 2207 γὰρ

251 2226 445 2297 μέτρῳ
506 2225 781 2293 μετρεῖτε,
843 2220 1248 2292 μετρηθήσεται
1305 2222 1457 2293 ὑμῖν,
1534 2224 1833 2289 τουτέστιν,

251 2318 446 2387 ἡλίκον
480 2316 681 2386 μέτρον
730 2316 1007 2385 προσοχῆς
1059 2317 1367 2388 εἰσφέρετε,
1400 2317 1706 2389 τηλικαύτη
1742 2302 1836 2373 καὶ

250 2407 493 2477 ὠφίλεια
522 2406 811 2473 δοθήσεται
840 2408 971 2477 ὑμῖν
1011 2408 1144 2477 (55).
1190 2408 1250 2461 Ὀ
1282 2408 1391 2480 γὰρ
1420 2411 1693 2481 ἀκροατὴς
1743 2410 1837 2465 ἐὰν

254 2502 360 2572 μὶν
394 2503 535 2556 πάνυ
576 2502 826 2572 προσέχῃ
853 2500 946 2552 καὶ
976 2501 1055 2563 εἰς
1087 2500 1279 2571 ἄκρον,
1321 2501 1661 2556 ἀντιδῖδωσιν
1687 2501 1839 2573 αὐτῷ

250 2598 284 2649 6
322 2595 453 2659 Θεὸς
483 2597 577 2651 καὶ
604 2595 702 2667 τὴν
726 2584 995 2663 ὠφέλειαν
1028 2593 1230 2663 πολλήν
1261 2611 1273 2625 ·
1308 2595 1403 2649 ὲέιν
1431 2593 1487 2648 δὲ
1532 2594 1729 2665 χαῦνος
1780 2591 1839 2668 ᾗ,

254 2690 401 2742 κατὰ
448 2688 741 2756 ἀναλογίαν
773 2688 864 2741 καὶ
918 2687 978 2740 τὸ
1036 2686 1227 2756 κέρδος
1261 2686 1362 2756 τῆς
1407 2688 1700 2755 ὠφελείας.
1743 2692 1839 2754 Ὃς

252 2780 368 2850 γὰρ
397 2780 463 2833 ἂν
494 2780 590 2851 ἔχῃ
623 2778 935 2849 προθυμίαν
959 2776 1055 2832 καὶ
1089 2778 1655 2850 σπουδὴν,δοθήσεται
1689 2782 1841 2851 αύτῷ

255 2872 354 2926 καὶ
383 2870 622 2940 ὠφέλεια
648 2888 660 2900 ·
694 2870 751 2933 ὃς
773 2870 818 2924 δ’
848 2870 947 2923 οὐκ
975 2868 1091 2940 ἔχει
1115 2870 1431 2940 προθυμίαν
1458 2872 1552 2925 καὶ
1579 2873 1841 2943 σπουδὴν,

254 2964 355 3018 καὶ
393 2964 422 3017 δ
478 2964 625 3017 δοκεῖ
672 2963 837 3033 ἔχειν,
868 2964 1167 3034 ἀρθήσεται
1208 2964 1301 3017 ἀπ’
1357 2964 1520 3018 αὐτοῦ
1573 2966 1709 3037 (54).
1747 2964 1846 3020 Διὰ

253 3053 374 3125 γὰρ
422 3053 526 3122 τῆς
591 3054 868 3125 ῥᾳθυμίας
940 3053 1372 3107 κατασϐέννυται
1432 3056 1527 3109 καὶ
1582 3058 1609 3109 6
1650 3054 1847 3125 μικρὸς

256 3144 501 3217 σπινθὴρ
526 3145 587 3199 δν
615 3146 881 3218 πρότερον
908 3138 1077 3215 εἶχεν,
1120 3144 1311 3219 ὥσπερ
1342 3147 1447 3201 ὑπὸ
1496 3149 1591 3219 τῆς
1644 3151 1843 3219 ἐπιμεο
1875 3172 1922 3235 C

256 3235 413 3302 λείας
454 3237 776 3292 ἀνάπτεται.
1558 3302 1561 3305 _

340 3347 361 3382 ι
399 3330 513 3385 Καὶ
541 3329 758 3398 ἔλεγεν·
790 3330 984 3395 Οὕτως
1018 3332 1168 3385 ἐστὶν
1196 3333 1227 3401 ή
1265 3330 1513 3402 βασιλεία
1542 3332 1635 3386 τοῦ
1689 3330 1848 3396 Θεοῦ,

256 3420 345 3485 ὥς
384 3421 480 3477 ἐὰν
504 3421 795 3492 ἄνθρωπος
830 3422 969 3495 βάλῃ
998 3422 1089 3477 τὸν
1119 3423 1321 3494 σπόρον
1352 3424 1445 3477 ἐπὶ
1466 3424 1567 3493 τῆς
1606 3422 1733 3493 γῆς,
1758 3422 1853 3475 xui.

262 3514 514 3586 ⁴καθεύδῃ
550 3518 641 3567 καὶ
692 3515 999 3587 ἐγείρηται,
1044 3515 1217 3569 νύκτα
1253 3516 1347 3568 καὶ
1404 3517 1641 3587 ήμέραν,
1698 3516 1792 3569 καὶ
1827 3518 1855 3569 6

264 3606 473 3677 σπόρος
502 3606 780 3679 βλαστάνῃ
800 3608 895 3661 καί⁵
927 3605 1241 3678 μηκύνηται
1274 3608 1349 3671 ὡς
1376 3608 1477 3660 ούκ
1500 3602 1640 3661 οἶδεν
1667 3607 1849 3671 αὐτός.

265 3698 564 3769 Αὐτομάτη
601 3698 711 3769 γὰρ
754 3700 790 3770 ἡ
839 3701 911 3770 γῆ
968 3702 1331 3770 καρποφορεῖ,
1368 3700 1585 3771 πρῶτον
1630 3699 1847 3771 χόρτον,

265 3784 391 3844 εἶτα
422 3792 646 3860 στάχυν,
670 3786 789 3845 εἶτα
835 3790 1017 3862 πλήρη
1048 3794 1195 3844 σῖτον
1226 3794 1283 3845 εν
1326 3792 1403 3863 τῷ
1432 3792 1646 3864 στάχυϊ.
1685 3794 1857 3846 Ὅταν

265 3883 330 3937 δὶ
358 3884 583 3955 παραδῷ
611 3887 639 3937 6
679 3887 910 3958 καρπὸς,
939 3886 1145 3950 εὐθέως
1174 3886 1499 3940 ἀποστέλλει
1548 3885 1611 3939 τὸ
1648 3886 1857 3957 δρέπα-

268 3990 385 4038 νον,
428 3976 513 4029 ὃτι
550 3976 897 4048 παρέστηκεν
957 3979 985 4031 6
1032 3973 1316 4048 θερισμός.
1364 3997 1381 4029 ι
1440 3976 1727 4032 Βασιλείαν
1762 3974 1859 4029 τοῦ

268 4066 437 4133 Θεοῦ,
466 4068 564 4139 τὴν
598 4069 726 4140 περὶ
757 4070 905 4140 ἡμᾶς
926 4070 1242 4139 οἰκονομίαν
1267 4070 1361 4122 τοῦ
1386 4069 1521 4122 Θεοῦ
1560 4071 1691 4122 νόει.
1726 4070 1854 4123 Ἀν-

272 4160 497 4231 θρωπος
532 4162 755 4235 μὲνγὰρ
784 4165 931 4215 ἑστιν
957 4164 1118 4227 αὐτὸς
1146 4165 1173 4216 ό
1208 4164 1364 4228 Θεὸς,
1394 4165 1421 4217 6
1452 4163 1748 4234 γενόμενος
1789 4164 1859 4217 δι’

269 4254 425 4321 ἡμᾶς
453 4253 762 4323 ἅνθρωπος.
792 4254 1005 4325 Σπόρον
1027 4254 1083 4307 δὲ
1113 4254 1306 4308 ἔϐαλεν
1342 4253 1435 4307 ἐπὶ
1479 4256 1578 4323 τῆς
1608 4255 1734 4325 γῆς,
1759 4254 1855 4308 τοῦ

271 4346 618 4415 Εὐαγγελίου
640 4347 697 4400 τὸ
726 4348 1009 4418 κήρυγμα·
1052 4347 1227 4418 βαλὼν
1257 4348 1313 4400 δὲ
1344 4348 1556 4412 τοῦτον,
1583 4347 1858 4415 καθεύδει,

273 4439 582 4504 τουτέστιν,
617 4440 849 4511 ἀνῆλθεν
900 4442 979 4503 είς
1031 4439 1293 4512 οὐρανούς
1325 4457 1339 4470 ’
1373 4439 1488 4493 ἀλλ’
1519 4442 1667 4512 ὅμως
1720 4440 1861 4515 ἐγεί-

1940 1944 2220 1999 aufcretur
2255 1946 2324 2000 ab
2354 1956 2439 2000 eo.
2486 1965 2505 1999 ι
2544 1946 2627 2000 Ad
2681 1947 3020 2017 vigilantiam
3085 1947 3339 2003 hortatur
3369 1946 3535 2002 disci-

1940 2028 2113 2103 pulo's.
2146 2035 2339 2094 Videte
2369 2038 2539 2103 enim,
2587 2039 2785 2110 inquit,
2819 2039 2949 2108 quid
3007 2039 3266 2105 audiatis,
3324 2036 3531 2092 nullum

1941 2138 2007 2185 ex
2042 2130 2203 2185 dictis
2263 2130 2398 2187 meis
2431 2146 2525 2187 vos
2556 2130 2747 2202 fugiat.
2799 2131 2859 2186 in
2913 2146 3020 2201 qua
3057 2144 3314 2187 mensura
3358 2129 3533 2186 mensi

1942 2219 2177 2288 fueritis,
2230 2223 2584 2277 remetientur
2636 2223 2727 2278 alii
2790 2223 2964 2289 vobis,
3011 2224 3112 2279 hoc
3179 2234 3262 2279 est
3312 2223 3529 2293 qualem

1944 2329 2253 2370 mensuram
2288 2317 2611 2372 attentionis
2642 2316 2960 2382 attuleritis,
2993 2316 3118 2370 talis
3136 2316 3303 2371 etiam
3325 2316 3535 2372 utilitas

1943 2407 2097 2462 vobis
2150 2407 2386 2462 dabitur.
2428 2410 2659 2465 Auditor
2711 2409 2858 2463 enim
2910 2408 2955 2464 si
3016 2408 3313 2464 attenderit
3360 2423 3535 2478 quan-

1944 2507 2056 2553 tum
2098 2509 2296 2568 potest,
2331 2516 2589 2569 magnum
2645 2501 2721 2556 illi
2754 2499 3097 2557 commodum
3146 2501 3289 2555 Deus
3337 2499 3533 2556 dabit:

1945 2592 2028 2645 sin
2062 2593 2323 2649 remissus
2361 2593 2545 2659 fuerit,
2582 2594 2738 2662 juxta
2778 2591 2896 2661 ejus
2952 2592 3332 2647 remissionem
3360 2602 3417 2647 et
3448 2593 3536 2647 lu-

1946 2697 2098 2737 crum
2144 2683 2519 2739 imminuetur.
2567 2683 2643 2737 Illi
2677 2684 2821 2739 enim
2853 2681 3072 2737 dabitur
3102 2685 3191 2751 qui
3238 2684 3419 2738 alacer
3452 2690 3537 2738 est

1946 2785 1999 2830 et
2027 2775 2294 2845 diligens:
2321 2776 2390 2829 ab
2411 2790 2475 2831 eo
2510 2786 2697 2831 autem
2730 2776 2819 2845 qui
2844 2776 3031 2846 segnis
3080 2775 3249 2831 fuerit
3280 2792 3343 2831 ac
3382 2776 3537 2845 igna-

1951 2884 2070 2933 vus,
2116 2869 2336 2925 tolletur
2380 2871 2544 2926 etiam
2577 2871 2723 2940 quod
2783 2872 3001 2927 videtur
3034 2871 3257 2926 habere.
3309 2869 3540 2939 Propter

1951 2961 2220 3032 ignaviam
2267 2966 2415 3021 enim
2470 2966 2845 3035 exstinguitur
2885 2966 3052 3020 etiam
3102 2979 3269 3035 parva
3301 2963 3542 3020 scintilla

1952 3070 2113 3125 quam
2148 3056 2328 3121 habet,
2358 3058 2618 3128 sicutper
2644 3057 2983 3116 alacritatem
3024 3056 3464 3113 redaccenditur.

2026 3318 2192 3375 Vens.
2226 3318 2419 3376 26-29.
2457 3339 2473 3372 ι
2516 3318 2583 3375 Et
2606 3320 2824 3376 dicebat
2851 3339 2863 3373 :
2894 3318 2988 3378 Sic
3017 3328 3101 3373 est
3144 3332 3374 3388 regnum
3427 3316 3545 3381 Dei,

1953 3412 2411 3482 quemadmodum
2438 3411 2484 3468 si
2522 3413 2685 3467 homo
2713 3412 2883 3483 jaciat
2918 3419 3221 3467 sementem
3256 3409 3312 3463 in
3345 3418 3545 3463 terram

1957 3522 2022 3562 ac
2062 3505 2301 3561 dormiat
2347 3514 2512 3575 atque
2541 3512 2811 3575 exsurgat
2853 3504 2941 3559 die
2972 3519 3036 3558 ac
3072 3511 3250 3565 nocte,
3284 3514 3550 3571 segesque

1956 3596 2247 3665 germinet.
2273 3609 2334 3649 ac
2365 3605 2551 3664 surgat
2586 3595 2645 3652 in
2664 3593 2833 3649 altum
2857 3594 2984 3649 dum
3033 3594 3208 3648 nescit
3248 3592 3357 3647 ille.
3392 3589 3550 3646 Ultro

1960 3688 2111 3743 enim
2170 3696 2317 3742 terra
2372 3685 2693 3753 fructificat,
2759 3688 2995 3757 primum
3055 3684 3303 3749 herbam,
3354 3684 3553 3740 deinde

1960 3781 2189 3850 Spicam,
2228 3791 2507 3849 postremo
2534 3779 2755 3850 plenum
2780 3777 3113 3834 fermentum
3142 3779 3195 3833 in
3216 3780 3386 3849 spica.
3410 3777 3547 3833 Cum

1962 3885 2144 3930 autem
2177 3876 2475 3945 productus
2530 3872 2697 3928 fuerit
2734 3871 2971 3939 fructus,
3011 3872 3194 3927 statim
3235 3871 3405 3927 mittit
3450 3868 3553 3924 fal-

1963 3983 2103 4035 cem,
2134 3967 2389 4037 quoniam
2427 3967 2583 4021 adest
2630 3965 2842 4020 messis.
2881 3982 2901 4018 ι
2957 3964 3205 4034 Regnum
3250 3964 3343 4017 Dei
3387 3963 3551 4017 intel-

1963 4060 2068 4132 lige
2101 4060 2196 4115 Dei
2251 4068 2473 4131 pmpter
2510 4073 2609 4112 nos
2646 4058 3109 4113 incarnationem.
3161 4055 3337 4110 Homo
3402 4054 3550 4109 enim

1965 4165 2048 4212 est
2079 4156 2195 4224 ipse
2242 4156 2405 4221 Deus,
2440 4154 2534 4225 qui
2590 4162 2816 4224 propter
2868 4166 2967 4206 nos
3002 4151 3180 4206 iaelus
3235 4160 3320 4204 est
3369 4149 3537 4203 homo

1969 4247 2168 4303 Semen
2215 4257 2395 4302 autem
2427 4247 2579 4302 misit
2600 4260 2768 4317 super
2799 4254 3025 4306 terram,
3059 4242 3337 4312 Evangelii
3367 4240 3564 4312 pradi-

1966 4341 2262 4406 cationem,
2297 4340 2496 4410 illoque
2527 4340 2767 4410 proiecto
2804 4339 3026 4403 dormit,
3049 4337 3150 4391 hoc
3193 4344 3277 4391 est
3316 4335 3563 4390 ascemlit

1974 4434 2028 4489 in
2054 4434 2221 4489 caelos
2248 4453 2260 4487 :
2292 4440 2534 4487 attamen
2572 4434 2746 4500 surgit
2769 4441 2930 4487 nocte
2963 4440 3017 4486 et
3049 4430 3156 4484 die.
3187 4426 3321 4482 Nam
3369 4442 3564 4495 quam-

276 4547 440 4600 ρεται
466 4528 640 4584 νύκτα
688 4532 783 4584 καὶ
822 4532 1056 4602 ἡμέραν.
1092 4532 1152 4585 El
1180 4533 1289 4603 γὰρ
1318 4533 1414 4586 καὶ
1452 4532 1739 4586 καθεύδειν
1771 4532 1846 4586 60-

1972 4526 2055 4581 vis
2092 4524 2233 4579 Deus
2258 4524 2499 4579 dormire
2526 4524 2796 4587 videatur,
2833 4521 3005 4589 surgit
3044 4530 3219 4573 tamen
3268 4534 3281 4570 :
3315 4528 3369 4570 et
3404 4527 3564 4571 noete

273 4623 368 4675 κεί
394 4620 423 4673 6
452 4619 607 4687 Θεὸς,
637 4620 752 4676 ἀλλ’
776 4623 1051 4693 ἐγείρεται
1080 4639 1095 4653 ο
1125 4622 1297 4677 νύκτα
1336 4622 1456 4693 μὲν,
1488 4624 1619 4677 ὅταν
1646 4623 1736 4676 διὰ
1760 4623 1846 4676 τῶε

1972 4614 2217 4684 quidem,
2242 4612 2465 4684 quando
2507 4627 2603 4681 per
2632 4611 2960 4667 tentatiOnes
2992 4610 3043 4663 in
3080 4607 3239 4680 193
3259 4609 3340 4663 sui
3371 4608 3565 4678 cogni-

275 4713 605 4785 πειρασμῶν
648 4716 730 4779 είς
753 4716 851 4788 τὴν
885 4716 1051 4768 αὑτοῦ
1105 4716 1401 4785 ἐπίγνωσιν
1435 4716 1582 4789 ἡμᾶς
1632 4715 1828 4787 ἀνιστᾷ
1852 4734 1863 4746 ·

275 4804 498 4875 ἡμέραν
524 4806 600 4868 δὲ,
636 4806 765 4861 ὅταν
796 4808 882 4861 διὰ
914 4809 1022 4861 τῶν
1056 4808 1225 4878 ἡδέων
1278 4810 1372 4863 καὶ
1410 4808 1763 4879 εὐφροσύνων
1792 4809 1866 4861 οἱ·

277 4900 491 4969 κονομῇ
520 4897 619 4969 τήν
659 4899 935 4969 ἡμετέραν
970 4901 1135 4970 ζωήν.
1164 4900 1485 4971 Μηκύνεται
1518 4901 1574 4953 δὲ
1610 4902 1635 4953 6
1669 4900 1871 4970 σπόρος

1973 4709 2178 4763 tionem
2206 4721 2304 4762 nos
2330 4706 2559 4761 suscitat
2595 4723 2609 4760 :
2639 4706 2727 4760 die
2752 4720 2905 4768 vero,
2930 4707 3148 4775 quando
3183 4716 3278 4771 per
3296 4700 3485 4755 suavia
3510 4707 3561 4754 et

1967 4799 2206 4871 jucunda
2259 4809 2503 4855 nostram
2536 4799 2706 4854 vitam
2756 4799 3090 4852 moderatur.
3120 4794 3333 4849 Crescit
3383 4800 3563 4847 autem

1972 4908 2161 4949 semen
2197 4893 2313 4963 ipso
2369 4893 2574 4958 nescio,
2615 4891 2771 4945 liberi
2823 4892 2968 4944 enim
3022 4886 3233 4943 arbitrii
3266 4901 3476 4949 sumus,
3509 4893 3566 4939 et

276 4993 358 5055 ὡς
394 4992 494 5045 οὐκ
518 4988 657 5045 οἶδεν
683 4994 843 5058 αὐτός
866 5011 880 5025 ·
924 4992 1266 5060 αύτεξούσιοι
1297 4993 1405 5063 γάρ
1434 4993 1626 5062 ἐσμεν,
1682 4992 1778 5046 καλ⁹
1807 4992 1846 5044 ὲπ

1975 4985 2028 5039 in
2054 4994 2238 5040 nostra
2256 4984 2529 5039 electione
2552 4983 2828 5053 Oportebit
2854 4997 3040 5036 semen
3072 4981 3154 5035 vel
3186 4993 3455 5045 crescere,
3485 4978 3571 5032 vel

277 5064 358 5153 τῇ
384 5084 627 5156 ἡμετέρᾳ
658 5086 976 5156 προαιρέσει
1008 5088 1179 5137 κεῖται
1234 5085 1295 5136 τὸ
1330 5086 1421 5138 τδν
1454 5085 1655 5155 σπόρον
1696 5083 1727 5136 ἦ
1770 5083 1867 5138 αὑ-

280 5175 597 5246 ξάνεσθαιῆ
634 5177 729 5246 μή.
777 5178 929 5230 Ἐπεὶ
969 5177 1104 5247 μηδὲ
1137 5178 1355 5247 ἀνάγκῃ
1381 5175 1867 5247 καρποφοροῦμεν,

280 5265 403 5320 ἀλλ’
434 5266 723 5336 αὐτοματὶ,
758 5266 1059 5333 τουτέστιν,
1109 5266 1202 5336 ἀφ’
1228 5267 1439 5320 ἑαυτῶν
1481 5264 1869 5336 καρποφοροῦ-

1979 5093 2108 5133 non.
2153 5076 2337 5145 Neque
2370 5079 2517 5132 enim
2554 5077 2727 5132 coacti
2753 5084 2807 5130 et
2836 5076 3152 5131 necessario
3206 5073 3446 5126 fructum
3488 5071 3570 5125 af-

1981 5172 2227 5235 ferimus,
2262 5171 2359 5225 sed
2391 5181 2606 5238 Sponte,
2646 5170 2749 5223 hoc
2772 5177 2857 5224 est
2904 5184 2931 5221 a
2958 5168 3285 5236 nobisipsis:
3331 5166 3569 5236 primutn

1982 5264 2197 5335 quidem
2262 5263 2486 5318 herbam
2522 5261 2803 5318 ﬂorentem
2842 5275 2907 5315 ac
2966 5260 3238 5327 primitias
3294 5258 3422 5314 boni
3473 5258 3569 5311 de-

1248 5426 1340 5484 Ex.
1381 5422 1725 5485 collatione
1758 5422 1945 5484 codd.
2000 5423 2230 5482 Venet.
2266 5422 2327 5481 S.
2368 5420 2591 5482 Marci.

361 5603 478 5676 (εδ)
531 5602 666 5676 Cod.
708 5602 973 5676 aenean
1004 5614 1019 5654 :
1050 5600 1162 5676 K_a_l.
1209 5600 1271 5653 οὐ

1330 5601 1490 5671 μόνον
1531 5602 1589 5654 ὲν
1613 5598 1692 5671 τῷ
1722 5598 1874 5669 αύτῷ

2055 5599 2165 5669 (54)
2195 5598 2343 5669 Idem
2382 5596 2544 5657 Cod..
2576 5596 2676 5669 ᾁπ⁹
2702 5594 2907 5669 αὐτοῦ,
2929 5594 3085 5669 τοῦτξ
3111 5594 3249 5657 ἐστι,
3284 5596 3377 5669 καὶ
3409 5594 3435 5646 ὃ
3461 5593 3577 5669 ἔχει

291 5656 500 5752 μὲ-τρίρ,
530 5672 679 5752 ,ἀλλὰ
716 5674 819 5752 ’καὶ
871 5656 1341 5752 προστεθήσεται.
1364 5671 1549 5752 ⁸πλέον,
1582 5691 1622 5752 ἰ
1660 5656 1725 5725 Et
1770 5656 1875 5752 non
1983 5656 2207 5752 στξερμα
2225 5656 3441 5752 γνὼσεοξςάρθήσετριρπἀ.ύτοῦ.Διὰγὰρ,ηκ.

288 5740 467 5800 solum
529 5743 581 5797 in
628 5744 817 5798 eadem
870 5740 1156 5805 mensura;
1220 5742 1311 5796 sed
1359 5744 1477 5811 plus
1523 5743 1686 5797 etiam
1746 5740 1880 5811 adji-

292 5818 489 5872 tictur.
534 5831 555 5865 ι

1989 5760 2008 5792 ι
2052 5737 2164 5793 lloe
2198 5748 2298 5801 est,
2331 5749 2383 5793 et
2418 5739 2544 5793 illud
2608 5739 2750 5808 quod
2808 5737 2973 5793 habet
3007 5751 3191 5791 semen
3227 5738 3575 5805 rognitionis.

1988 5812 2209 5867 tolletur
2235 5811 2299 5864 ub
2329 5825 2415 5865 co.
2454 5827 2471 5861 ι
