4108 6334
627 361 734 432 539

1532 356 2110 424 THEOPHYLACTI
2147 354 2560 417 BULGAllIIE
2605 354 2965 418 ARCHIEP.

3755 347 3859 412 540

625 479 723 533 des
753 481 936 531 essent
969 471 1310 529 comminutae
1330 515 1344 536 ,
1382 486 1554 543 neque
1583 475 1868 543 quisquam
1907 470 2064 542 195
2093 482 2182 521 va-

2293 465 2521 530 Ξιλύσεις,
2575 467 2668 520 καὶ
2717 467 2820 529 τάς
2872 466 3036 528 πέδας
3082 462 3497 535 συντετρῖφθαισ
3532 459 3632 514 καὶ
3689 459 3862 524 οὐδεὶς

627 570 813 624 luisset
837 581 956 623 eum
982 567 1221 630 domare,
1254 576 1308 620 et
1331 580 1548 634 semper
1573 567 1660 620 die
1684 580 1748 619 ac
1775 575 1932 620 nocte
1956 567 2008 619 in
2032 580 2186 618 mon-

630 661 771 715 tibus
830 673 896 713 ac
927 659 1286 714 monumentis
1328 666 1445 713 erat
1486 656 1761 721 clamans,
1805 666 1855 712 et
1897 657 2188 712 concidens

628 753 862 822 seipsum
892 751 1178 822 lapidibus.
1220 776 1237 804 ι
1267 750 1583 806 Prohatiora
1610 751 1940 822 exemplaria
1965 751 2184 815 habent,

626 846 678 898 in
709 846 979 913 regionem
1021 844 1469 914 Gergesenorum.
1515 845 1685 901 Porro
1729 846 2010 900 Mattheus
2055 846 2189 899 duos

623 937 754 990 dicit
802 937 1070 991 daemonio
1122 938 1406 1006 agitatos:
1458 937 1671 994 Marcus
1725 951 1855 992 vero
1903 945 1958 993 et
2016 937 2190 990 Lucas

628 1045 812 1094 unum,
842 1030 1166 1084 atrociorem
1204 1030 1456 1084 videlicet
1486 1031 1537 1083 in
1571 1029 1803 1084 medium
1830 1031 2183 1108 protereutes.

629 1120 784 1175 Venit
813 1122 975 1190 igitur
1004 1122 1093 1190 qui
1115 1122 1379 1175 dremouio
1403 1123 1724 1192 agitabatur,
1749 1122 2010 1176 coulitens
2042 1121 2187 1177 illum

626 1223 746 1264 esse
776 1208 970 1264 Filium
1004 1209 1117 1264 Dei.
1157 1209 1417 1276 Quoniam
1447 1212 1498 1264 in
1534 1211 1655 1264 navi
1684 1211 1993 1266 dubitabant
2026 1211 2189 1265 disci-

627 1299 736 1368 puli
764 1310 993 1369 quantus
1029 1301 1116 1354 hic
1133 1309 1305 1364 esset,
1339 1301 1560 1371 majoris
1586 1301 1704 1355 lidei
1742 1302 1799 1354 lit
1824 1304 2186 1356 mstimonium

628 1390 695 1442 ab
727 1389 997 1444 inimicis:
1026 1403 1160 1460 quos
1188 1404 1283 1458 per
1307 1393 1579 1446 daemones
1610 1393 1868 1460 intelligo.
1903 1391 2189 1446 l'laliitahat

626 1487 806 1531 autem
831 1479 880 1530 iu
907 1479 1190 1547 sepulcris,
1219 1481 1403 1535 volens
1427 1482 1733 1538 hominibus
1759 1483 1950 1537 malam
1978 1485 2189 1554 opinio-

627 1582 749 1620 nem
806 1567 1038 1634 it'.l’errc,
1089 1570 1230 1639 quod
1285 1573 1629 1626 morientium
1679 1578 1871 1629 animae
1917 1576 2190 1633 daamones

630 1657 761 1713 ﬁant
787 1677 808 1715 ,ι
839 1661 980 1730 quod
1009 1662 1151 1718 absit
1181 1672 1238 1717 ut
1263 1664 1387 1735 quis
1414 1666 1620 1720 credat.

698 1925 859 1982 Vens.
889 1927 1025 1982 6-10
1077 1943 1097 1982 ι
1129 1930 1261 1985 Cum
1294 1934 1513 1990 vidisset
1537 1945 1713 1992 autent
1742 1937 1924 1995 Jesum
1955 1903 2185 2008 eminus,

627 2020 866 2072 cucurrit
905 2030 959 2075 et
1005 2023 1250 2078 adoravit
1280 2040 1400 2081 eum
1425 2066 1439 2092 ,
1473 2038 1525 2082 et
1555 2029 1794 2093 clamans
1833 2047 1963 2089 voce
1995 2050 2189 2104 magna

627 2110 793 2168 tlixitl:
827 2110 964 2178 Quid
995 2115 1123 2168 mihi
1157 2124 1328 2171 tecum
1356 2119 1742 2186 est,Jesn,Fili
1776 2124 1870 2179 Dei
1898 2126 2189 2182 altissimi?

627 2200 816 2270 adiuro
849 2214 898 2258 te
926 2219 1024 2274 per
1061 2207 1254 2273 Deum,
1285 2225 1354 2266 ne
1391 2227 1475 2267 me
1499 2221 1773 2284 torqueas.
1799 2217 2016 2275 Dicebat
2045 2220 2188 2274 enim

630 2291 704 2343 illi
732 2309 745 2346 :
775 2291 895 2360 Exi,
924 2295 1142 2364 spiritus
1171 2298 1462 2362 immunde.
1499 2303 1566 2358 ab
1597 2304 1833 2363 homine.
1865 2308 1928 2361 Et
1954 2310 2189 2364 interro-

628 2384 792 2452 gabat
845 2400 1006 2442 eum:
1054 2387 1206 2454 Quod
1255 2391 1350 2445 tibi
1400 2407 1594 2449 nomen
1635 2398 1762 2451 est?
1805 2398 1869 2452 Et
1915 2403 2191 2471 respondit

631 2475 816 2530 dicens
841 2477 889 2530 ei
917 2495 930 2530 :
961 2477 1125 2548 Legio
1151 2480 1279 2535 mihi
1308 2498 1498 2538 nomen
1528 2496 1629 2552 est,
1653 2487 1778 2558 quia
1808 2490 1959 2547 multi
1980 2507 2188 2549 sumus.

631 2565 698 2622 Et
727 2567 1115 2637 deprecabatur
1138 2586 1262 2627 cum
1293 2575 1541 2642 multum,
1569 2593 1635 2633 ne
1659 2593 1718 2634 se
1743 2581 2013 2639 emitteret
2039 2595 2189 2640 extra

631 2663 928 2743 regionem.
975 2685 992 2716 ι
1024 2663 1374 2722 Tormentqu
1404 2684 1563 2723 suum
1595 2680 1782 2741 putant
1817 2674 2109 2743 daemones,
2147 2679 2190 2732 si

628 2763 897 2823 cogantur
941 2756 1091 2810 exire
1127 2758 1195 2812 ab
1241 2757 1490 2828 homine;
1533 2762 1653 2820 ideo
1693 2764 1923 2821 dicunt:
1967 2769 2046 2824 Ne
2084 2779 2194 2825 tor-

631 2859 818 2913 queas,
849 2847 949 2902 ltoc
973 2858 1075 2914 est,
1107 2863 1174 2903 ne
1202 2852 1401 2906 educas
1431 2866 1530 2907 nos
1556 2867 1621 2909 ex
1648 2855 1954 2914 habitaequ
1985 2870 2188 2928 nostro,

632 2936 732 2989 hoc
778 2943 862 2991 est
908 2937 1141 2993 homine.
1187 2938 1293 2996 Sed
1328 2951 1380 2996 et
1417 2944 1573 2999 aliter
1617 2947 2002 3005 existimabant
2045 2955 2189 3022 quod

629 3041 848 3099 propter
870 3031 1053 3098 gravia
1083 3047 1204 3101 quae
1231 3041 1602 3103 attentassent,
1636 3054 1738 3094 non
1765 3041 1903 3095 ultra
1931 3059 2189 3111 passurus

628 3131 769 3176 esset
805 3123 949 3192 ipsos
973 3164 988 3189 ,
1017 3125 1108 3179 sed
1142 3140 1262 3181 mox
1313 3128 1591 3198 suppliciis
1630 3133 1955 3201 traditurus,
1991 3136 2191 3192 idcirco
2219 3149 2265 3206 α

629 3223 684 3266 et
729 3223 886 3267 erant
929 3229 995 3269 ne
1043 3229 1101 3270 se
1153 3226 1419 3286 torqueat.
1467 3219 1770 3292 lnterrogat
1815 3232 1990 3279 autem
2039 3226 2188 3280 lllnnt

631 3301 906 3371 Dominus,
939 3320 1042 3360 non
1068 3317 1122 3361 ut
1153 3307 1265 3376 ipse
1285 3311 1480 3376 discat,
1507 3314 1600 3366 sed
1621 3321 1678 3366 ut
1697 3313 1789 3370 alii
1817 3316 2028 3372 discant
2052 3319 2188 3371 mul-

631 3392 915 3448 titudinem
957 3396 1340 3452 daemoniorum
1385 3400 1477 3468 qui
1521 3400 1573 3454 in
1605 3400 1697 3457 illo
1732 3413 1908 3458 erant.
1942 3405 2192 3472 Quando-

631 3481 844 3548 quidem
889 3499 1027 3540 untts
1053 3488 1341 3556 apparebat
1381 3505 1537 3557 esse,
1584 3494 1822 3548 ostendit
1865 3494 2024 3553 Jcsus
2067 3514 2189 3553 cum

630 3583 759 3643 quot
792 3573 1027 3637 inimicis
1069 3578 1390 3637 miserabilis
1423 3583 1584 3640 homo
1615 3585 1702 3641 ille
1735 3596 1990 3646 certaret.

704 3747 868 3804 Vens.
902 3750 957 3806 ll
1004 3753 1089 3808 l4.
1123 3773 1141 3806 ι
1174 3756 1299 3811 Erat
1322 3769 1499 3816 autem
1527 3764 1597 3818 ibi
1622 3765 1775 3835 juxta
1803 3778 2038 3824 montem
2063 3786 2192 3841 grex

632 3855 917 3908 porcorum
955 3859 1176 3915 magnus
1213 3864 1470 3918 pascens,
1517 3864 1572 3908 et
1609 3857 2039 3926 deprecabantur
2070 3878 2192 3918 eum

631 3945 818 3988 Omnes
848 3935 1117 3992 dmruones
1148 3939 1428 3997 dicentes:
1461 3943 1607 4000 Mitte
1649 3961 1746 4003 nos
1781 3950 1831 4002 in
1876 3965 2096 4019 porcos,
2135 3964 2195 4009 ut

633 4023 684 4074 in
719 4037 811 4077 eos
853 4025 1198 4082 iutroeamus.
1275 4029 1341 4082 Et
1381 4035 1622 4100 permisit
1665 4037 1742 4090 eis
1788 4039 1970 4093 statim
2013 4041 2191 4097 Jesus.

634 4109 697 4163 Et
715 4113 918 4177 egressi
945 4113 1167 4182 spiritus
1195 4117 1457 4171 immundi
1492 4120 1723 4190 ingressi
1749 4134 1872 4176 sunt
1904 4125 1954 4178 in
1979 4141 2192 4194 porcos.

2292 559 2453 613 αὐτὸν
2484 554 2638 628 ῐᾶχυε
2690 557 2965 629 δαμάσαιο
3009 558 3102 610 καὶ
3136 557 3224 615 διὰ
3279 554 3502 618 παντὸς,
3538 551 3736 615 νυκτὸς
3775 554 3861 606 καὶ

2291 650 2522 717 ἡμέρας,
2556 651 2614 702 ὲν
2639 651 2752 712 τοῖς
2788 648 2940 718 ὄρεσι
2968 649 3062 701 καὶ
3087 650 3146 700 ὲν
3171 648 3285 709 τοῖς
3324 647 3603 715 μνήμασιν
3633 640 3704 715 ἦν
3732 644 3864 712 κράο

2289 743 2398 806 ζων
2433 742 2529 795 καὶ
2563 741 2926 795 κατακόπτων
2965 739 3157 794 ἑαυτὸν
3190 739 3384 801 λίθοις.
3431 756 3448 788 ι
3506 737 3588 788 Τά
3637 735 3859 805 ἀκριΰὲ·

2290 847 2455 900 στερα
2503 831 2613 884 τῶν
2650 833 3020 904 ἀντιγράφων,
3053 832 3133 894 εἰς
3161 831 3263 899 τὴν
3300 828 3485 899 χώραν
3532 828 3642 879 τῶν
3670 827 3863 895 Γεργε-

2291 921 2493 991 σηνῶν,
2544 923 2679 991 ἔχει.
2720 923 2778 976 '0
2829 923 2928 992 μὲν
2959 919 3053 976 οὖν
3105 921 3382 983 Ματθαῖος
3409 918 3502 971 δύο
3540 912 3683 970 εἶναι
3737 918 3860 977 τοὺς

2288 1003 2765 1086 δαιμονιζομένους
2815 1014 2964 1083 λέγει
2987 1030 3002 1045 ο
3041 1014 3070 1065 6
3100 1012 3156 1066 δὲ
3193 1011 3418 1081 Μάρκος
3444 1009 3539 1063 καὶ
3568 1010 3598 1061 ὁ
3627 1008 3860 1073 Λουκᾶς,

2288 1107 2385 1162 Eva
2409 1124 2423 1138 '
2451 1109 2545 1162 τὸν
2572 1108 2680 1177 γὰρ
2717 1105 3094 1178 χαλεπώτερον
3123 1102 3526 1172 ὶπιλεξάμενοι,
3547 1098 3864 1170 διηγοῦνται

2291 1201 2420 1270 περὶ
2457 1198 2645 1253 αὐτοῦ.
2685 1199 2947 1268 Ἔρχεται
2972 1197 3150 1264 τοίνυν
3184 1193 3698 1262 ὁδαιμονιζὸμενος,
3738 1189 3864 1242 Υἱθλν

2291 1291 2454 1344 αὑτὸν
2508 1287 2785 1357 ὁμολογῶν
2822 1281 2964 1339 εἶναι
3020 1284 3179 1340 Θεοῦ.
3219 1283 3375 1340 Ἐπεὶ
3429 1284 3540 1350 γὰρ
3592 1282 3642 1334 οί
3688 1284 3746 1332 ὲν
3791 1277 3866 1345 τῷ

2292 1381 2464 1450 πλοίῳ
2505 1379 2886 1449 ’ἀμφέϐαλλον,
2923 1377 3164 1439 ποταπός
3215 1379 3363 1428 ἔστιν
3409 1369 3584 1436 οὗτος,
3650 1373 3682 1439 ή
3716 1370 3868 1440 παρά

2289 1473 2397 1526 τῶν
2432 1470 2669 1540 σὲχθρῶν
2705 1469 2982 1540 μαρτυρία
3015 1467 3311 1537 πιστοτέρα
3333 1465 3543 1532 γίνεται
3575 1480 3588 1493 ·
3625 1463 3773 1529 λέγω
3803 1463 3866 1530 δὴ

2289 1563 2396 1617 τῶν
2418 1562 2708 1632 δαιμόνων.
2743 1562 3011 1630 Κατῴκει
3048 1559 3106 1612 δὲ
3135 1559 3195 1611 ὲν
3224 1560 3337 1621 τοῖς
3386 1557 3657 1627 μνήμασι,
3703 1569 3868 1620 πονη-

2291 1655 2392 1725 ρὰν
2424 1654 2692 1723 ὑπόληψιν
2736 1653 2970 1706 ἐνθεῖναι
3013 1651 3336 1722 βουλόμενος
3361 1652 3476 1711 τοῖς
3529 1647 3862 1715 ἀνθρώποις,

2290 1746 2371 1800 ὅτι
2389 1746 2497 1799 τῶν
2525 1745 2979 1816 ἀποθνησκόντων
3010 1745 3067 1795 αἱ
3096 1741 3266 1811 ψυχαὶ
3310 1739 3568 1809 δαίμονες
3594 1740 3864 1805 γίνονται.

2217 1824 2260 1880 Β
2299 1842 2364 1894 Ὀ
2394 1839 2466 1909 μὴ
2497 1838 2709 1906 γένοιτο
2739 1837 2860 1890 τινὰ
2888 1834 3199 1890 πιστεῦσαι.

2370 1950 2387 1981 ι
2435 1929 2580 1982 Ἰδὼν
2604 1930 2660 1983 δὲ
2685 1929 2776 1981 τδν
2819 1927 3027 1998 Ἰησοῦν
3067 1927 3173 1978 ἀπὸ
3202 1922 3494 1994 μακρόθεν,
3534 1922 3745 1993 ἔδραμε
3773 1922 3866 1973 καὶ

2291 2023 2694 2094 προσεκύνησεν
2715 2020 2883 2089 αὐτῷ,
2904 2020 2997 2073 καὶ
3015 2017 3222 2088 κράξας
3252 2018 3403 2084 φωνῇ
3440 2014 3675 2086 μεγάλῃ,
3707 2009 3824 2066 εἷπε
3846 2028 3862 2044 ⁸

2292 2117 2356 2169 Τί
2391 2115 2512 2185 ἐμοὶ
2546 2113 2639 2168 καὶ
2670 2113 2774 2177 σοὶ,
2805 2110 3001 2181 Ἰησοῦ,
3040 2111 3134 2164 Υίὲ
3176 2109 3269 2162 τοῦ
3297 2108 3433 2162 Θεοῦ
3471 2106 3565 2160 τοῦ
3597 2108 3861 2174 ὑψίστους

2302 2205 2537 2275 Ὁρκίζω
2564 2221 2622 2256 σε
2652 2203 2743 2257 τὸν
2775 2203 2928 2265 Θεὸν,
2972 2203 3045 2273 μή
3085 2219 3150 2272 με
3177 2200 3497 2271 βασανίσῃς.
3521 2199 3722 2266 Ἔλεγε
3757 2199 3864 2275 γὰρ

2292 2295 2456 2365 αὐτῷ·
2499 2294 2743 2361 Ἔξελθε,
2777 2294 2836 2347 τὸ
2857 2294 3071 2363 πνεῦμα
3101 2293 3160 2345 τὸ
3183 2291 3512 2361 ἀκάθαρτον,
3551 2293 3615 2344 ὲκ
3643 2288 3737 2343 τοῦ
3771 2290 3864 2342 ἀν-

2291 2384 2531 2456 θρώπου.
2574 2386 2682 2437 Kal
2714 2383 2979 2455 ἐπηρώτα
3030 2383 3210 2448 αὑτὸν,
3250 2383 3314 2435 Τί
3356 2400 3438 2435 σοι
3497 2383 3717 2450 δνομα;
3757 2379 3864 2432 Καὶ

2292 2476 2588 2545 ἀπεκρίθη,
2608 2475 2810 2542 λέγων·
2840 2473 3059 2543 Λεγεὼν
3086 2472 3257 2543 ὄνομά
3292 2490 3402 2542 μοι,
3450 2473 3530 2526 ὅτι
3557 2471 3743 2524 πολλοί
3773 2473 3863 2524 έσ-

2297 2583 2415 2636 μεν.
2470 2566 2580 2618 Kal
2611 2564 2904 2634 παρεκάλει
2955 2564 3119 2616 αὐτὸν
3169 2563 3360 2629 πολλὰ,
3400 2563 3487 2616 ἵνα
3542 2564 3617 2632 μὴ
3663 2562 3862 2625 αὐτοὺς

2292 2657 2582 2727 ἀποστείλῃ
2615 2655 2719 2720 ἔξω
2756 2657 2853 2725 τῆς
2900 2656 3109 2726 χώρας.
3165 2656 3412 2710 Βάσανον
3447 2654 3789 2724 ,νομίζουσιν
3814 2654 3861 2708 oi

2291 2748 2543 2818 δαίμονες
2566 2749 2625 2802 τὸ
2650 2748 2883 2814 ἐξελθεῖν
2909 2749 2973 2801 ἐκ
3003 2748 3097 2801 τοῦ
3127 2748 3434 2819 ἀνθρώπου.
3469 2747 3558 2800 Διό
3580 2764 3739 2816 φασι,
3770 2746 3861 2817 Μὴ

2292 2841 2615 2913 βασανίσῃς,
2638 2838 2906 2905 τουτέστι,
2939 2841 3015 2913 μὴ
3046 2841 3322 2913 ὲξαγάγης
3355 2842 3504 2911 ἡμᾶς
3521 2842 3586 2893 ἐκ
3610 2839 3707 2892 τοῦ
3729 2856 3864 2893 κατ-

2292 2934 2609 3004 οικητηρίου
2668 2933 2850 3004 ἡμῶν,
2923 2934 3043 3004 ἦτοι
3072 2933 3168 2988 τοῦ
3218 2931 3535 3004 ἀνθρώπου·
3573 2933 3667 2986 καὶ
3691 2931 3862 2996 ἄλλως

2291 3023 2369 3087 δὲ,
2410 3024 2658 3095 ἐνόμιζον
2689 3026 2770 3079 ὄτι
2801 3025 2890 3080 διὰ
2940 3027 3039 3098 τὴν
3071 3025 3375 3098 ὑπερδολὴν
3401 3025 3512 3078 τῶν
3543 3025 3636 3078 ὑπ’
3683 3023 3861 3080 αὐτῶν

2293 3114 2677 3185 τολμωμένων,
2699 3118 2800 3170 οὐκ
2829 3117 3080 3184 ἀνέξεται
3105 3133 3120 3148 ο
3156 3117 3293 3171 ἀλλά
3322 3117 3634 3190 παραδώσει
3663 3116 3860 3180 αὐτοὺς

2293 3206 2542 3262 ἐντεῦθεν
2570 3208 2669 3278 ἤδη
2729 3211 2797 3278 τῇ
2831 3209 3086 3262 κολάσειο
3135 3209 3222 3262 διὰ
3263 3208 3420 3262 τοῦτο
3449 3208 3543 3262 καὶ
3605 3223 3862 3277 παρακα-

2296 3297 2478 3350 λοῦσιν
2521 3298 2609 3350 ’ἕνα
2645 3298 2718 3368 μὴ
2746 3299 3015 3372 βασανίσῃ
3055 3298 3272 3363 αὐτούς.
3321 3299 3531 3371 Ἐρωτᾷ
3556 3297 3613 3352 δὲ
3647 3297 3808 3351 αὑτὸν
3833 3296 3863 3348 6

2293 3387 2514 3458 Κύριος,
2547 3388 2642 3457 οὐχ
2696 3389 2781 3440 ἴνα
2817 3389 2962 3462 μάθῃ
2995 3389 3178 3454 αὐτὸς,
3235 3389 3465 3443 ἀλλ’ἵνα
3499 3390 3549 3442 oi
3574 3387 3726 3442 ἄλλοι
3759 3386 3862 3457 μά-

2293 3478 2427 3532 θωσι
2466 3480 2526 3532 τὸ
2562 3480 2765 3548 πλῆθος
2824 3480 2931 3533 τῶν
2987 3479 3339 3534 ἐνοικούντων
3371 3479 3518 3550 αὑτῷ
3567 3479 3860 3549 δαιμόνων.

2305 3571 2520 3642 Ἐπειδὴ
2545 3572 2650 3641 γὰρ
2679 3567 2760 3632 εἷς
2790 3571 3064 3640 ἐφαίνετο,
3098 3571 3370 3624 δείκνυσιν
3393 3571 3420 3623 6
3457 3570 3690 3640 Χριστὸς
3719 3572 3862 3634 ὅσοις

2297 3663 2510 3731 ἐχθροῖς
2542 3663 2804 3716 ὲπάλαιεν
2840 3664 2868 3715 6
2900 3661 3132 3720 ἐλεεινὸς
3158 3662 3366 3722 ἐκεῖνος
3396 3660 3718 3731 ἄνθρωπος.

2371 3771 2388 3804 ι
2421 3748 2528 3816 Ἦν
2559 3754 2613 3807 δὲ
2634 3755 2752 3806 ἐκεῖ
2780 3754 2915 3825 πρὸς
2944 3753 3022 3824 τῷ
3049 3753 3167 3824 δρει
3223 3754 3392 3824 ἀγέλη
3421 3755 3620 3824 χοίρων
3654 3753 3862 3823 μεγάλη

2299 3846 2618 3918 βοσκομένη.
2650 3847 2760 3901 Kal
2785 3847 3164 3918 παρεκάλεσαν
3188 3846 3348 3900 αὐτὸν
3379 3848 3577 3909 πάντες
3607 3847 3655 3898 οἱ
3679 3846 3865 3916 δαίμο-

2296 3955 2404 4000 νες,
2434 3938 2711 4005 λέγοντες·
2768 3938 2988 4010 Πέμψον
3022 3941 3171 4010 ἡμᾶς
3226 3940 3307 4002 είς
3341 3939 3468 4001 τοὺς
3501 3937 3747 4008 χοίρους,
3781 3937 3864 3991 ίνα

2296 4032 2587 4094 είςκαὺτοὺς
2612 4030 2940 4100 εἰσέλθωμεν
2959 4048 2975 4063 ο
2996 4030 3088 4084 καὶ
3109 4030 3408 4100 ἐπέτρεψεν
3436 4029 3622 4091 αὐτοῖς
3658 4028 3862 4091 εὐθέως

2295 4126 2323 4177 ὁ
2365 4123 2602 4192 Ἰησοῦς’
2630 4123 2724 4176 καὶ
2755 4122 3040 4186 ἐξελθόντα
3056 4124 3127 4176 τὰ
3153 4122 3440 4190 πνεύματα
3462 4121 3530 4174 τὰ
3558 4120 3864 4192 ἀκάθαρτα,

635 4201 696 4255 Et
751 4201 1024 4258 ferebatur
1080 4220 1208 4273 grex
1266 4222 1360 4275 per
1405 4224 1643 4280 praeceps
1699 4211 1750 4266 in
1807 4229 1976 4271 mare.
2029 4215 2191 4274 Erant

2298 4214 2545 4283 εἰσῆλθον
2601 4216 2678 4276 είς
2719 4214 2842 4275 τοὺς
2887 4214 3125 4284 χοίρους.
3159 4214 3272 4268 Kal
3318 4211 3580 4283 ὥρμησεν
3625 4214 3658 4277 ἡ
3699 4212 3867 4283 ἀγέλη

632 4299 808 4345 autem
845 4290 1016 4347 lerme
1061 4294 1143 4347 his
1180 4295 1361 4360 mille,
1406 4307 1461 4352 et
1497 4299 1745 4355 suffocati
1783 4310 1908 4357 sunt
1939 4304 1992 4358 in
2033 4307 2190 4361 mari.

632 4381 799 4438 Porro
833 4385 921 4453 qui
957 4385 1247 4452 pascebant
1277 4403 1497 4457 porcos,
1528 4389 1804 4461 fugerunt,
1829 4405 1882 4450 et
1913 4401 2194 4454 renuntia-

2298 4304 2437 4359 κατὰ
2475 4304 2566 4358 τοῦ
2622 4304 2868 4375 κρημνοῦ
2909 4305 2988 4367 είς
3015 4303 3114 4373 τὴν
3169 4302 3462 4358 Θάλασσαν.
3485 4302 3670 4356 Ἶῐσαν
3701 4304 3758 4357 δὲ
3794 4305 3866 4369 ὡς

2296 4397 2562 4466 δισχίλιοι,
2611 4396 2706 4448 καὶ
2735 4395 3021 4463 ἐπνίγοντο
3059 4395 3118 4448 δν
3149 4397 3218 4465 τῇ
3243 4395 3520 4466 θαλάσσῃ.
3555 4395 3620 4447 Ui
3651 4395 3708 4448 δὲ
3742 4395 3866 4465 βόσ-

632 4485 822 4529 verunt
857 4478 907 4530 in
940 4479 1236 4545 civitatem,
1272 4492 1325 4536 et
1359 4484 1410 4536 iu
1448 4501 1626 4554 agros.
1670 4508 1689 4541 ι
1727 4490 2002 4550 Daemones
2031 4505 2190 4550 orant

2294 4508 2478 4554 κοντες
2506 4491 2632 4553 τοὺς
2660 4489 2898 4559 χοίρους,
2931 4488 3156 4556 ἔφυγον,
3187 4489 3284 4542 καὶ
3311 4487 3642 4556 ἀνήγγειλαν
3669 4490 3749 4551 εἰς
3771 4490 3870 4558 τὴν

634 4562 917 4619 hominum
967 4583 1033 4622 ne
1076 4570 1313 4626 mitteret
1360 4588 1418 4629 se
1461 4585 1612 4631 extra
1656 4581 1962 4649 regionem,
2007 4587 2100 4641 sed
2137 4589 2188 4641 in

631 4670 845 4725 gregem
889 4673 1192 4726 porcorum.
1236 4662 1353 4733 Ipse
1391 4678 1570 4722 autem
1613 4670 1712 4726 hoc
1758 4677 2018 4741 permisit.
2056 4678 2190 4746 Quia

630 4746 771 4799 enim
799 4760 1064 4804 certamen
1092 4755 1301 4807 estvita
1328 4765 1533 4822 nostra,
1559 4759 1728 4814 noluit
1759 4763 2015 4820 Dominus
2041 4778 2192 4821 extra

630 4837 767 4890 hanc
796 4840 958 4892 vitam
1000 4842 1271 4898 daemones
1310 4860 1454 4912 esse,
1499 4858 1558 4902 ut
1602 4861 1874 4908 certantes
1911 4857 2190 4912 nobiscum

633 4941 729 4978 nos
777 4930 1109 4995 probatiores
1143 4948 1655 4997 conmmustrareut.
1699 4945 1968 5002 Permittit
2013 4960 2190 5003 autem

631 5018 733 5070 illis
764 5021 968 5075 intrare
1000 5023 1052 5077 in
1085 5040 1272 5092 porcos
1340 5040 1398 5083 ut
1422 5029 1717 5099 discamus,
1752 5040 1892 5103 quod
1919 5041 2058 5094 sicut
2085 5058 2189 5098 non

632 5122 984 5177 pepercerunt
1017 5116 1191 5182 porcis
1217 5159 1230 5180 ,
1272 5119 1344 5172 ita
1375 5136 1547 5190 neque
1576 5124 1775 5178 homini
1814 5128 1883 5182 illi
1922 5133 2192 5200 pepercis-

632 5213 778 5266 sent,
817 5207 914 5259 nisi
949 5222 1073 5261 eum
1106 5209 1282 5265 divina
1318 5213 1490 5268 virtus
1522 5218 1878 5287 custodisset;
1920 5224 2192 5279 daemones

633 5296 776 5347 enim
809 5310 928 5349 cum
958 5298 1155 5354 inimici
1185 5304 1355 5357 nostri
1388 5306 1516 5369 sint,
1544 5308 1788 5376 protinus
1818 5327 1912 5367 nos
1939 5317 2192 5370 concide-

635 5397 775 5448 rent,
810 5387 910 5440 nisi
949 5387 1086 5444 Deus
1113 5406 1208 5447 nos
1241 5406 1607 5452 conservaret.
1655 5399 1808 5455 Disce
1841 5414 2015 5459 autem
2050 5413 2192 5475 quod

634 5493 812 5545 neque
853 5479 903 5532 in
945 5494 1135 5548 porcos
1174 5485 1372 5540 habent
1422 5499 1743 5558 potestatem
1792 5493 2093 5564 daemones,
2140 5511 2193 5554 et

641 5570 802 5625 multo
835 5573 1010 5627 minus
1041 5576 1094 5628 in
1127 5577 1404 5644 homines,
1435 5582 1536 5635 nisi
1571 5585 1843 5652 permittat
1886 5587 2045 5643 Deus.
2081 5588 2194 5645 Ob-

640 5676 791 5715 serva
825 5664 984 5736 198
1014 5675 1194 5720 autem
1220 5672 1360 5738 quod
1407 5672 1456 5724 in
1492 5675 1737 5730 homines
1779 5680 1868 5745 qui
1902 5695 2189 5746 porcorum

645 5767 794 5809 more
825 5756 1026 5823 vivunt,
1061 5767 1115 5813 et
1141 5759 1192 5814 in
1229 5759 1338 5816 luto
1371 5763 1652 5834 voluptatis
1684 5778 1986 5839 vorsantur,
2018 5774 2194 5843 ingrc-

2295 4583 2447 4635 πόλιν
2465 4581 2559 4635 καὶ
2579 4583 2657 4644 είς
2682 4581 2806 4644 τοὺς
2841 4579 3066 4650 ἀγρούς.
3109 4599 3126 4632 ι
3153 4581 3215 4632 Ol
3240 4580 3336 4649 μὲν
3366 4579 3619 4647 δαίμονες
3653 4581 3867 4645 ἀξιοῦσι

2293 4675 2382 4725 τὴν
2415 4675 2614 4744 Κύριον
2671 4675 2745 4742 μὴ
2783 4672 3100 4725 ἀποστεῖλαι
3149 4671 3347 4733 αὐτοὺς
3378 4671 3484 4736 ἔξω
3522 4673 3622 4740 τῆς
3653 4673 3864 4745 χώρας.

2294 4763 2408 4815 ἀλλ’
2465 4764 2543 4824 είς
2593 4761 2690 4830 τὴν
2753 4761 2955 4830 ἀγέλην
2994 4760 3102 4813 τῶν
3155 4759 3354 4831 χοίρων
3398 4760 3700 4813 ἀπολῦσαν
3757 4764 3786 4814 6
3816 4762 3870 4816 δὲ

2297 4857 2569 4926 συγχωρεῖ
2612 4853 2788 4907 τοῦτο.
2833 4852 3049 4925 Ἐπειδὴ
3103 4854 3212 4923 γὰρ
3265 4852 3576 4922 παλαίστρα
3631 4854 3786 4907 ἐστὶν
3839 4855 3868 4906 6

2297 4947 2406 5016 βίος
2444 4946 2620 5016 ἡμῶν,
2681 4944 2780 4997 οὐκ
2818 4943 3083 5014 ἠθέλησεν
3129 4946 3158 4998 6
3202 4942 3408 5013 Κύριος
3456 4944 3561 5008 ego
3604 4944 3700 4998 τοῦ
3752 4945 3865 5015 βίον

2290 5038 2483 5090 τούτου
2507 5037 2775 5090 ἀπολῦσαι
2793 5037 2915 5096 τοὺς
2939 5035 3221 5104 δαίμονας,
3250 5035 3335 5088 ῐνα
3357 5034 3682 5099 παλαίοντες
3714 5039 3865 5105 ἡμῖν,

2293 5129 2694 5199 δοκιμωτέρους
2753 5129 2903 5197 ἡμᾶς
2959 5128 3322 5198 ἑγράζωνται.
3393 5128 3750 5199 Συνεχὼρησε
3813 5129 3867 5182 δὲ

2293 5222 2476 5282 αὐτοῖς
2533 5222 2613 5282 είς
2666 5219 2790 5281 τοὺς
2823 5218 3040 5289 χοίρους
3074 5217 3363 5279 εἰσελθεῖν,
3399 5217 3476 5282 ὡς
3505 5219 3574 5272 ἂν
3601 5221 3866 5289 μάθωμεν

2294 5314 2373 5365 ὃτι
2411 5310 2597 5377 ὥσπερ
2631 5310 2737 5362 τῶν
2765 5312 2964 5380 χοίρων
2999 5310 3098 5362 οὐκ
3124 5309 3430 5378 ἐφείσαντο,
3462 5310 3635 5374 οὓτως
3665 5312 3774 5364 οὐδ’
3802 5310 3867 5366 ἀν

2294 5401 2388 5454 τοῦ
2416 5401 2700 5470 ἀνθρώπου
2738 5401 2946 5454 ἐκείνου
2978 5400 3285 5469 ἐφείσαντο,
3307 5403 3356 5453 εί
3394 5399 3469 5470 μη
3500 5399 3620 5454 θεία
3640 5401 3866 5473 δύναμις

2295 5483 2362 5568 ἦν
2394 5499 2426 5568 ἡ
2487 5496 2830 5568 συντηροῦσα.
2869 5497 3069 5551 αὐτόν·
3105 5498 3153 5548 οἱ
3205 5497 3460 5566 δαίμονες
3503 5497 3614 5568 γὰρ
3671 5497 3861 5568 ἐχθροὶ

2297 5589 2466 5653 ὄντες,
2523 5587 2831 5656 κατέκοψαν
2864 5588 2929 5641 ἂν
2976 5588 3124 5656 ἡμᾶς
3158 5587 3426 5659 αὑθωρδν,
3476 5589 3526 5640 εί
3562 5589 3637 5661 μὴ
3681 5591 3709 5641 6
3733 5588 3864 5652 Θεὸς

2302 5685 2583 5752 συνετήρει
2643 5683 2810 5750 luti;
2849 5680 3103 5734 Μάνθανε
3141 5679 3193 5732 δὲ
3227 5683 3307 5734 ὅτι
3342 5680 3461 5733 οὐδὲ
3495 5681 3638 5733 κατά
3667 5681 3865 5751 χοίρων

2301 5774 2496 5842 ἔχωσιν
2548 5772 2792 5839 ἐξουσίαν
2846 5774 2894 5826 οἱ
2949 5770 3224 5843 δαίμονες,
3270 5773 3364 5826 καὶ
3423 5771 3602 5842 πολλῷ
3663 5770 3863 5842 μᾶλλον
