4108 6334
285 361 386 434 αἱ
1043 366 1485 434 ENARRATIO
1520 366 1604 428 IN
1643 362 2153 430 EVANGELIUM
2196 367 2542 431 MARCI.-
2575 368 2737 431 CAP.
2767 368 2840 429 ν.

3451 361 3561 429 542

287 477 431 533 κατὰ
461 478 793 554 ἀνθρώπων,
821 484 871 538 εἰ
904 483 980 556 μὴ
1008 485 1352 555 συγχωρήσει
1377 481 1405 534 ὁ
1449 479 1587 544 ’Θεός
1607 496 1620 511 ·
1656 479 1767 534 νόει
1814 479 1839 533 δ

1943 479 2203 547 _dinntur
2225 480 2530 546 daemones,
2566 489 2622 537 et
2658 479 2885 534 mittunt
2918 475 3041 533 illos
3070 473 3338 547 pmipiti
3382 474 3567 545 perdi-

282 569 368 623 ὅτι
422 571 519 623 καὶ.
567 574 649 635 εἰς
682 575 809 637 τοὺς
842 574 983 627 κατά
1010 573 1231 645 χοίρους
1264 571 1474 635 ζῶντας
1523 568 1868 640 ἀνθρώπους,

1982 572 2128 626 tione
2159 573 2211 626 in
2242 587 2391 626 mare
2425 570 2590 640 hujus
2620 570 2765 634 vitae,
2795 575 2853 621 ut
2884 564 3237 622 suﬂ‘ocentur.

285 664 381 716 καὶ
406 661 482 733 τῷ
518 664 769 739 βορϐόρῳ
794 668 894 738 τῆς
923 669 1116 739 ἡδονῆς
1144 664 1599 735 ἐγκυλιομένους,
1676 665 1759 727 εἰς
1816 663 2044 728 τούτους
2091 666 2435 737 εἰσέρχονται
2471 666 2522 719 οἰ
2569 662 2853 732 δαίμονες,
2884 662 2977 716 καὶ
3039 661 3329 733 ῥίπτουσιν
3360 656 3565 724 αὐτοὺς

281 752 426 806 κιτά
456 754 551 810 τοῦ
579 757 824 827 κρημνοῦ
854 761 951 826 τῆς
982 758 1277 820 ἀπωλείας,
1319 757 1378 811 ἐν
1400 756 1466 826 τῇ
1489 754 1735 827 Θαλάσσῃ
1794 752 1887 807 τοῦ
1932 753 2051 825 βίου
2081 759 2297 822 τούτου,
2335 757 2433 812 καὶ
2462 758 2877 827 ἀποπνίγονται.

359 859 377 893 ι
419 842 531 897 Καὶ
565 844 790 915 ἐξῆλθον
833 847 962 901 ἰδεῖν
986 846 1037 899 τί
1069 848 1185 899 ἐστι
1222 846 1286 899 τὸ
1338 846 1586 915 γεγονός.
1630 841 1739 895 Καὶ
1774 840 1865 911 ἔρ-

275 950 466 1002 χονται
501 936 637 1007 πρὸς
690 937 783 991 τὸν
826 935 1055 1009 Ἰησοῦν,
1089 937 1185 991 καὶ
1221 935 1494 1006 θεωροῦσι
1538 936 1631 989 τὸν
1664 935 1862 1004 δαιμο-

279 1026 567 1095 νιζόμενον
599 1028 930 1099 καθήμενον,
975 1030 1068 1083 καί⁵
1094 1031 1453 1098 ἱματισμένον
1495 1028 1583 1082 καί
1641 1042 1862 1097 σωφρο-

277 1116 500 1183 νοῦντα,
532 1117 624 1173 τὸν
651 1121 923 1190 ἐσχηκότα
944 1123 1034 1173 τὸν
1057 1119 1320 1189 λεγεῶνα,
1342 1120 1437 1173 καὶ
1487 1119 1856 1191 ἐφοϐήθησαν.

276 1209 620 1279 Διηγήσαντο
669 1210 727 1265 δὲ
773 1212 954 1275 αὐτοῖς
980 1214 1028 1265 oi
1082 1211 1302 1274 ἰδόντες,
1342 1209 1459 1273 πῶς
1515 1209 1733 1276 ἐγένετο
1778 1209 1857 1278 τῷ

270 1300 729 1375 δαιμονιζομένῳ,
766 1306 861 1357 καὶ
899 1305 1027 1375 περὶ
1057 1302 1166 1356 τῶν
1210 1302 1442 1375 χοίρωνο
1502 1304 1598 1355 καὶ
1625 1300 1860 1372 ἦρξαντο

272 1393 629 1461 παρακαλεῖν
673 1395 838 1449 αὑτὸν
891 1394 1146 1448 ἀπελθεῖν
1168 1393 1275 1448 ἀπὸ
1307 1392 1417 1447 τῶν
1445 1392 1613 1461 ὁρίων
1644 1392 1852 1446 αὐτῶν.

268 1482 385 1534 Καὶ
431 1482 701 1550 ἐμϐάντος
731 1482 897 1536 αὑτοῦ
933 1485 1011 1545 εἰς
1043 1482 1103 1536 τὸ
1130 1481 1336 1547 πλοίου,
1371 1481 1859 1552 παρεκάλειαύτὸν

266 1573 295 1622 ὸ
326 1569 719 1639 δαιμονισθεὶς,
776 1570 862 1623 ἵνα
963 1572 1078 1641 μετ’
1120 1570 1284 1624 αὑτοῦ
1308 1587 1322 1603 ⁸
1363 1574 1391 1625 ὸ
1420 1572 1477 1625 δέ
1523 1572 1730 1642 Ἰησοῦς
1758 1572 1859 1624 οὐκ

268 1660 485 1728 ἀφῆκεν
528 1661 713 1727 αὑτὸν,
765 1661 901 1717 ἀλλά
944 1662 1093 1730 λέγει
1131 1662 1315 1733 αὐτῷ·
1352 1662 1573 1730 ’Υπαγε
1628 1665 1707 1727 εἰς
1764 1662 1856 1714 τὸν

268 1745 420 1803 οἶκόν
448 1769 540 1806 σου
573 1754 709 1821 πρὸς
739 1755 864 1817 τοὺς
891 1755 1015 1817 σοὺς
1041 1755 1137 1807 καὶ
1164 1755 1490 1824 ἀναγγειλον
1522 1756 1708 1818 αὐτοῖς
1753 1756 1852 1809 ὅσα

273 1857 356 1895 σοι
384 1845 413 1897 ὁ
446 1842 649 1914 Κύριος
686 1844 976 1915 πεποίηκε,
1013 1847 1108 1899 καὶ
1133 1846 1333 1917 urnae
1365 1865 1446 1901 σε.
1484 1848 1597 1902 Καὶ
1619 1847 1851 1917 ἀπῆλθε,

271 1933 366 1986 καὶ
398 1935 603 2004 ἧρξατο
626 1935 925 2006 κηρύσσειν
956 1938 1012 1989 ἐν
1041 1940 1105 2004 τῇ
1130 1939 1452 2003 Δεκαπόλει,
1474 1941 1575 1993 ὅσα
1596 1940 1855 2009 ἐποίησεν

269 2023 420 2095 αύτῷ
454 2024 481 2077 ὁ
524 2024 753 2095 Ἰησοῦς,
784 2028 878 2080 καὶ
928 2033 1129 2093 πάντες
1165 2030 1498 2102 ἐθαύμαζον.
1540 2051 1558 2083 ι
1603 2032 1855 2104 Ἐξῆλθον

269 2118 369 2186 μὲν
396 2120 445 2171 οἰ
481 2119 576 2188 τῆς
601 2120 807 2184 πόλεως
830 2122 1047 2193 ἐκείνης
1078 2124 1214 2191 πρὸς
1237 2124 1330 2177 τὸν
1371 2124 1602 2195 Ἰησοῦν,
1636 2126 1847 2179 ἐκπλα-

265 2212 458 2279 γέντες
488 2212 548 2267 τὸ
581 2214 766 2284 θαῦμα
790 2232 803 2244 ·
832 2216 1164 2282 ἀκούσαντες
1186 2219 1263 2283 δέ,
1293 2219 1641 2290 ἐφοϐήθησαν
1664 2220 1848 2275 πλέον.

264 2304 359 2358 Διδ
391 2306 487 2358 καὶ
513 2306 893 2377 παρακαλοῦσι
921 2310 1011 2362 τὸν
1049 2309 1258 2381 Ἰησοῦν
1288 2311 1376 2365 ἵνα
1404 2311 1596 2384 ἐξέλθῃ
1648 2315 1712 2367 ἐκ
1744 2314 1851 2369 τῶν

261 2395 435 2467 ὁρίων
467 2398 665 2452 αὐτῶν.
700 2397 815 2453 Ἐδε
838 2401 1114 2455 δοίκεισαν
1154 2404 1263 2474 γὰρ
1296 2404 1506 2475 μήποτε
1536 2407 1630 2459 καὶ
1668 2408 1851 2475 μεῖζόν

264 2505 315 2540 τι
351 2487 589 2547 πάθωσι.
628 2490 767 2553 Τοὺς
801 2492 910 2562 γὰρ
942 2492 1158 2563 χοίρους
1201 2496 1592 2559 ἀπολέσαντες,
1636 2500 1729 2551 καί⁵
1756 2498 1850 2551 λυ-

263 2580 531 2649 πηθέντες
557 2582 648 2634 ἐπὶ
679 2585 743 2653 τῇ
771 2584 1034 2656 ἀπωλείᾳ,
1062 2589 1448 2657 παραιτοῦνται
1477 2590 1570 2643 καὶ
1593 2591 1691 2661 τὴν
1709 2608 1852 2662 παρ·

260 2669 451 2725 ουσίαν
506 2671 601 2724 τοῦ
654 2673 859 2745 Κυρίου
892 2692 905 2707 ⁸
942 2678 969 2730 ὀ
1014 2678 1070 2731 δὲ
1130 2679 1497 2748 δαιμονισθεὶς
1550 2684 1851 2752 παρεκάλει

262 2762 449 2827 αὑτὸν,
482 2764 571 2818 ἴνα
670 2768 787 2835 μετ’
809 2767 997 2821 αὐτοῦ’
1028 2769 1278 2839 ἐφοϐεῖτο
1310 2773 1418 2843 γὰρ
1443 2775 1655 2845 μήποτε
1687 2778 1849 2847 μόνον

259 2854 517 2923 εὑρόντες
542 2857 702 2910 αὐτὸν
728 2858 778 2909 οἰ
807 2858 1083 2930 δαίμονες,
1115 2863 1278 2918 πάλιν
1342 2866 1644 2920 ἐπέλθωσιν
1676 2869 1846 2940 αὐτῷ.

268 2947 331 2999 '0
359 2948 416 3000 δὲ
443 2948 647 3018 Κύριος
674 2950 907 3004 ἀπολύει
928 2952 1183 3018 αύτὺνείς
1217 2956 1307 3010 τὸν
1330 2950 1476 3010 οἷκον
1502 2958 1686 3026 αὐτοῦ,
1706 2960 1851 3013 δεικ-

2040 845 2206 903 Vsus.
2244 848 2431 902 15-20.
2470 866 2488 899 ι
2530 848 2594 902 Et
2618 848 2825 918 egressi
2858 855 2985 901 sunt
3010 843 3078 899 ad
3106 843 3400 907 videndum
3428 844 3559 913 quid

1964 946 2111 993 esset
2158 938 2301 1006 quod
2349 938 2627 992 acciderat
2665 954 2679 990 :
2734 946 2791 992 et
2842 936 3070 991 veniunt
3121 934 3189 988 ad
3236 932 3460 996 Jesum,
3503 943 3560 988 et

1959 1030 2151 1085 vident
2184 1031 2337 1084 illum
2371 1029 2465 1100 qui
2510 1045 2539 1082 a
2578 1029 2849 1083 daemonio
2896 1029 3235 1093 vexabatur,
3273 1026 3556 1087 sedentem

1959 1138 2023 1176 ac
2042 1122 2299 1177 vestitum
2351 1132 2405 1175 et
2435 1136 2581 1175 sana:
2608 1121 2831 1186 mentis,
2854 1120 2944 1188 qui
2970 1120 3235 1173 habuerat
3258 1118 3550 1186 legionem.

1957 1221 2012 1269 et
2057 1214 2375 1268 timuerunt.
2429 1212 2493 1266 Et
2548 1219 2918 1265 narraverunt
2964 1209 3072 1264 illis
3123 1208 3213 1277 qui
3270 1209 3536 1271 viderant,

1957 1303 2192 1373 qualiter
2229 1304 2522 1359 accidisset
2555 1303 2603 1358 ei
2643 1302 2735 1371 qui
2780 1301 3110 1356 daemonium
3153 1299 3460 1361 habuerat,
3498 1307 3557 1353 et

1957 1397 2024 1451 de
2051 1398 2251 1465 porcis.
2281 1394 2347 1449 Et
2384 1410 2577 1465 rogare
2603 1403 2893 1462 creperum
2919 1408 3043 1451 eum
3071 1400 3128 1444 ut
3152 1391 3461 1445 discederet
3487 1388 3554 1444 de

1958 1487 2157 1543 finibus
2189 1488 2455 1555 ipsorum.
2488 1485 2556 1540 Et
2583 1501 2709 1541 cum
2748 1486 3028 1555 ingressus
3056 1491 3202 1538 esset
3233 1481 3434 1547 navim,
3467 1494 3556 1535 ro—

1954 1579 2117 1649 gabat
2167 1579 2320 1634 illum
2373 1579 2464 1650 qui
2513 1578 2691 1634 fuerat
2742 1592 2771 1631 a
2815 1576 3085 1632 tlaemonio
3131 1584 3449 1643 correptus,
3490 1580 3553 1628 ut

1957 1680 2104 1725 esset
2130 1685 2253 1725 cum
2288 1671 2380 1725 illo
2410 1688 2423 1723 :
2456 1673 2616 1725 Jesus
2646 1676 2828 1723 autem
2858 1682 2966 1722 non
2996 1666 3245 1736 permisit
3273 1680 3420 1729 eum,
3455 1665 3550 1719 sed

1958 1764 2036 1818 ait
2069 1763 2188 1817 illi:
2232 1763 2332 1818 Abi
2380 1763 2433 1817 in
2472 1762 2692 1817 domum
2746 1771 2892 1815 tuam
2925 1759 2991 1813 ad
3025 1769 3171 1826 tuos,
3206 1766 3259 1813 et
3290 1754 3551 1811 annuutia

1958 1856 2068 1911 illis
2108 1863 2307 1924 quanta
2357 1854 2452 1910 tibi
2494 1852 2755 1909 Dominus
2804 1850 3028 1917 fecerit},
3079 1861 3134 1905 et
3174 1851 3432 1906 misertus
3479 1848 3554 1903 sit

1958 1947 2057 2003 tui.
2116 1946 2189 2023 EQ
2245 1946 2417 2013 abiit,
2477 1956 2530 2002 et
2596 1946 2765 2015 erepit
2822 1943 3128 2012 praedicare
3181 1944 3233 1998 in
3295 1939 3550 2011 Decapoli

1954 2020 2292 2118 quantawsibi
2330 2042 2548 2098 fecisset
2580 2039 2774 2108 Iesus;
2809 2049 2864 2095 et
2891 2054 3085 2095 omnes
3117 2038 3479 2093 mirabantur.
3521 2052 3541 2088 ι

1956 2138 2220 2191 Exierunt
2258 2136 2425 2206 igitur
2456 2135 2557 2190 viri
2592 2134 2738 2189 illius
2770 2134 3011 2190 civitatis
3042 2136 3111 2186 ad
3140 2130 3326 2187 Jesum
3360 2141 3549 2199 stupe-

1954 2227 2083 2283 facti
2108 2228 2371 2282 miraculo
2405 2244 2419 2281 :
2450 2237 2505 2282 et
2532 2242 2654 2281 cum
2682 2226 2986 2291 audissent,
3017 2226 3317 2280 timuerunt
3349 2226 3544 2293 magis.

1953 2318 2162 2374 Idcirco
2204 2326 2259 2373 et
2303 2317 2487 2372 Jesum
2542 2326 2739 2385 rogant
2785 2326 2845 2371 ut
2894 2316 3211 2386 egrediatur
3258 2330 3287 2369 a
3342 2314 3547 2370 finibus

1952 2410 2217 2481 ipsorum.
2250 2407 2573 2464 Timuerunt
2602 2409 2749 2465 enim
2779 2409 3072 2477 nequando
3101 2416 3156 2463 et
3188 2406 3362 2476 majus
3388 2406 3546 2477 quid-

1953 2506 2076 2561 dam
2125 2504 2423 2573 patiantur.
2478 2503 2578 2569 Qui
2622 2504 2767 2557 enim
2816 2503 3173 2571 perdiderant
3214 2516 3445 2570 porcos.
3488 2499 3542 2553 ln

1954 2596 2257 2664 perditione
2310 2595 2558 2649 dolentes
2602 2604 2898 2665 precantur
2949 2603 3007 2646 ut
3054 2593 3212 2647 abeat
3258 2590 3541 2645 Dominus.

1951 2688 2220 2744 Caeterum
2269 2688 2317 2744 is
2356 2689 2448 2758 qui
2494 2688 2766 2744 daemonio
2816 2687 3055 2757 agitatus
3096 2684 3309 2751 fuerat,
3350 2683 3545 2738 orabat

1951 2784 2102 2839 illum
2154 2795 2212 2839 ut
2267 2800 2387 2840 cum
2443 2787 2560 2856 ipso
2609 2793 2802 2841 esset:
2863 2784 3090 2838 timebat
3136 2782 3321 2844 enim,
3376 2794 3445 2835 ne
3494 2778 3542 2834 si

1952 2874 2171 2944 quando
2195 2875 2469 2929 daemones
2494 2890 2619 2930 eum
2652 2873 2986 2929 invenissent
3015 2871 3217 2935 solum,
3256 2872 3451 2926 iterum
3480 2882 3541 2925 se

1952 2964 2187 3020 adirent.
2225 2965 2295 3019 At
2330 2965 2592 3021 Dominus
2624 2965 2832 3021 dimisit
2856 2979 2979 3019 eum
3025 2965 3077 3018 in
3117 2963 3337 3018 domum
3378 2961 3537 3029 ejus.

257 3033 404 3091 νύων
436 3038 585 3110 αύτῷ
630 3042 710 3093 ὅτι
743 3040 848 3095 κᾶν
891 3042 966 3114 μὴ
999 3044 1160 3108 αὐτὸς
1192 3050 1363 3120 παρῇ,
1400 3049 1513 3102 ἀλλ’
1548 3052 1648 3120 ἦγε
1677 3051 1837 3106 δύνα-

1947 3058 2240 3112 ostendens
2266 3058 2314 3113 ei
2343 3058 2486 3128 quod
2524 3059 2651 3113 licet
2684 3059 2802 3129 ipse
2833 3073 2941 3113 non
2979 3057 3144 3122 adsit,
3184 3054 3539 3111 nihilominus

260 3144 357 3194 μις
387 3126 553 3181 αὑτοῦ
584 3129 679 3183 καὶ
731 3133 765 3201 ὴ
819 3132 1096 3203 ἐπισκοπὴ
1129 3135 1355 3205 φυλάξει
1398 3140 1582 3206 αὑτὸν,
1612 3142 1727 3211 ἅμα
1759 3143 1835 3209 δέ,

255 3215 348 3270 ἵνα
375 3218 467 3269 καὶ
499 3219 717 3289 ἐτέρους
739 3222 959 3289 ὀραθεὶς
988 3224 1276 3297 ὠφελήσῃ.
1314 3228 1449 3281 Ἰδοὺ
1473 3230 1604 3297 γοῦν
1634 3231 1839 3301 ἡρξατο

256 3307 582 3378 κηρύσσειν,
624 3313 719 3365 καὶ
747 3314 948 3378 πάντες
982 3315 1315 3393 ἐθαύμαζον.
1351 3319 1492 3389 Ὅρα
1518 3320 1576 3374 δέ
1634 3324 1728 3374 καὶ
1777 3322 1839 3376 τὸ

256 3399 469 3465 ἄτυφον
494 3402 585 3454 τοῦ
603 3403 877 3472 Σωτῆρος.
899 3407 1014 3460 Ούκ
1044 3401 1196 3461 εἶπεν
1225 3411 1327 3474 ὅτι,
1365 3410 1721 3480 Ἀπάγγειλον
1738 3415 1838 3469 ὅσα

258 3504 347 3541 σοι
394 3492 691 3561 πεποίηκα,
740 3494 879 3562 ἀλλ’,
928 3498 1069 3553 Ὅσα
1092 3517 1174 3554 σοι
1224 3501 1572 3570 πεποίηκενὸ
1611 3504 1832 3575 Κύριος.

253 3575 422 3632 οὕτω
452 3580 545 3632 καὶ
584 3581 675 3643 σὺ,
713 3583 841 3637 ὅταν
877 3587 1080 3655 ἀγαθόν
1125 3607 1177 3643 τι
1207 3591 1460 3663 ποιήσῃς,
1496 3594 1570 3666 μὴ
1604 3596 1834 3668 σεαυτῷ,

253 3668 396 3722 ἀλλὰ
424 3669 503 3739 τῷ
534 3671 652 3743 Θεῷ
685 3674 925 3730 ἀνατίθει
958 3680 1018 3732 τὸ
1052 3683 1316 3754 πραχθέν.

327 3780 348 3811 ι
385 3761 493 3814 Καὶ
522 3762 954 3836 διαπεράσαντος
977 3770 1071 3824 τοῦ
1117 3775 1292 3845 Ἰησοῦ
1316 3779 1373 3831 ἐν
1408 3778 1484 3848 τῷ
1522 3780 1695 3851 πλοίῳ
1724 3782 1831 3836 πά-

250 3852 337 3906 λιν
390 3855 470 3919 εἰς
514 3856 573 3909 τὸ
622 3858 818 3931 πέραν,
858 3863 1102 3938 συνήχθη
1134 3866 1289 3938 ὄχλος
1336 3872 1503 3937 πολὺς
1530 3876 1615 3926 ἐπ’
1640 3875 1831 3939 αὑτὸν,

251 3946 348 4036 καὶ
376 3939 449 4017 ἦν
489 3949 641 4020 παρὰ
689 3950 790 4023 τὴν
835 3953 1137 4011 θάλασσαν.
1170 3960 1282 4014 Καὶ
1344 3963 1454 4019 ἰδοὺ
1488 3965 1709 4036 ἔρχεται
1753 3961 1834 4031 εἷς

248 4033 364 4089 τῶν
412 4038 901 4113 ἀρχισυναγώγων,
954 4047 1181 4119 ὀνόματι
1228 4052 1476 4124 Ἰάειρος.
1532 4033 1642 4110 Ka‘t
1708 4057 1833 4112 ἰδὼν

246 4125 439 4187 αὑτὸν,
459 4128 650 4183 πίπτει
682 4133 819 4201 πρὸς
855 4138 982 4199 τοὺς
1022 4139 1189 4201 πόδας
1222 4142 1412 4207 αὑτοῦ,
1452 4144 1545 4196 καὶ
1576 4146 1829 4215 παρεκά-

246 4216 331 4271 λει
370 4218 533 4272 αὐτὸν
558 4222 750 4285 πολλὰ,
783 4225 956 4295 λέγων
983 4229 1086 4293 ὅτι,
1108 4231 1180 4285 Τὸ
1222 4233 1515 4305 θυγάτριόν
1548 4254 1649 4307 μου
1677 4238 1833 4309 ἐσχά-

243 4328 356 4374 τως
393 4311 535 4383 ἔχει·
572 4313 659 4367 ἵνα
689 4314 865 4371 ἐλθὼν
895 4320 1090 4391 ἐπιθῇς
1128 4324 1267 4392 αὐτῇ
1300 4324 1398 4389 τὰς
1430 4328 1643 4396 χεῖρας,
1680 4311 1830 4393 ὅπως

1952 3160 2133 3207 tamen
2161 3151 2331 3206 virtus
2353 3166 2449 3205 sua
2475 3159 2530 3205 et
2554 3151 2795 3206 visitatio
2817 3150 3086 3206 custodiet
3120 3163 3240 3203 eum
3275 3166 3289 3202 :
3317 3148 3541 3216 insuper

1949 3250 2005 3297 ut
2047 3250 2101 3296 et
2145 3243 2278 3297 alios
2324 3242 2587 3308 lucretur,
2635 3243 2725 3312 qui
2776 3242 2953 3310 ipsum
3006 3240 3175 3295 visuri
3224 3246 3426 3295 essent.
3470 3235 3540 3292 Et

1946 3348 2077 3389 ecce
2107 3334 2404 3404 praedicare
2452 3333 2649 3404 coepit,
2690 3342 2744 3388 et
2769 3346 2962 3387 omnes
3004 3331 3363 3386 mirabantur.
3400 3327 3540 3383 Vide

1947 3438 2127 3483 autem
2159 3442 2319 3493 quam
2349 3427 2558 3480 alienus
2591 3426 2661 3480 sit
2684 3440 2712 3478 a
2743 3424 2883 3480 fastu
2909 3424 3183 3479 Servator.
3217 3422 3333 3478 Non
3358 3420 3535 3476 dixit:

1944 3518 2223 3573 Annuntia
2249 3533 2371 3587 qua:
2394 3517 2491 3570 tibi
2517 3530 2639 3587 ego,
2669 3514 2787 3577 sed,
2812 3515 2943 3581 Quae
2974 3513 3068 3568 tibi
3094 3513 3221 3568 fecit
3250 3511 3533 3567 Dominus.

1947 3609 2036 3665 Sic
2071 3619 2123 3664 et
2164 3621 2216 3664 tu
2254 3609 2472 3680 quando
2506 3609 2706 3663 bonum
2748 3608 2881 3677 quid
2913 3606 3111 3663 feceris
3133 3645 3149 3672 ,
3187 3620 3254 3661 ne
3285 3605 3383 3661 tibi
3408 3604 3531 3676 ipsi,

1944 3701 2035 3754 sed
2068 3700 2297 3755 Domino
2323 3699 2524 3754 factum
2556 3699 2784 3754 tribuas.

2018 3791 2182 3847 Vsus.
2211 3791 2405 3847 21-29.
2444 3810 2463 3843 ι
2503 3790 2564 3846 Ει
2598 3807 2721 3847 cum
2756 3791 3041 3847 transisset
3068 3789 3228 3847 Iesus
3257 3793 3381 3847 navi
3410 3806 3534 3846 rur-

1943 3899 2035 3941 sus
2072 3886 2127 3939 in
2171 3885 2485 3940 ulteriorem
2522 3886 2720 3956 ripam,
2760 3886 3015 3941 convenit
3056 3888 3224 3941 multa
3268 3889 3426 3942 tnr'ba
3463 3889 3531 3944 ad

1941 3992 2088 4040 eum,
2111 3987 2164 4032 et
2190 3987 2310 4032 erat
2336 3977 2479 4032 circa
2519 3992 2687 4033 mare.
2717 3978 2781 4032 Et
2805 3992 2933 4033 ecce
2958 3980 3106 4033 venit
3130 3979 3351 4049 quidam
3382 3980 3534 4049 prin-

1941 4069 2120 4139 cipum
2173 4068 2474 4139 Synagogze
2519 4070 2738 4124 nomine
2778 4068 2994 4136 Jairus,
3046 4081 3101 4125 et
3144 4086 3263 4125 cum
3309 4070 3527 4126 vidisset

1939 4177 2062 4215 enm
2089 4204 2103 4227 ,
2148 4161 2383 4231 procidit
2416 4161 2483 4216 ad
2515 4162 2679 4228 pedes
2706 4161 2858 4231 ejus,
2896 4171 2953 4217 et
2983 4162 3377 4233 deprecabatur
3402 4179 3526 4217 eum

1939 4253 2192 4317 multum,
2224 4253 2413 4309 dicens
2444 4270 2458 4307 :
2496 4252 2691 4307 Filiola
2727 4267 2844 4308 mea
2891 4254 2947 4307 in
2976 4257 3243 4309 extremis
3268 4263 3389 4309 est:
3428 4269 3527 4310 oro

1937 4351 1997 4399 ut
2041 4342 2229 4397 venias
2276 4351 2329 4397 et
2375 4343 2624 4410 imponas
2668 4343 2744 4398 illi
2790 4358 3007 4411 manus,
3064 4355 3123 4397 ut
3167 4344 3317 4398 salva
3363 4346 3433 4401 sit
3474 4355 3529 4401 et

248 4399 407 4470 σωθῇ
465 4400 561 4453 καὶ
614 4401 860 4474 ζήσεται.
922 4408 1034 4461 Καὶ
1082 4408 1296 4481 ἀπῆλθε
1336 4414 1453 4483 μετ’
1491 4416 1691 4469 αὐτοῦ·
1736 4420 1829 4471 καὶ

1943 4435 2099 4489 vivet.
2137 4433 2204 4489 Et
2240 4434 2373 4490 abiit
2421 4451 2545 4490 cum
2588 4435 2704 4500 illo,
2733 4444 2788 4490 et
2828 4437 3160 4505 sequebatur
3195 4452 3318 4492 eum
3366 4438 3527 4494 turba

243 4491 538 4561 ἠκολούθει
568 4495 718 4566 αύτῷ
746 4496 901 4567 ὄχλος
935 4501 1123 4568 πολὺς,
1175 4506 1269 4557 καὶ
1295 4507 1605 4561 συνέθλιϐον
1631 4509 1820 4566 αὐτὸν.

244 4586 362 4639 Καὶ
387 4588 526 4655 γυνή
567 4605 650 4652 τις
677 4586 809 4644 οὖσα
834 4594 889 4646 ἐν
925 4595 1078 4665 ῥύσει
1103 4599 1334 4668 αἵματος
1350 4600 1446 4671 ἐτη
1475 4602 1704 4667 δώδεκα,
1733 4608 1827 4659 καὶ

241 4676 422 4735 πολλὰ
452 4680 703 4736 παθοῦσα
734 4686 839 4738 ὑπὸ
870 4688 1080 4741 πολλῶν
1116 4690 1342 4760 ἰατρῶν,
1380 4694 1474 4747 καί
1500 4694 1826 4764 δαπανήσα-

243 4784 312 4821 σα
346 4769 420 4823 va
460 4772 591 4841 παρ’
646 4778 815 4845 αὐτῆς
861 4778 1063 4845 πάντα,
1108 4783 1201 4834 καὶ
1235 4784 1400 4854 μηδὲν
1455 4786 1822 4857 ὠφεληθεῖσα,

240 4863 382 4915 ἀλλά
416 4865 617 4933 μᾶλλον
661 4872 740 4931 εἰς
786 4872 847 4925 τὸ
884 4876 1065 4943 χεῖρον
1102 4874 1352 4941 ἐλθοῦσα,
1376 4878 1660 4932 ἀκούσασα
1696 4884 1825 4952 περὶ

237 4954 335 5012 τοῦ
380 4955 581 5026 Ἰησοῦ,
604 4960 834 5015 ἐλθοῦσα
871 4965 929 5016 ἐν
958 4965 1035 5035 τῷ
1064 4964 1205 5037 ὄχλῳ
1238 4967 1486 5033 ὄπισθεν,
1526 4970 1703 5040 ἥψατο
1730 4974 1822 5026 τοῦ

239 5047 464 5115 ἰματίου
488 5052 675 5106 αὐτοῦ·
710 5053 867 5123 ἔλεγε
898 5058 1006 5127 γὰρ
1032 5059 1137 5123 ὅτι,
1170 5059 1295 5113 Κᾶν
1326 5061 1434 5115 τῶν
1466 5062 1698 5132 ἱματίων
1725 5066 1824 5118 αύ-

233 5139 330 5193 τοῦ
386 5140 639 5211 ἅψωμαι,
697 5147 1051 5217 σωθήσομαιο
1086 5151 1177 5203 καὶ
1209 5138 1414 5216 εὐθέως
1473 5154 1747 5227 ἐξηράνθη
1783 5160 1816 5228 ἡ

233 5228 394 5301 πηγὴ
430 5230 525 5283 τοῦ
566 5234 795 5303 αἵματος
832 5239 1024 5308 αὐτῆς,
1058 5242 1149 5293 καὶ
1184 5241 1326 5309 ἔγνω
1348 5242 1425 5313 τῷ
1458 5245 1697 5313 σώματι,
1737 5248 1820 5301 ὅτι

236 5321 386 5377 [atat
422 5321 531 5376 ἀπὸ
568 5326 665 5396 τῆς
708 5326 992 5397 μάστιγος.
1039 5348 1057 5381 ι
1112 5332 1269 5386 Μετά
1296 5333 1355 5384 τὸ
1396 5334 1490 5386 ἐπὶ
1519 5334 1595 5405 τῷ
1625 5337 1818 5407 δαιμο-

231 5415 512 5487 νιζομένῳ
566 5417 772 5487 θαῦμα,
801 5420 990 5489 ἕτερον
1050 5422 1341 5493 ἐργάζεται
1395 5427 1423 5479 ὁ
1456 5428 1683 5497 Κύριος,
1715 5430 1816 5501 τὴν

234 5502 518 5575 θυγατέρα
541 5506 635 5559 τοῦ
661 5510 1112 5579 ἀρχισυναγώγου
1143 5513 1399 5570 ἀνιστῶν.
1444 5518 1607 5584 Λέγει
1636 5519 1693 5571 δὲ
1724 5526 1815 5573 καὶ

232 5595 294 5648 τὸ
325 5596 501 5666 ὀνομα
546 5599 643 5652 τοῦ
677 5602 1150 5673 ἀρχισυναγώγου,
1207 5606 1296 5660 διὰ
1356 5609 1486 5671 τοὺς
1526 5609 1816 5675 Ἰουδαίους

232 5688 360 5749 τοὺς
394 5690 604 5756 εἰδότας
634 5693 695 5746 τὸ
732 5696 1048 5766 γενόμενον.
1088 5698 1179 5764 ἘΞ
1204 5701 1459 5769 ἡμισείας
1483 5704 1536 5756 δὲ
1564 5706 1753 5766 πιστὸς
1788 5709 1814 5759 ὁ

232 5779 405 5851 ἀνήρ·
440 5784 581 5840 καθὸ
630 5786 727 5857 μέν
757 5790 863 5859 γὰρ
918 5791 1104 5845 πίπτει
1146 5795 1294 5865 παρᾶ
1338 5798 1463 5862 τοὺς
1496 5798 1682 5864 πόδας,
1721 5817 1810 5852 πι-

1936 4526 2139 4592 multa,
2189 4536 2243 4583 et
2287 4528 2721 4597 comprimebant
2754 4544 2899 4585 cum.
2936 4528 3003 4584 Et
3052 4529 3246 4585 mulier
3276 4530 3523 4599 quaedam

1931 4631 2049 4684 quae
2083 4615 2260 4671 fuerat
2289 4619 2525 4673 obnoxia
2566 4619 2831 4689 proﬂuvio
2861 4622 3145 4691 sanguinis
3195 4623 3353 4677 annis
3390 4625 3528 4677 duo-

1930 4708 2126 4775 decim,
2154 4707 2436 4779 fueratque
2468 4712 2635 4766 multa
2664 4728 2923 4783 perpessa
2954 4730 2980 4768 a
3007 4714 3380 4785 compluribus
3408 4734 3522 4775 me-

1928 4799 2086 4862 dicis,
2122 4808 2175 4853 et
2206 4800 2572 4871 insumpserat
2612 4804 2793 4858 omnia
2840 4819 2960 4867 sua,
3000 4820 3177 4875 neque
3220 4810 3519 4878 quidquam

1927 4884 2225 4954 adiumenti
2253 4898 2533 4954 senserat,
2566 4894 2661 4946 sed
2694 4894 2867 4963 magis
2898 4894 2951 4948 in
2982 4896 3223 4951 deterius
3256 4912 3516 4960 venerat:

1926 4990 2050 5029 cum
2096 4978 2343 5033 audisset
2388 4982 2454 5035 de
2484 4979 2612 5037 Jcsu
2642 5023 2657 5046 ,
2700 4985 2849 5037 venit
2884 4984 2935 5038 in
2971 4985 3129 5041 turba
3164 5003 3191 5041 a
3227 4997 3377 5060 tergo
3401 5033 3415 5057 ,
3463 5000 3521 5049 et

1926 5066 2102 5136 tetigit
2124 5069 2509 5126 vestimentum
2537 5073 2694 5141 ejus;
2723 5074 2940 5131 dicebat
2965 5079 3135 5145 enim,
3164 5079 3218 5133 Si
3246 5082 3325 5135 vel
3356 5098 3519 5141 vesu-

1925 5169 2103 5213 menta
2124 5162 2240 5230 ejus
2264 5164 2513 5233 tetigero,
2544 5166 2694 5221 salva
2722 5182 2816 5223 ero
2839 5187 2849 5221 :
2876 5179 2930 5223 et
2961 5170 3251 5227 confestim
3279 5188 3520 5231 siccato:

1922 5257 2007 5301 est
2037 5246 2159 5304 fons
2184 5253 2468 5321 sanguinis
2498 5256 2616 5323 ejus
2647 5274 2661 5311 :
2694 5266 2751 5312 et
2778 5261 2953 5313 sensit
2981 5276 3211 5330 corpore
3242 5264 3385 5332 quod
3423 5281 3513 5319 sa-

1922 5348 2055 5393 nata
2076 5352 2219 5396 esset
2242 5358 2270 5396 a
2296 5342 2529 5415 ﬂagello.
2564 5366 2582 5398 »
2616 5358 2743 5403 Post
2775 5350 3104 5404 miraculum
3140 5356 3282 5421 quod
3325 5359 3379 5409 in
3409 5357 3515 5411 dac-

1923 5432 2174 5488 moniaco
2228 5444 2445 5503 actum,
2510 5439 2656 5493 aliud
2728 5453 2986 5510 cperatur
3033 5443 3193 5515 197
3256 5447 3514 5503 Dominus

1919 5524 2231 5581 suscitando
2259 5527 2422 5583 filiam
2449 5531 2709 5601 principis
2743 5533 3059 5605 Synagogze.
3086 5536 3295 5592 Nomen
3321 5550 3507 5594 autem

1920 5615 2090 5684 ipsius
2120 5620 2375 5684 exprimit
2405 5623 2857 5691 propterJudaeos
2882 5629 2973 5697 qui
3009 5632 3254 5683 sciebant
3289 5632 3338 5684 id
3363 5638 3505 5701 qtlml

1921 5711 2119 5766 factum
2151 5712 2345 5770 fuerat.
2385 5718 2731 5773 Dimidiatum
2755 5731 2935 5776 autem
2969 5723 3127 5775 fidem
3158 5724 3396 5777 babcbat
3426 5726 3510 5778 vir

1920 5804 2008 5858 illc
2034 5824 2050 5874 -,
2085 5806 2259 5865 ﬁdelis
2286 5810 2429 5865 cnim
2465 5823 2605 5879 erat,
2634 5828 2699 5870 co
2726 5816 2869 5884 quod
2899 5816 3215 5885 procidcbat
3244 5819 3310 5871 ad
3340 5816 3509 5886 pedes
