  <div class='ocr_page' id='page_1' title='image "/cluster/home/n/w/nwhite01/storage/ocr_20150623/123/pst.000005714384/293.png"; bbox 0 0 4108 6334; ppageno 0'>
   <div class='ocr_carea' id='block_1_1' title="bbox 592 381 704 447">
    <p class='ocr_par' dir='ltr' id='par_1_1' title="bbox 592 381 704 447">
     <span class='ocr_line' id='line_1_1' title="bbox 592 381 704 447; baseline 0 -1"><span class='ocrx_word' id='word_1_1' title='bbox 592 381 704 447; x_wconf 63' lang='lat'><strong>£13</strong></span> 
     </span>
    </p>
   </div>
   <div class='ocr_carea' id='block_1_2' title="bbox 1512 346 2938 433">
    <p class='ocr_par' dir='ltr' id='par_1_2' title="bbox 1512 346 2938 433">
     <span class='ocr_line' id='line_1_2' title="bbox 1512 346 2938 433; baseline -0.02 1"><span class='ocrx_word' id='word_1_2' title='bbox 1512 357 2097 433; x_wconf 77' lang='lat' dir='ltr'><strong>THEOPHYLACTI</strong></span> <span class='ocrx_word' id='word_1_3' title='bbox 2135 349 2545 416; x_wconf 73' lang='lat' dir='ltr'><strong>BULGARLE</strong></span> <span class='ocrx_word' id='word_1_4' title='bbox 2583 346 2938 410; x_wconf 80' lang='lat' dir='ltr'><strong>ARCHIEP.</strong></span> 
     </span>
    </p>
   </div>
   <div class='ocr_carea' id='block_1_3' title="bbox 3730 339 3835 405">
    <p class='ocr_par' dir='ltr' id='par_1_3' title="bbox 3730 339 3835 405">
     <span class='ocr_line' id='line_1_3' title="bbox 3730 339 3835 405; baseline 0.01 -1"><span class='ocrx_word' id='word_1_5' title='bbox 3730 339 3835 405; x_wconf 67' lang='lat' dir='ltr'><strong>5M</strong></span> 
     </span>
    </p>
   </div>
   <div class='ocr_carea' id='block_1_4' title="bbox 599 454 2175 562">
    <p class='ocr_par' dir='ltr' id='par_1_4' title="bbox 599 482 2164 562">
     <span class='ocr_line' id='line_1_4' title="bbox 599 482 2164 562; baseline -0.017 -11"><span class='ocrx_word' id='word_1_6' title='bbox 599 494 726 551; x_wconf 74' lang='lat' dir='ltr'><strong>Jcsu</strong></span> <span class='ocrx_word' id='word_1_7' title='bbox 757 512 772 550; x_wconf 91' lang='lat'><strong>:</strong></span> <span class='ocrx_word' id='word_1_8' title='bbox 803 493 895 551; x_wconf 89' lang='lat' dir='ltr'><strong>sed</strong></span> <span class='ocrx_word' id='word_1_9' title='bbox 921 492 1045 562; x_wconf 83' lang='lat' dir='ltr'><strong>quia</strong></span> <span class='ocrx_word' id='word_1_10' title='bbox 1080 498 1134 545; x_wconf 85' lang='lat' dir='ltr'><strong>et</strong></span> <span class='ocrx_word' id='word_1_11' title='bbox 1159 487 1479 546; x_wconf 86' lang='lat' dir='ltr'><strong>obsecrabat</strong></span> <span class='ocrx_word' id='word_1_12' title='bbox 1509 494 1570 540; x_wconf 90' lang='lat' dir='ltr'><strong>ut</strong></span> <span class='ocrx_word' id='word_1_13' title='bbox 1596 482 1778 539; x_wconf 87' lang='lat' dir='ltr'><strong>veniat</strong></span> <span class='ocrx_word' id='word_1_14' title='bbox 1798 519 1814 543; x_wconf 90' lang='lat'><strong>,</strong></span> <span class='ocrx_word' id='word_1_15' title='bbox 1853 492 1959 533; x_wconf 86' lang='lat' dir='ltr'><strong>non</strong></span> <span class='ocrx_word' id='word_1_16' title='bbox 1988 489 2164 546; x_wconf 81' lang='lat' dir='ltr'><strong>quan-</strong></span> 
     </span>
    </p>
   </div>
   <div class='ocr_carea' id='block_1_5' title="bbox 2279 454 3831 562">
    <p class='ocr_par' dir='ltr' id='par_1_5' title="bbox 2279 454 3831 533">
     <span class='ocr_line' id='line_1_5' title="bbox 2279 454 3831 533; baseline -0.01 -12"><span class='ocrx_word' id='word_1_17' title='bbox 2279 468 2416 532; x_wconf 80' lang='grc' dir='ltr'>στὺς,</span> <span class='ocrx_word' id='word_1_18' title='bbox 2450 464 2587 519; x_wconf 87' lang='grc' dir='ltr'>καθδ</span> <span class='ocrx_word' id='word_1_19' title='bbox 2615 464 2673 518; x_wconf 75' lang='grc' dir='ltr'><strong>δὲ</strong></span> <span class='ocrx_word' id='word_1_20' title='bbox 2704 462 3012 533; x_wconf 78' lang='grc' dir='ltr'>παρακαλεῖ</span> <span class='ocrx_word' id='word_1_21' title='bbox 3048 460 3133 513; x_wconf 81' lang='grc' dir='ltr'>ἵνα</span> <span class='ocrx_word' id='word_1_22' title='bbox 3160 459 3308 532; x_wconf 79' lang='grc' dir='ltr'>ἔλθῃ,</span> <span class='ocrx_word' id='word_1_23' title='bbox 3361 458 3457 528; x_wconf 79' lang='grc' dir='ltr'>οὐχ</span> <span class='ocrx_word' id='word_1_24' title='bbox 3481 457 3612 527; x_wconf 74' lang='grc' dir='ltr'>ὅσην</span> <span class='ocrx_word' id='word_1_25' title='bbox 3636 456 3721 508; x_wconf 81' lang='grc' dir='ltr'><strong>δεῖ</strong></span> <span class='ocrx_word' id='word_1_26' title='bbox 3746 454 3831 507; x_wconf 83' lang='grc' dir='ltr'>πί-</span> 
     </span>
    </p>
   </div>
   <div class='ocr_carea' id='block_1_6' title="bbox 604 569 2155 661">
    <p class='ocr_par' dir='ltr' id='par_1_6' title="bbox 604 569 2155 661">
     <span class='ocr_line' id='line_1_6' title="bbox 604 569 2155 661; baseline -0.013 -19"><span class='ocrx_word' id='word_1_27' title='bbox 604 600 709 642; x_wconf 78' lang='lat' dir='ltr'><strong>tam</strong></span> <span class='ocrx_word' id='word_1_28' title='bbox 740 586 1017 658; x_wconf 78' lang='lat' dir='ltr'><strong>Oportebat</strong></span> <span class='ocrx_word' id='word_1_29' title='bbox 1050 599 1160 653; x_wconf 67' lang='lat' dir='ltr'><strong>prae</strong></span> <span class='ocrx_word' id='word_1_30' title='bbox 1192 599 1250 638; x_wconf 88' lang='lat' dir='ltr'><strong>se</strong></span> <span class='ocrx_word' id='word_1_31' title='bbox 1272 582 1429 638; x_wconf 83' lang='lat' dir='ltr'><strong>ﬁdem</strong></span> <span class='ocrx_word' id='word_1_32' title='bbox 1469 577 1697 633; x_wconf 87' lang='lat' dir='ltr'><strong>ferebat.</strong></span> <span class='ocrx_word' id='word_1_33' title='bbox 1732 573 1970 661; x_wconf 63' lang='lat' dir='ltr'><strong>Debebat</strong></span> <span class='ocrx_word' id='word_1_34' title='bbox 2009 569 2155 623; x_wconf 86' lang='lat' dir='ltr'><strong>enim</strong></span> 
     </span>
    </p>
   </div>
   <div class='ocr_carea' id='block_1_7' title="bbox 600 661 2161 733">
    <p class='ocr_par' dir='ltr' id='par_1_7' title="bbox 600 661 2161 733">
     <span class='ocr_line' id='line_1_7' title="bbox 600 661 2161 733; baseline -0.013 0"><span class='ocrx_word' id='word_1_35' title='bbox 600 681 779 733; x_wconf 84' lang='lat' dir='ltr'><strong>dicere</strong></span> <span class='ocrx_word' id='word_1_36' title='bbox 805 697 817 709; x_wconf 83' lang='lat'><strong><em>-</em></strong></span> <span class='ocrx_word' id='word_1_37' title='bbox 851 676 947 731; x_wconf 89' lang='lat' dir='ltr'><strong>Dic</strong></span> <span class='ocrx_word' id='word_1_38' title='bbox 978 674 1163 731; x_wconf 88' lang='lat' dir='ltr'><strong>verbo.</strong></span> <span class='ocrx_word' id='word_1_39' title='bbox 1194 674 1384 730; x_wconf 79' lang='lat' dir='ltr'><strong>Obiter</strong></span> <span class='ocrx_word' id='word_1_40' title='bbox 1414 666 1591 725; x_wconf 84' lang='lat' dir='ltr'><strong>autem</strong></span> <span class='ocrx_word' id='word_1_41' title='bbox 1621 668 1763 721; x_wconf 88' lang='lat' dir='ltr'><strong>inter</strong></span> <span class='ocrx_word' id='word_1_42' title='bbox 1788 664 2021 720; x_wconf 87' lang='lat' dir='ltr'><strong>eundum</strong></span> <span class='ocrx_word' id='word_1_43' title='bbox 2058 661 2161 715; x_wconf 91' lang='lat' dir='ltr'><strong>Do-</strong></span> 
     </span>
    </p>
   </div>
   <div class='ocr_carea' id='block_1_8' title="bbox 604 757 2159 834">
    <p class='ocr_par' dir='ltr' id='par_1_8' title="bbox 604 757 2159 834">
     <span class='ocr_line' id='line_1_8' title="bbox 604 757 2159 834; baseline -0.011 -11"><span class='ocrx_word' id='word_1_44' title='bbox 604 774 777 825; x_wconf 88' lang='lat' dir='ltr'><strong>minus</strong></span> <span class='ocrx_word' id='word_1_45' title='bbox 806 778 963 823; x_wconf 88' lang='lat' dir='ltr'><strong>curat</strong></span> <span class='ocrx_word' id='word_1_46' title='bbox 996 768 1275 821; x_wconf 85' lang='lat' dir='ltr'><strong>mulierem</strong></span> <span class='ocrx_word' id='word_1_47' title='bbox 1308 763 1587 834; x_wconf 75' lang='lat' dir='ltr'><strong>sanguinis</strong></span> <span class='ocrx_word' id='word_1_48' title='bbox 1616 758 1877 829; x_wconf 80' lang='lat' dir='ltr'><strong>proﬂuvio</strong></span> <span class='ocrx_word' id='word_1_49' title='bbox 1909 757 2159 809; x_wconf 84' lang='lat' dir='ltr'><strong>laboran-</strong></span> 
     </span>
    </p>
   </div>
   <div class='ocr_carea' id='block_1_9' title="bbox 600 846 2162 920">
    <p class='ocr_par' dir='ltr' id='par_1_9' title="bbox 600 846 2162 920">
     <span class='ocr_line' id='line_1_9' title="bbox 600 846 2162 920; baseline -0.012 -3"><span class='ocrx_word' id='word_1_50' title='bbox 600 870 726 917; x_wconf 86' lang='lat' dir='ltr'><strong>tem.</strong></span> <span class='ocrx_word' id='word_1_51' title='bbox 758 861 1097 916; x_wconf 87' lang='lat' dir='ltr'><strong>Fidelissima</strong></span> <span class='ocrx_word' id='word_1_52' title='bbox 1128 867 1246 913; x_wconf 89' lang='lat' dir='ltr'><strong>erat</strong></span> <span class='ocrx_word' id='word_1_53' title='bbox 1276 858 1473 911; x_wconf 86' lang='lat' dir='ltr'><strong>mulier</strong></span> <span class='ocrx_word' id='word_1_54' title='bbox 1505 856 1639 919; x_wconf 69' lang='lat' dir='ltr'><strong>haec,</strong></span> <span class='ocrx_word' id='word_1_55' title='bbox 1674 868 1738 908; x_wconf 93' lang='lat' dir='ltr'><strong>eo</strong></span> <span class='ocrx_word' id='word_1_56' title='bbox 1769 851 1907 920; x_wconf 90' lang='lat' dir='ltr'><strong>quod</strong></span> <span class='ocrx_word' id='word_1_57' title='bbox 1938 865 1967 903; x_wconf 90' lang='lat' dir='ltr'><strong>a</strong></span> <span class='ocrx_word' id='word_1_58' title='bbox 2000 846 2162 903; x_wconf 89' lang='lat' dir='ltr'><strong>vesti-</strong></span> 
     </span>
    </p>
   </div>
   <div class='ocr_carea' id='block_1_10' title="bbox 600 941 2160 1019">
    <p class='ocr_par' dir='ltr' id='par_1_10' title="bbox 600 941 2160 1019">
     <span class='ocr_line' id='line_1_10' title="bbox 600 941 2160 1019; baseline -0.01 -12"><span class='ocrx_word' id='word_1_59' title='bbox 600 956 699 1008; x_wconf 86' lang='lat' dir='ltr'><strong>bus</strong></span> <span class='ocrx_word' id='word_1_60' title='bbox 724 954 1006 1007; x_wconf 85' lang='lat' dir='ltr'><strong>utilitatem</strong></span> <span class='ocrx_word' id='word_1_61' title='bbox 1034 966 1095 1006; x_wconf 86' lang='lat' dir='ltr'><strong>se</strong></span> <span class='ocrx_word' id='word_1_62' title='bbox 1122 951 1337 1019; x_wconf 83' lang='lat' dir='ltr'><strong>assequi</strong></span> <span class='ocrx_word' id='word_1_63' title='bbox 1371 949 1645 1012; x_wconf 87' lang='lat' dir='ltr'><strong>credebat,</strong></span> <span class='ocrx_word' id='word_1_64' title='bbox 1678 955 1732 999; x_wconf 90' lang='lat' dir='ltr'><strong>et</strong></span> <span class='ocrx_word' id='word_1_65' title='bbox 1768 945 1970 999; x_wconf 89' lang='lat' dir='ltr'><strong>idcirco</strong></span> <span class='ocrx_word' id='word_1_66' title='bbox 2000 941 2160 995; x_wconf 88' lang='lat' dir='ltr'><strong>etiam</strong></span> 
     </span>
    </p>
   </div>
   <div class='ocr_carea' id='block_1_11' title="bbox 599 1034 2161 1114">
    <p class='ocr_par' dir='ltr' id='par_1_11' title="bbox 599 1034 2161 1114">
     <span class='ocr_line' id='line_1_11' title="bbox 599 1034 2161 1114; baseline -0.01 -14"><span class='ocrx_word' id='word_1_67' title='bbox 599 1053 844 1100; x_wconf 87' lang='lat' dir='ltr'><strong>sanatur.</strong></span> <span class='ocrx_word' id='word_1_68' title='bbox 896 1042 1167 1114; x_wconf 76' lang='lat' dir='ltr'><strong>intelligas</strong></span> <span class='ocrx_word' id='word_1_69' title='bbox 1218 1050 1397 1096; x_wconf 88' lang='lat' dir='ltr'><strong>autem</strong></span> <span class='ocrx_word' id='word_1_70' title='bbox 1452 1041 1565 1095; x_wconf 67' lang='lat' dir='ltr'><strong>haec</strong></span> <span class='ocrx_word' id='word_1_71' title='bbox 1612 1039 1776 1093; x_wconf 86' lang='lat' dir='ltr'><strong>etiam</strong></span> <span class='ocrx_word' id='word_1_72' title='bbox 1822 1036 1887 1090; x_wconf 88' lang='lat' dir='ltr'><strong>de</strong></span> <span class='ocrx_word' id='word_1_73' title='bbox 1928 1034 2161 1088; x_wconf 87' lang='lat' dir='ltr'><strong>humana</strong></span> 
     </span>
    </p>
   </div>
   <div class='ocr_carea' id='block_1_12' title="bbox 602 1122 2161 1201">
    <p class='ocr_par' dir='ltr' id='par_1_12' title="bbox 602 1122 2161 1201">
     <span class='ocr_line' id='line_1_12' title="bbox 602 1122 2161 1201; baseline -0.006 -16"><span class='ocrx_word' id='word_1_74' title='bbox 602 1140 787 1186; x_wconf 87' lang='lat' dir='ltr'><strong>natura</strong></span> <span class='ocrx_word' id='word_1_75' title='bbox 812 1173 827 1198; x_wconf 95' lang='lat'><strong>,</strong></span> <span class='ocrx_word' id='word_1_76' title='bbox 858 1147 975 1201; x_wconf 66' lang='lat' dir='ltr'><strong>qua:</strong></span> <span class='ocrx_word' id='word_1_77' title='bbox 1007 1131 1288 1201; x_wconf 76' lang='lat' dir='ltr'><strong>sanguinis</strong></span> <span class='ocrx_word' id='word_1_78' title='bbox 1332 1127 1591 1200; x_wconf 83' lang='lat' dir='ltr'><strong>proﬂuvio</strong></span> <span class='ocrx_word' id='word_1_79' title='bbox 1629 1126 1927 1181; x_wconf 84' lang='lat' dir='ltr'><strong>laborabat.</strong></span> <span class='ocrx_word' id='word_1_80' title='bbox 1968 1122 2161 1178; x_wconf 87' lang='lat' dir='ltr'><strong>Scatu-</strong></span> 
     </span>
    </p>
   </div>
   <div class='ocr_carea' id='block_1_13' title="bbox 598 1217 2161 1292">
    <p class='ocr_par' dir='ltr' id='par_1_13' title="bbox 598 1217 2161 1292">
     <span class='ocr_line' id='line_1_13' title="bbox 598 1217 2161 1292; baseline -0.003 -17"><span class='ocrx_word' id='word_1_81' title='bbox 598 1223 772 1277; x_wconf 76' lang='lat' dir='ltr'><strong>riebat</strong></span> <span class='ocrx_word' id='word_1_82' title='bbox 802 1224 944 1276; x_wconf 84' lang='lat' dir='ltr'><strong>enim</strong></span> <span class='ocrx_word' id='word_1_83' title='bbox 979 1223 1029 1275; x_wconf 93' lang='lat' dir='ltr'><strong>in</strong></span> <span class='ocrx_word' id='word_1_84' title='bbox 1056 1238 1115 1277; x_wconf 89' lang='lat' dir='ltr'><strong>ea</strong></span> <span class='ocrx_word' id='word_1_85' title='bbox 1149 1232 1450 1292; x_wconf 80' lang='lat' dir='ltr'><strong>peccatum,</strong></span> <span class='ocrx_word' id='word_1_86' title='bbox 1483 1220 1626 1288; x_wconf 88' lang='lat' dir='ltr'><strong>quod</strong></span> <span class='ocrx_word' id='word_1_87' title='bbox 1657 1233 1803 1273; x_wconf 89' lang='lat' dir='ltr'><strong>mors</strong></span> <span class='ocrx_word' id='word_1_88' title='bbox 1832 1227 1915 1273; x_wconf 88' lang='lat' dir='ltr'><strong>est</strong></span> <span class='ocrx_word' id='word_1_89' title='bbox 1943 1217 2161 1281; x_wconf 74' lang='lat' dir='ltr'><strong>animae,</strong></span> 
     </span>
    </p>
   </div>
   <div class='ocr_carea' id='block_1_14' title="bbox 600 1307 2164 1382">
    <p class='ocr_par' dir='ltr' id='par_1_14' title="bbox 600 1307 2164 1382">
     <span class='ocr_line' id='line_1_14' title="bbox 600 1307 2164 1382; baseline -0.003 -15"><span class='ocrx_word' id='word_1_90' title='bbox 600 1322 656 1367; x_wconf 86' lang='lat' dir='ltr'><strong>et</strong></span> <span class='ocrx_word' id='word_1_91' title='bbox 710 1315 1026 1382; x_wconf 80' lang='lat' dir='ltr'><strong>sanguinem</strong></span> <span class='ocrx_word' id='word_1_92' title='bbox 1084 1313 1276 1366; x_wconf 69' lang='lat' dir='ltr'><strong>anima:</strong></span> <span class='ocrx_word' id='word_1_93' title='bbox 1330 1320 1528 1365; x_wconf 67' lang='lat' dir='ltr'><strong>nostrae</strong></span> <span class='ocrx_word' id='word_1_94' title='bbox 1578 1308 1923 1365; x_wconf 82' lang='lat' dir='ltr'><strong>eﬂundit..A</strong></span> <span class='ocrx_word' id='word_1_95' title='bbox 1980 1307 2164 1363; x_wconf 87' lang='lat' dir='ltr'><strong>multis</strong></span> 
     </span>
    </p>
   </div>
   <div class='ocr_carea' id='block_1_15' title="bbox 599 1401 2163 1471">
    <p class='ocr_par' dir='ltr' id='par_1_15' title="bbox 599 1401 2163 1471">
     <span class='ocr_line' id='line_1_15' title="bbox 599 1401 2163 1471; baseline -0.004 -11"><span class='ocrx_word' id='word_1_96' title='bbox 599 1415 776 1461; x_wconf 90' lang='lat' dir='ltr'><strong>autem</strong></span> <span class='ocrx_word' id='word_1_97' title='bbox 813 1404 1071 1471; x_wconf 88' lang='lat' dir='ltr'><strong>medicis,</strong></span> <span class='ocrx_word' id='word_1_98' title='bbox 1109 1404 1209 1458; x_wconf 84' lang='lat' dir='ltr'><strong>hoc</strong></span> <span class='ocrx_word' id='word_1_99' title='bbox 1243 1411 1327 1458; x_wconf 90' lang='lat' dir='ltr'><strong>est</strong></span> <span class='ocrx_word' id='word_1_100' title='bbox 1367 1403 1695 1471; x_wconf 82' lang='lat' dir='ltr'><strong>sapientibus</strong></span> <span class='ocrx_word' id='word_1_101' title='bbox 1763 1402 1923 1471; x_wconf 73' lang='lat' dir='ltr'><strong>huius</strong></span> <span class='ocrx_word' id='word_1_102' title='bbox 1958 1401 2163 1466; x_wconf 81' lang='lat' dir='ltr'><strong>mundi,</strong></span> 
     </span>
    </p>
   </div>
   <div class='ocr_carea' id='block_1_16' title="bbox 599 1490 2168 1563">
    <p class='ocr_par' dir='ltr' id='par_1_16' title="bbox 599 1490 2168 1563">
     <span class='ocr_line' id='line_1_16' title="bbox 599 1490 2168 1563; baseline -0.003 -14"><span class='ocrx_word' id='word_1_103' title='bbox 599 1496 692 1549; x_wconf 74' lang='lat' dir='ltr'><strong>sed</strong></span> <span class='ocrx_word' id='word_1_104' title='bbox 718 1504 770 1548; x_wconf 90' lang='lat' dir='ltr'><strong>et</strong></span> <span class='ocrx_word' id='word_1_105' title='bbox 795 1509 821 1546; x_wconf 90' lang='lat' dir='ltr'><strong>a</strong></span> <span class='ocrx_word' id='word_1_106' title='bbox 853 1493 969 1563; x_wconf 89' lang='lat' dir='ltr'><strong>lege</strong></span> <span class='ocrx_word' id='word_1_107' title='bbox 999 1503 1052 1548; x_wconf 91' lang='lat' dir='ltr'><strong>et</strong></span> <span class='ocrx_word' id='word_1_108' title='bbox 1081 1508 1109 1547; x_wconf 89' lang='lat' dir='ltr'><strong>a</strong></span> <span class='ocrx_word' id='word_1_109' title='bbox 1137 1494 1414 1563; x_wconf 85' lang='lat' dir='ltr'><strong>prophetis</strong></span> <span class='ocrx_word' id='word_1_110' title='bbox 1446 1509 1551 1548; x_wconf 91' lang='lat' dir='ltr'><strong>non</strong></span> <span class='ocrx_word' id='word_1_111' title='bbox 1589 1492 1758 1562; x_wconf 89' lang='lat' dir='ltr'><strong>potuit</strong></span> <span class='ocrx_word' id='word_1_112' title='bbox 1792 1491 1993 1547; x_wconf 88' lang='lat' dir='ltr'><strong>curari.</strong></span> <span class='ocrx_word' id='word_1_113' title='bbox 2024 1490 2168 1545; x_wconf 84' lang='lat' dir='ltr'><strong>Teti-</strong></span> 
     </span>
    </p>
   </div>
   <div class='ocr_carea' id='block_1_17' title="bbox 600 1584 2170 1653">
    <p class='ocr_par' dir='ltr' id='par_1_17' title="bbox 600 1584 2170 1653">
     <span class='ocr_line' id='line_1_17' title="bbox 600 1584 2170 1653; baseline 0 -16"><span class='ocrx_word' id='word_1_114' title='bbox 600 1584 678 1653; x_wconf 82' lang='lat' dir='ltr'><strong>git</strong></span> <span class='ocrx_word' id='word_1_115' title='bbox 707 1593 884 1641; x_wconf 85' lang='lat' dir='ltr'><strong>autem</strong></span> <span class='ocrx_word' id='word_1_116' title='bbox 915 1593 1117 1640; x_wconf 80' lang='lat' dir='ltr'><strong>vestem</strong></span> <span class='ocrx_word' id='word_1_117' title='bbox 1150 1584 1383 1651; x_wconf 86' lang='lat' dir='ltr'><strong>Christi,</strong></span> <span class='ocrx_word' id='word_1_118' title='bbox 1415 1585 1514 1639; x_wconf 87' lang='lat' dir='ltr'><strong>hoc</strong></span> <span class='ocrx_word' id='word_1_119' title='bbox 1549 1593 1635 1639; x_wconf 84' lang='lat' dir='ltr'><strong>est</strong></span> <span class='ocrx_word' id='word_1_120' title='bbox 1691 1597 1909 1639; x_wconf 86' lang='lat' dir='ltr'><strong>carnem</strong></span> <span class='ocrx_word' id='word_1_121' title='bbox 1939 1584 2076 1653; x_wconf 86' lang='lat' dir='ltr'><strong>ejus,</strong></span> <span class='ocrx_word' id='word_1_122' title='bbox 2114 1591 2170 1638; x_wconf 88' lang='lat' dir='ltr'><strong>et</strong></span> 
     </span>
    </p>
   </div>
   <div class='ocr_carea' id='block_1_18' title="bbox 601 1676 2165 1745">
    <p class='ocr_par' dir='ltr' id='par_1_18' title="bbox 601 1676 2165 1745">
     <span class='ocr_line' id='line_1_18' title="bbox 601 1676 2165 1745; baseline 0 -15"><span class='ocrx_word' id='word_1_123' title='bbox 601 1686 789 1732; x_wconf 83' lang='lat' dir='ltr'><strong>sanata</strong></span> <span class='ocrx_word' id='word_1_124' title='bbox 819 1685 923 1733; x_wconf 86' lang='lat' dir='ltr'><strong>est.</strong></span> <span class='ocrx_word' id='word_1_125' title='bbox 957 1678 1057 1745; x_wconf 84' lang='lat' dir='ltr'><strong>Qui</strong></span> <span class='ocrx_word' id='word_1_126' title='bbox 1090 1677 1262 1733; x_wconf 86' lang='lat' dir='ltr'><strong>credit</strong></span> <span class='ocrx_word' id='word_1_127' title='bbox 1291 1679 1435 1733; x_wconf 88' lang='lat' dir='ltr'><strong>enim</strong></span> <span class='ocrx_word' id='word_1_128' title='bbox 1461 1693 1580 1734; x_wconf 89' lang='lat' dir='ltr'><strong>esse</strong></span> <span class='ocrx_word' id='word_1_129' title='bbox 1600 1678 1939 1733; x_wconf 86' lang='lat' dir='ltr'><strong>incarnatum</strong></span> <span class='ocrx_word' id='word_1_130' title='bbox 1978 1676 2165 1741; x_wconf 90' lang='lat' dir='ltr'><strong>Deum,</strong></span> 
     </span>
    </p>
   </div>
   <div class='ocr_carea' id='block_1_19' title="bbox 602 1770 1684 1839">
    <p class='ocr_par' dir='ltr' id='par_1_19' title="bbox 602 1770 1684 1839">
     <span class='ocr_line' id='line_1_19' title="bbox 602 1770 1684 1839; baseline -0.001 -15"><span class='ocrx_word' id='word_1_131' title='bbox 602 1771 652 1824; x_wconf 88' lang='lat' dir='ltr'><strong>is</strong></span> <span class='ocrx_word' id='word_1_132' title='bbox 678 1778 761 1823; x_wconf 90' lang='lat' dir='ltr'><strong>est</strong></span> <span class='ocrx_word' id='word_1_133' title='bbox 798 1770 889 1839; x_wconf 90' lang='lat' dir='ltr'><strong>qui</strong></span> <span class='ocrx_word' id='word_1_134' title='bbox 928 1771 1098 1839; x_wconf 78' lang='lat' dir='ltr'><strong>tangit</strong></span> <span class='ocrx_word' id='word_1_135' title='bbox 1136 1770 1517 1825; x_wconf 81' lang='lat' dir='ltr'><strong>vestimentum</strong></span> <span class='ocrx_word' id='word_1_136' title='bbox 1543 1770 1684 1839; x_wconf 82' lang='lat' dir='ltr'><strong>ejus.</strong></span> 
     </span>
    </p>
   </div>
   <div class='ocr_carea' id='block_1_20' title="bbox 2261 548 3833 623">
    <p class='ocr_par' dir='ltr' id='par_1_20' title="bbox 2261 548 3833 623">
     <span class='ocr_line' id='line_1_20' title="bbox 2261 548 3833 623; baseline -0.009 -11"><span class='ocrx_word' id='word_1_137' title='bbox 2261 575 2379 612; x_wconf 87' lang='grc' dir='ltr'>στιν</span> <span class='ocrx_word' id='word_1_138' title='bbox 2407 558 2763 611; x_wconf 76' lang='grc' dir='ltr'>ἐνδείκνυται.</span> <span class='ocrx_word' id='word_1_139' title='bbox 2798 555 2946 608; x_wconf 83' lang='grc' dir='ltr'>Ἔδει</span> <span class='ocrx_word' id='word_1_140' title='bbox 2980 554 3090 623; x_wconf 81' lang='grc' dir='ltr'><strong>γάρ</strong></span> <span class='ocrx_word' id='word_1_141' title='bbox 3121 553 3295 605; x_wconf 71' lang='grc' dir='ltr'>εἰπεῖν</span> <span class='ocrx_word' id='word_1_142' title='bbox 3322 552 3422 615; x_wconf 84' lang='grc' dir='ltr'>ὅτι,</span> <span class='ocrx_word' id='word_1_143' title='bbox 3474 548 3616 602; x_wconf 72' lang='grc' dir='ltr'><strong>Εἰπὲ</strong></span> <span class='ocrx_word' id='word_1_144' title='bbox 3671 548 3833 617; x_wconf 84' lang='grc' dir='ltr'>λόγῳ.</span> 
     </span>
    </p>
   </div>
   <div class='ocr_carea' id='block_1_21' title="bbox 2274 640 3835 719">
    <p class='ocr_par' dir='ltr' id='par_1_21' title="bbox 2274 640 3835 719">
     <span class='ocr_line' id='line_1_21' title="bbox 2274 640 3835 719; baseline -0.009 -15"><span class='ocrx_word' id='word_1_145' title='bbox 2274 650 2361 712; x_wconf 81' lang='grc' dir='ltr'>Ὠς</span> <span class='ocrx_word' id='word_1_146' title='bbox 2391 651 2449 702; x_wconf 82' lang='grc' dir='ltr'><strong>ὲν</strong></span> <span class='ocrx_word' id='word_1_147' title='bbox 2473 650 2735 719; x_wconf 84' lang='grc' dir='ltr'>παρέργῳ</span> <span class='ocrx_word' id='word_1_148' title='bbox 2762 647 2818 700; x_wconf 76' lang='grc' dir='ltr'><strong>δὲ</strong></span> <span class='ocrx_word' id='word_1_149' title='bbox 2850 646 3231 715; x_wconf 71' lang='grc' dir='ltr'><strong>ἀπερχομένου</strong></span> <span class='ocrx_word' id='word_1_150' title='bbox 3281 643 3377 696; x_wconf 86' lang='grc' dir='ltr'><strong>τοῦ</strong></span> <span class='ocrx_word' id='word_1_151' title='bbox 3413 642 3643 712; x_wconf 79' lang='grc' dir='ltr'><strong>Κυρίου,</strong></span> <span class='ocrx_word' id='word_1_152' title='bbox 3677 640 3835 708; x_wconf 84' lang='grc' dir='ltr'>θερα-</span> 
     </span>
    </p>
   </div>
   <div class='ocr_carea' id='block_1_22' title="bbox 2262 730 3831 809">
    <p class='ocr_par' dir='ltr' id='par_1_22' title="bbox 2262 730 3831 809">
     <span class='ocr_line' id='line_1_22' title="bbox 2262 730 3831 809; baseline -0.01 -14"><span class='ocrx_word' id='word_1_153' title='bbox 2262 741 2490 795; x_wconf 88' lang='grc' dir='ltr'>πεύεται</span> <span class='ocrx_word' id='word_1_154' title='bbox 2520 741 2613 793; x_wconf 84' lang='grc' dir='ltr'>καὶ</span> <span class='ocrx_word' id='word_1_155' title='bbox 2636 741 2669 809; x_wconf 85' lang='grc' dir='ltr'><strong>ή</strong></span> <span class='ocrx_word' id='word_1_156' title='bbox 2700 737 3032 809; x_wconf 73' lang='grc' dir='ltr'><strong>αἱμόρρους⁹</strong></span> <span class='ocrx_word' id='word_1_157' title='bbox 3068 738 3365 803; x_wconf 74' lang='grc' dir='ltr'><strong>πιστοτάτη</strong></span> <span class='ocrx_word' id='word_1_158' title='bbox 3406 734 3462 785; x_wconf 70' lang='grc' dir='ltr'><strong>δὲ</strong></span> <span class='ocrx_word' id='word_1_159' title='bbox 3501 735 3533 802; x_wconf 85' lang='grc' dir='ltr'><strong>ἡ</strong></span> <span class='ocrx_word' id='word_1_160' title='bbox 3563 730 3725 799; x_wconf 82' lang='grc' dir='ltr'>γυνὴ,</span> <span class='ocrx_word' id='word_1_161' title='bbox 3757 730 3831 781; x_wconf 78' lang='grc' dir='ltr'>δτι</span> 
     </span>
    </p>
   </div>
   <div class='ocr_carea' id='block_1_23' title="bbox 2263 822 3834 899">
    <p class='ocr_par' dir='ltr' id='par_1_23' title="bbox 2263 822 3834 899">
     <span class='ocr_line' id='line_1_23' title="bbox 2263 822 3834 899; baseline -0.008 -16"><span class='ocrx_word' id='word_1_162' title='bbox 2263 833 2355 884; x_wconf 74' lang='grc' dir='ltr'>καὶ</span> <span class='ocrx_word' id='word_1_163' title='bbox 2388 830 2495 884; x_wconf 77' lang='grc' dir='ltr'><strong>ἀπὸ</strong></span> <span class='ocrx_word' id='word_1_164' title='bbox 2526 830 2633 883; x_wconf 85' lang='grc' dir='ltr'>τῶν</span> <span class='ocrx_word' id='word_1_165' title='bbox 2664 829 2893 899; x_wconf 76' lang='grc' dir='ltr'><strong>ἱματίων</strong></span> <span class='ocrx_word' id='word_1_166' title='bbox 2923 827 3173 896; x_wconf 71' lang='grc' dir='ltr'>ἐνόμισεν</span> <span class='ocrx_word' id='word_1_167' title='bbox 3215 824 3561 895; x_wconf 71' lang='grc' dir='ltr'><strong>ὠφεληθῆναι</strong></span> <span class='ocrx_word' id='word_1_168' title='bbox 3590 842 3604 853; x_wconf 92' lang='grc'>·</span> <span class='ocrx_word' id='word_1_169' title='bbox 3632 823 3713 876; x_wconf 83' lang='grc' dir='ltr'>διὸ</span> <span class='ocrx_word' id='word_1_170' title='bbox 3744 822 3834 873; x_wconf 67' lang='grc' dir='ltr'><strong>καὶ</strong></span> 
     </span>
    </p>
   </div>
   <div class='ocr_carea' id='block_1_24' title="bbox 2264 912 3835 992">
    <p class='ocr_par' dir='ltr' id='par_1_24' title="bbox 2264 912 3835 992">
     <span class='ocr_line' id='line_1_24' title="bbox 2264 912 3835 992; baseline -0.01 -16"><span class='ocrx_word' id='word_1_171' title='bbox 2264 922 2521 992; x_wconf 80' lang='grc' dir='ltr'><strong>τυγχάνει</strong></span> <span class='ocrx_word' id='word_1_172' title='bbox 2571 922 2669 990; x_wconf 82' lang='grc' dir='ltr'>τῆς</span> <span class='ocrx_word' id='word_1_173' title='bbox 2706 918 3021 990; x_wconf 70' lang='grc' dir='ltr'><strong>θεραπείας.</strong></span> <span class='ocrx_word' id='word_1_174' title='bbox 3059 919 3293 987; x_wconf 87' lang='grc' dir='ltr'>Νοήσεις</span> <span class='ocrx_word' id='word_1_175' title='bbox 3337 913 3592 968; x_wconf 76' lang='grc' dir='ltr'>δὲταῦτα</span> <span class='ocrx_word' id='word_1_176' title='bbox 3627 913 3725 967; x_wconf 73' lang='grc' dir='ltr'><strong>καὶ</strong></span> <span class='ocrx_word' id='word_1_177' title='bbox 3756 912 3835 973; x_wconf 86' lang='grc' dir='ltr'><strong>είς</strong></span> 
     </span>
    </p>
   </div>
   <div class='ocr_carea' id='block_1_25' title="bbox 2262 1004 3837 1085">
    <p class='ocr_par' dir='ltr' id='par_1_25' title="bbox 2262 1004 3837 1085">
     <span class='ocr_line' id='line_1_25' title="bbox 2262 1004 3837 1085; baseline -0.008 -17"><span class='ocrx_word' id='word_1_178' title='bbox 2262 1016 2360 1085; x_wconf 81' lang='grc' dir='ltr'><strong>τὴν</strong></span> <span class='ocrx_word' id='word_1_179' title='bbox 2389 1012 2737 1084; x_wconf 71' lang='grc' dir='ltr'><strong>ἀνθρωπίνην</strong></span> <span class='ocrx_word' id='word_1_180' title='bbox 2760 1012 2942 1080; x_wconf 77' lang='grc' dir='ltr'>φύσιν,</span> <span class='ocrx_word' id='word_1_181' title='bbox 2970 1010 3094 1080; x_wconf 71' lang='grc' dir='ltr'>ἥτις</span> <span class='ocrx_word' id='word_1_182' title='bbox 3118 1009 3415 1078; x_wconf 74' lang='grc' dir='ltr'>αἱμόρρους</span> <span class='ocrx_word' id='word_1_183' title='bbox 3443 1004 3533 1077; x_wconf 82' lang='grc' dir='ltr'><strong>ἦν.</strong></span> <span class='ocrx_word' id='word_1_184' title='bbox 3554 1007 3837 1076; x_wconf 77' lang='grc' dir='ltr'>Ἐπήγαγε</span> 
     </span>
    </p>
   </div>
   <div class='ocr_carea' id='block_1_26' title="bbox 2265 1097 3839 1177">
    <p class='ocr_par' dir='ltr' id='par_1_26' title="bbox 2265 1097 3839 1177">
     <span class='ocr_line' id='line_1_26' title="bbox 2265 1097 3839 1177; baseline -0.007 -18"><span class='ocrx_word' id='word_1_185' title='bbox 2265 1107 2373 1177; x_wconf 76' lang='grc' dir='ltr'><strong>γάρ</strong></span> <span class='ocrx_word' id='word_1_186' title='bbox 2403 1107 2501 1177; x_wconf 76' lang='grc' dir='ltr'>τὴν</span> <span class='ocrx_word' id='word_1_187' title='bbox 2544 1104 2837 1176; x_wconf 80' lang='grc' dir='ltr'><strong>ἁμαρτίαν,</strong></span> <span class='ocrx_word' id='word_1_188' title='bbox 2880 1105 3001 1174; x_wconf 76' lang='grc' dir='ltr'>ἥτις</span> <span class='ocrx_word' id='word_1_189' title='bbox 3040 1103 3199 1171; x_wconf 74' lang='grc' dir='ltr'>φόνος</span> <span class='ocrx_word' id='word_1_190' title='bbox 3232 1100 3353 1153; x_wconf 74' lang='grc' dir='ltr'>ἐστὶ</span> <span class='ocrx_word' id='word_1_191' title='bbox 3374 1100 3471 1169; x_wconf 83' lang='grc' dir='ltr'>τῆς</span> <span class='ocrx_word' id='word_1_192' title='bbox 3508 1097 3712 1167; x_wconf 74' lang='grc' dir='ltr'>ψυχῆς,</span> <span class='ocrx_word' id='word_1_193' title='bbox 3745 1097 3839 1149; x_wconf 67' lang='grc' dir='ltr'><strong>καὶ</strong></span> 
     </span>
    </p>
   </div>
   <div class='ocr_carea' id='block_1_27' title="bbox 2266 1187 3839 1268">
    <p class='ocr_par' dir='ltr' id='par_1_27' title="bbox 2266 1187 3839 1268">
     <span class='ocr_line' id='line_1_27' title="bbox 2266 1187 3839 1268; baseline -0.007 -17"><span class='ocrx_word' id='word_1_194' title='bbox 2266 1200 2326 1252; x_wconf 83' lang='grc' dir='ltr'><strong>τὸ</strong></span> <span class='ocrx_word' id='word_1_195' title='bbox 2376 1195 2515 1268; x_wconf 75' lang='grc' dir='ltr'>αἷμα</span> <span class='ocrx_word' id='word_1_196' title='bbox 2545 1196 2652 1252; x_wconf 84' lang='grc' dir='ltr'>τῶν</span> <span class='ocrx_word' id='word_1_197' title='bbox 2702 1197 2891 1267; x_wconf 80' lang='grc' dir='ltr'>ψυχῶν</span> <span class='ocrx_word' id='word_1_198' title='bbox 2932 1195 3086 1266; x_wconf 79' lang='grc' dir='ltr'>ήμῶν</span> <span class='ocrx_word' id='word_1_199' title='bbox 3122 1194 3327 1263; x_wconf 79' lang='grc' dir='ltr'>έκχέει.</span> <span class='ocrx_word' id='word_1_200' title='bbox 3368 1193 3505 1245; x_wconf 83' lang='grc' dir='ltr'>’Υπὸ</span> <span class='ocrx_word' id='word_1_201' title='bbox 3538 1189 3754 1243; x_wconf 78' lang='grc' dir='ltr'>πολλῶν</span> <span class='ocrx_word' id='word_1_202' title='bbox 3781 1187 3839 1240; x_wconf 74' lang='grc' dir='ltr'><strong>δὶ</strong></span> 
     </span>
    </p>
   </div>
   <div class='ocr_carea' id='block_1_28' title="bbox 2270 1278 3841 1360">
    <p class='ocr_par' dir='ltr' id='par_1_28' title="bbox 2270 1278 3841 1360">
     <span class='ocr_line' id='line_1_28' title="bbox 2270 1278 3841 1360; baseline -0.009 -18"><span class='ocrx_word' id='word_1_203' title='bbox 2270 1290 2494 1360; x_wconf 69' lang='grc' dir='ltr'>ἰατρῶν,</span> <span class='ocrx_word' id='word_1_204' title='bbox 2538 1287 2647 1340; x_wconf 89' lang='grc' dir='ltr'>τῶν</span> <span class='ocrx_word' id='word_1_205' title='bbox 2678 1286 2858 1355; x_wconf 80' lang='grc' dir='ltr'>σοφῶν</span> <span class='ocrx_word' id='word_1_206' title='bbox 2887 1284 3031 1353; x_wconf 69' lang='grc' dir='ltr'>λέγω</span> <span class='ocrx_word' id='word_1_207' title='bbox 3091 1283 3185 1338; x_wconf 89' lang='grc' dir='ltr'><strong>τοῦ</strong></span> <span class='ocrx_word' id='word_1_208' title='bbox 3221 1282 3428 1348; x_wconf 81' lang='grc' dir='ltr'><strong>κόσμου</strong></span> <span class='ocrx_word' id='word_1_209' title='bbox 3479 1280 3695 1340; x_wconf 81' lang='grc' dir='ltr'>τούτου,</span> <span class='ocrx_word' id='word_1_210' title='bbox 3744 1278 3841 1329; x_wconf 72' lang='grc' dir='ltr'><strong>καὶ</strong></span> 
     </span>
    </p>
   </div>
   <div class='ocr_carea' id='block_1_29' title="bbox 2272 1367 3839 1452">
    <p class='ocr_par' dir='ltr' id='par_1_29' title="bbox 2272 1367 3839 1452">
     <span class='ocr_line' id='line_1_29' title="bbox 2272 1367 3839 1452; baseline -0.008 -19"><span class='ocrx_word' id='word_1_211' title='bbox 2272 1382 2379 1452; x_wconf 76' lang='grc' dir='ltr'>μὴν</span> <span class='ocrx_word' id='word_1_212' title='bbox 2402 1382 2494 1434; x_wconf 80' lang='grc' dir='ltr'><strong>καὶ</strong></span> <span class='ocrx_word' id='word_1_213' title='bbox 2525 1378 2625 1433; x_wconf 90' lang='grc' dir='ltr'><strong>τοῦ</strong></span> <span class='ocrx_word' id='word_1_214' title='bbox 2652 1379 2815 1449; x_wconf 81' lang='grc' dir='ltr'>νόμου</span> <span class='ocrx_word' id='word_1_215' title='bbox 2851 1378 2946 1431; x_wconf 79' lang='grc' dir='ltr'>καὶ</span> <span class='ocrx_word' id='word_1_216' title='bbox 2972 1376 3081 1429; x_wconf 90' lang='grc' dir='ltr'>τῶν</span> <span class='ocrx_word' id='word_1_217' title='bbox 3113 1373 3429 1446; x_wconf 81' lang='grc' dir='ltr'>προφητῶν,</span> <span class='ocrx_word' id='word_1_218' title='bbox 3462 1372 3562 1425; x_wconf 83' lang='grc' dir='ltr'><strong>οὐκ</strong></span> <span class='ocrx_word' id='word_1_219' title='bbox 3600 1367 3839 1441; x_wconf 73' lang='grc' dir='ltr'>ἠδυνήθη</span> 
     </span>
    </p>
   </div>
   <div class='ocr_carea' id='block_1_30' title="bbox 2269 1462 3839 1544">
    <p class='ocr_par' dir='ltr' id='par_1_30' title="bbox 2269 1462 3839 1544">
     <span class='ocr_line' id='line_1_30' title="bbox 2269 1462 3839 1544; baseline -0.01 -16"><span class='ocrx_word' id='word_1_220' title='bbox 2269 1474 2694 1544; x_wconf 76' lang='grc' dir='ltr'>θεραπευθῆναι.</span> <span class='ocrx_word' id='word_1_221' title='bbox 2727 1473 2877 1539; x_wconf 60' lang='lat' dir='ltr'><strong>&quot;Atta.</strong></span> <span class='ocrx_word' id='word_1_222' title='bbox 2901 1470 2956 1523; x_wconf 81' lang='grc' dir='ltr'><strong>δὲ</strong></span> <span class='ocrx_word' id='word_1_223' title='bbox 2988 1470 3164 1540; x_wconf 79' lang='grc' dir='ltr'>ἥψατο</span> <span class='ocrx_word' id='word_1_224' title='bbox 3186 1467 3293 1520; x_wconf 86' lang='grc' dir='ltr'>τῶν</span> <span class='ocrx_word' id='word_1_225' title='bbox 3322 1466 3551 1535; x_wconf 80' lang='grc' dir='ltr'><strong>ἱματίων</strong></span> <span class='ocrx_word' id='word_1_226' title='bbox 3577 1462 3673 1517; x_wconf 88' lang='grc' dir='ltr'><strong>τοῦ</strong></span> <span class='ocrx_word' id='word_1_227' title='bbox 3705 1463 3839 1532; x_wconf 77' lang='grc' dir='ltr'>Χρι-</span> 
     </span>
    </p>
   </div>
   <div class='ocr_carea' id='block_1_31' title="bbox 2271 1554 3839 1633">
    <p class='ocr_par' dir='ltr' id='par_1_31' title="bbox 2271 1554 3839 1633">
     <span class='ocr_line' id='line_1_31' title="bbox 2271 1554 3839 1633; baseline -0.01 -14"><span class='ocrx_word' id='word_1_228' title='bbox 2271 1566 2420 1630; x_wconf 82' lang='grc' dir='ltr'>στοῦ,</span> <span class='ocrx_word' id='word_1_229' title='bbox 2450 1564 2698 1618; x_wconf 82' lang='grc' dir='ltr'><strong>τουτέστι</strong></span> <span class='ocrx_word' id='word_1_230' title='bbox 2723 1565 2822 1633; x_wconf 84' lang='grc' dir='ltr'>τῆς</span> <span class='ocrx_word' id='word_1_231' title='bbox 2850 1560 3053 1630; x_wconf 81' lang='grc' dir='ltr'>σαρκὸς</span> <span class='ocrx_word' id='word_1_232' title='bbox 3080 1558 3271 1621; x_wconf 82' lang='grc' dir='ltr'>αὑτοῦ,</span> <span class='ocrx_word' id='word_1_233' title='bbox 3318 1556 3411 1609; x_wconf 82' lang='grc' dir='ltr'>καὶ</span> <span class='ocrx_word' id='word_1_234' title='bbox 3450 1555 3597 1623; x_wconf 86' lang='grc' dir='ltr'>ίάθη.</span> <span class='ocrx_word' id='word_1_235' title='bbox 3643 1554 3702 1606; x_wconf 86' lang='lat'><strong>&#39;0</strong></span> <span class='ocrx_word' id='word_1_236' title='bbox 3731 1554 3839 1622; x_wconf 81' lang='grc' dir='ltr'><strong>γὰρ</strong></span> 
     </span>
    </p>
   </div>
   <div class='ocr_carea' id='block_1_32' title="bbox 2269 1645 3840 1725">
    <p class='ocr_par' dir='ltr' id='par_1_32' title="bbox 2269 1645 3840 1725">
     <span class='ocr_line' id='line_1_32' title="bbox 2269 1645 3840 1725; baseline -0.009 -13"><span class='ocrx_word' id='word_1_237' title='bbox 2269 1658 2542 1712; x_wconf 82' lang='grc' dir='ltr'><strong>πιστεύων</strong></span> <span class='ocrx_word' id='word_1_238' title='bbox 2598 1656 2680 1709; x_wconf 78' lang='grc' dir='ltr'>ὅτι</span> <span class='ocrx_word' id='word_1_239' title='bbox 2718 1651 3005 1725; x_wconf 73' lang='grc' dir='ltr'>ὲσαρκώθη</span> <span class='ocrx_word' id='word_1_240' title='bbox 3057 1651 3086 1703; x_wconf 86' lang='grc' dir='ltr'>ὀ</span> <span class='ocrx_word' id='word_1_241' title='bbox 3132 1648 3389 1722; x_wconf 78' lang='grc' dir='ltr'>Χριστὸς,</span> <span class='ocrx_word' id='word_1_242' title='bbox 3444 1645 3599 1712; x_wconf 76' lang='grc' dir='ltr'>οὗτός</span> <span class='ocrx_word' id='word_1_243' title='bbox 3636 1646 3840 1700; x_wconf 70' lang='lat' dir='ltr'><strong>totva</strong></span> 
     </span>
    </p>
   </div>
   <div class='ocr_carea' id='block_1_33' title="bbox 2272 1738 3167 1821">
    <p class='ocr_par' dir='ltr' id='par_1_33' title="bbox 2272 1738 3167 1821">
     <span class='ocr_line' id='line_1_33' title="bbox 2272 1738 3167 1821; baseline -0.011 -16"><span class='ocrx_word' id='word_1_244' title='bbox 2272 1751 2550 1821; x_wconf 72' lang='grc' dir='ltr'>ἁψάμενος</span> <span class='ocrx_word' id='word_1_245' title='bbox 2573 1738 2683 1801; x_wconf 86' lang='grc' dir='ltr'>τῶν</span> <span class='ocrx_word' id='word_1_246' title='bbox 2712 1744 2943 1816; x_wconf 74' lang='grc' dir='ltr'>ἱματίων</span> <span class='ocrx_word' id='word_1_247' title='bbox 2978 1741 3167 1796; x_wconf 80' lang='grc' dir='ltr'>αὑτοῦ.</span> 
     </span>
    </p>
   </div>
   <div class='ocr_carea' id='block_1_34' title="bbox 682 1828 2175 1929">
    <p class='ocr_par' dir='ltr' id='par_1_34' title="bbox 682 1828 2166 1929">
     <span class='ocr_line' id='line_1_34' title="bbox 682 1828 2166 1929; baseline 0.005 -23"><span class='ocrx_word' id='word_1_248' title='bbox 682 1828 842 1911; x_wconf 55' lang='lat' dir='ltr'><strong>visas.</strong></span> <span class='ocrx_word' id='word_1_249' title='bbox 881 1828 1065 1913; x_wconf 71' lang='grc' dir='ltr'>ὖθοὸἶ.</span> <span class='ocrx_word' id='word_1_250' title='bbox 1106 1876 1124 1908; x_wconf 77' lang='grc' dir='ltr'><strong>ι</strong></span> <span class='ocrx_word' id='word_1_251' title='bbox 1165 1857 1430 1915; x_wconf 83' lang='lat' dir='ltr'><strong>Etstatim</strong></span> <span class='ocrx_word' id='word_1_252' title='bbox 1463 1828 1620 1914; x_wconf 71' lang='lat' dir='ltr'><strong>Jestis</strong></span> <span class='ocrx_word' id='word_1_253' title='bbox 1655 1860 1708 1914; x_wconf 88' lang='lat' dir='ltr'><strong>iu</strong></span> <span class='ocrx_word' id='word_1_254' title='bbox 1740 1859 2035 1929; x_wconf 88' lang='lat' dir='ltr'><strong>semetipso</strong></span> <span class='ocrx_word' id='word_1_255' title='bbox 2072 1873 2166 1915; x_wconf 87' lang='lat' dir='ltr'><strong>co-</strong></span> 
     </span>
    </p>
   </div>
   <div class='ocr_carea' id='block_1_35' title="bbox 2279 1828 3843 1929">
    <p class='ocr_par' dir='ltr' id='par_1_35' title="bbox 2346 1830 3843 1904">
     <span class='ocr_line' id='line_1_35' title="bbox 2346 1830 3843 1904; baseline -0.011 -7"><span class='ocrx_word' id='word_1_256' title='bbox 2346 1864 2365 1895; x_wconf 78' lang='grc' dir='ltr'><strong>ι</strong></span> <span class='ocrx_word' id='word_1_257' title='bbox 2404 1844 2515 1896; x_wconf 79' lang='lat' dir='ltr'><strong>Kal.</strong></span> <span class='ocrx_word' id='word_1_258' title='bbox 2545 1840 2749 1903; x_wconf 84' lang='grc' dir='ltr'>εὐθέως</span> <span class='ocrx_word' id='word_1_259' title='bbox 2797 1840 2825 1892; x_wconf 84' lang='grc' dir='ltr'>ὁ</span> <span class='ocrx_word' id='word_1_260' title='bbox 2895 1836 3101 1901; x_wconf 88' lang='grc' dir='ltr'>Ἰησοῦς</span> <span class='ocrx_word' id='word_1_261' title='bbox 3145 1835 3399 1904; x_wconf 72' lang='grc' dir='ltr'>ἐπιγνοὺς</span> <span class='ocrx_word' id='word_1_262' title='bbox 3440 1835 3498 1887; x_wconf 77' lang='grc' dir='ltr'><strong>ὲν</strong></span> <span class='ocrx_word' id='word_1_263' title='bbox 3543 1830 3721 1902; x_wconf 73' lang='grc' dir='ltr'>ἑαυτῷ</span> <span class='ocrx_word' id='word_1_264' title='bbox 3746 1830 3843 1901; x_wconf 72' lang='grc' dir='ltr'>τὴν</span> 
     </span>
    </p>
   </div>
   <div class='ocr_carea' id='block_1_36' title="bbox 608 1949 2169 2019">
    <p class='ocr_par' dir='ltr' id='par_1_36' title="bbox 608 1949 2169 2019">
     <span class='ocr_line' id='line_1_36' title="bbox 608 1949 2169 2019; baseline 0.003 -21"><span class='ocrx_word' id='word_1_265' title='bbox 608 1961 871 2016; x_wconf 86' lang='lat' dir='ltr'><strong>gnoscens</strong></span> <span class='ocrx_word' id='word_1_266' title='bbox 899 1949 1150 2003; x_wconf 80' lang='lat' dir='ltr'><strong>virtutem</strong></span> <span class='ocrx_word' id='word_1_267' title='bbox 1188 1965 1253 2003; x_wconf 79' lang='lat' dir='ltr'><strong>ex</strong></span> <span class='ocrx_word' id='word_1_268' title='bbox 1302 1964 1419 2004; x_wconf 85' lang='lat' dir='ltr'><strong>sese</strong></span> <span class='ocrx_word' id='word_1_269' title='bbox 1449 1950 1736 2019; x_wconf 85' lang='lat' dir='ltr'><strong>prodiisse,</strong></span> <span class='ocrx_word' id='word_1_270' title='bbox 1768 1965 2062 2005; x_wconf 79' lang='lat' dir='ltr'><strong>conversus</strong></span> <span class='ocrx_word' id='word_1_271' title='bbox 2114 1951 2169 2005; x_wconf 93' lang='lat' dir='ltr'><strong>in</strong></span> 
     </span>
    </p>
   </div>
   <div class='ocr_carea' id='block_1_37' title="bbox 608 2038 2174 2107">
    <p class='ocr_par' dir='ltr' id='par_1_37' title="bbox 608 2038 2174 2107">
     <span class='ocr_line' id='line_1_37' title="bbox 608 2038 2174 2107; baseline 0.004 -16"><span class='ocrx_word' id='word_1_272' title='bbox 608 2038 768 2093; x_wconf 86' lang='lat' dir='ltr'><strong>turba</strong></span> <span class='ocrx_word' id='word_1_273' title='bbox 790 2038 1003 2093; x_wconf 81' lang='lat' dir='ltr'><strong>aiebat:</strong></span> <span class='ocrx_word' id='word_1_274' title='bbox 1035 2038 1169 2104; x_wconf 87' lang='lat' dir='ltr'><strong>Quis</strong></span> <span class='ocrx_word' id='word_1_275' title='bbox 1195 2039 1368 2107; x_wconf 77' lang='lat' dir='ltr'><strong>tetigit</strong></span> <span class='ocrx_word' id='word_1_276' title='bbox 1388 2040 1709 2096; x_wconf 88' lang='lat' dir='ltr'><strong>vestimenta</strong></span> <span class='ocrx_word' id='word_1_277' title='bbox 1738 2056 1853 2097; x_wconf 87' lang='lat' dir='ltr'><strong>mea</strong></span> <span class='ocrx_word' id='word_1_278' title='bbox 1879 2043 1903 2095; x_wconf 75' lang='grc' dir='ltr'><strong>ι</strong></span> <span class='ocrx_word' id='word_1_279' title='bbox 1929 2042 1993 2096; x_wconf 79' lang='lat' dir='ltr'><strong>Et</strong></span> <span class='ocrx_word' id='word_1_280' title='bbox 2026 2041 2174 2098; x_wconf 85' lang='lat' dir='ltr'><strong>dice-</strong></span> 
     </span>
    </p>
   </div>
   <div class='ocr_carea' id='block_1_38' title="bbox 603 2125 2176 2200">
    <p class='ocr_par' dir='ltr' id='par_1_38' title="bbox 603 2125 2176 2200">
     <span class='ocr_line' id='line_1_38' title="bbox 603 2125 2176 2200; baseline 0.002 -18"><span class='ocrx_word' id='word_1_281' title='bbox 603 2125 736 2182; x_wconf 85' lang='lat' dir='ltr'><strong>bant</strong></span> <span class='ocrx_word' id='word_1_282' title='bbox 791 2127 838 2181; x_wconf 90' lang='lat' dir='ltr'><strong>ei</strong></span> <span class='ocrx_word' id='word_1_283' title='bbox 899 2127 1146 2197; x_wconf 85' lang='lat' dir='ltr'><strong>discipuli</strong></span> <span class='ocrx_word' id='word_1_284' title='bbox 1204 2129 1411 2197; x_wconf 87' lang='lat' dir='ltr'><strong>ipsius:</strong></span> <span class='ocrx_word' id='word_1_285' title='bbox 1464 2129 1627 2185; x_wconf 90' lang='lat' dir='ltr'><strong>Vides</strong></span> <span class='ocrx_word' id='word_1_286' title='bbox 1678 2132 1887 2185; x_wconf 85' lang='lat' dir='ltr'><strong>turbam</strong></span> <span class='ocrx_word' id='word_1_287' title='bbox 1942 2132 2176 2200; x_wconf 87' lang='lat' dir='ltr'><strong>undique</strong></span> 
     </span>
    </p>
   </div>
   <div class='ocr_carea' id='block_1_39' title="bbox 605 2220 2173 2293">
    <p class='ocr_par' dir='ltr' id='par_1_39' title="bbox 605 2220 2173 2293">
     <span class='ocr_line' id='line_1_39' title="bbox 605 2220 2173 2293; baseline 0.004 -23"><span class='ocrx_word' id='word_1_288' title='bbox 605 2228 945 2289; x_wconf 85' lang='lat' dir='ltr'><strong>prementem</strong></span> <span class='ocrx_word' id='word_1_289' title='bbox 988 2230 1061 2286; x_wconf 89' lang='lat' dir='ltr'><strong>te,</strong></span> <span class='ocrx_word' id='word_1_290' title='bbox 1089 2231 1143 2275; x_wconf 91' lang='lat' dir='ltr'><strong>et</strong></span> <span class='ocrx_word' id='word_1_291' title='bbox 1171 2220 1343 2275; x_wconf 85' lang='lat' dir='ltr'><strong>dicis:</strong></span> <span class='ocrx_word' id='word_1_292' title='bbox 1375 2220 1509 2287; x_wconf 79' lang='lat' dir='ltr'><strong>Quis</strong></span> <span class='ocrx_word' id='word_1_293' title='bbox 1542 2236 1627 2276; x_wconf 90' lang='lat' dir='ltr'><strong>me</strong></span> <span class='ocrx_word' id='word_1_294' title='bbox 1672 2223 1890 2293; x_wconf 75' lang='lat' dir='ltr'><strong>tetigit?</strong></span> <span class='ocrx_word' id='word_1_295' title='bbox 1939 2222 2005 2277; x_wconf 86' lang='lat' dir='ltr'><strong>Et</strong></span> <span class='ocrx_word' id='word_1_296' title='bbox 2062 2222 2173 2277; x_wconf 90' lang='lat' dir='ltr'><strong>cir-</strong></span> 
     </span>
    </p>
   </div>
   <div class='ocr_carea' id='block_1_40' title="bbox 606 2309 2169 2381">
    <p class='ocr_par' dir='ltr' id='par_1_40' title="bbox 606 2309 2169 2381">
     <span class='ocr_line' id='line_1_40' title="bbox 606 2309 2169 2381; baseline 0.003 -18"><span class='ocrx_word' id='word_1_297' title='bbox 606 2309 1033 2378; x_wconf 87' lang='lat' dir='ltr'><strong>cumspiciebat,</strong></span> <span class='ocrx_word' id='word_1_298' title='bbox 1092 2318 1149 2364; x_wconf 93' lang='lat' dir='ltr'><strong>ut</strong></span> <span class='ocrx_word' id='word_1_299' title='bbox 1198 2310 1404 2366; x_wconf 76' lang='lat' dir='ltr'><strong>videret</strong></span> <span class='ocrx_word' id='word_1_300' title='bbox 1456 2326 1573 2365; x_wconf 88' lang='lat' dir='ltr'><strong>eam</strong></span> <span class='ocrx_word' id='word_1_301' title='bbox 1627 2326 1747 2381; x_wconf 69' lang='lat' dir='ltr'><strong>quae</strong></span> <span class='ocrx_word' id='word_1_302' title='bbox 1798 2313 2169 2367; x_wconf 50' lang='lat' dir='ltr'><strong>boc’fecerat.</strong></span> 
     </span>
    </p>
   </div>
   <div class='ocr_carea' id='block_1_41' title="bbox 608 2397 2170 2473">
    <p class='ocr_par' dir='ltr' id='par_1_41' title="bbox 608 2397 2170 2473">
     <span class='ocr_line' id='line_1_41' title="bbox 608 2397 2170 2473; baseline 0.003 -18"><span class='ocrx_word' id='word_1_303' title='bbox 608 2397 798 2456; x_wconf 71' lang='lat' dir='ltr'><strong>Mulier</strong></span> <span class='ocrx_word' id='word_1_304' title='bbox 832 2416 956 2457; x_wconf 89' lang='lat' dir='ltr'><strong>vero</strong></span> <span class='ocrx_word' id='word_1_305' title='bbox 992 2403 1186 2457; x_wconf 87' lang='lat' dir='ltr'><strong>timens</strong></span> <span class='ocrx_word' id='word_1_306' title='bbox 1216 2418 1278 2458; x_wconf 89' lang='lat' dir='ltr'><strong>ac</strong></span> <span class='ocrx_word' id='word_1_307' title='bbox 1307 2412 1565 2468; x_wconf 83' lang='lat' dir='ltr'><strong>tremens,</strong></span> <span class='ocrx_word' id='word_1_308' title='bbox 1598 2405 1777 2459; x_wconf 88' lang='lat' dir='ltr'><strong>sciens</strong></span> <span class='ocrx_word' id='word_1_309' title='bbox 1800 2406 1942 2473; x_wconf 88' lang='lat' dir='ltr'><strong>quod</strong></span> <span class='ocrx_word' id='word_1_310' title='bbox 1968 2403 2170 2459; x_wconf 88' lang='lat' dir='ltr'><strong>factum</strong></span> 
     </span>
    </p>
   </div>
   <div class='ocr_carea' id='block_1_42' title="bbox 607 2492 2171 2566">
    <p class='ocr_par' dir='ltr' id='par_1_42' title="bbox 607 2492 2171 2566">
     <span class='ocr_line' id='line_1_42' title="bbox 607 2492 2171 2566; baseline 0.003 -20"><span class='ocrx_word' id='word_1_311' title='bbox 607 2501 752 2546; x_wconf 88' lang='lat' dir='ltr'><strong>esset</strong></span> <span class='ocrx_word' id='word_1_312' title='bbox 789 2492 839 2545; x_wconf 92' lang='lat' dir='ltr'><strong>in</strong></span> <span class='ocrx_word' id='word_1_313' title='bbox 869 2508 947 2557; x_wconf 87' lang='lat' dir='ltr'><strong>se,</strong></span> <span class='ocrx_word' id='word_1_314' title='bbox 982 2497 1127 2547; x_wconf 89' lang='lat' dir='ltr'><strong>venit</strong></span> <span class='ocrx_word' id='word_1_315' title='bbox 1163 2504 1215 2548; x_wconf 86' lang='lat' dir='ltr'><strong>et</strong></span> <span class='ocrx_word' id='word_1_316' title='bbox 1241 2495 1437 2550; x_wconf 85' lang='lat' dir='ltr'><strong>accidit</strong></span> <span class='ocrx_word' id='word_1_317' title='bbox 1467 2495 1538 2561; x_wconf 86' lang='lat' dir='ltr'><strong>ei,</strong></span> <span class='ocrx_word' id='word_1_318' title='bbox 1573 2495 1817 2566; x_wconf 79' lang='lat' dir='ltr'><strong>dixitque</strong></span> <span class='ocrx_word' id='word_1_319' title='bbox 1860 2496 1907 2551; x_wconf 89' lang='lat' dir='ltr'><strong>ei</strong></span> <span class='ocrx_word' id='word_1_320' title='bbox 1956 2510 2171 2551; x_wconf 88' lang='lat' dir='ltr'><strong>omnem</strong></span> 
     </span>
    </p>
   </div>
   <div class='ocr_carea' id='block_1_43' title="bbox 608 2584 2175 2652">
    <p class='ocr_par' dir='ltr' id='par_1_43' title="bbox 608 2584 2175 2652">
     <span class='ocr_line' id='line_1_43' title="bbox 608 2584 2175 2652; baseline 0.006 -17"><span class='ocrx_word' id='word_1_321' title='bbox 608 2584 912 2639; x_wconf 81' lang='lat' dir='ltr'><strong>veritatem.</strong></span> <span class='ocrx_word' id='word_1_322' title='bbox 961 2584 1052 2639; x_wconf 91' lang='lat' dir='ltr'><strong>Ille</strong></span> <span class='ocrx_word' id='word_1_323' title='bbox 1098 2596 1275 2640; x_wconf 89' lang='lat' dir='ltr'><strong>autem</strong></span> <span class='ocrx_word' id='word_1_324' title='bbox 1324 2586 1460 2641; x_wconf 77' lang='lat' dir='ltr'><strong>dixit</strong></span> <span class='ocrx_word' id='word_1_325' title='bbox 1501 2587 1593 2642; x_wconf 90' lang='lat' dir='ltr'><strong>ei:</strong></span> <span class='ocrx_word' id='word_1_326' title='bbox 1629 2588 1784 2652; x_wconf 81' lang='lat' dir='ltr'><strong>Filia,</strong></span> <span class='ocrx_word' id='word_1_327' title='bbox 1838 2590 1971 2645; x_wconf 84' lang='lat' dir='ltr'><strong>ﬂdes</strong></span> <span class='ocrx_word' id='word_1_328' title='bbox 2006 2600 2097 2645; x_wconf 87' lang='lat' dir='ltr'><strong>tua</strong></span> <span class='ocrx_word' id='word_1_329' title='bbox 2126 2599 2175 2646; x_wconf 88' lang='lat' dir='ltr'><strong>te</strong></span> 
     </span>
    </p>
   </div>
   <div class='ocr_carea' id='block_1_44' title="bbox 609 2674 2177 2750">
    <p class='ocr_par' dir='ltr' id='par_1_44' title="bbox 609 2674 2177 2750">
     <span class='ocr_line' id='line_1_44' title="bbox 609 2674 2177 2750; baseline 0.003 -19"><span class='ocrx_word' id='word_1_330' title='bbox 609 2674 881 2731; x_wconf 81' lang='lat' dir='ltr'><strong>servavit:</strong></span> <span class='ocrx_word' id='word_1_331' title='bbox 918 2677 1053 2730; x_wconf 83' lang='lat' dir='ltr'><strong>vade</strong></span> <span class='ocrx_word' id='word_1_332' title='bbox 1104 2691 1224 2731; x_wconf 91' lang='lat' dir='ltr'><strong>cum</strong></span> <span class='ocrx_word' id='word_1_333' title='bbox 1275 2691 1426 2746; x_wconf 89' lang='lat' dir='ltr'><strong>pace,</strong></span> <span class='ocrx_word' id='word_1_334' title='bbox 1472 2687 1527 2732; x_wconf 88' lang='lat' dir='ltr'><strong>et</strong></span> <span class='ocrx_word' id='word_1_335' title='bbox 1581 2688 1696 2733; x_wconf 84' lang='lat' dir='ltr'><strong>esto</strong></span> <span class='ocrx_word' id='word_1_336' title='bbox 1741 2694 1870 2735; x_wconf 83' lang='lat' dir='ltr'><strong>sana</strong></span> <span class='ocrx_word' id='word_1_337' title='bbox 1912 2695 1939 2733; x_wconf 88' lang='lat' dir='ltr'><strong>a</strong></span> <span class='ocrx_word' id='word_1_338' title='bbox 1968 2679 2177 2750; x_wconf 67' lang='lat' dir='ltr'><strong>flagello</strong></span> 
     </span>
    </p>
   </div>
   <div class='ocr_carea' id='block_1_45' title="bbox 614 2764 2172 2834">
    <p class='ocr_par' dir='ltr' id='par_1_45' title="bbox 614 2764 2172 2834">
     <span class='ocr_line' id='line_1_45' title="bbox 614 2764 2172 2834; baseline 0.005 -17"><span class='ocrx_word' id='word_1_339' title='bbox 614 2773 728 2818; x_wconf 90' lang='lat' dir='ltr'><strong>tuo.</strong></span> <span class='ocrx_word' id='word_1_340' title='bbox 768 2781 787 2815; x_wconf 75' lang='grc' dir='ltr'><strong>ι</strong></span> <span class='ocrx_word' id='word_1_341' title='bbox 834 2764 1122 2834; x_wconf 87' lang='lat' dir='ltr'><strong>Egreditur</strong></span> <span class='ocrx_word' id='word_1_342' title='bbox 1148 2765 1317 2820; x_wconf 87' lang='lat' dir='ltr'><strong>virtus</strong></span> <span class='ocrx_word' id='word_1_343' title='bbox 1355 2781 1384 2820; x_wconf 89' lang='lat' dir='ltr'><strong>a</strong></span> <span class='ocrx_word' id='word_1_344' title='bbox 1433 2765 1687 2834; x_wconf 85' lang='lat' dir='ltr'><strong>Christo,</strong></span> <span class='ocrx_word' id='word_1_345' title='bbox 1730 2783 1833 2823; x_wconf 88' lang='lat' dir='ltr'><strong>non</strong></span> <span class='ocrx_word' id='word_1_346' title='bbox 1884 2784 1915 2822; x_wconf 89' lang='lat' dir='ltr'><strong>a</strong></span> <span class='ocrx_word' id='word_1_347' title='bbox 1954 2770 2071 2825; x_wconf 90' lang='lat' dir='ltr'><strong>loco</strong></span> <span class='ocrx_word' id='word_1_348' title='bbox 2120 2770 2172 2825; x_wconf 89' lang='lat' dir='ltr'><strong>in</strong></span> 
     </span>
    </p>
   </div>
   <div class='ocr_carea' id='block_1_46' title="bbox 613 2854 2172 2923">
    <p class='ocr_par' dir='ltr' id='par_1_46' title="bbox 613 2854 2172 2923">
     <span class='ocr_line' id='line_1_46' title="bbox 613 2854 2172 2923; baseline 0.004 -14"><span class='ocrx_word' id='word_1_349' title='bbox 613 2854 789 2909; x_wconf 92' lang='lat' dir='ltr'><strong>locum</strong></span> <span class='ocrx_word' id='word_1_350' title='bbox 819 2856 1109 2923; x_wconf 83' lang='lat' dir='ltr'><strong>transiens,</strong></span> <span class='ocrx_word' id='word_1_351' title='bbox 1155 2856 1251 2911; x_wconf 88' lang='lat' dir='ltr'><strong>sed</strong></span> <span class='ocrx_word' id='word_1_352' title='bbox 1300 2872 1526 2913; x_wconf 87' lang='lat' dir='ltr'><strong>manens</strong></span> <span class='ocrx_word' id='word_1_353' title='bbox 1559 2859 1779 2914; x_wconf 83' lang='lat' dir='ltr'><strong>immuta</strong></span> <span class='ocrx_word' id='word_1_354' title='bbox 1832 2859 1885 2913; x_wconf 93' lang='lat' dir='ltr'><strong>in</strong></span> <span class='ocrx_word' id='word_1_355' title='bbox 1933 2858 2172 2922; x_wconf 85' lang='lat' dir='ltr'><strong>Christo.</strong></span> 
     </span>
    </p>
   </div>
   <div class='ocr_carea' id='block_1_47' title="bbox 611 2946 2176 3017">
    <p class='ocr_par' dir='ltr' id='par_1_47' title="bbox 611 2946 2176 3017">
     <span class='ocr_line' id='line_1_47' title="bbox 611 2946 2176 3017; baseline 0.004 -18"><span class='ocrx_word' id='word_1_356' title='bbox 611 2947 1040 3001; x_wconf 79' lang='lat' dir='ltr'><strong>communicatur</strong></span> <span class='ocrx_word' id='word_1_357' title='bbox 1070 2954 1124 3000; x_wconf 88' lang='lat' dir='ltr'><strong>et</strong></span> <span class='ocrx_word' id='word_1_358' title='bbox 1156 2946 1277 3002; x_wconf 87' lang='lat' dir='ltr'><strong>aliis</strong></span> <span class='ocrx_word' id='word_1_359' title='bbox 1300 2986 1314 3013; x_wconf 91' lang='lat'><strong>,</strong></span> <span class='ocrx_word' id='word_1_360' title='bbox 1342 2949 1797 3017; x_wconf 86' lang='lat' dir='ltr'><strong>quemadmodum</strong></span> <span class='ocrx_word' id='word_1_361' title='bbox 1834 2961 1889 3003; x_wconf 87' lang='lat' dir='ltr'><strong>et</strong></span> <span class='ocrx_word' id='word_1_362' title='bbox 1914 2948 2176 3005; x_wconf 61' lang='lat' dir='ltr'><strong>doctrinae</strong></span> 
     </span>
    </p>
   </div>
   <div class='ocr_carea' id='block_1_48' title="bbox 614 3034 2177 3103">
    <p class='ocr_par' dir='ltr' id='par_1_48' title="bbox 614 3034 2177 3103">
     <span class='ocr_line' id='line_1_48' title="bbox 614 3034 2177 3103; baseline 0.005 -16"><span class='ocrx_word' id='word_1_363' title='bbox 614 3051 641 3087; x_wconf 87' lang='lat' dir='ltr'><strong>a</strong></span> <span class='ocrx_word' id='word_1_364' title='bbox 678 3034 993 3090; x_wconf 87' lang='lat' dir='ltr'><strong>docentibus</strong></span> <span class='ocrx_word' id='word_1_365' title='bbox 1020 3043 1167 3103; x_wconf 90' lang='lat' dir='ltr'><strong>sunt,</strong></span> <span class='ocrx_word' id='word_1_366' title='bbox 1201 3046 1257 3091; x_wconf 89' lang='lat' dir='ltr'><strong>et</strong></span> <span class='ocrx_word' id='word_1_367' title='bbox 1310 3038 1643 3093; x_wconf 87' lang='lat' dir='ltr'><strong>discentibus</strong></span> <span class='ocrx_word' id='word_1_368' title='bbox 1689 3042 1993 3094; x_wconf 90' lang='lat' dir='ltr'><strong>traduntur.</strong></span> <span class='ocrx_word' id='word_1_369' title='bbox 2043 3040 2177 3097; x_wconf 86' lang='lat' dir='ltr'><strong>Vide</strong></span> 
     </span>
    </p>
   </div>
   <div class='ocr_carea' id='block_1_49' title="bbox 2272 1924 3842 2003">
    <p class='ocr_par' dir='ltr' id='par_1_49' title="bbox 2272 1924 3842 2003">
     <span class='ocr_line' id='line_1_49' title="bbox 2272 1924 3842 2003; baseline -0.009 -14"><span class='ocrx_word' id='word_1_370' title='bbox 2272 1936 2330 2001; x_wconf 74' lang='grc' dir='ltr'><strong>ἐξ</strong></span> <span class='ocrx_word' id='word_1_371' title='bbox 2373 1935 2539 1988; x_wconf 82' lang='grc' dir='ltr'>αὑτοῦ</span> <span class='ocrx_word' id='word_1_372' title='bbox 2584 1932 2813 2003; x_wconf 83' lang='grc' dir='ltr'>δύναμιν</span> <span class='ocrx_word' id='word_1_373' title='bbox 2852 1930 3212 1993; x_wconf 73' lang='grc' dir='ltr'>ἐξελθοῦσαν,</span> <span class='ocrx_word' id='word_1_374' title='bbox 3255 1927 3614 1998; x_wconf 74' lang='grc' dir='ltr'>ἐπιστραφεὶς</span> <span class='ocrx_word' id='word_1_375' title='bbox 3666 1927 3725 1978; x_wconf 77' lang='grc' dir='ltr'>ὲν</span> <span class='ocrx_word' id='word_1_376' title='bbox 3765 1924 3842 1995; x_wconf 81' lang='grc' dir='ltr'>τῷ</span> 
     </span>
    </p>
   </div>
   <div class='ocr_carea' id='block_1_50' title="bbox 2271 2018 3843 2100">
    <p class='ocr_par' dir='ltr' id='par_1_50' title="bbox 2271 2018 3843 2100">
     <span class='ocr_line' id='line_1_50' title="bbox 2271 2018 3843 2100; baseline -0.008 -18"><span class='ocrx_word' id='word_1_377' title='bbox 2271 2028 2414 2100; x_wconf 76' lang='grc' dir='ltr'>ὄχλῳ</span> <span class='ocrx_word' id='word_1_378' title='bbox 2448 2027 2621 2095; x_wconf 66' lang='grc' dir='ltr'>ἐλεγν</span> <span class='ocrx_word' id='word_1_379' title='bbox 2647 2024 2713 2080; x_wconf 83' lang='grc' dir='ltr'><strong>Τί</strong></span> <span class='ocrx_word' id='word_1_380' title='bbox 2741 2042 2841 2095; x_wconf 92' lang='grc' dir='ltr'><strong>μου</strong></span> <span class='ocrx_word' id='word_1_381' title='bbox 2870 2022 3049 2093; x_wconf 72' lang='grc' dir='ltr'>ἥψατο</span> <span class='ocrx_word' id='word_1_382' title='bbox 3072 2021 3179 2074; x_wconf 90' lang='grc' dir='ltr'>τῶν</span> <span class='ocrx_word' id='word_1_383' title='bbox 3214 2020 3447 2091; x_wconf 72' lang='grc' dir='ltr'>ἱματίων</span> <span class='ocrx_word' id='word_1_384' title='bbox 3471 2036 3485 2084; x_wconf 90' lang='grc'>;</span> <span class='ocrx_word' id='word_1_385' title='bbox 3522 2019 3631 2072; x_wconf 80' lang='grc' dir='ltr'><strong>Καὶ</strong></span> <span class='ocrx_word' id='word_1_386' title='bbox 3658 2018 3843 2085; x_wconf 72' lang='grc' dir='ltr'>ἔλεγον</span> 
     </span>
    </p>
   </div>
   <div class='ocr_carea' id='block_1_51' title="bbox 2272 2109 3841 2191">
    <p class='ocr_par' dir='ltr' id='par_1_51' title="bbox 2272 2109 3841 2191">
     <span class='ocr_line' id='line_1_51' title="bbox 2272 2109 3841 2191; baseline -0.01 -15"><span class='ocrx_word' id='word_1_387' title='bbox 2272 2120 2421 2191; x_wconf 83' lang='grc' dir='ltr'>αὑτῷ</span> <span class='ocrx_word' id='word_1_388' title='bbox 2450 2122 2498 2174; x_wconf 82' lang='lat' dir='ltr'><strong>oi</strong></span> <span class='ocrx_word' id='word_1_389' title='bbox 2531 2119 2767 2190; x_wconf 70' lang='grc' dir='ltr'>μαθηταὶ</span> <span class='ocrx_word' id='word_1_390' title='bbox 2806 2116 2993 2170; x_wconf 80' lang='grc' dir='ltr'>αὑτοῦ·</span> <span class='ocrx_word' id='word_1_391' title='bbox 3027 2114 3254 2177; x_wconf 82' lang='grc' dir='ltr'>Βλέπεις</span> <span class='ocrx_word' id='word_1_392' title='bbox 3300 2114 3391 2165; x_wconf 76' lang='grc' dir='ltr'>τὸν</span> <span class='ocrx_word' id='word_1_393' title='bbox 3434 2111 3591 2181; x_wconf 83' lang='grc' dir='ltr'>ὄχλον</span> <span class='ocrx_word' id='word_1_394' title='bbox 3628 2109 3841 2163; x_wconf 78' lang='grc' dir='ltr'>συνθλίο</span> 
     </span>
    </p>
   </div>
   <div class='ocr_carea' id='block_1_52' title="bbox 2271 2205 3844 2277">
    <p class='ocr_par' dir='ltr' id='par_1_52' title="bbox 2271 2205 3844 2277">
     <span class='ocr_line' id='line_1_52' title="bbox 2271 2205 3844 2277; baseline -0.009 -10"><span class='ocrx_word' id='word_1_395' title='bbox 2271 2213 2437 2267; x_wconf 87' lang='grc' dir='ltr'>ϐοντά</span> <span class='ocrx_word' id='word_1_396' title='bbox 2475 2229 2557 2274; x_wconf 88' lang='grc' dir='ltr'><strong>σε,</strong></span> <span class='ocrx_word' id='word_1_397' title='bbox 2594 2210 2689 2265; x_wconf 75' lang='grc' dir='ltr'>καὶ</span> <span class='ocrx_word' id='word_1_398' title='bbox 2733 2209 2934 2276; x_wconf 77' lang='grc' dir='ltr'>λὲγεις,</span> <span class='ocrx_word' id='word_1_399' title='bbox 2965 2208 3060 2271; x_wconf 88' lang='grc' dir='ltr'>Τίς</span> <span class='ocrx_word' id='word_1_400' title='bbox 3113 2224 3213 2276; x_wconf 90' lang='grc' dir='ltr'><strong>μου</strong></span> <span class='ocrx_word' id='word_1_401' title='bbox 3264 2206 3475 2277; x_wconf 76' lang='grc' dir='ltr'>ήψατος</span> <span class='ocrx_word' id='word_1_402' title='bbox 3520 2205 3631 2257; x_wconf 80' lang='grc' dir='ltr'><strong>Καὶ</strong></span> <span class='ocrx_word' id='word_1_403' title='bbox 3686 2218 3844 2272; x_wconf 80' lang='grc' dir='ltr'>περι-</span> 
     </span>
    </p>
   </div>
   <div class='ocr_carea' id='block_1_53' title="bbox 2276 2297 3840 2373">
    <p class='ocr_par' dir='ltr' id='par_1_53' title="bbox 2276 2297 3840 2373">
     <span class='ocr_line' id='line_1_53' title="bbox 2276 2297 3840 2373; baseline -0.008 -13"><span class='ocrx_word' id='word_1_404' title='bbox 2276 2307 2540 2361; x_wconf 72' lang='grc' dir='ltr'>εϐλέπετο</span> <span class='ocrx_word' id='word_1_405' title='bbox 2564 2304 2690 2362; x_wconf 76' lang='grc' dir='ltr'>ἰδεῖν</span> <span class='ocrx_word' id='word_1_406' title='bbox 2723 2303 2822 2373; x_wconf 78' lang='grc' dir='ltr'><strong>τὴν</strong></span> <span class='ocrx_word' id='word_1_407' title='bbox 2843 2302 3003 2356; x_wconf 91' lang='grc' dir='ltr'>τοῦτο</span> <span class='ocrx_word' id='word_1_408' title='bbox 3030 2301 3362 2371; x_wconf 84' lang='grc' dir='ltr'>ποιήσασαν.</span> <span class='ocrx_word' id='word_1_409' title='bbox 3394 2299 3463 2352; x_wconf 84' lang='grc' dir='ltr'><strong>Ἠ</strong></span> <span class='ocrx_word' id='word_1_410' title='bbox 3486 2298 3542 2351; x_wconf 75' lang='grc' dir='ltr'><strong>δὲ</strong></span> <span class='ocrx_word' id='word_1_411' title='bbox 3574 2297 3712 2367; x_wconf 81' lang='grc' dir='ltr'>γυνὴ</span> <span class='ocrx_word' id='word_1_412' title='bbox 3744 2313 3840 2366; x_wconf 82' lang='grc' dir='ltr'><strong>φο-</strong></span> 
     </span>
    </p>
   </div>
   <div class='ocr_carea' id='block_1_54' title="bbox 2274 2389 3842 2469">
    <p class='ocr_par' dir='ltr' id='par_1_54' title="bbox 2274 2389 3842 2469">
     <span class='ocr_line' id='line_1_54' title="bbox 2274 2389 3842 2469; baseline -0.006 -19"><span class='ocrx_word' id='word_1_413' title='bbox 2274 2398 2502 2469; x_wconf 80' lang='grc' dir='ltr'>ϐηθεῖσα</span> <span class='ocrx_word' id='word_1_414' title='bbox 2543 2398 2640 2450; x_wconf 75' lang='grc' dir='ltr'>καὶ</span> <span class='ocrx_word' id='word_1_415' title='bbox 2694 2395 2995 2467; x_wconf 81' lang='grc' dir='ltr'>τρέμουσα,</span> <span class='ocrx_word' id='word_1_416' title='bbox 3032 2393 3204 2446; x_wconf 77' lang='grc' dir='ltr'>εἰδυῖα</span> <span class='ocrx_word' id='word_1_417' title='bbox 3231 2392 3258 2444; x_wconf 80' lang='grc' dir='ltr'>ὃ</span> <span class='ocrx_word' id='word_1_418' title='bbox 3294 2391 3514 2459; x_wconf 87' lang='grc' dir='ltr'>γέγονεν</span> <span class='ocrx_word' id='word_1_419' title='bbox 3562 2390 3648 2442; x_wconf 79' lang='grc' dir='ltr'><strong>ἐπ’</strong></span> <span class='ocrx_word' id='word_1_420' title='bbox 3684 2389 3842 2458; x_wconf 78' lang='grc' dir='ltr'>αὐτῇ,</span> 
     </span>
    </p>
   </div>
   <div class='ocr_carea' id='block_1_55' title="bbox 2273 2479 3845 2563">
    <p class='ocr_par' dir='ltr' id='par_1_55' title="bbox 2273 2479 3845 2563">
     <span class='ocr_line' id='line_1_55' title="bbox 2273 2479 3845 2563; baseline -0.006 -22"><span class='ocrx_word' id='word_1_421' title='bbox 2273 2486 2405 2563; x_wconf 78' lang='grc' dir='ltr'>ἦλθε</span> <span class='ocrx_word' id='word_1_422' title='bbox 2449 2490 2545 2544; x_wconf 74' lang='grc' dir='ltr'>καὶ</span> <span class='ocrx_word' id='word_1_423' title='bbox 2580 2489 2917 2561; x_wconf 82' lang='grc' dir='ltr'>προσέπεσεν</span> <span class='ocrx_word' id='word_1_424' title='bbox 2941 2484 3109 2557; x_wconf 80' lang='grc' dir='ltr'>αὐτῷ,</span> <span class='ocrx_word' id='word_1_425' title='bbox 3137 2486 3231 2539; x_wconf 72' lang='grc' dir='ltr'>καὶ</span> <span class='ocrx_word' id='word_1_426' title='bbox 3276 2479 3431 2537; x_wconf 78' lang='grc' dir='ltr'>εἷπεν</span> <span class='ocrx_word' id='word_1_427' title='bbox 3476 2482 3623 2551; x_wconf 83' lang='grc' dir='ltr'>αὐτῷ</span> <span class='ocrx_word' id='word_1_428' title='bbox 3666 2483 3845 2536; x_wconf 73' lang='grc' dir='ltr'>πᾶσαν</span> 
     </span>
    </p>
   </div>
   <div class='ocr_carea' id='block_1_56' title="bbox 2275 2573 3847 2653">
    <p class='ocr_par' dir='ltr' id='par_1_56' title="bbox 2275 2573 3847 2653">
     <span class='ocr_line' id='line_1_56' title="bbox 2275 2573 3847 2653; baseline -0.009 -18"><span class='ocrx_word' id='word_1_429' title='bbox 2275 2582 2373 2653; x_wconf 83' lang='grc' dir='ltr'><strong>τὴν</strong></span> <span class='ocrx_word' id='word_1_430' title='bbox 2394 2581 2667 2651; x_wconf 84' lang='grc' dir='ltr'>ἀλήθειαν.</span> <span class='ocrx_word' id='word_1_431' title='bbox 2707 2579 2767 2632; x_wconf 87' lang='grc' dir='ltr'><strong>Ὅ</strong></span> <span class='ocrx_word' id='word_1_432' title='bbox 2804 2578 2860 2632; x_wconf 76' lang='grc' dir='ltr'><strong>δὲ</strong></span> <span class='ocrx_word' id='word_1_433' title='bbox 2889 2573 3041 2631; x_wconf 75' lang='grc' dir='ltr'>εἶπεν</span> <span class='ocrx_word' id='word_1_434' title='bbox 3069 2577 3207 2644; x_wconf 78' lang='grc' dir='ltr'>αὐτῇ</span> <span class='ocrx_word' id='word_1_435' title='bbox 3229 2591 3245 2607; x_wconf 78' lang='grc' dir='ltr'>ο</span> <span class='ocrx_word' id='word_1_436' title='bbox 3286 2575 3559 2647; x_wconf 80' lang='grc' dir='ltr'>Θύγατερ,</span> <span class='ocrx_word' id='word_1_437' title='bbox 3589 2575 3622 2643; x_wconf 82' lang='grc' dir='ltr'><strong>ή</strong></span> <span class='ocrx_word' id='word_1_438' title='bbox 3664 2573 3847 2635; x_wconf 85' lang='grc' dir='ltr'>πίστις</span> 
     </span>
    </p>
   </div>
   <div class='ocr_carea' id='block_1_57' title="bbox 2279 2660 3845 2737">
    <p class='ocr_par' dir='ltr' id='par_1_57' title="bbox 2279 2660 3845 2737">
     <span class='ocr_line' id='line_1_57' title="bbox 2279 2660 3845 2737; baseline -0.007 -12"><span class='ocrx_word' id='word_1_439' title='bbox 2279 2688 2373 2725; x_wconf 90' lang='grc' dir='ltr'><strong>σου</strong></span> <span class='ocrx_word' id='word_1_440' title='bbox 2405 2669 2611 2724; x_wconf 81' lang='grc' dir='ltr'>σέσωκέ</span> <span class='ocrx_word' id='word_1_441' title='bbox 2634 2684 2717 2723; x_wconf 84' lang='grc' dir='ltr'>σε.</span> <span class='ocrx_word' id='word_1_442' title='bbox 2744 2668 2961 2735; x_wconf 82' lang='grc' dir='ltr'>’Υπαγε</span> <span class='ocrx_word' id='word_1_443' title='bbox 3006 2666 3087 2729; x_wconf 85' lang='grc' dir='ltr'><strong>είς</strong></span> <span class='ocrx_word' id='word_1_444' title='bbox 3120 2665 3365 2737; x_wconf 74' lang='grc' dir='ltr'>εἰρήνην,</span> <span class='ocrx_word' id='word_1_445' title='bbox 3402 2664 3497 2718; x_wconf 76' lang='grc' dir='ltr'>καὶ</span> <span class='ocrx_word' id='word_1_446' title='bbox 3528 2661 3639 2716; x_wconf 83' lang='grc' dir='ltr'>ῐσθι</span> <span class='ocrx_word' id='word_1_447' title='bbox 3690 2660 3845 2730; x_wconf 80' lang='grc' dir='ltr'>ὑγιὴς</span> 
     </span>
    </p>
   </div>
   <div class='ocr_carea' id='block_1_58' title="bbox 2276 2753 3847 2833">
    <p class='ocr_par' dir='ltr' id='par_1_58' title="bbox 2276 2753 3847 2833">
     <span class='ocr_line' id='line_1_58' title="bbox 2276 2753 3847 2833; baseline -0.008 -15"><span class='ocrx_word' id='word_1_448' title='bbox 2276 2764 2387 2819; x_wconf 84' lang='grc' dir='ltr'>ἀπὸ</span> <span class='ocrx_word' id='word_1_449' title='bbox 2433 2764 2533 2833; x_wconf 79' lang='grc' dir='ltr'><strong>τῆς</strong></span> <span class='ocrx_word' id='word_1_450' title='bbox 2590 2759 2857 2831; x_wconf 85' lang='grc' dir='ltr'>μάστιγός</span> <span class='ocrx_word' id='word_1_451' title='bbox 2901 2775 3017 2814; x_wconf 90' lang='grc' dir='ltr'>σου.</span> <span class='ocrx_word' id='word_1_452' title='bbox 3059 2776 3079 2810; x_wconf 71' lang='grc' dir='ltr'><strong>ι</strong></span> <span class='ocrx_word' id='word_1_453' title='bbox 3124 2756 3439 2826; x_wconf 77' lang='grc' dir='ltr'>Ἐξέρχεται</span> <span class='ocrx_word' id='word_1_454' title='bbox 3483 2755 3718 2824; x_wconf 76' lang='grc' dir='ltr'>δύναμις</span> <span class='ocrx_word' id='word_1_455' title='bbox 3743 2753 3847 2806; x_wconf 77' lang='grc' dir='ltr'>ἀπὸ</span> 
     </span>
    </p>
   </div>
   <div class='ocr_carea' id='block_1_59' title="bbox 2275 2844 3847 2926">
    <p class='ocr_par' dir='ltr' id='par_1_59' title="bbox 2275 2844 3847 2926">
     <span class='ocr_line' id='line_1_59' title="bbox 2275 2844 3847 2926; baseline -0.008 -16"><span class='ocrx_word' id='word_1_456' title='bbox 2275 2855 2369 2910; x_wconf 82' lang='grc' dir='ltr'><strong>τοῦ</strong></span> <span class='ocrx_word' id='word_1_457' title='bbox 2395 2852 2654 2926; x_wconf 84' lang='grc' dir='ltr'>Χριστοῦ,</span> <span class='ocrx_word' id='word_1_458' title='bbox 2688 2853 2750 2906; x_wconf 81' lang='grc' dir='ltr'>οὐ</span> <span class='ocrx_word' id='word_1_459' title='bbox 2799 2848 3041 2915; x_wconf 81' lang='grc' dir='ltr'>τοπικῶς</span> <span class='ocrx_word' id='word_1_460' title='bbox 3076 2849 3496 2920; x_wconf 84' lang='grc' dir='ltr'>μεταϐαίνουσα,</span> <span class='ocrx_word' id='word_1_461' title='bbox 3524 2846 3661 2900; x_wconf 88' lang='grc' dir='ltr'><strong>ἀλλά</strong></span> <span class='ocrx_word' id='word_1_462' title='bbox 3711 2844 3847 2917; x_wconf 80' lang='grc' dir='ltr'>πρός</span> 
     </span>
    </p>
   </div>
   <div class='ocr_carea' id='block_1_60' title="bbox 2275 2934 3850 3013">
    <p class='ocr_par' dir='ltr' id='par_1_60' title="bbox 2275 2934 3850 3013">
     <span class='ocr_line' id='line_1_60' title="bbox 2275 2934 3850 3013; baseline -0.006 -15"><span class='ocrx_word' id='word_1_463' title='bbox 2275 2962 2337 2999; x_wconf 89' lang='grc' dir='ltr'><strong>τε</strong></span> <span class='ocrx_word' id='word_1_464' title='bbox 2367 2946 2493 3007; x_wconf 77' lang='grc' dir='ltr'>τοὺς</span> <span class='ocrx_word' id='word_1_465' title='bbox 2517 2943 2709 3006; x_wconf 84' lang='grc' dir='ltr'>ἀλλους</span> <span class='ocrx_word' id='word_1_466' title='bbox 2724 2940 3088 3011; x_wconf 82' lang='grc' dir='ltr'>διαδιδομένη,</span> <span class='ocrx_word' id='word_1_467' title='bbox 3110 2938 3205 2993; x_wconf 77' lang='grc' dir='ltr'>καὶ</span> <span class='ocrx_word' id='word_1_468' title='bbox 3227 2940 3285 2993; x_wconf 82' lang='grc' dir='ltr'><strong>ὲν</strong></span> <span class='ocrx_word' id='word_1_469' title='bbox 3304 2937 3383 3005; x_wconf 83' lang='grc' dir='ltr'>τῷ</span> <span class='ocrx_word' id='word_1_470' title='bbox 3399 2935 3622 3013; x_wconf 84' lang='grc' dir='ltr'>Χριστῷ</span> <span class='ocrx_word' id='word_1_471' title='bbox 3642 2937 3749 3005; x_wconf 88' lang='grc' dir='ltr'><strong>ἀμε</strong></span> <span class='ocrx_word' id='word_1_472' title='bbox 3761 2934 3850 2989; x_wconf 86' lang='grc' dir='ltr'><strong>ιω-</strong></span> 
     </span>
    </p>
   </div>
   <div class='ocr_carea' id='block_1_61' title="bbox 2276 3027 3850 3104">
    <p class='ocr_par' dir='ltr' id='par_1_61' title="bbox 2276 3027 3850 3104">
     <span class='ocr_line' id='line_1_61' title="bbox 2276 3027 3850 3104; baseline -0.006 -16"><span class='ocrx_word' id='word_1_473' title='bbox 2276 3053 2369 3099; x_wconf 86' lang='grc' dir='ltr'><strong>τος</strong></span> <span class='ocrx_word' id='word_1_474' title='bbox 2398 3036 2655 3104; x_wconf 80' lang='grc' dir='ltr'>μένουσα·</span> <span class='ocrx_word' id='word_1_475' title='bbox 2707 3030 2898 3101; x_wconf 80' lang='grc' dir='ltr'>ὥσπερ</span> <span class='ocrx_word' id='word_1_476' title='bbox 2939 3031 3033 3083; x_wconf 80' lang='grc' dir='ltr'>καὶ</span> <span class='ocrx_word' id='word_1_477' title='bbox 3066 3029 3387 3101; x_wconf 82' lang='grc' dir='ltr'>μαθήματα,</span> <span class='ocrx_word' id='word_1_478' title='bbox 3419 3027 3515 3081; x_wconf 77' lang='grc' dir='ltr'>καὶ</span> <span class='ocrx_word' id='word_1_479' title='bbox 3546 3028 3701 3093; x_wconf 83' lang='grc' dir='ltr'><strong>παρά</strong></span> <span class='ocrx_word' id='word_1_480' title='bbox 3740 3028 3850 3088; x_wconf 83' lang='grc' dir='ltr'>τοῖς</span> 
     </span>
    </p>
   </div>
   <div class='ocr_carea' id='block_1_62' title="bbox 616 3120 2175 3223">
    <p class='ocr_par' dir='ltr' id='par_1_62' title="bbox 616 3128 2173 3201">
     <span class='ocr_line' id='line_1_62' title="bbox 616 3128 2173 3201; baseline 0.006 -22"><span class='ocrx_word' id='word_1_481' title='bbox 616 3136 792 3180; x_wconf 88' lang='lat' dir='ltr'><strong>autem</strong></span> <span class='ocrx_word' id='word_1_482' title='bbox 834 3128 1103 3194; x_wconf 90' lang='lat' dir='ltr'><strong>quomodo</strong></span> <span class='ocrx_word' id='word_1_483' title='bbox 1135 3129 1303 3183; x_wconf 73' lang='lat' dir='ltr'><strong>turba:</strong></span> <span class='ocrx_word' id='word_1_484' title='bbox 1336 3130 1552 3200; x_wconf 90' lang='lat' dir='ltr'><strong>quidem</strong></span> <span class='ocrx_word' id='word_1_485' title='bbox 1586 3132 1978 3201; x_wconf 86' lang='lat' dir='ltr'><strong>comprimant,</strong></span> <span class='ocrx_word' id='word_1_486' title='bbox 2026 3143 2079 3187; x_wconf 90' lang='lat' dir='ltr'><strong>et</strong></span> <span class='ocrx_word' id='word_1_487' title='bbox 2109 3148 2173 3189; x_wconf 78' lang='lat' dir='ltr'><strong>ex</strong></span> 
     </span>
    </p>
   </div>
   <div class='ocr_carea' id='block_1_63' title="bbox 2279 3120 3850 3223">
    <p class='ocr_par' dir='ltr' id='par_1_63' title="bbox 2279 3120 3850 3193">
     <span class='ocr_line' id='line_1_63' title="bbox 2279 3120 3850 3193; baseline -0.006 -12"><span class='ocrx_word' id='word_1_488' title='bbox 2279 3125 2626 3181; x_wconf 79' lang='grc' dir='ltr'>διδάσκουσὶν</span> <span class='ocrx_word' id='word_1_489' title='bbox 2654 3125 2782 3190; x_wconf 82' lang='grc' dir='ltr'>εἱσι,</span> <span class='ocrx_word' id='word_1_490' title='bbox 2816 3124 2911 3178; x_wconf 79' lang='grc' dir='ltr'>καὶ</span> <span class='ocrx_word' id='word_1_491' title='bbox 2938 3124 3050 3185; x_wconf 81' lang='grc' dir='ltr'>τοῖς</span> <span class='ocrx_word' id='word_1_492' title='bbox 3087 3122 3415 3193; x_wconf 83' lang='grc' dir='ltr'>μανθάνουσι</span> <span class='ocrx_word' id='word_1_493' title='bbox 3448 3120 3850 3190; x_wconf 82' lang='grc' dir='ltr'>παραδίδονται.</span> 
     </span>
    </p>
   </div>
   <div class='ocr_carea' id='block_1_64' title="bbox 615 3217 2178 3294">
    <p class='ocr_par' dir='ltr' id='par_1_64' title="bbox 615 3217 2178 3294">
     <span class='ocr_line' id='line_1_64' title="bbox 615 3217 2178 3294; baseline 0.004 -21"><span class='ocrx_word' id='word_1_494' title='bbox 615 3220 696 3273; x_wconf 86' lang='lat' dir='ltr'><strong>eis</strong></span> <span class='ocrx_word' id='word_1_495' title='bbox 742 3217 918 3272; x_wconf 90' lang='lat' dir='ltr'><strong>nullus</strong></span> <span class='ocrx_word' id='word_1_496' title='bbox 952 3218 1103 3272; x_wconf 93' lang='lat' dir='ltr'><strong>illum</strong></span> <span class='ocrx_word' id='word_1_497' title='bbox 1138 3219 1409 3288; x_wconf 85' lang='lat' dir='ltr'><strong>tetigerit:</strong></span> <span class='ocrx_word' id='word_1_498' title='bbox 1444 3232 1627 3276; x_wconf 88' lang='lat' dir='ltr'><strong>contra</strong></span> <span class='ocrx_word' id='word_1_499' title='bbox 1661 3222 1748 3275; x_wconf 90' lang='lat' dir='ltr'><strong>illa</strong></span> <span class='ocrx_word' id='word_1_500' title='bbox 1772 3238 1893 3292; x_wconf 74' lang='lat' dir='ltr'><strong>qua:</strong></span> <span class='ocrx_word' id='word_1_501' title='bbox 1918 3239 2023 3279; x_wconf 88' lang='lat' dir='ltr'><strong>non</strong></span> <span class='ocrx_word' id='word_1_502' title='bbox 2052 3239 2178 3294; x_wconf 75' lang='lat' dir='ltr'><strong>pre-</strong></span> 
     </span>
    </p>
   </div>
   <div class='ocr_carea' id='block_1_65' title="bbox 617 3308 2176 3385">
    <p class='ocr_par' dir='ltr' id='par_1_65' title="bbox 617 3308 2176 3385">
     <span class='ocr_line' id='line_1_65' title="bbox 617 3308 2176 3385; baseline 0.005 -24"><span class='ocrx_word' id='word_1_503' title='bbox 617 3308 828 3377; x_wconf 87' lang='lat' dir='ltr'><strong>mebat,</strong></span> <span class='ocrx_word' id='word_1_504' title='bbox 884 3308 1033 3363; x_wconf 90' lang='lat' dir='ltr'><strong>illum</strong></span> <span class='ocrx_word' id='word_1_505' title='bbox 1089 3311 1349 3379; x_wconf 82' lang='lat' dir='ltr'><strong>tetigerit.</strong></span> <span class='ocrx_word' id='word_1_506' title='bbox 1412 3312 1720 3383; x_wconf 80' lang='lat' dir='ltr'><strong>Mysterium</strong></span> <span class='ocrx_word' id='word_1_507' title='bbox 1766 3314 1853 3369; x_wconf 87' lang='lat' dir='ltr'><strong>hic</strong></span> <span class='ocrx_word' id='word_1_508' title='bbox 1907 3314 2176 3385; x_wconf 84' lang='lat' dir='ltr'><strong>quoddam</strong></span> 
     </span>
    </p>
   </div>
   <div class='ocr_carea' id='block_1_66' title="bbox 616 3401 2181 3475">
    <p class='ocr_par' dir='ltr' id='par_1_66' title="bbox 616 3401 2181 3475">
     <span class='ocr_line' id='line_1_66' title="bbox 616 3401 2181 3475; baseline 0.003 -19"><span class='ocrx_word' id='word_1_509' title='bbox 616 3401 873 3457; x_wconf 86' lang='lat' dir='ltr'><strong>discimus</strong></span> <span class='ocrx_word' id='word_1_510' title='bbox 898 3443 913 3469; x_wconf 92' lang='lat'><strong>,</strong></span> <span class='ocrx_word' id='word_1_511' title='bbox 970 3401 1114 3471; x_wconf 89' lang='lat' dir='ltr'><strong>quod</strong></span> <span class='ocrx_word' id='word_1_512' title='bbox 1160 3403 1335 3457; x_wconf 88' lang='lat' dir='ltr'><strong>nullus</strong></span> <span class='ocrx_word' id='word_1_513' title='bbox 1368 3420 1432 3459; x_wconf 80' lang='lat' dir='ltr'><strong>ex</strong></span> <span class='ocrx_word' id='word_1_514' title='bbox 1468 3404 1549 3459; x_wconf 86' lang='lat' dir='ltr'><strong>bis</strong></span> <span class='ocrx_word' id='word_1_515' title='bbox 1575 3407 1666 3475; x_wconf 92' lang='lat' dir='ltr'><strong>qui</strong></span> <span class='ocrx_word' id='word_1_516' title='bbox 1700 3406 2007 3460; x_wconf 89' lang='lat' dir='ltr'><strong>turbulento</strong></span> <span class='ocrx_word' id='word_1_517' title='bbox 2050 3414 2181 3461; x_wconf 81' lang='lat' dir='ltr'><strong>sunt</strong></span> 
     </span>
    </p>
   </div>
   <div class='ocr_carea' id='block_1_67' title="bbox 617 3494 2177 3566">
    <p class='ocr_par' dir='ltr' id='par_1_67' title="bbox 617 3494 2177 3566">
     <span class='ocr_line' id='line_1_67' title="bbox 617 3494 2177 3566; baseline 0.003 -19"><span class='ocrx_word' id='word_1_518' title='bbox 617 3494 833 3558; x_wconf 82' lang='lat' dir='ltr'><strong>animo,</strong></span> <span class='ocrx_word' id='word_1_519' title='bbox 876 3495 1045 3564; x_wconf 86' lang='lat' dir='ltr'><strong>tangit</strong></span> <span class='ocrx_word' id='word_1_520' title='bbox 1092 3494 1390 3557; x_wconf 85' lang='lat' dir='ltr'><strong>Christum,</strong></span> <span class='ocrx_word' id='word_1_521' title='bbox 1439 3497 1532 3551; x_wconf 84' lang='lat' dir='ltr'><strong>sed</strong></span> <span class='ocrx_word' id='word_1_522' title='bbox 1580 3496 1751 3551; x_wconf 89' lang='lat' dir='ltr'><strong>solum</strong></span> <span class='ocrx_word' id='word_1_523' title='bbox 1790 3498 1982 3566; x_wconf 83' lang='lat' dir='ltr'><strong>premit</strong></span> <span class='ocrx_word' id='word_1_524' title='bbox 2013 3512 2177 3552; x_wconf 86' lang='lat' dir='ltr'><strong>eum:</strong></span> 
     </span>
    </p>
   </div>
   <div class='ocr_carea' id='block_1_68' title="bbox 617 3586 2182 3657">
    <p class='ocr_par' dir='ltr' id='par_1_68' title="bbox 617 3586 2182 3657">
     <span class='ocr_line' id='line_1_68' title="bbox 617 3586 2182 3657; baseline 0.004 -20"><span class='ocrx_word' id='word_1_525' title='bbox 617 3586 709 3655; x_wconf 92' lang='lat' dir='ltr'><strong>qui</strong></span> <span class='ocrx_word' id='word_1_526' title='bbox 766 3596 1085 3640; x_wconf 80' lang='lat' dir='ltr'><strong>autemnon</strong></span> <span class='ocrx_word' id='word_1_527' title='bbox 1141 3588 1441 3643; x_wconf 87' lang='lat' dir='ltr'><strong>turbulente</strong></span> <span class='ocrx_word' id='word_1_528' title='bbox 1493 3593 1686 3657; x_wconf 87' lang='lat' dir='ltr'><strong>premit</strong></span> <span class='ocrx_word' id='word_1_529' title='bbox 1744 3588 1956 3651; x_wconf 76' lang='lat' dir='ltr'><strong>Jesum,</strong></span> <span class='ocrx_word' id='word_1_530' title='bbox 2010 3602 2182 3657; x_wconf 89' lang='lat' dir='ltr'><strong>neque</strong></span> 
     </span>
    </p>
   </div>
   <div class='ocr_carea' id='block_1_69' title="bbox 620 3665 2180 3750">
    <p class='ocr_par' dir='ltr' id='par_1_69' title="bbox 620 3665 2180 3750">
     <span class='ocr_line' id='line_1_69' title="bbox 620 3665 2180 3750; baseline 0.001 -19"><span class='ocrx_word' id='word_1_531' title='bbox 620 3679 835 3733; x_wconf 88' lang='lat' dir='ltr'><strong>turbato</strong></span> <span class='ocrx_word' id='word_1_532' title='bbox 866 3688 947 3732; x_wconf 90' lang='lat' dir='ltr'><strong>est</strong></span> <span class='ocrx_word' id='word_1_533' title='bbox 976 3665 1180 3742; x_wconf 63' lang='lat' dir='ltr'><strong>a&#39;nimo,</strong></span> <span class='ocrx_word' id='word_1_534' title='bbox 1212 3679 1301 3735; x_wconf 86' lang='lat' dir='ltr'><strong>ille</strong></span> <span class='ocrx_word' id='word_1_535' title='bbox 1334 3681 1672 3750; x_wconf 86' lang='lat' dir='ltr'><strong>tangiteuui.</strong></span> <span class='ocrx_word' id='word_1_536' title='bbox 1701 3680 1804 3735; x_wconf 85' lang='lat' dir='ltr'><strong>Sed</strong></span> <span class='ocrx_word' id='word_1_537' title='bbox 1830 3681 2180 3749; x_wconf 84' lang='lat' dir='ltr'><strong>quamobrem</strong></span> 
     </span>
    </p>
   </div>
   <div class='ocr_carea' id='block_1_70' title="bbox 621 3768 2177 3839">
    <p class='ocr_par' dir='ltr' id='par_1_70' title="bbox 621 3768 2177 3839">
     <span class='ocr_line' id='line_1_70' title="bbox 621 3768 2177 3839; baseline 0 -16"><span class='ocrx_word' id='word_1_538' title='bbox 621 3769 881 3823; x_wconf 87' lang='lat' dir='ltr'><strong>Dominus</strong></span> <span class='ocrx_word' id='word_1_539' title='bbox 917 3768 1234 3837; x_wconf 70' lang='lat' dir='ltr'><strong>manifestat;</strong></span> <span class='ocrx_word' id='word_1_540' title='bbox 1262 3770 1589 3825; x_wconf 86' lang='lat' dir='ltr'><strong>mulierem?</strong></span> <span class='ocrx_word' id='word_1_541' title='bbox 1648 3770 1886 3825; x_wconf 87' lang='lat' dir='ltr'><strong>Primum</strong></span> <span class='ocrx_word' id='word_1_542' title='bbox 1941 3770 2177 3839; x_wconf 88' lang='lat' dir='ltr'><strong>quidem,</strong></span> 
     </span>
    </p>
   </div>
   <div class='ocr_carea' id='block_1_71' title="bbox 622 3860 2183 3932">
    <p class='ocr_par' dir='ltr' id='par_1_71' title="bbox 622 3860 2183 3932">
     <span class='ocr_line' id='line_1_71' title="bbox 622 3860 2183 3932; baseline 0.001 -17"><span class='ocrx_word' id='word_1_543' title='bbox 622 3873 681 3915; x_wconf 88' lang='lat' dir='ltr'><strong>ut</strong></span> <span class='ocrx_word' id='word_1_544' title='bbox 717 3860 873 3915; x_wconf 80' lang='lat' dir='ltr'><strong>fidem</strong></span> <span class='ocrx_word' id='word_1_545' title='bbox 906 3861 1150 3917; x_wconf 85' lang='lat' dir='ltr'><strong>mulieris</strong></span> <span class='ocrx_word' id='word_1_546' title='bbox 1178 3860 1464 3931; x_wconf 78' lang='lat' dir='ltr'><strong>gloriﬁcet,</strong></span> <span class='ocrx_word' id='word_1_547' title='bbox 1502 3861 1696 3917; x_wconf 87' lang='lat' dir='ltr'><strong>deinde</strong></span> <span class='ocrx_word' id='word_1_548' title='bbox 1724 3870 1784 3917; x_wconf 91' lang='lat' dir='ltr'><strong>ut</strong></span> <span class='ocrx_word' id='word_1_549' title='bbox 1834 3869 1889 3917; x_wconf 88' lang='lat' dir='ltr'><strong>et</strong></span> <span class='ocrx_word' id='word_1_550' title='bbox 1936 3862 2183 3932; x_wconf 86' lang='lat' dir='ltr'><strong>arcliisy-</strong></span> 
     </span>
    </p>
   </div>
   <div class='ocr_carea' id='block_1_72' title="bbox 622 3952 2180 4024">
    <p class='ocr_par' dir='ltr' id='par_1_72' title="bbox 622 3952 2180 4024">
     <span class='ocr_line' id='line_1_72' title="bbox 622 3952 2180 4024; baseline 0.003 -19"><span class='ocrx_word' id='word_1_551' title='bbox 622 3966 884 4021; x_wconf 82' lang='lat' dir='ltr'><strong>nagogum</strong></span> <span class='ocrx_word' id='word_1_552' title='bbox 916 3953 1117 4007; x_wconf 91' lang='lat' dir='ltr'><strong>animet</strong></span> <span class='ocrx_word' id='word_1_553' title='bbox 1144 3954 1288 4023; x_wconf 92' lang='lat' dir='ltr'><strong>quod</strong></span> <span class='ocrx_word' id='word_1_554' title='bbox 1319 3961 1374 4007; x_wconf 89' lang='lat' dir='ltr'><strong>et</strong></span> <span class='ocrx_word' id='word_1_555' title='bbox 1406 3953 1525 4024; x_wconf 83' lang='lat' dir='ltr'><strong>ejus</strong></span> <span class='ocrx_word' id='word_1_556' title='bbox 1555 3952 1716 4010; x_wconf 87' lang='lat' dir='ltr'><strong>filiam</strong></span> <span class='ocrx_word' id='word_1_557' title='bbox 1747 3954 1819 4010; x_wconf 87' lang='lat' dir='ltr'><strong>sit</strong></span> <span class='ocrx_word' id='word_1_558' title='bbox 1840 3962 2130 4009; x_wconf 77' lang='lat' dir='ltr'><strong>sanaturus</strong></span> <span class='ocrx_word' id='word_1_559' title='bbox 2164 3970 2180 4020; x_wconf 85' lang='lat'><strong>;</strong></span> 
     </span>
    </p>
   </div>
   <div class='ocr_carea' id='block_1_73' title="bbox 622 4043 2183 4115">
    <p class='ocr_par' dir='ltr' id='par_1_73' title="bbox 622 4043 2183 4115">
     <span class='ocr_line' id='line_1_73' title="bbox 622 4043 2183 4115; baseline 0.001 -18"><span class='ocrx_word' id='word_1_560' title='bbox 622 4045 689 4098; x_wconf 87' lang='lat' dir='ltr'><strong>ad</strong></span> <span class='ocrx_word' id='word_1_561' title='bbox 729 4044 865 4108; x_wconf 74' lang='lat' dir='ltr'><strong>haec,</strong></span> <span class='ocrx_word' id='word_1_562' title='bbox 905 4053 963 4097; x_wconf 94' lang='lat' dir='ltr'><strong>ut</strong></span> <span class='ocrx_word' id='word_1_563' title='bbox 1004 4043 1284 4100; x_wconf 90' lang='lat' dir='ltr'><strong>mulierem</strong></span> <span class='ocrx_word' id='word_1_564' title='bbox 1329 4062 1358 4099; x_wconf 92' lang='lat' dir='ltr'><strong>a</strong></span> <span class='ocrx_word' id='word_1_565' title='bbox 1408 4060 1601 4115; x_wconf 87' lang='lat' dir='ltr'><strong>magno</strong></span> <span class='ocrx_word' id='word_1_566' title='bbox 1634 4053 1777 4101; x_wconf 88' lang='lat' dir='ltr'><strong>metu</strong></span> <span class='ocrx_word' id='word_1_567' title='bbox 1833 4046 2049 4100; x_wconf 89' lang='lat' dir='ltr'><strong>liberet.</strong></span> <span class='ocrx_word' id='word_1_568' title='bbox 2115 4044 2183 4099; x_wconf 92' lang='lat' dir='ltr'><strong>Et</strong></span> 
     </span>
    </p>
   </div>
   <div class='ocr_carea' id='block_1_74' title="bbox 620 4135 2180 4205">
    <p class='ocr_par' dir='ltr' id='par_1_74' title="bbox 620 4135 2180 4205">
     <span class='ocr_line' id='line_1_74' title="bbox 620 4135 2180 4205; baseline 0.001 -16"><span class='ocrx_word' id='word_1_569' title='bbox 620 4138 763 4189; x_wconf 87' lang='lat' dir='ltr'><strong>enim</strong></span> <span class='ocrx_word' id='word_1_570' title='bbox 798 4135 1020 4189; x_wconf 85' lang='lat' dir='ltr'><strong>timebat</strong></span> <span class='ocrx_word' id='word_1_571' title='bbox 1045 4136 1256 4201; x_wconf 90' lang='lat' dir='ltr'><strong>mulier,</strong></span> <span class='ocrx_word' id='word_1_572' title='bbox 1304 4144 1494 4204; x_wconf 85' lang='lat' dir='ltr'><strong>utpote</strong></span> <span class='ocrx_word' id='word_1_573' title='bbox 1530 4151 1649 4205; x_wconf 67' lang='lat' dir='ltr'><strong>quae</strong></span> <span class='ocrx_word' id='word_1_574' title='bbox 1675 4136 1961 4191; x_wconf 86' lang='lat' dir='ltr'><strong>sanitatem</strong></span> <span class='ocrx_word' id='word_1_575' title='bbox 1993 4136 2180 4191; x_wconf 86' lang='lat' dir='ltr'><strong>furtim</strong></span> 
     </span>
    </p>
   </div>
   <div class='ocr_carea' id='block_1_75' title="bbox 622 4226 2183 4297">
    <p class='ocr_par' dir='ltr' id='par_1_75' title="bbox 622 4226 2183 4297">
     <span class='ocr_line' id='line_1_75' title="bbox 622 4226 2183 4297; baseline 0.001 -17"><span class='ocrx_word' id='word_1_576' title='bbox 622 4227 915 4281; x_wconf 85' lang='lat' dir='ltr'><strong>abstulerat</strong></span> <span class='ocrx_word' id='word_1_577' title='bbox 940 4245 953 4280; x_wconf 89' lang='lat'><strong>:</strong></span> <span class='ocrx_word' id='word_1_578' title='bbox 988 4226 1186 4281; x_wconf 88' lang='lat' dir='ltr'><strong>idcirco</strong></span> <span class='ocrx_word' id='word_1_579' title='bbox 1210 4237 1263 4281; x_wconf 90' lang='lat' dir='ltr'><strong>et</strong></span> <span class='ocrx_word' id='word_1_580' title='bbox 1292 4227 1618 4297; x_wconf 83' lang='lat' dir='ltr'><strong>evangelista</strong></span> <span class='ocrx_word' id='word_1_581' title='bbox 1649 4227 1779 4283; x_wconf 86' lang='lat' dir='ltr'><strong>dicit</strong></span> <span class='ocrx_word' id='word_1_582' title='bbox 1800 4246 1815 4283; x_wconf 88' lang='lat'><strong>:</strong></span> <span class='ocrx_word' id='word_1_583' title='bbox 1839 4226 2100 4283; x_wconf 85' lang='lat' dir='ltr'><strong>Tremens</strong></span> <span class='ocrx_word' id='word_1_584' title='bbox 2129 4237 2183 4282; x_wconf 92' lang='lat' dir='ltr'><strong>et</strong></span> 
     </span>
    </p>
   </div>
   <div class='ocr_carea' id='block_1_76' title="bbox 622 4317 2183 4389">
    <p class='ocr_par' dir='ltr' id='par_1_76' title="bbox 622 4317 2183 4389">
     <span class='ocr_line' id='line_1_76' title="bbox 622 4317 2183 4389; baseline 0.001 -17"><span class='ocrx_word' id='word_1_585' title='bbox 622 4319 816 4372; x_wconf 84' lang='lat' dir='ltr'><strong>timens</strong></span> <span class='ocrx_word' id='word_1_586' title='bbox 857 4317 1024 4371; x_wconf 87' lang='lat' dir='ltr'><strong>venit.</strong></span> <span class='ocrx_word' id='word_1_587' title='bbox 1081 4317 1337 4373; x_wconf 82' lang='lat' dir='ltr'><strong>Dominus</strong></span> <span class='ocrx_word' id='word_1_588' title='bbox 1384 4319 1563 4387; x_wconf 84' lang='lat' dir='ltr'><strong>itaque</strong></span> <span class='ocrx_word' id='word_1_589' title='bbox 1609 4334 1712 4374; x_wconf 91' lang='lat' dir='ltr'><strong>nou</strong></span> <span class='ocrx_word' id='word_1_590' title='bbox 1747 4318 1913 4373; x_wconf 87' lang='lat' dir='ltr'><strong>dicit:</strong></span> <span class='ocrx_word' id='word_1_591' title='bbox 1971 4318 2083 4389; x_wconf 79' lang='lat' dir='ltr'><strong>Ego</strong></span> <span class='ocrx_word' id='word_1_592' title='bbox 2133 4326 2183 4373; x_wconf 90' lang='lat' dir='ltr'><strong>te</strong></span> 
     </span>
    </p>
   </div>
   <div class='ocr_carea' id='block_1_77' title="bbox 619 4408 2178 4478">
    <p class='ocr_par' dir='ltr' id='par_1_77' title="bbox 619 4408 2178 4478">
     <span class='ocr_line' id='line_1_77' title="bbox 619 4408 2178 4478; baseline -0.003 -12"><span class='ocrx_word' id='word_1_593' title='bbox 619 4410 866 4467; x_wconf 87' lang='lat' dir='ltr'><strong>servavi:</strong></span> <span class='ocrx_word' id='word_1_594' title='bbox 898 4412 1014 4473; x_wconf 90' lang='lat' dir='ltr'><strong>sed,</strong></span> <span class='ocrx_word' id='word_1_595' title='bbox 1040 4408 1203 4465; x_wconf 84' lang='lat' dir='ltr'><strong>Fides</strong></span> <span class='ocrx_word' id='word_1_596' title='bbox 1249 4421 1355 4465; x_wconf 91' lang='lat' dir='ltr'><strong>tua.</strong></span> <span class='ocrx_word' id='word_1_597' title='bbox 1411 4409 1643 4465; x_wconf 88' lang='lat' dir='ltr'><strong>Proinde</strong></span> <span class='ocrx_word' id='word_1_598' title='bbox 1684 4411 1820 4465; x_wconf 83' lang='lat' dir='ltr'><strong>vade</strong></span> <span class='ocrx_word' id='word_1_599' title='bbox 1864 4411 1915 4464; x_wconf 89' lang='lat' dir='ltr'><strong>in</strong></span> <span class='ocrx_word' id='word_1_600' title='bbox 1969 4424 2178 4478; x_wconf 87' lang='lat' dir='ltr'><strong>pacem,</strong></span> 
     </span>
    </p>
   </div>
   <div class='ocr_carea' id='block_1_78' title="bbox 2282 3212 3852 3291">
    <p class='ocr_par' dir='ltr' id='par_1_78' title="bbox 2282 3212 3852 3291">
     <span class='ocr_line' id='line_1_78' title="bbox 2282 3212 3852 3291; baseline -0.004 -18"><span class='ocrx_word' id='word_1_601' title='bbox 2282 3221 2425 3291; x_wconf 87' lang='grc' dir='ltr'>Ὅρα</span> <span class='ocrx_word' id='word_1_602' title='bbox 2457 3220 2513 3273; x_wconf 81' lang='grc' dir='ltr'><strong>δὲ</strong></span> <span class='ocrx_word' id='word_1_603' title='bbox 2546 3218 2663 3281; x_wconf 89' lang='grc' dir='ltr'>πῶς</span> <span class='ocrx_word' id='word_1_604' title='bbox 2681 3218 2738 3271; x_wconf 77' lang='grc' dir='ltr'><strong>,οἱ</strong></span> <span class='ocrx_word' id='word_1_605' title='bbox 2773 3217 2872 3285; x_wconf 74' lang='grc' dir='ltr'>μὲν</span> <span class='ocrx_word' id='word_1_606' title='bbox 2907 3216 3055 3287; x_wconf 77' lang='grc' dir='ltr'>δχλοι</span> <span class='ocrx_word' id='word_1_607' title='bbox 3094 3213 3427 3281; x_wconf 85' lang='grc' dir='ltr'>συνέθλιϐον,</span> <span class='ocrx_word' id='word_1_608' title='bbox 3461 3214 3636 3277; x_wconf 72' lang='grc' dir='ltr'>οὐδεὶς</span> <span class='ocrx_word' id='word_1_609' title='bbox 3666 3212 3724 3267; x_wconf 80' lang='grc' dir='ltr'><strong>δὲ</strong></span> <span class='ocrx_word' id='word_1_610' title='bbox 3757 3214 3852 3267; x_wconf 85' lang='grc' dir='ltr'>αὐ-</span> 
     </span>
    </p>
   </div>
   <div class='ocr_carea' id='block_1_79' title="bbox 2279 3306 3852 3382">
    <p class='ocr_par' dir='ltr' id='par_1_79' title="bbox 2279 3306 3852 3382">
     <span class='ocr_line' id='line_1_79' title="bbox 2279 3306 3852 3382; baseline -0.003 -18"><span class='ocrx_word' id='word_1_611' title='bbox 2279 3311 2373 3364; x_wconf 88' lang='grc' dir='ltr'><strong>τοῦ</strong></span> <span class='ocrx_word' id='word_1_612' title='bbox 2410 3310 2607 3382; x_wconf 78' lang='grc' dir='ltr'>ἥψατο.</span> <span class='ocrx_word' id='word_1_613' title='bbox 2641 3308 2705 3363; x_wconf 83' lang='grc' dir='ltr'><strong><em>Ἠ</em></strong></span> <span class='ocrx_word' id='word_1_614' title='bbox 2737 3308 2793 3362; x_wconf 66' lang='grc' dir='ltr'><strong>δὲ</strong></span> <span class='ocrx_word' id='word_1_615' title='bbox 2827 3308 2902 3380; x_wconf 80' lang='grc' dir='ltr'>μὴ</span> <span class='ocrx_word' id='word_1_616' title='bbox 2942 3307 3198 3361; x_wconf 89' lang='grc' dir='ltr'>θλίϐουσα</span> <span class='ocrx_word' id='word_1_617' title='bbox 3232 3306 3426 3370; x_wconf 82' lang='grc' dir='ltr'>αὐτὸν,</span> <span class='ocrx_word' id='word_1_618' title='bbox 3464 3306 3647 3375; x_wconf 77' lang='grc' dir='ltr'>ἐκείνη</span> <span class='ocrx_word' id='word_1_619' title='bbox 3677 3306 3852 3377; x_wconf 73' lang='grc' dir='ltr'>ἥψατο</span> 
     </span>
    </p>
   </div>
   <div class='ocr_carea' id='block_1_80' title="bbox 2280 3396 3851 3472">
    <p class='ocr_par' dir='ltr' id='par_1_80' title="bbox 2280 3396 3851 3472">
     <span class='ocr_line' id='line_1_80' title="bbox 2280 3396 3851 3472; baseline -0.004 -16"><span class='ocrx_word' id='word_1_620' title='bbox 2280 3403 2465 3457; x_wconf 84' lang='grc' dir='ltr'>αὐτοῦ.</span> <span class='ocrx_word' id='word_1_621' title='bbox 2508 3401 2823 3472; x_wconf 89' lang='grc' dir='ltr'>Μυστήριον</span> <span class='ocrx_word' id='word_1_622' title='bbox 2867 3400 2978 3471; x_wconf 79' lang='grc' dir='ltr'><strong>γὰρ</strong></span> <span class='ocrx_word' id='word_1_623' title='bbox 3038 3396 3289 3453; x_wconf 70' lang='grc' dir='ltr'>ἐντεῦθεν</span> <span class='ocrx_word' id='word_1_624' title='bbox 3348 3397 3717 3469; x_wconf 84' lang='grc' dir='ltr'>μανθάνομεν,</span> <span class='ocrx_word' id='word_1_625' title='bbox 3769 3398 3851 3451; x_wconf 81' lang='grc' dir='ltr'>ὅτι</span> 
     </span>
    </p>
   </div>
   <div class='ocr_carea' id='block_1_81' title="bbox 2280 3490 3851 3564">
    <p class='ocr_par' dir='ltr' id='par_1_81' title="bbox 2280 3490 3851 3564">
     <span class='ocr_line' id='line_1_81' title="bbox 2280 3490 3851 3564; baseline -0.003 -18"><span class='ocrx_word' id='word_1_626' title='bbox 2280 3494 2453 3557; x_wconf 78' lang='grc' dir='ltr'>οὐδεὶς</span> <span class='ocrx_word' id='word_1_627' title='bbox 2487 3494 2596 3547; x_wconf 90' lang='grc' dir='ltr'>τῶν</span> <span class='ocrx_word' id='word_1_628' title='bbox 2642 3493 2837 3564; x_wconf 74' lang='grc' dir='ltr'>ὄχλους</span> <span class='ocrx_word' id='word_1_629' title='bbox 2876 3493 2969 3547; x_wconf 74' lang='grc' dir='ltr'>καὶ</span> <span class='ocrx_word' id='word_1_630' title='bbox 3028 3490 3276 3562; x_wconf 84' lang='grc' dir='ltr'>ταραχὰς</span> <span class='ocrx_word' id='word_1_631' title='bbox 3325 3492 3558 3562; x_wconf 74' lang='grc' dir='ltr'>ἑχόντων</span> <span class='ocrx_word' id='word_1_632' title='bbox 3618 3491 3851 3545; x_wconf 69' lang='grc' dir='ltr'>ἅπτεται</span> 
     </span>
    </p>
   </div>
   <div class='ocr_carea' id='block_1_82' title="bbox 2283 3581 3849 3656">
    <p class='ocr_par' dir='ltr' id='par_1_82' title="bbox 2283 3581 3849 3656">
     <span class='ocr_line' id='line_1_82' title="bbox 2283 3581 3849 3656; baseline -0.001 -19"><span class='ocrx_word' id='word_1_633' title='bbox 2283 3585 2379 3637; x_wconf 88' lang='grc' dir='ltr'><strong>τοῦ</strong></span> <span class='ocrx_word' id='word_1_634' title='bbox 2423 3584 2624 3656; x_wconf 80' lang='grc' dir='ltr'>Ἰησοῦ,</span> <span class='ocrx_word' id='word_1_635' title='bbox 2657 3584 2793 3637; x_wconf 86' lang='grc' dir='ltr'><strong>ἀλλά</strong></span> <span class='ocrx_word' id='word_1_636' title='bbox 2825 3585 2985 3654; x_wconf 87' lang='grc' dir='ltr'>μόνον</span> <span class='ocrx_word' id='word_1_637' title='bbox 3032 3581 3204 3636; x_wconf 82' lang='grc' dir='ltr'>θλίϐει</span> <span class='ocrx_word' id='word_1_638' title='bbox 3240 3582 3426 3637; x_wconf 78' lang='grc' dir='ltr'>αὐτόν.</span> <span class='ocrx_word' id='word_1_639' title='bbox 3477 3583 3545 3635; x_wconf 72' lang='lat' dir='ltr'><strong>El</strong></span> <span class='ocrx_word' id='word_1_640' title='bbox 3580 3600 3663 3646; x_wconf 87' lang='grc' dir='ltr'><strong>τις</strong></span> <span class='ocrx_word' id='word_1_641' title='bbox 3691 3582 3751 3637; x_wconf 67' lang='grc' dir='ltr'><strong>δὲ</strong></span> <span class='ocrx_word' id='word_1_642' title='bbox 3779 3583 3849 3652; x_wconf 78' lang='grc' dir='ltr'>μὴ</span> 
     </span>
    </p>
   </div>
   <div class='ocr_carea' id='block_1_83' title="bbox 2283 3673 3852 3746">
    <p class='ocr_par' dir='ltr' id='par_1_83' title="bbox 2283 3673 3852 3746">
     <span class='ocr_line' id='line_1_83' title="bbox 2283 3673 3852 3746; baseline -0.001 -17"><span class='ocrx_word' id='word_1_643' title='bbox 2283 3675 2464 3746; x_wconf 90' lang='grc' dir='ltr'>ὀχλοίη</span> <span class='ocrx_word' id='word_1_644' title='bbox 2506 3675 2597 3729; x_wconf 75' lang='grc' dir='ltr'>τὸν</span> <span class='ocrx_word' id='word_1_645' title='bbox 2634 3674 2865 3746; x_wconf 57' lang='grc' dir='ltr'>Ἰησοῦν,</span> <span class='ocrx_word' id='word_1_646' title='bbox 2910 3674 3048 3745; x_wconf 73' lang='grc' dir='ltr'>μηδὲ</span> <span class='ocrx_word' id='word_1_647' title='bbox 3076 3674 3169 3727; x_wconf 83' lang='grc' dir='ltr'>τδν</span> <span class='ocrx_word' id='word_1_648' title='bbox 3196 3675 3253 3727; x_wconf 80' lang='grc' dir='ltr'><strong>ὲν</strong></span> <span class='ocrx_word' id='word_1_649' title='bbox 3284 3673 3462 3744; x_wconf 72' lang='grc' dir='ltr'>ἑαυτῷ</span> <span class='ocrx_word' id='word_1_650' title='bbox 3486 3673 3644 3743; x_wconf 83' lang='grc' dir='ltr'>λόγον</span> <span class='ocrx_word' id='word_1_651' title='bbox 3686 3691 3852 3745; x_wconf 85' lang='grc' dir='ltr'>ταρα-</span> 
     </span>
    </p>
   </div>
   <div class='ocr_carea' id='block_1_84' title="bbox 2283 3758 3853 3838">
    <p class='ocr_par' dir='ltr' id='par_1_84' title="bbox 2283 3758 3853 3838">
     <span class='ocr_line' id='line_1_84' title="bbox 2283 3758 3853 3838; baseline -0.001 -17"><span class='ocrx_word' id='word_1_652' title='bbox 2283 3769 2404 3838; x_wconf 74' lang='grc' dir='ltr'>χαῖς</span> <span class='ocrx_word' id='word_1_653' title='bbox 2437 3767 2774 3838; x_wconf 84' lang='grc' dir='ltr'>περιϐάλλοι,</span> <span class='ocrx_word' id='word_1_654' title='bbox 2818 3758 3031 3831; x_wconf 70' lang='grc' dir='ltr'>ἐκεῖνος</span> <span class='ocrx_word' id='word_1_655' title='bbox 3089 3766 3331 3821; x_wconf 74' lang='grc' dir='ltr'>ἅπτεται</span> <span class='ocrx_word' id='word_1_656' title='bbox 3370 3766 3557 3822; x_wconf 79' lang='grc' dir='ltr'>αὐτοῦ,</span> <span class='ocrx_word' id='word_1_657' title='bbox 3598 3765 3758 3832; x_wconf 81' lang='grc' dir='ltr'>Τίνος</span> <span class='ocrx_word' id='word_1_658' title='bbox 3799 3768 3853 3820; x_wconf 70' lang='grc' dir='ltr'><strong>εδ</strong></span> 
     </span>
    </p>
   </div>
   <div class='ocr_carea' id='block_1_85' title="bbox 2282 3859 3855 3932">
    <p class='ocr_par' dir='ltr' id='par_1_85' title="bbox 2282 3859 3855 3932">
     <span class='ocr_line' id='line_1_85' title="bbox 2282 3859 3855 3932; baseline 0 -19"><span class='ocrx_word' id='word_1_659' title='bbox 2282 3860 2468 3914; x_wconf 71' lang='grc' dir='ltr'>ἱνεκεν</span> <span class='ocrx_word' id='word_1_660' title='bbox 2505 3862 2533 3913; x_wconf 81' lang='grc' dir='ltr'><strong>ὁ</strong></span> <span class='ocrx_word' id='word_1_661' title='bbox 2569 3861 2771 3931; x_wconf 82' lang='grc' dir='ltr'>Κύριος</span> <span class='ocrx_word' id='word_1_662' title='bbox 2798 3862 3024 3931; x_wconf 77' lang='grc' dir='ltr'>φανεροί</span> <span class='ocrx_word' id='word_1_663' title='bbox 3064 3860 3161 3931; x_wconf 75' lang='grc' dir='ltr'><strong>τήν</strong></span> <span class='ocrx_word' id='word_1_664' title='bbox 3186 3862 3455 3929; x_wconf 78' lang='grc' dir='ltr'>γυναῖκα;</span> <span class='ocrx_word' id='word_1_665' title='bbox 3498 3859 3726 3932; x_wconf 87' lang='grc' dir='ltr'>Πρῶτον</span> <span class='ocrx_word' id='word_1_666' title='bbox 3759 3860 3855 3931; x_wconf 72' lang='grc' dir='ltr'>μὲν</span> 
     </span>
    </p>
   </div>
   <div class='ocr_carea' id='block_1_86' title="bbox 2284 3950 3857 4023">
    <p class='ocr_par' dir='ltr' id='par_1_86' title="bbox 2284 3950 3857 4023">
     <span class='ocr_line' id='line_1_86' title="bbox 2284 3950 3857 4023; baseline 0 -19"><span class='ocrx_word' id='word_1_667' title='bbox 2284 3952 2370 4006; x_wconf 76' lang='grc' dir='ltr'>ἵνα</span> <span class='ocrx_word' id='word_1_668' title='bbox 2399 3953 2499 4023; x_wconf 82' lang='grc' dir='ltr'>τὴν</span> <span class='ocrx_word' id='word_1_669' title='bbox 2533 3951 2714 4004; x_wconf 90' lang='grc' dir='ltr'>πίστιν</span> <span class='ocrx_word' id='word_1_670' title='bbox 2734 3952 2831 4021; x_wconf 83' lang='grc' dir='ltr'><strong>τῆς</strong></span> <span class='ocrx_word' id='word_1_671' title='bbox 2856 3951 3115 4019; x_wconf 81' lang='grc' dir='ltr'>γυναικὸς</span> <span class='ocrx_word' id='word_1_672' title='bbox 3149 3950 3348 4022; x_wconf 73' lang='grc' dir='ltr'>δοξάσῃ</span> <span class='ocrx_word' id='word_1_673' title='bbox 3372 3966 3385 3980; x_wconf 92' lang='grc'><strong>·</strong></span> <span class='ocrx_word' id='word_1_674' title='bbox 3411 3950 3743 4017; x_wconf 76' lang='grc' dir='ltr'>ἐπειτα,·ί’να</span> <span class='ocrx_word' id='word_1_675' title='bbox 3766 3954 3857 4006; x_wconf 76' lang='grc' dir='ltr'>καὶ</span> 
     </span>
    </p>
   </div>
   <div class='ocr_carea' id='block_1_87' title="bbox 2285 4043 3857 4115">
    <p class='ocr_par' dir='ltr' id='par_1_87' title="bbox 2285 4043 3857 4115">
     <span class='ocr_line' id='line_1_87' title="bbox 2285 4043 3857 4115; baseline 0.001 -19"><span class='ocrx_word' id='word_1_676' title='bbox 2285 4044 2375 4096; x_wconf 73' lang='grc' dir='ltr'>τὸν</span> <span class='ocrx_word' id='word_1_677' title='bbox 2399 4043 2848 4112; x_wconf 77' lang='grc' dir='ltr'>ἀρχισυνάγωγον</span> <span class='ocrx_word' id='word_1_678' title='bbox 2880 4044 3304 4115; x_wconf 73' lang='grc' dir='ltr'>παραθαρρύνῃ,</span> <span class='ocrx_word' id='word_1_679' title='bbox 3344 4045 3428 4098; x_wconf 75' lang='grc' dir='ltr'><strong>ἔτι</strong></span> <span class='ocrx_word' id='word_1_680' title='bbox 3462 4045 3559 4098; x_wconf 80' lang='grc' dir='ltr'>καὶ</span> <span class='ocrx_word' id='word_1_681' title='bbox 3598 4044 3662 4097; x_wconf 84' lang='grc' dir='ltr'>τὸ</span> <span class='ocrx_word' id='word_1_682' title='bbox 3690 4045 3857 4098; x_wconf 83' lang='grc' dir='ltr'>αὐτοῦ</span> 
     </span>
    </p>
   </div>
   <div class='ocr_carea' id='block_1_88' title="bbox 2286 4133 3859 4208">
    <p class='ocr_par' dir='ltr' id='par_1_88' title="bbox 2286 4133 3859 4208">
     <span class='ocr_line' id='line_1_88' title="bbox 2286 4133 3859 4208; baseline 0.001 -21"><span class='ocrx_word' id='word_1_683' title='bbox 2286 4134 2578 4205; x_wconf 83' lang='grc' dir='ltr'>θυγάτριον</span> <span class='ocrx_word' id='word_1_684' title='bbox 2627 4134 2769 4187; x_wconf 81' lang='grc' dir='ltr'>οὓτω</span> <span class='ocrx_word' id='word_1_685' title='bbox 2821 4133 3125 4203; x_wconf 84' lang='grc' dir='ltr'>σωθήσεται</span> <span class='ocrx_word' id='word_1_686' title='bbox 3155 4150 3169 4164; x_wconf 90' lang='grc'><strong>·</strong></span> <span class='ocrx_word' id='word_1_687' title='bbox 3201 4138 3296 4188; x_wconf 75' lang='grc' dir='ltr'>καὶ</span> <span class='ocrx_word' id='word_1_688' title='bbox 3325 4134 3464 4204; x_wconf 75' lang='grc' dir='ltr'>ἀμα,</span> <span class='ocrx_word' id='word_1_689' title='bbox 3502 4135 3588 4189; x_wconf 74' lang='grc' dir='ltr'><strong>ἵνα</strong></span> <span class='ocrx_word' id='word_1_690' title='bbox 3634 4136 3731 4189; x_wconf 75' lang='grc' dir='ltr'>καὶ</span> <span class='ocrx_word' id='word_1_691' title='bbox 3760 4138 3859 4208; x_wconf 75' lang='grc' dir='ltr'><strong>τήν</strong></span> 
     </span>
    </p>
   </div>
   <div class='ocr_carea' id='block_1_89' title="bbox 2285 4224 3857 4299">
    <p class='ocr_par' dir='ltr' id='par_1_89' title="bbox 2285 4224 3857 4299">
     <span class='ocr_line' id='line_1_89' title="bbox 2285 4224 3857 4299; baseline 0.003 -21"><span class='ocrx_word' id='word_1_692' title='bbox 2285 4228 2519 4293; x_wconf 86' lang='grc' dir='ltr'>γυναῖκα</span> <span class='ocrx_word' id='word_1_693' title='bbox 2542 4225 2635 4279; x_wconf 87' lang='grc' dir='ltr'><strong>τοῦ</strong></span> <span class='ocrx_word' id='word_1_694' title='bbox 2667 4224 2862 4279; x_wconf 89' lang='grc' dir='ltr'>πολλοῦ</span> <span class='ocrx_word' id='word_1_695' title='bbox 2894 4226 3062 4296; x_wconf 82' lang='grc' dir='ltr'>φόϐου</span> <span class='ocrx_word' id='word_1_696' title='bbox 3089 4226 3337 4298; x_wconf 76' lang='grc' dir='ltr'>ἀπολύσῃ</span> <span class='ocrx_word' id='word_1_697' title='bbox 3366 4243 3380 4257; x_wconf 70' lang='grc' dir='ltr'>ο</span> <span class='ocrx_word' id='word_1_698' title='bbox 3413 4228 3508 4280; x_wconf 77' lang='grc' dir='ltr'>καὶ</span> <span class='ocrx_word' id='word_1_699' title='bbox 3536 4228 3645 4299; x_wconf 83' lang='grc' dir='ltr'><strong>γάρ</strong></span> <span class='ocrx_word' id='word_1_700' title='bbox 3670 4228 3857 4282; x_wconf 82' lang='grc' dir='ltr'>ἐδεδίει</span> 
     </span>
    </p>
   </div>
   <div class='ocr_carea' id='block_1_90' title="bbox 2285 4312 3859 4385">
    <p class='ocr_par' dir='ltr' id='par_1_90' title="bbox 2285 4312 3859 4385">
     <span class='ocr_line' id='line_1_90' title="bbox 2285 4312 3859 4385; baseline 0.002 -19"><span class='ocrx_word' id='word_1_701' title='bbox 2285 4316 2319 4385; x_wconf 78' lang='grc' dir='ltr'><strong>ἠ</strong></span> <span class='ocrx_word' id='word_1_702' title='bbox 2353 4314 2513 4383; x_wconf 82' lang='grc' dir='ltr'>γυνὴ,</span> <span class='ocrx_word' id='word_1_703' title='bbox 2564 4314 2639 4377; x_wconf 85' lang='grc' dir='ltr'>ὡς</span> <span class='ocrx_word' id='word_1_704' title='bbox 2692 4312 2942 4383; x_wconf 82' lang='grc' dir='ltr'>κλέψασα</span> <span class='ocrx_word' id='word_1_705' title='bbox 2969 4314 3070 4385; x_wconf 76' lang='grc' dir='ltr'><strong>τήν</strong></span> <span class='ocrx_word' id='word_1_706' title='bbox 3112 4313 3279 4367; x_wconf 84' lang='grc' dir='ltr'>ίασιν·</span> <span class='ocrx_word' id='word_1_707' title='bbox 3322 4314 3403 4367; x_wconf 79' lang='grc' dir='ltr'><strong>διδ</strong></span> <span class='ocrx_word' id='word_1_708' title='bbox 3453 4317 3547 4369; x_wconf 76' lang='grc' dir='ltr'><strong>καὶ</strong></span> <span class='ocrx_word' id='word_1_709' title='bbox 3572 4318 3600 4368; x_wconf 83' lang='grc' dir='ltr'><strong>ὁ</strong></span> <span class='ocrx_word' id='word_1_710' title='bbox 3631 4316 3859 4385; x_wconf 83' lang='grc' dir='ltr'>εὐαγγε-</span> 
     </span>
    </p>
   </div>
   <div class='ocr_carea' id='block_1_91' title="bbox 2284 4401 3859 4476">
    <p class='ocr_par' dir='ltr' id='par_1_91' title="bbox 2284 4401 3859 4476">
     <span class='ocr_line' id='line_1_91' title="bbox 2284 4401 3859 4476; baseline 0.001 -17"><span class='ocrx_word' id='word_1_711' title='bbox 2284 4406 2472 4476; x_wconf 81' lang='grc' dir='ltr'>λιστὴς</span> <span class='ocrx_word' id='word_1_712' title='bbox 2503 4405 2651 4474; x_wconf 85' lang='grc' dir='ltr'>λέγει</span> <span class='ocrx_word' id='word_1_713' title='bbox 2681 4423 2695 4438; x_wconf 91' lang='grc'><strong>·</strong></span> <span class='ocrx_word' id='word_1_714' title='bbox 2727 4406 3031 4476; x_wconf 79' lang='grc' dir='ltr'>Φοϐηθεῐσα</span> <span class='ocrx_word' id='word_1_715' title='bbox 3050 4405 3108 4459; x_wconf 72' lang='grc' dir='ltr'><strong>δὲ</strong></span> <span class='ocrx_word' id='word_1_716' title='bbox 3133 4407 3228 4459; x_wconf 76' lang='grc' dir='ltr'>καὶ</span> <span class='ocrx_word' id='word_1_717' title='bbox 3261 4405 3544 4476; x_wconf 87' lang='grc' dir='ltr'>τρέμουσα</span> <span class='ocrx_word' id='word_1_718' title='bbox 3574 4401 3762 4476; x_wconf 75' lang='grc' dir='ltr'>ἦλθεν,</span> <span class='ocrx_word' id='word_1_719' title='bbox 3803 4408 3859 4461; x_wconf 87' lang='grc' dir='ltr'>Ὀ</span> 
     </span>
    </p>
   </div>
   <div class='ocr_carea' id='block_1_92' title="bbox 624 4497 2175 4571">
    <p class='ocr_par' dir='ltr' id='par_1_92' title="bbox 624 4500 2175 4571">
     <span class='ocr_line' id='line_1_92' title="bbox 624 4500 2175 4571; baseline 0 -16"><span class='ocrx_word' id='word_1_720' title='bbox 624 4500 724 4555; x_wconf 89' lang='lat' dir='ltr'><strong>boc</strong></span> <span class='ocrx_word' id='word_1_721' title='bbox 757 4512 837 4556; x_wconf 89' lang='lat' dir='ltr'><strong>est</strong></span> <span class='ocrx_word' id='word_1_722' title='bbox 871 4502 922 4555; x_wconf 91' lang='lat' dir='ltr'><strong>in</strong></span> <span class='ocrx_word' id='word_1_723' title='bbox 959 4502 1221 4571; x_wconf 89' lang='lat' dir='ltr'><strong>requiem,</strong></span> <span class='ocrx_word' id='word_1_724' title='bbox 1262 4512 1321 4555; x_wconf 91' lang='lat' dir='ltr'><strong>ut</strong></span> <span class='ocrx_word' id='word_1_725' title='bbox 1345 4501 1415 4555; x_wconf 88' lang='lat' dir='ltr'><strong>sit</strong></span> <span class='ocrx_word' id='word_1_726' title='bbox 1445 4502 1559 4556; x_wconf 65' lang='lat' dir='ltr'><strong>haec</strong></span> <span class='ocrx_word' id='word_1_727' title='bbox 1601 4501 1905 4557; x_wconf 85' lang='lat' dir='ltr'><strong>sententia:</strong></span> <span class='ocrx_word' id='word_1_728' title='bbox 1954 4501 2078 4565; x_wconf 81' lang='lat' dir='ltr'><strong>Abi,</strong></span> <span class='ocrx_word' id='word_1_729' title='bbox 2123 4511 2175 4556; x_wconf 90' lang='lat' dir='ltr'><strong>et</strong></span> 
     </span>
    </p>
   </div>
   <div class='ocr_carea' id='block_1_93' title="bbox 2279 4497 3863 4571">
    <p class='ocr_par' dir='ltr' id='par_1_93' title="bbox 2279 4497 3863 4570">
     <span class='ocr_line' id='line_1_93' title="bbox 2279 4497 3863 4570; baseline -0.001 -17"><span class='ocrx_word' id='word_1_730' title='bbox 2279 4499 2371 4553; x_wconf 76' lang='grc' dir='ltr'>οῦν</span> <span class='ocrx_word' id='word_1_731' title='bbox 2398 4500 2602 4570; x_wconf 81' lang='grc' dir='ltr'>Κύριος</span> <span class='ocrx_word' id='word_1_732' title='bbox 2628 4500 2688 4553; x_wconf 85' lang='grc' dir='ltr'>οὐ</span> <span class='ocrx_word' id='word_1_733' title='bbox 2707 4499 2853 4566; x_wconf 80' lang='grc' dir='ltr'>λέγει</span> <span class='ocrx_word' id='word_1_734' title='bbox 2874 4500 2977 4563; x_wconf 77' lang='grc' dir='ltr'>ὅτι,</span> <span class='ocrx_word' id='word_1_735' title='bbox 3011 4497 3153 4567; x_wconf 86' lang='grc' dir='ltr'><strong>Ἐγὼ</strong></span> <span class='ocrx_word' id='word_1_736' title='bbox 3181 4499 3397 4552; x_wconf 87' lang='grc' dir='ltr'>σέσωκά</span> <span class='ocrx_word' id='word_1_737' title='bbox 3419 4515 3501 4563; x_wconf 83' lang='grc' dir='ltr'><strong>σε,</strong></span> <span class='ocrx_word' id='word_1_738' title='bbox 3534 4498 3651 4552; x_wconf 77' lang='grc' dir='ltr'>ἀλλ’</span> <span class='ocrx_word' id='word_1_739' title='bbox 3684 4500 3749 4553; x_wconf 84' lang='grc' dir='ltr'><strong><em>Ἥ</em></strong></span> <span class='ocrx_word' id='word_1_740' title='bbox 3775 4500 3863 4553; x_wconf 82' lang='grc' dir='ltr'><strong>πί-</strong></span> 
     </span>
    </p>
   </div>
   <div class='ocr_carea' id='block_1_94' title="bbox 626 4590 2185 4663">
    <p class='ocr_par' dir='ltr' id='par_1_94' title="bbox 626 4590 2185 4663">
     <span class='ocr_line' id='line_1_94' title="bbox 626 4590 2185 4663; baseline 0.002 -20"><span class='ocrx_word' id='word_1_741' title='bbox 626 4593 805 4657; x_wconf 81' lang='lat' dir='ltr'><strong>quieta</strong></span> <span class='ocrx_word' id='word_1_742' title='bbox 833 4602 971 4656; x_wconf 86' lang='lat' dir='ltr'><strong>esto,</strong></span> <span class='ocrx_word' id='word_1_743' title='bbox 1008 4607 1125 4661; x_wconf 73' lang='lat' dir='ltr'><strong>qua:</strong></span> <span class='ocrx_word' id='word_1_744' title='bbox 1156 4594 1417 4648; x_wconf 87' lang='lat' dir='ltr'><strong>hactenus</strong></span> <span class='ocrx_word' id='word_1_745' title='bbox 1447 4590 1597 4646; x_wconf 90' lang='lat' dir='ltr'><strong>fuisti</strong></span> <span class='ocrx_word' id='word_1_746' title='bbox 1628 4593 1682 4646; x_wconf 89' lang='lat' dir='ltr'><strong>in</strong></span> <span class='ocrx_word' id='word_1_747' title='bbox 1718 4607 1948 4648; x_wconf 81' lang='lat' dir='ltr'><strong>mcerore</strong></span> <span class='ocrx_word' id='word_1_748' title='bbox 1980 4600 2035 4649; x_wconf 91' lang='lat' dir='ltr'><strong>et</strong></span> <span class='ocrx_word' id='word_1_749' title='bbox 2064 4607 2185 4663; x_wconf 79' lang='lat' dir='ltr'><strong>per-</strong></span> 
     </span>
    </p>
   </div>
   <div class='ocr_carea' id='block_1_95' title="bbox 628 4684 954 4738">
    <p class='ocr_par' dir='ltr' id='par_1_95' title="bbox 628 4684 954 4738">
     <span class='ocr_line' id='line_1_95' title="bbox 628 4684 954 4738; baseline 0.003 -3"><span class='ocrx_word' id='word_1_750' title='bbox 628 4684 954 4738; x_wconf 82' lang='lat' dir='ltr'><strong>turbatione.</strong></span> 
     </span>
    </p>
   </div>
   <div class='ocr_carea' id='block_1_96' title="bbox 702 4944 2188 5017">
    <p class='ocr_par' dir='ltr' id='par_1_96' title="bbox 702 4944 2188 5017">
     <span class='ocr_line' id='line_1_96' title="bbox 702 4944 2188 5017; baseline -0.005 -11"><span class='ocrx_word' id='word_1_751' title='bbox 702 4950 868 5006; x_wconf 71' lang='lat' dir='ltr'><strong>Vens.</strong></span> <span class='ocrx_word' id='word_1_752' title='bbox 919 4952 1105 5007; x_wconf 66' lang='lat'><strong>35-43.</strong></span> <span class='ocrx_word' id='word_1_753' title='bbox 1160 4969 1178 5004; x_wconf 80' lang='grc' dir='ltr'><strong>ι</strong></span> <span class='ocrx_word' id='word_1_754' title='bbox 1231 4951 1422 5005; x_wconf 83' lang='lat' dir='ltr'><strong>Adliuc</strong></span> <span class='ocrx_word' id='word_1_755' title='bbox 1472 4962 1537 5003; x_wconf 85' lang='lat' dir='ltr'><strong>eo</strong></span> <span class='ocrx_word' id='word_1_756' title='bbox 1586 4946 1839 5017; x_wconf 86' lang='lat' dir='ltr'><strong>loquente</strong></span> <span class='ocrx_word' id='word_1_757' title='bbox 1882 4944 2104 5001; x_wconf 80' lang='lat' dir='ltr'><strong>veniunt</strong></span> <span class='ocrx_word' id='word_1_758' title='bbox 2157 4959 2188 4999; x_wconf 87' lang='lat' dir='ltr'><strong>a</strong></span> 
     </span>
    </p>
   </div>
   <div class='ocr_carea' id='block_1_97' title="bbox 628 5037 2189 5114">
    <p class='ocr_par' dir='ltr' id='par_1_97' title="bbox 628 5037 2189 5114">
     <span class='ocr_line' id='line_1_97' title="bbox 628 5037 2189 5114; baseline -0.012 -7"><span class='ocrx_word' id='word_1_759' title='bbox 628 5044 871 5114; x_wconf 75' lang='lat' dir='ltr'><strong>Principe</strong></span> <span class='ocrx_word' id='word_1_760' title='bbox 909 5042 1204 5113; x_wconf 64' lang='lat' dir='ltr'><strong>synagogas</strong></span> <span class='ocrx_word' id='word_1_761' title='bbox 1238 5043 1327 5112; x_wconf 92' lang='lat' dir='ltr'><strong>qui</strong></span> <span class='ocrx_word' id='word_1_762' title='bbox 1372 5042 1651 5097; x_wconf 90' lang='lat' dir='ltr'><strong>dicerent:</strong></span> <span class='ocrx_word' id='word_1_763' title='bbox 1682 5037 1813 5092; x_wconf 82' lang='lat' dir='ltr'><strong>Filia</strong></span> <span class='ocrx_word' id='word_1_764' title='bbox 1858 5047 1944 5091; x_wconf 87' lang='lat' dir='ltr'><strong>tua</strong></span> <span class='ocrx_word' id='word_1_765' title='bbox 1980 5046 2189 5090; x_wconf 91' lang='lat' dir='ltr'><strong>mortua</strong></span> 
     </span>
    </p>
   </div>
   <div class='ocr_carea' id='block_1_98' title="bbox 626 5128 2190 5205">
    <p class='ocr_par' dir='ltr' id='par_1_98' title="bbox 626 5128 2190 5205">
     <span class='ocr_line' id='line_1_98' title="bbox 626 5128 2190 5205; baseline -0.007 -13"><span class='ocrx_word' id='word_1_766' title='bbox 626 5147 729 5204; x_wconf 73' lang='grc' dir='ltr'>εει,</span> <span class='ocrx_word' id='word_1_767' title='bbox 754 5136 883 5205; x_wconf 89' lang='lat' dir='ltr'><strong>quid</strong></span> <span class='ocrx_word' id='word_1_768' title='bbox 910 5135 1049 5189; x_wconf 91' lang='lat' dir='ltr'><strong>ultra</strong></span> <span class='ocrx_word' id='word_1_769' title='bbox 1077 5147 1238 5188; x_wconf 82' lang='lat' dir='ltr'><strong>vexas</strong></span> <span class='ocrx_word' id='word_1_770' title='bbox 1262 5132 1617 5205; x_wconf 75' lang='lat' dir='ltr'><strong>Magistrum?</strong></span> <span class='ocrx_word' id='word_1_771' title='bbox 1646 5130 1805 5201; x_wconf 77' lang='lat'><strong>198</strong></span> <span class='ocrx_word' id='word_1_772' title='bbox 1830 5128 1986 5185; x_wconf 80' lang='lat' dir='ltr'><strong>Jesus</strong></span> <span class='ocrx_word' id='word_1_773' title='bbox 2010 5140 2190 5182; x_wconf 91' lang='lat' dir='ltr'><strong>autem</strong></span> 
     </span>
    </p>
   </div>
   <div class='ocr_carea' id='block_1_99' title="bbox 631 5220 2187 5298">
    <p class='ocr_par' dir='ltr' id='par_1_99' title="bbox 631 5220 2187 5298">
     <span class='ocr_line' id='line_1_99' title="bbox 631 5220 2187 5298; baseline -0.004 -17"><span class='ocrx_word' id='word_1_774' title='bbox 631 5230 872 5298; x_wconf 86' lang='lat' dir='ltr'><strong>pr0tinus</strong></span> <span class='ocrx_word' id='word_1_775' title='bbox 908 5228 1090 5282; x_wconf 88' lang='lat' dir='ltr'><strong>audito</strong></span> <span class='ocrx_word' id='word_1_776' title='bbox 1120 5241 1371 5281; x_wconf 88' lang='lat' dir='ltr'><strong>sermone</strong></span> <span class='ocrx_word' id='word_1_777' title='bbox 1398 5226 1485 5293; x_wconf 91' lang='lat' dir='ltr'><strong>qui</strong></span> <span class='ocrx_word' id='word_1_778' title='bbox 1516 5224 1817 5284; x_wconf 88' lang='lat' dir='ltr'><strong>dicebatur,</strong></span> <span class='ocrx_word' id='word_1_779' title='bbox 1852 5223 1929 5275; x_wconf 90' lang='lat' dir='ltr'><strong>ait</strong></span> <span class='ocrx_word' id='word_1_780' title='bbox 1956 5220 2187 5290; x_wconf 89' lang='lat' dir='ltr'><strong>principi</strong></span> 
     </span>
    </p>
   </div>
   <div class='ocr_carea' id='block_1_100' title="bbox 631 5315 2189 5389">
    <p class='ocr_par' dir='ltr' id='par_1_100' title="bbox 631 5315 2189 5389">
     <span class='ocr_line' id='line_1_100' title="bbox 631 5315 2189 5389; baseline -0.001 -17"><span class='ocrx_word' id='word_1_781' title='bbox 631 5319 925 5389; x_wconf 76' lang='lat' dir='ltr'><strong>Synagoga:</strong></span> <span class='ocrx_word' id='word_1_782' title='bbox 953 5336 966 5373; x_wconf 88' lang='lat'><strong>:</strong></span> <span class='ocrx_word' id='word_1_783' title='bbox 1001 5318 1079 5373; x_wconf 86' lang='lat' dir='ltr'><strong>Ne</strong></span> <span class='ocrx_word' id='word_1_784' title='bbox 1106 5320 1295 5374; x_wconf 86' lang='lat' dir='ltr'><strong>timeas</strong></span> <span class='ocrx_word' id='word_1_785' title='bbox 1324 5336 1339 5373; x_wconf 90' lang='lat'><strong>:</strong></span> <span class='ocrx_word' id='word_1_786' title='bbox 1385 5318 1753 5373; x_wconf 89' lang='lat' dir='ltr'><strong>tantummodo</strong></span> <span class='ocrx_word' id='word_1_787' title='bbox 1782 5318 1961 5372; x_wconf 87' lang='lat' dir='ltr'><strong>crede.</strong></span> <span class='ocrx_word' id='word_1_788' title='bbox 1988 5315 2054 5369; x_wconf 86' lang='lat' dir='ltr'><strong>Et</strong></span> <span class='ocrx_word' id='word_1_789' title='bbox 2086 5331 2189 5370; x_wconf 91' lang='lat' dir='ltr'><strong>non</strong></span> 
     </span>
    </p>
   </div>
   <div class='ocr_carea' id='block_1_101' title="bbox 634 5406 2192 5482">
    <p class='ocr_par' dir='ltr' id='par_1_101' title="bbox 634 5406 2192 5482">
     <span class='ocr_line' id='line_1_101' title="bbox 634 5406 2192 5482; baseline -0.003 -17"><span class='ocrx_word' id='word_1_790' title='bbox 634 5412 879 5481; x_wconf 88' lang='lat' dir='ltr'><strong>permisit</strong></span> <span class='ocrx_word' id='word_1_791' title='bbox 924 5420 982 5465; x_wconf 92' lang='lat' dir='ltr'><strong>ut</strong></span> <span class='ocrx_word' id='word_1_792' title='bbox 1011 5412 1294 5482; x_wconf 87' lang='lat' dir='ltr'><strong>quisquam</strong></span> <span class='ocrx_word' id='word_1_793' title='bbox 1326 5426 1448 5467; x_wconf 89' lang='lat' dir='ltr'><strong>eum</strong></span> <span class='ocrx_word' id='word_1_794' title='bbox 1482 5419 1797 5479; x_wconf 85' lang='lat' dir='ltr'><strong>sequeretur</strong></span> <span class='ocrx_word' id='word_1_795' title='bbox 1840 5419 2038 5480; x_wconf 67' lang='lat' dir='ltr'><strong>praeter</strong></span> <span class='ocrx_word' id='word_1_796' title='bbox 2091 5406 2192 5462; x_wconf 90' lang='lat' dir='ltr'><strong>Pe-</strong></span> 
     </span>
    </p>
   </div>
   <div class='ocr_carea' id='block_1_102' title="bbox 637 5500 2193 5558">
    <p class='ocr_par' dir='ltr' id='par_1_102' title="bbox 637 5500 2193 5558">
     <span class='ocr_line' id='line_1_102' title="bbox 637 5500 2193 5558; baseline -0.001 -4"><span class='ocrx_word' id='word_1_797' title='bbox 637 5511 775 5557; x_wconf 91' lang='lat' dir='ltr'><strong>trum</strong></span> <span class='ocrx_word' id='word_1_798' title='bbox 808 5512 861 5555; x_wconf 80' lang='lat' dir='ltr'><strong>et</strong></span> <span class='ocrx_word' id='word_1_799' title='bbox 902 5500 1156 5557; x_wconf 70' lang='lat' dir='ltr'><strong>Iacobum</strong></span> <span class='ocrx_word' id='word_1_800' title='bbox 1200 5511 1255 5558; x_wconf 89' lang='lat' dir='ltr'><strong>et</strong></span> <span class='ocrx_word' id='word_1_801' title='bbox 1293 5502 1554 5557; x_wconf 86' lang='lat' dir='ltr'><strong>Joannem</strong></span> <span class='ocrx_word' id='word_1_802' title='bbox 1604 5500 1820 5555; x_wconf 83' lang='lat' dir='ltr'><strong>fratrem</strong></span> <span class='ocrx_word' id='word_1_803' title='bbox 1873 5501 2081 5556; x_wconf 79' lang='lat' dir='ltr'><strong>Jacobi.</strong></span> <span class='ocrx_word' id='word_1_804' title='bbox 2131 5500 2193 5554; x_wconf 82' lang='lat' dir='ltr'><strong>Et</strong></span> 
     </span>
    </p>
   </div>
   <div class='ocr_carea' id='block_1_103' title="bbox 636 5593 2194 5665">
    <p class='ocr_par' dir='ltr' id='par_1_103' title="bbox 636 5593 2194 5665">
     <span class='ocr_line' id='line_1_103' title="bbox 636 5593 2194 5665; baseline 0.001 -21"><span class='ocrx_word' id='word_1_805' title='bbox 636 5594 784 5647; x_wconf 86' lang='lat' dir='ltr'><strong>venit</strong></span> <span class='ocrx_word' id='word_1_806' title='bbox 826 5594 879 5646; x_wconf 91' lang='lat' dir='ltr'><strong>in</strong></span> <span class='ocrx_word' id='word_1_807' title='bbox 918 5596 1128 5648; x_wconf 90' lang='lat' dir='ltr'><strong>domum</strong></span> <span class='ocrx_word' id='word_1_808' title='bbox 1161 5594 1418 5665; x_wconf 90' lang='lat' dir='ltr'><strong>principis</strong></span> <span class='ocrx_word' id='word_1_809' title='bbox 1454 5593 1770 5665; x_wconf 71' lang='lat' dir='ltr'><strong>Syuagogtr,</strong></span> <span class='ocrx_word' id='word_1_810' title='bbox 1812 5593 2063 5661; x_wconf 83' lang='lat' dir='ltr'><strong>videtque</strong></span> <span class='ocrx_word' id='word_1_811' title='bbox 2107 5602 2194 5646; x_wconf 65' lang='lat' dir='ltr'><strong>Lu~</strong></span> 
     </span>
    </p>
   </div>
   <div class='ocr_carea' id='block_1_104' title="bbox 640 5685 2195 5757">
    <p class='ocr_par' dir='ltr' id='par_1_104' title="bbox 640 5685 2195 5757">
     <span class='ocr_line' id='line_1_104' title="bbox 640 5685 2195 5757; baseline 0.001 -20"><span class='ocrx_word' id='word_1_812' title='bbox 640 5685 863 5739; x_wconf 84' lang='lat' dir='ltr'><strong>inultum</strong></span> <span class='ocrx_word' id='word_1_813' title='bbox 894 5700 948 5741; x_wconf 93' lang='lat' dir='ltr'><strong>et</strong></span> <span class='ocrx_word' id='word_1_814' title='bbox 979 5686 1169 5744; x_wconf 76' lang='lat' dir='ltr'><strong>ﬂentes</strong></span> <span class='ocrx_word' id='word_1_815' title='bbox 1189 5700 1243 5742; x_wconf 88' lang='lat' dir='ltr'><strong>et</strong></span> <span class='ocrx_word' id='word_1_816' title='bbox 1269 5687 1537 5757; x_wconf 73' lang='lat' dir='ltr'><strong>eiulantes</strong></span> <span class='ocrx_word' id='word_1_817' title='bbox 1562 5686 1807 5748; x_wconf 90' lang='lat' dir='ltr'><strong>multum,</strong></span> <span class='ocrx_word' id='word_1_818' title='bbox 1835 5695 1891 5740; x_wconf 89' lang='lat' dir='ltr'><strong>et</strong></span> <span class='ocrx_word' id='word_1_819' title='bbox 1914 5686 2195 5755; x_wconf 85' lang='lat' dir='ltr'><strong>ingressus</strong></span> 
     </span>
    </p>
   </div>
   <div class='ocr_carea' id='block_1_105' title="bbox 640 5772 2189 5848">
    <p class='ocr_par' dir='ltr' id='par_1_105' title="bbox 640 5772 2189 5848">
     <span class='ocr_line' id='line_1_105' title="bbox 640 5772 2189 5848; baseline 0.001 -21"><span class='ocrx_word' id='word_1_820' title='bbox 640 5772 717 5829; x_wconf 83' lang='lat' dir='ltr'><strong>ait</strong></span> <span class='ocrx_word' id='word_1_821' title='bbox 743 5777 846 5835; x_wconf 87' lang='lat' dir='ltr'><strong>illis</strong></span> <span class='ocrx_word' id='word_1_822' title='bbox 872 5797 885 5834; x_wconf 90' lang='lat'><strong>:</strong></span> <span class='ocrx_word' id='word_1_823' title='bbox 908 5778 1050 5847; x_wconf 80' lang='lat' dir='ltr'><strong>Quid</strong></span> <span class='ocrx_word' id='word_1_824' title='bbox 1084 5780 1477 5837; x_wconf 88' lang='lat' dir='ltr'><strong>tumultuamini</strong></span> <span class='ocrx_word' id='word_1_825' title='bbox 1502 5789 1553 5834; x_wconf 93' lang='lat' dir='ltr'><strong>ct</strong></span> <span class='ocrx_word' id='word_1_826' title='bbox 1580 5778 1846 5848; x_wconf 80' lang='lat' dir='ltr'><strong>ploratis?</strong></span> <span class='ocrx_word' id='word_1_827' title='bbox 1876 5776 2051 5839; x_wconf 85' lang='lat' dir='ltr'><strong>puclla</strong></span> <span class='ocrx_word' id='word_1_828' title='bbox 2082 5792 2189 5832; x_wconf 88' lang='lat' dir='ltr'><strong>non</strong></span> 
     </span>
    </p>
   </div>
   <div class='ocr_carea' id='block_1_106' title="bbox 2288 4591 3861 4663">
    <p class='ocr_par' dir='ltr' id='par_1_106' title="bbox 2288 4591 3861 4663">
     <span class='ocr_line' id='line_1_106' title="bbox 2288 4591 3861 4663; baseline 0.002 -20"><span class='ocrx_word' id='word_1_829' title='bbox 2288 4608 2405 4654; x_wconf 88' lang='grc' dir='ltr'>στις</span> <span class='ocrx_word' id='word_1_830' title='bbox 2443 4608 2560 4646; x_wconf 91' lang='grc' dir='ltr'>σου.</span> <span class='ocrx_word' id='word_1_831' title='bbox 2587 4592 2829 4663; x_wconf 80' lang='grc' dir='ltr'>Πορεύου</span> <span class='ocrx_word' id='word_1_832' title='bbox 2858 4591 3039 4645; x_wconf 78' lang='grc' dir='ltr'>τοίνυν</span> <span class='ocrx_word' id='word_1_833' title='bbox 3065 4594 3143 4655; x_wconf 79' lang='grc' dir='ltr'><strong>είς</strong></span> <span class='ocrx_word' id='word_1_834' title='bbox 3166 4592 3414 4661; x_wconf 84' lang='grc' dir='ltr'>είρήνην,</span> <span class='ocrx_word' id='word_1_835' title='bbox 3445 4593 3753 4659; x_wconf 87' lang='grc' dir='ltr'>τουτέστιν,</span> <span class='ocrx_word' id='word_1_836' title='bbox 3784 4595 3861 4657; x_wconf 79' lang='grc' dir='ltr'><strong>είς</strong></span> 
     </span>
    </p>
   </div>
   <div class='ocr_carea' id='block_1_107' title="bbox 2289 4675 3850 4753">
    <p class='ocr_par' dir='ltr' id='par_1_107' title="bbox 2289 4675 3850 4753">
     <span class='ocr_line' id='line_1_107' title="bbox 2289 4675 3850 4753; baseline 0.001 -17"><span class='ocrx_word' id='word_1_837' title='bbox 2289 4682 2629 4736; x_wconf 79' lang='grc' dir='ltr'>ἀνάπαυσιν·</span> <span class='ocrx_word' id='word_1_838' title='bbox 2683 4682 2825 4736; x_wconf 76' lang='grc' dir='ltr'>ὥστε</span> <span class='ocrx_word' id='word_1_839' title='bbox 2892 4675 3032 4737; x_wconf 73' lang='grc' dir='ltr'>εἶναι</span> <span class='ocrx_word' id='word_1_840' title='bbox 3103 4683 3164 4736; x_wconf 80' lang='grc' dir='ltr'><strong>τὸ</strong></span> <span class='ocrx_word' id='word_1_841' title='bbox 3236 4683 3529 4753; x_wconf 78' lang='grc' dir='ltr'>λεγόμενον</span> <span class='ocrx_word' id='word_1_842' title='bbox 3584 4684 3850 4738; x_wconf 86' lang='grc' dir='ltr'>τοιοῦτον·</span> 
     </span>
    </p>
   </div>
   <div class='ocr_carea' id='block_1_108' title="bbox 2293 4772 3862 4847">
    <p class='ocr_par' dir='ltr' id='par_1_108' title="bbox 2293 4772 3862 4847">
     <span class='ocr_line' id='line_1_108' title="bbox 2293 4772 3862 4847; baseline 0.002 -21"><span class='ocrx_word' id='word_1_843' title='bbox 2293 4772 2549 4839; x_wconf 79' lang='grc' dir='ltr'>Ἀπελθι,</span> <span class='ocrx_word' id='word_1_844' title='bbox 2584 4772 2889 4836; x_wconf 84' lang='grc' dir='ltr'>ἀναπαύου,</span> <span class='ocrx_word' id='word_1_845' title='bbox 2933 4773 3009 4837; x_wconf 85' lang='grc' dir='ltr'>ὡς</span> <span class='ocrx_word' id='word_1_846' title='bbox 3052 4773 3180 4842; x_wconf 73' lang='grc' dir='ltr'>τόγε</span> <span class='ocrx_word' id='word_1_847' title='bbox 3210 4773 3375 4847; x_wconf 85' lang='grc' dir='ltr'>μέχρι</span> <span class='ocrx_word' id='word_1_848' title='bbox 3404 4774 3500 4828; x_wconf 88' lang='grc' dir='ltr'><strong>τοῦ</strong></span> <span class='ocrx_word' id='word_1_849' title='bbox 3538 4775 3655 4841; x_wconf 87' lang='grc' dir='ltr'>νῦν,</span> <span class='ocrx_word' id='word_1_850' title='bbox 3690 4778 3749 4830; x_wconf 75' lang='grc' dir='ltr'><strong>ἐν</strong></span> <span class='ocrx_word' id='word_1_851' title='bbox 3775 4776 3862 4829; x_wconf 83' lang='grc' dir='ltr'><strong>λύ-</strong></span> 
     </span>
    </p>
   </div>
   <div class='ocr_carea' id='block_1_109' title="bbox 2290 4861 3131 4935">
    <p class='ocr_par' dir='ltr' id='par_1_109' title="bbox 2290 4861 3131 4935">
     <span class='ocr_line' id='line_1_109' title="bbox 2290 4861 3131 4935; baseline -0.001 -18"><span class='ocrx_word' id='word_1_852' title='bbox 2290 4880 2422 4927; x_wconf 81' lang='grc' dir='ltr'>παις</span> <span class='ocrx_word' id='word_1_853' title='bbox 2447 4861 2691 4935; x_wconf 82' lang='grc' dir='ltr'>ὑπῆρχες</span> <span class='ocrx_word' id='word_1_854' title='bbox 2720 4862 2814 4916; x_wconf 79' lang='grc' dir='ltr'><strong>καὶ</strong></span> <span class='ocrx_word' id='word_1_855' title='bbox 2845 4864 3131 4933; x_wconf 80' lang='grc' dir='ltr'>ταραχαῖς.</span> 
     </span>
    </p>
   </div>
   <div class='ocr_carea' id='block_1_110' title="bbox 2366 4953 3862 5029">
    <p class='ocr_par' dir='ltr' id='par_1_110' title="bbox 2366 4953 3862 5029">
     <span class='ocr_line' id='line_1_110' title="bbox 2366 4953 3862 5029; baseline 0.005 -24"><span class='ocrx_word' id='word_1_856' title='bbox 2366 4974 2385 5005; x_wconf 72' lang='grc' dir='ltr'>ο</span> <span class='ocrx_word' id='word_1_857' title='bbox 2424 4953 2546 5008; x_wconf 86' lang='grc' dir='ltr'><strong>Ἐτι</strong></span> <span class='ocrx_word' id='word_1_858' title='bbox 2592 4953 2757 5008; x_wconf 76' lang='grc' dir='ltr'>αὐτοῦ</span> <span class='ocrx_word' id='word_1_859' title='bbox 2800 4954 3121 5019; x_wconf 85' lang='grc' dir='ltr'>λαλοῦντος,</span> <span class='ocrx_word' id='word_1_860' title='bbox 3159 4953 3410 5025; x_wconf 76' lang='grc' dir='ltr'>ἔρχονται</span> <span class='ocrx_word' id='word_1_861' title='bbox 3439 4954 3550 5010; x_wconf 84' lang='grc' dir='ltr'>ἀπὸ</span> <span class='ocrx_word' id='word_1_862' title='bbox 3576 4956 3670 5010; x_wconf 78' lang='grc' dir='ltr'><strong>τοῦ</strong></span> <span class='ocrx_word' id='word_1_863' title='bbox 3708 4959 3862 5029; x_wconf 82' lang='grc' dir='ltr'>ἀρχι-</span> 
     </span>
    </p>
   </div>
   <div class='ocr_carea' id='block_1_111' title="bbox 2293 5041 3861 5114">
    <p class='ocr_par' dir='ltr' id='par_1_111' title="bbox 2293 5041 3861 5114">
     <span class='ocr_line' id='line_1_111' title="bbox 2293 5041 3861 5114; baseline 0.002 -17"><span class='ocrx_word' id='word_1_864' title='bbox 2293 5042 2631 5111; x_wconf 82' lang='grc' dir='ltr'>συναγώγου,</span> <span class='ocrx_word' id='word_1_865' title='bbox 2670 5041 2920 5111; x_wconf 77' lang='grc' dir='ltr'>λέγοντες</span> <span class='ocrx_word' id='word_1_866' title='bbox 2944 5043 3048 5105; x_wconf 83' lang='grc' dir='ltr'>δτι,</span> <span class='ocrx_word' id='word_1_867' title='bbox 3092 5041 3160 5095; x_wconf 84' lang='grc' dir='ltr'><strong>Ἦ</strong></span> <span class='ocrx_word' id='word_1_868' title='bbox 3200 5044 3449 5114; x_wconf 81' lang='grc' dir='ltr'>θυγάτηρ</span> <span class='ocrx_word' id='word_1_869' title='bbox 3472 5060 3567 5097; x_wconf 88' lang='grc' dir='ltr'><strong>σου</strong></span> <span class='ocrx_word' id='word_1_870' title='bbox 3597 5047 3861 5111; x_wconf 71' lang='grc' dir='ltr'>ἀπέθανε,</span> 
     </span>
    </p>
   </div>
   <div class='ocr_carea' id='block_1_112' title="bbox 2292 5133 3867 5206">
    <p class='ocr_par' dir='ltr' id='par_1_112' title="bbox 2292 5133 3867 5206">
     <span class='ocr_line' id='line_1_112' title="bbox 2292 5133 3867 5206; baseline 0.002 -19"><span class='ocrx_word' id='word_1_871' title='bbox 2292 5138 2343 5187; x_wconf 87' lang='grc' dir='ltr'><strong>τί</strong></span> <span class='ocrx_word' id='word_1_872' title='bbox 2369 5136 2448 5187; x_wconf 76' lang='grc' dir='ltr'><strong>ἔτι</strong></span> <span class='ocrx_word' id='word_1_873' title='bbox 2474 5133 2723 5197; x_wconf 81' lang='grc' dir='ltr'>σκύλλεις</span> <span class='ocrx_word' id='word_1_874' title='bbox 2762 5133 2857 5187; x_wconf 79' lang='grc' dir='ltr'><strong>τὸν</strong></span> <span class='ocrx_word' id='word_1_875' title='bbox 2901 5134 3270 5201; x_wconf 84' lang='grc' dir='ltr'>Διδάσκαλον;</span> <span class='ocrx_word' id='word_1_876' title='bbox 3326 5135 3384 5188; x_wconf 85' lang='lat'><strong>&#39;0</strong></span> <span class='ocrx_word' id='word_1_877' title='bbox 3435 5136 3492 5189; x_wconf 83' lang='grc' dir='ltr'><strong>δὲ</strong></span> <span class='ocrx_word' id='word_1_878' title='bbox 3532 5136 3742 5206; x_wconf 76' lang='grc' dir='ltr'>Ἰησοῦς</span> <span class='ocrx_word' id='word_1_879' title='bbox 3787 5139 3867 5190; x_wconf 76' lang='grc' dir='ltr'>σὺ·</span> 
     </span>
    </p>
   </div>
   <div class='ocr_carea' id='block_1_113' title="bbox 2293 5226 3863 5300">
    <p class='ocr_par' dir='ltr' id='par_1_113' title="bbox 2293 5226 3863 5300">
     <span class='ocr_line' id='line_1_113' title="bbox 2293 5226 3863 5300; baseline 0.001 -19"><span class='ocrx_word' id='word_1_880' title='bbox 2293 5229 2428 5290; x_wconf 81' lang='grc' dir='ltr'>θέως</span> <span class='ocrx_word' id='word_1_881' title='bbox 2458 5226 2695 5289; x_wconf 81' lang='grc' dir='ltr'>ἀκούσας</span> <span class='ocrx_word' id='word_1_882' title='bbox 2735 5227 2829 5280; x_wconf 75' lang='grc' dir='ltr'>τὸν</span> <span class='ocrx_word' id='word_1_883' title='bbox 2857 5226 3015 5295; x_wconf 85' lang='grc' dir='ltr'>λόγον</span> <span class='ocrx_word' id='word_1_884' title='bbox 3074 5227 3427 5297; x_wconf 83' lang='grc' dir='ltr'>λαλούμενον,</span> <span class='ocrx_word' id='word_1_885' title='bbox 3465 5228 3616 5297; x_wconf 88' lang='grc' dir='ltr'>λέγει</span> <span class='ocrx_word' id='word_1_886' title='bbox 3655 5229 3736 5299; x_wconf 78' lang='grc' dir='ltr'>τῷ</span> <span class='ocrx_word' id='word_1_887' title='bbox 3762 5230 3863 5300; x_wconf 86' lang='grc' dir='ltr'>ἀρ-</span> 
     </span>
    </p>
   </div>
   <div class='ocr_carea' id='block_1_114' title="bbox 2293 5316 3869 5387">
    <p class='ocr_par' dir='ltr' id='par_1_114' title="bbox 2293 5316 3869 5387">
     <span class='ocr_line' id='line_1_114' title="bbox 2293 5316 3869 5387; baseline 0.003 -18"><span class='ocrx_word' id='word_1_888' title='bbox 2293 5316 2668 5387; x_wconf 79' lang='grc' dir='ltr'>χισυναγώγῳ·</span> <span class='ocrx_word' id='word_1_889' title='bbox 2730 5316 2820 5385; x_wconf 80' lang='grc' dir='ltr'><strong>Μὴ</strong></span> <span class='ocrx_word' id='word_1_890' title='bbox 2866 5316 3053 5386; x_wconf 79' lang='grc' dir='ltr'>φοϐοῦ,</span> <span class='ocrx_word' id='word_1_891' title='bbox 3111 5316 3271 5387; x_wconf 85' lang='grc' dir='ltr'>μόνον</span> <span class='ocrx_word' id='word_1_892' title='bbox 3296 5319 3547 5373; x_wconf 83' lang='grc' dir='ltr'>πίστευε.</span> <span class='ocrx_word' id='word_1_893' title='bbox 3598 5320 3713 5373; x_wconf 80' lang='grc' dir='ltr'><strong>Καὶ</strong></span> <span class='ocrx_word' id='word_1_894' title='bbox 3766 5320 3869 5373; x_wconf 73' lang='grc' dir='ltr'>οὐκ</span> 
     </span>
    </p>
   </div>
   <div class='ocr_carea' id='block_1_115' title="bbox 2295 5410 3863 5482">
    <p class='ocr_par' dir='ltr' id='par_1_115' title="bbox 2295 5410 3863 5482">
     <span class='ocr_line' id='line_1_115' title="bbox 2295 5410 3863 5482; baseline 0.001 -21"><span class='ocrx_word' id='word_1_895' title='bbox 2295 5410 2505 5480; x_wconf 73' lang='grc' dir='ltr'>ἀφῆκεν</span> <span class='ocrx_word' id='word_1_896' title='bbox 2544 5410 2733 5461; x_wconf 72' lang='grc' dir='ltr'>οὐδένα</span> <span class='ocrx_word' id='word_1_897' title='bbox 2756 5410 2903 5480; x_wconf 81' lang='grc' dir='ltr'><strong>αὑτῷ</strong></span> <span class='ocrx_word' id='word_1_898' title='bbox 2947 5410 3414 5482; x_wconf 81' lang='grc' dir='ltr'>συνακολουθῆσαι</span> <span class='ocrx_word' id='word_1_899' title='bbox 3432 5452 3446 5475; x_wconf 94' lang='grc'><strong>,</strong></span> <span class='ocrx_word' id='word_1_900' title='bbox 3477 5412 3525 5464; x_wconf 83' lang='grc' dir='ltr'><strong>εί</strong></span> <span class='ocrx_word' id='word_1_901' title='bbox 3552 5411 3628 5482; x_wconf 80' lang='grc' dir='ltr'>μὴ</span> <span class='ocrx_word' id='word_1_902' title='bbox 3657 5413 3863 5481; x_wconf 83' lang='grc' dir='ltr'>Πέτρον</span> 
     </span>
    </p>
   </div>
   <div class='ocr_carea' id='block_1_116' title="bbox 2296 5500 3865 5572">
    <p class='ocr_par' dir='ltr' id='par_1_116' title="bbox 2296 5500 3865 5572">
     <span class='ocr_line' id='line_1_116' title="bbox 2296 5500 3865 5572; baseline 0.002 -19"><span class='ocrx_word' id='word_1_903' title='bbox 2296 5502 2390 5554; x_wconf 65' lang='grc' dir='ltr'>καὶ</span> <span class='ocrx_word' id='word_1_904' title='bbox 2443 5500 2699 5553; x_wconf 86' lang='grc' dir='ltr'>Ἰάκωϐον</span> <span class='ocrx_word' id='word_1_905' title='bbox 2740 5500 2836 5555; x_wconf 73' lang='grc' dir='ltr'><strong>καὶ</strong></span> <span class='ocrx_word' id='word_1_906' title='bbox 2886 5502 3141 5571; x_wconf 84' lang='grc' dir='ltr'>Ἰωάννην</span> <span class='ocrx_word' id='word_1_907' title='bbox 3184 5503 3279 5555; x_wconf 75' lang='grc' dir='ltr'><strong>τὸν</strong></span> <span class='ocrx_word' id='word_1_908' title='bbox 3323 5502 3550 5572; x_wconf 71' lang='grc' dir='ltr'>ἀδελφὸν</span> <span class='ocrx_word' id='word_1_909' title='bbox 3580 5502 3865 5557; x_wconf 81' lang='grc' dir='ltr'>Ἰακώϐου.</span> 
     </span>
    </p>
   </div>
   <div class='ocr_carea' id='block_1_117' title="bbox 2298 5588 3865 5667">
    <p class='ocr_par' dir='ltr' id='par_1_117' title="bbox 2298 5588 3865 5667">
     <span class='ocr_line' id='line_1_117' title="bbox 2298 5588 3865 5667; baseline 0.002 -24"><span class='ocrx_word' id='word_1_910' title='bbox 2298 5592 2408 5643; x_wconf 79' lang='lat' dir='ltr'><strong>Kal.</strong></span> <span class='ocrx_word' id='word_1_911' title='bbox 2441 5590 2656 5659; x_wconf 65' lang='grc' dir='ltr'>ἔρχεται</span> <span class='ocrx_word' id='word_1_912' title='bbox 2707 5594 2787 5655; x_wconf 79' lang='grc' dir='ltr'><strong>είς</strong></span> <span class='ocrx_word' id='word_1_913' title='bbox 2819 5592 2908 5646; x_wconf 83' lang='grc' dir='ltr'>τὸν</span> <span class='ocrx_word' id='word_1_914' title='bbox 2957 5588 3106 5647; x_wconf 78' lang='grc' dir='ltr'>οἷκον</span> <span class='ocrx_word' id='word_1_915' title='bbox 3132 5592 3225 5647; x_wconf 89' lang='grc' dir='ltr'><strong>τοῦ</strong></span> <span class='ocrx_word' id='word_1_916' title='bbox 3270 5595 3743 5667; x_wconf 83' lang='grc' dir='ltr'>ἀρχισυναγώγου,</span> <span class='ocrx_word' id='word_1_917' title='bbox 3774 5596 3865 5647; x_wconf 78' lang='grc' dir='ltr'>καὶ</span> 
     </span>
    </p>
   </div>
   <div class='ocr_carea' id='block_1_118' title="bbox 2298 5682 3859 5754">
    <p class='ocr_par' dir='ltr' id='par_1_118' title="bbox 2298 5682 3859 5754">
     <span class='ocr_line' id='line_1_118' title="bbox 2298 5682 3859 5754; baseline 0.006 -20"><span class='ocrx_word' id='word_1_918' title='bbox 2298 5682 2491 5751; x_wconf 79' lang='grc' dir='ltr'>θεωρεῖ</span> <span class='ocrx_word' id='word_1_919' title='bbox 2531 5682 2781 5754; x_wconf 82' lang='grc' dir='ltr'>θόρυϐον,</span> <span class='ocrx_word' id='word_1_920' title='bbox 2828 5684 3115 5747; x_wconf 86' lang='grc' dir='ltr'>κλαίοντας</span> <span class='ocrx_word' id='word_1_921' title='bbox 3146 5684 3241 5739; x_wconf 71' lang='grc' dir='ltr'>καὶ</span> <span class='ocrx_word' id='word_1_922' title='bbox 3271 5685 3642 5749; x_wconf 63' lang='grc' dir='ltr'>ἀλαλάζοντας</span> <span class='ocrx_word' id='word_1_923' title='bbox 3674 5685 3859 5743; x_wconf 63' lang='grc' dir='ltr'>πολλὰ.</span> 
     </span>
    </p>
   </div>
   <div class='ocr_carea' id='block_1_119' title="bbox 2302 5775 3865 5848">
    <p class='ocr_par' dir='ltr' id='par_1_119' title="bbox 2302 5775 3865 5848">
     <span class='ocr_line' id='line_1_119' title="bbox 2302 5775 3865 5848; baseline -0.001 -19"><span class='ocrx_word' id='word_1_924' title='bbox 2302 5775 2395 5831; x_wconf 69' lang='grc' dir='ltr'><strong>καὶ</strong></span> <span class='ocrx_word' id='word_1_925' title='bbox 2452 5775 2749 5837; x_wconf 71' lang='grc' dir='ltr'>εἰσελθὼν,</span> <span class='ocrx_word' id='word_1_926' title='bbox 2805 5777 2952 5848; x_wconf 74' lang='grc' dir='ltr'>λέγει</span> <span class='ocrx_word' id='word_1_927' title='bbox 3001 5777 3217 5840; x_wconf 75' lang='grc' dir='ltr'>αὐτοῖς·</span> <span class='ocrx_word' id='word_1_928' title='bbox 3270 5776 3335 5830; x_wconf 79' lang='lat' dir='ltr'><strong>Ti</strong></span> <span class='ocrx_word' id='word_1_929' title='bbox 3397 5777 3713 5848; x_wconf 67' lang='grc' dir='ltr'>θορυϐεῖσθε</span> <span class='ocrx_word' id='word_1_930' title='bbox 3773 5777 3865 5830; x_wconf 79' lang='grc' dir='ltr'>καὶ</span> 
     </span>
    </p>
   </div>
  </div>
