4108 6334
288 392 393 457 διδ
1000 376 1442 443 επιιιιιΑτιο
1483 374 1567 437 ΙΝ
1606 370 2112 439 EVA‘NGELIUM
2150 367 2419 432 MARCI.
2449 392 2523 408 —
2555 366 2714 429 CAP.
2758 367 2855 429 vr.
3463 374 3563 436 sto

289 510 508 568 κλαίετε
535 522 549 572 ;
580 506 643 559 τὸ
685 501 903 558 παιδίον
929 499 1029 552 οὐκ
1071 496 1372 559 ἀπέθανεν,
1407 493 1546 550 ἀλλὰ
1593 489 1866 546 καθεύδει.

1988 496 2061 544 est
2096 495 2345 550 mortua,
2396 484 2492 540 sed
2524 483 2745 539 dormit.
2800 478 3190 535 Etirridehaut
3239 495 3384 535 eum.
3442 481 3565 551 ipse

296 604 411 658 Καὶ
444 597 754 662 κατεγέλων
783 588 1050 645 αὑτοῦ.ὐ
1095 590 1174 656 δὲ,
1208 585 1456 642 ἐκϐαλὼν
1495 584 1730 649 πάντας,
1761 598 1871 636 πα-

1988 597 2107 638 vero
2140 580 2333 650 ejectis
2372 576 2624 634 omnibus
2674 574 2902 632 assumit
2950 581 3161 645 patrem
3222 582 3279 628 et
3333 580 3559 628 matrem

298 689 639 766 ραλαμδάνει
670 685 762 738 τὸν
783 686 999 754 πατέρα
1028 679 1124 734 τοῦ
1155 679 1366 735 παιδίου
1392 679 1486 731 καὶ
1508 677 1609 748 τὴν
1634 674 1869 746 μητέρα,

295 788 391 840 καὶ
421 785 547 843 τοὺς
585 779 705 849 μετ’
739 776 930 842 αὑτοῦ,
965 775 1060 828 καὶ
1110 770 1497 840 εἰσπορεύεται
1532 770 1665 822 ὅπου
1710 761 1781 838 ἦν
1813 765 1873 819 τὸ

297 878 513 934 παιδίον
544 873 926 943 ἀνακείμενον,
954 870 1046 922 καὶ
1099 867 1383 938 κρατήσας
1427 863 1524 932 τῆς
1556 863 1740 934 χειρὸς
1776 859 1872 915 τοῦ

296 972 537 1031 παιδίου,
572 968 720 1034 λέγει
751 965 909 1033 αὐτῇο
943 959 1153 1015 Ταλιθά
1204 958 1393 1027 κοῦμι,
1445 958 1474 1009 ὅ
1524 958 1639 1009 ἐστι
1677 954 1875 1025 μεθερ-

300 1062 691 1135 μηνευόμενον
726 1058 798 1109 Τὸ
840 1055 1119 1125 κοράσιον,
1158 1053 1240 1104 σοὶ
1283 1050 1427 1119 λέγω
1448 1089 1462 1114 ,
1494 1049 1728 1118 ἔγειραι.
1762 1048 1874 1103 Kal

299 1155 505 1217 εὐθέως
566 1151 765 1218 ἀνέστη
817 1146 878 1200 τὸ
926 1144 1348 1216 κοράσιον,καὶ
1406 1142 1729 1211 περιεπάτει
1783 1135 1873 1210 (ἦν

296 1250 411 1315 γὰρ
436 1246 571 1297 ἐτῶν
600 1239 861 1310 δώδεκα),
894 1240 987 1290 καὶ
1014 1236 1311 1305 ἐξέστησαν
1348 1235 1605 1289 ἐκστάσει
1638 1232 1871 1303 μεγάλῃ,

298 1340 397 1391 καὶ
422 1333 754 1388 διεστείλατο
784 1330 968 1390 αὐτοῖς
1011 1326 1184 1380 πολλά
1215 1326 1301 1377 ίνα
1336 1322 1526 1393 μηδεὶς
1555 1321 1669 1391 γνῷ
1695 1318 1872 1383 τοῦτο,

299 1430 397 1481 κα¹ι
448 1421 572 1478 εἷπε
615 1422 834 1490 δοθῆναι
879 1419 1015 1488 αὐτῇ
1062 1418 1283 1483 φαγεῖν.
1317 1433 1335 1467 ι
1375 1416 1438 1466 οι
1480 1412 1573 1465 τοῦ
1622 1416 1878 1481 ἀρχισυν-

300 1517 545 1587 αγώγου,
578 1514 890 1583 νομίζοντες
945 1510 1040 1562 Eva
1088 1508 1197 1561 τῶν
1247 1504 1587 1559 διδασκάλων
1616 1498 1754 1555 εἶναι
1784 1500 1876 1553 τὸν

298 1610 560 1681 Χριστὸν,
612 1608 699 1659 διά
729 1604 886 1656 τοῦτο
918 1594 1285 1671 παρεκάλουν
1307 1598 1394 1651 ῐνα
1439 1594 1611 1650 ἐλθὼν
1640 1591 1878 1663 προσεύ-

302 1706 465 1777 ξηται
510 1702 601 1756 ἐπὶ
647 1699 727 1769 τῷ
804 1696 1078 1768 κορασίῳπ
1117 1693 1304 1749 λοιπὸν
1345 1690 1545 1759 ἐπειδὴ
1585 1688 1877 1753 ἀπέθανεν,

299 1802 567 1871 ἐνόμισαν
615 1794 815 1865 μηκέτι
851 1788 1019 1847 αὑτοῦ
1050 1790 1238 1861 χρείαν
1271 1781 1432 1847 εἶναι.
1465 1783 1553 1837 διὰ
1594 1782 1656 1837 τὸ
1684 1780 1879 1850 τεθνη-

1974 674 2206 745 puellae,
2257 683 2311 727 et
2348 686 2442 727 eos
2484 670 2577 740 qui
2630 682 2755 722 cum
2800 668 2918 738 ipso
2960 677 3137 732 erant,
3167 661 3223 723 et
3263 666 3566 735 ingreditur

1974 784 2039 825 eo
2070 767 2158 822 ubi
2189 765 2373 837 puella
2403 764 2643 834 iacebat,
2682 770 2734 815 et
2772 761 3107 831 apprehensa
3156 756 3317 813 manu
3351 758 3561 829 puellae,

1976 864 2050 917 ait
2071 860 2188 916 illi:
2215 855 2603 921 Talithacumi,
2633 856 2776 923 quod
2800 864 2883 909 est
2907 854 2950 909 si
2976 854 3099 924 quis
3129 853 3520 921 interpretetur
3545 870 3561 907 :

1976 950 2161 1008 Puella
2200 992 2213 1017 ,
2271 950 2368 1004 tibi
2423 950 2586 1010 dico,
2624 961 2806 1017 surge.
2861 944 2941 998 Et'
2980 944 3274 999 confestim
3324 944 3566 999 surrexit

1979 1046 2175 1117 puella,
2205 1052 2259 1099 et
2280 1041 2590 1098 ambulabat
2610 1040 2750 1110 (erat
2775 1038 2920 1094 enim
2939 1052 3206 1092 annorum
3233 1035 3562 1109 duodecim),

1977 1149 2030 1193 et
2077 1140 2477 1207 obstupuerunt
2531 1143 2755 1201 stupore
2790 1144 3010 1201 magno.
3061 1129 3126 1184 Et
3162 1132 3419 1200 praecepit
3459 1130 3565 1184 illis

1977 1221 2332 1286 vehementer
2388 1243 2454 1282 ne
2490 1226 2778 1295 quisquam
2837 1223 2890 1278 id
2941 1223 3146 1287 sciret,
3179 1232 3234 1276 et
3283 1217 3463 1289 jussit
3506 1231 3566 1277 ut

1977 1323 2201 1381 daretur
2250 1320 2326 1375 illi
2385 1318 2528 1389 quod
2585 1318 2794 1372 ederet.
2842 1334 2860 1368 ι
2923 1309 3247 1370 Familiares
3305 1314 3568 1384 principis

1981 1416 2282 1487 Synagogze
2312 1411 2725 1467 arbitrabantur
2759 1409 3039 1465 Christum
3072 1422 3194 1465 esse
3224 1423 3288 1462 ex
3331 1404 3571 1463 domari-

1978 1507 2419 1577 bus‘quemdam,
2464 1512 2747 1575 propterea
2780 1500 3148 1557 obsecrabant
3176 1510 3235 1553 ut
3267 1501 3475 1556 veniret
3516 1509 3571 1554 et

1979 1609 2164 1657 oraret
2218 1611 2382 1667 super
2432 1597 2703 1666 puellam:
2746 1603 2803 1649 et
2841 1595 2967 1665 quia
3014 1592 3129 1661 jam
3164 1602 3374 1648 mortua
3425 1601 3568 1659 eral,

1981 1693 2311 1763 putaverunt
2348 1688 2489 1743 ultra
2522 1688 2642 1759 ipso
2675 1702 2780 1743 non
2800 1682 2950 1757 opus
2982 1701 3121 1753 esse,
3152 1701 3217 1742 eo
3248 1677 3571 1756 quodr'mor-

1985 1795 2073 1839 tua
2102 1791 2265 1839 esset.
2296 1780 2405 1837 Sed
2442 1781 2534 1835 ille
2560 1788 2767 1849 patrem
2804 1781 3030 1846 animat,
3057 1791 3109 1835 ct
3139 1780 3311 1849 inquit
3338 1798 3353 1836 :
3381 1779 3568 1835 Solum

301 1867 459 1945 κέναι
489 1887 679 1955 αὑτήν.
734 1881 876 1935 Ἀλλ’
922 1882 1133 1943 ἐκεῖνος
1185 1875 1447 1948 θαρῤόνει
1497 1873 1591 1926 τὸν
1644 1871 1878 1940 πατέρα,

1988 1874 2167 1931 crede.
2204 1872 2319 1927 Non
2355 1873 2621 1943 permittit
2652 1882 2834 1926 autem
2859 1871 3024 1925 ullum
3050 1871 3215 1925 alium
3248 1881 3371 1925 esse
3401 1872 3572 1926 comi-

301 1983 419 2046 xa‘t,
455 1980 630 2033 Μόνον
656 1976 905 2039 ¹ιιίστευε,
956 1971 1141 2042 φησίν.
1169 1969 1282 2023 Οὐκ
1338 1968 1532 2039 ἀφίησι
1586 1965 1642 2019 δὲ
1692 1962 1880 2017 οὐδένα

300 2075 491 2140 ἕτερον
524 2065 1010 2134 συνακολουθῆσαι,
1046 2065 1094 2115 εί
1130 2064 1216 2153 μη
1253 2060 1379 2123 τοὺς
1417 2060 1571 2128 τρεῖς
1609 2055 1878 2127 μαθητάς.

301 2166 377 2218 Οὐ
410 2165 519 2233 γὰρ
559 2163 623 2232 δὴ
670 2162 697 2213 ὁ
740 2160 998 2221 ταπεινὸς
1036 2146 1240 2226 Ἰησοῦς
1278 2152 1422 2205 θέλει
1460 2149 1596 2221 πρὸς
1626 2146 1881 2212 ἐπίδειξίν

296 2274 353 2309 τι
404 2259 601 2309 ποιεῖν.
652 2254 919 2321 Λέγοντος
974 2250 1029 2303 δέ
1063 2246 1256 2308 αὐτοῦ,
1300 2245 1383 2302 ὅτι
1428 2243 1529 2296 οὐκ
1554 2241 1795 2297 ἀπέθανε
1822 2239 1883 2293 τὸ

302 2349 583 2417 κοράσιον,
636 2344 775 2399 ἀλλά
830 2341 1110 2404 καθεύδει,
1144 2334 1545 2403 καταγελῶσιν,
1586 2333 1661 2395 ῶς
1704 2332 1770 2385 ἂν
1809 2330 1884 2400 μὴ

301 2441 503 2512 ἔχωσιν
559 2438 787 2507 ὕστερον
844 2434 1023 2502 λέγειν
1082 2432 1165 2484 ὅτι
1227 2431 1457 2499 κάτοχος
1504 2425 1741 2494 ἐγένετο.
1790 2422 1883 2477 καὶ

300 2531 460 2585 οὐδὲν
509 2528 825 2599 θαυμαστὸν
856 2528 905 2578 εί
962 2523 1266 2593 ἀνέστησεν
1307 2521 1504 2588 αὐτὴν,
1552 2517 1669 2570 ἀλλ’
1729 2515 1885 2569 αὐτοὶ

308 2622 523 2675 ἑαυτῶν
555 2615 1112 2689 καταμαρτυροῦντες
1149 2612 1505 2681 ἐλέγχωνται,
1563 2608 1638 2670 ὼς
1668 2603 1884 2675 ἀληθῶς

299 2714 631 2781 τεθνηκυῖαν
658 2712 976 2781 ἀνέστησεν,
996 2709 1131 2762 ὅπου
1164 2722 1227 2774 γε
1259 2703 1355 2757 καὶ
1377 2700 1692 2769 κατεγέλων
1715 2694 1884 2751 αὑτοῦ

300 2805 579 2873 λέγοντος,
623 2803 707 2856 ὅτι
750 2802 852 2854 οὐκ
900 2799 1159 2853 ἀπέθανε.
1206 2795 1415 2866 Κρατεῖ
1454 2792 1512 2844 δὲ
1547 2790 1650 2861 τῆς
1677 2786 1882 2860 χειρὸς,

304 2898 397 2951 ἵνα
427 2896 555 2969 ἐνθῇ
584 2874 759 2971 ταύτῂ
790 2892 1043 2964 δύναμιν.
1082 2889 1193 2944 Kal
1225 2888 1445 2942 δίδωσιν
1484 2884 1625 2954 αὐτῇ
1657 2884 1884 2952 φαγεῖν,

302 2991 457 3045 ὼσάν
481 2990 826 3057 πιστώσηται
859 2990 958 3057 τὴν
992 2985 1312 3050 ἀνάστασιν,
1334 2981 1417 3035 ὅτι
1442 2978 1661 3051 ἀληθῶς
1690 2975 1788 3032 καὶ
1821 2974 1885 3031 οὐ

302 3082 452 3139 κατὰ
488 3080 791 3151 φαντασίαν
819 3080 1071 3148 γέγονεν.
1532 3074 1537 3077 ’

908 3178 1287 3256 nunc.

1986 1978 2118 2032 tem,
2179 1979 2342 2037 quam
2405 1972 2514 2018 tres
2570 1962 2891 2032 discipulos.
2956 1960 3140 2027 Neque
3201 1964 3345 2016 cnim
3413 1961 3573 2019 Iesus

1984 2056 2208 2113 humilis
2270 2056 2338 2111 ad
2396 2053 2819 2109 ostentationem
2877 2052 3154 2120 quidpiam
3206 2051 3319 2106 vult
3370 2052 3571 2109 facere.

1985 2149 2210 2205 Dicente
2239 2132 2423 2201 autem
2469 2160 2557 2209 eo,
2585 2142 2705 2198 Non
2734 2153 2948 2197 mortua
2978 2150 3060 2196 est
3092 2141 3287 2211 puella,
3320 2145 3415 2198 sed
3442 2144 3571 2197 dor-

1986 2243 2123 2307 mit,
2175 2239 2464 2294 derident:
2525 2251 2594 2291 ne
2639 2236 2858 2307 possint
2894 2244 3080 2303 postea
3122 2235 3305 2288 dicere
3333 2234 3477 2304 quod
3517 2237 3570 2288 in

1986 2346 2213 2388 excessu
2249 2332 2450 2386 mentis
2477 2339 2726 2396 correpta
2761 2301 2943 2387 fue'rit,
2983 2335 3037 2380 et
3065 2340 3171 2380 non
3214 2301 3379 2379 fuerit
3402 2326 3573 2380 mira-

1988 2423 2169 2479 culum
2195 2435 2315 2476 eam
2345 2420 2654 2476 suscitare:
2686 2418 2780 2472 se‘d
2806 2418 2906 2486 ipsi
2933 2426 3120 2470 contra
3151 2416 3361 2485 seipsos
3383 2418 3569 2471 testari

1990 2517 2428 2579 convincuntur,
2480 2510 2621 2582 quod
2653 2524 2780 2565 vere
2839 2518 3107 2563 mortuam
3182 2508 3569 2565 suscitaverit:

1990 2606 2433 2677 quandoquidem
2469 2601 2920 2658 deriserintenm
2977 2600 3120 2670 quod
3168 2602 3376 2655 diceret
3422 2600 3572 2655 illam

1991 2712 2097 2753 non
2128 2707 2422 2760 mortuam,
2453 2695 2547 2749 sed
2570 2692 2828 2747 dormire.
2849 2688 3067 2743 Manum
3096 2703 3227 2745 vero
3259 2690 3571 2759 apprehen-

1991 2790 2090 2856 dit,
2129 2799 2186 2843 ut
2223 2787 2475 2842 virtutem
2532 2784 2581 2839 ei
2630 2784 2891 2852 impouat.
2924 2781 2992 2835 Et
3032 2780 3187 2850 iubet
3234 2792 3291 2836 ut
3334 2781 3495 2837 detur
3523 2783 3573 2836 ei

1992 2881 2134 2951 quod
2189 2880 2465 2943 comedat,
2516 2891 2623 2946 quo
2686 2876 2889 2931 certius
2936 2875 3193 2930 credatur
3241 2876 3576 2931 resurrectio

1993 2988 2121 3031 vero
2148 2982 2202 3028 et
2234 2987 2340 3029 non
2366 2975 2692 3043 apparenter
2724 2977 2933 3023 tantum
2972 2966 3137 3023 facta.

2603 3169 2833 3228 CAPUT
2881 3168 2965 3225 Vl.

300 3311 449 3381 Περὶ
472 3309 575 3377 τῆς
596 3306 713 3381 τῶν
737 3306 1096 3381 ἀποστόλων·
1112 3300 1584 3381 διατᾼατῆςκηερὶ
1603 3296 1884 3381 ἰωᾴννρυ

1992 3296 2069 3353 De
2126 3292 2311 3381 «ardia
2349 3282 3579 3381 “.P?‘.‘f.’.’°f.""f.:.3533213..f‘ﬁf’f‘iﬁf‘

378 3367 481 3434 καὶ
518 3367 789 3448 Ἡρώδου.
842 3378 981 3445 Περὶ
1018 3375 1152 3448 τῶν(
1178 3367 1600 3448 πέντεςάρτων
1639 3367 1887 3448 παλτῶν

378 3451 506 3507 δύο
532 3438 774 3521 ἰχθύων.
826 3438 966 3516 ηερι
995 3446 1100 3500 τοῦ
1130 3446 1198 3498 ἐν
1232 3443 1515 3508 θαλάσσῃ
1540 3438 1886 3508 περιπάτου.

383 3562 495 3617 Kal
516 3559 737 3631 ἐξῆλθεν
769 3558 1003 3621 ἐκεῖθεν,
1038 3555 1132 3610 καὶ
1167 3550 1331 3625 ἦλθεν
1378 3552 1465 3614 είς
1504 3552 1605 3620 τὴν
1656 3549 1891 3621 πατρίδα

306 3652 506 3714 αὑτοῦ,
540 3649 635 3703 καὶ
662 3646 1051 3703 ἀκολουθοῦσιν
1093 3642 1242 3711 αὐτῷ
1293 3642 1344 3695 ol
1408 3639 1653 3712 μαθηταὶ
1698 3638 1889 3693 αυτοῦ.

305 3741 423 3797 Καὶ
473 3740 769 3809 γενομένου
820 3735 1124 3794 Σαδϐἁτου,
1159 3732 1361 3803 ἦρξατο
1391 3732 1451 3783 ἐν
1492 3734 1557 3800 τῇ
1588 3731 1888 3800 Συναγωγῇ

303 3831 605 3896 διδάσκειν,
637 3831 733 3886 καὶ
781 3827 969 3881 πολλοὶ
1020 3824 1319 3887 ἀκούοντες
1340 3821 1759 3889 ἐξεπλήσσοντο,
1797 3821 1889 3873 λέ-

304 3939 522 3994 γοντες
553 3922 725 3976 Πόθεν
756 3920 930 3990 τούτῳ
971 3919 1179 3982 ταῦτα;
1212 3918 1308 3970 καὶ
1336 3923 1421 3978 τίς
1454 3917 1487 3985 ἡ
1528 3915 1696 3983 σοφία
1729 3914 1763 3985 ή
1795 3914 1889 3965 δο-

308 4016 470 4069 θεῖσα
498 4013 668 4081 αὑτῷ,
700 4013 785 4065 ὅτι
811 4011 906 4063 καὶ
944 4008 1206 4077 δυνάμεις
1242 4003 1495 4058 τοιαῦται
1528 4002 1617 4055 διὰ
1644 4000 1754 4054 τῶν
1780 4016 1892 4069 χει-

307 4107 427 4182 ρῶν
459 4105 627 4161 αὐτοῦ
659 4105 905 4174 γίνονται
937 4118 952 4167 ;
987 4101 1099 4170 Οὐχ
1134 4091 1289 4160 οὗτός
1330 4096 1479 4149 ἐστιν
1522 4095 1551 4148 ὁ
1602 4093 1835 4158 τέκτων,
1862 4091 1892 4143 ὁ

304 4203 429 4265 υίὸς
461 4199 703 4273 Μαρίας,
758 4194 987 4265 ἀδελφὸς
1037 4194 1094 4246 δέ
1140 4190 1423 4253 ’ῐακώδου,
1454 4192 1548 4241 καὶ
1586 4185 1891 4255 Ἰωσῆριαὶ

319 4291 499 4347 Ἰούδα
527 4332 541 4357 ,
597 4289 691 4343 καὶ
736 4287 1011 4358 Σίμωνος;
1054 4285 1164 4338 Καὶ
1222 4282 1322 4335 οὐκ
1367 4280 1505 4335 εἰσὶν
1544 4277 1603 4332 al
1662 4274 1892 4345 ἀδελφαὶ

309 4382 479 4439 αὑτοῦ
506 4377 607 4435 ὦδε
634 4378 769 4450 πρὸς
789 4380 935 4449 ἡμᾶς
958 4394 973 4443 ;
994 4377 1102 4430 Kal
1128 4377 1135 4403 ί
1174 4371 1572 4434 ςκανδαλίζοντο
1598 4372 1655 4421 ἐν
1686 4367 1885 4437 αὐτῷ.»

319 4476 630 4531 Ἐπιῦαίνει
678 4473 779 4542 τῆς
814 4470 1125 4540 πατρίδος,Δ
1168 4484 1217 4520 ικ
1246 4464 1457 4533 ἀγνοῶν
1486 4463 1569 4516 ὃτι
1614 4476 1890 4528 καταφρο-

2061 3367 2289 3437 quinque
2329 3352 2552 3425 panibus
2588 3367 2636 3411 et
2689 3353 2893 3409 duobus
2920 3354 3174 3422 piscibus.
3220 3352 3295 3407 De
3336 3354 3580 3407 ambula.

2065 3434 2205 3489 tione
2231 3449 2392 3501 supra
2417 3445 2583 3483 mare.

2063 3553 2229 3609 Vens.
2263 3550 2382 3605 l-3.
2419 3567 2437 3600 ι
2476 3548 2542 3603 Ει
2586 3560 2841 3618 egressus
2888 3553 2973 3599 est
3003 3543 3171 3609 illinc,
3224 3542 3480 3611 venitque
3524 3543 3584 3599 in

1992 3647 2222 3719 patriam
2280 3657 2476 3705 suam,
2529 3648 2585 3695 et
2641 3647 2943 3708 sequuntur
2994 3652 3119 3691 eum
3171 3635 3425 3705 discipuli
3473 3636 3579 3693 sui.

1993 3740 2238 3806 Cumque
2272 3735 2492 3789 adesset
2542 3728 2880 3792 Sabbatum,
2940 3727 3106 3797 cmpit
3169 3728 3221 3780 in
3294 3725 3582 3798 Synagoga

1993 3832 2210 3896 docere,
2238 3825 2516 3897 'multique
2542 3823 2830 3879 audientes
2862 3820 3265 3887 obstupuerunt
3295 3814 3539 3873 dicentes
3564 3836 3581 3872 :

1994 3924 2149 3980 Unde
2180 3921 2305 3976 huic
2345 3921 2458 3973 haec
2479 3917 2502 3971 ι
2526 3925 2579 3971 et
2608 3929 2729 3986 qua
2758 3922 2845 3969 est
2888 3912 3157 3982 sapientia
3189 3926 3310 3980 quae
3341 3913 3464 3965 data
3499 3920 3587 3966 est

1993 4016 2095 4081 illi,
2131 4013 2260 4083 quia
2311 4019 2364 4067 et
2395 4011 2627 4065 virtutes
2654 4008 2794 4062 tales
2825 4020 2922 4075 per
2958 4019 3152 4059 manus
3184 4005 3304 4074 ejus
3336 4002 3583 4070 efﬁciun-

1996 4106 2126 4163 tur?
2160 4105 2350 4161 Nonne
2374 4104 2463 4157 hic
2492 4110 2576 4157 est
2608 4101 2765 4154 faber
2800 4098 2925 4164 ille,
2967 4095 3113 4151 lilius
3156 4094 3361 4161 Mariae,
3416 4095 3585 4151 frater

1992 4200 2206 4266 Jacobi,
2255 4205 2312 4252 et
2359 4196 2509 4262 Jose,
2558 4202 2613 4250 et
2655 4190 2817 4255 Juda,
2873 4198 2928 4245 et
2974 4188 3258 4245 Simonis?
3308 4187 3495 4243 Nonne
3530 4197 3587 4243 et

1993 4304 2214 4349 sorores
2245 4288 2361 4359 ejus
2391 4286 2479 4343 hic
2526 4283 2813 4339 nobiscum
2858 4280 3033 4338 sunt?
3067 4278 3132 4336 Et
3166 4276 3586 4335 oll'endebantur

1994 4399 2091 4455 per
2144 4396 2291 4437 eum.
2330 4398 2350 4431 ›
2386 4376 2644 4433 Ascendit
2714 4374 2780 4429 ad
2843 4373 3100 4444 patriam,
3152 4386 3260 4427 non
3330 4372 3587 4441 ignorans

1995 4492 2054 4531 se
2067 4482 2435 4543 contemptum
2460 4471 2550 4536 iri,
2573 4470 2668 4524 sed
2692 4482 2757 4521 ne
2781 4466 2835 4521 in
2862 4476 3137 4536 posterum
3159 4466 3339 4518 dicere
3357 4473 3583 4532 queant,

306 4568 569 4639 νήσουσιν
616 4562 806 4629 αὑτοῦ,
847 4559 963 4613 ἀλλ’
997 4559 1084 4612 ἵνα
1126 4558 1200 4628 μὴ
1230 4555 1425 4625 ἔχωσιν
1456 4552 1685 4621 ὕστερον
1711 4551 1884 4619 λέγειν

1996 4570 2053 4625 Si
2086 4573 2344 4634 venisset,
2376 4566 2562 4634 utique
2584 4561 3007 4618 credidissemus
3027 4559 3097 4614 ei.
3134 4557 3587 4630 Reprehendebat

307 4663 424 4725 ὅτι,
458 4658 521 4711 El
556 4652 747 4728 ἦλθεν,
778 4652 1184 4721 ἐπιστεύσαμεν
1230 4650 1295 4703 ἄν
1319 4663 1333 4679 ο
1372 4647 1489 4716 ἅμα
1531 4644 1609 4712 δὲ,
1666 4643 1760 4696 καὶ
1791 4642 1890 4711 τὴν

305 4751 587 4823 φθονερὰν
614 4747 842 4818 γνώμην
896 4744 1077 4799 αὐτῶν
1110 4743 1372 4814 ἐλέγχων.
1431 4740 1561 4793 Δέον
1603 4736 1713 4810 γὰρ
1757 4752 1892 4789 καυ-

306 4822 511 4915 χᾶσθαι
565 4840 765 4911 μᾶλλον
817 4838 909 4891 ἐπὶ
944 4836 1023 4908 τῷ
1076 4835 1264 4906 Κυρίῳ
1288 4875 1302 4898 ,
1337 4832 1413 4897 ὡς
1450 4829 1746 4901 κοσμοῦντι
1792 4822 1892 4896 τὴν

307 4934 493 4991 αὐτῶν
546 4932 785 5004 πατρίδα
843 4930 931 4985 διά
981 4946 1042 4983 τε
1077 4930 1175 4998 τῆς
1212 4923 1565 4986 διδασκαλίας
1616 4920 1715 4974 καὶ
1776 4920 1891 4973 τῶν

308 5027 632 5098 θαυμάτων,
667 5027 716 5078 oi.
749 5022 829 5087 δὲ,
866 5019 1303 5089 ἐξευτελίζουσιν
1348 5016 1511 5071 αὐτὸν
1558 5017 1652 5070 ἐπὶ
1687 5012 1767 5083 τῷ
1799 5028 1895 5065 τα-

311 5118 487 5190 πεινῷ
536 5116 630 5171 τοῦ
687 5116 903 5185 γένους.
940 5109 1213 5165 Τοσοῦτόν
1257 5112 1374 5163 ἐστι
1411 5107 1581 5160 κακὸν
1608 5107 1635 5159 ὁ
1672 5104 1889 5174 φθόνος.

322 5213 637 5268 Ἐπισκοτεῖ
666 5210 777 5281 γὰρ
826 5209 939 5270 τοῖς
996 5205 1221 5274 ἀγαθοῖς
1274 5203 1381 5265 ἀεὶ,
1410 5201 1505 5255 καὶ
1548 5200 1647 5252 οὐκ
1683 5200 1749 5269 ἐᾷ.
1767 5200 1895 5259 τοὺς

308 5304 646 5377 φθονοῦντας
702 5301 877 5355 ταῦτα
928 5300 1075 5353 ἰδεῖν.
1132 5297 1244 5352 Kal
1297 5295 1389 5347 νῦν
1429 5288 1522 5346 οὖν
1565 5290 1771 5353 πολλοὶ,
1820 5289 1895 5351 ὼς

307 5399 595 5467 δυσγενεῖς
634 5412 785 5457 τινας
836 5392 1237 5454 διαϐάλλουσιν,
1285 5386 1468 5452 ἀξίους
1508 5386 1670 5449 ὄντας
1727 5384 1896 5442 τάλλα

309 5493 503 5562 τιμῇς,
539 5488 727 5550 κακῶς
754 5485 1081 5557 φρονοῦντες
1110 5485 1205 5537 xal.
1229 5482 1348 5534 λίαν
1377 5478 1642 5547 ἀγεννῶς.

392 5602 411 5635 ε
444 5581 640 5649 Ἔλεγε
692 5580 747 5633 δὲ
772 5579 955 5641 αὐτοῖς
986 5576 1013 5628 ὁ
1058 5573 1267 5644 Ἰησοῦς
1315 5574 1420 5635 ὅτι,
1455 5570 1569 5623 Οὐκ
1604 5569 1718 5621 ἔστι
1762 5585 1899 5639 προ-

314 5675 497 5746 φήτης
552 5674 769 5741 ἄτιμος,
814 5673 863 5723 εἰ
913 5670 986 5740 μὴ
1026 5669 1086 5720 ἐν
1116 5669 1183 5739 τῇ
1224 5665 1443 5735 πατρίδι
1484 5662 1674 5727 αὑτοῦ,
1704 5661 1801 5715 καὶ
1840 5662 1899 5712 ὲν

308 5772 426 5832 τοῖς
480 5764 795 5837 συγγενέσι,
848 5763 944 5815 καὶ
996 5762 1054 5813 ἐν
1103 5762 1169 5829 τῇ
1203 5757 1353 5827 οἰκία
1410 5757 1599 5809 αὐτοῦ.
1654 5756 1765 5809 Kal
1800 5755 1901 5807 οὐκ

1996 4672 2178 4718 autem
2210 4672 2264 4716 et
2290 4660 2530 4715 invidam
2560 4657 2774 4711 illorum
2800 4662 3037 4707 mentem
3094 4650 3255 4723 199
3284 4648 3586 4718 Oportebat

1996 4770 2126 4814 sane
2150 4755 2321 4825 magis
2346 4750 2565 4825 gloriari
2594 4752 2663 4804 de
2684 4746 2936 4812 Domino,
2963 4744 3053 4813 qui
3083 4744 3324 4811 ipsorum
3349 4741 3579 4811 patriam

1997 4853 2069 4907 ita
2119 4858 2342 4905 ornaret
2400 4854 2455 4901 et
2501 4842 2749 4901 doctrina
2793 4852 2849 4897 et
2890 4832 3172 4895 miraculis
3216 4852 3232 4891 :
3283 4836 3432 4906 atqui
3483 4834 3583 4905 ipsi

1996 4947 2364 5014 despexerunt
2415 4938 2567 4997 illum
2615 4938 2686 4991 ob
2741 4933 3101 4990 humilitatem
3164 4929 3416 4999 generis:
3475 4937 3585 4988 tam

1998 5046 2153 5092 atrox
2204 5032 2403 5086 malum
2450 5039 2533 5084 est
2582 5026 2804 5083 invidia.
2860 5021 3089 5092 Semper
3134 5021 3281 5076 enim
3326 5020 3586 5075 obscurat

1998 5128 2162 5187 bona,
2196 5139 2298 5179 nec
2329 5123 2414 5177 illa
2448 5121 2516 5177 ab
2540 5118 2739 5174 invidis
2769 5115 2937 5171 videri
2968 5114 3115 5170 sinit.
3155 5112 3221 5166 Et
3250 5125 3392 5165 nunc
3432 5107 3589 5165 multi

2000 5219 2265 5289 quosdam
2295 5215 2449 5285 quasi
2488 5211 2755 5284 ignobiles
2785 5215 3041 5280 arguunt,
3084 5211 3174 5275 qui
3224 5215 3404 5257 tamen
3437 5200 3589 5260 οιιιιιὶ

2000 5313 2206 5366 honore
2235 5308 2383 5379 digni
2412 5318 2563 5371 sunt,
2603 5304 2693 5375 qui
2722 5318 2852 5360 sane
2888 5300 3032 5357 haud
3061 5300 3200 5354 bene
3227 5297 3495 5362 sentiunt,
3532 5304 3590 5351 et

2000 5404 2315 5472 neutiquam
2343 5413 2625 5471 generose.

2074 5564 2241 5618 Vens.
2277 5560 2394 5615 4-6.
2434 5576 2452 5609 ι
2492 5553 2717 5613 Dicebat
2754 5562 2932 5607 autent
2976 5549 3081 5605 illis
3116 5549 3314 5604 Jesus:
3351 5545 3465 5600 Non
3508 5553 3592 5598 est

2003 5664 2348 5725 contemptus
2385 5650 2642 5720 propheta
2695 5647 2799 5700 nisi
2855 5644 2909 5697 in
2964 5644 3135 5711 patria
3186 5656 3301 5704 sua,
3348 5649 3402 5693 et
3450 5639 3592 5691 inter

2008 5758 2291 5820 cognatos,
2323 5756 2377 5800 et
2413 5746 2461 5799 iu
2493 5742 2699 5797 familia
2735 5754 2852 5793 sua.
2881 5736 2946 5791 Et
2977 5752 3081 5790 non
3115 5743 3322 5803 poterat
3360 5731 3429 5783 ibi
3481 5731 3597 5782 vir-

308 5820 693 5927 i.du'vato’éitsi
723 5820 980 5923 οὐδεμίαν
1007 5820 1239 5919 δύναμιν
1258 5820 1504 5917 ποιῆσαι,
1525 5848 1571 5898 εί
1605 5845 1680 5913 μὴ
1700 5845 1884 5910 ὀλίγοις

2008 5851 2178 5899 tutem
2241 5838 2404 5892 ullam
2464 5836 2669 5895 cdere,
2729 5829 2835 5886 nisi
2886 5832 3030 5891 quod
3087 5839 3288 5884 paucos
3347 5820 3594 5880 inlitmos
