4108 6334
625 360 727 431 551

1542 361 2121 423 THEOPHYLACTI
2157 362 2569 425 BULGARlﬂ
2610 365 2964 427 AR'CHIEP.

3753 374 3855 437 552

619 474 934 541 occidisset,
986 472 1294 552 suspicatus
1319 479 1404 525 est
1450 472 1593 542 quod
1622 471 1949 526 surrexisset
1977 483 2006 523 a
2042 484 2173 524 mor-

2292 472 2474 543 μάτην
2534 473 2714 527 ἀνεῖλε
2776 474 2870 527 τὸν
2902 472 3186 541 Ἰωάννην,
3224 474 3490 531 ὑπέλαϐεν
3525 476 3607 531 ὅτι
3658 481 3856 557 ἀνέστη

623 568 750 632 tuis,
774 575 829 621 et
850 581 946 636 per
970 554 1420 621 resurrectionem
1442 564 1499 617 in
1528 578 1584 618 se
1610 564 1861 617 virtutem
1883 564 2181 631 acceptiset

622 656 879 724 onerandi
938 654 1212 709 miracula.
1271 654 1506 709 Joannes
1560 656 1701 709 enim
1755 653 1907 723 prius
1973 652 2179 708 nullum

625 747 937 810 miraculum
972 744 1213 808 fecerat;
1246 744 1489 799 Herodes
1524 756 1700 799 autem
1731 745 1955 814 putabat
1998 744 2181 814 signo-

624 854 743 893 rum
764 837 1127 907 sperationem
1162 838 1209 891 ei
1242 852 1305 891 ex
1344 837 1755 892 resurrectionis
1784 838 1983 890 virtute
2014 839 2179 891 adve-

623 933 785 986 nisse.
815 933 883 985 At
916 931 1004 984 alii
1034 930 1303 993 dicebant,
1340 930 1480 983 Elias
1504 940 1586 984 est
1614 948 1626 985 :
1662 929 2008 999 reprehendit
2038 929 2186 991 enim,

622 1024 838 1087 multos,
870 1033 925 1077 ut
959 1040 1077 1075 cum
1118 1022 1343 1083 diceret.
1376 1020 1420 1076 Ο
1452 1021 1720 1075 incredula
1771 1022 1957 1075 natio!
2002 1021 2178 1075 Hero-

622 1115 714 1167 dcs
738 1124 911 1167 autem
940 1114 1155 1168 timebat
1187 1130 1203 1167 :
1233 1114 1363 1168 adeo
1391 1115 1551 1169 miser
1575 1124 1709 1181 erat,
1739 1124 1796 1168 ut
1823 1125 1879 1169 et
1911 1124 2178 1167 mortuum

620 1207 850 1260 timeret.

694 1298 853 1353 Vens.
893 1298 956 1350 l7
988 1298 1076 1351 20.
1113 1298 1245 1352 Nam
1278 1297 1389 1367 ipse
1418 1297 1690 1361 Herodes,
1724 1296 2179 1351 niissis‘satelliti-

622 1391 740 1449 bus.
774 1407 963 1448 manus
995 1392 1245 1459 injecerat
1276 1391 1326 1444 in
1360 1391 1515 1461 201
1547 1389 1828 1451 Joannem,
1851 1396 1904 1443 et
1933 1390 2178 1442 vinxerat

621 1494 742 1534 eum
777 1480 829 1533 in
875 1493 1093 1534 carcere
1124 1488 1342 1548 propter
1378 1480 1736 1536 Herodiadem
1772 1494 1995 1533 uxorem
2047 1477 2177 1532 Plii-

622 1571 746 1641 lippi
786 1570 966 1625 fratris
1002 1572 1107 1635 sui,
1140 1573 1264 1640 quia
1294 1572 1517 1626 duxerat
1541 1588 1657 1626 eam
1682 1587 1924 1629 uxorem.
1959 1571 2177 1625 Dicebat

622 1663 763 1717 enim
790 1660 1028 1718 Joannes
1054 1661 1249 1718 Herodi
1275 1681 1288 1717 :
1322 1662 1437 1718 Non
1465 1664 1589 1717 licet
1611 1663 1704 1717 tibi
1727 1662 1925 1717 habere
1954 1677 2174 1716 uxorem

622 1755 808 1821 fratris
857 1758 953 1811 tui.
1008 1754 1270 1812 llerodias
1302 1765 1479 1811 autem
1512 1756 1867 1811 insidiabatur
1899 1756 1994 1822 illi,
2028 1756 2177 1811 vole-

2291 562 2355 613 ἑκ
2388 562 2617 631 νεκρῶν,
2673 564 2767 615 καὶ
2810 564 2874 615 ὲκ
2912 562 3397 632 τῆςιάναστάσεως
3450 570 3761 639 προσέλαϐε
3804 577 3860 631 τὸ

2291 649 2750 723 θαυματουργεῐν.
2776 656 3051 727 Πρότερον
3078 657 3188 727 γὰρ
3226 661 3255 712 6
3290 659 3540 731 Ἰωάννης
3584 662 3739 717 οὐδὲν
3766 681 3857 736 ση-

2291 747 2441 815 μεῖον
2476 745 2730 815 ἐποίησεν
2750 764 2766 778 °
2802 748 2907 801 ἀπὸ
2937 748 2993 801 δὲ
3046 750 3144 820 τῆς
3176 749 3527 817 ἀναστάσεως
3555 756 3806 825 ὲνὸμισεν
3828 760 3855 811 6

2298 834 2542 907 Ἡρώδης
2570 838 2901 907 προσλαϐεῖν
2943 840 3107 894 αὐτὸν
3137 840 3246 894 τῶν
3280 845 3525 911 σημείων
3558 847 3660 918 τὴν
3693 850 3855 916 ἔργα·

2289 927 2428 982 σίαν.
2455 927 2637 981 Ἄλλοι
2668 929 2725 982 δὲ
2760 930 2946 997 ελεγον
2974 932 3059 984 ὅτι
3107 931 3293 996 Ἠλίας
3321 934 3495 987 ἐστίν’
3520 938 3717 1007 ῆλεγχε
3750 941 3854 1010 γὰρ

2286 1019 2409 1081 τοὺς
2447 1019 2694 1082 πολλοὺς,
2737 1020 2812 1083 ὡς
2859 1022 2987 1074 ὅταν
3028 1022 3237 1091 ἔλεγεν,
3276 1024 3339 1075 Ὢ
3394 1028 3553 1092 γενεά
3591 1029 3851 1094 ἀπιστοςι

2296 1110 2541 1180 Ἡρώδης
2583 1111 2639 1167 δὲ
2681 1111 2916 1165 δέδοικεν
2942 1127 2957 1145 ο
2984 1114 3156 1178 οὕτως
3173 1111 3268 1169 οὖν
3306 1116 3558 1182 ἐλεεινὸς,
3592 1120 3736 1175 ὥστε
3765 1124 3855 1175 τὸν

2286 1202 2476 1272 νεκρὸν
2506 1203 2809 1272 φοϐεῖσθαι.

2361 1308 2379 1343 ι
2412 1295 2583 1355 Αὐτὸς
2613 1295 2722 1367 γὰρ
2747 1298 2774 1349 6
2809 1297 3072 1369 Ἡρώδης,
3096 1300 3439 1363 ἀποστείλας
3459 1301 3735 1371 ἐκράτησε
3766 1303 3855 1358 τὸν

2298 1383 2552 1456 Ἰωάννην
2591 1426 2605 1450 ,
2648 1390 2740 1442 καὶ
2793 1390 2977 1460 ἔδησεν
3015 1392 3176 1446 αὐτὸν
3207 1394 3269 1447 ἒν
3308 1395 3520 1464 φυλακῇ
3552 1395 3639 1449 διὰ
3678 1396 3853 1466 Ἡρω-

2284 1473 2439 1530 διάδα
2465 1478 2567 1549 τὴν
2593 1484 2824 1548 γυναῖκα
2855 1483 3120 1537 Φιλίππου
3162 1486 3253 1538 τοῦ
3283 1486 3511 1555 ἀδελφοῦ
3550 1488 3740 1551 αὐτοῦ,
3770 1490 3850 1543 ὅτι

2284 1570 2453 1639 αὐτὴν
2480 1574 2783 1644 ἐγάμησεν.
2828 1578 3021 1647 Ἔλεγε
3045 1580 3153 1649 γὰρ
3179 1582 3208 1633 6
3242 1582 3494 1653 Ἰωάννης
3526 1582 3603 1652 τῷ
3638 1583 3851 1653 Ἡρώδῃ

2282 1660 2387 1728 ὅτι,
2423 1663 2533 1717 Οὐκ
2561 1664 2737 1727 ἔξεστί
2777 1684 2858 1721 σοι
2888 1668 3029 1739 ἔχειν
3068 1672 3168 1739 τὴν
3199 1676 3430 1740 γυναῖκα
3483 1674 3578 1727 τοῦ
3619 1675 3849 1744 ἀδελφοῦ

2287 1770 2401 1805 σου.
2438 1756 2499 1807 Ἡ
2522 1755 2577 1807 δὲ
2612 1758 2876 1828 Ἡρωδιὰς
2912 1762 3116 1831 ἐνεῖχεν
3142 1764 3314 1831 αὐτῷ,
3340 1766 3433 1817 καὶ
3471 1764 3662 1835 ἤθελεν
3686 1768 3849 1821 αὐτὸν

622 1849 820 1927 bstque
849 1849 1097 1905 occidere
1138 1864 1280 1914 eum,
1331 1864 1430 1903 nec
1478 1857 1709 1918 poterat.
1762 1848 2001 1905 Herodes
2034 1849 2173 1902 enim

2285 1846 2626 1911 ἀποκτεῖναι,
2656 1851 2752 1901 καὶ
2783 1850 2880 1902 οὐκ
2918 1829 3157 1904 ἐδύνατο.
3204 1829 3272 1904 Ὀ-
3299 1853 3408 1922 γὰρ
3453 1829 3699 1924 Ἡρώδης
3727 1842 3850 1923 ὲφει-

624 1944 899 1996 metuebat
932 1941 1217 2007 Joannem,
1254 1943 1432 1997 sciens
1473 1957 1593 1996 eum
1648 1943 1819 1996 virum
1857 1941 2061 2007 justum
2114 1956 2178 1995 ac

623 2044 863 2088 sanctum
884 2072 900 2098 ,
952 2045 1005 2087 et
1037 2034 1353 2088 observabat
1388 2048 1534 2097 eum,
1568 2033 1855 2099 auditoque
1885 2048 1970 2098 eo,
2008 2033 2177 2087 multa

625 2124 871 2190 faciebat,
914 2134 967 2181 et
1001 2123 1230 2178 libenter
1259 2139 1383 2180 eum
1414 2124 1685 2178 audiebat.
1724 2140 1741 2173 ι
1772 2122 2049 2177 lnterserit
2074 2126 2175 2179 hoc

622 2215 741 2270 loco
775 2214 985 2271 Marcus
1023 2217 1388 2270 narrationem
1441 2215 1505 2269 de
1539 2222 1710 2269 morte
1740 2210 1961 2269 Joannis
1989 2215 2175 2284 Bapti-

624 2319 741 2372 δικ,
772 2308 1056 2362 occasione
1087 2318 1323 2377 sumpta.
1359 2308 1554 2361 Dicunt
1581 2318 1761 2362 autem
1791 2308 2008 2376 quidam
2036 2308 2175 2377 quod

626 2399 863 2455 Herodes
911 2401 1151 2469 rapuerit
1181 2399 1534 2453 Herodiadem
1554 2439 1566 2462 ,
1596 2400 1805 2453 vivente
1834 2398 2095 2469 Philippo,
2124 2406 2179 2452 et

623 2490 764 2557 quod
796 2489 1154 2558 reprehensus
1189 2488 1348 2542 fuerit
1372 2496 1427 2541 ut
1461 2488 1863 2558 praevaricator,
1887 2488 1974 2556 qui
2008 2488 2177 2541 abdu-

624 2582 763 2636 xerit
818 2582 1046 2635 viventis
1102 2580 1282 2634 fratris
1342 2593 1604 2646 uxorem;
1666 2582 1751 2635 alii
1808 2590 1986 2635 autem
2035 2581 2174 2648 quod

624 2680 866 2725 mortuus
900 2654 1115 2741 quidem
1162 2670 1325 2725 fuerit
1355 2670 1655 2743 Philippus,
1693 2671 1969 2740 reliquerit
1998 2679 2175 2725 autem

624 2760 875 2816 filiolam:
931 2770 982 2816 et
1033 2774 1153 2820 cum
1206 2762 1368 2817 tiliam
1427 2764 1740 2833 reliquerit,
1798 2777 1904 2817 non
1954 2762 2178 2817 debebat

624 2851 862 2907 Herodes
890 2867 1109 2908 uxorem
1142 2852 1327 2909 fratris
1359 2853 1560 2909 ducere
1590 2856 1751 2909 etiam
1776 2864 1895 2923 post
1924 2862 2172 2908 mortem.

626 2940 731 2998 Lex
785 2944 927 2997 enim
980 2954 1107 2999 tunc
1163 2943 1388 3015 jubebat
1441 2944 1661 3001 fratrem
1716 2945 1899 3002 fratris
1953 2959 2173 3000 uxorem

623 3036 816 3089 ducere
836 3034 905 3098 ⁸¹,
942 3050 1063 3088 cum
1109 3050 1213 3090 non
1270 3045 1573 3104 superesset
1608 3049 1772 3104 puer:
1826 3051 1965 3090 nunc
1997 3045 2176 3089 autem

2280 1934 2425 1988 ὅεῐτο
2476 1936 2565 1989 τὸν
2607 1940 2881 2009 Ἰωάννην,
2917 1942 3075 2005 εἰδὼς
3118 1942 3278 1997 αὑτὸν
3318 1944 3481 2014 ἄνδρα
3517 1945 3723 1998 δέκαιον
3758 1949 3848 2001 καὶ

2280 2027 2452 2094 ἅγιον,
2491 2030 2582 2083 καὶ
2609 2032 2891 2100 συνετήρει
2912 2034 3091 2097 αὑτὸν,
3122 2037 3214 2088 καὶ
3242 2038 3478 2098 ἀκούσας
3503 2040 3689 2101 αὑτοῦ,
3726 2041 3852 2093 πολ-

2278 2119 2344 2171 λὰ
2374 2123 2568 2186 ἐποίει,
2616 2126 2710 2176 καὶ
2740 2125 2908 2194 ἡδέως
2944 2126 3106 2180 αὑτοῦ
3133 2128 3348 2198 ῆκουεν.
3392 2148 3410 2180 ι
3454 2132 3847 2204 Παρεντίθησιν

2278 2209 2515 2263 ενταῦθα
2541 2212 2637 2280 τὴν
2673 2216 2800 2283 περὶ
2828 2214 2921 2277 τοῦ
2962 2215 3196 2269 Θανάτου
3262 2216 3355 2269 τοῦ
3402 2218 3707 2273 Βαπτιστοῦ
3772 2223 3848 2276 δι-

2282 2303 2480 2372 ήγησιν
2537 2305 2564 2356 6
2608 2305 2833 2375 Μάρκος
2861 2346 2875 2371 ,
2908 2308 3164 2381 ἀφορμῆς
3217 2309 3572 2381 δραξάμενος.
3632 2315 3742 2385 τὴν
3790 2316 3845 2369 δὲ

2292 2392 2350 2445 'H
2363 2394 2615 2462 ρωδίαδα,
2650 2399 2697 2449 οί
2728 2400 2847 2467 μὲν,
2880 2398 3081 2463 ζῶντος
3105 2402 3196 2455 τοῦ
3225 2404 3495 2457 Φιλίππου
3524 2406 3689 2474 φασὶν
3710 2409 3845 2461 ἀπο-

2278 2487 2482 2540 σπάσαι
2534 2488 2624 2543 τὸν
2665 2489 2955 2562 Ἡρώδην,
3012 2495 3105 2553 καὶ
3153 2496 3239 2551 διὰ
3298 2498 3457 2559 τοῦτο
3529 2499 3843 2568 ἐλέγχεσθαι

2277 2578 2437 2631 αὑτὸν
2464 2579 2538 2642 ὡς
2573 2584 3017 2654 παρανομοῦντα,
3051 2586 3143 2639 τοῦ
3191 2589 3391 2653 ζῶντος
3433 2590 3662 2658 ἀδελφοῦ
3711 2592 3843 2644 ἀπο-

2278 2669 2584 2738 ζευγνύντα
2609 2674 2707 2742 τὴν
2742 2678 2974 2743 γυναῖκα
3004 2694 3019 2708 ο
3073 2680 3121 2731 oi
3159 2678 3248 2745 δὲ,
3278 2682 3357 2733 ὅτι
3402 2681 3635 2735 ἀπέθανε
3688 2682 3787 2753 μὲν
3817 2685 3842 2735 6

2276 2762 2560 2829 Φίλιππος,
2617 2766 2757 2836 πλὴν
2810 2768 2902 2820 ἐπὶ
2936 2769 3165 2840 Θυγατρί
3194 2790 3206 2802 ·
3245 2771 3509 2843 θυγατρὸς
3565 2773 3622 2826 δὲ
3657 2774 3837 2844 οὔσης,

2278 2854 2379 2907 οὐκ
2427 2856 2536 2908 ἔδει
2592 2856 2683 2910 τὸν
2724 2858 2969 2929 Ἡρώδην
3019 2862 3118 2932 τὴν
3178 2868 3416 2930 γυναῖκα
3468 2863 3564 2918 τοῦ
3612 2865 3839 2933 ἀδελφοῦ

2276 2947 2548 3017 γαμῆσαι,
2591 2950 2712 3002 οὐδὲ
2774 2954 2911 3021 μετά
2949 2953 3196 3012 θάνατον.
3244 2956 3300 3008 Ὀ
3343 2957 3452 3027 γὰρ
3506 2958 3671 3027 νόμος
3721 2960 3838 3011 τότε

2278 3039 2493 3092 ἐκέλευε
2527 3041 2617 3093 τὸν
2648 3041 2877 3111 ἀδελφὸν
2912 3045 3009 3114 τὴν
3041 3044 3133 3099 τοῦ
3180 3046 3407 3118 ἀδελφοῦ
3436 3053 3671 3116 γυναῖκα
3710 3050 3841 3121 λαμ-

624 3122 698 3175 illi
728 3132 844 3177 erat
876 3124 979 3177 filia
1006 3141 1021 3179 :
1054 3124 1342 3195 illegitima:
1392 3126 1559 3197 igitur
1600 3136 1754 3180 erant
1797 3128 2014 3198 nuptiae.
2043 3128 2173 3182 Vide

2282 3130 2486 3216 δάνειν,
2515 3134 2602 3186 ὅτε
2643 3133 2715 3205 μὴ
2745 3135 2888 3206 ὑπῆν
2939 3138 3153 3190 παιδίον
3203 3157 3215 3169 ·
3257 3140 3489 3193 ἐνταῦθα
3521 3141 3577 3194 δὲ
3598 3143 3839 3212 ὑπῆρχεν

624 3224 801 3269 autem
828 3215 951 3285 quid
979 3215 1139 3270 faciat
1163 3218 1361 3272 amoris
1388 3218 1586 3284 rabies,
1611 3226 1662 3274 et
1685 3228 1944 3287 quantum
1975 3218 2169 3273 valeat.

622 3305 760 3360 Ecce
786 3308 927 3361 enim
956 3307 1194 3365 Herodes
1222 3307 1506 3374 JOannem,
1529 3326 1685 3380 quem
1713 3312 1765 3365 in
1795 3321 1942 3366 tanto
1970 3312 2175 3368 honore

622 3405 676 3450 et
735 3400 1031 3453 reverentia
1090 3398 1458 3469 observabat,
1519 3411 1577 3456 ut
1628 3400 1834 3457 libidini
1918 3401 2173 3468 satisfiat,

620 3489 934 3543 contemnit.

690 3664 1056 3722 “3331-29.
1095 3684 1114 3719 ι
1149 3665 1215 3721 Et
1240 3682 1358 3722 cum
1386 3669 1497 3725 dies
1514 3679 1843 3741 opportunus
1869 3675 2171 3745 accidisset,

620 3770 740 3811 cum
778 3756 1011 3814 Herodes
1040 3759 1094 3813 in
1120 3761 1374 3816 natalitiis
1401 3776 1605 3816 caenam
1634 3763 1831 3819 faceret
1854 3767 2176 3836 primatibus

622 3862 682 3903 ac
724 3849 953 3904 tribunis
980 3852 1387 3926 etprima’ribus
1420 3853 1667 3922 Galilaeae,
1708 3870 1934 3926 cumque
1964 3860 2177 3914 introis-

620 3949 702 3994 set
732 3940 835 3992 lilia
867 3925 1392 4008 ipsius'ilerodiadis,
1432 3960 1495 3999 ac
1535 3946 1803 4013 saltasset,
1850 3925 2174 4017 placuisset-

618 4045 720 4100 que
751 4031 965 4099 Herodi,
1002 4050 1064 4090 ac
1085 4035 1239 4090 simul
1268 4040 1723 4106 accumbentibus,
1745 4056 1834 4095 rex
1852 4043 1924 4096 ait
1944 4043 2168 4112 puellae:

619 4118 746 4175 Pete
774 4137 803 4175 a
836 4136 919 4177 me
949 4125 1089 4193 quod
1132 4126 1234 4191 vis,
1267 4136 1322 4181 et
1378 4128 1517 4182 dabo
1568 4128 1682 4182 tibi.
1728 4128 1793 4183 Et
1834 4131 2035 4199 juravit
2073 4133 2171 4199 illi,

618 4208 885 4279 Quidquid
908 4226 937 4264 a
966 4227 1049 4266 me
1073 4215 1310 4282 petieris,
1336 4217 1471 4271 dabo
1500 4218 1592 4271 tibi
1618 4233 1785 4289 usque
1808 4221 1871 4274 ad
1895 4221 2171 4277 dimidium

614 4298 765 4368 regni
816 4300 939 4356 mei.
986 4300 1054 4354 At
1103 4301 1192 4356 illa
1218 4318 1427 4372 egressa
1472 4305 1606 4359 dixit
1647 4306 1805 4363 matri
1838 4320 1948 4362 sua
1987 4324 2000 4363 :
2035 4307 2173 4383 Quid

2282 3224 2313 3291 ἡ
2344 3223 2608 3295 θυγάτηρ,
2646 3228 2961 3297 παράνομος
2989 3230 3095 3296 ἄρα
3128 3232 3155 3282 6
3187 3230 3386 3299 γάμος.
3426 3233 3565 3303 Ὅρα
3594 3234 3651 3286 δὲ
3681 3235 3838 3288 πόσον

2284 3316 2456 3386 ἰσχύει
2486 3320 2519 3389 ὴ
2556 3319 2725 3373 λύσσα
2769 3321 2865 3374 τοῦ
2901 3323 3120 3392 ἔρωτος,
3157 3322 3297 3376 ὥστε
3339 3327 3552 3379 καὶτὸν
3596 3327 3837 3399 Ἡρώδην

2277 3409 2549 3478 τοσαύτην
2568 3412 2702 3465 αίδῶ
2736 3415 2832 3467 καὶ
2865 3414 3030 3484 φόϐον
3058 3417 3196 3486 πρὸς
3212 3416 3305 3470 τὸν
3344 3418 3601 3490 Ἰωάννην
3621 3420 3837 3492 ἔχοντα,

2275 3503 2683 3573 καταφρονῆσαι
2748 3505 2955 3572 τούτου,
3019 3508 3156 3578 πρὸς
3203 3507 3264 3562 τὸ
3312 3508 3650 3580 θεραπεῦσαι
3682 3515 3839 3584 μόνον

2274 3587 2593 3647 ἀκολασίαν.

2353 3698 2370 3731 t
2407 3684 2512 3735 Kal.
2538 3686 2835 3757 γενομένης
2881 3688 3093 3758 ἡμέρας
3143 3690 3424 3762 εὐκαίρου,
3461 3693 3551 3747 ὅτε
3591 3694 3834 3768 Ἡρώδης

2276 3771 2386 3830 τοῖς
2414 3772 2678 3837 γενεσίοις
2704 3774 2869 3827 αὑτοῦ
2902 3777 3116 3830 δεῖπνον
3159 3778 3332 3831 ἐποίει
3370 3782 3480 3840 τοῖς
3513 3785 3840 3849 μεγιστᾶσιν

2276 3862 2460 3926 αὑτοῦ,
2492 3863 2584 3915 καὶ
2616 3866 2727 3926 τοῖς
2758 3865 3058 3937 χιλιάρχοις
3089 3871 3182 3923 καὶ
3210 3872 3322 3933 τοῖς
3351 3872 3586 3939 πρώτοις
3611 3872 3713 3942 τῆς
3738 3876 3777 3927 Γ
3780 3893 3841 3928 αν

2280 3951 2489 4015 λιλαίας
2522 3972 2536 3987 υ
2576 3956 2667 4008 κα)⁵
2709 3957 3053 4029 εἰσελθούσης
3082 3959 3181 4029 τῆς
3214 3960 3481 4032 Θυγατρὸς
3541 3965 3711 4035 αὐτῆς
3746 3967 3841 4036 τῆς

2288 4040 2635 4113 Ἡρωδιάδος,
2686 4047 2781 4105 καὶ
2837 4049 3219 4120 ὀρχησαμένης
3286 4054 3377 4106 καὶ
3427 4056 3705 4127 ἀρεσάσης
3764 4057 3842 4128 τῷ

2286 4134 2519 4208 Ἡρώδῃ,
2551 4138 2645 4192 καὶ
2666 4141 2778 4202 τοῖς
2814 4144 3316 4213 συνανακειμένοις,
3344 4142 3497 4198 εἶπεν
3527 4148 3555 4199 6
3587 4148 3840 4217 βασιλεὺς

2273 4225 2350 4297 τῷ
2380 4230 2649 4299 κορασίῳυ
2685 4230 2918 4301 Αἴτησόν
2956 4250 3022 4303 με
3060 4234 3088 4287 δ
3114 4237 3209 4288 εάν
3230 4236 3407 4310 θέλῃς,
3426 4239 3519 4290 καὶ
3550 4239 3705 4293 δώσω
3736 4257 3837 4297 σοι.

2272 4316 2381 4369 Καὶ
2407 4315 2618 4387 ὤμοσεν
2647 4320 2782 4391 αὐτῇ
2806 4322 2914 4387 ὅτι,
2958 4326 3021 4378 '0
3053 4326 3146 4379 ὲάν
3182 4344 3250 4397 με
3291 4330 3523 4402 αἰτήσῃς
3552 4330 3712 4385 δώσω
3735 4348 3839 4399 σοι,

615 4390 828 4459 petam?
864 4389 953 4445 Illa
1009 4406 1137 4449 vero
1164 4394 1297 4448 dixit
1326 4412 1339 4449 :
1365 4395 1533 4465 Caput
1561 4394 1781 4458 Joannis
1802 4396 2075 4469 Baptistae.
2105 4398 2173 4459 Et

2280 4404 2381 4470 ἕως
2409 4410 2640 4478 ἡμίσους
2663 4389 3064 4482 τῆςηβασιλείας
3088 4389 3213 4486 μου.
3247 4418 3312 4472 Ἦ
3341 4389 3417 4486 δὲ,
3444 4389 3739 4485 ἐξελθοῦσα
3764 4389 3840 4477 ei:

615 4480 852 4560 ingressa
890 4484 1068 4541 statim
1102 4500 1221 4539 cum
1250 4487 1590 4546 festinatione
1622 4489 1687 4543 ad
1733 4506 1933 4561 regem,
1985 4493 2172 4563 petivit

2280 4515 2343 4551 πε
2368 4504 2433 4573 τῇ
2472 4503 2637 4572 μητρὶ
2667 4480 2858 4574 αὗτῆς,
2882 4505 2948 4560 Τί
2977 4480 3306 4578 αίτιέσομαις
3352 4480 3415 4564 Ἡ
3445 4480 3502 4565 δέ
3534 4508 3658 4567 εἶπε
3680 4532 3694 4548 ·
3730 4514 3840 4587 Τὴν

613 4574 794 4627 dicens
831 4590 844 4635 ;
875 4575 1003 4629 Volo
1056 4588 1111 4629 ut
1166 4580 1407 4645 protinus
1453 4582 1545 4635 des
1568 4581 1699 4636 mibi
1739 4584 1790 4637 in
1824 4582 1977 4639 lance
2003 4595 2166 4654 caput

2280 4591 2520 4659 κεφαλὴν
2557 4593 2803 4649 Ἰωάννου
2856 4598 2951 4651 τοῦ
2981 4574 3313 4657 Βαπτιστοῦ.
3351 4603 3467 4657 Καὶ
3516 4574 3839 4663 εἰσελθοῦσα

614 4659 836 4716 Joannis
881 4660 1155 4729 Baptistae.
1190 4665 1253 4716 Et
1291 4667 1474 4722 dolore
1526 4667 1745 4730 aﬂectus
1790 4686 1904 4738 rex,
1952 4683 2167 4743 pr0pter

610 4751 1005 4822 jusjurandum,
1036 4769 1233 4825 eosque
1262 4758 1349 4825 qui
1386 4759 1543 4812 simul
1566 4764 1970 4831 accumbebant,
1998 4768 2167 4822 noluit

613 4854 730 4895 eam
784 4842 1031 4918 rejicere.
1066 4846 1132 4901 Et
1156 4848 1438 4903 confestim
1472 4865 1581 4917 rex,
1614 4853 1778 4907 misso
1820 4854 2163 4922 spiculatorc,

609 4932 768 5001 jussit
801 4934 981 4997 inferri
1011 4947 1168 5007 caput
1191 4938 1328 5009 ejus.
1372 4941 1439 4995 At
1468 4940 1551 4993 ille
1592 4942 1742 5010 abiit,
1771 4959 1832 4999 ac
1892 4947 2173 5002 decollavit

612 5037 731 5078 eum
782 5025 837 5078 in
876 5042 1111 5092 carcere,
1160 5038 1213 5083 et
1270 5032 1445 5086 attulit
1493 5046 1651 5102 caput
1688 5035 1879 5102 ejusin
1918 5038 2089 5102 lance,
2120 5048 2172 5092 et

613 5116 757 5170 dedit
783 5118 910 5171 illud
946 5120 1152 5189 puellm,
1183 5133 1235 5175 et
1263 5124 1431 5191 puella
1487 5126 1629 5179 dedit
1673 5125 1796 5179 i-lltnl
1833 5129 1985 5180 matri
2032 5146 2165 5183 sum.

615 5207 730 5271 Quo
783 5210 983 5278 audito,
1024 5213 1269 5281 discipuli
1305 5216 1419 5283 ejus
1456 5226 1711 5271 venerunt
1760 5229 1809 5271 et
1837 5222 2170 5275 sustulerunt

614 5300 843 5354 cadaver
881 5302 1016 5369 eius,
1069 5308 1617 5373 posueruntqueillud
1652 5310 1702 5361 in
1736 5322 2097 5364 monumento.
2144 5333 2161 5364 ι

613 5386 924 5447 Convivium
970 5392 1291 5447 celebratur.
1339 5394 1509 5449 Saltat
1539 5412 1631 5466 per
1654 5399 1879 5467 puellam
1903 5403 2164 5469 diabolus,

614 5478 672 5532 fit
709 5481 1081 5549 jusjurandum
1130 5488 1350 5556 impium
1380 5500 1433 5544 et
1466 5490 1744 5559 nefarium,
1780 5496 1883 5567 imo
1925 5496 2162 5551 stultum.

613 5569 851 5639 Nequam
904 5582 1078 5629 autem
1110 5578 1298 5634 mulier
1341 5580 1490 5647 dicit,
1524 5580 1597 5635 Da
1619 5583 1743 5637 milii
1774 5587 2033 5657 protinus,
2068 5587 2170 5643 hoc

676 5750 718 5783 "
752 5752 901 5811 Deut.
930 5771 1052 5823 xxv,
1105 5760 1158 5815 5.

2273 4682 2473 4746 εὐθέως
2522 4686 2658 4753 μετά
2694 4688 2927 4757 σπουδῆς
2966 4690 3101 4759 πρὸς
3148 4692 3239 4744 τὸν
3290 4693 3536 4762 βασιλέα,
3571 4697 3834 4767 ᾐτήσατο,

2274 4771 2503 4836 λέγουσα
2530 4789 2540 4800 ·
2573 4775 2719 4827 Θέλω
2745 4776 2830 4829 ἵνα
2869 4796 2957 4844 μοι
2986 4780 3089 4847 δῷς
3112 4781 3169 4845 ἐξ
3202 4783 3369 4851 αὐτῆς
3405 4786 3494 4837 ἰπὶ
3528 4787 3717 4841 πίνακι
3742 4790 3837 4860 τὴν

2273 4862 2512 4931 κεφαλὴν
2555 4862 2799 4921 Ἰωάννου
2816 4866 2908 4919 τοῦ
2937 4868 3262 4927 Βαπτιστοῦ.
3297 4874 3405 4928 Καὶ
3430 4876 3729 4948 περίλυπος
3745 4897 3839 4949 γε-

2274 4952 2496 5021 νόμενος
2526 4955 2552 5006 6
2579 4954 2850 5024 βασιλεὺς,
2885 4958 2972 5015 διὰ
2992 4962 3117 5025 τοὺς
3142 4964 3338 5032 ὅρκους
3372 4967 3467 5019 καὶ
3514 4970 3641 5032 τοὺς
3669 4988 3834 5027 συνα-

2273 5046 2645 5114 νακειμένους,
2674 5050 2773 5102 οὐκ
2802 5050 3068 5122 ἠθέλησεν
3091 5055 3259 5123 αὐτὴν
3288 5056 3575 5129 ἀθετῆσαι.
3604 5062 3714 5116 Καὶ
3742 5064 3834 5117 εὐ-

2272 5134 2406 5198 Θέως
2429 5139 2751 5203 ἀποστείλας
2773 5144 2799 5193 6
2827 5142 3079 5212 βασιλεὺς
3103 5149 3551 5221 σπεκουλάτωρα,
3573 5153 3834 5221 ἐπέταξεν

2270 5226 2556 5296 ἀνεχϐῆναι
2584 5230 2681 5298 τὴν
2732 5233 2972 5301 κεφαλὴν
3003 5234 3183 5287 αὑτοῦ.
3223 5238 3277 5291 Ὀ
3308 5238 3362 5291 δὲ
3386 5278 3400 5299 ,
3437 5242 3690 5297 ἀπελθὼν
3732 5248 3833 5298 ἀπ-

2285 5319 2607 5385 εκεφάλισεν
2642 5322 2801 5374 αὑτὸν
2830 5325 2885 5379 ἐν
2914 5328 2976 5394 τῇ
3013 5327 3245 5398 φυλακῇ,
3281 5332 3369 5384 καὶ
3392 5333 3588 5403 ἡνεγκε
3612 5338 3710 5404 τὴν
3741 5355 3831 5391 κε-

2271 5410 2440 5478 φαλὴν
2468 5412 2632 5465 αὑτοῦ
2665 5416 2756 5466 ἐπὶ
2792 5416 2978 5471 πίνακι
3025 5420 3118 5473 καὶ
3143 5423 3341 5476 ἔδωκεν
3365 5426 3534 5495 αὐτὴν
3556 5427 3634 5496 τῷ
3666 5446 3828 5501 κορα-

2272 5502 2390 5569 σίῳ,
2422 5504 2589 5556 καὶτὸ
2617 5507 2874 5577 κοράσιον
2908 5509 3107 5566 ἔδωκεν
3138 5515 3305 5586 αὐτὴν
3329 5520 3390 5585 τῇ
3430 5522 3597 5590 μητρὶ
3638 5523 3820 5591 αὐτῆς.

2271 5596 2374 5647 Kal
2414 5596 2741 5664 ἀκούσαντες
2774 5603 2822 5654 oi
2859 5602 3094 5676 μαθηταὶ
3133 5606 3320 5677 αὐτοῦ,
3353 5604 3517 5680 ἦλθον
3568 5614 3661 5667 καὶ
3693 5609 3826 5688 ἦραν
