4108 6334
198 429 301 490 ῑὸῖ

907 408 1358 477 ENARRATIO
1388 406 1472 468 1N
1513 400 2015 470 EVANGELIUM
2058 397 2318 461 MARCL
2371 420 2432 434 -
2468 394 2627 457 CAP.
2671 391 2773 455 VI.

3360 386 3469 453 538

194 537 509 601 τοσούτους,
566 531 703 589 ἀλλά
763 531 855 585 καὶ
891 526 1125 600 περιττὰ
1174 524 1515 580 καταλιπεῖν.
1570 518 1778 589 Μωσῆς

1904 515 2132 588 luamvis
2189 527 2385 566 manna
2436 508 2694 570 dedisset,
2755 513 2933 558 tamen
2980 516 3079 571 pro
3132 500 3470 573 singulorum

201 632 305 702 μιν
324 629 435 699 γὰρ
455 628 505 680 εἰ
531 623 705 680 καὶτὸ
741 621 916 693 μάννα
945 618 1139 682 ὲδίδου,
1170 616 1306 671 ἀλλά
1342 614 1481 685 πρὸς
1509 611 1609 682 τὴν
1645 613 1774 665 ἑκά-

199 737 332 775 στου
360 716 549 789 χρείαν
571 732 586 747 -
618 713 680 765 τὸ
709 711 817 782 γὰρ
856 706 1197 780 περιττεῦον,
1246 704 1534 774 σκώληκας
1564 702 1771 769 ὲξέζεε.

200 812 315 868 Kal
350 809 533 871 Ἠλίας
583 805 640 860 δὲ
670 802 769 875 τὴν
806 803 984 874 χήραν
1015 798 1341 868 διατρέφων,
1382 795 1446 849 τὺ
1496 792 1774 863 αὔταρκες

204 906 480 975 ἐχορήγει.
504 897 712 970 Ἰησοῦς
742 896 821 961 δὲ,
876 894 950 957 ὡς
983 892 1281 959 Δεσπότης,
1310 889 1403 943 καί
1430 887 1776 958 περιττεύειν

204 998 373 1050 ποιεῖ.
399 991 582 1046 Ταῦτα
616 988 714 1060 μὲν
749 986 842 1040 οὖν
878 984 1025 1039 κατά
1063 982 1161 1051 τὴν
1206 980 1469 1052 ἱστορίαν.
1522 978 1681 1033 Κατά
1719 976 1776 1028 δὲ

202 1080 520 1151 ἀναγωγὴν,
555 1080 719 1133 πέντε
746 1078 923 1145 ἀρτοι,
976 1073 1027 1125 οἰ
1058 1068 1342 1125 Μωσαῖκοί
1385 1067 1554 1134 λόγοι.
1608 1066 1777 1118 Πέντε

204 1177 316 1244 γὰρ
343 1172 413 1224 τὰ
438 1170 533 1224 τοῦ
556 1166 797 1228 Μωσέως
838 1162 1043 1235 βιϐλία,
1076 1160 1314 1222 Γένεσις,
1350 1156 1579 1223 Ἐξόδος,
1619 1155 1780 1209 Λευῖ-

202 1264 379 1327 τικὸν,
422 1259 691 1332 Ἀριθμοὶ,
746 1252 1191 1323 Δευτερονόμιον.
1230 1246 1434 1318 ’ἰχθύες
1474 1246 1532 1299 δὲ
1576 1244 1691 1309 δύο,
1726 1244 1776 1296 οἰ

203 1356 317 1411 τῶν
341 1353 537 1409 ἀλιέων
564 1351 731 1415 λόγοι,
768 1349 796 1401 6
844 1344 1168 1407 Ἀπόστολος
1214 1342 1309 1397 καὶ
1337 1340 1398 1394 τὺ
1422 1338 1777 1409 Εὐαγγέλιον.

204 1446 434 1510 Τούτοις
469 1441 559 1498 οὖν
605 1442 896 1512 τρέφονται
934 1440 989 1492 αἱ
1049 1436 1210 1490 πέντε
1262 1432 1420 1506 ἡμῶν
1474 1431 1778 1502 αἰσθήσεις,

205 1534 372 1593 αὗται
422 1538 530 1609 γάρ
587 1536 727 1589 εἰσιν
755 1535 803 1587 οἰ
843 1529 1296 1602 πεντακισχίλιοι.
1330 1527 1447 1598 Οὐχ
1472 1525 1686 1581 ἅπαντα
1725 1524 1781 1578 δὲ

207 1628 483 1698 δυνάμεθα
519 1627 734 1694 φαγεῖν,
793 1620 927 1675 ἀλλά
958 1618 1130 1673 ⁸πολλὰ
1179 1617 1619 1688 περιττεύουσιν,
1664 1614 1700 1669 ἀ
1732 1614 1782 1667 οἰ

209 1719 500 1774 ἀπόστολοι
530 1716 787 1771 δύνανται
819 1710 1109 1782 βαστάσαι.
1148 1709 1231 1764 Τά
1262 1708 1371 1779 γὰρ
1401 1705 1783 1777 δυσκολώτερα

210 1813 321 1866 τῶν
352 1810 446 1864 τοῦ
478 1807 666 1878 Νόμου
703 1805 801 1860 καὶ
834 1804 943 1857 τῶν
977 1803 1070 1855 τοῦ
1100 1799 1443 1870 Εὑαγγελίου
1468 1796 1779 1869 νοημάτων,

214 1904 371 1976 ημεῖς
407 1901 508 1973 μὲν
542 1902 589 1955 οἰ
612 1899 692 1952 ἔτι
719 1899 837 1959 ταῖς
872 1896 1032 1949 πέντε
1074 1893 1369 1963 αἰσθήσεσι
1416 1890 1783 1955 δουλεύοντες,

209 1995 273 2048 οὐ
308 1992 675 2064 βαστάζομεν,
717 1990 767 2042 οἰ
792 1984 1080 2042 ἀπόστολοι
1112 1983 1193 2038 δέ.

290 2062 459 2140 ιήΚαὶ
506 2084 706 2146 εὐθέως
770 2082 1056 2149 ἠνάγκασε
1127 2077 1255 2141 τοὺς
1312 2062 1592 2147 μαθητὰς
1626 2072 1790 2128 αὑτοῦ

210 2177 452 2251 ἐμϐῆναι
495 2179 574 2240 είς
612 2176 674 2228 τδ
707 2173 915 2237 πλοῖον,
968 2171 1064 2227 καὶ
1096 2169 1364 2241 προάγειν
1406 2170 1489 2231 εἰς
1528 2169 1589 2221 τὸ
1617 2167 1793 2236 πέραν

212 2269 353 2338 πρὸς
376 2265 671 2338 Βηθσαϊδὰ,
712 2264 815 2328 ἕως
849 2262 1009 2326 αὐτὸς
1065 2259 1311 2332 ἀπολύσῃ
1346 2260 1436 2314 τὸν
1474 2259 1648 2329 ὄχλον.
1687 2259 1796 2312 Kal

213 2360 629 2430 ἀποταξάμενος
660 2357 868 2420 αὐτοῖς,
902 2354 1145 2425 ἀπῆλθεν
1188 2354 1269 2416 εἰς
1297 2353 1358 2406 τὸ
1400 2353 1528 2422 ὅρος
1551 2351 1792 2424 προσεύ-

216 2452 441 2518 ξασθαι.
482 2450 592 2505 Kal
615 2448 775 2519 ὀψίας
808 2446 1129 2516 γενομένης,
1164 2440 1232 2516 ἦν
1256 2444 1315 2496 τὸ
1348 2443 1533 2497 πλοῖον
1555 2444 1613 2497 ὲν
1642 2444 1795 2513 μέσῳ

212 2544 316 2613 τῆς
357 2543 655 2611 θαλάσσης,
703 2540 800 2593 καὶ
855 2538 1016 2601 αὐτὸς
1070 2537 1231 2607 μόνος
1262 2537 1355 2589 ἐπὶ
1390 2537 1489 2606 τῆς
1542 2536 1666 2607 γῆς,
1700 2540 1796 2590 καὶ

215 2630 360 2688 εἰδεν
420 2632 617 2695 αὐτοὺς
650 2625 1112 2701 βασανιζομένους
1154 2627 1213 2680 ἐν
1253 2626 1335 2697 τῷ
1375 2625 1622 2679 ἐλαύνειν
1665 2642 1680 2658 ο
1730 2622 1797 2698 ἦν

220 2724 333 2793 γὰρ
364 2724 392 2775 6
443 2723 641 2792 ἄνεμος
672 2719 917 2782 ἐναντίος
957 2719 1165 2776 αὐτοῖς.
1201 2717 1314 2769 Kal
1359 2716 1491 2788 περί
1529 2717 1797 2787 τετάρτην

222 2809 608 2880 φυλακὴν,τῆς
638 2810 851 2871 νυκτὸς.
887 2807 1103 2878 ἔρχεται
1147 2806 1281 2877 πρὸς
1308 2806 1526 2871 αὐτοὺς,
1564 2823 1801 2877 περιπα-

220 2900 333 2953 τῶν
354 2901 446 2954 ἐπὶ
475 2900 571 2969 τῆς
599 2899 896 2969 θαλάσσης,
943 2898 1036 2951 καὶ
1075 2896 1232 2968 ἤθελε
1263 2896 1554 2965 παρελθεῖν
1579 2896 1796 2960 αὐτούς.

222 2992 288 3045 Οί
338 2991 394 3043 δὲ
441 2990 638 3053 ἰδόντες
678 2990 839 3042 αὐτὸν
884 2986 1293 3056 περιπατοῦντα
1325 2986 1417 3040 ἐπὶ
1463 2986 1562 3056 τῆς
1597 2984 1795 3040 θαλάσ-

226 3099 353 3152 σης,
386 3081 576 3145 ἔδοξαν
609 3080 898 3150 φάντασμα
927 3078 1087 3140 εἰναι,
1114 3078 1208 3132 xal
1232 3078 1562 3150 ἀνέκραξαν.
1593 3079 1801 3142 Πάντες

1878 625 1976 665 usu
2030 608 2188 661 dabat
2224 624 2237 672 ;
2276 619 2401 658 nam
2450 601 2592 671 quod
2616 604 2919 669 supererat,
2946 595 3256 651 vermiculis
3285 606 3473 651 scatu-

1870 702 2074 756 «t-iebat.
2116 699 2265 753 Elias
2303 709 2517 766 quoque
2564 691 3067 760 viduampascens,
3094 687 3474 759 suppeditabat

1875 802 2134 862 quantum
2161 789 2293 844 satis
2314 766 2451 843 erat.
2472 783 2631 841 Jesus
2656 788 2957 853 autem,tut
2984 778 3267 843 Dominus,
3287 778 3471 832 etiam

1877 883 2092 939 residua
2135 881 2293 954 ~facit.
2350 879 2416 933 Et
2448 880 2560 934 haec
2586 874 2807 947 quidem
2830 873 2983 943 juxta
3016 870 3302 926 historiam
3334 881 3349 927 :
3382 884 3475 922 ve-

1882 990 1999 1029 rum
2065 960 2219 1043 juxda
2274 984 2572 1041 anagogen,
2626 966 2868 1036 quinque
2923 978 3091 1033 panes
3150 970 3277 1017 sunt
3352 960 3476 1016 libri

1880 1066 2064 1132 Musis,
2091 1066 2180 1136 qui
2204 1064 2443 1134 quinque
2464 1071 2611 1127 sunt,
2633 1058 2882 1125 Genesis,
2910 1055 3152 1120 Exodus,
3180 1053 3476 1118 Leviticus,

1879 1158 2102 1213 Numeri
2146 1166 2201 1212 et
2248 1153 2731 1210 Deuteronomium
2762 1167 2777 1216 ;
2808 1150 2916 1205 duo
2942 1158 3121 1203 autem
3166 1146 3365 1218 pisces,
3404 1146 3480 1215 pi-

1881 1259 2155 1306 scatorum
2188 1245 2333 1311 libri,
2368 1243 2659 1314 Apostolus
2698 1251 2757 1297 et
2784 1238 3162 1310 Evangelium.
3192 1236 3303 1293 illis
3330 1238 3477 1292 enim

1882 1353 2174 1414 pascuntur
2222 1341 2459 1410 quinque
2500 1337 2677 1393 nostri
2731 1350 2951 1402 sensus,
2986 1333 3078 1405 qui
3114 1348 3212 1402 per
3236 1331 3481 1402 quinque

1884 1432 2051 1488 millia
2107 1430 2407 1500 signantur.
2448 1426 2651 1484 Verum
2683 1442 2787 1482 non
2810 1433 3040 1495 possunt
3069 1423 3255 1479 omnia
3281 1424 3472 1489 edere,

1884 1526 1977 1581 sed
2003 1523 2169 1579 multa
2193 1521 2403 1578 residua
2430 1519 2765 1589 relinquunt,
2790 1532 2910 1588 qua:
2932 1514 3097 1589 204
3119 1514 3345 1585 apostoli
3390 1529 3485 1586 ge-

1886 1629 2031 1673 stare
2052 1622 2292 1685 possunt.
2324 1611 2458 1666 Nam
2482 1610 2812 1666 diillciliores
2830 1622 3018 1665 sensus
3042 1607 3200 1679 Legis
3226 1617 3279 1663 et
3305 1606 3486 1663 Evan-

1887 1710 2148 1781 geliorum
2187 1722 2284 1763 nos
2315 1706 2557 1776 quidem,
2590 1704 2832 1774 quinque
2872 1700 3118 1759 sensibus
3161 1701 3481 1769 servientes,

1889 1820 1995 1859 non
2022 1812 2323 1875 portamus,
2353 1798 2445 1856 sed
2476 1798 2723 1870 apostoli.

1970 2065 2132 2122 Vens.
2166 2062 2353 2120 45-δὲ.
2402 2084 2420 2116 ι
2464 2062 2530 2119 Ει
2571 2061 2756 2118 statim
2800 2061 2977 2133 coegit
3010 2059 3303 2129 discipulos
3359 2075 3488 2117 suos

1896 2159 2260 2215 conscendere
2282 2157 2483 2223 navim,
2518 2156 2573 2209 ut
2598 2154 2969 2225 praecederent
2993 2154 3315 2209 transmisso
3348 2151 3488 2208 mari

1896 2253 2265 2318 Betbsaidam,
2311 2250 2439 2305 dum
2489 2251 2600 2316 ipse
2652 2248 2948 2303 dimitteret
2984 2248 3217 2302 turbant.
3266 2247 3485 2302 Etcum

1898 2345 2193 2401 dimisisset
2222 2356 2336 2408 eos,
2380 2342 2511 2397 abiit
2562 2342 2614 2395 in
2670 2346 2909 2396 montem
2966 2339 3032 2395 ad
3085 2338 3370 2394 orandum.
3423 2338 3490 2392 Et

1898 2453 2021 2493 cum
2069 2434 2666 2506 vespera‘advenisset,
2723 2439 2842 2487 erat
2869 2431 3094 2486 navisin
3127 2432 3307 2486 medio
3331 2432 3487 2493 mari,

1899 2542 1954 2585 et
1999 2529 2114 2597 ipse
2161 2526 2309 2582 solus
2351 2527 2403 2580 in
2440 2534 2604 2590 terra,
2653 2523 2895 2592 viditque
2933 2537 3027 2578 eos
3071 2520 3388 2578 laborantes
3439 2524 3490 2575 in

1901 2622 2239 2693 remigando.
2288 2620 2420 2675 Erat
2462 2619 2608 2673 enim
2664 2628 2858 2673 ventus
2909 2613 3220 2672 contrarius
3275 2617 3376 2671 eis.
3430 2608 3496 2670 Et

1900 2713 2044 2766 circa
2099 2718 2347 2780 quartam
2394 2707 2631 2778 vigiliam
2665 2706 2842 2761 noctis
2880 2707 3030 2761 venit
3062 2707 3129 2759 ad
3172 2720 3265 2761 eos
3297 2707 3495 2760 ambu-

1902 2806 2019 2859 lans
2070 2817 2233 2873 super
2255 2814 2425 2865 mare,
2456 2807 2511 2855 et
2537 2798 2749 2854 volebat
2775 2800 3052 2868 praeterire
3077 2814 3191 2854 eos.
3219 2798 3289 2853 At
3323 2800 3397 2853 illi
3435 2809 3497 2853 ttt

1903 2898 2153 2953 viderunt
2181 2909 2304 2950 eum
2335 2892 2700 2948 ambulantem
2743 2906 2909 2961 super
2941 2905 3112 2955 mare,
3166 2902 3497 2961 putaverunt

1904 2996 2179 3058 spectrnm
2231 2998 2353 3041 esse
2386 2993 2439 3039 et
2473 2982 2933 3040 exclamaverunt.
2988 2980 3189 3038 Omnes
3212 2984 3355 3037 enim
3416 2984 3496 3036 vi-

1906 3079 2105 3135 debant
2142 3092 2287 3143 eum,
2317 3084 2373 3131 et
2397 3074 2707 3131 conturbati
2756 3082 2905 3139 sunt,
2947 3084 3004 3129 et
3052 3075 3237 3129 statim
3288 3074 3499 3129 locutus

224 3174 338 3245 γὰρ
378 3173 541 3226 αὑτὸν
569 3170 729 3237 εἶδον,
755 3172 849 3225 καὶ
883 3170 1292 3241 ἐταράχθησαν,
1316 3171 1414 3224 καὶ
1446 3170 1647 3234 εὐθέως
1680 3170 1798 3225 ὲλά-

1915 3180 2003 3226 est
2032 3185 2156 3225 cum
2195 3168 2299 3234 eis,
2332 3167 2577 3236 dixitque
2635 3166 2716 3221 eis
2750 3178 2765 3225 :
2797 3164 3087 3232 Coniidite,
3128 3182 3227 3237 ego
3251 3182 3395 3234 sum,
3429 3183 3498 3222 ne

223 3263 359 3332 λησε
397 3260 513 3333 μετ’
550 3261 751 3327 αὐτῶν,
801 3262 896 3315 καὶ
936 3260 1086 3330 λέγει
1131 3262 1345 3325 αὐτοῖς·
1379 3261 1668 3333 Θαρσεῖτε,
1694 3260 1804 3332 ἐγώ

227 3357 367 3425 εἰμι,
402 3353 475 3423 μὴ
518 3352 791 3422 φοϐεῖσθε.
833 3354 943 3407 Kal
987 3353 1154 3423 ἀνέϐη
1206 3354 1342 3424 πρὸς
1390 3355 1588 3418 αὐτοὺς
1636 3355 1715 3417 εἰς
1744 3355 1806 3407 τὸ

227 3446 435 3510 πλοῖον,
469 3445 567 3500 καὶ
592 3446 861 3500 ἐκόπασεν
885 3447 913 3499 6
939 3445 1162 3517 ἄνεμος.
1189 3447 1300 3500 Kal
1323 3445 1442 3499 λίαν
1471 3446 1805 3518 ἑκπερισσοῦ

227 3539 289 3591 έν
311 3532 527 3600 έαυτοῖς
560 3534 860 3603 ἐξίσταντο,
902 3537 998 3589 καί
1037 3536 1371 3607 ἐθαύμαζον.
1413 3538 1487 3590 Οὐ
1528 3538 1638 3607 γὰρ
1682 3553 1806 3590 συν-

226 3631 374 3701 ῆκαν
413 3632 503 3684 ἐπὶ
537 3633 647 3691 τοῖς
676 3630 883 3701 ἄρτοις.
921 3630 1015 3683 Ἦν
1044 3630 1151 3700 γάρ
1185 3630 1363 3683 αὐτῶν
1392 3633 1423 3699 ἡ
1460 3629 1656 3701 καρδία
1708 3647 1806 3682 πε-

229 3722 547 3794 πωρωμένη
585 3734 598 3747 '
640 3740 661 3773 ι
696 3721 971 3792 ἠνάγκασε
1033 3720 1157 3783 τοὺς
1236 3720 1504 3789 μαθητάς.
1568 3719 1643 3773 Οὐ
1701 3719 1808 3788 γὰρ

232 3813 430 3883 ἦθελον
457 3812 877 3883 ἀποσπασθῆναι
922 3811 1114 3878 αὑτοῦ,
1152 3808 1289 3865 ἀλλά
1341 3811 1433 3882 βία
1460 3811 1806 3881 ἐχωρίζοντο,

234 3906 354 3974 ἅμα
380 3903 477 3975 μὲν
505 3904 597 3958 διὰ
633 3904 732 3975 τὴν
774 3904 912 3974 πρὸς
961 3902 1122 3956 αὑτὸν
1171 3903 1413 3973 ἀγάπην,
1462 3903 1577 3973 ἅμα
1620 3903 1675 3954 δὲ
1716 3903 1811 3954 καὶ

230 3990 323 4045 διὰ
346 3991 406 4043 τὸ
433 3990 658 4062 ἀπορεῖν
686 3990 805 4055 πῶς
842 3991 907 4046 ἂν
946 3990 1090 4044 ἔλθοι
1118 3992 1255 4061 προς
1278 3992 1475 4054 αὐτοὺς
1514 3991 1699 4044 πλοίου
1727 3992 1805 4061 μὴ

230 4081 409 4145 ὄντος.
456 4081 761 4145 Ἀπολύσας
797 4080 887 4134 οὖν
948 4083 1077 4146 τοὺς
1114 4083 1325 4153 ὄχλους,
1360 4083 1528 4153 ἀνέϐη
1571 4082 1776 4154 προσεύ

234 4173 433 4240 ξασθαι
459 4173 578 4229 κατ’
614 4174 771 4227 ἰδίαν.
801 4162 1002 4244 Σχολῆς
1034 4175 1145 4244 γὰρ
1178 4174 1273 4227 καί
1306 4175 1612 4245 ἀταραξίας
1636 4174 1807 4228 δεῖται

231 4270 268 4331 ή
302 4266 606 4338 προσευχὴ.
642 4266 861 4335 Ἀφίησι
888 4267 945 4319 δὲ
973 4266 1099 4328 τοὺς
1134 4266 1381 4343 μαθητὰς
1419 4268 1805 4338 πειρασθῆναι,

239 4360 331 4414 ἵνα
373 4357 619 4429 μάθωσιν
643 4357 957 4426 ὑπομένειν.
987 4357 1087 4410 Διά
1124 4358 1281 4411 τοῦτο
1312 4360 1420 4431 γὰρ
1468 4360 1587 4413 οὐδὲ
1611 4359 1812 4423 εὐθέως

232 4454 421 4515 αὐτοῖς
448 4452 757 4523 ἐφίσταται,
786 4450 921 4504 ἀλλά
940 4450 1009 4503 δι’
1041 4452 1170 4522 ὅλης
1199 4454 1299 4521 τῇς
1316 4452 1507 4516 νυκτὸς
1540 4454 1814 4523 συγχωρεῖ

1911 3259 2244 3317 terreamini.
2274 3261 2340 3314 Et
2378 3260 2625 3316 ascendit
2649 3261 2715 3313 ad
2752 3259 2871 3315 illos
2917 3260 2971 3313 in
3012 3260 3212 3321 navim.
3264 3269 3320 3315 et
3365 3274 3498 3316 con-

1908 3353 2113 3424 quievit
2144 3362 2357 3408 ventus.
2388 3352 2456 3405 Et
2487 3348 2837 3406 vehementer
2878 3365 3040 3419 supra
3096 3350 3315 3406 modum
3353 3350 3495 3405 intra

1910 3460 1969 3501 se
1998 3443 2287 3514 stupebant
2348 3450 2402 3497 et
2456 3441 2880 3495 admirabantur.
2921 3438 3041 3495 Non
3091 3441 3233 3495 enim
3287 3441 3501 3496 intelle-

1912 3546 2108 3593 xerant
2150 3537 2217 3591 de
2268 3535 2538 3604 panibus:
2576 3542 2695 3589 erat
2738 3533 2883 3587 enim
2918 3549 3011 3588 cor
3031 3547 3220 3587 eorum
3255 3532 3499 3589 obcaara-

1914 3644 2046 3689 tum.
2090 3653 2107 3685 ι
2146 3632 2301 3700 Cogit
2324 3629 2635 3699 discipulos.
2659 3628 2923 3684 Noiebant
2951 3630 3095 3682 enim
3131 3628 3289 3682 avelli
3318 3627 3387 3682 ab
3412 3643 3499 3691 eo,

1913 3733 2008 3785 sed
2051 3726 2099 3779 vi
2130 3724 2539 3794 separabantur,
2598 3723 2792 3791 partim
2845 3731 3066 3791 propter
3097 3736 3338 3775 amorem
3371 3738 3500 3793 erga

1914 3819 2086 3883 illum,
2149 3818 2344 3888 partim
2406 3815 2548 3885 quod
2602 3813 2922 3869 dubitabant
2981 3812 3383 3882 quomodonam
3435 3814 3503 3867 ad

1914 3913 2060 3980 ipsos
2115 3910 2351 3974 rediret,
2385 3924 2506 3962 cum
2532 3907 2753 3961 abesset
2792 3906 2962 3960 navis.
3026 3904 3273 3962 Dimissis
3318 3908 3504 3977 itaque

1916 4001 2087 4055 turbis
2114 4001 2425 4055 ascenditin
2449 4010 2685 4055 montem
2714 4007 2768 4053 ut
2792 4010 2974 4054 oraret
2995 4013 3264 4055 seorsum.
3313 4000 3506 4066 Quiete

1914 4092 2060 4147 enim
2100 4102 2153 4146 et
2185 4092 2574 4160 tranquillitate
2597 4106 2732 4160 opus
2758 4090 2957 4145 habent
2990 4106 3196 4161 preces.
3235 4091 3504 4144 Cmtermn

1916 4183 2208 4253 discipulos
2257 4184 2454 4237 tentari
2512 4182 2799 4253 permittit,
2830 4192 2887 4237 ut
2921 4182 3133 4238 discant
3162 4183 3504 4251 patientiam.

1916 4274 2049 4328 Nam
2082 4284 2363 4344 propterea
2420 4288 2525 4329 non
2588 4274 2769 4328 statim
2821 4274 2928 4330 illis
2983 4276 3211 4342 assistit,
3261 4278 3357 4331 sed
3394 4286 3506 4332 tota

1918 4376 2081 4421 nocte
2102 4366 2233 4420 sinit
2256 4366 2307 4419 in
2339 4373 2663 4436 tempestate
2688 4382 2827 4431 esse,
2860 4377 2920 4421 ut
2945 4368 3137 4423 doceat
3163 4368 3333 4423 fortes
3362 4386 3503 4436 esse,

1916 4470 1970 4513 et
2024 4474 2128 4513 non
2196 4459 2253 4513 in
2308 4458 2576 4528 principio
2623 4460 2984 4513 tentationum
3032 4460 3352 4529 sperandam
3414 4478 3506 4515 re-

234 4544 684 4609 κλυδωνίζεσθαι,
745 4544 834 4597 ἵνα
882 4543 1067 4613 διδάξῃ
1130 4548 1437 4615 καρτερεῖν,
1476 4548 1568 4598 καὶ
1626 4546 1700 4616 μὴ
1755 4547 1798 4597 ἐι

1920 4550 2122 4620 quiem.
2191 4548 2429 4603 Observa
2474 4557 2528 4602 et
2559 4549 2725 4613 aliud,
2768 4550 2910 4614 quod
2959 4551 3185 4605 daturus
3217 4550 3378 4635 tinem
3415 4568 3505 4605 re-

233 4636 384 4706 ἀρχῇ
409 4633 516 4686 τῶν
540 4634 731 4687 δεινῶν
748 4633 988 4698 ἐλπίζειν
1016 4633 1219 4687 ἄνεσιν.
1238 4635 1380 4706 Ὅρα
1408 4634 1464 4687 δὲ
1496 4637 1589 4688 καὶ
1605 4635 1691 4687 ἓτε
1702 4652 1811 4704 ρον,

233 4727 321 4779 ὃτι
369 4726 496 4778 ὅταν
544 4725 711 4796 μέλλῃ
751 4724 948 4778 παύειν
1000 4725 1070 4777 τά
1124 4725 1294 4792 δεινὰ,
1337 4726 1457 4779 τότε
1495 4726 1695 4796 μᾶλλον
1738 4731 1817 4790 εἰς

239 4815 469 4886 μείζονα
495 4814 660 4885 φόϐον
680 4816 975 4885 ἐντίθησιν.
1021 4814 1243 4878 Ἰδόντες
1292 4815 1401 4885 γὰρ
1437 4816 1617 4882 αὑτὸν,
1655 4816 1818 4888 ἔκρα-

240 4908 367 4973 ξαν,
397 4907 761 4977 ταραχθέντες
785 4906 860 4971 ὡς
897 4907 989 4959 ἐπὶ
1039 4908 1425 4977 φαντάσματι*
1481 4908 1574 4961 καὶ
1618 4908 1819 4969 εὐθέως

236 4998 335 5052 διὰ
396 4998 495 5069 τῆς
530 4999 711 5070 φωνῆς
745 4999 1037 5072 θεραπεύει
1066 5000 1282 5067 αὐτοὺς,
1333 4998 1541 5067 λέγων·
1581 5001 1674 5072 Μὴ
1720 5017 1817 5066 φο-

239 5090 454 5164 6εῖσθε.
495 5088 630 5144 Εἶτα
657 5093 755 5145 καὶ
777 5092 866 5146 διά
892 5091 985 5145 τοῦ
1019 5091 1255 5163 ὲμϐἦναι
1292 5094 1371 5155 εἰς
1402 5094 1460 5145 τὸ
1492 5093 1694 5157 πλοῖον,
1720 5093 1819 5163 τὴν

238 5182 587 5255 τελεωτέραν
623 5184 809 5246 αὐτοῖς
869 5183 1176 5254 ἀταραξίαν
1226 5186 1612 5255 περιποιεῖται.
1645 5183 1822 5247 Εὐθὺς

239 5277 356 5346 γὰρ
386 5275 655 5328 ἐκόπασεν
682 5277 711 5328 ό
760 5274 981 5345 ἄνεμος.
1009 5275 1169 5342 Μέγα
1194 5274 1250 5327 δὲ
1285 5275 1467 5344 θαῦμα
1506 5275 1568 5327 τὸ
1602 5275 1695 5327 ἐπὶ
1724 5274 1820 5326 θα-

243 5368 461 5435 λάσσης
496 5368 843 5436 περιπατεῖν,
875 5368 970 5420 καὶ
998 5367 1132 5420 Θεοῦ
1159 5368 1235 5436 τῷ
1261 5367 1397 5431 ὄντι,
1432 5369 1490 5420 τὸ
1509 5368 1565 5419 δὲ
1606 5369 1699 5419 καὶ
1728 5385 1823 5420 τα-

244 5461 423 5532 ραχῆς
450 5459 636 5529 οὔσης,
673 5460 768 5514 καὶ
796 5460 891 5514 τοῦ
935 5462 1138 5531 ἀνέμου
1176 5462 1608 5531 ἐναντιουμένου,
1632 5462 1821 5516 ἐπίτα-

246 5570 335 5615 σις
354 5550 450 5605 τοῦ
476 5550 777 5622 θαύματος.
804 5553 869 5606 Οἰ
898 5552 955 5605 δὲ
985 5554 1277 5607 ἀπόστολοι
1330 5555 1390 5606 ού
1431 5556 1707 5617 συνιέντες
1730 5554 1825 5607 ὲπί.

1923 4655 2039 4693 rttm
2086 4638 2515 4703 diiiicultatibus,
2579 4639 2629 4692 in
2679 4640 2938 4710 majorem
2965 4640 3087 4696 illus
3112 4652 3376 4696 terrorem
3412 4646 3505 4699 ad-

1920 4730 2093 4786 ducit.
2133 4730 2261 4786 Viso
2285 4732 2450 4802 igitur
2476 4732 2587 4797 illo,
2611 4734 2985 4789 clamavernnt
3020 4737 3215 4792 turbati
3246 4745 3501 4809 tanquam

1924 4825 1975 4876 in
2036 4824 2440 4892 phantasmate,
2466 4834 2518 4877 et
2537 4826 2719 4879 statim
2752 4841 2848 4893 per
2877 4841 3064 4881 vocent
3098 4830 3371 4883 succurrit
3404 4832 3505 4895 eis,

1923 4917 2148 4971 dicetis:
2182 4914 2254 4969 Ne
2304 4917 2640 4972 terreamini.
2676 4919 2874 4972 Deinde
2908 4930 2961 4973 et
2986 4936 3082 4990 per
3114 4921 3421 4991 ingressum
3455 4928 3507 4980 in

1924 5008 2125 5074 navim,
2175 5007 2435 5077 majorem
2481 5009 2587 5065 illis
2627 5012 2973 5066 securitatem
3001 5015 3160 5081 parit.
3209 5017 3509 5073 Confestim

1923 5100 2064 5155 enim
2098 5100 2642 5169 conquievitventus.
2678 5101 2927 5173 Magnum
2957 5116 3139 5159 autent
3165 5106 3509 5172 miraculum,

1926 5191 2207 5245 ambulare
2257 5208 2419 5262 super
2465 5210 2633 5258 mare,
2668 5205 2722 5249 et
2757 5210 2943 5249 revera
2968 5191 3210 5251 divinum
3252 5221 3261 5249 τ
3298 5211 3352 5253 et
3390 5217 3512 5255 cum

1924 5292 2070 5339 esset
2121 5294 2266 5339 tanta
2346 5297 2657 5355 tempestas,
2700 5297 2917 5356 tamque
2956 5293 3264 5347 contrarius
3295 5304 3513 5359 ventus,

1925 5374 2173 5429 miraculi
2232 5378 2625 5431 incrementum
2664 5389 2798 5432 erat.
2857 5383 3100 5448 Apostoli
3156 5394 3338 5437 autem
3388 5400 3511 5439 cum

1927 5480 2038 5520 non
2090 5468 2483 5524 intellexissent
2515 5472 2579 5525 de
2625 5473 2873 5539 panibus,
2912 5487 2994 5525 -ει
3027 5473 3129 5527 hoc
3160 5474 3425 5529 miraculo
3456 5478 3511 5529 in

1928 5560 2066 5613 mari
2114 5560 2513 5616 intellexerunt.
2567 5561 2795 5617 Videtur
2841 5580 2975 5620 sane
3007 5565 3262 5622 Christus
3292 5578 3517 5636 propter

244 5645 364 5706 τοῖς
404 5643 613 5712 ἀρτοις,
659 5643 767 5696 ἀπὸ
809 5643 1000 5697 τούτου
1030 5644 1125 5697 τοῦ
1172 5645 1447 5715 θαύματος
1482 5645 1576 5699 τοῦ
1624 5649 1715 5699 ἐπὶ
1755 5651 1798 5718 τῇ

1929 5651 2032 5707 ltoc
2068 5653 2379 5719 permisisse
2430 5654 2548 5708 illos
2593 5657 2808 5721 tentari,
2846 5664 2904 5709 ut
2933 5657 3187 5726 quoniam
3222 5674 3249 5709 a
3284 5659 3518 5726 panibus

245 5737 494 5807 θαλάσσῃ
519 5739 759 5807 συνῆκαν
783 5754 797 5769 ·
827 5737 1003 5793 ἔοικεν
1019 5734 1111 5791 οὖν
1139 5739 1167 5790 6
1188 5739 1424 5807 Χριστὸς
1441 5743 1535 5791 καὶ
1560 5738 1650 5795 διὰ
1668 5740 1795 5792 τοῦτ

1931 5758 2053 5796 eum
2084 5759 2188 5797 non
2212 5744 2611 5811 cognovissent,
2647 5746 2894 5800 notitiam
2927 5764 2955 5802 a
2986 5749 3119 5802 mari
3152 5750 3518 5818 perciperent,

251 5830 608 5899 συγχωρῆσαι
662 5829 860 5893 αὐτοὺς
892 5830 1277 5900 πειρασθῆναι,
1313 5832 1397 5883 ἵνα
1437 5833 1560 5883 ἐπεὶ
1612 5832 1686 5902 μὴ
1720 5834 1797 5886 ἀπ

1931 5842 2095 5904 atque
2123 5836 2409 5889 utilitatem
2439 5849 2924 5908 consequerentur.

251 5922 365 5982 τῶν
396 5920 576 5990 ἄρτων
599 5919 761 5973 αὑτὸν
792 5920 1125 5989 ἐπέγνωσαν,
1164 5922 1455 5991 ὲπιγνῶσιν
1479 5922 1585 5977 dum
1616 5925 1709 5995 τῆς
1743 5924 2036 5996 θαλάσσης,
2062 5927 2156 5979 καί
2176 5925 2552 5997 ὠφεληθῶσιν.
2824 5920 2831 5928 ’
