4108 6334
243 386 351 455 εει

932 378 1386 468 ῌΝᾹΒΒΑῙΙΟ
1426 378 1510 438 IN
1544 373 1841 438 EVANGE

1946 373 2045 436 ΗΜ
2086 372 2349 433 ΜἈΒΕΙ.
2388 396 2451 406 -
2490 370 2646 431 CAP.
2676 369 2809 435 VII.

3405 368 3511 432 56!

244 500 475 573 ρήσητε.
508 496 712 565 Μωσῆς
734 493 843 566 γὰρ
872 487 1028 547 εἷπε·
1066 493 1214 565 Τίμα
1242 492 1332 545 τὸν
1355 490 1571 561 πατέρα
1600 505 1694 542 σου
1721 487 1826 540 καὶ·

1946 494 2150 540 natrem
2192 493 2370 551 tuam;
2406 493 2460 541 et
2494 501 2507 539 :
2538 483 2641 551 Qui
2687 479 3033 538 maledixerit
3060 479 3201 548 patri
3258 478 3341 535 vel
3391 497 3511 550 ma;

242 592 346 663 τὴν
386 589 596 661 μητέρα
626 603 740 641 σουο
775 588 895 651 καὶ,
948 585 1006 641 Ὀ
1040 584 1357 653 κακολογῶν
1398 582 1609 653 πατέρα
1641 583 1675 655 ἢ
1722 597 1827 650 μη-

242 681 410 749 τέρα.
442 678 659 748 θανάτῳ
712 675 1039 730 τελευτάτω.
1086 674 1275 744 Ὑμεῖς
1323 674 1383 727 δὲ
1412 673 1639 741 λέγετεο
1700 671 1826 724 Ἐὰν

245 772 379 841 εῖπῃ
406 767 692 844 ἄνθρωπος
740 764 820 835 τῷ
872 764 1044 835 πατρὶ
1083 764 1116 835 ἢ
1164 765 1231 835 τῇ
1281 765 1474 835 μητρὶ,
1524 761 1765 833 Κορϐἀν,
1799 760 1828 814 ὅ

252 861 372 915 ἐστι
403 857 607 927 Δῶρον.
637 856 666 909 δ
701 855 795 931 ἐὰν
843 854 903 920 ἐξ
946 854 1083 923 ἐμοῦ
1117 854 1425 925 ὠφεληθῇς,
1463 854 1558 907 καὶ
1596 852 1698 906 οὐκ
1746 850 1829 905 ἔτι

243 949 441 1021 ἀφίετε
471 948 633 1003 αὑτὸν
681 932 834 1000 οὐδὲν
862 945 1089 1014 ποιῆσαι
1133 944 1211 1014 τῷ
1261 944 1431 1013 πατρὶ
1470 941 1636 997 αὐτοῦ
1677 941 1711 1013 ἢ
1758 943 1827 1012 τῇ

257 1039 429 1109 μητρὶ
481 1035 669 1101 αὐτοῦ,
729 1034 1065 1104 ἀκυροῦντες
1116 1035 1209 1089 τὸν
1262 1032 1420 1103 λόγον
1464 1032 1560 1088 τοῦ
1586 1032 1722 1085 Θεοῦ
1756 1032 1825 1102 τῇ

247 1129 547 1201 παραδόσει
572 1121 777 1200 ὑμῶνῇ
800 1128 1153 1198 παρεδώκατε
1190 1165 1204 1189 ,
1237 1126 1332 1180 καὶ
1357 1125 1635 1199 παρόμοια
1651 1123 1829 1179 τοιαῦ-

249 1240 318 1277 τα
351 1221 522 1275 πολλά
580 1222 803 1275 ποιεῖτε.
839 1240 857 1272 ι
906 1218 1363 1290 Ἐμϐριθὲστερον
1411 1218 1652 1287 ἐλέγχων
1699 1217 1826 1279 τοὺς

264 1308 557 1375 Ἰουδαίους
587 1312 615 1363 ό
669 1310 893 1381 Κύριος,
954 1311 1197 1381 παράγει
1248 1310 1343 1363 καὶ
1401 1308 1493 1362 τὸν
1543 1309 1831 1378 προφήτην

253 1403 667 1475 κατηγοροῦντα
718 1401 916 1464 αὐτῶν.
970 1402 1201 1459 Ἐκεῖνοι
1240 1402 1339 1472 μὲν
1362 1400 1455 1457 οὖν
1484 1401 1593 1463 τοῖς
1648 1398 1827 1469 μαθη-

250 1499 372 1558 ταῖς
397 1479 687 1567 ἐνεκάλουν
713 1494 795 1546 ὅτι
828 1493 927 1563 τὴν
954 1494 1066 1546 τῶν
1099 1492 1487 1564 πρεσϐυτέρων
1522 1490 1828 1563 παράδοσιν

253 1573 584 1657 παρέϐαινον
617 1627 632 1652 ,
658 1588 688 1639 ὀ
721 1586 925 1658 Κύριος
982 1588 1040 1641 δὲ
1073 1588 1259 1651 αὐτοῖς
1305 1586 1661 1655 ἀντεπιφέρει
1695 1600 1829 1653 σφο-

249 1679 510 1752 δρότερον
532 1677 806 1751 ἔγκλημα,
840 1678 901 1733 τὸ
928 1680 1020 1734 τὸν
1041 1677 1135 1733 τοῦ
1164 1679 1412 1749 Μωσέως
1443 1678 1607 1748 νόμον
1646 1694 1829 1746 παραε

1934 577 2025 642 tri,
2053 584 2226 645 morte
2257 577 2540 632 moriatur.
2576 575 2683 630 Vos
2715 584 2902 630 autem
2943 572 3166 649 dicitis:
3210 571 3268 627 Si
3305 574 3505 627 dixerit

1930 672 2091 726 homo
2138 669 2277 740 patri
2316 678 2419 725 aut
2458 669 2635 747 matri.
2669 667 2908 729 Cor-han,
2960 666 3104 735 quod
3132 676 3235 729 est,
3276 654 3511 732 Danum,

1936 762 2298 833 quodcunque
2330 777 2393 817 ex
2433 767 2520 816 me
2580 760 2633 816 in
2670 771 2820 814 tuum
2860 759 3017 814 cedet
3041 758 3416 822 commodum,
3453 765 3508 811 et

1928 860 2189 920 praeterea
2239 865 2347 905 non
2410 850 2730 906 sinitiseum
2775 847 3072 917 quidquam
3110 846 3313 911 iacere
3368 847 3509 915 patri

1930 958 2049 1008 suo,
2078 951 2172 997 aut
2203 942 2365 999 matri
2403 956 2540 1006 sum,
2569 949 2623 995 et
2659 940 2872 996 irritum
2905 938 3085 995 facitis
3135 939 3364 1001 verbum
3416 936 3508 991 Dei

1931 1050 2027 1105 per
2057 1033 2504 1089 constitutionem
2562 1040 2800 1092 vestram
2862 1046 3023 1100 quam
3071 1028 3411 1095 indidistis,
3450 1040 3507 1085 et

1930 1127 2095 1199 206
2128 1126 2327 1182 similia
2358 1124 2667 1195 huiusmodi
2690 1123 2859 1180 multa
2884 1122 3098 1186 facitis.
3138 1140 3156 1174 ι
3181 1120 3514 1201 Utgravius

1935 1227 2128 1291 arguat
2181 1218 2444 1271 Dominus
2485 1214 2724 1281 Iudaeos,
2770 1215 2990 1271 adducit
3031 1225 3087 1270 et
3126 1214 3448 1285 prophetam
3480 1228 3510 1268 a

1933 1327 2040 1381 quo
2074 1296 2350 1367 taxantur.
2394 1308 2470 1365 Illi
2500 1310 2646 1369 enim
2683 1308 2979 1386 discipulos
3036 1308 3337 1378 arguebant
3370 1310 3507 1378 quot

1934 1405 2211 1459 seniorum
2250 1403 2597 1472 traditionem
2626 1402 2979 1475 ,prevaricati
3020 1409 3221 1463 essem.
3250 1399 3487 1457 deinu

1935 1505 2115 1551 autem
2150 1496 2229 1549 eis
2251 1494 2496 1567 impingit
2514 1496 2723 1549 crimen
2747 1494 2905 1563 longe
2929 1493 3167 1562 gravius,
3193 1493 3335 1562 quod
3353 1490 3509 1550 Mosi:

1934 1589 2101 1659 legem
2133 1589 2638 1657 praevaricarentur.
2681 1586 2789 1643 Lex
2811 1589 2956 1642 enim
2991 1585 3087 1652 ait,
3106 1584 3244 1641 dicit
3267 1602 3281 1638 :
3303 1583 3519 1639 llonora

1935 1691 2147 1752 patrem
2165 1692 2310 1734 tuum
2329 1690 2382 1736 et
2400 1691 2629 1737 matrem
2647 1689 2791 1735 tuam
2816 1697 2829 1734 :
2850 1694 2944 1734 vos
2966 1687 3147 1733 autem
3164 1678 3371 1732 docetis
3388 1692 3525 1747 pne-

162 1788 163 1791 ‘
244 1770 488 1841 ϐαίνειν.
542 1769 601 1823 '0
635 1772 735 1841 μὲν
768 1771 878 1843 γάρ
928 1772 1093 1842 νόμος
1136 1772 1294 1841 φησὶ,
1344 1770 1524 1838 λέγει’
1562 1770 1709 1838 Τίμα
1741 1768 1833 1820 τὸν

1946 1788 2026 1828 ros
2044 1783 2100 1826 ut
2128 1773 2311 1827 dicant
2330 1773 2400 1827 ad
2414 1782 2688 1842 parentes,
2705 1770 2944 1838 Corban,
2969 1770 3073 1827 hoc
3098 1779 3203 1835 est,
3230 1768 3439 1834 Donum
3468 1780 3524 1824 et

255 1862 472 1932 πατέρα
505 1877 599 1914 σου
630 1863 724 1916 καὶ
750 1862 850 1933 τὴν
874 1863 1086 1934 μητέρα
1120 1879 1214 1915 σου
1241 1874 1255 1889 ⁶
1294 1864 1455 1932 ὑμεῖς»
1480 1860 1536 1915 δὲ
1559 1860 1839 1914 διδάσκετε

1946 1865 2179 1920 oblatum
2244 1864 2355 1921 Deo
2406 1875 2512 1929 est,
2546 1865 2691 1933 quod
2754 1865 2957 1936 quaeris
2995 1878 3061 1920 ex
3109 1879 3217 1919 me.
3261 1863 3518 1921 Pharismi

256 1952 383 2015 τοὺς
428 1951 623 2016 παῖδας
670 1953 846 2022 λέγειν
886 1955 1023 2024 πρὸς
1066 1956 1191 2017 τοὺς
1250 1956 1445 2024 γονεῖς,
1481 1954 1561 2006 ὅτι
1593 1950 1839 2021 Κορϐἀν,

1946 1958 2084 2011 enim
2118 1957 2365 2021 volentes
2394 1957 2660 2012 devorare
2719 1971 2780 2012 ea
2824 1972 2949 2027 qua:
2977 1966 3134 2011 erant
3163 1956 3523 2027 plebeiorum,

252 2041 525 2105 τουτέστι,
550 2041 735 2112 Δῶρον
762 2044 854 2099 καὶ
887 2044 1311 2113 ἀνατεθειμένον
1360 2044 1437 2115 τῷ
1466 2042 1585 2112 Θεῷ
1614 2045 1783 2103 ἐστιν,
1810 2039 1839 2093 δ

1946 2048 2210 2103 docebant
2242 2062 2467 2117 pueros,
2500 2048 2544 2103 si
2578 2048 2707 2116 quid
2740 2046 3004 2103 haberent
3038 2048 3186 2109 velut
3214 2045 3484 2116 peculium
3509 2084 3525 2111 ,

256 2126 443 2201 ζητεῖς
472 2130 530 2194 ἐξ
558 2132 715 2200 ἐμοῦ.
745 2133 807 2185 Ol
828 2131 936 2203 γὰρ
962 2134 1245 2203 Φαρισαῖοι
1270 2133 1513 2196 θέλοντες
1530 2131 1839 2186 κατεσθίειν

1946 2149 1997 2196 et
2026 2141 2154 2195 illud
2199 2151 2506 2210 quaererent
2552 2153 2826 2212 parentes,
2855 2141 3143 2196 dicerent:
3178 2138 3298 2195 iam
3334 2154 3528 2195 conse-

255 2222 331 2276 τὰ
359 2224 464 2282 τῶν
495 2222 901 2293 ἀφελεστέρων,
934 2216 1214 2279 ἐδίδασκον
1256 2226 1381 2287 τοὺς
1414 2225 1634 2287 παῖδας,
1668 2224 1763 2279 ἐάν
1785 2240 1837 2275 τι

258 2306 407 2383 εἶχον
430 2312 598 2365 οἱονεὶ
627 2312 937 2379 πεκούλιον,
969 2313 1062 2366 καὶ
1092 2314 1319 2385 ἐζήτουν
1350 2314 1509 2368 τοῦτο
1548 2316 1595 2367 οἱ
1627 2315 1836 2382 γονεῖς,

153 2407 173 2417 ’
234 2440 235 2447 η
258 2402 460 2471 λέγειν,
481 2404 562 2455 ὅτι
594 2402 736 2475 Ἤδη
759 2405 1039 2475 ἀφιέρωσα
1062 2404 1220 2458 τοῦτο
1243 2406 1319 2477 τῷ
1347 2404 1487 2476 Θεῷ,
1512 2406 1605 2460 καὶ
1642 2404 1840 2476 μηκέτι

259 2497 439 2567 ζήτει,
464 2497 538 2559 ὡς
562 2497 825 2551 ἀνατεθὲν
849 2498 927 2571 τῷ
948 2499 1161 2571 Κυρίῳ.
1194 2500 1379 2564 Οὕτως
1401 2500 1494 2553 οὖν
1524 2500 1841 2561 ἀπατῶντες

258 2588 391 2652 τοὺς
433 2590 649 2653 παῖδας,
721 2592 813 2644 καὶ
860 2591 1258 2662 συμπείθοντες
1312 2594 1510 2655 αὐτοὺς
1570 2591 1834 2663 ἀφιεροῦν

258 2678 423 2750 δῆθεν
461 2681 540 2753 τῷ
580 2683 701 2753 Θεῷ
731 2682 766 2737 ἀ
802 2680 969 2754 εἶχον,
1025 2684 1152 2746 τοὺς
1200 2684 1299 2755 μὲν
1339 2684 1582 2755 πατέρας
1617 2683 1837 2736 ἐποίουν

262 2776 642 2844 περιφρονεῖν,
700 2759 950 2831 αὑτοῖίδέ
987 2776 1058 2830 τὰ
1101 2776 1481 2848 ἀφιερωθέντα
1518 2778 1836 2848 κατήσθιον.

263 2863 438 2918 τοῦτο
473 2866 565 2919 οὖν
596 2869 778 2932 αὐτοῖς
806 2871 835 2921 ὁ
888 2868 1091 2938 Κύριος
1120 2869 1368 2936 ἐγκαλεῖ,
1391 2869 1467 2932 ὡς
1500 2868 1588 2923 διὰ
1643 2870 1839 2939 κέρδος

265 2957 667 3026 παραϐαίνουσι
702 2961 794 3014 τὸν
821 2960 917 3013 τυῦ
947 2960 1085 3014 Θεοῦ
1134 2962 1321 3030 νόμον.

349 3067 367 3100 t
397 3051 506 3104 Καὶ
533 3053 1054 3129 προσκαλεσάμενος
1100 3054 1279 3107 πάντα
1322 3053 1414 3107 τὸν
1442 3053 1620 3125 δχλον,
1655 3053 1840 3121 ἔλεγεν

265 3140 452 3205 αὐτοῖς
478 3159 491 3173 ·
530 3144 775 3198 Ἀκούετε
811 3163 933 3215 μου,
980 3148 1205 3211 πάντες,
1249 3147 1342 3199 καὶ
1366 3136 1609 3200 συνίετε·
1673 3145 1839 3211 υύδέν

267 3235 421 3287 ἐστιν
448 3232 648 3299 ἔξωθεν
682 3236 779 3289 τοῦ
815 3238 1107 3311 ἀνθρώπου
1136 3238 1593 3309 είσπορευόμενον
1628 3239 1710 3301 είς
1747 3238 1844 3290 αὐ-

232 3368 233 3371 η
267 3326 388 3389 τὸν,
420 3325 449 3379 δ
477 3326 699 3383 δύναται
735 3329 901 3383 αὐτὸν
934 3329 1219 3393 κοινῶσαι,
1270 3328 1411 3391 ἀλλά
1454 3328 1524 3383 τά
1551 3328 1849 3402 ἐκπορευό-

272 3433 416 3488 μενα
439 3418 532 3472 ἀπ’
550 3420 954 3485 αὑτοῦ,·ἐκεῖνά
979 3424 1097 3475 ἐστι
1120 3421 1191 3476 τὰ
1218 3420 1502 3475 κοινοῦντα
1520 3420 1610 3474 τὸν
1643 3419 1853 3491 ἀνθρω-

269 3500 398 3566 ήον.
438 3510 506 3564 Et
553 3529 635 3575 τις
688 3512 802 3581 ἔχει
830 3506 946 3566 ὦτα
999 3511 1242 3576 ἀκούειν,
1298 3510 1566 3565 ἀκουέτω.
1620 3511 1733 3566 Καὶ
1760 3510 1849 3564 ὅτε

268 3602 521 3673 εἰσῆλθεν
554 3606 633 3669 είς
659 3602 809 3659 οἶκον
837 3607 945 3661 ἀπὸ
977 3606 1073 3658 τοῦ
1102 3607 1281 3677 δχλου,
1342 3603 1647 3675 ἐπηρώτων
1681 3603 1845 3658 αὐτὸν

271 3693 324 3744 oi
363 3692 600 3763 μαθηταὶ
624 3694 791 3748 αὑτοῦ
844 3695 1104 3766 περὶτῆς
1152 3694 1489 3765 παραϐολῆς.
1543 3696 1654 3748 Καὶ
1698 3694 1849 3761 λιγει

269 3782 493 3847 αὐτοῖς’
528 3783 686 3856 Οὕτω
748 3786 840 3839 καὶ
890 3776 1050 3857 ὑμεῖς
1083 3786 1333 3841 ἀσύνετοί
1369 3788 1528 3852 late;
1567 3784 1645 3840 Οὐ
1678 3788 1851 3839 νοεῖτε

270 3874 360 3928 ὅτι
394 3876 503 3928 πᾶν
545 3875 606 3930 τὸ
630 3874 829 3940 ἔξωθεν
865 3878 1326 3947 είσπορευόμενον
1384 3878 1462 3939 είς
1492 3877 1586 3930 τὸν
1636 3874 1850 3947 ἀνθρωο

230 3966 233 3967 ⁷
271 3983 401 4043 πον,
433 3968 492 4020 οὐ
531 3967 753 4023 δύναται
775 3968 1244 4041 αύτδνκοινῶσαι,
1285 3971 1369 4023 ὅτι
1391 3969 1492 4022 οὐκ
1528 3966 1853 4040 είσπορεύε·

268 4076 365 4112 ται
398 4058 567 4113 αὐτοῦ
589 4059 669 4122 είς
692 4048 1068 4131 τῆν’καρδίαν,
1100 4060 1219 4114 ἀλλ’
1245 4062 1327 4123 είς
1359 4060 1458 4130 τὴν
1494 4060 1728 4125 κοιλίαν,
1759 4060 1853 4112 καὶ

269 4151 469 4215 sict-cev
494 4150 783 4223 ἀφεδρῶνα
815 4138 1199 4222 ἐκπορεύεται,
1250 4150 1634 4221 ἐκκαθαρίζων
1673 4148 1852 4203 πάντα

267 4244 342 4297 τὰ
370 4240 664 4314 βρώματας
696 4242 890 4311 Ἔλεγε
948 4242 1025 4306 δὲ,
1065 4243 1148 4297 ὅτι
1191 4243 1265 4297 Τὸ
1303 4246 1391 4312 ἐκ⁴¹
1422 4242 1520 4297 τοῦ
1558 4242 1851 4314 ἀνθρώπου

264 4333 734 4405 ἐκπορευόμενον,
750 4336 925 4386 ἐκεῖνο
944 4336 1116 4387 κοινοῖ
1158 4334 1252 4387 τὸν
1266 4334 1365 4389 ἀνθ
1373 4350 1577 4405 ρωπον.
1600 4335 1846 4388 Ἐσωθεν

267 4429 384 4499 γὰρ
406 4433 473 4483 ἐκ
504 4428 607 4498 τῆς
628 4428 857 4496 καρδίας
882 4427 992 4481 τῶν
1018 4427 1325 4499 ἀνθρώπων
1354 4428 1404 4481 oi
1432 4428 1775 4499 διαλογισμοὶ
1800 4431 1849 4482 οἱ

1942 2234 2085 2287 cravi
2123 2234 2225 2288 hoc
2252 2234 2401 2300 Deo;
2429 2251 2496 2290 ne
2543 2234 2681 2297 ultra
2714 2248 2927 2303 (μικραί
2982 2234 3095 2303 jam
3142 2234 3385 2289 oblatum
3423 2233 3529 2286 Do-

1945 2325 2110 2379 mino.
2140 2324 2312 2395 Igitur
2341 2326 2421 2382 sic
2453 2326 2799 2397 decipiebant
2838 2341 3056 2397 pueros,
3091 2336 3146 2381 et
3193 2325 3357 2381 simul
3392 2340 3529 2394 ρει·-

1943 2418 2247 2472 suadebant
2284 2420 2365 2473 eis
2405 2428 2463 2476 ut
2502 2429 2898 2474 consecrarent
2936 2417 3166 2473 Domino
3197 2433 3320 2488 quae
3352 2418 3527 2472 habe-

1945 2516 2067 2561 rent
2098 2493 2110 2560 Ξ
2144 2523 2252 2575 quo
2282 2517 2538 2579 parentes
2566 2508 2838 2569 faciebant
2872 2509 3170 2575 contemni,
3198 2508 3300 2574 ipsi
3336 2510 3519 2561 antem

1944 2600 2276 2657 devorabam
2313 2603 2420 2667 Deo
2454 2614 2695 2657 sacrata.
2728 2595 3023 2670 Propterea
3059 2600 3243 2671 arguit
3287 2614 3382 2655 eos
3425 2598 3532 2653 Do-

1946 2691 2144 2761 minus,
2183 2694 2325 2765 quod
2359 2704 2581 2768 propter
2606 2695 2817 2750 lucrum
2848 2678 3327 2765 transgrediuntur
3356 2690 3527 2762 legem

1944 2782 2061 2838 Dei.

2032 3052 2195 3111 Vens.
2238 3024 2430 3130 i443.
2470 3074 2488 3108 ι
2531 3054 2595 3107 Ει
2636 3070 2756 3108 cum
2814 3055 3133 3110 advocasset
3163 3054 3337 3111 adse
3368 3063 3534 3110 totam

1950 3146 2183 3209 turbam,
2217 3146 2434 3200 dicebat
2457 3146 2562 3200 illis
2591 3164 2603 3198 ε
2630 3146 2826 3201 Audite
2866 3160 2971 3209 me,
2996 3160 3210 3210 omnes,
3238 3157 3295 3202 et
3336 3146 3537 3200 intelli-

1952 3236 2105 3306 gite:
2154 3236 2298 3292 Nihil
2348 3248 2433 3293 est
2461 3248 2618 3293 extra
2684 3220 3261 3294 hominem'introiens
3294 3239 3347 3296 in
3381 3254 3531 3302 eum,

1951 3329 2095 3399 quod
2119 3330 2291 3400 possit
2322 3344 2445 3383 eum
2502 3330 2828 3398 inquinare:
2892 3330 2987 3384 sed
3017 3345 3139 3400 qua:
3192 3331 3258 3386 de
3313 3330 3537 3385 homine

1953 3422 2277 3491 procedunt,
2337 3421 2430 3476 illa
2482 3431 2608 3477 sunt
2639 3438 2759 3492 qua
2803 3422 3095 3491 inquinant
3134 3422 3431 3477 hominem.
3478 3420 3536 3476 Si

1952 3511 2075 3580 quis
2107 3510 2269 3567 habet
2302 3528 2466 3567 aures
2530 3511 2598 3566 ad
2647 3511 3002 3578 audiendum,
3050 3510 3261 3566 audiat.
3300 3510 3373 3566 Et
3413 3526 3535 3567 eum

1953 3602 2214 3659 intrasset
2254 3604 2308 3659 in
2342 3605 2562 3659 domum
2591 3615 2838 3671 semotus
2864 3618 2892 3657 a
2919 3604 3101 3671 turba,
3130 3607 3541 3677 interrogabant

1954 3708 2079 3749 eum
2111 3694 2363 3764 discipuli
2397 3694 2533 3775 ejus.
2556 3695 2622 3749 de
2654 3693 2936 3765 parabOin.
2973 3692 3039 3748 Et
3075 3695 3149 3747 ait
3185 3693 3293 3781 ειμι
3331 3713 3344 3748 :
3384 3695 3535 3749 Adeo

1954 3796 2012 3841 et
2053 3801 2152 3852 vos
2208 3781 2563 3857 intelligentia
2622 3786 2864 3840 caretis?
2916 3784 3165 3840 Nondum
3239 3786 3541 3859 intelligitis

1954 3880 2097 3948 quod
2135 3893 2299 3934 omne
2329 3877 2462 3934 foris
2504 3879 2768 3934 introiens
2794 3879 2848 3934 in
2875 3878 3175 3945 hominem,
3214 3895 3324 3936 non
3354 3890 3538 3952 potest

1954 3984 2075 4023 eum
2118 3969 2427 4038 inquinare,
2459 3969 2586 4039 quia
2620 3984 2728 4023 non
2780 3970 2949 4024 intrat
2982 3971 3033 4025 in
3066 3984 3162 4025 cor
3187 3972 3329 4039 ejus,
3358 3973 3455 4025 sed
3482 3973 3536 4027 in

1956 4068 2220 4125 ventrem,
2272 4070 2327 4115 et
2373 4061 2424 4113 in
2472 4076 2749 4115 secessum
2802 4063 2934 4129 exit,
2995 4076 3297 4136 repurgans
3350 4077 3540 4120 omnes

1954 4151 2144 4208 escas?
2172 4150 2395 4207 Dicebat
2427 4163 2607 4206 autem
2636 4171 2649 4207 :
2686 4150 2839 4218 Quod
2894 4152 2962 4207 ab
2990 4153 3210 4209 homine
3245 4154 3377 4219 exit,
3411 4154 3541 4209 illud

1956 4247 2209 4315 inquinat
2252 4245 2554 4300 hominem.
2586 4244 2668 4298 Al)
2706 4243 3060 4299 interioribus
3092 4244 3237 4299 enim
3277 4244 3344 4313 de
3372 4246 3537 4300 corde

1956 4338 2238 4391 hominum
2268 4339 2423 4391 inulte
2458 4336 2819 4407 cogitationes
2866 4337 3191 4408 procedunt,
3241 4338 3535 4404 adulteria,

1955 4439 2165 4498 stupra,
2210 4428 2714 4495 homicidiaJurta,
2759 4430 3028 4495 avaritiae,
3066 4430 3308 4494 fraudes,
3354 4431 3533 4495 dolus,

268 4526 438 4582 κακοὶ
468 4522 885 4594 ἐκπορεύονται,
924 4525 1185 4592 μοιχεῖαι,
1217 4522 1488 4591 πορνεῖαι,
1520 4522 1684 4590 φόνοι,
1725 4522 1841 4575 κλο-

1958 4521 2320 4591 impudicitia,
2374 4521 2549 4577 malus
2580 4522 2793 4589 oculus,
2848 4522 3210 4591 blasphemia,
3256 4524 3533 4594 superbia,

270 4616 397 4679 παὶ,
437 4611 765 4677 πλεονεξίαι,
796 4613 1076 4681 πονηρίαι,
1106 4610 1279 4674 δόλος,
1330 4609 1608 4680 ἀσέλγεια,
1645 4610 1849 4681 ὀφθαλ-

272 4710 376 4781 μὸς
407 4706 666 4779 πονηρὸς,
725 4702 1067 4783 βλασφημία,
1119 4704 1491 4775 ὑπερηφανία,
1542 4705 1843 4777 ἀφροσύνη·

272 4804 455 4857 πάντα
482 4798 656 4853 ταῦτα
689 4798 759 4853 τά
808 4798 1019 4868 πονηρά
1073 4796 1279 4851 Ξσωθεν
1325 4797 1707 4868 ἐκπορεύεται,
1758 4799 1853 4851 καὶ

270 4892 447 4945 κοινοῖ
498 4889 590 4941 τὸν
629 4869 996 4959 ἄνθρωπον..)
1049 4886 1109 4940 'U
1153 4876 1359 4954 Κύριος
1408 4885 1678 4941 διδάσκων
1724 4889 1853 4953 τοὺς

268 4982 594 5053 ἀνθρώπους
627 4981 710 5034 ὅτι
744 4981 813 5035 τά
836 4979 947 5034 τῶν
974 4979 1286 5050 βρωμάτων
1321 4981 1772 5052 παρατηρήματα
1816 4980 1853 5035 ἀ

267 5078 305 5130 ὁ
332 5074 493 5145 νόμος
532 5071 866 5143 διαγορεύει,
909 5072 1010 5123 οὐκ
1042 5070 1334 5140 ὀφείλομεν
1400 5073 1542 5125 νοεῖν
1609 5088 1848 5142 σωματι-

269 5168 411 5233 κῶς,
462 5166 689 5236 ἄρχεται
741 5164 993 5219 ἐντεῦθεν
1028 5162 1438 5218 ἀποκαλύπτειν
1487 5166 1730 5235 μετρίως
1787 5167 1850 5218 τὸ

266 5258 367 5312 τοῦ
396 5259 563 5328 νόμου
593 5255 859 5328 βούλημα.
897 5255 1009 5310 Καί
1036 5260 1201 5324 φησιν
1226 5255 1308 5315 ὅτι
1342 5254 1495 5309 οὐδὲν
1528 5255 1637 5308 τῶν
1663 5257 1851 5311 εἰσπο-

272 5349 584 5420 ρευομένων
608 5347 831 5401 δύναται
863 5347 1148 5413 κοινῶσαι,
1173 5350 1443 5417 τουτέστι,
1481 5352 1672 5420 μιᾶναί
1706 5370 1849 5420 τινα,

269 5439 412 5493 ἀλλά
444 5438 513 5492 τά
544 5439 955 5509 ἐκπορευόμενα
983 5441 1046 5493 ἐκ
1089 5440 1191 5509 τῆς
1241 5442 1491 5513 καρδίας,
1527 5444 1711 5498 ἐκεῖνά
1746 5447 1851 5499 είσι

270 5531 345 5583 τὶ
384 5530 694 5599 μιαίνοντα,
730 5530 826 5583 καὶ
870 5530 1159 5598 καταλέγει
1190 5532 1385 5587 ταῦτα.
1425 5533 1738 5605 Ὀφθαλμὸν
1797 5536 1851 5591 δέ

266 5623 509 5691 πονηρόν
554 5638 745 5690 φησιν,
792 5622 824 5691 ἦ
884 5622 976 5677 τὸν
1022 5622 1238 5691 φθόνον,
1294 5626 1327 5695 ἢ
1383 5626 1483 5694 τὴν
1525 5627 1849 5681 ἀκολασίαν·

271 5716 369 5766 καὶ
419 5713 527 5783 γὰρ
585 5713 681 5766 καὶ
744 5714 771 5765 ὁ
825 5714 1056 5782 φθονῶν,
1115 5716 1396 5786 ὀφθαλμὸν
1456 5718 1693 5787 πονηρὸν
1758 5720 1851 5772 καὶ

276 5805 545 5861 ϐάσκανον
577 5803 861 5858 ἐπιϐάλλει
908 5805 983 5863 τῶ
1007 5805 1356 5873 φθονουμένῳ
1384 5825 1396 5838 ·
1433 5809 1528 5863 καὶ
1552 5808 1851 5873 ἀκόλαστος

1957 4613 2185 4668 stultitia
2220 4632 2235 4669 :
2272 4613 2455 4667 omnia
2485 4614 2601 4670 haec
2633 4612 2775 4668 mala
2813 4614 2881 4669 ab
2918 4613 3166 4669 internis.
3210 4617 3533 4683 procedunt,

1955 4716 2011 4761 et
2040 4706 2707 4776 coinquinanthominem.
2746 4725 2764 4759 ι
2784 4707 3043 4762 Dominus
3058 4708 3257 4762 docens
3287 4709 3535 4765 homines

1955 4798 2100 4878 quod
2132 4798 2380 4852 ciborum
2412 4797 2826 4854 observationes
2856 4812 2994 4867 quas
3024 4798 3107 4852 lex
3131 4799 3397 4868 praecipit,
3426 4815 3532 4858 non

1918 4896 1925 4901 ’
1958 4891 2254 4946 debeamus
2283 4890 2642 4961 corporaliter
2668 4889 2993 4959 intelligere,
3045 4889 3234 4961 incipit
3286 4892 3387 4945 hoc
3420 4892 3537 4946 loco

1956 4980 2091 5051 legis
2128 4992 2362 5038 mentem
2391 4982 2624 5051 aperire,
2677 4982 2863 5037 dicens
2897 5022 2913 5045 ,
2954 4980 3089 5035 nihil
3130 4983 3273 5051 quod
3300 4983 3539 5055 ingredi-

1958 5084 2069 5137 tur,
2104 5088 2263 5143 posse
2312 5088 2657 5129 communem
2711 5072 2911 5138 facere,
2961 5072 3065 5128 hoc
3117 5084 3202 5129 est
3248 5075 3537 5144 inquinare

1957 5168 2271 5243 quempiam
2300 5184 2314 5221 :
2347 5168 2441 5223 sed
2478 5182 2543 5221 ca
2567 5182 2685 5236 quae
2722 5165 3081 5237 egrediuntur
3103 5167 3169 5221 de
3199 5169 3386 5222 corde.
3443 5168 3535 5221 illa

1956 5257 2104 5314 enim
2127 5268 2254 5313 sunt
2287 5272 2407 5328 quas
2438 5257 2749 5326 inquinant,
2775 5265 2829 5309 et
2857 5264 3140 5311 enumerat
3184 5272 3270 5311 ea.
3308 5256 3538 5313 Oculum

1957 5349 2157 5404 malum
2218 5350 2396 5419 inquit
2445 5348 2529 5403 vel
2568 5348 2847 5412 invidiam,
2887 5348 2969 5403 vel
3009 5348 3530 5417 intemperantiam:

1956 5441 2155 5497 etenim
2208 5440 2423 5495 invidus
2456 5438 2671 5495 oculum
2700 5438 2898 5493 malum
2924 5447 2979 5493 et
3020 5437 3289 5494 fascinum
3326 5439 3535 5494 immit-

1959 5534 2021 5587 tit
2047 5534 2098 5587 in
2131 5547 2253 5587 eum
2278 5532 2365 5597 cui
2394 5531 2602 5586 invidet
2634 5570 2649 5596 ,
2685 5539 2741 5585 et
2774 5532 3142 5599 intemperans
3192 5543 3287 5599 per
3319 5528 3535 5584 oculum

1956 5626 2167 5689 videns,
2212 5624 2414 5679 malum
2454 5625 2706 5679 accersit.
2758 5622 3157 5693 Biasphemiam
3191 5632 3366 5675 autem
3405 5621 3536 5676 dicit

1958 5720 2257 5773 convicium
2316 5717 2370 5770 in
2432 5717 2619 5781 Deum,
2680 5726 2735 5770 ut
2794 5716 2837 5769 si
2915 5715 3039 5785 quis
3121 5716 3264 5769 dicat
3322 5734 3335 5767 :
3419 5713 3533 5767 Non

1957 5821 2036 5867 est
2065 5811 2422 5879 providentia,
2462 5811 2561 5864 hoc
2584 5808 2918 5878 blasphemia
2949 5816 3065 5874 est;
3095 5816 3147 5863 et
3178 5808 3299 5863 ideo
3347 5821 3536 5875 super-
