4108 6334
224 393 332 458 505

908 372 1374 443 ENARRATIO‘
1399 371 1495 436 IN
1529 368 2034 436 EVANGELIUM
2077 368 2347 430 MARCI.
2390 391 2460 409 -υ
2496 367 2660 431 CAP.
2690 366 2828 430 VII.

3394 360 3502 431 56.6

224 498 571 575 εὐεργεσίαν,
607 496 676 567 ἢν
697 495 815 559 τοῖς
856 491 1123 557 παιδίοις,
1170 492 1292 563 ἦτοι
1334 490 1449 551 τοῖς
1536 483 1816 556 Εϐραίοις,

1944 480 2062 549 )uia
2094 496 2226 536 vero
2276 480 2583 550 prudenter
2615 478 2900 549 respondit
2930 475 3125 531 mulier
3168 485 3222 532 et
3252 478 3506 543 ﬁdeliter,

225 591 507 663 ἀφώρισεν
532 588 561 642 6
577 586 711 650 Θεὸς
744 601 758 614 ·
789 586 886 647 τὰς
902 582 1013 651 γὰρ
1034 581 1359 654 εὐεργεσίας
1378 579 1494 641 τοῖς
1534 576 1814 647 Ἑϐραίοις

226 680 533 736 ἀπέστειλε.
549 678 720 748 this-iv
738 675 833 729 οὖν
857 676 887 728 ὁ
915 674 1145 746 Κύριος,
1164 672 1276 738 δτι,
1293 670 1371 724 Οὐ
1397 669 1481 723 δεῖ
1501 670 1630 732 τοὺς
1666 668 1814 721 leut-

231 774 367 835 κοὺς
413 771 706 842 μετασχεῖν
762 768 864 837 τῆς
918 763 1245 836 εὐεργεσίας
1286 763 1321 834 ἢ
1373 764 1489 825 τοῖς
1534 758 1816 823 Ἰουδαίοις

231 856 580 935 ἀφώρισταιέ
614 859 826 914 ἒπεὶηδὶ
883 858 1121 921 συνετῶς
1150 854 1427 927 ἀπεκρίθη
1466 856 1511 925 ἡ·
1552 853 1692 923 γυνὴ
1719 853 1815 907 καὶ

229 957 464 1023 πιστῶς,
502 953 660 1024 ιτυχε
712 952 812 1022 τῆς
870 948 1187 1019 δπιθυμίαςι
1231 947 1316 1002 Οἱ·
1356 946 1458 1017 μὲν
1522 946 1633 1015 γάρ
1670 944 1807 999 Τουο

227 1050 398 1112 δαῖοι,
437 1046 594 1114 φησϊ,
627 1043 719 1097 τὸν
747 1043 910 1112 ἄρτον
942 1037 1446 1111 ἔχουσιβουτέστι,
1481 1036 1544 1089 σι
1578 1036 1818 1108 ὁλὸκρη-

235 1158 350 1214 ρον,
392 1137 483 1191 τὸν
506 1136 569 1203 ἐξ
599 1133 832 1207 ούρανοὸ
863 1132 1200 1203 καταϐάντα,
1253 1132 1350 1185 καὶ
1390 1128 1491 1192 τάς
1527 1128 1627 1193 σάς
1658 1129 1819 1199 εὐερ-

230 1230 428 1299 γεσίας
452 1243 465 1257 ·
500 1226 611 1295 ἐγὼ
638 1226 696 1280 δὲ
724 1224 883 1296 ψιχία
906 1222 1067 1288 αίτῶ,
1092 1220 1364 1284 τουτέστι,
1396 1218 1630 1291 μερικὴν
1659 1218 1819 1291 εὐερ-

233 1324 450 1391 γεσίαν.
482 1322 625 1391 Ὅρα
650 1320 710 1374 δὲ
736 1318 953 1374 καὶτὸν
983 1316 1189 1386 Κύριον
1207 1354 1222 1378 ,
1255 1313 1370 1377 πῶς
1396 1312 1499 1366 οὐκ
1521 1308 1679 1365 εἷπεν
1710 1312 1818 1377 ὅτι,

238 1410 311 1466 Ἥ
341 1411 569 1481 δύναμίς
609 1426 711 1478 μου
738 1406 910 1461 ἐσωσέ
943 1423 1023 1460 σε.
1041 1404 1204 1460 Ἀλλά
1233 1402 1286 1457 τί
1308 1402 1587 1472 φησι’;Διὰ
1616 1403 1708 1456 τὸν
1736 1401 1825 1455 λό-

232 1520 334 1573 γον
362 1501 573 1566 τοῦτον,
601 1500 873 1562 τουτέστι,
906 1496 996 1552 διὰ.
1056 1495 1157 1568 τὴν
1215 1494 1400 1548 πίστιν
1432 1510 1551 1557 σου,
1611 1493 1819 1562 ὕπαγε,

1920 572 2178 628 desiderii
2232 570 2383 629 facta
2432 578 2519 626 est
2559 585 2805 640 compos.
2863 566 3034 625 Judaei
3091 568 3259 633 enim,
3311 569 3507 638 inquit,

1918 676 2113 734 panem
2144 660 2370 726 habent,
2392 661 2494 717 hoc
2513 670 2599 718 est
2630 669 2685 716 te
2713 669 2910 724 totum,
2931 657 3027 729 qui
3044 672 3076 713 e
3099 658 3254 715 cretis
3284 659 3510 713 descen-

1919 755 2072 823 disti,
2096 768 2153 811 et
2185 754 2453 812 beneficia
2486 764 2575 809 tua
2603 754 2621 808 ':
2656 763 2713 810 at
2744 767 2846 822 ego
2877 752 3050 807 micas
3095 760 3249 821 peto,
3286 752 3391 807 hoc
3423 759 3511 806 est

1920 847 2250 905 beneﬁcium
2329 844 2685 919 particulare.
2762 842 2903 900 Vide
2967 852 3149 897 autem
3227 844 3511 899 Dominum

1921 936 2196 1004 quomodo
2222 949 2328 990 non
2365 935 2566 989 dixerit
2598 951 2613 989 :
2653 931 2844 988 Virtus
2878 946 2999 988 mea
3026 932 3261 987 salvavit
3299 941 3351 988 te
3374 952 3389 989 :
3416 931 3512 987 sed

1924 1024 2057 1097 quid
2104 1025 2278 1082 dicit?
2339 1023 2571 1095 Propter
2640 1039 2953 1082 sermonem
3016 1025 3184 1091 hunc,
3242 1024 3345 1079 hoc
3400 1032 3509 1088 est,

1921 1130 2149 1193 propter
2186 1120 2350 1177 ﬁdem
2377 1132 2547 1188 tuam,
2588 1120 2730 1177 vade
2762 1139 2779 1176 :
2813 1118 3077 1175 mundata
3110 1118 3372 1195 euimgest
3401 1117 3514 1173 illia

1918 1226 2042 1271 tua.
2077 1214 2235 1270 Disce
2270 1214 2438 1284 igitur
2460 1223 2515 1270 et
2551 1223 2606 1268 tu
2637 1213 2746 1269 hoc
2776 1214 2898 1269 loco
2930 1214 3121 1269 utilem
3177 1213 3511 1268 doctrinam.

1923 1308 2139 1364 Etenim
2182 1306 2564 1376 unusquisque
2588 1314 2839 1361 nostrum
2864 1304 3035 1375 208
3067 1304 3285 1376 quando
3304 1312 3515 1373 peccat,

1927 1400 2120 1456 mulier
2134 1401 2372 1467 est,.hoc
2392 1407 2477 1455 est
2501 1400 2715 1465 infirma
2750 1400 2930 1454 anima
2958 1415 2974 1465 ;
3000 1397 3287 1455 Plimnissa
3309 1406 3517 1458 autem.

1928 1503 2192 1567 tanquam
2247 1495 2471 1549 rubrum
2536 1501 2594 1549 et
2643 1492 3057 1562 sanguinarium
3118 1506 3184 1549 ac
3214 1492 3518 1548 .crncntuni

234 1590 581 1664 ἐκαθαρίσθη
636 1590 748 1661 γὰρ
805 1591 839 1659 ἡ
878 1588 1126 1657 Θυγάτηρ
1159 1602 1277 1641 σου.
1317 1585 1574 1640 Μάνθανε
1608 1579 1702 1638 οὖν
1729 1583 1826 1638 καὶ

1944 1596 2214 1656 peccatum
2238 1584 2469 1643 habens.
2504 1584 2704 1639 Filiam
2734 1593 2923 1639 autem
2959 1583 3129 1638 habet
3151 1582 3278 1637 talis
3314 1582 3521 1647 anima,

235 1687 306 1741 σὺ
361 1682 613 1739 δντεῦθεν
666 1680 947 1751 ὲπωφελὲς
1010 1679 1265 1751 μάθημα.
1307 1676 1420 1732 Καὶ
1451 1676 1560 1747 γάρ
1593 1675 1828 1739 ἱκαστος

1944 1683 2136 1737 malum
2170 1696 2329 1753 Opus.
2368 1682 2512 1753 quod
2556 1682 2726 1737 habet
2776 1680 3133 1736 dzumonium.
3189 1677 3328 1734 Mala
3376 1678 3522 1733 enim

234 1776 401 1849 ήμῶν
436 1776 566 1829 ὅταν
599 1772 917 1846 ἁμαρτάνῃ,
956 1772 1096 1842 γυνὴ
1144 1773 1283 1836 ἐστι,
1318 1770 1627 1835 τουτέστιν,
1660 1767 1826 1822 ἀσθε-

1944 1789 2122 1846 opera,
2178 1774 2485 1830 daemonum
2544 1781 2677 1829 sunt
2728 1790 2741 1826 :
2802 1780 3128 1843 peccatores
3167 1772 3348 1839 itaque
3399 1785 3521 1824 cum

355 1869 530 1939 ψυχή’
556 1832 981 1931 Φοίνίκισσσίέδὲ,
1018 1832 1096 1927 ώς
1124 1862 1224 1934 τὴν
1256 1832 1824 1933 (ροιννκὴνάμαρτίαν

1944 1870 2133 1931 simus,
2164 1882 2330 1923 canes
2364 1866 2737 1932 nominamur,
2789 1863 3140 1919 immunditia
3192 1862 3359 1931 pleni,
3395 1864 3526 1932 pro-

240 1965 341 2017 καὶ
371 1961 657 2033 αἱματώδη
686 1960 785 2013 καὶ
836 1956 1162 2027 φονεύτριαν
1195 1956 1418 2027 ἔχουσα.
1453 1953 1741 2024 Θυγατέρα
1766 1952 1826 2006 δὲ

1944 1970 2054 2029 pter
2087 1960 2231 2030 quod
2263 1969 2318 2014 et
2343 1958 2553 2029 indigni
2616 1973 2810 2013 sumus
2837 1958 2928 2025 qui
2959 1954 3295 2024 accipiamus
3329 1968 3525 2025 panem

241 2056 365 2124 εχει
414 2055 449 2124 ἠ
491 2053 713 2121 τοιαύτη
751 2050 923 2121 ψυχὴ,
980 2050 1080 2120 τὴν
1122 2047 1369 2119 πονηρὰν
1426 2045 1651 2118 πρᾶξιν,
1706 2046 1831 2115 ἠτις

1944 2050 2048 2116 Dei,
2068 2051 2170 2105 hoc
2192 2048 2801 2114 est,commnnicemus
2831 2045 3197 2103 immaculatis
3220 2045 3519 2117 mysteriis.

241 2146 360 2217 εχει
390 2145 691 2215 δαιμόνιον.
741 2144 808 2197 Ai
856 2143 965 2213 γὰρ
994 2142 1234 2213 πονηραὶ
1266 2137 1515 2211 πράξεις,
1557 2136 1829 2209 δαιμόνων

1944 2143 2085 2211 αυοά
2128 2145 2171 2199 si
2232 2159 2329 2213 per
2373 2143 2737 2199 humilitatem
2809 2142 3178 2213 nosmetipsos
3233 2140 3527 2211 agnoveri-

241 2236 407 2289 είσίν·
467 2234 788 2305 ἁμαρτωλοὶ
833 2232 927 2287 οὖν
962 2232 1135 2296 ὄντες,
1176 2232 1273 2285 καὶ
1301 2230 1535 2302 κυνάρια
1562 2227 1830 2299 ὀνομαζό-

1944 2250 2083 2302 mns,
2121 2243 2179 2291 et
2218 2234 2455 2293 confessi
2497 2235 2764 2291 fuerimus
2792 2250 2894 2291 nos
2924 2248 3049 2289 esse
3078 2247 3269 2299 canes,
3306 2246 3528 2288 enarra-

244 2326 413 2395 μεθα,
460 2326 802 2395 ἀκαθαρσίας
856 2321 1252 2395 γέμονταοδιά
1299 2322 1460 2375 τοῦτο
1509 2321 1632 2375 οὐδὲ
1683 2320 1827 2386 ἀξιοί

1944 2326 2284 2393 rerimusque
2346 2334 2565 2397 peccata
2614 2335 2827 2392 nostra,
2879 2334 3008 2381 tunc
3065 2322 3354 2379 sanabitur
3411 2320 3526 2376 filia

244 2420 417 2487 ἐσμεν
468 2417 655 2471 λαϐεῖν
681 2416 773 2470 τὸν
803 2416 969 2487 ἄρτον
1000 2415 1093 2470 τοῦ
1142 2414 1306 2479 Θεοῦ,
1341 2414 1461 2485 ἦτοι
1498 2412 1826 2484 μεταλαϐεῖν

1944 2427 2150 2485 nostra.
2180 2419 2283 2474 hoc
2300 2429 2564 2491 est,,opus
2595 2420 2954 2476 diabolicum.

244 2509 359 2564 τῶν
404 2508 693 2580 ἀχράντων
746 2508 1095 2578 μυστηρίων·
1132 2506 1229 2561 δάν
1273 2506 1458 2576 μέντοι
1507 2504 1827 2576 ὲπιγνῶμεν
1866 2508 2099 2573 ἑαυτοὺς
2163 2510 2254 2565 διὰ
2309 2512 2410 2582 τῆς
2456 2511 2996 2584 ταπεινοφροσύνης,
3032 2514 3130 2568 καὶ
3178 2512 3263 2566 ὅτι
3298 2509 3533 2581 κυνάριά

244 2605 419 2674 ἀσμεν
511 2603 963 2673 ὁμολογήσωμεν,
1037 2600 1134 2655 καὶ
1192 2598 1650 2671 ἑξαγορεύσωμεν
1736 2599 1836 2665 τὰς
1876 2602 2155 2675 ἁμαρτίας
2193 2605 2374 2677 ἡμῶν,
2439 2606 2564 2660 τότε
2615 2606 2901 2677 ἰαθήσεται
2936 2607 2970 2677 ή
3022 2604 3293 2677 θυγάτηρ,
3370 2621 3533 2660 του-δ-

248 2697 421 2764 ιστιν,
447 2698 482 2767 ἡ
519 2698 719 2768 πρᾶξις
754 2699 788 2768 ἠ
818 2695 1200 2769 δαιμονιώδης.

328 2806 348 2839 ι
393 2787 505 2840 Καὶ
553 2787 716 2839 πάλιν
772 2786 1005 2854 ἐξελθὼν
1027 2787 1093 2841 ὲκ
1144 2786 1257 2840 τῶν
1288 2786 1453 2860 ὁρίων
1494 2785 1678 2858 Τύρου
1734 2788 1835 2842 καὶ

249 2880 507 2945 Σιδῶνος,
549 2876 682 2952 ἦλθε
732 2880 871 2952 πρὸς
899 2880 1001 2952 τὴν
1052 2879 1331 2935 Θάλασσαν
1379 2882 1481 2951 τῆς
1519 2879 1832 2946 Γαλιλαίας,

197 2978 215 3001 ⁸
254 2972 365 3027 ἀνά
423 2972 588 3043 μέσον
623 2971 733 3025 τῶν
791 2971 958 3041 ὁρίων
993 2970 1371 3035 Δεκαπόλεως,
1422 2970 1520 3026 καὶ
1577 2970 1836 3042 φέρουσιν

250 3062 410 3134 αὑτῷ
448 3063 631 3133 κωφὸν
700 3061 1012 3132 μογιλάλον,
1064 3064 1161 3117 καὶ
1205 3062 1623 3133 παρακαλοῦσιν
1674 3063 1837 3117 αὐτὸν

253 3158 346 3211 ἵνα
376 3155 536 3227 ἐπιθῇ
568 3156 718 3227 αύτῷ
767 3142 865 3224 τὴν
892 3157 1071 3226 χεῖρα,
1111 3154 1209 3208 καὶ
1236 3154 1647 3225 ἀπολαϐόμενος
1674 3153 1841 3210 αὐτὸν

251 3251 366 3305 ἀπὸ
416 3250 510 3303 τοῦ
567 3249 725 3320 δχλου
779 3248 898 3303 κατ’
933 3249 1095 3313 ἰδίαν,
1143 3247 1306 3301 ῑϐαλε
1354 3247 1483 3309 τοὺς
1535 3247 1843 3312 δακτύλους

254 3338 429 3395 αὐτοῦ
461 3340 541 3404 είς
587 3339 655 3393 τά
695 3332 811 3391 ὢτα
842 3337 1009 3392 αὐτοῦ
1044 3352 1059 3367 ⁸
1105 3337 1203 3392 καὶ
1260 3336 1473 3400 πτύσας
1530 3336 1710 3407 ἥψατο
1739 3337 1842 3407 τῆς

254 3432 507 3501 γλώττης
564 3430 755 3496 αὐτοῦ,
801 3430 897 3485 καὶ
954 3429 1267 3499 ἀναϐλέψας
1332 3430 1412 3492 είς
1462 3429 1555 3482 τὸν
1610 3429 1840 3501 οὐρανὸν

255 3524 533 3590 ἐστέναξε,
559 3522 653 3577 καὶ
684 3522 833 3590 λέγει
859 3520 1038 3592 αύτῷζ,
1086 3520 1334 3591 Ἐφφαθά
1358 3537 1371 3553 °
1409 3524 1438 3577 ὅ
1459 3523 1601 3590 ἐστι,
1628 3522 1842 3577 Διανοί-

255 3615 445 3689 γὶθητι·
476 3615 573 3669 καὶ
602 3614 802 3677 εὐθέως
833 3612 1216 3685 διηνοίχθησαν
1237 3612 1402 3667 αὐτοῦ
1434 3614 1493 3668 αί
1526 3615 1712 3682 ἀκοαὶ,
1746 3617 1844 3670 xa‘t

256 3708 425 3778 ἐλύθη
483 3709 512 3761 ὁ
568 3706 770 3776 δεσμὸς
826 3707 923 3774 τῆς
964 3704 1213 3775 γλώττης
1259 3705 1449 3771 αὑτοῦ,
1503 3708 1599 3761 καὶ
1656 3708 1844 3763 ἐλάλει

257 3795 461 3867 ὀρθῶς,
496 3794 594 3847 καὶ
636 3793 972 3847 διεστείλατο
1021 3792 1207 3856 αὐτοῖς
1235 3792 1322 3846 ἵνα
1352 3791 1542 3863 μηδενὶ
1592 3795 1842 3853 εἴπωσιν.

259 3886 433 3940 Ὅσον
454 3885 511 3937 δὲ
540 3884 705 3945 αὐτὸς
722 3883 907 3946 αὐτοῖς
928 3883 1287 3949 διεστέλλετο,
1324 3884 1526 3953 μᾶλλον
1573 3887 1834 3955 περισσό-

261 3991 428 4046 τερον
469 3974 793 4044 ἐκήρυττον,
838 3972 935 4025 καὶ
972 3972 1398 4042 ὑπερπερισσῶς
1425 3972 1845 4046 ἐξεπλήσσοντο,

264 4064 523 4133 λέγοντες
543 4079 559 4094 ο
589 4061 785 4125 Καλῶς
806 4061 986 4133 πάντα
1018 4062 1311 4129 πεποίηκε,
1332 4062 1428 4116 καὶ
1457 4065 1599 4127 τοὺς
1627 4067 1847 4133 κωφοὺς

260 4159 411 4210 ποιεῖ
435 4155 677 4221 ἀκούειν,
709 4144 805 4208 καὶ
825 4140 950 4218 τοὺς
968 4154 1201 4218 ἀλάλους
1219 4155 1423 4211 λαλεῖν.
1462 4158 1622 4210 »Οὐκ
1648 4158 1851 4229 ἐμϐρα-

257 4249 411 4303 δύνει
448 4252 560 4313 τοῖς
592 4248 701 4300 τῶν
733 4248 964 4301 ἐθνικῶν
1007 4248 1215 4314 τόποις,
1266 4249 1406 4302 άλλά
1445 4250 1659 4321 ταχέως
1711 4252 1849 4321 μεθ-

2015 2784 2184 2842 Vsus.
2237 2785 2430 2841 5-1-37.
2480 2804 2500 2839 ι
2532 2785 2600 2841 Ει
2656 2784 2873 2841 rursum
2912 2798 3168 2854 egressus
3217 2783 3286 2840 de
3331 2780 3534 2841 finibus

1946 2878 2076 2949 Tyri
2110 2893 2177 2933 ac
2204 2876 2606 2943 Sidonis,venit
2650 2878 2717 2932 ad
2745 2892 2898 2932 mare
2935 2875 3175 2934 Galilzeze
3202 2889 3299 2947 per
3324 2877 3535 2932 medios

1948 2967 2086 3022 fines
2125 2967 2430 3036 Decapolis.
2479 2979 2535 3022 et
2597 2968 2873 3023 adducunt
2933 2968 2982 3022 ei
3055 2967 3282 3023 surdum
3348 2968 3534 3039 lingua

1944 3058 2311 3123 haesitantem,
2363 3056 2417 3113 ct
2464 3060 2836 3130 deprecantur
2874 3068 3097 3113 eumut
3146 3059 3402 3128 imponat
3454 3059 3532 3114 illi

1944 3155 2267 3211 manum.et
2289 3163 2414 3204 cum
2444 3149 2902 3221 apprehendisset
2931 3164 3054 3205 eum
3089 3150 3157 3206 de
3186 3151 3347 3208 turba
3382 3164 3538 3209 seor-

1944 3256 2087 3307 sum,
2120 3240 2268 3295 misit
2299 3242 2499 3314 digitos
2530 3257 2661 3301 suos
2706 3245 2759 3297 in
2793 3242 3069 3299 auriculas
3095 3241 3235 3313 ejus,
3272 3252 3326 3300 et
3372 3252 3537 3315 sputo

1943 3335 2167 3401 emisso,
2191 3334 2372 3405 tetigit
2398 3334 2640 3405 linguam
2664 3336 2805 3405 ejus,
2833 3351 2897 3392 ac
2918 3336 3223 3406 suspiciens
3250 3338 3303 3393 in
3332 3337 3533 3394 calum

1946 3427 2231 3495 ingemuit,
2259 3435 2314 3481 et
2345 3428 2423 3483 alt
2454 3427 2528 3483 illi
2561 3444 2573 3481 :
2603 3428 2949 3498 Epliphetlia,
2976 3427 3121 3498 quod
3150 3435 3254 3494 est,
3281 3428 3535 3498 Aperire.

1945 3518 2014 3574 Et
2044 3519 2236 3584 statim
2272 3527 2477 3589 apertae
2503 3529 2635 3575 sunt
2680 3535 2843 3576 aures
2872 3520 3012 3592 ejus,
3060 3529 3117 3577 et
3166 3522 3409 3577 solutum
3449 3533 3537 3579 est

1946 3612 2222 3669 vinculum
2278 3612 2478 3686 linguae
2539 3614 2685 3684 ejus,
2727 3623 2784 3668 et
2835 3613 3164 3685 loquebatur
3217 3624 3368 3672 recte
3425 3634 3440 3672 :
3483 3625 3541 3673 et

1946 3704 2207 3775 praecepit
2230 3702 2338 3757 illis
2374 3718 2442 3759 ne
2478 3705 2565 3759 cui
2602 3704 2874 3762 dicerent.
2923 3705 3033 3761 Sed
3086 3721 3194 3777 quo
3246 3707 3421 3777 magis
3449 3708 3543 3765 ille

1948 3794 2028 3850 eis
2045 3794 2427 3866 praecipiebat,
2465 3797 2569 3852 hoc
2599 3797 2838 3867 amplius
2872 3798 3269 3869 prredicabant,
3298 3811 3354 3856 et
3376 3816 3541 3871 supra

1949 3888 2171 3940 modum
2218 3887 2520 3956 stupebant
2554 3886 2800 3943 dicentes
2835 3906 2849 3943 :
2883 3888 3027 3947 Bene
3079 3890 3261 3944 omnia
3291 3890 3441 3959 fecit,
3487 3900 3553 3946 ct’

1950 3977 2148 4031 surdos
2180 3976 2312 4033 facit
2346 3979 2535 4033 audire
2577 3987 2633 4033 et
2665 3989 2846 4035 mutos
2877 3980 3044 4050 loqui.
3084 3999 3102 4032 ι
3140 3980 3258 4036 Non
3300 3993 3546 4038 moratur

1951 4068 2039 4122 diu
2072 4070 2128 4122 in
2162 4070 2445 4137 gentilium
2479 4068 2638 4134 locis,
2674 4069 2769 4124 sed
2792 4074 2975 4125 statim
3010 4074 3227 4139 transit,
3268 4088 3361 4139 ne,
3396 4078 3540 4130 sicut

1953 4161 2224 4227 dicebam,
2240 4166 2397 4217 duret
2418 4164 2762 4217 occasionem
2784 4162 2984 4220 Juilzeis
3005 4167 3214 4236 dicendi
3242 4168 3384 4236 quod
3402 4184 3544 4238 pra:-

1958 4254 2301 4307 varicaretur
2334 4255 2529 4325 legem,
2563 4257 2857 4324 gentilibus
2892 4274 2950 4311 se
2972 4257 3230 4313 miscens.
3269 4259 3545 4317 Secedels

262 4341 501 4404 ίσταται,
541 4339 651 4403 ἵνα,
679 4338 755 4401 ώς
788 4337 945 4408 ἔφην,
981 4340 1055 4411 μὴ
1074 4338 1226 4411 δώσῃ·
1246 4342 1358 4404 τοῖς
1387 4341 1661 4406 Ἰουδαίοις
1678 4342 1837 4410 λέγειι

1964 4348 2129 4418 igitur
2154 4364 2180 4400 a
2208 4348 2406 4403 finibus
2441 4348 2567 4418 Tyri
2600 4360 2653 4403 et
2686 4348 2926 4415 Sidonis,
2957 4351 3107 4404 vadit
3147 4352 3199 4404 in
3241 4353 3543 4410 Galilaeam.

259 4432 341 4495 ὡς
370 4432 700 4502 παρανομεῖ,
744 4429 1077 4500 μιγνύμενος
1111 4434 1227 4494 τοῖς
1259 4431 1513 4494 ἐθνικοῖς.
1548 4433 1845 4499 Μεταστᾶς

260 4522 360 4577 οὖν
379 4523 488 4576 τῶν
500 4523 662 4593 ὁρίων
677 4523 854 4592 Τύρου
872 4523 963 4577 καὶ
988 4522 1239 4590 Σιδῶνος,
1276 4526 1342 4595 τῇ
1376 4524 1639 4595 Γαλιλαίᾳ
1665 4527 1842 4596 πρόσ-

260 4633 391 4670 εισι.
430 4616 640 4685 Καὶιδὴ
672 4615 856 4685 κωφὸν
912 4615 1229 4685 μογιλάλον,
1266 4616 1376 4669 ἀπὸ
1414 4615 1668 4685 δαίμονος
1698 4617 1755 4670 δὲ
1786 4618 1846 4670 τὸ

262 4709 439 4772 πάθος
462 4704 550 4778 ἦν,
578 4708 741 4761 ίᾶται.
771 4709 907 4760 Κατ’
937 4708 1072 4762 ἰδίαν
1106 4708 1204 4779 μὲν
1234 4707 1398 4762 αὑτὸν
1426 4709 1717 4763 ἀπολαϐών
1740 4729 1753 4741 ο
1783 4712 1842 4764 οὐ

263 4802 376 4872 γάρ
398 4796 466 4870 ἦν
492 4798 828 4870 φιλόκομπος
853 4800 883 4851 ὁ
929 4798 1273 4861 ταπεινώσας
1297 4802 1491 4854 ἑαυτὸν
1548 4802 1713 4873 μέχρι
1747 4804 1846 4871 τῆς

262 4894 550 4963 ἡμετέρας
574 4893 872 4961 πτωχείας,
892 4892 1012 4945 οὺδὲ
1038 4892 1231 4961 ἢθελεν
1270 4894 1345 4957 ώς
1378 4894 1471 4947 ἐπὶ
1500 4893 1562 4946 τὸ
1597 4894 1845 4949 πλεῖστον

262 4984 578 5054 ἔμπροσθεν
613 4983 825 5036 πολλῶν
877 4982 1341 5052 θαυματουργεῖν,
1389 4987 1438 5037 εί
1498 4988 1575 5057 μὴ
1626 4989 1734 5057 ἄρα
1756 4990 1846 5043 διὰ

261 5077 365 5145 τὴν
388 5075 496 5129 τῶν
526 5075 779 5145 ὁρώντων
826 5076 1095 5145 ὠφέλειαν
1139 5077 1249 5147 (65)
1298 5094 1311 5108 ·
1341 5078 1554 5143 πτύσας
1587 5080 1644 5132 δὲ
1671 5082 1850 5152 ἥψατο

263 5172 372 5247 τῆς
423 5171 669 5241 γλώττης
721 5171 911 5233 αὐτοῦ,
955 5170 1043 5225 ἵνα
1069 5172 1218 5243 δείξῃ
1265 5174 1347 5226 ὅτι
1392 5174 1571 5228 πάντα
1598 5177 1668 5229 τὰ
1707 5179 1849 5248 μέρη

265 5266 370 5332 τῆς
401 5265 562 5332 ἁγίας
598 5263 763 5317 αὑτοῦ
794 5264 997 5333 σαρκὸς
1036 5263 1159 5318 θεῖα
1191 5260 1333 5336 ἦσαν
1358 5265 1452 5319 καὶ
1481 5266 1635 5335 ἅγια,
1659 5266 1848 5341 ὥσπερ

262 5356 371 5410 καὶ·
398 5354 457 5409 τὸ
489 5354 714 5426 πτύσμα
739 5355 899 5409 ἔλυσε
919 5354 1014 5410 νῦν
1036 5356 1131 5410 καὶ
1146 5355 1217 5411 τά
1238 5356 1337 5427 τῆς
1366 5356 1618 5429 γλώττης
1645 5360 1844 5432 δεσμά·

1957 4440 2127 4495 Porro
2190 4441 2413 4495 surdum
2474 4451 2528 4495 ct
2580 4443 2849 4511 impedita:
2907 4443 3105 4515 linguae
3166 4444 3317 4499 illum
3366 4456 3543 4501 sanat.

1959 4533 2321 4603 Erat‘antem
2373 4534 2596 4586 morbus
2636 4534 2727 4587 ille
2775 4549 2803 4587 a
2851 4534 3261 4591 ilmnioneJam
3300 4539 3446 4606 quod
3480 4540 3544 4595 «ις

1957 4627 2113 4679 turba
2134 4634 2379 4689 seorsum
2403 4626 2764 4694 apprehendit
2796 4626 2967 4693 illuni,
2995 4629 3115 4683 ideo
3143 4628 3370 4695 factum,
3400 4634 3545 4701 quod

1961 4733 2066 4772 non
2120 4723 2598 4790 crat‘mrroganiiie
2654 4733 2918 4786 seetator,
2982 4723 3170 4791 quise
3223 4725 3545 4782 lininiliarat

1960 4826 2132 4881 usque
2173 4813 2237 4864 ad
2267 4816 2506 4865 nostrain
2549 4812 2789 4879 inopiam
2820 4822 2911 4865 :et
2952 4822 3013 4866 ut
3046 4813 3338 4881 plurimum
3371 4816 3548 4872 noluit

1959 4920 2142 4959 coram
2179 4904 2367 4958 multiei
2420 4904 2682 4959 miracula
2742 4904 2944 4971 facere,
2978 4906 3082 4959 nisi
3130 4905 3272 4962 forte
3325 4920 3549 4977 propter

1960 4998 2255 5053 videntium
2304 4987 2620 5053 utilitatem.
2676 4997 2812 5054 Cum
2850 5014 2983 5052 vero
3022 5000 3321 5069 expuisset,
3370 5002 3549 5071 tetigit

1957 5091 2195 5161 linguam
2233 5091 2399 5156 illius,
2438 5093 2840 5151 utpostenderet
2885 5109 3076 5148 omnes
3106 5106 3289 5163 partes
3339 5107 3548 5153 sancta:

1957 5185 2139 5237 carnis
2165 5200 2276 5239 sua:
2304 5186 2610 5249 sanctaque
2641 5186 2854 5240 divinas
2878 5202 3022 5251 esse,
3076 5187 3211 5241 adeo
3236 5197 3296 5241 ut
3338 5200 3393 5243 et
3414 5206 3546 5257 spn-

1966 5284 2079 5327 tum
2114 5292 2257 5329 nunc
2298 5276 2536 5331 solveret
2574 5277 2774 5347 lingua:
2826 5277 3145 5334 vinculum:
3190 5282 3404 5335 tametsi
3452 5297 3548 5336 su-

1955 5365 2237 5434 perﬂuitas
2278 5368 2350 5422 sit
2394 5382 2557 5423 omne
2592 5368 2836 5438 sputum,
2871 5370 2967 5426 sed
3018 5371 3073 5425 in
3111 5370 3347 5427 Domino
3376 5374 3549 5429 admi-

1209 5479 1299 5537 Ex
1332 5461 1680 5541 collatione
1712 5484 1903 5545 codd.
1941 5487 2173 5548 Venet.
2209 5488 2274 5547 S.
2308 5487 2533 5549 Marci.

341 5596 454 5721 (6δέ
486 5599 621 5682 Cori.
657 5600 728 5655 26
763 5619 776 5655 :
806 5599 1001 5682 Λαϐὼν
1039 5601 1133 5655 οὑν
1160 5602 1322 5656 αὐτὸν
1347 5606 1468 5659 κατ’
1506 5606 1667 5669 ίδίαν,
1696 5608 1858 5663 ἔϐαλε

341 5681 397 5721 νε
457 5669 722 5721 ακτυλους
751 5672 917 5721 αὐτου
949 5672 1028 5721 είς
1054 5673 1123 5721 τὰ
1147 5667 1263 5721 ὦτα
1288 5674 1473 5721 αὐτοῦ.
1503 5677 1601 5721 ἕνα
1637 5679 1735 5721 ηὲν
1758 5679 1858 5721 ei:

266 5667 917 5748 faigiﬁaxtuiouguurofi
949 5667 1263 5748 elc_'r&_di=g.
1288 5674 1477 5737 αὐτοῦ,
1503 5677 1602 5730 ἕνα
1636 5667 1735 5747 μὲν
1758 5679 1859 5748 τῆς

265 5736 667 5827 δεςιέςλχειρξς
695 5742 778 5827 είς
814 5740 973 5825 τοῦτο
1001 5743 1061 5795 τὸ
1081 5738 1319 5827 οὗς,ξνα
1352 5746 1407 5827 δὲ
1434 5736 1859 5827 τῇς-ἀρίστερόίς

268 5808 355 5867 είς
379 5808 578 5862 ικεῖνο.
611 5811 719 5865 Καὶ
770 5810 1003 5879 πτύσας,
1039 5829 1093 5867 κ.
1129 5830 1179 5867 τ.
1213 5811 1265 5868 λ.
1303 5832 1321 5867 ι
1365 5808 1650 5886 Accipiet-is
1690 5808 1860 5891 igitur

1962 5615 2113 5669 illum
2149 5619 2377 5687 seorsim
2429 5617 2579 5670 misit
2628 5617 2825 5687 digitos
2857 5630 2995 5675 suos,
3018 5617 3071 5669 in
3099 5612 3373 5687 auriculas
3403 5614 3541 5682 ejus.

1960 5701 2124 5739 unum
2157 5685 2409 5740 videlicet
2439 5683 2896 5742 dexterreinaniis
2924 5687 2976 5739 in
3011 5686 3175 5738 aliam
3204 5683 3347 5754 ejus,
3373 5700 3538 5739 unum

1961 5771 2155 5811 manus
2180 5756 2479 5811 sinistriein
2502 5758 2750 5811 alterum.
2780 5756 3021 5825 Cumque
3052 5755 3351 5823 expuisset,
3382 5763 3485 5809 etc.
3515 5772 3534 5805 ι
