4108 6334
650 362 754 430 567

1563 356 2141 419 THEOPHYLACTI
2177 356 2583 419 BULGARI/E
2625 353 2976 413 ARCHIEP.

3764 350 3868 417 568

646 480 836 534 rabiliu
876 484 1029 529 erant
1077 489 1137 527 ac
1167 472 1344 533 divina
1381 472 1585 526 omnia.
1623 473 1691 528 Ut
1734 482 1910 526 autem
1963 472 2202 540 suspexit

2306 472 2477 524 καίτοι
2506 467 2825 537 περίττωμα
2863 468 2979 518 ἐστι
3015 466 3123 517 πᾶν
3154 462 3397 531 πτύσμα.
3458 464 3576 517 ἀλλ’
3636 465 3732 521 ἐπὶ
3782 470 3869 521 τοῦ

650 571 703 621 ln
740 568 948 623 omium,
1006 564 1285 629 ingemuit,
1346 560 1589 615 fortassis
1650 570 1704 615 et
1764 575 1926 614 orans
1987 559 2202 613 Patrem

650 673 757 725 quo
792 652 1157 708 misericordia
1203 652 1517 721 dignaretur
1555 652 1849 713 hominem,
1899 660 1953 705 et
1980 666 2075 705 nos
2106 653 2203 705 do-

652 762 779 800 cens
812 745 1027 811 quando
1080 743 1272 796 facturi
1338 760 1521 797 sumus
1567 744 1905 806 miraculum,
1939 743 2004 797 ad
2038 745 2202 797 Deum

651 836 1020 903 respiciamus,
1046 842 1099 886 et
1118 834 1240 887 inde
1260 844 1499 900 petamus
1518 834 1894 888 miraculorum
1910 835 2157 888 virtutem
2188 852 2202 898 ;

650 922 897 978 fortassis
933 924 1093 977 etiam
1134 923 1505 977 misericordia
1541 937 1667 990 erga
1718 923 2008 975 humanam
2052 932 2203 975 natu-

649 1031 764 1072 ram
800 1024 995 1077 tactus,
1021 1029 1127 1082 quo
1164 1023 1319 1081 pacto
1337 1012 1414 1067 sic
1438 1011 1631 1066 tradita
1663 1022 1805 1066 esset
1848 1013 2081 1077 diabolo,
2113 1012 2202 1081 qui

650 1108 724 1160 illi
768 1107 847 1159 sic
881 1106 1147 1169 illuderet,
1191 1116 1243 1158 et
1268 1120 1295 1157 a
1324 1120 1430 1173 quo
1455 1113 1599 1157 tanta
1634 1114 1929 1172 pateretur.
1972 1101 2122 1158 Unde
2152 1112 2206 1157 et

649 1196 738 1265 qui
778 1207 1015 1259 sanarat,
1060 1212 1089 1249 a
1138 1197 1342 1251 sanatis
1375 1193 1698 1265 pradicatur
1730 1234 1744 1258 ,
1812 1195 2023 1248 tametsi
2096 1194 2203 1249 illis

650 1288 763 1356 ipse
798 1288 1142 1341 interdiceret
1201 1302 1264 1339 ac
1296 1288 1609 1355 prohiberet
1646 1301 1712 1340 ne
1752 1287 1879 1354 quid
1935 1286 2197 1339 dicerent.

649 1375 915 1431 Docemur
939 1387 992 1431 et
1022 1378 1284 1431 itemhoc
1316 1378 1433 1431 loco
1451 1378 1592 1442 quod
1618 1378 1833 1447 quando
1869 1376 2203 1431 benefacturi

647 1484 854 1533 sumus,
886 1483 951 1523 ne
1006 1470 1223 1537 plausus
1260 1455 1341 1524 vel
1394 1470 1737 1523 celebritates
1795 1484 1858 1521 ex
1933 1469 2204 1523 beneficiis

648 1574 955 1628 quaeramus
990 1577 1001 1612 :
1052 1558 1216 1632 209
1241 1576 1361 1614 cum
1396 1571 1573 1614 autem
1616 1561 1873 1615 beneficia
1931 1560 2203 1627 acceperi-

647 1669 787 1715 nms,
826 1664 882 1707 nt
916 1655 1307 1719 benefactores,
1338 1654 1461 1709 licet
1488 1654 1587 1723 ipsi
1621 1663 1895 1717 recusent,
1927 1652 2204 1709 laudemus

647 1756 697 1796 et
730 1747 1121 1813 pmdicemtts.-

1220 1938 1449 1998 CAPUT
1490 1942 1624 1997 Vill.

646 2046 725 2103 De
752 2061 957 2123 septem_
974 2053 1213 2118 panibus.
1247 2054 1320 2106 De
1349 2054 1697 2123 quwrentibus
1729 2054 1959 2122 signum.
1996 2050 2069 2103 De
2092 2050 2203 2123 fer-

721 2131 891 2191 mento
926 2121 1335 2176 Phariurorum.
1361 2121 1447 2177 'De
1470 2140 1626 2177 cwco.
1669 2124 1744 2177 De
1782 2121 2202 2191 interrogatione

717 2190 971 2245 Cinarae
1002 2193 1160 2259 facta.
1184 2191 1260 2245 De
1286 2195 1638 2261 increpatione
1668 2192 1838 2247 Petri.

719 2368 885 2425 Vsus.
916 2370 1035 2426 1-9.
1070 2390 1088 2423 ι
1133 2371 1186 2424 In
1216 2370 1400 2427 diebus
1438 2374 1543 2428 illis
1570 2388 1691 2428 cum
1736 2373 1887 2427 turba
1917 2373 2199 2428 admodum

649 2462 813 2516 multa
876 2470 1051 2527 esset,
1112 2476 1210 2519 nec
1271 2465 1530 2519 haberent
1581 2464 1721 2533 quod
1779 2464 2199 2529 mandhcarent,

647 2554 925 2610 accersitis
958 2556 1022 2608 ad
1058 2570 1117 2610 se
1163 2555 1319 2611 Jesus
1364 2555 1659 2625 discipulis.
1690 2557 1766 2610 ait
1795 2556 1902 2610 illis
1931 2574 1944 2609 :
1989 2555 2200 2611 Miseri-

646 2649 831 2702 mrdia
872 2658 1062 2716 tangor
1090 2665 1211 2717 erga
1246 2654 1457 2703 turbam
1487 2668 1499 2703 :
1550 2652 1673 2718 quia
1706 2651 1815 2719 jam
1848 2650 2029 2704 triduo
2062 2653 2201 2719 apud

648 2752 735 2792 me
758 2750 996 2805 manent,
1029 2754 1126 2793 nec
1156 2740 1352 2795 habent
1378 2742 1519 2809 quod
1548 2743 1745 2796 edant:
1780 2752 1834 2796 et
1859 2743 1901 2797 si
1934 2743 2203 2796 demisero

645 2844 740 2884 eos
767 2829 981 2899 jejunos
1012 2830 1063 2884 in
1099 2832 1315 2885 domum
1344 2848 1518 2895 suam,
1547 2834 1798 2888 deficient
1835 2835 1887 2889 in
1933 2836 2039 2891 via.
2068 2834 2200 2901 Qui-

646 2922 766 2973 dam
809 2923 949 2975 enim
980 2938 1045 2978 ex
1075 2924 1154 2979 eis
1182 2937 1212 2978 e
1246 2923 1537 3001 longinquo
1571 2936 1853 2981 venerunt.
1887 2927 1953 2983 Et
1978 2943 2201 2997 respon-

647 3013 841 3066 derunt
869 3013 917 3066 ei
958 3014 1202 3081 discipuli
1232 3016 1311 3068 sui
1339 3036 1353 3069 :
1388 3014 1541 3071 Unde
1568 3017 1688 3073 illos
1717 3019 1837 3086 quis
1868 3018 2068 3087 poterit
2113 3018 2201 3075 hic

648 3104 847 3157 satiare
876 3104 1104 3173 panibus
1135 3106 1184 3157 iu
1214 3106 1548 3161 solitudine?
1584 3106 1649 3159 Et
1689 3108 2037 3179 interrogavit
2065 3124 2157 3164 eos
2184 3130 2195 3163 :

647 3195 788 3260 Quot
822 3210 985 3263 panes
1032 3196 1279 3251 habetis?
1329 3197 1405 3251 llli
1463 3212 1588 3252 vero
1624 3199 1897 3264 dixerunt,
1956 3198 2195 3271 Septem.

647 3282 715 3343 Et
751 3290 1004 3356 praecepit
1048 3289 1213 3342 turbae
1264 3290 1605 3346 discumbere
1650 3306 1813 3360 super
1856 3299 2099 3348 terram:
2149 3303 2203 3347 et

650 3379 888 3446 acceptis
931 3389 1135 3447 septem
1194 3381 1458 3448 panibus,
1529 3396 1649 3437 cum
1708 3384 1907 3453 gratias
1961 3386 2199 3455 egisset,

648 3469 835 3538 fregit,
884 3470 1133 3539 deditque
1179 3472 1457 3538 discipulis
1486 3474 1598 3527 suis
1619 3515 1633 3537 ,
1672 3484 1729 3527 ut
1762 3486 2121 3543 apponerent,
2152 3485 2205 3529 ct

649 3572 1018 3629 apposueruut
1050 3562 1235 3617 turbae.
1274 3562 1337 3617 Et
1362 3564 1630 3619 habebant
1653 3566 1937 3634 pisciculos
1970 3581 2199 3633 paucos:

649 3661 703 3706 et
730 3666 850 3706 cum
884 3652 1265 3717 benedixlsset,
1291 3652 1453 3721 jussit
1480 3655 1676 3723 apponi
1714 3668 1769 3709 et
1799 3654 1917 3711 hos.
1951 3656 2206 3712 Comede-

648 3754 775 3797 runt
846 3755 1022 3795 autem
1086 3751 1141 3797 et
1192 3746 1415 3798 saturati
1458 3754 1629 3810 sunt;
1705 3760 1767 3800 ac
1827 3748 2201 3811 sustulerunt,

650 3850 771 3904 quae
836 3833 1211 3904 superfuerant
1268 3835 1687 3906 fragmentorum
1769 3849 1971 3905 septem
2050 3854 2204 3906 spor-

651 3937 752 3981 tas.
788 3926 955 3981 Erant
995 3935 1169 3981 autem
1224 3929 1311 3997 qui
1366 3930 1745 3994 comederant,
1798 3930 1965 3985 ferme
2012 3942 2204 3999 quater

650 4016 833 4073 mille:
866 4025 921 4073 et
948 4019 1154 4073 dimisit
1184 4018 1322 4072 illos.
1359 4037 1377 4069 ι
1412 4018 1585 4072 Etiam
1618 4030 1773 4074 antea
1805 4020 1909 4073 tale
1938 4018 2201 4088 quoddam

652 4108 967 4160 miraculum
1025 4105 1153 4163 fecit
1206 4106 1494 4173 Dominus,
1544 4121 1599 4164 et
1650 4125 1790 4165 nunc
1844 4112 1981 4165 idem
2036 4115 2207 4166 denuo

651 4204 908 4265 operatur
937 4204 1153 4266 sumpta
1193 4199 1477 4253 occasione
1508 4198 1674 4269 justa,
1708 4216 1895 4269 nempe
1926 4205 2068 4270 quod
2101 4214 2207 4258 tres

650 4290 767 4344 dies
798 4299 1069 4345 manserat
1099 4290 1290 4356 turba,
1346 4302 1399 4346 et
1448 4293 1729 4361 absumpta
1776 4306 1930 4349 erant
1968 4297 2204 4348 omnium

649 4381 865 4435 viatica.
902 4381 1015 4436 Non
1053 4383 1194 4435 enim
1228 4397 1441 4453 semper
1470 4384 1785 4449 miraculum
1841 4384 1966 4439 facit
2016 4386 2065 4438 in
2104 4387 2201 4439 ali"-

2306 559 2510 628 Κυρίου
2542 558 2830 627 καινότερα
2870 556 2961 608 καὶ
2986 554 3105 606 θεῖα
3134 554 3310 606 πάντα
3342 552 3479 623 (64).
3523 554 3869 625 ’Δναϐλὲψας

2304 654 2360 705 δὲ
2392 654 2469 714 είς
2492 653 2583 704 τὸν
2614 652 2841 720 οὐρανὸν
2871 648 3136 711 στενάζει,
3170 648 3309 717 τάχα
3335 649 3434 716 μὲν
3465 652 3561 703 καὶ
3593 652 3670 713 ὡς
3691 670 3865 721 παρα-

2306 744 2484 797 καλῶν
2515 744 2603 796 τὸν
2634 743 2852 809 Πατέρα
2896 742 2982 794 ἵνα
3022 741 3218 812 ἐλεήσῃ
3269 740 3356 794 τὸν
3412 742 3719 811 ἄνθρωπον,
3779 748 3866 797 καὶ

2305 838 2451 905 ἡμᾶς
2483 836 2766 898 διδάσκων,
2822 832 3041 886 ἐπειδάν
3093 832 3375 901 μέλλωμεν
3425 831 3612 900 θαῦμα
3672 838 3864 895 ποιεῖν,

2308 926 2446 993 πρὸς
2477 924 2607 976 Θεὸν
2640 924 2790 994 ὁρᾷν,
2820 922 3072 975 κάκεῖθεν
3103 919 3429 984 ἐξαιτεῖσθαι
3457 920 3555 989 τὴν
3589 921 3698 975 τῶν
3740 924 3866 975 θαυ-

2311 1015 2495 1082 μάτων
2513 1016 2760 1084 δύναμιν·
2786 1015 2922 1083 τάχα
2946 1013 3002 1066 δὲ
3024 1013 3118 1066 καὶ
3136 1012 3325 1082 ὥσπερ
3357 1012 3523 1064 ἐλεῶν
3540 1012 3638 1081 τὴν
3660 1014 3865 1083 ἀνθρω-

2309 1106 2469 1173 πίνην
2503 1104 2681 1175 φύσιν,
2714 1102 2829 1166 πῶς
2859 1102 3001 1156 οὕτω
3037 1101 3311 1171 παρεδόθη
3344 1102 3694 1171 τῷδιαϐόλῳ,
3728 1104 3864 1157 ὥστε

2306 1195 2477 1257 οὕτως
2504 1193 2866 1263 ἐμπαίζεσθαι
2895 1193 2988 1245 καὶ
3014 1191 3241 1244 τοιαῦτα
3283 1192 3537 1262 πάσχειν.
3580 1192 3745 1245 Ὀθεν
3774 1196 3865 1246 καὶ

2308 1284 2674 1354 θεραπεύσας,
2710 1282 3037 1353 κηρύττεται
3072 1281 3223 1350 παρὰ
3248 1280 3358 1333 τῶν
3378 1280 3858 1350 θεραπευομένων,

2308 1377 2408 1430 κᾶν
2458 1377 2620 1438 αὐτὸς
2682 1376 2861 1437 αὐτοῖς
2919 1372 3297 1443 διαστέλληται
3336 1373 3430 1424 καὶ
3507 1371 3863 1442 παραγγέλλῃ

2311 1469 2477 1539 μηδὲν
2520 1468 2720 1537 λέγειν.
2768 1464 3143 1535 Διδασκόμεθα
3179 1466 3286 1534 γὰρ
3321 1462 3574 1516 ἐντεῦθεν
3602 1464 3678 1525 ὡς
3734 1465 3860 1517 ὅταν

2309 1560 2407 1630 μὲν
2434 1558 2832 1629 εὐεργετῶμεν,
2872 1558 2971 1610 οὐκ
3014 1556 3303 1625 ὀφείλομεν
3352 1556 3605 1608 ἀπαιτεῖν
3636 1556 3865 1625 κρότους

2308 1654 2403 1707 καὶ
2437 1650 2846 1721 διαφημισμοῦς
2871 1666 2886 1682 ’
2935 1651 3064 1703 ὅταν
3091 1649 3148 1703 δὲ
3174 1648 3614 1719 εὐεργετὼμεθα,
3659 1646 3863 1717 κηρύσ-

2309 1762 2422 1799 σειν
2464 1744 2557 1797 καὶ
2582 1740 2846 1813 φημίζειν
2877 1740 3003 1804 τοὺς
3026 1740 3561 1809 ἀγαθοποιήσαντας,
3592 1738 3699 1792 κάν
3726 1739 3865 1793 ἐκεῖ·

2311 1853 2388 1890 νοι
2421 1836 2496 1905 μὴ
2529 1834 2773 1887 θέλωσιν.

2899 1948 3149 2002 ΚΕΦΑΛ.
3190 1948 3272 1999 H'.

2305 2060 2445 2129 Περὶ
2478 2062 2595 2114 τῶν
2627 2058 2777 2114 ἑπτὰ
2812 2062 3021 2129 ἄρτων.
3060 2063 3196 2129 Περὶ
3234 2060 3353 2114 τῶν
3388 2060 3722 2127 ζητούντων
3756 2076 3868 2127 ση-

2370 2131 2571 2199 μεῖον.
2606 2133 2743 2199 Περὶ
2786 2131 2896 2199 τῆς
2939 2130 3123 2198 ζύμης
3163 2130 3281 2183 τῶν
3322 2132 3680 2198 Φαρισαίων.
3727 2133 3867 2196 Περὶ

2372 2202 2481 2255 τοῦ
2517 2202 2772 2272 τυφλοῦ.
2799 2203 2943 2272 Περὶ
2976 2202 3087 2268 τῆς
3114 2201 3187 2272 ἐν
3218 2202 3540 2268 Καισαρείᾳ
3571 2201 3867 2272 ἐπερωτή-

2373 2286 2547 2336 σεως.
2581 2271 2719 2338 Περὶ
2748 2270 2859 2339 τῆς
2890 2269 3284 2340 ἐπιτιμήσεως
3319 2272 3569 2340 Πέτρου.

2380 2400 2397 2431 ι
2436 2381 2521 2433 Ἐν
2554 2380 2786 2442 ἐκείναις
2812 2383 2931 2443 ταῖς
2966 2379 3197 2451 ἡμέραις
3233 2380 3553 2451 παμπόλλου
3588 2382 3749 2449 ὄχλου
3780 2381 3869 2433 ὄν-

2302 2491 2413 2537 τος,
2449 2475 2542 2527 καὶ
2582 2474 2654 2542 μὴ
2693 2473 2919 2542 ἑχόντων
2946 2473 2997 2524 τί
3029 2474 3263 2540 φάγωσι,
3297 2471 3813 2541 προσκαλεσάμενος
3843 2474 3870 2523 ό

2316 2566 2520 2637 Ἰησοῦς
2554 2566 2679 2629 τοὺς
2723 2565 2968 2635 μαθητὰς
3011 2564 3195 2628 αὐτοῦ,
3236 2565 3381 2631 λέγει
3424 2564 3609 2626 αὐτοῖς
3635 2580 3646 2591 ·
3689 2562 3871 2615 Σπλα-

2304 2658 2587 2727 γχνίζομαι
2614 2658 2703 2709 ἐπὶ
2729 2657 2817 2707 τὸν
2840 2655 3012 2725 ὄχλον,
3044 2656 3123 2707 ὅτι
3150 2655 3248 2726 ἤδη
3279 2655 3491 2726 ἡμέρας
3515 2657 3668 2723 τρεῖς
3701 2667 3871 2723 προσ-

2305 2748 2522 2817 μένουσί
2572 2764 2695 2814 μοι,
2738 2750 2832 2799 καὶ
2874 2748 2973 2798 οὐκ
3021 2746 3204 2815 ἔχουσι
3241 2746 3293 2798 τί
3340 2746 3574 2814 φάγωσι.
3620 2746 3733 2798 Καὶ
3779 2745 3873 2797 ἐὰν

2300 2837 2552 2891 ἀπολύσω
2576 2838 2773 2899 αὐτοὺς
2798 2840 3010 2904 νήστεις
3035 2838 3114 2900 είς
3138 2830 3287 2889 οἷκον
3310 2837 3509 2899 αὐτῶν,
3535 2836 3867 2905 ἐκλυθήσον-

2301 2946 2391 2981 ται
2419 2931 2475 2981 ὲν
2496 2932 2561 2995 τῇ
2734 2928 2873 2990 τινὲς
2902 2928 3006 2999 γὰρ
3032 2928 3210 2980 αὐτῶν
3238 2928 3508 2997 μακρόθεν
3532 2927 3723 2998 ἧκασι.
3753 2929 3863 2981 Καὶ

2304 3022 2677 3091 ἀπεκρίθησαν
2700 3020 2847 3090 αὑτῷ
2875 3022 2921 3073 οἱ
2956 3020 3195 3090 μαθηταὶ
3221 3018 3386 3071 αὑτοῦ
3409 3035 3421 3048 '
3452 3018 3624 3071 Πόθεν
3645 3017 3869 3071 τούτους

2227 3157 2270 3214 C
2304 3110 2594 3179 δυνήσεταί
2621 3126 2705 3171 τις
2734 3104 2833 3162 ὦδε
2864 3108 3125 3178 χορτάσαι
3154 3109 3331 3179 ἀρτων
3360 3110 3444 3161 ἐπ’
3468 3110 3738 3177 ὲρημίας;
3764 3109 3872 3162 Καὶ

2303 3200 2558 3269 ἐπηρώτα
2589 3201 2803 3263 αὐτούς’
2836 3201 3040 3262 Πόσους
3068 3201 3265 3269 ἄρτους
3292 3199 3476 3269 ﬁxere;
3510 3201 3572 3252 Ol
3599 3199 3657 3252 δὲ
3690 3195 3861 3261 εἶπον,

2314 3292 2507 3347 Ἑπτά.
2544 3293 2652 3345 Καὶ
2675 3292 3011 3361 παρήγγειλε
3045 3292 3123 3359 τῷ
3142 3291 3284 3361 ὄχλῳ
3322 3293 3615 3343 ἀναπεσεῖν
3650 3291 3741 3342 ἐπὶ
3773 3289 3872 3359 τῆς

2303 3385 2426 3453 γῆς,
2468 3386 2560 3438 καὶ
2601 3384 2783 3437 λαϐὼν
2826 3385 2951 3447 τοὺς
2998 3383 3139 3436 ἑπτὰ
3182 3384 3401 3453 ἄρτους,
3446 3383 3870 3452 εὐχαριστήσας,

2302 3478 2529 3542 εκλασι,
2564 3478 2658 3529 καὶ
2693 3477 2859 3529 ἐδίδου
2893 3480 3002 3539 τοῖς
3038 3476 3303 3545 μαθηταῖς
3338 3474 3500 3528 αὑτοῦ
3522 3515 3535 3537 ,
3573 3475 3659 3526 ῖνα
3696 3491 3873 3542 παρα-

2303 3569 2469 3631 θῶσι,
2508 3568 2603 3621 καὶ
2648 3569 2963 3637 παρέθηκαν
2992 3568 3083 3637 ’τῷ
3124 3567 3297 3636 ὄχλῳ,
3342 3569 3435 3619 καὶ
3474 3561 3621 3635 εἶχον
3666 3564 3873 3634 ἰχθύδια

2304 3660 2480 3725 ὀλίγα,
2524 3660 2617 3711 καὶ
2665 3659 2989 3725 εὐλογήσας,
3033 3656 3154 3709 εἷπε
3202 3657 3525 3726 παραθεῖναι
3573 3657 3669 3709 καὶ
3713 3657 3870 3710 αὑτά.

2307 3751 2549 3818 Ἐφαγον
2581 3750 2637 3802 δὲ
2674 3750 2765 3802 καὶ
2801 3750 3222 3818 ἐχορτάσθησαν.
3257 3750 3365 3801 Καὶ
3397 3744 3539 3819 ἦραν
3575 3748 3871 3816 περισσεύ-

2306 3858 2451 3911 ματα
2480 3840 2806 3909 κλασμάτων
2833 3840 2970 3892 ἐπτά
3001 3841 3286 3909 σπυρίδας.
3306 3835 3484 3894 Ἦσαν
3510 3838 3566 3890 δὲ
3595 3842 3644 3891 οἱ
3678 3840 3876 3906 φαγόν-

2302 3950 2391 3995 τες
2419 3933 2490 3996 ὼς
2520 3934 2972 4003 τετρακισχίλιοι,
3006 3937 3099 3986 καὶ
3125 3931 3402 3986 ἀπέλυσαν
3431 3932 3647 3994 αὐτούς.
3685 3951 3703 3982 ι
3738 3930 3871 4000 Ἤδη

2305 4024 2399 4077 καλ
2432 4025 2695 4093 πρότερον
2722 4023 3211 4093 ὲθαυματούργησέ
3241 4040 3293 4075 τι
3312 4021 3563 4076 τοιοῦτον
3592 4024 3620 4075 ό
3649 4024 3868 4089 Κύριος,

2307 4117 2400 4169 καὶ
2434 4116 2527 4168 νῦν
2558 4117 2614 4167 δὲ
2655 4116 3098 4186 θαυματουργεῖ,
3134 4115 3388 4185 ἀφορμῆς
3421 4115 3645 4182 εὐλόγου
3677 4115 3875 4184 δραξά-

2310 4224 2488 4275 μενος.
2525 4208 2588 4259 Ἥ
2630 4207 2686 4259 δὲ
2726 4203 2814 4277 ἦν,
2856 4206 2916 4258 τὸ
2956 4210 3104 4277 τρεῖς
3149 4208 3365 4277 ἡμέρας
3406 4210 3745 4275 παραμεῖναι
3787 4206 3873 4258 τὸν

2305 4297 2475 4367 ὄχλον,
2513 4300 2605 4348 καὶ
2636 4296 2703 4349 τὰ
2738 4297 2922 4366 ἐφόδια
2955 4298 3186 4352 ἑκάστου
3220 4298 3589 4368 ἀναλωθῆναι.
3626 4299 3701 4351 Οὐ
3742 4297 3874 4351 πάν-

2306 4406 2421 4441 τοτε
2463 4391 2571 4459 γὰρ
2611 4388 3042 4460 ὲθαυματούργει
3080 4390 3174 4443 ἐπὶ
3214 4391 3336 4453 ταῖς
3371 4393 3625 4461 τροφαῖς.
3670 4390 3761 4444 ἵνα
3806 4393 3879 4462 μὴ

650 4473 865 4539 mentis,
894 4484 951 4528 ut
991 4488 1055 4529 ne
1084 4482 1291 4543 putent,
1324 4476 1464 4543 quod
1512 4488 1731 4545 propter
1775 4478 1923 4532 cibos
1974 4479 2198 4546 populus

2305 4480 2544 4547 δόξωσιν,
2581 4484 2663 4535 ὃτι
2703 4482 2791 4534 διὰ
2833 4482 2930 4554 τὴν
2971 4483 3174 4554 τροφὴν
3214 4481 3600 4537 ἀκολουθοῦσιν
3642 4485 3794 4554 αὐτῷ
3832 4485 3880 4537 οι

1592 4636 1683 4694 Et
1714 4634 2055 4697 collatione
2092 4637 2275 4697 codd.
2321 4640 2546 4700 Venet.
2578 4640 2639 4699 S.
2676 4638 2895 4700 Marci.

721 4784 833 4853 (ϐο)
877 4784 1013 4839 Cod.
1044 4781 1129 4853 ~52
1179 4784 1359 4853 addit:
1407 4786 1564 4838 Ἀλλὰ
1608 4788 1702 4840 καὶ
1745 4790 1871 4844 τοὺς
1914 4787 2203 4850 δακτύλους

651 4849 823 4928 auset?
849 4857 927 4928 είς
950 4849 1149 4928 τά-ᾧτα
1180 4851 1341 4928 αὐτοῦ
1375 4855 1554 4928 ἔϐαλε,
1600 4858 1892 4928 δυνάμενος
1937 4859 2028 4910 καὶ
2064 4849 2204 4928 λόγῳ

652 4924 959 4979 ἐπιτελέσαι
975 4924 1247 4995 τδθαῦμα·
1272 4926 1480 4987 δεικνὺς
1501 4927 1572 4987 ὡς
1588 4928 1805 4979 πλουτεῖ
1820 4927 1914 4995 τὴν
1940 4929 2034 4995 τῆς
2056 4924 2204 4987 θείας

650 4995 931 5067 δυνάμεως
958 4994 1285 5067 ἐνάργειαν,
1332 4996 1534 5067 καὶ-τὸ
1579 4996 1774 5049 ἑνωθὲν
1826 4994 2201 5067 αὐτῷσῶμα.

666 5061 881 5133 Ἐπειδὴ
908 5063 1016 5131 γὰρ
1047 5063 1134 5115 διὰ
1154 5063 1251 5132 τὴν
1274 5066 1330 5116 ὲν
1374 5064 1539 5130 Ἀδὰμ
1568 5067 1878 5133 παράϐασιν
1928 5061 2117 5119 πολλά
2135 5070 2200 5133 τῇ

656 5132 970 5207 ἀνθρωπεία
998 5132 1155 5207 φύσει
1188 5134 1478 5207 ἐπισυνέϐη
1507 5136 1573 5207 td:
1606 5132 1753 5207 πάθη
1776 5155 1790 5169 ο
1822 5140 2068 5207 πήρωσις
2091 5132 2203 5189 ἔσθ⁵

653 5190 969 5287 δτεξμελῷνζ
996 5190 1088 5287 καὶ
1109 5203 1269 5287 λοιιπα
1289 5203 1451 5287 ἕτερα
1468 5190 1631 5287 πάθη,
1652 5190 1925 5287 δηλοῦντα,
1943 5209 2020 5268 είς
2049 5190 2207 5261 ποίαν

657 5272 971 5346 ἀρρωστίαν
999 5272 1087 5346 διὰ
1119 5272 1216 5334 τὰς
1248 5272 1518 5346 ἀμαρτίας
1552 5272 1714 5342 ήτοῦ
1760 5277 2044 5346 ἀνθρώπου
2083 5295 2209 5328 κατ-

651 5341 936 5413 ινή-νεκται
984 5342 1173 5413 φύσις·
1220 5342 1473 5396 εἰσελθὼν
1514 5346 1542 5395 6
1575 5341 1824 5413 Χριστὸς
1855 5341 1947 5398 καὶ
1993 5347 2207 5400 τελείαν

2310 4790 2525 4845 aliunde
2543 4799 2724 4858 posset
2744 4803 2993 4845 sermone
3008 4801 3123 4843 soto
3143 4788 3463 4843 miraculum
3488 4787 3618 4841 illud
3640 4796 3875 4854 patrare:

2310 4870 2367 4912 ut
2393 4861 2639 4913 videlicet
2684 4863 2782 4915 hac
2822 4861 3028 4913 ratione
3072 4862 3402 4921 ostenderet,
3440 4868 3641 4926 quanta
3680 4858 3876 4909 divina:

2310 4929 2773 4984 rirtutiseﬂicacia
2799 4930 3269 4983 abundaretetiam
3288 4929 3494 4986 unitum
3524 4926 3627 4993 ipsi
3657 4940 3874 4995 corpus.

2309 4998 2567 5068 Quoniam
2587 5001 2729 5053 enim
2757 5008 2977 5068 propter
3008 4998 3135 5051 Δότε
3162 4996 3663 5067 praevaricationem
3700 4998 3877 5068 multa:

2310 5067 2553 5122 humanm
2597 5064 2801 5123 natura:
2835 5064 3503 5135 a'cciderunt'passiones‘,
3548 5064 3875 5131 Quandoque

2309 5139 2468 5191 etiam
2504 5141 2745 5193 defectus
2768 5140 3150 5199 membrorum,
3181 5146 3236 5190 et
3266 5148 3475 5190 caetera:
3510 5135 3874 5195 infirmitates,

2305 5222 2420 5273 quae
2447 5211 2754 5271 ostendunt,
2780 5210 2829 5259 in
2862 5216 3115 5275 quautam
3143 5206 3537 5260 imbecilliatem
3567 5219 3661 5275 per
3686 5219 3876 5271 pecca-

2308 5286 2413 5345 tum
2458 5279 2783 5345 prascipitata
2822 5274 2981 5329 fuerit
3025 5278 3259 5329 humana
3306 5286 3541 5345 natura:
3583 5274 3876 5345 adveniens

2304 5344 2567 5408 Christus,
2600 5343 2823 5413 eamque
2843 5347 2895 5399 in
2915 5345 3202 5414 semetipso
3236 5344 3549 5412 perfectam.
3574 5355 3631 5398 et
3658 5343 3869 5414 qualem

654 5408 862 5484 ταύτην
884 5412 1165 5475 ἀποδείξας
1198 5414 1477 5484 ἐνιαυτῷ,
1506 5415 1596 5466 καὶ
1626 5408 1739 5467 οἷαν
1771 5415 1829 5478 ἐξ
1854 5417 2024 5483 ἀρχῆς
2048 5419 2202 5475 αὐτὸς

2308 5418 2419 5479 ipse
2451 5432 2477 5468 a
2515 5408 2771 5484 principio
2796 5432 2910 5469 eam
2946 5408 3164 5476 fecerat,
3206 5408 3469 5479 reddens;
3507 5427 3601 5480 per
3633 5408 3872 5465 eamdem

654 5479 825 5553 αὐτῂν
851 5484 1234 5553 κατεσκεύασε,
1253 5482 1318 5533 δι’
1339 5479 1507 5551 αὐτῆς
1529 5487 1595 5553 τὰ
1618 5485 1723 5535 τῶν
1748 5479 2045 5551 όμοουσίων
2070 5488 2205 5553 αὐτῇ

657 5542 933 5637 νοσήματα
974 5542 1329 5635 ἐθεράπευσε·
1361 5542 1641 5605 διὰ’τοῦτο
1674 5556 1763 5605 καὶ
1784 5542 2067 5615 δακτύλοις
2107 5542 2203 5623 μὲν

658 5621 726 5694 τῇ
768 5621 879 5694 dum
908 5622 1164 5694 διήνοιγε,
1214 5621 1495 5694 πτύσματι
1522 5624 1575 5674 δὲ
1604 5624 1844 5694 ἐπεδίδου
1880 5627 1940 5692 τῇ
1990 5621 2204 5694 γλώττῃ

656 5688 717 5739 ἰδ
736 5684 1079 5762 φθέγγεσθαι.
1107 5684 1434 5760 Ἀναϐλέψας
1456 5692 1512 5744 δὲ
1535 5694 1612 5752 είς
1636 5692 1722 5744 τδν
1740 5684 1985 5762 οὐρανὸν,
2080 5712 2127 5746 τ.
2153 5684 2202 5747 λ’.

660 5770 680 5805 t
726 5760 987 5811 (lectcrum
1040 5773 1095 5811 et
1132 5762 1323 5828 digitos
1371 5763 1423 5815 in
1475 5776 1629 5815 aures
1680 5760 1817 5827 ejus'
1847 5762 2022 5829 misit,
2084 5780 2204 5816 cum

2310 5485 2537 5542 illorum.
2571 5489 2659 5551 qui
2690 5486 2923 5549 ejusdem
2948 5485 3260 5538 substantias
3280 5493 3426 5546 sunt,
3459 5484 3681 5536 modios
3711 5496 3871 5551 sana-

2315 5556 2410 5611 \'il.
2443 5550 2648 5611 ldcirCo
2688 5556 2867 5623 digitis
2920 5570 3077 5607 aures
3119 5554 3348 5619 aperuit.
3385 5569 3448 5607 ac
3482 5554 3680 5623 lingua
3710 5550 3873 5623 facul-

2316 5633 2473 5684 talem
2508 5627 2754 5695 loquendi
2787 5634 2947 5692 sputo
2977 5624 3288 5692 impertivit.
3322 5624 3395 5678 Ut
3427 5632 3605 5676 autem
3634 5622 3875 5690 suspexit

2314 5693 2363 5747 in
2389 5698 2604 5752 cmlum.
2636 5714 2655 5747 ι
2688 5704 2791 5750 etc.

2389 5711 2604 5761 emtum,
2636 5714 2655 5747 ι
2688 5711 2791 5750 etc.
