4108 6334
296 381 366 444 39
924 375 1369 443 ENARRATIO
1408 380 1496 445 IN
1532 378 2041 447 EVANGELIUM
2077 385 2319 447 MARCI
2378 409 2449 422 --
2480 384 2647 449 CAP.
2688 387 2856 453 VIII.

3417 394 3525 460 570

254 494 426 564 δχλοι.
454 493 564 546 Καὶ
590 489 687 547 νῦν
712 488 805 545 οὖν
832 492 882 544 εί
914 491 989 563 μὴ
1020 489 1088 563 ἦν
1114 491 1358 555 κίνδυνος
1383 492 1743 562 ὲλπιζόμενος
1768 497 1823 551 ὲκ

1936 493 2085 553 illum
2115 504 2402 566 sequatur,
2430 505 2486 552 et
2519 513 2663 553 nunc
2694 496 3146 568 nisi-periculum
3176 513 3245 554 ex
3277 498 3523 556 ciborum

253 585 357 655 τῆς
391 584 656 656 άτροφίας
692 582 1087 652 προσγενέσθαι
1118 582 1196 649 τῷ
1230 582 1406 653 ὄχλῳ,
1440 585 1543 637 οὐκ
1578 582 1645 638 ἄν
1678 585 1837 639 ὲθαυ-

255 676 661 749 ματούργησεν.
683 677 826 746 ’Ὅρα
851 674 907 727 δὲ
938 674 1035 729 καὶ
1061 673 1190 737 τοὺς
1221 674 1494 747 μαθητάς,
1527 676 1646 742 πῶς
1675 677 1839 747 mea.

250 784 365 831 τως
393 767 473 820 ἔτι
504 766 740 836 ἔχουσιν,
767 766 979 818 οὐδέπω
1006 765 1357 829 πιστεύοντες
1385 768 1451 835 τῇ
1480 766 1709 835 δυνάμει
1728 766 1838 819 αὐ-

248 857 350 911 τοῦ
376 858 482 911 ἀπὸ
508 857 617 910 τῶν
642 858 945 928 προτέρων.
971 856 1139 919 Δὺτδς
1168 856 1225 909 δὲ
1251 856 1404 910 οὐδὲν
1430 857 1833 926 ἐπιμέμφεται,

248 949 519 1003 διδάσκων
544 947 644 1001 καὶ
671 950 817 1019 ἡμᾶς
851 946 927 1017 μὴ
954 948 1309 1018 ἐπιπλήττειν
1335 949 1697 1019 σφοδρότερον
1723 952 1836 1013 τοῖς

249 1042 543 1111 ἀμαθέσιν,
577 1038 693 1094 ἀλλ’
715 1041 864 1093 ἔστιν
897 1039 933 1094 ἃ
967 1041 1061 1093 καὶ
1097 1043 1505 1111 συγγνωμονεῖν
1536 1042 1726 1103 αὐτοῖς
1758 1041 1834 1103 ὡς

245 1132 518 1203 ἀνοήτοις.
558 1131 907 1199 Ἀναλογίζου
948 1131 1004 1183 δὲ
1048 1131 1143 1199 καὶ
1185 1129 1362 1197 τοῦτο,
1410 1131 1492 1183 ὅτι
1534 1131 1564 1183 ὀ
1601 1130 1835 1200 Χριστὸς

246 1224 443 1277 οὐδένα
475 1224 723 1293 βούλεται
756 1224 946 1292 νῆστιν
976 1220 1268 1275 ἀπολῦσαι.
1300 1221 1517 1285 Πάντας
1547 1222 1657 1292 γὰρ
1687 1221 1831 1279 θέλει

247 1315 605 1385 κατατρυφᾷν
648 1312 758 1366 τῶν
802 1311 967 1366 αὐτοῦ
1019 1311 1408 1382 χαρισμάτων,
1458 1313 1550 1364 καὶ
1597 1312 1833 1382 μάλιστα

244 1407 373 1465 τοὺς
404 1408 551 1473 τρεῖς
582 1406 797 1475 ἡμέρας
830 1403 995 1457 αὑτοῦ
1030 1403 1480 1473 παραμείναντας
1500 1442 1514 1467 ,
1546 1402 1828 1469 τουτέστι,

242 1498 372 1561 τοὺς
417 1497 831 1567 βαπτισθέντας.
864 1496 1017 1549 Ἐπεὶ
1059 1497 1166 1568 γάρ
1211 1494 1471 1564 φώτισμα
1513 1494 1730 1561 λέγεται
1770 1493 1832 1546 τὸ

245 1588 564 1657 βάπτισμα,
597 1590 658 1641 τὺ
689 1588 743 1641 δὲ
779 1587 1066 1657 βάπτισμα
1105 1589 1161 1640 ὲν
1193 1588 1338 1659 τρισὶ
1378 1586 1708 1641 καταδύσεσι
1744 1602 1831 1638 τε·

241 1678 539 1741 λεῖται,,ὲν
578 1681 755 1749 τρισὶν
794 1679 1028 1749 ἡμέραις
1071 1678 1209 1731 εἰσὶν
1249 1680 1297 1731 οἱ
1340 1676 1703 1747 φωτιξόμενοι
1740 1677 1831 1731 διὰ

240 1768 337 1820 τοῦ
366 1768 763 1838 βαπτίσματος.
790 1767 1070 1837 Δαμϐάνει
1095 1766 1276 1821 τοίνυν
1297 1767 1420 1829 τοὺς
1444 1767 1585 1820 ἑπτὰ
1608 1767 1826 1836 ἄρτους,

1944 587 2170 656 penuria
2226 586 2460 650 fuisset,
2514 588 2827 655 neutiquam
2890 587 3118 643 fecisset
3174 590 3517 645 miraculum.

1944 677 2076 733 Vide
2093 686 2273 734 autem
2295 687 2347 736 et
2366 678 2661 747 discipulos
2679 692 2840 747 quam
2861 678 3181 748 insipienter
3194 695 3254 733 se
3269 680 3525 747 habeant,

1940 768 2178 824 nondum
2199 769 2489 825 credentes
2515 769 2742 823 virtutes
2765 768 2910 823 illius
2934 784 3000 823 ex
3025 769 3304 839 prioribus
3330 772 3525 842 signis.

1935 860 2061 931 Ipse
2120 868 2300 916 autem
2349 876 2463 917 non
2513 861 2902 931 reprehendit,
2956 863 3158 916 docens
3210 871 3266 917 et
3320 879 3415 918 nos
3457 878 3527 919 ne

1934 955 2272 1016 morosiores
2305 963 2359 1010 et
2387 956 2720 1011 austeriores
2750 970 2878 1026 erga
2909 956 3172 1011 indociles
3204 958 3397 1023 simus,
3430 958 3523 1012 sed

1936 1058 2065 1101 sunt
2109 1062 2231 1117 quae
2283 1046 2393 1103 illis
2442 1058 2659 1118 oportet
2706 1048 2993 1120 ignoscere
3025 1060 3083 1104 ut
3116 1050 3521 1118 insipientibus.

1936 1138 2230 1196 Considera
2286 1148 2468 1193 autem
2512 1149 2565 1193 et
2620 1139 2763 1207 hoc,
2810 1141 2952 1209 quod
3003 1141 3259 1197 Christus
3316 1142 3523 1195 nullum

1934 1230 2049 1284 vult
2080 1229 2352 1285 dimittere
2395 1229 2663 1299 jejunum.
2704 1230 2907 1286 Omnes
2947 1233 3092 1287 enim
3136 1234 3252 1287 vult
3307 1235 3522 1290 deliciis

1934 1336 2154 1377 suorum
2186 1323 2457 1377 donorum
2490 1324 2672 1390 alere,
2709 1332 2766 1379 et
2797 1325 3032 1380 maxime
3058 1340 3155 1380 eos
3196 1327 3285 1395 qui
3345 1328 3525 1383 triduo

1926 1415 2073 1483 apud
2114 1430 2173 1470 se
2204 1423 2467 1479 manent,
2520 1414 2625 1471 hoc
2672 1425 2760 1473 est
2810 1416 3139 1485 baptizatos.
3192 1417 3526 1475 llluminatio

1933 1509 2076 1561 enim
2124 1508 2329 1563 dicitur
2379 1508 2671 1577 baptisma.
2704 1508 2844 1576 Quia
2893 1517 3077 1569 autem
3118 1510 3425 1579 haptismus
3469 1513 3521 1565 in

1936 1601 2108 1655 tribus
2142 1601 2513 1657 mersionihus
2540 1600 2622 1669 ﬁt,
2650 1603 2723 1657 ita
2758 1612 2814 1659 et
2843 1603 3021 1657 triduo
3055 1614 3278 1659 manent
3302 1605 3400 1674 qui
3426 1620 3524 1673 per

1932 1693 2261 1763 baptismum
2323 1694 2730 1751 iiluminantnr.
2780 1693 3008 1763 Accepit
3060 1704 3269 1765 septem
3330 1710 3520 1766 panes,

1930 1784 2243 1853 spirituates
2273 1785 2494 1853 inquam
2519 1799 2834 1843 sermones.
2861 1783 3136 1845 Numerus
3156 1790 3305 1842 enim
3340 1795 3521 1857 septe-

238 1830 377 1923 τοὺς.
412 1830 963 1931 πνευματικωτέρους
1008 1860 1197 1927 λόγους
1240 1853 1419 1929 φημίῖ
1443 1860 1500 1912 Ὀ
1538 1830 1661 1929 γὰρ.
1687 1830 1823 1912 έπτόι

1930 1830 2034 1853 ,τη
2054 1830 2242 1840 .-ν-η-
2273 1830 2494 1853 ...ν-,η
2520 1830 2834 1843 ...πηηνη
2861 1830 3135 1845 mm.--
3340 1830 3494 1857 νυν.-

1935 1877 2117 1931 uarius
2167 1876 2411 1945 Spiritus
2456 1877 2633 1932 sancti
2680 1877 2991 1949 symbolum
3028 1888 3144 1944 est.
3174 1880 3266 1947 qui
3302 1878 3517 1949 perlicit

242 1953 499 2025 ἀριθμὸς,
531 1954 624 2008 τοῦ
661 1953 981 2022 Πνεύματός
1014 1954 1129 2004 ἐστι
1165 1952 1457 2023 σύμϐολον.
1493 1952 1565 2007 Τὸ
1601 1951 1827 2020 Πνεῦμα

239 2046 351 2115 γάρ
382 2048 498 2101 ἐστι
526 2046 586 2097 τὸ
618 2043 855 2097 τελειοῦν
884 2045 953 2098 τὰ
985 2043 1184 2108 πάντα,
1213 2045 1306 2096 καὶ
1338 2045 1395 2097 ἐν
1424 2042 1503 2112 τῷ
1534 2044 1675 2095 ἑπτὰ
1706 2040 1826 2110 ἀρι-

241 2138 366 2209 θμῷ
395 2139 698 2193 τελειοῦται
724 2140 753 2192 ὀ
781 2138 894 2209 βίος
922 2138 1104 2208 ήμῶν,
1131 2139 1227 2191 καὶ
1252 2139 1279 2191 ὀ
1309 2136 1445 2191 αίὼν
1470 2130 1647 2199 οὗτος.
1674 2134 1833 2207 Τρώ-

241 2250 399 2301 γουσι
434 2232 494 2284 δὲ
531 2234 580 2285 oi
616 2232 1021 2301 πεφωτισμένοι
1057 2233 1152 2284 καὶ
1188 2230 1567 2301 χορτάζονται,
1600 2230 1697 2283 καὶ
1732 2246 1829 2281 πε-

244 2326 591 2397 ρισσεύματα
615 2324 798 2377 ἐῶσιν.
823 2326 897 2378 Οὐ
924 2325 1031 2395 γὰρ
1057 2326 1232 2380 πάντα
1260 2325 1513 2377 δύνανται
1540 2326 1735 2392 φαγεῖν
1757 2323 1829 2377 τά

242 2418 360 2470 θεῖα
390 2420 661 2487 νοήματα.
713 2418 855 2470 Ἀλλ’
874 2419 990 2469 ἐκεῖ
1020 2417 1117 2487 μὲν
1143 2418 1200 2469 έν
1225 2418 1289 2485 τῇ
1320 2415 1426 2473 τῶν
1453 2414 1618 2467 πέντε
1645 2414 1826 2485 ἄρτων

241 2509 679 2581 θαυματουργία,
725 2508 934 2562 δώδεκα
981 2510 1213 2577 κόφινοι,
1242 2508 1312 2560 τὰ
1357 2506 1777 2577 περισσεύματα
1806 2524 1822 2538 ⁸

240 2602 672 2671 πεντακισχίλιοι
720 2602 830 2672 γὰρ
875 2596 1036 2671 ἦσαν,
1081 2615 1327 2653 τουτεστι
1376 2598 1825 2670 ταῖςβίσθήσεσι

238 2697 361 2757 ταῖς
392 2694 555 2747 πέντε
583 2693 952 2756 δουλεύοντες.
982 2694 1089 2746 Καὶ
1119 2692 1209 2744 διὰ
1232 2692 1394 2745 τοῦτο
1423 2692 1522 2745 οὐκ
1552 2692 1826 2763 ἠδυνήθη-

242 2801 342 2837 σαν
373 2784 546 2838 πολλὰ
578 2787 793 2853 φαγεῖν,
824 2784 940 2837 ἀλλ’
965 2784 1167 2852 ὀλίγοις
1199 2784 1573 2854 ἠρκέσθησαν.
1607 2783 1699 2836 Διὸ
1730 2784 1824 2836 καὶ

240 2876 413 2929 πολλὰ
445 2877 515 2930 τά
545 2875 999 2948 περιττεύσαντα·
1038 2876 1272 2931 ἐνταῦθα
1304 2875 1361 2928 δὲ
1393 2876 1652 2947 σπυρίδες
1683 2876 1825 2929 ἑπτά

241 2970 336 3023 καὶ
356 2969 515 3037 ὀλίγα
534 2971 602 3024 τὰ
623 2969 871 3041 λείψανα,
889 2970 1024 3024 διότι
1040 2970 1469 3041 τετρακισχίλιοι
1492 2966 1654 3041 ἦσαν,
1671 2987 1823 3023 τουτ-

240 3063 396 3126 έστι,
435 3065 556 3125 ταῖς
597 3063 892 3133 τέσσαρσιν
938 3066 1161 3134 ἀρεταῖς
1203 3063 1683 3132 γεγυμνασμένοι,
1728 3061 1823 3115 καὶ

1926 1970 2138 2024 omnia.
2197 1967 2523 2037 Septenaria
2573 1968 2721 2025 enim
2780 1984 3011 2027 numero
3068 1970 3350 2040 perﬁcitur
3406 1974 3520 2027 vita

1930 2063 2046 2115 ha-c
2091 2070 2147 2114 et
2190 2060 2294 2115 hoc
2320 2060 2954 2125 saeculum..Comedunt
2996 2073 3175 2117 autem
3204 2062 3521 2131 illuminati,

1929 2162 1985 2205 et
2011 2162 2354 2219 saturantur,
2384 2162 2441 2209 et
2470 2152 2721 2224 reiiquite
2754 2164 3070 2224 supersunt.
3110 2152 3300 2224 Neque
3324 2170 3521 2214 omnes

1928 2256 2126 2299 sensus
2156 2242 2373 2298 divinos
2400 2244 2565 2300 edere
2598 2244 2804 2300 valent.
2842 2242 3042 2303 Verum
3084 2246 3135 2301 in
3188 2245 3278 2302 illo
3302 2246 3520 2316 quidem

1928 2335 2173 2405 quinque
2204 2351 2406 2403 panum
2445 2334 2730 2398 miraculo,
2766 2334 2933 2405 210
2954 2333 3249 2391 duodecim
3299 2334 3521 2404 cophini

1929 2435 2077 2489 sunt,
2105 2434 2161 2479 et
2191 2427 2379 2493 plures
2398 2425 2648 2494 reliquia:
2674 2441 2689 2480 :
2714 2433 2879 2479 erant
2894 2425 3041 2487 enim
3067 2427 3306 2496 quinque
3329 2424 3519 2492 millia,

1930 2520 2030 2574 hoc
2057 2531 2161 2582 est,
2209 2522 2449 2591 quinque
2490 2520 2745 2576 sensibus
2790 2520 3106 2576 serviebant
3140 2528 3193 2572 et
3229 2523 3519 2586 propterea

1929 2630 2035 2669 non
2074 2622 2366 2681 potuerunt
2427 2614 2594 2666 multa
2645 2614 2833 2674 edere,
2883 2614 2979 2667 sed
3027 2611 3219 2681 paucis
3273 2608 3519 2664 contenti

1928 2704 2165 2769 fuerunt,
2193 2705 2397 2759 et‘ideo
2422 2706 2602 2771 plures
2622 2712 2755 2761 sunt
2785 2703 3031 2773 reliquiae
3066 2722 3079 2759 :
3115 2703 3203 2759 hic
3228 2717 3357 2757 vero
3386 2715 3518 2770 sep-

1928 2804 2036 2849 tem
2097 2804 2225 2850 sunt
2282 2805 2518 2863 sporta},
2559 2803 2614 2849 et
2664 2794 3200 2871 pauciora_‘residua,
3253 2806 3319 2846 eo
3370 2790 3515 2860 quod

1924 2896 2164 2957 quatuor
2194 2885 2365 2942 millia
2406 2886 2644 2951 fuerunt,
2677 2887 2780 2941 hoc
2818 2895 2923 2951 est,
2958 2894 3194 2953 quatuor
3224 2883 3521 2937 virtutibus

1925 2980 2233 3046 exercitati,
2258 2989 2317 3035 et
2342 2991 2631 3051 propterea
2661 2988 2929 3049 tauquam
2961 2978 3299 3047 potentiores
3322 3015 3336 3042 ,
3364 2975 3522 3047 plura

1926 3074 2280 3130 comederunt
2320 3082 2375 3126 et
2415 3076 2670 3143 pauciora
2713 3071 3070 3141 reliquerunt.
3103 3068 3193 3123 llla
3226 3069 3374 3123 enim
3404 3067 3521 3124 sola

237 3155 326 3208 διὰ
354 3154 517 3207 τοῦτο
545 3156 620 3217 ὡς
649 3155 1039 3231 δυνατώτεροι,
1076 3155 1277 3223 ἔφαγον
1307 3155 1506 3218 πολλὰ,
1539 3154 1634 3208 καὶ
1663 3154 1821 3222 ὀλίγα

1928 3178 2032 3218 non
2071 3170 2371 3233 potuerunt
2402 3164 2711 3223 comedere.
2739 3176 2859 3231 qua:
2892 3160 3119 3216 fuerunt
3152 3161 3326 3230 magis
3356 3160 3521 3229 spiri-

239 3248 588 3317 κατέλειψαν.
624 3249 838 3301 Ἐκεῖνα
874 3247 981 3318 γὰρ
1020 3248 1157 3318 μόνα
1196 3248 1297 3301 οὐκ
1334 3248 1679 3318 ἠδυνήθησαν
1715 3264 1822 3315 φα-

237 3343 377 3407 γεῖν,
413 3338 514 3392 ὅσα
551 3333 620 3409 ἦν
653 3338 1145 3409 πνευματικώτερα
1185 3340 1277 3391 καὶ
1318 3336 1626 3408 βαθύτεραο
1662 3335 1822 3389 τοῦτο

239 3434 348 3505 γὰρ
386 3434 446 3489 at
482 3431 622 3486 ἑπτά
664 3432 931 3502 στυρίδες.
970 3430 1224 3493 Μάνθανε
1260 3430 1319 3483 δὲ
1358 3431 1450 3483 καὶ
1485 3428 1643 3482 τοῦτο
1680 3427 1822 3482 κατὰ

236 3525 335 3596 τήν
363 3524 627 3594 ἱστορίαν,
655 3524 739 3576 δτι
765 3523 847 3576 δεῖ
871 3524 1016 3592 ἡμᾶς
1043 3522 1172 3592 ἄχρι
1197 3521 1296 3591 τῆς
1324 3521 1511 3592 χρείας
1540 3520 1817 3585 ἵστασθαι,

236 3616 330 3668 καὶ
362 3614 533 3684 μηδὲν
556 3614 719 3666 πλέον
744 3615 948 3683 ζητεῖν.
987 3612 1120 3665 Ἰδοὺ
1153 3613 1259 3683 γὰρ
1285 3614 1333 3665 οι
1360 3612 1531 3682 ὄχλοι,
1556 3612 1822 3681 φαγόντες

237 3708 332 3760 καὶ
372 3706 802 3776 χορτασθέντες,
839 3706 941 3758 οὐκ
981 3704 1175 3758 ἔλαϐον
1213 3703 1331 3774 μεθ’
1357 3703 1566 3757 ἑαυτῶν
1601 3704 1672 3757 τὰ
1712 3703 1822 3757 λεί-

235 3798 380 3870 quam
406 3799 515 3852 τῶν
541 3800 741 3869 ἄρτων,
767 3797 880 3851 ἀλλ’
898 3800 946 3851 οἱ
981 3797 1219 3868 μαθηταὶ
1245 3792 1386 3868 ἦραν
1410 3796 1605 3863 ταῦτα,
1629 3796 1821 3869 ὥσπερ

236 3892 331 3947 καὶ
367 3890 465 3945 ἐπὶ
496 3889 603 3944 τῶν
639 3890 879 3959 κοφίνων
904 3905 918 3920 '
958 3888 1131 3953 οὕτως
1163 3885 1256 3943 οὖν
1291 3889 1374 3941 δεῖ
1410 3890 1503 3943 καὶ
1538 3891 1687 3960 ἡμᾶς
1722 3891 1822 3960 ἀρ-

236 3984 453 4038 κεῖσθαι
483 3985 548 4053 τῇ
580 3982 893 4054 συμμετρίᾳ
921 3982 1020 4051 τῆς
1051 3982 1261 4053 χρείας.

315 4095 335 4128 ι
368 4076 485 4129 Καὶ
511 4076 712 4138 εὐθέως
736 4075 911 4145 ἐμϐὰς
936 4077 1016 4137 είς
1040 4075 1102 4127 τὸ
1129 4074 1312 4128 πλοῖον
1340 4073 1480 4145 μετά
1503 4073 1612 4128 τῶν
1643 4074 1819 4145 μαθη-
1850 4086 1853 4087 ⁷

235 4168 347 4222 τῶν
396 4166 592 4228 αὐτοῦ.
636 4162 800 4239 ἦλθεν
849 4167 929 4230 είς
976 4165 1046 4219 τά
1094 4167 1236 4237 μέργ⁸
1287 4166 1665 4237 Δαλμανουθά.
1711 4170 1820 4222 Καὶ

236 4262 462 4333 ἐξῆλθον
507 4263 555 4313 οἱ
599 4262 884 4330 Φαρισαῖοι
925 4260 1022 4313 καὶ
1066 4258 1303 4331 ἧρξαντο
1344 4258 1597 4329 συζητεῖν
1637 4261 1816 4330 αὐτῷ,

237 4354 533 4427 ζητοῦντες
560 4352 691 4423 παρ’
726 4352 890 4405 αὐτοῦ
921 4355 1146 4422 σημεῖον
1169 4352 1276 4406 ἀπὸ
1297 4353 1391 4407 τοῦ
1418 4352 1673 4424 οὐρανοῦ,
1700 4371 1821 4407 πει-

240 4447 500 4519 ράζοντες
533 4445 718 4499 αὐτόν.
753 4444 866 4500 Kal.
904 4444 1275 4509 ἀναστενάξας
1304 4446 1382 4516 τῷ
1415 4446 1689 4517 πνεύματι
1722 4448 1819 4501 αὐ-

1926 3255 2090 3310 tualia
2134 3263 2187 3310 et
2233 3254 2617 3325 profundiora,
2642 3254 2793 3311 unde
2824 3262 2882 3310 et
2913 3268 3011 3325 per
3050 3263 3257 3323 septem
3305 3262 3523 3321 sportas

1923 3345 2298 3416 designantur.
2338 3345 2496 3400 Disce
2547 3356 2600 3399 et
2638 3347 2740 3400 hoc
2783 3345 2945 3415 juxta
3003 3344 3317 3409 historiam,
3378 3344 3521 3412 quod

1924 3436 2178 3491 debemus
2213 3436 2299 3491 his
2329 3436 2526 3506 quibus
2556 3437 2861 3505 indigemus
2882 3474 2899 3503 ,
2956 3435 3199 3493 contenti
3254 3449 3395 3502 esse,
3464 3446 3524 3491 et

1924 3526 2056 3582 nihil
2108 3527 2347 3597 amplius
2408 3542 2673 3597 quaerere.
2736 3524 2876 3586 Ecce
2926 3526 3073 3580 enim
3136 3528 3348 3591 turba,
3398 3540 3522 3596 qua

1917 3620 2311 3686 comederunt;
2334 3629 2390 3675 et
2423 3628 2688 3676 saturatas
2719 3618 2965 3684 fuerunt,
3022 3632 3128 3673 non
3187 3626 3520 3688 acceperunt

1924 3726 2109 3769 secum
2144 3713 2405 3782 reliquias
2433 3728 2656 3782 panum,
2686 3712 2777 3766 sed
2812 3709 3057 3780 discipuli
3088 3711 3187 3765 has
3210 3719 3518 3782 gestarum,

1923 3805 2380 3877 quemadmodum
2427 3815 2482 3860 et
2539 3806 2591 3858 in
2647 3803 2897 3873 cophinis
2947 3802 3149 3858 factum
3185 3803 3383 3866 fuerat,
3437 3803 3520 3857 sic

1926 3901 2090 3972 igitur
2138 3909 2200 3955 et
2245 3913 2346 3953 nos
2397 3902 2499 3957 usu
2551 3897 2708 3954 nobis
2755 3911 2997 3967 congruo
3055 3910 3178 3955 esse
3226 3904 3519 3952 contentos

1925 3993 2107 4049 decet.

2001 4082 2164 4150 iens.
2202 4083 2381 4138 Ιθ-ιὲ.
2427 4101 2446 4134 ι
2484 4083 2547 4136 Ει
2592 4097 2716 4136 mox
2759 4081 3037 4151 ingressus
3072 4080 3127 4134 in
3179 4080 3360 4134 navim
3391 4094 3516 4134 cum

1926 4178 2207 4248 discipulis
2260 4177 2414 4239 suis,
2472 4175 2620 4229 venit
2670 4174 2721 4228 in
2777 4184 2958 4243 partes
3005 4172 3371 4227 Dalmanutlta
3399 4174 3432 4238 εξ
3461 4178 3519 4224 ει

1924 4273 2130 4345 egressi
2162 4281 2292 4328 sunt
2324 4270 2609 4336 Pharismi,
2637 4280 3032 4341 cmperuntqne
3065 4268 3349 4336 disputare
3383 4279 3511 4321 cum

1921 4365 2041 4430 illo,
2059 4376 2365 4435 quterentes
2390 4364 2457 4417 ab
2485 4377 2550 4416 eo
2577 4362 2790 4432 signum
2811 4377 2845 4416 e
2870 4361 3033 4425 ctelo,
3060 4366 3337 4414 tentantes
3366 4372 3511 4419 eum.

1920 4457 1991 4511 Et
2020 4473 2143 4513 cum
2174 4456 2533 4528 ingemuisset
2560 4456 2754 4524 spiritu
2786 4468 2908 4517 suo,
2944 4452 3115 4508 dicit:
3150 4452 3259 4505 Cur
3287 4463 3516 4519 genera-

235 4536 347 4604 τοῦ,
374 4537 526 4605 λέγει
545 4552 559 4565 ο
587 4534 650 4586 Τί
675 4535 708 4605 ή
732 4535 897 4602 γενεὰ
922 4533 1061 4603 αὕτη
1088 4537 1313 4605 σημεῖον
1339 4536 1617 4607 ἐπιζητεῖς
1650 4539 1821 4610 Ἀμὴν

1932 4552 2004 4606 tio
2025 4551 2141 4605 hac
2164 4552 2377 4620 signum
2406 4547 2646 4617 qumrit?
2671 4547 2842 4600 Amen
2868 4545 2989 4601 dico
3012 4544 3187 4607 vobis,
3223 4542 3267 4597 si
3298 4540 3518 4595 dabitur

236 4628 380 4696 λέγω
415 4627 579 4697 ὑμῖν,
611 4626 660 4679 εἰ
690 4626 980 4695 δοθήσεται
1008 4629 1074 4697 τῇ
1105 4628 1271 4698 γενεᾷ
1301 4627 1474 4701 ταύτῃ
1507 4632 1753 4698 σημεῖον.
1792 4650 1811 4684 ι

236 4721 390 4774 Μετὰ
418 4719 481 4772 τὸ
518 4716 704 4788 θαῦμα
733 4717 793 4771 τό
822 4718 915 4771 ἐπὶ
946 4722 1057 4781 τοῖς
1093 4719 1278 4789 ἄρτοις
1299 4762 1313 4785 ,
1344 4720 1506 4786 εὐθὺς
1542 4725 1821 4795 ἀναχωρεῖ

236 4812 315 4873 είς
347 4809 509 4863 ἄλλον
543 4810 742 4873 τόπον,
778 4809 1113 4880 φοϐούμενος
1152 4812 1351 4881 μήπως
1386 4813 1414 4864 ὀ
1448 4812 1604 4883 δχλος
1639 4814 1728 4868 διὰ
1758 4815 1819 4868 τὺ

236 4900 479 4955 τοιοῦτον
505 4896 720 4969 θαῦμα,
751 4902 1045 4972 νεωτερίσῃ
1066 4941 1078 4965 ,
1112 4905 1207 4955 καὶ
1239 4908 1440 4978 ποιήσῃ
1469 4906 1631 4959 αὑτὸν
1659 4906 1816 4977 βάσιν

236 4991 351 5047 λέα.
386 4993 452 5045 Οἱ
485 4991 544 5046 δὲ
577 4993 863 5061 Φαρισαῖοι
899 4997 1124 5064 σημεῖον
1159 4996 1410 5066 ζητοῦσιν
1444 4998 1505 5063 ἐξ
1548 4999 1777 5070 οὐρανοῦ
1796 5044 1813 5069 ,

236 5076 345 5136 οἷον
373 5082 525 5151 ἥλιον
558 5082 780 5152 στῆσαι,
816 5084 1077 5156 σελήνην,
1109 5089 1405 5158 κεραυνοὺς
1453 5094 1813 5159 καταγαγεῖν,

236 5176 371 5247 ἀέρα.
405 5174 722 5229 ἀλλοιῶσαι.
762 5177 1039 5246 Ἐνόμιζον
1069 5178 1199 5250 γὰρ,
1231 5181 1310 5233 ὅτι
1344 5183 1403 5234 οὺ
1437 5183 1722 5253 δυνήσεται
1757 5184 1815 5251 ἐξ

234 5264 460 5337 οὐρανοῦ
497 5267 722 5335 ποιῆσαι
758 5270 981 5337 σημεῖον
1004 5309 1019 5333 ,
1053 5263 1141 5323 οἷα
1174 5269 1238 5339 δή
1273 5273 1331 5324 ὲν
1363 5271 1439 5341 τῷ
1474 5274 1809 5339 Βεελζεσοῦλ

235 5359 527 5428 δυνάμενος
558 5360 731 5411 ποιεῖν
756 5359 824 5413 τὰ
850 5360 909 5411 ιν
935 5363 1001 5431 τῇ
1033 5364 1103 5433 γῇ
1139 5363 1277 5432 μόνα
1306 5367 1529 5434 σημεῖα.
1558 5366 1729 5433 Aura;
1756 5367 1812 5421 δὲ

234 5456 292 5507 οὐ
323 5454 571 5507 πείθεται
598 5453 827 5519 τούτοις.
856 5456 1048 5518 ΙἈλλος
1078 5456 1186 5529 γὰρ
1213 5459 1241 5510 ὀ
1272 5460 1463 5529 καιρὸς
1489 5459 1597 5514 τῶν
1636 5461 1693 5527 ἐξ
1723 5462 1813 5515 ού-

241 5546 395 5618 ρανοῦ
429 5545 691 5617 σημείων,
724 5548 752 5600 ὀ
779 5548 878 5616 τῆς
908 5548 1174 5620 δευτέρας·
1195 5551 1339 5619 λέγω
1364 5554 1691 5625 παρουσίας,
1721 5555 1809 5608 ὅτε

236 5642 287 5691 ai
319 5638 579 5709 δυνάμεις·
623 5640 731 5691 τῶν
759 5639 1007 5708 οὐρανῶν
1038 5641 1489 5713 σαλευθήσονται,
1521 5645 1617 5699 καὶ
1650 5647 1682 5715 ή
1721 5663 1808 5699 σε·

235 5728 364 5800 λήνη
404 5730 467 5784 οὐ
504 5728 664 5783 δώσει
695 5728 756 5783 τὺ
796 5731 997 5800 φέγγος
1038 5734 1227 5803 αὐτῆς.
1258 5734 1315 5789 '0
1356 5736 1412 5789 δὲ
1442 5739 1542 5806 τῆς
1582 5739 1807 5808 πρώτης

236 5821 553 5890 παρουσίας,
581 5821 733 5875 οὐδὲν
760 5822 997 5877 τοιοῦτον
1024 5824 1159 5894 ἔχει,
1190 5826 1324 5880 ἀλλὰ
1356 5828 1533 5883 πάντα
1568 5830 1805 5900 πραότης

1925 4641 2263 4712 generationi
2319 4640 2444 4694 huic
2479 4640 2715 4709 signum.
2754 4655 2777 4687 ι
2830 4636 2959 4711 Post
3014 4636 3227 4706 signum
3274 4640 3377 4692 hoc
3428 4647 3517 4686 se-

1922 4743 2068 4803 ptem
2088 4747 2291 4802 panum
2327 4732 2510 4786 statim
2544 4730 2753 4788 secedit
2778 4729 2837 4791 in
2864 4728 3037 4787 alium
3081 4726 3280 4791 locum,
3320 4726 3518 4781 timens

1924 4838 1992 4881 ne
2020 4838 2127 4892 quo
2154 4831 2320 4893 pacto
2352 4822 2509 4877 turba
2569 4828 2723 4876 tanto
2755 4818 3025 4876 miraculo
3066 4818 3305 4873 excitata
3328 4858 3343 4882 ,
3385 4815 3514 4884 quid

1924 4932 2183 4971 novarum
2235 4930 2418 4976 rerum
2454 4913 2774 4980 moliretur,
2825 4924 3117 4981 regemque
3172 4925 3230 4964 se
3288 4907 3511 4962 faceret.

1922 5006 2183 5062 Pharisaei
2216 5006 2431 5078 signum
2489 5011 2741 5075 quaerunt
2785 5003 2857 5059 de
2899 5002 3061 5068 caelo,
3126 5009 3313 5071 utpote
3367 5004 3511 5069 quod

1911 5100 2086 5161 solem
2138 5099 2297 5157 sistat
2360 5107 2418 5153 et
2467 5098 2677 5162 lunam.
2737 5096 2967 5158 fulmina
3016 5096 3275 5155 deducat,
3321 5109 3507 5153 aerem

1913 5190 2189 5251 immutet.
2211 5192 2637 5253 Arbitrabantur
2666 5188 2813 5251 enim
2838 5203 2966 5253 eum
2993 5203 3103 5252 non
3133 5201 3295 5257 posse
3326 5186 3513 5241 facere

1918 5284 2126 5355 signum
2152 5283 2219 5338 de
2250 5283 2389 5341 cmlo
2424 5292 2683 5351 tanquam
2737 5281 2830 5350 qui
2874 5282 2929 5347 in
2978 5280 3273 5339 Beelzebnt
3325 5278 3509 5334 facere

1916 5372 2090 5427 solum
2122 5379 2304 5441 posset
2334 5371 2486 5440 signa
2515 5371 2568 5429 in
2601 5368 2927 5442 terra.,lpse
2964 5378 3147 5427 autem
3188 5384 3396 5431 morem
3429 5370 3508 5423 eis

1916 5478 2022 5518 non
2049 5461 2206 5530 gerit.
2238 5462 2399 5516 Aliud
2423 5462 2570 5517 enim
2597 5470 2681 5518 est
2707 5471 2922 5531 tempus
2942 5460 3221 5532 signorum
3245 5461 3312 5517 de
3340 5460 3505 5522 coelo.

1914 5571 2107 5625 nempe
2152 5555 2375 5611 secundi
2428 5556 2695 5611 adventus
2746 5562 2980 5623 tempus,
3018 5558 3238 5624 quando
3273 5554 3504 5607 virtutes

1912 5649 2175 5703 ctelorum
2211 5647 2726 5713 commovebuntur,
2751 5654 2805 5704 et
2840 5646 2968 5704 luna
3001 5661 3107 5704 non
3139 5647 3291 5701 dabit
3323 5646 3503 5713 splen-

1911 5742 2095 5794 dorem
2142 5756 2322 5795 suum.
2366 5738 2533 5793 Primi
2573 5748 2752 5794 autem
2788 5737 3056 5793 adventus
3096 5748 3307 5807 tempus
3364 5736 3497 5790 nihil

1912 5832 2019 5888 tale
2050 5832 2230 5900 habet,
2266 5832 2362 5887 sed
2396 5830 2577 5887 omnia
2613 5829 3034 5886 mansuetudine
3073 5828 3228 5900 plena
3263 5839 3407 5893 sunt,
3443 5838 3497 5883 et
