4108 6334
594 369 719 438 ’ξ’Ὶι

1531 362 2114 426 THEOPHYLACTI
2148 359 2560 425 BULGARIE
2591 362 2952 425 ARCHIEP.

3743 357 3845 421 572

612 482 688 537 ita
722 468 826 536 non
860 471 1071 533 dabitur
1094 476 1430 548 generationi
1477 476 1603 531 huic
1650 476 1860 545 signum
1904 473 2034 538 tale,
2067 473 2169 529 hoc

2280 490 2362 538 τος
2390 475 2652 545 γέμοντα.
2674 474 2836 528 Ὥστε
2862 472 2925 526 οὐ
2952 469 3240 542 δοθησεται
3270 470 3336 541 τῇ
3368 467 3532 539 γενεᾷ
3556 466 3730 540 ταύτῃ
3758 486 3847 540 ση-

612 578 725 635 est,
752 567 1003 624 de‘cmlo.

682 660 841 715 Vnus.
875 660 1066 714 15-21.
1105 679 1124 713 ε
1162 658 1228 713 Et
1265 658 1467 713 relictis
1511 656 1635 720 illis,
1671 657 1951 727 Ingressus
1975 671 2171 714 rursus

610 749 789 806 navim
820 750 954 804 abiit
990 749 1212 822 trajecta
1249 748 1387 802 lacn.
1437 745 1500 800 Et
1528 746 1677 802 ohliti
1713 746 1925 801 fuerant
1958 759 2172 801 sumere

611 854 804 909 panes,
837 854 935 895 nec
968 848 1353 907 pmter‘unum
1384 852 1577 907 panem
1612 835 1879 892 habebant
1910 851 2090 892 secum
2116 837 2171 891 in

612 931 758 987 navi.
806 931 883 985 Ac
928 928 1181 998 pra-cepit
1236 929 1344 984 illis
1380 929 1599 984 dicens:
1654 924 1861 991 Videte,
1909 936 2093 984 cavete
2140 943 2174 983 a

614 1021 880 1078 fermento
918 1018 1337 1085 Pharisaeorum,
1370 1028 1423 1073 et
1452 1034 1481 1073 a
1510 1012 1777 1073 fermento
1810 1018 2058 1075 Herodis.
2108 1017 2176 1073 Et

611 1111 958 1178 disputabant
1002 1111 1141 1165 inter
1167 1099 1308 1174 sese,
1340 1110 1621 1163 dicentes:
1660 1107 1837 1164 Panes
1871 1108 2175 1185 non‘hahe-

612 1216 752 1255 mus.
782 1201 846 1255 Et
870 1214 937 1256 eo
960 1200 1190 1270 cognito,
1214 1197 1372 1255 .lesus
1386 1192 1519 1252 dicit
1546 1198 1655 1253 illis
1680 1216 1694 1253 :
1724 1198 1861 1265 Quid
1886 1198 2173 1268 disputatis

613 1293 759 1363 quod
805 1305 970 1361 partes
1021 1305 1127 1345 non
1177 1290 1429 1345 habetis?
1465 1287 1711 1347 Nondum
1746 1289 2174 1349 animadvertitis

618 1396 718 1435 nee
780 1378 1153 1449 intelligitisii—
1182 1378 1359 1435 adhuc
1418 1380 1747 1436 obcaecatum
1810 1380 2020 1437 habetis
2077 1394 2175 1436 cor

615 1468 893 1523 vestrum?
922 1464 1109 1523 oculos
1153 1469 1413 1524 habentes
1459 1483 1565 1522 non
1605 1468 1851 1536 cernitis,
1905 1477 1960 1524 et
2014 1484 2175 1527 aures

614 1557 877 1615 habentes
926 1574 1031 1614 non
1088 1560 1327 1614 auditis?
1399 1567 1455 1615 ct
1502 1575 1611 1616 non
1659 1561 2023 1629 meministis,
2052 1574 2173 1617 cum

615 1652 853 1720 quinque
875 1648 1337 1721 panesifregissem
1357 1652 1413 1730 in
1433 1650 1710 1708 hominum
1730 1654 1968 1724 quinque
1988 1653 2171 1719 millia,

619 1750 748 1810 quot
777 1742 1035 1809 cophinos
1064 1739 1383 1809 fragmentis
1405 1742 1593 1813 plenos
1614 1744 1909 1801 sustulistis
1933 1744 1956 1799 ἲ
1981 1744 2173 1800 Dicunt

2274 566 2428 636 μεῖον
2454 564 2717 632 τοιοῦτον,
2745 563 3027 617 τουτέστιν
3052 561 3368 635 οὐρανόθεν.

2350 673 2369 708 ε
2408 654 2520 710 Καὶ
2553 653 2714 723 ἀφεὶς
2745 652 2942 715 αὐτοὺς
2962 690 2978 717 ,
3014 649 3189 721 ipsa;
3212 649 3386 704 ’πάλιν
3419 650 3501 713 είς
3530 648 3596 702 τδ
3627 648 3845 717 πλοῖον,

2270 743 2514 815 ἀπῆλθεν
2551 746 2631 807 είς
2666 742 2727 796 τδ
2768 742 2960 813 πέραν.
3001 740 3113 794 Kal
3150 737 3476 793 επελάθοντο
3514 738 3566 791 οί
3614 738 3848 809 μαθηταὶ

2271 836 2434 890 αὑτοῦ
2466 835 2653 889 λαϐεῖν
2681 834 2899 902 ἄρτους,
2930 832 3026 887 καὶ
3068 832 3117 885 εί
3151 831 3225 902 μὴ
3254 830 3349 885 ῑνα
3380 830 3545 903 ἄρτον
3572 830 3675 883 οὐκ
3709 825 3847 901 εἶχον

2276 926 2394 997 μεθ’
2415 926 2625 980 ἑαυτῶν
2665 926 2725 978 εν
2765 923 2844 994 τῷ
2889 922 3081 994 πλοίῳ.
3120 922 3231 977 Kal
3274 920 3611 975 διεστέλλετο
3652 922 3848 989 αὐτοῖς,

2271 1016 2483 1086 λέγων*
2521 1016 2738 1087 Ὁρᾶτε,
2768 1014 2997 1086 βλέπετε
3036 1013 3146 1069 ἀπὸ
3181 1012 3281 1082 τῆς
3326 1012 3505 1083 ζύμης
3542 1011 3653 1067 τῶν
3689 1014 3852 1085 Φαρι-

2275 1106 2477 1175 σαίων,
2523 1108 2623 1161 xal
2664 1106 2763 1177 τῆς
2808 1105 2986 1178 ζύμης
3024 1103 3290 1175 Ἡρώδου.
3336 1104 3450 1159 Kal
3498 1103 3854 1172 διελογίζοντο

2274 1197 2409 1269 πρὸς
2452 1196 2734 1266 ἀλλήλους,
2778 1195 3058 1264 λέγοντες,
3085 1192 3169 1248 δτι
3209 1194 3443 1265 Ἀρτους
3490 1193 3590 1247 οὐκ
3637 1194 3851 1265 ἔχομεν.

2273 1288 2383 1342 Kal
2412 1288 2573 1355 γνοὺς
2599 1288 2629 1341 6
2662 1286 2888 1354 Ἰησοῦς,
2918 1287 3065 1354 λέγει
3095 1285 3279 1346 αὐτοῖς
3303 1302 3322 1333 .·
3357 1284 3424 1338 Τί
3454 1284 3849 1354 διαλογίζεσθε.

2272 1378 2356 1431 ὅτι
2379 1375 2575 1449 ἄρτους
2600 1376 2701 1431 οὐκ
2725 1376 2911 1447 εχετες
2938 1374 3103 1431 Οὔπω
3129 1378 3322 1442 νοεῖτε,
3351 1375 3475 1429 οὐδὲ
3503 1374 3747 1439 συνίετε;
3775 1374 3853 1428 ἔτι

2275 1472 2692 1537 πεπωρωμένην
2725 1467 2877 1538 ἔχετε
2912 1468 3011 1527 τὴν
3044 1467 3273 1537 καρδίαν
3308 1466 3499 1537 ύμῶν;
3535 1464 3849 1534 ὀφθαλμοὺς

2274 1555 2488 1627 εχοντες
2526 1557 2589 1610 οὔ
2628 1557 2876 1628 βλέπετε,
2911 1560 3005 1613 καὶ
3041 1552 3158 1613 ὧτα
3196 1558 3410 1629 ἔχοντες
3449 1558 3552 1611 οὐκ
3591 1556 3849 1619 ἄκούετες

2274 1648 2370 1701 καὶ
2392 1648 2463 1701 ⁸ού
2500 1648 2869 1719 μνημονεύετε
2890 1689 2907 1715 ,
2937 1650 3024 1703 ὅτε
3060 1651 3185 1713 τοὺς
3217 1651 3379 1703 πέντε
3413 1650 3622 1718 ἄρτους
3653 1648 3854 1701 ῐκλασα

2276 1737 2357 1801 είς
2393 1738 2520 1801 τοὺς
2559 1738 3053 1809 πεντακισχιλίους,
3094 1740 3292 1803 πόσους
3334 1738 3589 1807 κοφίνους
3626 1738 3855 1808 πλήρεις

617 1831 667 1885 ei
693 1848 708 1885 :
740 1831 1051 1887 Duodecim.
1074 1830 1205 1886 Cum
1226 1842 1403 1887 autem
1426 1842 1629 1902 septem
1655 1834 1709 1889 in
1733 1844 1964 1904 quatuor
1984 1834 2170 1900 millia,

2280 1827 2599 1897 κλασμάτων
2627 1829 2831 1899 ἧρατε;
2860 1830 3125 1899 Λέγουσιν
3152 1831 3299 1901 αὐτῷ
3323 1846 3339 1864 ο
3370 1830 3613 1885 Δώδεκα.
3641 1832 3770 1883 Ὅτε
3797 1830 3856 1882 δὲ

616 1929 749 1990 quot
804 1930 1017 1990 sportas
1068 1938 1133 1976 ex
1191 1923 1437 1994 reliquiis
1481 1923 1902 1994 fragmentorum
1936 1924 2173 1981 tulistis?

616 2011 695 2067 Illi
729 2027 855 2066 vero
888 2013 1153 2077 dixerunt,
1183 2014 1338 2082 211
1368 2012 1605 2081 Septem.
1637 2014 1704 2069 Et
1732 2015 1867 2069 dixit
1899 2015 2036 2071 illis:
2073 2014 2173 2083 Qui

618 2099 680 2155 ﬁt
706 2112 764 2155 ut
790 2116 894 2157 non
922 2101 1274 2171 intelligetis?
1304 2102 1539 2173 Reliquit
1560 2102 1864 2159 Phariscos
1894 2103 2174 2172 Dominus,

617 2201 677 2247 ut
710 2193 1124 2263 incorrigibiles.
1160 2192 1260 2248 Ubi
1294 2196 1440 2249 enim
1497 2209 1624 2264 spes
1669 2203 1753 2250 est
1798 2196 2167 2263 correctionisl

620 2284 693 2338 ihi
726 2285 1119 2338 immorandum
1153 2295 1279 2341 est:
1318 2286 1407 2341 ubi
1430 2296 1609 2341 autem
1642 2286 1732 2341 illa
1762 2285 2018 2353 defuerit,
2055 2288 2178 2343 inde

618 2376 1025 2428 transeundum.
1061 2374 1331 2444 Singulari
1374 2383 1551 2432 autem
1588 2376 1996 2447 dispensatione
2036 2376 2097 2432 iit
2119 2385 2180 2432 ut

616 2464 866 2532 discipuli
892 2466 1282 2522 obliviscantur
1302 2482 1519 2535 panum,
1542 2484 1649 2538 quo
1672 2467 1924 2525 meliores
1940 2470 2173 2526 evadant

617 2556 910 2627 ohjurgati,
942 2566 997 2613 et
1020 2558 1322 2629 intelligant
1353 2560 1563 2614 Domini
1588 2563 1867 2615 virtutem.
1890 2559 2023 2613 Nam
2054 2575 2177 2614 cum

616 2648 842 2704 dixisset
874 2650 1173 2703 cavendum
1220 2664 1249 2703 a
1302 2648 1567 2704 fermento
1614 2648 2048 2713 Phariszrorum,
2079 2652 2181 2703 hoc

619 2749 724 2802 est,
763 2742 1031 2805 doctrina,
1061 2741 1134 2794 illi
1168 2756 1290 2795 eum
1322 2743 1581 2811 putabant
1603 2742 1667 2796 de
1689 2756 1887 2812 panum
1916 2741 2181 2797 fermento

617 2828 876 2885 locutum.
937 2828 1092 2885 Unde
1152 2830 1349 2885 merito
1411 2831 1849 2901 perstringuntur
1926 2842 2177 2900 tanquam

615 2920 851 2989 stupidi,
899 2931 955 2975 et
986 2935 1092 2974 non
1138 2916 1496 2991 intelligentes
1539 2923 1791 2976 virtutem
1826 2920 2059 2987 ChriSti,
2087 2923 2180 2992 qui

614 3010 791 3079 possit
826 3023 891 3064 ex
941 3010 1117 3066 nihilo.
1164 3008 1346 3065 facere
1394 3025 1577 3079 panes.
1612 3010 1963 3067 Fermentum
2000 3020 2180 3068 autem

618 3100 740 3154 ideo
768 3102 1010 3154 nominat
1050 3100 1349 3155 doctrinam
1378 3098 1772 3157 Pharisaorum
1824 3112 1879 3159 et
1921 3101 2184 3159 Herodia-

619 3204 833 3255 norum,
857 3190 983 3257 quia
1007 3204 1191 3245 amara
1238 3200 1343 3255 est,
1390 3190 1715 3261 malitiaque
1760 3195 1961 3253 veteris
2001 3194 2179 3265 plena.

620 3280 936 3348 Quicunque
981 3280 1125 3335 enim
1172 3280 1373 3335 malitia
1424 3280 1756 3338 inveteratus
1796 3297 1905 3351 est,
1951 3294 2005 3339 et
2046 3284 2179 3339 nihil

617 3370 899 3439 spirituale
946 3378 1119 3441 potest
1162 3372 1343 3426 dicere
1394 3372 1536 3442 quod
1582 3374 1865 3430 auditoris-
1887 3375 2066 3443 palato
2111 3375 2181 3443 sit

621 3461 795 3523 dulce,
826 3462 912 3515 ille
943 3460 1262 3521 fermentum
1293 3462 1451 3517 habet
1472 3503 1487 3527 ,
1538 3478 1602 3518 ac
1636 3464 1948 3520 mordacem
1978 3466 2180 3521 veteris

619 3551 841 3605 malitiae
883 3551 1205 3617 doctrinam,
1241 3567 1361 3622 quae
1404 3553 1477 3608 illi
1515 3554 1855 3609 obedientem
1903 3556 1968 3609 ad
2010 3556 2183 3624 poeni-

619 3640 855 3696 tudinem
876 3643 1085 3698 tandem
1108 3642 1288 3697 ducat.
1312 3642 1599 3699 Herodiaui
1627 3652 1805 3698 autem
1826 3654 1981 3699 erant
1998 3646 2184 3700 docto-

620 3746 707 3786 res
757 3732 975 3802 quidam
1028 3748 1198 3802 nuper
1253 3734 1395 3799 orti,
1449 3734 1693 3791 dicentes
1743 3733 2012 3791 Herodem
2062 3750 2185 3791 esse

620 3822 916 3887 Christum,
946 3832 1002 3878 et
1030 3824 1107 3878 illi
1134 3839 1254 3889 esse
1276 3824 1624 3881 credendum.

618 3914 789 3969 διανοί
811 3931 825 3982 ;
856 3916 1174 3971 Διδάσκαλοί
1217 3932 1359 3981 τινες
1386 3920 1687 3987 νεοφανεῐς,
1711 3918 1905 3983 οἵτινες
1934 3917 2140 3989 ελεγον,
2166 3918 2245 3974 ὅτι

618 4006 853 4061 στεύειν.

691 4100 858 4156 Vens.
888 4099 1082 4157 22-26.
1118 4121 1140 4157 ε
1174 4102 1241 4157 Ει
1263 4104 1409 4159 venit
1440 4105 1803 4172 Dethsaidam,
1830 4115 1885 4161 et
1912 4106 2184 4166 adducunt

624 4196 697 4250 illi
732 4211 928 4251 cmcum
954 4204 1064 4255 :et
1089 4198 1449 4253 ohsecrahant
1480 4184 1601 4253 eum
1638 4210 1697 4254 ut
1734 4200 1883 4254 illum
1916 4208 2183 4271 tangeret.

624 4283 691 4337 Et
723 4283 1057 4352 apprehensa
1093 4276 1254 4339 manu
1283 4287 1429 4352 czeci,
1457 4289 1644 4343 eduxit
1694 4288 1844 4343 illum
1895 4300 2048 4344 extra
2099 4290 2184 4343 vi-

621 4390 782 4430 cum:
818 4385 871 4431 et
901 4390 1023 4432 cum
1052 4377 1329 4445 expuisset
1360 4380 1412 4434 in
1444 4383 1628 4436 oculos
1675 4382 1844 4447 illius,
1891 4384 2181 4452 imposuis-

623 4478 813 4535 setque
838 4468 911 4521 illi
950 4484 1163 4533 manus,
1188 4470 1681 4540 interrogaviqcum
1710 4474 1753 4527 si
1780 4473 1908 4541 quid
1933 4472 2179 4539 videret:

2275 1918 2399 1981 τοὺς
2426 1917 2566 1971 ἑπτὰ
2592 1920 2671 1982 είς
2694 1919 2819 1983 τοὺς
2847 1921 3342 1990 τετρακισχιλίους,
3368 1921 3553 1974 πόσων
3580 1919 3854 1991 σπυρίδων

2276 2007 2617 2079 πληρώματα
2658 2010 2986 2080 κλασμάτων
3006 2012 3206 2081 ἧρατε;
3230 2014 3293 2065 Oi
3328 2011 3385 2065 δὲ
3422 2008 3603 2065 εἷπονο
3656 2010 3850 2065 Ἑπτά.

2276 2099 2387 2153 Kal
2407 2099 2591 2167 ἔλεγεν
2609 2099 2795 2162 αὐτοῖς
2814 2116 2829 2131 ·
2853 2100 2977 2162 Πῶς
2996 2099 3151 2154 οὔπω
3174 2101 3416 2165 συνίετε;
3446 2121 3465 2154 ι
3493 2102 3711 2171 ’Δφίησι
3735 2102 3856 2163 τοὺς

2275 2191 2603 2263 Φαρισαίους
2644 2192 2673 2245 6
2721 2191 2948 2261 Κύριος,
2998 2192 3074 2256 ὼς
3120 2192 3504 2264 ἁδιορθὼτους.
3536 2194 3709 2247 Ἔνθα
3756 2193 3856 2263 μὲν

2276 2283 2384 2353 γὰρ
2426 2283 2573 2336 ἐστιν
2612 2283 2765 2346 ελπὶς
2788 2282 3146 2353 διορθώσεως,
3186 2284 3306 2337 ικεί
3345 2284 3427 2337 δεῖ
3472 2283 3808 2355 ἐγχρονίζειν
3835 2299 3850 2314 ⁸

2278 2372 2405 2427 ινθα
2460 2374 2519 2427 δὲ
2580 2372 2903 2444 ἀδιόρθωτον
2966 2374 3263 2442 τδικακδν,
3306 2374 3520 2430 ἐκεῖθεν
3563 2376 3853 2446 amnes»;

2277 2462 2376 2517 δεῖ.
2409 2462 2781 2534 Οἰκονομικῶς
2818 2462 2874 2517 δὲ
2911 2464 2961 2517 οί
3000 2465 3243 2534 μαθηταὶ
3274 2466 3724 2520 ἐπιλανθάνονται
3757 2467 3854 2519 λα-

2279 2552 2394 2606 ϐεῖν
2441 2554 2659 2623 ἄρτους,
2709 2555 2795 2609 ίνα
2841 2556 3226 2620 ὀνειδισθέντες
3275 2557 3516 2627 βελτίους
3560 2558 3852 2626 γένωνται,

2279 2643 2374 2695 καὶ
2403 2644 2482 2705 είς
2511 2642 2765 2713 αἴσθησιν
2792 2643 2988 2697 ἔλθωσι
3017 2643 3119 2713 τῆς
3150 2643 3245 2697 τοῦ
3276 2644 3515 2715 Χριστοῦ
3542 2645 3851 2715 δυνάμεως.

2280 2735 2543 2798 Είπόντος
2576 2738 2685 2804 γὰρ
2712 2735 2805 2789 τοῦ
2842 2736 3048 2805 Κυρίου
3078 2736 3365 2807 προσέχειν
3393 2738 3502 2792 ἀπὸ
3533 2738 3637 2806 τῆς
3675 2739 3855 2810 ζύμης

2281 2826 2389 2878 τῶν
2432 2826 2762 2895 Φαρισαίων,
2804 2826 2924 2898 ἦτοι
2963 2828 3063 2895 τῆς
3106 2827 3471 2895 διδασκαλίας,
3517 2831 3715 2884 inim
3759 2830 3858 2900 τὴν

2280 2916 2388 2969 τῶν
2424 2916 2607 2989 ἄρτων
2640 2916 2822 2988 ζύμην
2851 2918 3108 2988 ἐνόμισαν
3139 2918 3509 2990 ἀπαγορεύειν
3546 2910 3732 2985 αὐτοῖς
3764 2921 3857 2976 τὸν

2282 3010 2505 3082 Κύριον.
2532 3010 2694 3065 Ὅθεν
2718 3010 2943 3075 εἰκότως
2972 3009 3401 3082 ἐπιπλήσσονται
3428 3012 3504 3076 ὡς
3535 3013 3611 3083 μὴ
3643 3014 3853 3068 συνιέν-

2284 3119 2375 3166 τες
2401 3102 2500 3172 τὴν
2526 3100 2752 3171 δύναμιν
2775 3092 2874 3155 τοῦ
2907 3101 3168 3176 Χριστοῦ,
3199 3102 3282 3156 ὅτι
3308 3102 3532 3158 δύναται
3561 3103 3761 3175 ἄρτους
3789 3106 3854 3159 εκ

2289 3196 2363 3266 μὴ
2391 3193 2559 3247 ὄντων
2613 3194 2855 3263 ποιῆσαι.
2894 3194 3082 3265 Ζύμην
3108 3194 3165 3247 δὲ
3195 3194 3447 3265 ὀνομάζει
3472 3195 3570 3267 τὴν
3596 3196 3855 3251 διδασκα-

2282 3284 2403 3336 λίαν
2430 3282 2538 3336 τῶν
2566 3282 2875 3351 Φαρισαίων
2904 3283 2996 3336 καὶ
3025 3282 3134 3335 τῶν
3171 3282 3543 3353 Ἦρωδιανῶν,
3571 3285 3649 3349 ὡς
3681 3285 3853 3357 δζὼδη

2252 3430 2255 3433 λ
2282 3370 2445 3429 οὖσαν
2469 3373 2563 3426 καὶ
2592 3373 2826 3435 παλαιᾶς
2858 3372 3056 3435 κακίας
3086 3373 3382 3444 γέμουσαν.
3416 3376 3528 3439 Πᾶς
3559 3376 3669 3447 γὰρ
3695 3379 3725 3431 ὁ
3748 3393 3854 3431 πα.

2281 3464 2533 3527 λαιωθεὶς
2564 3465 2621 3517 ὲν
2647 3465 2713 3535 τῇ
2743 3464 2941 3532 κακίᾳ,
2974 3464 3069 3516 καὶ
3101 3464 3268 3534 μηδὲν
3298 3466 3669 3536 πνευματικὸν
3697 3467 3855 3522 t3qu-

2288 3572 2445 3626 μενος
2498 3556 2699 3623 λέγειν,
2750 3555 2891 3609 ὥστε
2946 3556 3260 3623 γλυκαίνειν
3310 3559 3401 3613 τὸν
3454 3559 3708 3631 λάρυγγα
3757 3559 3851 3614 τοῦ

2285 3646 2595 3711 ἀκούοντος,
2633 3647 2661 3698 6
2700 3646 2942 3711 τοιοῦτος
2986 3647 3165 3718 ζύμην
3206 3649 3340 3720 ἔχει,
3380 3650 3617 3715 παλαιᾶς
3658 3654 3855 3717 κακίας

2284 3734 2632 3789 διδασκαλίαν
2663 3735 2998 3801 δᾶκνουσαν,
3035 3738 3130 3789 καὶ
3174 3740 3255 3800 εἰς
3298 3740 3664 3809 μεταμέλειαν
3699 3740 3858 3793 ὕστε-

2291 3843 2381 3898 ρον
2412 3826 2651 3894 ἄγουσαν
2680 3826 2771 3881 τὸν
2803 3828 3115 3883 πεισθέντα.
3149 3829 3305 3894 Τίνες
3341 3832 3395 3884 δὲ
3427 3829 3567 3903 ἦσαν
3597 3835 3645 3886 oi
3673 3832 3858 3902 Ἥρω-

2284 3920 2314 3972 δ
2346 3918 2590 3991 Ἡρώδης
2633 3920 2777 3975 ἐστὶν
2814 3923 2842 3974 6
2870 3922 3123 3992 Χριστὸς,
3151 3922 3259 3994 ξκαὶ
3324 3924 3400 3977 ὅτι
3426 3924 3611 3995 ,τούτῳ
3648 3926 3731 3979 δεῖ
3771 3944 3856 3979 πιο

2362 4124 2383 4157 ε
2425 4105 2535 4159 Kal
2573 4104 2792 4175 ἔρχεται
2827 4106 2906 4169 εἰς
2944 4104 3248 4174 Βηθσαϊδὰ,
3283 4110 3379 4160 καὶ
3413 4108 3674 4178 φέρουσιν
3709 4108 3855 4178 αὐτῷ

2284 4199 2506 4267 τυφλὸν,
2539 4200 2632 4251 καὶ
2663 4198 3074 4267 παρακαλοῦσιν
3104 4200 3284 4265 αὑτὸν,
3319 4201 3408 4254 ἵνα
3434 4201 3599 4253 αὑτοῦ
3629 4202 3850 4272 ἅψηται.

2283 4291 2394 4343 Kal
2423 4290 2815 4359 ὲπιλαὸὁμενος
2846 4290 2945 4358 τῆς
2980 4292 3163 4361 χειρὸς
3191 4291 3287 4345 τοῦ
3317 4292 3552 4361 τυφλοῦ,
3587 4294 3855 4363 ἐξήγαγεν

2284 4383 2445 4436 αὑτὸν
2484 4382 2588 4445 ἐξω
2624 4383 2719 4452 τῆς
2758 4382 2971 4451 κώμης.
3014 4384 3122 4436 Kal
3159 4382 3370 4448 πτύσας
3412 4386 3493 4447 είς
3527 4386 3596 4438 τὰ
3632 4384 3855 4455 ὄμματα

2285 4472 2446 4527 αὑτοῦ
2466 4513 2481 4537 ,
2516 4474 2722 4537 ἐπιθεὶς
2750 4475 2849 4537 τὰς
2882 4478 3069 4545 χεῖρας
3096 4472 3289 4540 αὑτοῦ,
3321 4478 3583 4546 ἐπηρώτα
3614 4478 3782 4531 αὑτὸν
3810 4479 3858 4530 εί

623 4567 676 4611 et
707 4569 919 4627 recepto
949 4560 1067 4613 visu
1105 4560 1354 4615 dicebat:
1397 4562 1569 4617 Video
1618 4566 1863 4618 homines
1885 4605 1899 4631 ,
1930 4566 2180 4633 quoniam

2286 4583 2337 4617 τι
2380 4566 2587 4632 βλέπει.
2624 4565 2733 4618 Kal
2771 4566 3108 4635 ἀναϐλέψας,
3145 4566 3295 4635 ἔλεγε
3322 4583 3335 4598 ·
3374 4568 3568 4620 Βλέπω
3600 4570 3726 4630 τοὺς
3767 4570 3854 4622 ἁν-

528 4716 531 4719 _
628 4652 768 4703 velut
814 4652 1038 4704 arbores
1088 4666 1253 4706 cerno
1307 4655 1667 4709 ambulantes.
1714 4656 1914 4710 Deinde
1966 4672 2185 4711 rursum

625 4743 877 4809 imposuit
902 4757 1094 4796 manus
1116 4756 1279 4811 super
1297 4746 1483 4799 oculos
1507 4746 1671 4812 illius,
1693 4756 1746 4800 et
1775 4747 1905 4801 fecit
1932 4758 1989 4801 ut
2011 4749 2186 4801 visum

2283 4656 2559 4726 θρώπους,
2584 4658 2676 4709 ὅτι
2714 4656 2789 4719 ὡς
2832 4658 3021 4727 δένδρα
3072 4659 3184 4729 δρῶ
3227 4659 3687 4730 περιπατοῦντας.
3725 4655 3855 4714 Εἶτα

2284 4750 2444 4801 πάλιν
2479 4748 2717 4818 ἐπέθηκε
2750 4750 2847 4814 τὰς
2891 4753 3081 4820 χεῖρας
3120 4752 3210 4820 ἐπὶ
3243 4752 3370 4814 τοὺς
3407 4752 3728 4822 ὀφθαλμοὺς
3764 4753 3854 4806 au-

625 4833 909 4899 recipcret,
963 4842 1016 4884 et
1074 4832 1357 4888 restitutus
1402 4845 1517 4890 est:
1572 4852 1634 4892 ac
1692 4838 1907 4891 videbat
1957 4838 2180 4892 dilucide

2286 4838 2415 4903 τοῦ,
2458 4840 2551 4892 καὶ
2592 4840 2847 4911 ἐποίησεν
2890 4843 3051 4895 αὑτὸν
3093 4843 3411 4912 ἀναϐλέψαι.
3461 4838 3571 4895 Kal
3616 4845 3853 4898 ἀποκατ-

624 4935 846 4975 omnes:
877 4931 932 4977 et
964 4923 1168 4977 dimisit
1201 4925 1349 4999 illum
1405 4927 1454 4980 in
1486 4926 1700 4982 domttm
1735 4945 1911 4993 suam,
1961 4931 2143 4984 dicens
2173 4947 2189 4986 :

625 5012 809 5082 Neque
834 5006 888 5068 in
919 5016 1100 5070 vicum
1124 5018 1469 5086 ingrediaris,
1507 5035 1683 5089 neque
1705 5021 1905 5075 dixeris
1932 5022 2184 5090 cuiquam

628 5106 680 5157 in
720 5108 855 5160 vico.
891 5126 909 5159 ›
949 5109 1185 5177 Apparet
1234 5110 1573 5166 Bethsaidam
1608 5102 1982 5168 incredulitate
2018 5114 2184 5169 multa

626 5196 940 5252 laborasse:
1001 5200 1119 5255 ideo
1168 5213 1222 5255 et
1269 5204 1517 5258 miseram
1568 5220 1686 5259 eam
1738 5206 1867 5259 dicit
1913 5206 2182 5272 Christus,

628 5290 767 5341 sicut
803 5288 1083 5346 Matthaeus
1116 5292 1321 5361 inquit:
1366 5312 1384 5345 ε
1415 5295 1505 5349 Va:
1533 5296 1626 5349 tibi
1654 5298 1943 5364 Chorazin,
1978 5314 2053 5354 va:
2089 5298 2181 5353 tibi

628 5377 949 5434 Bcthsaida:
984 5382 1106 5450 quia
1141 5383 1187 5436 si
1217 5383 1267 5435 in
1292 5382 1435 5453 Tyro
1460 5394 1513 5437 et
1543 5384 1739 5441 Sidone
1778 5388 1929 5442 facta:
1959 5388 2185 5443 fuissent

628 5470 873 5535 virtutes,
902 5488 1019 5540 qua:
1042 5472 1196 5529 factae
1222 5486 1348 5530 sunt
1387 5477 1437 5531 in
1470 5477 1639 5545 vobis,
1685 5480 1887 5549 pridem
1933 5482 2185 5550 resipuis-

630 5564 829 5616 sent”.
874 5583 891 5615 ι
927 5564 1042 5620 lluc
1086 5567 1252 5637 igitur
1279 5582 1401 5623 cum
1442 5572 1674 5626 venisset
1705 5569 1880 5639 Jesus,
1914 5572 2186 5630 adducunt

704 5736 747 5767 "
792 5738 972 5792 .lliuth.
1011 5758 1083 5795 χι.

2285 4933 2484 5003 εστάοη
2506 4974 2519 4998 ,
2559 4933 2655 4986 καὶ
2693 4933 2942 5002 ἐνέϐλεψε
2978 4935 3265 5005 τηλαυγῶς
3302 4934 3580 5001 ἅπαντας,
3618 4938 3713 4989 καὶ
3752 4939 3854 4989 ἀπ-

2289 5023 2523 5077 έστειλεν
2552 5024 2713 5078 αὑτὸν
2744 5027 2822 5087 εἰς
2853 5025 2943 5079 τὸν
2971 5023 3118 5079 οἷκον
3147 5025 3334 5089 αὑτοῦ,
3360 5026 3534 5093 λέγων
3552 5043 3565 5057 ·
3592 5026 3747 5096 Μηδὲ
3779 5029 3851 5088 είς

2290 5116 2387 5185 τὴν
2418 5117 2606 5186 κώμην
2634 5116 2909 5187 εἰσέλθῃς.
2944 5118 3077 5187 μηδὲ
3111 5116 3268 5189 εἴπῃς
3296 5118 3404 5171 τινὶ
3431 5120 3487 5169 ὲν
3512 5121 3577 5188 τῇ
3610 5118 3795 5189 κώμῃ.
3831 5135 3846 5168 ι

2290 5206 2539 5260 Φαίνεται
2568 5208 2601 5276 ἡ
2632 5205 2904 5277 Βηθσαῖδὰ
2934 5208 3135 5277 πολλὴν
3160 5208 3421 5261 ἀπιστίαν
3448 5212 3750 5279 νοσήσασα,
3777 5209 3853 5262 διὸ

2292 5297 2385 5349 καὶ
2414 5296 2685 5361 ταλανίζει
2719 5295 2888 5367 αὐτὴν
2917 5299 2944 5350 6
2977 5297 3239 5367 Χριστὸς,
3270 5298 3345 5361 ὠς
3378 5301 3405 5351 6
3436 5299 3715 5362 Ματθαῖὁς
3751 5317 3852 5369 φη-

2292 5404 2399 5439 σιν·
2432 5406 2448 5439 ι
2477 5387 2611 5440 Οὐαί
2638 5404 2741 5454 σοι,
2767 5386 3028 5457 Χοραζίν-
3052 5388 3288 5451 ούαίσοι,
3314 5388 3608 5459 Βηθσαϊδὰ,
3631 5390 3711 5442 ὅτι
3732 5392 3779 5442 εί
3797 5392 3851 5441 εν

2290 5479 2449 5550 Τύρῳ
2479 5480 2573 5533 xal
2600 5478 2790 5532 Σιδῶνι
2819 5481 3063 5547 ἐγένοντο
3091 5484 3144 5533 ai
3172 5480 3450 5549 δυνάμεις,
3477 5484 3536 5535 al
3566 5483 3851 5551 γενόμεναι

2289 5573 2345 5627 ἐν
2370 5571 2519 5641 ὑμῖν,
2550 5569 2717 5628 πάλαι
2751 5571 2815 5625 ἂν
2852 5570 3201 5643 μετενόησαν.
3228 5590 3246 5623 ι
3288 5571 3551 5625 Ἐνταῦθα
3566 5572 3740 5628 τοίνυν
3770 5571 3851 5625 ελ-
