4108 6334
276 340 394 409 573

966 350 1431 424 ENARRATIO:
1452 353 1537 417 IN
1575 356 2092 425 EVANGE’LIUM
2123 364 2391 428 MARCI.
2429 366 2678 430 -CAP.
2713 366 2880 430 VIII.

3454 362 3561 432 576

277 460 429 514 θόντι
456 461 533 531 τῷ
564 462 773 534 Κυρίῳ,
801 465 1171 534 προσάγουσιν
1200 468 1352 540 αὐτῷ
1376 469 1596 538 τυφλόν.
1624 470 1699 525 06
1730 488 1833 543 γνη

1941 525 1946 538 .
1975 478 2041 533 ad
2071 493 2194 535 eum
2227 494 2453 538 caecum.
2491 480 2610 539 Non
2643 491 2762 538 erat
2785 491 2966 538 autem
2999 494 3137 552 pura
3168 472 3558 541 adducendum

277 551 371 605 σία
396 552 452 606 δὲ
476 549 546 625 ἦν
570 554 817 627 ηκπῖστις
843 557 953 613 τῶν
982 562 1394 630 προσαγόντων.
1422 562 1548 616 ὅθεν
1574 564 1670 619 καὶ
1698 566 1725 618 6
1756 566 1869 620 Κύ-

277 657 396 712 ριος
437 645 643 713 ἀπάγει
683 648 772 701 τὸν
810 649 1010 718 τυφλὸν
1046 654 1110 705 ἐκ
1145 655 1247 724 τῆς
1295 653 1509 726 κώμης,
1552 656 1649 711 καὶ
1695 656 1872 723 οὕτως

276 736 425 792 tam
469 737 651 795 αὐτόν.
690 740 858 796 Πτῦει
899 740 957 795 δὲ
1002 744 1083 807 είς
1123 743 1190 799 τὰ
1232 744 1462 816 ὄμματα
1499 745 1596 801 τοῦ
1636 746 1865 816 τυφλοῦ,

273 828 373 883 καὶ
405 831 503 894 τὰς
540 834 730 904 χεῖρας
758 833 1099 907 ιπιτίθησιν,
1140 836 1229 890 ἵνα
1277 836 1543 909 μάθωμεν
1581 840 1743 911 ἡμεῖς
1782 841 1868 893 δτι

270 914 433 993 λόγος
469 923 613 988 θεῖος
648 925 745 979 καὶ
780 919 988 994 πρᾶξις
1021 928 1266 1000 ἑπομένη
1298 929 1379 1000 τῷ
1406 929 1587 1001 λόγῳ,
1620 930 1689 984 τά
1730 930 1865 984 Batti-

273 1022 423 1082 ματα
451 1016 628 1070 τελεῖν
655 1017 899 1077 δύναται.
939 1019 1003 1073 Ἦ
1036 1016 1143 1090 μὲν
1165 1021 1276 1092 γὰρ
1303 1022 1445 1092 χεὶρ,
1475 1022 1577 1093 τῆς
1605 1018 1862 1093 πράξεώς

268 1105 389 1159 ἐστι
417 1102 811 1176 σύμϐολον-’πὸ
835 1109 893 1164 δὲ
919 1110 1165 1182 πτύσμα,
1190 1112 1287 1167 τοῦ
1314 1112 1497 1183 λόγου,
1522 1114 1657 1168 καθὸ
1680 1116 1745 1168 ὲκ
1766 1113 1861 1168 τοῦ

270 1195 543 1263 στόματός
578 1198 745 1253 ἐστιν.
785 1198 922 1266 Οὐδὲ
959 1200 989 1253 6
1024 1190 1228 1269 τυφλὸς
1272 1200 1455 1271 μέντοι
1494 1201 1708 1275 τελείαν
1742 1198 1859 1273 εἶχε

267 1286 620 1353 τὴνπίστιν,
659 1288 749 1343 διὰ
785 1290 947 1344 τοῦτο
987 1290 1112 1345 οὐδὲ
1152 1291 1315 1355 εὐθὺς
1356 1292 1658 1362 ἀναϐλέψαι
1695 1294 1860 1349 αὐτὸν

266 1382 439 1443 ποιεῖ,
462 1380 598 1433 ἀλλὰ
623 1381 766 1436 κατά
796 1384 985 1452 μέρος,
1010 1382 1086 1446 ὡς
1117 1382 1191 1454 μὴ
1219 1380 1512 1458 ὁλόκληρον
1536 1384 1731 1457 ἔχοντα
1754 1386 1857 1458 τὴν

264 1471 455 1523 πίστιν
479 1487 493 1501 ·
525 1472 669 1526 κατά
700 1472 807 1545 γὰρ
838 1472 945 1543 τὴν
970 1474 1155 1529 πίστιν
1176 1515 1191 1539 ,
1227 1475 1323 1530 καὶ
1352 1478 1412 1531 al
1445 1477 1734 1550 θεραπεῖαι
1769 1478 1855 1548 γί-

261 1576 471 1615 νονται.
509 1564 889 1632 Παραγγέλλει
926 1564 982 1617 δὲ
1028 1564 1179 1633 αὐτῷ
1221 1566 1297 1636 μὴ
1337 1568 1602 1623 εἰσελθεῖν
1637 1572 1719 1633 είς
1754 1570 1853 1642 τὴν

262 1652 485 1722 κώμην,
525 1654 681 1715 διότι,
727 1654 802 1718 ὡς
844 1653 1003 1724 ἔφην,
1049 1644 1296 1711 ἀπίστων
1335 1657 1505 1713 ὄντων
1541 1660 1652 1714 τῶν
1688 1662 1746 1714 ὲν
1782 1662 1851 1733 τῇ

262 1743 575 1818 Βηθσαῖδᾷ,
610 1745 808 1816 ὲὸλάὸη
844 1741 967 1802 άνό
1000 1746 1288 1820 ἄνθρωπος
1315 1748 1416 1822 τὴν
1452 1750 1633 1824 ψυχήν
1660 1768 1674 1784 ο
1714 1753 1852 1809 ἀλλὰ

266 1834 405 1905 μηδὲ
438 1837 613 1889 είπεῖν
640 1834 745 1889 τινι
773 1831 803 1889 δ
829 1836 1049 1905 ἐγένετο
1076 1839 1161 1891 ἐπ’
1181 1820 1477 1909 αὑτῷξῖνα
1614 1842 1848 1913 άπιστή-
1885 1820 1926 1874 Β

261 1940 490 1989 σαντες,
526 1928 704 1996 χεῖρον
734 1928 913 1996 κρῖμα
942 1928 1377 1985 ἐπισπάσωνται.
1402 1932 1524 1985 ’Καὶ
1557 1934 1721 2004 ἡμεῖς
1757 1933 1852 1987 οὖν

256 2014 522 2080 πολλάκις
551 2007 715 2085 ἐσμὲν
741 2019 933 2086 τυφλοὶ
956 2018 1055 2091 τὴν
1078 2019 1281 2091 ψυχὴν,
1307 2022 1366 2075 ἐν
1388 2024 1454 2093 τῇ
1483 2021 1649 2096 κώμῃ
1673 2022 1846 2091 ὄντες,

255 2108 511 2160 τουτέστι
534 2106 610 2177 τῷ
637 2108 826 2180 κόσμῳ
847 2109 1044 2179 τούτῳ.
1072 2107 1205 2164 Εἶτα
1231 2111 1337 2178 ἔξω
1361 2112 1463 2181 τῆς
1485 2112 1701 2184 κώμης.
1729 2113 1848 2185 ῆτοι

254 2194 354 2249 τοῦ
388 2195 593 2267 κόσμου
614 2237 629 2261 ,
662 2198 757 2252 καὶ
786 2198 895 2251 τῶν
925 2199 1092 2254 αὐτοῦ
1129 2204 1474 2270 πραγμάτων
1507 2196 1849 2273 ἀπαχθέντες

255 2289 366 2343 ὑπὸ
408 2288 670 2361 Χριστοῦ,
711 2289 1150 2363 θεραπευόμεθα.
1194 2293 1343 2348 Μεθδ
1383 2293 1443 2349 δὲ
1488 2294 1847 2366 θεραπευθῶ-

257 2396 395 2449 μεν,
428 2380 577 2447 λέγει
614 2382 746 2451 ἡμῖν
780 2382 979 2453 μηκέτι
1011 2382 1351 2455 ὑποστρέψαι
1385 2386 1467 2448 είς
1497 2384 1597 2457 τὴν
1627 2386 1842 2457 κώμην,

251 2469 378 2524 ἀλλ’
394 2472 475 2534 εἰς
497 2471 590 2523 τὸν
611 2466 781 2526 οἷκον.
806 2467 970 2537 Οἶκος
993 2472 1052 2528 δὲ
1076 2473 1312 2528 ἑκάστου
1340 2474 1497 2546 ἡμῶν
1520 2515 1535 2540 ,
1562 2476 1591 2529 6
1615 2477 1845 2548 οὐρανὸς

250 2558 436 2615 καὶαι
470 2563 648 2615 ἐκεῖσε
682 2560 865 2630 μοναί.
1077 2576 1101 2591 ⁸
1679 2581 1683 2589 ·

166 2712 177 2719 η
333 2672 354 2705 ι
393 2653 505 2707 Καὶ
532 2651 758 2723 ίξῆλθεν
785 2656 814 2708 6
845 2653 1059 2726 Ἰησοῦς
1084 2655 1183 2712 καὶ
1212 2656 1260 2710 οί
1294 2654 1537 2729 μαθηταὶ
1566 2656 1733 2711 αὑτοῦ
1762 2661 1844 2723 είς

248 2742 355 2806 τὰς
384 2744 576 2814 κώμας
605 2744 945 2817 Καισαρείας
972 2747 1073 2821 τῆς
1098 2746 1395 2816 Φιλίππου,
1431 2750 1526 2804 καὶ
1554 2751 1614 2804 ὲν
1642 2753 1708 2824 τῇ
1736 2751 1845 2822 όδῷ

247 2834 520 2905 ιπηρὼτα
550 2836 677 2899 τοὺς
719 2835 972 2907 μαθητὰς
1006 2836 1196 2907 αὑτοῦ,
1231 2838 1410 2907 λέγων
1444 2841 1632 2905 αὐτοῖς
1656 2858 1671 2871 ·
1709 2842 1844 2898 Τίνα

250 2944 325 2995 με
356 2927 608 2995 λέγουσιν
635 2929 684 2982 οῖ
714 2928 993 2999 ἄνθρωποι
1024 2926 1163 2985 εἶναι
1185 2947 1207 2997 ;,
1236 2932 1302 2985 οι
1329 2932 1388 2987 δὲ
1416 2932 1804 3005 ἀπεκρίθησαν
1823 2974 1839 2999 ,

244 3016 508 3088 Ἰωάννην
532 3019 621 3073 τὸν
665 3018 997 3090 Βαπτιστήν,
1027 3023 1123 3079 καὶ
1151 3021 1322 3086 ἄλλοι,
1354 3021 1562 3089 Ἠλίαν,
1586 3024 1736 3079 ἄλλοι
1761 3025 1839 3093 δὲ,

1940 584 1943 585 ⁷
1974 570 2131 636 ﬁdes,
2155 573 2298 628 unde
2327 583 2383 629 et
2416 559 2676 631 Dominus
2699 568 2886 631 educit
2913 587 3116 631 caecum
3149 588 3179 629 e
3207 588 3368 644 pago,
3398 582 3453 628 et
3478 574 3561 655 sic

1970 674 2126 718 sanat
2159 664 2331 720 illum.
2367 665 2569 735 Expuit
2608 680 2738 722 vero
2769 667 2822 724 iu
2855 665 3044 722 oculos
3075 664 3243 729 caeci,
3272 675 3329 721 et
3364 678 3560 719 manus

1972 755 2223 825 imponit,
2271 767 2329 813 ut
2375 761 2650 823 discamus
2696 774 2797 816 nos
2838 760 2983 829 quod
3031 762 3212 813 sermo
3247 757 3461 815 divinus
3500 762 3561 815 et

1968 844 2214 919 Operatio
2261 850 2414 906 iilum
2465 852 2932 920 subsequensbad
2989 850 3252 919 miracula
3307 842 3554 906 facienda

1966 935 2161 1001 emcax
2193 940 2285 1001 siti.
2316 943 2509 1001 Manus
2529 946 2704 1021 enim,
2732 941 3075 1013 operationis
3099 942 3405 1014 symbolum
3436 946 3554 998 est:

1966 1043 2190 1106 sputum
2211 1045 2391 1093 autem
2405 1036 2706 1101 sermonis,
2730 1048 2805 1090 eo
2820 1034 2963 1103 quod
2990 1048 3060 1089 ex
3088 1047 3183 1088 ore
3209 1031 3303 1088 sit.
3336 1032 3402 1086 Et
3423 1031 3555 1111 quia

1964 1118 2143 1201 neque
2173 1113 2351 1195 cacus
2389 1130 2480 1187 ille
2515 1128 2818 1209 perfectam,
2867 1126 3057 1183 habuit
3112 1124 3300 1192 iidem,
3348 1124 3552 1181 idcirco

1963 1234 2085 1278 non‘
2116 1227 2304 1281 statim
2350 1210 2547 1293 ipsum:
2567 1222 2894 1295 resipiscere
2943 1220 3117 1287 facit,
3171 1217 3269 1275 sed
3322 1218 3550 1282 sensim,

1961 1322 2147 1383 υιρθιθ
2162 1300 2382 1385 integra
2414 1321 2690 1372 carentem
2720 1311 2849 1393 ilde.’
2874 1308 3038 1393 Juxta
3081 1309 3204 1365 ﬁdei
3231 1304 3378 1365 enim
3422 1304 3555 1389 maf-

1922 1472 1927 1479 η,
1959 1405 2300 1476 gnitudinem
2348 1413 2407 1461 et
2447 1405 2658 1461 sanitas
2694 1390 2881 1460 datur.
2935 1390 3200 1457 Prohibet
3248 1409 3430 1479 autem
3481 1414 3551 1454 ne

1960 1497 2294 1569 ingrediatur
2320 1499 2372 1552 in
2406 1510 2603 1568 pagum
2636 1512 2795 1554 suum
2816 1536 2832 1560 ,
2864 1508 2933 1551 eo
2981 1495 3124 1564 quod
3147 1534 3172 1558 ..
3212 1493 3355 1548 sicut
3407 1493 3546 1559 dixi,

1957 1578 2223 1645 increduli
2273 1599 2434 1648 erant
2474 1590 2724 1647 homines
2754 1586 3079 1651 Bethsaidae,
3112 1596 3167 1641 et
3193 1576 3391 1640 anima:
3420 1583 3541 1653 ejus

1958 1678 2294 1735 nocuissent.
2320 1678 2429 1734 Sed
2456 1691 2633 1747 neque
2658 1676 2912 1733 Christus
2935 1674 3040 1728 hoc
3058 1676 3124 1728 de
3154 1687 3215 1728 se
3244 1672 3408 1729 alicui
3432 1672 3544 1728 dici

1957 1770 2092 1837 vult,
2128 1781 2184 1825 ut
2214 1785 2282 1825 ne
2313 1770 2367 1825 in
2399 1769 2782 1833 incredulitate
2819 1782 2915 1822 sua
2934 1765 3098 1834 212
3119 1766 3547 1834 perseverantes

1957 1860 2143 1928 illi,'in
2173 1862 2396 1931 gravius
2436 1860 2743 1929 inciderent
2792 1856 3083 1928 judicium.
3136 1856 3204 1913 Et
3232 1873 3331 1913 nos
3363 1872 3539 1937 strpe-

1955 1965 2183 2005 numero
2206 1952 2448 2021 quandiu
2480 1952 2534 2005 in
2558 1952 2661 2006 hoc
2683 1966 2841 2021 pago,
2867 1950 2921 2004 id
2948 1959 3050 2029 est,
3079 1949 3280 2005 mundo
3302 1952 3539 2021 agimus,

1952 2041 2132 2095 anima
2193 2056 2383 2097 sumus
2436 2043 2618 2099 caci:
2667 2042 2847 2098 educti
2902 2032 3085 2095 autem
3142 2054 3174 2095 e
3229 2040 3430 2096 mundo
3480 2030 3541 2098 et

1951 2133 2308 2189 sacularibus
2332 2131 2581 2203 negotiis,
2612 2149 2644 2189 a
2667 2133 2898 2190 Christo
2925 2146 3204 2187 sanantur.
3240 2130 3535 2201 Postquam

1950 2234 2130 2282 autem
2166 2227 2340 2283 sanati
2380 2227 2673 2294 fuerimus,
2700 2229 2836 2283 dicit
2878 2229 3034 2285 nubis
3066 2242 3143 2282 ne
3168 2227 3311 2290 ultra
3339 2241 3530 2293 rever:

1950 2327 2129 2374 tamur
2166 2319 2222 2375 in
2276 2335 2496 2392 pagum,
2555 2324 2651 2375 sed
2711 2322 2766 2375 in
2821 2321 3067 2377 domum.
3110 2318 3315 2376 Domus
3348 2325 3536 2373 autem

1949 2408 2376 2480 uniuscujusque
2426 2402 2677 2464 nostrum
2708 2408 2942 2474 castum,
2966 2417 3021 2464 et
3073 2406 3389 2472 mansiones
3420 2406 3535 2463 illic

1948 2510 2101 2556 sunt.

2018 2678 2183 2735 Vens.
2211 2676 2404 2753 27-60.
2453 2694 2472 2729 ι
2519 2676 2586 2733 Et
2614 2692 2869 2756 egressus
2894 2687 2979 2735 est
3005 2678 3163 2734 Iesus
3190 2684 3245 2731 et
3280 2674 3531 2746 discipuli

1947 2771 2091 2827 illius
2114 2771 2167 2825 in
2195 2772 2341 2827 vicos
2365 2770 2633 2826 Cmsarea
2656 2786 2776 2841 quas
2802 2772 3217 2840 cognominatur
3245 2768 3483 2839 Philippi
3512 2785 3528 2822 :

1945 2874 1999 2921 et
2026 2866 2080 2920 in
2107 2866 2193 2919 via
2223 2865 2583 2931 interrogavit
2609 2865 2908 2932 discipulos
2932 2879 3081 2928 suos,
3108 2864 3328 2919 dicens:
3357 2862 3529 2931 Quem

1946 2970 2032 3011 me
2073 2957 2261 3011 dicunt
2309 2955 2556 3011 homines
2603 2956 2767 3011 esse?
2811 2955 2885 3010 llli
2920 2971 3053 3010 vero
3106 2957 3525 3025 responderunt,

1942 3048 2208 3104 Joannem
2266 3044 2592 3118 Baptistam,
2660 3054 2716 3102 et
2776 3046 2889 3114 alii,
2943 3046 3284 3109 Eliam,‘alii
3337 3060 3534 3103 rursus

242 3106 345 3161 ἱνα
369 3108 478 3161 τῶν
503 3109 816 3179 προφητῶν.
848 3111 957 3167 Καὶ
984 3113 1146 3176 αὐτὸς
1161 3112 1311 3181 λέγει
1338 3114 1545 3177 αὐτοῖς·
1569 3114 1758 3187 Ὑμεῖς
1781 3116 1841 3170 δὲ

1947 3156 2111 3196 unum
2141 3142 2207 3196 de
2232 3106 2462 3195 numero
2500 3141 2912 3211 prophetarm.
2954 3140 3019 3192 Et
3049 3138 3165 3208 ipse
3200 3137 3335 3194 dicit
3379 3137 3529 3195 illis:

242 3198 375 3252 τίνα
409 3215 475 3269 με
509 3199 696 3267 λέγετε
731 3195 903 3266 sit/cu;
936 3202 1281 3273 Ἀποκριθεὶς
1315 3203 1374 3257 δὲ
1416 3206 1652 3275 Πέτρος,
1689 3206 1836 3275 λέγει

236 3289 396 3360 αὐτῷ
421 3307 435 3322 ⁸
469 3291 542 3345 Σὺ
573 3288 625 3344 εἴ
653 3294 681 3345 6
711 3293 969 3362 Χριστός.
1001 3294 1115 3347 Καὶ
1143 3294 1483 3367 ἐπετίμησεν
1511 3299 1713 3361 αὐτοῖς,
1748 3298 1837 3352 ἵνα

240 3380 443 3453 μηδενὶ
498 3383 701 3451 λέγωσι
752 3383 883 3454 περὶ
935 3383 1124 3441 αὐτοῦ.
1186 3404 1207 3438 ι
1253 3386 1585 3457 Ἀπαγαγὼν
1637 3390 1835 3452 αὐτοὺς

240 3473 438 3544 πόρρω
466 3472 575 3527 τῶν
610 3471 882 3529 Ἰουδαίων
903 3514 918 3541 ,
946 3478 1067 3530 τότε
1096 3477 1280 3549 ἐρωτᾷ
1310 3481 1443 3551 περὶ
1475 3479 1673 3533 ἑαυτοῦ
1700 3521 1713 3545 ,
1748 3480 1835 3535 ἵνα

238 3560 452 3636 μηδένα
503 3565 869 3637 φοϐούμενοι,
924 3568 1021 3639 τὴν
1073 3570 1335 3642 ἀλήθειαν
1390 3571 1830 3643 ὁμολογήσωσιν.

245 3656 665 3728 Ἀποκρίνονται
693 3654 787 3711 οὖν
839 3659 943 3727 ὅτι,
980 3660 1042 3713 01
1074 3660 1173 3731 μὲν
1208 3662 1464 3733 Ἰωάννην
1494 3680 1554 3716 σε
1587 3664 1833 3734 ὑπολαμ-

233 3745 495 3799 6άνουσιν
522 3762 537 3777 ο
581 3749 629 3800 οί
671 3748 760 3814 δὲ,
798 3749 1009 3803 Ἠλίαν.
1072 3751 1355 3823 Ἐνόμιζον
1394 3753 1506 3825 γὰρ
1549 3756 1598 3809 οἱ
1641 3753 1833 3809 πολλοὶ⁵

233 3838 546 3909 ἀναστῆναι
590 3836 682 3891 τδν
718 3836 989 3909 Ἰωάννην,
1030 3839 1222 3913 ὥσπερ
1266 3843 1331 3913 δὴ
1375 3846 1468 3897 καὶ
1514 3847 1542 3899 6
1581 3844 1831 3917 Ἡρώδης

230 3928 415 3999 ᾤετο,
452 3928 783 4000 προσλαϐεῖν
818 3930 876 3985 δὲ
912 3933 1023 3985 άπὸ
1055 3933 1156 4002 τῆς
1197 3934 1554 4001 ἀναστάσεως
1596 3938 1690 3992 καὶ
1728 3940 1831 4011 τὴν

227 4021 349 4075 τῶν
385 4021 629 4094 σημείων
679 4024 943 4093 ἐργασίαν
967 4041 979 4055 ⁸
1004 4026 1112 4089 ζῶν
1144 4026 1253 4096 γὰρ
1291 4030 1318 4081 6
1350 4029 1640 4101 Ἰωάννης,
1678 4032 1829 4087 οὐδὲν

230 4115 468 4183 σημεῖον
489 4114 733 4184 ἐποίησε.
756 4114 905 4169 Μεθὸ
930 4115 1024 4173 οὖν
1049 4120 1076 4169 it
1092 4117 1333 4189 ηὼτησεν
1359 4121 1570 4186 αὐτοὺς
1597 4123 1696 4187 τὰς
1717 4124 1828 4177 τῶν

227 4204 414 4261 ἄλλων
442 4207 759 4277 ὑπολήψεις,
792 4209 975 4281 ἐρωτᾷ
1000 4213 1066 4262 αὑ
1111 4212 1197 4274 οὺς
1234 4211 1326 4264 καὶ
1343 4215 1451 4283 τὴν
1478 4214 1660 4267 αὐτῶν
1687 4217 1827 4284 γνώσ

233 4315 369 4366 μην.
408 4298 706 4367 Μονονουχὶ
739 4299 897 4354 τοῦτο
932 4300 1056 4369 λέγω
1111 4343 1126 4367 ,
1149 4304 1254 4366 ὅτι,
1297 4303 1527 4359 Ἐκεῖνοι
1552 4307 1650 4377 μὲν
1685 4308 1827 4360 οὕτω

226 4389 518 4454 δοξάζουσι
557 4394 687 4460 περὶ
723 4391 858 4462 ἐμοῦ
899 4392 1037 4446 πλαν
1094 4411 1267 4464 μενοι,
1313 4397 1473 4465 ὑμεῖς
1509 4398 1565 4450 δὲ
1604 4399 1735 4454 ἄλλο
1771 4415 1824 4453 τι

1938 3235 2009 3289 At
2043 3249 2141 3289 vos
2181 3248 2341 3304 quem
2396 3246 2481 3288 me
2521 3234 2701 3288 dicitis
2738 3232 2923 3298 esse?_
2955 3231 3313 3302 ReSpondens
3347 3241 3528 3287 autem

1936 3324 2132 3381 Petrus
2160 3324 2293 3379 dicit
2328 3323 2404 3377 illi
2429 3340 2447 3377 :
2476 3323 2557 3376 Tu
2583 3338 2643 3379 es
2676 3323 2766 3378 ille
2793 3321 3070 3378 Christus.
3102 3321 3170 3377 Et
3202 3322 3529 3379 intermina-

1939 3422 2030 3469 tus
2052 3424 2139 3470 est
2166 3415 2247 3469 eis
2278 3429 2345 3467 ne
2375 3413 2462 3468 cui
2490 3413 2739 3467 dicerent
2769 3412 2836 3467 de
2862 3427 2942 3467 se.
2983 3434 3002 3465 ι
3034 3411 3169 3467 Cum
3212 3412 3529 3468 abduxisset

1936 3520 2031 3559 eos
2065 3503 2251 3574 procul
2282 3517 2313 3557 a
2346 3500 2569 3566 Iudaeis,
2612 3511 2746 3557 tunc
2775 3501 3075 3568 interrogat
3101 3502 3167 3557 de
3199 3517 3280 3566 se,
3310 3509 3368 3555 ut
3401 3498 3529 3555 nul-

1934 3594 2045 3649 lum
2100 3593 2392 3657 timentes,
2436 3592 2723 3645 veritatem
2785 3589 3118 3647 faterentur.
3176 3591 3533 3661 Respondent

1934 3687 2138 3758 igitur:
2171 3684 2268 3741 Alii
2296 3685 2511 3755 quidem
2544 3682 2809 3739 Joannem
2840 3683 3132 3755 Baptistant
3158 3692 3210 3740 te
3241 3683 3529 3754 suspican-

1933 3788 2046 3844 tur,
2082 3776 2175 3834 alii
2205 3792 2336 3833 vero
2382 3776 2589 3830 Eliam..
2614 3774 2768 3829 Multi
2810 3777 2953 3831 enim
2984 3774 3248 3831 Joannem
3283 3792 3530 3833 resurre-

1930 3870 2077 3925 xisse
2106 3869 2423 3932 credebant,
2468 3868 2604 3922 sicut
2650 3868 2815 3921 etiam
2865 3867 3108 3924 Herodes
3130 3870 3387 3939 Opinatus
3415 3878 3523 3933 est,

1929 3964 2072 4034 quod
2104 3973 2329 4033 propter
2378 3963 2837 4019 resurrectionem
2895 3963 3219 4018 accessisset
3250 3963 3301 4018 ei
3346 3962 3525 4018 virtus

1930 4054 2017 4110 illa
2069 4070 2176 4125 qua
2235 4052 2496 4109 miracula
2563 4053 2798 4109 faciebat
2837 4069 2853 4120 ;
2888 4052 3130 4109 Joannes
3190 4053 3356 4109 enim'
3395 4068 3520 4108 cunt

1928 4145 2159 4213 viveret,
2197 4161 2303 4201 non
2332 4144 2573 4201 faciebat
2627 4144 2909 4199 miracula.
2948 4143 3049 4200 Ubi
3086 4145 3255 4215 igitur
3284 4146 3524 4202 interro-

1928 4240 2074 4311 gavit
2103 4253 2201 4295 eos
2231 4240 2297 4294 de
2340 4238 2572 4293 aliorum
2627 4238 3001 4309 opinionibus,
3063 4236 3217 4306 rogat
3263 4253 3328 4292 ex
3358 4239 3439 4294 eis
3466 4250 3523 4292 et

1926 4344 2079 4385 suam
2105 4329 2345 4399 ipsorum
2379 4330 2729 4395 sententiam,
2758 4318 2914 4400 quasi
2940 4330 3181 4387 diceret:
3213 4330 3298 4386 Illi
3328 4346 3549 4409 errany

1928 4430 2009 4476 tes
2047 4422 2127 4477 sic
2152 4421 2222 4478 de
2271 4435 2357 4477 me
2406 4422 2671 4490 sentiunt,
2717 4430 2835 4478 vos
2860 4432 3043 4479 autem
3082 4425 3227 4479 aliud
3254 4426 3516 4497 quiddam

226 4475 457 4535 στπατεξ
486 4482 550 4535 Τί
590 4481 681 4535 οὖν
715 4484 742 4535 6
764 4484 1002 4554 Πέτρος;
1032 4486 1317 4555 Ὁμολογεῖ
1353 4490 1516 4542 αὐτὸν
1552 4486 1693 4543 εἶναι
1727 4492 1818 4546 τὸν

1941 4514 2110 4567 iicite.
2137 4511 2277 4581 Quid
2343 4513 2507 4584 igitur
2562 4512 2804 4568 Petrus?
2860 4500 3169 4570 Co'niltetur
3221 4475 3345 4584 etim
3389 4532 3519 4573 esse

226 4573 340 4627 ὑπὸ
370 4574 479 4626 τῶν
511 4575 807 4645 προφητῶν
838 4578 1348 4647 καταγγελλόμενον
1379 4581 1635 4650 Χριστόν.
1664 4582 1731 4653 Τί
1767 4584 1825 4637 δὲ

224 4666 370 4734 πρὸς
399 4664 496 4734 τὴν
523 4665 817 4735 ὁμολογίαν
846 4669 940 4721 τοῦ
977 4670 1187 4741 Πέτρου
1222 4667 1376 4725 εἶπεν
1403 4675 1430 4725 6
1462 4674 1698 4745 Κύριος,
1730 4678 1825 4730 καὶ

224 4754 351 4817 πῶς
391 4756 726 4826 ὲμακάρισεν
760 4759 944 4821 αὑτὸν,
984 4762 1012 4813 6
1060 4762 1160 4830 μὲν
1201 4764 1429 4834 Μάρκος
1469 4767 1820 4837 παρέλειψεν,

223 4846 320 4901 ἶνα
360 4847 436 4917 μὴ
472 4849 599 4920 δόξῃ
636 4851 999 4922 χαριζόμενος
1024 4854 1103 4925 τῷ
1142 4856 1353 4927 Πέτρῳ,
1387 4858 1693 4931 διδασκάλῳ
1726 4864 1824 4915 αὐ-

222 4938 325 4992 τοῦ
368 4936 505 5003 ὄντι,
544 4939 717 4993 ταῦτα
760 4940 942 5020 λέγειν
978 4960 992 4974 ·
1028 4945 1057 4996 6
1096 4945 1152 4999 δὲ
1197 4948 1477 5013 Ματθαῖος
1520 4952 1823 5024 ἁπαραλεί-

222 5046 381 5109 mox;
414 5030 603 5102 εἴρηκε
644 5032 843 5087 πάντα.
879 5034 1211 5105 Ἐπετίμησε
1250 5039 1305 5091 δὲ
1345 5040 1559 5107 αὐτοῖς,
1590 5043 1677 5096 ῖνα
1713 5061 1820 5115 μη-

220 5121 343 5174 δενὶ
367 5120 565 5187 λέγωσι
592 5121 720 5191 περὶ
745 5122 935 5177 αὐτοῦ.
967 5126 1258 5181 Ἦσούλετο
1285 5132 1395 5201 γάρ
1428 5134 1818 5199 συσκιάζεσθαι

220 5210 329 5283 τὴν
356 5212 484 5282 περὶ
508 5211 671 5265 αὐτοῦ
699 5212 880 5282 δόξαν,
908 5216 996 5270 ἶνα,
1028 5218 1103 5290 μὴ
1136 5221 1322 5274 πολλοὶ⁵
1352 5225 1818 5290 σκανδαλίζωνται

220 5305 319 5357 ἐπ’
340 5302 486 5373 αὑτῷ
502 5344 516 5368 ,
546 5306 641 5358 καὶ
667 5306 757 5359 διὰ
778 5306 936 5361 τοῦτο
964 5309 1342 5381 ἀπιστοῦντες,
1371 5316 1617 5385 μείζονος
1641 5338 1816 5391 τιμω-

221 5396 354 5469 ρίας
387 5394 679 5451 ὑπεύθυνοι
711 5399 1001 5467 γένωνται.
1684 5394 1691 5397 θ

302 5507 320 5541 ι
365 5489 474 5541 Καὶ
510 5488 713 5559 ἦρξατο
748 5492 1026 5548 διδάσκειν
1066 5496 1286 5567 αὐτοὺς,
1327 5502 1410 5555 ὅτι
1446 5504 1528 5556 δεῖ
1559 5505 1651 5559 τὸν
1689 5507 1817 5561 Υίὸν

219 5578 321 5633 τοῦ
368 5578 658 5649 ἀνθρώπου
710 5582 883 5636 πολλά
928 5585 1123 5641 παθεῖν
1171 5592 1265 5644 καὶ
1310 5593 1815 5667 ἀποδοκιμασθῆναι

222 5674 335 5727 ἀπὸ
363 5672 473 5725 τῶν
499 5672 912 5745 πρεσϐυτέρων,
944 5680 1040 5734 καὶ
1067 5681 1394 5755 ἀρχιερέων,
1428 5687 1524 5740 καὶ
1555 5689 1814 5759 Γραμμα-

222 5766 392 5830 τέων,
445 5763 536 5817 καὶ
583 5764 1021 5839 ἀποκτανθῆναι,
1067 5778 1162 5830 καὶ
1216 5779 1357 5848 μετά
1402 5783 1551 5849 τρεῖς
1601 5784 1813 5854 ἡμέρας

1928 4606 2203 4671 Christum
2236 4609 2386 4663 illum
2414 4608 2506 4677 qui
2544 4622 2573 4661 a
2608 4608 2888 4678 prOplteliS
2917 4609 3208 4678 praedictus
3237 4618 3340 4665 est.
3372 4609 3515 4677 Quid

1926 4711 2106 4756 autem
2144 4702 2211 4755 ad
2237 4701 2637 4758 confessionem
2684 4700 2830 4756 Petri
2877 4703 3081 4757 dixerit
3132 4702 3416 4773 Dominus,
3462 4716 3518 4759 et

1924 4792 2197 4862 quomodo
2226 4792 2553 4848 beatiﬁcarit
2581 4794 2757 4859 illum,
2786 4793 3001 4849 Marcus
3034 4796 3254 4867 quidem
3287 4805 3514 4866 praster-

1924 4883 2093 4949 tnisit,
2136 4898 2205 4938 ne
2236 4883 2517 4939 videretur
2567 4883 2634 4938 ad
2692 4886 2925 4955 gratiam
2971 4884 3115 4941 Petri
3164 4890 3515 4958 praeceptoris

1922 4977 2005 5031 sui
2050 4977 2163 5031 haec
2201 4975 2410 5032 dixisse
2442 4994 2455 5029 :
2497 4975 2788 5032 Matlltazus
2818 4988 3000 5033 autem
3028 4993 3138 5034 non
3166 4980 3372 5035 omisit.
3421 4981 3515 5037 Iu-

1928 5067 2246 5121 terminatus
2269 5075 2354 5121 est
2382 5075 2562 5121 autem
2582 5067 2704 5122 illis
2755 5079 2816 5123 ut
2863 5070 2999 5123 nulli
3052 5071 3120 5125 de
3187 5084 3246 5125 se
3304 5072 3512 5137 dicant.

1921 5156 2149 5214 Volebat
2181 5158 2324 5213 enim
2353 5160 2667 5216 adumbrari
2703 5159 2935 5231 gloriam
2967 5177 3144 5226 suam,
3194 5178 3267 5219 ne
3310 5173 3500 5233 postea

1921 5248 2075 5303 multi
2106 5249 2158 5304 in
2191 5264 2252 5306 se
2277 5250 2806 5321 scandalizarentur,
2832 5266 2887 5309 et
2917 5265 3202 5325 propterea
3230 5256 3302 5311 ob
3329 5258 3481 5317 inore
3499 5294 3513 5305 -

1921 5339 2204 5395 dulitatem
2228 5354 2381 5396 suam
2411 5342 2605 5412 majori
2636 5343 2904 5413 supplicio
2933 5344 3131 5401 ﬂerent
3165 5347 3417 5406 obnoxii.

1990 5510 2159 5569 Vsus.
2192 5515 2388 5572 51-55.
2436 5535 2455 5569 ι
2495 5516 2560 5571 Et
2591 5519 2759 5587 coepit
2799 5528 2995 5576 uocere
3026 5537 3143 5590 eos,
3173 5526 3316 5592 quod
3340 5540 3506 5595 opor-

1922 5608 2058 5655 teret
2102 5602 2299 5658 Filium
2335 5605 2574 5659 hominis
2615 5608 2783 5661 multa
2836 5610 2987 5677 pati,
3035 5619 3089 5666 et
3132 5612 3416 5679 .reprobari
3472 5630 3503 5669 a

1919 5694 2222 5751 senioribus
2266 5698 2607 5768 summisque
2657 5701 3035 5755 sacerdotibus
3070 5718 3133 5756 ac
3180 5702 3411 5771 Scribis,
3447 5716 3502 5760 ct

1917 5786 2112 5855 occidi,
2157 5798 2210 5844 et
2256 5800 2377 5860 post
2408 5801 2519 5847 tres
2548 5792 2661 5849 dies
2697 5807 3022 5861 resurgere-
3074 5803 3127 5849 et
3169 5804 3351 5864 aperte
3384 5812 3499 5853 ser-
