4108 6334
630 341 738 404 ὗ75

1552 346 2127 410 THEOPHYLACTI
2171 348 2576 409 BULGARI/E
2616 348 2971 409 ARCHIEP.

3746 346 3850 412 576

631 466 844 507 rnonem
886 450 1223 521 loquebatur.
1274 451 1343 506 Et
1374 453 1730 522 apprehendit
1772 452 1922 507 illum
1968 454 2183 521 Petrus,

2295 454 2603 525 ἀναστῆναι.
2655 454 2765 507 Καὶ
2813 452 3097 526 παρρησίᾳ
3144 449 3235 505 τδν
3283 449 3441 520 λόγον
3492 450 3709 518 tum,
3761 456 3851 505 καὶ

629 542 902 611 coepitque
954 542 1232 608 increpare
1293 548 1433 596 eum.
1477 544 1545 596 At
1600 542 1689 598 ille
1745 557 2073 607 conversus,
2128 552 2185 598 et

630 634 855 687 intuitus
876 632 1166 702 discipulos
1196 649 1339 699 suos,
1368 635 1664 702 increpavit
1690 632 1931 699 Petrum,
1962 636 2181 690 dicens:

626 725 726 779 Abi
773 734 895 795 post
926 740 1032 792 me,
1069 726 1285 791 Satana,
1320 726 1575 793 quoniam
1622 726 1911 793 nonsapis
1938 741 2059 796 qua:
2087 726 2184 781 Dei

628 804 774 881 sunt,
803 817 894 869 sed
917 830 1035 883 quae
1063 826 1187 869 sunt
1212 816 1510 871 hominum.
1550 834 1568 868 ι
1598 815 1820 882 Quando
1834 816 2188 885 deprehendit

627 922 721 962 eos
766 907 1044 962 confessos
1083 923 1143 962 se
1176 921 1295 963 esse
1332 922 1519 961 verum
1552 909 1700 962 illum
1722 907 2019 971 Christum,
2062 918 2186 963 tunc

630 997 842 1053 tandem
899 1007 954 1052 et
1007 999 1213 1053 crucis-
1245 1007 1639 1055 sacramentum
1692 999 1772 1053 eis
1840 999 2184 1063 manifestat,

630 1088 842 1143 tametsi
873 1084 981 1142 non
1012 1090 1232 1144 omnino
1276 1090 1448 1143 nude:
1503 1102 1679 1157 neque
1731 1090 1873 1144 enim
1925 1091 2003 1146 sic
2058 1091 2187 1159 quid

626 1178 833 1235 diceret
862 1179 1271 1244 intellexissent,
1297 1194 1469 1249 neque
1503 1180 1869 1251 intelligebant
1896 1183 2021 1251 quid
2045 1192 2189 1237 esset

627 1281 935 1337 resurgere.
974 1267 1077 1325 Sed
1106 1270 1366 1336 putabant
1422 1268 1615 1324 melius
1658 1280 1779 1325 esse
1827 1262 2048 1329 omnino
2078 1285 2185 1326 nou

626 1360 759 1430 pati.
788 1358 967 1426 Quare
986 1370 1045 1423 et
1071 1356 1263 1417 Petrus
1295 1360 1517 1431 incepit
1554 1376 1675 1417 eum
1721 1362 2018 1432 increpare,
2046 1363 2185 1430 quod

627 1460 830 1505 temere
864 1451 916 1504 in
947 1460 1175 1507 mortem
1207 1468 1266 1509 se
1295 1438 1551 1509 on‘erret:
1600 1455 1863 1522 potuisset
1885 1455 2028 1509 enim
2075 1470 2183 1509 non

626 1538 755 1610 pati.
792 1541 951 1616 213
979 1542 1047 1596 At
1072 1542 1330 1600 Dominus
1354 1554 1656 1600 monstrans
1685 1546 1751 1599 ad
1777 1546 2006 1601 salutem
2032 1561 2183 1601 suam

626 1631 930 1701 passionem
960 1636 1265 1703 pertinere,
1302 1647 1356 1689 et
1386 1635 1559 1690 solum
1587 1636 1843 1692 Satanam
1888 1653 2010 1692 eum
2048 1639 2187 1694 nolle

626 1722 793 1791 pati,
830 1738 899 1778 ne
952 1722 1229 1779 saiventur
1283 1725 1562 1785 homines:
1629 1726 1885 1781 Satanam
1945 1727 2187 1781 nominat

2287 545 2723 615 προσλαϐόμενος
2768 544 2932 598 αὐτὸν
2981 546 3010 599 ό
3061 543 3289 612 Πέτρος,
3341 543 3544 613 ἤρξατο
3593 546 3851 613 ἐπιτιμᾷν

2287 636 2452 705 αὐτῷ.
2481 636 2541 689 ὐ
2567 637 2622 689 δὲ
2653 637 3009 709 ἐπιστραφεὶς
3040 636 3141 691 καὶ
3168 635 3291 689 ἰδὼν
3323 637 3448 698 τοὺς
3479 635 3727 706 μαθητὰς
3756 637 3851 689 αύ-

2285 726 2399 793 τοῦ,
2448 727 2746 801 ἔπετίμησε
2790 728 2875 799 τῷ
2916 730 3128 800 Πέτρῳ,
3178 727 3386 796 λέγων’
3416 727 3635 795 ’Υπατε
3685 728 3855 780 ὀπίσω

2289 833 2422 887 μου,
2452 817 2686 883 Σατανᾶ,
2734 816 2818 872 ὅτι
2852 819 2917 871 ού
2954 820 3169 889 φρονεῖς
3198 806 3267 873 τά
3296 816 3390 873 τοῦ
3426 816 3592 882 Θεοῦ,
3625 816 3764 870 ἀλλά
3792 818 3856 871 τά

2286 911 2394 964 τῶν
2435 910 2755 982 ἀνθρώπων.
2804 930 2829 963 r
2861 912 2990 964 Ὅτε
3036 910 3303 981 κατέσχεν
3346 910 3546 972 αὐτοὺς
3587 907 3853 979 ὁμολογήο

2289 1015 2507 1065 σαντας,
2533 1002 2613 1055 ὃτι
2639 1002 2799 1066 αὑτός
2824 1004 2973 1056 ἐστιν
2996 1005 3023 1056 ὀ
3046 1001 3299 1066 ἀληθινὸς
3328 1000 3585 1073 Χριστὸς,
3611 1000 3733 1053 τότε
3765 1000 3856 1053 ob-

2286 1095 2398 1158 τοῖς
2439 1091 2766 1146 ὲκκαλύπτει
2808 1094 2900 1146 καὶ
2936 1092 2999 1146 τὸ
3034 1091 3130 1145 τοῦ
3173 1089 3410 1162 σταυροῦ
3453 1092 3772 1161 μυστήριον,
3810 1090 3855 1143 εί

2289 1182 2381 1234 καὶ
2405 1180 2478 1253 μὴ
2505 1181 2724 1253 γυμνῶς
2755 1181 2929 1251 πάντη
2952 1197 2966 1212 ·
2995 1182 3115 1236 οὐδὲ
3149 1182 3274 1251 γὰρ,
3292 1181 3413 1234 οὐδὲ
3434 1179 3577 1235 οὕτω
3606 1182 3859 1235 συνίεσαν

2274 1273 2339 1327 ’τί
2368 1274 2539 1341 λέγει,
2571 1274 2691 1329 οὐδὲ
2720 1274 2904 1328 ενόουν
2932 1274 2984 1327 τί
3016 1274 3131 1327 εστι
3160 1274 3219 1328 τὺ
3249 1274 3570 1345 ἀναστῆναι,
3602 1271 3720 1326 ἀλλ’
3740 1273 3857 1327 ἀνό-

2292 1362 2444 1432 μιζον
2476 1363 2719 1431 κρεῖττον
2748 1357 2887 1417 εἶναι
2917 1364 2980 1417 τὸ
3016 1364 3139 1434 μηδ’
3162 1362 3299 1427 ὅλως
3332 1363 3544 1417 παθεῖν.
3579 1361 3673 1417 Διὸ
3705 1362 3803 1416 καὶ
3832 1363 3861 1415 ὀ

2289 1440 2494 1523 Πέτρος
2514 1453 2738 1523 ἄρχεται
2771 1451 3267 1523 μέμφεσθαιαὺτῷ,
3300 1452 3378 1515 ὡς
3408 1454 3488 1514 είς
3517 1451 3748 1505 θάνατον
3776 1450 3859 1519 ῥί-

2288 1521 2474 1596 mm
2510 1521 2722 1608 ἑαυτὸν,
2749 1521 2867 1613 ιεδι
2899 1521 3064 1613 μηδὲν
3094 1521 3307 1596 παθεῖν.
3334 1541 3393 1595 Ὀ
3426 1542 3482 1595 δὲ
3516 1542 3723 1611 Κύριος
3755 1521 3911 1613 ac»?

2290 1632 2485 1696 κνύων,
2523 1634 2606 1687 ὅτι
2638 1634 2731 1686 ἐπὶ
2766 1633 3009 1715 σωτηρίᾳ
3043 1633 3107 1715 ιςρ
3138 1632 3301 1687 αὐτοῦ
3339 1632 3510 1695 πάθος
3542 1633 3858 1701 γενήσεται,
3920 1632 3935 1649 “

2289 1725 2383 1779 καὶ
2415 1726 2495 1779 ὃτι
2524 1727 2558 1793 ὁ,
2584 1710 2831 1789 Σατανᾶς
2864 1714 3024 1797 μόνος
3052 1710 3115 1779 οὺ
3145 1724 3483 1779 θέλειαύτδν
3510 1723 3707 1777 παθεῖν
3725 1763 3743 1787 ,
3776 1724 3863 1781 ἵνα

626 1807 873 1877 Petrum,
926 1820 1177 1881 tanquam
1233 1814 1374 1869 idem
1422 1829 1541 1869 cum
1592 1814 1792 1870 Satana
1843 1816 2186 1883 sentientem,

2295 1814 2370 1885 μὴ
2418 1813 2567 1884 σώσῃ
2606 1814 2731 1876 τοὺς
2778 1812 3138 1883 ἀνθρώπους,
3180 1805 3429 1867 Σατανᾶν
3469 1812 3732 1883 ὀνομάζει
3770 1813 3863 1868 τὸν

626 1903 1006 1972 nolentemque
1048 1918 1172 1958 eum
1203 1906 1344 1978 pati,
1381 1911 1475 1961 sed
1510 1907 1679 1974 magis
1714 1922 1772 1962 se
1799 1916 2180 1977 opponentem.

2295 1906 2524 1975 Πέτρον,
2559 1906 2633 1969 ὡς
2660 1906 2730 1959 τά
2760 1905 2854 1959 τοῦ
2890 1905 3105 1959 Σατανᾶ
3144 1904 3480 1976 φρονοῦντα.
3516 1905 3615 1959 καὶ
3657 1904 3735 1975 μὴ
3773 1904 3862 1958 θέ-

630 1991 865 2053 Satanas
916 1999 1057 2051 enim
1108 1998 1246 2059 idem
1299 2005 1381 2053 est
1428 1998 1569 2068 quod
1622 2000 1983 2055 adversarius.
2037 1998 2185 2057 Vade

2295 1999 2445 2050 λοντα
2466 1995 2628 2049 αὐτὸν
2651 1995 2865 2061 παθεῖν,
2886 1996 3007 2049 ἀλλ”
3017 1998 3391 2066 ἀντικείμενον
3411 1996 3579 2065 αὐτῷ.
3593 1996 3865 2059 (Σατανᾶς

629 2097 806 2147 autem
834 2098 953 2161 post
978 2104 1083 2155 me,
1104 2090 1297 2159 inquit,
1329 2092 1428 2145 hoc
1454 2098 1554 2157 est,
1588 2089 1828 2162 Sequere
1853 2092 2182 2149 voluntatem

2295 2084 2413 2156 γάρ,
2454 2084 2861 2154 ἀντικείμενος
2901 2084 3308 2156 ἑρμηνεύεται.)
3345 2085 3564 2152 Ὕπαγε
3601 2084 3659 2137 δὲ
3690 2085 3865 2139 ὀπίσω

629 2193 829 2247 meam,
858 2190 913 2235 et
950 2196 1056 2235 non
1103 2181 1447 2245 oblucteris,‘
1472 2197 1645 2252 neque
1680 2187 1749 2237 ex‘
1794 2175 2019 2241 adverso
2053 2186 2182 2240 mihi

2295 2190 2411 2260 μου,
2433 2174 2585 2245 φησί,
2606 2176 2901 2239 τουτέστιν,
2931 2173 3235 2229 Ἀκολούθει
3250 2174 3326 2246 τῷ
3342 2174 3606 2247 θελήματι
3629 2192 3752 2245 μου,
3772 2175 3863 2228 καὶ

630 2280 763 2337 stes,
788 2262 891 2327 sed
919 2280 1038 2339 post
1066 2287 1150 2328 me
1179 2273 1445 2343 sequaris.
1482 2270 1726 2330 Humana
1754 2277 1969 2333 dicebat
1996 2292 2187 2348 sapere

629 2360 873 2429 Petrum,
900 2376 967 2417 eo
997 2364 1137 2431 quod
1179 2364 1395 2419 humilia
1426 2365 1667 2434 quaedam
1718 2378 1774 2424 et
1818 2369 2049 2424 carnalia
2099 2384 2189 2425 sa-

630 2452 842 2522 piebat,
890 2456 1081 2511 volens
1108 2456 1291 2525 quiete
1319 2470 1497 2525 agere,
1537 2467 1593 2513 et
1630 2474 1735 2513 non
1764 2459 2042 2528 eruciligi,
2091 2475 2189 2515 nec

630 2544 685 2597 in
734 2545 1059 2601 tentationes
1114 2546 1355 2603 incidere
1403 2547 1685 2604 Dominum
1738 2559 1957 2620 propter
2002 2551 2190 2605 mundi

629 2636 878 2701 mutem,

703 2816 864 2872 Vnus.
885 2814 1079 2872 34—37.
1116 2838 1134 2870 ι
1166 2818 1230 2873 Et
1256 2832 1375 2874 eum
1406 2819 1471 2875 ad
1497 2835 1557 2876 se
1580 2828 1827 2877 vocasset
1853 2822 2063 2877 turbam
2090 2839 2195 2879 una

629 2923 754 2964 cum
812 2909 1089 2979 discipulis
1137 2911 1268 2977 suis,
1324 2910 1462 2966 dixit
1518 2911 1622 2966 illis
1660 2930 1673 2966 :
1712 2912 2026 2983 Quicunque
2084 2896 2196 2970 vult

633 3000 789 3070 sequi
837 3016 944 3074 me,
994 3002 1221 3068 abneget
1270 3002 1636 3072 semetipsum,
1687 3013 1741 3058 et
1794 3003 1944 3065 tollat
1981 3019 2194 3063 crucem

633 3104 811 3156 suam,
845 3098 901 3144 et
939 3080 1195 3161 sequatur
1242 3106 1346 3146 me.
1383 3089 1514 3145 Nam
1545 3091 1789 3162 quisquis
1820 3093 2044 3151 voluerit
2078 3096 2197 3151 ani-

633 3197 779 3237 mam
835 3197 985 3237 suam
1040 3196 1275 3249 servare,
1311 3184 1501 3253 perdet
1529 3198 1670 3239 eam.
1714 3183 1969 3253 Quisquis
2019 3195 2197 3242 autem

631 3273 925 3345 perdiderit
970 3274 1203 3331 animam
1252 3291 1403 3331 suam
1445 3290 1606 3333 causa
1640 3292 1758 3333 mea
1788 3287 1841 3333 et
1891 3278 2197 3350 Evangelii,

628 3366 723 3429 hic
764 3368 1000 3422 servabit
1034 3381 1174 3423 eam.
1226 3366 1365 3435 Quid
1398 3380 1577 3425 autem
1612 3371 1878 3439 profuerit
1914 3372 2115 3427 homini
2154 3373 2199 3427 si

634 3459 879 3516 lucratus
902 3458 1071 3516 fuerit
1113 3460 1367 3516 mundum
1420 3462 1737 3519 universum
1758 3472 1819 3519 et
1863 3466 2057 3520 anima:
2090 3479 2202 3520 sua:

630 3551 898 3621 iacturam
943 3552 1171 3607 fecerit?
1217 3555 1325 3610 Aut
1361 3555 1489 3624 quid
1527 3554 1749 3610 daturus
1794 3565 1875 3612 est
1906 3556 2067 3611 homo
2095 3570 2201 3626 quo

638 3652 889 3712 repenset
923 3645 1157 3701 animam
1207 3659 1382 3705 suam.
1414 3664 1432 3698 ι
1481 3644 1768 3716 Postquam
1808 3645 1999 3702 Petrus
2025 3647 2202 3704 incre-

638 3745 792 3805 parat
835 3752 954 3791 eum
1001 3736 1276 3806 volentem
1298 3736 1558 3806 cruciﬁgi,
1592 3740 1815 3794 advocat
1846 3741 2056 3793 turbam
2094 3777 2111 3805 ,
2146 3746 2202 3794 et

637 3828 983 3887 audientibus
1011 3805 1282 3893 omnibus:
1305 3826 1517 3881 Petrum
1540 3830 1720 3884 acrius
1751 3830 2037 3899 alloquitur
2068 3850 2080 3885 :
2118 3829 2197 3886 Tu

636 3933 743 3983 me,
782 3918 977 3988 inquit,
1007 3919 1375 3989 reprehendis,
1407 3918 1587 3986 Petre,
1619 3921 1761 3989 quod
1790 3928 2004 3977 erucem
2035 3923 2202 3978 tollo?

637 4026 735 4080 ego
766 4020 943 4071 autem
972 4012 1090 4067 dico
1120 4012 1235 4084 tibi,
1267 4012 1407 4083 quod
1439 4026 1611 4083 neque
1634 4020 1688 4066 tu
1714 4027 1889 4082 neque
1916 4014 2199 4083 quisquam

631 4102 956 4162 salvabitur,
991 4101 1092 4155 nisi
1119 4101 1382 4155 moriatur
1418 4115 1513 4170 pro
1538 4100 1680 4158 bono
1711 4110 1765 4169 et
1808 4104 2052 4160 veritate.
2084 4102 2200 4158 Cae-

634 4205 811 4250 terum
846 4191 967 4248 vide
995 4192 1133 4261 quod
1164 4207 1268 4247 non
1300 4192 1457 4257 dixit,
1492 4194 1712 4248 Etiamsi
1760 4195 1872 4251 non'
1896 4194 2025 4249 velit
2052 4195 2194 4263 quis,

637 4286 914 4351 moriatur,
938 4283 1385 4353 sed,Quicunque
1407 4284 1538 4338 vult.
1566 4282 1776 4340 Nullum
1802 4285 1968 4353 enim,
1994 4286 2195 4357 inquit,

635 4392 789 4446 cogo.
818 4377 895 4431 Ad
916 4378 1052 4431 bona
1086 4390 1238 4442 voco,
1261 4391 1364 4432 non
1398 4377 1462 4430 ad
1488 4376 1647 4441 mala,
1666 4384 1724 4431 ut
1745 4386 1799 4432 et
1830 4378 2141 4447 compeiiam
2179 4397 2195 4434 :

2224 3141 2271 3203 ϐ

2290 2267 2364 2338 μὴ
2392 2267 2731 2331 ἀντιτάττου,
2765 2266 2899 2338 μηδι
2930 2266 3177 2345 ινιιντίος¹
3199 2267 3356 2338 ἔρχου
3376 2268 3519 2337 ἐμοὶ,
3546 2267 3666 2322 ἀλλ’
3689 2267 3864 2321 ὀπίσω

2292 2378 2393 2432 μου
2428 2360 2734 2415 ἀκολούθει.
2768 2360 2848 2413 Τά
2876 2360 2985 2423 τῶν
3016 2358 3316 2430 ἀνθρώπιον
3346 2359 3403 2412 δὲ
3436 2358 3605 2429 ἔφησε
3642 2360 3861 2429 φρονεῖν

2288 2452 2380 2507 τὸν
2402 2453 2624 2523 Πέτρον,
2652 2452 2785 2505 καθὸ
2810 2451 3042 2506 ταπεινά
3071 2467 3193 2505 τινα
3221 2452 3435 2519 φρονῶν
3464 2451 3560 2505 καὶ
3592 2452 3855 2522 σαρκικὰ,

2290 2543 2481 2613 ἧθελεν
2508 2545 2566 2596 εν
2595 2544 2777 2596 ἀνέσει
2817 2537 2955 2597 εἶναι
2983 2543 3075 2597 τὸν
3102 2541 3339 2614 Κύριον,
3369 2544 3465 2598 καὶ
3504 2544 3578 2615 μὴ
3619 2561 3864 2615 σταυρω-

2292 2634 2448 2703 θῆναι
2484 2636 2576 2687 καὶ
2609 2634 2898 2705 πειρασμῷ
2931 2636 3189 2705 ἐμπεσεῖν
3221 2634 3493 2704 ύπδρ.τῆς
3524 2634 3619 2689 τοῦ
3653 2637 3859 2705 κόσμου

2295 2731 2589 2801 σωτηρίας.
3701 2748 3714 2757 ·
3932 2732 3939 2740 ’

2372 2841 2389 2874 ι
2432 2824 2541 2881 Καὶ
2588 2821 3095 2894 προσκαλεσάμενος
3125 2820 3216 2875 τὸν
3261 2810 3415 2892 ὔχλον
3453 2821 3552 2876 σὺν
3580 2824 3695 2887 τοῖς
3749 2840 3856 2892 μα-

2297 2913 2487 2985 θηταῖς
2517 2912 2703 2976 αύτοῦ,
2738 2909 2890 2966 εἴπεν
2919 2914 3132 2977 αὐτοῖς’·
3163 2912 3352 2976 Ὅστις
3386 2913 3528 2967 θέλει
3556 2914 3733 2977 ὀπίσω
3762 2931 3863 2984 μου

2296 3003 2629 3068 ἀκολουθεῖν,
2676 3003 3085 3075 ἀπαρνησάσθω
3130 3003 3342 3072 ἑαυτὸν,
3398 3006 3493 3059 καὶ
3541 3007 3729 3075 ἀράτω
3775 3008 3865 3058 τὸν

2300 3098 2532 3168 σταυρὸν
2576 3094 2763 3164 αὑτοῦ,
2816 3097 2911 3149 καὶ
2956 3095 3321 3150 ἀκολουθείτω
3378 3113 3488 3166 μοι.
3536 3096 3633 3160 ⁸ος
3666 3098 3773 3165 γάρ
3797 3096 3866 3149 ἀν

2302 3189 2431 3262 θέλῃ
2460 3168 2767 3260 τῆν’ψυχην
2824 3187 2987 3243 αὐτοῦ
3036 3188 3229 3253 σῶσαι,
3270 3188 3523 3242 ἀπολέσει
3576 3188 3866 3261 αὐτηνοςὸς

2301 3280 2345 3335 δ’
2376 3280 2443 3333 ἀν
2471 3280 2708 3351 ἀπολέσῃ
2735 3279 2833 3347 τὴν
2860 3278 3037 3349 ψυχὴν
3079 3276 3244 3334 αὑτοῦ
3274 3278 3461 3331 ῑνεκεν
3490 3278 3624 3347 ἐμοῦ
3656 3280 3749 3331 καὶ
3773 3278 3864 3331 τοῦ

2300 3370 2656 3439 Εὑαγγελίου,
2690 3366 2842 3433 οὗτος
2880 3370 3043 3423 σώσει
3089 3370 3282 3439 αὑτήν.
3336 3368 3401 3422 Τί
3448 3370 3556 3440 γὰρ
3598 3370 3865 3441 ὠφελήσει

2301 3461 2583 3529 ἄνθρωπον
2606 3461 2700 3515 ἐὰν
2729 3463 2969 3533 κερδήσῃ
2988 3461 3080 3515 τὸν
3100 3462 3302 3529 κόσμον
3328 3459 3467 3524 ὅλον,
3495 3464 3589 3516 καὶ
3615 3461 3866 3534 ζημιωθῇ

2299 3551 2398 3622 τὴν
2445 3552 2621 3622 ψυχὴν
2678 3550 2840 3605 αὑτοῦ
2892 3554 2967 3622 ςῆ
3003 3552 3061 3605 τί
3120 3552 3278 3605 δώσει
3345 3552 3627 3623 ἄνθρωπος
3673 3556 3870 3609 ἀντάλ-

2305 3646 2491 3714 λαγμα
2523 3644 2623 3714 τῆς
2668 3645 2847 3715 ψυχῆς
2882 3644 3083 3711 αὐτοῦς
3132 3663 3150 3697 ι
3216 3646 3540 3716 Ἐπειδήπερ
3590 3646 3618 3697 ὁ
3666 3646 3870 3715 Πέτρος

2284 3734 2633 3804 ,ἐπετίμησεν
2664 3733 2810 3804 αύτῷ
2840 3736 2915 3797 ὠς
2955 3734 3160 3787 θέλοντι
3191 3734 3593 3807 σταυρωθῆναι,
3630 3751 3873 3806 προσκα-

2303 3828 2475 3881 λεῖται
2513 3828 2602 3879 τὸν
2646 3827 2819 3895 ὄχλον,
2853 3827 2949 3880 καὶ
2980 3828 3037 3878 ἐν
3070 3828 3293 3896 ἐπηκόῳ
3328 3827 3568 3893 πάντων,
3616 3827 3756 3897 πρὸς
3782 3828 3871 3881 τὸν

2305 3920 2513 3993 Πέτρον
2534 3919 2595 3972 τδ
2613 3919 2770 3972 πλέον
2792 3921 3229 3989 ἀποτεινόμενος,
3254 3918 3407 3989 φησί·
3439 3916 3510 3970 Σύ
3536 3934 3626 3987 μοι
3654 3920 3864 3990 μέμφῃ,

2302 4004 2347 4065 ὦ
2376 4012 2570 4081 Πέτρε,
2591 4012 2670 4065 ὅτι
2690 4011 2783 4063 τὸν
2806 4009 3035 4076 σταυρὸν
3056 4009 3351 4080 αίροῦμαι;
3376 4008 3488 4077 ἐγὼ
3513 4007 3569 4061 δέ
3598 4026 3681 4062 σοι
3709 4009 3867 4079 λέγω,

2300 4104 2381 4157 ὅτι
2410 4103 2528 4157 οὐδὲ
2575 4103 2639 4156 σὺ
2670 4103 2789 4157 ούδὶ
2821 4102 2977 4165 ἀλλος
3008 4117 3091 4166 τις
3131 4100 3457 4168 σωθήσεται,
3503 4101 3599 4153 ὲάν
3629 4100 3709 4173 μὴ
3738 4102 3871 4154 ἀπο-

2301 4195 2434 4268 θάνῃ
2468 4195 2606 4265 ύπὶρ
2634 4194 2727 4249 τοῦ
2758 4195 2925 4249 καλοῦ
2958 4194 3052 4249 καὶ
3080 4194 3176 4264 τῆς
3226 4193 3503 4262 ἀληθείας.
3540 4194 3762 4268 Ὀραᾷδὲ
3790 4196 3870 4248 δτι

2298 4266 2578 4342 ούκνεῐπεν
2605 4285 2700 4355 ὡς,
2731 4285 2847 4339 Κάν
2880 4287 2954 4356 μὴ
2989 4285 3117 4360 θέλῃ
3152 4303 3254 4351 τις,
3290 4266 3711 4356 ἀποθνησκέτω,
3733 4287 3865 4351 ἀλλ’,

2302 4380 2489 4443 Ὅστις
2517 4379 2679 4433 θέλει.
2710 4377 2910 4432 Οὐδένα
2943 4378 3070 4447 γὰρ,
3101 4377 3255 4451 φησὶ,
3290 4375 3565 4446 βιάζομαι.
3612 4378 3737 4430 Ἐπὶ
3766 4379 3869 4447 γάρ

632 4480 687 4523 et
720 4469 789 4523 ita
812 4470 859 4524 si
889 4469 1009 4535 quis
1060 4481 1163 4523 non
1187 4467 1318 4532 vult,
1346 4481 1452 4522 non
1482 4478 1567 4523 est
1590 4469 1673 4523 his
1710 4469 1926 4537 dignus.
1960 4468 2097 4535 Quid
2130 4469 2193 4524 sil

2301 4472 2479 4541 ἀγαθά
2502 4462 2673 4537 καλῶ,
2701 4472 2801 4524 οὐκ
2827 4471 2917 4523 επὶ
2952 4470 3117 4535 κακὰ,
3145 4468 3232 4523 ἵνα
3255 4469 3349 4523 καὶ
3383 4469 3704 4537 ἀναγκάσω·
3732 4468 3867 4523 ὥστε

634 4571 811 4617 autem
842 4562 1112 4628 abnegare
1160 4561 1528 4630 semetipsum,
1570 4561 1858 4627 discemus,
1899 4562 1943 4615 sl
1984 4561 2187 4619 didice-

638 4655 805 4708 rimus
827 4654 955 4723 quid
994 4653 1065 4707 sit
1097 4653 1366 4723 abnegare
1410 4653 1594 4707 alium.
1645 4651 1744 4718 Qui
1779 4654 1921 4705 enim
1961 4653 2191 4723 abnegat

635 4745 820 4811 alium,
850 4746 1064 4800 fratrem
1123 4743 1389 4805 fortassis,
1442 4742 1522 4796 vel
1578 4742 1921 4809 inutiliorem,
1965 4745 2044 4796 vel
2094 4759 2189 4813 pa-

638 4845 797 4899 trem,
826 4837 1031 4892 etiamsi
1090 4834 1347 4905 ﬂagellari
1378 4833 1524 4887 illum
1553 4833 1744 4888 viderit
1774 4842 1828 4887 et
1859 4834 2053 4897 occidi,
2089 4850 2191 4889 non

635 4925 887 4989 advertit,
934 4942 1041 4981 non
1090 4928 1248 4990 dolet,
1297 4940 1401 4981 non
1448 4925 1773 4993 compatitur
1820 4924 1986 4980 semel
2034 4925 2102 4979 ab
2132 4940 2196 4978 eo

634 5020 904 5074 alienatus
938 5037 951 5072 :
984 5020 1062 5075 sic
1109 5034 1322 5088 quoque
1344 5027 1403 5069 et
1444 5031 1544 5072 nos
1574 5015 1685 5070 vult
1732 5031 1926 5086 corpus
1956 5025 2194 5069 nostrum

634 5111 934 5178 despicere,
969 5118 1021 5165 ut
1055 5110 1169 5179 sive
1200 5107 1428 5178 ﬂagella,
1464 5108 1576 5168 sive
1614 5107 1757 5161 aliud
1781 5107 1906 5176 quid
1942 5105 2195 5177 patiatur.

643 5216 710 5256 ne
740 5202 813 5257 illi
848 5215 1159 5271 pareamus.
1214 5198 1385 5257 Toliat
1433 5207 1607 5253 autem
1639 5212 1890 5273 crucem,
1943 5197 2043 5249 hoc
2094 5206 2194 5261 est,

640 5292 1047 5362 ignominiosam
1088 5300 1343 5355 utor-tem.
1380 5290 1733 5359 lgnominiosa
1781 5290 1923 5345 enim
1957 5298 2084 5342 tunc
2114 5288 2198 5338 vi-

634 5384 870 5437 debatur
896 5397 1047 5436 crux.
1086 5382 1351 5437 Przeterea
1385 5381 1511 5450 quia
1548 5381 1696 5433 multi
1730 5380 1783 5433 in
1828 5394 2041 5434 crucem
2079 5393 2201 5449 age-

654 5476 853 5529 bantur
883 5474 1139 5541 latrones,
1169 5475 1315 5530 sddit
1340 5476 1486 5543 quod
1520 5487 1638 5527 cum
1668 5471 2014 5529 crueiiixione
2037 5471 2199 5533 etiam

641 5580 861 5619 omnem
898 5567 1059 5620 aliam
1109 5566 1353 5619 virtutem
1412 5565 1623 5621 habent.
1686 5562 1797 5623 Hoc
1830 5564 1970 5616 enim
1999 5570 2100 5628 est,
2135 5561 2203 5617 Et

644 5668 901 5723 sequatur
930 5672 1035 5713 me.
1070 5658 1137 5711 At
1167 5654 1415 5725 quoniam
1448 5670 1607 5725 grave
1638 5656 1738 5710 hoc
1772 5668 1889 5708 esse
1930 5654 2203 5707 videbatur

648 5754 705 5800 et
728 5749 938 5809 crudele
963 5750 1105 5821 quod
1138 5751 1364 5821 imperat
1394 5755 1451 5800 ut
1483 5761 1576 5801 nos
1610 5745 1763 5801 morti
1794 5757 2199 5813 exponeremus,

2290 4564 2347 4617 εῖ
2367 4581 2451 4627 τις
2483 4563 2543 4617 ού
2568 4562 2733 4627 θέλει,
2758 4561 2876 4615 οὐδὲ
2897 4560 3053 4627 ἀξιόςη
3080 4564 3195 4614 ἑστι
3232 4558 3457 4614 τούτων.
3486 4558 3551 4611 Τί
3580 4560 3639 4613 δέ
3668 4563 3789 4615 ἐστι
3812 4560 3870 4615 τὸ

2290 4652 2706 4725 ἀπαρνήσασθαι
2728 4651 2939 4714 ἑαυτὸν,
2956 4650 3126 4723 οὕτως
3148 4649 3214 4704 ἀν
3235 4644 3519 4719 μάθοιμεν,
3539 4649 3635 4702 εὰν
3656 4649 3867 4718 γνῶμεν

2292 4746 2344 4799 τί
2374 4746 2488 4798 εστι
2522 4743 2581 4795 τὸ
2610 4740 2949 4812 ἀρνήσασθαι
2978 4739 3183 4810 ἕτερον.
3228 4740 3284 4792 ὐ
3304 4738 3637 4809 ἀρνούμενος
3664 4740 3865 4811 ἓτερον,

2294 4835 2516 4901 ἀδελφὺν
2539 4832 2717 4902 τυχὸν,
2745 4831 2776 4900 ἦ
2795 4830 3031 4898 οἰκέτην,
3049 4828 3081 4899 ἢ
3104 4829 3339 4898 πατέρα,
3352 4827 3455 4881 κάν
3472 4829 3867 4901 μαστιζόμενον

2298 4922 2524 4985 ῖδοι,κάν
2542 4919 3021 4989 φονευόμενον,ούκ
3034 4918 3442 4987 ἐπιστρέφεται,
3458 4919 3520 4971 ού
3536 4919 3864 4990 συμπάσχει,

2299 5011 2393 5067 ἆτε
2425 5010 2571 5075 ἀπαξ
2600 5008 2998 5079 ἀλλοτριωθείς.
3035 5008 3223 5072 Οὕτως
3261 5004 3353 5063 οὖν
3379 5010 3473 5078 καὶ
3498 5010 3647 5079 ἡμᾶς
3683 5009 3867 5080 βούλε-

2299 5119 2386 5155 ται
2416 5103 2508 5155 τοῦ
2551 5102 2819 5173 ἡμετέρου
2855 5102 3105 5171 σώματος
3132 5100 3395 5169 ἀφειδεῖν,
3425 5100 3512 5153 ἱνα
3540 5101 3645 5154 κᾶν
3679 5102 3867 5171 μαστί-

2300 5194 2455 5258 (mat,
2501 5194 2603 5249 κᾶν
2628 5192 2807 5247 ὁτιοῦν
2838 5193 3051 5257 ποιῶσι,
3087 5192 3164 5263 μὴ
3186 5191 3519 5261 φειδώμεθα.
3575 5193 3790 5262 ’Δράτω
3814 5192 3863 5244 δὲ

2299 5283 2387 5336 τὸν
2444 5284 2695 5356 σταυρὸν,
2748 5282 3015 5347 τουτέστι,
3060 5282 3151 5335 τὸν
3189 5282 3546 5335 ἐπονείδιστον
3602 5282 3856 5335 θάνατον·

2300 5372 2658 5434 ἐπονείδιστος
2708 5372 2815 5441 γὰρ
2862 5372 3039 5425 ἐδόκει
3110 5373 3229 5426 τότε
3274 5372 3583 5444 ὀσταυρός.
3636 5372 3866 5425 Ἐπεὶδε

2302 5464 2487 5523 πολλοὶ
2522 5466 2883 5536 σταυροῦνται
2908 5467 2997 5521 διὰ
3016 5466 3076 5519 τὸ
3102 5466 3296 5539 λῃσταὶ
3325 5462 3487 5534 εἶναι,
3516 5465 3865 5538 προστίθησιν

2302 5559 2383 5611 ὅτι
2414 5559 2550 5625 μετά
2574 5557 2668 5611 τοῦ
2706 5558 3104 5629 σταυρωθῆναι.
3126 5560 3222 5611 καὶ
3244 5559 3343 5628 τὴν
3368 5556 3761 5627 ἀλλην¹ἀρετὴν
3788 5556 3866 5609 δεῖ

2307 5649 2471 5719 ἔχειν.
2529 5650 2699 5703 Τοῦτο
2748 5629 2851 5723 γάρ
2904 5654 3018 5704 ἐστι
3062 5651 3144 5713 τὸ,
3211 5651 3321 5705 Καὶ
3357 5650 3718 5704 ἀκολουθείτω
3755 5662 3861 5715 μοι.

2320 5744 2469 5796 Ἐπεὶ
2496 5743 2551 5795 δὲ
2577 5744 2744 5797 ἐδόκει
2770 5744 2905 5815 βαρὺ
2930 5742 3065 5797 εἶναι
3090 5742 3244 5796 τοῦτο
3270 5743 3364 5799 καὶ
3392 5743 3619 5813 ἀπηνὲς,
3651 5741 3678 5793 ὃ
3704 5752 3864 5808 προσ-
