4108 6334
1605 381 2181 450 THEOPHYLACTI
2223 379 2631 444 BULGARI/E
2670 380 3026 448 ARCHIEP.
3816 384 3925 449 592

703 393 800 459 591

700 507 919 563 nomine
949 520 1087 570 meo,
1114 504 1295 560 statim
1330 501 1525 572 poterit
1555 502 1625 556 de
1655 515 1741 556 me
1764 498 1903 555 male
1934 496 2098 567 loqui.
2124 493 2241 548 Nan

2359 490 2487 560 γὰρ,
2516 490 2701 558 φησὶν,
2725 492 2901 555 οὐδεὶς
2928 492 3037 564 γὰρ
3061 492 3351 565 δυνήσεται
3387 496 3521 565 ταχὺ
3565 495 3937 566 κακολογῆσαί

698 615 807 669 quo
828 609 979 669 pacto
1006 596 1141 652 male
1168 596 1476 664 loqueretur
1496 593 1562 648 de
1593 607 1697 658 me,
1732 592 1820 661 qui
1849 602 2041 645 nomen
2078 599 2241 640 meum

2362 598 2449 652 με,
2475 582 2531 644 ὃς
2555 584 2769 652 ποιήσει
2795 584 3022 655 δύναμιν
3052 587 3144 639 ἐπὶ
3172 587 3247 655 τῷ
3270 586 3493 658 ὀνόματί
3520 605 3647 658 μου.
3680 588 3803 649 Πῶς
3828 592 3935 659 γὰρ

699 695 750 747 in
788 692 1123 749 occasiOnem
1164 686 1347 756 gloriae
1391 685 1656 755 praetexit,
1694 691 1749 737 et
1790 676 2087 733 lnvocando
2127 674 2241 728 illud

2358 673 2422 727 ἂν
2453 674 2837 745 κακολογήσειὲ
2873 675 2939 746 μὲ
2972 679 2999 730 ὁ
3022 679 3082 731 τὸ
3127 678 3301 748 ὅνομά
3336 697 3438 749 μου
3480 680 3737 752 ἀφορμὴν
3773 681 3932 749 δόξης

697 790 954 852 operatur
994 779 1162 834 mira?
1208 776 1434 832 Videtur
1482 786 1659 829 autem
1711 770 1966 826 Dominus
1996 766 2095 821 sibi
2130 780 2255 818 con-

696 871 983 927 tradicere.
1014 869 1385 925 Dixeratenim
1409 866 1564 919 alibi:
1595 881 1613 913 ι
1645 861 1746 928 Qui
1777 874 1881 913 non
1912 866 1994 912 est
2018 869 2253 918 mecum,

695 975 881 1018 contra
931 977 1017 1015 me
1046 971 1126 1015 est
1159 979 1171 1016 :
1211 980 1229 1013 ι
1268 975 1406 1014 nunc
1430 957 1557 1011 dicit
1588 973 1600 1009 :
1641 974 1658 1007 ι
1697 954 1797 1020 Qui
1824 967 1928 1005 non
1956 959 2036 1005 est
2065 955 2251 1003 contra

695 1071 815 1121 nos,
841 1070 937 1125 pro
971 1055 1123 1109 nobis
1152 1061 1252 1107 est.
1280 1070 1297 1102 ι
1335 1050 1595 1103 Videntur
1629 1047 1843 1114 quidem
1873 1043 1987 1097 haec
2018 1041 2249 1101 diversa,

696 1163 802 1203 non
827 1155 952 1201 sunt
980 1155 1176 1201 autem.
1210 1142 1339 1196 Nam
1374 1158 1492 1195 cum
1526 1140 1679 1204 dicit,
1716 1157 1732 1188 ι
1771 1137 1868 1202 Qui
1897 1150 1999 1189 non
2033 1140 2115 1187 est
2137 1144 2250 1184 me-

695 1255 815 1295 cum
846 1278 863 1305 ,
904 1249 1088 1293 contra
1142 1250 1225 1291 me
1278 1246 1357 1288 est
1386 1235 1431 1265 ⁸⁷
1466 1276 1479 1297 ,
1522 1233 1585 1284 de
1634 1228 1963 1282 darmonibus
2031 1232 2113 1279 est
2174 1222 2253 1273 di-

698 1339 871 1396 ctum,
905 1330 995 1399 qui
1032 1330 1247 1381 student
1278 1342 1303 1378 a
1337 1324 1530 1377 divinis
1552 1321 1861 1375 abstrahere
1884 1356 1898 1379 ,
1929 1326 1982 1370 et
2014 1330 2130 1384 qua:
2157 1312 2248 1366 Dei

694 1432 839 1483 sunt,
872 1422 1199 1490 dispergere.
1226 1417 1377 1482 Quod
1410 1423 1586 1468 autem
1621 1426 1782 1475 nunc,
1822 1410 2019 1463 dictum
2054 1409 2119 1461 de
2154 1407 2251 1458 ho-

693 1513 946 1576 minibus,
979 1512 1067 1581 qui
1117 1511 1180 1563 ad
1210 1508 1374 1563 Deum
1415 1506 1670 1575 quosdam
1716 1502 1988 1557 adducunt
2017 1514 2114 1570 per
2150 1498 2249 1550 uti-

691 1607 991 1662 raculorum
1022 1602 1407 1671 operationem.

758 1698 922 1752 Vens.
955 1696 1150 1758 40,“.
1176 1712 1194 1746 t
1230 1692 1479 1762 Quisquis
1509 1691 1650 1745 enim
1683 1690 1749 1744 ad
1778 1687 2069 1743 bibendum
2093 1686 2156 1735 de
2178 1686 2250 1737 ‘e-

690 1793 761 1845 rit
793 1790 945 1844 vobis
982 1789 1205 1843 calicem
1251 1800 1401 1854 aqua
1444 1786 1496 1837 in
1528 1783 1747 1838 nomine
1784 1795 1921 1846 meo,
1958 1795 2096 1848 quos
2132 1776 2249 1833 sitis

690 1880 889 1934 Christi
930 1897 944 1933 :
982 1892 1137 1932 amen
1189 1877 1311 1931 dico
1351 1875 1520 1937 vobis,
1553 1886 1893 1943 nequaquam
1946 1870 2248 1939 perditurus

687 1982 766 2027 est
804 1970 1103 2023 mercedem
1144 1983 1315 2021 suam.
1372 1966 1431 2019 Et
1470 1965 1715 2034 quisquis
1761 1960 2044 2016 oﬂ‘enderit
2085 1975 2246 2013 unum

689 2080 753 2118 ex
795 2062 1001 2134 pusillis
1028 2062 1115 2130 qui
1148 2058 1426 2113 confidunt
1466 2059 1516 2111 in
1554 2071 1660 2121 me,
1692 2055 1885 2109 melius
1921 2053 2058 2107 foret
2087 2052 2163 2105 illi
2201 2051 2244 2106 si

686 2154 1111 2209 circumdaretur
1146 2166 1334 2205 saxum
1367 2150 1568 2203 molare
1616 2148 1763 2202 circa
1814 2147 2076 2201 cervicem
2108 2145 2244 2215 ejus,

686 2259 740 2301 et
772 2245 1097 2315 abjiceretur
1140 2244 1192 2297 ln
1241 2257 1406 2296 mare.
1454 2260 1471 2291 ο
1513 2239 1625 2293 Non
1667 2238 1862 2303 solum,
1918 2237 2112 2306 inquit,
2165 2236 2246 2289 fn-

684 2337 886 2389 cientes
908 2333 1154 2387 virtutem
1180 2332 1231 2384 in
1256 2332 1470 2385 numine
1504 2344 1644 2395 meo,
1682 2344 1783 2381 non
1818 2328 2078 2397 prohibeo
2107 2344 2119 2379 :
2152 2326 2245 2380 sed

685 2425 728 2478 si
774 2423 895 2494 quis
944 2422 1223 2475 minimum
1272 2419 1523 2490 quiddam
1575 2406 1783 2472 dederit
1839 2416 1987 2469 vobis
2030 2412 2247 2484 propter

683 2528 881 2569 nomen
914 2528 1111 2577 meum,
1164 2521 1217 2567 et
1250 2511 1549 2578 susceperit
1591 2523 1683 2563 vos
1722 2516 1939 2578 propter
1971 2520 2075 2572 me,
2135 2519 2240 2560 non

682 2614 899 2674 propter
932 2604 1223 2658 humanam
1256 2604 1510 2673 gratiam,
1562 2601 1642 2656 vel
1680 2599 2033 2661 mundanam,
2068 2596 2244 2652 neuti-

681 2710 843 2765 quam
888 2695 1076 2764 perdet
1106 2694 1408 2748 tnercedcm
1432 2706 1606 2745 suam.
1642 2690 1785 2743 Dixit
1812 2697 1989 2744 autem
2021 2688 2245 2743 calicem

682 2804 857 2853 aquae,
914 2796 1133 2857 propter
1186 2800 1281 2840 eos
1350 2784 1438 2853 qui
1500 2791 1867 2852 paupertatem
1921 2787 2245 2851 praetexunt.

683 2876 860 2931 Etiam
887 2877 932 2932 sl
958 2875 1202 2939 calicem,
1245 2876 1439 2942 inquit,
1488 2887 1639 2942 aqua:
1670 2871 1883 2926 dederis
1927 2868 2248 2939 contempti-

681 2968 863 3033 bilem,
908 2982 1082 3038 neque
1120 2968 1267 3020 illum
1304 2968 1514 3035 perdes.
1552 2962 2015 3031 Quemadmodum
2065 2972 2247 3016 autem

680 3060 725 3111 si
760 3073 924 3111 unum
976 3073 1039 3111 ex
1094 3058 1269 3127 parvis
1308 3056 1679 3121 honoravcris,
1724 3064 1909 3124 gratus
1941 3055 2050 3109 eris
2083 3054 2195 3109 Deo
2225 3090 2241 3117 ,

2358 766 2526 835 ἔχων,
2590 766 2684 820 καὶ
2745 766 2832 819 διὰ
2886 767 2983 820 τοῦ
3022 769 3397 824 ἐπικαλεῖσθαι
3457 771 3612 824 τοῦτο
3680 771 3930 838 θαυματ·

2354 846 2565 931 ουργῶν
2615 854 2765 925 (70);
2813 856 2971 933 Δοκεῖ
3031 858 3087 911 δὲ
3140 861 3356 913 ἐναντία
3404 860 3585 928 λέγειν
3640 863 3667 914 6
3731 863 3932 933 Κύριο;

2357 947 2553 1016 ἐαυτῷ.
2604 932 2862 1019 Ἀλλαχόῦ
2893 951 3000 1019 γὰρ
3029 951 3218 1016 εἰπὼν,
3247 974 3263 1004 ι
3306 954 3367 1006 '0
3400 955 3473 1023 μὴ
3503 954 3580 1006 ὢν
3617 955 3738 1024 μετ’
3774 953 3929 1025 ἐμοῦ,

2356 1042 2477 1091 κατ’
2500 1040 2628 1110 ἐμοῦ
2653 1042 2789 1106 ἐστι,
2823 1061 2840 1093 ι
2864 1042 2955 1093 νῦν
2978 1042 3154 1110 λέγει,
3180 1064 3197 1094 ι
3230 1047 3323 1106 '0;
3346 1046 3443 1096 οὐκ
3469 1045 3584 1098 ἐστι
3606 1046 3729 1099 καθ’
3750 1046 3927 1115 ἡμῶν,

2356 1136 2495 1205 ὑπὲρ
2522 1136 2676 1213 ὴμῶν
2708 1138 2844 1191 ὲστι.
2880 1155 2898 1189 ι
2933 1138 3192 1191 Δοκοῦσιν
3218 1139 3309 1193 οῦν
3335 1139 3509 1193 ταῦτα
3536 1141 3754 1193 ἐναντία
3776 1160 3788 1169 ·
3826 1142 3929 1193 οὐκ

2354 1226 2463 1277 εἰσὶ
2489 1226 2565 1279 δέ.
2590 1216 2672 1279 τὸ
2700 1228 2799 1296 μὲν
2830 1228 2987 1299 γάρ,ι
3020 1229 3081 1281 '0
3108 1230 3179 1299 μὴ
3200 1230 3271 1281 ὢν
3305 1231 3420 1300 μετ’
3452 1233 3609 1300 ἐμοῦ,
3645 1231 3769 1284 κατ’
3798 1232 3927 1301 ἐμοῦ

2353 1318 2489 1382 ἐστι,
2528 1336 2546 1369 ι
2591 1319 2718 1388 περὶ
2746 1319 3019 1388 δαιμόνων
3059 1322 3297 1390 εἴρηται,
3322 1320 3429 1373 τῶν
3456 1321 3563 1374 ἀπὸ
3590 1321 3729 1375 Θεοῦ
3766 1322 3927 1390 ἀφέλ-

2354 1426 2468 1463 κειν
2499 1410 2906 1473 σπουδαζόντων
2952 1416 3046 1465 καὶ
3098 1412 3498 1483 σκορπιζόντων
3547 1416 3615 1467 τὰ
3641 1414 3735 1467 τοῦ
3768 1413 3921 1469 Θεοῦ.

2353 1501 2423 1553 Τὸ
2442 1502 2498 1554 δὲ
2530 1502 2624 1555 νῦν
2656 1503 2819 1574 ῥηθὲν
2879 1505 3004 1575 περὶ
3036 1504 3356 1576 ἀνθρώπιον,
3388 1506 3495 1558 τῶν
3529 1506 3733 1575 μᾶλλον
3762 1523 3926 1575 προσο

2306 1616 2311 1621 ι
2352 1592 2589 1660 αγόντων
2639 1594 2789 1656 τινάς
2826 1594 2902 1664 τῷ
2947 1595 3063 1665 Θεῷ
3097 1596 3184 1649 διά
3218 1596 3313 1650 τοῦ
3347 1596 3599 1668 θαύματα
3637 1597 3922 1650 ἐπιτελεῖν.

2424 1704 2443 1738 ι
2484 1688 2578 1749 Ὃς
2625 1686 2734 1757 γὰρ
2776 1687 2841 1741 ἂν
2876 1691 3070 1760 ποτίσῃ
3121 1690 3265 1757 ὑμᾶς
3317 1692 3577 1760 ποτήριον
3629 1690 3825 1752 ὓδατος
3871 1690 3926 1741 ἐν

2351 1775 2426 1847 τῷ
2456 1776 2677 1846 ὀνόματί
2706 1794 2831 1848 μου,
2864 1779 2947 1832 δτι
2978 1780 3215 1848 Χριστοῦ
3242 1782 3382 1846 ἔστι,
3419 1780 3566 1850 ἀμὴν
3593 1781 3744 1847 λέγω
3775 1781 3923 1849 ὑμῖν,

2278 1833 2322 1892 Β
2349 1833 2410 1920 ού
2441 1870 2514 1941 μὴ
2536 1833 2773 1941 ἀπολέσῃ
2798 1833 2889 1922 τὸν
2924 1833 3115 1941 μισθὸν
3164 1833 3587 1935 αὖτοῦ.1Κάὶδς
3626 1833 3724 1925 ὲάν
3762 1833 3923 1925 aaizv:

2346 1960 2535 2031 δαλίση
2578 1962 2675 2015 ἕνα
2720 1962 2828 2015 τῶν
2872 1962 3093 2032 μικρῶν
3121 1962 3231 2014 τῶν
3280 1963 3644 2017 πιστευόντων
3698 1966 3780 2025 είς
3809 1964 3921 2033 ἐμὲ.

2348 2052 2510 2105 καλόν
2541 2054 2689 2105 ἐστιν
2713 2052 2860 2122 αύτῷ
2899 2054 3121 2123 μᾶλλον,
3171 2053 3217 2105 εί
3256 2053 3561 2121 περίκειται
3590 2053 3740 2119 λίθος
3769 2055 3922 2125 μυλι-

2347 2144 2439 2206 κὸς
2472 2146 2599 2214 περὶ
2627 2144 2718 2197 τὸν
2765 2144 3036 2213 τράχηλον
3064 2145 3253 2208 αὑτοῦ,
3279 2146 3371 2198 καὶ
3402 2145 3665 2215 βέῆληται
3714 2148 3797 2209 είς
3828 2147 3922 2219 τὴν

2347 2234 2639 2302 θάλασσαν.
2680 2254 2697 2287 ι
2722 2236 2796 2288 Οὐ
2832 2236 2989 2305 μόνον
3059 2237 3212 2306 φησλ,
3246 2236 3335 2288 τὸν
3367 2236 3625 2305 δυνάμεις
3670 2235 3923 2291 ποιοῦντι

2345 2327 2403 2377 ἐν
2435 2324 2511 2393 τῷ
2538 2325 2763 2395 ὀνόματί
2798 2343 2899 2394 μου
2930 2326 2992 2377 ού
3045 2326 3263 2385 κωλύω.
3312 2325 3447 2378 ἀλλά
3473 2324 3577 2379 κᾶν
3609 2342 3696 2388 τις
3738 2325 3920 2395 ἐλάχι-

2358 2415 2480 2468 στόν
2498 2432 2550 2468 τι
2570 2415 2733 2469 δώσει
2760 2416 2887 2485 ὑμῖν
2916 2416 3004 2469 διὰ
3020 2416 3078 2469 τὺ
3102 2415 3231 2485 ἐμὸν
3253 2415 3445 2485 ὄνομα,
3471 2417 3564 2469 καὶ
3582 2415 3921 2487 ἀποδέξηται

2346 2506 2489 2576 ὑμᾶς
2520 2506 2586 2559 δι’
2620 2506 2740 2575 ἐμὲ,
2773 2507 2834 2559 οὐ
2868 2506 2935 2559 δι’
2968 2506 3316 2576 ἀνθρωπίνην
3362 2507 3521 2577 χάριν
3550 2507 3583 2577 ἢ
3622 2507 3920 2577 κοσμικὴν,

2343 2597 2407 2653 οὐ
2440 2598 2515 2669 μὴ
2546 2598 2789 2668 ἀπολέσῃ
2832 2598 2922 2651 τὸν
2964 2598 3153 2667 μισθὸν
3178 2598 3364 2651 αὐτοῦ.
3403 2593 3538 2651 Εῐπε
3570 2597 3628 2651 δὲ
3661 2595 3724 2651 τὸ
3758 2600 3924 2667 ποτή-

2350 2707 2462 2762 ριον
2501 2688 2593 2743 τοῦ
2641 2688 2852 2755 ὓδατος,
2887 2691 2973 2743 διὰ
3008 2691 3133 2753 τοὺς
3168 2690 3672 2761 προφασιζομένους
3702 2690 3805 2762 τὴν
3835 2708 3929 2744 πε·

2346 2780 2484 2833 νίαν.
2503 2780 2621 2834 Κᾶν
2649 2780 2778 2850 γὰρ,
2806 2782 2959 2851 φησι,
2986 2783 3239 2851 ποτήριον
3256 2780 3445 2842 ὕδατος
3465 2779 3680 2843 δώσεις,
3695 2781 3757 2833 sb
3778 2781 3925 2834 εὐτε·

2345 2870 2619 2937 λέστατον,
2654 2871 2774 2925 οὐδὲ
2803 2873 2960 2925 τοῦτο
3008 2873 3319 2935 ἀπολέσεις.
3360 2872 3571 2943 Ὠσπερ
3606 2873 3665 2926 δὲ
3696 2872 3796 2927 ἐὰν
3827 2873 3922 2927 ἕνα

2345 2964 2451 3017 τῶν
2492 2964 2704 3034 μικρῶν
2753 2967 3013 3036 τιμήσῃς,
3066 2966 3382 3033 εύαρεστεῖς
3414 2964 3491 3034 τῷ
3544 2965 3687 3035 Θεῷ,
3752 2967 3924 3030 οὕτως

2345 3056 2441 3109 ἐὰν
2489 3055 2586 3110 ἕνα
2612 3056 2720 3109 τῶν
2752 3056 2962 3127 μικρῶν
3010 3056 3389 3127 σκανδαλίσῃς,
3420 3057 3700 3127 τουτέστιν
3732 3061 3926 3128 ἀτιμά-

684 3151 761 3202 sic
782 3149 824 3203 si
852 3163 1016 3202 unum
1047 3163 1114 3200 ex
1146 3146 1323 3214 parvis
1366 3145 1838 3211 scandalizaveris,
1868 3145 1971 3200 hoc
1998 3154 2102 3210 est,
2145 3144 2241 3198 de—

2348 3165 2465 3219 σῃς,
2516 3149 2902 3222 ὑποσκελίσῃς,
2951 3149 3223 3222 συμφέρει
3272 3168 3376 3217 σοι,
3427 3153 3475 3205 εί
3526 3150 3693 3221 μύλος
3748 3152 3926 3216 ὀνικὸς

681 3240 945 3308 spexeris,
993 3238 1299 3302 offenderis,
1329 3239 1602 3307 expediret
1635 3238 1728 3293 tibi
1754 3240 1801 3293 sl
1835 3238 1974 3293 mola
2008 3236 2241 3293 asinaria

679 3334 747 3386 de
770 3332 909 3387 collo
932 3341 1022 3386 tuo
1045 3334 1488 3400 suspenderetnr,
1524 3332 1825 3401 graviorem
1852 3330 1995 3385 enim
2023 3344 2238 3400 pinnam

681 3422 1083 3478 sustinebimus.
1150 3420 1413 3475 Seusibile
1463 3432 1643 3474 autem
1713 3420 2034 3490 supplicium
2079 3419 2238 3483 dixit,

682 3525 889 3568 terrens
915 3528 1012 3568 nos
1039 3528 1135 3583 per
1167 3513 1267 3567 hoc
1312 3512 1567 3567 sensibile
1594 3511 1889 3580 exetuplar.

753 3605 913 3661 Vstts.
944 3604 1130 3660 ιε-ιθ.
1175 3622 1193 3656 ι
1240 3604 1370 3658 Etsi
1404 3606 1497 3658 tibi
1538 3605 1698 3659 fuerit
1734 3604 2016 3658 obstaculo
2048 3619 2240 3659 manus

678 3706 794 3766 tua,
823 3707 1037 3767 amputa
1082 3696 1249 3750 illam.
1295 3696 1499 3750 Bonum
1529 3708 1610 3751 est
1639 3696 1733 3750 tibi
1771 3697 2015 3749 nmtilum
2055 3698 2119 3748 ad
2158 3697 2241 3748 vi-

679 3803 790 3845 tam
840 3790 1065 3861 ingredi,
1101 3791 1280 3861 potius
1314 3806 1473 3859 quam
1522 3790 1660 3843 duas
1704 3806 1894 3844 manus
1950 3790 2237 3843 habentem

679 3883 829 3936 abire
874 3882 928 3936 in
981 3882 1302 3952 gehennam,
1371 3882 1423 3934 in
1478 3883 1656 3951 ignem
1726 3881 2235 3951 inexstinguibilem,

680 3973 765 4027 ubi
797 3974 995 4027 vermis
1024 3974 1233 4026 illorum
1262 3987 1363 4027 non
1390 3973 1640 4036 moritur,
1662 3983 1716 4026 et
1738 3973 1874 4042 ignis
1902 3987 2007 4026 non
2032 3974 2233 4027 exstin-

678 4067 877 4135 guitur.
914 4065 976 4119 Et
1009 4067 1053 4122 si
1083 4081 1177 4136 pes
1209 4076 1330 4119 tuus
1365 4064 1525 4120 luerit
1561 4066 1654 4119 tibi
1681 4065 1980 4130 obstaculo,
2020 4074 2234 4133 amputa

678 4158 828 4211 illum
859 4173 873 4209 :
907 4157 1103 4211 bonum
1134 4154 1334 4209 esttibi
1362 4164 1419 4208 ut
1450 4156 1768 4225 ingrediaris
1798 4156 1863 4208 ad
1904 4156 2067 4209 vitam
2097 4156 2239 4208 clau-

676 4244 801 4307 dus,
826 4245 1001 4313 potius
1042 4244 1199 4315 221
1236 4258 1395 4312 quam
1442 4242 1578 4296 duos
1613 4244 1775 4310 pedes
1807 4243 2009 4297 habens
2057 4245 2239 4297 mitta—

675 4334 753 4387 ris
808 4333 859 4386 in
909 4332 1228 4402 gehennam,
1280 4332 1329 4384 in
1374 4332 1547 4401 ignem
1602 4332 2111 4402 inexstinguibllem,
2148 4336 2235 4389 ubi

676 4424 873 4477 vermis
911 4421 1117 4475 illorum
1160 4435 1261 4476 non
1296 4422 1540 4483 moritur,
1558 4430 1611 4474 et
1640 4422 1775 4492 ignis
1805 4439 1907 4477 non
1934 4427 2234 4495 exstingui-

2345 3239 2659 3310 ἐκρεμάσθη
2685 3258 2776 3293 σου
2794 3242 2849 3295 έν
2867 3240 2945 3311 τῷ
2962 3243 3236 3313 τραχήλῳο
3262 3242 3477 3313 χείρονα
3502 3244 3571 3312 γά
3580 3261 3633 3312 ρ,
3652 3243 3731 3306 ὡς
3756 3244 3922 3306 ἔοικε,

2343 3331 2612 3400 τιμωρίαν
2648 3332 3085 3403 ὕποστησόμεθα.
3130 3335 3405 3406 Αίσθητὴν
3442 3335 3501 3389 δὲ
3538 3335 3815 3409 τιμωρίαν
3843 3332 3921 3389 εἴ·

2345 3441 2467 3488 πεν,
2509 3424 2757 3493 ὲκφοδῶν
2786 3426 2929 3495 ἡμᾶς
2975 3424 3063 3480 διά
3095 3424 3287 3479 τούτου
3340 3425 3434 3480 τοῦ
3483 3425 3748 3497 αἰσθητοῦ
3787 3426 3920 3479 ὐπο-

2342 3514 2655 3583 δείγματος.

2420 3625 2439 3656 ι
2477 3606 2585 3658 Καὶ
2626 3604 2721 3658 ἐὰν
2750 3604 3080 3676 σκανδαλίζῃ
3124 3620 3186 3657 σε
3230 3606 3263 3674 ἡ
3309 3606 3432 3675 χείρ
3478 3622 3593 3667 σου,
3643 3606 3919 3675 ἀπόκοψον

2343 3699 2529 3768 αὐτήν.
2555 3697 2733 3751 Καλόν
2758 3698 2838 3749 σοί
2871 3700 2985 3749 ἔστι
3011 3695 3204 3751 κυλλὸν
3234 3699 3313 3760 είς
3338 3698 3436 3768 τὴν
3465 3697 3611 3768 ζωὴν
3633 3699 3917 3763 είσελθεῐν,

2343 3787 2373 3855 ἥ
2403 3784 2614 3849 τάςςδύο
2644 3788 2835 3856 χεῖρας
2871 3786 3084 3856 έχοντα,
3123 3786 3378 3839 ἀπελθεῖν
3407 3787 3487 3848 είς
3525 3786 3625 3856 τὴν
3670 3787 3917 3852 γέενναν,

2340 3879 2418 3939 είς
2465 3878 2523 3929 τὸ
2552 3875 2662 3946 πῦρ
2692 3876 2751 3929 τὸ
2780 3876 3063 3942 ἀτόεστον,
3105 3878 3239 3929 ὅπου
3280 3878 3307 3928 ό
3342 3875 3557 3946 σκώληξ
3621 3878 3806 3930 αὐτῶν
3856 3878 3914 3930 οὐ

2339 3968 2581 4038 τελευτᾷ,
2624 3970 2717 4021 καὶ
2748 3968 2807 4021 τὸ
2860 3968 2971 4037 πῦρ
3003 3970 3063 4021 οὐ
3108 3968 3413 4022 σῦέννυται.
3442 3969 3551 4021 Καὶ
3603 3968 3752 4021 ἑάνό
3790 3969 3916 4033 ποῦς

2343 4076 2434 4110 σου
2478 4060 2806 4131 σκανδαλίζῃ
2832 4076 2912 4119 σε.
2938 4060 3212 4129 ἀπόκοψον
3243 4060 3430 4123 αὑτὸν,
3464 4060 3627 4113 καλόν
3661 4063 3746 4114 σοί
3772 4064 3917 4114 ἐστιν

2338 4151 2596 4203 είσελθεῖν
2636 4152 2715 4213 είς
2760 4151 2857 4220 τὴν
2914 4150 3059 4221 ζωὴν
3106 4151 3299 4219 χωλὸν,
3346 4151 3379 4223 ἢ
3426 4152 3553 4213 τοὺς
3605 4152 3702 4204 δύο
3755 4153 3917 4215 πόδας

2340 4242 2550 4311 ἔχοντα,
2588 4242 2851 4313 βληθῆναι
2882 4244 2959 4306 είς
3006 4242 3100 4313 τὴν
3152 4242 3399 4309 γέενναν,
3458 4244 3539 4306 είς
3592 4244 3655 4296 τὸ
3698 4244 3810 4314 πῦρ
3859 4245 3916 4293 τὸ

2338 4334 2620 4395 ἄσϐεστον,
2651 4336 2784 4387 ὅπου
2814 4336 2840 4386 ό
2871 4333 3088 4403 σκώληξ
3118 4334 3295 4386 αὐτῶν
3346 4334 3406 4386 οῦ
3438 4334 3690 4405 τελευτᾷ,
3738 4337 3831 4386 καὶ
3859 4334 3915 4385 sb

2341 4426 2447 4495 πῦρ
2479 4426 2538 4477 ού
2569 4424 2875 4480 σόέννυται.
2922 4425 3031 4479 Καὶ
3055 4427 3153 4479 saw
3185 4426 3213 4477 ό
3248 4424 3523 4494 ὀφθαλμός
3563 4442 3657 4477 σου
3686 4425 3913 4478 σκανδα-

677 4524 781 4567 tur.
807 4512 870 4567 Et
897 4514 940 4568 si
964 4513 1148 4566 oculus
1180 4522 1298 4565 tuus
1324 4512 1416 4566 tibi
1446 4512 1721 4567 obstaculo
1751 4525 1853 4579 est,
1883 4530 2013 4569 erue
2037 4516 2181 4570 illiilli
2212 4532 2229 4570 :

2343 4518 2455 4587 λίζῃ
2494 4535 2573 4580 σε,
2604 4518 2798 4570 ἐκσιλε
2836 4517 2997 4570 αὐτόν
3020 4534 3033 4548 ·
3070 4518 3233 4570 καλόν
3267 4517 3349 4569 σοί
3382 4518 3501 4571 ἐστι
3538 4517 3911 4587 μονόφθαλμον

675 4607 875 4660 bonum
908 4615 985 4661 est
1036 4606 1128 4659 tibi
1164 4615 1223 4658 ut
1268 4604 1447 4657 luscus
1495 4607 1728 4657 introeas
1763 4606 1811 4657 in
1864 4622 2081 4673 regnum
2119 4608 2231 4672 Dei,

680 4698 855 4764 potius
903 4712 1061 4762 quam
1100 4705 1157 4747 ut
1209 4694 1345 4748 duos
1396 4696 1581 4748 oculos
1637 4696 1837 4749 habens
1898 4697 2130 4750 mittaris
2184 4699 2236 4751 in

677 4794 973 4860 gehennam
1008 4792 1162 4860 ignis,
1193 4790 1279 4843 ubi
1315 4791 1509 4841 vermis
1536 4805 1719 4843 eorum
1759 4807 1859 4843 non
1892 4792 2138 4855 moritur,
2185 4804 2238 4847 et

678 4886 813 4953 ignis
840 4900 944 4936 inn
979 4882 1356 4953 exstinguitur.
1382 4881 1512 4935 Nam
1545 4883 1718 4935 omnis
1748 4885 1907 4935 homo
1932 4884 2048 4951 igne
2072 4883 2235 4937 salie-

677 4985 781 5035 tnr,
830 4982 882 5025 et
927 4973 1100 5026 omnis
1143 4973 1357 5025 victima
1407 4972 1517 5027 sale
1549 4972 1793 5026 salictur.
1849 4971 1989 5025 Iluna
2037 4990 2120 5027 res
2149 4986 2231 5029 est

674 5065 750 5118 sal
781 5082 793 5117 :
830 5070 1079 5117 ceterum
1108 5064 1151 5115 si
1182 5063 1260 5118 sal
1292 5064 1523 5118 insulsus
1554 5064 1733 5126 fuerit,
1778 5078 1870 5130 per
1900 5064 2024 5130 quid
2054 5065 2225 5131 ipsiim

673 5156 970 5211 condietis?
1014 5154 1213 5211 llabete
1274 5158 1323 5209 in
1376 5156 1665 5225 vobisipsis
1714 5157 1901 5220 salem,
1952 5165 2005 5209 et
2043 5172 2225 5227 pacem

754 5316 797 5345 "
827 5313 957 5372 Luc.
992 5332 1067 5377 xi.
1104 5316 1194 5371 25.

2337 4610 2596 4663 εἰσελθεῖν
2642 4610 2721 4672 είς
2758 4608 2852 4679 τὴν
2892 4608 3169 4678 βασιλείαν
3202 4609 3296 4663 τοῦ
3328 4608 3485 4673 Θεοῦ,
3525 4610 3559 4678 ἢ
3592 4610 3687 4663 δύο
3712 4610 3912 4677 ὀφθαλ-

2340 4703 2469 4769 μοὺς
2518 4701 2731 4769 ἔχοντα,
2767 4699 3029 4770 βληθῆναι
3072 4703 3152 4763 εἰς
3192 4699 3297 4769 τὴν
3328 4699 3552 4768 γέενναν
3598 4700 3693 4752 τοῦ
3724 4701 3910 4769 πυρὸς.

2335 4792 2466 4843 ὅπου
2499 4793 2525 4842 ὀ
2580 4792 2794 4861 σκώληξ
2842 4792 3021 4845 αὐτῶν
3072 4793 3133 4844 ο)
3168 4792 3413 4861 τελευτᾷ,
3458 4793 3551 4844 καὶ
3602 4791 3665 4844 τὸ
3697 4791 3809 4861 πῦρ
3850 4793 3905 4842 οὐ

2338 4882 2640 4935 σϐέννυται.
2680 4884 2792 4945 Πᾶς
2840 4884 2948 4953 γὰρ
2982 4884 3116 4953 ’πυρὶ⁵
3164 4882 3535 4952 ἁλισθήσεται.
3604 4884 3718 4935 Καὶ
3768 4885 3909 4935 πᾶσι

2337 4972 2494 5027 θυσία
2525 4974 2612 5027 ἁλὶ
2652 4974 3027 5045 ἁλισθήσεται.
3075 4973 3252 5027 Καλὸν
3293 4976 3351 5026 τὸ
3391 4974 3545 5037 ἅλας.
3590 4974 3723 5029 Ἐὰν
3755 4974 3810 5025 δὲ
3848 4973 3903 5024 τθ

2336 5065 2467 5127 ἃλας
2502 5065 2694 5119 ἄναλον
2729 5066 2975 5135 γένηται,
3012 5067 3070 5118 ὲν
3089 5067 3194 5118 τίνι
3230 5066 3360 5117 αὐτὸ
3384 5064 3652 5136 ἀρτύσετε
3679 5083 3694 5130 ;
3720 5067 3904 5135 Ἔχετε

2337 5161 2393 5209 ὲν
2446 5162 2657 5221 ἑαυτοῖς
2723 5160 2877 5227 ἃλας,
2942 5159 3037 5212 καὶ
3094 5159 3405 5230 είρηνεύετε
3454 5161 3513 5211 ἑν
3562 5159 3833 5229 ἀλλήλοις.
3884 5178 3899 5209 ι

1619 5406 1707 5463 Ex
1754 5404 2093 5465 collatione
2131 5405 2318 5466 codd.
2359 5408 2579 5467 Venet.
2616 5410 2680 5469 S.
2717 5409 2937 5471 Marci.

742 5529 855 5595 (70)
914 5526 1058 5581 Idem
1112 5527 1228 5579 md.
1277 5528 1460 5579 addit:
1511 5523 1811 5595 Συνεχώρει
1867 5525 1960 5577 καὶ
2018 5524 2233 5585 τούτοις

671 5600 769 5651 θαυ
780 5599 1137 5677 μςτουργεξνζ
1154 5596 1185 5677 ᾇ
1194 5614 1267 5665 μα
1283 5597 1392 5677 μὲν
1410 5594 1807 5677 ἐἰς’ρεόαίω-σιν
1826 5596 1915 5677 τοῦ
1943 5595 2234 5677 κηρύγμα-

672 5663 791 5731 τος,
818 5663 962 5720 ὥστε
988 5667 1079 5719 καὶ
1111 5663 1205 5719 διὰ
1241 5663 1348 5717 τῶν
1398 5663 1625 5733 ἀναξίων
1659 5663 1813 5717 τοῦτο
1848 5666 2231 5727 πλατύνεσθαι,

671 5738 789 5804 ἅμα
818 5737 873 5789 δὲ
900 5740 991 5789 καὶ
1036 5740 1113 5798 είς
1149 5735 1426 5805 βελτίωσιν
1454 5735 1631 5788 αὐτῶν
1661 5735 1723 5804 δὴ
1750 5736 1856 5806 τῶν
1890 5734 2232 5806 θαυματουρ-

672 5806 926 5874 γούντων.
956 5810 1111 5860 Δοκεῖ
1131 5807 1205 5874 δὲ,
1238 5824 1288 5860 κ.
1320 5824 1369 5859 τ.
1408 5806 1456 5858 λ.
1493 5824 1509 5857 ι
1550 5805 1894 5861 l’ertnittebut
1922 5812 2080 5859 etiam
2127 5809 2230 5860 illis

2348 5530 2602 5583 miracula
2634 5527 2835 5589 facere,
2873 5540 2981 5581 tum
3033 5529 3097 5584 ad
3130 5529 3595 5583 conﬁrmationem
3644 5530 3898 5598 pradica-

2349 5600 2509 5680 tionis
2534 5639 2549 5662 ,
2585 5612 2642 5651 ut
2666 5601 2781 5679 lucc
2815 5601 2975 5680 etiam
3020 5615 3113 5668 per
3143 5600 3770 5680 indlgnosdilatan-tur:
3800 5613 3898 5655 tum

2344 5672 2407 5739 ad
2452 5670 2840 5723 correctionem
2897 5672 3157 5736 ipsorum,
3190 5669 3278 5738 qui
3339 5669 3474 5723 mira
3520 5675 3895 5739 oper-bantur.

2351 5737 2566 5793 Videtur
2602 5749 2803 5804 autem,
2839 5748 2943 5793 etc.
2991 5758 3009 5791 ι
