4108 6334
181 406 289 470 593

932 399 1373 460 ENARBATIO
1414 399 1493 459 IN
1533 398 2031 461 EVANGELIUM
2074 396 2337 457 MARCI.
2380 421 2442 431 -
2478 395 2637 456 CAP.
2669 396 2743 455 Χ.

3352 385 3457 452 594

190 518 529 588 Ἀπειλήσας
560 520 669 579 τοῖς
707 514 1176 579 σκανδαλίζουτιν,
1211 513 1295 567 ὅτι
1328 513 1627 583 συνέφερεν
1672 513 1770 566 a6—

1896 513 2069 567 labcte
2104 511 2246 565 inter
2275 526 2370 564 vos
2392 510 2646 563 invicem.
2686 528 2703 560 ι
2744 510 3039 574 Postquam
3074 501 3460 559 interminatus

178 618 320 679 τοῖς,
355 616 402 665 εί
454 610 797 685 ἐρῤίςρθησαν
844 609 900 663 ὲν
939 611 1005 679 τῇ
1047 606 1315 677 θαλάσσῃ,
1374 604 1468 658 νῦν
1514 607 1771 675 παραινεῖ

179 710 299 769 τοῖς
325 704 835 773 σκανδαλιζομένοις
871 697 1239 771 φυλάττεσθαι
1259 697 1367 750 ἀπὸ
1396 696 1506 750 τῶν
1535 697 1773 769 ἑτοίμως

181 798 419 870 ἑχόντων
452 794 827 859 σκανδαλίζειν
859 793 952 846 καὶ
982 790 1365 854 ὑποσκελίζειν
1394 790 1614 851 αὐτούς.
1655 790 1772 843 Κᾶν

182 891 296 961 γάρ
338 888 493 949 ποῦς,
529 887 631 941 κᾶν
662 886 802 957 χεὶρ,
846 884 953 938 κᾶν
979 882 1257 953 ὀφθαλμὸς
1350 885 1377 936 6
1404 883 1775 948 σκανδαλίξων

183 1000 269 1046 σε,
296 981 567 1043 τουτέστι,
593 980 697 1033 κᾶν
730 978 838 1031 τῶν
861 977 1213 1031 οἰκειοτάτων
1247 992 1352 1041 τις,
1386 976 1488 1029 κᾶν
1514 976 1621 1028 τῶν
1653 975 1773 1028 καθ’

180 1071 324 1144 αἷμα
356 1072 767 1142 πλησιαζόντων
815 1070 909 1122 καὶ
958 1067 1260 1139 χρειωδῶν,
1297 1066 1531 1136 ἔκκοψον
1584 1067 1770 1127 αὐτὸν,

180 1166 487 1226 τουτέστιν,
526 1162 842 1231 ἀπάρνησαι
872 1160 973 1225 τὴν
1006 1157 1144 1227 πρὸς
1171 1156 1337 1210 αὑτὸν
1366 1154 1550 1224 φιλίαν
1573 1156 1667 1208 καὶ
1694 1156 1774 1206 ol-

181 1255 467 1325 κςιὸτητα.
495 1251 721 1319 Σκώληξ
752 1250 807 1303 δὲ
838 1250 932 1302 καὶ
959 1247 1069 1319 πῦρ
1101 1247 1401 1312 κολάζοντα
1427 1247 1554 1309 τοὺς
1589 1247 1772 1316 ἀμαρ-

182 1347 407 1408 τωλοὺς,
428 1345 461 1414 ἡ
484 1344 696 1412 συνείδη
712 1343 786 1403 τίς
812 1344 959 1393 ἐστιν
989 1341 1245 1401 ἑκάστου,
1268 1339 1363 1391 καὶ
1385 1339 1416 1407 ἡ
1441 1339 1629 1411 μνήμη
1663 1335 1774 1389 τῶν

183 1435 539 1507 πραχθέντων
566 1436 623 1486 ὲν
656 1433 733 1501 τῷ
765 1432 862 1500 βίῳ
887 1430 1058 1499 τούτῳ
1086 1430 1326 1499 αἰσχρῶν
1357 1446 1368 1460 ·
1419 1430 1542 1499 ἥτις
1575 1427 1767 1497 ὥσπερ

183 1526 407 1597 σκώληξ
438 1526 817 1591 καταδαπανᾷ,
858 1524 950 1575 καὶ
993 1522 1068 1585 ώς
1107 1522 1218 1592 πῦρ
1244 1520 1455 1589 φλέγει.
1496 1522 1609 1583 Πᾶς
1638 1520 1771 1591 γὰρ,

185 1623 351 1689 φησι,
384 1620 518 1689 πυρὶ
558 1618 932 1685 ἁλισθήσεται,
962 1616 1232 1680 τουτέστι,
1272 1614 1766 1684 δοκιμασθήσεται.

187 1711 369 1779 Ὅπερ
411 1710 504 1761 καὶ
530 1710 557 1759 6
594 1706 806 1767 Παῦλος
839 1706 1006 1772 λέγει,
1045 1705 1128 1757 ὅτι
1154 1704 1288 1774 πυρὶ
1309 1704 1773 1773 δοκιμασθήσεται

187 1801 363 1854 πάντα
386 1800 521 1868 (7|).
542 1799 651 1851 Kal.
678 1800 826 1850 πάσα
861 1798 938 1861 δὲ,
980 1796 1137 1865 φησὶ,
1173 1794 1335 1847 θυσία
1359 1795 1446 1847 άλὶ
1472 1794 1766 1862 ἁλισθήσεο

1878 617 1960 661 est
1980 606 2062 661 his
2085 607 2174 674 qui
2207 605 2598 669 scandalizant,
2627 602 2768 673 quod
2795 600 3078 670 expediret
3112 597 3192 652 eis
3216 597 3261 652 si
3296 593 3465 667 proii-

1875 707 2129 753 cerentur
2157 697 2209 750 in
2254 711 2424 761 mare,
2463 711 2609 749 nunc
2661 696 2915 748 admonet
2950 708 3044 746 eos
3065 691 3156 760 qui
3190 688 3464 743 scandali-

1876 803 2091 857 zantur,
2124 802 2177 845 ut
2208 798 2438 844 caveam
2469 789 2569 843 sibi
2602 787 2671 841 ab
2697 788 2782 842 his
2806 785 2896 855 qui
2932 784 3108 854 parati
3138 791 3258 837 sunt
3282 780 3464 837 oll'en—

1877 886 2003 939 dere
2058 892 2112 938 et
2166 882 2537 937 scandalizare
2599 880 2755 933 alios.
2818 877 2953 932 Nam
3012 876 3127 929 sive
3181 888 3297 944 pes,
3348 873 3467 928 sive

1878 990 2093 1038 manus,
2127 974 2242 1029 sive
2283 971 2475 1028 oculus
2517 969 2680 1024 fuerit
2726 968 2820 1037 qui
2863 964 3201 1021 scandalizat
3247 972 3321 1025 te,
3366 962 3469 1016 hoc

1876 1076 1979 1129 est,
2007 1065 2359 1135 quantumvis
2388 1064 2459 1119 sit
2497 1062 2591 1116 tihi
2625 1060 2933 1122 familiaris,
2962 1054 3179 1111 etiarnsi
3217 1053 3312 1108 tibi
3340 1068 3469 1108 san-

1876 1158 2276 1228 guinejuuctus
2304 1158 2395 1221 sil,
2432 1156 2513 1210 vel
2557 1154 2728 1220 utilis,
2760 1159 2978 1221 amputa
3007 1150 3181 1211 illum,
3230 1147 3335 1202 hoc
3358 1153 3468 1211 est,

1876 1252 2128 1306 renuntia
2183 1250 2303 1320 ejus
2365 1248 2621 1303 amicitia:
2679 1255 2733 1301 et
2792 1241 3177 1299 familiaritati.
3252 1239 3470 1295 Vertnls

1876 1352 2056 1405 autem
2088 1349 2141 1394 et
2171 1341 2310 1410 ignis
2339 1356 2458 1408 qum
2493 1340 2718 1408 puniunt
2739 1347 3072 1408 peccatores,
3101 1332 3469 1398 uniuscujus—

1877 1448 1983 1502 que
2031 1440 2159 1486 sunt
2216 1433 2570 1497 conscientia,
2616 1442 2669 1485 et
2714 1430 2974 1485 memoria
3022 1442 3209 1483 eorum
3255 1440 3376 1494 qua:
3414 1424 3467 1477 in

1875 1526 1978 1581 hac
2010 1528 2119 1581 vita
2152 1526 2294 1580 Rede
2328 1536 2455 1580 sunt
2499 1536 2618 1579 acta
2653 1542 2669 1580 :
2711 1524 2837 1593 quia
2881 1522 3038 1592 quasi
3076 1519 3279 1575 vermis
3305 1520 3469 1572 absu—

1877 1621 1992 1683 mit,
2046 1628 2099 1671 et
2132 1618 2286 1687 quasi
2317 1618 2456 1685 ignis
2506 1617 2682 1670 ardet.
2727 1616 2919 1671 Omnis
2951 1616 3099 1668 enim
3148 1614 3310 1666 homo
3343 1612 3468 1679 igne

1876 1711 2124 1774 salietur,
2161 1711 2261 1765 hoc
2310 1720 2415 1774 est,
2465 1711 2785 1780 probabitur
2828 1727 2840 1763 :
2877 1710 2926 1762 id
2967 1706 3111 1777 quod
3162 1715 3217 1760 et
3269 1704 3471 1758 Paulus

1878 1805 2026 1865 dicit,
2058 1804 2199 1873 quod
2236 1804 2286 1857 in
2336 1803 2459 1873 igne
2491 1791 2870 1872 probabuntur
2919 1800 3125 1854 omnia.
3167 1798 3232 1852 Et
3264 1796 3469 1856 omnis,

188 1911 299 1949 ται.
342 1893 511 1945 Τοῦτο
544 1893 599 1945 δὲ
647 1891 754 1944 ἀπὸ
782 1892 872 1943 τοῦ
914 1889 1208 1944 Λευῖτικοῦ
1256 1885 1431 1942 εἶπεν.
1488 1889 1636 1940 Ἐκεῖ
1667 1890 1773 1959 γάρ

1905 1897 2079 1964 nquit,
2109 1895 2327 1949 victima
2365 1894 2478 1949 sale
2512 1894 2758 1949 satietur.
2791 1891 2903 1946 lloc
2932 1901 3114 1944 autem
3139 1904 3205 1943 ex
3235 1886 3476 1945 Levitico

186 2002 359 2056 φησιν
374 1984 401 2035 6
418 1983 572 2047 Θεὸς,
591 1984 706 2038 Πάν
723 1984 894 2053 δῶρον
913 1983 1104 2046 θυσίας
1122 1982 1277 2053 ήμῶν
1298 1982 1406 2053 (ἹΞ)
1431 1982 1520 2035 ἀλλ.
1560 1982 1780 2053 ἁλισθήο

186 2067 367 2131 δεται.
388 2077 569 2130 Καλὸν
591 2072 684 2129 οὖν
704 2079 851 2129 ἐστιν
879 2077 1029 2146 ἡμᾶς
1052 2076 1276 2140 ἁλίζειν
1290 2076 1386 2138 τάς
1408 2076 1600 2137 θυσίας
1623 2073 1781 2143 ἡμῶν

187 2169 267 2239 τῷ
290 2170 449 2224 ἅλατι
476 2172 570 2224 τοῦ
601 2170 758 2237 Θεοῦ,
794 2173 1059 2235 τουτέστι,
1090 2172 1165 2243 μὴ
1193 2172 1559 2240 ἐκλελυμένας
1591 2168 1784 2233 θυσίας

188 2262 284 2314 καὶ
310 2262 590 2332 ῥᾳθύμους
623 2262 977 2334 προσφέρειν,
1007 2262 1144 2316 ἀλλά
1174 2263 1452 2335 στρυφνάς
1489 2263 1586 2315 καὶ
1606 2262 1785 2314 νοστί-

190 2369 349 2422 μους.
380 2354 550 2416 "Ala;
580 2354 635 2405 δὲ
676 2355 825 2421 λέγει
856 2356 948 2406 καὶ
975 2356 1104 2418 τοὺς
1126 2354 1458 2418 ἀποστόλους
1486 2354 1514 2405 6
1558 2353 1784 2422 Κύριος,

196 2448 295 2496 καὶ
324 2444 533 2508 πάντας
565 2446 749 2507 ἀπλῶς
772 2446 898 2508 τοὺς
933 2446 1165 2515 δύναμιν
1194 2445 1419 2515 ἔχοντας
1454 2446 1784 2515 συνεκτικὴν

189 2542 284 2591 καὶ
311 2540 652 2607 συνδετικὴν.
684 2541 895 2610 Ὥσπερ
917 2540 1027 2611 γάρ
1048 2540 1107 2592 τὸ
1128 2539 1261 2602 ἃλας
1285 2540 1501 2609 συνέχει
1531 2539 1600 2593 τά
1625 2540 1786 2607 κρέα,

188 2632 287 2684 καὶ
319 2632 421 2683 οὐκ
452 2632 679 2702 asa-.321
717 2633 1007 2702 σκώληκας
1043 2634 1262 2703 γεννᾷν,
1295 2632 1438 2686 οὕτω
1467 2639 1561 2686 καὶ
1590 2636 1618 2686 6
1641 2634 1786 2685 διδα-

192 2723 454 2787 σκαλικὸς
497 2723 677 2792 λόγος,
712 2726 807 2776 ὲάν
855 2725 1125 2795 στρυφνὸς
1168 2727 1275 2793 εἴη,
1313 2726 1439 2788 τοὺς
1493 2727 1790 2797 σαρκικοὺς

192 2812 517 2883 ἀνθρώπους
552 2815 892 2883 συσφίγγων,
919 2816 1019 2868 οὐκ
1050 2816 1114 2885 ὲᾷ
1142 2816 1199 2866 ὲν
1227 2815 1412 2880 αὐτοῖς
1451 2816 1788 2885 γεννηθῆναι

193 2906 287 2958 τὸν
317 2904 620 2975 ἀκοίμητον
656 2906 935 2977 σκώληκα,
979 2906 1104 2960 Ἐὰν
1134 2907 1189 2960 δὲ
1235 2908 1264 2959 6
1308 2907 1635 2969 διδάσκαλος
1659 2907 1791 2960 άνα·

195 2997 285 3061 λος
307 2996 418 3068 είη,
454 3001 549 3050 καὶ
585 3000 660 3068 μὴ
696 2999 884 3069 amre
918 3000 1193 3071 στρυφνὸν
1230 3000 1326 3054 καὶ
1360 3000 1693 3063 συνδετικὸν,
1734 3002 1792 3052 ὲν

198 3092 304 3142 τίνι
364 3090 742 3161 ἁλισθήσεται,
781 3091 1089 3158 τουτέστιν,
1145 3092 1519 3163 ἀρτυθήσεται
1549 3109 1565 3158 ;
1598 3091 1793 3163 Ἔχετε

1882 1987 2038 2041 dixit.
2099 1986 2170 2040 lbi
2204 1985 2347 2040 enim
2381 1985 2557 2053 inquit
2603 1986 2766 2047 Dens,
2797 1986 2969 2038 Omne
3000 1986 3200 2036 donum
3236 1980 3476 2035 victimae

1885 2090 2077 2134 vestrae
2104 2079 2329 2133 satietur
2347 2078 2415 2129 δ’.
2444 2077 2649 2130 [lentim
2682 2078 2844 2147 igitur
2869 2087 2954 2131 est
2984 2091 3083 2131 nos
3113 2074 3227 2129 sale
3253 2072 3477 2128 condire

1885 2172 2153 2228 sacriﬁcia
2187 2179 2393 2235 nostra,
2426 2170 2537 2225 sale
2595 2171 2710 2233 Dei,
2775 2170 2876 2223 hoc
2934 2179 3062 2231 cst,
3120 2183 3228 2222 non
3276 2164 3479 2221 oﬂ‘crre

1878 2263 2135 2319 victimas
2166 2262 2409 2317 inﬁrmas
2447 2272 2495 2315 et
2530 2264 2732 2332 pigras,
2778 2261 2871 2314 sed
2905 2270 3125 2330 vegetas
3162 2269 3217 2313 et
3248 2274 3467 2312 suaves.

1891 2357 1981 2411 Sal
2006 2366 2185 2412 autem
2218 2357 2350 2412 dicit
2374 2357 2538 2410 etiam
2574 2355 2851 2423 apostolos
2898 2355 3182 2419 Dominus,
3210 2363 3265 2408 et
3286 2368 3479 2408 omnes

1888 2449 2213 2518 simpliciter
2255 2450 2345 2519 qui
2388 2448 2642 2503 virtutem
2704 2447 2908 2502 habent
2969 2446 3352 2509 conservandi.
3423 2455 3482 2499 et

1890 2559 1922 2599 a
1950 2545 2233 2613 putredine
2262 2542 2571 2597 cohibendi.
2605 2540 2741 2595 Nam
2768 2540 2913 2596 sicut
2936 2540 3020 2594 sal
3047 2554 3270 2595 carnem
3299 2538 3484 2605 prohi-

1892 2636 2001 2697 bet,
2036 2646 2091 2689 et
2149 2632 2254 2688 non
2295 2634 2427 2689 sinit
2470 2647 2684 2688 vermes
2712 2646 3030 2701 procreare,
3077 2631 3152 2686 ita
3200 2640 3257 2686 et
3298 2645 3483 2687 sermo

1897 2726 2160 2789 doctoris,
2195 2725 2242 2781 si
2274 2739 2465 2780 recens
2490 2734 2546 2779 et
2570 2730 2799 2778 mordax
2825 2725 2914 2789 sil,
2949 2724 3200 2778 carnales
3234 2722 3483 2778 homines

1893 2819 2293 2885 constringens,
2344 2834 2449 2872 non
2510 2817 2642 2873 sinit
2676 2819 2729 2871 in
2791 2816 2926 2885 ipsis
2960 2816 3208 2887 generari
3256 2827 3483 2869 vermen

1895 2911 2274 2980 irrequietum.
2302 2909 2356 2966 Si
2382 2920 2559 2965 autem
2585 2912 2775 2964 doctor
2798 2908 3037 2963 insulsus
3059 2906 3245 2972 fuerit,
3269 2912 3325 2960 et
3346 2904 3485 2960 nihil

1896 3001 2094 3057 habeat
2126 3002 2266 3071 quod
2314 3003 2650 3071 constringat
2693 3014 2745 3056 et
2775 3002 3049 3067 cohibeat,
3084 3000 3139 3055 in
3169 3014 3279 3070 quo
3323 2998 3487 3055 salie-

1898 3103 2006 3157 tur,
2047 3095 2147 3148 hoc
2175 3105 2280 3159 est,
2315 3095 2638 3149 condietnr?
2670 3093 2873 3149 Hahete
2914 3072 3080 3177 igitur
3108 3093 3163 3147 in
3196 3091 3489 3161 voblsipsis

196 3177 293 3236 οὖν
315 3181 374 3235 ιν
398 3183 608 3246 ἑαυτοῖς
640 3184 796 3249 ἃλας,
825 3184 994 3254 ἠγουν
1041 3184 1142 3251 τὴν
1181 3185 1434 3253 νόστιμον
1483 3184 1646 3253 χάριν
1696 3183 1790 3236 τοῦ

1899 3186 2090 3250 salem,
2123 3188 2225 3242 hoc
2249 3197 2351 3248 est.
2374 3202 2599 3243 suavem
2632 3188 2874 3257 Spiritus
2906 3187 3161 3257 gratiam,
3187 3200 3309 3255 quae
3338 3186 3492 3241 cohi-

200 3272 529 3344 υνεύματος
555 3274 651 3327 καὶ
688 3276 1037 3343 συνεκτικὴν,
1085 3274 1162 3339 ὡς
1204 3275 1271 3329 ἂν
1304 3274 1628 3346 είρηνεύητε
1656 3276 1790 3345 πρὸς

1902 3284 2047 3349 beat,
2091 3286 2162 3337 ita
2202 3294 2261 3338 ut
2309 3284 2517 3352 pacilici
2570 3285 2711 3339 sitis.
2760 3281 2895 3337 Nam
2948 3281 3039 3353 qui
3091 3280 3492 3351 constringitur

200 3365 491 3436 ἀλλήλους.
531 3364 593 3419 '0
624 3367 731 3435 γάρ
755 3366 832 3437 τῷ
861 3367 1145 3437 συνδέσμῳ
1169 3367 1269 3437 τῆς
1300 3368 1524 3439 ἀγάπης
1564 3383 1797 3437 συσφιγ-

201 3458 435 3529 γὸμενος
460 3457 598 3529 πρὸς
642 3460 734 3511 τὸν
759 3458 1008 3529 πλησίον,
1048 3454 1201 3522 οὗτος
1228 3459 1363 3523 ἆλας
1389 3458 1526 3529 ἔχει,
1560 3460 1656 3515 καὶ
1684 3460 1797 3514 λοι-

198 3552 306 3605 πὸν
331 3550 606 3621 εἰρηνεύει
638 3551 778 3621 πρὸς
811 3551 902 3605 τὸν
938 3551 1171 3620 ἀδελφὸν
1197 3550 1383 3605 αὑτοῦ.

824 3666 1075 3723 ΚΕΦΑΛ.
1134 3664 1193 3719 l'.

204 3778 355 3845 Περὶ
404 3777 523 3830 τῶν
552 3779 1085 3846 ἐπερωτησάντων,
1137 3782 1189 3834 ει
1228 3781 1473 3845 ἔξεστιν
1508 3782 1801 3835 ἁπολυδιν

278 3849 393 3915 τὴν
418 3848 834 3921 γυναῖκα.11ε,ιιὶ
857 3851 963 3921 τοῦ
984 3850 1475 3921 ἐπερωτήσαντος
1497 3853 1802 3905 πλουσίου

279 3921 390 3992 csa;
435 3919 701 3984 Ἰησοῦν.
746 3918 900 3988 11ερ1⁹
936 3919 1056 3975 τῶν
1084 3918 1230 3975 υἱῶν
1280 3921 1620 3977 Ζεϐεδαίου.
1661 3922 1801 3992 Περὶ

280 3990 389 4042 τοῦ
424 3993 806 4058 Βαρτιμαίου.

290 4124 309 4156 ι
372 4106 648 4158 Κάκεῖθεν
698 4106 961 4169 ἀναστάς,
1006 4106 1226 4176 ἔρχεται
1274 4110 1353 4172 είς
1401 4110 1468 4161 τά
1523 4110 1647 4179 ὅρια
1708 4112 1803 4180 τῆς

221 4199 486 4263 Ἰουδαίας
514 4200 602 4253 διά
644 4199 738 4253 τοῦ
775 4200 946 4269 πέραν
991 4200 1084 4254 τοῦ
1130 4201 1422 4269 Ἰορδάιου,
1455 4202 1550 4255 καὶ
1586 4220 1799 4272 συμπο-

212 4291 468 4363 ρεύονται
522 4291 687 4343 πάλιν
728 4291 877 4361 ὄχλοι
929 4294 1065 4365 πρὸς
1116 4294 1303 4347 αὐτόν.
1351 4296 1460 4347 Καὶ
1502 4295 1577 4359 ὡς
1624 4297 1807 4350 είώθει

211 4387 381 4439 πάλιν
410 4384 689 4438 ἐδίδασκεν
723 4384 946 4448 αὐτούς.
1009 4386 1117 4438 Καὶ
1158 4386 1551 4456 προσελθόντες
1601 4392 1649 4442 oi
1697 4392 1808 4443 Φα-

1900 3376 2165 3431 charitate
2195 3391 2321 3447 erga
2354 3377 2684 3444 proximum,
2720 3376 2807 3431 hic
2838 3374 3007 3431 salem
3044 3374 3232 3441 habet,
3262 3382 3318 3429 et
3338 3373 3492 3444 paci-

1903 3467 2036 3521 ticus
2067 3476 2150 3521 est
2179 3482 2299 3522 cum
2331 3465 2498 3521 fratre
2527 3480 2651 3522 suo.

2529 3667 2759 3725 CAPUT
2794 3668 2859 3723 Χ.

1906 3785 1983 3840 De
2012 3785 2478 3854 interrogantibus,
2516 3802 2638 3837 num
2680 3785 2861 3838 liceret
2923 3784 3190 3837 dimittere
3233 3798 3495 3854 350nm.

1978 3858 2055 3910 De
2086 3850 2242 3910 dicit}
2274 3857 2455 3909 Jesum
2506 3858 2884 3924 interrogante.
2928 3855 3000 3907 De
3054 3854 3184 3923 ﬁliis
3224 3850 3494 3909 Zebeda't'.

1979 3930 2053 3980 De
2084 3929 2370 3985 Βίενιίυιιιιο
2402 3942 2561 3981 ca'co.

1982 4102 2144 4157 Vens.
2184 4100 2294 4157 l—9.
2344 4122 2363 4153 ι
2407 4103 2627 4156 Etcum
2683 4104 2808 4156 inde
2857 4102 3205 4167 surrexisset,
3260 4103 3412 4158 venit
3442 4104 3498 4159 in

1912 4198 2048 4252 lines
2092 4195 2292 4251 Judaea:
2340 4211 2436 4265 per
2462 4197 2761 4265 regionem,
2803 4210 2924 4265 qua:
2970 4205 3054 4249 est
3103 4197 3240 4250 ultra
3286 4195 3501 4252 Jorda-

1911 4306 2055 4353 nem,
2103 4299 2157 4343 et
2188 4290 2519 4343 conveniunt
2575 4306 2787 4344 rursum
2825 4290 2995 4344 turba:
3024 4289 3187 4358 222
3232 4289 3298 4343 ad
3327 4289 3501 4355 illum,

1908 4393 1963 4438 et
2016 4384 2157 4438 sicut
2213 4392 2589 4447 consueierat,
2671 4398 2887 4437 rursum
2946 4382 3174 4435 docebat
3230 4396 3352 4436 eas.
3440 4382 3505 4435 Et

211 4480 440 4552 ρισαῖοι,
474 4476 839 4547 ἐπηρώτησαν
860 4478 1043 4541 αὑτὸν,
1065 4476 1127 4531 El
1156 4478 1365 4544 ἔξεστιν
1394 4480 1549 4551 ἀνδρὶ
1576 4485 1790 4549 γυναίκε

1915 4479 2176 4533 adeuntes
2228 4475 2487 4530 Pharisaei
2566 4476 2975 4546 interrogabant
3049 4476 3237 4529 illum:
3280 4474 3506 4529 Licetne

212 4570 532 4638 άπολῦσαι;
603 4570 964 4639 πειράζοντες
1019 4570 1202 4625 αὐτόν.
1262 4570 1322 4625 Ὀ
1377 4573 1435 4625 δὲ
1488 4574 1811 4645 ἀποκριθεὶς

213 4658 372 4717 εἶπεν
429 4662 733 4726 αὐτοῖς’Τί
786 4663 946 4736 ὑμῖν..
981 4663 1287 4719 ἐνετείλατο
1331 4666 1579 4735 Μωσῆς;
1630 4670 1696 4721 υἱ
1753 4669 1811 4723 δὲ

216 4752 375 4809 εἷπον
422 4755 591 4826 αὐτῷ·
649 4756 858 4824 Μωσῆς
916 4756 1189 4827 ἐπέτρεψε
1242 4757 1449 4829 βιϐλίον
1476 4762 1810 4816 ἀποστασίου

218 4846 457 4917 γράψαι,
505 4849 599 4901 καλ⁵
647 4847 938 4902 ἀπολῦσαι.
988 4851 1096 4901 Καὶ
1141 4852 1461 4923 ἀποκριθεὶς
1500 4856 1527 4906 6
1576 4854 1808 4921 Ἰησοῦς,

216 4935 377 4991 εἶπεν
418 4941 624 5002 αὐτοῖς’
660 4939 801 5009 Πρὸς
826 4938 925 5011 τὴν
972 4942 1411 5013 σκληροκαρδίαν
1442 4944 1597 5013 ὑμῶν
1645 4944 1808 5015 ἔγρα-

215 5032 324 5099 ψεν
354 5031 484 5101 ὑμῖν
516 5032 615 5101 τὴν
642 5032 861 5104 ἐντολὴν
915 5032 1142 5099 ταύτην.
1200 5034 1333 5088 Ἀπὸ
1372 5036 1429 5089 δὲ
1463 5036 1636 5109 ἀρχῆς
1689 5039 1807 5091 κτί-

218 5140 365 5194 σεως
422 5124 585 5190 άρσεν
613 5126 707 5177 καὶ
733 5124 867 5194 θῆλυ
894 5126 1153 5192 ἐποίησεν
1182 5127 1381 5189 αὐτοὺς
1409 5129 1436 5180 6
1467 5128 1619 5192 Θεὸς.
1656 5129 1813 5182 Ἕνε-

222 5231 320 5269 κεν
352 5214 541 5269 τούτου
591 5215 908 5286 καταλείψει
940 5216 1225 5289 ἄνθρωπος
1269 5218 1363 5271 τὸν
1398 5219 1615 5289 πατέρα
1644 5221 1812 5274 αὑτοῦ

304 5350 352 5383 ⁸³
400 5349 573 5404 Levii.
612 5365 674 5414 ιι,
704 5350 790 5404 15.

1915 4569 2035 4624 viro
2065 4583 2286 4622 uxorem
2324 4566 2643 4636 repudiare?
2690 4576 2963 4620 tentantes
2999 4567 3171 4620 illum.
3208 4566 3273 4618 At
3305 4565 3393 4619 ille
3426 4581 3509 4620 re-

1917 4661 2190 4731 spondens
2220 4661 2357 4715 dixit
2384 4660 2490 4713 illis
2522 4659 2694 4725 :Quid
2731 4659 2881 4713 vobis
2912 4658 3169 4726 praecepit
3198 4656 3409 4711 Moses?
3440 4659 3509 4711 At

1916 4755 1990 4810 illi
2018 4756 2311 4809 dixerunt:
2349 4753 2525 4807 Moses
2563 4754 2803 4821 permisit
2843 4752 3085 4805 libellum
3121 4750 3329 4819 repudii
3363 4751 3507 4805 scri-

1916 4851 2043 4905 bere
2099 4863 2161 4903 ac
2193 4848 2484 4901 dimittere.
2521 4846 2585 4898 Et
2612 4846 2947 4913 respondens
2982 4845 3141 4899 Jesus
3194 4845 3327 4898 dixit
3356 4844 3463 4899 illis
3492 4862 3505 4897 :

1916 4942 1997 4997 Ad
2034 4940 2295 4995 duritiem
2326 4940 2509 4993 cordis
2544 4942 2707 4992 vestri
2748 4939 2970 5006 scripsit
2994 4939 3146 4991 vobis
3178 4946 3509 5005 prmccptum

1921 5034 2061 5087 istud
2102 5051 2114 5085 :
2154 5040 2406 5087 eteterum
2453 5034 2519 5083 ab
2557 5032 2713 5084 initio
2761 5034 3059 5086 creationis
3105 5029 3404 5084 masculum
3457 5038 3513 5085 et

1921 5126 2175 5180 feminam
2226 5124 2358 5179 fecit
2404 5126 2526 5178 illos
2576 5125 2713 5178 Deus
2760 5143 2771 5177 :
2833 5132 3051 5193 propter
3095 5126 3194 5178 hoc
3240 5124 3514 5191 relinquet

1926 5220 2087 5273 homo
2120 5229 2327 5289 patrem
2358 5234 2514 5272 suum
2549 5228 2603 5272 et
2650 5233 2901 5279 lllltil'ettt,
2937 5230 2990 5271 ct
3024 5218 3322 5271 adhaerebit
3354 5218 3512 5271 uxori

1207 5447 1301 5507 Ex
1331 5444 1678 5510 collatione
1710 5447 1898 5511 codd.
1934 5450 2166 5510 Venet.
2201 5450 2263 5509 S.
2306 5446 2528 5511 Marci.

306 5570 421 5641 (7i)
455 5568 601 5641 βοά.
638 5567 894 5641 26_addit
928 5584 943 5641 :_
975 5569 1046 5622 Ἢ
1096 5570 1191 5641 καλ
1249 5568 1415 5641 οὕτω,
1446 5571 1561 5635 Πᾶς
1618 5572 1810 5635 πιστὸς

235 5638 377 5711 πυρὶ
405 5638 517 5707 τῆς
555 5640 692 5709 πρὸς
720 5638 853 5711 Θεὸν
880 5638 1138 5711 πίστεως,
1163 5640 1197 5709 ἢ
1245 5640 1346 5708 τῆς
1380 5641 1518 5711 πρὸς
1548 5642 1639 5693 τὸν
1668 5644 1808 5709 πλη.

231 5709 615 5780 σίονᾼάγάπης
651 5709 1027 5780 ἁλισθήσεται,
1053 5710 1222 5780 ἤγουν
1263 5711 1361 5780 τὴν
1393 5709 1661 5780 σηπεδόνα
1712 5713 1813 5780 τῆς

237 5778 443 5853 κακίας
476 5778 1229 5853 ἀποϐαλεῐζῆαρτυτήσεται
1280 5778 1371 5853 καὶ
1410 5778 1541 5849 ὴδυς
1590 5782 1667 5853 τῷ
1695 5778 1816 5853 Θεῷ

233 5851 547 5915 γενήσεται.
574 5849 681 5905 Kal
702 5848 871 5908 πᾶσα
885 5848 970 5917 δὲ,
990 5848 1164 5920 φησι,
1189 5851 1392 5917 θυσία,
1429 5848 1482 5904 κ.
1508 5868 1555 5905 τ.
1588 5848 1651 5907 λ.’
1676 5872 1693 5905 ι
1725 5848 1814 5909 \‘cl

1919 5574 2083 5627 etiam
2126 5574 2249 5627 sic:
2307 5573 2496 5627 Omnis
2560 5571 2733 5625 ﬁdelis
2788 5569 2907 5635 igne
2958 5569 3079 5622 ﬁdet
3125 5570 3175 5621 in
3230 5567 3394 5623 Deum
3456 5576 3513 5621 et

1921 5645 2203 5697 t'ltaritatis
2237 5660 2361 5711 erga
2396 5644 2699 5709 proximum
2758 5642 3014 5711 salictur,
3048 5642 3147 5694 hoc
3175 5650 3279 5703 est,
3319 5637 3515 5711 impie-

1926 5716 2048 5766 tatis
2080 5707 2417 5781 putredlnem
2442 5712 2651 5781 abjiricl
2689 5727 2705 5763 :
2740 5712 2819 5761 vel
2857 5710 3263 5781 condicturLac
3330 5707 3515 5761 suavia

1926 5779 2155 5843 Domino
2177 5784 2459 5838 ellicietur.
2509 5779 2582 5836 Et
2616 5781 2807 5845 omnis,
2841 5779 3032 5849 inquit,
3063 5780 3303 5845 victima,
3332 5785 3438 5833 etc.
3486 5794 3509 5829 ι

1996 5852 2109 5925 (ἹΞ)
2147 5853 2423 5924 lntcrprcs
2445 5854 2572 5924 legit
2592 5852 2767 5921 ὑμῶν.
