4108 6334
657 357 760 423 5C5

1569 348 2137 411 THEOPHYLACTI
2170 345 2576 409 BULGARIB
2612 343 2967 407 ARCHIEP.

3786 337 3888 402 596

657 490 783 537 suae,
832 480 886 527 et
936 470 1061 526 ﬂent
1103 470 1209 525 duo
1238 482 1370 537 caro
1408 481 1537 523 una.
1586 454 1908 536 Itaque'non
1933 468 2043 536 jam
2090 473 2214 519 sunt

2319 464 2410 517 καὶ
2443 461 2541 533 τὴν
2597 462 2830 532 μητέρα.
2869 458 2978 512 Καὶ
3024 454 3562 528 προσκολληθήσεται
3607 454 3748 524 πρὸς
3795 454 3893 523 τὴν

656 568 781 629 duo,
826 564 918 620 sed
976 578 1077 617 una
1137 575 1285 617 caro.
1329 558 1481 626 Quod
1527 559 1691 630 igitur
1744 560 1885 614 Deus
1918 556 2209 626 copulavit,

657 666 811 710 nomo
852 669 920 708 ne
969 662 1197 722 separet.
1251 671 1270 704 ι
1309 651 1689 719 Saepenumero
1738 649 2072 716 relinquebat
2106 648 2213 702 Do-

657 746 832 799 minus
862 743 1073 797 Juda-os
1103 752 1323 812 prepter
1356 742 1607 795 invidiam
1658 738 1893 803 illorum,
1939 754 2085 794 nunc
2114 754 2211 792 au-

656 848 757 891 tem
789 836 982 889 iterum
1016 836 1067 888 in
1095 850 1279 889 eorum
1317 834 1586 903 regionem
1613 832 1825 897 transit,
1855 834 1979 902 quia
2008 833 2213 900 passio-

655 930 736 982 nis
769 939 977 996 tempus
1009 925 1488 995 apprOpinquabat.
1538 922 1646 977 Nec
1676 938 1804 999 vero
1843 923 2209 993 Hierosolyma

654 1035 795 1074 nunc
820 1022 1082 1083 ascendit,
1134 1018 1225 1071 sed
1270 1018 1321 1069 in
1360 1016 1490 1070 fines
1514 1014 1733 1082 Judzeae,
1777 1026 1828 1069 ut
1862 1016 2055 1085 populo
2084 1015 2216 1069 sim-

653 1109 779 1180 plici
814 1111 1121 1179 prodesset.
1175 1110 1543 1180 Hierosolyma
1576 1111 1716 1163 enim
1769 1110 1946 1163 omnis
1998 1109 2213 1163 malitize

652 1204 861 1257 ofﬁcina
894 1212 1067 1266 erant,
1091 1212 1311 1272 propter
1338 1204 1728 1256 Pharisaeorum
1762 1203 2041 1256 ntalitiam.
2077 1199 2212 1255 Vide

652 1310 780 1365 etgo
813 1295 1068 1348 malitiam
1098 1294 1335 1357 illorum,
1375 1295 1645 1363 quomodo
1671 1303 1874 1349 tentent
1897 1294 2209 1359 Dominum,

653 1402 760 1439 non
792 1384 1163 1461 relinquentes”
1200 1384 1369 1448 illttm,
1420 1401 1485 1439 ne
1525 1386 1747 1439 credant
1790 1386 1836 1439 ei
1874 1386 2039 1439 turba!
2069 1402 2083 1451 ;
2119 1385 2212 1440 sed

650 1492 862 1545 semper
891 1477 1172 1539 accedunt,
1201 1485 1253 1529 et
1286 1484 1509 1544 sperant
1551 1490 1609 1530 se
1638 1477 2027 1545 qumstionibus
2057 1477 2204 1529 illunt
2228 1508 2241 1517 ι

651 1571 889 1625 facturos
919 1569 1227 1639 perplexum
1289 1568 1469 1623 animo
1493 1577 1545 1622 et
1598 1567 1987 1623 confutaturos.
2036 1570 2212 1637 Roga-

652 1662 779 1714 bant
805 1660 945 1715 enim
980 1660 1324 1730 quaestionem
1351 1675 1473 1728 qua:
1505 1660 1762 1728 utrinque
1788 1660 2085 1728 praecipitia
2124 1660 2214 1715 lia-

652 1752 849 1806 bebat:
888 1768 953 1804 an
990 1751 1147 1805 liceat
1189 1752 1393 1805 hemini
1422 1767 1640 1807 uxorem
1666 1752 1980 1807 dimittere?
2006 1751 2133 1806 Nam
2166 1752 2211 1807 si

654 1844 860 1895 diceret
892 1840 1035 1909 quod
1078 1840 1265 1894 liceret
1296 1839 1595 1904 absolvere,
1627 1839 1953 1910 obiecissent
1987 1842 2034 1896 ei
2072 1840 2213 1909 quod

653 1932 879 1987 dixisset
912 1941 1063 1986 extra
1105 1948 1324 1986 causam
1366 1932 1738 1986 fornicationis
1773 1948 1878 1987 non
1924 1932 2086 1987 licere
2115 1934 2211 1986 ab-

652 2024 883 2079 solvere.
920 2024 974 2077 Si
1010 2032 1187 2077 autem
1234 2023 1437 2077 diceret
1470 2024 1610 2091 quod
1661 2038 1764 2074 non
1804 2023 2009 2086 liceret,
2048 2032 2213 2077 taxa-

657 2124 776 2181 reut
799 2131 918 2170 eum
955 2124 1012 2170 ut
1044 2115 1410 2167 adversarium
1448 2113 1711 2169 doctrinis
1764 2114 1925 2168 Mosi.
1968 2114 2215 2170 Christus

644 2210 838 2278 igitur,
868 2208 956 2277 qui
982 2218 1063 2262 εει
1088 2206 1346 2275 sapientia
1378 2206 1515 2276 ipsa,
1538 2206 1829 2273 respondet
1853 2192 2216 2276 eisresponso

656 2314 765 2367 quo
792 2298 1009 2367 laqueos
1049 2298 1261 2351 illorum
1310 2296 1519 2366 effugit,
1550 2295 1721 2365 Rogat
1749 2298 1893 2349 enim
1938 2295 2059 2349 illos
2087 2297 2214 2365 qttid

655 2392 735 2445 eis
767 2390 1078 2460 praceperit
1106 2390 1301 2445 Moses.
1332 2390 1463 2443 Cum
1488 2398 1661 2444 autem
1694 2389 1764 2443 illi
1793 2390 2053 2443 dixissent
2084 2403 2220 2457 pra:-

657 2496 867 2553 eeptum
898 2498 1015 2539 esse
1051 2482 1445 2544 dimittendam,
1480 2482 1866 2551 interpretatur
1906 2481 1984 2536 eis
2021 2482 2211 2549 legem.

659 2576 772 2631 Non
815 2578 946 2632 adeo
982 2577 1217 2631 crudelis
1243 2586 1360 2631 erat
1392 2575 1593 2640 Moses,
1626 2576 1818 2644 inquit,
1851 2583 1907 2629 ut
1950 2575 2107 2628 talem
2138 2576 2218 2629 in-

660 2666 965 2720 troduceret
1020 2666 1213 2737 legem,
1262 2666 1353 2721 sed
1406 2668 1469 2720 ad
1520 2667 1683 2721 vestri
1738 2667 1917 2722 cordis
1964 2667 2217 2723 duritiam

657 2759 875 2827 scripsit
899 2759 1019 2813 hoc.
1068 2760 1208 2814 Deus
1237 2759 1381 2813 enim
1416 2759 1593 2813 sciens
1619 2756 1921 2813 Jndeorum
1959 2758 2219 2813 inhuma-

658 2850 905 2914 nitatem,
935 2849 1077 2917 quod
1108 2849 1198 2917 qui
1228 2848 1391 2902 semel
1438 2862 1501 2902 ex
1532 2849 1610 2901 eis
1637 2847 1762 2902 odio
1790 2848 1986 2902 habere
2019 2849 2220 2917 cuspis-

658 2948 741 2993 set
773 2937 1070 3002 mulierem,
1104 2940 1390 2993 occidisset
1437 2954 1577 3001 eam,
1608 2939 1878 2992 concessit
1924 2938 2002 2993 eis
2030 2936 2219 2993 diinité

658 3039 773 3084 tere
807 3044 1053 3093 uxorem,
1089 3045 1191 3083 non
1223 3029 1323 3084 sibi
1368 3014 1687 3099 placentem.
1738 3031 1817 3085 Ab
1849 3031 2002 3087 initio
2032 3043 2213 3087 autem

661 3136 764 3175 non
795 3121 873 3174 sic
900 3130 1034 3185 erat,
1068 3122 1157 3174 sed
1177 3120 1269 3174 Dei
1298 3121 1577 3175 consilium
1610 3122 1864 3191 eonjuges
1890 3124 1954 3176 ad
1988 3125 2213 3179 invicem
2243 3147 2287 3205 ο

660 3212 956 3281 eonjungit,
992 3222 1044 3265 et
1092 3212 1293 3266 relictis
1338 3215 1647 3282 parentibus
1694 3230 1857 3267 unum
1892 3214 2039 3269 facit.
2089 3216 2221 3272 Vide

661 3310 838 3354 autent
868 3302 994 3370 quid
1028 3302 1190 3363 dicat,
1249 3303 1388 3369 quod
1437 3304 1575 3355 Dens
1624 3302 1795 3357 uoluit
1838 3304 2217 3375 polygamiam,

661 3403 717 3446 ut
743 3394 857 3447 haec
889 3392 1304 3461 relinqueretur,
1339 3404 1391 3447 et
1424 3394 1593 3448 altera
1624 3394 1915 3450 duceretur
1957 3412 2131 3449 uxor:
2168 3406 2221 3451 et

662 3482 858 3537 iterum
890 3483 1279 3553 relinqueretur
1301 3485 1423 3548 ista,
1458 3496 1511 3538 et
1536 3495 1901 3541 assumeretur
1932 3487 2054 3541 alia.
2085 3486 2219 3541 Nam

661 3576 706 3630 si
756 3575 861 3630 hoc
906 3584 1069 3639 esset,
1125 3578 1342 3633 fecisset
1394 3578 1530 3632 Deus
1567 3595 1726 3633 unum
1774 3581 1988 3648 quidem
2023 3582 2217 3641 virum.

669 3668 860 3723 multas
892 3678 1067 3723 autem
1107 3670 1397 3733 mulieres;
1424 3687 1565 3726 nunc
1596 3683 1770 3727 autem
1808 3677 1906 3726 ltoe
1936 3690 2039 3727 non
2074 3672 2219 3739 fecit,

660 3763 755 3814 sed
790 3761 1084 3815 masculum
1121 3770 1172 3815 et
1210 3760 1463 3816 feminam
1496 3762 1643 3828 fecit,
1670 3780 1833 3817 unum
1868 3765 1956 3818 uni
1986 3764 2222 3834 copulari

656 3852 871 3917 iubens.
925 3850 1207 3907 Possemus
1238 3853 1372 3908 lorte
1410 3862 1465 3908 et
1494 3856 1571 3909 sic
1616 3856 1756 3909 hunc
1804 3855 1979 3909 locum
2032 3855 2227 3910 intelli-

662 3958 786 4013 gere
815 3958 828 3995 :
865 3942 1056 3998 Sermo
1084 3945 1341 4011 doctoris,
1394 3946 1481 4014 qui
1533 3961 1714 4001 semen
1742 3947 1940 4000 bonum
1974 3948 2138 4000 tuittit
2171 3950 2223 4001 in

664 4036 717 4087 in
749 4034 984 4087 animam
1010 4034 1178 4091 lidelis
1201 4035 1458 4101 hominis,
1482 4036 1643 4091 habet
1674 4038 1935 4091 rationem
1966 4038 2064 4091 viri
2100 4054 2225 4108 erga

665 4126 898 4179 animam
932 4144 1050 4196 quas
1080 4128 1228 4181 illum
1267 4127 1512 4198 suscipit.
1555 4129 1709 4199 Saepe
1744 4132 1905 4200 igitur
1940 4131 2079 4185 ratio
2110 4146 2227 4200 qua

662 4220 807 4288 Cupit
841 4224 1096 4288 prodesse
1124 4221 1336 4285 animm,
1370 4236 1487 4289 qua:
1516 4224 1734 4275 verbum
1782 4224 2028 4293 suscipit,
2062 4225 2224 4278 relin-

661 4311 780 4379 quit
821 4322 1025 4379 patrem
1056 4327 1233 4378 suum,
1264 4313 1423 4383 223
1468 4314 1571 4368 hoc
1628 4324 1710 4369 est
1765 4326 1997 4370 mentem
2054 4316 2227 4371 subli-

665 4417 801 4457 mem
840 4421 853 4457 :
884 4412 937 4455 et
967 4418 1189 4459 matrem
1219 4422 1390 4470 suam,
1423 4408 1522 4463 hoc
1548 4417 1651 4469 est,
1682 4410 1901 4461 verbum
1928 4422 2176 4464 ornatum
2212 4427 2226 4465 :

2312 556 2544 625 γυναῖκα
2573 552 2763 619 αὐτοῦ,
2814 554 2909 604 καὶ
2936 550 3151 605 ἔσονται
3180 550 3229 602 οί
3251 548 3345 603 δύο
3383 548 3462 610 είς
3506 546 3687 617 σάρκα
3718 544 3849 616 μίαν
3873 559 3890 577 ο

2312 648 2451 702 ὥστε
2481 646 2663 699 οὐκέτι
2700 644 2805 697 eisi
2831 642 2944 706 δύο,
2969 641 3105 697 ἀλλά
3140 641 3238 712 μία
3268 638 3425 709 σάρξ.
3468 639 3534 692 ’0
3574 634 3669 690 οῦν
3696 639 3721 690 6
3761 636 3891 700 626g

2315 738 2653 802 συνέζευξεν,
2686 734 2971 806 ἄνθρωπος
3014 734 3087 803 μὴ
3122 730 3421 803 χωριζέτω.
3456 748 3474 781 ι
3512 729 3759 797 Συνεχῶς
3789 727 3886 799 τὴν

2325 822 2583 879 Ἰουδαίαν
2618 823 2765 892 ἀφίει
2792 827 2819 874 6
2854 822 3054 891 Κύριος
3078 821 3166 873 διὰ
3192 820 3290 889 τὴν
3314 818 3614 887 βασκανίαν
3644 817 3889 880 ἐκείνων,

2319 917 2406 967 νῦν
2436 911 2526 968 οῦν
2555 914 2930 984 ἐπιχωριάζει,
2963 913 3149 981 ἐπειδὴ
3176 913 3236 964 τὸ
3261 911 3432 973 πάθος
3465 910 3634 976 ἐγγὺς
3668 905 3891 976 ἔμελλεν

2312 1005 2473 1061 εἶναι.
2510 1009 2585 1061 Ού
2625 998 2729 1077 μὴν
2772 1010 2851 1069 εἰς
2882 1005 2950 1057 τὰ
2986 1005 3333 1073 Ἰεροσόλυμα
3363 1002 3536 1054 ἀνεισι
3581 1001 3745 1063 τέως,
3779 999 3890 1050 ἀλλ’

2313 1098 2391 1157 είς
2448 1096 2515 1147 τὰ
2570 1097 2670 1165 τῆς
2729 1094 2986 1156 Ἰουδαίας
3020 1096 3167 1163 ὅρια,
3215 1093 3299 1145 ἵνα
3347 1093 3435 1145 τὸν
3483 1091 3696 1144 ἄκακον
3735 1089 3890 1158 ὄχλον

2312 1187 2589 1259 ὠφελήσῃ.
2630 1187 2710 1239 Τά
2736 1188 2844 1255 γὰρ
2884 1186 3231 1256 Ἰεροσόλυμα
3260 1185 3439 1252 πάσης
3492 1184 3696 1244 κακίας
3723 1185 3887 1249 ἐργα-

2314 1281 2533 1349 στήριον
2585 1275 2745 1349 ἦσαν,
2799 1280 2884 1332 διὰ
2943 1279 3039 1347 τὴν
3082 1278 3191 1329 τῶν
3238 1276 3548 1347 Φαρισαίων
3610 1272 3892 1344 πονηρίαν.

2317 1371 2421 1423 ’ίδε
2465 1370 2594 1437 γοῦν
2632 1371 2729 1439 τὴν
2776 1369 2975 1422 κακίαν
3023 1368 3221 1433 αὐτῶν,
3257 1368 3373 1429 πῶς
3422 1366 3749 1439 πειράζουσι
3795 1354 3888 1417 ττὴν

2313 1462 2537 1528 Κύριον,
2577 1462 2653 1531 μὴ
2683 1462 2877 1524 ἐῶντες
2920 1462 3100 1524 αὐτὸν,
3150 1461 3236 1513 ἵνα
3260 1459 3626 1512 πιστεύσωσιν
3656 1434 3808 1529 αὐτῷ
3843 1459 3891 1512 οί

2312 1557 2482 1628 ὄχλοι,
2539 1558 2651 1609 ἀλλ’
2707 1558 2793 1609 ἀεὶ
2847 1558 3278 1628 προσερχόμενοι
3331 1557 3424 1609 καὶ
3470 1554 3759 1617 δοκοῦντες
3816 1556 3892 1617 είς

2314 1648 2548 1719 ἀπορίαν
2581 1646 2873 1717 ἐμϐάλλειν
2907 1649 3000 1699 καὶ
3048 1647 3421 1716 ἐπιστομίζειν
3451 1646 3537 1699 διὰ
3570 1647 3681 1698 τῶν
3726 1646 3890 1714 ζητηο

2318 1740 2524 1810 μάτων.
2572 1737 2895 1808 Ἦρώτησαν
2929 1740 3038 1809 γὰρ
3072 1739 3234 1791 αὑτὸν
3266 1738 3532 1808 ἐρώτημα
3562 1738 3890 1807 ἀμφοτέρω-

2246 1811 2287 1867 B
2316 1830 2407 1883 θεν
2447 1829 2565 1899 ἕχον
2606 1828 2913 1899 κρημνούς·
2949 1828 3008 1880 El
3053 1827 3263 1890 ἔξεστιν
3305 1826 3579 1897 ἀνθρώπῳ
3620 1827 3889 1881 ἀπολῦσαι

2314 1924 2415 1992 τὴν
2434 1924 2665 1990 γυναῖκα
2686 1937 2700 1986 ;
2724 1920 2838 1972 Ἶνα
2868 1919 2962 1973 ἐὰν
2988 1920 3087 1988 μὲν
3107 1920 3235 1991 είπῃ
3266 1921 3347 1973 δτι
3373 1918 3581 1984 ἔξεστιν
3614 1920 3894 1987 ἀπολύειν,

2315 2019 2701 2089 ἁπαντήσωσιν
2727 2016 2875 2082 αύτῷ
2905 2034 2918 2046 ’
2962 2016 3087 2079 Πῶς
3115 2012 3207 2069 οὖν
3238 2012 3396 2078 εἶπας
3430 2018 3513 2070 ὄτι
3548 2018 3708 2078 ἔκτδς
3738 2017 3893 2085 λόγου

2316 2109 2597 2182 πορνείας,
2648 2109 2747 2163 ούκ
2798 2109 3009 2173 ἔξεστιν
3058 2094 3359 2175 ἀπολύειν;
3407 2108 3531 2162 Ἐάν
3556 2109 3613 2161 δὲ
3654 2109 3787 2179 εἴπῃ
3821 2108 3896 2160 ὅτι

2315 2199 2415 2252 ούκ
2464 2198 2695 2263 ἔξεστιν,
2750 2197 3120 2266 ἐγκαλέσωσιν
3174 2197 3321 2267 αὺτῷ
3372 2198 3451 2261 ώς
3498 2197 3898 2268 ὲναντιουμὲνῳ

2316 2295 2429 2355 τοῖς
2459 2292 2552 2346 τοῦ
2605 2291 2848 2353 Μωσέως
2878 2291 3169 2361 δόγμασιν.
3224 2290 3282 2343 Ὀ
3315 2287 3407 2343 οὖν
3445 2290 3703 2360 Χριστὸς,
3735 2292 3768 2359 ἡ
3803 2290 3899 2343 αύ-

2317 2382 2563 2451 τοσοιρία,
2590 2382 2948 2452 ἀποκρίνεται
2973 2381 3153 2442 αὐτοῖς
3183 2380 3474 2451 ἀπόκρισιν
3495 2375 3899 2449 διαφεύγουσαν

2316 2473 2415 2535 τὰς
2451 2472 2632 2525 αὐτῶν
2662 2471 2916 2541 παγίδας.
2972 2471 3189 2544 Ἐρωτᾷ
3233 2472 3340 2544 γάρ
3367 2474 3585 2538 αὐτοὺς,
3620 2472 3672 2525 τί
3714 2474 3897 2535 αὐτοῖς

2318 2564 2621 2618 ἐνετείλατο
2661 2562 2888 2631 Μωσῆς.
2934 2562 3055 2615 Τῶν
3100 2564 3157 2615 δὲ
3204 2565 3467 2617 εἰπόντων
3513 2566 3595 2618 ὅτι
3639 2563 3897 2617 ἀπολύειν

2319 2653 2643 2717 ἐνετείλατο,
2690 2654 2982 2724 έρμηνεύει
3035 2654 3220 2717 αὐτοῖς
3270 2655 3362 2708 τὴν
3419 2654 3603 2723 νόμον.
3660 2657 3738 2707 Οὐ
3793 2655 3899 2725 γάρ

2319 2744 2491 2810 οὕτως
2529 2746 2746 2816 ἀπηνὴς
2777 2742 2845 2817 ἦν
2888 2746 2917 2797 6
2960 2747 3187 2815 Μωσῆς,
3232 2748 3414 2817 φησὶν,
3457 2747 3597 2800 ὥστε
3654 2748 3899 2801 τοιοῦτον

2320 2836 2655 2903 εἰσενεγκεῖν
2682 2837 2866 2905 νόμον,
2896 2837 3032 2891 ἀλλὰ
3062 2838 3199 2907 πρὸς
3227 2839 3324 2909 τὴν
3357 2839 3629 2910 ὑμετέραν
3664 2840 3896 2909 σκληρο-

2319 2930 2545 2999 καρδίαν
2576 2929 2732 2981 τοῦτο
2773 2928 3031 2999 ἔγραψεν.
3067 2931 3125 2984 ’0
3154 2932 3262 3001 γὰρ
3292 2932 3443 2997 Θεὸς,
3484 2931 3776 2999 γινώσκων
3803 2932 3901 2996 τὴν

2318 3020 2428 3073 τῶν
2461 3020 2729 3091 Ἐϐραίων
2756 3022 3175 3091 ἀπανθρωπίαν,
3225 3026 3318 3075 καὶ
3360 3024 3442 3075 ὅτι
3496 3022 3693 3095 ῥᾳδίως
3722 3025 3750 3076 6
3780 3022 3903 3094 βου-

2319 3108 2543 3176 λόμενος
2567 3108 2779 3177 φονεύοι
2806 3109 2873 3162 ἂν
2895 3111 2989 3181 τὴν
3017 3111 3210 3164 ἑαυτοῦ
3228 3114 3461 3181 γυναῖκα
3487 3115 3727 3183 μισήσας
3755 3113 3901 3181 ἅπαξ

2323 3201 2512 3271 αὐτὴν,
2548 3202 2928 3271 συνεχώρησεν
2960 3202 3217 3257 ἀπολύειν
3258 3204 3354 3275 τὴν
3396 3208 3653 3273 γυναῖκα,
3702 3207 3795 3259 τὸν
3829 3206 3901 3279 μὴ

2322 3294 2691 3365 ἀρεσκόμενον
2742 3295 2905 3365 αὐτῇ.
2952 3293 3072 3347 Ἀπ’
3123 3295 3299 3366 ἀρχῆς
3352 3297 3408 3349 δὲ
3456 3298 3554 3367 οὐχ
3604 3298 3781 3362 οὕτως
3814 3294 3901 3371 ἦν,

2323 3384 2440 3437 ἀλλ’
2470 3387 2501 3455 ἡ
2540 3385 2631 3437 to")
2678 3386 2811 3437 Θεοῦ
2848 3385 3013 3457 βουλὴ
3041 3388 3315 3458 συγκολλᾷ
3350 3388 3599 3458 ἀλλήλοις
3646 3393 3775 3455 τοὺς
3809 3407 3904 3443 συ-

2325 3476 2545 3544 ζύγους,
2577 3478 2671 3530 καὶ
2718 3477 2776 3530 ἓν
2824 3481 2984 3539 ποιεῖ,
3023 3478 3164 3532 ὥστε
3195 3484 3288 3533 καὶ
3318 3482 3518 3549 γονέων
3544 3483 3899 3552 καταμελεῐν.

2326 3569 2466 3639 Ὀρα
2496 3569 2552 3621 δὲ
2581 3569 2633 3621 τί
2683 3569 2852 3637 λέγει,
2888 3570 2970 3623 ὅτι
3004 3572 3031 3623 6
3074 3570 3206 3635 Θεὸς
3248 3573 3309 3623 ού
3344 3572 3487 3625 θέλει
3532 3573 3903 3642 πολυγαμίαν,

2327 3661 2465 3715 ὥστε
2498 3662 2700 3731 ταύτην
2740 3663 2837 3732 μὲν
2868 3663 3325 3732 καταλιμπάνειν,
3359 3666 3550 3736 ἑτέραν
3583 3666 3640 3718 δὲ
3673 3667 3903 3735 ἄγεσθαι

2328 3756 2585 3822 γυναῖκα,
2647 3755 2743 3806 καλ⁷
2808 3754 2969 3809 πάλιν
3025 3756 3233 3826 ταύτην
3286 3758 3743 3827 καταλιμπάνειν,
3814 3758 3906 3811 καὶ

2328 3846 2490 3918 ἑτέρᾳ
2532 3846 2842 3902 κολλᾶσθαι.
2878 3848 2939 3900 Εί
2968 3849 3077 3920 γὰρ
3101 3847 3263 3902 τοῦτο
3298 3844 3388 3919 ἦν,
3418 3849 3677 3919 εποίησεν
3710 3850 3776 3903 ἂν
3810 3850 3905 3902 ’ἕνα

2329 3938 2427 4007 μὲν
2466 3938 2655 4003 ἄνδρα,
2708 3937 2907 4000 πολλὰς
2949 3939 3006 3992 δὲ
3054 3942 3339 4009 γυναῖκας.
3374 3939 3490 3994 Νῦν
3524 3940 3581 3994 δὲ
3638 3942 3703 3994 ού
3748 3940 3906 3995 τοῦτο

2327 4029 2571 4097 γέγονεν,
2624 4029 2739 4082 ἀλλ’
2786 4030 2953 4100 ἄρσεν
2994 4031 3089 4085 καὶ
3138 4031 3271 4100 θῆλυ
3319 4031 3595 4101 ἐποίησεν,
3648 4033 3747 4085 ἕνα
3809 4033 3904 4103 μιᾷ

2329 4122 2592 4184 κελεύσας
2640 4122 3029 4178 συνάπτεσθαι.
3096 4125 3324 4194 Μήποτε
3356 4125 3412 4177 δὲ
3457 4126 3548 4177 καλ⁸
3576 4124 3720 4177 οὕτω
3747 4125 3906 4179 δυνά-

2339 4215 2479 4285 μεθα
2505 4215 2696 4284 νοῆσαι
2727 4215 2788 4268 τὸ
2821 4215 2993 4285 παρὸν
3034 4217 3252 4287 χωρίον.
3316 4216 3376 4269 '0
3409 4217 3563 4284 λόγος
3593 4218 3623 4269 6
3648 4217 3902 4271 διδασκα-

2330 4306 2500 4370 λικὸς,
2554 4306 2845 4377 σπέρματα
2899 4307 3078 4375 ἀγαθά
3123 4308 3408 4378 ὲμῦάλλων
3458 4310 3538 4371 είς
3580 4308 3683 4378 τὴν
3730 4308 3905 4380 ψυχὴν

2330 4399 2423 4453 τοῦ
2454 4399 2643 4453 πιστοῦ
2678 4397 2989 4466 ἀνθρώπου,
3019 4400 3211 4471 ἀνδρὸς
3242 4400 3399 4468 λόγον
3426 4401 3615 4470 ἐπέχει
3639 4400 3780 4469 πρὸς
3811 4401 3904 4471 τὴν

664 4502 719 4547 et
767 4496 1003 4548 adhaeret
1044 4498 1196 4551 uxori
1252 4513 1382 4565 suae,
1418 4500 1828 4568 attemperando
1867 4515 1924 4555 se
1974 4502 2068 4566 illi,
2107 4516 2220 4570 qua:

2330 4490 2735 4561 ὑποδεχομένην
2768 4490 2932 4544 αὑτὸν
2972 4490 3174 4561 ψυχήν.
3234 4489 3499 4553 Πολλάκις
3537 4486 3632 4544 οὖν
3684 4494 3711 4542 6
3750 4490 3903 4559 λόγος

667 4586 737 4638 illi
772 4588 1055 4655 expediant
1087 4590 1307 4654 docens,
1340 4600 1392 4643 et
1427 4606 1565 4657 sa-pe
1600 4608 1814 4647 sensum
1855 4593 2228 4661 imperfectum

670 4696 731 4733 ac
766 4682 927 4734 verba
959 4682 1221 4750 simplicia
1254 4693 1305 4734 et
1340 4684 1625 4734 idiotarum
1667 4682 1943 4751 proferens
1976 4702 1988 4736 :
2022 4693 2075 4739 et
2105 4695 2232 4740 tunc

666 4782 792 4825 sunt
826 4771 931 4825 duo
967 4772 1017 4825 iu
1053 4787 1213 4826 carne
1258 4789 1379 4836 una,
1422 4774 1525 4827 hoc
1570 4784 1670 4837 est,
1707 4775 1876 4828 credit
1904 4776 2079 4828 anima
2114 4791 2235 4831 car-

667 4879 785 4917 nem
837 4861 1036 4917 faetunt
1089 4879 1209 4918 esse
1261 4864 1491 4917 Verbum
1538 4864 1647 4925 Dei,
1695 4874 1748 4917 et
1804 4864 1947 4917 nulla
1998 4865 2233 4919 humana

666 4955 919 5023 cogitatio
947 4965 1120 5024 potest
1151 4971 1404 5025 separare
1434 4957 1671 5009 animam
1700 4969 1731 5009 a
1766 4956 1855 5009 tali
1894 4956 2018 5010 fide.

2327 4586 2497 4639 θέλων
2530 4586 2809 4656 ὠφελῆσαι
2840 4585 2939 4655 τὴν
2968 4585 3369 4655 ὑποδεχομένην
3411 4585 3612 4656 ψυχὴν,
3641 4586 3890 4655 καταλιμ·

2332 4678 2490 4731 πάνει
2516 4678 2606 4729 τὸν
2633 4679 2848 4746 πατέρα
2884 4676 3073 4738 αὑτοῦ,
3102 4679 3347 4731 τουτέστι
3403 4676 3525 4730 νοῦν
3551 4676 3782 4746 ὑψηλὸν,
3818 4676 3900 4729 καὶ

2327 4768 2426 4838 τὴν
2457 4767 2668 4837 μητέρα
2708 4766 2895 4829 αὑτοῦ,
2919 4766 3165 4819 τουτέστι
3189 4766 3333 4831 λέξιν
3363 4767 3898 4839 κεκαλλωπισμένην.

2331 4860 2427 4912 καλ⁵
2460 4860 2860 4930 προσκολλᾶται
2895 4862 2960 4930 τῇ
2999 4862 3223 4927 γυναικὶ
3273 4859 3459 4928 αὑτοῦ,
3494 4860 3613 4931 ἦτοι
3664 4860 3737 4915 τὰ
3775 4860 3896 4931 πρὸς

2331 4954 2601 5023 ὠφέλειαν
2634 4954 2731 5024 τῆς
2767 4954 2945 5025 ψυχῆς
2974 4954 3191 5025 ἐκείνης
3223 4954 3487 5022 διδάσκει,
3539 4952 3888 5024 συγκατασαί

672 5064 776 5099 νων
805 5048 941 5119 αύτῇ
978 5048 1070 5101 καὶ
1094 5048 1216 5101 νοῦν
1280 5049 1540 5112 πολλάκις
1602 5049 1791 5120 εὐτελῆ
1859 5050 1953 5103 καὶ
1995 5048 2169 5114 λέξεις
2238 5050 2512 5111 ἰδιωτικὰς
2561 5048 2865 5119 προτιμῶν.
2918 5049 3028 5101 Καλ⁵
3070 5048 3255 5102 λοιπὸν
3304 5048 3542 5117 γίνονται
3592 5050 3644 5102 οί
3693 5050 3789 5103 δύο
3827 5052 3896 5105 είς

670 5142 845 5212 σάρκα
881 5140 1029 5209 μίαν,
1080 5139 1349 5199 τουτέστι,
1385 5139 1631 5193 πιστεύει
1664 5142 1695 5211 ἡ
1732 5139 1876 5210 ψυχὴ
1927 5141 2106 5211 σάρκα
2144 5141 2396 5208 γενέσθαι
2435 5140 2525 5193 τὸν
2566 5140 2741 5208 Λόγον
2771 5139 2865 5193 τοῦ
2933 5139 3092 5194 Θεοῦ.
3162 5142 3273 5197 Καὶ
3336 5142 3512 5207 οὐδεὶς
3564 5142 3896 5214 ἀνθρώπινος

666 5235 923 5303 λογισμὺς
947 5233 1169 5286 δύναται
1192 5232 1420 5303 χωρίσαι
1446 5235 1544 5301 τὴν
1574 5234 1751 5305 ψυχὴν
1782 5236 1887 5289 ἀπὸ
1920 5237 2017 5305 τῆς
2042 5235 2296 5305 τοιαύτης
2322 5236 2575 5297 πίστεως.

739 5328 903 5383 Vens.
952 5329 1031 5391 l0.
1067 5331 1151 5383 ll.
1208 5347 1225 5379 σ
1274 5328 1339 5382 Ει
1388 5330 1440 5383 in
1494 5330 1651 5385 domo
1711 5346 1925 5385 rursum
1976 5333 2227 5401 discipuli

667 5422 807 5475 illius
852 5422 1036 5476 eadem
1073 5423 1138 5477 de
1183 5436 1239 5476 re
1281 5422 1747 5492 interrogaverunt
1795 5424 1961 5486 illum,
2000 5434 2055 5479 et
2100 5424 2231 5478 dicit

667 5513 769 5565 illis
815 5531 827 5565 :
882 5511 1197 5581 Quicunque
1258 5514 1624 5582 repudiaverit
1676 5532 1895 5571 uxorem
1946 5533 2123 5581 suam,
2176 5525 2229 5573 et

667 5604 879 5656 duxerit
906 5603 1087 5666 aliam,
1116 5603 1437 5659 adulterium
1466 5607 1747 5660 committit
1769 5606 2025 5661 adversus
2060 5606 2227 5660 illam.

667 5693 731 5747 Et
763 5695 806 5747 si
843 5695 1034 5749 mulier
1070 5697 1434 5765 repudiaverit
1471 5696 1640 5751 virum
1686 5715 1863 5759 suum,
1900 5708 1951 5752 et
1984 5699 2229 5767 nupserit

671 5784 843 5850 alteri,
879 5784 1194 5843 adulterium
1222 5788 1531 5843 committit.
1572 5806 1590 5840 ι
1642 5786 1835 5844 lterum
1871 5789 2031 5843 etiam
2065 5789 2229 5847 disci-

2401 5350 2419 5383 ι
2463 5331 2574 5384 Καὶ
2622 5332 2680 5383 ὲν
2720 5333 2787 5401 τῇ
2822 5331 2969 5401 οίκία
3014 5330 3179 5385 πάλιν
3212 5333 3261 5385 οί
3301 5330 3542 5402 μαθηταὶ
3576 5331 3747 5387 αὐτοῦ
3782 5325 3897 5402 περί

2322 5424 2416 5478 τοῦ
2447 5422 2609 5477 αὑτοῦ
2650 5424 3015 5496 ἐπηρώτησαν
3036 5426 3217 5492 αὐτὸν,
3252 5426 3347 5480 καὶ
3382 5426 3529 5495 λέγει
3562 5426 3770 5489 αὐτοῖς’
3812 5429 3898 5490 Ὀς

2324 5516 2419 5570 ἐὰν
2451 5516 2695 5587 ἀπολύσῃ
2726 5519 2823 5588 τὴν
2852 5522 3084 5587 γυναῖκα
3118 5518 3284 5572 αὐτοῦ
3316 5519 3408 5572 καὶ
3436 5520 3666 5590 γαμήσῃ
3711 5518 3890 5589 ἄλλην.

2328 5610 2581 5679 μοιχᾶται
2604 5609 2691 5661 ἐπ’
2713 5610 2909 5681 αύτήν.
2936 5610 3048 5664 Kal.
3069 5610 3165 5664 έάν
3189 5611 3326 5679 γυνὴ
3347 5609 3597 5683 ἀπολύσῃ
3625 5610 3715 5665 τδν
3735 5611 3899 5680 ἄνδρα

2324 5700 2515 5769 αὐτῆς,
2550 5702 2643 5753 καὶ
2690 5700 2911 5771 γαμηθῇ
2962 5700 3127 5772 ἄλλῳ,
3169 5702 3449 5773 μοιχᾶται.
3503 5719 3523 5753 ι
3568 5700 3691 5755 Ἔτι
3724 5704 3816 5756 καὶ
3849 5703 3896 5754 oi

2328 5793 2567 5862 μαθηταὶ
2598 5791 3062 5859 ἂσκανδαλίζοντο’
3101 5792 3189 5848 διὰ
3217 5793 3376 5847 τοῦτο
3408 5788 3504 5848 οὖν
3532 5794 3626 5848 καὶ
3665 5792 3896 5863 προσέρ-
