4108 6334
267 356 378 425 597

976 353 1418 417 ENARRATIO
1456 355 1538 417 IN
1579 353 2079 418 EVANGELIUM
2122 357 2383 419 MARCI.
2416 381 2481 392 -·-·
2524 357 2684 417 CAP.
2726 358 2801 419 Χ.

3432 354 3543 419 593

270 491 463 547 χονται
506 472 667 529 πάλιν
696 468 844 542 αὖτῷ
873 471 964 525 καὶ
994 469 1291 541 ἐρωτῶσιν,
1322 469 1397 532 ὡς
1443 471 1611 542 μήπω
1650 471 1850 535 ίκανῶς

1958 472 2061 542 puli
2096 472 2446 526 scandalizati
2478 478 2624 535 sunt,
2662 481 2828 540 atque
2849 482 2969 523 eam
3010 468 3081 523 ob
3115 481 3335 523 causam
3362 467 3538 520 denuo

271 565 771 637 ἑκθεραπευθέντος
820 563 1000 617 αὐτῶν
1048 561 1144 615 τοῦ
1192 561 1478 631 λογισμοῦ.
1533 563 1593 616 ’0
1628 563 1683 615 δὲ
1712 564 1848 615 ἀπο-

270 658 518 727 κρίνεται
546 656 747 718 αὐτοῖς,
797 656 993 723 λέγων·
1030 655 1130 715 ⁸ος
1183 654 1277 707 ὲάν
1326 653 1570 725 ἀπολύσῃ
1610 655 1710 723 τὴν
1758 670 1853 720 γυ-

270 752 437 804 ναῖκα
468 746 636 800 αὑτοῦ
672 748 767 800 καὶ
796 750 1022 817 γαμήσῃ
1061 746 1249 816 ἀλλην,
1287 745 1472 815 μοιχός
1502 748 1650 798 ἐστιν
1682 746 1852 814 αὐτῆς

268 844 371 911 τῆς
430 838 704 909 δευτέρας.
758 838 985 909 Ὀμοῖως
1051 834 1143 891 οὖν
1200 838 1295 891 καὶ
1342 840 1374 908 ή
1420 836 1554 907 γυνή
1605 838 1851 907 μοιχαλίς

270 933 443 997 ἔστιν,
478 934 511 1002 ἡ
550 933 750 1002 ἀφεῖσα
795 934 886 985 τὸν
929 930 1057 984 ῐδιον
1094 930 1283 1000 ἄνδρα,
1329 930 1421 982 καὶ
1473 928 1647 999 ἑτέρῳ
1696 927 1854 994 συζυ-

268 1028 452 1095 γεῖσα.

352 1134 371 1167 ι
412 1117 880 1188 Καὶιπροσέφερον
904 1113 1051 1184 αὐτῷ
1074 1114 1285 1180 παιδία,
1312 1114 1399 1169 ἵνα
1425 1115 1628 1187 ἅψηται
1651 1115 1848 1169 αὐτῶν·

268 1206 322 1259 οἱ
356 1206 414 1259 δὲ
448 1206 686 1277 μαθηταὶ
736 1206 1013 1275 ἐπετίμων
1053 1208 1164 1267 τοῖς
1216 1205 1641 1274 προσφέρουσιν.
1706 1202 1851 1257 Ἰδὼν

267 1300 326 1354 δὲ
351 1301 379 1353 ὁ
410 1296 1000 1371 Ἰησοῦς,ἡγανάκτησε
1020 1300 1113 1351 καὶ
1145 1294 1296 1350 εἶπεν
1328 1298 1530 1360 αὐτοῖς·
1562 1300 1763 1365 ’Λφετε
1785 1297 1852 1351 τά

268 1393 464 1446 παιδία
508 1392 757 1464 ἔρχεσθαι
806 1391 940 1461 πρὸς
989 1391 1097 1460 μὲ,
1153 1392 1247 1444 καὶ
1296 1392 1370 1462 μὴ
1413 1392 1653 1444 κωλύετε
1687 1392 1850 1445 αὑτά-

266 1485 383 1537 τῶν
429 1484 537 1555 γάρ
562 1482 819 1536 τοιούτων
845 1484 991 1535 ἐστὶν
1024 1484 1057 1553 ἡ
1086 1482 1330 1552 βασιλεία
1360 1482 1453 1535 τοῦ
1482 1483 1637 1536 Θεοῦ.
1681 1484 1852 1553 Ἀμὴν

268 1578 417 1646 λέγω
437 1577 689 1647 ὑμῖν,¹⁹Ος
712 1576 807 1630 ὲάν
834 1576 908 1645 μὴ
931 1574 1149 1647 δέξηται
1170 1576 1267 1646 τὴν
1292 1576 1567 1645 βασιλείαν
1591 1578 1686 1632 τοῦ
1718 1576 1852 1632 Θεοῦ

185 1670 193 1681 ⁸
268 1670 349 1732 ὡς
378 1670 609 1734 παιδίον,
642 1669 703 1721 οὐ
742 1666 817 1739 μὴ
846 1668 1063 1739 εἰσέλθῃ
1097 1670 1171 1731 είς
1204 1671 1397 1737 αὑτήν.
1442 1670 1555 1722 Καὶ
1606 1672 1853 1738 ἀναγκα-

268 1761 563 1831 λισάμενος
606 1761 768 1827 αὐτὰ,
824 1762 916 1813 καὶ
977 1761 1149 1823 τιθεὶς
1179 1762 1278 1824 τάς
1320 1764 1513 1832 χεῖρας
1555 1764 1642 1816 ἐπ’
1688 1764 1847 1828 αὐτὰ,

268 1838 565 1920 εὐλόγησεν
599 1850 756 1904 αὐτά,
794 1871 811 1902 ι
849 1850 1022 1921 Πολλὴ
1053 1852 1087 1922 ἡ
1128 1850 1308 1914 πίστις
1354 1850 1462 1905 τῶν
1502 1852 1697 1921 ὄχλων,
1736 1855 1849 1921 εἴγε

268 1944 366 1995 καὶ
406 1944 542 2016 μόνῃ
567 1947 633 2013 τῇ
662 1944 766 1995 τῶν
793 1943 991 2012 χειρῶν
1018 1941 1286 2006 ἐπιθέσει,
1326 1943 1569 2011 εὐλογεῖν
1602 1944 1849 2014 ἐνόμιζον

269 2041 363 2086 τν
414 2034 646 2103 Χριστὸν
691 2034 819 2097 τοὺς
857 2034 1007 2104 αὑτῷ
1040 2034 1511 2104 προσαγομένους.
1562 2037 1624 2090 Ol
1656 2037 1713 2090 δὲ
1748 2057 1852 2107 μα-

271 2127 470 2197 θηταὶ,
501 2126 814 2195 νομίζοντες
834 2126 1049 2194 ἀνάξιον
1082 2126 1241 2180 τοῦτο
1274 2124 1412 2180 εἶναι
1442 2126 1537 2180 τοῦ
1584 2129 1848 2200 Χριστοῦ,

266 2218 331 2269 τὸ
368 2217 554 2271 παιδία
586 2217 957 2288 προσάγεσθαι
998 2217 1172 2288 αὐτῷ,
1198 2217 1489 2272 διεκώλυον
1522 2220 1646 2283 τοὺς
1681 2238 1851 2290 προσ·

267 2312 525 2376 ἀγοντας.
575 2310 641 2363 Τί
682 2305 776 2363 οὖν
816 2311 844 2362 ὁ
890 2309 1162 2378 Χριστός;
1195 2310 1476 2363 Διδάσκων
1526 2312 1723 2374 αὐτοὺς
1755 2329 1851 2381 με·

266 2402 635 2472 τριοφρονεῖν,
686 2402 783 2454 και
830 2399 998 2468 τύφον
1049 2403 1388 2454 καταπατεῖν
1435 2401 1719 2470 κοσμικδν,
1758 2404 1851 2456 καὶ

266 2492 537 2563 λαμῆἀνει
564 2493 659 2547 καὶ
691 2493 1143 2561 ἀναγκαλίζεται.
1191 2494 1444 2545 Δεὶκνυσι
1470 2493 1579 2563 γὰρ
1618 2495 1698 2546 ὅτι
1726 2496 1850 2557 τοὺς

267 2585 513 2647 ἀκάκους
537 2584 1041 2655 προσλαμϐάνεται,
1064 2584 1144 2637 διὸ
1172 2586 1265 2637 καὶ
1298 2585 1469 2653 λέγει,
1489 2603 1506 2635 ι
1540 2585 1661 2637 Τῶν
1684 2585 1852 2637 τοιού-

234 2692 379 2746 ,των
416 2675 525 2744 γάρ
579 2662 728 2727 ἐστιν
768 2676 799 2745 ἡ
850 2674 1103 2743 βασιλεία
1147 2674 1243 2726 τοῦ
1272 2674 1429 2726 Θεοῦ.
1478 2693 1497 2725 ι
1552 2674 1719 2745 Ὅρα,
1752 2676 1852 2726 οὐκ

269 2763 417 2828 εἷπε,
460 2764 680 2819 Τούτων
714 2764 823 2832 γάρ
854 2765 1000 2817 ἔστιν
1032 2766 1063 2834 ὴ
1094 2764 1362 2834 βασιλεία,
1390 2764 1525 2817 ἀλλά
1546 2764 1653 2817 τῶν
1683 2764 1854 2817 τοιού-

270 2872 403 2920 των,
435 2856 682 2909 τουτέστι
732 2855 841 2908 τῶν
871 2855 1107 2925 ἐχόντων
1138 2855 1197 2919 ἐξ
1243 2856 1526 2921 ἀσκήσεως
1577 2854 1674 2922 τὴν
1716 2857 1853 2908 ἀκα-

270 2949 422 3013 κίαν,
475 2949 543 3020 ἢν
592 2950 661 3003 τά
708 2948 897 3000 παιδία
948 2944 1161 3018 ἔχουσιν
1208 2947 1317 3001 ἀπὸ
1356 2948 1589 3015 φύσεως.
1626 2948 1697 3000 Τὸ
1746 2948 1853 3020 γάρ

273 3040 489 3093 παιδίον
529 3040 653 3092 οὔτε
704 3039 909 3107 φθονεῖ,
944 3037 1069 3091 οὔτε
1106 3041 1455 3110 μνησικακεῖ,
1501 3038 1625 3092 οὕτε
1660 3058 1853 3110 μιστι-

1954 567 2019 619 ad
2073 579 2196 619 eum
2252 565 2517 620 accedunt
2563 575 2617 620 et
2666 566 3029 633 interrogant,
3090 561 3245 629 quasi
3296 560 3541 612 nondum.

1952 659 2289 713 satisfactum
2328 667 2477 713 esset
2522 658 2689 712 menti
2744 671 2956 711 eorum.
2999 656 3070 707 At
3101 655 3218 722 ipse
3259 651 3542 720 respondit.-

1952 751 2054 816 eis,
2086 750 2276 805 dicens
2310 768 2324 803 :
2372 750 2473 816 Qui
2510 750 2778 805 dimiserit
2805 761 3030 803 uxorem
3066 759 3244 808 suam,
3279 753 3334 796 et
3370 743 3537 795 etinte-

1953 843 2023 896 rit
2055 842 2239 908 aliam,
2268 843 2489 897 adulter
2515 851 2600 897 est
2627 842 2765 913 ejus,
2800 841 3004 896 scilicet
3033 838 3307 893 secundae.
3367 832 3535 887 Simi-

1952 933 2077 988 liter
2128 948 2341 1003 quoque
2389 942 2443 989 et
2510 948 2648 988 uxor
2689 931 2932 986 adultera
2986 938 3092 991 est,
3149 939 3270 995 qna:
3324 920 3542 991 reliquit

1955 1026 2125 1079 virum
2154 1025 2451 1094 proprium,
2481 1033 2535 1079 et
2562 1025 2714 1078 alteri
2749 1022 3038 1092 conjuncta
3067 1020 3247 1074 fuerit.

2026 1118 2189 1173 Vens.
2218 1117 2404 1172 19.16.
2450 1136 2467 1169 ι
2508 1118 2575 1171 Et
2600 1116 2900 1170 attulerunt
2931 1116 2996 1168 ad
3033 1113 3183 1167 illum
3217 1111 3444 1181 puellos,
3483 1120 3541 1165 ut

1954 1219 2199 1282 tangeret
2250 1210 2394 1264 illos.
2447 1207 2708 1278 Discipuli
2749 1221 2881 1262 vero
2915 1204 3274 1274 increpabant
3305 1218 3398 1257 eos
3446 1202 3537 1271 qui

1952 1302 2309 1357 adducebant.
2337 1301 2473 1356 Cum
2504 1301 2735 1355 vidisset
2767 1306 2947 1354 autem
2994 1297 3175 1364 Jesus,
3224 1296 3540 1365 indignatus

1953 1404 2056 1461 est,
2088 1403 2142 1449 et
2184 1394 2319 1449 dixit
2352 1392 2457 1447 illis
2491 1411 2503 1447 :
2554 1390 2728 1447 Sinite
2762 1390 2971 1462 puellos
3016 1388 3203 1443 venire
3233 1388 3299 1441 ad
3336 1401 3441 1452 me,
3474 1400 3542 1439 ne

1954 1490 2236 1560 prohibete
2267 1489 2406 1553 illos,
2442 1487 2628 1541 talium
2657 1488 2800 1542 enim
2833 1496 2917 1541 est
2945 1500 3171 1555 regnum
3213 1482 3330 1539 Dei.
3361 1484 3535 1537 Arnen

1955 1585 2075 1637 dico
2127 1583 2317 1637 vobis:
2358 1581 2675 1648 Quicunque
2723 1593 2827 1632 non
2863 1578 3137 1647 acceperit
3174 1590 3398 1645 regnum
3442 1576 3537 1629 Dei

1958 1687 2213 1745 tanquam
2242 1674 2470 1744 puellus,
2499 1674 2917 1741 haudquaquam
2942 1670 3278 1741 ingredietur
3309 1670 3358 1722 in
3386 1668 3535 1722 illttd.

1959 1766 2172 1821 Etcum
2218 1764 2452 1834 cepisset
2500 1763 2619 1816 illos
2663 1762 2714 1815 in
2761 1762 2939 1825 ulnas,
2990 1758 3261 1827 impositis
3289 1759 3540 1811 manibus

1954 1872 2113 1925 super
2151 1855 2269 1909 illos
2301 1853 2701 1909 benedixiteis.
2755 1872 2774 1903 ι
2823 1850 3013 1921 Magna
3057 1850 3189 1903 ildes
3235 1846 3537 1909 turbarum,

1954 1965 2073 2021 qua
2114 1950 2276 2003 etiam
2331 1948 2445 2003 sola
2500 1960 2754 1999 manuum
2811 1942 3157 2013 impositione
3213 1939 3456 1996 benedici
3510 1954 3537 1990 ιι

1952 2042 2170 2097 Christo
2195 2039 2576 2094 existimabant
2606 2036 2814 2105 puellus
2844 2050 2983 2104 quos
3008 2031 3329 2087 offerebant.
3368 2030 3542 2085 Disci-

1955 2135 2063 2203 puli
2100 2150 2226 2188 vero
2263 2134 2544 2203 indignum
2577 2132 2679 2185 hoc
2710 2143 2831 2183 esse
2857 2128 3077 2183 Christo
3109 2125 3540 2187 arbitrabantur,

1954 2226 2095 2296 quod
2138 2224 2287 2293 pueri
2321 2225 2723 2278 adducerentur
2748 2221 2815 2274 ad
2848 2221 3024 2290 ipsum
3054 2237 3068 2273 :
3104 2228 3154 2272 et
3182 2218 3545 2287 prohibebant

1953 2317 2301 2373 adducentes.
2327 2316 2466 2383 Quid
2489 2316 2650 2385 igitur
2667 2311 3037 2380 Christus‘ﬁUt
3058 2312 3247 2365 doceat
3271 2309 3516 2364 humilita

1957 2423 2061 2466 tem
2113 2421 2167 2465 et
2192 2408 2449 2463 mundani
2479 2408 2645 2462 fastus
2666 2414 3060 2474 contemptum,
3090 2402 3208 2457 illos
3229 2412 3284 2457 et
3320 2402 3548 2467 suscipit

1955 2510 2007 2555 et
2027 2500 2165 2555 ulnis
2191 2499 2557 2569 amplectitur.
2585 2495 2835 2552 Ostendit
2865 2495 3009 2549 enim
3035 2495 3179 2564 quod
3201 2494 3476 2561 simplices
3492 2501 3547 2547 et

1955 2592 2271 2647 innocentes
2300 2591 2579 2659 suscipiat,
2626 2590 2854 2656 ideoque
2902 2588 3073 2642 dicit:
3110 2606 3127 2638 ι
3190 2585 3404 2639 Talium
3457 2599 3545 2642 est

1957 2684 2101 2738 enim
2137 2698 2359 2753 regnum
2411 2682 2527 2735 Dei.
2582 2700 2600 2731 ι
2648 2678 2805 2743 Vide,
2849 2695 2954 2733 non
3007 2680 3167 2744 dixit,
3207 2677 3411 2732 Horum
3460 2688 3546 2732 est

1954 2776 2097 2831 enim
2124 2788 2347 2844 regnum
2396 2772 2510 2838 Dei,
2542 2771 2659 2835 sed,
2700 2772 2911 2836 talium,
2949 2771 3051 2825 hoc
3081 2781 3186 2835 est,
3234 2785 3420 2825 eorum
3450 2772 3543 2840 qui

1958 2881 2051 2935 per
2096 2865 2543 2921 exercitationem
2590 2863 2959 2916 innocentiam
3011 2862 3325 2932 acquirunt,
3377 2876 3540 2931 quam

1955 2957 2120 3027 puelli
2155 2972 2185 3011 a
2221 2966 2418 3011 natura
2471 2956 2692 3010 habent.
2741 2953 2885 3007 Puer
2922 2954 3068 3009 enim
3102 2967 3279 3023 neque
3314 2954 3539 3019 invidet,

1957 3065 2133 3119 neque
2186 3050 2481 3103 vindictam
2540 3047 2855 3110 meditatur,
2921 3062 3097 3116 neque
3146 3047 3190 3102 si
3236 3045 3544 3115 ﬂagellatur

270 3132 500 3202 ζῖμενον
555 3132 706 3203 παρά
759 3133 856 3201 τῆς
909 3131 1117 3203 μητρὸς
1164 3131 1481 3200 ἀφίσταται.
1543 3131 1704 3184 Ἀλλά
1751 3133 1854 3185 κᾶν

1965 3160 1993 3197 a
2019 3153 2214 3207 matre,
2248 3142 2451 3198 recedit
2478 3156 2492 3196 :
2520 3142 2615 3197 sed
2647 3142 2810 3203 hanc,
2840 3140 3004 3194 etiam
3036 3140 3081 3195 si
3111 3147 3289 3194 vestes
3314 3138 3546 3194 detritas

272 3225 446 3293 ρἱια
474 3223 614 3293 αῦτη
660 3228 823 3295 φορῇ,
870 3224 971 3293 τῆς
1015 3223 1285 3293 βασιλίδος
1329 3223 1536 3301 ταύτην
1591 3227 1859 3297 προτιμᾷ.

277 3314 440 3368 υῦτω
472 3319 565 3370 καὶ
594 3317 625 3369 ὁ
652 3316 774 3369 κατ’
800 3315 1001 3388 ἀρετὴν
1034 3316 1280 3384 ζῶν,τῆς
1314 3317 1517 3385 μητρὸς
1545 3317 1732 3383 αὐτοῦ,
1763 3320 1863 3386 τῆς

286 3406 614 3478 Ἐκκλησίας
660 3406 828 3475 λέγω,
880 3408 1033 3460 οὐδὲν
1085 3408 1353 3477 προτιμᾷ,
1405 3407 1525 3460 οὐδὲ
1573 3407 1671 3477 τὴν
1710 3408 1861 3478 βασι-

273 3499 537 3553 λεύουσαν
562 3499 673 3553 τῶν
704 3499 915 3553 πολλῶν
945 3499 1163 3571 ἡδονήν.
1189 3500 1281 3551 Διὸ
1310 3500 1405 3553 καὶ
1435 3500 1859 3567 ἀναγκαλίζεται

270 3593 401 3655 τοὺς
435 3592 710 3655 τοιούτους
748 3593 777 3644 ὁ
812 3591 1038 3663 Κύριος,
1072 3591 1289 3659 ,λέγων’
1337 3609 1357 3642 ι
1386 3590 1550 3644 Δεῦτε
1589 3593 1728 3663 πρός
1761 3610 1849 3662 με,

274 3686 478 3750 «ivre;
516 3686 565 3738 οί
600 3685 900 3748 κοπιῶντες
930 3686 1024 3739 καὶ
1068 3685 1522 3752 πεφορτισμένοι.
1565 3704 1583 3735 ι
1627 3687 1735 3738 Καὶ
1770 3689 1859 3738 εὑ-

275 3777 445 3845 λογεῖ,
479 3775 675 3845 λέγων’
708 3796 729 3829 ι
765 3776 956 3843 Δεῦτε,
991 3779 1041 3830 oi
1092 3777 1448 3847 εὐλογημένοι
1498 3776 1592 3829 τοῦ
1648 3779 1858 3847 Πατρός

280 3886 408 3941 μου.
442 3888 461 3922 ι
505 3870 788 3923 Βασιλείαν
829 3870 884 3923 δὲ
913 3859 1004 3922 τοῦ
1034 3869 1201 3934 Θεοῦ,
1248 3870 1307 3922 τὸ
1336 3870 1599 3939 κήρυγμα
1636 3872 1729 3922 καὶ
1759 3869 1857 3939 τὴν

276 3959 616 4031 ἔπαγγελίαν
647 3962 757 4015 τῶν
807 3960 1029 4030 ἀγαθῶν
1062 3958 1299 4013 ἐνταῦθά
1331 3976 1516 4029 φησιν.
1550 3960 1739 4021 Ὅστις
1765 3959 1858 4012 οὖν

277 4052 493 4119 δέξεται
524 4055 585 4108 τὺ
617 4054 881 4124 κήρυγμα
910 4052 1004 4106 τοῦ
1042 4051 1176 4105 Θεοῦ
1218 4052 1315 4115 ὡς,
1340 4050 1572 4117 παιδίον,
1611 4052 1857 4104 τουτέστι

281 4148 449 4218 μηδὲν
485 4145 899 4217 διακρινόμενος
934 4145 1261 4217 ἡάπιστῶν,
1297 4147 1510 4209 ἐκεῖνος
1550 4147 1856 4218 εἰσέρχεται

277 4241 359 4302 είς
403 4237 501 4305 τὴν
553 4238 827 4308 βασιλείαν
872 4237 966 4291 τοῦ
998 4237 1156 4303 Θεοῦ,
1212 4238 1311 4292 καὶ
1358 4240 1437 4303 είς
1483 4240 1551 4293 τὰ
1589 4237 1771 4307 ἀγαθά
1820 4238 1856 4291 ἃ

279 4328 497 4395 ἐδέξατο
521 4330 621 4402 ἢδη
652 4333 718 4401 τῇ
752 4330 951 4385 πίστει.

356 4439 376 4472 ι
414 4421 524 4475 Καὶ
574 4421 1016 4491 ἐκπορευομένου
1048 4422 1216 4476 αὐτοῦ
1260 4424 1341 4487 είς
1386 4423 1528 4486 ὁδὸν,
1578 4424 1853 4495 προσδρα-

1969 3236 2129 3302 ferat,
2168 3237 2365 3303 reginae
2426 3234 2660 3301 praefert.
2701 3234 2791 3288 Sic
2817 3235 2886 3303 let
2915 3234 3008 3303 qui
3042 3232 3335 3287 virtutibus
3366 3243 3543 3299 vacat,

1967 3330 2124 3381 matri
2157 3344 2290 3389 sum,
2325 3327 2579 3381 Ecclesia:
2627 3327 2769 3392 dico,
2808 3341 2982 3395 neque
3027 3325 3378 3394 voluptatem,
3424 3340 3546 3394 qth

1965 3421 2150 3475 multis
2201 3422 2450 3489 imperat,
2486 3434 2663 3488 neque
2697 3418 2975 3487 quippiam
3033 3416 3271 3486 praefert.
3309 3416 3436 3472 Ideo
3490 3419 3543 3470 in

1963 3514 2118 3568 ulnas
2145 3514 2277 3567 tales
2314 3511 2739 3581 suscipitJesus,
2774 3513 3001 3566 dicens:
3045 3529 3063 3561 ι
3095 3509 3289 3565 Venite
3334 3510 3399 3563 ad
3436 3524 3545 3575 me,

1961 3622 2151 3662 omnes
2182 3608 2273 3675 qui
2307 3606 2564 3662 laboratis
2606 3614 2659 3660 et
2681 3607 2891 3660 onerati
2924 3606 3101 3672 estis;
3128 3622 3152 3655 ι.
3178 3614 3232 3659 ει
3274 3604 3547 3658 benedicit

1962 3702 2148 3754 dicens
2187 3718 2199 3753 :
2237 3717 2255 3750 ι
2289 3699 2478 3755 Venite
2502 3738 2517 3765 ,
2542 3698 2809 3753 benedicti
2850 3696 3032 3751 Patris
3076 3696 3202 3750 mei.
3238 3712 3257 3745 ι
3300 3695 3544 3765 Regnum

1961 3801 2139 3844 autem
2179 3791 2292 3853 Dei,
2328 3790 2767 3860 praedicationem
2817 3798 2872 3844 et
2917 3786 3337 3858 promissionem
3373 3787 3546 3841 bonn—

1962 3899 2079 3936 rum
2110 3884 2196 3939 hic
2232 3884 2379 3937 dicit.
2418 3883 2675 3952 Quisquis
2705 3883 2866 3953 igitur
2894 3881 3169 3951 acceperit
3200 3880 3547 3948 praedicatio-

1964 3992 2083 4031 nem
2120 3976 2216 4032 Dei
2258 3977 2401 4031 sicut
2431 3992 2586 4046 pucr,
2623 3992 2727 4029 non
2762 3975 3072 4045 dijudicans
3099 3974 3182 4029 vel
3206 3974 3546 4035 discredens,

1960 4069 2049 4126 ille
2095 4071 2397 4139 ingreditur
2425 4073 2485 4130 in
2508 4086 2739 4140 regnum
2761 4069 2853 4123 Dei
2920 4069 3054 4123 etin
3088 4072 3229 4137 bona
3265 4083 3385 4138 quae
3434 4067 3547 4136 jam

1964 4160 2068 4217 ﬁde
2117 4163 2375 4233 suscepit.

2032 4410 2198 4467 Vens.
2252 4410 2435 4467 17-22.
2474 4430 2492 4464 ‹
2549 4410 2615 4464 Ει
2664 4426 2786 4465 cum
2823 4410 2998 4466 exiret
3047 4412 3101 4465 in
3154 4409 3323 4478 viam,
3384 4408 3557 4483 224

282 4511 401 4585 μὼν
445 4506 547 4578 εἷς,
593 4513 687 4567 καὶ
735 4516 1110 4587 γονυπετήσας
1158 4516 1328 4586 αὐτῷ,
1363 4514 1626 4587 ἐπηρώτα
1674 4518 1854 4572 αὐτόν·

1968 4504 2205 4559 accurrit
2228 4506 2469 4574 quidam,
2506 4518 2571 4559 ac
2613 4518 2787 4573 genua
2819 4501 2967 4558 ﬂexit
3012 4503 3111 4570 illi,
3151 4513 3207 4558 et
3238 4503 3547 4575 interroga-

280 4606 580 4662 Διδάσκαλε
607 4606 805 4675 ἀγαθὲ,
839 4607 890 4661 τί
918 4610 1151 4678 ποιήσω.
1186 4607 1274 4663 ἵνα
1302 4609 1449 4677 ζωὴν
1476 4606 1695 4662 αἰώνιον
1726 4609 1861 4685 κληη

281 4700 601 4769 ρονομήσως
644 4699 702 4753 '0
723 4695 781 4753 δὲ
826 4699 1035 4770 Ἰησοῦς
1064 4697 1220 4755 εἷπεν
1252 4700 1405 4771 αὐτῷ
1431 4716 1445 4731 ο
1479 4701 1544 4754 Τί
1575 4718 1643 4772 με
1674 4701 1856 4769 λέγεις

280 4790 486 4858 ἀγαθόν
511 4808 527 4858 ;
570 4791 758 4855 Οὐδεὶς
793 4792 1020 4859 ἀγαθὸς,
1052 4795 1101 4845 εί
1130 4794 1203 4863 μὴ
1230 4787 1309 4855 εἷς
1340 4795 1369 4847 ὁ
1400 4792 1553 4857 Θεὸς⁸
1582 4793 1680 4857 τὰς
1713 4795 1862 4847 svm-

277 4882 375 4946 λὰς
406 4880 551 4947 οἶδας
574 4900 589 4949 ;
610 4883 704 4953 Μὴ
737 4883 1053 4955 μοιχεύσῃς»
1087 4882 1162 4955 μὴ
1193 4883 1480 4957 φονεύσῃς,
1524 4884 1599 4955 μὴ
1630 4884 1858 4956 κλέψῃς,

282 4976 362 5045 μὴ
411 4974 954 5047 ψευδομαρτυρήσῃς,
1008 4977 1085 5046 μὴ
1128 4976 1539 5046 ἀποστερήσῃς.
1571 4976 1719 5045 Τίμα
1764 4976 1855 5029 τὸν

279 5064 496 5136 πατέρα
522 5081 615 5119 σου
666 5068 763 5119 καὶ
790 5067 889 5137 τὴν
931 5067 1147 5137 μητέρα
1178 5083 1295 5120 σου.
1337 5066 1399 5121 Ὃ
1428 5066 1485 5120 δὲ
1514 5066 1854 5137 ἀποκριθεὶς,

279 5152 435 5211 εἶπεν
455 5156 624 5227 αὐτῷ’
656 5156 979 5222 Διδάσκαλε,
1002 5160 1176 5212 ταῦτα
1203 5159 1385 5213 πάντα
1405 5158 1763 5229 ἐφυλαξάμην
1793 5160 1859 5213 ὲκ

280 5249 534 5317 νεότητός
568 5266 693 5318 μου.
741 5249 799 5303 Ὀ
842 5250 899 5304 δὲ
946 5249 1153 5319 Ἰησαῦς
1187 5250 1469 5320 ᾶμϐλέψας
1521 5250 1691 5320 αὐτῷ,
1720 5251 1861 5321 ὴγάο

266 5324 459 5408 οπησεν
507 5340 691 5429 αὑτὸν]
740 5342 834 5394 καὶ
887 5336 1043 5395 εἶπεν
1087 5340 1238 5412 αὐτῷ
1270 5357 1284 5371 ⁸
1314 5342 1413 5395 Ἕν
1468 5336 1553 5395 σοι
1616 5341 1856 5414 ὑστερεῖ,

279 5428 487 5499 ὕπαγε,
533 5430 634 5485 ὅσα
660 5428 824 5501 ἔχεις
869 5430 1143 5501 πώλησον,
1192 5433 1286 5485 καὶ
1330 5430 1420 5493 δὺς
1459 5434 1717 5502 πτωχοῖς,
1764 5433 1860 5485 καὶ

281 5523 428 5589 ἕξεις
455 5521 725 5593 θησαυρὸν
752 5525 812 5576 ἐν
842 5522 1076 5595 οὐρανῷ,
1108 5526 1205 5578 καὶ
1227 5523 1392 5597 δεῦρο
1430 5524 1715 5579 ἀκολούθει
1744 5540 1857 5595 μοι,

281 5617 426 5685 ἄρας
456 5616 548 5671 τὸν
585 5616 837 5686 σταυρόν.
885 5616 945 5671 '0
997 5617 1063 5671 δὲ
1092 5618 1401 5685 στυγνάσας
1431 5617 1526 5671 ἐπὶ
1559 5616 1638 5687 τῷ
1675 5617 1816 5686 λόγῳ
1842 5656 1857 5680 ,

280 5704 493 5779 ἀπῆλθε
526 5706 884 5777 λυπούμενος,
912 5703 980 5779 ἦν
1006 5707 1116 5779 γὰρ
1146 5708 1284 5779 ἔχων
1318 5709 1578 5779 κτήματα
1608 5707 1801 5761 πολλὰ.
1833 5725 1849 5758 ι

282 5797 813 5865 Τινὶςδιασάλλουσι
848 5799 938 5855 τὸν
982 5800 1265 5855 νεανίσκον
1312 5799 1522 5868 τοῦτον,
1568 5802 1644 5864 ὡς
1688 5798 1857 5853 ὕπου-

1966 4597 2251 4651 bateum:
2297 4596 2605 4666 Praeceptor
2656 4598 2819 4661 bone,
2852 4597 2980 4667 quid
3034 4596 3227 4651 faciam
3275 4607 3334 4651 ut
3382 4600 3549 4652 vitam

1962 4699 2217 4744 aeternam
2253 4690 2553 4759 possideam
2578 4689 2607 4742 ‘l‘
2629 4688 2788 4744 Jesus
2819 4699 2998 4745 autem
3027 4691 3165 4744 dixit
3189 4688 3263 4743 illi
3288 4707 3302 4744 :
3324 4689 3435 4744 Cur
3461 4707 3547 4744 me

1962 4781 2098 4838 dicis
2124 4780 2356 4836 bonum?
2391 4780 2560 4835 Nemo
2586 4782 2781 4846 bonus,
2814 4782 2918 4835 nisi
2956 4798 3116 4845 unus,
3153 4796 3348 4851 nempe
3382 4781 3546 4837 Deus.

1962 4873 2233 4943 Pmcepta
2266 4872 2447 4927 nosti?
2478 4873 2555 4928 Ne
2583 4872 2895 4927 committas
2921 4872 3272 4936 adulterium,
3302 4887 3373 4928 ne
3401 4874 3549 4927 occi-

1963 4966 2083 5029 das,
2118 4978 2185 5017 ne
2228 4956 2448 5029 (ureris,
2496 4977 2562 5017 ne
2615 4962 2813 5018 falsum
2847 4964 3218 5018 testimonium
3268 4963 3439 5029 dicas,
3478 4978 3546 5017 ne

1960 5055 2199 5119 fraudes,
2236 5056 2441 5111 honora
2473 5069 2682 5125 patrem
2713 5064 2867 5109 tuum
2903 5063 2959 5110 et
3006 5064 3237 5110 matrem
3272 5064 3439 5109 tuam.
3477 5057 3546 5109 At

1959 5149 2050 5203 ille
2109 5149 2444 5219 respondens
2490 5132 2624 5202 dixit
2675 5146 2794 5203 illi:
2828 5146 3161 5217 Praeceptor,
3198 5148 3316 5203 haec
3362 5149 3543 5203 omnia

1959 5240 2167 5296 servavi
2221 5241 2295 5294 ab
2323 5238 2685 5294 adolescentia
2726 5252 2866 5291 mea.
2901 5235 3059 5292 Jesus
3087 5248 3265 5292 autem
3315 5239 3548 5293 intuitus

1958 5333 2130 5397 illum,
2167 5334 2355 5389 dilexit
2388 5349 2543 5396 eum,
2589 5341 2644 5387 et
2680 5331 2819 5386 dixit
2842 5332 2917 5387 illi
2951 5350 2964 5387 :
2998 5332 3178 5389 Unum
3229 5332 3324 5386 tibi
3359 5334 3547 5398 deest;

1962 5428 2071 5487 abi.
2107 5440 2447 5496 quascunque
2478 5425 2645 5480 habes
2681 5425 2876 5491 vende,
2919 5436 2976 5481 et
3005 5431 3070 5481 da
3112 5427 3444 5495 pauperibus
3493 5432 3550 5479 et

1962 5519 2186 5574 habebis
2235 5518 2547 5572 thesaurum
2584 5518 2637 5573 in
2690 5518 2851 5583 caelo,
2905 5528 2960 5574 et
3001 5519 3124 5575 veni
3178 5533 3406 5588 sequere
3439 5532 3546 5581 me,

1962 5612 2178 5668 sublata
2210 5612 2261 5664 in
2301 5612 2559 5666 humeros
2595 5624 2777 5665 cruce.
2807 5610 2877 5663 At
2906 5611 2997 5663 ille
3040 5609 3286 5664 molestia
3321 5608 3548 5663 οσεειιιε

1962 5718 2059 5773 per
2093 5716 2422 5765 sermonem,
2458 5702 2765 5757 discedebat
2819 5714 3098 5767 mterens;
3137 5701 3371 5756 habebat
3402 5701 3549 5753 enim

1961 5795 2335 5867 possessiones
2387 5794 2609 5849 multas.
2671 5813 2689 5845 ι
2736 5792 2963 5859 Quidam
2991 5802 3179 5847 taxant
3230 5792 3552 5850 adolescsna
