4108 6334
656 376 763 441 599
1547 378 2113 441 THEOPHYLACTI
2156 379 2563 442 BULGARI/E
2600 379 2801 440 ARCH
2810 378 2949 441 IEP.
3768 376 3877 440 600

659 504 764 549 tem
796 491 942 549 illum
972 504 1023 550 et
1049 492 1330 555 subdolum
1373 502 1426 549 et
1462 494 1659 548 malum
1691 504 1741 549 et
1774 504 2114 548 tentatorem.
2164 497 2232 551 At
2264 505 2281 558 ε

2269 505 2299 558 Α
2333 495 2424 549 λόν
2450 510 2571 548 τινα
2606 494 2700 548 καὶ
2732 492 2970 563 πονηρὸν
2996 488 3089 543 καὶ
3139 489 3511 559 πειραστικόν.
3544 488 3661 544 Οὐκ
3694 488 3809 543 ἐστι
3834 491 3891 546 δὲ

658 598 765 639 non
792 583 866 638 ita
894 597 953 638 se
987 598 1071 638 res
1101 583 1285 649 habet,
1316 585 1407 638 sed
1443 585 1658 639 amabat
1688 584 1925 649 divitias,
1962 600 2066 638 non
2104 595 2225 639 ten-

2332 585 2508 641 τοῦτο·
2540 585 2677 639 ἀλλὰ
2716 584 3120 655 φιλοχρήματος
3152 582 3251 653 μὲν
3279 583 3307 635 6
3333 582 3643 652 ἄνθρωπος,
3675 580 3736 635 οὐ
3778 598 3893 634 πει-

656 676 819 729 tabat.
852 674 990 728 Audi
1025 675 1170 730 enim
1202 675 1606 745 evangelistam,
1648 678 1788 744 quod
1820 692 1941 730 cum
1992 677 2224 731 intuitus

2333 676 2532 746 ραστὴς
2585 677 2664 730 δέ.
2734 676 2928 728 ’Ἄκουε
2987 674 3097 744 γάρ
3166 674 3260 727 τοῦ
3330 672 3749 742 εὐαγγελιστοῦ,
3808 674 3888 726 ὅτι

652 772 796 818 esset
826 778 949 818 eum
980 763 1158 832 Iesus,
1193 765 1438 820 dilexerit
1494 765 1662 819 illum.
1704 764 1883 831 Quare
1926 768 2087 836 igitur
2145 770 2222 824 sic

2325 768 2599 836 ἐμϐλέψας
2646 765 2795 837 αὖτῷ
2864 768 2891 818 6
2924 765 3151 835 Ἰησοῦς,
3176 765 3463 835 ἠγάπησεν
3509 764 3695 818 αὐτόν.
3727 766 3883 818 Διατί

653 856 929 924 respondit
949 857 995 909 ei
1016 855 1265 911 Christus
1286 857 1469 911 dicens
1501 874 1514 909 :
1548 856 1733 911 Nullus
1760 858 1969 913 bonus?
1993 856 2126 923 Quia
2158 862 2221 911 ad

2323 855 2414 912 οὖν
2445 860 2585 913 οὓτω
2612 859 2745 928 πρὸς
2780 859 2940 913 αὐτὸν
2967 859 3299 927 ἀπεκρίνατο
3328 860 3353 910 6
3381 857 3634 927 Χριστὸς,
3669 858 3843 926 λέγων
3865 875 3877 888 ·

658 949 835 1015 ipsum
901 956 1203 1001 accesserat
1257 957 1507 1016 tanquam
1570 952 1635 1003 ad
1693 951 1987 1015 hominem,
2047 961 2100 1005 et
2150 951 2214 1004 ad

2322 952 2511 1015 Οὐδεὶς
2552 951 2789 1019 άγαθό;;
2850 950 3069 1021 Ἐπειδὴ
3121 952 3195 1013 ὡς
3248 949 3518 1020 ἀνθρώπῳ
3573 950 3883 1021 προσῆλθε,

651 1055 813 1093 unum
849 1054 912 1093 ex
950 1040 1245 1108 magistris.
1289 1040 1474 1093 Dicere
1512 1042 1653 1094 enim
1691 1042 1800 1096 vult
1828 1043 2075 1097 Christus
2105 1043 2211 1101 ε,δὶ

2321 1045 2414 1098 καὶ
2463 1043 2537 1108 ὡς
2587 1045 2666 1096 ένὶ
2716 1042 2821 1096 τῶν
2882 1043 3093 1095 πολλῶν
3136 1042 3491 1095 διδασκάλων.
3554 1043 3726 1095 Τοῦτο
3782 1046 3886 1112 γὰρ

649 1128 862 1196 quidem
895 1136 951 1182 ut
974 1129 1287 1196 magistrum
1342 1139 1497 1198 putas
1527 1147 1611 1184 me
1633 1145 1748 1184 esse
1782 1133 2005 1198 bonum,
2041 1134 2214 1188 nullus

2317 1135 2467 1203 λέγει
2503 1136 2531 1187 6
2559 1134 2791 1203 Χριστός
2815 1150 2827 1162 ·
2877 1133 3004 1185 Ἐὰν
3036 1132 3135 1202 μὲν
3157 1132 3237 1195 ,ὼς
3282 1132 3597 1185 διδάσκαλον
3644 1131 3885 1199 νομίζεις

649 1219 810 1274 homo
844 1219 1034 1285 bonus,
1067 1220 1111 1273 si
1152 1236 1269 1273 cum
1316 1220 1423 1273 Deo
1482 1221 1808 1285 conferatur,
1842 1224 1922 1276 sin
1955 1234 2011 1277 ut
2047 1225 2212 1278 Deum

2319 1245 2386 1297 με
2426 1224 2564 1281 εἶναι
2588 1226 2808 1294 ἀγαθὸν,
2844 1226 3019 1288 οὐδεὶς
3047 1226 3331 1293 ἅνθρωπος
3372 1224 3598 1292 ἀγαθὸς,
3638 1224 3717 1287 ὡς
3751 1225 3887 1293 πρὸς

649 1325 736 1365 me
772 1311 967 1365 bonum
1003 1325 1119 1365 esse
1158 1325 1364 1375 censes,
1412 1311 1539 1380 quid
1579 1312 1743 1381 igitur
1783 1316 2095 1383 magistrum
2130 1330 2216 1369 tne

2317 1319 2603 1387 σύγκρισιν
2633 1317 2725 1370 τοῦ
2745 1316 2898 1369 Θεοῦ’
2929 1316 3023 1370 ἐὰν
3052 1306 3108 1368 δὲ
3136 1315 3210 1378 ὼς
3228 1316 3359 1369 Θεὸν
3382 1314 3619 1384 νομίζεις
3653 1332 3720 1383 με
3746 1310 3884 1368 εῐναι

652 1401 852 1456 vocas?
881 1400 946 1453 Et
977 1401 1045 1454 ita
1074 1402 1251 1456 verbis
1288 1404 1407 1457 istis
1436 1402 1685 1459 Christus
1717 1414 1947 1459 mentem
1981 1407 2216 1462 hominis

2313 1408 2534 1477 ἀγαθὸν,
2580 1408 2632 1461 τί
2663 1408 2847 1461 λοιπὸν
2894 1406 3213 1460 διδάσκαλόν
3260 1423 3326 1476 με
3357 1406 3683 1474 όνομὰζει;;
3718 1404 3881 1457 Ὥστε

649 1494 791 1547 illius
826 1492 1191 1548 sublimiorem
1246 1493 1466 1547 reddere
1511 1494 1646 1557 vult,
1696 1504 1751 1548 ut
1797 1496 1911 1564 ipse
1960 1506 2212 1567 tanquam

2312 1501 2469 1557 τοῦτο
2499 1503 2586 1555 διὰ
2623 1501 2728 1554 τῶν
2764 1500 3025 1574 ῥημάτων
3068 1499 3274 1553 τούτων
3303 1500 3331 1551 6
3362 1498 3598 1568 Χριστὸς
3630 1497 3880 1566 βούλεται

647 1584 787 1638 Deus
836 1595 1178 1653 agnoscatur.
1234 1583 1338 1637 Sed
1388 1592 1443 1639 et
1481 1585 1623 1639 aliud
1670 1586 1923 1655 quiddam
1970 1588 2210 1657 corrigit,

2310 1593 2391 1660 τὸ,
2425 1593 2757 1665 ὑψηλοτέραν
2786 1593 3006 1662 ποιῆσαι
3035 1591 3134 1662 τὴν
3165 1590 3260 1644 τοῦ
3290 1589 3580 1659 ἀνθρώπου
3616 1590 3880 1653 διάνοιαν,

646 1676 883 1729 docendo
914 1676 1061 1730 illum
1093 1690 1159 1729 ne
1202 1676 1449 1729 aduletur
1478 1676 1559 1731 his
1590 1692 1708 1729 cum
1751 1678 1947 1747 quibus
1982 1694 2209 1733 conver-

2314 1687 2448 1756 πρὸς
2478 1686 2539 1738 τὸ
2566 1686 2861 1753 ἐπιγνῶναι
2904 1685 3065 1738 αὑτὸν
3102 1686 3178 1747 ὼς
3227 1682 3380 1736 Θεόν.
3436 1680 3593 1733 Ἀλλὰ
3636 1682 3731 1734 καὶ
3758 1680 3882 1733 ἄλλο

644 1776 859 1821 saturus
886 1776 987 1830 est,
1027 1768 1119 1821 sed
1172 1767 1405 1822 radicem
1442 1766 1750 1837 fontemque
1791 1769 2045 1824 bonitatis
2070 1771 2209 1823 sciat

2313 1795 2367 1832 τι
2420 1776 2695 1848 κατορθοῖ,
2755 1776 2816 1829 τὸ
2864 1776 3067 1838 διδάξαι
3116 1773 3301 1838 αὐτὸν,
3363 1773 3494 1826 ὅταν
3550 1773 3657 1824 τινὶ
3714 1771 3880 1842 μέλλῃ

645 1858 834 1918 Deum,
887 1860 968 1911 cui
1020 1858 1192 1912 honor
1225 1858 1539 1911 tribuendus
1585 1869 1685 1912 est.
1733 1859 1986 1914 Admiror
2028 1871 2206 1913 autem
2240 1854 2267 1910 Ε

2255 1854 2281 1909 Β
2310 1870 2585 1941 ὁμιλῆσαι,
2617 1869 2689 1939 μὴ
2720 1866 3124 1928 κολακευτικῶς
3157 1865 3386 1934 ὁμιλεῖν,
3415 1862 3549 1916 άλλά
3586 1863 3685 1931 τὴν
3726 1861 3877 1933 ρἔαν

641 1945 1064 2011 adolescentem,
1114 1949 1253 2017 quod
1301 1962 1421 2002 cum
1455 1948 1541 2001 alii
1576 1950 1814 2018 plerique
1846 1950 2204 2003 sanandorum

2309 1961 2401 2013 καὶ
2425 1958 2523 2030 τὴν
2550 1959 2732 2029 πηγὴν
2760 1958 2855 2027 τῆς
2886 1955 3238 2024 ἁγαθότητος,
3261 1954 3457 2007 εἰδέναι
3482 1952 3571 2004 τὸν
3605 1950 3761 2015 Θεὸν,
3790 1950 3879 2003 καὶ

642 2044 951 2096 morborum
983 2046 1151 2112 gratia
1186 2044 1552 2108 accesserint,
1585 2043 1671 2098 ille
1704 2044 1827 2097 vitae
1856 2053 2069 2098 reterns:
2096 2043 2207 2097 hu:-

2308 2049 2455 2120 αὐτῷ
2493 2049 2591 2112 τὰς
2630 2050 2792 2119 τιμὰς
2835 2047 3148 2117 ἀναφέρειν.
3190 2044 3471 2113 Θαυμάζω
3500 2043 3555 2096 δὲ
3588 2042 3679 2094 τὸν
3708 2041 3878 2094 νεανί-

643 2134 921 2186 nuditatem
973 2135 1270 2202 quaesierit,
1330 2135 1541 2189 tametsi
1588 2135 1904 2205 gravissimo
1958 2136 2201 2191 avaritia:

2308 2160 2435 2196 σκον
2470 2143 2678 2206 τοῦτον,
2706 2143 2787 2194 ὅτι
2822 2140 2931 2193 τῶν
2982 2139 3157 2193 ἄλλων
3190 2138 3445 2190 ἁπάντων
3478 2136 3605 2204 περὶ
3638 2133 3878 2201 νοσημά-

641 2227 825 2280 morbo
854 2234 1159 2280 teneretur:
1191 2235 1407 2295 propter
1429 2226 1568 2295 quod
1593 2243 1712 2281 cum
1739 2229 2000 2293 audisset,
2036 2226 2198 2293 Vade,

2303 2251 2410 2286 των
2467 2232 2760 2302 θεραπείας
2806 2230 3163 2299 προσιόντων,
3222 2225 3384 2288 αὐτὸς
3457 2224 3603 2293 ζωῆς
3654 2224 3876 2277 αἰωνίου

643 2317 830 2381 vende,
856 2328 909 2371 et
936 2318 998 2371 da
1022 2318 1367 2388 pauperibus,
1399 2318 1530 2371 abiit
1551 2319 1767 2373 tristitia
1796 2318 2037 2373 allectus.
2074 2318 2203 2374 Vide

2304 2322 2666 2393 κληρονομίαν
2699 2320 2871 2389 ζητεῖ,
2913 2321 2961 2372 εί
3002 2320 3095 2371 καί
3134 2317 3292 2372 πάθει
3319 2316 3611 2384 δεινοτάτῳ
3653 2319 3721 2384 τῇ
3758 2316 3877 2382 φιλ-

636 2418 817 2462 autem
841 2409 980 2477 quod
1004 2424 1108 2463 non
1134 2410 1349 2473 dixerit,
1387 2408 1552 2475 Vade,
1587 2419 1640 2463 et
1662 2424 1992 2478 quaecunque
2016 2411 2199 2476 habes,

2302 2412 2540 2483 αργυρίᾳ
2587 2411 2892 2481 κατείχετο,
2940 2410 3009 2462 δι’
3063 2409 3127 2479 ἢν
3174 2407 3434 2470 ἀκούσας,
3488 2407 3729 2473 ”Υπαγε,
3764 2406 3878 2459 πώ-

636 2501 993 2571 particulatim
1042 2500 1233 2564 vende,
1263 2509 1316 2553 et
1343 2501 1445 2556 da:
1481 2505 1599 2567 sed,
1633 2502 1812 2557 Vende
1835 2502 2021 2567 semel,
2055 2512 2108 2556 et
2134 2504 2198 2556 da

2301 2503 2483 2573 λησον,
2511 2503 2604 2555 rat
2648 2502 2735 2565 δὺς
2771 2503 3030 2569 πτωχοῖς,
3074 2498 3281 2567 ἀπῆλθε
3318 2495 3678 2565 λυπούμενος.
3736 2497 3878 2567 Ὅρα

640 2595 983 2663 pauperibus,
1020 2594 1213 2661 inquit,
1245 2593 1339 2648 sed
1377 2609 1480 2647 non
1512 2593 1885 2647 adulatoribus
1919 2602 1973 2647 et
2007 2595 2199 2647 intem-

2300 2594 2374 2655 δὲ,
2426 2594 2525 2646 οὐκ
2564 2592 2737 2657 εἶπεν,
2784 2592 3130 2658 ὃτι”Υπαγε,
3161 2591 3260 2643 ὅσα
3313 2589 3457 2659 ἔχεις
3504 2589 3674 2641 πώλει
3735 2588 3875 2642 κατὰ

636 2686 857 2755 peratis.
890 2684 1113 2752 Insuper
1137 2693 1189 2737 et
1213 2684 1311 2736 hoc
1340 2684 1501 2737 dicit:
1536 2682 1689 2747 Veni,
1710 2697 1938 2751 sequere
1968 2698 2073 2748 me,
2100 2684 2199 2737 hoe

2305 2684 2470 2753 μέρος
2507 2685 2599 2735 καὶ
2624 2683 2791 2746 δίδου,
2825 2682 2961 2735 ἀλλὰ
3002 2682 3252 2751 πώλησον
3297 2680 3402 2733 ἀπὸ
3438 2681 3587 2749 μιᾶς,
3626 2683 3723 2732 καὶ
3767 2680 3872 2741 δὸς,

635 2786 739 2841 est,
788 2785 841 2830 et
886 2790 1100 2831 omnem
1151 2776 1310 2827 aliam
1366 2774 1618 2827 virtutem
1665 2773 1995 2840 amplexare.
2052 2772 2198 2826 Multi

2299 2774 2434 2829 ἀλλά
2466 2776 2721 2843 πτωχοῖς,
2753 2774 2889 2826 ἀλλὰ
2945 2773 3019 2843 μὴ
3047 2771 3235 2836 κόλαξι
3283 2773 3375 2825 καὶ
3417 2770 3670 2833 ἀσώτοις.
3717 2771 3874 2823 Ἀλλὰ

633 2868 776 2922 enim
808 2880 1068 2935 pauperes
1092 2875 1238 2930 sunt,
1272 2865 1365 2919 sed
1402 2879 1508 2919 non
1542 2863 1769 2917 humiles
1803 2882 1816 2917 :
1846 2862 1928 2917 vel
1959 2862 2058 2916 etsi
2097 2863 2193 2916 hu-

2299 2848 2389 2918 καὶ
2419 2864 2577 2935 δεῦρο
2598 2905 2613 2927 ,
2651 2864 2933 2917 ἀκολούθει
2970 2882 3079 2934 μοι,
3115 2864 3384 2928 τουτέστι,
3459 2864 3555 2916 καὶ
3577 2862 3675 2933 τὴν
3706 2863 3875 2933 ἄλλην

635 2956 811 3020 miles,
846 2971 947 3010 non
984 2966 1160 3009 tamen
1189 2953 1375 3018 sobrii,
1401 2954 1494 3007 sed
1525 2953 1683 3016 ebrii,
1722 2952 1805 3006 vel
1830 2952 1935 3005 alio
1959 2953 2191 3021 quodam

2298 2957 2515 3010 ἅπασαν
2546 2957 2745 3025 ἀρετὴν
2781 2956 3025 3025 μέτελθε.
3061 2956 3252 3009 Πολλοὶ
3283 2957 3393 3027 γάρ
3428 2956 3740 3026 άκτήμονες
3776 2956 3876 3024 μέν

635 3047 774 3103 malo
806 3046 1070 3117 impliciti.
1101 3041 1167 3099 Et
1196 3055 1476 3115 propterea
1512 3044 1772 3099 Dominus
1802 3046 1963 3099 dicit:
1990 3046 2192 3109 Vende,

2298 3048 2455 3111 εἰσιν,
2483 3047 2542 3099 οὐ
2573 3047 2996 3116 ταπεινόφρονες
3022 3047 3100 3108 δὲ,
3124 3048 3157 3119 ἢ
3184 3048 3277 3101 καὶ
3301 3048 3727 3117 ταπεινόφρονες
3754 3047 3872 3117 μὲν,

634 3148 689 3193 et
718 3138 783 3192 da
830 3138 1180 3207 pauperibus,
1229 3146 1284 3190 et
1328 3150 1556 3205 sequere
1602 3151 1706 3201 me,
1748 3136 1959 3191 sublata
2014 3151 2192 3202 cruce,
2224 3181 2256 3239 ε

2254 3136 2432 3238 ³ἀλλὰ
2472 3135 2754 3206 μέθυσοιῆ
2802 3136 2928 3188 ἄλλο
2975 3153 3027 3189 τι
3074 3138 3242 3191 κακὸν
3293 3137 3529 3208 ἔχοντες.
3573 3139 3675 3189 Διὰ
3715 3137 3876 3189 τοῦτο

636 3231 739 3282 hoc
785 3239 887 3291 est,
921 3235 1216 3295 praeparato
1253 3227 1423 3294 teipso
1452 3241 1550 3295 pro
1596 3240 1680 3281 me
1728 3227 1793 3279 ad
1829 3236 2080 3281 mortem.
2129 3228 2198 3279 At
2227 3226 2258 3239 “

2252 3226 2267 3238 ”
2299 3226 2391 3282 οὖν
2418 3230 2446 3281 6
2475 3228 2676 3298 Κύριος
2702 3229 2872 3296 λέγει’
2908 3228 3186 3299 Πώλησον,
3223 3230 3318 3282 καὶ
3355 3229 3442 3292 δὶς
3489 3230 3749 3301 πτωχοῖς,
3784 3230 3874 3280 καὶ

632 3318 739 3382 hic,
772 3328 995 3373 incestus
1054 3318 1122 3373 ob
1167 3332 1473 3373 sermonem
1527 3316 1699 3381 illum,
1751 3318 1902 3372 abiit.
1954 3317 2196 3372 Habebat

2299 3317 2582 3372 ἀκολούθει
2624 3334 2749 3387 μοι,
2796 3319 2933 3387 ἄρας
2977 3318 3069 3372 τὸν
3120 3320 3369 3390 σταυρὸν,
3412 3320 3684 3382 τουτέστι,
3735 3320 3875 3390 πρὸς

630 3407 775 3462 enim
806 3408 1174 3477 possessiones
1198 3408 1412 3465 multas.
1438 3408 1545 3465 Nec
1569 3411 1771 3464 frustra
1803 3410 2025 3475 addidit,
2060 3410 2196 3463 mul-

2298 3410 2526 3464 θάνατον
2554 3408 2645 3462 τὸν
2676 3409 2816 3481 ὑπὲρ
2847 3408 2980 3477 ἐμοῦ
3024 3410 3320 3480 ἑτοιμάσας
3368 3410 3614 3464 σεαυτόν.
3687 3412 3748 3464 ’0
3790 3411 3869 3477 δὲ,

634 3510 764 3559 tas:
806 3514 911 3553 non
941 3501 1081 3554 enim
1117 3500 1365 3557 similiter
1412 3502 1695 3572 alligantur
1738 3503 1791 3556 hi
1839 3504 1929 3571 qui
1972 3509 2194 3557 multum

2298 3502 2604 3569 στυγνάσας
2646 3502 2738 3555 ἐπὶ
2782 3501 2861 3571 τῷ
2893 3502 3055 3571 λόγῳ,
3106 3502 3369 3572 ἀπῆλθεν.
3408 3498 3518 3557 Ἦν
3568 3504 3680 3574 γὰρ
3731 3504 3872 3573 ἔχων

631 3602 686 3645 et
722 3592 772 3646 hi
814 3593 906 3661 qui
956 3608 1142 3661 parum
1194 3595 1489 3663 possident.
1538 3593 1811 3650 Dimcilius
1844 3597 1988 3651 enim
2032 3610 2196 3664 expe-

2296 3596 2547 3663 κτήματα
2579 3595 2749 3648 πολλά
2782 3611 2797 3627 ·
2836 3595 2899 3648 ού
2955 3596 3131 3664 μάτην
3161 3595 3218 3649 δὲ
3251 3596 3570 3667 πρόσκειται
3601 3595 3761 3649 τοῦτο
3787 3594 3868 3659 τὸ,

574 3733 579 3737 .
631 3687 853 3738 diuntur
881 3685 1093 3739 vincula
1129 3700 1314 3740 eorum
1349 3688 1438 3755 qui
1473 3688 1637 3741 multa
1667 3689 1961 3755 possident.
1994 3687 2193 3741 Verum

2297 3685 2485 3737 πολλά.
2515 3686 2626 3738 Καὶ
2659 3684 2765 3755 γὰρ
2787 3684 2884 3755 οὐχ
2910 3686 3108 3752 ὁμοίως
3136 3686 3248 3738 οἵτε
3281 3686 3449 3740 πολλὰ
3478 3685 3718 3757 ἔχοντες,
3754 3686 3866 3739 οἵτε

632 3787 686 3831 et
711 3775 754 3829 si
794 3778 917 3845 quis
961 3777 1277 3832 adolescens
1309 3776 1471 3833 fuerit
1511 3778 1730 3846 juvenili
1767 3794 1830 3833 ac
1872 3779 1972 3833 levi
2007 3794 2191 3843 sensu,

2294 3778 2451 3846 ὀλίγα
2470 3778 2810 3848 κατέχονται,
2837 3778 2972 3833 ἀλλὰ
2993 3779 3268 3851 δεινότερα
3286 3781 3379 3833 καὶ
3402 3779 3867 3850 δυσδιαλυτώτερα

631 3874 685 3920 et
718 3866 853 3921 male
893 3866 1191 3938 composita
1235 3879 1440 3936 mente,
1473 3870 1668 3924 vendat
1702 3870 1862 3940 225
1915 3869 2193 3926 facultates

2294 3869 2362 3923 τὰ
2386 3870 2558 3936 δεσμὰ
2584 3871 2691 3923 τῶν
2729 3869 2941 3924 πολλῶν
2990 3872 3306 3942 κτημάτων.
3361 3871 3522 3925 Ἀλλὰ
3557 3872 3663 3925 κᾶν
3689 3872 3868 3924 νεανί-

630 3968 776 4019 suas,
811 3963 993 4023 utpote
1024 3956 1157 4011 iram
1190 3966 1245 4009 et
1284 3958 1796 4027 concupiscentiam,
1837 3966 1890 4014 ct
1925 3976 2192 4029 quaecun-

2296 3977 2421 4023 σκος
2455 3962 2537 4031 εῐη
2570 3979 2654 4025 τις
2682 3963 2948 4034 νεώτερος
2986 3963 3078 4016 καὶ
3118 3964 3317 4034 κοῦφος
3344 3965 3444 4034 τὴν
3474 3964 3740 4029 διάνοιαν,
3773 3960 3865 4017 καὶ

626 4060 733 4114 que
766 4060 828 4099 ex
866 4044 949 4101 bis
997 4047 1137 4101 mala
1186 4047 1470 4116 pullulant,
1527 4058 1580 4103 et
1629 4051 1718 4103 det
1764 4064 1824 4105 ea
1874 4065 1937 4104 ac
1976 4050 2191 4120 abjieiat

2298 4051 2372 4120 μὴ
2418 4052 2777 4123 καθεστηκὼς
2818 4054 2917 4117 τὰς
2947 4056 3171 4123 φρένας,
3208 4055 3515 4126 πωλησάτω
3572 4055 3639 4108 τά
3689 4055 3861 4124 ὑπάρ-

629 4136 972 4205 pauperihus,
1035 4137 1136 4191 hoc
1192 4145 1275 4192 est
1326 4138 1657 4196 damonibns
1692 4153 1993 4207 :panperes
2049 4141 2189 4194 enim

2293 4160 2453 4212 χοντα
2480 4144 2627 4215 αὐτῷ
2656 4161 2669 4175 ν
2704 4140 2813 4197 οἷον
2851 4146 3025 4216 θυμὸν
3052 4148 3144 4201 καὶ
3192 4147 3508 4216 ἐπιθυμίαν,
3534 4148 3629 4199 καὶ
3665 4146 3767 4200 ὅσα
3804 4148 3865 4198 ὲκ

629 4237 755 4280 sunt
813 4228 1064 4297 omnique
1117 4228 1310 4297 privati
1342 4232 1499 4294 bono,
1550 4239 1604 4284 et
1639 4232 1955 4285 exciderunt
1991 4232 2190 4287 divitiis

2292 4235 2495 4290 τούτων
2524 4236 2668 4288 κακὰ
2712 4236 2957 4306 φύονται,
2988 4238 3083 4291 καὶ
3114 4238 3252 4292 δότω
3295 4240 3466 4293 ταῦτα
3496 4240 3589 4293 καὶ
3624 4238 3857 4309 ἀπορρι-

628 4319 888 4375 bonitatis
926 4320 1054 4374 Dei:
1092 4330 1145 4374 et
1170 4328 1296 4374 tunc
1320 4329 1575 4389 sequatur
1602 4320 1899 4376 Christum.
1930 4321 2063 4376 Nam
2097 4325 2188 4392 qni

2290 4326 2445 4395 ψάτω
2488 4329 2603 4390 τοῖς
2643 4328 2911 4398 δαίμοσιν,
2964 4330 3161 4395 οἵτινές
3207 4332 3313 4384 είσι
3355 4330 3561 4401 πτωχοὶ
3594 4368 3611 4395 ,
3650 4328 3857 4391 παντὸς

627 4408 840 4463 divitias
872 4419 1215 4478 peccatorum
1242 4409 1575 4464 damonibus
1604 4408 1877 4476 objecerit,
1916 4413 2064 4479 sequi
2092 4429 2188 4482 po-

2292 4420 2645 4488 ὲστερημένοι
2689 4420 2894 4488 ἀγαθοῦ
2927 4422 3024 4475 καὶ
3070 4422 3163 4476 τοῦ
3194 4423 3426 4477 πλούτου
3455 4424 3552 4493 τῆς
3584 4422 3862 4493 ἁγαθότη-

631 4501 755 4554 terit
791 4498 1083 4555 Christum.
1124 4518 1142 4552 ι
1179 4500 1397 4555 Declina
1444 4501 1586 4556 enim
1638 4515 1669 4555 a
1704 4502 1843 4557 malo
1872 4502 1941 4570 δ’,
1992 4506 2183 4573 inquit,
2223 4511 2253 4565 [1

2237 4511 2264 4565 3
2292 4528 2383 4575 τος
2410 4510 2502 4564 τοῦ
2538 4512 2673 4566 Θεοῦ
2705 4514 3143 4578 ἐκπεπτωκότες.
3177 4516 3285 4568 Καὶ
3334 4515 3458 4569 τότε
3491 4516 3859 4572 ἀκολουθείτω

632 4592 733 4643 hoc
757 4600 861 4658 est,
895 4590 1065 4660 abjice
1092 4591 1259 4647 malas
1299 4592 1514 4646 divitias
1546 4593 1869 4662 pauperibus
1902 4597 2185 4665 potestati-

2290 4602 2367 4673 τῷ
2398 4604 2641 4673 Χριστῷ.
2684 4602 2745 4658 '0
2785 4605 2893 4675 γὰρ
2926 4605 3238 4676 ἀπορρίψας
3280 4605 3372 4659 τὸν
3416 4606 3523 4659 τῶν
3576 4608 3859 4679 ἀμαρτιιῖιν

632 4684 749 4746 bus,
799 4684 1129 4740 daemonibus
1178 4686 1418 4753 inquam,
1451 4694 1503 4739 et
1549 4685 1631 4739 lac
1663 4688 1885 4751 bonum,
1935 4691 2034 4743 hoc
2081 4700 2183 4753 est,

2294 4694 2521 4749 πλοῦτον
2560 4700 2674 4760 τοῖς
2697 4698 2970 4767 δαίμοσιν,
3026 4700 3233 4763 ἐκεῖνος
3274 4699 3497 4753 δύναται
3550 4700 3859 4757 ἀκολουθεῖν

629 4786 853 4842 sequere
884 4775 1176 4839 Christum,
1208 4783 1261 4829 et
1290 4774 1417 4830 tolle
1442 4790 1679 4831 crucem.

2292 4785 2371 4855 τῷ
2403 4785 2643 4856 Χριστῷ.
2682 4806 2701 4839 ι
2755 4788 3039 4842 Ἔκκλινον
3071 4788 3180 4861 γὰρ
3225 4790 3335 4843 ἀπὸ
3376 4788 3548 4845 κακοῦ
3580 4808 3597 4824 ο
3635 4812 3655 4846 ι
3703 4792 3859 4847 τοῦτο

626 4866 687 4919 τὸ
728 4867 1025 4938 ἀπορρίψω
1063 4869 1153 4923 τὸν
1196 4869 1363 4923 κακὸν
1436 4871 1667 4925 πλοῦτον
1710 4872 1831 4931 ταῖς
1908 4877 2152 4942 πτωχαῐς
2215 4876 2479 4949 δυνάμεσι
2526 4879 2646 4933 τῶν
2688 4880 2978 4952 δαιμόνωνο
3026 4882 3122 4936 καὶ
3159 4883 3386 4956 ποίησον
3433 4882 3661 4953 ἀγαθὸν,
3700 4884 3858 4941 τοῦτο

626 4960 684 5012 τὸ
712 4960 1023 5013 ἀκολουθεῖν
1058 4962 1135 5031 τῷ
1171 4963 1411 5035 Χριστῷ,
1452 4965 1547 5018 καὶ
1579 4960 1709 5037 ἆραι
1741 4966 1831 5019 τὸν
1878 4967 2125 5036 σταυρόν.

700 5054 859 5107 Vens.
891 5053 1078 5109 23-27.
1120 5075 1138 5107 ι
1187 5057 1251 5110 Et
1304 5074 1425 5112 cum
1488 5061 1958 5127 circumspexisset
2011 5060 2188 5129 Jesus;

2372 5085 2391 5117 ι
2427 5068 2535 5121 Καὶ
2551 5069 3014 5139 περιϐλεψάμενος
3043 5071 3069 5125 6
3106 5070 3333 5141 Ἰησοῦς,
3360 5070 3509 5139 λέγει
3538 5076 3651 5139 τοῖς
3681 5076 3857 5149 μαθη-

627 5145 753 5200 dicit
780 5145 1056 5214 discipulis
1089 5147 1199 5202 suis
1232 5167 1244 5201 :
1274 5147 1444 5214 Quam
1483 5150 1763 5205 diﬂiculter
1812 5152 1845 5205 ii
1881 5152 1971 5222 qui
2027 5169 2187 5221 pecu-

2294 5153 2411 5214 ταῖς
2444 5155 2608 5208 αὑτοῦ
2649 5171 2663 5186 ·
2698 5157 2821 5220 Πῶς
2850 5157 3123 5221 δυσκόλως
3166 5160 3215 5211 oi
3244 5159 3311 5213 τά
3340 5164 3594 5232 χρήματα
3646 5145 3856 5236 ἔχοντες

628 5234 743 5287 nias
770 5234 984 5297 habent,
1042 5236 1094 5290 in
1149 5252 1367 5307 regnum
1427 5240 1515 5293 Dei
1571 5242 1879 5297 intrabunt!
1932 5242 2180 5311 Discipuli

2289 5244 2366 5306 είς
2392 5246 2490 5313 τὴν
2518 5244 2791 5314 βασιλείαν
2816 5246 2907 5299 τοῦ
2930 5246 3064 5300 Θεοῦ
3096 5248 3495 5305 είσελεύσονται
3524 5268 3539 5317 ;
3568 5254 3633 5306 Οί
3750 5272 3854 5323 μα-

628 5338 751 5377 vero
782 5325 1133 5393 ohstuperunt
1165 5343 1325 5397 super
1356 5332 1536 5386 verbis
1572 5331 1735 5388 illius.
1775 5335 1843 5387 At
1881 5332 2041 5389 Jesus
2068 5350 2186 5388 rur-

2286 5334 2442 5402 θηταὶ
2494 5334 2829 5403 ἐθαμϐοῦντο
2876 5338 2967 5390 ἐπὶ
3026 5340 3139 5403 τοῖς
3194 5339 3375 5409 λόγοις
3430 5342 3623 5436 aetati.
3704 5345 3764 5399 ’0
3800 5345 3851 5399 δὲ

623 5431 739 5467 sum
782 5417 1128 5484 respondens,
1152 5421 1280 5475 dicit
1312 5420 1413 5475 illis
1446 5442 1458 5476 :
1486 5422 1629 5487 Filii,
1673 5438 1831 5493 quam
1868 5424 2080 5479 dimcile
2108 5433 2188 5480 est

2298 5426 2501 5496 Ἰησοῦς
2537 5427 2699 5481 πάλιν
2720 5429 3058 5500 ἀποκριθεὶς,
3088 5431 3236 5498 λέγει
3262 5417 3490 5497 αὑτοῖςῗ
3516 5433 3717 5499 Τέκνα,
3743 5436 3852 5499 πῶς

624 5523 716 5561 eos
740 5508 830 5577 qui
860 5508 1106 5563 ﬁduciam
1154 5511 1355 5566 habent
1415 5515 1465 5567 in
1512 5516 1773 5583 pecuniis,
1820 5532 2044 5587 regnum
2092 5517 2185 5571 Dei

2285 5520 2536 5574 δύσκολόν
2574 5523 2688 5573 ἐστι
2740 5527 2866 5587 τοὺς
2927 5509 3249 5589 πεποιθότας
3314 5527 3410 5580 ἐπὶ
3467 5528 3745 5597 χρήμασιν
3779 5529 3850 5589 εις

632 5599 855 5667 ingredi.
903 5600 1135 5656 Facilius
1182 5614 1263 5657 cst
1300 5608 1561 5661 eamelum
1618 5624 1711 5678 per
1756 5607 2002 5664 foramen
2061 5624 2189 5663 acus

2284 5612 2381 5679 τὴν
2413 5612 2690 5681 βασιλείαν
2714 5615 2808 5668 τοῦ
2843 5613 2978 5669 θεοῦ
3000 5615 3280 5672 είσιλθεῐν.
3316 5614 3713 5688 Εὐκοπώτερόν
3736 5619 3848 5672 ἑστι

696 5776 740 5807 ⁸·
772 5776 911 5831 Psal.
947 5795 1129 5845 uxvr,
1162 5781 1251 5834 27.
