4108 6334
243 379 355 443 εοι

1022 372 1466 437 ENARBATIO
1504 373 1585 434 IN
1623 374 2130 439 EV'ANGELIUM
2170 376 2436 443 MARCI.
2459 381 2711 442 —CAP.
2745 380 2817 441 X.

3431 376 3540 441 602

249 490 503 563 κάμηλον
529 489 617 546 διά
650 490 953 563 τρυμαλιᾶς
993 489 1217 561 ῥαφίδος
1247 464 1497 552 διελθεῖν,
1522 487 1555 558 ή
1582 487 1836 543 πλούσιον

1946 493 2605 566 ingrcdi,qnamdivitem
2659 494 2711 548 in
2744 508 2970 563 regnum
3023 490 3116 546 Dei
3168 489 3397 561 ingredi.
3456 490 3538 545 illi

250 586 333 648 εἰς
357 584 456 654 τὴν
485 583 759 654 βασιλείαν
790 572 893 635 τοῦ
942 580 1079 635 Θεοῦ
1114 580 1395 635 εἰσελθεῖν.
1425 580 1493 633 Ol
1530 579 1587 633 δὲ
1639 596 1842 648 περισο

251 674 365 739 σῶς
401 674 810 745 ἐξεπλήττοντο,
847 672 1098 742 λέγοντες
1142 671 1282 742 πρὸς
1339 670 1589 733 ἑαυτούς’
1620 670 1730 724 Καὶ
1760 671 1845 734 τίς

248 768 475 822 δύναται
505 767 773 837 σωθῆναι;
800 765 1109 837 Ἐμσλίψας
1143 765 1199 818 δὲ
1227 764 1411 828 αὐτοῖς
1453 764 1483 815 6
1519 763 1727 833 Ἰησοῦς
1757 763 1843 815 λέ-

252 877 377 929 γει·
409 861 569 932 Παρὰ
599 859 910 931 ἀνθρώποις
960 859 1245 925 ἀδύνατον,
1278 858 1394 912 ἀλλ’
1449 858 1510 911 οὐ
1551 857 1703 928 παρά
1766 858 1843 926 τῷ

253 952 399 1023 Θεῷ.
434 953 618 1007 Πάντα
648 954 755 1023 γάρ
790 951 991 1005 δυνατά
1021 954 1140 1005 ἐστι
1168 952 1319 1022 παρά
1375 948 1452 1020 τῷ
1478 950 1616 1021 Θεῷ.
1648 968 1666 1000 ι
1701 946 1841 1019 Οὐχὶ

247 1044 324 1099 τὰ
352 1048 609 1116 χρήματα
654 1045 821 1111 κακὲ,
853 1045 969 1098 ἀλλ’
1013 1045 1061 1097 ol
1098 1044 1316 1115 ἔχοντες
1355 1044 1499 1098 αὐτὰ
1556 1041 1841 1096 διαϐάλλει

255 1140 386 1196 σθαι
410 1141 548 1208 ἄξιοι
572 1157 585 1171 ³
619 1140 701 1194 δεῖ
732 1141 839 1210 γὰρ
895 1139 970 1210 μὴ
1002 1138 1153 1209 ἔχειν
1186 1138 1327 1191 αὐτά
1354 1176 1369 1199 .
1405 1137 1655 1191 τουτέστι
1712 1154 1843 1190 κατ-

259 1232 440 1304 έχειν,
470 1231 607 1286 ἀλλὰ
642 1230 876 1302 γρῆοθαι
903 1232 1083 1294 αὐτοῖς
1121 1231 1201 1293 είς
1229 1229 1370 1283 δέον.
1398 1229 1674 1300 Χρήματα
1729 1229 1839 1298 γὰρ

251 1325 473 1397 εἴρηται
497 1324 648 1396 παρὰ
684 1326 743 1377 τὸ
772 1326 850 1384 εἰς
890 1325 1089 1395 χρῆσιν
1131 1316 1275 1375 εἶναι
1328 1322 1658 1391 ἀνθρώποις,
1721 1320 1843 1390 οὐχὶ

250 1416 409 1485 παρά
432 1417 493 1469 τὸ
540 1415 885 1486 κατέχεσθαι.
951 1412 1016 1469 Οἱ
1071 1414 1249 1465 τοίνυν
1279 1411 1493 1482 ἔχοντες
1556 1412 1650 1465 καὶ
1702 1412 1843 1464 ἀπο-

251 1508 525 1573 κλείοντες
582 1508 777 1572 ταῦτα,
839 1506 1112 1569 δυσκόλως
1166 1504 1570 1558 εἰσελεύσονται
1614 1506 1694 1566 εἰς
1741 1504 1843 1572 τὴν

251 1597 535 1669 βασιλείαν
560 1600 653 1651 τοῦ
687 1599 840 1652 Θεοῦ.
880 1598 953 1649 Τὸ
1012 1597 1068 1649 δὲ
1123 1595 1383 1649 δύσκολον
1428 1594 1662 1647 ἐνταῦθα
1723 1594 1845 1647 ἀντὶ

246 1688 347 1747 τοῦ
382 1690 641 1744 ἀδύνατον
673 1691 802 1743 νόει.
846 1690 1136 1744 ’Δδύνατον
1167 1689 1275 1757 γάρ
1307 1688 1418 1739 ἐστι
1450 1686 1703 1740 πλούσιον
1753 1684 1845 1739 ἄν·

248 1778 469 1851 θρωπον
504 1782 771 1851 σωθῆναι.
804 1780 980 1834 Τοῦτο
1010 1780 1068 1833 δὲ
1094 1780 1251 1850 δῆλον
1282 1778 1391 1832 ἀπὸ
1445 1779 1540 1830 τοῦ
1583 1776 1839 1843 ὑποδείγ-

257 1889 448 1941 ματος,
485 1873 512 1925 ὃ
572 1874 784 1944 τίθησιν
828 1873 855 1924 6
897 1872 1122 1943 Κύριος,
1154 1870 1327 1938 λέγων
1353 1868 1435 1922 ὃτι
1466 1865 1844 1935 εὐκοπώτερόν

246 1968 366 2021 εστι
400 1965 645 2036 κάμηλον
710 1964 800 2020 διὰ
845 1967 1201 2035 τρυπήματος
1251 1961 1473 2033 ῥαφίδος
1523 1959 1771 2021 διελθεῖν,
1809 1958 1841 2029 ἢ

248 2058 508 2111 πλούσιον
544 2060 623 2121 είς
657 2058 757 2127 τήν
786 2056 1063 2125 βασιλείαν
1099 2054 1191 2108 τοῦ
1212 2055 1375 2108 Θεοῦ.
1423 2053 1710 2107 Ἀδύνατον
1736 2052 1845 2120 γάρ

247 2151 368 2203 ἔστι
390 2150 638 2219 κάμηλον
667 2149 755 2201 διά
774 2150 1135 2217 τρυπήματος
1178 2145 1399 2217 βελόνης
1428 2142 1681 2196 διελθεῖν.
1724 2142 1843 2195 Κά-

256 2240 427 2311 μηλον
449 2240 506 2294 δὲ
541 2240 670 2307 νόει,
705 2238 737 2309 ἥ
775 2238 907 2292 αὐτὸ
939 2239 998 2291 τὸ
1034 2237 1192 2303 ζῶον,
1224 2236 1257 2307 ἢ
1300 2235 1511 2306 σχοῖνόν
1566 2250 1687 2286 τινα
1734 2249 1843 2285 πα-

246 2335 422 2406 χεῖαν,
452 2330 483 2407 ᾖ
521 2334 585 2386 τὰ
618 2333 853 2402 μέγιστα.
878 2330 987 2383 τῶν
1022 2329 1222 2383 πλοίων
1251 2328 1511 2399 χρῶνται.
1553 2324 1843 2379 Ἀδύνατον

246 2426 346 2480 οὖν
378 2426 663 2495 ἄνθρωπον
690 2427 747 2478 ὲν
779 2425 890 2494 ὅσῳ
927 2426 1043 2476 ἐστὶ
1063 2420 1340 2483 πλούσιος,
1371 2419 1634 2489 σωθῆναι.
1674 2418 1834 2489 Παρὰ

248 2520 437 2592 μέντοι
487 2520 566 2590 τῷ
617 2518 737 2588 Θεῷ
781 2516 1008 2571 δυνατόν
1060 2518 1177 2567 ἔστι
1235 2513 1417 2566 τοῦτο.
1470 2508 1608 2566 Elite
1656 2511 1765 2581 γὰρ
1815 2512 1843 2563 ό

248 2612 526 2685 Χριστόςο
565 2612 867 2681 ιΠοιήσατε
911 2609 1039 2678 ὑμῖν
1069 2606 1257 2677 φίλους
1305 2607 1369 2658 ὲκ
1421 2604 1515 2658 τοῦ
1555 2605 1840 2675 μαμμωνᾶ

246 2703 351 2775 τῆς
386 2704 654 2765 ἀδικίας.»
710 2701 873 2772 Ὀρᾷς
906 2699 1035 2754 ὅταν
1057 2697 1380 2768 ἀκούσωμεν
1402 2697 1496 2750 τοῦ
1529 2695 1689 2759 Θεοῦ,
1724 2696 1842 2757 πῶς

250 2799 469 2864 γίνεται
518 2792 679 2847 τοῦτο
733 2792 1004 2857 δυνατόν;
1051 2789 1210 2861 Παρὰ
1256 2789 1313 2842 δὲ
1362 2793 1476 2851 τοῖς
1533 2785 1841 2857 ἀνθρώποις

247 2887 551 2950 ἀδύνατον,
588 2884 864 2938 τουτέστιν
896 2924 910 2949 ,
960 2884 1089 2935 ὅταν
1152 2880 1468 2950 ἀνθρώπινα
1524 2877 1835 2947 φρονῶμεν,

248 2979 517 3034 ἀδύνατόν
576 2980 691 3030 ἐστι
717 2976 898 3030 τοῦτο.
925 2976 1082 3037 τίνος
1111 2974 1167 3026 δὲ
1190 2973 1376 3026 ἕνεκεν
1402 2972 1451 3025 οἱ
1477 2971 1718 3039 μαθηταὶ
1748 2968 1837 3032 ἐξ-

257 3071 605 3142 εθαμὸοὖντο
636 3073 727 3123 ἐπὶ
766 3072 878 3133 τοῖς
928 3068 1107 3135 λόγοις
1137 3068 1388 3130 τούτοις;
1421 3066 1495 3117 Οὐ
1530 3064 1636 3132 γὰρ
1667 3062 1838 3132 δήπου

1944 599 2073 638 Vero
2104 600 2266 655 supra
2318 588 2537 641 modum
2590 586 2843 639 admirati
2895 594 3044 642 sunt.
3093 583 3337 639 dicentes
3398 583 3541 637 intra

1943 692 2063 732 sese
2096 698 2109 733 :
2142 679 2210 733 Ει
2234 678 2357 747 quis
2402 687 2579 746 potest
2633 678 2814 733 salvus
2861 678 3020 732 esse?
3070 674 3310 731 lotuitus
3358 686 3538 730 autem

1941 768 2101 824 Jesus
2150 771 2270 825 illos
2327 770 2495 825 dicit:
2540 770 2694 839 Apud
2746 771 2991 825 homines
3048 768 3380 836 impossibile
3431 777 3538 829 est,

1945 878 2048 917 nOn
2085 864 2224 931 apud
2259 863 2423 917 Deum
2456 881 2469 919 :
2504 879 2626 917 nam
2660 862 2844 916 omnia
2894 861 3170 928 possibilia
3219 870 3345 915 sunt
3396 860 3538 931 apud

1944 953 2141 1009 Deum.
2175 974 2193 1006 ι
2235 953 2445 1009 Divitiae
2482 971 2586 1010 non
2623 956 2777 1009 mala:
2803 962 2949 1016 sunt,
2986 955 3079 1008 sed
3128 952 3226 1022 qui
3277 952 3397 1005 illas
3443 951 3541 1005 ha-

1944 1046 2091 1111 bent,
2121 1049 2263 1117 digni
2294 1057 2419 1103 sunt
2443 1049 2535 1120 qui
2574 1059 2865 1103 taxentur:
2894 1063 3003 1103 non
3032 1048 3177 1102 enim
3214 1046 3333 1101 illas
3368 1044 3541 1099 habe-

1947 1152 2005 1191 re
2032 1146 2263 1206 oportet,
2309 1139 2411 1192 hoc
2448 1148 2532 1192 est
2562 1139 2824 1198 detinere.
2851 1138 2942 1191 sed
2978 1137 3059 1191 eis
3091 1136 3169 1191 uti
3202 1150 3299 1205 pro
3352 1148 3542 1189 net-eeo

1945 1231 2124 1284 sitatc.
2145 1230 2420 1301 Χρήματα
2445 1231 2613 1294 enim,
2637 1230 2742 1285 hoc
2774 1240 2855 1284 est
2883 1244 3037 1299 opes,
3064 1228 3223 1283 dicta!
3244 1237 3391 1291 sunt,
3415 1227 3540 1294 quia

1946 1322 2067 1377 usui
2097 1331 2226 1376 sunt
2260 1323 2594 1386 hominibus,
2613 1332 2666 1376 et
2696 1337 2852 1390 opem
2904 1334 3066 1391 atque
3101 1320 3365 1375 auxilium
3407 1318 3541 1373 alle-

1947 1424 2108 1468 runt.
2139 1429 2242 1468 non
2301 1422 2477 1467 autem
2510 1411 2653 1482 quod
2712 1408 3018 1467 detinenilte
3070 1413 3200 1466 sint.
3234 1413 3333 1479 Qui
3380 1412 3545 1473 initur

1947 1506 2066 1561 illas
2101 1508 2302 1560 habent
2348 1516 2403 1560 et
2444 1505 2744 1569 includunt,
2800 1505 3016 1559 diiiicile
3065 1496 3115 1558 in
3161 1518 3388 1574 regnum
3440 1503 3533 1557 Dei

1950 1599 2341 1668 ingrediuntur.
2383 1596 2608 1653 Dillicile
2637 1606 2817 1651 autem
2850 1598 2954 1652 hoc
2986 1598 3108 1652 loco
3157 1613 3254 1665 pro
3296 1596 3546 1665 impossi-

1948 1690 2042 1743 bili
2096 1689 2359 1757 intellige.
2410 1688 2748 1759 lmpossibile
2795 1691 2938 1742 enim
2987 1689 3210 1743 divitem
3266 1688 3541 1742 hominem

1948 1782 2167 1836 salvari.
2206 1780 2319 1835 Hoc
2350 1791 2528 1834 autem
2583 1778 2929 1833 manifestum
2989 1782 3055 1833 ab
3104 1781 3352 1849 exemplo
3397 1779 3542 1849 quod

1950 1873 2098 1943 ponit
2124 1873 2402 1937 Dominus,
2438 1873 2626 1925 dicens
2674 1874 2817 1939 quod
2876 1872 3091 1926 facilius
3152 1872 3223 1925 sit
3271 1871 3539 1925 comi-inm

1949 1965 2155 2018 intrare
2184 1979 2280 2033 per
2340 1964 2586 2017 foramen
2636 1979 2782 2025 acus,
2849 1980 3009 2031 quam
3067 1963 3293 2017 divitem
3340 1962 3393 2015 in
3455 1978 3545 2016 re-

1950 2076 2109 2129 gnum
2146 2058 2257 2111 Dei.
2296 2056 2438 2111 Fieri
2472 2060 2615 2112 enim
2658 2073 2763 2113 non
2815 2067 2993 2127 potest
3038 2066 3095 2111 ut
3137 2057 3380 2114 camelus
3438 2072 3536 2125 per

1950 2149 2191 2205 foramen
2226 2164 2356 2204 acus
2390 2159 2655 2205 transeat.
2688 2150 2790 2205 Per
2819 2150 3089 2205 camelum
3147 2159 3330 2204 autem
3377 2148 3534 2202 intel-

1950 2160 2191 2205 loramen
2226 2164 2356 2204 acus
2390 2160 2590 2203 transe.
2640 2190 2655 2204 .
2688 2160 2790 2205 Per
2819 2160 3089 2205 camelum
3147 2160 3330 2204 autem
3377 2160 3534 2202 tutet-

1948 2239 2051 2308 lige
2086 2241 2169 2296 vel
2204 2242 2425 2305 animal,
2457 2240 2535 2294 vel
2574 2160 2819 2297 lassum
2861 2241 3043 2295 funem
3090 2256 3201 2310 quo
3258 2251 3437 2295 nauta:
3483 2242 3538 2295 iu

1946 2334 2199 2389 maximis
2223 2334 2452 2405 navigiis
2481 2344 2724 2389 utuntur.
2754 2333 3095 2404 lmpossibile
3127 2334 3269 2385 eiiim
3295 2342 3380 2387 est
3435 2333 3535 2387 ho-

1948 2427 2462 2494 minem,quateuus
2511 2426 2662 2480 dives
2716 2435 2820 2491 est,
2849 2426 3069 2481 salvari.
3136 2423 3348 2479 Etenim
3403 2425 3547 2491 apud

1946 2516 2114 2573 Deum
2146 2518 2248 2572 hoc
2268 2520 2525 2585 possibile
2555 2530 2657 2573 est.
2692 2519 2835 2573 Dixit
2864 2518 3008 2572 enim
3034 2517 3318 2572 Christus:
3346 2535 3364 2569 ι
3395 2516 3548 2570 Faci-

1947 2622 1997 2666 te
2028 2613 2183 2666 vobis
2218 2613 2425 2666 amicos
2475 2626 2539 2666 ex
2568 2626 2875 2665 mammona
2904 2610 3184 2681 injustitite
3201 2611 3271 2665 ’°.
3310 2628 3327 2661 ι
3361 2608 3530 2665 Vides

1945 2708 2087 2775 quod
2120 2706 2163 2760 si
2198 2704 2363 2759 Deum
2389 2705 2782 2771 andiverimus,
2813 2704 3087 2775 quomodo
3119 2703 3377 2773 possibile
3414 2702 3543 2757 [ἱειῖ

1944 2799 2097 2867 Apud
2124 2798 2372 2853 homines
2425 2812 2606 2853 autem
2660 2797 3017 2866 impossibile,
3045 2798 3146 2851 hoc
3188 2807 3295 2861 est,
3326 2799 3548 2867 quando

1948 2894 2181 2946 humana
2230 2891 2491 2959 sapimus,
2541 2891 2876 2960 impossibile
2941 2900 3043 2946 est.
3078 2889 3196 2945 Jam
3251 2905 3421 2959 quare
3465 2890 3550 2944 di-

1950 2986 2144 3053 scipuli
2176 2984 2573 3054 obstupuerunt
2612 3000 2773 3052 super
2804 2984 2987 3039 verbis
3020 2983 3213 3038 illius?
3248 2982 3363 3037 Non
3397 2981 3546 3036 enim

1946 3078 2047 3147 ipsi
2076 3077 2271 3131 divites
2298 3086 2474 3132 erant.
2524 3075 2650 3129 Mihi
2685 3078 2897 3130 videtur
2950 3076 3091 3145 quod
3145 3091 3243 3145 pro
3295 3075 3552 3128 omnibus

246 3167 408 3222 αὐτοὶ
446 3165 693 3219 πλούσιοι
714 3159 878 3235 ἦσαν.
923 3162 1080 3231 Ἐμοὶ
1123 3160 1273 3213 δοκεῖ
1303 3158 1442 3227 ὑπὲρ
1475 3157 1692 3209 πάντων
1739 3155 1838 3207 ἀν-

1950 3172 2259 3225 hominibus
2281 3172 2427 3224 anxii
2457 3170 2677 3224 fuerint.
2703 3168 2822 3223 Jam
2846 3170 2991 3223 enim
3018 3167 3405 3223 misericordes
3431 3181 3549 3221 eoa-

249 3260 490 3330 θρώπων
518 3259 887 3326 ἀγωνιῶντες.
922 3252 1300 3324 Φιλάνθρωποι
1329 3250 1437 3319 γὰρ
1461 3250 1559 3319 ήδη
1606 3247 1841 3317 ἧρξαντο

1946 3270 2132 3332 perant
2156 3260 2291 3313 ﬁeri.
2327 3259 2555 3325 Quidam
2579 3260 2679 3312 hoc
2711 3258 2828 3311 loco
2860 3257 3131 3321 dubitant,
3163 3257 3437 3326 quomodo
3468 3255 3553 3309 di-

244 3353 520 3422 γίνεσθαι.
565 3352 726 3413 Τινὲς
784 3348 841 3403 δὲ
906 3346 1141 3401 ἐνταῦθα
1202 3342 1470 3414 ἀποροῦσι
1520 3341 1635 3403 πῶς
1695 3335 1839 3403 εἷπε,

244 3444 439 3500 tum
464 3441 669 3496 δυνατά
699 3442 816 3492 έστι
843 3437 992 3509 παρὰ
1021 3436 1101 3507 τῷ
1128 3435 1268 3505 Θεῷ.
1304 3432 1418 3505 (73)
1456 3432 1703 3499 Δέγομεν
1748 3425 1842 3483 οὖν

244 3539 332 3592 δτι
370 3539 497 3591 ὅταν
528 3536 680 3605 εἴπῃ,
726 3535 922 3596 πάντα,
957 3533 1026 3583 τά
1064 3529 1192 3582 δντα
1224 3527 1369 3595 λέγει
1391 3541 1405 3555 ·
1437 3526 1469 3594 ή
1510 3525 1567 3577 δὲ
1597 3524 1841 3593 ἁμαρτία

252 3630 333 3703 μὴ
361 3630 419 3683 δν
443 3630 615 3681 εστιν.
667 3625 943 3679 Ἀνούσιον
966 3624 1076 3692 γὰρ
1103 3622 1336 3691 πρᾶγμα
1377 3618 1472 3671 καὶ
1526 3616 1839 3670 ἀνυπόστα-

246 3739 345 3776 τον
385 3723 419 3791 ὴ
447 3717 693 3790 ἁμαρτία
717 3735 729 3747 ·
758 3717 932 3777 ἄλλως
962 3712 1124 3779 τε,⁹Η
1155 3711 1401 3781 ἁμαρτία
1416 3711 1516 3763 οὐκ
1541 3710 1656 3761 ἐστι
1678 3708 1841 3761 δυνά-

250 3830 425 3884 μεως,
455 3811 569 3867 ἀλλ’
616 3809 926 3874 ἀσθενείας,
970 3807 1042 3869 ὡς
1072 3807 1167 3859 καὶ
1203 3808 1230 3858 ὁ
1269 3802 1597 3865 Ἀπὸστολος
1660 3800 1837 3868 λέγει’

248 3905 518 3977 Χριστὸς,
548 3903 717 3957 δντων
760 3902 921 3972 ήμῶν
956 3898 1221 3960 ἀσθενῶν,
1259 3896 1521 3950 ἀπέθανε.
1545 3895 1657 3947 Καὶ
1680 3893 1842 3946 πάλιν

254 3998 287 4052 6
318 3997 484 4051 Δαϐίδ
515 4014 531 4029 ·
566 3994 1016 4066 Ἐπληθύνθησαν
1054 3994 1108 4046 αἱ
1135 3992 1409 4046 ἀσθένειαι
1452 3988 1655 4044 αὐτῶν.
1677 3988 1841 4043 ’Ὥστε

249 4096 287 4165 ή
313 4092 585 4161 ἁμαρτία,
626 4089 877 4144 ἀσθένεια
917 4085 1082 4151 οὖσα,
1116 4087 1217 4140 οὐκ
1269 4086 1386 4139 ἔστι
1432 4084 1633 4154 δυνατὴ
1688 4082 1843 4153 παρὰ

246 4184 332 4255 τῷ
364 4182 503 4253 Θεῷ.
532 4178 683 4252 Ἀρα
714 4178 832 4248 οὖν,
862 4182 1017 4249 φασὶ,
1058 4179 1281 4232 δύναται
1307 4180 1334 4231 6
1386 4177 1519 4239 Θεὸς
1556 4178 1648 4229 καὶ
1670 4176 1729 4229 τὸ
1750 4192 1842 4243 γε-

248 4276 414 4345 γονὸς
442 4274 517 4337 ὡς
569 4275 642 4344 μή
671 4273 897 4340 γεγονὸς
942 4270 1169 4339 ποιῆσαι
1215 4286 1229 4335 ;
1275 4269 1520 4337 Λέγομεν
1574 4262 1668 4320 οὖν
1708 4267 1843 4319 ὃτιό

244 4366 389 4428 Θεὸς
419 4365 646 4434 ἀλήθειά
678 4366 818 4416 έστι.
872 4363 945 4415 Τὸ
999 4362 1057 4415 δὲ
1093 4361 1321 4429 ποιῆσαι
1361 4360 1422 4411 τὸ
1476 4357 1702 4427 γεγονὸς
1765 4356 1842 4419 ὡς

256 4459 336 4533 μὴ
368 4456 615 4527 γεγονὸς,
654 4454 873 4526 ψεῦδος.
904 4454 1030 4515 Πῶς
1062 4448 1155 4507 οὖν
1195 4454 1229 4523 ή
1260 4451 1486 4521 ἀλήθεια
1517 4453 1734 4519 ποιήσει
1779 4447 1840 4501 τὸ

1946 3353 2105 3415 xerit,
2140 3350 2331 3405 Omnia
2356 3350 2635 3420 possibilia
2668 3359 2797 3401 sunt
2832 3347 2961 3413 Deo,
2998 3362 3179 3416 quum-
3211 3346 3353 3400 Deus
3413 3358 3551 3414 pec-

1943 3460 2072 3502 care
2098 3452 2353 3515 nequeat.
2382 3443 2620 3497 Dicimus
2656 3443 2857 3509 itaque,
2892 3438 3114 3510 quando
3146 3440 3275 3495 dicit
3300 3480 3315 3504 ,
3345 3439 3553 3519 omnia,

1946 3538 2295 3607 intelligimus
2322 3550 2385 3590 ea
2419 3548 2540 3605 quae
2569 3543 2717 3588 sunt.
2750 3533 3036 3588 Peccatum
3086 3543 3267 3589 autem
3302 3549 3407 3587 non
3444 3542 3551 3592 est.

1944 3633 2230 3685 Peccatum
2261 3629 2404 3683 enim
2440 3642 2527 3681 res
2552 3634 2636 3679 est
2677 3626 2795 3683 sine
2837 3628 3072 3681 essentia
3101 3669 3115 3691 ,
3168 3636 3223 3680 et
3260 3626 3378 3680 sine
3420 3624 3551 3679 sub-

1946 3724 2165 3779 s'untia.
2206 3719 2296 3773 Vel
2340 3722 2514 3779 aliter.
2553 3723 2839 3776 Pet-cntum
2886 3710 3002 3777 noll-
3036 3728 3120 3772 est
3145 3718 3422 3788 potentiae,
3457 3716 3553 3771 sed

1948 3815 2328 3870 inﬁrmitatis:
2380 3816 2518 3869 sicut
2574 3824 2628 3870 et
2685 3812 2980 3883 Apostolus
3030 3812 3162 3865 dicit
3211 3830 3224 3866 :
3272 3810 3554 3872 Christus,

1946 3923 2066 3963 cum
2098 3923 2194 3963 nos
2224 3908 2423 3962 inﬁrmi
2459 3922 2730 3977 essemus,
2759 3918 3004 3961 mortuus
3033 3905 3201 3959 est“.
3246 3904 3312 3958 Et
3356 3904 3555 3958 iterum

1944 3999 2111 4057 David
2137 4019 2149 4056 :
2174 4001 2340 4075 226
2374 4000 2739 4070 Multiplicatae
2764 4009 2888 4055 sunt
2913 3998 3260 4053 infirmitates
3284 3996 3554 4064 eorum”,

1945 4105 2001 4148 et
2033 4094 2104 4148 ita
2144 4106 2423 4162 peccatum
2460 4094 2599 4162 apud
2634 4094 2800 4147 Deum
2833 4107 2941 4146 non
2987 4104 3070 4145 est
3119 4091 3396 4159 possibile,
3424 4088 3553 4157 quia

1946 4189 2240 4246 inﬁrmitas
2310 4201 2411 4244 est.
2448 4187 2695 4257 Nunquid
2764 4197 2942 4241 autem
2989 4187 3195 4247 dicunt,
3246 4185 3414 4238 Deum
3465 4182 3557 4235 l'a—

1946 4295 2095 4339 etum
2150 4282 2407 4337 infectum
2458 4282 2637 4337 facere
2689 4296 2795 4336 non
2846 4278 3045 4349 posse?
3086 4278 3325 4332 Dicimus
3385 4275 3556 4329 Deum

1945 4390 2068 4431 esse
2124 4375 2430 4429 veritatem.
2484 4372 2705 4427 Factum
2770 4381 2948 4425 autem
3006 4368 3263 4423 infectum
3323 4366 3551 4434 facere,

1949 4467 2286 4523 mendacium
2339 4474 2444 4522 εει.
2485 4466 2603 4533 Quo
2659 4474 2837 4533 pacto,
2872 4478 3073 4533 quaiso,
3112 4463 3315 4516 veritas
3367 4459 3557 4515 fecerit

252 4552 487 4625 ψεῦδος,
516 4551 788 4623 Πρότερον
815 4549 924 4621 γὰρ
956 4550 1021 4603 ἂν
1046 4548 1331 4602 ἀπολέσειε
1353 4546 1452 4614 τὴν
1490 4545 1695 4598 οἰκείαν
1742 4543 1841 4613 φύ-

1954 4558 2337 4614 mendacium?
2367 4556 2523 4611 Prius
2568 4557 2709 4609 enim
2750 4554 2999 4625 perderet
3055 4561 3304 4605 naturam
3348 4565 3549 4607 suam:

261 4664 349 4700 σιν
370 4663 383 4677 ο
417 4644 561 4698 ὥστε
588 4643 747 4697 τοῦτὸ
780 4660 945 4711 φασιν
971 4643 1020 4694 οἱ
1047 4643 1297 4709 λέγοντες
1324 4657 1336 4670 ·
1368 4634 1520 4710 *Αρα
1559 4638 1785 4691 δύναται
1819 4636 1847 4688 6

254 4736 395 4800 Θεὸς
458 4736 533 4807 μὴ
584 4730 725 4789 εἶναι
783 4735 957 4801 Θεός;
1017 4733 1181 4804 Ὁρᾷς
1227 4733 1333 4803 γὰρ
1372 4734 1431 4784 τὸ
1488 4731 1696 4799 γελοῖον
1751 4727 1845 4780 τοῦ

253 4829 435 4900 ερωτή
446 4844 634 4896 ματος.

335 4920 477 4973 «Καὶ
497 4919 749 4990 ήρξατοὸ
781 4918 986 4990 Πέτρος
1028 4919 1207 4987 λέγειν
1250 4919 1401 4987 αὐτῷ
1432 4936 1445 4949 ·
1496 4918 1629 4971 Ἰδοὺ
1678 4920 1841 4990 ἡμεῖς

256 5014 557 5083 ἀφήκαμεν
585 5013 765 5066 πάντα
789 5014 883 5064 καὶ
905 5012 1355 5083 ἠκολουθήσαμέν
1376 5013 1838 5083 σοι.ῗΑποκριθεὶς

255 5106 316 5161 δὲ
338 5108 367 5159 6
400 5105 629 5176 Ἰησοῦς,
653 5101 825 5159 εἶπεν*
856 5104 1030 5175 Ἀμὴν
1050 5106 1193 5173 λέγω
1223 5106 1374 5175 ὑμῖν,
1398 5106 1572 5167 οὐδείς
1608 5108 1756 5157 έστιν
1784 5105 1841 5168 ὂς

256 5199 476 5268 ἀφῆκεν
519 5196 717 5261 οἰκίαν,
741 5198 774 5267 ἢ
800 5196 1140 5267 ἀδελφοὺς,ἢ
1193 5196 1503 5267 ἀδελφὰς,ἥ
1540 5197 1776 5266 πατέρα,
1808 5197 1840 5266 ἢ

258 5288 495 5359 μητέρα,
514 5286 545 5357 ἢ
562 5292 819 5354 γυναῖκα,
837 5288 869 5358 ἢ
890 5288 1114 5357 τέκνα,ἢ
1141 5289 1365 5357 ἀγροὺς,
1390 5289 1577 5341 ἕνεκεν
1598 5289 1730 5358 ἐμοῦ
1752 5291 1845 5340 καὶ

250 5376 353 5430 τοῦ
365 5376 721 5445 Εὑαγγελίου,
736 5378 829 5430 ἐὰν
856 5377 929 5447 μὴ
945 5377 1082 5448 λάϐῃ
1100 5377 1655 5440 ἑκατονταπλασίονα,
1672 5377 1766 5429 νῦν
1788 5381 1844 5429 ὲν

332 5518 378 5551 ⁸⁸
411 5516 543 5575 Luc.
578 5532 690 5583 xw,
723 5520 777 5573 9.
855 5519 896 5549 "
936 5517 1092 5572 Rom.
1140 5534 1213 5583 vi,
1257 5518 1311 5571 7.
1389 5517 1433 5551 "
1470 5517 1611 5572 Psal.
1643 5533 1730 5584 xv,
1766 5518 1819 5571 4.

1951 4662 2006 4706 ει
2034 4651 2155 4704 ideo
2186 4650 2276 4719 qui
2306 4651 2385 4703 sic
2413 4649 2730 4716 loquuntur,
2757 4646 2983 4717 perinde
3041 4644 3339 4714 loquuntur
3395 4659 3457 4697 ac
3507 4643 3552 4697 si

1950 4750 2220 4809 quierant,
2255 4738 2391 4793 Num
2425 4748 2600 4807 potest
2649 4739 2793 4792 Deus
2834 4754 2940 4791 non
2988 4752 3108 4791 esse
3158 4735 3337 4791 Deus?
3387 4735 3552 4791 Vides

1951 4833 2114 4903 igitur
2147 4848 2307 4900 quam
2337 4832 2561 4885 ridicula
2602 4832 2669 4883 sit
2698 4834 2944 4899 QULt‘SllO.

2020 4921 2185 4976 Vsus.
2210 4921 2400 4977 28—3l.
2434 4940 2451 4973 ι
2486 4921 2549 4974 Ει
2578 4922 2745 4993 εωρὶι
2788 4922 2979 4975 Petrus
3032 4921 3215 4976 dicere
3242 4920 3313 4973 illi
3352 4936 3367 4976 :
3407 4920 3550 4975 Ecce

1950 5029 2049 5067 nos
2083 5013 2402 5081 reliquimus
2429 5015 2637 5079 omnia,
2672 5024 2726 5067 et
2756 5014 2925 5068 secuti
2975 5029 3164 5067 sumus
3194 5023 3265 5067 te.
3303 5011 3550 5081 Respon-

1947 5106 2083 5160 dcns
2112 5116 2290 5159 autem
2330 5104 2487 5161 Jesus
2520 5106 2689 5160 dixit:
2726 5107 2897 5159 Amen
2954 5106 3075 5159 dico
3142 5106 3319 5169 vobis,
3367 5105 3549 5158 nullus

1946 5210 2023 5251 est
2056 5199 2146 5268 qui
2191 5198 2410 5267 reliquit
2440 5200 2679 5262 domum,
2733 5208 2827 5252 aut
2875 5198 3093 5256 fratres.
3148 5208 3240 5252 aut
3302 5212 3545 5265 sorores,

1951 5301 2043 5344 aut
2074 5300 2304 5359 patrem,
2335 5300 2427 5343 aut
2456 5301 2709 5354 matrem,
2750 5300 2841 5344 aut
2878 5307 3123 5353 uxorem,
3172 5301 3264 5345 aut
3312 5291 3537 5356 liberos,

1953 5392 2046 5435 aut
2115 5398 2274 5452 agros
2314 5398 2432 5436 mea
2471 5397 2635 5437 causa
2688 5392 2741 5437 et
2783 5380 3087 5452 Evangelii,
3131 5383 3260 5451 quin
3317 5384 3544 5451 recipiat

1232 5637 1323 5696 Ex
1370 5634 1713 5697 collatione
1745 5634 1930 5697 codd.
1969 5637 2197 5697 Venet.
2234 5637 2293 5696 S.
2332 5637 2551 5697 Marci.

326 5758 443 5828 (75)
481 5758 677 5826 Supple
699 5773 761 5811 ex
795 5758 917 5812 cod.
962 5758 1031 5812 5‘2
1068 5775 1081 5811 :
1119 5759 1262 5828 Ἀρα
1292 5758 1400 5827 γὰρ
1432 5760 1526 5812 καὶ
1560 5758 1619 5811 τὸ
1650 5757 1833 5827 ἁμαρ-

248 5832 460 5896 τάνειν,
516 5829 741 5884 δυνατόν
818 5832 932 5883 ἐστι
1008 5828 1157 5899 παρά
1224 5830 1301 5899 τῷ
1368 5828 1506 5900 Θεῷ.
1566 5830 1834 5897 Λέγομεν

1949 5752 2087 5829 pair,
2126 5776 2193 5829 ag.
2220 5774 2272 5829 τ.
2314 5756 2362 5809 λ.
2433 5778 2449 5809 ‹
2493 5757 2730 5826 lgiturnc
2770 5770 2822 5813 et
2863 5774 3085 5829 peccare
3132 5758 3391 5829 possibile
3457 5769 3536 5813 est

1949 5827 2093 5881 Deo?
2132 5826 2369 5883 Dicimus
2407 5831 2603 5899 itaque,
2648 5849 2665 5881 ι
2710 5841 2816 5885 etc.
