4108 6334
663 350 764 414 503

1569 350 2142 411 THEOPHYLACTI
2185 347 2594 411 BULGARIB
2628 349 2985 413 ARCIIIEP.

3768 345 3880 406 θοι

663 461 903 529 centupla
937 475 1075 516 nunc
1108 460 1159 513 in
1192 466 1431 526 tempore
1477 459 1599 523 hoc,
1648 461 1858 521 domus.
1885 466 1939 513 ct
1992 459 2205 521 fratres,

2314 454 2391 525 τῷ
2420 454 2594 525 καιρῷ
2628 454 2819 524 τούτῳ,
2842 456 3039 519 οἰκίας,
3076 454 3167 507 καὶ
3192 453 3477 524 ἀδελφοὺς,
3511 456 3603 509 καὶ
3630 454 3888 525 ἀδελφὰς,

664 565 712 609 et
738 568 966 615 sorores,
1020 562 1072 605 et
1135 532 1353 616 maires,
1396 560 1451 604 et
1504 551 1719 614 liberos,
1772 558 1826 606 et
1876 566 2033 620 agros
2091 566 2211 604 cum

663 643 1137 713 persccutionihus,
1170 642 1309 695 aciu
1358 651 1581 696 venturo
1626 641 1819 695 seculo
1852 644 2013 696 vitam
2059 651 2212 696 teter-

662 747 806 787 nam.
861 731 1014 785 Mulli
1067 741 1242 784 autem
1290 730 1443 799 primi
1490 739 1646 784 erunt
1676 732 1954 797 postremi,
2003 738 2057 785 et
2116 746 2212 799 po-

660 822 838 876 stremi
892 820 1069 889 primi.
1113 839 1131 871 ι
1176 820 1358 873 Petrus
1424 821 1632 875 tametsi
1686 836 1851 889 pauca
1888 822 2208 889 TCIiQIIi'SI‘I,

659 912 779 980 quia
826 921 1000 965 tamen
1033 913 1181 973 dixit,
1218 914 1416 976 omnia,
1444 913 1693 966 indicium
1752 922 1834 965 est
1879 914 2018 980 quod
2050 916 2209 970 etiam

658 1016 825 1068 pauca
878 1004 1087 1055 vinculo
1142 1004 1369 1071 quodam
1428 1004 1571 1055 illum
1638 1005 2090 1059 detinuerintzet
2142 1005 2210 1055 ita

552 1120 553 1123 η
659 1091 992 1144 beatificatus
1040 1100 1119 1144 est
1177 1093 1219 1144 is
1286 1092 1376 1160 qui
1429 1094 1588 1146 etiam
1647 1108 1815 1159 pauca
1899 1096 2209 1161 reliquerat.

657 1180 892 1250 Cumque
956 1184 1100 1238 solus
1174 1183 1364 1239 Petrus
1417 1194 1692 1255 rogasset,
1745 1189 1990 1241 omnibus
2054 1204 2214 1257 gene-

659 1274 840 1327 raliter
900 1276 1132 1344 loquitur
1197 1278 1473 1344 Christus,
1553 1279 1734 1332 dicens
1793 1298 1804 1333 :
1869 1282 2055 1335 Omnis
2117 1284 2208 1350 qui

658 1367 931 1435 reliquerit
962 1383 1204 1432 uxorem,
1256 1369 1336 1423 vel
1372 1381 1600 1437 patrem.
1652 1371 1777 1427 lianc
1834 1374 1959 1427 dicit
2010 1390 2114 1428 non
2154 1386 2212 1429 ut

656 1463 900 1520 parentes
931 1456 1055 1507 velit
1084 1455 1280 1509 auxilio
1306 1458 1544 1521 destitui,
1577 1470 1629 1512 et
1654 1461 1719 1513 ab
1749 1464 2007 1516 uxoribus
2051 1480 2213 1532 sepa-

656 1540 780 1605 rari,
810 1542 901 1595 sed
940 1546 1089 1598 docet
1131 1561 1226 1597 nos
1256 1545 1510 1613 prmferre
1561 1550 1809 1618 pietatem
1866 1567 1989 1622 erga
2047 1556 2210 1609 Deum

654 1633 899 1686 omnibus
925 1635 1247 1690 carnalibus.
1276 1635 1408 1702 Quia
1441 1639 1580 1691 enim
1623 1655 1745 1695 vere
1794 1640 1988 1696 bellum
2014 1658 2043 1697 a
2076 1660 2213 1712 prae-

654 1720 921 1774 dicatione
965 1737 1245 1777 accensum
1298 1734 1435 1787 erat,
1472 1734 1523 1779 et
1579 1729 1819 1796 negaturi
1870 1740 2021 1785 erant
2062 1737 2209 1801 pueri

654 1822 904 1879 parentes
935 1826 1151 1883 propter
1181 1816 1456 1883 pietatem,
1486 1818 1649 1874 dicit:
1680 1820 1934 1889 Quisquis
1982 1824 2213 1893 relique-

654 1902 725 1955 rit
751 1914 1001 1971 cognatos
1030 1920 1176 1974 quos
1218 1908 1316 1961 sibi
1360 1916 1545 1962 natura
1580 1910 1744 1976 dedit,
1798 1922 1853 1966 et
1899 1914 1951 1966 in
2003 1930 2212 1969 summa

652 1994 951 2061 corporalia
1013 1998 1191 2051 omnia
1256 2008 1472 2068 propter
1543 2001 1905 2069 Evangelium,
1968 2008 2211 2076 ceutupla

652 2085 832 2139 omnia
886 2088 1108 2154 accipiet
1158 2089 1207 2140 in
1255 2092 1500 2158 praesenti
1549 2094 1759 2155 szewlo,
1807 2104 1859 2149 et
1915 2098 1966 2149 in
2032 2096 2213 2153 futuro

653 2176 811 2227 vitam
846 2185 1122 2232 teternam.
1154 2179 1415 2249 Numquid
1456 2197 1582 2253 ergo
1613 2194 1665 2237 et
1718 2186 1973 2243 mulieres
2003 2200 2212 2244 centum

651 2269 915 2333 accipiet?
962 2270 1155 2325 Etiam.
1196 2272 1431 2329 Tametsi
1477 2276 1785 2334 maledictus
1825 2279 2065 2335 Juliinus
2113 2284 2214 2339 hoc

654 2354 903 2409 irriserit.
936 2358 1073 2422 Quid
1105 2362 1311 2412 confert
1364 2376 1497 2414 uxor
1546 2363 1731 2417 domui
1784 2365 1923 2417 tiri?
1976 2365 2212 2423 Omnino

652 2455 804 2497 curat
844 2454 898 2497 ut
934 2446 1017 2498 vir
1047 2446 1238 2502 habeat
1281 2449 1422 2517 quod
1461 2451 1606 2513 edat,
1644 2452 1837 2519 quibus
1864 2454 2136 2521 induatur,
2162 2466 2214 2509 et

654 2532 842 2587 horum
891 2539 1127 2591 omnium
1176 2555 1360 2594 curam
1418 2541 1606 2595 adimit
1656 2544 1793 2597 viro.
1852 2544 1984 2600 Vide
2035 2550 2215 2618 itaque

654 2626 754 2679 boc
807 2628 969 2681 etiam
1017 2629 1071 2682 in
1106 2632 1381 2697 apostolis.
1420 2633 1561 2699 Quot
1594 2636 1847 2691 mulieres
1892 2639 2058 2703 fuere,
2093 2643 2214 2709 qui-

652 2715 750 2767 bus
780 2730 906 2769 cura
944 2728 1061 2770 crat
1095 2721 1159 2773 de
1206 2722 1400 2775 amictu
1448 2734 1501 2776 et
1553 2738 1646 2777 esu
1704 2726 1933 2791 illorum,
1984 2737 2039 2782 et
2098 2746 2215 2797 qua:

654 2806 1025 2861 ministraruut
1069 2810 1167 2876 eis,
1212 2811 1303 2879 qui
1362 2814 1495 2867 nihil
1550 2814 1737 2869 horum
1786 2819 2067 2882 curabant,
2120 2826 2210 2876 sed

653 2896 822 2948 solum
858 2913 1155 2953 sermonem
1185 2913 1241 2955 et
1266 2904 1600 2959 doctrinam?
1644 2906 1901 2962 Similiter
1930 2922 2125 2967 matres
2162 2924 2215 2969 et

652 2996 831 3052 patres
866 2989 1059 3043 multos
1091 2991 1391 3047 habuerunt
1432 2997 1681 3065 apostoli,
1708 3000 1796 3067 qui
1824 3000 2125 3070 diligerent,
2159 3014 2213 3058 et

2316 548 2701 618 καὶ⁶·μητέρας,
2726 549 2821 601 καὶ
2849 548 3036 609 τέκνα,
3059 546 3152 600 καὶ
3182 547 3405 617 ἀγροὺς,
3437 548 3574 617 μετὰ
3603 546 3885 616 διωγμῶν,

2316 642 2409 693 καὶ⁵
2456 642 2512 692 ὲν
2545 638 2623 710 τῷ
2649 638 2805 693 αίῶνι
2838 638 2916 708 τῷ
2954 635 3257 708 ἐρχομένῳ,
3292 637 3436 708 ζωὴν
3467 637 3708 691 αἰώνιον.
3751 637 3889 690 Πολσ

2300 731 2393 787 ,λοὶ
2424 732 2479 783 δὲ
2515 732 2726 784 ἔσονται
2758 730 2964 801 πρῶτοι
2995 731 3232 800 ἔσχατοι.
3260 729 3353 781 καὶ
3376 730 3425 781 ol
3463 728 3681 797 ἔσχατοι
3725 728 3879 797 πρῶ-

2311 840 2411 874 τοι.
2439 840 2457 873 ι
2491 824 2547 874 '0
2567 823 2770 891 Πέτρος
2801 823 2848 874 εί
2876 821 2969 874 καὶ
2996 822 3152 887 ὀλίγα
3178 820 3410 890 ἀφῆκεν.
3440 822 3554 872 ἀλλ’
3582 818 3676 874 οὖν
3706 822 3881 874 πάντα

2312 914 2569 981 ὀνομάζει
2602 914 2797 968 ταῦτα.
2828 916 2933 968 Καὶ
2964 915 3031 967 τά
3057 913 3212 981 ὀλίγα
3240 914 3349 982 γάρ
3392 913 3592 982 δεσμὸν
3631 930 3883 983 προσπαο

2315 1000 2466 1061 θείας
2516 1000 2757 1069 ἔχουσιν,
2809 1000 2949 1054 ὥστε
3000 1001 3335 1071 μακαριστὸς
3396 1002 3491 1053 καὶ
3537 1002 3566 1052 6
3624 1002 3691 1053 τά
3731 1001 3887 1067 ὀλίγα

2313 1090 2471 1157 ἀφείς
2507 1110 2521 1123 ο
2559 1090 2665 1142 Τοῦ
2697 1092 2753 1143 δὲ
2779 1092 2982 1161 Πέτρου
3022 1092 3181 1160 μόνου
3218 1093 3608 1162 ἐρωτήσαντος,
3667 1092 3887 1145 καθολι-

2316 1181 2411 1233 κὸν
2452 1185 2682 1235 ποιεῖται
2737 1183 2829 1235 τὸν
2892 1182 3046 1250 λόγον
3094 1182 3122 1232 6
3154 1182 3378 1250 Κύριος,
3426 1182 3777 1248 λέγωνοΠᾶς
3829 1183 3888 1245 ὃς

2312 1272 2521 1340 ἀφῆκεν
2551 1271 2582 1341 ἢ
2610 1274 2843 1338 γυναῖκα
2875 1272 2907 1341 ἦ
2941 1272 3149 1341 πατέρα
3180 1287 3191 1301 ·
3220 1270 3394 1323 ταῦτα
3449 1271 3507 1323 δὲ
3563 1269 3733 1337 λέγει,
3788 1270 3886 1336 οὐχ

2315 1364 2402 1417 ίνα
2436 1364 2561 1426 τοὺς
2592 1365 2833 1433 πατέρας
2878 1364 3054 1433 ἐῶμεν
3086 1363 3442 1433 ἀϐοηθήτους,
3475 1362 3565 1415 καὶ
3623 1362 3732 1414 τῶν
3790 1378 3886 1427 γυ-

2315 1455 2517 1507 ναικῶν
2550 1454 2936 1525 χωριζὼμεθα,
2972 1455 3105 1507 ἀλλὰ
3140 1454 3410 1508 παιδεύων
3439 1456 3585 1522 ἡμᾶς
3612 1454 3888 1522 προτιμᾷν

2312 1546 2410 1616 τὴν
2444 1547 2524 1608 είς
2552 1545 2684 1598 Θεὸν
2718 1545 2995 1599 εὐσέϐειαν
3024 1547 3242 1598 πάντων
3271 1545 3379 1597 τῶν
3408 1544 3709 1615 σαρκικῶν.
3735 1544 3891 1597 Ἐπεὶ

2315 1639 2424 1705 γάρ
2475 1636 2706 1703 πόλεμος
2737 1637 3008 1704 άνήπτετο
3039 1636 3147 1688 ἀπὸ
3201 1634 3292 1687 τοῦ
3355 1634 3734 1706 κηρύγματος,
3795 1635 3887 1687 καὶ

2314 1726 2532 1797 ἔμελλον
2558 1724 2805 1794 πατέρας
2835 1724 3115 1794 ἀρνεῖσθαι
3142 1724 3328 1786 παῖδες
3352 1723 3436 1776 διὰ
3455 1723 3552 1792 τὴν
3578 1722 3887 1784 εὐσέϐειαν,

2247 1799 2286 1853 Β
2317 1816 2520 1885 φησιν*
2582 1815 2768 1876 Ὅστις
2819 1815 3017 1882 ἀφήσει
3060 1816 3156 1875 τὰς
3216 1814 3483 1883 σαρκικὰς
3541 1813 3887 1881 συγγενείας,

2317 1908 2412 1960 καί⁷
2442 1905 2629 1968 ἁπλῶς
2683 1905 2859 1957 πάντα
2889 1904 2958 1956 τὰ
3009 1904 3297 1973 σωματικά
3330 1905 3519 1957 ἕνεκεν
3556 1903 3651 1956 τοῦ
3705 1903 3886 1979 Εὐαγ-

2316 1996 2515 2064 γελίου,
2556 1993 3080 2048 ἑκατονταπλασίονα
3113 1994 3290 2045 πάντα
3319 1992 3550 2061 λήψεται
3581 1994 3638 2044 ἐν
3661 1990 3737 2061 τῷ
3795 1991 3888 2043 νῦν

2316 2087 2489 2149 αἰῶνι,
2516 2088 2609 2139 καὶ
2646 2088 2703 2137 ἐν
2728 2084 2804 2153 τῷ
2834 2086 3111 2153 ἐρχομένῳ
3143 2086 3287 2153 ζωὴν
3315 2086 3556 2137 αἰώνιον.
3587 2079 3740 2152 Ἀρα
3796 2080 3888 2134 οῦν

2317 2178 2409 2229 καὶ
2441 2179 2702 2243 γυναῖκας
2734 2175 3291 2237 ὲκατονταπλασίονας
3316 2176 3585 2243 imperat;
3616 2174 3723 2228 Ναί
3750 2191 3763 2203 η
3786 2174 3888 2227 κᾶν

2316 2270 2343 2320 6
2399 2268 2702 2335 κατάρατος
2740 2266 3026 2328 Ἰουλιανὸς
3070 2266 3350 2335 ἐκωμῴδει
3390 2267 3547 2318 τοῦτο
3573 2282 3585 2296 ·
3616 2258 3738 2317 εἰπέ
3799 2282 3889 2339 μοι

2316 2360 2446 2427 γὰρ,
2488 2358 2536 2411 τί
2572 2358 2936 2427 συμϐάλλεται
2994 2359 3191 2427 ἠγυνὴ
3232 2358 3368 2427 πρὸς
3426 2358 3523 2427 τὴν
3579 2358 3758 2411 οίκίαν
3793 2356 3885 2410 τοῦ

2316 2452 2508 2520 ἀνδρός
2536 2466 2551 2515 ;
2585 2451 2809 2513 Πάντως
2834 2452 3169 2519 ἐπιμελεῖται
3191 2453 3285 2520 τῆς
3315 2452 3521 2521 τροφῆς
3547 2451 3641 2502 τοῦ
3672 2450 3885 2521 ἀνδρὸς,

2315 2543 2421 2595 τῶν
2452 2542 2784 2610 ἐνδυμάτων,
2822 2543 2917 2593 καὶ
2953 2542 3131 2594 πᾶσαν
3159 2543 3509 2611 ἀφροντισίαν
3541 2544 3649 2595 ἀπὸ
3678 2544 3885 2597 τούτων

2317 2633 2437 2701 ἄγει
2466 2635 2494 2684 6
2522 2633 2696 2701 ἀνὴρ..
2726 2630 2828 2683 Ἰδε
2860 2632 3037 2684 τοίνυν
3067 2632 3225 2684 τοῦτο
3253 2633 3344 2684 καὶ
3392 2635 3485 2685 ἐπὶ
3509 2634 3615 2687 τῶν
3654 2634 3887 2689 ἀποστό-

2315 2724 2442 2787 λων,
2480 2724 2640 2775 πόσαι
2669 2724 2925 2788 γυναῖκες
2953 2723 3265 2794 ἐφρόντιζον
3297 2724 3405 2776 τῶν
3440 2725 3759 2793 ἐνδυμάτων
3787 2727 3880 2777 καὶ

2313 2816 2421 2867 τῶν
2506 2814 2808 2883 βρωμάτων
2884 2814 3065 2866 αὐτῶν
3098 2852 3112 2875 ,
3180 2816 3273 2867 καὶ
3352 2815 3630 2885 διηκόνουν
3703 2817 3883 2879 αὐτοῖς

2320 2906 2539 2975 μηδενὸς
2570 2904 2964 2975 φροντίζουσιν,
3012 2906 3059 2957 sl
3120 2905 3194 2975 μὴ
3232 2906 3391 2974 μόνου
3436 2906 3529 2958 τοῦ
3583 2906 3746 2975 λόγου
3794 2904 3885 2961 καὶ

2316 2999 2413 3065 τῆς
2470 2997 2871 3063 διδασκαλίας;
2932 2997 3163 3067 Ὁμοίως
3213 3001 3306 3052 καὶ
3368 3001 3608 3069 πατέρας
3663 3002 3761 3055 καὶ
3793 3018 3887 3071 μη-

651 3076 825 3129 amico
857 3077 1047 3132 affectu
1078 3095 1202 3151 erga
1245 3097 1302 3137 se
1344 3095 1543 3140 essent.
1584 3086 1645 3141 Et
1702 3088 1889 3144 Petrus
1924 3093 2011 3159 qui
2050 3109 2208 3147 unam

2316 3088 2477 3158 τέρας
2531 3088 2725 3150 πολλὰς
2776 3085 2919 3158 εἶχον
2955 3091 3003 3141 οἱ
3067 3092 3376 3157 ἀπόστολοι,
3444 3095 3569 3154 τοὺς
3627 3094 3882 3163 ἀγαπῶν-

651 3168 863 3219 domum
919 3168 1226 3237 reliquerat,
1276 3184 1458 3242 postea
1519 3178 1757 3232 omnium
1825 3182 2207 3250 discipulorum

648 3256 837 3311 domos
869 3259 1116 3318 habebat.
1164 3263 1225 3316 Et
1272 3282 1411 3320 nunc
1452 3282 1661 3336 quoque
1703 3272 1901 3342 ubique
1944 3284 2209 3329 terrarum

649 3353 825 3396 erecta
859 3356 981 3399 suut
1011 3350 1203 3417 templa
1234 3352 1284 3405 in
1317 3356 1531 3410 nomine
1556 3358 1692 3426 ejus,
1730 3376 1849 3429 quae
1892 3374 2015 3418 sunt
2054 3366 2213 3420 clara:

649 3432 861 3488 domus.
897 3437 959 3490 Et
990 3442 1131 3508 quod
1161 3442 1353 3511 majus.
1397 3448 1511 3502 haec
1538 3454 1712 3503 omnia
1745 3453 1795 3505 in
1826 3458 2212 3522 persecutioni-

648 3522 752 3580 bus
783 3530 1053 3591 possident
1080 3536 1269 3599 sancti,
1300 3537 1396 3590 hoc
1426 3550 1523 3599 est.
1554 3544 1692 3609 quod
1719 3544 1866 3610 dicit,
1886 3560 2002 3599 cum
2032 3562 2212 3614 perse-

651 3616 977 3684 cutionibus,
1021 3622 1070 3673 id
1102 3634 1181 3676 est
1214 3630 1638 3691 persecutionem
1684 3635 1847 3699 passi,
1883 3645 1935 3689 et
1972 3640 2105 3690 male
2139 3638 2215 3691 af-

650 3705 774 3762 fecti
799 3720 959 3778 atque
996 3713 1194 3768 amicti.
1237 3716 1385 3773 Unde
1411 3732 1463 3773 et
1500 3724 1591 3791 qui
1627 3723 1795 3778 ultimi
1852 3728 1905 3781 in
1954 3730 2053 3783 huc
2111 3747 2210 3785 Sie-

650 3800 770 3853 culo
810 3802 1055 3857 videntur
1096 3817 1313 3877 prepter
1342 3810 1652 3868 alllictiones
1689 3826 1741 3869 et
1785 3823 2209 3887 persecutiones,

650 3898 806 3979 erunt
832 3892 983 3959 primi
1022 3907 1237 3963 propter
1266 3915 1413 3969 spem
1466 3903 1517 3955 in
1563 3902 1747 3959 Deum.
1801 3906 1962 3979 227
2022 3910 2123 3965 Sed
2160 3924 2213 3966 et

649 3973 899 4031 Phariszei
946 3981 1031 4049 qui
1059 3984 1303 4040 videntur
1338 3989 1535 4057 primi,
1578 3990 1703 4046 facti
1758 3973 2209 4064 emit—postremi.

649 4063 748 4129 Qui
780 4078 953 4122 autem
993 4074 1191 4128 relictis
1229 4080 1477 4135 omnibus
1535 4084 1701 4136 secuti
1746 4096 1868 4139 sunt
1933 4063 2212 4144 Christum

648 4153 776 4211 facti
832 4172 955 4216 sunt
981 4164 1157 4230 primi.

721 4339 882 4398 Vens.
924 4346 1107 4403 32-54.
1143 4368 1161 4401 ι
1217 4349 1383 4406 Erant
1433 4363 1610 4410 autem
1641 4355 1693 4409 in
1727 4360 1812 4411 via
1856 4362 2215 4420 ascendentes

2314 3196 2410 3239 τας
2458 3183 2663 3243 πάντας
2731 3183 2825 3233 καὶ
2862 3182 3227 3254 φιλοστόργως
3282 3186 3417 3255 πρὸς
3469 3186 3668 3241 αὐτοὺς
3736 3186 3884 3256 ἔχον-

2312 3288 2431 3332 τας,
2470 3272 2601 3322 ἀλλὰ
2633 3274 2723 3324 καὶ
2756 3272 2933 3325 οἰκίαν
2972 3272 3097 3341 μίαν
3139 3275 3295 3342 ἀφεὶς
3327 3277 3356 3328 6
3385 3277 3608 3347 Πέτρος,
3660 3276 3881 3348 ὕστερον

2312 3363 2408 3423 τὰς
2438 3362 2653 3414 πάντων
2708 3364 2815 3416 τῶν
2875 3365 3130 3434 μαθητῶν
3158 3367 3325 3421 αὑτοῦ
3376 3368 3551 3431 οἰκίας
3607 3364 3745 3439 εἶχε.
3778 3371 3884 3424 Καὶ

2314 3452 2407 3505 νῦν
2434 3453 2489 3505 δὲ
2520 3454 2644 3517 τοὺς
2668 3454 2982 3524 ἁπανταχοῦ
3015 3454 3119 3523 γῆς
3142 3458 3303 3520 ναοὺς
3332 3457 3421 3509 ἐπ’
3450 3458 3671 3527 ὀνόματι
3698 3460 3883 3525 αὑτοῦ,

2313 3545 2485 3607 οἰκίας
2520 3546 2631 3615 ἔχει
2659 3546 2915 3617 λαμπράς
2939 3564 2951 3577 ·
2981 3550 3073 3600 καὶ
3099 3550 3158 3601 τὸ
3191 3551 3396 3618 μεῖξον,
3451 3552 3532 3603 δτι
3567 3553 3708 3620 μετὰ
3762 3552 3887 3605 διω-

2316 3636 2469 3704 γμῶν
2506 3635 2677 3689 ταῦτα
2714 3639 2889 3691 πάντα
2938 3641 3366 3709 κληρονομοῦσιν
3398 3644 3447 3693 οἰ
3506 3642 3675 3708 ἆγιοι,
3732 3660 3887 3696 τουτ-

2320 3727 2455 3790 έστι,
2522 3726 2895 3795 διωκόμενοι,
2946 3730 3040 3780 καλ¹
3112 3731 3212 3781 οὐκ
3290 3730 3652 3794 εὐπαθοῦντες
3687 3772 3701 3796 ,
3757 3732 3889 3786 ἀλλὰ

2316 3817 2641 3887 θλιϐόμενοι.
2690 3817 2853 3870 Ὀθεν
2882 3819 2977 3871 καὶ
3010 3820 3059 3871 oi
3095 3820 3315 3890 ἔσχατοι
3371 3822 3427 3875 ὲν
3457 3822 3535 3894 τῷ
3575 3822 3671 3875 νῦν
3728 3824 3884 3876 αἰῶνι

2313 3908 2593 3971 δοκοῦντες
2631 3909 2717 3962 διὰ
2742 3909 2799 3963 τὸ
2824 3910 3106 3965 θλίϐεσθαι
3154 3913 3249 3965 καὶ
3298 3901 3611 3975 διώκεσθαι,
3675 3916 3888 3972 ἔσονται

2316 4000 2521 4067 πρῶτοι
2548 4001 2635 4053 διὰ
2666 4003 2764 4071 τὴν
2794 4005 2874 4068 εἰς
2930 4004 3061 4057 Θεὸν
3108 4004 3315 4072 ἐλπίδα,
3344 4007 3478 4059 ἀλλὰ
3500 4008 3591 4060 καὶ
3621 4008 3674 4060 oi
3723 4009 3887 4079 Φαρι·

2317 4094 2479 4157 σαϊοι,
2517 4093 2723 4163 πρῶτοι
2752 4093 2922 4158 ὄντες,
2950 4096 3200 4159 ἐγένοντο
3228 4097 3465 4168 ἔσχατοι.
3505 4100 3569 4150 Ol.
3611 4098 3671 4152 δὲ
3724 4102 3887 4167 6'9“-

2314 4201 2403 4247 τες
2435 4186 2500 4236 τὰ
2540 4186 2739 4248 πάντα,
2773 4186 2866 4239 καὶ
2898 4176 3365 4257 ἀκολουθήσαντες
3392 4191 3470 4260 τῷ
3494 4191 3739 4264 Χριστῷ,
3765 4193 3887 4262 ιτε-

2315 4292 2465 4327 νοντο
2496 4275 2718 4345 πρῶτοι.

2391 4383 2410 4416 ι
2447 4360 2619 4419 Ἦσαν
2652 4367 2708 4419 δὲ
2740 4368 2796 4420 ὲν
2841 4372 2906 4439 τῇ
2952 4368 3054 4440 ὁδῷ
3091 4370 3479 4435 ἀναϐαίνοντες
3531 4376 3613 4436 εἰς
3653 4374 3881 4446 Ἱεροσδο

652 4431 1015 4505 Hierosolyma
1040 4478 1053 4502 ,
1094 4450 1147 4494 et
1190 4443 1526 4509 praecedebat
1577 4447 1695 4502 illos
1726 4445 1906 4515 Iesus,
1941 4462 2203 4523 erantque

2312 4454 2471 4525 λυμα,
2505 4460 2595 4509 καὶ
2625 4454 2692 4529 ἦν
2731 4431 2990 4529 προάγων
3027 4431 3226 4524 αὐτοὺς
3256 4464 3284 4514 6
3314 4431 3546 4533 Ἰησοῦς,
3588 4431 3688 4518 καὶ
3715 4431 3885 4535 ίθαμο

652 4525 931 4592 pavefacti,
962 4539 1014 4583 et
1043 4543 1328 4600 sequentes
1356 4535 1633 4592 timebant.
1665 4540 1727 4593 Et
1761 4546 2051 4613 assumptis
2082 4562 2220 4601 rur--

652 4629 770 4667 sum
800 4618 1103 4684 duodecim,
1138 4623 1302 4690 cmpit
1324 4625 1429 4679 illis
1461 4627 1638 4683 dicere
1666 4644 1784 4699 quae
1819 4633 1919 4687 sibi
1949 4647 2207 4693 eventura

653 4718 864 4760 essent:
891 4710 1026 4765 Ecce
1055 4717 1395 4771 ascendimus
1418 4716 1806 4791 Hierosolyma,
1842 4734 1893 4777 et
1918 4716 2084 4780 Filius
2110 4729 2207 4783 ho-

653 4797 813 4851 minis
847 4802 1085 4856 tradetur
1120 4806 1451 4875 principibus
1500 4814 1840 4868 sacerdotum
1880 4824 1935 4870 ct
1978 4816 2207 4887 Scribis,

652 4896 708 4941 ct
734 4893 1160 4948 condemnabunt
1198 4910 1319 4951 eum
1353 4900 1418 4953 ad
1454 4912 1698 4970 mortem,
1732 4914 1785 4959 et
1812 4908 2023 4962 tradent
2060 4910 2208 4964 illum

655 4981 927 5047 gentibus,
974 4995 1024 5036 et
1068 4986 1293 5043 illudent
1330 4990 1435 5054 illi.
1466 5002 1520 5047 et
1570 4994 1913 5065 flagellabant
1964 5015 2108 5067 eum,
2158 5013 2211 5057 et

654 5071 904 5138 inspucnt
937 5073 987 5125 iu
1032 5075 1201 5141 illum,
1232 5090 1286 5135 et
1333 5082 1582 5137 occident
1620 5101 1740 5140 eum
1764 5127 1777 5152 ,
1818 5098 1870 5143 et
1904 5094 2061 5147 tertia
2126 5094 2213 5149 die

655 5173 918 5231 resurget.
946 5184 964 5215 ι
1002 5164 1179 5231 Quare
1208 5170 1455 5240 praedicit
1498 5178 1545 5229 el
1576 5180 1877 5233 eventura?
1906 5180 1978 5236 Ut
2006 5192 2211 5240 mentes

655 5251 1035 5320 discipulorum
1086 5274 1368 5329 praeparet,
1419 5282 1524 5333 quo
1575 5270 1725 5334 prius
1759 5272 1939 5325 audita
1998 5272 2208 5329 facilius

654 5339 849 5409 ferant,
881 5355 936 5399 et
983 5364 1086 5402 non
1121 5364 1338 5419 repente
1367 5357 1727 5422 percellautur
1746 5362 1947 5416 animo.
1986 5362 2212 5433 Insuper

658 5444 716 5486 ut
743 5436 915 5491 sciant
937 5442 1079 5509 quod
1110 5444 1447 5503 voluntarius
1482 5452 1735 5519 patiatur.
1777 5453 1906 5507 Nam
1947 5457 2037 5525 qui
2074 5471 2211 5525 prte-

659 5530 829 5595 novit,
860 5544 911 5587 et
940 5534 1170 5606 effugere
1204 5550 1404 5609 potest,
1432 5553 1487 5598 et
1517 5562 1619 5599 non
1658 5546 1789 5617 fugit
1820 5565 1837 5603 :
1866 5550 2208 5606 manifestum

660 5622 801 5689 quod
834 5624 1193 5684 voluntarium
1230 5647 1287 5686 se
1336 5634 1673 5702 passiouibus
1700 5650 1951 5706 exponat.
1973 5640 2209 5697 Seorsim

665 5718 839 5767 autem
869 5718 1095 5774 assumit
1118 5720 1430 5793 discipulos,
1459 5735 1512 5782 et
1540 5741 1659 5782 cum
1683 5730 1811 5785 solis
1835 5731 1937 5787 illis
1956 5733 2205 5802 loquitur.

2308 4547 2517 4609 ϐοῦντο,
2542 4550 2633 4602 καὶ
2682 4552 3103 4615 ἀκολουθοῦντες
3136 4554 3432 4621 ἑφοϐοῦντο
3458 4572 3472 4584 ·
3506 4558 3599 4608 καὶ
3633 4559 3886 4626 παραλα-

2310 4637 2419 4689 ϐὼν
2449 4639 2609 4692 πάλιν
2655 4642 2780 4705 τοὺς
2824 4643 3066 4708 δώδεκα,
3118 4646 3321 4714 ήρξατο
3374 4648 3559 4711 αὐτοῖς
3591 4648 3776 4717 λέγειν
3821 4650 3885 4706 τὰ

2314 4730 2573 4799 μέλλοντα
2609 4733 2757 4803 αὺτῷ
2815 4736 3129 4804 συμϐαίνειν
3154 4754 3168 4768 ο
3218 4739 3301 4793 ὅτι
3354 4739 3482 4793 Ἰδοὺ
3519 4741 3884 4813 ἀναϐαίνομεν

2310 4824 2385 4884 εἰς
2421 4824 2788 4895 Ἰεροσόλυμα,
2818 4827 2913 4880 καὶ
2942 4828 2969 4879 6
3001 4830 3127 4891 Υἰὸς
3156 4830 3250 4883 τοῦ
3272 4830 3557 4901 ἀνθρώπου
3573 4834 3884 4905 παραδοθή-

2314 4928 2462 4966 σεται
2495 4917 2603 4977 τοῖς
2635 4916 2956 4988 ἀρχιερεῦσι
2997 4921 3094 4975 καὶ
3130 4921 3167 4972 Γ
3173 4922 3520 4991 ραμματεῦσι
3541 4963 3557 4988 ,
3591 4928 3687 4978 καὶ
3720 4942 3881 4979 κατα-

2312 5006 2587 5075 κρινοῦσιν
2633 5010 2800 5062 αὐτὸν
2835 5010 3087 5081 θανάτῳ,
3137 5012 3234 5066 καὶ
3279 5012 3698 5085 παραδώσουσιν
3727 5017 3882 5070 αὑτὸν

2310 5100 2420 5160 τοίς
2446 5097 2645 5165 ἔθνεσι,
2675 5100 2770 5152 καὶ
2798 5101 3158 5171 ἐμπαίξουσιν
3184 5103 3355 5174 αὐτῷ,
3388 5107 3479 5159 καί⁵
3512 5108 3884 5174 μαστιγώσου-

2313 5204 2395 5242 σιν
2422 5191 2604 5252 αὐτδν,
2642 5194 2736 5244 καὶ
2771 5194 3141 5262 ἐμπτύσουσιν
3188 5196 3337 5267 αὒτῷ
3364 5198 3882 5261 καὶιὰποκτενοῦσιν

2310 5280 2491 5345 αὑτὸν,
2535 5282 2626 5333 καὶ
2670 5286 2735 5353 τῇ
2776 5284 2933 5355 τρίτῃ
2976 5287 3160 5357 ἡμέρᾳ
3208 5288 3595 5359 ἀναστήσεται.
3652 5309 3679 5375 ε
3730 5291 3880 5353 Τίνος

2309 5372 2495 5426 ἕνεκεν
2529 5374 2783 5444 προλέγει
2829 5378 2898 5429 τά
2936 5378 3199 5447 μέλλοντα
3234 5379 3385 5450 αὖτῷ
3403 5372 3759 5450 συμϐαίνεινς
3788 5384 3879 5438 Διὰ

2309 5464 2373 5516 τὸ
2406 5466 2762 5535 προομαλίσαι
2812 5468 2920 5520 τῶν
2963 5470 3219 5540 μαθητῶν
3272 5470 3370 5542 τὴν
3416 5472 3681 5538 διάνοιαν,
3733 5471 3876 5530 ὦσὰν

2313 5556 2769 5622 προακούσαντες,
2823 5560 3197 5633 εὐφορώτερον
3238 5562 3529 5631 ἐνέγκωσι,
3574 5566 3773 5639 καὶμὴ
3802 5567 3875 5639 τῷ

2312 5645 2493 5715 ἀθρόῳ
2527 5647 2964 5718 καταπλαγῶσι,
3005 5652 3096 5704 καὶ
3145 5652 3293 5707 ὦσαν
3328 5653 3518 5708 εἰδεῖεν
3546 5698 3562 5720 ,
3610 5658 3693 5712 δτι
3742 5657 3876 5712 ἑκὼν

2317 5737 2530 5807 πάσχει.
2572 5738 2631 5793 '0
2672 5743 2781 5813 γὰρ
2811 5743 3075 5813 προειδὼς
3122 5748 3213 5800 καὶ
3256 5748 3551 5819 δυνάμενος
3599 5750 3872 5821 ἐκφυγεῖν.
