4108 6334
292 373 400 437 605

1006 367 1450 431 ENARRATIO
1492 367 1575 429 IN
1614 366 2116 432 EVANGELIUM
2156 364 2420 433 MARCI.
2453 396 2520 407 -
2562 371 2718 434 CAP.
2757 372 2832 433 X.

3468 368 3577 433 606

294 488 374 562 μὴ
420 486 638 557 φεύγων
687 486 743 541 δὲ
769 527 785 554 ,
840 484 1109 558 πρόδηλον
1151 485 1227 549 ὡς
1272 484 1539 547 ἑκουσίως
1596 483 1881 538 ἐκδίδωσιν

1990 485 2275 541 Secretum
2300 488 2445 543 enim
2483 486 2800 557 mysterium
2838 494 2956 540 erat
2985 482 3187 553 passio,
3212 481 3355 552 quod
3412 483 3579 536 rami"

290 581 487 637 ιαυτδν
516 581 628 640 τοῖς
650 578 897 633 πάθεσιν.
951 576 1083 647 Ἰδίᾳ
1119 576 1175 629 δὲ
1223 575 1561 645 παραλαϐὼν
1615 576 1743 639 τοὺς
1778 594 1876 646 μαι

290 674 483 747 θητὰς,
520 673 704 743 μόνοις
731 673 919 734 αὐτοῖς
954 671 1285 740 διαλέγεται.
1320 670 1641 740 Μυστήριον
1682 670 1789 741 γάρ
1820 669 1879 722 δν

285 766 355 819 τὸ
383 763 576 826 πάθος,
613 765 725 826 τοῖς
750 762 1104 833 οἰκειοτέροις
1139 762 1245 814 ἔδει
1273 761 1752 832 ἀποκαλυφθῆναι.
1778 761 1879 815 Διά

288 856 455 909 τοῦτο
486 854 617 923 γοῦν
652 855 742 907 καὶ
774 850 1147 922 προλαμϐάνει
1171 851 1387 915 πάντας
1422 852 1479 904 έν
1499 854 1565 921 τῇ
1597 850 1722 921 ὁδῷ,
1752 851 1877 921 βου-

287 948 517 1013 λάμενος
534 945 875 1015 ἀποχωρίσαι
895 942 990 996 τοῦ
1020 943 1180 998 ἄλλου
1204 942 1446 1013 πλήθους
1464 944 1591 1006 τοὺς
1625 943 1877 1014 μαθητὰς

288 1036 481 1090 αὑτοῦ.
531 1036 681 1104 Ἀμα
728 1034 823 1086 καὶ
883 1032 971 1085 διὰ
1027 1031 1118 1084 τοῦ
1178 1030 1443 1103 προάγειν
1504 1033 1721 1096 πάντας
1782 1032 1877 1086 καὶ

289 1128 626 1201 προφθάνειν
657 1128 716 1179 εν
740 1128 806 1195 τῇ
838 1122 941 1194 ὀδῷ
964 1164 979 1188 ,
1018 1122 1289 1177 δείκνυσιν
1323 1124 1405 1177 ὅτι
1437 1124 1767 1194 προστρέχει
1799 1123 1877 1193 τῷ

288 1222 480 1283 πάθει,
512 1220 605 1271 καὶ
633 1219 731 1271 οὐκ
776 1218 1079 1285 ἀποφεύγει
1126 1216 1226 1288 τὴν
1279 1216 1421 1288 ὑπὲρ
1452 1218 1555 1287 τῆς
1597 1218 1878 1288 ἡμετέρας

290 1310 573 1380 σωτηρίας
598 1310 865 1380 νέκρωσιν
886 1327 901 1341 ·
917 1308 980 1362 π)
992 1310 1059 1380 ὴν
1086 1311 1135 1362 εί
1156 1310 1249 1363 καὶ
1274 1310 1343 1362 τά
1362 1310 1666 1381 σκυθρωπά
1734 1311 1917 1365 πάντα

286 1405 376 1468 τὸ,
416 1406 536 1459 Καὶ
574 1408 641 1475 τῇ
661 1405 817 1476 τρίτῃ
844 1404 1029 1475 ἡμέρα
1060 1405 1448 1473 ἀναστήσεται.

368 1519 387 1552 t
430 1500 539 1554 Καὶ
566 1499 1035 1569 προσπορεύονται
1068 1499 1217 1569 αύτῷ
1262 1498 1519 1562 Ἰάκωϐος
1548 1501 1644 1553 καὶ
1687 1498 1874 1553 ’ῐωάνο

288 1608 412 1660 νης,
439 1594 488 1645 οί
517 1591 623 1643 υίοὶ
646 1591 959 1654 Ζεϐεδαίου,
986 1591 1240 1659 λέγοντες
1258 1605 1273 1621 ⁸
1300 1591 1624 1654 Διδάσκαλε,
1646 1589 1877 1660 θέλομεν

287 1684 381 1738 ῖνα
412 1684 440 1737 δ
476 1683 570 1736 ὲάν
596 1682 929 1752 αἰτήσωμέν,
964 1685 1197 1755 ποιήσῃς
1223 1685 1373 1753 ἡμῖν.
1420 1683 1479 1737 '0
1511 1684 1567 1736 δὲ
1595 1679 1749 1737 εἶπεν
1779 1683 1880 1735 αὐο-

288 1775 405 1838 τοῖς
430 1791 445 1807 ο
474 1773 540 1827 Τί
568 1771 749 1825 θέλετε
774 1773 995 1842 ποιῆσαί
1030 1790 1095 1842 με
1138 1774 1267 1843 ὑμῖν
1297 1791 1312 1841 ;
1345 1774 1407 1827 Ol
1437 1773 1493 1827 δὲ
1520 1770 1673 1827 εἷπον
1699 1770 1875 1842 αὐτῷ·

1984 577 2297 633 liarioribus
2329 579 2591 634 duntaxat
2637 576 2989 633 revolandum
3019 582 3159 638 erat,
3188 583 3575 647 et'proptcrca

1984 669 2037 724 in
2066 670 2149 723 via
2168 685 2360 725 omnes
2392 669 2671 739 praecedit,
2711 669 2900 724 volens
2932 684 2960 722 a
3021 666 3367 721 multitudine
3392 665 3578 736 segr‘e-

1982 776 2113 833 gare
2143 764 2455 831 discipulos.
2504 762 2731 832 Insuper
2763 776 2858 831 per
2893 762 2995 815 ltoe
3023 761 3165 829 quod
3204 772 3394 813 onmes
3428 772 3574 827 pra:-

1981 854 2129 911 cedit
2167 865 2221 909 et
2253 855 2515 923 prterenit
2547 855 2599 908 in
2635 855 2721 908 via
2754 894 2769 917 ,
2817 853 3054 908 ostendit
3091 853 3233 919 quod
3265 852 3331 903 ad
3365 850 3578 919 passio-

1985 960 2109 1000 nem
2138 957 2409 1011 accurrat,
2427 958 2481 1001 et
2506 963 2610 1001 non
2637 946 2811 1015 fugiat
2838 956 3063 998 tnnrtem
3084 953 3305 1012 propter
3334 952 3574 996 nostram

1986 1038 2239 1093 salutem.
2286 1038 2546 1104 Quamvis
2597 1046 2778 1093 autem
2816 1038 2980 1091 multa
3024 1048 3309 1090 enumerat
3358 1050 3575 1103 aspera,

1987 1130 2231 1182 omnium
2274 1140 2453 1185 tamen
2531 1130 2744 1184 illorum
2806 1129 3077 1184 sufﬁciens
3142 1127 3447 1185 consolatio
3495 1136 3578 1181 est

1990 1234 2158 1274 unum
2194 1222 2316 1288 hoc,
2350 1222 2491 1290 quod
2534 1223 2692 1275 tertia
2724 1222 2811 1275 die
2843 1231 3112 1289 resurget.

1988 1314 2307 1381 καταλέγει,
2330 1315 2448 1373 ἀλλ’
2479 1312 2572 1368 οῦν
2604 1316 2821 1370 πάντων
2838 1313 3062 1368 ἐκείνων
3095 1312 3421 1384 παραμυθία
3457 1311 3578 1382 μία,

2061 1498 2225 1552 Vsus.
2263 1493 2457 1549 55-59.
2501 1513 2520 1545 ι
2557 1482 2621 1547 Et
2660 1494 2927 1547 accedunt
2971 1491 3036 1544 ad
3067 1505 3188 1545 eum
3245 1489 3483 1544 Jacobus
3521 1498 3579 1545 et

1984 1588 2243 1651 Joannes,
2285 1587 2378 1641 lilii
2418 1585 2684 1649 Zebedaei,
2727 1586 3005 1639 dicentes:
3045 1582 3379 1649 Praeceptor,
3422 1581 3580 1635 volu-

1991 1698 2111 1737 mus
2151 1690 2208 1734 ut
2238 1679 2497 1749 quidquid
2530 1679 2867 1748 petierimus,
2912 1676 3080 1730 facias
3113 1675 3287 1728 nobis.
3332 1674 3424 1729 Ille
3450 1680 3581 1728 vero

1996 1774 2121 1828 dicit
2153 1773 2231 1827 eis
2261 1790 2274 1826 :
2306 1770 2443 1837 Quid
2493 1784 2578 1824 me
2611 1769 2770 1823 vultis
2793 1768 2969 1822 facere
3001 1767 3185 1822 vobis?
3231 1766 3305 1819 Illi
3342 1781 3467 1821 vero
3496 1766 3580 1819 di-

286 1866 391 1929 Δδς
422 1865 552 1935 ἡμῖν
592 1864 678 1917 ἵνα
702 1858 780 1923 είς
802 1865 865 1917 lx
890 1864 1078 1929 δεξιῶν
1113 1882 1227 1930 σου,
1256 1866 1350 1919 καὶ
1377 1861 1457 1928 εἷς
1490 1865 1547 1933 ἐξ
1584 1864 1881 1934 εὐωνύμων

1989 1874 2185 1919 xerunt
2217 1864 2266 1917 ei
2305 1882 2319 1919 ι
2357 1862 2430 1916 Da
2464 1863 2621 1916 nobis
2652 1874 2709 1913 ut
2740 1877 2880 1914 unus
2917 1859 3008 1911 ubi
3041 1875 3067 1911 a
3096 1858 3323 1920 dextris,
3356 1866 3410 1913 et
3442 1855 3580 1911 alter

288 1970 390 2009 σου
425 1953 754 2025 καθήσωμεν
789 1956 847 2006 εν
880 1958 947 2025 τῇ
977 1954 1103 2026 δόξῃ
1130 1973 1247 2011 σου.
1291 1955 1350 2010 Ὀ
1388 1958 1444 2011 δδ
1485 1956 1694 2027 Ἰησοῦς
1724 1952 1880 2010 εἷπεν

286 2049 501 2111 αὐτοῖς·
524 2047 638 2100 Οὐκ
666 2045 846 2101 οῐδατε
876 2047 929 2099 τί
947 2048 1213 2102 αἰτεῖσθε.
1240 2048 1482 2102 Δύνασθε
1513 2052 1657 2103 πιεῖν
1688 2050 1749 2103 τὸ
1781 2066 1881 2101 πο-

284 2140 482 2211 τήριον
506 2138 534 2192 δ
555 2138 667 2206 δγὼ
694 2138 857 2203 πίνω,
887 2140 985 2193 καὶ
1013 2139 1073 2193 τὸ
1102 2140 1389 2212 βάπτισμα
1419 2142 1448 2195 δ
1475 2140 1586 2209 ἐγὼ
1615 2139 1877 2211 βαπτίζο-

290 2247 417 2300 μαι,
448 2230 816 2300 βαπτισθῆναι
842 2248 858 2299 ;
887 2230 950 2284 Οἳ
1007 2232 1064 2286 δὲ
1114 2227 1265 2286 εἶπον
1320 2233 1493 2304 αὐτῷ·
1526 2233 1870 2302 Δυνάμεθα.»

290 2321 487 2385 Ἀλλος
504 2322 901 2393 εὐαγγελιστής
924 2339 1090 2392 φησιν
1107 2324 1189 2377 ὅτι
1220 2327 1253 2396 ὴ
1290 2328 1474 2396 μήτηρ
1496 2326 1676 2380 αὐτῶν
1706 2343 1878 2397 προσ-

285 2415 424 2484 ῆλθε
466 2413 545 2485 τῷ
584 2413 829 2485 Χριστῷ.
887 2416 1043 2480 Εἰκὸς
1098 2416 1159 2471 δέ
1198 2420 1369 2472 λέστιν
1401 2418 1691 2489 ἀμφότερα
1732 2418 1885 2487 γενέ-

287 2509 451 2563 σθαι·
488 2512 734 2574 καὶτοὺς
789 2510 1121 2575 ἀποστόλους
1190 2511 1613 2581 αἰσχυνομένους
1667 2511 1878 2581 προϐα-

284 2601 480 2655 λέσθαι
513 2605 612 2673 τὴν
647 2603 858 2675 μητέρα
885 2603 1063 2657 αὐτῶν
1085 2644 1098 2668 ,
1132 2599 1256 2657 εῐτα
1288 2603 1384 2657 καὶ
1418 2603 1617 2667 αΰτοὺς
1640 2604 1880 2675 προσελ-

287 2692 408 2746 θεῖν
464 2692 610 2765 ιδίᾳο
652 2694 732 2747 διὸ
780 2697 876 2749 καὶ
926 2698 954 2749 δ
1004 2696 1403 2768 εὐαγγελιστὴς
1452 2698 1880 2766 ἐπισημαίνεται

285 2786 470 2853 τοῦτο,
497 2787 703 2855 λέγων·
734 2789 1235 2859 Προσπορεύονται,
1265 2790 1387 2844 ἀντὶ
1419 2789 1535 2858 τοῦ,
1574 2790 1680 2858 ίδίᾳ
1713 2805 1882 2858 προσ-

286 2877 570 2947 έρχονται,
623 2878 735 2930 τῶν
797 2879 973 2933 ἀλλων
1008 2879 1509 2949 ἀποχωρισθέντες.
1554 2880 1621 2931 Τί
1662 2879 1719 2932 δὲ
1762 2876 1829 2950 ἦν
1855 2878 1884 2931 δ

286 2968 535 3041 ᾐτοῦντο,
570 2968 855 3039 μάθωμεν.
888 2969 1173 3039 Ἐνόμιζον
1204 2970 1286 3022 ὅτι
1316 2970 1475 3023 τοῦτο
1513 2968 1542 3022 δ
1586 2970 1881 3040 ἀνέρχεται

286 3061 373 3122 είς
409 3058 776 3129 Ἱεροσόλυμα.
802 3059 891 3111 διὰ
919 3061 979 3111 τὺ
1004 3058 1349 3130 βασιλεύσειν
1370 3060 1661 3131 ἀνέρχεται
1690 3059 1885 3129 αίσθη-

285 3147 391 3219 τὴν
420 3146 716 3217 βασιλείαν.
744 3148 854 3201 Καὶ
880 3149 1019 3217 μετὰ
1047 3148 1109 3201 τὸ
1125 3148 1464 3218 βασιλεῦσαι,
1486 3150 1607 3202 τότε
1632 3149 1881 3202 πείσεται

286 3239 330 3295 ἃ
362 3239 558 3309 εμελλε
613 3241 826 3295 παθεῖν.
867 3240 1055 3295 Ταῦτα
1093 3238 1187 3295 οὖν
1217 3242 1551 3307 ἐννοοῦντες,
1592 3240 1872 3295 αἰτοῦνται

288 3334 392 3388 καὶ
440 3335 539 3405 τὴν
571 3336 636 3388 ὲκ
666 3335 857 3403 δεξιῶν
899 3337 994 3389 καὶ
1026 3338 1128 3407 τὴν
1165 3338 1223 3403 ἑξ
1248 3336 1545 3406 εὐωνύμων
1585 3338 1878 3407 καθέδραν·

288 3424 377 3479 διδ
402 3426 499 3479 καὶ
528 3428 557 3480 δ
594 3427 804 3499 Κύριος
832 3429 1063 3500 ἐπιτιμᾷ
1093 3428 1279 3492 αὐτοῖς
1304 3429 1381 3492 ὡς
1420 3430 1649 3498 ἀνόητόν
1694 3446 1745 3483 τι
1786 3430 1883 3499 ζη-

289 3519 498 3575 τοῦσιν.
520 3521 635 3574 Οὐκ
662 3521 839 3575 οίδατε
862 3523 994 3594 γάρ,
1026 3525 1182 3593 φησὶ,
1200 3524 1255 3576 τί
1271 3522 1533 3579 αἰτεῖσθε.
1568 3524 1759 3593 Ὑμεῖς
1775 3525 1885 3599 γὰρ

288 3614 547 3681 νομίζετε
595 3614 863 3685 αἰσθητὴν
922 3612 1062 3669 εἶναι
1115 3617 1217 3687 τὴν
1268 3617 1407 3685 ἐμὴν
1447 3616 1750 3686 βασιλείαν,
1788 3617 1884 3670 καὶ

290 3703 561 3774 αἰσθητὴν
584 3704 683 3777 τὴν
708 3706 982 3778 καθέδραν
1015 3708 1277 3762 αἰτεῖσθε.
1310 3710 1423 3761 Οὺκ
1450 3708 1564 3761 ἐστι
1595 3709 1651 3762 δὲ
1684 3707 1841 3760 τοῦτο
1866 3724 1882 3741 ν

290 3795 431 3849 ἀλλά
462 3797 635 3852 ταῦτα
676 3800 856 3854 πάντα
890 3801 1031 3870 ὑπὲρ
1070 3800 1196 3853 νοῦν
1231 3803 1355 3853 εισι.
1403 3802 1518 3854 Καὶ
1566 3802 1627 3853 τὸ
1659 3801 1883 3854 καθίσαι

292 3890 362 3941 ὲκ
392 3887 580 3953 δεξιῶν
614 3907 715 3960 μου
784 3892 927 3960 μέγα
957 3891 1095 3957 ἐστὶ,
1131 3892 1227 3945 καὶ
1252 3892 1351 3954 τὰς
1378 3892 1675 3960 ἀγγελικάς
1715 3894 1885 3962 ὑπερ-

294 3979 481 4035 ϐαῖνον
512 3982 700 4047 τάξεις
721 4023 737 4048 ,
770 3984 865 4036 καὶ
897 3984 1056 4053 ὑμεῖς
1090 3984 1189 4054 μὲν
1238 3986 1331 4037 ἐπὶ
1375 3986 1534 4052 δόξαν
1590 3987 1882 4055 κεχήνατε,

291 4070 409 4140 ἐγὼ
440 4071 495 4124 δὲ
517 4074 597 4135 εἰς
648 4072 878 4127 θάνατον
921 4075 1066 4144 ὑμᾶς
1106 4075 1275 4128 καλῶ.
1333 4077 1599 4147 Ποτήριον
1646 4077 1756 4147 γὰρ
1786 4077 1883 4129 καὶ

294 4161 583 4241 βάπτισμα
635 4166 729 4216 τὸν
762 4165 996 4237 σταυρὸν
1038 4166 1328 4236 ὀνομάζει·
1360 4171 1617 4237 ποτήριον
1648 4169 1775 4238 μὲν,
1811 4168 1886 4231 ὠς

290 4259 376 4319 εἰς
399 4256 567 4309 ὕπνον
601 4257 762 4321 εὐθὺς
792 4259 923 4325 ἀγον
963 4258 1057 4311 καὶ
1082 4258 1155 4321 ὡς
1180 4258 1351 4329 ἡδέως
1380 4260 1472 4312 ὑπ’
1494 4260 1661 4313 αὑτοῦ
1710 4278 1885 4330 προσ-

293 4347 486 4419 δεχθέν
509 4365 523 4379 ο
559 4348 846 4419 βάπτισμα
879 4349 955 4413 δὲ,
988 4350 1063 4413 ὡς
1098 4351 1437 4421 καθαρισμὸν
1468 4352 1575 4405 τῶν
1603 4352 1887 4422 ἁμαρτιῶν

294 4442 697 4513 ποιησάμενον,·
732 4444 782 4496 el
806 4443 884 4507 δε,
920 4443 995 4515 μὴ
1021 4444 1316 4513 νοήσαντες
1343 4443 1395 4496 τί
1414 4444 1584 4509 λέγοι,
1615 4445 1886 4516 ὑπέσχον-

1913 3212 1955 3269 C

1996 1959 2092 2013 tibi
2121 1974 2148 2010 a
2186 1957 2429 2012 sinistris
2452 1957 2737 2010 sedeamus
2764 1955 2815 2008 in
2844 1954 3013 2024 gloria
3046 1964 3158 2007 tua.
3186 1951 3345 2007 Jesus
3397 1961 3581 2005 autem

1994 2052 2131 2105 dixit
2155 2050 2263 2105 illis
2293 2067 2307 2104 :
2347 2048 2581 2103 Nescitis
2604 2047 2728 2116 quid
2756 2047 2975 2115 petatis.
3010 2045 3244 2099 Potestis
3276 2044 3464 2098 bibere
3495 2055 3585 2111 po-

1984 2143 2165 2198 culum
2200 2141 2346 2211 quod
2374 2156 2474 2211 ego
2506 2141 2665 2203 bibo,
2696 2149 2751 2192 et
2782 2138 3109 2207 baptismate
3140 2149 3250 2204 quo
3279 2149 3382 2204 ego
3414 2132 3583 2201 bapti-

1983 2251 2081 2289 zor
2128 2234 2389 2303 baptizari
2434 2234 2561 2285 ?At
2620 2231 2694 2284 illi
2746 2229 3001 2285 dixerunt
3037 2230 3086 2282 ei
3131 2244 3148 2283 :
3194 2228 3510 2281 Possumus.
3558 2244 3577 2278 ι

1984 2328 2139 2382 Alius
2162 2326 2489 2397 evangelista
2519 2324 2652 2378 dicit
2682 2322 2823 2392 quod
2852 2331 3024 2376 mater
3050 2321 3263 2375 illorum
3292 2320 3586 2374 accesserit

1992 2422 2058 2474 ad
2077 2419 2380 2473 Christum.
2410 2415 2719 2471 Verisimile
2744 2423 2924 2473 autem
2946 2424 3028 2469 est
3045 2424 3337 2481 utrumque
3358 2412 3582 2475 iactam,

1982 2517 2037 2563 et
2086 2507 2364 2578 apostolos
2394 2507 2602 2575 pudore
2650 2508 2886 2575 quodam
2941 2514 3168 2557 matrem
3223 2504 3581 2574 praemisisse,

1988 2612 2041 2657 et
2063 2601 2259 2656 deinde
2297 2602 2445 2670 ipsos
2482 2600 2709 2654 seorsim
2745 2597 2943 2652 adiisse
2972 2615 2985 2651 :
3021 2598 3226 2653 idcirco
3258 2607 3314 2652 et
3347 2610 3587 2667 evange—

1983 2696 2109 2749 lista
2134 2696 2379 2764 assignat
2401 2692 2523 2755 hoc,
2555 2692 2742 2746 dicens
2771 2707 2785 2745 :
2820 2690 3122 2754 Accedunt,
3158 2688 3262 2745 huc
3301 2699 3408 2754 est,
3434 2702 3589 2742 seor-

1986 2787 2087 2840 sim
2108 2786 2328 2844 adeunt.
2357 2784 2425 2837 ab
2450 2782 2572 2836 aliis
2595 2781 2883 2851 segregati.
2909 2778 3048 2847 Quid
3071 2781 3236 2851 igitur
3258 2779 3421 2834 fuerit
3442 2780 3584 2849 quod

1988 2877 2282 2944 petierunt,
2317 2874 2617 2931 discamus.
2650 2871 2979 2943 Cogitabant
3010 2875 3152 2941 quod
3179 2874 3501 2927 ascenderet
3530 2870 3584 2924 in

1991 2966 2365 3037 lierosolyma
2395 2978 2453 3021 ut
2480 2967 3103 3038 regnaturustemporali
3124 2965 3358 3035 quodam
3389 2980 3585 3035 regno,

1990 3068 2045 3115 et
2077 3069 2367 3129 postquam
2403 3068 2709 3129 regnasset,
2747 3074 3007 3128 passurus
3037 3068 3184 3113 esset
3213 3072 3275 3111 ea
3301 3058 3366 3111 de
3384 3058 3583 3128 quibus

1991 3151 2227 3207 dicebat.
2263 3151 2415 3204 Talia
2458 3166 2644 3206 secum
2673 3151 3005 3220 c0gitantes,
3043 3150 3358 3221 petiverunt
3396 3151 3584 3205 sedem

1990 3253 2042 3297 et
2072 3258 2101 3295 ε
2130 3242 2338 3297 dextris
2355 3252 2407 3295 et
2438 3258 2467 3294 a
2500 3243 2776 3296 sinistris:
2805 3242 3009 3297 idcirco
3032 3253 3088 3296 et
3122 3242 3382 3296 Dominus
3408 3243 3589 3297 incre-

1990 3345 2083 3406 pat
2108 3351 2201 3389 eos
2230 3345 2485 3403 tanquam
2506 3336 2730 3389 stultum
2766 3336 3026 3404 quiddam
3058 3344 3323 3405 petentes.
3348 3334 3589 3391 Nescitis

1988 3429 2156 3493 enim,
2194 3428 2391 3496 inquit,
2426 3429 2554 3497 quid
2587 3428 2807 3497 petatis.
2841 3428 2949 3483 Vos
2982 3431 3127 3483 enim
3161 3430 3391 3485 creditis
3412 3430 3586 3484 sensi-

1988 3520 2096 3575 bile
2127 3520 2399 3590 quoddam
2458 3534 2638 3574 meum
2691 3534 2917 3587 regnum
2958 3534 3103 3585 esse,
3133 3534 3189 3575 et
3226 3520 3585 3590 temporalem

1989 3614 2173 3667 sedem
2220 3612 2406 3681 petitis
2439 3629 2453 3665 :
2487 3621 2541 3665 at
2581 3626 2669 3667 res
2714 3628 2818 3667 non
2856 3614 2928 3666 ita
2960 3628 3019 3667 se
3056 3614 3239 3679 habet,
3274 3616 3369 3669 scd
3404 3614 3587 3669 omnia

1990 3704 2104 3756 haec.
2124 3718 2285 3771 supra
2320 3711 2555 3755 mentem
2586 3702 2822 3756 hominis
2839 3712 2986 3757 sunt.
3013 3702 3073 3756 Et
3104 3705 3298 3758 sedere
3321 3719 3350 3756 a
3376 3706 3586 3759 dextris

1998 3796 2153 3858 meis,
2188 3809 2442 3864 magnum
2474 3804 2581 3860 est,
2612 3796 2828 3863 etquod
2858 3796 3076 3850 excellit
3115 3797 3278 3850 etiam
3313 3798 3591 3868 angelicas

1990 3887 2244 3941 ordines:
2278 3886 2447 3957 228
2476 3896 2529 3941 et
2559 3902 2658 3942 vos
2680 3890 2897 3957 quidem
2929 3889 2996 3942 ad
3027 3889 3256 3957 gloriam
3294 3889 3589 3957 festinatis,

1989 3994 2089 4049 ego
2113 3991 2295 4033 autem
2352 3982 2418 4033 ad
2467 3991 2703 4036 mortem
2732 3996 2828 4036 vos
2861 3996 3013 4035 voco.
3061 3980 3325 4036 Poculum
3356 3983 3501 4037 enim
3532 3994 3590 4038 et

1991 4070 2259 4138 baptisma
2292 4056 2511 4125 crucem
2547 4070 2819 4126 nominat.
2858 4070 3116 4126 Poculnm
3149 4072 3369 4142 quidem
3394 4114 3410 4139 ,
3442 4075 3589 4144 quod

1989 4163 2175 4215 statim
2219 4177 2472 4218 somnum
2503 4165 2789 4228 conciliet,
2828 4177 2884 4219 et
2934 4167 3078 4236 quod
3110 4169 3177 4220 ab
3229 4167 3348 4236 ipso
3390 4183 3590 4238 magna

1991 4269 2111 4311 cum
2146 4257 2416 4312 suavitate
2444 4267 2732 4325 sumatur;
2772 4259 3040 4329 baptisma
3069 4270 3271 4326 autem,
3316 4267 3459 4331 quod
3502 4262 3591 4318 (uo

1994 4357 2115 4401 tura
2144 4359 2290 4404 esset
2318 4361 2671 4418 peccatorum
2707 4338 3033 4421 puriﬁcatio.
3070 4360 3139 4408 At
3185 4355 3239 4409 hi
3292 4372 3395 4409 tton
3429 4357 3591 4411 intelv

1992 4442 2229 4514 ligentes
2266 4442 2395 4513 quid
2452 4444 2662 4499 diceret
2719 4445 2947 4513 polliciti
3007 4456 3151 4502 sunt.
3216 4448 3591 4516 Opinabantnr

290 4551 379 4601 το,
418 4536 736 4604 νομίζοντες
768 4536 950 4605 λέγειν
984 4539 1113 4607 περὶ
1147 4536 1409 4608 ποτηρίου
1463 4537 1755 4609 αἰσθητοῦ,
1793 4540 1881 4593 καὶ

1994 4537 2137 4592 enim
2163 4536 2527 4607 eumloquide
2548 4537 2742 4607 poculo
2758 4538 3095 4604 sensibili,et
3116 4540 3443 4608 baptismate
3476 4558 3591 4609 quo

295 4628 679 4700 βαπτίσματος
728 4630 824 4701 οῖῳ
854 4629 1213 4695 ἐϐαπτίζοντο
1243 4632 1294 4683 οί
1335 4630 1581 4685 Ἰουδαῖοι
1601 4672 1614 4696 ,
1649 4632 1757 4703 πρὸ
1790 4629 1883 4685 τοῦ

295 4724 497 4792 φαγεῖν
519 4721 689 4776 πλυνδ
697 4738 871 4793 μενοι.

373 4832 393 4865 r
440 4814 499 4867 Ὀ
529 4812 587 4869 δὲ
639 4812 847 4884 Ἰησοῦς
888 4808 1040 4867 εἶπεν
1071 4813 1284 4875 αὐτοῖς’
1310 4814 1383 4867 Τὸ
1417 4816 1516 4885 μὲν
1549 4817 1810 4887 ποτήριον
1858 4814 1888 4868 δ

294 4906 412 4977 ἐγὼ
434 4908 598 4969 πίνω,
630 4907 840 4971 πίεσθε,
873 4907 968 4962 καὶ
1002 4909 1063 4961 τὸ
1089 4908 1374 4977 βάπτισμα
1410 4909 1439 4962 ὃ
1472 4909 1583 4977 ἐγὼ
1625 4909 1887 4980 βαπτίζο-

298 5018 420 5079 μαι,
456 5000 876 5079 βαπτισθήσεθε.
928 5002 1002 5055 Τὸ
1049 5002 1105 5054 δὲ
1138 5002 1362 5055 καθίσαι
1417 5004 1481 5056 ἐκ
1528 5002 1723 5067 δεξιῶν
1780 5019 1885 5073 μου

292 5077 393 5149 καλ
414 5092 474 5159 ιε
501 5092 799 5164 εὐωνύμων
833 5077 938 5164 μου
959 5134 974 5156 ,
1003 5094 1103 5147 οὐκ
1137 5092 1287 5147 ἔστιν
1318 5094 1451 5164 ὲμδν
1486 5094 1711 5159 δοῦναι,
1738 5132 1741 5135 ν
1766 5094 1885 5149 ἀλλ’

291 5180 380 5248 οἷς
415 5185 763 5255 ἡτοίμασται.
812 5203 830 5235 ι
864 5185 938 5238 Τὸ
974 5185 1074 5255 μιν
1114 5185 1434 5259 μαρτύριον,
1463 5188 1651 5257 φησιν,
1690 5188 1884 5241 ὑπεισ-

292 5278 612 5342 σλεύσεσθε,
648 5279 740 5332 καὶ
783 5276 1153 5332 ἀποθανεῖσθε
1185 5280 1277 5332 τὸν
1317 5279 1459 5351 ὑπὲρ
1491 5280 1589 5350 τῆς
1618 5280 1883 5349 ἀληθείας

292 5372 551 5425 θάνατον.
602 5370 685 5423 Τὸ·
724 5370 781 5423 δὲ
822 5370 1071 5435 καθίσαι,
1136 5372 1237 5425 οὐκ
1282 5370 1431 5425 ἔστιν
1496 5372 1631 5442 ἐμὸν
1674 5372 1881 5428 δοῦναι.

306 5461 573 5516 Ἐνταῦθα
603 5461 660 5516 δι
688 5462 783 5516 δύο
804 5462 928 5516 τινὰ
955 5461 1267 5533 ζητοῦνται.
1301 5463 1400 5541 ’.Εν
1431 5465 1529 5535 μὲν
1560 5464 1701 5520 τόδε.
1733 5462 1885 5537 Ἀρα

292 5550 626 5622 ἡτοίμασται
654 5566 760 5603 τινι
789 5550 848 5603 τδ
883 5550 1110 5605 καθίσαι
1139 5566 1155 5617 ;
1201 5552 1390 5622 ἕτερον
1432 5553 1511 5617 δὲ,
1548 5548 1658 5624 ἄρα
1686 5555 1715 5606 δ
1746 5556 1886 5607 πάν-

289 5658 404 5697 των
431 5642 702 5711 Δεσπότης
730 5641 793 5695 οὐ
832 5642 1057 5697 δύναται
1077 5644 1281 5714 ταύτην
1307 5645 1410 5715 τὴν
1438 5645 1711 5716 καθέδραν
1742 5646 1871 5699 δοῦ-

292 5752 422 5801 ναι;
464 5735 711 5807 Δέγομεν
736 5735 833 5791 οὖν
862 5737 946 5791 ὃτι
967 5737 1150 5802 οὐδεὶς
1189 5739 1255 5791 εκ
1283 5735 1476 5803 δεξιῶν
1510 5740 1722 5793 καθίσει
1752 5741 1785 5811 ἢ
1826 5741 1885 5807 ἐξ

291 5824 623 5897 ἀριςτερῶν.
671 5825 832 5882 Ἀλλά
864 5825 969 5881 κᾶν
1006 5826 1275 5899 πολλαχοῦ
1320 5828 1423 5900 τῆς
1476 5828 1703 5901 Γραςῆς
1746 5830 1879 5884 καθ·

1996 4626 2416 4698 baptizabantur
2446 4626 2623 4683 ειυόωὶ
2664 4642 2790 4683 cum
2822 4638 2951 4686 ante
2995 4631 3175 4685 cibum
3217 4645 3276 4686 se
3322 4630 3589 4689 lavarent.

2066 4811 2229 4866 Vens.
2260 4813 2352 4879 39,
2394 4814 2485 4869 ιο.
2525 4832 2543 4865 ι
2581 4811 2745 4871 Jesus
2775 4824 2957 4883 autem
2981 4815 3118 4871 dixit
3145 4815 3253 4871 illis
3284 4832 3298 4871 :
3330 4814 3587 4870 Pocmntn

1994 4903 2211 4971 quidem
2241 4906 2381 4975 quod
2406 4920 2509 4976 ego
2536 4906 2683 4971 bibo,
2718 4907 2914 4963 bibetis
2948 4926 2963 4962 :
3007 4917 3060 4963 et
3106 4909 3436 4977 baptismate
3480 4925 3589 4979 quo

1995 5009 2095 5063 ego
2126 4995 2399 5065 baptizor,
2439 4996 2850 5066 baptizabimini
2889 5017 2901 5053 :
2939 5011 3193 5055 czeterum
3242 5003 3429 5057 sedere
3458 5002 3589 5055 milii

1994 5101 2023 5139 ε
2048 5087 2254 5142 dextris
2300 5102 2363 5141 ac
2387 5088 2652 5153 sinistris,
2692 5106 2800 5144 non
2837 5098 2924 5147 est
2969 5106 3147 5147 meum
3193 5093 3348 5159 dare,
3400 5098 3493 5148 sed
3526 5096 3589 5150 iis

1993 5179 2273 5251 continget
2335 5180 2535 5249 quibus
2575 5192 2826 5251 paratum
2877 5194 2984 5240 est.
3046 5204 3065 5237 ι
3120 5186 3203 5241 Ad
3264 5188 3587 5257 martyrium

1996 5272 2461 5343 quidem,inquit,
2503 5278 2833 5344 pervenistis
2862 5316 2876 5341 ,
2916 5289 2972 5333 et
3016 5279 3329 5333 moriemini
3373 5294 3473 5348 pro
3503 5295 3588 5333 ve-

1997 5367 2203 5420 ritate:
2259 5375 2317 5421 at
2363 5370 2557 5423 sedere
2612 5384 2641 5421 a
2696 5371 2904 5425 dextris
2934 5386 2999 5425 ac
3031 5372 3292 5437 sinistris,
3350 5388 3459 5427 non
3505 5381 3589 5429 est

1995 5472 2172 5511 meum
2206 5458 2355 5511 dare.
2408 5457 2520 5514 Hoc
2564 5460 2685 5516 loco
2719 5464 2827 5516 duo
2885 5464 3059 5533 quaeri
3108 5467 3287 5521 solent
3326 5483 3339 5520 :
3380 5466 3587 5534 Primo,

1992 5564 2120 5604 num
2152 5550 2390 5620 cuipiam
2432 5563 2681 5624 paratum
2736 5555 2807 5609 sit
2855 5558 3049 5612 sedere
3082 5574 3096 5611 :
3127 5559 3321 5613 deinde
3362 5574 3430 5610 an
3464 5573 3587 5612 om-

1994 5641 2142 5695 nium
2173 5641 2434 5699 Dominus
2468 5661 2573 5700 non
2606 5646 2781 5715 possit
2807 5648 2991 5703 sedem
3025 5648 3185 5704 istam
3227 5650 3402 5705 dare?
3437 5647 3587 5705 Dici-

1992 5750 2116 5790 mus
2147 5737 2331 5807 igitur,
2362 5739 2503 5808 quod
2533 5740 2713 5796 nullus
2754 5755 2782 5793 a
2820 5741 3027 5797 dextris
3060 5744 3273 5799 sedebit
3307 5754 3400 5799 aut
3434 5758 3463 5797 a
3508 5744 3584 5796 si-

1991 5828 2201 5885 nistris.
2237 5829 2447 5885 Etcum
2485 5846 2628 5903 stepe
2678 5834 2731 5889 in
2774 5833 3080 5905 Scripturis
3129 5837 3372 5895 audieris
3400 5836 3583 5891 catltc-
