  <div class='ocr_page' id='page_1' title='image "/cluster/home/n/w/nwhite01/storage/ocr_20150623/123/pst.000005714384/325.png"; bbox 0 0 4108 6334; ppageno 0'>
   <div class='ocr_carea' id='block_1_1' title="bbox 625 386 3853 454">
    <p class='ocr_par' dir='ltr' id='par_1_1' title="bbox 625 386 3853 454">
     <span class='ocr_line' id='line_1_1' title="bbox 625 386 3853 454; baseline 0.001 -4"><span class='ocrx_word' id='word_1_1' title='bbox 625 389 728 451; x_wconf 79' lang='lat'><strong>607</strong></span> <span class='ocrx_word' id='word_1_2' title='bbox 1534 386 2112 449; x_wconf 81' lang='lat' dir='ltr'><strong>THEOPHYLACTI</strong></span> <span class='ocrx_word' id='word_1_3' title='bbox 2153 387 2565 449; x_wconf 63' lang='lat' dir='ltr'><strong>BULGARIIE</strong></span> <span class='ocrx_word' id='word_1_4' title='bbox 2604 388 2959 449; x_wconf 78' lang='lat' dir='ltr'><strong>ARCHIEP.</strong></span> <span class='ocrx_word' id='word_1_5' title='bbox 3747 389 3853 454; x_wconf 82' lang='lat'><strong>608</strong></span> 
     </span>
    </p>
   </div>
   <div class='ocr_carea' id='block_1_2' title="bbox 614 492 2160 576">
    <p class='ocr_par' dir='ltr' id='par_1_2' title="bbox 614 492 2160 565">
     <span class='ocr_line' id='line_1_2' title="bbox 614 492 2160 565; baseline -0.005 -11"><span class='ocrx_word' id='word_1_6' title='bbox 614 502 787 564; x_wconf 78' lang='lat' dir='ltr'><strong>(iram,</strong></span> <span class='ocrx_word' id='word_1_7' title='bbox 838 514 942 551; x_wconf 82' lang='lat' dir='ltr'><strong>non</strong></span> <span class='ocrx_word' id='word_1_8' title='bbox 998 495 1305 549; x_wconf 76' lang='lat' dir='ltr'><strong>cathedram</strong></span> <span class='ocrx_word' id='word_1_9' title='bbox 1359 492 1656 565; x_wconf 83' lang='lat' dir='ltr'><strong>intelligas,</strong></span> <span class='ocrx_word' id='word_1_10' title='bbox 1696 496 1789 550; x_wconf 87' lang='lat' dir='ltr'><strong>sed</strong></span> <span class='ocrx_word' id='word_1_11' title='bbox 1821 494 2160 549; x_wconf 67' lang='lat' dir='ltr'><strong>excellenten‘</strong></span> 
     </span>
    </p>
   </div>
   <div class='ocr_carea' id='block_1_3' title="bbox 2263 492 3850 576">
    <p class='ocr_par' dir='ltr' id='par_1_3' title="bbox 2280 492 3850 576">
     <span class='ocr_line' id='line_1_3' title="bbox 2280 492 3850 576; baseline 0.004 -30"><span class='ocrx_word' id='word_1_12' title='bbox 2280 493 2436 565; x_wconf 83' lang='grc' dir='ltr'><strong>έδρας</strong></span> <span class='ocrx_word' id='word_1_13' title='bbox 2466 492 2690 568; x_wconf 73' lang='grc' dir='ltr'><strong>ἀκούῃς,</strong></span> <span class='ocrx_word' id='word_1_14' title='bbox 2735 495 2809 576; x_wconf 67' lang='grc' dir='ltr'><strong>μὴ</strong></span> <span class='ocrx_word' id='word_1_15' title='bbox 2858 493 3128 566; x_wconf 74' lang='grc' dir='ltr'><strong>καθέδραν</strong></span> <span class='ocrx_word' id='word_1_16' title='bbox 3161 497 3290 561; x_wconf 77' lang='grc' dir='ltr'><strong>νόει,</strong></span> <span class='ocrx_word' id='word_1_17' title='bbox 3321 494 3455 551; x_wconf 64' lang='grc' dir='ltr'><strong>ἀλλὰ</strong></span> <span class='ocrx_word' id='word_1_18' title='bbox 3490 496 3658 568; x_wconf 73' lang='grc' dir='ltr'><strong>τιμὴν</strong></span> <span class='ocrx_word' id='word_1_19' title='bbox 3680 498 3850 570; x_wconf 80' lang='grc' dir='ltr'><strong>ὑπερ-</strong></span> 
     </span>
    </p>
   </div>
   <div class='ocr_carea' id='block_1_4' title="bbox 614 585 2160 661">
    <p class='ocr_par' dir='ltr' id='par_1_4' title="bbox 614 585 2160 661">
     <span class='ocr_line' id='line_1_4' title="bbox 614 585 2160 661; baseline -0.001 -18"><span class='ocrx_word' id='word_1_20' title='bbox 614 592 949 661; x_wconf 80' lang='lat' dir='ltr'><strong>dignitatem.</strong></span> <span class='ocrx_word' id='word_1_21' title='bbox 979 585 1131 652; x_wconf 77' lang='lat' dir='ltr'><strong>Quod</strong></span> <span class='ocrx_word' id='word_1_22' title='bbox 1178 597 1355 639; x_wconf 85' lang='lat' dir='ltr'><strong>autem</strong></span> <span class='ocrx_word' id='word_1_23' title='bbox 1391 601 1493 641; x_wconf 90' lang='lat' dir='ltr'><strong>non</strong></span> <span class='ocrx_word' id='word_1_24' title='bbox 1534 587 1605 641; x_wconf 88' lang='lat' dir='ltr'><strong>sit</strong></span> <span class='ocrx_word' id='word_1_25' title='bbox 1654 602 1827 641; x_wconf 89' lang='lat' dir='ltr'><strong>meum</strong></span> <span class='ocrx_word' id='word_1_26' title='bbox 1865 589 2014 652; x_wconf 83' lang='lat' dir='ltr'><strong>dare,</strong></span> <span class='ocrx_word' id='word_1_27' title='bbox 2072 587 2160 641; x_wconf 77' lang='lat' dir='ltr'><strong>hoc</strong></span> 
     </span>
    </p>
   </div>
   <div class='ocr_carea' id='block_1_5' title="bbox 2263 585 3852 661">
    <p class='ocr_par' dir='ltr' id='par_1_5' title="bbox 2276 586 3852 655">
     <span class='ocr_line' id='line_1_5' title="bbox 2276 586 3852 655; baseline 0.003 -15"><span class='ocrx_word' id='word_1_28' title='bbox 2276 586 2592 641; x_wconf 77' lang='grc' dir='ltr'><strong>ϐάλλουσαν.</strong></span> <span class='ocrx_word' id='word_1_29' title='bbox 2627 586 2699 639; x_wconf 83' lang='grc' dir='ltr'><strong>Τὸ</strong></span> <span class='ocrx_word' id='word_1_30' title='bbox 2744 587 2823 653; x_wconf 85' lang='grc' dir='ltr'><strong>δὲ,</strong></span> <span class='ocrx_word' id='word_1_31' title='bbox 2852 587 2968 641; x_wconf 68' lang='grc' dir='ltr'><strong>Οὔκ</strong></span> <span class='ocrx_word' id='word_1_32' title='bbox 3007 587 3153 641; x_wconf 77' lang='grc' dir='ltr'><strong>ἔστιν</strong></span> <span class='ocrx_word' id='word_1_33' title='bbox 3185 588 3315 654; x_wconf 76' lang='grc' dir='ltr'><strong>ἐμὸν</strong></span> <span class='ocrx_word' id='word_1_34' title='bbox 3349 588 3531 643; x_wconf 88' lang='grc' dir='ltr'><strong>δοῦναι</strong></span> <span class='ocrx_word' id='word_1_35' title='bbox 3559 630 3574 655; x_wconf 93' lang='grc'><strong>,</strong></span> <span class='ocrx_word' id='word_1_36' title='bbox 3606 591 3852 644; x_wconf 83' lang='grc' dir='ltr'><strong>τοιοῦτον</strong></span> 
     </span>
    </p>
   </div>
   <div class='ocr_carea' id='block_1_6' title="bbox 617 676 2160 749">
    <p class='ocr_par' dir='ltr' id='par_1_6' title="bbox 617 677 2160 748">
     <span class='ocr_line' id='line_1_6' title="bbox 617 677 2160 748; baseline -0.001 -14"><span class='ocrx_word' id='word_1_37' title='bbox 617 683 770 735; x_wconf 88' lang='lat' dir='ltr'><strong>talem</strong></span> <span class='ocrx_word' id='word_1_38' title='bbox 801 681 959 735; x_wconf 86' lang='lat' dir='ltr'><strong>habet</strong></span> <span class='ocrx_word' id='word_1_39' title='bbox 976 694 1192 732; x_wconf 87' lang='lat' dir='ltr'><strong>sensum</strong></span> <span class='ocrx_word' id='word_1_40' title='bbox 1221 696 1234 731; x_wconf 89' lang='lat'><strong>:</strong></span> <span class='ocrx_word' id='word_1_41' title='bbox 1269 677 1385 732; x_wconf 85' lang='lat' dir='ltr'><strong>Non</strong></span> <span class='ocrx_word' id='word_1_42' title='bbox 1418 689 1501 732; x_wconf 86' lang='lat' dir='ltr'><strong>est</strong></span> <span class='ocrx_word' id='word_1_43' title='bbox 1544 693 1741 742; x_wconf 89' lang='lat' dir='ltr'><strong>meum,</strong></span> <span class='ocrx_word' id='word_1_44' title='bbox 1777 679 1875 732; x_wconf 89' lang='lat' dir='ltr'><strong>hoc</strong></span> <span class='ocrx_word' id='word_1_45' title='bbox 1905 687 2007 744; x_wconf 88' lang='lat' dir='ltr'><strong>est,</strong></span> <span class='ocrx_word' id='word_1_46' title='bbox 2035 678 2160 748; x_wconf 85' lang='lat' dir='ltr'><strong>justi</strong></span> 
     </span>
    </p>
   </div>
   <div class='ocr_carea' id='block_1_7' title="bbox 2263 676 3849 749">
    <p class='ocr_par' dir='ltr' id='par_1_7' title="bbox 2275 676 3849 749">
     <span class='ocr_line' id='line_1_7' title="bbox 2275 676 3849 749; baseline 0.001 -18"><span class='ocrx_word' id='word_1_47' title='bbox 2275 679 2386 748; x_wconf 77' lang='grc' dir='ltr'><strong>ἔχει</strong></span> <span class='ocrx_word' id='word_1_48' title='bbox 2424 678 2515 730; x_wconf 78' lang='grc' dir='ltr'><strong>τὸν</strong></span> <span class='ocrx_word' id='word_1_49' title='bbox 2546 676 2702 730; x_wconf 83' lang='grc' dir='ltr'><strong>νοῦν·</strong></span> <span class='ocrx_word' id='word_1_50' title='bbox 2740 679 2853 731; x_wconf 74' lang='grc' dir='ltr'><strong>Οὐκ</strong></span> <span class='ocrx_word' id='word_1_51' title='bbox 2880 676 3029 730; x_wconf 72' lang='grc' dir='ltr'><strong>ἐστιν</strong></span> <span class='ocrx_word' id='word_1_52' title='bbox 3057 676 3194 747; x_wconf 69' lang='grc' dir='ltr'><strong>ἐμοῦ</strong></span> <span class='ocrx_word' id='word_1_53' title='bbox 3236 676 3331 730; x_wconf 84' lang='grc' dir='ltr'><strong>τοῦ</strong></span> <span class='ocrx_word' id='word_1_54' title='bbox 3367 678 3580 731; x_wconf 76' lang='grc' dir='ltr'><strong>δικαίου</strong></span> <span class='ocrx_word' id='word_1_55' title='bbox 3629 680 3849 749; x_wconf 83' lang='grc' dir='ltr'><strong>κριτοῦ,</strong></span> 
     </span>
    </p>
   </div>
   <div class='ocr_carea' id='block_1_8' title="bbox 608 769 2169 840">
    <p class='ocr_par' dir='ltr' id='par_1_8' title="bbox 608 769 2169 840">
     <span class='ocr_line' id='line_1_8' title="bbox 608 769 2169 840; baseline 0 -17"><span class='ocrx_word' id='word_1_56' title='bbox 608 772 828 840; x_wconf 85' lang='lat' dir='ltr'><strong>jndicis,</strong></span> <span class='ocrx_word' id='word_1_57' title='bbox 863 773 990 825; x_wconf 86' lang='lat' dir='ltr'><strong>dare</strong></span> <span class='ocrx_word' id='word_1_58' title='bbox 1031 772 1183 825; x_wconf 83' lang='lat' dir='ltr'><strong>vobis</strong></span> <span class='ocrx_word' id='word_1_59' title='bbox 1224 772 1291 824; x_wconf 85' lang='lat' dir='ltr'><strong>ad</strong></span> <span class='ocrx_word' id='word_1_60' title='bbox 1334 770 1557 838; x_wconf 90' lang='lat' dir='ltr'><strong>gratiam</strong></span> <span class='ocrx_word' id='word_1_61' title='bbox 1613 769 1929 839; x_wconf 80' lang='lat' dir='ltr'><strong>dignitatem</strong></span> <span class='ocrx_word' id='word_1_62' title='bbox 1988 771 2169 835; x_wconf 87' lang='lat' dir='ltr'><strong>istam,</strong></span> 
     </span>
    </p>
   </div>
   <div class='ocr_carea' id='block_1_9' title="bbox 612 859 2170 929">
    <p class='ocr_par' dir='ltr' id='par_1_9' title="bbox 612 859 2170 929">
     <span class='ocr_line' id='line_1_9' title="bbox 612 859 2170 929; baseline -0.001 -14"><span class='ocrx_word' id='word_1_63' title='bbox 612 877 717 915; x_wconf 88' lang='lat' dir='ltr'><strong>non</strong></span> <span class='ocrx_word' id='word_1_64' title='bbox 766 862 906 914; x_wconf 85' lang='lat' dir='ltr'><strong>enim</strong></span> <span class='ocrx_word' id='word_1_65' title='bbox 936 860 1112 929; x_wconf 86' lang='lat' dir='ltr'><strong>justus</strong></span> <span class='ocrx_word' id='word_1_66' title='bbox 1148 874 1321 914; x_wconf 77' lang='lat' dir='ltr'><strong>essem</strong></span> <span class='ocrx_word' id='word_1_67' title='bbox 1352 876 1368 925; x_wconf 86' lang='lat'><strong>;</strong></span> <span class='ocrx_word' id='word_1_68' title='bbox 1399 859 1489 913; x_wconf 88' lang='lat' dir='ltr'><strong>scd</strong></span> <span class='ocrx_word' id='word_1_69' title='bbox 1523 859 1606 913; x_wconf 87' lang='lat' dir='ltr'><strong>his</strong></span> <span class='ocrx_word' id='word_1_70' title='bbox 1644 860 1735 929; x_wconf 85' lang='lat' dir='ltr'><strong>qui</strong></span> <span class='ocrx_word' id='word_1_71' title='bbox 1781 859 2170 922; x_wconf 86' lang='lat' dir='ltr'><strong>laboraverint,</strong></span> 
     </span>
    </p>
   </div>
   <div class='ocr_carea' id='block_1_10' title="bbox 612 952 2171 1023">
    <p class='ocr_par' dir='ltr' id='par_1_10' title="bbox 612 952 2171 1023">
     <span class='ocr_line' id='line_1_10' title="bbox 612 952 2171 1023; baseline 0.001 -17"><span class='ocrx_word' id='word_1_72' title='bbox 612 966 905 1022; x_wconf 76' lang='lat' dir='ltr'><strong>przeparata</strong></span> <span class='ocrx_word' id='word_1_73' title='bbox 927 965 1008 1008; x_wconf 80' lang='lat' dir='ltr'><strong>est</strong></span> <span class='ocrx_word' id='word_1_74' title='bbox 1033 954 1264 1023; x_wconf 76' lang='lat' dir='ltr'><strong>dignitas</strong></span> <span class='ocrx_word' id='word_1_75' title='bbox 1284 954 1407 1007; x_wconf 89' lang='lat' dir='ltr'><strong>illa:</strong></span> <span class='ocrx_word' id='word_1_76' title='bbox 1440 952 1891 1021; x_wconf 84' lang='lat' dir='ltr'><strong>quemadmodum</strong></span> <span class='ocrx_word' id='word_1_77' title='bbox 1920 952 1963 1007; x_wconf 91' lang='lat' dir='ltr'><strong>si</strong></span> <span class='ocrx_word' id='word_1_78' title='bbox 1992 953 2171 1022; x_wconf 82' lang='lat' dir='ltr'><strong>justus</strong></span> 
     </span>
    </p>
   </div>
   <div class='ocr_carea' id='block_1_11' title="bbox 613 1044 2169 1114">
    <p class='ocr_par' dir='ltr' id='par_1_11' title="bbox 613 1044 2169 1114">
     <span class='ocr_line' id='line_1_11' title="bbox 613 1044 2169 1114; baseline 0.001 -16"><span class='ocrx_word' id='word_1_79' title='bbox 613 1061 705 1098; x_wconf 77' lang='lat' dir='ltr'><strong>rex</strong></span> <span class='ocrx_word' id='word_1_80' title='bbox 749 1047 1055 1114; x_wconf 69' lang='lat' dir='ltr'><strong>prresideret</strong></span> <span class='ocrx_word' id='word_1_81' title='bbox 1091 1044 1374 1099; x_wconf 76' lang='lat' dir='ltr'><strong>certamini</strong></span> <span class='ocrx_word' id='word_1_82' title='bbox 1404 1044 1657 1112; x_wconf 87' lang='lat' dir='ltr'><strong>cuipiam,</strong></span> <span class='ocrx_word' id='word_1_83' title='bbox 1686 1055 1738 1099; x_wconf 89' lang='lat' dir='ltr'><strong>et</strong></span> <span class='ocrx_word' id='word_1_84' title='bbox 1773 1045 1965 1098; x_wconf 87' lang='lat' dir='ltr'><strong>deinde</strong></span> <span class='ocrx_word' id='word_1_85' title='bbox 2013 1058 2169 1099; x_wconf 83' lang='lat' dir='ltr'><strong>acce-</strong></span> 
     </span>
    </p>
   </div>
   <div class='ocr_carea' id='block_1_12' title="bbox 611 1136 2165 1206">
    <p class='ocr_par' dir='ltr' id='par_1_12' title="bbox 611 1136 2165 1206">
     <span class='ocr_line' id='line_1_12' title="bbox 611 1136 2165 1206; baseline -0.001 -15"><span class='ocrx_word' id='word_1_86' title='bbox 611 1137 743 1191; x_wconf 84' lang='lat' dir='ltr'><strong>dant</strong></span> <span class='ocrx_word' id='word_1_87' title='bbox 776 1139 839 1190; x_wconf 84' lang='lat' dir='ltr'><strong>ad</strong></span> <span class='ocrx_word' id='word_1_88' title='bbox 891 1138 1040 1190; x_wconf 91' lang='lat' dir='ltr'><strong>illum</strong></span> <span class='ocrx_word' id='word_1_89' title='bbox 1072 1138 1288 1206; x_wconf 88' lang='lat' dir='ltr'><strong>quidam</strong></span> <span class='ocrx_word' id='word_1_90' title='bbox 1343 1138 1498 1190; x_wconf 85' lang='lat' dir='ltr'><strong>amici</strong></span> <span class='ocrx_word' id='word_1_91' title='bbox 1540 1138 1677 1206; x_wconf 81' lang='lat' dir='ltr'><strong>ejus,</strong></span> <span class='ocrx_word' id='word_1_92' title='bbox 1727 1144 1780 1191; x_wconf 89' lang='lat' dir='ltr'><strong>et</strong></span> <span class='ocrx_word' id='word_1_93' title='bbox 1832 1138 2059 1192; x_wconf 83' lang='lat' dir='ltr'><strong>dicant:</strong></span> <span class='ocrx_word' id='word_1_94' title='bbox 2094 1136 2165 1190; x_wconf 81' lang='lat' dir='ltr'><strong>Da</strong></span> 
     </span>
    </p>
   </div>
   <div class='ocr_carea' id='block_1_13' title="bbox 611 1226 2165 1294">
    <p class='ocr_par' dir='ltr' id='par_1_13' title="bbox 611 1226 2165 1294">
     <span class='ocr_line' id='line_1_13' title="bbox 611 1226 2165 1294; baseline 0.003 -16"><span class='ocrx_word' id='word_1_95' title='bbox 611 1227 766 1279; x_wconf 90' lang='lat' dir='ltr'><strong>nobis</strong></span> <span class='ocrx_word' id='word_1_96' title='bbox 796 1242 1027 1281; x_wconf 80' lang='lat' dir='ltr'><strong>coronas</strong></span> <span class='ocrx_word' id='word_1_97' title='bbox 1056 1245 1068 1279; x_wconf 95' lang='lat'><strong>:</strong></span> <span class='ocrx_word' id='word_1_98' title='bbox 1110 1228 1252 1281; x_wconf 88' lang='lat' dir='ltr'><strong>dicet</strong></span> <span class='ocrx_word' id='word_1_99' title='bbox 1285 1226 1487 1294; x_wconf 86' lang='lat' dir='ltr'><strong>utique,</strong></span> <span class='ocrx_word' id='word_1_100' title='bbox 1516 1227 1626 1281; x_wconf 87' lang='lat' dir='ltr'><strong>Non</strong></span> <span class='ocrx_word' id='word_1_101' title='bbox 1666 1236 1747 1280; x_wconf 77' lang='lat' dir='ltr'><strong>est</strong></span> <span class='ocrx_word' id='word_1_102' title='bbox 1798 1243 1978 1281; x_wconf 88' lang='lat' dir='ltr'><strong>meum</strong></span> <span class='ocrx_word' id='word_1_103' title='bbox 2017 1229 2165 1293; x_wconf 80' lang='lat' dir='ltr'><strong>dare,</strong></span> 
     </span>
    </p>
   </div>
   <div class='ocr_carea' id='block_1_14' title="bbox 611 1318 2169 1388">
    <p class='ocr_par' dir='ltr' id='par_1_14' title="bbox 611 1318 2169 1388">
     <span class='ocr_line' id='line_1_14' title="bbox 611 1318 2169 1388; baseline 0 -17"><span class='ocrx_word' id='word_1_104' title='bbox 611 1318 705 1371; x_wconf 82' lang='lat' dir='ltr'><strong>scd</strong></span> <span class='ocrx_word' id='word_1_105' title='bbox 739 1319 779 1369; x_wconf 77' lang='lat' dir='ltr'><strong>si</strong></span> <span class='ocrx_word' id='word_1_106' title='bbox 815 1319 933 1385; x_wconf 89' lang='lat' dir='ltr'><strong>quis</strong></span> <span class='ocrx_word' id='word_1_107' title='bbox 966 1320 1252 1370; x_wconf 81' lang='lat' dir='ltr'><strong>certaverit</strong></span> <span class='ocrx_word' id='word_1_108' title='bbox 1288 1328 1339 1371; x_wconf 93' lang='lat' dir='ltr'><strong>et</strong></span> <span class='ocrx_word' id='word_1_109' title='bbox 1379 1319 1590 1379; x_wconf 86' lang='lat' dir='ltr'><strong>vicerit.</strong></span> <span class='ocrx_word' id='word_1_110' title='bbox 1635 1318 1708 1371; x_wconf 92' lang='lat' dir='ltr'><strong>illi</strong></span> <span class='ocrx_word' id='word_1_111' title='bbox 1759 1327 2058 1388; x_wconf 63' lang='lat' dir='ltr'><strong>pra-parata</strong></span> <span class='ocrx_word' id='word_1_112' title='bbox 2087 1328 2169 1373; x_wconf 86' lang='lat' dir='ltr'><strong>est</strong></span> 
     </span>
    </p>
   </div>
   <div class='ocr_carea' id='block_1_15' title="bbox 612 1407 2168 1480">
    <p class='ocr_par' dir='ltr' id='par_1_15' title="bbox 612 1407 2168 1480">
     <span class='ocr_line' id='line_1_15' title="bbox 612 1407 2168 1480; baseline 0.003 -22"><span class='ocrx_word' id='word_1_113' title='bbox 612 1420 831 1459; x_wconf 83' lang='lat' dir='ltr'><strong>corona.</strong></span> <span class='ocrx_word' id='word_1_114' title='bbox 864 1407 925 1459; x_wconf 85' lang='lat' dir='ltr'><strong>Et</strong></span> <span class='ocrx_word' id='word_1_115' title='bbox 956 1408 1025 1459; x_wconf 90' lang='lat' dir='ltr'><strong>ita</strong></span> <span class='ocrx_word' id='word_1_116' title='bbox 1054 1409 1212 1459; x_wconf 88' lang='lat' dir='ltr'><strong>etiam</strong></span> <span class='ocrx_word' id='word_1_117' title='bbox 1242 1422 1351 1470; x_wconf 83' lang='lat' dir='ltr'><strong>vos,</strong></span> <span class='ocrx_word' id='word_1_118' title='bbox 1384 1424 1415 1462; x_wconf 91' lang='grc' dir='ltr'><strong>ο</strong></span> <span class='ocrx_word' id='word_1_119' title='bbox 1450 1407 1540 1460; x_wconf 81' lang='lat' dir='ltr'><strong>ﬁlii</strong></span> <span class='ocrx_word' id='word_1_120' title='bbox 1591 1407 1857 1471; x_wconf 70' lang='lat' dir='ltr'><strong>Zcbedzei,</strong></span> <span class='ocrx_word' id='word_1_121' title='bbox 1903 1418 2168 1480; x_wconf 81' lang='lat' dir='ltr'><strong>martyres</strong></span> 
     </span>
    </p>
   </div>
   <div class='ocr_carea' id='block_1_16' title="bbox 610 1496 2167 1565">
    <p class='ocr_par' dir='ltr' id='par_1_16' title="bbox 610 1496 2167 1565">
     <span class='ocr_line' id='line_1_16' title="bbox 610 1496 2167 1565; baseline 0.004 -19"><span class='ocrx_word' id='word_1_122' title='bbox 610 1496 824 1561; x_wconf 78' lang='lat' dir='ltr'><strong>quidem</strong></span> <span class='ocrx_word' id='word_1_123' title='bbox 854 1497 1006 1549; x_wconf 88' lang='lat' dir='ltr'><strong>eritis</strong></span> <span class='ocrx_word' id='word_1_124' title='bbox 1057 1509 1279 1565; x_wconf 80' lang='lat' dir='ltr'><strong>propter</strong></span> <span class='ocrx_word' id='word_1_125' title='bbox 1313 1513 1396 1550; x_wconf 92' lang='lat' dir='ltr'><strong>me</strong></span> <span class='ocrx_word' id='word_1_126' title='bbox 1429 1516 1444 1551; x_wconf 87' lang='lat'><strong>:</strong></span> <span class='ocrx_word' id='word_1_127' title='bbox 1477 1498 1520 1551; x_wconf 89' lang='lat' dir='ltr'><strong>si</strong></span> <span class='ocrx_word' id='word_1_128' title='bbox 1551 1507 1727 1551; x_wconf 88' lang='lat' dir='ltr'><strong>autem</strong></span> <span class='ocrx_word' id='word_1_129' title='bbox 1760 1500 1881 1564; x_wconf 86' lang='lat' dir='ltr'><strong>quis</strong></span> <span class='ocrx_word' id='word_1_130' title='bbox 1916 1499 2167 1553; x_wconf 86' lang='lat' dir='ltr'><strong>inventus</strong></span> 
     </span>
    </p>
   </div>
   <div class='ocr_carea' id='block_1_17' title="bbox 610 1585 2167 1658">
    <p class='ocr_par' dir='ltr' id='par_1_17' title="bbox 610 1585 2167 1658">
     <span class='ocr_line' id='line_1_17' title="bbox 610 1585 2167 1658; baseline 0.004 -20"><span class='ocrx_word' id='word_1_131' title='bbox 610 1585 767 1638; x_wconf 76' lang='lat' dir='ltr'><strong>fuerit</strong></span> <span class='ocrx_word' id='word_1_132' title='bbox 797 1601 914 1638; x_wconf 84' lang='lat' dir='ltr'><strong>cum</strong></span> <span class='ocrx_word' id='word_1_133' title='bbox 951 1590 1207 1658; x_wconf 82' lang='lat' dir='ltr'><strong>martyrio</strong></span> <span class='ocrx_word' id='word_1_134' title='bbox 1237 1603 1423 1643; x_wconf 84' lang='lat' dir='ltr'><strong>omnes</strong></span> <span class='ocrx_word' id='word_1_135' title='bbox 1457 1589 1591 1641; x_wconf 86' lang='lat' dir='ltr'><strong>alias</strong></span> <span class='ocrx_word' id='word_1_136' title='bbox 1638 1590 1863 1645; x_wconf 83' lang='lat' dir='ltr'><strong>virtutes</strong></span> <span class='ocrx_word' id='word_1_137' title='bbox 1892 1590 2167 1658; x_wconf 86' lang='lat' dir='ltr'><strong>possidere</strong></span> 
     </span>
    </p>
   </div>
   <div class='ocr_carea' id='block_1_18' title="bbox 609 1674 1739 1746">
    <p class='ocr_par' dir='ltr' id='par_1_18' title="bbox 609 1674 1739 1746">
     <span class='ocr_line' id='line_1_18' title="bbox 609 1674 1739 1746; baseline 0.007 -21"><span class='ocrx_word' id='word_1_138' title='bbox 609 1674 839 1739; x_wconf 79' lang='lat' dir='ltr'><strong>amplius</strong></span> <span class='ocrx_word' id='word_1_139' title='bbox 871 1690 1029 1743; x_wconf 89' lang='lat' dir='ltr'><strong>quam</strong></span> <span class='ocrx_word' id='word_1_140' title='bbox 1064 1693 1175 1741; x_wconf 58' lang='lat' dir='ltr'><strong>sos,</strong></span> <span class='ocrx_word' id='word_1_141' title='bbox 1208 1677 1296 1731; x_wconf 91' lang='lat' dir='ltr'><strong>ille</strong></span> <span class='ocrx_word' id='word_1_142' title='bbox 1333 1692 1424 1732; x_wconf 84' lang='lat' dir='ltr'><strong>vos</strong></span> <span class='ocrx_word' id='word_1_143' title='bbox 1458 1680 1739 1746; x_wconf 74' lang='lat' dir='ltr'><strong>praecedet.</strong></span> 
     </span>
    </p>
   </div>
   <div class='ocr_carea' id='block_1_19' title="bbox 684 1764 2167 1838">
    <p class='ocr_par' dir='ltr' id='par_1_19' title="bbox 684 1764 2167 1838">
     <span class='ocr_line' id='line_1_19' title="bbox 684 1764 2167 1838; baseline 0.006 -23"><span class='ocrx_word' id='word_1_144' title='bbox 684 1765 841 1817; x_wconf 69' lang='lat' dir='ltr'><strong>Vens.</strong></span> <span class='ocrx_word' id='word_1_145' title='bbox 874 1764 1055 1820; x_wconf 72' lang='grc'><strong>41-45.</strong></span> <span class='ocrx_word' id='word_1_146' title='bbox 1096 1785 1113 1818; x_wconf 79' lang='grc' dir='ltr'><strong>ι</strong></span> <span class='ocrx_word' id='word_1_147' title='bbox 1178 1767 1243 1819; x_wconf 83' lang='grc' dir='ltr'><strong>Ει</strong></span> <span class='ocrx_word' id='word_1_148' title='bbox 1296 1782 1416 1820; x_wconf 87' lang='lat' dir='ltr'><strong>cum</strong></span> <span class='ocrx_word' id='word_1_149' title='bbox 1449 1770 1720 1823; x_wconf 85' lang='lat' dir='ltr'><strong>audissent</strong></span> <span class='ocrx_word' id='word_1_150' title='bbox 1757 1771 1961 1834; x_wconf 84' lang='lat' dir='ltr'><strong>decem,</strong></span> <span class='ocrx_word' id='word_1_151' title='bbox 1995 1784 2167 1838; x_wconf 75' lang='lat' dir='ltr'><strong>coepe-</strong></span> 
     </span>
    </p>
   </div>
   <div class='ocr_carea' id='block_1_20' title="bbox 2271 766 3852 841">
    <p class='ocr_par' dir='ltr' id='par_1_20' title="bbox 2271 766 3852 841">
     <span class='ocr_line' id='line_1_20' title="bbox 2271 766 3852 841; baseline 0.001 -20"><span class='ocrx_word' id='word_1_152' title='bbox 2271 769 2332 821; x_wconf 80' lang='grc' dir='ltr'><strong>τὺ</strong></span> <span class='ocrx_word' id='word_1_153' title='bbox 2352 767 2534 820; x_wconf 82' lang='grc' dir='ltr'><strong>δοῦναι</strong></span> <span class='ocrx_word' id='word_1_154' title='bbox 2570 766 2697 836; x_wconf 81' lang='grc' dir='ltr'><strong>ὑμῖν</strong></span> <span class='ocrx_word' id='word_1_155' title='bbox 2727 767 2867 821; x_wconf 82' lang='grc' dir='ltr'><strong>κατὰ</strong></span> <span class='ocrx_word' id='word_1_156' title='bbox 2900 767 3061 837; x_wconf 81' lang='grc' dir='ltr'>χάριν</span> <span class='ocrx_word' id='word_1_157' title='bbox 3082 766 3180 839; x_wconf 83' lang='grc' dir='ltr'><strong>τὴν</strong></span> <span class='ocrx_word' id='word_1_158' title='bbox 3209 768 3375 838; x_wconf 80' lang='grc' dir='ltr'><strong>τιμὴν</strong></span> <span class='ocrx_word' id='word_1_159' title='bbox 3397 768 3626 841; x_wconf 83' lang='grc' dir='ltr'><strong>ταύτην·</strong></span> <span class='ocrx_word' id='word_1_160' title='bbox 3652 769 3714 821; x_wconf 84' lang='grc' dir='ltr'><strong>οὐ</strong></span> <span class='ocrx_word' id='word_1_161' title='bbox 3741 768 3852 841; x_wconf 76' lang='grc' dir='ltr'><strong>γὰρ</strong></span> 
     </span>
    </p>
   </div>
   <div class='ocr_carea' id='block_1_21' title="bbox 2274 858 3847 930">
    <p class='ocr_par' dir='ltr' id='par_1_21' title="bbox 2274 858 3847 930">
     <span class='ocr_line' id='line_1_21' title="bbox 2274 858 3847 930; baseline 0 -15"><span class='ocrx_word' id='word_1_162' title='bbox 2274 860 2339 915; x_wconf 78' lang='grc' dir='ltr'><strong>ἂν</strong></span> <span class='ocrx_word' id='word_1_163' title='bbox 2370 860 2573 921; x_wconf 86' lang='grc' dir='ltr'><strong>δίκαιος</strong></span> <span class='ocrx_word' id='word_1_164' title='bbox 2603 858 2723 929; x_wconf 80' lang='grc' dir='ltr'><strong>είην</strong></span> <span class='ocrx_word' id='word_1_165' title='bbox 2743 874 2759 890; x_wconf 85' lang='grc'>⁶</span> <span class='ocrx_word' id='word_1_166' title='bbox 2787 859 2921 913; x_wconf 78' lang='grc' dir='ltr'><strong>ἀλλὰ</strong></span> <span class='ocrx_word' id='word_1_167' title='bbox 2960 861 3074 923; x_wconf 81' lang='grc' dir='ltr'><strong>τοῖς</strong></span> <span class='ocrx_word' id='word_1_168' title='bbox 3123 860 3578 930; x_wconf 68' lang='grc' dir='ltr'><strong>ἀγωνισαμένοις,</strong></span> <span class='ocrx_word' id='word_1_169' title='bbox 3612 860 3847 925; x_wconf 67' lang='grc' dir='ltr'><strong>ἐκείνοις</strong></span> 
     </span>
    </p>
   </div>
   <div class='ocr_carea' id='block_1_22' title="bbox 2271 948 3849 1023">
    <p class='ocr_par' dir='ltr' id='par_1_22' title="bbox 2271 948 3849 1023">
     <span class='ocr_line' id='line_1_22' title="bbox 2271 948 3849 1023; baseline 0.001 -18"><span class='ocrx_word' id='word_1_170' title='bbox 2271 952 2653 1023; x_wconf 70' lang='grc' dir='ltr'><strong>ἡτοίμασταιή</strong></span> <span class='ocrx_word' id='word_1_171' title='bbox 2698 950 2831 1021; x_wconf 78' lang='grc' dir='ltr'><strong>τιμὴ</strong></span> <span class='ocrx_word' id='word_1_172' title='bbox 2862 949 3025 1020; x_wconf 78' lang='grc' dir='ltr'><strong>αὕτη,</strong></span> <span class='ocrx_word' id='word_1_173' title='bbox 3061 948 3252 1019; x_wconf 81' lang='grc' dir='ltr'><strong>ὥσπερ</strong></span> <span class='ocrx_word' id='word_1_174' title='bbox 3279 951 3345 1003; x_wconf 76' lang='grc' dir='ltr'>ἂν</span> <span class='ocrx_word' id='word_1_175' title='bbox 3384 952 3432 1003; x_wconf 91' lang='grc' dir='ltr'><strong>εί</strong></span> <span class='ocrx_word' id='word_1_176' title='bbox 3467 950 3722 1021; x_wconf 79' lang='grc' dir='ltr'><strong>βασιλεὺς</strong></span> <span class='ocrx_word' id='word_1_177' title='bbox 3772 952 3849 1006; x_wconf 78' lang='grc' dir='ltr'><strong>δίο</strong></span> 
     </span>
    </p>
   </div>
   <div class='ocr_carea' id='block_1_23' title="bbox 2272 1038 3848 1113">
    <p class='ocr_par' dir='ltr' id='par_1_23' title="bbox 2272 1038 3848 1113">
     <span class='ocr_line' id='line_1_23' title="bbox 2272 1038 3848 1113; baseline -0.001 -16"><span class='ocrx_word' id='word_1_178' title='bbox 2272 1060 2425 1106; x_wconf 85' lang='grc' dir='ltr'><strong>καιος</strong></span> <span class='ocrx_word' id='word_1_179' title='bbox 2460 1043 2803 1113; x_wconf 77' lang='grc' dir='ltr'><strong>προεκάθητο</strong></span> <span class='ocrx_word' id='word_1_180' title='bbox 2859 1041 3071 1111; x_wconf 86' lang='grc' dir='ltr'><strong>ἀγῶνός</strong></span> <span class='ocrx_word' id='word_1_181' title='bbox 3120 1058 3266 1106; x_wconf 89' lang='grc' dir='ltr'><strong>τινος</strong></span> <span class='ocrx_word' id='word_1_182' title='bbox 3292 1085 3306 1108; x_wconf 96' lang='grc'><strong>,</strong></span> <span class='ocrx_word' id='word_1_183' title='bbox 3334 1038 3455 1096; x_wconf 82' lang='grc' dir='ltr'><strong>εἶτα</strong></span> <span class='ocrx_word' id='word_1_184' title='bbox 3489 1043 3848 1113; x_wconf 76' lang='grc' dir='ltr'><strong>προσέλθοιεν</strong></span> 
     </span>
    </p>
   </div>
   <div class='ocr_carea' id='block_1_24' title="bbox 2270 1134 3850 1206">
    <p class='ocr_par' dir='ltr' id='par_1_24' title="bbox 2270 1134 3850 1206">
     <span class='ocr_line' id='line_1_24' title="bbox 2270 1134 3850 1206; baseline 0 -16"><span class='ocrx_word' id='word_1_185' title='bbox 2270 1134 2418 1205; x_wconf 84' lang='grc' dir='ltr'><strong>αὐτῷ</strong></span> <span class='ocrx_word' id='word_1_186' title='bbox 2436 1151 2580 1199; x_wconf 80' lang='grc' dir='ltr'><strong>τινες</strong></span> <span class='ocrx_word' id='word_1_187' title='bbox 2620 1135 2761 1204; x_wconf 86' lang='grc' dir='ltr'><strong>φίλοι</strong></span> <span class='ocrx_word' id='word_1_188' title='bbox 2791 1134 2978 1196; x_wconf 85' lang='grc' dir='ltr'><strong>αὐτοῦ,</strong></span> <span class='ocrx_word' id='word_1_189' title='bbox 3009 1135 3104 1187; x_wconf 85' lang='grc' dir='ltr'><strong>καὶ</strong></span> <span class='ocrx_word' id='word_1_190' title='bbox 3142 1134 3370 1187; x_wconf 76' lang='grc' dir='ltr'><strong>εἴποιεν·</strong></span> <span class='ocrx_word' id='word_1_191' title='bbox 3407 1134 3505 1198; x_wconf 80' lang='grc' dir='ltr'><strong>Δὸς</strong></span> <span class='ocrx_word' id='word_1_192' title='bbox 3551 1136 3683 1206; x_wconf 75' lang='grc' dir='ltr'><strong>ἡμῖν</strong></span> <span class='ocrx_word' id='word_1_193' title='bbox 3724 1136 3850 1200; x_wconf 77' lang='grc' dir='ltr'><strong>τοὺς</strong></span> 
     </span>
    </p>
   </div>
   <div class='ocr_carea' id='block_1_25' title="bbox 2271 1222 3845 1297">
    <p class='ocr_par' dir='ltr' id='par_1_25' title="bbox 2271 1222 3845 1297">
     <span class='ocr_line' id='line_1_25' title="bbox 2271 1222 3845 1297; baseline 0.001 -19"><span class='ocrx_word' id='word_1_194' title='bbox 2271 1227 2565 1295; x_wconf 74' lang='grc' dir='ltr'><strong>στεφάνους</strong></span> <span class='ocrx_word' id='word_1_195' title='bbox 2588 1267 2601 1290; x_wconf 97' lang='grc'><strong>,</strong></span> <span class='ocrx_word' id='word_1_196' title='bbox 2632 1222 2782 1278; x_wconf 76' lang='grc' dir='ltr'><strong>εἶπεν</strong></span> <span class='ocrx_word' id='word_1_197' title='bbox 2808 1225 2896 1288; x_wconf 81' lang='grc' dir='ltr'><strong>ἂν,</strong></span> <span class='ocrx_word' id='word_1_198' title='bbox 2923 1225 3036 1279; x_wconf 79' lang='grc' dir='ltr'><strong>Οὐκ</strong></span> <span class='ocrx_word' id='word_1_199' title='bbox 3066 1224 3217 1279; x_wconf 77' lang='grc' dir='ltr'><strong>ἔστιν</strong></span> <span class='ocrx_word' id='word_1_200' title='bbox 3243 1227 3377 1297; x_wconf 67' lang='grc' dir='ltr'><strong>ἐμὸν</strong></span> <span class='ocrx_word' id='word_1_201' title='bbox 3406 1227 3468 1278; x_wconf 79' lang='grc' dir='ltr'><strong>τὸ</strong></span> <span class='ocrx_word' id='word_1_202' title='bbox 3499 1226 3705 1291; x_wconf 85' lang='grc' dir='ltr'><strong>δοῦναι,</strong></span> <span class='ocrx_word' id='word_1_203' title='bbox 3729 1228 3845 1280; x_wconf 82' lang='grc' dir='ltr'><strong>ἀλλ’</strong></span> 
     </span>
    </p>
   </div>
   <div class='ocr_carea' id='block_1_26' title="bbox 2266 1319 3847 1391">
    <p class='ocr_par' dir='ltr' id='par_1_26' title="bbox 2266 1319 3847 1391">
     <span class='ocr_line' id='line_1_26' title="bbox 2266 1319 3847 1391; baseline 0.002 -21"><span class='ocrx_word' id='word_1_204' title='bbox 2266 1320 2320 1371; x_wconf 81' lang='grc' dir='ltr'><strong>εί</strong></span> <span class='ocrx_word' id='word_1_205' title='bbox 2345 1336 2428 1382; x_wconf 82' lang='grc' dir='ltr'><strong>τις</strong></span> <span class='ocrx_word' id='word_1_206' title='bbox 2456 1319 2780 1387; x_wconf 82' lang='grc' dir='ltr'><strong>ἁγωνίσεται</strong></span> <span class='ocrx_word' id='word_1_207' title='bbox 2808 1320 2902 1372; x_wconf 79' lang='grc' dir='ltr'><strong>καὶ</strong></span> <span class='ocrx_word' id='word_1_208' title='bbox 2946 1320 3159 1389; x_wconf 80' lang='grc' dir='ltr'><strong>νικήσει</strong></span> <span class='ocrx_word' id='word_1_209' title='bbox 3179 1357 3193 1381; x_wconf 89' lang='grc'><strong>,</strong></span> <span class='ocrx_word' id='word_1_210' title='bbox 3225 1320 3422 1389; x_wconf 72' lang='grc' dir='ltr'><strong>ικείνῳ</strong></span> <span class='ocrx_word' id='word_1_211' title='bbox 3460 1320 3789 1391; x_wconf 77' lang='grc' dir='ltr'><strong>ἡτοίμασται</strong></span> <span class='ocrx_word' id='word_1_212' title='bbox 3815 1320 3847 1373; x_wconf 80' lang='grc' dir='ltr'><strong>δ</strong></span> 
     </span>
    </p>
   </div>
   <div class='ocr_carea' id='block_1_27' title="bbox 2269 1409 3841 1480">
    <p class='ocr_par' dir='ltr' id='par_1_27' title="bbox 2269 1409 3841 1480">
     <span class='ocr_line' id='line_1_27' title="bbox 2269 1409 3841 1480; baseline 0.001 -17"><span class='ocrx_word' id='word_1_213' title='bbox 2269 1410 2529 1477; x_wconf 79' lang='grc' dir='ltr'><strong>στέφανος</strong></span> <span class='ocrx_word' id='word_1_214' title='bbox 2549 1429 2563 1442; x_wconf 75' lang='grc' dir='ltr'><strong><em>ο</em></strong></span> <span class='ocrx_word' id='word_1_215' title='bbox 2598 1409 2737 1463; x_wconf 84' lang='grc' dir='ltr'><strong>ὥστε</strong></span> <span class='ocrx_word' id='word_1_216' title='bbox 2774 1412 2865 1463; x_wconf 68' lang='grc' dir='ltr'><strong>καὶ</strong></span> <span class='ocrx_word' id='word_1_217' title='bbox 2893 1410 3047 1480; x_wconf 78' lang='grc' dir='ltr'><strong>ὑμεῖς</strong></span> <span class='ocrx_word' id='word_1_218' title='bbox 3066 1451 3080 1476; x_wconf 92' lang='grc'><strong>,</strong></span> <span class='ocrx_word' id='word_1_219' title='bbox 3106 1412 3155 1463; x_wconf 86' lang='grc' dir='ltr'><strong>οί</strong></span> <span class='ocrx_word' id='word_1_220' title='bbox 3190 1409 3285 1464; x_wconf 87' lang='grc' dir='ltr'><strong>τοῦ</strong></span> <span class='ocrx_word' id='word_1_221' title='bbox 3310 1411 3597 1466; x_wconf 78' lang='grc' dir='ltr'><strong>Ζεδεδαίου</strong></span> <span class='ocrx_word' id='word_1_222' title='bbox 3627 1411 3841 1475; x_wconf 76' lang='grc' dir='ltr'><strong>παῖδες.</strong></span> 
     </span>
    </p>
   </div>
   <div class='ocr_carea' id='block_1_28' title="bbox 2270 1504 3847 1578">
    <p class='ocr_par' dir='ltr' id='par_1_28' title="bbox 2270 1504 3847 1578">
     <span class='ocr_line' id='line_1_28' title="bbox 2270 1504 3847 1578; baseline 0.003 -24"><span class='ocrx_word' id='word_1_223' title='bbox 2270 1504 2648 1572; x_wconf 80' lang='grc' dir='ltr'><strong>μαρτυρήσετε</strong></span> <span class='ocrx_word' id='word_1_224' title='bbox 2682 1504 2780 1572; x_wconf 75' lang='grc' dir='ltr'><strong>μὲν</strong></span> <span class='ocrx_word' id='word_1_225' title='bbox 2811 1504 2954 1574; x_wconf 77' lang='grc' dir='ltr'><strong>ὑπὲρ</strong></span> <span class='ocrx_word' id='word_1_226' title='bbox 3002 1506 3137 1574; x_wconf 64' lang='grc' dir='ltr'><strong>ἐμοῦ</strong></span> <span class='ocrx_word' id='word_1_227' title='bbox 3162 1547 3177 1571; x_wconf 93' lang='grc'><strong>,</strong></span> <span class='ocrx_word' id='word_1_228' title='bbox 3215 1506 3315 1561; x_wconf 67' lang='lat' dir='ltr'><strong>tam</strong></span> <span class='ocrx_word' id='word_1_229' title='bbox 3363 1506 3417 1559; x_wconf 82' lang='grc' dir='ltr'><strong>δέ</strong></span> <span class='ocrx_word' id='word_1_230' title='bbox 3462 1523 3544 1570; x_wconf 90' lang='grc' dir='ltr'><strong>τις</strong></span> <span class='ocrx_word' id='word_1_231' title='bbox 3592 1506 3847 1578; x_wconf 73' lang='grc' dir='ltr'><strong>εὑρεθείη</strong></span> 
     </span>
    </p>
   </div>
   <div class='ocr_carea' id='block_1_29' title="bbox 2270 1591 3849 1667">
    <p class='ocr_par' dir='ltr' id='par_1_29' title="bbox 2270 1591 3849 1667">
     <span class='ocr_line' id='line_1_29' title="bbox 2270 1591 3849 1667; baseline 0.004 -25"><span class='ocrx_word' id='word_1_232' title='bbox 2270 1592 2407 1659; x_wconf 66' lang='grc' dir='ltr'><strong>μετὰ</strong></span> <span class='ocrx_word' id='word_1_233' title='bbox 2435 1591 2529 1644; x_wconf 89' lang='grc' dir='ltr'><strong>τοῦ</strong></span> <span class='ocrx_word' id='word_1_234' title='bbox 2568 1591 2870 1663; x_wconf 82' lang='grc' dir='ltr'><strong>μαρτυρίου</strong></span> <span class='ocrx_word' id='word_1_235' title='bbox 2895 1634 2909 1655; x_wconf 90' lang='grc'><strong>,</strong></span> <span class='ocrx_word' id='word_1_236' title='bbox 2957 1595 3050 1646; x_wconf 78' lang='grc' dir='ltr'><strong>καὶ</strong></span> <span class='ocrx_word' id='word_1_237' title='bbox 3100 1594 3199 1662; x_wconf 78' lang='grc' dir='ltr'><strong>τὴν</strong></span> <span class='ocrx_word' id='word_1_238' title='bbox 3228 1594 3396 1663; x_wconf 87' lang='grc' dir='ltr'><strong>ἀλλην</strong></span> <span class='ocrx_word' id='word_1_239' title='bbox 3430 1598 3608 1647; x_wconf 79' lang='grc' dir='ltr'><strong>πᾶσαν</strong></span> <span class='ocrx_word' id='word_1_240' title='bbox 3646 1592 3849 1667; x_wconf 77' lang='grc' dir='ltr'><strong>ἀρετὴν</strong></span> 
     </span>
    </p>
   </div>
   <div class='ocr_carea' id='block_1_30' title="bbox 2266 1682 3443 1758">
    <p class='ocr_par' dir='ltr' id='par_1_30' title="bbox 2266 1682 3443 1758">
     <span class='ocr_line' id='line_1_30' title="bbox 2266 1682 3443 1758; baseline 0.008 -26"><span class='ocrx_word' id='word_1_241' title='bbox 2266 1682 2404 1752; x_wconf 73' lang='grc' dir='ltr'><strong>ἔχων</strong></span> <span class='ocrx_word' id='word_1_242' title='bbox 2437 1682 2576 1754; x_wconf 78' lang='grc' dir='ltr'><strong>ὑπὲρ</strong></span> <span class='ocrx_word' id='word_1_243' title='bbox 2603 1684 2768 1753; x_wconf 77' lang='grc' dir='ltr'><strong>ὑμᾶς,</strong></span> <span class='ocrx_word' id='word_1_244' title='bbox 2797 1685 3003 1750; x_wconf 75' lang='grc' dir='ltr'><strong>ἐκεῖνος</strong></span> <span class='ocrx_word' id='word_1_245' title='bbox 3030 1688 3255 1757; x_wconf 76' lang='grc' dir='ltr'><strong>προάΞει</strong></span> <span class='ocrx_word' id='word_1_246' title='bbox 3279 1689 3443 1758; x_wconf 77' lang='grc' dir='ltr'><strong>ὑμᾶς.</strong></span> 
     </span>
    </p>
   </div>
   <div class='ocr_carea' id='block_1_31' title="bbox 2345 1773 3843 1849">
    <p class='ocr_par' dir='ltr' id='par_1_31' title="bbox 2345 1773 3843 1849">
     <span class='ocr_line' id='line_1_31' title="bbox 2345 1773 3843 1849; baseline 0.008 -26"><span class='ocrx_word' id='word_1_247' title='bbox 2345 1790 2364 1823; x_wconf 76' lang='grc' dir='ltr'><strong>ι</strong></span> <span class='ocrx_word' id='word_1_248' title='bbox 2401 1774 2506 1825; x_wconf 73' lang='grc' dir='ltr'><strong>Καὶ</strong></span> <span class='ocrx_word' id='word_1_249' title='bbox 2562 1773 2892 1837; x_wconf 81' lang='grc' dir='ltr'><strong>ἀκούσαντες</strong></span> <span class='ocrx_word' id='word_1_250' title='bbox 2941 1779 2989 1830; x_wconf 81' lang='grc' dir='ltr'><strong>οἱ</strong></span> <span class='ocrx_word' id='word_1_251' title='bbox 3036 1778 3192 1842; x_wconf 81' lang='grc' dir='ltr'><strong>δέκα,</strong></span> <span class='ocrx_word' id='word_1_252' title='bbox 3243 1776 3477 1849; x_wconf 73' lang='grc' dir='ltr'><strong>ἡρξαντο</strong></span> <span class='ocrx_word' id='word_1_253' title='bbox 3510 1781 3843 1848; x_wconf 74' lang='grc' dir='ltr'><strong>ἀγανακτεῖν</strong></span> 
     </span>
    </p>
   </div>
   <div class='ocr_carea' id='block_1_32' title="bbox 612 1857 2160 1942">
    <p class='ocr_par' dir='ltr' id='par_1_32' title="bbox 612 1857 2160 1927">
     <span class='ocr_line' id='line_1_32' title="bbox 612 1857 2160 1927; baseline 0.004 -20"><span class='ocrx_word' id='word_1_254' title='bbox 612 1864 739 1907; x_wconf 90' lang='lat' dir='ltr'><strong>runt</strong></span> <span class='ocrx_word' id='word_1_255' title='bbox 767 1858 1028 1926; x_wconf 86' lang='lat' dir='ltr'><strong>indignari</strong></span> <span class='ocrx_word' id='word_1_256' title='bbox 1063 1872 1222 1927; x_wconf 80' lang='lat' dir='ltr'><strong>super</strong></span> <span class='ocrx_word' id='word_1_257' title='bbox 1244 1857 1447 1913; x_wconf 81' lang='lat' dir='ltr'><strong>Jacobo</strong></span> <span class='ocrx_word' id='word_1_258' title='bbox 1468 1870 1517 1913; x_wconf 88' lang='lat' dir='ltr'><strong>et</strong></span> <span class='ocrx_word' id='word_1_259' title='bbox 1552 1860 1777 1915; x_wconf 75' lang='lat' dir='ltr'><strong>Joanne.</strong></span> <span class='ocrx_word' id='word_1_260' title='bbox 1809 1860 1964 1914; x_wconf 80' lang='lat' dir='ltr'><strong>Jesus</strong></span> <span class='ocrx_word' id='word_1_261' title='bbox 1992 1873 2160 1914; x_wconf 89' lang='lat' dir='ltr'><strong>autem</strong></span> 
     </span>
    </p>
   </div>
   <div class='ocr_carea' id='block_1_33' title="bbox 2263 1857 3845 1942">
    <p class='ocr_par' dir='ltr' id='par_1_33' title="bbox 2271 1863 3845 1942">
     <span class='ocr_line' id='line_1_33' title="bbox 2271 1863 3845 1942; baseline 0.008 -29"><span class='ocrx_word' id='word_1_262' title='bbox 2271 1864 2397 1931; x_wconf 75' lang='grc' dir='ltr'><strong>περὶ</strong></span> <span class='ocrx_word' id='word_1_263' title='bbox 2446 1863 2701 1917; x_wconf 80' lang='grc' dir='ltr'><strong>Ἰακώϐου</strong></span> <span class='ocrx_word' id='word_1_264' title='bbox 2736 1868 2827 1919; x_wconf 77' lang='grc' dir='ltr'><strong>καὶ</strong></span> <span class='ocrx_word' id='word_1_265' title='bbox 2860 1865 3129 1922; x_wconf 81' lang='grc' dir='ltr'><strong>Ἰωάννου.</strong></span> <span class='ocrx_word' id='word_1_266' title='bbox 3182 1869 3239 1921; x_wconf 89' lang='grc'><strong>’0</strong></span> <span class='ocrx_word' id='word_1_267' title='bbox 3268 1870 3324 1922; x_wconf 71' lang='grc' dir='ltr'><strong>δὲ</strong></span> <span class='ocrx_word' id='word_1_268' title='bbox 3366 1872 3572 1939; x_wconf 80' lang='grc' dir='ltr'><strong>Ἰησοῦς</strong></span> <span class='ocrx_word' id='word_1_269' title='bbox 3598 1888 3845 1942; x_wconf 81' lang='grc' dir='ltr'><strong>προσκα-</strong></span> 
     </span>
    </p>
   </div>
   <div class='ocr_carea' id='block_1_34' title="bbox 608 1950 2165 2020">
    <p class='ocr_par' dir='ltr' id='par_1_34' title="bbox 608 1950 2165 2020">
     <span class='ocr_line' id='line_1_34' title="bbox 608 1950 2165 2020; baseline 0.006 -25"><span class='ocrx_word' id='word_1_270' title='bbox 608 1959 727 1996; x_wconf 90' lang='lat' dir='ltr'><strong>cum</strong></span> <span class='ocrx_word' id='word_1_271' title='bbox 763 1958 1000 2000; x_wconf 79' lang='lat' dir='ltr'><strong>vocasset</strong></span> <span class='ocrx_word' id='word_1_272' title='bbox 1032 1962 1123 2001; x_wconf 89' lang='lat' dir='ltr'><strong>cos</strong></span> <span class='ocrx_word' id='word_1_273' title='bbox 1152 1952 1218 2001; x_wconf 90' lang='lat' dir='ltr'><strong>ad</strong></span> <span class='ocrx_word' id='word_1_274' title='bbox 1258 1964 1336 2013; x_wconf 89' lang='lat' dir='ltr'><strong>se,</strong></span> <span class='ocrx_word' id='word_1_275' title='bbox 1378 1950 1508 2004; x_wconf 86' lang='lat' dir='ltr'><strong>dicit</strong></span> <span class='ocrx_word' id='word_1_276' title='bbox 1531 1952 1673 2005; x_wconf 85' lang='lat' dir='ltr'><strong>illis:</strong></span> <span class='ocrx_word' id='word_1_277' title='bbox 1710 1950 1873 2006; x_wconf 86' lang='lat' dir='ltr'><strong>Scitis</strong></span> <span class='ocrx_word' id='word_1_278' title='bbox 1907 1954 2045 2020; x_wconf 90' lang='lat' dir='ltr'><strong>quod</strong></span> <span class='ocrx_word' id='word_1_279' title='bbox 2076 1952 2165 2019; x_wconf 88' lang='lat' dir='ltr'><strong>qui</strong></span> 
     </span>
    </p>
   </div>
   <div class='ocr_carea' id='block_1_35' title="bbox 607 2036 2168 2108">
    <p class='ocr_par' dir='ltr' id='par_1_35' title="bbox 607 2036 2168 2108">
     <span class='ocr_line' id='line_1_35' title="bbox 607 2036 2168 2108; baseline 0.006 -23"><span class='ocrx_word' id='word_1_280' title='bbox 607 2036 862 2089; x_wconf 85' lang='lat' dir='ltr'><strong>videntur</strong></span> <span class='ocrx_word' id='word_1_281' title='bbox 914 2038 1179 2105; x_wconf 80' lang='lat' dir='ltr'><strong>imperare</strong></span> <span class='ocrx_word' id='word_1_282' title='bbox 1238 2040 1521 2108; x_wconf 78' lang='lat' dir='ltr'><strong>gentibus,</strong></span> <span class='ocrx_word' id='word_1_283' title='bbox 1571 2042 1867 2094; x_wconf 89' lang='lat' dir='ltr'><strong>dominium</strong></span> <span class='ocrx_word' id='word_1_284' title='bbox 1914 2050 2168 2097; x_wconf 76' lang='lat' dir='ltr'><strong>exercent</strong></span> 
     </span>
    </p>
   </div>
   <div class='ocr_carea' id='block_1_36' title="bbox 607 2127 2161 2206">
    <p class='ocr_par' dir='ltr' id='par_1_36' title="bbox 607 2127 2161 2206">
     <span class='ocr_line' id='line_1_36' title="bbox 607 2127 2161 2206; baseline 0.008 -28"><span class='ocrx_word' id='word_1_285' title='bbox 607 2128 863 2181; x_wconf 82' lang='lat' dir='ltr'><strong>adversus</strong></span> <span class='ocrx_word' id='word_1_286' title='bbox 896 2127 1049 2183; x_wconf 84' lang='lat' dir='ltr'><strong>illas:</strong></span> <span class='ocrx_word' id='word_1_287' title='bbox 1076 2138 1130 2183; x_wconf 87' lang='lat' dir='ltr'><strong>et</strong></span> <span class='ocrx_word' id='word_1_288' title='bbox 1162 2130 1252 2198; x_wconf 89' lang='lat' dir='ltr'><strong>qui</strong></span> <span class='ocrx_word' id='word_1_289' title='bbox 1290 2141 1563 2199; x_wconf 80' lang='lat' dir='ltr'><strong>magnatcs</strong></span> <span class='ocrx_word' id='word_1_290' title='bbox 1593 2142 1719 2187; x_wconf 82' lang='lat' dir='ltr'><strong>sunt</strong></span> <span class='ocrx_word' id='word_1_291' title='bbox 1751 2136 1891 2189; x_wconf 84' lang='lat' dir='ltr'><strong>inter</strong></span> <span class='ocrx_word' id='word_1_292' title='bbox 1921 2150 2035 2197; x_wconf 82' lang='lat' dir='ltr'><strong>eas,</strong></span> <span class='ocrx_word' id='word_1_293' title='bbox 2067 2151 2161 2206; x_wconf 88' lang='lat' dir='ltr'><strong>p0-</strong></span> 
     </span>
    </p>
   </div>
   <div class='ocr_carea' id='block_1_37' title="bbox 609 2221 2168 2283">
    <p class='ocr_par' dir='ltr' id='par_1_37' title="bbox 609 2221 2168 2283">
     <span class='ocr_line' id='line_1_37' title="bbox 609 2221 2168 2283; baseline 0.008 -13"><span class='ocrx_word' id='word_1_294' title='bbox 609 2227 852 2272; x_wconf 84' lang='lat' dir='ltr'><strong>testatem</strong></span> <span class='ocrx_word' id='word_1_295' title='bbox 882 2230 1134 2275; x_wconf 81' lang='lat' dir='ltr'><strong>exercent</strong></span> <span class='ocrx_word' id='word_1_296' title='bbox 1170 2221 1222 2274; x_wconf 92' lang='lat' dir='ltr'><strong>in</strong></span> <span class='ocrx_word' id='word_1_297' title='bbox 1249 2222 1386 2277; x_wconf 87' lang='lat' dir='ltr'><strong>illas.</strong></span> <span class='ocrx_word' id='word_1_298' title='bbox 1410 2222 1610 2277; x_wconf 85' lang='lat' dir='ltr'><strong>Verum</strong></span> <span class='ocrx_word' id='word_1_299' title='bbox 1650 2242 1756 2282; x_wconf 89' lang='lat' dir='ltr'><strong>non</strong></span> <span class='ocrx_word' id='word_1_300' title='bbox 1784 2228 1862 2281; x_wconf 89' lang='lat' dir='ltr'><strong>sic</strong></span> <span class='ocrx_word' id='word_1_301' title='bbox 1892 2230 1994 2280; x_wconf 89' lang='lat' dir='ltr'><strong>erit</strong></span> <span class='ocrx_word' id='word_1_302' title='bbox 2027 2229 2168 2283; x_wconf 85' lang='lat' dir='ltr'><strong>inter</strong></span> 
     </span>
    </p>
   </div>
   <div class='ocr_carea' id='block_1_38' title="bbox 607 2312 2167 2391">
    <p class='ocr_par' dir='ltr' id='par_1_38' title="bbox 607 2312 2167 2391">
     <span class='ocr_line' id='line_1_38' title="bbox 607 2312 2167 2391; baseline 0.011 -33"><span class='ocrx_word' id='word_1_303' title='bbox 607 2326 751 2365; x_wconf 85' lang='lat' dir='ltr'><strong>vos:</strong></span> <span class='ocrx_word' id='word_1_304' title='bbox 787 2312 877 2366; x_wconf 89' lang='lat' dir='ltr'><strong>sed</strong></span> <span class='ocrx_word' id='word_1_305' title='bbox 938 2314 1247 2381; x_wconf 87' lang='lat' dir='ltr'><strong>quicunque</strong></span> <span class='ocrx_word' id='word_1_306' title='bbox 1291 2316 1521 2371; x_wconf 86' lang='lat' dir='ltr'><strong>voluerit</strong></span> <span class='ocrx_word' id='word_1_307' title='bbox 1572 2319 1685 2372; x_wconf 78' lang='lat' dir='ltr'><strong>ﬁeri</strong></span> <span class='ocrx_word' id='word_1_308' title='bbox 1743 2334 1968 2391; x_wconf 84' lang='lat' dir='ltr'><strong>magnus</strong></span> <span class='ocrx_word' id='word_1_309' title='bbox 2030 2321 2167 2375; x_wconf 86' lang='lat' dir='ltr'><strong>inter</strong></span> 
     </span>
    </p>
   </div>
   <div class='ocr_carea' id='block_1_39' title="bbox 607 2402 2165 2477">
    <p class='ocr_par' dir='ltr' id='par_1_39' title="bbox 607 2402 2165 2477">
     <span class='ocr_line' id='line_1_39' title="bbox 607 2402 2165 2477; baseline 0.008 -25"><span class='ocrx_word' id='word_1_310' title='bbox 607 2414 721 2467; x_wconf 88' lang='lat' dir='ltr'><strong>vos,</strong></span> <span class='ocrx_word' id='word_1_311' title='bbox 752 2402 853 2455; x_wconf 84' lang='lat' dir='ltr'><strong>erit</strong></span> <span class='ocrx_word' id='word_1_312' title='bbox 882 2403 1033 2456; x_wconf 86' lang='lat' dir='ltr'><strong>vobis</strong></span> <span class='ocrx_word' id='word_1_313' title='bbox 1086 2405 1369 2459; x_wconf 87' lang='lat' dir='ltr'><strong>minister:</strong></span> <span class='ocrx_word' id='word_1_314' title='bbox 1418 2416 1472 2459; x_wconf 91' lang='lat' dir='ltr'><strong>et</strong></span> <span class='ocrx_word' id='word_1_315' title='bbox 1510 2409 1817 2477; x_wconf 81' lang='lat' dir='ltr'><strong>quicunque</strong></span> <span class='ocrx_word' id='word_1_316' title='bbox 1848 2411 2071 2464; x_wconf 85' lang='lat' dir='ltr'><strong>voluerit</strong></span> <span class='ocrx_word' id='word_1_317' title='bbox 2101 2427 2165 2465; x_wconf 83' lang='lat' dir='ltr'><strong>ex</strong></span> 
     </span>
    </p>
   </div>
   <div class='ocr_carea' id='block_1_40' title="bbox 610 2493 2166 2562">
    <p class='ocr_par' dir='ltr' id='par_1_40' title="bbox 610 2493 2166 2562">
     <span class='ocr_line' id='line_1_40' title="bbox 610 2493 2166 2562; baseline 0.01 -21"><span class='ocrx_word' id='word_1_318' title='bbox 610 2493 766 2545; x_wconf 81' lang='lat' dir='ltr'><strong>vobis</strong></span> <span class='ocrx_word' id='word_1_319' title='bbox 794 2508 912 2546; x_wconf 85' lang='lat' dir='ltr'><strong>esse</strong></span> <span class='ocrx_word' id='word_1_320' title='bbox 960 2494 1186 2562; x_wconf 87' lang='lat' dir='ltr'><strong>primus,</strong></span> <span class='ocrx_word' id='word_1_321' title='bbox 1236 2496 1341 2549; x_wconf 81' lang='lat' dir='ltr'><strong>erit</strong></span> <span class='ocrx_word' id='word_1_322' title='bbox 1384 2498 1623 2551; x_wconf 87' lang='lat' dir='ltr'><strong>omnium</strong></span> <span class='ocrx_word' id='word_1_323' title='bbox 1676 2514 1881 2558; x_wconf 80' lang='lat' dir='ltr'><strong>servus.</strong></span> <span class='ocrx_word' id='word_1_324' title='bbox 1939 2501 2071 2555; x_wconf 76' lang='lat' dir='ltr'><strong>Nam</strong></span> <span class='ocrx_word' id='word_1_325' title='bbox 2112 2511 2166 2556; x_wconf 82' lang='lat' dir='ltr'><strong>et</strong></span> 
     </span>
    </p>
   </div>
   <div class='ocr_carea' id='block_1_41' title="bbox 605 2581 2165 2655">
    <p class='ocr_par' dir='ltr' id='par_1_41' title="bbox 605 2581 2165 2655">
     <span class='ocr_line' id='line_1_41' title="bbox 605 2581 2165 2655; baseline 0.008 -19"><span class='ocrx_word' id='word_1_326' title='bbox 605 2581 774 2636; x_wconf 63' lang='lat' dir='ltr'><strong>Filius</strong></span> <span class='ocrx_word' id='word_1_327' title='bbox 801 2585 1033 2639; x_wconf 83' lang='lat' dir='ltr'><strong>hominis</strong></span> <span class='ocrx_word' id='word_1_328' title='bbox 1060 2601 1161 2639; x_wconf 91' lang='lat' dir='ltr'><strong>non</strong></span> <span class='ocrx_word' id='word_1_329' title='bbox 1196 2588 1340 2641; x_wconf 83' lang='lat' dir='ltr'><strong>venit</strong></span> <span class='ocrx_word' id='word_1_330' title='bbox 1364 2597 1420 2641; x_wconf 92' lang='lat' dir='ltr'><strong>ut</strong></span> <span class='ocrx_word' id='word_1_331' title='bbox 1451 2589 1552 2644; x_wconf 89' lang='lat' dir='ltr'><strong>sibi</strong></span> <span class='ocrx_word' id='word_1_332' title='bbox 1590 2592 2027 2655; x_wconf 71' lang='lat' dir='ltr'><strong>m‘inistraretur,</strong></span> <span class='ocrx_word' id='word_1_333' title='bbox 2070 2596 2165 2648; x_wconf 84' lang='lat' dir='ltr'><strong>sed</strong></span> 
     </span>
    </p>
   </div>
   <div class='ocr_carea' id='block_1_42' title="bbox 605 2674 2163 2743">
    <p class='ocr_par' dir='ltr' id='par_1_42' title="bbox 605 2674 2163 2743">
     <span class='ocr_line' id='line_1_42' title="bbox 605 2674 2163 2743; baseline 0.008 -18"><span class='ocrx_word' id='word_1_334' title='bbox 605 2684 664 2725; x_wconf 92' lang='lat' dir='ltr'><strong>nt</strong></span> <span class='ocrx_word' id='word_1_335' title='bbox 701 2674 813 2743; x_wconf 78' lang='lat' dir='ltr'><strong>ipse</strong></span> <span class='ocrx_word' id='word_1_336' title='bbox 850 2675 1200 2742; x_wconf 85' lang='lat' dir='ltr'><strong>ministraret,</strong></span> <span class='ocrx_word' id='word_1_337' title='bbox 1228 2692 1291 2732; x_wconf 91' lang='lat' dir='ltr'><strong>ac</strong></span> <span class='ocrx_word' id='word_1_338' title='bbox 1311 2678 1466 2732; x_wconf 82' lang='lat' dir='ltr'><strong>daret</strong></span> <span class='ocrx_word' id='word_1_339' title='bbox 1499 2681 1729 2735; x_wconf 89' lang='lat' dir='ltr'><strong>animam</strong></span> <span class='ocrx_word' id='word_1_340' title='bbox 1762 2698 1913 2738; x_wconf 87' lang='lat' dir='ltr'><strong>suam</strong></span> <span class='ocrx_word' id='word_1_341' title='bbox 1956 2684 2163 2739; x_wconf 89' lang='lat' dir='ltr'><strong>redem-</strong></span> 
     </span>
    </p>
   </div>
   <div class='ocr_carea' id='block_1_43' title="bbox 605 2767 2165 2838">
    <p class='ocr_par' dir='ltr' id='par_1_43' title="bbox 605 2767 2165 2838">
     <span class='ocr_line' id='line_1_43' title="bbox 605 2767 2165 2838; baseline 0.008 -20"><span class='ocrx_word' id='word_1_342' title='bbox 605 2767 841 2835; x_wconf 83' lang='lat' dir='ltr'><strong>ptionem</strong></span> <span class='ocrx_word' id='word_1_343' title='bbox 903 2781 999 2835; x_wconf 89' lang='lat' dir='ltr'><strong>pro</strong></span> <span class='ocrx_word' id='word_1_344' title='bbox 1056 2768 1259 2822; x_wconf 90' lang='lat' dir='ltr'><strong>multis.</strong></span> <span class='ocrx_word' id='word_1_345' title='bbox 1314 2788 1332 2821; x_wconf 76' lang='grc' dir='ltr'><strong>ι</strong></span> <span class='ocrx_word' id='word_1_346' title='bbox 1379 2770 1632 2838; x_wconf 84' lang='lat' dir='ltr'><strong>Discipuli</strong></span> <span class='ocrx_word' id='word_1_347' title='bbox 1692 2773 1865 2827; x_wconf 88' lang='lat' dir='ltr'><strong>adhuc</strong></span> <span class='ocrx_word' id='word_1_348' title='bbox 1916 2775 2165 2830; x_wconf 85' lang='lat' dir='ltr'><strong>humanis</strong></span> 
     </span>
    </p>
   </div>
   <div class='ocr_carea' id='block_1_44' title="bbox 602 2860 2165 2925">
    <p class='ocr_par' dir='ltr' id='par_1_44' title="bbox 602 2860 2165 2925">
     <span class='ocr_line' id='line_1_44' title="bbox 602 2860 2165 2925; baseline 0.005 -11"><span class='ocrx_word' id='word_1_349' title='bbox 602 2860 976 2916; x_wconf 70' lang='lat' dir='ltr'><strong>affectionibus</strong></span> <span class='ocrx_word' id='word_1_350' title='bbox 1023 2872 1077 2916; x_wconf 88' lang='lat' dir='ltr'><strong>et</strong></span> <span class='ocrx_word' id='word_1_351' title='bbox 1124 2864 1318 2918; x_wconf 87' lang='lat' dir='ltr'><strong>invidia</strong></span> <span class='ocrx_word' id='word_1_352' title='bbox 1380 2866 1740 2922; x_wconf 89' lang='lat' dir='ltr'><strong>laborabant:</strong></span> <span class='ocrx_word' id='word_1_353' title='bbox 1777 2868 1897 2922; x_wconf 90' lang='lat' dir='ltr'><strong>ideo</strong></span> <span class='ocrx_word' id='word_1_354' title='bbox 1934 2878 1988 2923; x_wconf 90' lang='lat' dir='ltr'><strong>et</strong></span> <span class='ocrx_word' id='word_1_355' title='bbox 2027 2870 2165 2925; x_wconf 85' lang='lat' dir='ltr'><strong>indi-</strong></span> 
     </span>
    </p>
   </div>
   <div class='ocr_carea' id='block_1_45' title="bbox 602 2951 2165 3025">
    <p class='ocr_par' dir='ltr' id='par_1_45' title="bbox 602 2951 2165 3025">
     <span class='ocr_line' id='line_1_45' title="bbox 602 2951 2165 3025; baseline 0.008 -22"><span class='ocrx_word' id='word_1_356' title='bbox 602 2961 835 3020; x_wconf 84' lang='lat' dir='ltr'><strong>gnantur</strong></span> <span class='ocrx_word' id='word_1_357' title='bbox 861 2951 1116 3007; x_wconf 87' lang='lat' dir='ltr'><strong>adversus</strong></span> <span class='ocrx_word' id='word_1_358' title='bbox 1141 2955 1296 3009; x_wconf 89' lang='lat' dir='ltr'><strong>duos.</strong></span> <span class='ocrx_word' id='word_1_359' title='bbox 1325 2953 1427 3009; x_wconf 83' lang='lat' dir='ltr'><strong>Sed</strong></span> <span class='ocrx_word' id='word_1_360' title='bbox 1460 2957 1723 3025; x_wconf 81' lang='lat' dir='ltr'><strong>quando?</strong></span> <span class='ocrx_word' id='word_1_361' title='bbox 1744 2956 1877 3013; x_wconf 91' lang='lat' dir='ltr'><strong>Cum</strong></span> <span class='ocrx_word' id='word_1_362' title='bbox 1905 2960 2165 3015; x_wconf 82' lang='lat' dir='ltr'><strong>vidissent</strong></span> 
     </span>
    </p>
   </div>
   <div class='ocr_carea' id='block_1_46' title="bbox 601 3046 2160 3122">
    <p class='ocr_par' dir='ltr' id='par_1_46' title="bbox 601 3046 2160 3122">
     <span class='ocr_line' id='line_1_46' title="bbox 601 3046 2160 3122; baseline 0.008 -28"><span class='ocrx_word' id='word_1_363' title='bbox 601 3056 695 3095; x_wconf 87' lang='lat' dir='ltr'><strong>eos</strong></span> <span class='ocrx_word' id='word_1_364' title='bbox 722 3057 825 3096; x_wconf 87' lang='lat' dir='ltr'><strong>non</strong></span> <span class='ocrx_word' id='word_1_365' title='bbox 844 3050 1118 3110; x_wconf 86' lang='lat' dir='ltr'><strong>susceptos</strong></span> <span class='ocrx_word' id='word_1_366' title='bbox 1138 3058 1257 3098; x_wconf 86' lang='lat' dir='ltr'><strong>esse</strong></span> <span class='ocrx_word' id='word_1_367' title='bbox 1278 3060 1307 3098; x_wconf 90' lang='lat' dir='ltr'><strong>a</strong></span> <span class='ocrx_word' id='word_1_368' title='bbox 1335 3046 1578 3111; x_wconf 88' lang='lat' dir='ltr'><strong>Domino,</strong></span> <span class='ocrx_word' id='word_1_369' title='bbox 1606 3050 1697 3103; x_wconf 90' lang='lat' dir='ltr'><strong>sed</strong></span> <span class='ocrx_word' id='word_1_370' title='bbox 1715 3052 1868 3118; x_wconf 82' lang='lat' dir='ltr'><strong>quasi</strong></span> <span class='ocrx_word' id='word_1_371' title='bbox 1895 3052 2160 3122; x_wconf 86' lang='lat' dir='ltr'><strong>repulsam</strong></span> 
     </span>
    </p>
   </div>
   <div class='ocr_carea' id='block_1_47' title="bbox 602 3136 2164 3205">
    <p class='ocr_par' dir='ltr' id='par_1_47' title="bbox 602 3136 2164 3205">
     <span class='ocr_line' id='line_1_47' title="bbox 602 3136 2164 3205; baseline 0.009 -20"><span class='ocrx_word' id='word_1_372' title='bbox 602 3146 812 3201; x_wconf 83' lang='lat' dir='ltr'><strong>passos,</strong></span> <span class='ocrx_word' id='word_1_373' title='bbox 847 3143 971 3187; x_wconf 89' lang='lat' dir='ltr'><strong>tunc</strong></span> <span class='ocrx_word' id='word_1_374' title='bbox 1023 3136 1288 3205; x_wconf 89' lang='lat' dir='ltr'><strong>indignati</strong></span> <span class='ocrx_word' id='word_1_375' title='bbox 1346 3147 1493 3193; x_wconf 90' lang='lat' dir='ltr'><strong>sunt.</strong></span> <span class='ocrx_word' id='word_1_376' title='bbox 1521 3138 1768 3204; x_wconf 83' lang='lat' dir='ltr'><strong>Quandiu</strong></span> <span class='ocrx_word' id='word_1_377' title='bbox 1800 3146 1941 3195; x_wconf 87' lang='lat' dir='ltr'><strong>enim</strong></span> <span class='ocrx_word' id='word_1_378' title='bbox 1996 3157 2025 3196; x_wconf 86' lang='lat' dir='ltr'><strong>a</strong></span> <span class='ocrx_word' id='word_1_379' title='bbox 2068 3136 2164 3199; x_wconf 74' lang='lat' dir='ltr'><strong>De-</strong></span> 
     </span>
    </p>
   </div>
   <div class='ocr_carea' id='block_1_48' title="bbox 601 3225 2158 3304">
    <p class='ocr_par' dir='ltr' id='par_1_48' title="bbox 601 3225 2158 3304">
     <span class='ocr_line' id='line_1_48' title="bbox 601 3225 2158 3304; baseline 0.008 -26"><span class='ocrx_word' id='word_1_380' title='bbox 601 3225 748 3279; x_wconf 78' lang='lat' dir='ltr'><strong>ntino</strong></span> <span class='ocrx_word' id='word_1_381' title='bbox 807 3226 1253 3296; x_wconf 86' lang='lat' dir='ltr'><strong>honorabantur,</strong></span> <span class='ocrx_word' id='word_1_382' title='bbox 1312 3229 1555 3284; x_wconf 76' lang='lat' dir='ltr'><strong>ferebant</strong></span> <span class='ocrx_word' id='word_1_383' title='bbox 1622 3248 1724 3287; x_wconf 94' lang='lat' dir='ltr'><strong>non</strong></span> <span class='ocrx_word' id='word_1_384' title='bbox 1795 3234 2158 3304; x_wconf 86' lang='lat' dir='ltr'><strong>indignantes.</strong></span> 
     </span>
    </p>
   </div>
   <div class='ocr_carea' id='block_1_49' title="bbox 600 3317 2163 3390">
    <p class='ocr_par' dir='ltr' id='par_1_49' title="bbox 600 3317 2163 3390">
     <span class='ocr_line' id='line_1_49' title="bbox 600 3317 2163 3390; baseline 0.008 -22"><span class='ocrx_word' id='word_1_385' title='bbox 600 3317 847 3384; x_wconf 75' lang='lat' dir='ltr'><strong>quamvis</strong></span> <span class='ocrx_word' id='word_1_386' title='bbox 898 3318 1138 3372; x_wconf 87' lang='lat' dir='ltr'><strong>viderent</strong></span> <span class='ocrx_word' id='word_1_387' title='bbox 1179 3335 1271 3375; x_wconf 83' lang='lat' dir='ltr'><strong>eos</strong></span> <span class='ocrx_word' id='word_1_388' title='bbox 1324 3321 1563 3390; x_wconf 59' lang='lat' dir='ltr'><strong>praeferri</strong></span> <span class='ocrx_word' id='word_1_389' title='bbox 1597 3339 1609 3376; x_wconf 93' lang='lat'><strong>:</strong></span> <span class='ocrx_word' id='word_1_390' title='bbox 1651 3338 1771 3377; x_wconf 89' lang='lat' dir='ltr'><strong>cum</strong></span> <span class='ocrx_word' id='word_1_391' title='bbox 1806 3335 1987 3379; x_wconf 88' lang='lat' dir='ltr'><strong>autem</strong></span> <span class='ocrx_word' id='word_1_392' title='bbox 2021 3342 2163 3381; x_wconf 91' lang='lat' dir='ltr'><strong>nunc</strong></span> 
     </span>
    </p>
   </div>
   <div class='ocr_carea' id='block_1_50' title="bbox 602 3409 2159 3481">
    <p class='ocr_par' dir='ltr' id='par_1_50' title="bbox 602 3409 2159 3481">
     <span class='ocr_line' id='line_1_50' title="bbox 602 3409 2159 3481; baseline 0.01 -21"><span class='ocrx_word' id='word_1_393' title='bbox 602 3409 713 3477; x_wconf 83' lang='lat' dir='ltr'><strong>ipsi</strong></span> <span class='ocrx_word' id='word_1_394' title='bbox 749 3409 1007 3463; x_wconf 83' lang='lat' dir='ltr'><strong>honorem</strong></span> <span class='ocrx_word' id='word_1_395' title='bbox 1046 3411 1146 3464; x_wconf 90' lang='lat' dir='ltr'><strong>sibi</strong></span> <span class='ocrx_word' id='word_1_396' title='bbox 1190 3411 1509 3481; x_wconf 89' lang='lat' dir='ltr'><strong>deposcunt,</strong></span> <span class='ocrx_word' id='word_1_397' title='bbox 1544 3429 1648 3469; x_wconf 90' lang='lat' dir='ltr'><strong>non</strong></span> <span class='ocrx_word' id='word_1_398' title='bbox 1689 3414 1869 3471; x_wconf 79' lang='lat' dir='ltr'><strong>ferunt</strong></span> <span class='ocrx_word' id='word_1_399' title='bbox 1902 3417 2011 3472; x_wconf 90' lang='lat' dir='ltr'><strong>alii.</strong></span> <span class='ocrx_word' id='word_1_400' title='bbox 2043 3418 2159 3475; x_wconf 76' lang='lat' dir='ltr'><strong>Ca:-</strong></span> 
     </span>
    </p>
   </div>
   <div class='ocr_carea' id='block_1_51' title="bbox 600 3497 2197 3576">
    <p class='ocr_par' dir='ltr' id='par_1_51' title="bbox 600 3497 2197 3576">
     <span class='ocr_line' id='line_1_51' title="bbox 600 3497 2197 3576; baseline 0.009 -28"><span class='ocrx_word' id='word_1_401' title='bbox 600 3505 773 3549; x_wconf 88' lang='lat' dir='ltr'><strong>terum</strong></span> <span class='ocrx_word' id='word_1_402' title='bbox 802 3511 947 3551; x_wconf 89' lang='lat' dir='ltr'><strong>nunc</strong></span> <span class='ocrx_word' id='word_1_403' title='bbox 967 3497 1179 3566; x_wconf 88' lang='lat' dir='ltr'><strong>quidem</strong></span> <span class='ocrx_word' id='word_1_404' title='bbox 1203 3498 1275 3553; x_wconf 87' lang='lat' dir='ltr'><strong>ita</strong></span> <span class='ocrx_word' id='word_1_405' title='bbox 1297 3501 1613 3571; x_wconf 80' lang='lat' dir='ltr'><strong>imperfecte</strong></span> <span class='ocrx_word' id='word_1_406' title='bbox 1644 3518 1701 3560; x_wconf 87' lang='lat' dir='ltr'><strong>se</strong></span> <span class='ocrx_word' id='word_1_407' title='bbox 1729 3517 1943 3576; x_wconf 84' lang='lat' dir='ltr'><strong>gerunt,</strong></span> <span class='ocrx_word' id='word_1_408' title='bbox 1976 3519 2158 3575; x_wconf 89' lang='lat' dir='ltr'><strong>postea</strong></span> <span class='ocrx_word' id='word_1_409' title='bbox 2196 3546 2197 3549; x_wconf 60' lang='grc' dir='ltr'><strong>η</strong></span> 
     </span>
    </p>
   </div>
   <div class='ocr_carea' id='block_1_52' title="bbox 601 3587 2155 3663">
    <p class='ocr_par' dir='ltr' id='par_1_52' title="bbox 601 3587 2155 3663">
     <span class='ocr_line' id='line_1_52' title="bbox 601 3587 2155 3663; baseline 0.008 -23"><span class='ocrx_word' id='word_1_410' title='bbox 601 3597 785 3641; x_wconf 77' lang='lat' dir='ltr'><strong>autem</strong></span> <span class='ocrx_word' id='word_1_411' title='bbox 806 3587 1011 3642; x_wconf 87' lang='lat' dir='ltr'><strong>videbis</strong></span> <span class='ocrx_word' id='word_1_412' title='bbox 1036 3602 1129 3645; x_wconf 86' lang='lat' dir='ltr'><strong>eos</strong></span> <span class='ocrx_word' id='word_1_413' title='bbox 1162 3600 1402 3646; x_wconf 91' lang='lat' dir='ltr'><strong>mutuum</strong></span> <span class='ocrx_word' id='word_1_414' title='bbox 1449 3593 1551 3648; x_wconf 87' lang='lat' dir='ltr'><strong>sibi</strong></span> <span class='ocrx_word' id='word_1_415' title='bbox 1587 3594 1654 3649; x_wconf 88' lang='lat' dir='ltr'><strong>de</strong></span> <span class='ocrx_word' id='word_1_416' title='bbox 1685 3596 1917 3663; x_wconf 89' lang='lat' dir='ltr'><strong>primatu</strong></span> <span class='ocrx_word' id='word_1_417' title='bbox 1946 3599 2155 3653; x_wconf 87' lang='lat' dir='ltr'><strong>cedere.</strong></span> 
     </span>
    </p>
   </div>
   <div class='ocr_carea' id='block_1_53' title="bbox 600 3677 2161 3751">
    <p class='ocr_par' dir='ltr' id='par_1_53' title="bbox 600 3677 2161 3751">
     <span class='ocr_line' id='line_1_53' title="bbox 600 3677 2161 3751; baseline 0.007 -21"><span class='ocrx_word' id='word_1_418' title='bbox 600 3678 674 3730; x_wconf 78' lang='lat' dir='ltr'><strong>At</strong></span> <span class='ocrx_word' id='word_1_419' title='bbox 715 3677 960 3734; x_wconf 84' lang='lat' dir='ltr'><strong>Christus</strong></span> <span class='ocrx_word' id='word_1_420' title='bbox 1003 3690 1156 3734; x_wconf 85' lang='lat' dir='ltr'><strong>sanat</strong></span> <span class='ocrx_word' id='word_1_421' title='bbox 1186 3681 1323 3746; x_wconf 89' lang='lat' dir='ltr'><strong>illos,</strong></span> <span class='ocrx_word' id='word_1_422' title='bbox 1362 3693 1415 3736; x_wconf 89' lang='lat' dir='ltr'><strong>et</strong></span> <span class='ocrx_word' id='word_1_423' title='bbox 1463 3684 1694 3751; x_wconf 86' lang='lat' dir='ltr'><strong>primum</strong></span> <span class='ocrx_word' id='word_1_424' title='bbox 1731 3686 1998 3741; x_wconf 86' lang='lat' dir='ltr'><strong>demulcet</strong></span> <span class='ocrx_word' id='word_1_425' title='bbox 2041 3688 2161 3741; x_wconf 88' lang='lat' dir='ltr'><strong>illus</strong></span> 
     </span>
    </p>
   </div>
   <div class='ocr_carea' id='block_1_54' title="bbox 600 3770 2159 3843">
    <p class='ocr_par' dir='ltr' id='par_1_54' title="bbox 600 3770 2159 3843">
     <span class='ocr_line' id='line_1_54' title="bbox 600 3770 2159 3843; baseline 0.01 -27"><span class='ocrx_word' id='word_1_426' title='bbox 600 3770 820 3836; x_wconf 86' lang='lat' dir='ltr'><strong>propius</strong></span> <span class='ocrx_word' id='word_1_427' title='bbox 849 3771 915 3822; x_wconf 78' lang='lat' dir='ltr'><strong>ad</strong></span> <span class='ocrx_word' id='word_1_428' title='bbox 950 3783 1009 3823; x_wconf 90' lang='lat' dir='ltr'><strong>se</strong></span> <span class='ocrx_word' id='word_1_429' title='bbox 1063 3774 1326 3826; x_wconf 86' lang='lat' dir='ltr'><strong>vocando.</strong></span> <span class='ocrx_word' id='word_1_430' title='bbox 1358 3771 1521 3842; x_wconf 66' lang='lat'><strong>229</strong></span> <span class='ocrx_word' id='word_1_431' title='bbox 1564 3772 1677 3828; x_wconf 85' lang='lat' dir='ltr'><strong>Hoc</strong></span> <span class='ocrx_word' id='word_1_432' title='bbox 1704 3777 1846 3829; x_wconf 91' lang='lat' dir='ltr'><strong>enim</strong></span> <span class='ocrx_word' id='word_1_433' title='bbox 1892 3778 2159 3843; x_wconf 71' lang='lat' dir='ltr'><strong>significat</strong></span> 
     </span>
    </p>
   </div>
   <div class='ocr_carea' id='block_1_55' title="bbox 599 3859 2157 3926">
    <p class='ocr_par' dir='ltr' id='par_1_55' title="bbox 599 3859 2157 3926">
     <span class='ocr_line' id='line_1_55' title="bbox 599 3859 2157 3926; baseline 0.008 -17"><span class='ocrx_word' id='word_1_434' title='bbox 599 3859 745 3926; x_wconf 87' lang='lat' dir='ltr'><strong>quod</strong></span> <span class='ocrx_word' id='word_1_435' title='bbox 772 3860 902 3913; x_wconf 80' lang='lat' dir='ltr'><strong>dicit</strong></span> <span class='ocrx_word' id='word_1_436' title='bbox 933 3878 946 3914; x_wconf 93' lang='lat'><strong>:</strong></span> <span class='ocrx_word' id='word_1_437' title='bbox 972 3860 1104 3915; x_wconf 86' lang='lat' dir='ltr'><strong>Cum</strong></span> <span class='ocrx_word' id='word_1_438' title='bbox 1141 3874 1385 3917; x_wconf 85' lang='lat' dir='ltr'><strong>vocasset</strong></span> <span class='ocrx_word' id='word_1_439' title='bbox 1412 3880 1505 3917; x_wconf 87' lang='lat' dir='ltr'><strong>eos</strong></span> <span class='ocrx_word' id='word_1_440' title='bbox 1550 3867 1616 3919; x_wconf 79' lang='lat' dir='ltr'><strong>ad</strong></span> <span class='ocrx_word' id='word_1_441' title='bbox 1651 3881 1729 3921; x_wconf 80' lang='lat' dir='ltr'><strong>se.</strong></span> <span class='ocrx_word' id='word_1_442' title='bbox 1771 3867 1972 3923; x_wconf 84' lang='lat' dir='ltr'><strong>Deinde</strong></span> <span class='ocrx_word' id='word_1_443' title='bbox 2003 3883 2157 3923; x_wconf 79' lang='lat' dir='ltr'><strong>nion-</strong></span> 
     </span>
    </p>
   </div>
   <div class='ocr_carea' id='block_1_56' title="bbox 597 3952 2155 4027">
    <p class='ocr_par' dir='ltr' id='par_1_56' title="bbox 597 3952 2155 4027">
     <span class='ocr_line' id='line_1_56' title="bbox 597 3952 2155 4027; baseline 0.006 -22"><span class='ocrx_word' id='word_1_444' title='bbox 597 3959 735 4005; x_wconf 87' lang='lat' dir='ltr'><strong>strat</strong></span> <span class='ocrx_word' id='word_1_445' title='bbox 764 3952 905 4020; x_wconf 89' lang='lat' dir='ltr'><strong>quod</strong></span> <span class='ocrx_word' id='word_1_446' title='bbox 942 3967 1132 4020; x_wconf 88' lang='lat' dir='ltr'><strong>rapere</strong></span> <span class='ocrx_word' id='word_1_447' title='bbox 1188 3954 1470 4021; x_wconf 85' lang='lat' dir='ltr'><strong>honorem,</strong></span> <span class='ocrx_word' id='word_1_448' title='bbox 1510 3966 1566 4010; x_wconf 92' lang='lat' dir='ltr'><strong>et</strong></span> <span class='ocrx_word' id='word_1_449' title='bbox 1614 3956 1818 4011; x_wconf 82' lang='lat' dir='ltr'><strong>ainbire</strong></span> <span class='ocrx_word' id='word_1_450' title='bbox 1846 3960 2155 4027; x_wconf 83' lang='lat' dir='ltr'><strong>dignitates,</strong></span> 
     </span>
    </p>
   </div>
   <div class='ocr_carea' id='block_1_57' title="bbox 595 4043 2157 4119">
    <p class='ocr_par' dir='ltr' id='par_1_57' title="bbox 595 4043 2157 4119">
     <span class='ocr_line' id='line_1_57' title="bbox 595 4043 2157 4119; baseline 0.005 -24"><span class='ocrx_word' id='word_1_451' title='bbox 595 4044 835 4113; x_wconf 89' lang='lat' dir='ltr'><strong>gentium</strong></span> <span class='ocrx_word' id='word_1_452' title='bbox 879 4044 967 4097; x_wconf 87' lang='lat' dir='ltr'><strong>sit.</strong></span> <span class='ocrx_word' id='word_1_453' title='bbox 1016 4043 1291 4112; x_wconf 81' lang='lat' dir='ltr'><strong>Principes</strong></span> <span class='ocrx_word' id='word_1_454' title='bbox 1339 4047 1481 4099; x_wconf 88' lang='lat' dir='ltr'><strong>enim</strong></span> <span class='ocrx_word' id='word_1_455' title='bbox 1532 4049 1769 4117; x_wconf 86' lang='lat' dir='ltr'><strong>gentium</strong></span> <span class='ocrx_word' id='word_1_456' title='bbox 1826 4065 2014 4117; x_wconf 81' lang='lat' dir='ltr'><strong>magna</strong></span> <span class='ocrx_word' id='word_1_457' title='bbox 2063 4067 2157 4119; x_wconf 73' lang='lat' dir='ltr'><strong>pu-</strong></span> 
     </span>
    </p>
   </div>
   <div class='ocr_carea' id='block_1_58' title="bbox 598 4134 2152 4207">
    <p class='ocr_par' dir='ltr' id='par_1_58' title="bbox 598 4134 2152 4207">
     <span class='ocr_line' id='line_1_58' title="bbox 598 4134 2152 4207; baseline 0.004 -20"><span class='ocrx_word' id='word_1_458' title='bbox 598 4143 795 4187; x_wconf 87' lang='lat' dir='ltr'><strong>testate</strong></span> <span class='ocrx_word' id='word_1_459' title='bbox 844 4144 900 4187; x_wconf 87' lang='lat' dir='ltr'><strong>et</strong></span> <span class='ocrx_word' id='word_1_460' title='bbox 952 4134 1275 4187; x_wconf 86' lang='lat' dir='ltr'><strong>auctoritate</strong></span> <span class='ocrx_word' id='word_1_461' title='bbox 1312 4134 1607 4190; x_wconf 76' lang='lat' dir='ltr'><strong>eﬂeruntur</strong></span> <span class='ocrx_word' id='word_1_462' title='bbox 1644 4154 1657 4191; x_wconf 90' lang='lat'><strong>:</strong></span> <span class='ocrx_word' id='word_1_463' title='bbox 1694 4138 1941 4207; x_wconf 86' lang='lat' dir='ltr'><strong>discipuli</strong></span> <span class='ocrx_word' id='word_1_464' title='bbox 1977 4152 2152 4193; x_wconf 90' lang='lat' dir='ltr'><strong>autem</strong></span> 
     </span>
    </p>
   </div>
   <div class='ocr_carea' id='block_1_59' title="bbox 593 4229 2158 4302">
    <p class='ocr_par' dir='ltr' id='par_1_59' title="bbox 593 4229 2158 4302">
     <span class='ocr_line' id='line_1_59' title="bbox 593 4229 2158 4302; baseline 0.004 -19"><span class='ocrx_word' id='word_1_465' title='bbox 593 4229 698 4284; x_wconf 88' lang='lat' dir='ltr'><strong>mei</strong></span> <span class='ocrx_word' id='word_1_466' title='bbox 753 4245 855 4283; x_wconf 79' lang='lat' dir='ltr'><strong>nun</strong></span> <span class='ocrx_word' id='word_1_467' title='bbox 891 4231 971 4285; x_wconf 89' lang='lat' dir='ltr'><strong>sic</strong></span> <span class='ocrx_word' id='word_1_468' title='bbox 999 4247 1013 4283; x_wconf 90' lang='lat'><strong>:</strong></span> <span class='ocrx_word' id='word_1_469' title='bbox 1039 4232 1131 4284; x_wconf 86' lang='lat' dir='ltr'><strong>sed</strong></span> <span class='ocrx_word' id='word_1_470' title='bbox 1169 4231 1260 4302; x_wconf 91' lang='lat' dir='ltr'><strong>qui</strong></span> <span class='ocrx_word' id='word_1_471' title='bbox 1310 4231 1420 4283; x_wconf 89' lang='lat' dir='ltr'><strong>vult</strong></span> <span class='ocrx_word' id='word_1_472' title='bbox 1451 4246 1571 4285; x_wconf 75' lang='lat' dir='ltr'><strong>esse</strong></span> <span class='ocrx_word' id='word_1_473' title='bbox 1605 4245 1851 4300; x_wconf 83' lang='lat' dir='ltr'><strong>magnus,</strong></span> <span class='ocrx_word' id='word_1_474' title='bbox 1886 4234 2158 4290; x_wconf 87' lang='lat' dir='ltr'><strong>ministret</strong></span> 
     </span>
    </p>
   </div>
   <div class='ocr_carea' id='block_1_60' title="bbox 590 4320 2150 4392">
    <p class='ocr_par' dir='ltr' id='par_1_60' title="bbox 590 4320 2150 4392">
     <span class='ocr_line' id='line_1_60' title="bbox 590 4320 2150 4392; baseline 0.002 -17"><span class='ocrx_word' id='word_1_475' title='bbox 590 4320 843 4375; x_wconf 83' lang='lat' dir='ltr'><strong>omnibus</strong></span> <span class='ocrx_word' id='word_1_476' title='bbox 876 4338 889 4374; x_wconf 93' lang='lat'><strong>:</strong></span> <span class='ocrx_word' id='word_1_477' title='bbox 914 4324 1167 4389; x_wconf 91' lang='lat' dir='ltr'><strong>quoniam</strong></span> <span class='ocrx_word' id='word_1_478' title='bbox 1190 4332 1243 4374; x_wconf 90' lang='lat' dir='ltr'><strong>et</strong></span> <span class='ocrx_word' id='word_1_479' title='bbox 1267 4324 1365 4376; x_wconf 91' lang='lat' dir='ltr'><strong>hoc</strong></span> <span class='ocrx_word' id='word_1_480' title='bbox 1397 4337 1601 4392; x_wconf 65' lang='lat' dir='ltr'><strong>magna:</strong></span> <span class='ocrx_word' id='word_1_481' title='bbox 1630 4324 1824 4377; x_wconf 65' lang='lat' dir='ltr'><strong>animae</strong></span> <span class='ocrx_word' id='word_1_482' title='bbox 1846 4332 1948 4387; x_wconf 83' lang='lat' dir='ltr'><strong>est.</strong></span> <span class='ocrx_word' id='word_1_483' title='bbox 1973 4328 2150 4379; x_wconf 87' lang='lat' dir='ltr'><strong>omnia</strong></span> 
     </span>
    </p>
   </div>
   <div class='ocr_carea' id='block_1_61' title="bbox 592 4412 2150 4485">
    <p class='ocr_par' dir='ltr' id='par_1_61' title="bbox 592 4412 2150 4485">
     <span class='ocr_line' id='line_1_61' title="bbox 592 4412 2150 4485; baseline 0.002 -19"><span class='ocrx_word' id='word_1_484' title='bbox 592 4412 755 4478; x_wconf 75' lang='lat' dir='ltr'><strong>ferre,</strong></span> <span class='ocrx_word' id='word_1_485' title='bbox 781 4424 834 4466; x_wconf 89' lang='lat' dir='ltr'><strong>et</strong></span> <span class='ocrx_word' id='word_1_486' title='bbox 865 4414 1113 4467; x_wconf 88' lang='lat' dir='ltr'><strong>omnibus</strong></span> <span class='ocrx_word' id='word_1_487' title='bbox 1143 4414 1370 4467; x_wconf 86' lang='lat' dir='ltr'><strong>servire.</strong></span> <span class='ocrx_word' id='word_1_488' title='bbox 1394 4412 1457 4465; x_wconf 88' lang='lat' dir='ltr'><strong>Et</strong></span> <span class='ocrx_word' id='word_1_489' title='bbox 1484 4415 1787 4482; x_wconf 73' lang='lat' dir='ltr'><strong>exeniplum</strong></span> <span class='ocrx_word' id='word_1_490' title='bbox 1822 4416 1872 4468; x_wconf 90' lang='lat' dir='ltr'><strong>in</strong></span> <span class='ocrx_word' id='word_1_491' title='bbox 1905 4427 2150 4485; x_wconf 79' lang='lat' dir='ltr'><strong>promptu</strong></span> 
     </span>
    </p>
   </div>
   <div class='ocr_carea' id='block_1_62' title="bbox 592 4503 2160 4601">
    <p class='ocr_par' dir='ltr' id='par_1_62' title="bbox 592 4503 2148 4563">
     <span class='ocr_line' id='line_1_62' title="bbox 592 4503 2148 4563; baseline 0.003 -5"><span class='ocrx_word' id='word_1_492' title='bbox 592 4515 729 4558; x_wconf 90' lang='lat' dir='ltr'><strong>erat.</strong></span> <span class='ocrx_word' id='word_1_493' title='bbox 768 4503 977 4557; x_wconf 88' lang='lat' dir='ltr'><strong>Etenim</strong></span> <span class='ocrx_word' id='word_1_494' title='bbox 1018 4503 1183 4558; x_wconf 76' lang='lat' dir='ltr'><strong>Filius</strong></span> <span class='ocrx_word' id='word_1_495' title='bbox 1222 4505 1455 4559; x_wconf 83' lang='lat' dir='ltr'><strong>hominis</strong></span> <span class='ocrx_word' id='word_1_496' title='bbox 1494 4520 1600 4558; x_wconf 89' lang='lat' dir='ltr'><strong>non</strong></span> <span class='ocrx_word' id='word_1_497' title='bbox 1647 4506 1793 4561; x_wconf 82' lang='lat' dir='ltr'><strong>venit</strong></span> <span class='ocrx_word' id='word_1_498' title='bbox 1830 4518 1887 4562; x_wconf 91' lang='lat' dir='ltr'><strong>ut</strong></span> <span class='ocrx_word' id='word_1_499' title='bbox 1915 4511 2015 4563; x_wconf 89' lang='lat' dir='ltr'><strong>sibi</strong></span> <span class='ocrx_word' id='word_1_500' title='bbox 2050 4510 2148 4563; x_wconf 86' lang='lat' dir='ltr'><strong>mi-</strong></span> 
     </span>
    </p>
   </div>
   <div class='ocr_carea' id='block_1_63' title="bbox 2263 4503 3028 4601">
    <p class='ocr_par' dir='ltr' id='par_1_63' title="bbox 2263 4503 3028 4601">
     <span class='ocr_line' id='line_1_63' title="bbox 2263 4503 3028 4601; baseline 0.014 -24"><span class='ocrx_word' id='word_1_501' title='bbox 2263 4503 2485 4593; x_wconf 65' lang='grc' dir='ltr'><strong>ἐγγύθεν</strong></span> <span class='ocrx_word' id='word_1_502' title='bbox 2512 4546 2527 4561; x_wconf 75' lang='grc' dir='ltr'><strong>ο</strong></span> <span class='ocrx_word' id='word_1_503' title='bbox 2556 4532 2650 4583; x_wconf 78' lang='grc' dir='ltr'><strong>καὶ</strong></span> <span class='ocrx_word' id='word_1_504' title='bbox 2680 4530 2788 4601; x_wconf 82' lang='grc' dir='ltr'><strong>γὰρ</strong></span> <span class='ocrx_word' id='word_1_505' title='bbox 2819 4534 2847 4585; x_wconf 86' lang='grc' dir='ltr'>ὁ</span> <span class='ocrx_word' id='word_1_506' title='bbox 2902 4535 3028 4599; x_wconf 74' lang='grc' dir='ltr'><strong>Υἱὸς</strong></span> 
     </span>
    </p>
   </div>
   <div class='ocr_carea' id='block_1_64' title="bbox 604 4596 2149 4665">
    <p class='ocr_par' dir='ltr' id='par_1_64' title="bbox 604 4596 2149 4665">
     <span class='ocr_line' id='line_1_64' title="bbox 604 4596 2149 4665; baseline 0.005 -18"><span class='ocrx_word' id='word_1_507' title='bbox 604 4597 948 4659; x_wconf 74' lang='lat' dir='ltr'><strong>nistraretur,</strong></span> <span class='ocrx_word' id='word_1_508' title='bbox 1001 4597 1094 4649; x_wconf 90' lang='lat' dir='ltr'><strong>sed</strong></span> <span class='ocrx_word' id='word_1_509' title='bbox 1139 4607 1196 4649; x_wconf 89' lang='lat' dir='ltr'><strong>ut</strong></span> <span class='ocrx_word' id='word_1_510' title='bbox 1246 4596 1362 4665; x_wconf 90' lang='lat' dir='ltr'><strong>ipse</strong></span> <span class='ocrx_word' id='word_1_511' title='bbox 1403 4599 1832 4661; x_wconf 86' lang='lat' dir='ltr'><strong>ministraret,et</strong></span> <span class='ocrx_word' id='word_1_512' title='bbox 1864 4603 2149 4656; x_wconf 71' lang='lat' dir='ltr'><strong>daretani-</strong></span> 
     </span>
    </p>
   </div>
   <div class='ocr_carea' id='block_1_65' title="bbox 593 4686 2155 4763">
    <p class='ocr_par' dir='ltr' id='par_1_65' title="bbox 593 4686 2155 4763">
     <span class='ocr_line' id='line_1_65' title="bbox 593 4686 2155 4763; baseline 0.006 -24"><span class='ocrx_word' id='word_1_513' title='bbox 593 4704 731 4741; x_wconf 91' lang='lat' dir='ltr'><strong>mam</strong></span> <span class='ocrx_word' id='word_1_514' title='bbox 765 4702 917 4743; x_wconf 90' lang='lat' dir='ltr'><strong>suam</strong></span> <span class='ocrx_word' id='word_1_515' title='bbox 967 4686 1391 4757; x_wconf 85' lang='lat' dir='ltr'><strong>redemptionem</strong></span> <span class='ocrx_word' id='word_1_516' title='bbox 1426 4704 1523 4755; x_wconf 84' lang='lat' dir='ltr'><strong>pro</strong></span> <span class='ocrx_word' id='word_1_517' title='bbox 1554 4692 1753 4755; x_wconf 86' lang='lat' dir='ltr'><strong>multis,</strong></span> <span class='ocrx_word' id='word_1_518' title='bbox 1799 4694 1939 4760; x_wconf 90' lang='lat' dir='ltr'><strong>quod</strong></span> <span class='ocrx_word' id='word_1_519' title='bbox 1986 4695 2155 4763; x_wconf 85' lang='lat' dir='ltr'><strong>majus</strong></span> 
     </span>
    </p>
   </div>
   <div class='ocr_carea' id='block_1_66' title="bbox 587 4780 2146 4851">
    <p class='ocr_par' dir='ltr' id='par_1_66' title="bbox 587 4780 2146 4851">
     <span class='ocr_line' id='line_1_66' title="bbox 587 4780 2146 4851; baseline 0.003 -16"><span class='ocrx_word' id='word_1_520' title='bbox 587 4790 671 4835; x_wconf 68' lang='lat' dir='ltr'><strong>eet</strong></span> <span class='ocrx_word' id='word_1_521' title='bbox 690 4796 847 4849; x_wconf 89' lang='lat' dir='ltr'><strong>quam</strong></span> <span class='ocrx_word' id='word_1_522' title='bbox 872 4781 1201 4835; x_wconf 90' lang='lat' dir='ltr'><strong>ministrare.</strong></span> <span class='ocrx_word' id='word_1_523' title='bbox 1247 4780 1472 4847; x_wconf 86' lang='lat' dir='ltr'><strong>Quando</strong></span> <span class='ocrx_word' id='word_1_524' title='bbox 1502 4783 1646 4835; x_wconf 87' lang='lat' dir='ltr'><strong>enim</strong></span> <span class='ocrx_word' id='word_1_525' title='bbox 1687 4784 1805 4851; x_wconf 89' lang='lat' dir='ltr'><strong>quis</strong></span> <span class='ocrx_word' id='word_1_526' title='bbox 1839 4799 1941 4839; x_wconf 91' lang='lat' dir='ltr'><strong>non</strong></span> <span class='ocrx_word' id='word_1_527' title='bbox 1975 4787 2146 4840; x_wconf 86' lang='lat' dir='ltr'><strong>solum</strong></span> 
     </span>
    </p>
   </div>
   <div class='ocr_carea' id='block_1_67' title="bbox 592 4872 2151 4943">
    <p class='ocr_par' dir='ltr' id='par_1_67' title="bbox 592 4872 2151 4943">
     <span class='ocr_line' id='line_1_67' title="bbox 592 4872 2151 4943; baseline 0.004 -19"><span class='ocrx_word' id='word_1_528' title='bbox 592 4872 1000 4937; x_wconf 88' lang='lat' dir='ltr'><strong>ministraverit,</strong></span> <span class='ocrx_word' id='word_1_529' title='bbox 1032 4872 1124 4926; x_wconf 86' lang='lat' dir='ltr'><strong>sed</strong></span> <span class='ocrx_word' id='word_1_530' title='bbox 1159 4882 1213 4927; x_wconf 85' lang='lat' dir='ltr'><strong>et</strong></span> <span class='ocrx_word' id='word_1_531' title='bbox 1236 4881 1477 4927; x_wconf 87' lang='lat' dir='ltr'><strong>mortuus</strong></span> <span class='ocrx_word' id='word_1_532' title='bbox 1503 4873 1669 4928; x_wconf 78' lang='lat' dir='ltr'><strong>fuerit</strong></span> <span class='ocrx_word' id='word_1_533' title='bbox 1706 4890 1802 4943; x_wconf 90' lang='lat' dir='ltr'><strong>pro</strong></span> <span class='ocrx_word' id='word_1_534' title='bbox 1846 4891 1909 4929; x_wconf 85' lang='lat' dir='ltr'><strong>eo</strong></span> <span class='ocrx_word' id='word_1_535' title='bbox 1936 4880 2018 4931; x_wconf 87' lang='lat' dir='ltr'><strong>eui</strong></span> <span class='ocrx_word' id='word_1_536' title='bbox 2057 4879 2151 4931; x_wconf 84' lang='lat' dir='ltr'><strong>mi-</strong></span> 
     </span>
    </p>
   </div>
   <div class='ocr_carea' id='block_1_68' title="bbox 594 4960 2149 5031">
    <p class='ocr_par' dir='ltr' id='par_1_68' title="bbox 594 4960 2149 5031">
     <span class='ocr_line' id='line_1_68' title="bbox 594 4960 2149 5031; baseline 0.006 -20"><span class='ocrx_word' id='word_1_537' title='bbox 594 4960 806 5022; x_wconf 85' lang='lat' dir='ltr'><strong>nistrat,</strong></span> <span class='ocrx_word' id='word_1_538' title='bbox 830 4961 957 5028; x_wconf 87' lang='lat' dir='ltr'><strong>quid</strong></span> <span class='ocrx_word' id='word_1_539' title='bbox 998 4962 1088 5014; x_wconf 88' lang='lat' dir='ltr'><strong>illo</strong></span> <span class='ocrx_word' id='word_1_540' title='bbox 1126 4962 1302 5031; x_wconf 88' lang='lat' dir='ltr'><strong>majus</strong></span> <span class='ocrx_word' id='word_1_541' title='bbox 1348 4973 1405 5017; x_wconf 87' lang='lat' dir='ltr'><strong>et</strong></span> <span class='ocrx_word' id='word_1_542' title='bbox 1446 4962 1860 5019; x_wconf 76' lang='lat' dir='ltr'><strong>admirabilius?</strong></span> <span class='ocrx_word' id='word_1_543' title='bbox 1896 4967 2149 5021; x_wconf 82' lang='lat' dir='ltr'><strong>Attamen</strong></span> 
     </span>
    </p>
   </div>
   <div class='ocr_carea' id='block_1_69' title="bbox 594 5054 2154 5124">
    <p class='ocr_par' dir='ltr' id='par_1_69' title="bbox 594 5054 2154 5124">
     <span class='ocr_line' id='line_1_69' title="bbox 594 5054 2154 5124; baseline 0.006 -18"><span class='ocrx_word' id='word_1_544' title='bbox 594 5054 950 5108; x_wconf 72' lang='lat' dir='ltr'><strong>ministerium</strong></span> <span class='ocrx_word' id='word_1_545' title='bbox 989 5055 1117 5109; x_wconf 89' lang='lat' dir='ltr'><strong>illud</strong></span> <span class='ocrx_word' id='word_1_546' title='bbox 1148 5066 1201 5110; x_wconf 90' lang='lat' dir='ltr'><strong>et</strong></span> <span class='ocrx_word' id='word_1_547' title='bbox 1229 5059 1641 5124; x_wconf 87' lang='lat' dir='ltr'><strong>condescensio,</strong></span> <span class='ocrx_word' id='word_1_548' title='bbox 1674 5058 1934 5113; x_wconf 77' lang='lat' dir='ltr'><strong>exaltatio</strong></span> <span class='ocrx_word' id='word_1_549' title='bbox 1966 5060 2063 5114; x_wconf 83' lang='lat' dir='ltr'><strong>fuit</strong></span> <span class='ocrx_word' id='word_1_550' title='bbox 2092 5077 2154 5116; x_wconf 89' lang='lat' dir='ltr'><strong>ac</strong></span> 
     </span>
    </p>
   </div>
   <div class='ocr_carea' id='block_1_70' title="bbox 592 5147 2151 5222">
    <p class='ocr_par' dir='ltr' id='par_1_70' title="bbox 592 5147 2151 5222">
     <span class='ocr_line' id='line_1_70' title="bbox 592 5147 2151 5222; baseline 0.006 -24"><span class='ocrx_word' id='word_1_551' title='bbox 592 5147 760 5211; x_wconf 82' lang='lat' dir='ltr'><strong>gloria</strong></span> <span class='ocrx_word' id='word_1_552' title='bbox 797 5158 905 5199; x_wconf 81' lang='lat' dir='ltr'><strong>tam</strong></span> <span class='ocrx_word' id='word_1_553' title='bbox 936 5161 1029 5199; x_wconf 87' lang='lat' dir='ltr'><strong>sua</strong></span> <span class='ocrx_word' id='word_1_554' title='bbox 1081 5162 1241 5215; x_wconf 90' lang='lat' dir='ltr'><strong>quam</strong></span> <span class='ocrx_word' id='word_1_555' title='bbox 1288 5150 1549 5204; x_wconf 86' lang='lat' dir='ltr'><strong>omnium.</strong></span> <span class='ocrx_word' id='word_1_556' title='bbox 1583 5150 1790 5204; x_wconf 89' lang='lat' dir='ltr'><strong>Etenim</strong></span> <span class='ocrx_word' id='word_1_557' title='bbox 1840 5154 2151 5222; x_wconf 88' lang='lat' dir='ltr'><strong>priusquam</strong></span> 
     </span>
    </p>
   </div>
   <div class='ocr_carea' id='block_1_71' title="bbox 594 5238 2150 5313">
    <p class='ocr_par' dir='ltr' id='par_1_71' title="bbox 594 5238 2150 5313">
     <span class='ocr_line' id='line_1_71' title="bbox 594 5238 2150 5313; baseline 0.008 -25"><span class='ocrx_word' id='word_1_558' title='bbox 594 5239 765 5291; x_wconf 72' lang='lat' dir='ltr'><strong>hctus</strong></span> <span class='ocrx_word' id='word_1_559' title='bbox 789 5247 871 5291; x_wconf 87' lang='lat' dir='ltr'><strong>est</strong></span> <span class='ocrx_word' id='word_1_560' title='bbox 901 5238 1085 5303; x_wconf 85' lang='lat' dir='ltr'><strong>homo,</strong></span> <span class='ocrx_word' id='word_1_561' title='bbox 1132 5246 1339 5292; x_wconf 79' lang='lat' dir='ltr'><strong>tantum</strong></span> <span class='ocrx_word' id='word_1_562' title='bbox 1378 5243 1444 5294; x_wconf 90' lang='lat' dir='ltr'><strong>ab</strong></span> <span class='ocrx_word' id='word_1_563' title='bbox 1476 5243 1681 5311; x_wconf 85' lang='lat' dir='ltr'><strong>angelis</strong></span> <span class='ocrx_word' id='word_1_564' title='bbox 1717 5248 2150 5313; x_wconf 78' lang='lat' dir='ltr'><strong>agnoscebatur:</strong></span> 
     </span>
    </p>
   </div>
   <div class='ocr_carea' id='block_1_72' title="bbox 589 5334 2150 5400">
    <p class='ocr_par' dir='ltr' id='par_1_72' title="bbox 589 5334 2150 5400">
     <span class='ocr_line' id='line_1_72' title="bbox 589 5334 2150 5400; baseline 0.005 -18"><span class='ocrx_word' id='word_1_565' title='bbox 589 5342 873 5399; x_wconf 79' lang='lat' dir='ltr'><strong>postquam</strong></span> <span class='ocrx_word' id='word_1_566' title='bbox 908 5342 1081 5385; x_wconf 85' lang='lat' dir='ltr'><strong>autem</strong></span> <span class='ocrx_word' id='word_1_567' title='bbox 1114 5334 1291 5387; x_wconf 81' lang='lat' dir='ltr'><strong>factus</strong></span> <span class='ocrx_word' id='word_1_568' title='bbox 1311 5342 1393 5386; x_wconf 88' lang='lat' dir='ltr'><strong>est</strong></span> <span class='ocrx_word' id='word_1_569' title='bbox 1422 5334 1585 5387; x_wconf 89' lang='lat' dir='ltr'><strong>homo</strong></span> <span class='ocrx_word' id='word_1_570' title='bbox 1610 5337 1969 5390; x_wconf 76' lang='lat' dir='ltr'><strong>etcrnciﬁxus</strong></span> <span class='ocrx_word' id='word_1_571' title='bbox 1989 5376 2004 5400; x_wconf 84' lang='lat'><strong>,</strong></span> <span class='ocrx_word' id='word_1_572' title='bbox 2047 5352 2150 5391; x_wconf 90' lang='lat' dir='ltr'><strong>non</strong></span> 
     </span>
    </p>
   </div>
   <div class='ocr_carea' id='block_1_73' title="bbox 593 5423 2153 5499">
    <p class='ocr_par' dir='ltr' id='par_1_73' title="bbox 593 5423 2153 5499">
     <span class='ocr_line' id='line_1_73' title="bbox 593 5423 2153 5499; baseline 0.005 -24"><span class='ocrx_word' id='word_1_573' title='bbox 593 5423 766 5475; x_wconf 85' lang='lat' dir='ltr'><strong>solum</strong></span> <span class='ocrx_word' id='word_1_574' title='bbox 798 5423 1194 5491; x_wconf 81' lang='lat' dir='ltr'><strong>illamgloriam</strong></span> <span class='ocrx_word' id='word_1_575' title='bbox 1222 5426 1408 5489; x_wconf 85' lang='lat' dir='ltr'><strong>habet,</strong></span> <span class='ocrx_word' id='word_1_576' title='bbox 1442 5425 1534 5480; x_wconf 87' lang='lat' dir='ltr'><strong>sed</strong></span> <span class='ocrx_word' id='word_1_577' title='bbox 1574 5434 1627 5481; x_wconf 87' lang='lat' dir='ltr'><strong>et</strong></span> <span class='ocrx_word' id='word_1_578' title='bbox 1655 5426 1811 5481; x_wconf 81' lang='lat' dir='ltr'><strong>aliam</strong></span> <span class='ocrx_word' id='word_1_579' title='bbox 1836 5430 2074 5499; x_wconf 85' lang='lat' dir='ltr'><strong>accepit,</strong></span> <span class='ocrx_word' id='word_1_580' title='bbox 2102 5441 2153 5484; x_wconf 91' lang='lat' dir='ltr'><strong>et</strong></span> 
     </span>
    </p>
   </div>
   <div class='ocr_carea' id='block_1_74' title="bbox 590 5515 1195 5582">
    <p class='ocr_par' dir='ltr' id='par_1_74' title="bbox 590 5515 1195 5582">
     <span class='ocr_line' id='line_1_74' title="bbox 590 5515 1195 5582; baseline 0.007 -15"><span class='ocrx_word' id='word_1_581' title='bbox 590 5515 643 5567; x_wconf 90' lang='lat' dir='ltr'><strong>iu</strong></span> <span class='ocrx_word' id='word_1_582' title='bbox 687 5524 794 5565; x_wconf 91' lang='lat' dir='ltr'><strong>toto</strong></span> <span class='ocrx_word' id='word_1_583' title='bbox 829 5521 1015 5582; x_wconf 89' lang='lat' dir='ltr'><strong>regnat</strong></span> <span class='ocrx_word' id='word_1_584' title='bbox 1048 5515 1195 5571; x_wconf 84' lang='lat' dir='ltr'><strong>orbe.</strong></span> 
     </span>
    </p>
   </div>
   <div class='ocr_carea' id='block_1_75' title="bbox 666 5606 2153 5682">
    <p class='ocr_par' dir='ltr' id='par_1_75' title="bbox 666 5606 2153 5682">
     <span class='ocr_line' id='line_1_75' title="bbox 666 5606 2153 5682; baseline 0.007 -25"><span class='ocrx_word' id='word_1_585' title='bbox 666 5606 826 5659; x_wconf 72' lang='lat' dir='ltr'><strong>Vens.</strong></span> <span class='ocrx_word' id='word_1_586' title='bbox 873 5606 1058 5661; x_wconf 68' lang='lat'><strong>46-52.</strong></span> <span class='ocrx_word' id='word_1_587' title='bbox 1121 5624 1139 5659; x_wconf 78' lang='grc' dir='ltr'><strong>ι</strong></span> <span class='ocrx_word' id='word_1_588' title='bbox 1198 5607 1265 5663; x_wconf 85' lang='grc' dir='ltr'><strong>Ει</strong></span> <span class='ocrx_word' id='word_1_589' title='bbox 1318 5610 1537 5664; x_wconf 84' lang='lat' dir='ltr'><strong>veniunt</strong></span> <span class='ocrx_word' id='word_1_590' title='bbox 1570 5608 1823 5665; x_wconf 84' lang='lat' dir='ltr'><strong>Hiericho</strong></span> <span class='ocrx_word' id='word_1_591' title='bbox 1865 5629 1878 5665; x_wconf 90' lang='lat'><strong>:</strong></span> <span class='ocrx_word' id='word_1_592' title='bbox 1923 5628 2153 5682; x_wconf 83' lang='lat' dir='ltr'><strong>cutnque</strong></span> 
     </span>
    </p>
   </div>
   <div class='ocr_carea' id='block_1_76' title="bbox 598 5698 2153 5773">
    <p class='ocr_par' dir='ltr' id='par_1_76' title="bbox 598 5698 2153 5773">
     <span class='ocr_line' id='line_1_76' title="bbox 598 5698 2153 5773; baseline 0.008 -24"><span class='ocrx_word' id='word_1_593' title='bbox 598 5701 944 5761; x_wconf 82' lang='lat' dir='ltr'><strong>egrederetur</strong></span> <span class='ocrx_word' id='word_1_594' title='bbox 972 5698 1039 5753; x_wconf 86' lang='lat' dir='ltr'><strong>ab</strong></span> <span class='ocrx_word' id='word_1_595' title='bbox 1064 5701 1195 5753; x_wconf 88' lang='lat' dir='ltr'><strong>urbe</strong></span> <span class='ocrx_word' id='word_1_596' title='bbox 1230 5700 1503 5765; x_wconf 82' lang='lat' dir='ltr'><strong>Hiericho,</strong></span> <span class='ocrx_word' id='word_1_597' title='bbox 1534 5718 1594 5754; x_wconf 78' lang='lat' dir='ltr'><strong>ac</strong></span> <span class='ocrx_word' id='word_1_598' title='bbox 1623 5702 1877 5773; x_wconf 88' lang='lat' dir='ltr'><strong>discipuli</strong></span> <span class='ocrx_word' id='word_1_599' title='bbox 1910 5706 2073 5768; x_wconf 87' lang='lat' dir='ltr'><strong>illius,</strong></span> <span class='ocrx_word' id='word_1_600' title='bbox 2099 5718 2153 5762; x_wconf 89' lang='lat' dir='ltr'><strong>et</strong></span> 
     </span>
    </p>
   </div>
   <div class='ocr_carea' id='block_1_77' title="bbox 602 5788 2148 5860">
    <p class='ocr_par' dir='ltr' id='par_1_77' title="bbox 602 5788 2148 5860">
     <span class='ocr_line' id='line_1_77' title="bbox 602 5788 2148 5860; baseline 0.012 -21"><span class='ocrx_word' id='word_1_601' title='bbox 602 5788 756 5842; x_wconf 81' lang='lat' dir='ltr'><strong>turba</strong></span> <span class='ocrx_word' id='word_1_602' title='bbox 790 5788 1028 5860; x_wconf 85' lang='lat' dir='ltr'><strong>copiosa,</strong></span> <span class='ocrx_word' id='word_1_603' title='bbox 1062 5790 1202 5848; x_wconf 80' lang='lat' dir='ltr'><strong>tilias</strong></span> <span class='ocrx_word' id='word_1_604' title='bbox 1227 5790 1414 5848; x_wconf 70' lang='lat' dir='ltr'><strong>Timaei</strong></span> <span class='ocrx_word' id='word_1_605' title='bbox 1440 5793 1757 5852; x_wconf 77' lang='lat' dir='ltr'><strong>Bartimazus</strong></span> <span class='ocrx_word' id='word_1_606' title='bbox 1785 5811 1963 5856; x_wconf 67' lang='lat' dir='ltr'><strong>cmcus</strong></span> <span class='ocrx_word' id='word_1_607' title='bbox 1992 5802 2148 5857; x_wconf 82' lang='lat' dir='ltr'><strong>scde-</strong></span> 
     </span>
    </p>
   </div>
   <div class='ocr_carea' id='block_1_78' title="bbox 2272 1952 3847 2025">
    <p class='ocr_par' dir='ltr' id='par_1_78' title="bbox 2272 1952 3847 2025">
     <span class='ocr_line' id='line_1_78' title="bbox 2272 1952 3847 2025; baseline 0.007 -22"><span class='ocrx_word' id='word_1_608' title='bbox 2272 1952 2569 2019; x_wconf 83' lang='grc' dir='ltr'><strong>λεσάμενος</strong></span> <span class='ocrx_word' id='word_1_609' title='bbox 2618 1955 2819 2019; x_wconf 80' lang='grc' dir='ltr'><strong>αὐτοὺς</strong></span> <span class='ocrx_word' id='word_1_610' title='bbox 2844 1997 2858 2021; x_wconf 93' lang='grc'><strong>,</strong></span> <span class='ocrx_word' id='word_1_611' title='bbox 2894 1956 3041 2025; x_wconf 82' lang='grc' dir='ltr'><strong>λέγει</strong></span> <span class='ocrx_word' id='word_1_612' title='bbox 3088 1960 3302 2022; x_wconf 80' lang='grc' dir='ltr'><strong>αὐτοῖς’</strong></span> <span class='ocrx_word' id='word_1_613' title='bbox 3342 1962 3531 2014; x_wconf 83' lang='grc' dir='ltr'><strong>Οἴδατε</strong></span> <span class='ocrx_word' id='word_1_614' title='bbox 3564 1962 3649 2015; x_wconf 80' lang='grc' dir='ltr'><strong>ὅτι</strong></span> <span class='ocrx_word' id='word_1_615' title='bbox 3676 1964 3725 2015; x_wconf 81' lang='lat' dir='ltr'><strong>oi</strong></span> <span class='ocrx_word' id='word_1_616' title='bbox 3764 1962 3847 2014; x_wconf 77' lang='grc' dir='ltr'><strong>δο-</strong></span> 
     </span>
    </p>
   </div>
   <div class='ocr_carea' id='block_1_79' title="bbox 2271 2043 3846 2120">
    <p class='ocr_par' dir='ltr' id='par_1_79' title="bbox 2271 2043 3846 2120">
     <span class='ocr_line' id='line_1_79' title="bbox 2271 2043 3846 2120; baseline 0.006 -24"><span class='ocrx_word' id='word_1_617' title='bbox 2271 2043 2494 2107; x_wconf 84' lang='grc' dir='ltr'><strong>κοῦντες</strong></span> <span class='ocrx_word' id='word_1_618' title='bbox 2518 2045 2711 2114; x_wconf 79' lang='grc' dir='ltr'><strong>ἄρχειν</strong></span> <span class='ocrx_word' id='word_1_619' title='bbox 2730 2046 2841 2099; x_wconf 90' lang='grc' dir='ltr'><strong>τῶν</strong></span> <span class='ocrx_word' id='word_1_620' title='bbox 2872 2048 3066 2115; x_wconf 73' lang='grc' dir='ltr'><strong>ἐθνῶν,</strong></span> <span class='ocrx_word' id='word_1_621' title='bbox 3104 2052 3595 2120; x_wconf 76' lang='grc' dir='ltr'><strong>κατακυριεύουσιν</strong></span> <span class='ocrx_word' id='word_1_622' title='bbox 3630 2052 3811 2106; x_wconf 85' lang='grc' dir='ltr'><strong>αὐτῶν</strong></span> <span class='ocrx_word' id='word_1_623' title='bbox 3830 2068 3846 2084; x_wconf 89' lang='grc'><strong>·</strong></span> 
     </span>
    </p>
   </div>
   <div class='ocr_carea' id='block_1_80' title="bbox 2268 2136 3845 2215">
    <p class='ocr_par' dir='ltr' id='par_1_80' title="bbox 2268 2136 3845 2215">
     <span class='ocr_line' id='line_1_80' title="bbox 2268 2136 3845 2215; baseline 0.007 -26"><span class='ocrx_word' id='word_1_624' title='bbox 2268 2136 2361 2189; x_wconf 80' lang='grc' dir='ltr'><strong>καὶ</strong></span> <span class='ocrx_word' id='word_1_625' title='bbox 2385 2138 2433 2189; x_wconf 81' lang='lat' dir='ltr'><strong>oi</strong></span> <span class='ocrx_word' id='word_1_626' title='bbox 2466 2138 2687 2207; x_wconf 78' lang='grc' dir='ltr'><strong>μεγάλοι</strong></span> <span class='ocrx_word' id='word_1_627' title='bbox 2714 2140 2891 2192; x_wconf 82' lang='grc' dir='ltr'><strong>αὐτῶν</strong></span> <span class='ocrx_word' id='word_1_628' title='bbox 2921 2143 3433 2208; x_wconf 67' lang='grc' dir='ltr'><strong>κατεξουσιάζουσιν</strong></span> <span class='ocrx_word' id='word_1_629' title='bbox 3448 2141 3670 2198; x_wconf 70' lang='grc' dir='ltr'><strong>ἀὖτῶν.</strong></span> <span class='ocrx_word' id='word_1_630' title='bbox 3735 2146 3845 2215; x_wconf 80' lang='grc' dir='ltr'><strong>Οὐχ</strong></span> 
     </span>
    </p>
   </div>
   <div class='ocr_carea' id='block_1_81' title="bbox 2266 2227 3847 2309">
    <p class='ocr_par' dir='ltr' id='par_1_81' title="bbox 2266 2227 3847 2309">
     <span class='ocr_line' id='line_1_81' title="bbox 2266 2227 3847 2309; baseline 0.007 -29"><span class='ocrx_word' id='word_1_631' title='bbox 2266 2227 2409 2282; x_wconf 77' lang='grc' dir='ltr'><strong>οὕτω</strong></span> <span class='ocrx_word' id='word_1_632' title='bbox 2458 2228 2513 2281; x_wconf 84' lang='grc' dir='ltr'><strong>δὲ</strong></span> <span class='ocrx_word' id='word_1_633' title='bbox 2559 2230 2713 2283; x_wconf 68' lang='grc' dir='ltr'><strong>ἔσται</strong></span> <span class='ocrx_word' id='word_1_634' title='bbox 2747 2235 2805 2285; x_wconf 79' lang='grc' dir='ltr'><strong>ὲν</strong></span> <span class='ocrx_word' id='word_1_635' title='bbox 2851 2234 3000 2303; x_wconf 79' lang='grc' dir='ltr'><strong>ὑμῖν.</strong></span> <span class='ocrx_word' id='word_1_636' title='bbox 3044 2235 3185 2303; x_wconf 67' lang='grc' dir='ltr'><strong>Ἀλλ’</strong></span> <span class='ocrx_word' id='word_1_637' title='bbox 3212 2236 3270 2298; x_wconf 82' lang='grc' dir='ltr'><strong>ὃς</strong></span> <span class='ocrx_word' id='word_1_638' title='bbox 3304 2236 3400 2289; x_wconf 75' lang='grc' dir='ltr'><strong>ἐὰν</strong></span> <span class='ocrx_word' id='word_1_639' title='bbox 3431 2236 3559 2309; x_wconf 72' lang='grc' dir='ltr'><strong>θέλῃ</strong></span> <span class='ocrx_word' id='word_1_640' title='bbox 3596 2238 3847 2304; x_wconf 77' lang='grc' dir='ltr'><strong>γενέσθαι</strong></span> 
     </span>
    </p>
   </div>
   <div class='ocr_carea' id='block_1_82' title="bbox 2272 2321 3843 2396">
    <p class='ocr_par' dir='ltr' id='par_1_82' title="bbox 2272 2321 3843 2396">
     <span class='ocr_line' id='line_1_82' title="bbox 2272 2321 3843 2396; baseline 0.004 -24"><span class='ocrx_word' id='word_1_641' title='bbox 2272 2321 2441 2389; x_wconf 77' lang='grc' dir='ltr'><strong>μέγας</strong></span> <span class='ocrx_word' id='word_1_642' title='bbox 2476 2323 2533 2374; x_wconf 78' lang='grc' dir='ltr'><strong>ἐν</strong></span> <span class='ocrx_word' id='word_1_643' title='bbox 2578 2325 2741 2392; x_wconf 87' lang='grc' dir='ltr'><strong>ὑμῖν,</strong></span> <span class='ocrx_word' id='word_1_644' title='bbox 2796 2323 2948 2379; x_wconf 75' lang='grc' dir='ltr'><strong>ἔσται</strong></span> <span class='ocrx_word' id='word_1_645' title='bbox 2996 2326 3149 2396; x_wconf 78' lang='grc' dir='ltr'><strong>ὑμῶν</strong></span> <span class='ocrx_word' id='word_1_646' title='bbox 3191 2327 3457 2391; x_wconf 81' lang='grc' dir='ltr'><strong>διάκονος.</strong></span> <span class='ocrx_word' id='word_1_647' title='bbox 3503 2331 3613 2381; x_wconf 72' lang='grc' dir='ltr'><strong>Καὶ</strong></span> <span class='ocrx_word' id='word_1_648' title='bbox 3645 2329 3701 2393; x_wconf 76' lang='grc' dir='ltr'><strong>ὃς</strong></span> <span class='ocrx_word' id='word_1_649' title='bbox 3751 2330 3843 2381; x_wconf 74' lang='grc' dir='ltr'><strong>ἐὰν</strong></span> 
     </span>
    </p>
   </div>
   <div class='ocr_carea' id='block_1_83' title="bbox 2267 2412 3837 2488">
    <p class='ocr_par' dir='ltr' id='par_1_83' title="bbox 2267 2412 3837 2488">
     <span class='ocr_line' id='line_1_83' title="bbox 2267 2412 3837 2488; baseline 0.008 -25"><span class='ocrx_word' id='word_1_650' title='bbox 2267 2412 2395 2483; x_wconf 78' lang='grc' dir='ltr'><strong>θέλῃ</strong></span> <span class='ocrx_word' id='word_1_651' title='bbox 2431 2413 2583 2483; x_wconf 82' lang='grc' dir='ltr'><strong>ὑμῶν</strong></span> <span class='ocrx_word' id='word_1_652' title='bbox 2612 2415 2865 2480; x_wconf 81' lang='grc' dir='ltr'><strong>γενέσθαι</strong></span> <span class='ocrx_word' id='word_1_653' title='bbox 2898 2417 3137 2488; x_wconf 79' lang='grc' dir='ltr'><strong>πρῶτος,</strong></span> <span class='ocrx_word' id='word_1_654' title='bbox 3191 2418 3341 2473; x_wconf 72' lang='grc' dir='ltr'><strong>ἔσται</strong></span> <span class='ocrx_word' id='word_1_655' title='bbox 3375 2422 3604 2474; x_wconf 84' lang='grc' dir='ltr'><strong>πάντων</strong></span> <span class='ocrx_word' id='word_1_656' title='bbox 3632 2422 3837 2481; x_wconf 82' lang='grc' dir='ltr'><strong>δοῦλος.</strong></span> 
     </span>
    </p>
   </div>
   <div class='ocr_carea' id='block_1_84' title="bbox 2267 2503 3842 2582">
    <p class='ocr_par' dir='ltr' id='par_1_84' title="bbox 2267 2503 3842 2582">
     <span class='ocr_line' id='line_1_84' title="bbox 2267 2503 3842 2582; baseline 0.007 -28"><span class='ocrx_word' id='word_1_657' title='bbox 2267 2503 2376 2555; x_wconf 75' lang='grc' dir='ltr'><strong>Καὶ</strong></span> <span class='ocrx_word' id='word_1_658' title='bbox 2404 2504 2512 2573; x_wconf 79' lang='grc' dir='ltr'><strong>γὰρ</strong></span> <span class='ocrx_word' id='word_1_659' title='bbox 2538 2506 2566 2556; x_wconf 85' lang='grc' dir='ltr'><strong>δ</strong></span> <span class='ocrx_word' id='word_1_660' title='bbox 2602 2505 2728 2568; x_wconf 71' lang='lat' dir='ltr'><strong>Tib;</strong></span> <span class='ocrx_word' id='word_1_661' title='bbox 2757 2508 2852 2560; x_wconf 91' lang='grc' dir='ltr'><strong>τοῦ</strong></span> <span class='ocrx_word' id='word_1_662' title='bbox 2887 2508 3179 2579; x_wconf 80' lang='grc' dir='ltr'><strong>ἀνθρώπου</strong></span> <span class='ocrx_word' id='word_1_663' title='bbox 3214 2512 3316 2563; x_wconf 83' lang='grc' dir='ltr'><strong>οὐκ</strong></span> <span class='ocrx_word' id='word_1_664' title='bbox 3343 2506 3475 2582; x_wconf 78' lang='grc' dir='ltr'><strong>ἦλθε</strong></span> <span class='ocrx_word' id='word_1_665' title='bbox 3515 2511 3842 2581; x_wconf 81' lang='grc' dir='ltr'><strong>διακονηθῆ-</strong></span> 
     </span>
    </p>
   </div>
   <div class='ocr_carea' id='block_1_85' title="bbox 2266 2596 3839 2675">
    <p class='ocr_par' dir='ltr' id='par_1_85' title="bbox 2266 2596 3839 2675">
     <span class='ocr_line' id='line_1_85' title="bbox 2266 2596 3839 2675; baseline 0.007 -28"><span class='ocrx_word' id='word_1_666' title='bbox 2266 2611 2376 2659; x_wconf 87' lang='grc' dir='ltr'><strong>ναι,</strong></span> <span class='ocrx_word' id='word_1_667' title='bbox 2399 2596 2536 2648; x_wconf 82' lang='grc' dir='ltr'><strong>ἀλλὰ</strong></span> <span class='ocrx_word' id='word_1_668' title='bbox 2574 2596 2916 2667; x_wconf 82' lang='grc' dir='ltr'><strong>διακονῆσαι,</strong></span> <span class='ocrx_word' id='word_1_669' title='bbox 2944 2601 3040 2653; x_wconf 79' lang='grc' dir='ltr'><strong>καὶ</strong></span> <span class='ocrx_word' id='word_1_670' title='bbox 3068 2601 3251 2656; x_wconf 87' lang='grc' dir='ltr'><strong>δοῦναι</strong></span> <span class='ocrx_word' id='word_1_671' title='bbox 3296 2604 3394 2675; x_wconf 82' lang='grc' dir='ltr'><strong>τὴν</strong></span> <span class='ocrx_word' id='word_1_672' title='bbox 3424 2604 3605 2673; x_wconf 71' lang='grc' dir='ltr'><strong>ψυχὴν</strong></span> <span class='ocrx_word' id='word_1_673' title='bbox 3666 2607 3735 2658; x_wconf 80' lang='grc' dir='ltr'><strong>αὑ</strong></span> <span class='ocrx_word' id='word_1_674' title='bbox 3751 2607 3839 2658; x_wconf 74' lang='grc' dir='ltr'><strong>τοῦ</strong></span> 
     </span>
    </p>
   </div>
   <div class='ocr_carea' id='block_1_86' title="bbox 2266 2683 3843 2765">
    <p class='ocr_par' dir='ltr' id='par_1_86' title="bbox 2266 2683 3843 2765">
     <span class='ocr_line' id='line_1_86' title="bbox 2266 2683 3843 2765; baseline 0.009 -29"><span class='ocrx_word' id='word_1_675' title='bbox 2266 2683 2459 2755; x_wconf 85' lang='grc' dir='ltr'><strong>λύτρον</strong></span> <span class='ocrx_word' id='word_1_676' title='bbox 2482 2688 2600 2739; x_wconf 78' lang='grc' dir='ltr'><strong>ἀντὶ</strong></span> <span class='ocrx_word' id='word_1_677' title='bbox 2626 2688 2859 2743; x_wconf 80' lang='grc' dir='ltr'><strong>πολλῶν.</strong></span> <span class='ocrx_word' id='word_1_678' title='bbox 2899 2710 2917 2742; x_wconf 76' lang='grc' dir='ltr'><strong>ι</strong></span> <span class='ocrx_word' id='word_1_679' title='bbox 2952 2692 3072 2745; x_wconf 82' lang='grc' dir='ltr'><strong>Ἔτι</strong></span> <span class='ocrx_word' id='word_1_680' title='bbox 3112 2694 3469 2764; x_wconf 75' lang='grc' dir='ltr'><strong>ἀνθρωπίνως</strong></span> <span class='ocrx_word' id='word_1_681' title='bbox 3502 2696 3843 2765; x_wconf 78' lang='grc' dir='ltr'><strong>διακείμενοι</strong></span> 
     </span>
    </p>
   </div>
   <div class='ocr_carea' id='block_1_87' title="bbox 2265 2782 3843 2861">
    <p class='ocr_par' dir='ltr' id='par_1_87' title="bbox 2265 2782 3843 2861">
     <span class='ocr_line' id='line_1_87' title="bbox 2265 2782 3843 2861; baseline 0.011 -29"><span class='ocrx_word' id='word_1_682' title='bbox 2265 2782 2318 2833; x_wconf 82' lang='grc' dir='ltr'><strong>οι</strong></span> <span class='ocrx_word' id='word_1_683' title='bbox 2358 2783 2595 2851; x_wconf 82' lang='grc' dir='ltr'><strong>μαθηταὶ</strong></span> <span class='ocrx_word' id='word_1_684' title='bbox 2630 2787 2725 2839; x_wconf 65' lang='grc' dir='ltr'><strong>καὶ⁹</strong></span> <span class='ocrx_word' id='word_1_685' title='bbox 2776 2788 2957 2859; x_wconf 84' lang='grc' dir='ltr'><strong>φθόνῳ</strong></span> <span class='ocrx_word' id='word_1_686' title='bbox 3009 2789 3315 2846; x_wconf 77' lang='grc' dir='ltr'><strong>ὲδάλλοντο.</strong></span> <span class='ocrx_word' id='word_1_687' title='bbox 3358 2795 3449 2845; x_wconf 81' lang='grc' dir='ltr'><strong>Διὸ</strong></span> <span class='ocrx_word' id='word_1_688' title='bbox 3489 2798 3582 2847; x_wconf 77' lang='grc' dir='ltr'><strong>καὶ</strong></span> <span class='ocrx_word' id='word_1_689' title='bbox 3634 2799 3843 2861; x_wconf 77' lang='grc' dir='ltr'><strong>ἀγανα-</strong></span> 
     </span>
    </p>
   </div>
   <div class='ocr_carea' id='block_1_88' title="bbox 2265 2873 3844 2951">
    <p class='ocr_par' dir='ltr' id='par_1_88' title="bbox 2265 2873 3844 2951">
     <span class='ocr_line' id='line_1_88' title="bbox 2265 2873 3844 2951; baseline 0.011 -27"><span class='ocrx_word' id='word_1_690' title='bbox 2265 2873 2453 2925; x_wconf 85' lang='grc' dir='ltr'><strong>κτοῦσι</strong></span> <span class='ocrx_word' id='word_1_691' title='bbox 2488 2876 2629 2928; x_wconf 73' lang='grc' dir='ltr'><strong>κατὰ</strong></span> <span class='ocrx_word' id='word_1_692' title='bbox 2650 2878 2757 2931; x_wconf 84' lang='grc' dir='ltr'><strong>τῶν</strong></span> <span class='ocrx_word' id='word_1_693' title='bbox 2778 2878 2891 2934; x_wconf 81' lang='grc' dir='ltr'><strong>δύο.</strong></span> <span class='ocrx_word' id='word_1_694' title='bbox 2910 2880 3068 2935; x_wconf 75' lang='grc' dir='ltr'><strong>Ἀλλά</strong></span> <span class='ocrx_word' id='word_1_695' title='bbox 3096 2882 3225 2936; x_wconf 78' lang='grc' dir='ltr'><strong>πότε</strong></span> <span class='ocrx_word' id='word_1_696' title='bbox 3248 2900 3266 2950; x_wconf 84' lang='grc'><strong>;</strong></span> <span class='ocrx_word' id='word_1_697' title='bbox 3298 2884 3427 2937; x_wconf 79' lang='grc' dir='ltr'><strong>Ὅτε</strong></span> <span class='ocrx_word' id='word_1_698' title='bbox 3480 2882 3625 2939; x_wconf 74' lang='grc' dir='ltr'><strong>ε’δον</strong></span> <span class='ocrx_word' id='word_1_699' title='bbox 3649 2889 3844 2951; x_wconf 75' lang='grc' dir='ltr'><strong>αὐτοὺς</strong></span> 
     </span>
    </p>
   </div>
   <div class='ocr_carea' id='block_1_89' title="bbox 2268 2965 3838 3045">
    <p class='ocr_par' dir='ltr' id='par_1_89' title="bbox 2268 2965 3838 3045">
     <span class='ocr_line' id='line_1_89' title="bbox 2268 2965 3838 3045; baseline 0.01 -28"><span class='ocrx_word' id='word_1_700' title='bbox 2268 2965 2342 3035; x_wconf 83' lang='grc' dir='ltr'><strong>μὴ</strong></span> <span class='ocrx_word' id='word_1_701' title='bbox 2386 2969 2817 3039; x_wconf 78' lang='grc' dir='ltr'><strong>προσδεχθέντας</strong></span> <span class='ocrx_word' id='word_1_702' title='bbox 2860 2973 2966 3025; x_wconf 83' lang='grc' dir='ltr'><strong>ὑπὸ</strong></span> <span class='ocrx_word' id='word_1_703' title='bbox 3033 2974 3128 3027; x_wconf 90' lang='grc' dir='ltr'><strong>τοῦ</strong></span> <span class='ocrx_word' id='word_1_704' title='bbox 3179 2976 3410 3045; x_wconf 80' lang='grc' dir='ltr'><strong>Κυρίου,</strong></span> <span class='ocrx_word' id='word_1_705' title='bbox 3469 2978 3586 3032; x_wconf 79' lang='grc' dir='ltr'><strong>ἀλλ’</strong></span> <span class='ocrx_word' id='word_1_706' title='bbox 3634 2980 3838 3033; x_wconf 70' lang='grc' dir='ltr'><strong>ὡσανεὶ</strong></span> 
     </span>
    </p>
   </div>
   <div class='ocr_carea' id='block_1_90' title="bbox 2264 3059 3843 3141">
    <p class='ocr_par' dir='ltr' id='par_1_90' title="bbox 2264 3059 3843 3141">
     <span class='ocr_line' id='line_1_90' title="bbox 2264 3059 3843 3141; baseline 0.009 -31"><span class='ocrx_word' id='word_1_707' title='bbox 2264 3059 2637 3125; x_wconf 76' lang='grc' dir='ltr'><strong>ἀπωσθέντας,</strong></span> <span class='ocrx_word' id='word_1_708' title='bbox 2659 3062 2778 3116; x_wconf 82' lang='grc' dir='ltr'><strong>τότε</strong></span> <span class='ocrx_word' id='word_1_709' title='bbox 2806 3065 3229 3132; x_wconf 86' lang='grc' dir='ltr'><strong>ἀγανακτοῦσιν.</strong></span> <span class='ocrx_word' id='word_1_710' title='bbox 3259 3068 3423 3138; x_wconf 81' lang='grc' dir='ltr'><strong>’Δχρι</strong></span> <span class='ocrx_word' id='word_1_711' title='bbox 3455 3070 3558 3141; x_wconf 78' lang='grc' dir='ltr'><strong>μὲν</strong></span> <span class='ocrx_word' id='word_1_712' title='bbox 3594 3072 3706 3139; x_wconf 81' lang='grc' dir='ltr'><strong>γὰρ</strong></span> <span class='ocrx_word' id='word_1_713' title='bbox 3735 3074 3843 3125; x_wconf 62' lang='grc' dir='ltr'><strong>ἔτι·</strong></span> 
     </span>
    </p>
   </div>
   <div class='ocr_carea' id='block_1_91' title="bbox 2274 3148 3841 3230">
    <p class='ocr_par' dir='ltr' id='par_1_91' title="bbox 2274 3148 3841 3230">
     <span class='ocr_line' id='line_1_91' title="bbox 2274 3148 3841 3230; baseline 0.01 -29"><span class='ocrx_word' id='word_1_714' title='bbox 2274 3148 2451 3217; x_wconf 88' lang='grc' dir='ltr'><strong>μῶντο</strong></span> <span class='ocrx_word' id='word_1_715' title='bbox 2483 3152 2587 3204; x_wconf 84' lang='grc' dir='ltr'><strong>ὑπὸ</strong></span> <span class='ocrx_word' id='word_1_716' title='bbox 2604 3152 2699 3205; x_wconf 87' lang='grc' dir='ltr'><strong>τοῦ</strong></span> <span class='ocrx_word' id='word_1_717' title='bbox 2730 3155 2955 3224; x_wconf 76' lang='grc' dir='ltr'><strong>Κυρίου,</strong></span> <span class='ocrx_word' id='word_1_718' title='bbox 2983 3158 3261 3228; x_wconf 72' lang='grc' dir='ltr'><strong>ἠνείχοντο</strong></span> <span class='ocrx_word' id='word_1_719' title='bbox 3282 3159 3357 3230; x_wconf 79' lang='grc' dir='ltr'><strong>μὴ</strong></span> <span class='ocrx_word' id='word_1_720' title='bbox 3382 3161 3841 3228; x_wconf 76' lang='grc' dir='ltr'><strong>ἀγανακτοῦν-τες,</strong></span> 
     </span>
    </p>
   </div>
   <div class='ocr_carea' id='block_1_92' title="bbox 2263 3244 3840 3328">
    <p class='ocr_par' dir='ltr' id='par_1_92' title="bbox 2263 3244 3840 3328">
     <span class='ocr_line' id='line_1_92' title="bbox 2263 3244 3840 3328; baseline 0.011 -34"><span class='ocrx_word' id='word_1_721' title='bbox 2263 3244 2437 3296; x_wconf 88' lang='grc' dir='ltr'><strong>καίτοι</strong></span> <span class='ocrx_word' id='word_1_722' title='bbox 2485 3244 2718 3315; x_wconf 86' lang='grc' dir='ltr'><strong>ὁρῶντες</strong></span> <span class='ocrx_word' id='word_1_723' title='bbox 2772 3248 2970 3314; x_wconf 82' lang='grc' dir='ltr'><strong>αὐτοὺς</strong></span> <span class='ocrx_word' id='word_1_724' title='bbox 3013 3253 3500 3323; x_wconf 66' lang='grc' dir='ltr'><strong>προτιμωμένους·</strong></span> <span class='ocrx_word' id='word_1_725' title='bbox 3539 3255 3732 3328; x_wconf 73' lang='grc' dir='ltr'><strong>ἐπειδὴ</strong></span> <span class='ocrx_word' id='word_1_726' title='bbox 3782 3256 3840 3311; x_wconf 60' lang='grc' dir='ltr'><strong>δὲ</strong></span> 
     </span>
    </p>
   </div>
   <div class='ocr_carea' id='block_1_93' title="bbox 2261 3334 3839 3418">
    <p class='ocr_par' dir='ltr' id='par_1_93' title="bbox 2261 3334 3839 3418">
     <span class='ocr_line' id='line_1_93' title="bbox 2261 3334 3839 3418; baseline 0.011 -33"><span class='ocrx_word' id='word_1_727' title='bbox 2261 3334 2493 3389; x_wconf 78' lang='grc' dir='ltr'><strong>ἐνταῦθα</strong></span> <span class='ocrx_word' id='word_1_728' title='bbox 2525 3338 2678 3390; x_wconf 78' lang='grc' dir='ltr'><strong>αὐτοὶ</strong></span> <span class='ocrx_word' id='word_1_729' title='bbox 2694 3340 2894 3393; x_wconf 78' lang='grc' dir='ltr'><strong>ἐκεῖνοι</strong></span> <span class='ocrx_word' id='word_1_730' title='bbox 2915 3340 3013 3411; x_wconf 79' lang='grc' dir='ltr'><strong>τὴν</strong></span> <span class='ocrx_word' id='word_1_731' title='bbox 3028 3340 3197 3413; x_wconf 73' lang='grc' dir='ltr'><strong>τιμὴν</strong></span> <span class='ocrx_word' id='word_1_732' title='bbox 3212 3344 3504 3413; x_wconf 70' lang='grc' dir='ltr'><strong>ᾐτήσαντο,</strong></span> <span class='ocrx_word' id='word_1_733' title='bbox 3528 3349 3589 3400; x_wconf 74' lang='grc' dir='ltr'><strong>οὗ</strong></span> <span class='ocrx_word' id='word_1_734' title='bbox 3612 3348 3839 3418; x_wconf 64' lang='grc' dir='ltr'><strong>φέρουσι</strong></span> 
     </span>
    </p>
   </div>
   <div class='ocr_carea' id='block_1_94' title="bbox 2258 3424 3843 3508">
    <p class='ocr_par' dir='ltr' id='par_1_94' title="bbox 2258 3424 3843 3508">
     <span class='ocr_line' id='line_1_94' title="bbox 2258 3424 3843 3508; baseline 0.011 -32"><span class='ocrx_word' id='word_1_735' title='bbox 2258 3424 2444 3479; x_wconf 73' lang='grc' dir='ltr'><strong>λοιπὸν</strong></span> <span class='ocrx_word' id='word_1_736' title='bbox 2476 3429 2523 3480; x_wconf 85' lang='lat' dir='ltr'><strong>oi</strong></span> <span class='ocrx_word' id='word_1_737' title='bbox 2555 3428 2754 3484; x_wconf 86' lang='grc' dir='ltr'><strong>λοιποί.</strong></span> <span class='ocrx_word' id='word_1_738' title='bbox 2802 3431 2965 3485; x_wconf 82' lang='grc' dir='ltr'><strong>’Δλλά</strong></span> <span class='ocrx_word' id='word_1_739' title='bbox 3010 3432 3108 3487; x_wconf 88' lang='grc' dir='ltr'><strong>νῦν</strong></span> <span class='ocrx_word' id='word_1_740' title='bbox 3160 3434 3263 3504; x_wconf 74' lang='grc' dir='ltr'><strong>μὲν</strong></span> <span class='ocrx_word' id='word_1_741' title='bbox 3318 3436 3492 3502; x_wconf 74' lang='grc' dir='ltr'><strong>οὕτως</strong></span> <span class='ocrx_word' id='word_1_742' title='bbox 3532 3434 3679 3508; x_wconf 79' lang='grc' dir='ltr'><strong>εῐχον</strong></span> <span class='ocrx_word' id='word_1_743' title='bbox 3718 3441 3843 3494; x_wconf 81' lang='grc' dir='ltr'><strong>ἀτε-</strong></span> 
     </span>
    </p>
   </div>
   <div class='ocr_carea' id='block_1_95' title="bbox 2258 3514 3841 3601">
    <p class='ocr_par' dir='ltr' id='par_1_95' title="bbox 2258 3514 3841 3601">
     <span class='ocr_line' id='line_1_95' title="bbox 2258 3514 3841 3601; baseline 0.011 -34"><span class='ocrx_word' id='word_1_744' title='bbox 2258 3514 2385 3581; x_wconf 77' lang='grc' dir='ltr'><strong>λῶς,</strong></span> <span class='ocrx_word' id='word_1_745' title='bbox 2440 3516 2671 3589; x_wconf 73' lang='grc' dir='ltr'><strong>ὕστερον</strong></span> <span class='ocrx_word' id='word_1_746' title='bbox 2718 3521 2776 3574; x_wconf 72' lang='grc' dir='ltr'><strong>δὲ</strong></span> <span class='ocrx_word' id='word_1_747' title='bbox 2821 3522 2942 3591; x_wconf 72' lang='grc' dir='ltr'><strong>ὄψει</strong></span> <span class='ocrx_word' id='word_1_748' title='bbox 2994 3525 3194 3589; x_wconf 77' lang='grc' dir='ltr'><strong>αὐτοὺς</strong></span> <span class='ocrx_word' id='word_1_749' title='bbox 3258 3528 3354 3582; x_wconf 83' lang='grc' dir='ltr'><strong>καὶ</strong></span> <span class='ocrx_word' id='word_1_750' title='bbox 3392 3528 3501 3581; x_wconf 88' lang='grc' dir='ltr'><strong>τῶν</strong></span> <span class='ocrx_word' id='word_1_751' title='bbox 3547 3530 3841 3601; x_wconf 76' lang='grc' dir='ltr'><strong>πρωτείων</strong></span> 
     </span>
    </p>
   </div>
   <div class='ocr_carea' id='block_1_96' title="bbox 2260 3606 3838 3691">
    <p class='ocr_par' dir='ltr' id='par_1_96' title="bbox 2260 3606 3838 3691">
     <span class='ocr_line' id='line_1_96' title="bbox 2260 3606 3838 3691; baseline 0.011 -34"><span class='ocrx_word' id='word_1_752' title='bbox 2260 3606 2509 3676; x_wconf 79' lang='grc' dir='ltr'><strong>ἀλλήλοις</strong></span> <span class='ocrx_word' id='word_1_753' title='bbox 2549 3610 3013 3681; x_wconf 83' lang='grc' dir='ltr'><strong>παραχωροῦντας</strong></span> <span class='ocrx_word' id='word_1_754' title='bbox 3041 3630 3053 3643; x_wconf 90' lang='grc'>·</span> <span class='ocrx_word' id='word_1_755' title='bbox 3084 3615 3201 3669; x_wconf 85' lang='grc' dir='ltr'><strong>ἀλλ’</strong></span> <span class='ocrx_word' id='word_1_756' title='bbox 3222 3618 3251 3669; x_wconf 80' lang='grc' dir='ltr'><strong>δ</strong></span> <span class='ocrx_word' id='word_1_757' title='bbox 3280 3617 3513 3687; x_wconf 80' lang='grc' dir='ltr'><strong>Χριστὸς</strong></span> <span class='ocrx_word' id='word_1_758' title='bbox 3541 3620 3838 3691; x_wconf 77' lang='grc' dir='ltr'><strong>θεραπεύει</strong></span> 
     </span>
    </p>
   </div>
   <div class='ocr_carea' id='block_1_97' title="bbox 2260 3696 3838 3781">
    <p class='ocr_par' dir='ltr' id='par_1_97' title="bbox 2260 3696 3838 3781">
     <span class='ocr_line' id='line_1_97' title="bbox 2260 3696 3838 3781; baseline 0.013 -34"><span class='ocrx_word' id='word_1_759' title='bbox 2260 3696 2458 3761; x_wconf 78' lang='grc' dir='ltr'><strong>αὐτοὺς</strong></span> <span class='ocrx_word' id='word_1_760' title='bbox 2485 3698 2855 3770; x_wconf 70' lang='grc' dir='ltr'><strong>πρῶτονμὲν,</strong></span> <span class='ocrx_word' id='word_1_761' title='bbox 2886 3707 3291 3776; x_wconf 80' lang='grc' dir='ltr'><strong>καταπραΰνων</strong></span> <span class='ocrx_word' id='word_1_762' title='bbox 3331 3708 3527 3774; x_wconf 80' lang='grc' dir='ltr'><strong>αὐτοὺς</strong></span> <span class='ocrx_word' id='word_1_763' title='bbox 3553 3712 3634 3779; x_wconf 86' lang='grc' dir='ltr'>τῷ</span> <span class='ocrx_word' id='word_1_764' title='bbox 3671 3713 3838 3781; x_wconf 73' lang='grc' dir='ltr'><strong>ἐγγὺς</strong></span> 
     </span>
    </p>
   </div>
   <div class='ocr_carea' id='block_1_98' title="bbox 2260 3788 3839 3876">
    <p class='ocr_par' dir='ltr' id='par_1_98' title="bbox 2260 3788 3839 3876">
     <span class='ocr_line' id='line_1_98' title="bbox 2260 3788 3839 3876; baseline 0.014 -39"><span class='ocrx_word' id='word_1_765' title='bbox 2260 3788 2423 3840; x_wconf 75' lang='grc' dir='ltr'><strong>αὐτοῦ</strong></span> <span class='ocrx_word' id='word_1_766' title='bbox 2445 3793 2915 3859; x_wconf 73' lang='grc' dir='ltr'><strong>προσαγαγέσθαι.</strong></span> <span class='ocrx_word' id='word_1_767' title='bbox 2939 3796 3107 3850; x_wconf 84' lang='grc' dir='ltr'><strong>Τοῦτο</strong></span> <span class='ocrx_word' id='word_1_768' title='bbox 3129 3798 3237 3869; x_wconf 84' lang='grc' dir='ltr'><strong>γὰρ</strong></span> <span class='ocrx_word' id='word_1_769' title='bbox 3265 3814 3517 3871; x_wconf 76' lang='grc' dir='ltr'><strong>σημαίνει</strong></span> <span class='ocrx_word' id='word_1_770' title='bbox 3543 3805 3625 3867; x_wconf 68' lang='grc' dir='ltr'><strong>τὸ,</strong></span> <span class='ocrx_word' id='word_1_771' title='bbox 3671 3821 3839 3876; x_wconf 86' lang='grc' dir='ltr'><strong>προσ-</strong></span> 
     </span>
    </p>
   </div>
   <div class='ocr_carea' id='block_1_99' title="bbox 2257 3878 3839 3965">
    <p class='ocr_par' dir='ltr' id='par_1_99' title="bbox 2257 3878 3839 3965">
     <span class='ocr_line' id='line_1_99' title="bbox 2257 3878 3839 3965; baseline 0.011 -36"><span class='ocrx_word' id='word_1_772' title='bbox 2257 3878 2642 3950; x_wconf 84' lang='grc' dir='ltr'><strong>καλεσάμενος.</strong></span> <span class='ocrx_word' id='word_1_773' title='bbox 2682 3885 2914 3939; x_wconf 80' lang='grc' dir='ltr'><strong>Ἔπειτα</strong></span> <span class='ocrx_word' id='word_1_774' title='bbox 2952 3886 3031 3956; x_wconf 82' lang='grc' dir='ltr'><strong>τῷ</strong></span> <span class='ocrx_word' id='word_1_775' title='bbox 3080 3888 3252 3954; x_wconf 79' lang='grc' dir='ltr'><strong>δείξαι</strong></span> <span class='ocrx_word' id='word_1_776' title='bbox 3277 3928 3293 3954; x_wconf 93' lang='grc'><strong>,</strong></span> <span class='ocrx_word' id='word_1_777' title='bbox 3335 3892 3421 3944; x_wconf 83' lang='grc' dir='ltr'><strong>ὅτι</strong></span> <span class='ocrx_word' id='word_1_778' title='bbox 3462 3894 3522 3947; x_wconf 82' lang='grc' dir='ltr'><strong>τὸ</strong></span> <span class='ocrx_word' id='word_1_779' title='bbox 3564 3894 3839 3965; x_wconf 75' lang='grc' dir='ltr'><strong>ἁρπάζειν</strong></span> 
     </span>
    </p>
   </div>
   <div class='ocr_carea' id='block_1_100' title="bbox 2255 3968 3836 4054">
    <p class='ocr_par' dir='ltr' id='par_1_100' title="bbox 2255 3968 3836 4054">
     <span class='ocr_line' id='line_1_100' title="bbox 2255 3968 3836 4054; baseline 0.011 -32"><span class='ocrx_word' id='word_1_780' title='bbox 2255 3968 2355 4040; x_wconf 75' lang='grc' dir='ltr'><strong>τὴν</strong></span> <span class='ocrx_word' id='word_1_781' title='bbox 2383 3973 2570 4045; x_wconf 85' lang='grc' dir='ltr'><strong>τιμὴν,</strong></span> <span class='ocrx_word' id='word_1_782' title='bbox 2605 3975 2701 4029; x_wconf 77' lang='grc' dir='ltr'><strong>καὶ</strong></span> <span class='ocrx_word' id='word_1_783' title='bbox 2732 3976 2841 4030; x_wconf 87' lang='grc' dir='ltr'><strong>τῶν</strong></span> <span class='ocrx_word' id='word_1_784' title='bbox 2876 3984 3163 4049; x_wconf 84' lang='grc' dir='ltr'><strong>πρωτείων</strong></span> <span class='ocrx_word' id='word_1_785' title='bbox 3193 3984 3326 4054; x_wconf 72' lang='grc' dir='ltr'><strong>ὲρᾷν</strong></span> <span class='ocrx_word' id='word_1_786' title='bbox 3353 4023 3368 4049; x_wconf 92' lang='grc'><strong>,</strong></span> <span class='ocrx_word' id='word_1_787' title='bbox 3399 3983 3616 4039; x_wconf 78' lang='grc' dir='ltr'><strong>ἑθνικόν</strong></span> <span class='ocrx_word' id='word_1_788' title='bbox 3669 3988 3836 4041; x_wconf 76' lang='grc' dir='ltr'><strong>εστιν.</strong></span> 
     </span>
    </p>
   </div>
   <div class='ocr_carea' id='block_1_101' title="bbox 2265 4064 3837 4142">
    <p class='ocr_par' dir='ltr' id='par_1_101' title="bbox 2265 4064 3837 4142">
     <span class='ocr_line' id='line_1_101' title="bbox 2265 4064 3837 4142; baseline 0.013 -29"><span class='ocrx_word' id='word_1_789' title='bbox 2265 4064 2327 4114; x_wconf 88' lang='lat' dir='ltr'><strong>Ol.</strong></span> <span class='ocrx_word' id='word_1_790' title='bbox 2366 4064 2475 4134; x_wconf 84' lang='grc' dir='ltr'><strong>γὰρ</strong></span> <span class='ocrx_word' id='word_1_791' title='bbox 2520 4066 2628 4118; x_wconf 91' lang='grc' dir='ltr'><strong>τῶν</strong></span> <span class='ocrx_word' id='word_1_792' title='bbox 2659 4068 2829 4123; x_wconf 71' lang='grc' dir='ltr'><strong>εθνῶν</strong></span> <span class='ocrx_word' id='word_1_793' title='bbox 2863 4071 3140 4140; x_wconf 80' lang='grc' dir='ltr'><strong>ἄρχοντες,</strong></span> <span class='ocrx_word' id='word_1_794' title='bbox 3185 4074 3385 4129; x_wconf 68' lang='grc' dir='ltr'><strong>ὲκεῖνοι</strong></span> <span class='ocrx_word' id='word_1_795' title='bbox 3416 4076 3837 4142; x_wconf 73' lang='grc' dir='ltr'><strong>ὲξουσιαστικῶς</strong></span> 
     </span>
    </p>
   </div>
   <div class='ocr_carea' id='block_1_102' title="bbox 2257 4154 3841 4240">
    <p class='ocr_par' dir='ltr' id='par_1_102' title="bbox 2257 4154 3841 4240">
     <span class='ocr_line' id='line_1_102' title="bbox 2257 4154 3841 4240; baseline 0.011 -34"><span class='ocrx_word' id='word_1_796' title='bbox 2257 4154 2351 4206; x_wconf 77' lang='grc' dir='ltr'><strong>καὶ</strong></span> <span class='ocrx_word' id='word_1_797' title='bbox 2381 4157 2723 4225; x_wconf 82' lang='grc' dir='ltr'><strong>τυραννικῶς</strong></span> <span class='ocrx_word' id='word_1_798' title='bbox 2775 4162 3199 4232; x_wconf 81' lang='grc' dir='ltr'><strong>προσφέρονται.</strong></span> <span class='ocrx_word' id='word_1_799' title='bbox 3236 4166 3301 4218; x_wconf 86' lang='lat' dir='ltr'><strong>Ol</strong></span> <span class='ocrx_word' id='word_1_800' title='bbox 3340 4166 3398 4218; x_wconf 73' lang='grc' dir='ltr'><strong>δὲ</strong></span> <span class='ocrx_word' id='word_1_801' title='bbox 3434 4169 3562 4237; x_wconf 66' lang='grc' dir='ltr'><strong>ἐμοὶ</strong></span> <span class='ocrx_word' id='word_1_802' title='bbox 3593 4170 3841 4240; x_wconf 73' lang='grc' dir='ltr'><strong>μαθηταὶ</strong></span> 
     </span>
    </p>
   </div>
   <div class='ocr_carea' id='block_1_103' title="bbox 2255 4246 3841 4327">
    <p class='ocr_par' dir='ltr' id='par_1_103' title="bbox 2255 4246 3841 4327">
     <span class='ocr_line' id='line_1_103' title="bbox 2255 4246 3841 4327; baseline 0.013 -29"><span class='ocrx_word' id='word_1_803' title='bbox 2255 4247 2353 4315; x_wconf 82' lang='grc' dir='ltr'><strong>οὐχ</strong></span> <span class='ocrx_word' id='word_1_804' title='bbox 2383 4246 2578 4314; x_wconf 73' lang='grc' dir='ltr'><strong>οὕτως,</strong></span> <span class='ocrx_word' id='word_1_805' title='bbox 2618 4250 2735 4303; x_wconf 85' lang='grc' dir='ltr'><strong>ἀλλ’</strong></span> <span class='ocrx_word' id='word_1_806' title='bbox 2771 4254 2800 4305; x_wconf 82' lang='grc' dir='ltr'>ὁ</span> <span class='ocrx_word' id='word_1_807' title='bbox 2844 4252 3013 4307; x_wconf 69' lang='grc' dir='ltr'><strong>θέλων</strong></span> <span class='ocrx_word' id='word_1_808' title='bbox 3062 4250 3201 4308; x_wconf 73' lang='grc' dir='ltr'><strong>εἶναι</strong></span> <span class='ocrx_word' id='word_1_809' title='bbox 3250 4258 3425 4327; x_wconf 80' lang='grc' dir='ltr'><strong>μέγας</strong></span> <span class='ocrx_word' id='word_1_810' title='bbox 3450 4300 3465 4323; x_wconf 94' lang='grc'><strong>,</strong></span> <span class='ocrx_word' id='word_1_811' title='bbox 3517 4260 3841 4318; x_wconf 83' lang='grc' dir='ltr'><strong>διακονείτω</strong></span> 
     </span>
    </p>
   </div>
   <div class='ocr_carea' id='block_1_104' title="bbox 2255 4344 3836 4426">
    <p class='ocr_par' dir='ltr' id='par_1_104' title="bbox 2255 4344 3836 4426">
     <span class='ocr_line' id='line_1_104' title="bbox 2255 4344 3836 4426; baseline 0.013 -32"><span class='ocrx_word' id='word_1_812' title='bbox 2255 4344 2441 4409; x_wconf 77' lang='grc' dir='ltr'><strong>πᾶσιν,</strong></span> <span class='ocrx_word' id='word_1_813' title='bbox 2501 4347 2623 4399; x_wconf 71' lang='grc' dir='ltr'><strong>ἐπεὶ</strong></span> <span class='ocrx_word' id='word_1_814' title='bbox 2681 4349 2776 4401; x_wconf 71' lang='grc' dir='ltr'><strong>καὶ</strong></span> <span class='ocrx_word' id='word_1_815' title='bbox 2814 4349 2972 4404; x_wconf 88' lang='grc' dir='ltr'><strong>τοῦτο</strong></span> <span class='ocrx_word' id='word_1_816' title='bbox 3025 4353 3267 4424; x_wconf 83' lang='grc' dir='ltr'><strong>μεγάλης</strong></span> <span class='ocrx_word' id='word_1_817' title='bbox 3302 4354 3503 4426; x_wconf 80' lang='grc' dir='ltr'><strong>ψυχῆς,</strong></span> <span class='ocrx_word' id='word_1_818' title='bbox 3531 4359 3593 4411; x_wconf 86' lang='grc' dir='ltr'><strong>τὸ</strong></span> <span class='ocrx_word' id='word_1_819' title='bbox 3624 4360 3836 4414; x_wconf 78' lang='grc' dir='ltr'><strong>πάντων</strong></span> 
     </span>
    </p>
   </div>
   <div class='ocr_carea' id='block_1_105' title="bbox 2259 4434 3840 4520">
    <p class='ocr_par' dir='ltr' id='par_1_105' title="bbox 2259 4434 3840 4520">
     <span class='ocr_line' id='line_1_105' title="bbox 2259 4434 3840 4520; baseline 0.013 -33"><span class='ocrx_word' id='word_1_820' title='bbox 2259 4434 2553 4504; x_wconf 84' lang='grc' dir='ltr'><strong>ἀνέχεσθαι</strong></span> <span class='ocrx_word' id='word_1_821' title='bbox 2592 4441 2687 4493; x_wconf 76' lang='grc' dir='ltr'><strong>καὶ</strong></span> <span class='ocrx_word' id='word_1_822' title='bbox 2734 4442 2868 4495; x_wconf 77' lang='grc' dir='ltr'><strong>πᾶσι</strong></span> <span class='ocrx_word' id='word_1_823' title='bbox 2910 4442 3204 4500; x_wconf 82' lang='grc' dir='ltr'><strong>δουλεύειν.</strong></span> <span class='ocrx_word' id='word_1_824' title='bbox 3239 4446 3351 4499; x_wconf 75' lang='grc' dir='ltr'><strong>Καὶ</strong></span> <span class='ocrx_word' id='word_1_825' title='bbox 3385 4448 3447 4502; x_wconf 67' lang='grc' dir='ltr'><strong>τὸ</strong></span> <span class='ocrx_word' id='word_1_826' title='bbox 3490 4451 3840 4520; x_wconf 72' lang='grc' dir='ltr'><strong>παράδειγμα</strong></span> 
     </span>
    </p>
   </div>
   <div class='ocr_carea' id='block_1_106' title="bbox 3066 4536 3827 4615">
    <p class='ocr_par' dir='ltr' id='par_1_106' title="bbox 3066 4536 3827 4615">
     <span class='ocr_line' id='line_1_106' title="bbox 3066 4536 3827 4615; baseline 0.008 -26"><span class='ocrx_word' id='word_1_827' title='bbox 3066 4536 3159 4590; x_wconf 85' lang='grc' dir='ltr'><strong>τοῦ</strong></span> <span class='ocrx_word' id='word_1_828' title='bbox 3199 4538 3490 4609; x_wconf 82' lang='grc' dir='ltr'><strong>ἀνθρώπου</strong></span> <span class='ocrx_word' id='word_1_829' title='bbox 3531 4542 3636 4596; x_wconf 83' lang='grc' dir='ltr'><strong>οὐκ</strong></span> <span class='ocrx_word' id='word_1_830' title='bbox 3695 4540 3827 4615; x_wconf 81' lang='grc' dir='ltr'><strong>ἦλθε</strong></span> 
     </span>
    </p>
   </div>
   <div class='ocr_carea' id='block_1_107' title="bbox 2258 4619 3833 4708">
    <p class='ocr_par' dir='ltr' id='par_1_107' title="bbox 2258 4619 3833 4708">
     <span class='ocr_line' id='line_1_107' title="bbox 2258 4619 3833 4708; baseline 0.011 -35"><span class='ocrx_word' id='word_1_831' title='bbox 2258 4619 2663 4692; x_wconf 77' lang='grc' dir='ltr'><strong>διακονηθῆναι,</strong></span> <span class='ocrx_word' id='word_1_832' title='bbox 2692 4624 2824 4676; x_wconf 77' lang='grc' dir='ltr'><strong>ἀλλα</strong></span> <span class='ocrx_word' id='word_1_833' title='bbox 2852 4626 3193 4697; x_wconf 84' lang='grc' dir='ltr'><strong>διακονῆσαι,</strong></span> <span class='ocrx_word' id='word_1_834' title='bbox 3212 4631 3306 4683; x_wconf 78' lang='grc' dir='ltr'><strong>καὶ</strong></span> <span class='ocrx_word' id='word_1_835' title='bbox 3331 4631 3514 4688; x_wconf 87' lang='grc' dir='ltr'><strong>δοῦναι</strong></span> <span class='ocrx_word' id='word_1_836' title='bbox 3536 4636 3635 4705; x_wconf 80' lang='grc' dir='ltr'><strong>τὴν</strong></span> <span class='ocrx_word' id='word_1_837' title='bbox 3658 4636 3833 4708; x_wconf 71' lang='grc' dir='ltr'><strong>ψυχὴν</strong></span> 
     </span>
    </p>
   </div>
   <div class='ocr_carea' id='block_1_108' title="bbox 2261 4710 3831 4790">
    <p class='ocr_par' dir='ltr' id='par_1_108' title="bbox 2261 4710 3831 4790">
     <span class='ocr_line' id='line_1_108' title="bbox 2261 4710 3831 4790; baseline 0.014 -28"><span class='ocrx_word' id='word_1_838' title='bbox 2261 4710 2428 4764; x_wconf 84' lang='grc' dir='ltr'><strong>αὐτοῦ</strong></span> <span class='ocrx_word' id='word_1_839' title='bbox 2476 4712 2670 4783; x_wconf 85' lang='grc' dir='ltr'><strong>λύτρον</strong></span> <span class='ocrx_word' id='word_1_840' title='bbox 2701 4715 2821 4768; x_wconf 78' lang='grc' dir='ltr'><strong>ἀντὶ</strong></span> <span class='ocrx_word' id='word_1_841' title='bbox 2849 4717 3081 4783; x_wconf 82' lang='grc' dir='ltr'><strong>πολλῶν,</strong></span> <span class='ocrx_word' id='word_1_842' title='bbox 3112 4720 3140 4773; x_wconf 75' lang='grc' dir='ltr'><strong>ὃ</strong></span> <span class='ocrx_word' id='word_1_843' title='bbox 3174 4722 3360 4790; x_wconf 73' lang='grc' dir='ltr'><strong>μεῖζόν</strong></span> <span class='ocrx_word' id='word_1_844' title='bbox 3389 4727 3505 4779; x_wconf 82' lang='grc' dir='ltr'><strong>ἐστι</strong></span> <span class='ocrx_word' id='word_1_845' title='bbox 3535 4727 3632 4780; x_wconf 89' lang='grc' dir='ltr'><strong>τοῦ</strong></span> <span class='ocrx_word' id='word_1_846' title='bbox 3659 4729 3831 4784; x_wconf 74' lang='grc' dir='ltr'><strong>διακο·</strong></span> 
     </span>
    </p>
   </div>
   <div class='ocr_carea' id='block_1_109' title="bbox 2261 4803 3832 4888">
    <p class='ocr_par' dir='ltr' id='par_1_109' title="bbox 2261 4803 3832 4888">
     <span class='ocr_line' id='line_1_109' title="bbox 2261 4803 3832 4888; baseline 0.013 -34"><span class='ocrx_word' id='word_1_847' title='bbox 2261 4803 2453 4871; x_wconf 83' lang='grc' dir='ltr'><strong>νῆσαι·</strong></span> <span class='ocrx_word' id='word_1_848' title='bbox 2484 4805 2613 4858; x_wconf 86' lang='grc' dir='ltr'><strong>ὅταν</strong></span> <span class='ocrx_word' id='word_1_849' title='bbox 2648 4807 2755 4877; x_wconf 82' lang='grc' dir='ltr'><strong>γάρ</strong></span> <span class='ocrx_word' id='word_1_850' title='bbox 2782 4825 2868 4871; x_wconf 89' lang='grc' dir='ltr'><strong>τις</strong></span> <span class='ocrx_word' id='word_1_851' title='bbox 2903 4810 2963 4863; x_wconf 84' lang='grc' dir='ltr'><strong>οὐ</strong></span> <span class='ocrx_word' id='word_1_852' title='bbox 3014 4812 3177 4882; x_wconf 76' lang='grc' dir='ltr'><strong>μόνον</strong></span> <span class='ocrx_word' id='word_1_853' title='bbox 3219 4814 3541 4888; x_wconf 57' lang='grc' dir='ltr'><strong>διακονήσῃ,</strong></span> <span class='ocrx_word' id='word_1_854' title='bbox 3580 4818 3718 4872; x_wconf 71' lang='grc' dir='ltr'><strong>ἀλλὰ</strong></span> <span class='ocrx_word' id='word_1_855' title='bbox 3750 4825 3832 4874; x_wconf 64' lang='grc' dir='ltr'><strong>καὶ</strong></span> 
     </span>
    </p>
   </div>
   <div class='ocr_carea' id='block_1_110' title="bbox 2261 4896 3834 4981">
    <p class='ocr_par' dir='ltr' id='par_1_110' title="bbox 2261 4896 3834 4981">
     <span class='ocr_line' id='line_1_110' title="bbox 2261 4896 3834 4981; baseline 0.013 -34"><span class='ocrx_word' id='word_1_856' title='bbox 2261 4896 2506 4970; x_wconf 80' lang='grc' dir='ltr'><strong>ἀποθάνῃ</strong></span> <span class='ocrx_word' id='word_1_857' title='bbox 2534 4899 2674 4970; x_wconf 85' lang='grc' dir='ltr'><strong>ὑπὲρ</strong></span> <span class='ocrx_word' id='word_1_858' title='bbox 2703 4901 2793 4953; x_wconf 84' lang='grc' dir='ltr'><strong>τοῦ</strong></span> <span class='ocrx_word' id='word_1_859' title='bbox 2820 4901 3257 4974; x_wconf 77' lang='grc' dir='ltr'><strong>διακονουμένου,</strong></span> <span class='ocrx_word' id='word_1_860' title='bbox 3285 4908 3339 4961; x_wconf 88' lang='grc' dir='ltr'><strong>τί</strong></span> <span class='ocrx_word' id='word_1_861' title='bbox 3362 4910 3559 4964; x_wconf 84' lang='grc' dir='ltr'><strong>τούτου</strong></span> <span class='ocrx_word' id='word_1_862' title='bbox 3595 4915 3781 4981; x_wconf 74' lang='grc' dir='ltr'><strong>μεῖζον</strong></span> <span class='ocrx_word' id='word_1_863' title='bbox 3801 4913 3834 4981; x_wconf 64' lang='grc' dir='ltr'><strong><em>ἦ</em></strong></span> 
     </span>
    </p>
   </div>
   <div class='ocr_carea' id='block_1_111' title="bbox 2262 4986 3831 5075">
    <p class='ocr_par' dir='ltr' id='par_1_111' title="bbox 2262 4986 3831 5075">
     <span class='ocr_line' id='line_1_111' title="bbox 2262 4986 3831 5075; baseline 0.011 -34"><span class='ocrx_word' id='word_1_864' title='bbox 2262 4986 2707 5062; x_wconf 82' lang='grc' dir='ltr'><strong>θαυμασιώτερον</strong></span> <span class='ocrx_word' id='word_1_865' title='bbox 2737 5011 2751 5059; x_wconf 90' lang='grc'>;</span> <span class='ocrx_word' id='word_1_866' title='bbox 2794 4994 2933 5047; x_wconf 81' lang='grc' dir='ltr'><strong>Ἀλλ’</strong></span> <span class='ocrx_word' id='word_1_867' title='bbox 2956 4997 3104 5066; x_wconf 82' lang='grc' dir='ltr'><strong>ὅμως</strong></span> <span class='ocrx_word' id='word_1_868' title='bbox 3167 5000 3198 5069; x_wconf 83' lang='grc' dir='ltr'>ἡ</span> <span class='ocrx_word' id='word_1_869' title='bbox 3228 4999 3543 5071; x_wconf 82' lang='grc' dir='ltr'><strong>διακόνησις</strong></span> <span class='ocrx_word' id='word_1_870' title='bbox 3576 5004 3719 5075; x_wconf 79' lang='grc' dir='ltr'><strong>αῦτη</strong></span> <span class='ocrx_word' id='word_1_871' title='bbox 3747 5007 3831 5061; x_wconf 80' lang='grc' dir='ltr'><strong>καὶ</strong></span> 
     </span>
    </p>
   </div>
   <div class='ocr_carea' id='block_1_112' title="bbox 2262 5081 3834 5159">
    <p class='ocr_par' dir='ltr' id='par_1_112' title="bbox 2262 5081 3834 5159">
     <span class='ocr_line' id='line_1_112' title="bbox 2262 5081 3834 5159; baseline 0.013 -29"><span class='ocrx_word' id='word_1_872' title='bbox 2262 5081 2294 5147; x_wconf 83' lang='grc' dir='ltr'><strong>ἡ</strong></span> <span class='ocrx_word' id='word_1_873' title='bbox 2326 5083 2731 5147; x_wconf 81' lang='grc' dir='ltr'><strong>συγκατάϐασις</strong></span> <span class='ocrx_word' id='word_1_874' title='bbox 2776 5084 2983 5154; x_wconf 77' lang='grc' dir='ltr'><strong>ῦψωσις</strong></span> <span class='ocrx_word' id='word_1_875' title='bbox 3019 5089 3114 5142; x_wconf 74' lang='grc' dir='ltr'><strong>καὶ</strong></span> <span class='ocrx_word' id='word_1_876' title='bbox 3166 5088 3292 5155; x_wconf 77' lang='grc' dir='ltr'><strong>δόξα</strong></span> <span class='ocrx_word' id='word_1_877' title='bbox 3323 5093 3515 5159; x_wconf 74' lang='grc' dir='ltr'><strong>γέγονε</strong></span> <span class='ocrx_word' id='word_1_878' title='bbox 3546 5099 3640 5151; x_wconf 82' lang='grc' dir='ltr'><strong>καὶ</strong></span> <span class='ocrx_word' id='word_1_879' title='bbox 3672 5098 3834 5151; x_wconf 81' lang='grc' dir='ltr'><strong>αὐτοῦ</strong></span> 
     </span>
    </p>
   </div>
   <div class='ocr_carea' id='block_1_113' title="bbox 2260 5171 3833 5258">
    <p class='ocr_par' dir='ltr' id='par_1_113' title="bbox 2260 5171 3833 5258">
     <span class='ocr_line' id='line_1_113' title="bbox 2260 5171 3833 5258; baseline 0.014 -38"><span class='ocrx_word' id='word_1_880' title='bbox 2260 5171 2351 5221; x_wconf 83' lang='grc' dir='ltr'><strong>καὶ</strong></span> <span class='ocrx_word' id='word_1_881' title='bbox 2380 5171 2616 5225; x_wconf 84' lang='grc' dir='ltr'><strong>πάντων.</strong></span> <span class='ocrx_word' id='word_1_882' title='bbox 2642 5174 2778 5243; x_wconf 77' lang='grc' dir='ltr'><strong>Πρὶν</strong></span> <span class='ocrx_word' id='word_1_883' title='bbox 2814 5176 2912 5244; x_wconf 82' lang='grc' dir='ltr'><strong>μὲν</strong></span> <span class='ocrx_word' id='word_1_884' title='bbox 2946 5178 3054 5248; x_wconf 83' lang='grc' dir='ltr'><strong>γὰρ</strong></span> <span class='ocrx_word' id='word_1_885' title='bbox 3082 5180 3339 5247; x_wconf 80' lang='grc' dir='ltr'><strong>γενέσθαι</strong></span> <span class='ocrx_word' id='word_1_886' title='bbox 3364 5184 3672 5256; x_wconf 78' lang='grc' dir='ltr'><strong>ἄνθρωπος,</strong></span> <span class='ocrx_word' id='word_1_887' title='bbox 3710 5190 3833 5258; x_wconf 83' lang='grc' dir='ltr'><strong>παρ’</strong></span> 
     </span>
    </p>
   </div>
   <div class='ocr_carea' id='block_1_114' title="bbox 2260 5260 3830 5349">
    <p class='ocr_par' dir='ltr' id='par_1_114' title="bbox 2260 5260 3830 5349">
     <span class='ocr_line' id='line_1_114' title="bbox 2260 5260 3830 5349; baseline 0.015 -37"><span class='ocrx_word' id='word_1_888' title='bbox 2260 5260 2510 5327; x_wconf 79' lang='grc' dir='ltr'><strong>ἀγγέλοις</strong></span> <span class='ocrx_word' id='word_1_889' title='bbox 2557 5265 2879 5336; x_wconf 77' lang='grc' dir='ltr'><strong>ὲγνωρίζετο</strong></span> <span class='ocrx_word' id='word_1_890' title='bbox 2943 5270 3148 5337; x_wconf 84' lang='grc' dir='ltr'><strong>μόνοις.</strong></span> <span class='ocrx_word' id='word_1_891' title='bbox 3183 5272 3403 5347; x_wconf 80' lang='grc' dir='ltr'><strong>Ἐπειδὴ</strong></span> <span class='ocrx_word' id='word_1_892' title='bbox 3453 5275 3512 5330; x_wconf 70' lang='grc' dir='ltr'><strong>δὲ</strong></span> <span class='ocrx_word' id='word_1_893' title='bbox 3546 5278 3830 5349; x_wconf 77' lang='grc' dir='ltr'><strong>ἄνθρωπος</strong></span> 
     </span>
    </p>
   </div>
   <div class='ocr_carea' id='block_1_115' title="bbox 2262 5350 3837 5441">
    <p class='ocr_par' dir='ltr' id='par_1_115' title="bbox 2262 5350 3837 5441">
     <span class='ocr_line' id='line_1_115' title="bbox 2262 5350 3837 5441; baseline 0.014 -39"><span class='ocrx_word' id='word_1_894' title='bbox 2262 5351 2474 5418; x_wconf 68' lang='grc' dir='ltr'><strong>ἐγένετο</strong></span> <span class='ocrx_word' id='word_1_895' title='bbox 2501 5354 2594 5406; x_wconf 81' lang='grc' dir='ltr'><strong>καὶ</strong></span> <span class='ocrx_word' id='word_1_896' title='bbox 2625 5357 2977 5430; x_wconf 78' lang='grc' dir='ltr'><strong>ἐσταυρώθη,</strong></span> <span class='ocrx_word' id='word_1_897' title='bbox 3006 5362 3067 5413; x_wconf 82' lang='grc' dir='ltr'><strong>οὐ</strong></span> <span class='ocrx_word' id='word_1_898' title='bbox 3095 5362 3263 5433; x_wconf 82' lang='grc' dir='ltr'><strong>μόνην</strong></span> <span class='ocrx_word' id='word_1_899' title='bbox 3297 5367 3514 5437; x_wconf 73' lang='grc' dir='ltr'><strong>ἐκείνην</strong></span> <span class='ocrx_word' id='word_1_900' title='bbox 3544 5370 3645 5441; x_wconf 82' lang='grc' dir='ltr'><strong>τὴν</strong></span> <span class='ocrx_word' id='word_1_901' title='bbox 3676 5350 3837 5438; x_wconf 75' lang='grc' dir='ltr'><strong>δόξαν</strong></span> 
     </span>
    </p>
   </div>
   <div class='ocr_carea' id='block_1_116' title="bbox 2260 5445 3830 5533">
    <p class='ocr_par' dir='ltr' id='par_1_116' title="bbox 2260 5445 3830 5533">
     <span class='ocr_line' id='line_1_116' title="bbox 2260 5445 3830 5533; baseline 0.015 -38"><span class='ocrx_word' id='word_1_902' title='bbox 2260 5445 2392 5514; x_wconf 72' lang='grc' dir='ltr'><strong>ἔχει,</strong></span> <span class='ocrx_word' id='word_1_903' title='bbox 2443 5446 2577 5500; x_wconf 82' lang='grc' dir='ltr'><strong>ἀλλὰ</strong></span> <span class='ocrx_word' id='word_1_904' title='bbox 2616 5448 2707 5501; x_wconf 69' lang='grc' dir='ltr'><strong>καὶ</strong></span> <span class='ocrx_word' id='word_1_905' title='bbox 2735 5450 2929 5519; x_wconf 79' lang='grc' dir='ltr'><strong>ἑτέραν</strong></span> <span class='ocrx_word' id='word_1_906' title='bbox 2982 5456 3285 5523; x_wconf 74' lang='grc' dir='ltr'><strong>προσέλαϐε</strong></span> <span class='ocrx_word' id='word_1_907' title='bbox 3313 5498 3330 5525; x_wconf 93' lang='grc'><strong>,</strong></span> <span class='ocrx_word' id='word_1_908' title='bbox 3374 5460 3470 5512; x_wconf 75' lang='grc' dir='ltr'><strong>καὶ</strong></span> <span class='ocrx_word' id='word_1_909' title='bbox 3518 5456 3704 5532; x_wconf 67' lang='grc' dir='ltr'><strong>πάσης</strong></span> <span class='ocrx_word' id='word_1_910' title='bbox 3735 5464 3830 5533; x_wconf 75' lang='grc' dir='ltr'><strong>τῆς</strong></span> 
     </span>
    </p>
   </div>
   <div class='ocr_carea' id='block_1_117' title="bbox 2262 5538 2916 5610">
    <p class='ocr_par' dir='ltr' id='par_1_117' title="bbox 2262 5538 2916 5610">
     <span class='ocr_line' id='line_1_117' title="bbox 2262 5538 2916 5610; baseline 0.014 -22"><span class='ocrx_word' id='word_1_911' title='bbox 2262 5538 2583 5609; x_wconf 77' lang='grc' dir='ltr'><strong>οἰκουμένης</strong></span> <span class='ocrx_word' id='word_1_912' title='bbox 2616 5539 2916 5610; x_wconf 85' lang='grc' dir='ltr'><strong>βασιλεύει.</strong></span> 
     </span>
    </p>
   </div>
   <div class='ocr_carea' id='block_1_118' title="bbox 2339 5632 3826 5716">
    <p class='ocr_par' dir='ltr' id='par_1_118' title="bbox 2339 5632 3826 5716">
     <span class='ocr_line' id='line_1_118' title="bbox 2339 5632 3826 5716; baseline 0.012 -35"><span class='ocrx_word' id='word_1_913' title='bbox 2339 5648 2358 5681; x_wconf 72' lang='grc' dir='ltr'><strong>ι</strong></span> <span class='ocrx_word' id='word_1_914' title='bbox 2398 5632 2503 5716; x_wconf 67' lang='grc' dir='ltr'><strong>Καὶ</strong></span> <span class='ocrx_word' id='word_1_915' title='bbox 2522 5632 2773 5703; x_wconf 78' lang='grc' dir='ltr'><strong>ἔρχονται</strong></span> <span class='ocrx_word' id='word_1_916' title='bbox 2831 5637 2911 5699; x_wconf 84' lang='grc' dir='ltr'><strong>είς</strong></span> <span class='ocrx_word' id='word_1_917' title='bbox 2955 5634 3197 5708; x_wconf 81' lang='grc' dir='ltr'><strong>Ἰεριχὼ,</strong></span> <span class='ocrx_word' id='word_1_918' title='bbox 3245 5641 3339 5693; x_wconf 72' lang='grc' dir='ltr'><strong>καὶ</strong></span> <span class='ocrx_word' id='word_1_919' title='bbox 3394 5644 3826 5716; x_wconf 67' lang='grc' dir='ltr'><strong>ἐκπορευομένου</strong></span> 
     </span>
    </p>
   </div>
   <div class='ocr_carea' id='block_1_119' title="bbox 2248 5715 3826 5801">
    <p class='ocr_par' dir='ltr' id='par_1_119' title="bbox 2248 5715 3826 5801">
     <span class='ocr_line' id='line_1_119' title="bbox 2248 5715 3826 5801; baseline 0.014 -36"><span class='ocrx_word' id='word_1_920' title='bbox 2248 5715 2427 5779; x_wconf 46' lang='grc' dir='ltr'><strong>,αὑτοῦ</strong></span> <span class='ocrx_word' id='word_1_921' title='bbox 2486 5718 2596 5773; x_wconf 82' lang='grc' dir='ltr'><strong>ἀπὸ</strong></span> <span class='ocrx_word' id='word_1_922' title='bbox 2640 5720 2886 5793; x_wconf 85' lang='grc' dir='ltr'><strong>⁸1εριχῶ,</strong></span> <span class='ocrx_word' id='word_1_923' title='bbox 2939 5726 3033 5780; x_wconf 74' lang='grc' dir='ltr'><strong>καὶ</strong></span> <span class='ocrx_word' id='word_1_924' title='bbox 3086 5726 3199 5780; x_wconf 88' lang='grc' dir='ltr'><strong>τῶν</strong></span> <span class='ocrx_word' id='word_1_925' title='bbox 3240 5729 3501 5801; x_wconf 80' lang='grc' dir='ltr'><strong>μαθητῶν</strong></span> <span class='ocrx_word' id='word_1_926' title='bbox 3541 5715 3708 5788; x_wconf 81' lang='grc' dir='ltr'><strong>αὐτοῦ</strong></span> <span class='ocrx_word' id='word_1_927' title='bbox 3738 5735 3826 5790; x_wconf 74' lang='grc' dir='ltr'><strong>καὶ</strong></span> 
     </span>
    </p>
   </div>
   <div class='ocr_carea' id='block_1_120' title="bbox 2259 5806 3825 5897">
    <p class='ocr_par' dir='ltr' id='par_1_120' title="bbox 2259 5806 3825 5897">
     <span class='ocr_line' id='line_1_120' title="bbox 2259 5806 3825 5897; baseline 0.017 -39"><span class='ocrx_word' id='word_1_928' title='bbox 2259 5806 2415 5876; x_wconf 72' lang='grc' dir='ltr'><strong>ὄχλου</strong></span> <span class='ocrx_word' id='word_1_929' title='bbox 2463 5809 2648 5867; x_wconf 77' lang='grc' dir='ltr'><strong>ἱκανοῦ</strong></span> <span class='ocrx_word' id='word_1_930' title='bbox 2675 5854 2691 5882; x_wconf 96' lang='grc'><strong>,</strong></span> <span class='ocrx_word' id='word_1_931' title='bbox 2740 5815 2855 5881; x_wconf 68' lang='grc' dir='ltr'><strong>υίὸς</strong></span> <span class='ocrx_word' id='word_1_932' title='bbox 2905 5817 3137 5888; x_wconf 81' lang='grc' dir='ltr'><strong>Τιμαίου</strong></span> <span class='ocrx_word' id='word_1_933' title='bbox 3183 5820 3519 5895; x_wconf 68' lang='grc' dir='ltr'><strong>Βαρτίμαιος</strong></span> <span class='ocrx_word' id='word_1_934' title='bbox 3556 5828 3586 5882; x_wconf 83' lang='grc' dir='ltr'><strong>δ</strong></span> <span class='ocrx_word' id='word_1_935' title='bbox 3630 5829 3825 5897; x_wconf 55' lang='lat' dir='ltr'><strong>small;</strong></span> 
     </span>
    </p>
   </div>
  </div>
