4108 6334
322 388 430 450 (30.!

1026 378 1469 442 ENARRATIO
1504 377 1584 438 IN
1625 375 2126 440 EVANGELIUM
2188 373 2453 436 MARCI.
2492 397 2561 409 -·
2597 372 2757 434 CAP.
2802 372 2910 433 XI.

3490 371 3601 438 διο

322 499 567 569 ἐκάθητο
604 494 755 563 παρά
785 494 888 564 τὴν
917 492 1037 546 ὁδὸν
1060 489 1391 563 προσαιτῶν.
1428 488 1539 544 Καὶ
1562 488 1804 552 ἀκούσας
1830 488 1901 542 δτι

2016 486 2111 543 bat
2136 487 2291 557 juxta
2328 486 2469 540 viam
2521 483 2861 539 mendicans.
2904 480 2979 535 Et
3021 497 3142 537 cum
3172 482 3415 537 audisset
3455 486 3599 554 quod

336 585 548 657 Ἰησοῦς
587 585 616 637 6
654 581 974 650 Ναζωραῖός
1002 581 1171 639 ἐστιν,
1206 578 1411 650 ἠρξατο
1437 577 1661 646 κράζειν
1692 578 1783 633 καὶ
1822 578 1910 632 λέο

322 695 466 747 γειν·
503 678 564 731 ’0
588 675 703 741 υίὸς
727 672 895 728 Δαὸὶδ
929 671 1123 743 Ἰησοῦ,
1152 671 1373 738 ἐλέησόν
1398 671 1613 743 με.Κα“ι
1636 670 1914 739 ἐπετίμων

323 770 478 840 αὐτῷ
522 767 704 821 πολλοὶ
761 766 850 821 ἵνα
907 765 1178 838 σιωπήσῃ.
1234 764 1293 817 '0
1356 764 1414 817 δὲ
1472 762 1653 834 πολλῷ
1709 763 1913 833 μᾶλλον

323 858 560 929 ἔκραζεν
583 875 595 888 ·
618 858 720 918 Υίὲ,
742 856 928 920 Δαὸὶδ,
957 854 1178 925 ἐλέησόν
1198 872 1285 925 με.
1322 855 1431 907 Καὶ
1455 854 1585 917 στάς
1614 856 1642 906 6
1680 852 1908 924 Ἰησοῦς,

322 948 479 1006 εἶπεν
507 950 672 1004 αὑτὸν
714 947 1071 1021 φωνηθῆναι·
1114 948 1207 1000 καὶ
1248 946 1501 1015 φωνοῦσι
1549 945 1641 999 τὸν
1688 944 1908 1014 τυφλὸν,

322 1046 574 1113 λέγοντες
601 1042 783 1115 αὐτῷ’
807 1042 1032 1108 Θάρσει,
1058 1040 1258 1111 ἔγειρε,
1287 1042 1455 1109 φωνεῖ
1480 1056 1561 1093 σε.
1597 1038 1658 1092 '0
1678 1038 1755 1103 δὲ,
1778 1038 1912 1091 ἀποο

322 1137 503 1191 ϐαλὼν
532 1136 593 1189 τὸ
626 1137 839 1206 ἱμάτιον
871 1132 1060 1200 αὑτοῦ,
1086 1134 1327 1196 ἀναστάς
1347 1129 1478 1204 ἦλθε
1506 1131 1641 1203 πρὸς
1674 1131 1767 1183 τὸν
1805 1128 1907 1199 Ἰη-

324 1229 472 1282 σοῦν.
509 1228 619 1282 Καὶ
648 1226 968 1297 ἀποκριθεὶς
996 1224 1145 1293 λέγει
1176 1224 1325 1296 αύτῷ
1348 1228 1377 1279 6
1427 1224 1634 1294 Ἰησοῦς
1655 1241 1667 1254 ’
1702 1223 1767 1279 Τί
1822 1221 1910 1275 θέ-

319 1320 437 1383 λεις
497 1322 705 1391 ποιήσω
757 1335 867 1383 σοις
916 1316 973 1371 Ὀ
1009 1317 1067 1371 δὲ
1098 1317 1295 1385 τυφλῦς
1320 1314 1471 1370 εἶπεν
1504 1315 1655 1387 αύτῷ
1686 1331 1701 1347 ο
1743 1313 1910 1368 Ῥασ-

319 1412 496 1478 σουνὶ,
551 1412 637 1467 ἵνα
695 1411 1005 1481 ἀναϐλέψω.
1050 1412 1125 1466 Ὀ·
1154 1412 1212 1464 δὲ
1273 1410 1479 1481 Ἰησοῦς
1527 1406 1683 1463 εἶπεν
1729 1408 1900 1478 αύτῷ-

324 1508 576 1575 ’Υπαγε,
618 1507 651 1577 ὴ
694 1504 874 1568 πίστις
908 1522 1001 1558 σου
1037 1505 1243 1559 σέκωκέ
1290 1522 1369 1558 σε.
1412 1506 1520 1558 Καὶ
1568 1503 1770 1566 εὐθέως
1817 1504 1910 1556 ἀνο

320 1597 516 1667 esteo;
546 1598 641 1651 καὶ
673 1595 958 1663 ἠκολούθει
1010 1596 1088 1667 τῷ
1124 1595 1301 1665 Ἰησοῦ
1340 1597 1398 1647 ὲν
1430 1598 1494 1667 τῇ
1524 1593 1648 1665 ὁδῷ.
1689 1612 1709 1646 ι
1760 1593 1820 1647 '0
1850 1592 1909 1645 δὲ

320 1691 598 1753 Ματῦαῖος
643 1686 736 1741 δύο
770 1687 1004 1756 τυφλοὺς
1032 1688 1179 1756 λέγει
1214 1705 1227 1719 ·
1252 1687 1533 1757 ἐνδέχεται
1558 1686 1614 1739 δὲ
1650 1684 1746 1739 δύο
1806 1684 1906 1754 μὲν

318 1778 463 1835 εἶναι
510 1781 640 1842 τοὺς
705 1778 972 1840 ίαθέντας,
1020 1779 1110 1831 τὸν
1151 1780 1203 1831 δὲ
1250 1780 1677 1846 ἐπιφανέστερον
1725 1777 1906 1830 αὐτῶν

2014 578 2175 635 Jesus
2204 578 2519 634 Nazarenus
2547 586 2716 641 esset,
2776 576 2943 646 coepit
2989 575 3231 630 clamare
3266 587 3323 630 et
3357 576 3538 633 dicere
3584 594 3599 633 :

2014 671 2115 727 Fili
2148 671 2314 726 David
2339 668 2493 735 Jesu,
2530 669 2793 725 miserere
2816 669 2941 723 mei.
2972 666 3035 721 Et
3068 666 3421 737 increpabant
3451 669 3600 724 illum

2017 764 2168 817 nulli
2211 773 2267 817 ut
2325 773 2550 818 taceret.
2612 762 2681 815 At
2732 760 2821 815 ille
2865 760 3035 815 multo
3077 762 3250 831 magis
3278 760 3597 816 clamabat:
3696 829 3703 835 ~

2014 858 2114 912 Fili
2144 857 2331 920 David,
2357 859 2620 910 miserere
2665 854 2795 910 mei.
2830 852 2897 907 Ει
2918 852 3071 909 stetit
3106 850 3305 917 Jesus,
3342 869 3406 908 ac
3430 853 3602 922 jussit

2015 950 2164 1005 illum
2199 949 2378 1003 vocari
2406 966 2421 1015 ;
2447 958 2502 1002 et
2530 956 2727 1002 vocant
2757 961 2986 1012 caecum,
3010 945 3255 1002 dicentes
3280 945 3354 1000 illi
3387 965 3401 1000 :
3451 946 3601 1002 Bono

2013 1044 2195 1098 animo
2210 1050 2364 1098 esto:
2402 1056 2581 1113 surge,
2617 1051 2775 1095 vocat
2808 1050 2877 1095 te.
2917 1038 3010 1095 llle
3030 1053 3160 1095 vero
3193 1040 3403 1106 abjecto
3431 1040 3598 1109 pallio

2014 1152 2113 1193 suo
2133 1137 2391 1199 surrexit,
2425 1136 2642 1190 etvenit
2663 1138 2727 1188 ad
2760 1131 2973 1188 Jesnm.
3009 1131 3075 1186 Et
3096 1132 3433 1203 respondens
3464 1134 3601 1189 dicit

2014 1229 2091 1283 illi
2113 1226 2270 1281 Jesus
2296 1245 2311 1280 :
2342 1225 2484 1292 Quid
2515 1225 2596 1278 vis
2623 1224 2817 1278 faciam
2852 1224 2951 1277 tibi
2975 1224 3000 1276 ?
3029 1222 3221 1279 Czecus
3254 1233 3437 1279 autem
3461 1224 3602 1281 dixit

2013 1322 2100 1377 ei:
2136 1319 2405 1384 Rabboni,
2442 1328 2497 1372 ut
2536 1318 2710 1371 \‘iSllltt
2744 1317 3025 1386 recipiam.
3061 1314 3221 1370 Jesus
3254 1326 3431 1371 autem
3461 1315 3600 1370 dixit

2014 1415 2088 1469 illi
2116 1435 2131 1469 :
2166 1410 2293 1477 Abi,
2325 1411 2459 1466 ﬁdes
2485 1421 2572 1465 tua
2603 1410 2813 1464 salvum
2861 1420 2910 1461 te
2957 1408 3209 1463 reddidit.
3241 1408 3319 1461 Ac
3350 1406 3602 1476 protinus

2012 1504 2219 1575 recepit
2243 1505 2450 1569 visum,
2494 1511 2547 1556 et
2598 1503 2930 1567 sequebatur
2960 1499 3142 1554 Jesnui
3165 1501 3215 1553 in
3256 1501 3361 1553 via.
3400 1516 3419 1550 ι
3456 1498 3601 1552 Mat-

2012 1599 2184 1653 tbaeus
2214 1598 2350 1651 duos
2382 1609 2555 1650 carens
2596 1602 2783 1648 narrat
2816 1610 2827 1645 :
2864 1603 2915 1646 et
2950 1592 3065 1647 fieri
3116 1602 3293 1661 potest
3319 1592 3453 1645 dnos
3476 1590 3597 1660 qui-

2011 1691 2131 1745 dem
2176 1702 2298 1743 esse
2334 1694 2556 1740 sanatos
2582 1724 2596 1747 .
2628 1687 2769 1738 hunc
2812 1693 2995 1737 autem
3057 1697 3123 1736 ex
3165 1683 3273 1736 illis
3308 1682 3597 1736 clariorem

2013 1781 2203 1844 fuisse,
2240 1780 2395 1849 cujus
2443 1793 2586 1833 nunc
2630 1778 2965 1832 mentionem
3005 1775 3135 1829 facit
3173 1774 3406 1829 Marcus.
3460 1772 3597 1828 Vide

318 1874 515 1926 τοίτον
544 1866 684 1926 εἶναι
718 1871 809 1926 τὸν
851 1871 945 1923 νῦν
1000 1871 1151 1941 παρὰ
1192 1870 1269 1938 τῷ
1304 1869 1517 1939 Μάρκῳ
1561 1867 1901 1939 μνημονευό-

2009 1885 2191 1929 autem
2221 1847 2490 1944 quomodo
2516 1873 2685 1926 turba:
2714 1869 2899 1925 Jesum
2934 1876 3285 1933 venerantur,
3324 1868 3398 1922 ita
3425 1874 3483 1921 ut
3513 1866 3597 1921 in-

320 1982 505 2034 μενον.
540 1965 681 2034 Ὅρα
707 1964 762 2018 δὲ
792 1964 911 2027 πῶς
942 1963 1146 2034 τιμῶσι
1176 1962 1269 2015 τὸν
1306 1962 1513 2032 Ἰησοῦν
1540 1962 1635 2014 καὶ
1659 1964 1706 2014 οί
1732 1962 1901 2031 ὄχλοι,

315 2056 456 2109 ὥστε
484 2056 741 2126 ἐπιτιμᾷν
770 2054 848 2125 τῷ
881 2053 1065 2124 τυφλῷ
1098 2053 1313 2125 βοῶντι,
1353 2053 1555 2124 ὠισανεί
1584 2070 1726 2113 τινος
1752 2054 1906 2123 βασι-

314 2146 452 2209 λέως
484 2144 890 2216 παροδεύοντος.
950 2144 1161 2214 Ἐρωτᾷ
1189 2143 1244 2195 δὲ
1291 2142 1456 2197 αὐτὸν
1485 2146 1512 2197 6
1539 2143 1768 2213 Κύριος,
1817 2144 1904 2196 ἵνα

321 2239 487 2309 μήτις
519 2238 648 2308 ετπῃ
677 2237 760 2291 ὅτι
791 2236 924 2290 ἀλλα
956 2236 1262 2305 βουλομένῳ
1320 2236 1455 2288 ἄλλα
1485 2234 1698 2289 δίδωσιν
1728 2240 1755 2288 6
1788 2234 1902 2288 Κύ-

322 2347 455 2402 ριος.
500 2330 808 2399 Εὺγνὼμων
837 2329 893 2382 δὲ
924 2328 1071 2399 ψυχὴ
1106 2327 1198 2381 τοῦ
1228 2327 1467 2394 τυφλοῦο
1507 2329 1636 2395 ὅσγε
1681 2329 1817 2396 μετὰ
1844 2328 1903 2379 τὸ
1948 2321 1954 2327 ’

316 2424 725 2498 θεραπευθῆναι
768 2422 868 2475 οὐκ
907 2422 1086 2491 ἀφῆκε
1112 2424 1203 2472 τδν
1252 2419 1480 2490 Κύριον,
1517 2419 1635 2472 ἀλλ’
1670 2419 1904 2489 ἠκολού-

316 2519 401 2570 θει
417 2515 585 2585 αύτῷ.
608 2514 845 2569 Δύναται
872 2514 929 2567 δὲ
952 2513 1045 2567 καὶ
1062 2511 1423 2579 ἀναγωγικῶς
1445 2511 1702 2581 νοηθῆναι
1720 2510 1897 2563 τοῦτο’

328 2604 541 2677 Ἱεριχὼ
570 2607 598 2658 6
646 2604 809 2667 τόπος
831 2597 987 2666 οὗτος
1022 2603 1051 2655 6
1080 2603 1258 2656 mimi.
1296 2602 1507 2671 Τυφλος
1544 2602 1600 2655 δὲ
1648 2601 1898 2671 καθημε-

314 2714 407 2761 νος
466 2694 705 2750 ἐνταῦθα
743 2696 778 2765 ὴ
812 2694 972 2765 φύσις
1025 2696 1058 2764 ἠ
1098 2692 1416 2763 ἀνθρωπίνη
1444 2734 1458 2756 ,
1493 2693 1614 2763 ἥτις
1666 2693 1781 2756 υίὸς
1830 2686 1899 2763 ἦν

202 2844 205 2845 ,
311 2782 423 2841 τοῦ¹
443 2788 582 2855 ὑπὲρ
609 2788 790 2841 πᾶσαν
820 2785 985 2856 τιμὴν
1013 2783 1171 2839 Θεοῦ.
1204 2784 1350 2854 Αὕτη
1382 2786 1559 2838 τοίνυν
1586 2782 1787 2853 ἔκραζε
1824 2784 1901 2855 τῷ

328 2880 503 2951 Ἰησοῦ
532 2879 621 2933 διὰ
659 2880 757 2949 τῆς
823 2876 1073 2950 Ἱεριχὼ,
1106 2878 1354 2930 τουτέστι
1390 2877 1485 2930 τοῦ
1526 2877 1644 2947 βίου
1684 2878 1898 2942 τούτου,

312 2971 575 3027 ὁδεύοντι.
622 2972 853 3041 Ἦλέησε
910 2970 965 3024 δὲ
1010 2969 1180 3041 αὐτὴν
1233 2970 1329 3023 καὶ
1369 2970 1458 3023 διὰ
1504 2972 1604 3040 τῆς
1659 2969 1899 3032 πίστεως

311 3063 920 3133 ἔσωσεν,ὲκδυσαμένην
932 3068 991 3115 το
1007 3062 1234 3115 παλαιὸν
1250 3064 1265 3113 ί
1274 3062 1466 3131 μάτιον
1481 3060 1578 3130 τῆς
1594 3062 1894 3132 ἁμαρτίας.

2006 1976 2294 2038 creparent
2343 1981 2543 2020 caecum
2575 1966 2926 2027 claimintem,
2980 1962 3133 2031 quasi
3192 1976 3287 2016 rex
3328 1959 3596 2030 quispiam

2007 2076 2328 2145 praeteriret.
2370 2070 2542 2126 Porro
2573 2069 2729 2125 Jesus
2752 2068 2903 2123 illum
2934 2068 3255 2137 interrogat,
3289 2074 3346 2120 ut
3380 2079 3446 2120 ne
3472 2064 3596 2134 quis

2006 2170 2158 2230 putet
2199 2162 2345 2231 quod
2403 2160 2492 2214 ille
2534 2158 2638 2213 alia
2692 2158 2947 2223 voluerit,
2976 2157 3229 2212 Christus
3275 2165 3457 2211 autem
3488 2154 3594 2210 alia

2005 2254 2237 2309 dederit.
2254 2250 2407 2307 Grati
2438 2258 2622 2305 autem
2647 2250 2809 2303 animi
2834 2264 3012 2305 caicus
3026 2257 3170 2314 erat,
3188 2248 3281 2318 qui
3301 2252 3592 2318 postquam

2004 2369 2226 2416 sanatus
2251 2368 2355 2424 est,
2380 2355 2565 2412 Jesum
2601 2371 2705 2411 non
2727 2357 2971 2421 dimisit,
2999 2356 3094 2411 sed
3148 2364 3373 2412 secutus
3404 2364 3493 2410 est
3524 2354 3595 2409 il—

2006 2454 2137 2507 lum.
2189 2450 2305 2506 lam
2351 2460 2407 2504 et
2456 2464 2551 2518 per
2588 2463 2868 2518 auagogen
2922 2447 3226 2516 intelligere
3250 2460 3591 2517 possumus:

2002 2541 2221 2597 Iericho
2271 2541 2420 2596 locus
2467 2540 2569 2596 iste
2604 2540 2829 2593 inferior
2853 2546 2984 2593 est:
3026 2544 3203 2593 caicus
3258 2546 3436 2592 autem
3499 2536 3591 2605 qui

2004 2635 2158 2691 sede’t
2186 2635 2287 2688 boc
2315 2633 2454 2697 loco,
2493 2632 2726 2703 humana
2754 2639 2837 2686 est
2870 2639 3064 2685 natura
3091 2668 3106 2695 ,
3150 2642 3270 2699 qua
3299 2628 3449 2692 ﬁlius
3477 2636 3598 2683 erat

2004 2724 2124 2789 Dei,
2160 2724 2250 2793 qui
2308 2737 2524 2776 omnem
2579 2732 2803 2791 superat
2851 2721 3223 2790 dignitatem.-
3262 2716 3372 2774 ista
3427 2718 3596 2789 igitur

2003 2816 2275 2872 clamabat
2315 2818 2382 2869 ad
2415 2813 2623 2880 Jesum,
2662 2830 2756 2884 per
2788 2814 3067 2878 Hiericho,
3130 2813 3183 2867 id
3217 2822 3302 2868 est
3332 2813 3476 2867 hanc
3508 2812 3596 2865 vi-

2005 2919 2139 2974 tam,
2170 2916 2411 2963 euntem.
2434 2908 2805 2962 Misericordia
2836 2916 3018 2960 autem
3057 2916 3236 2960 motus
3264 2918 3396 2973 erga
3420 2903 3593 2968 illam.

2004 3012 2058 3057 et
2087 3012 2305 3073 propter
2336 3001 2520 3065 tidem,
2553 3000 2759 3054 salvam
2791 3013 2911 3052 eam
2965 2997 3124 3063 fecit,
3161 2995 3252 3051 ubi
3282 3006 3435 3050 vetus
3465 3010 3595 3064 pec-

2004 3095 2110 3147 cati
2135 3094 2514 3147 vestimentum
2565 3090 2741 3144 exuit.
2785 3088 3010 3144 Servata
3056 3098 3239 3143 autem
3284 3095 3474 3141 secuta
3507 3096 3596 3142 est

313 3156 557 3215 Σωθεῖσα
571 3156 627 3208 δὲ
642 3154 1006 3224 ἠκολούθησεν
1020 3153 1187 3223 αὐτῷ,
1209 3154 1549 3225 ἐργαζομένη
1568 3156 1664 3217 τάς
1681 3153 1901 3217 ἐντολὰς

2006 3185 2181 3247 illum,
2215 3182 2466 3237 faciendo
2483 3183 2734 3237 mandata
2759 3183 2810 3236 iu
2833 3181 2942 3245 via,
2968 3181 3072 3235 hoc
3106 3188 3188 3236 est
3242 3180 3296 3235 in
3329 3180 3433 3236 hac
3461 3180 3593 3235 vita.

309 3250 373 3303 ιν
408 3252 473 3320 τῇ
516 3248 645 3318 ὁδῷ,
698 3247 976 3300 τουτέστιν
1025 3249 1083 3299 ὲν
1134 3246 1211 3313 τῷ
1262 3244 1361 3316 βίῳ
1394 3248 1590 3317 τούτῳ,
1634 3245 1899 3299 Ἐνταῦθα

311 3342 424 3413 γὰρ
471 3342 617 3394 ἔστιν
651 3339 1014 3411 ἀκολουθῆσαι
1051 3338 1129 3407 τῷ
1154 3339 1375 3411 Χριστῷ
1407 3354 1422 3371 ⁸
1453 3340 1592 3407 μετά
1631 3339 1689 3393 δὲ
1730 3340 1907 3397 ταῦτα

309 3433 690 3523 ἀποκλείονται
722 3432 922 3495 πάντες
959 3430 1054 3485 τοῦ
1094 3430 1421 3501 ἐργάζεσθαι
1454 3431 1554 3497 τάς
1596 3433 1839 3498 ἐντολάς.

908 3543 1163 3598 ΚΕΦΑΛ.
1226 3544 1337 3597 IA':

309 3657 452 3727 Περὶ
480 3650 858 3728 τοῦᾲπῶλου.
907 3657 1048 3726 Περὶ
1078 3656 1185 3722 τῆς
1224 3656 1635 3726 ξηρανθείσης
1672 3658 1897 3728 συκῆς.

383 3724 523 3795 Περὶ
551 3724 667 3781 τῶν
685 3724 1096 3796 ἐκϐληθέντων
1114 3729 1181 3780 ἐκ
1204 3729 1308 3780 τοι)
1332 3728 1493 3794 ἱεροῦ
1519 3724 1894 3796 τραπεζῖτῶκ.

381 3798 523 3864 Περὶ
574 3797 679 3850 τοῦ
733 3794 1190 3868 θάρσουςίπρρς
1226 3797 1334 3850 τὸν
1389 3794 1558 3852 Θεόνζ
1593 3802 1732 3867 Περὶ
1786 3800 1898 3868 τῆς

380 3867 842 3936 ἀμνησικακίας.
887 3867 1023 3933 Περὶ
1086 3866 1205 3919 τῶν
1227 3866 1736 3936 ἐπερωτησάντων
1784 3866 1892 3923 τὸν

384 3938 602 4004 Κύριον
632 3936 957 4004 ἀρχιερέων
984 3936 1083 3989 καὶ
1104 3937 1549 4006 πρεσϐυτέρων,

382 4051 493 4104 Καὶ
519 4051 608 4102 ὅτε
638 4049 945 4117 ἐγγίζουσιν
972 4049 1051 4111 εἰς
1089 4047 1482 4119 Ἰερουσαλὴμ,
1517 4048 1595 4109 εί,
1634 4047 1894 4120 Βεθφαγὴ

306 4144 407 4197 καὶ
427 4140 697 4211 Βηθανίαν
739 4140 875 4211 πρὸς
905 4139 966 4194 :6
1003 4140 1127 4212 ὅρος
1151 4141 1260 4193 τῶν
1290 4141 1542 4203 Ἐλαιῖλν,
1578 4141 1900 4196 ἀποστέλλει

2019 3274 2118 3329 Hic
2158 3276 2301 3328 enim
2333 3288 2620 3343 possumus
2646 3274 2796 3342 sequi
2840 3272 3115 3327 Christum
3149 3287 3163 3324 :
3195 3279 3384 3339 postea
3411 3278 3594 3325 autem

2014 3368 2379 3422 excluduntur
2422 3380 2613 3419 omnes
2652 3379 2680 3419 a
2720 3362 3102 3418 mandatorum
3144 3362 3483 3433 operatione.

2604 3542 2836 3599 CAPUT
2866 3541 2957 3596 XI.

1999 3662 2164 3732 230
2196 3660 2268 3714 De
2296 3660 2463 3727 pullo.
2501 3658 2573 3732 D_e
2603 3658 2840 3732 arefacta
2882 3656 3007 3732 ﬁcu.
3054 3655 3127 3710 De
3161 3656 3359 3732 [μσςιῇ
3398 3672 3430 3732 ς
3458 3666 3595 3711 (em-

2070 3726 2158 3802 ἱ)τό
2196 3726 2488 3802 trapezitis.
2521 3727 2599 3802 De
2625 3728 2823 3793 ﬁducia
2856 3731 2908 3779 in
2938 3730 3125 3802 Deum.
3166 3726 3241 3781 De
3264 3727 3591 3802 injuriarum

2072 3799 2347 3856 obivioue.
2399 3800 2471 3852 De
2502 3800 2826 3867 principibus
2867 3799 3238 3869 sacerdomm,
3272 3809 3321 3852 et
3370 3799 3588 3869 presby-

2070 3876 2197 3926 teris
2235 3871 2518 3923 Dominum
2560 3868 3005 3937 interrogantibus

2067 4049 2235 4106 Vsus.
2272 4048 2383 4103 l-6.
2412 4066 2428 4098 ι
2467 4046 2532 4099 Ει
2560 4060 2683 4099 cum
2716 4045 3156 4114 appropinquant
3194 4043 3590 4114 Hierosolymis

1998 4146 2062 4199 ad
2084 4143 2401 4212 Betbphage
2416 4150 2469 4194 et
2497 4137 2812 4193 Bethaniam
2837 4138 2993 4207 juxta
3021 4148 3257 4191 montem
3285 4137 3587 4203 Olivarum,

301 4234 403 4289 δύο
435 4234 543 4286 τῶν
577 4232 833 4303 μαθητῶν
860 4231 1153 4297 αύτοῦ,κ]ι“ι
1185 4232 1334 4299 λέγει
1368 4233 1549 4295 αὐτοῖς
1581 4231 1888 4300 ’Ὑπάγετε

2004 4235 2198 4291 emittit
2225 4235 2361 4289 duos
2401 4248 2431 4287 e
2463 4232 2751 4302 discipulis
2799 4230 2939 4297 suis,
2968 4231 3176 4286 etdicit
3217 4231 3327 4285 illis
3362 4248 3376 4285 :
3424 4232 3590 4288 Abite

306 4326 389 4388 εἰς
427 4325 525 4394 τὴν
584 4324 775 4393 κώμην
814 4322 912 4393 τὴν
964 4322 1257 4375 κατέναντι
1309 4322 1501 4391 ὑμῶν’
1549 4324 1644 4375 καὶ
1690 4323 1893 4386 εὐθέως

308 4416 757 4489 είσπορευόμενοι
806 4415 887 4479 είς
917 4414 1112 4484 αὐτὴν,
1147 4415 1413 4485 εὑρήσετε
1461 4415 1645 4468 πῶλον
1678 4415 1898 4486 δεδεμέὲ

307 4526 422 4573 νον,
458 4508 543 4577 ἐφ’
574 4507 635 4560 6v
660 4506 833 4569 οὐδεὶς
863 4505 1166 4576 ἀνθρώπων
1193 4506 1469 4560 κεκάθικε.
1499 4507 1772 4571 Λύσαντες
1798 4509 1896 4561 αύ-

2006 4512 2183 4575 nullus
2224 4510 2504 4564 hominum
2539 4510 2678 4564 sedit
2723 4524 2736 4561 :

306 4603 399 4655 τὸν
452 4602 715 4668 ἀγάγετε,
759 4599 854 4650 καὶ
913 4598 1007 4651 ὲάν
1038 4615 1120 4660 τις
1172 4598 1299 4666 ὑμῖν
1350 4598 1483 4670 εἴπῃ
1514 4614 1528 4629 ·
1572 4599 1636 4650 Τί
1686 4601 1889 4652 ποιεῖτε

304 4694 506 4757 τοῦτο;
550 4695 741 4745 είπατε
772 4692 855 4743 ὃτι
898 4692 925 4743 6
954 4689 1157 4760 Κύριος
1190 4690 1355 4742 αὑτοῦ
1392 4690 1582 4761 χρείαν
1620 4692 1755 4760 ἔχει,
1801 4693 1892 4745 καὶ

305 4787 510 4849 εὐθέως
534 4786 695 4840 αὑτὸν
724 4783 1017 4836 ἀποστελεῖ
1047 4778 1174 4836 ὦδε.
1222 4781 1493 4851 Ἀπῆλθον
1520 4782 1595 4847 δὲ,
1625 4784 1716 4835 καὶ
1739 4778 1896 4855 εὗρον

304 4878 487 4932 πῶλον
508 4876 789 4946 δεδεμένον
808 4876 940 4945 πρὸς
965 4876 1063 4947 τὴν
1099 4873 1270 4943 θύραν
1294 4873 1418 4939 ἔξω,
1471 4875 1564 4927 ἐπὶ
1596 4876 1693 4945 τῆς
1724 4878 1879 4945 ἀμφ-

304 4971 455 5036 όδου,
486 4972 581 5025 καὶ
659 4969 880 5022 λύουσιν
912 4968 1097 5021 αὐτόν.
1128 4967 1234 5020 Καί
1268 4984 1413 5030 τινες
1452 4966 1561 5019 τῶν
1590 4971 1707 5019 ἐκεῖ
1732 4969 1893 5037 ἐστηο

306 5066 485 5118 κότων
522 5063 708 5131 ελεγον
732 5063 911 5123 αὐτοῖς
936 5078 948 5091 ·
972 5061 1037 5113 Τί
1066 5064 1269 5115 ποιεῖτε
1299 5060 1516 5124 λύοντες
1554 5062 1645 5115 τὸν
1680 5058 1894 5127 πῶλον;

304 5158 373 5230 Οἱ
400 5155 457 5209 δὲ
488 5152 642 5208 εἶπον
684 5154 865 5215 αὐτοῖς
888 5192 904 5217 ,
935 5151 1115 5216 καθὼς
1167 5152 1468 5206 ἐνετείλατο
1518 5155 1694 5217 αὐτοῖς
1726 5156 1754 5206 6
1794 5152 1898 5225 Ἰη-

307 5248 459 5314 σοῦς,
488 5249 584 5301 καὶ
611 5248 832 5316 ἀφῆκαν
864 5245 1081 5309 αὐτούς.
1121 5263 1139 5296 ι
1174 5244 1443 5308 Πολλάκις
1469 5246 1566 5316 μὲν
1584 5247 1678 5300 καὶ
1705 5245 1894 5300 ἀλλοτε

301 5335 471 5410 ἦλθεν
502 5338 581 5399 εις
630 5336 1017 5406 Ἱεροσόλυμα,
1053 5333 1170 5389 ἀλλ’
1216 5334 1471 5390 οὐδέποτε
1515 5336 1653 5406 μετά
1696 5337 1893 5391 τοσαύ-

303 5446 407 5499 της
458 5427 857 5499 περιφινείας,
912 5426 1031 5497 μεθ’
1065 5427 1200 5496 ὅσης
1250 5425 1367 5481 νῦν.
1416 5426 1616 5499 Πρώην
1652 5428 1750 5496 μὲν
1786 5428 1893 5499 γάρ

304 5520 615 5586 ἐκρύπτετο
635 5517 724 5571 διά
749 5517 841 5571 τὸν
871 5516 1065 5586 φθόνον
1099 5516 1304 5571 αὐτῶν·
1346 5517 1440 5571 νῦν
1467 5519 1545 5583 δὲ,
1582 5518 1769 5591 ἐπειδὴ
1797 5520 1891 5573 τοῦ

306 5610 519 5673 πάθους
547 5610 850 5680 ἐφέστηκεν
896 5610 923 5661 6
942 5607 1157 5679 καιρὸς,
1184 5608 1243 5661 ὃν
1288 5608 1450 5673 αὐτὸς
1494 5609 1671 5677 ἑαυτῷ
1699 5608 1890 5681 ὥρισε,

304 5701 691 5772 ῖαμπρότερον
729 5701 952 5771 ἔρχεται
980 5741 995 5766 ,
1064 5700 1297 5756 ἴνωὲάν
1347 5702 1447 5769 μὲν
1480 5702 1707 5768 θέλωσι,
1762 5720 1890 5757 συνο

300 5806 487 5884 ήσωσι
512 5794 611 5866 τὴν
646 5793 801 5859 δόξαν
844 5792 1029 5863 αὑτοῦ,
1072 5794 1167 5851 καὶ
1194 5795 1300 5851 ἀπὸ
1327 5794 1439 5852 τῶν
1464 5796 1552 5850 ἐπ’
1577 5794 1726 5868 αὐτῷ
1755 5813 1891 5869 προ-

1998 4329 2052 4382 ia
2085 4328 2262 4382 vicum
2302 4326 2391 4394 qui
2426 4334 2615 4379 contra
2649 4340 2745 4378 vos
2772 4334 2875 4389 est,
2914 4332 2968 4378 et
3006 4324 3193 4379 statim
3217 4323 3591 4393 ingredientes

2000 4422 2050 4474 in
2103 4420 2273 4485 illum,
2311 4417 2600 4471 invenietis
2641 4416 2844 4485 pullum
2889 4415 3385 4487 alligatum,supra
3422 4430 3587 4485 quem

2794 4508 2989 4563 solvite
3016 4524 3164 4573 eum,
3199 4518 3253 4562 et
3290 4508 3543 4564 adducite
3574 4526 3587 4561 :

2002 4615 2054 4659 et
2081 4606 2121 4657 si
2156 4604 2278 4673 quis
2296 4604 2453 4659 vobis
2484 4602 2681 4656 dixerit
2711 4643 2725 4667 ,
2759 4600 2868 4655 Cur
2890 4600 3070 4656 facitis
3095 4601 3420 4663 boc‘ldicite
3443 4602 3590 4678 quod

2002 4696 2259 4749 Dominus
2300 4710 2367 4749 eo
2420 4710 2555 4764 opus
2601 4695 2765 4748 habet
2800 4714 2812 4748 :
2851 4701 2902 4748 et
2928 4695 3190 4749 continuo
3230 4693 3378 4747 illum
3412 4696 3593 4749 mittet

2001 4790 2129 4841 huc.
2165 4787 2430 4841 Abierunt
2458 4794 2661 4849 autem,
2712 4796 2767 4839 et
2801 4785 3128 4839 invenerunt
3160 4785 3362 4855 pullum
3395 4786 3593 4855 alliga-

2000 4890 2111 4933 tum
2150 4878 2304 4949 juxta
2332 4879 2556 4948 januam
2600 4878 2735 4933 foris
2774 4880 2827 4932 in
2864 4880 3031 4945 bivio,
3079 4889 3134 4934 et
3166 4880 3386 4934 solvunt
3414 4879 3588 4944 illum.

1998 4972 2065 5024 Et
2104 4970 2344 5023 nonnulli
2377 4983 2569 5022 eorum
2605 4971 2692 5036 qui
2731 4968 2837 5023 illic
2872 4972 3115 5035 stabant,
3152 4971 3406 5025 dicebant
3439 4970 3587 5026 illis:

1998 5062 2137 5129 Quid
2173 5059 2351 5114 facitis
2380 5061 2655 5114 solventes
2692 5061 2937 5127 pullum?
2976 5063 3043 5114 At
3080 5063 3156 5115 illi
3200 5063 3461 5117 dixerunt
3506 5065 3587 5119 eis

1997 5154 2455 5225 quemadmodum
2491 5154 2625 5221 ipsis
2654 5162 2985 5222 praeceperat
3018 5153 3178 5209 Je~us
3199 5195 3212 5217 ,
3240 5165 3293 5207 et
3324 5154 3584 5210 sinebant

1998 5248 2137 5303 illos.
2175 5265 2193 5298 ι
2232 5246 2386 5317 Saepe
2428 5247 2590 5299 etiam
2642 5248 2778 5300 alias
2822 5248 2972 5300 venit
3005 5244 3465 5317 Hierosolymam,
3491 5248 3586 5301 sed

1997 5354 2273 5408 nunquam
2306 5352 2427 5392 cuin
2465 5349 2615 5392 tanta
2650 5340 2954 5409 majestate,
2984 5349 3188 5407 quanta
3218 5354 3392 5393 nunc.
3426 5338 3588 5395 Prius

1994 5430 2212 5498 quidem
2244 5428 2596 5484 delitescebat
2624 5438 2846 5497 propter
2877 5427 3137 5481 invidiam
3160 5428 3413 5488 illorum:
3439 5445 3585 5483 nunc

1994 5534 2200 5586 autem,
2228 5522 2352 5591 quia
2386 5522 2662 5592 passionis
2697 5531 2907 5590 tempus
2926 5522 3138 5587 aderat,
3166 5523 3309 5593 quod
3340 5521 3459 5591 ipse
3478 5521 3584 5575 sibi

1995 5617 2392 5687 praetiniverat,
2435 5614 2637 5670 clarior
2686 5615 2833 5669 venit
2878 5632 2892 5668 :
2933 5623 2993 5668 ut
3032 5616 3076 5669 si
3117 5615 3305 5681 velint,
3350 5616 3578 5686 gloriam

1993 5706 2111 5777 ejus
2146 5707 2483 5777 intelligant,
2538 5713 2596 5761 et
2640 5720 2706 5761 ex
2752 5706 3051 5775 prophetiis
3083 5722 3203 5776 quae
3235 5708 3289 5763 in
3337 5707 3578 5780 ipsoim-

1993 5801 2149 5873 plctae
2182 5808 2362 5870 erant,
2395 5809 2696 5873 agnoscant
2718 5814 2840 5856 eum
2871 5813 2995 5857 esse
3022 5800 3194 5858 Deum
3242 5818 3467 5873 verum;
3491 5801 3578 5859 sin
