4108 6334
600 378 700 447 θιι

1507 371 2084 441 THEOPHYLACTI
2122 367 2535 435 BULGARI.E
2566 366 2914 430 ARCHIEP.

3736 366 3842 431 612

601 494 809 559 nolint,
867 490 923 546 in
969 486 1225 558 majorem
1273 487 1773 543 condemnationem
1819 500 2010 541 eorum
2068 485 2160 546 sit,

2286 480 2508 551 ρητειῶν
2542 480 2938 559 τελειουμένων
2997 477 3293 550 ιπιγνῶσιν
3336 478 3419 534 ὃτι
3462 478 3671 551 ἀληθὴς
3704 480 3841 546 Sed;

604 582 747 651 quod
782 579 947 635 etiam
997 587 1125 633 tam.
1151 575 1316 632 claris
1356 576 1631 632 miraculis
1664 591 1770 631 non
1809 576 2163 631 crediderim.

606 670 742 727 Vide
767 672 905 726 enim
936 677 1068 738 quot
1098 668 1207 724 sint
1235 668 1321 723 hic
1349 666 1607 721 miracula
1647 682 1769 737 qua
1806 667 1887 722 eis
1916 666 2020 722 hoc
2052 666 2168 721 loco

606 763 824 818 dixerit.
854 759 1001 816 Dixit
1028 762 1145 817 eis:
1175 759 1463 815 Invenietis
1480 760 1720 829 pullum;
1759 759 1895 815 dixit
1921 774 2017 815 eos
2049 774 2170 827 pro-

608 853 833 911 hibitum
864 850 951 923 iri,
982 860 1038 906 et
1068 850 1264 906 deinde
1290 864 1411 903 cum
1453 851 1696 906 dicerent
1722 868 1734 903 :
1772 848 2031 905 Dominus
2077 848 2169 903 illo

606 957 742 1013 opus
794 943 993 1010 habet,
1040 935 1612 997 dixit'dimittendum.
1656 933 1982 1007 Neutiquam
2021 939 2169 993 enim

506 1100 513 1108 ,
605 1035 709 1091 hoc
753 1048 942 1105 parum
980 1033 1182 1089 fuisset
1226 1032 1484 1103 apostolis
1527 1032 1764 1103 permitti
1800 1038 1861 1085 ut
1895 1029 2171 1085 abducant

607 1126 834 1197 pullum,
886 1124 992 1179 nisi
1047 1124 1227 1179 divina
1274 1125 1518 1193 quaedam
1551 1125 1723 1179 virtus
1748 1120 1999 1177 dominos
2038 1119 2167 1192 pulli

609 1216 899 1288 adegisset,
919 1215 1216 1285 praesertim
1245 1229 1534 1285 pauperes.‘
1548 1224 1601 1268 et
1620 1212 1883 1284 agricolas
1898 1208 2170 1279 fortassis,

607 1318 668 1364 ut
708 1307 905 1363 animal
928 1306 1057 1361 illud
1103 1307 1459 1367 dimitterent.
1494 1306 1744 1361 Attamen
1797 1306 1945 1361 disce
1989 1304 2173 1360 Domi-

608 1417 737 1458 num
774 1402 825 1457 id
868 1415 972 1455 non
1001 1400 1116 1455 sine
1150 1413 1311 1453 causa
1353 1397 1591 1455 fecisse:
1628 1414 1804 1467 neque
1838 1398 1982 1454 enim
2037 1412 2171 1468 npus

609 1493 843 1549 habebat
868 1490 1035 1562 pullo,
1070 1490 1163 1560 qui
1191 1490 1352 1546 toties
1397 1489 1636 1545 Judmm
1672 1501 1727 1545 et
1750 1489 2024 1545 Galilaeam
2051 1503 2172 1558 per-

610 1596 897 1657 agraverat
939 1601 955 1639 :
1013 1586 1109 1640 sed
1154 1586 1492 1639 monstrabat
1529 1584 1671 1652 quod
1707 1595 1873 1652 super
1914 1582 2169 1651 populum

609 1676 844 1745 gentium
874 1689 1123 1731 sessurus
1156 1686 1336 1741 esset,
1364 1676 1456 1744 qui
1493 1684 1602 1727 tum
1636 1672 1945 1729 incredulus
1970 1680 2087 1727 erat
2118 1678 2175 1726 et

2269 575 2437 627 ἔστιν.
2490 571 2555 626 Εί
2595 571 2653 627 δὲ
2704 574 2781 644 μὴ
2813 572 3083 645 θελήσωσι
3118 572 3382 637 συνιέναι,
3415 574 3495 640 είς
3522 573 3843 645 κατάκριμα

2273 659 2456 732 μεῖξον
2484 661 2670 725 αὐτοῖς
2693 662 2821 735 εἴη,⁵
2857 663 2941 717 δτι
2989 663 3111 718 οὐδὲ
3160 664 3300 734 μετὰ
3327 663 3567 733 τοσαῦτα
3613 663 3841 736 λαμπρὰ

2270 755 2524 824 θαύματα
2552 755 2899 811 ἐπίστευσαν.
2930 756 3074 827 Ὅρα
3119 756 3230 828 γὰρ
3278 757 3423 811 πόσα
3456 756 3697 812 ινταῦθα
3741 773 3842 829 σηο

2272 850 2419 918 μετα.
2449 842 2616 901 Εἶπεν
2640 848 2843 917 αὐτοῖς,
2879 848 2963 902 ὅτι
3017 847 3292 920 Εύρήσετε
3323 850 3522 905 πῶλον.
3560 845 3733 913 Εῐπεν
3760 850 3843 905 δτι

2271 937 2675 1009 κωλυθήσονται
2696 976 2715 1003 ,
2758 935 2882 993 εἶτα
2909 940 3174 1006 είπόντες,
3203 939 3290 995 δτι
3330 940 3395 997 Ὃ
3420 940 3622 1015 Κύριος
3650 941 3845 1016 χρῄζει

2270 1030 2455 1097 αὐτοῦ,
2491 1030 2832 1103 έαθήσονται.
2862 1032 2998 1087 Οὐδὲ
3019 1032 3129 1103 γὰρ
3147 1032 3272 1087 οὐδὲ
3295 1032 3461 1109 τοῦτο
3484 1034 3681 1106 μικρόν
3702 1035 3847 1100 ἔστι,

2272 1122 2335 1175 τὸ
2367 1122 2787 1195 συγχωρηθῆναι
2812 1124 2936 1188 τοὺς
2959 1124 3296 1189 ἀποστόλους
3326 1124 3569 1195 ἁπάγειν
3598 1124 3693 1179 τδν
3733 1126 3847 1180 tu?»

2273 1212 2392 1279 λον;
2405 1214 2543 1285 ὅπερ
2576 1213 2677 1267 οὐκ
2702 1212 2769 1268 ἂν
2799 1214 3017 1283 ἐγένετο
3042 1216 3092 1270 εί
3128 1214 3206 1288 μη
3235 1214 3463 1280 θείαητις
3494 1215 3711 1287 ἀνάγκη
3741 1219 3842 1270 ἑπ-

2274 1305 2455 1359 έκειτο
2476 1308 2591 1370 τοῖς
2628 1306 2840 1378 κυρίοις
2866 1304 2959 1363 τοῦ
2990 1306 3171 1362 πώλου
3200 1307 3590 1377 ἀναγκάζουσι
3622 1310 3844 1375 αὐτοὺς,

2275 1395 2451 1451 καίτοι
2470 1398 2708 1467 πένητας
2726 1397 2887 1461 ὄντας
2914 1398 3009 1451 καὶ
3031 1398 3314 1469 γεωργοὺς
3333 1399 3521 1470 τυχδν,
3544 1401 3764 1469 ἀφεῖναι
3787 1400 3850 1453 τδ

2275 1488 2435 1551 ζῶον.
2469 1490 2616 1557 Πλὴν
2651 1488 2909 1560 μάνθανε,
2937 1489 3101 1546 ὅτιού
3135 1492 3317 1561 μάτην
3356 1491 3515 1546 τοῦτο
3539 1493 3850 1563 ,ὶποίησενό

2276 1577 2498 1647 Κύριος.
2541 1579 2676 1632 Ούδδ
2705 1578 2815 1650 γὰρ
2844 1578 3041 1652 ῑχρῃςε
3069 1577 3163 1648 τοῦ
3189 1578 3391 1643 πώλου,
3416 1581 3446 1634 ό
3474 1580 3733 1641 πολλάκις
3751 1580 3851 1650 τὴν

2276 1669 2567 1725 Γαλιλαίαν
2592 1671 2687 1724 καὶ
2718 1670 2819 1740 τὴν
2854 1670 3114 1726 Ἰουδαίαν
3142 1670 3359 1726 ἃπασαν
3390 1669 3689 1743 ικπεριῐὼν
3712 1673 3848 1743 (74)·

610 1754 951 1832 ineruditus,
984 1774 1041 1823 et
1068 1766 1279 1822 vinctus
1315 1767 1551 1836 peccatis
1589 1765 1705 1820 suis
1736 1765 1789 1818 in
1844 1763 2022 1830 bivio,
2074 1763 2174 1817 hoc

2286 1760 2416 1813 ἀλλὰ
2446 1759 2706 1814 δεικνύων
2730 1761 2813 1814 ὅτι
2857 1762 2951 1815 ἐπὶ
2992 1764 3085 1816 τὸν
3113 1760 3326 1815 ἑθνικὸν
3355 1760 3481 1815 λαὶν
3502 1760 3850 1831 δπιοήστται,

608 1858 819 1912 estvita
848 1859 969 1922 hac,
1023 1833 1419 1927 apudjanuam,
1442 1872 1560 1925 qua:
1574 1866 1826 1912 estextra
1854 1853 2172 1911 Ecclesium.

2286 1852 2334 1915 ὃς
2364 1852 2595 1924 ἀπειθὴς
2626 1853 2724 1924 μὲν
2752 1848 2819 1927 ἦν
2858 1850 2955 1909 καὶ
2993 1854 3355 1919 ἀπαίδευτος,
3398 1854 3606 1907 ἐδέδετο
3633 1854 3692 1909 δι
3733 1856 3851 1918 ταῖς

612 1948 835 2007 Solutus
872 1958 955 2005 est
999 1958 1183 2004 autem
1218 1951 1285 2005 ab
1318 1949 1574 2019 apostolis
1622 1962 1717 2017 per
1767 1947 2095 2017 baptismum
2123 1956 2178 2000 et

2286 1941 2499 2007 >Ξκείαις
2529 1944 2821 2015 ἁμαρτίαις
2850 1946 2908 2000 ὲν
2930 1947 2995 2016 τῇ
3027 1946 3253 2017 ἀμφόδῳ
3280 1986 3295 2011 ,
3344 1945 3590 1999 τουτέστι
3621 1945 3700 2017 τῷ
3754 1946 3855 2018 βίῳ

612 2042 772 2097 ﬁdem
808 2058 825 2095 :
853 2052 908 2096 et
940 2050 1125 2097 vectus
1154 2052 1236 2097 est
1257 2041 1308 2095 in
1337 2056 1401 2096 eo
1442 2040 1705 2094 Dominus
1728 2077 1744 2102 ,
1788 2053 1911 2093 cum
1949 2037 2176 2107 apostoli

614 2132 938 2187 vestimenta
967 2146 1085 2197 sua,
1108 2131 1223 2205 ,lioc
1254 2140 1358 2195 est,
1382 2144 1599 2184 omnem
1629 2128 1725 2197 qui
1751 2136 1836 2182 est
1876 2142 1945 2182 ex
1968 2126 2181 2180 virtute

616 2224 867 2279 decorem
912 2222 1316 2292 imposuissent.
1349 2221 1505 2275 Prius
1531 2222 1672 2273 enim
1707 2217 1836 2273 nudi
1874 2229 2029 2273 erant
2058 2233 2185 2287 gen-

616 2317 736 2371 tiles
780 2326 833 2371 et
868 2315 1155 2380 deformes,
1195 2303 1473 2384 pa‘trantes
1507 2313 1709 2368 nefaria
1737 2329 1752 2366 :
1779 2321 2062 2393 postquam
2087 2324 2185 2365 au—

619 2418 726 2463 tem
756 2408 824 2461 ab
854 2406 1113 2477 apostolis
1155 2407 1369 2460 adducti
1399 2404 1617 2459 {nerunt
1638 2413 1807 2467 ,‘tunc
1838 2406 2062 2458 honeste
2092 2405 2176 2457 di-

613 2500 862 2555 dicerunt
891 2484 1190 2562 ambulare,
1210 2507 1265 2553 et
1291 2507 1573 2569 propterea
1602 2497 1764 2552 etiam
1800 2497 1851 2549 in
1903 2495 2039 2565 ipsis
2064 2494 2177 2549 i'cr-

612 2597 705 2645 tur
748 2600 989 2660 gestatus
1028 2588 1300 2646 Christus.
1334 2590 1562 2656 Quinam
1602 2599 1783 2643 autem
1818 2586 2059 2654 fuerunt,
2085 2588 2175 2656 qui

614 2683 769 2753 prius
786 2691 945 2738 erant
969 2682 1173 2737 domini
1204 2681 1353 2750 pulli,
1378 2682 1469 2750 qui
1502 2681 1774 2761 apostolos
1799 2680 2178 2747 prohiberent;

619 2787 803 2829 nonne
845 2773 1069 2827 omnino
1116 2772 1274 2844 231
1324 2771 1633 2829 dartnonesi
1669 2770 1811 2828 Sane
1837 2778 1893 2827 et
1932 2772 2017 2828 his
2048 2784 2179 2840 apo-

621 2864 751 2920 stoli
792 2864 1216 2933 prmvaluerunt.

2273 2032 2473 2103 τούτῳ,
2507 2035 2639 2104 πρὸς
2664 2033 2764 2103 τῆν
2782 2033 2954 2104 θύραν
2980 2074 2995 2099 ,
3020 2035 3187 2105 ἦγουν
3223 2034 3331 2101 ιξω
3359 2035 3458 2106 τῆς
3498 2036 3853 2107 Ἐκκλησίας.

2292 2126 2488 2196 Ἐλύθη
2519 2125 2577 2178 δὲ
2614 2127 2766 2197 παρά
2794 2127 2903 2180 τῶν
2938 2127 3200 2198 μαθητῶν
3231 2128 3319 2186 διὰ
3344 2128 3437 2188 τοῦ
3475 2128 3856 2201 βαπτίσματος

2278 2215 2373 2269 καὶ
2416 2218 2515 2287 τῆς
2573 2216 2815 2281 πίστεως
2845 2235 2860 2250 ο
2894 2220 2989 2272 καὶ
3039 2220 3300 2292 ἐπωχήθη
3360 2221 3509 2293 αύτῷ
3551 2223 3581 2276 ό
3625 2223 3854 2295 Κύριος,

2278 2307 2574 2362 ἑπιθέντων
2622 2308 2732 2363 τῶν
2778 2310 3089 2365 ἀποστόλων
3127 2312 3198 2366 τὰ
3230 2314 3422 2383 ίμάτισ.
3458 2313 3667 2379 αὐτῶν,
3702 2332 3855 2369 τουτ-

2286 2402 2401 2454 έστι
2456 2404 2638 2456 πᾶσαν
2681 2403 3097 2475 εὐσχημοσύνην
3149 2405 3247 2475 τὴν
3291 2406 3350 2473 ἐξ
3381 2406 3607 2476 αρετῆς.
3657 2407 3858 2479 Πρώην

2286 2486 2383 2561 μὲν
2406 2493 2515 2561 γὰρ
2544 2493 2743 2564 γυμνοὶ
2770 2494 2921 2558 ὄντες
2949 2496 2999 2548 oi
3026 2497 3083 2561 εξ
3136 2496 3308 2550 ἐθνῶν
3338 2497 3654 2570 ἀσχήμονες
3693 2494 3857 2569 ἦσαν,

2286 2590 2615 2658 πράττοντες
2662 2591 2901 2663 ἄθεσμα.
2960 2592 3116 2648 Ἐπεὶ
3152 2593 3229 2649 δὲ.
3262 2594 3369 2648 ύπδ
3395 2596 3505 2650 τῶν
3539 2597 3859 2651 ἀποστόλων

2284 2679 2549 2750 ἢχθησαν,
2569 2680 2687 2735 τότε
2705 2682 2768 2751 δὴ
2785 2683 2904 2735 τότε
2922 2683 3271 2753 εὐσχημόνως
3288 2684 3491 2754 ἔμαθον
3511 2690 3858 2757 περιπατεῖν,

2285 2773 2379 2823 καὶ¹
2404 2771 2491 2825 διὰ
2510 2771 2668 2825 τοῦτο
2687 2774 2782 2826 καὶ⁸
2803 2773 2887 2827 ἐπ’
2906 2773 3085 2827 αὐτῶν
3105 2776 3326 2847 φέρεται
3344 2779 3371 2829 ὁ
3390 2776 3624 2850 Χριστὸς
3657 2780 3859 2849 βαστα-

2286 2860 2532 2933 ζόμενος.
2549 2862 2705 2927 Τίνες
2722 2864 2777 2917 δὲ
2797 2861 2936 2937 ἦσαν
2952 2867 3000 2919 oi
3016 2868 3206 2939 πρώην
3225 2868 3479 2924 δεσπόται
3497 2868 3591 2925 τοῦ
3610 2872 3793 2927 πώλου
3812 2872 3862 2926 oi

615 2951 915 3018 κωλύοντες
944 2957 1070 3018 τοὺς
1102 2954 1462 3020 ἀποστόλους,
1491 2952 1523 3027 ἢ
1550 2954 1766 3020 πάντως
1787 2955 1839 3009 oi.
1872 2954 2128 3027 δαίμονες
2150 2971 2164 3021 ;
2190 2954 2355 3011 ’Δλλὰ
2380 2958 2473 3012 καὶ
2502 2956 2709 3011 τούτων
2732 2959 3181 3031 ἐπικρατέστεροι
3210 2962 3450 3045 γίνονται
3472 2967 3521 3019 οἱ
3550 2965 3860 3027 ἀπόστολοι.

690 3042 858 3099 Vsus.
894 3042 1043 3098 7-10.
1078 3062 1097 3097 ι
1132 3042 1195 3097 Et
1217 3046 1555 3119 adduxerunt
1576 3045 1778 3116 pullum
1810 3049 1876 3101 ad
1896 3044 2106 3115 Iesum,
2133 3055 2181 3103 et

2367 3067 2385 3100 ι
2449 3050 2558 3102 Καὶ
2608 3048 2816 3120 ἧγαγον
2874 3050 2964 3103 τὸν
3031 3052 3214 3107 πῶλον
3271 3042 3413 3127 πρὸς
3465 3056 3558 3111 τὸν
3628 3050 3863 3132 Ἰησοῦν,

617 3136 924 3207 iniecerunt
952 3136 1029 3189 illi
1054 3138 1373 3195 vestimenta
1403 3151 1522 3201 sua,
1547 3137 1791 3209 seditque
1818 3154 1980 3209 super
2005 3140 2180 3194 illum.

618 3226 773 3283 Multi
807 3243 933 3284 vero
956 3229 1280 3283 vestimenta
1306 3243 1406 3283 sua
1455 3230 1775 3284 sternebant
1814 3232 1869 3285 in
1898 3232 2065 3300 viam,
2094 3231 2186 3285 alii

621 3333 747 3372 vero
778 3316 997 3373 frondes
1036 3317 1344 3373 incidebant
1391 3331 1458 3372 ex
1514 3318 1823 3387 arboribus,
1877 3329 1934 3375 et
1965 3331 2181 3377 sterne-

618 3406 752 3464 bant
788 3410 841 3463 in
874 3409 1033 3463 viam.
1063 3408 1131 3463 Et
1175 3409 1265 3479 (ιυὶ
1329 3409 1703 3478 praecedebant
1747 3412 1947 3483 quique
2003 3428 2191 3484 seque-

620 3499 819 3553 bantur
860 3498 1168 3554 ciamabant
1211 3500 1453 3555 dicentes
1490 3519 1505 3556 :
1540 3500 1795 3556 ﬂosanna
1827 3541 1842 3568 ,
1875 3503 2189 3561 benedictus

620 3594 714 3665 qui
758 3593 905 3647 venit
939 3592 992 3647 in
1017 3592 1232 3649 nomine
1262 3592 1495 3648 Domini.
1520 3592 1870 3650 Benedictum
1903 3600 2045 3666 quod
2092 3614 2185 3654 ve-

623 3684 705 3738 nit
730 3697 975 3749 regnum,
1017 3681 1069 3736 in
1094 3681 1314 3737 nomine
1344 3684 1551 3737 Domini
1575 3684 1746 3751 patris
1778 3681 1947 3738 nostri
1966 3684 2142 3740 David
2172 3704 2186 3739 :

622 3772 875 3828 Hosanna
909 3773 963 3826 in
995 3771 1296 3847 altissimis.
1344 3791 1363 3826 ι
1396 3772 1685 3827 Multitudo
1713 3775 1966 3843 quamdiu
2006 3775 2188 3830 incor-

626 3874 781 3935 rupta
812 3874 1013 3930 manet,
1047 3865 1291 3934 agnoscit
1334 3874 1594 3932 quantum
1644 3878 1777 3934 opus
1801 3876 1918 3918 erat
1947 3882 1959 3917 :
1984 3865 2104 3920 ideo
2132 3874 2187 3921 et

625 3954 820 4023 singuli
846 3968 947 4023 pro
998 3954 1202 4008 viribus
1245 3953 1357 4007 suis
1390 3951 1573 4007 Jesutn
1636 3963 1985 4008 venerantur.
2042 3956 2187 4011 Lan-

624 4042 818 4099 dantes
849 4055 1025 4098 autem
1043 4041 1172 4112 quid
1195 4044 1452 4110 dixerint,
1480 4044 1774 4098 videamus.
1802 4046 1843 4098 A
1865 4045 2029 4100 David
2057 4064 2190 4103 sane

625 4136 883 4205 hymnum
941 4135 1089 4189 illont
1140 4148 1441 4203 sumpsere.
1502 4134 1672 4188 Porro
1732 4134 1982 4190 Hosanna
2038 4138 2188 4207 juxta

624 4225 881 4293 quosdam
914 4224 1199 4296 signiﬁcat,
1244 4226 1413 4291 salva,
1446 4226 1672 4281 obsecro
1705 4244 1719 4281 :
1742 4227 1893 4293 juxta
1932 4230 2191 4297 quasdam

624 4330 774 4383 vero,
810 4317 1084 4386 hymnum.
1137 4316 1355 4373 Rectius
1404 4328 1584 4371 tamen
1616 4328 1697 4373 est
1741 4320 1879 4388 quod
1906 4320 2079 4389 primo
2110 4322 2191 4374 di-

2289 3142 2385 3196 καὶ
2438 3142 2702 3195 ἐπέϐαλον
2747 3142 2896 3213 αὐτῷ
2956 3144 3026 3198 τὰ
3075 3147 3265 3216 ἱμάτια
3313 3148 3531 3215 αὐτῶν,
3587 3152 3684 3206 καὶ
3732 3154 3861 3208 εκά-

2290 3232 2437 3285 θισεν
2486 3236 2573 3285 ἐπ’
2604 3235 2790 3289 αὐτόν.
2818 3236 3011 3289 Πολλοὶ
3034 3238 3092 3292 δὲ
3134 3239 3202 3292 τὰ
3228 3240 3422 3309 ίμάτια
3448 3241 3630 3295 αὐτῶν
3656 3244 3863 3313 Inpen-

2292 3340 2392 3376 σαν
2416 3325 2496 3387 είς
2524 3324 2623 3397 τὴν
2655 3327 2770 3379 ὀδόν
2790 3344 2803 3359 ·
2843 3329 2993 3383 ἄλλοι
3021 3328 3079 3383 δὲ
3106 3330 3362 3395 στιϐάδας
3403 3332 3633 3388 ἔκοπτον
3654 3336 3720 3388 ὲκ
3757 3336 3864 3389 τῶν

2289 3413 2541 3484 δένδρων,
2570 3416 2664 3469 καὶ
2694 3418 3032 3489 ιστρώννυον
3054 3421 3134 3483 είς
3172 3422 3275 3493 τὴν
3313 3421 3451 3480 ὁδόν.
3500 3426 3609 3481 Καὶ
3641 3428 3691 3482 οί
3721 3444 3857 3498 προ-

2288 3506 2516 3573 άγοντες
2573 3510 2667 3563 καὶ
2702 3511 2751 3564 oi
2798 3510 3221 3579 ἀκολουθοῦντες
3278 3515 3517 3587 ἔκραζον
3564 3518 3820 3587 λέγοντες
3846 3539 3861 3554 ·

2301 3598 2531 3654 ⁹Ωσιιννὰ
2554 3601 2917 3673 εὐλογημένος
2943 3605 2972 3658 δ
2994 3606 3289 3676 ἐρχόμενος
3313 3611 3371 3661 έν
3391 3610 3617 3679 ὀνόματι
3633 3612 3865 3684 Κυρίου.

2291 3689 2643 3763 Εὐλογημένη
2670 3696 2703 3765 ὴ
2735 3698 3003 3767 ἐρχομένη
3037 3684 3281 3767 βασιλέία
3312 3701 3370 3754 έν
3403 3701 3631 3773 ὀνόματι
3656 3693 3860 3779 Κυρίου

2290 3782 2384 3837 τοῦ
2409 3787 2615 3854 πατρὸς
2637 3787 2793 3855 ἡμῶν
2822 3788 3013 3840 Δαδίδ·
3058 3790 3285 3845 Ὡσαννὰ
3316 3792 3375 3845 έν
3399 3795 3511 3857 τοῖς
3537 3794 3808 3863 ὑψίστοις.
3841 3816 3858 3850 ι

2293 3874 2364 3926 Τὸ
2401 3874 2606 3944 πλῆθος
2639 3878 2832 3949 μέχρις
2863 3879 2929 3931 ἂν
2959 3879 3286 3951 ἀδιάφθορον
3318 3882 3477 3954 μένῃ,
3508 3886 3869 3958 ἐπιγινώσκει

2290 3963 2353 4015 τὸ
2384 3962 2521 4017 δέον.
2585 3964 2675 4016 Διὸ
2711 3967 2805 4019 καὶ⁴
2853 3966 3055 4035 τιμῶσι
3094 3966 3184 4022 τὸν
3244 3967 3450 4039 Ἰησοῦν
3502 3970 3735 4035 ἕκαστος
3790 3972 3866 4036 ὡς

2292 4048 2405 4121 εἶχε
2436 4053 2743 4124 δυνάμεως.
2775 4057 2838 4109 Oi.
2868 4057 2922 4109 δὲ
2956 4058 3253 4125 ὑμνοῦντες
3301 4060 3355 4113 τί
3392 4060 3600 4129 ελεγον,
3644 4062 3864 4133 ἴδωμεν.

2307 4143 2403 4197 Ἐκ
2433 4143 2527 4197 τοῦ
2557 4144 2720 4199 Δασιδ
2751 4147 2851 4217 μὲν
2882 4148 2973 4199 τὸν
3021 4147 3190 4218 ὖμνον
3216 4151 3407 4203 τοῦτον
3457 4150 3675 4207 έλαδον.
3705 4154 3781 4207 Τὸ
3806 4154 3864 4207 δὲ

2312 4232 2560 4303 Ὠἇαννὰ,
2598 4238 2740 4292 κατὰ
2773 4240 2872 4308 μέν
2903 4256 3054 4303 τινας
3080 4242 3358 4310 σημαίνει,
3390 4242 3565 4296 σῶσον
3597 4243 3691 4313 δὴ,
3726 4247 3865 4300 κατὰ

2292 4324 2348 4378 δέ
2372 4343 2524 4389 τινας
2566 4329 2844 4397 σημαίνει,
2886 4330 3075 4399 ὕμνος.
3125 4332 3292 4404 Πλὴν,
3323 4336 3575 4404 κρεῖττον
3624 4336 3687 4389 τὸ
3717 4338 3862 4408 πρῶ-

624 4418 787 4460 ctum.
822 4405 1065 4462 Habetur
1102 4409 1248 4463 enim
1283 4411 1336 4463 in
1365 4410 1662 4465 centesimo
1693 4412 1903 4466 decimo
1935 4414 2181 4482 -scptimc

2292 4434 2402 4470 τον.
2448 4420 2537 4472 Ἐν
2580 4392 2699 4491 γθιρ·
2718 4421 2795 4492 τῷ
2836 4392 3115 4492 ἑκατοστῷ
3164 4392 3617 4497 ἑπτακαιδεκάτῳ
3667 4392 3865 4500 ψαλμῷ

625 4499 915 4567 psaltno,§0
942 4500 1188 4564 Domine,
1221 4502 1400 4566 salva,
1437 4504 1663 4557 obsecro
1695 4521 1707 4556 :
1740 4504 1792 4557 id
1832 4505 1973 4574 quod
2003 4506 2054 4557 in
2085 4504 2199 4560 He.

628 4587 810 4642 braico
864 4588 1111 4642 ilosanna
1163 4592 1417 4661 scriptum
1461 4604 1560 4646 εει.
1597 4590 1839 4663 Regnum
1878 4606 2053 4649 autem
2086 4594 2188 4651 Da-

628 4681 714 4733 vid
766 4694 987 4750 regnum
1018 4681 1216 4737 Christi
1253 4686 1518 4748 dicebant,
1578 4696 1688 4740 tum
1738 4688 1879 4757 quod
1907 4703 1937 4742 a
1982 4690 2185 4745 semine

626 4770 791 4825 David
809 4772 1069 4827 deductus
1095 4784 1235 4828 esset
1257 4773 1526 4842 Christus,
1564 4786 1675 4831 tum
1719 4780 1860 4847 quod
1898 4779 2065 4835 David
2104 4781 2184 4834 in-

629 4866 909 4931 terpretari
938 4867 1058 4934 quis
1082 4876 1278 4935 potest,
1312 4878 1584 4936 potentem
1609 4870 1691 4923 vel
1722 4871 1973 4925 idoneum
2000 4889 2182 4928 manu.

626 4954 757 5020 Quis
778 4966 954 5009 autem
990 4956 1131 5010 alius
1180 4973 1338 5011 manu
1377 4976 1547 5028 usque
1594 4960 1728 5015 adeo
1771 4961 1983 5017 validus
2018 4974 2072 5016 et
2095 4980 2192 5031 po-

604 5060 744 5104 'tens
778 5058 833 5102 ut
861 5049 1139 5115 Dominus,
1171 5049 1322 5117 cujus
1350 5066 1542 5106 manus
1582 5060 1729 5107 tanta
1767 5054 2026 5107 miracula
2064 5066 2191 5108 sunt

625 5141 890 5207 operata?
916 5139 1181 5194 Caeterum
1205 5149 1510 5197 sternamus
1535 5154 1590 5199 et
1613 5159 1713 5199 nos
1744 5145 2062 5198 vestimenta
2097 5161 2191 5197 tto-

626 5240 760 5295 stra,
802 5233 901 5284 hoc
931 5233 1017 5285 eet
1056 5245 1295 5284 carnem.
1349 5232 1532 5287 Vestis
1588 5235 1731 5288 enim
1774 5236 1987 5303 animae,
2038 5250 2189 5301 caro,

626 5336 785 5389 quam
816 5322 1167 5389 subjiciamus
1206 5321 1455 5389 Domino,
1485 5334 1537 5378 et
1561 5336 1863 5381 sternamus
1886 5330 2027 5381 viam
2068 5330 2189 5383 vita:

627 5422 823 5465 nostrae
853 5431 868 5468 :
900 5415 1233 5479 deputantes,
1264 5424 1317 5467 et
1347 5415 1646 5470 incidentes
1686 5419 1753 5471 ab
1777 5420 2061 5473 arboribus
2095 5436 2182 5473 ra-

629 5521 659 5554 n
683 5518 763 5570 os,
796 5503 895 5559 hoc
942 5514 1045 5573 est,
1082 5520 1392 5562 sanctorum
1425 5508 1561 5563 vitas
1608 5509 1900 5564 imitemur.
1936 5513 2185 5567 .Arliores

2294 4513 2503 4563 xsitzt'
2534 4507 2605 4563 Ὦ
2636 4513 2827 4583 Κύριε,
2867 4514 3037 4566 σῶσον
3074 4515 3138 4585 δή
3178 4532 3191 4545 ·
3222 4518 3356 4587 ὅπερ
3390 4520 3447 4568 ὲν
3484 4519 3561 4588 τῷ
3596 4519 3866 4591 Ἐϐραῖκῴ

2306 4603 2534 4655 Ὡσαννὰ
2573 4605 2906 4675 γέγραπται.
2966 4607 3251 4659 Βασιλείαν
3281 4608 3336 4660 δὲ
3379 4610 3542 4662 Δαὸιδ
3566 4612 3666 4681 τὴν
3712 4612 3861 4681 βασι·

2292 4697 2439 4750 λείαν
2466 4698 2558 4749 τοῦ
2581 4697 2819 4768 Χριστοῦ
2848 4699 3051 4765 ἔλεγον,
3077 4698 3192 4770 ἅμα
3220 4700 3317 4768 μὲν
3343 4700 3481 4753 διότι
3512 4701 3608 4755 καὶ
3639 4704 3752 4757 ἀπὸ
3775 4703 3863 4756 τοῦ

2296 4788 2610 4856 σπέρματος
2640 4788 2733 4840 τοῦ
2770 4789 2934 4843 Δαόλδ
2972 4792 3239 4861 κατήγετο
3276 4794 3302 4843 ὁ
3334 4792 3538 4865 Κύριος
3562 4834 3579 4859 ,
3638 4795 3759 4866 ἅμα
3786 4795 3858 4860 δὲ,

2292 4877 2375 4929 ὅτι
2407 4878 2568 4931 Δαΰὶδ
2600 4881 2987 4951 ἑρμηνεύεται,
3016 4883 3240 4946 δυνατὸς
3294 4886 3460 4955 χειρὶ,
3502 4886 3623 4955 ἦτοι
3679 4887 3858 4949 ἱκανὸς

2295 4969 2457 5039 χειρί.
2498 4970 2591 5032 Τίς
2631 4970 2686 5022 δὲ
2738 4973 2893 5036 ἄλλος
2932 4975 3113 5038 ἱκανὸς
3166 4977 3333 5046 χειρὶ,
3364 4978 3411 5027 εἰ
3456 4976 3530 5046 μὴ
3557 4978 3584 5027 ὁ
3614 4978 3817 5048 Κύριος
3844 5021 3857 5042 ,

2292 5054 2352 5112 οὗ
2384 5062 2437 5110 at!
2471 5062 2648 5130 χεῖρες
2696 5063 2933 5117 τοσαῦτα
2994 5064 3249 5135 θαύματα
3310 5066 3660 5135 ἐνήργησαν;
3706 5068 3859 5120 Ἀλλὰ

2294 5152 2400 5221 γὰρ
2442 5152 2773 5224 στρώσωμεν
2830 5158 2923 5209 καὶ
2972 5158 3132 5226 ἡμεῖς
3180 5160 3246 5210 τὰ
3290 5159 3479 5229 ἱμάτια
3531 5161 3710 5230 ἡμῶν,
3748 5163 3859 5231 ἦτοι

2291 5244 2388 5312 τὴν
2419 5246 2596 5313 σάρκα
2636 5247 2872 5317 (ἱμάτιον
2927 5252 3035 5319 γὰρ
3086 5251 3117 5320 ἡ
3160 5250 3298 5320 σὰρξ
3358 5252 3455 5321 τῆς
3490 5251 3720 5321 ψυχῆς),
3771 5258 3860 5306 καὶ

2297 5334 2653 5405 ύποτάξωμεν
2685 5340 2888 5410 ταύτην
2918 5341 2993 5411 τῷ
3025 5344 3233 5413 Κυρίῳ.
3271 5344 3380 5396 Καὶ
3406 5346 3739 5415 στρώσωμεν
3768 5347 3862 5414 τὴν

2296 5425 2414 5477 ὁδὸν
2449 5427 2539 5480 τοῦ
2566 5430 2835 5499 ἡμετέρου
2884 5433 3020 5502 βίου,
3077 5434 3367 5498 κόπτοντες
3396 5437 3461 5488 ἐκ
3498 5437 3605 5489 τῶν
3633 5437 3859 5507 δένδρων

2296 5515 2540 5582 κλάδους,
2573 5522 2840 5589 τουτέστι,
2878 5526 3002 5588 τοὺς
3038 5526 3148 5579 τῶν
3185 5526 3358 5595 ἁγίων
3405 5526 3554 5597 βίους
3589 5528 3864 5601 μιμούμι·

1609 5648 1699 5707 Ex
1734 5648 2072 5713 collatione
2121 5651 2308 5713 codd.
2345 5654 2564 5718 Venet.
2603 5662 2661 5720 Β.
2690 5662 2904 5723 Marci.

710 5762 821 5831 (74)
860 5763 1182 5837 Ἐκπεριῖὼν
1212 5769 1373 5839 πεζῇ,
1406 5770 1561 5825 codd.
1596 5768 1688 5835 26,
1722 5770 1789 5824 ’50
1817 5781 1867 5824 ct
1894 5772 1980 5826 Si.
