4108 6334
645 351 750 415 615
1566 347 2142 410 THEOPHYLACTI
2184 347 2594 409 BULGARI/E
2631 346 2986 410 ARCHIEP.
3760 338 3869 402 616

638 459 778 527 quod
807 458 970 512 etiam
997 460 1187 525 punire
1206 456 1391 527 possit.
1420 454 1591 511 Habet
1624 456 1750 510 item
1783 465 1837 510 et
1860 456 1995 509 licus
2018 463 2199 525 typum

2310 456 2465 510 δαίων
2498 454 2852 524 Συναγωγῆς.
2899 453 2950 506 οἶ
3003 450 3176 523 φύλλα
3211 451 3373 522 μόνον
3401 444 3567 521 εἶχον,
3602 448 3868 505 τουτέστι.

638 566 919 623 synagogas
955 548 1289 615 Iudaeorum,
1324 548 1414 617 qui
1462 548 1588 602 folia
1622 548 1733 603 sola
1760 547 2050 611 habebant,
2083 547 2186 604 hoc

2310 550 2457 617 νόμον
2500 550 2658 601 σκιὰν
2711 549 2894 610 αὐτοῖς
2943 544 3292 618 παρέχοντα,
3324 543 3535 614 καρπὸν
3568 540 3625 595 ϐλ
3683 539 3871 594 οὐδένα

638 654 720 697 est
753 643 944 712 legem,
978 643 1221 694 umbram
1253 641 1359 696 illis
1406 642 1757 710 praebentem,
1796 638 2030 694 fructum
2066 654 2192 694 vero

2310 638 2460 711 εἶχον.
2513 640 2796 693 Ἐπείνασε
2834 640 2891 692 δὲ
2918 641 2945 693 ό
2977 637 3187 707 Ἰησοῦς
3209 637 3307 707 τήν
3340 636 3615 707 σωτηρίαν
3658 632 3861 687 αὐτῶν.

641 737 838 790 nullum
865 734 1179 788 aﬂ‘crebant.
1224 731 1514 786 Esuriebat
1543 742 1721 785 autem
1769 729 1927 785 Jesus
1965 730 2192 786 salutem

641 830 873 883 illorum.
910 826 1055 879 Meus
1085 827 1227 878 enim
1257 824 1410 878 cibus
1437 832 1538 885 est,
1568 824 1761 893 inquit,
1788 832 1845 876 ut
1879 821 2071 877 i'aciam
2098 837 2194 877 vo-

639 920 894 971 luntatem
932 916 1109 969 Patris
1142 918 1264 969 mei.
1303 914 1559 969 Voluntas
1584 924 1763 968 autem
1789 914 1970 969 Patris
2002 922 2107 980 est,
2140 922 2196 968 ut

640 1017 953 1061 convertant
975 1022 1035 1061 se
1066 1017 1393 1075 peccatores.
1421 1005 1486 1058 Et
1508 1006 1634 1075 quia
1670 1020 1935 1075 synagoga
1962 1004 2194 1059 fructum

640 1116 745 1153 non
776 1100 1027 1163 habebat,
1063 1099 1346 1151 maledicta
1378 1107 1459 1153 est
1499 1108 1554 1151 et
1592 1097 1824 1162 exaruit,
1864 1111 2037 1165 neque
2071 1109 2197 1165 pro-

640 1189 878 1257 pbetatn,
910 1204 1084 1257 neque
1116 1191 1389 1241 doctorem
1419 1188 1645 1240 habens.

717 1277 873 1332 Vsus.
928 1278 1120 1331 15-18.
1183 1294 1205 1329 ι
1248 1278 1312 1331 Ει
1373 1277 1597 1330 veniunt
1652 1275 2103 1348 Hierosolymam,
2143 1284 2198 1331 et

644 1370 921 1435 ingressus
940 1368 1099 1424 Jesus
1149 1372 1199 1422 in
1251 1370 1528 1439 templum,
1562 1372 1725 1438 cmpit
1757 1370 1955 1437 ejicere
1979 1384 2073 1425 eos
2103 1370 2195 1440 qui

642 1462 943 1516 vendebant
998 1469 1054 1516 et
1075 1462 1321 1515 eruebant
1350 1462 1404 1516 in
1448 1462 1645 1531 templo
1700 1478 1713 1515 :
1748 1472 1801 1516 et
1843 1448 2056 1518 mensas
2089 1462 2200 1517 col-

641 1552 951 1623 lyliistarum
984 1594 998 1619 ,
1034 1565 1087 1608 et
1108 1554 1267 1609 sellas
1298 1556 1641 1610 vendentium
1670 1556 2200 1611 columbassubver-

644 1644 751 1697 tit:
787 1652 839 1695 et
885 1658 992 1697 non
1042 1645 1286 1713 permisit
1324 1655 1381 1698 ut
1424 1647 1709 1713 quisquam
1761 1646 2070 1712 deportaret
2106 1662 2199 1701 vas

644 1749 741 1802 per
778 1734 1032 1802 templum
1070 1752 1083 1789 :
1119 1746 1173 1790 et
1204 1737 1429 1790 docebat
1456 1738 1640 1791 dicens
1666 1736 1771 1791 illis
1807 1737 2034 1792 :Nonne
2060 1739 2197 1792 scri-

645 1838 794 1897 ptum
833 1838 937 1892 est,
970 1828 1166 1882 Domus
1203 1843 1319 1881 mea
1382 1830 1572 1884 domus
1607 1829 1931 1898 precationis
1982 1830 2198 1885 vocabi-

647 1927 734 1973 tur
767 1920 1011 1973 onmilms
1036 1919 1317 1989 gentibus?
1343 1918 1449 1974 Vos
1479 1930 1655 1972 autem
1692 1920 1894 1975 fecistis
1916 1933 2035 1975 eam
2066 1934 2190 1989 spe-

646 2011 856 2064 iunratn
902 2011 1194 2065 latronum.
1242 2010 1307 2064 Et
1337 2010 1623 2065 audierunt
1658 2011 1860 2066 Scribat
1904 2011 2199 2082 principes-

644 2118 749 2170 que
798 2100 1159 2163 sacerdotum,
1192 2110 1246 2154 et
1270 2102 1579 2167 quaerebant
1606 2102 1876 2169 quomodo
1923 2103 2071 2156 illum
2112 2116 2201 2157 es-

645 2201 767 2248 sent
830 2192 1108 2260 perdituri.
1151 2189 1437 2246 Timebant
1496 2193 1637 2245 enim
1688 2207 1833 2256 eum,
1888 2194 2031 2263 quod
2086 2204 2199 2249 tota

650 2287 806 2340 turba
834 2285 1199 2339 admirabatur
1234 2286 1533 2339 doctrinam
1564 2286 1726 2340 illius.
1768 2306 1787 2338 ι
1838 2286 1989 2352 Quod
2022 2287 2200 2356 cjece-

648 2389 721 2432 rtt
746 2379 1057 2442 vendentes,
1096 2378 1256 2431 etiam
1285 2375 1519 2431 Joannes
1552 2387 1739 2431 narrat
1772 2394 1785 2431 :
1836 2378 1929 2431 sed
1962 2376 2200 2433 Joannes

647 2467 702 2520 in
738 2468 1001 2536 principio
1034 2466 1339 2536 Evangelii,
1381 2468 1466 2521 hic
1493 2475 1670 2521 autem
1686 2468 1795 2521 sub
1822 2467 2003 2522 iiuern.
2048 2465 2198 2522 Veri-

648 2559 825 2614 simile
859 2558 1022 2629 igitnr
1055 2560 1152 2612 hoc
1173 2560 1410 2614 secundo
1439 2558 1660 2620 factum,
1686 2575 1792 2628 quo
1818 2561 1976 2613 etiam
2001 2558 2205 2614 Iudaeo-

650 2666 768 2703 rum
800 2650 1075 2704 accusatio
1109 2651 1277 2718 major
1309 2660 1453 2703 esset
1492 2666 1505 2703 :
1540 2651 1975 2718 quandoquidem
2027 2666 2205 2721 neque

649 2755 771 2793 eum
826 2756 967 2809 sa‘pe
1027 2742 1168 2793 idem
1215 2738 1402 2794 fecerit
1446 2740 1721 2803 Dominus,
1766 2748 1893 2794 sunt
1939 2744 2202 2797 conversi.

652 2831 968 2901 Speluncam
996 2841 1172 2884 autem
1208 2832 1469 2884 latronum
1527 2833 1771 2886 nominat
1804 2834 2057 2901 templum
2084 2850 2208 2903 pro-

650 2936 768 2995 pter
795 2924 1101 2977 avaritiam.
1136 2922 1430 2977 Latronum
1486 2925 1631 2978 enim
1665 2938 1833 2993 genus
1879 2928 1945 2977 ad
2000 2924 2205 2989 lucrum

651 3025 876 3085 spectat.
934 3016 996 3069 Et
1026 3018 1281 3085 Quoniam
1320 3017 1483 3070 etiam
1543 3017 1617 3069 illi
1671 3028 1887 3085 propter
1939 3017 2206 3071 sacriﬁcia

2306 734 2467 801 Ἐμὸν
2505 734 2636 803 γὰρ,
2668 733 2824 801 φησὶ,
2856 731 3052 803 βρῶμά
3076 732 3244 795 ἐστιν,
3278 730 3366 783 ἵνα
3398 728 3537 782 ποιῶ
3570 726 3630 780 τὸ
3660 726 3873 794 θέλημα

2293 824 2387 877 τοῦ
2435 824 2649 893 Πατρός
2693 841 2817 893 μου.
2845 824 3067 893 Θέλημα
3115 822 3173 876 δὲ
3217 820 3354 874 Θεοῦ
3398 822 3457 874 τὸ
3515 819 3868 888 ἐπιστρέφειν

2294 916 2423 979 τοὺς
2456 916 2890 985 ἁμαρτάνοντας.
2933 913 3087 968 Ἐπεὶ
3114 913 3293 966 τοίνυν
3316 913 3417 965 οὐκ
3451 906 3564 981 εἶχε
3590 908 3807 981 καρπὸν
3832 908 3865 979 ἡ

2299 1009 2607 1077 συναγωγὴ,
2642 1006 2927 1078 κατηράθη
2960 1005 3058 1059 καὶ
3078 1004 3374 1077 ἐξηράνθη,
3407 1005 3548 1075 μήτε
3580 1001 3872 1074 προφήτην

2305 1100 2441 1169 μήτε
2470 1098 2787 1153 διδάσκαλον
2818 1098 3042 1168 ἔχουσα.

2376 1294 2394 1328 ι
2435 1277 2544 1331 Καὶ
2602 1275 2850 1347 ἔρχονται
2897 1276 2977 1338 είς
3012 1272 3384 1345 Ἰεροσόλυμα.
3418 1274 3529 1327 Καὶ
3554 1271 3813 1326 εἰσελθὼν
3844 1274 3873 1325 ό

2313 1367 2533 1440 Ἰησοῦς»
2558 1369 2639 1432 είς
2664 1367 2725 1421 τὸ
2783 1368 2948 1438 ἱερὸν,
3000 1364 3206 1439 ήρξατο
3255 1364 3537 1419 ἐκϐάλλειν
3591 1364 3717 1427 τοὺς
3758 1380 3874 1417 mo

2300 1461 2524 1525 λοῦντας
2545 1463 2639 1515 καὶ
2668 1459 3035 1531 ἀγοράζοντας
3062 1462 3119 1513 ἐν
3155 1459 3235 1530 τῷ
3282 1458 3435 1529 ίερῷ.
3461 1456 3574 1511 Καὶ
3598 1456 3699 1516 τὰς
3732 1472 3866 1525 τρα-

2302 1554 2472 1619 πέζας
2509 1553 2615 1607 τῶν
2649 1551 3016 1606 κολλυϐιστῶν
3043 1550 3260 1615 καὶτὰς
3280 1548 3551 1620 καθέδρας
3601 1548 3713 1601 τῶν
3760 1565 3875 1601 πω-

2301 1646 2540 1699 λούντων
2604 1646 2704 1708 τὰς
2762 1643 3093 1714 περιστερὰς
3154 1640 3512 1711 κατέστρεψε.
3578 1640 3690 1694 Καὶ
3773 1640 3876 1694 οὐκ

2303 1738 2459 1808 ήηριεν
2494 1736 2579 1789 ἵνα
2625 1753 2707 1799 τις
2738 1735 2991 1807 διενέγκῃ
3025 1732 3218 1797 σκεῦος
3262 1732 3352 1785 διὰ
3388 1730 3484 1784 τοῦ
3538 1730 3709 1803 ἱεροῦ.
3766 1729 3877 1783 Καὶ

2298 1812 2565 1893 ἐδίδασκε,
2605 1827 2779 1894 λέγων
2805 1827 2990 1890 αὐτοῖς
3013 1842 3025 1855 ’
3063 1825 3137 1878 Οὐ
3167 1824 3480 1897 γέγραπται
3500 1823 3609 1887 ὅτι,
3646 1822 3705 1875 ’0
3727 1816 3877 1883 οἶκός

2302 1938 2403 1991 μου
2448 1909 2597 1983 οἶκος
2628 1918 2937 1989 προσευχῆς
2965 1916 3293 1987 κληθήσεται
3324 1917 3459 1969 πᾶσι
3484 1917 3593 1979 τοῖς
3616 1913 3829 1967 ἔθνεσιν
3853 1931 3868 1979 ;

2314 2009 2511 2078 Ὑμεῖς
2542 2009 2598 2062 δέ
2642 2008 2932 2079 ἐποιήσατε
2989 2007 3149 2059 αὐτὸν
3184 2005 3448 2076 σπήλαιον
3493 2003 3724 2075 λῃστῶν.
3769 2003 3877 2057 Καὶ

2302 2106 2534 2175 ἥκουσαν
2566 2105 2615 2157 oi
2654 2103 3006 2173 Γραμματείς
3052 2102 3146 2155 καὶ
3183 2102 3233 2154 oi
3280 2102 3577 2171 ἀρχιερεῖς,
3616 2102 3712 2154 καὶ
3744 2100 3878 2171 ἐζή-

2300 2213 2423 2250 τουν
2456 2195 2571 2256 πῶς
2600 2193 2763 2247 αὑτὸν
2804 2193 3163 2247 ἀπολέσωσιν.
3218 2192 3543 2260 Ἐφοϐοῦντο
3610 2191 3724 2260 γὰρ
3766 2192 3866 2244 αὑ-

2300 2287 2411 2350 τὸν,
2442 2286 2523 2339 ὅτι
2560 2286 2666 2347 πᾶς
2717 2287 2743 2337 ὁ
2790 2284 2947 2353 δχλος
3002 2283 3364 2353 ἐξεπλήσσετο
3414 2283 3505 2335 ἐπὶ
3561 2284 3627 2352 τῇ
3678 2282 3869 2353 διδαχῇ

2304 2362 2493 2432 αὐτοῦ.
2533 2396 2552 2429 ι
2594 2376 2668 2429 Te
2701 2375 3056 2430 ἐκϐάλλεσθαι
3088 2378 3237 2445 παρὰ
3266 2376 3360 2428 τοῦ
3404 2375 3581 2445 Ἰησοῦ
3609 2376 3735 2437 τοὺς
3771 2391 3878 2428 πω-

2303 2468 2528 2532 λοῦντας
2598 2465 2692 2522 καὶ
2741 2471 2769 2521 ό
2814 2468 3066 2537 Ἰωάννης
3117 2467 3404 2535 διηγεῖται.
3468 2465 3610 2522 Ἀλλ’
3669 2469 3879 2530 ἐκεῖνος

2308 2559 2405 2628 μὲν
2462 2559 2519 2611 ἐν
2550 2559 2616 2627 τῇ
2648 2557 2790 2627 ἀρχῇ
2805 2556 2917 2613 ,τοῦ
2945 2556 3295 2623 Εὐαγγελίου,
3344 2549 3501 2619 οὗτος
3534 2556 3592 2610 δέ
3623 2557 3766 2627 πρὸς
3800 2553 3877 2626 τῷ

2306 2650 2473 2701 τέλει.
2524 2648 2681 2710 Εἰκὸς
2729 2646 2823 2700 οὖν
2872 2646 3125 2715 δεύτερον
3179 2647 3430 2715 γενέσθαι
3470 2646 3671 2710 τοῦτο,
3724 2648 3753 2700 ό
3786 2647 3879 2701 καὶ

2313 2739 2519 2810 μείζων
2549 2738 2851 2810 κατηγορία
2876 2738 2985 2791 τῶν
3027 2738 3323 2804 Ἰουδαίων,
3366 2739 3482 2807 εῐγε
3525 2740 3789 2801 πολλάκις
3819 2740 3877 2792 τὸ

2308 2833 2437 2887 αὐτὸ
2460 2833 2785 2903 ποιήσαντος
2828 2831 2922 2885 τοῦ
2979 2833 3209 2901 Κυρίου,
3269 2834 3368 2886 οὐκ
3427 2834 3873 2904 ἐπεστράφησαν.

2308 2923 2579 2994 Σπήλαιον
2614 2924 2670 2977 δέ
2721 2923 2936 2995 λῃστῶν
2966 2924 3225 2993 ὀνομάζει
3271 2925 3363 2977 τὸν
3387 2927 3534 2986 ναὸν,
3568 2924 3654 2979 διὰ
3680 2927 3745 2979 τὸ
3785 2943 3873 2994 φι-

2308 3016 2579 3087 λοκερδές.
2634 3015 2705 3067 Τὸ
2733 3013 3023 3087 λῃστρικὸν
3061 3016 3168 3086 γὰρ
3202 3015 3356 3083 γένος
3386 3020 3512 3087 περὶ
3542 3019 3602 3081 τὸ
3642 3016 3865 3088 x8961!-

654 3106 902 3160 animalia
938 3122 1058 3175 qua:
1084 3106 1427 3170 oﬂ'errentur,
1476 3106 1608 3161 lucri
1668 3108 1838 3179 gratia
1880 3108 2202 3172 vendebant,

2310 3124 2417 3161 νειν
2442 3108 2730 3179 ἐπτόηται.
2781 3108 2931 3161 Ἐπεὶ
2968 3104 3066 3161 οὖν
3094 3108 3188 3161 καὶ
3225 3109 3379 3160 αὐτοὶ
3439 3108 3508 3161 τὰ
3557 3108 3649 3163 διὰ
3684 3107 3877 3163 θυσίαν

657 3197 893 3250 latrones
918 3198 1061 3264 ipsos
1093 3197 1731 3269 nominavit.Collybistat
1785 3208 1961 3253 autem
1994 3199 2209 3255 fuerunt

654 3288 746 3356 qui
780 3301 1027 3341 nummos
1055 3288 1453 3355 permutabant.
1486 3289 1703 3359 Collylia
1755 3290 1896 3345 enim
1928 3307 2095 3361 genus
2128 3300 2209 3346 cst

656 3377 997 3431 numismatis
1051 3379 1257 3432 minimi
1295 3382 1444 3434 terei.
1512 3380 1831 3436 Accusando
1876 3393 2054 3436 autem
2105 3382 2210 3437 illis

656 3467 817 3521 etiam
850 3466 1035 3521 Isaiam
1084 3470 1400 3537 prophetam
1445 3470 1600 3523 ali'ert
1628 3473 1892 3527 dicentem
1950 3491 1963 3527 :
2015 3474 2211 3528 Domus

655 3571 773 3611 mea
805 3560 994 3612 domus
1023 3560 1349 3627 precationis
1389 3562 1692 3617 vocabitur.
1747 3564 2105 3620 Absitautcm
2147 3580 2213 3620 ne

653 3656 711 3705 et
736 3662 833 3702 nos
861 3658 1009 3702 extra
1060 3650 1311 3718 templum
1346 3651 1653 3720 ejiciamur.
1712 3653 1859 3709 Multi
1892 3658 2035 3710 enim
2076 3660 2209 3711 etin

655 3751 899 3793 nostrum
937 3743 1193 3810 templum
1240 3744 1573 3811 ingredimur
1608 3748 1899 3801 vendentes
1945 3749 2117 3815 nt‘lia,
2158 3760 2212 3803 et

656 3840 901 3885 ementes
932 3830 1226 3889 deteriora.
1262 3832 1401 3887 Sunt
1430 3844 1609 3890 autem
1639 3839 1727 3906 qui
1762 3849 1811 3891 et
1848 3841 2033 3907 plenas
2066 3860 2211 3895 incu—

658 3936 747 3974 sas
775 3936 1117 3977 nummorum
1150 3926 1367 3991 habent,
1390 3928 1480 3994 qui
1508 3928 1889 3982 administrant
1916 3944 1968 3983 et
1998 3932 2211 3999 dispen-

658 4020 783 4064 sant
808 4012 1202 4078 ecclesiastica,
1246 4024 1299 4068 et
1334 4018 1514 4070 omnia
1552 4029 1775 4087 propter
1817 4022 2097 4073 avaritiam
2133 4022 2212 4075 fa-

660 4102 823 4157 ciunt.
856 4100 993 4168 Quin
1026 4115 1079 4157 ct
1113 4107 1254 4159 sella:
1286 4108 1626 4162 vendentium
1677 4109 1953 4165 columbas
1975 4115 2215 4168 ‘sttliver-

662 4202 869 4258 totum,
936 4195 1035 4249 hoc
1090 4208 1174 4251 est
1222 4200 1503 4266 pontiﬁces
1553 4203 1846 4257 vendentes
1910 4204 2211 4275 spiritualia

660 4284 817 4338 dona.
848 4284 1104 4340 Columba
1134 4289 1291 4359 233
1320 4293 1461 4345 enim
1494 4294 1797 4361 symbolum
1852 4306 1935 4349 est
1979 4298 2213 4367 Spiritus

659 4377 833 4432 sancti
867 4395 879 4429 ε
931 4394 1088 4446 quem
1120 4383 1212 4449 qui
1238 4383 1491 4450 vendunt,
1517 4401 1611 4453 per
1637 4389 1917 4442 Domitium
1969 4405 1997 4443 a
2029 4408 2209 4445 sacer-

2313 3201 2731 3271 προσφερόμενα
2764 3198 2879 3263 ζῶα
2918 3199 3161 3253 ἐπώλουν
3193 3200 3354 3270 χάριν
3373 3195 3632 3271 ἶκέρδους,
3667 3200 3878 3272 λῃστὰς

2312 3292 2505 3353 αὐτοὺς
2530 3290 2805 3360 ὠνόμασε.
2839 3289 3202 3343 Κολλυϐισταὶ
3232 3290 3288 3342 δὲ
3328 3285 3476 3359 ,ἦσαν
3504 3291 3554 3342 οἱ
3616 3290 3684 3343 τὰ
3732 3291 3881 3359 νομίο

2315 3397 2499 3454 σματα
2536 3382 2912 3445 ἀλλάσσοντες.
2940 3380 3211 3444 Κόλλυϐος
3247 3382 3356 3450 γὰρ
3408 3377 3544 3445 εἶδος
3571 3374 3772 3435 λεπτοῦ
3794 3399 3878 3435 νου

2316 3476 2585 3545 μίσματος
2619 3473 2843 3547 χαλκοῦ.
2891 3474 3120 3544 Ἐφιστᾷ
3140 3474 3195 3526 δὲ
3218 3475 3400 3537 αὐτοῖς
3450 3477 3762 3545 κατήγορον
3787 3477 3879 3527 καὶ

2312 3570 2401 3620 τὸν
2430 3569 2712 3639 προφήτην
2745 3566 2995 3630 Ἡσαΐαν,
3027 3565 3258 3633 λέγοντα
3283 3582 3295 3597 ·
3335 3567 3392 3618 'U
3415 3562 3560 3629 οἶκός
3584 3584 3709 3636 μου,
3737 3563 3880 3629 nixo;

2314 3661 2619 3728 προσευχῆς
2648 3658 3000 3729 κληθήσεται.
3036 3657 3200 3710 Ἀλλὰ
3247 3658 3321 3727 μὴ
3368 3659 3579 3722 γένοιτο
3610 3662 3704 3711 καί
3736 3661 3879 3729 ἡμᾶς

2314 3750 2418 3816 ἔξω
2452 3749 2547 3804 τοῦ
2582 3750 2729 3821 ίεροῦ
2779 3750 3133 3821 ἐκϐληθῆναι.
3160 3750 3353 3803 Πολλοὶ
3392 3751 3503 3821 γὰρ
3558 3753 3654 3803 καὶ
3698 3753 3758 3803 ἐν
3807 3750 3882 3818 τῷ

2315 3840 2444 3910 ἱερῷ
2478 3842 2556 3911 τῷ
2593 3841 2851 3911 ἡμετέρῳ
2881 3840 3265 3910 εἰσερχόμεθα,
3298 3840 3607 3903 πωλοῦντες
3633 3840 3702 3893 τὰ
3741 3857 3873 3911 χρη-

2315 3932 2414 3983 στὰ
2442 3932 2537 3984 καὶ
2563 3929 2927 4001 ἀγοράζοντες
2960 3930 3028 3983 τὰ
3065 3931 3253 4001 χείρω.
3290 3931 3410 3983 Είσὶ
3438 3930 3494 3983 δὲ
3546 3930 3643 3983 καὶ
3680 3929 3729 3983 οἳ
3757 3946 3883 4001 τρα-

2314 4024 2481 4085 πέζας
2523 4024 2795 4077 κολλύϐων
2829 4023 3054 4094 πλήρεις
3094 4023 3307 4093 ἔχουσιν
3336 4062 3349 4086 ,
3390 4024 3439 4075 οἱ
3470 4022 3882 4090 οἰκονομοῦντες

2318 4115 2418 4185 μὲν
2450 4115 2545 4167 καὶ
2572 4114 2898 4178 διοικοῦντες
2925 4117 2993 4167 τὰ
3021 4114 3475 4180 ἐκκλησιαστικὰ,
3507 4113 3596 4166 διὰ
3639 4114 3697 4166 δὲ
3734 4113 3883 4183 φιλο-

2314 4206 2625 4276 χρηματίαν
2646 4207 2825 4259 πάντα
2866 4204 3168 4266 ποιοῦντες.
3209 4205 3372 4257 Ἀλλὰ
3410 4207 3504 4257 καὶ
3524 4205 3581 4256 αἱ
3627 4205 3884 4276 καθέδραι

2312 4296 2421 4350 τῶν
2465 4296 2784 4349 πωλούντων
2860 4296 2957 4359 τὰς
3011 4301 3338 4367 περιστερὰς
3390 4295 3879 4366 καταστρέψονται,

2313 4390 2481 4459 ἡγουν
2508 4389 2635 4450 τοὺς
2686 4388 2963 4459 ἀρχιερεῖς
2994 4390 3119 4451 τοὺς
3179 4386 3495 4452 πωλοῦντας
3538 4390 3607 4442 τὰ
3641 4406 3887 4460 πνευμα-

659 4465 806 4519 dotio
835 4467 1176 4535 repellentur.
1226 4467 1358 4523 Nam
1412 4472 1501 4539 qtti
1539 4484 1753 4542 propter
1802 4475 1982 4528 datum
2020 4493 2205 4530 aurum

2314 4453 2442 4536 οτι-κὰ
2498 4453 2816 4553 χαρίσματα
2851 4453 2887 4552 ⁷(
2909 4480 3001 4535 τοῦ
3034 4483 3141 4551 γὰρ
3181 4480 3495 4549 Πνεῦματος
3549 4453 3823 4551 σύμϐολον
3854 4484 3885 4551 ή

660 4556 891 4617 ordinat,
917 4558 1191 4626 depositus
1222 4569 1328 4613 est.
1360 4561 1463 4615 Sed
1487 4573 1540 4615 et
1573 4565 1819 4631 quisquis
1850 4569 2074 4631 gratiam
2102 4582 2205 4634 qua

2320 4573 2636 4644 περιστερὰ)
2680 4573 2873 4638 ἐξωθεῖ
2910 4576 2938 4626 ό
2980 4574 3179 4645 Κύριος
3216 4577 3282 4627 ἐκ
3314 4576 3411 4643 τῆος
3448 4575 3880 4644 ἀρχιερωσύνης.

665 4660 733 4699 ex
776 4647 1096 4715 baptismate
1155 4660 1259 4714 est,
1310 4658 1362 4703 et
1403 4651 1719 4707 munditiam
1773 4657 1953 4723 prodit
1992 4656 2223 4719 diabolo,

2332 4663 2389 4717 '0
2416 4664 2525 4734 γὰρ
2556 4664 2644 4717 διὰ
2671 4665 2898 4734 χρυσίου
2940 4666 3148 4729 δόσεως
3181 4664 3524 4738 χειροτονῶν,
3563 4665 3886 4737 καθῃρημέ-

667 4738 756 4793 hic
790 4737 973 4791 vendit
1002 4739 1306 4797 columbam
1346 4758 1498 4798 suam
1537 4763 1551 4799 ι
1611 4757 1893 4816 propterea
1932 4762 1998 4802 ex
2031 4749 2205 4819 letttplt

2324 4774 2433 4819 νος.
2481 4758 2643 4811 Ἀλλὰ
2673 4760 2766 4811 καὶ
2792 4761 2940 4823 ὅστις
2971 4760 3070 4831 τήν
3096 4762 3160 4814 ἐκ
3185 4737 3277 4814 τοῦ
3319 4750 3693 4829 βαπτίσματος
3732 4760 3885 4830 χάριν

661 4843 897 4916 eiicitur.

735 5113 900 5169 Vitas.
935 5115 1119 5171 lit-23.
1160 5134 1178 5166 ι
1215 5116 1429 5172 Etcum
1465 5118 1577 5187 jam
1606 5134 1825 5187 vespera
1846 5131 2010 5185 esset,
2035 5137 2218 5193 egres-

664 5219 756 5259 sus
778 5215 857 5258 est
884 5203 1039 5260 Jesus
1068 5224 1098 5260 e
1122 5208 1360 5262 civitate.
1393 5208 1458 5262 Et
1480 5225 1636 5263 mane
1666 5222 2053 5279 praetereuntes
2080 5216 2222 5271 vide-

669 5306 790 5351 runt
817 5296 978 5351 ﬁcum
1006 5299 1284 5357 exaruisse
1332 5300 1627 5356 radicitus:
1662 5314 1713 5357 et
1767 5307 2075 5359 recordatus
2118 5305 2220 5361 Pe-

2329 4851 2425 4902 καὶ
2458 4848 2809 4923 καθαρότητα
2844 4852 3115 4923 προδώσει
3148 4850 3226 4923 τῷ
3265 4851 3520 4922 διαϐόλῳ,
3550 4845 3709 4913 οὗτος
3745 4850 3885 4903 ἐπώ-

2332 4941 2479 5011 λησεν
2500 4943 2597 5014 τὴν
2629 4946 2953 5015 περιστερὰν
2979 4944 3168 5012 αὑτοῦ,
3207 4942 3477 4999 δήτοῦτο
3507 4943 3603 4996 καὶ
3630 4942 3883 4997 ἐκϐάλλε-

2325 5051 2414 5087 ται
2453 5031 2515 5088 ἐκ
2539 5035 2632 5089 τοῦ
2666 5037 2832 5108 ἱεροῦ.

2401 5159 2417 5177 ι
2458 5129 2569 5181 Kal
2600 5131 2686 5182 ὅτε
2719 5131 2816 5199 ὀψέ
2845 5131 3086 5195 ἐγένετο,
3118 5125 3475 5201 ἐξεπορεύετο
3513 5128 3620 5193 ἔξω
3660 5130 3757 5197 τῆς
3796 5129 3883 5179 πό·

2321 5218 2475 5281 λεως.
2510 5222 2619 5273 Καὶ
2650 5220 2793 5291 πρωῒ
2826 5224 3361 5293 παραπορευόμενοι,
3401 5219 3541 5275 εἶδον
3582 5222 3685 5289 τὴν
3717 5220 3883 5289 συκῆν

2326 5308 2717 5389 ἐξηρημμένην
2746 5314 2807 5365 ἐκ
2844 5312 3027 5383 ῥιζῶν.
3060 5316 3172 5368 Καὶ
3211 5312 3582 5384 ἀναμνησθεὶς
3606 5314 3635 5365 ὁ
3666 5313 3882 5382 Πέτρος.

1640 5463 1729 5522 Ex
1762 5461 2099 5533 collatione
2133 5464 2319 5527 codd.
2350 5436 2578 5527 Venet.
2623 5470 2681 5529 S.
2703 5469 2913 5529 Marci.

667 5603 812 5680 circo
862 5604 1237 5680 maledictione
1285 5606 1527 5680 perculsa
1561 5608 1775 5674 luisset,
1809 5612 1933 5680 quia
1986 5610 2219 5665 fructum

673 5674 872 5728 nullum
920 5677 1165 5731 lialmbat.
1190 5674 1304 5743 Qua
1336 5677 1492 5744 igitur
1522 5681 1587 5732 de
1623 5694 1786 5735 causa
1816 5674 2097 5735 maledicta
2138 5692 2221 5737 est

671 5744 829 5798 arbor
865 5745 988 5798 illa?
1028 5748 1269 5813 Scilicet,
1310 5762 1411 5802 non
1441 5758 1734 5818 propterea
1758 5752 1901 5822 quod
1930 5753 2041 5820 ipsa
2090 5767 2214 5822 pec-

2328 5616 2564 5689 caverit;
2618 5616 2711 5669 sed
2758 5619 3207 5686 quemadmodum
3263 5624 3465 5676 dictum
3516 5630 3623 5689 est,
3658 5631 3717 5674 ut
3772 5636 3867 5689 apo

2328 5686 2447 5763 stoli
2477 5688 2744 5739 disrerent
2765 5691 2903 5755 quod
2932 5691 3091 5746 etiam
3118 5693 3306 5763 punire
3338 5695 3527 5748 possit.
3564 5686 3739 5749 Habet
3773 5686 3881 5746 sm

2324 5766 2372 5809 et
2408 5756 2536 5824 ﬁcus
2574 5767 2770 5825 typum,
2800 5768 2904 5812 etc.
2949 5779 2965 5810 ι
