4108 6334
272 373 375 440 Ci?

953 375 1399 438 ENARRATIO
1437 375 1518 434 ΙΝ
1561 373 2068 435 EVANGELIUM
2115 376 2378 438 MARCI.
2418 403 2487 414 --
2529 377 2688 441 CAP.
2735 380 2844 443 XI.

3453 383 3566 451 618

265 495 417 564 λέγει
441 495 592 568 αὑτῷ
613 511 626 528 ³
664 491 876 559 Ῥαϐὁὶ,
908 493 984 547 ἴδε
1025 496 1059 565 ή
1093 494 1234 564 συκῆ
1259 493 1327 564 ῆν
1363 492 1691 563 κατηράσω,
1728 491 1821 562 ὲξή

1966 501 2084 549 trns
2107 495 2230 549 dicit
2260 495 2336 548 illi
2362 511 2374 547 :
2403 493 2600 564 ltahhi,
2626 511 2758 552 ecce
2785 496 2919 553 ficus
2947 496 3032 552 illa
3052 512 3218 570 qnam
3247 511 3564 562 exsecratus

267 605 450 658 ραται.
505 591 612 641 Καὶ
661 587 985 654 ἀποκριθεὶς
1031 590 1058 640 6
1126 585 1379 657 Ἰησοῦς,
1422 585 1573 654 λέγει
1625 586 1852 649 αὐτοῖς·

266 679 465 752 Ἔχετε
495 681 682 735 πίστιν
711 678 848 734 Θεοῦ
872 697 887 714 ο
922 679 1072 753 ἀμὴν
1095 677 1207 750 γὰρ
1240 678 1384 748 λέγω
1405 679 1558 749 ὑμῖν,
1589 679 1673 732 ὅτι
1700 676 1758 743 ὃς
1789 677 1855 730 ἂν

261 773 394 844 εἴπῃ
419 773 496 842 τῷ
543 772 661 842 δρει
704 772 905 843 τούτῳ,
939 771 1199 843 Ἄρθητι,
1226 772 1323 825 καὶ
1372 769 1604 842 βλήθητι
1643 771 1725 832 είς
1758 771 1855 842 τὴν

259 864 563 927 Θάλασσαν,
626 867 722 918 καὶ
769 864 846 936 μὴ
911 863 1167 935 διακριθῇ
1213 864 1272 917 ιν
1319 865 1387 934 τῇ
1429 861 1629 932 καρδίᾳ
1661 860 1850 925 αὑτοῦ,

257 956 399 1011 ἀλλὰ
427 957 694 1030 πιστεύσῃ
722 958 804 1011 δτι
833 956 869 1011 ἃ
895 956 1046 1026 λέγει
1071 957 1307 1025 γίνεται,
1337 955 1492 1010 ἔσται
1525 954 1675 1024 αύτῷ
1699 954 1728 1007 ὃ
1756 953 1853 1007 ἐὰν

254 1048 411 1119 εῐπῃ.
457 1067 474 1100 t
513 1048 572 1101 Ei
605 1049 702 1101 καὶ
741 1050 768 1102 ό
817 1047 1104 1110 Ματθαῖος
1163 1045 1313 1112 λέγει
1370 1047 1453 1100 ὅτι
1501 1046 1849 1118 παραχρῆμα

253 1138 528 1210 ἐξηράνθη
567 1142 599 1210 ή
637 1140 801 1210 συκῆ.
844 1139 938 1193 καὶ
983 1138 1189 1201 ίδόντες
1218 1140 1266 1192 oi
1304 1138 1550 1208 μαθηταὶ
1601 1136 1849 1208 ἐθαύμα-

256 1247 358 1282 σαν
378 1247 396 1282 .,-
440 1232 513 1301 μὴ
543 1229 853 1302 θορυϐηθῇς
881 1229 1100 1285 ἁκούων
1130 1228 1224 1282 νῦν
1255 1228 1349 1282 τοῦ
1393 1227 1628 1300 Μάρκου
1657 1226 1844 1296 λέγον-

250 1338 369 1384 τος,
407 1323 489 1374 ὅτι
526 1326 593 1394 τῇ
627 1324 889 1395 ἐπαύριον
913 1319 1053 1378 εἶδον
1080 1322 1482 1394 ἐξηραμμένην
1511 1325 1610 1397 τὴν
1647 1321 1842 1391 συκῆν.

249 1411 412 1466 Οῦτω
446 1415 554 1484 γὰρ
586 1413 794 1482 ὀφείλει
820 1415 962 1466 νοεῖν
989 1413 1050 1467 τὸ
1073 1415 1225 1482 παρὰ
1255 1412 1332 1484 τῷ
1359 1411 1651 1482 Ματθαίῳ,
1677 1430 1695 1462 ι
1735 1411 1845 1466 Καὶ

248 1508 603 1579 παραχρῆμα
656 1507 932 1578 ἐξηράνθη
981 1511 1011 1577 ἡ
1064 1507 1230 1577 συκῆ.
1286 1525 1305 1560 t
1366 1505 1534 1578 Στῆθι
1579 1501 1675 1559 οὖν
1712 1505 1843 1576 ἄχρι

247 1600 445 1654 τούτου
477 1617 489 1629 °
522 1597 641 1655 εἷτα
672 1602 816 1665 είπὲ,
855 1603 963 1655 Καὶ
999 1601 1201 1665 ίδόντες
1235 1602 1286 1653 οἱ
1308 1600 1567 1670 μαθηταὶ,
1599 1599 1844 1670 ἐθαύμα-

249 1712 372 1747 σαν.
411 1695 544 1747 Πότε
575 1711 590 1758 ;
631 1693 871 1759 Ἰδόντες,
907 1694 968 1747 οὐ
1005 1693 1372 1765 παραχρῆμα,
1400 1692 1536 1746 ἀλλὰ
1567 1695 1632 1763 τῇ
1665 1690 1843 1745 ἐπαύ-

249 1807 390 1861 ριον.
421 1788 609 1851 Οὕτως
642 1787 734 1842 οὖν
769 1787 982 1841 νοοῦντι
1009 1786 1164 1840 ούδὲν
1191 1785 1399 1857 ἄπορον
1429 1785 1838 1856 ἀπαντήσεται.

1967 599 2047 650 es,
2080 588 2318 640 exaruit.
2369 587 2443 641 Et
2485 591 2848 658 respondens,
2899 586 3032 644 dicit
3083 589 3241 648 illis:
3292 590 3564 650 Confidite

1967 675 2076 730 Deo
2101 692 2117 742 ;
2152 691 2310 732 amen
2339 677 2464 734 dico
2480 680 2636 735 vobis
2659 679 2803 751 quod
2832 679 3150 752 quicunque
3169 681 3368 738 dixerit
3391 685 3561 740 monti

1966 767 2096 819 huic
2121 784 2135 820 :
2166 765 2422 833 Tollaris,
2448 783 2512 824 ac
2542 769 2782 827 mittaris
2810 770 2864 825 in
2909 766 3085 837 mare,
3106 783 3162 830 et
3190 789 3297 830 non
3339 775 3562 832 nassite-

1963 859 2100 909 verit
2131 859 2183 911 in
2216 858 2383 915 corde
2427 874 2550 923 suo,
2583 860 2679 916 sed
2707 860 3007 919 crediderit
3031 862 3149 921 fore
3187 881 3310 937 qua:
3334 868 3560 933 dixerit,

1960 948 2067 1002 erit
2093 948 2167 1002 illi
2191 950 2454 1023 quidquid
2486 953 2707 1008 dixerit.
2748 974 2767 1008 ι
2808 953 3048 1011 Tametsi
3088 957 3375 1016 Matthteus
3407 961 3563 1017 dixe-

1961 1041 2031 1094 rit
2059 1043 2203 1110 quod
2232 1043 2421 1099 statim
2453 1046 2672 1102 exaruit
2711 1050 2879 1117 licus,
2919 1057 2976 1106 et
3007 1050 3256 1108 videntes
3300 1053 3557 1126 discipuli

1957 1133 2212 1189 admirati
2249 1135 2382 1203 sint,
2433 1137 2570 1192 nihil
2595 1143 2869 1196 movearis
2893 1143 3118 1198 audiens
3139 1159 3286 1201 nunc
3307 1147 3555 1203 Marcum

1957 1224 2228 1281 dicentem
2286 1230 2430 1298 quod
2489 1233 2744 1301 sequenti
2819 1234 2911 1290 die
2966 1236 3202 1290 viderint
3271 1241 3558 1295 exaruisse

1957 1321 2143 1378 ficum.
2175 1322 2266 1381 Sic
2321 1319 2470 1381 enim
2521 1327 2828 1400 intelligere
2879 1330 3045 1386 debes
3107 1332 3158 1387 id
3211 1333 3355 1404 quod
3410 1337 3553 1405 apud

1955 1413 2291 1484 Mattltteum,
2325 1435 2344 1470 ι
2380 1416 2449 1471 Ει
2475 1419 2662 1477 statim
2694 1422 2913 1480 exaruit
2951 1425 3088 1479 ﬁcus
3137 1423 3208 1479 εἰ
3248 1441 3358 1498 quo
3389 1427 3553 1492 lecto,

1953 1510 2216 1575 subsiste,
2245 1521 2299 1566 et
2334 1514 2461 1568 dein
2527 1513 2612 1570 dic
2646 1530 2661 1568 :
2701 1515 2766 1571 Et
2802 1531 2926 1573 cum
2972 1519 3243 1577 vidissent
3279 1510 3554 1594 discipuli,

1952 1601 2210 1658 admirati
2241 1614 2388 1660 sunt.
2427 1605 2698 1673 Quando?
2747 1607 2886 1666 Cum
2945 1611 3218 1670 vidissent
3248 1633 3260 1670 :
3295 1631 3404 1669 non
3439 1630 3556 1672 sta-

1955 1699 2074 1760 tim,
2103 1698 2196 1751 sed
2223 1700 2474 1769 sequenti
2512 1702 2602 1759 die
2631 1720 2644 1758 :
2690 1703 2919 1774 proinde
2955 1705 3035 1762 sic
3059 1706 3383 1781 intelligcnti
3416 1713 3552 1765 nihil

1952 1787 2170 1844 difﬁcile
2195 1793 2456 1848 occurrit.
2495 1791 2629 1851 Vide
2658 1795 2785 1851 item
2809 1805 2946 1852 etex
2980 1797 3083 1854 hoc
3129 1799 3248 1856 loco
3275 1805 3553 1872 quomodo

250 1882 396 1951 Ὅρα
437 1881 493 1933 δὲ
534 1881 654 1944 πῶς
685 1879 984 1935 κάντεῦθεν
1016 1878 1152 1944 Θεὸς
1196 1878 1475 1935 δείκνυται
1509 1878 1538 1932 ὁ
1577 1879 1830 1949 Χριστός.

1947 1881 2198 1940 Christus
2232 1895 2572 1942 monstretur
2603 1887 2746 1945 Deus
2774 1905 2788 1955 ;
2823 1889 2954 1946 dicit
2993 1892 3140 1946 enim
3174 1906 3272 1962 per
3296 1871 3552 1965 praphe-

240 1972 386 2040 Φησὶ
416 1972 524 2041 γὰρ
561 1971 648 2026 διὰ
680 1970 790 2026 τῶν
823 1968 1124 2042 προφητῶν
1179 1971 1208 2024 6
1259 1969 1466 2040 Κύριος
1497 1986 1514 2002 ο
1556 1968 1700 2038 Ἐγὼ
1740 1969 1836 2040 ξη-

246 2065 418 2133 ραίνω
460 2064 618 2128 ξύλον
680 2063 912 2135 χλωρὸν,
973 2063 1067 2118 καὶ⁵
1117 2061 1408 2117 ἀναθάλλω
1434 2062 1595 2127 ξύλον
1646 2062 1836 2134 ξηρόν.

241 2153 542 2223 Θαύμασον
567 2153 624 2207 δὲ
653 2152 751 2224 τὴν
782 2153 936 2207 θείαν
960 2153 1402 2223 φιλανθρωπίαν,
1430 2154 1550 2214 πῶς
1584 2153 1681 2207 καὶ
1705 2155 1738 2225 ή
1749 2155 1840 2223 μίν

238 2249 359 2311 τοῖς
388 2247 477 2301 διὰ
534 2249 774 2310 πίστεως
819 2246 1203 2318 ὀμοιουμένοις
1261 2246 1433 2316 αὐτῷ,
1465 2247 1698 2317 δύναμιν
1742 2247 1837 2301 τοῦ

241 2339 688 2410 θαυματουργείν
713 2338 950 2404 δίδωσιν,
971 2340 1040 2410 ἢν
1057 2338 1220 2403 αὐτὸς
1252 2340 1498 2408 φυσικῶς
1528 2340 1663 2411 ἔχει,
1695 2340 1837 2394 ὥστε

242 2431 340 2485 καὶ
373 2431 474 2502 δρη
511 2430 861 2502 μεθιστάνειν
892 2430 1176 2488 δύνασθαι.
1205 2430 1371 2501 Ὄρος
1393 2431 1447 2483 δὲ
1481 2435 1576 2485 καὶ
1602 2433 1636 2504 ή
1669 2432 1838 2503 ὑπερ-

239 2526 452 2593 ήφανος
521 2517 751 2595 γνώμη,
808 2522 992 2596 ὑψηλή
1059 2542 1144 2588 τις
1237 2523 1374 2578 οὖσα
1437 2527 1533 2579 καὶ
1597 2526 1833 2598 σκληρά.

241 2615 438 2678 Ὀστις
477 2611 569 2670 οὖν
599 2616 704 2687 ὁρᾷ
726 2615 788 2669 τὸ
815 2616 911 2687 τῆς
947 2616 1335 2688 ὑπερηφανίας
1369 2619 1544 2682 παοος
1575 2618 1831 2689 ὲνοχλοῦν

237 2706 413 2778 αὐτῷ,
442 2708 538 2761 καὶ
570 2708 873 2773 σπουδάζον
921 2709 1083 2762 αὑτὸν
1119 2710 1372 2764 ἐκϐαλεῖν
1415 2710 1520 2780 τῆς
1567 2709 1660 2764 τοῦ
1696 2710 1833 2764 Θεοῦ

237 2801 554 2871 ἐπισκοπῆς
605 2803 700 2854 καὶ
765 2804 1027 2874 προνοίας
1080 2804 1456 2876 (ὑπερήφανος
1517 2805 1628 2875 γάρ
1685 2807 1834 2860 ἐστιν

235 2895 450 2957 ἐκεῖνος
490 2897 516 2947 6
548 2894 725 2963 λέγων
754 2896 837 2950 ὅτι
891 2896 1070 2950 πάντα
1108 2898 1271 2968 αὐτὸς
1308 2899 1590 2969 κατορθοῖ,
1640 2894 1737 2954 καὶ
1771 2907 1833 2955 οὑ

237 2984 330 3037 διὰ
363 2985 548 3056 Θεοῦ),
589 2988 618 3039 6
646 2986 890 3050 τοιοῦτος
924 2986 1018 3042 οὖν
1049 2989 1254 3057 ὀφείλει
1290 2992 1554 3062 ἐπιτιμᾷν
1599 2991 1677 3063 τῷ
1715 2991 1833 3062 δρει

239 3078 440 3149 τούτῳ,
502 3082 570 3151 τῇ
628 3080 984 3153 ὑπερηφανία
1045 3081 1210 3152 λέγω,
1265 3085 1358 3136 καὶ
1420 3084 1600 3153 λέγειν
1650 3085 1832 3156 αὐτῇ·

245 3173 508 3244 Ἄρθητι,
546 3175 643 3227 καὶ
681 3174 910 3246 βλήθητι
953 3177 1033 3239 είς
1061 3176 1158 3248 τὴν
1191 3176 1490 3243 θάλασσαν,
1527 3179 1828 3240 τουτέστιν,

236 3265 322 3328 εἰς
352 3269 653 3337 κοσμικοὺς
684 3266 1029 3340 ἀνθρώπους,
1068 3270 1195 3333 τοὺς
1230 3270 1289 3324 ὲν
1339 3272 1405 3341 τῇ
1441 3267 1687 3342 θαλάσση
1733 3269 1830 3324 τοῦ

239 3359 359 3430 βίον
385 3360 579 3413 τούτου
631 3362 794 3426 δντας
848 3363 942 3416 καὶ
977 3362 1262 3427 ἀπίστους.
1327 3356 1498 3427 Οὗτος
1542 3363 1598 3417 δε
1658 3363 1720 3417 οὐ
1755 3364 1830 3436 μὴ

236 3455 516 3526 διακριθῇ,
543 3455 812 3524 τουτέστι,
833 3456 1170 3529 διαχωρισθῇ
1199 3458 1311 3511 ἀπὸ
1336 3459 1429 3513 τοῦ
1452 3457 1610 3512 Θεοῦ.
1643 3459 1701 3512 ’0
1719 3460 1829 3530 γὰρ

235 3547 590 3617 ὑπερήφανος
614 3547 908 3618 χωρίζεται
931 3547 1038 3603 ἀπὸ
1054 3548 1191 3604 Θεοῦ
1210 3549 1386 3618 λέγων
1418 3552 1500 3604 ὃτι
1519 3552 1688 3605 Οὐδὲν
1719 3549 1830 3622 ἔχω

235 3635 347 3690 ἀπὸ
385 3636 544 3696 Θεοῦ,
602 3636 961 3709 οὑδὲχρῄζω
993 3641 1092 3710 τῆς
1129 3641 1450 3712 συμμαχίας
1482 3641 1648 3695 αὑτοῦ
1686 3643 1826 3714 (78).

315 3748 333 3780 ι
372 3729 469 3782 Διά
495 3730 653 3783 τοῦτο
691 3731 835 3799 λέγω
872 3733 1022 3803 ὑμῖν,
1056 3729 1240 3789 Πάντα
1275 3736 1374 3788 ὅσα
1409 3735 1476 3790 ἂν
1524 3741 1828 3810 προσευχό-

238 3813 392 3890 μενοι
426 3821 687 3885 αξτείσθε,
713 3824 998 3877 πιστεύετε
1047 3825 1129 3879 ὅτι
1169 3825 1502 3895 λαμϐάνετε,
1545 3829 1639 3882 καὶ
1673 3828 1826 3884 ἔσται

234 3915 388 3986 ὖμῐν.
437 3916 549 3969 Καὶ
595 3917 723 3970 ὅταν
775 3902 1016 3988 στήκητε
1085 3919 1552 3991 προσευχόμενοι,
1633 3923 1824 3990 ἀφίετε
1871 3925 1874 3929 ’

231 4007 282 4058 εἰ
327 4025 380 4060 τι
409 4007 562 4077 ἔχετε
591 4008 735 4062 κατά
762 4026 956 4074 τινος,,
997 4011 1082 4064 ἵνα
1117 4012 1212 4065 καὶ⁴
1237 4014 1264 4065 6
1298 4012 1490 4084 Πατὴρ
1524 4013 1679 4083 ὑμῶν
1709 4017 1737 4068 6
1767 4017 1824 4068 ἐν

231 4103 346 4159 τοῖς
379 4100 631 4172 οὐρανοῐς
675 4103 785 4171 διφῇ
813 4102 942 4172 ὑμῖν
968 4105 1038 4156 τὰ
1089 4103 1521 4175 παραπτώματα
1550 4105 1730 4177 ὑμῶν.
1759 4107 1822 4161 Ei

227 4191 286 4244 δὲ
323 4191 479 4260 ὑμεῖς
507 4193 608 4247 οὐκ
641 4195 850 4262 ἀφίετε,
892 4194 1012 4248 οὐδὲ
1065 4198 1093 4249 ὁ
1148 4197 1339 4268 Πατὴρ
1370 4197 1525 4266 ὑμῶν
1549 4200 1578 4252 6
1620 4198 1679 4253 ἐν
1709 4201 1822 4263 τοῖς

227 4282 480 4354 οὐρανοῖς
513 4286 712 4353 ἀφήσει
745 4291 813 4341 τα
874 4289 1312 4361 παραπτώματα
1343 4290 1520 4360 ὑμῶν.
1563 4310 1581 4343 t
1628 4292 1690 4345 '0
1737 4295 1822 4347 ὲν-

225 4377 496 4441 διαθέτως
529 4381 801 4433 πιστεύων
842 4382 1065 4446 παντως
1123 4385 1204 4447 είς
1263 4384 1399 4438 Θεὺν
1448 4386 1696 4441 ἀνέτεινε
1721 4387 1820 4458 τὴν

226 4472 460 4543 καρδίαν
499 4473 694 4542 αὑτοῦ,
748 4475 841 4527 καὶ
887 4475 953 4528 ἵν’
985 4475 1124 4529 εἴπω
1150 4477 1216 4530 τὸ
1275 4478 1368 4532 τοῦ
1411 4479 1599 4544 Δαόὶδ,
1631 4479 1817 4551 ἐξέχεε

1857 3222 1904 3284 (ι

1947 1978 2456 2050 ιίιιιιιςῡοιιιὶιιιιεθν
2491 1999 2503 2037 :
2537 1978 2648 2052 Ego
2681 1984 2897 2039 aridum
2936 1982 3081 2041 facio
3108 1987 3315 2059 lignum
3351 1989 3547 2050 viride,

1943 2082 1998 2128 et
2036 2073 2347 2141 germinare
2384 2073 2530 2130 facio
2563 2076 2772 2148 lignum
2825 2078 3061 2134 aridum.
3107 2080 3279 2136 Porro
3330 2082 3550 2138 mireris

1945 2167 2184 2220 divinam
2219 2167 2682 2232 misericordiam,
2719 2170 2996 2240 quomodo
3025 2173 3192 2228 etiam
3241 2173 3425 2240 nobis,
3453 2177 3545 2246 qui

1943 2275 2040 2327 per
2092 2262 2251 2315 lident
2309 2261 2383 2316 illi
2413 2263 2806 2330 assintilatnur,
2864 2266 3123 2321 virtutem
3169 2268 3261 2321 dat
3310 2269 3546 2324 faciendi

1945 2352 2227 2419 miracula,
2266 2369 2428 2424 quam
2472 2356 2589 2424 ipse
2646 2367 2844 2412 natura
2897 2357 3082 2420 habet,
3124 2360 3196 2414 ita
3234 2372 3290 2413 ttt
3331 2375 3548 2417 montes

1943 2446 2243 2501 transferre
2278 2449 2575 2517 possimus.
2601 2448 2757 2503 Mons
2789 2462 2972 2506 autem
2998 2462 3080 2507 est
3110 2453 3277 2507 etiam
3311 2458 3546 2526 superba

1944 2553 2120 2604 mens,
2153 2553 2276 2593 cum
2307 2554 2574 2608 armgans
2596 2551 2680 2595 est
2706 2551 2760 2595 et
2784 2533 3089 2600 οιιειίιιιιιι.
3115 2543 3252 2602 Nam
3278 2547 3372 2617 qui
3399 2547 3548 2602 videt

1943 2632 2214 2698 superbia:
2243 2633 2497 2688 morbum
2565 2622 2688 2689 sibi
2730 2638 3093 2692 ohsistontem
3156 2651 3210 2694 et
3254 2621 3545 2695 conantem

1940 2720 2140 2790 ejicere
2165 2721 2341 2792 ipsuut
2371 2739 2399 2777 a
2426 2724 2805 2779 visitationcet
2829 2726 3171 2793 providentia
3195 2726 3289 2783 Dei
3332 2727 3548 2800 (supcr-

1943 2815 2046 2870 bus
2083 2816 2233 2869 enim
2269 2816 2356 2870 ille
2392 2825 2477 2871 est
2509 2817 2601 2886 qni
2631 2817 2764 2872 dicit
2805 2818 2951 2889 quod
2992 2820 3178 2874 omnia
3213 2822 3384 2890 possit
3428 2822 3546 2890 ipse

1938 2908 2059 2962 sine
2082 2907 2188 2964 Deo
2210 2909 2519 2979 pet-ficere),
2549 2909 2670 2964 talis
2703 2911 2866 2980 igitur
2887 2913 3046 2968 debet
3067 2914 3354 2982 increpare
3386 2914 3535 2969 illum

1941 3011 2202 3066 montem,
2230 3004 2544 3072 superbiam
2581 3004 2725 3070 dico,
2757 3014 2812 3060 et
2845 3005 3028 3060 dicere
3053 3007 3102 3060 ei
3141 3021 3157 3060 :
3201 3005 3453 3074 Telluris,
3487 3019 3543 3064 et

1939 3094 2176 3149 mittaris
2208 3095 2260 3148 in
2308 3111 2482 3157 mare,
2515 3095 2618 3165 hoc
2659 3107 2762 3164 est,
2818 3097 2870 3150 itt
2908 3098 3222 3154 mundanus
3268 3083 3540 3166 homines,

1940 3185 2046 3240 hoc
2078 3199 2182 3252 εει,
2220 3201 2316 3243 eos
2348 3188 2441 3258 qui
2482 3189 2536 3242 in
2568 3190 2703 3243 mari
2738 3189 2902 3260 hujus
2942 3192 3066 3245 vita:
3089 3200 3219 3246 sunt
3268 3207 3332 3246 ac
3363 3194 3544 3248 incre—

1943 3276 2056 3331 duli
2103 3297 2116 3333 :
2170 3279 2285 3347 ipse
2316 3290 2500 3334 autem
2537 3293 2816 3350 nunquam
2846 3279 3078 3338 hmsitet,
3123 3280 3226 3335 hoc
3254 3289 3359 3346 est,
3393 3296 3544 3351 Sepa-

1941 3380 2090 3424 retur
2130 3386 2160 3426 a
2209 3370 2340 3427 Dco.
2385 3370 2667 3441 Superbus
2730 3374 2874 3427 enim
2905 3383 3251 3442 separalura
3292 3373 3424 3439 Deo,
3457 3376 3541 3428 tli-

1937 3478 2069 3517 cens
2122 3478 2136 3514 :
2189 3459 2337 3518 Nihil
2402 3480 2430 3517 a
2476 3464 2587 3520 Deo
2647 3465 2859 3531 haheo,
2915 3480 3091 3534 neque
3147 3465 3366 3537 indigeo
3421 3465 3541 3537 ejus

1938 3556 2166 3611 auxilio.

2006 3737 2171 3794 Vens.
2223 3737 2326 3803 24,
2359 3737 2450 3793 25.
2507 3757 2524 3791 ι
2580 3736 2876 3809 Propterea
2926 3740 3049 3796 dico
3101 3740 3259 3797 vobis
3296 3759 3309 3795 :
3340 3742 3536 3797 Omnia

1933 3848 2273 3905 quaecunque
2299 3842 2523 3887 orantes
2553 3832 2763 3903 petitis,
2798 3834 3012 3889 credite
3036 3834 3184 3904 quod
3225 3838 3535 3903 accipietis,

1931 3935 1985 3980 et
2016 3933 2181 3980 erunt
2202 3924 2377 3980 vobis.
2401 3924 2602 3979 Etcum
2629 3927 2897 3982 steteritis
2920 3937 3168 3994 orantes,
3198 3930 3464 3984 rentittitc
3485 3932 3531 3984 si

1929 4019 2081 4089 quid.
2103 4017 2321 4074 habetis
2354 4017 2632 4094 adversus
2679 4019 2939 4090 aliquem,
2982 4030 3040 4074 ttt
3075 4032 3128 4076 et
3162 4021 3323 4076 Patet-
3353 4035 3534 4077 vester

1927 4113 2019 4181 qui
2049 4113 2102 4166 in
2145 4110 2302 4166 ctelis
2327 4119 2438 4178 est,
2466 4111 2711 4167 remittat
2732 4111 2888 4167 vobis
2919 4112 3120 4167 delicta
3143 4125 3343 4184 vestra.
3374 4115 3528 4182 Quod

1927 4206 1971 4260 si
2003 4219 2096 4259 vos
2126 4220 2234 4259 non
2266 4203 2614 4272 dimiseritis,
2660 4219 2840 4276 neque
2882 4205 3051 4261 Pater
3106 4216 3292 4262 vester
3333 4212 3424 4280 qui
3475 4211 3529 4264 in

1926 4303 2083 4358 cmlis
2108 4310 2215 4366 est,
2239 4303 2475 4357 diruitth
2510 4300 2666 4356 vobis
2698 4310 2921 4370 peccata
2967 4312 3171 4358 vestra.
3211 4322 3229 4354 ι
3271 4303 3370 4371 Qui
3410 4322 3532 4358 nt:t-

1924 4412 2027 4468 grta
2065 4395 2353 4451 affectione
2374 4395 2570 4455 credit,
2594 4410 2692 4449 cor
2733 4410 2894 4449 suum
2930 4398 3158 4450 omnino
3181 4400 3425 4454 extendit
3458 4403 3526 4456 ad

1925 4489 2096 4545 Deum
2117 4530 2131 4554 ,
2162 4494 2335 4561 el,;ut
2371 4487 2544 4558 ipsius
2570 4487 2738 4542 David
2766 4488 2946 4542 verbis
2971 4499 3114 4551 utar,
3150 4489 3374 4546 effundit
3408 4495 3529 4548 ani-

223 4563 326 4633 τὴν
353 4562 534 4635 ψυχὴν
565 4565 733 4618 αὐτοῦ
764 4567 995 4620 ἐνώπιον
1017 4568 1113 4620 τοῦ
1147 4568 1308 4624 Θεοῦ.
1359 4569 1419 4623 ’0
1446 4571 1502 4626 δὲ
1527 4573 1817 4633 ἀνατείνας

1938 4598 2073 4646 mam
2112 4597 2266 4638 suam
2306 4595 2492 4637 coram
2535 4577 2669 4642 Deo.
2717 4577 2821 4646 Qui
2881 4591 3068 4634 autem
3125 4584 3375 4640 extendit
3429 4602 3527 4641 cor

222 4663 328 4734 τὴν
360 4664 590 4735 καρδίαν
633 4664 797 4718 aito-3
852 4667 987 4736 πρὸς
1020 4666 1170 4733 Θεὸν,
1223 4668 1432 4739 ἥνωται
1473 4670 1669 4741 ἐκείνῳ
1719 4673 1815 4724 καὶ

225 4761 661 4832 πληροφορεῖται
709 4766 740 4835 ή
793 4765 992 4833 καρδία
1047 4766 1216 4819 αὐτοῦ
1286 4758 1811 4840 διαθερμαινομὲνη,

223 4854 310 4907 ὅτι
342 4855 587 4927 ἐπιτύχοι
621 4857 723 4925 τῆς
757 4859 1050 4929 αἰτήσεως.
1090 4860 1282 4923 Ὅστις
1311 4851 1403 4914 οὖν
1439 4862 1608 4915 ἔπαυε
1629 4861 1809 4927 τοῦτο,

299 4995 367 5029 ⁹²”
395 4995 756 5061 Ezeclr.__xvtt,
788 4996 842 5062 5,
875 5012 1030 5068 seqq.

1926 4691 2084 4732 suum
2119 4676 2187 4730 ad
2221 4675 2414 4738 Deum.
2438 4674 2630 4729 unitttr
2661 4672 2759 4739 illi,
2803 4680 2858 4727 et
2898 4670 3256 4734 fervefaciunt
3289 4693 3386 4733 cor
3406 4680 3526 4748 ejus

1926 4781 2176 4836 magnam
2207 4764 2590 4821 ccrtitudinem
2640 4766 2808 4818 smnit
2851 4765 2995 4834 quod
3034 4766 3140 4819 voti
3169 4766 3335 4841 235
3367 4785 3523 4827 com-

1923 4875 2023 4932 pos
2063 4859 2198 4914 fiat:
2228 4857 2281 4912 id
2310 4857 2453 4925 quod
2488 4859 2698 4927 experti
2730 4859 2912 4912 sciunt
2935 4874 3148 4914 omnes.
3187 4863 3395 4932 Opinor
3423 4880 3520 4920 an~

1185 5090 1276 5155 Ex
1312 5090 1657 5152 collatione
1709 5091 1899 5154 codd.
1931 5092 2165 5153 Venet.
2215 5088 2284 5150 S.
2323 5084 2548 5148 Marci.

274 5220 289 5273 f
299 5214 389 5284 78)
412 5215 656 5288 Cod.‘2l}:
677 5216 809 5288 Οὐδὲ
827 5217 1010 5288 χρῄζω
1028 5218 1123 5287 τῆς
1136 5217 1463 5288 συμμαχίας,
1477 5215 1665 5288 αὑτοῦ,
1681 5217 1818 5271 ἄλλα

226 5289 323 5340 καὶ
337 5287 482 5357 κατὰ,
496 5285 836 5357 ὑψηλοτέραν
850 5285 878 5338 ε
888 5285 1103 5357 κδοχὴν,
1117 5285 1220 5357 τὴν
1234 5285 1338 5356 ἀμε
1348 5305 1437 5339 σον
1454 5287 1634 5340 λαϐὼν
1649 5291 1678 5341 6
1693 5289 1816 5351 νοῦς

227 5359 366 5428 πρὺς
401 5356 532 5408 Θεὸν
563 5356 777 5422 ἕνωσιν,
802 5358 902 5428 τὴν
936 5356 1198 5430 mssast»
1227 5359 1370 5430 κατα
1391 5359 1552 5430 φύσιν
1580 5359 1816 5430 δύναμιν

224 5427 344 5498 ἔχει
372 5427 742 5499 σχολάζουσαν
775 5428 1053 5491 παντελῶς
1082 5446 1093 5458 ·
1129 5430 1292 5499 ήνίκα
1323 5429 1380 5481 δὲ
1405 5427 1612 5497 ταύτην
1637 5427 1813 5494 λύσει,

223 5503 426 5566 νηήσας
449 5514 508 5569 τι
548 5498 659 5550 τῶν
690 5501 827 5567 μετὰ
855 5500 990 5552 Θεὸν
1013 5539 1026 5563 ,
1053 5498 1298 5569 διεκρίθη
1331 5499 1507 5552 τεκὼν
1541 5500 1640 5568 τὴν
1673 5501 1815 5569 ὑπὲρ

224 5568 651 5642 νόησινλένωσιν,
683 5569 893 5642 καθ’ἥν
923 5569 1028 5632 ἕως
1061 5572 1179 5642 ἐστὶ
1207 5568 1431 5642 τῷΘεῴ
1465 5568 1813 5642 σύνημμένος

219 5641 300 5702 ὡς
335 5640 474 5709 ὑπὲρ
517 5639 700 5706 φύσιν,
741 5641 831 5693 καί
873 5643 937 5710 τῇ
995 5640 1212 5710 μεθέξει
1239 5641 1370 5702 Θεὸς
1400 5639 1767 5709 γεγενημένος
1793 5678 1807 5702 ,

225 5711 485 5779 καθάπερ
503 5711 626 5778 ὄρος
649 5711 909 5787 ἀκίνητον
921 5709 1136 5787 ςὲαυξοῦ
1171 5713 1260 5787 τζιν
1281 5711 1614 5787 τῆςφύσεως
1642 5727 1809 5787 pera-7

222 5782 442 5849 τίθησιν
482 5784 664 5849 νόμον.
719 5782 827 5834 Καὶ
845 5781 944 5834 διὰ
974 5780 1153 5834 τοῦτο
1180 5780 1538 5850 ,λέγωύμῐιη
1580 5799 1634 5835 κ.
1666 5797 1716 5832 τ.
1753 5780 1803 5836 λέ

228 5873 249 5904 ι
297 5856 479 5922 hcque
505 5852 721 5921 indigeo
747 5852 866 5920 ejus
893 5854 1112 5919 auxilio,
1151 5851 1344 5909 Vcrtttu
1371 5866 1424 5907 et
1449 5851 1600 5922 juxta
1635 5852 1805 5906 subli-

520 5952 788 6013 f‘t'rttOL.
822 5951 941 6013 Gn.
978 5948 1263 6014 CXXIII.

1921 5219 2147 5285 miorem
2181 5213 2614 5285 expositionem,
2649 5228 2801 5269 meus
2833 5229 2952 5282 qnze
2977 5215 3347 5270 immediatam
3388 5235 3512 5279 cum

1920 5279 2029 5341 Deo
2062 5279 2316 5340 unionem
2350 5287 2544 5338 sortita
2573 5294 2680 5355 est,
2714 5279 2876 5342 habet
2905 5287 3206 5346 naturalem
3239 5289 3514 5356 cogitandi

1919 5358 2231 5412 facultatem
2279 5357 2503 5411 omnino
2531 5355 2762 5410 otiosum
2792 5373 2805 5408 :
2835 5372 2959 5411 cum
2993 5373 3120 5411 vero
3145 5357 3282 5410 hanc
3310 5355 3514 5421 dissid—

1914 5430 2090 5494 verit,
2126 5427 2405 5497 quidpiam
2450 5440 2795 5494 eorttttthuae
2840 5429 3140 5481 secundum
3180 5430 3346 5483 Deum
3385 5442 3514 5483 sunt

1911 5501 2179 5581 cogitans,
2213 5508 2469 5579 censetur
2500 5497 2777 5566 peperisse
2808 5511 2931 5581 c;t_m
2959 5538 2974 5562 ,
3007 5514 3128 5567 qutc
3159 5514 3323 5568 supra
3359 5503 3510 5569 rogi-

1913 5568 2173 5639 tationem
2197 5577 2302 5628 est,
2335 5568 2594 5639 unionem
2631 5584 2644 5620 :
2679 5569 2980 5639 secundum
3010 5583 3196 5637 quam,
3223 5568 3510 5639 quensqne

1913 5635 2024 5693 Deo
2057 5639 2344 5708 conjuncta
2388 5635 2573 5698 fuerit,
2611 5635 2760 5708 velut
2793 5653 2957 5707 supra
2993 5635 3279 5704 naturam}
3316 5657 3375 5693 ac
3414 5635 3511 5707 per

1913 5707 2390 5780 participationem
2443 5707 2852 5780 Deusueffccta,
2893 5719 3102 5780 naturae
3146 5727 3258 5764 suae
3299 5713 3508 5780 legem,

1917 5780 2072 5901 qngtsi
2097 5789 2339 5833 montem
2368 5778 2728 5846 immobilem,
2755 5778 3042 5835 transfert.
3075 5778 3507 5850 Pt-optereddt‘ca

1919 5865 1977 5901 ιιο
2019 5866 2087 5901 ts.
2125 5865 2145 5900 ι
2177 5859 2285 5901 ctc.

1919 5859 2087 5918 vobis,
2125 5865 2145 5900 ι
2177 5859 2285 5905 ctc.

3113 5945 3192 6006 20
