4108 6334
614 420 719 487 (23

1530 406 2106 473 THEOPHYLACTl
2152 403 2561 467 BULGARIE
2601 401 2955 463 ARCHIE‘P.

3745 396 3848 461 624

616 534 828 591 tradidit
866 531 1147 595 ltomzinis,
1176 539 1225 584 et
1258 527 1513 599 populum
1545 525 1827 583 collocavit
1864 523 1983 577 a‘iis
2032 520 2169 591 agri-

2291 520 2429 585 Γίδς,
2458 519 2716 573 ἀπολέσει
2740 518 2863 578 τοὺς
2889 515 3190 587 γεωργοὺς,
3216 510 3495 584 παραδοὺς
3524 510 3724 573 αὐτοὺς
3746 514 3856 573 τοῖς

611 628 766 691 colis,
802 622 1054 694 apostolis
1089 621 1315 675 scilicet.
1360 618 1451 674 Vis
1498 620 1678 673 videre
1732 616 2003 685 quomodo
2046 627 2173 683 apo-

613 722 735 777 stoli
790 716 1055 774 coluerint
1096 714 1346 769 vineam?
1378 712 1519 783 Lege
1564 710 1768 765 librum
1804 708 2086 768 Actorum,
2124 715 2176 757 et

614 810 853 865 invenies
892 807 991 860 tria
1027 804 1194 861 millia
1226 812 1279 859 et
1306 802 1543 871 quinque
1565 799 1731 855 millia
1764 798 1921 853 simul
1950 796 2175 852 credere

614 919 674 955 ac
715 899 897 956 oll‘erri
939 900 991 953 in
1024 896 1291 968 primitias
1325 894 1453 949 Deo.

681 1155 846 1211 Vens.
888 1155 1069 1210 ιιι-η.
1107 1174 1126 1206 ι
1173 1154 1255 1209 An
1297 1169 1364 1208 ne
1395 1153 1533 1207 hanc
1580 1152 1794 1222 quidem
1839 1149 2172 1221 Scripturam

612 1248 848 1317 legistis?
876 1247 1125 1316 Lapidem
1173 1260 1331 1313 quem
1369 1244 1785 1312 reprohaveruut
1818 1241 1852 1294 ii
1885 1242 1974 1311 qui
2002 1239 2173 1294 indili-

613 1348 829 1407 cahant,
863 1342 947 1397 hic
998 1340 1171 1392 factus
1215 1345 1297 1391 est
1339 1337 1389 1389 in
1421 1344 1577 1401 caput
1620 1334 1799 1402 anguli
1836 1352 1847 1386 :
1881 1349 1910 1386 a
1952 1333 2178 1387 Domino

616 1442 785 1491 laetus
815 1445 894 1490 est
932 1434 1038 1497 hic,
1071 1442 1121 1485 et
1166 1441 1249 1484 est
1295 1428 1642 1481 admirandus
1670 1428 1721 1481 in
1752 1426 1919 1480 oculis
1959 1427 2174 1481 nostris.

615 1533 675 1586 Et
718 1530 1029 1599 quarrebant
1075 1542 1194 1580 eum
1246 1524 1725 1593 comprehendere,
1774 1532 1827 1575 et
1868 1520 2178 1575 metuebant

616 1626 821 1678 turbam
860 1604 1142 1679 :scieha‘nt
1180 1620 1321 1673 enim
1355 1616 1497 1686 quod
1548 1616 1807 1670 adversus
1848 1614 1991 1680 ipsos
2025 1626 2179 1680 para-

614 1716 788 1771 l:o|:im
816 1715 1060 1769 dixisset.
1097 1711 1158 1765 Et
1189 1712 1373 1765 relicto
1402 1712 1492 1763 illo
1515 1709 1781 1761 abierunt.
1818 1726 1835 1758 ι
1870 1703 1974 1758 Per
2000 1703 2177 1757 omnia

616 1809 714 1859 ista
743 1805 979 1859 ostendit
1005 1804 1207 1871 eiectos
1228 1800 1463 1865 .ludazos,
1490 1808 1680 1866 gentes
1710 1806 1885 1850 autem
1910 1802 2174 1862 acceptas.

617 1896 773 1965 Lapis
796 1894 958 1967 236
984 1895 1124 1947 enim
1164 1892 1271 1957 ille,
1302 1891 1554 1945 Dominus
1582 1908 1594 1943 :
1625 1888 1952 1943 tediﬂcantes
1979 1894 2180 1947 autem,

615 1991 862 2042 doctores
879 1986 1080 2057 populi.
1096 1984 1261 2051 Quem
1282 1984 1443 2051 igitur
1477 1983 1893 2051 reprobaverunt
1909 1980 2178 2038 doctores,

616 2081 703 2135 ille
748 2082 799 2133 in
838 2090 1000 2149 caput
1046 2077 1223 2148 anguli
1259 2077 1434 2133 factus
1468 2082 1569 2130 est.
1608 2074 1779 2143 Caput
1819 2074 1962 2128 enim
2000 2072 2183 2127 Eccle-

614 2178 706 2228 sire
730 2173 904 2229 factus
932 2181 1031 2228 est.
1060 2172 1299 2243 Angulus
1325 2172 1468 2227 enim
1495 2170 1761 2234 Ecclesia,
1786 2182 1904 2238 qua:
1928 2168 1986 2220 in
2016 2181 2180 2220 unum

615 2265 889 2336 coniungit
940 2263 1152 2319 Judteos
1210 2273 1263 2319 et
1319 2262 1591 2333 gentiles:
1634 2258 2083 2330 quemadmodum
2130 2266 2185 2309 et

619 2360 847 2429 angulus
868 2356 1005 2412 duos
1037 2356 1269 2426 parietes
1297 2355 1437 2408 inter
1460 2368 1518 2407 se
1549 2353 1857 2407 committit.
1892 2351 2059 2420 Igitur
2083 2349 2185 2403 iste

618 2452 870 2523 angulus,
920 2451 1019 2504 hoc
1068 2458 1151 2503 est
1196 2448 1454 2509 Ecclesia,
1508 2461 1535 2497 a
1590 2444 1816 2498 Dmniuo
1891 2443 2085 2497 factus.
2120 2439 2185 2493 Et

616 2556 699 2599 est
730 2540 988 2596 mirabilis
1033 2540 1085 2593 in
1138 2549 1445 2593 nosuorum
1495 2536 1727 2591 lidelium
1764 2534 1953 2590 oculis.
1988 2535 2067 2587 Ab
2100 2533 2183 2586 in-

504 2666 505 2669 η
620 2620 868 2685 tidelibus
899 2631 1041 2683 enim
1077 2627 1330 2680 miracula
1378 2625 1702 2679 calumniam
1739 2622 2033 2692 patiuntur.
2082 2620 2184 2673 Mi-

620 2721 804 2774 rabilis
824 2730 908 2772 est
938 2717 1099 2786 igitur
1134 2714 1392 2775 Ecclesia,
1424 2712 1574 2782 quasi
1602 2726 1664 2764 ex
1691 2708 1962 2763 miraculis
1986 2709 2184 2760 consti-

620 2821 757 2874 tuta,
796 2808 1020 2861 Domino
1069 2812 1395 2873 cooperante
1452 2799 1730 2869 apostolis,
1783 2808 1837 2851 et
1884 2808 2185 2852 sermonem

618 2899 972 2956 conﬁrmante
1000 2912 1095 2967 per
1123 2896 1398 2964 sequentia
1431 2892 1602 2963 signa.

689 3183 856 3239 Vua.
894 3180 1079 3235 13-17.
1122 3198 1139 3230 ι
1185 3178 1249 3232 Et
1290 3179 1509 3232 mittunt
1554 3176 1621 3231 ad
1670 3172 1815 3227 illum
1859 3171 2116 3239 quosdam
2158 3185 2187 3223 e

620 3275 908 3333 l‘harisacis
927 3281 980 3328 et
1006 3270 1347 3335 Herodianis,
1373 3280 1429 3321 ut
1455 3282 1577 3323 eum
1610 3274 1895 3333 captarent
1917 3275 2186 3318 sermone.

622 3368 698 3425 Illi
732 3380 858 3421 vero
885 3380 1007 3421 curn
1049 3363 1342 3425 venissent,
1382 3362 1568 3416 dicunt
1595 3359 1651 3435 ei
1688 3377 1700 3412 :
1738 3357 2064 3424 Praeceptor,
2087 3352 2190 3408 sei-

622 3477 743 3516 mus
775 3460 917 3532 quod
949 3469 1114 3514 verax
1146 3469 1225 3520 es,
1258 3463 1313 3509 et
1348 3469 1450 3507 non
1487 3466 1644 3506 curas
1674 3462 2000 3519 quemquam
2034 3464 2047 3500 :
2086 3460 2190 3500 non

623 3552 765 3605 enim
792 3548 1014 3620 respicis
1042 3560 1326 3616 personam
1358 3544 1655 3606 hominum,
1688 3541 1780 3597 sed
1812 3557 1934 3597 cum
1968 3541 2192 3594 veritate

623 3642 765 3695 viain
796 3640 889 3695 Dei
922 3640 1100 3693 deces.
1130 3636 1281 3690 Licet
1312 3650 1528 3689 censum
1558 3634 1682 3687 dare
1708 3631 2017 3696 Casariﬁun
2048 3630 2193 3684 nan?

624 3728 838 3793 demus,
862 3744 928 3783 an
970 3742 1073 3781 non
1110 3724 1340 3780 demus?
1368 3724 1455 3779 lIIe
1495 3740 1625 3780 vero
1662 3725 1838 3780 sciens
1877 3724 2087 3777 illorum
2121 3724 2195 3777 si-

624 3820 996 3880 mulationem,
1037 3816 1173 3869 dixit
1205 3814 1309 3868 illis
1345 3832 1359 3866 z
1392 3815 1530 3879 Quid
1578 3830 1662 3868 me
1702 3812 1959 3868 tentatis?
1995 3810 2195 3867 Aﬂerte

626 3912 755 3966 mihi
793 3909 1095 3973 denarium,
1142 3918 1197 3961 ut
1240 3908 1472 3962 videam.
1508 3908 1583 3961 Illi
1615 3921 1744 3961 vero
1787 3906 2099 3961 attulerunt.
2130 3903 2195 3959 Et

624 4002 754 4055 dicit
783 4001 859 4055 eis
896 4016 909 4052 :
946 3998 1112 4066 Cujus
1150 4009 1235 4053 est
1291 3999 1465 4067 imago
1522 4000 1632 4051 haec
1679 4007 1733 4052 et
1766 3996 2083 4068 inscriptio?
2114 3996 2193 4050 llli

624 4104 805 4149 autem
839 4094 1095 4147 dixerunt
1148 4092 1233 4145 ei:
1282 4089 1532 4146 Caesaris.
1569 4090 1632 4145 Et
1656 4090 1982 4157 respondens
2016 4088 2193 4152 Jesus,

628 4189 764 4241 dixit
816 4186 919 4239 illis
954 4203 967 4237 :
1007 4182 1234 4239 Reddite
1270 4197 1387 4248 qua:
1420 4191 1544 4236 sunt
1587 4182 1838 4245 Caesaris,
1865 4180 2065 4236 Caesari
2100 4189 2196 4235 :ct

623 4294 745 4348 quae
769 4290 896 4332 sunt
937 4275 1051 4341 Dei,
1086 4278 1224 4341 Deo;
1257 4285 1311 4333 et
1348 4274 1596 4328 admirati
1624 4284 1747 4329 sunt
1774 4274 1838 4327 de
1869 4288 1952 4327 eo.
1996 4291 2014 4323 ι
2047 4271 2193 4326 Dixi-

630 4386 749 4425 mus
779 4370 941 4423 etiam
980 4368 1110 4421 alias
1136 4368 1200 4421 de
1236 4363 1575 4431 Herodiauis,
1604 4364 1744 4434 quod
1779 4363 1940 4419 fuerit
1977 4364 2195 4418 hmresis

627 4461 867 4530 quasdam
916 4470 1042 4514 tunc
1074 4472 1244 4529 nuper
1266 4456 1401 4513 'orta
1439 4457 1749 4520 dicentium,
1784 4456 2047 4512 llerodetn
2073 4469 2194 4511 esse

2296 612 2609 684 Ῥωμαίοις.
2641 613 2751 665 Kal
2780 612 2869 663 τὸν
2894 610 3021 663 λαδν
3046 608 3325 662 ἐκδόσεται
3352 607 3533 669 ἄλλοις
3561 606 3853 675 γεωργοξ,

2282 706 2530 759 τουτέστι
2588 707 2700 768 τοῖς
2745 702 3088 765 ἀποστόλοις.
3149 700 3334 764 Θέλεις
3391 699 3502 769 γὰρ
3554 697 3686 751 ίδεῖν
3736 696 3854 757 πῶς

2285 781 2640 868 έγεώργησαν
2673 796 2723 848 oi
2746 794 3035 849 ἀπόστολοι
3056 792 3147 847 ταν
3170 790 3508 862 ἀμπελῶνας
3550 784 3856 855 Ἀνὰγνωθι

2280 888 2380 957 τὴν
2409 888 2518 940 τῶν
2544 885 2805 957 Πράξεων
2848 882 3051 954 βίϐλον,
3097 883 3191 936 καλ⁵
3216 882 3472 951 εὑρήσεις
3525 877 3856 950 τρισχιλίους

2283 981 2375 1033 καὶ
2403 977 2877 1047 πεντακισχιλίους
2905 974 3101 1045 ἀθρόον
3130 975 3488 1036 πιστεύοντας
3516 972 3612 1025 καὶ
3639 986 3851 1040 καρπο-

2284 1073 2651 1145 φορουμένους
2676 1071 2754 1135 τῷ
2788 1069 2933 1137 Θεῷ.

2363 1184 2379 1214 ι
2432 1164 2565 1217 Οὐδὲ
2613 1162 2712 1231 τὴν
2760 1160 2981 1231 Γραφὴν
3030 1157 3233 1223 ταύτην
3270 1153 3577 1222 ἀνέγνωτε;
3619 1150 3782 1204 Λίθον
3802 1149 3859 1203 δν

2284 1252 2697 1324 ἀπεδοκίμασαν
2745 1252 2795 1304 οῖ
2846 1247 3275 1319 οἰκοδομοῦντες,
3310 1238 3465 1308 οὗτος
3509 1241 3748 1310 ἐγενήθη
3786 1240 3862 1302 είς

2286 1346 2527 1416 κεφαλὴν
2584 1342 2824 1413 γωνίας·
2861 1343 3013 1413 παρά
3064 1340 3269 1411 Κυρίου
3310 1337 3527 1405 ἐγένετο
3575 1333 3720 1402 αῦτη
3770 1334 3862 1385 καὶ

2286 1440 2400 1493 ἐστι
2434 1435 2722 1507 θαυμαστὴ
2752 1438 2810 1488 ὲν
2837 1433 3133 1503 ὀφθαλμοῖς
3159 1429 3335 1500 ἡμῶν.
3369 1428 3480 1481 Kal
3509 1422 3738 1496 ὶζήτουν
3765 1424 3863 1476 αὑ-

2284 1531 2373 1585 τὸν
2406 1530 2697 1600 κρατῆσαι,
2728 1532 2821 1578 κα)⁵
2856 1524 3203 1595 εφοϐήθησαν
3239 1521 3330 1574 τὸν
3366 1517 3541 1588 δχλον.
3579 1517 3865 1584 Ἐγνωσαν

2286 1624 2393 1694 γὰρ
2420 1623 2503 1676 δτι
2527 1620 2661 1691 πρὸς
2690 1619 2887 1680 αὐτοὺς
2913 1618 3011 1681 τὴν
3043 1611 3365 1685 παραϐολὴν
3388 1606 3530 1663 εἶπε.
3555 1609 3669 1662 Kal
3698 1608 3864 1675 ἀφέν-

2285 1731 2377 1777 τες
2412 1712 2595 1776 αὑτὸν,
2633 1710 2901 1779 ἀπῆλθον.
2942 1728 2958 1757 ι
2994 1706 3093 1759 Διά
3125 1705 3344 1759 πάντων
3383 1700 3587 1755 τούτων
3629 1698 3867 1753 δείκνυσι

2285 1806 2411 1869 τοὺς
2480 1805 2577 1875 μὲν
2654 1801 2942 1862 Ἰουδαίους
2998 1795 3437 1867 ἀποϐληθέντας,
3496 1794 3564 1846 τὰ
3618 1790 3677 1844 δὶ
3739 1788 3866 1858 έθνη

2221 1887 2255 1942 Β
2287 1894 2707 1967 προσδεχθέντα.
2738 1892 2900 1955 Λίθος
2935 1888 3034 1961 μὲν
3060 1888 3169 1960 γὰρ
3207 1887 3368 1950 αὐτὸς
3400 1888 3429 1940 δ
3456 1885 3686 1955 Κύριος,
3716 1882 3865 1934 οίκο-

2288 1986 2579 2059 δομοῦντες
2604 1985 2682 2051 δὲ,
2716 1986 2763 2038 οί
2799 1984 3112 2040 διδάσκαλοι
3145 1979 3239 2035 τοῦ
3282 1980 3434 2035 λαοῦ.
3496 1978 3596 2031 ’ον
3642 1972 3737 2029 οὖν
3766 1979 3873 2029 ἀπ-

2287 2080 2616 2150 εδοκίμασαν
2648 2079 2697 2131 οἱ
2736 2077 3068 2143 διδάσκαλοι,
3096 2067 3252 2137 οὗτος
3281 2073 3361 2137 τις
3396 2070 3644 2141 κεφαλὴν
3669 2068 3875 2137 γωνίας

2288 2175 2523 2243 ιγένετο,
2569 2171 2781 2241 κεφαλὴ
2830 2170 2929 2240 τῆς
2972 2166 3299 2238 Ἐκκλησίας
3346 2164 3660 2236 γενόμενος.
3694 2162 3875 2217 Γωνία

2290 2266 2399 2336 γὰρ
2442 2267 2475 2336 ὴ
2532 2262 2849 2332 Ἐκκλησία,
2891 2264 2968 2325 ὡς
3024 2260 3371 2315 συνάπτουσα
3410 2256 3505 2311 καὶ
3553 2252 3877 2311 ένοποιοῦσα

2292 2357 2497 2419 πάντας
2535 2356 2824 2417 Ἰουδαίους
2851 2356 2945 2407 καὶ
2977 2354 3269 2424 Ἕλληνας,
3294 2351 3485 2421 ὥσπερ
3508 2351 3603 2404 καὶ
3631 2351 3665 2421 ή
3702 2348 3875 2418 γωνία

2290 2446 2383 2499 δύο
2403 2446 2617 2516 τοίχους
2639 2446 2888 2515 ἀλλήλοις
2939 2445 3220 2505 συνάπτει,
3254 2440 3618 2511 μεσιτεύουσα
3643 2440 3875 2509 ἀμφοῖν.

2291 2535 2441 2606 Αὕτη
2472 2536 2529 2590 δὲ
2568 2538 2601 2605 ἡ
2647 2536 2838 2603 γωνία,
2868 2535 2988 2605 ἦτοι
3036 2537 3068 2601 ὴ
3125 2530 3448 2601 Ἐκκλησία,
3484 2528 3637 2599 παρά
3667 2526 3877 2598 Κυρίου

2294 2628 2533 2697 ἐγένετο,
2608 2630 2700 2681 καί
2750 2628 2864 2679 ἐστι
2921 2623 3207 2695 θαυμαστὴ
3259 2625 3317 2677 ὲν
3368 2621 3669 2691 ὀφθαλμοῖς
3718 2619 3875 2690 ἡμῶν

2292 2723 2401 2774 τῶν
2444 2720 2669 2774 πιστῶν.
2719 2721 2843 2781 Τοῖς
2892 2719 2998 2787 γὰρ
3072 2718 3320 2780 ἀπίστοις
3367 2715 3461 2769 καὶ
3504 2713 3573 2767 τὰ
3609 2713 3877 2782 Ὸαύματα

2295 2811 2686 2867 διαϐάλλονται.
2729 2811 3031 2880 Θαυμαστὴ
3071 2808 3247 2863 τοίνυν
3282 2809 3315 2878 ἠ
3360 2804 3679 2875 Ἐκκλησία,
3708 2803 3784 2866 ὡς
3812 2803 3876 2855 ὲκ

2298 2902 2593 2973 θαυμάτων
2626 2906 2887 2967 συστᾶσα,
2938 2902 3034 2955 τοῦ
3074 2902 3281 2971 Κυρίου
3333 2895 3726 2969 συνεργοῦντος
3765 2896 3875 2957 τοῖς

2295 2996 2615 3059 ἀποστόλοις
2656 2997 2749 3049 καὶ
2797 2997 2887 3048 τὸν
2936 2995 3095 3063 λόγον
3131 2991 3479 3065 βεϐαιοῦντος
3510 2988 3600 3043 διὰ
3634 2989 3745 3043 τῶν
3776 2990 3877 3042 itt-

2298 3086 2737 3140 ακολουθούντων
2764 3085 3025 3155 σημείων.

2376 3193 2394 3226 ι
2438 3175 2547 3227 Καὶ
2585 3174 2977 3228 ἀποστέλλουσι
3020 3174 3156 3243 πρὸς
3188 3171 3351 3227 αὐτόν
3384 3186 3536 3234 τινας
3570 3168 3682 3224 τῶν
3709 3169 3878 3239 Φαρι-

2299 3269 2467 3321 σαίων
2497 3270 2593 3321 καὶ
2638 3268 3010 3335 Ἦρωδιανῶν,
3048 3267 3138 3321 ῖνα
3178 3265 3341 3320 αὐτὸν
3369 3264 3686 3336 ἀγρεύσωσι
3712 3262 3874 3333 λόγῳ.

2297 3360 2360 3413 Oi
2386 3360 2441 3411 δὲ
2470 3359 2738 3421 ἐλθόντες,
2768 3358 3019 3426 λέγουσιν
3059 3357 3208 3428 αὖτῷ
3228 3375 3244 3391 ·
3306 3354 3625 3421 Διδάσκαλε,
3656 3352 3879 3423 οἴδαμεν

2296 3449 2377 3503 ὅτι
2409 3448 2614 3519 ἀληθὴς
2648 3446 2715 3514 si,
2748 3450 2839 3501 καὶ
2869 3450 2929 3501 οὐ
2958 3449 3109 3518 μέλει
3143 3466 3225 3502 σοι
3251 3448 3380 3519 περὶ
3411 3447 3645 3511 οὐδενόςθ
3683 3446 3743 3498 οὐ
3773 3444 3878 3514 γὰρ

2300 3540 2518 3612 βλέπεις
2548 3544 2629 3602 είς
2667 3542 2958 3609 πρόσωπον
2989 3540 3316 3610 ἀνθρώπων,
3347 3539 3463 3593 ἀλλ’
3498 3540 3585 3592 ἔπ’
3618 3536 3879 3607 ἀληθείας

2301 3634 2399 3703 τὴν
2421 3633 2541 3685 ὁδὸν
2557 3632 2651 3683 τοῦ
2679 3632 2812 3684 Θεεῦ
2837 3630 3133 3694 διδάσκεις.
3164 3631 3385 3697 Ἔξεστι
3413 3630 3609 3701 κῆνσον
3638 3629 3878 3698 Καίσαρι

2297 3725 2502 3790 δοῦναι,
2533 3724 2565 3793 ἢ
2597 3723 2695 3788 ob;
2728 3724 2925 3792 δῶμεν,
2969 3724 3001 3795 ἢ
3034 3723 3109 3794 μὴ
3140 3723 3359 3793 δῶμενς
3398 3723 3457 3777 Ὀ
3486 3723 3565 3786 δδ,
3596 3721 3754 3785 είδὼς
3785 3722 3882 3775 ab.

2296 3818 2406 3873 τῶν
2432 3817 2531 3889 τὴν
2562 3818 2881 3885 ὑπόκρισιν,
2913 3812 3066 3868 εἶπεν
3110 3816 3293 3878 αὐτοῖς
3313 3832 3328 3847 ’
3364 3816 3429 3869 Τί
3456 3833 3524 3885 με
3550 3814 3875 3883 πειράζετες

2296 3910 2495 3979 Φέρετέ
2528 3926 2616 3978 μοι
2665 3894 2921 3975 δηνάριον
2979 3908 3067 3960 ῖνα
3117 3906 3240 3960 ἴδω·
3282 3907 3332 3959 oi
3379 3906 3435 3960 δὲ
3481 3907 3742 3977 ἧντγκαν.
3770 3907 3876 3961 Kal

2297 4004 2442 4071 λέγει
2468 4006 2649 4063 αὐτοῖς
2674 4018 2687 4031 ο
2725 4000 2881 4063 Τίνος
2906 4003 2939 4071 ἠ
2971 4000 3134 4053 εἰκὼν
3175 4001 3339 4072 αὕτη,
3373 4002 3463 4054 καὶ
3502 4001 3532 4071 ἡ
3563 4000 3873 4070 ἔπιγραφής

2299 4098 2363 4149 Ui
2391 4095 2447 4147 δὲ
2482 4090 2634 4146 εἷπον
2657 4093 2826 4161 αὐτῷ,
2870 4092 3174 4163 Καίσαρος.
3216 4093 3325 4145 Kal
3360 4091 3731 4162 ἀποκριθεὶςό
3776 4091 3876 4161 Ἰη-

2301 4185 2424 4249 σοῦς
2458 4183 2609 4238 εἶπεν
2661 4186 2872 4245 αὐτοῖς*
2922 4184 3168 4238 Ἀπόδοτε
3201 4184 3268 4237 τὰ
3310 4183 3585 4256 Καίσαρος
3618 4184 3875 4255 Καίσαρι,

2300 4279 2395 4333 καὶ
2458 4280 2524 4332 τΞι
2578 4276 2673 4331 τοῦ
2728 4276 2862 4329 Θεοῦ
2923 4275 2998 4347 τῷ
3051 4276 3170 4346 Θεῷ
3209 4293 3221 4306 ·
3265 4279 3358 4331 καὶ
3416 4276 3738 4346 ἐθαύμασαν
3795 4276 3875 4330 ἐπ’

2301 4370 2466 4440 αὐτῷ.
2512 4390 2529 4421 ι
2577 4370 2813 4439 Εἴπομεν
2843 4370 2938 4422 καὶ
2969 4369 3157 4423 ἄλλοτε
3190 4371 3321 4439 περὶ
3358 4368 3468 4422 τῶν
3510 4368 3873 4441 Ἥρωδιανῶν,

2300 4465 2381 4516 ὅτι
2411 4461 2623 4532 αἵρεσίς
2671 4480 2751 4524 τις
2780 4457 2848 4532 ἦν
2892 4461 3158 4531 νεοφανὴς
3194 4461 3300 4514 τῶν
3332 4460 3601 4530 λεγόντων
3643 4460 3878 4529 Χριστὸν

625 4552 924 4615 Christum,
962 4565 1026 4604 eo
1076 4550 1216 4619 quod
1248 4548 1301 4601 in
1354 4548 1687 4616 temporibus
1725 4547 1869 4601 illius
1907 4546 2188 4602 deiecisset

2303 4553 2441 4610 εῖναι
2477 4557 2567 4610 τὸν
2608 4556 2855 4625 Ἡρώδην
2881 4554 2970 4608 διὰ
2996 4556 3055 4608 τὸ
3076 4557 3132 4607 ὲν
3156 4554 3508 4625 τοῖς-χρόνοις
3539 4552 3709 4608 αὐτοῦ
3733 4552 3876 4607 έκλι-

628 4641 903 4695 succcssiu
930 4654 1115 4706 regunt
1141 4636 1511 4691 Judaicorum.
1543 4638 1647 4691 Alii
1673 4651 1851 4692 autem
1879 4638 2055 4691 dicunt
2083 4637 2191 4693 He-

631 4736 880 4786 ιοιιιτιιιυε
908 4733 1006 4784 hoc
1038 4734 1155 4785 loco
1194 4732 1365 4785 dictos
1399 4744 1517 4785 esse
1549 4730 1746 4785 milites
1778 4728 2026 4793 llerodis,
2059 4743 2195 4797 quos

630 4823 883 4877 Pharisaei
944 4824 994 4875 in
1044 4832 1208 4878 testes
1254 4835 1441 4877 eorum
1494 4836 1613 4891 qua?
1656 4821 1908 4875 Christus
1955 4822 2196 4876 dieturus

629 4927 764 4978 crat,
798 4926 1098 4979 assumunt,
1131 4926 1187 4970 ut
1210 4922 1605 4985 consequenter
1643 4914 2105 4981 comprehendant
2137 4915 2199 4967 ιι-

632 5010 738 5060 lum
791 5016 845 5061 ct
894 5009 1180 5062 abducant.
1238 5007 1370 5063 Vide
1421 5021 1597 5062 autem
1653 5007 1907 5061 malitiam
1961 5006 2195 5071 illorum,

631 5116 794 5170 quom
836 5103 905 5153 do
956 5100 1266 5155 adulatione
1320 5110 1527 5154 tcnteut
1585 5101 1831 5169 decipere
1888 5100 2196 5153 Dominum.

634 5197 868 5258 smnus,
897 5193 1102 5255 dicunt,
1136 5194 1405 5261 quodnon
1443 5191 1663 5262 respicis
1695 5207 1981 5262 personam
2025 5191 2201 5246 homi-

634 5304 783 5349 num,
817 5298 869 5339 ct
898 5288 967 5340 ita
1001 5300 1174 5355 neque
1201 5284 1466 5340 Cmsarem
1503 5287 1787 5341 revereris.
1819 5285 2012 5340 Tutum
2050 5288 2199 5342 enim
2234 5268 2253 5297 ²

634 5380 736 5431 hoc
778 5377 1060 5432 artiﬁcium
1101 5386 1218 5433 erat
1250 5378 1503 5446 utrinque
1532 5378 1735 5434 habens
1771 5380 2106 5449 praecipitia:
2145 5391 2199 5433 ut

631 5470 676 5524 si
701 5469 912 5537 quidem
940 5470 1137 5524 diceret
1162 5471 1302 5541 quod
1329 5471 1487 5525 liceat
1518 5470 1645 5525 dare
1677 5471 1875 5527 Ctrsari
1916 5476 2173 5527 tributum

632 5573 925 5630 arguerent
954 5578 1074 5617 eum
1106 5565 1244 5633 apud
1278 5564 1551 5634 pepulitm,
1588 5575 1839 5634 tanquam
1884 5571 1972 5636 qui
2016 5582 2112 5620 eos
2146 5566 2196 5619 in

633 5652 949 5708 servitutem
978 5654 1276 5725 redigeret:
1303 5657 1383 5711 sin
1408 5656 1609 5710 diceret
1631 5673 1737 5712 non
1763 5657 2197 5727 persolvendum,

637 5744 957 5798 accusarent
994 5759 1117 5799 eum
1148 5755 1203 5797 ut
1242 5747 1305 5799 ad
1341 5746 1658 5803 seditionem
1693 5749 1942 5817 populum
1981 5764 2201 5803 moveu-

640 5842 745 5887 tcin
770 5842 954 5887 contra
973 5833 1259 5891 Caesarem.
1283 5836 1347 5890 At
1372 5837 1490 5893 lous
1511 5838 1792 5907 sapientia:
1814 5840 1964 5896 dolos
1986 5838 2198 5895 illorum

2298 4651 2419 4701 πεῖν
2450 4650 2551 4711 τὰς
2584 4647 2835 4716 διαδοχὰς
2878 4645 2987 4699 τῶν
3033 4645 3345 4699 Ἰουδαϊκῶν
3374 4644 3662 4716 βασιλέων.
3698 4645 3879 4699 Ἀλλοι

2296 4737 2354 4791 δέ
2398 4754 2561 4806 φασιν
2605 4736 2967 4807 Ἠρωδιανοὺς
3002 4735 3235 4791 ἐνταῦθα
3267 4737 3683 4806 λέγεσθαι;τοῦς
3715 4754 3879 4809 στρα-

2297 4828 2499 4893 τιώτας
2530 4827 2625 4881 τοῦ
2663 4826 2925 4899 Ἡρώδου,
2954 4827 3049 4893 οὓς
3078 4829 3473 4899 προσελάϐοντο
3496 4830 3547 4882 οί
3573 4830 3879 4900 Φαρισαῖοι,

2298 4921 2445 4973 ὠσάν
2508 4919 2783 4992 μάρτυρες
2838 4914 2939 4973 ὧσι
2993 4921 3111 4974 τῶν
3158 4920 3578 4993 λεχθησομένων
3632 4922 3741 4975 ὑπὸ
3791 4920 3879 4975 τοῦ

2298 5012 2558 5083 Χριστοῦ,
2604 5015 2697 5067 καὶ
2762 5012 2950 5067 λοιπδν
3002 5014 3341 5070 συλλάϐωσιν
3382 5014 3568 5081 αὑτὸν,
3629 5015 3726 5068 καὶ
3779 5016 3883 5068 ἀπ-

2301 5107 2601 5174 αγάγωσιν.
2636 5106 2779 5176 Ὅρα
2803 5105 2862 5159 δὲ
2883 5104 2981 5176 τὴν
3011 5104 3339 5176 κακοήθειαν
3362 5104 3562 5170 αὐτῶν,
3595 5106 3716 5169 πῶς
3750 5106 3883 5175 μετὰ

2300 5200 2587 5264 κολακείας
2630 5200 2930 5270 πειρῶνται
2962 5200 3303 5270 ἐξαπατῆσαι
3331 5202 3423 5254 τδν
3461 5200 3686 5271 Κύριον.
3725 5202 3883 5255 υῖδα-

2306 5311 2407 5364 μιν
2444 5296 2527 5349 δτι
2570 5293 2634 5347 οὐ
2678 5293 2898 5364 βλέπεις
2942 5296 3023 5357 είς
3070 5295 3358 5365 πρόσωπον
3388 5294 3707 5365 ἀνθρώπου,
3745 5293 3881 5347 ὥστε

2296 5385 2418 5439 οὐδὲ
2465 5384 2555 5438 τὸν
2616 5385 2875 5455 Καίσαρα
2915 5384 3284 5457 εὐλαϐηθήσῃ.
3331 5385 3407 5439 Τὸ
3450 5385 3570 5439 ὅλον
3625 5385 3684 5438 δὲ
3728 5384 3881 5437 τοῦτο

2242 5495 2251 5507 κ
2300 5476 2579 5546 τέχνασμα
2609 5473 2697 5548 ἦν,
2738 5476 3132 5549 ἀμφοτέρωθεν
3169 5479 3292 5549 ἕχον
3343 5478 3644 5549 κρημνοὺς,
3675 5477 3764 5531 ῖνα
3791 5479 3881 5530 ἐὰν

2303 5567 2401 5635 μὲν
2432 5569 2559 5637 εῖπῃ
2586 5569 2670 5622 ὅτι
2708 5568 2887 5633 ἔξεστι
2919 5568 3096 5624 τελεῖν
3124 5569 3203 5638 τῷ
3233 5571 3496 5638 Καίσαρι,
3525 5568 3882 5624 διαϐάλλωσιν

2300 5657 2463 5711 αὑτὸν
2487 5658 2620 5729 πρὸς
2644 5659 2737 5712 τὸν
2762 5660 2941 5729 δχλον,
2964 5659 3042 5724 ὡς
3067 5659 3500 5716 καταδουλοῦντα
3527 5660 3714 5717 αὐτοῦ’
3758 5664 3804 5714 εί
3826 5661 3879 5714 δὲ

2306 5749 2381 5821 μὴ
2424 5752 2599 5804 τελεῖν
2631 5751 2781 5825 εἴπῃ,
2828 5757 3284 5825 κατηγορήσωσιν
3314 5756 3503 5820 αὑτοῦ,
3536 5757 3611 5819 ὡς
3645 5757 3879 5811 ἀναστα-

2302 5844 2519 5907 τοῦντος
2552 5847 2643 5899 τὸν
2691 5847 2817 5902 λαὸν
2875 5850 3015 5903 κατὰ
3060 5848 3155 5903 τοῦ
3198 5850 3493 5921 Καίσαρος.
3540 5850 3677 5905 Ἀλλ’
3715 5854 3748 5924 ἡ
3782 5852 3877 5922 τῆς

3514 5956 3552 5999 ’r
