4108 6334
297 361 411 426 (ἶὶὸ

1014 361 1461 425 ENARRATtO
1501 360 1586 422 IN
1623 359 1886 424 EVANG}

1994 358 2125 422 [ΗΜ
2163 359 2421 422 MARCI.
2446 385 2515 397 -
2552 358 2709 421 CAP.
2757 357 2902 420 XII.

3475 362 3584 428 626

305 474 498 543 σοφίας
545 475 697 546 πηγὴ
743 476 1002 545 ἐκφεύγει
1046 478 1174 540 τοὺς
1242 476 1424 539 δόλους
1470 474 1672 529 αὐτῶν.
1731 473 1886 530 Ἐπι-

1994 471 2191 528 evadit.
2218 469 2501 528 Ostendite
2531 473 2684 540 mihi,
2713 474 2911 543 inquit.
2942 471 3234 529 numisma.
3265 474 3401 533 Cum
3434 481 3583 533 enim

299 568 512 634 δείξατε
542 569 652 641 γάρ
686 586 797 639 μοι,
833 571 988 639 φησὶ,
1019 570 1081 625 τὸ
1099 571 1360 642 νόμισμα.
1414 569 1558 624 Ἰδὼν
1603 568 1660 623 δὲ
1693 568 1776 624 δτι
1807 570 1857 623 εί

301 661 436 714 κόνα
462 661 576 732 ἔχει
603 660 700 716 τοῦ
727 664 1029 734 Καίσαρος,
1061 663 1250 733 φησὶν,
1277 663 1529 719 Ἀπόδοτε
1558 662 1620 716 τὸ
1637 663 1761 733 ἔχον
1789 660 1890 733 τὴν

299 752 515 818 εἰκόνα,
537 753 614 826 τῷ
638 754 1048 827 είκονιζομένῳ,
1071 755 1321 810 τουτέστι
1374 753 1452 826 τῷ
1481 755 1758 824 Καίσαρι,
1793 755 1892 808 καὶ

298 848 372 899 τὰ
434 845 571 901 Θεοῦ
609 839 688 920 τῷ
734 848 874 920 Θεῷ,
913 847 1213 914 τουτέστιν,
1243 848 1394 903 οὐδὲν
1432 848 1727 919 ἐμποδίζει.
1759 849 1890 919 ὑμῖν

302 937 444 1010 πρὸς
498 937 810 994 θεοσέϐειαν
866 941 926 995 τὺ
981 941 1156 995 τελεῖν
1200 939 1280 1010 τῷ
1322 939 1586 1011 Καίσαρι.
1644 938 1888 994 Δύνασθε

299 1031 411 1102 γὰρ
443 1030 540 1085 καὶ
571 1031 650 1102 τῷ
682 1032 924 1103 Καίσαρι
957 1033 1260 1096 ὑποτελεῖν,
1292 1037 1388 1086 καὶ
1417 1031 1497 1101 τῷ
1546 1031 1670 1102 Θεῷ
1709 1033 1777 1087 τά
1811 1033 1890 1087 οἱ.

298 1127 424 1178 κεῖα
448 1124 654 1194 νέμειν.
707 1127 930 1197 Καῖσαρ
982 1125 1040 1180 δέ
1086 1127 1235 1180 ἐστιν
1267 1126 1484 1196 ἑκάστῳ
1523 1123 1682 1196 ἡμῶν
1721 1126 1816 1180 καὶ
1851 1125 1886 1198 ἠ

295 1216 395 1268 τοῦ
434 1216 687 1288 σώματος
738 1217 1112 1288 ἀπαραίτητος
1155 1218 1391 1288 ἀνάγκη.
1449 1217 1679 1271 Κελεύει
1728 1213 1824 1272 οὖν
1858 1221 1889 1272 6

301 1309 513 1378 Κύριος
538 1309 850 1366 ἀποδιδόναι
875 1309 1064 1380 καὶτῷ
1096 1307 1311 1379 σώματι
1328 1309 1396 1363 τά
1416 1310 1594 1364 οίκεῖα
1621 1307 1888 1380 βρώματα

296 1401 396 1454 καὶ
439 1402 715 1470 ἀναγκαῖα
771 1402 1163 1472 σκεπάσματα,
1216 1401 1312 1456 καὶ
1367 1399 1440 1456 τὰ
1487 1399 1584 1454 τοῦ
1636 1401 1772 1454 Θεοῦ
1811 1400 1888 1473 τῷ

291 1491 439 1562 Θεῷ,
505 1492 816 1561 ἀγρυπνίαν
838 1492 1199 1565 ἐνδεχομένην
1218 1493 1551 1565 προσευχὴν,
1577 1492 1671 1546 καὶ
1691 1488 1884 1549 τᾶλλα.

302 1584 470 1638 Ἀλλὰ
496 1588 588 1638 καὶ
620 1584 699 1654 τῷ
718 1585 977 1656 διαϐόλῳ,
1027 1575 1268 1656 Καίσαρι
1318 1585 1454 1650 ὄντι,
1486 1584 1792 1656 ἀπόρριψον
1817 1585 1887 1638 τὰ

295 1675 429 1746 παρ’
465 1676 629 1730 αὐτοῦ
680 1693 761 1730 σοι
793 1676 1035 1741 δοθέντα,
1089 1676 1284 1746 θυμὸν,
1341 1675 1641 1748 ἐπιθυμίαν
1682 1675 1882 1747 κακὴν,

291 1768 388 1822 καὶ
417 1769 486 1821 τὰ
517 1766 610 1821 τοῦ
633 1768 792 1834 Θεοῦ,
816 1771 1152 1841 προσένεγκε
1179 1769 1256 1840 τῷ
1295 1768 1436 1839 Θεῷ.

1993 566 2213 621 vidisset
2262 566 2408 637 qttod
2459 566 2748 638 imaginem
2808 566 3035 622 haberet
3083 567 3338 636 Ctesaris,
3382 572 3517 627 dicit
3565 588 3580 626 :

1991 656 2222 715 Reddite
2258 661 2402 732 quod
2435 659 2603 716 habet
2636 661 2955 731 imaginem,
2988 661 3036 716 ei
3068 660 3226 732 cujus
3267 666 3406 735 gerit
3437 665 3583 720 ima-

1989 752 2191 821 ginem,
2224 754 2325 810 hoc
2377 762 2461 809 est
2492 752 2700 810 Caesari
2729 771 2745 810 :
2771 763 2826 809 et
2853 768 2976 823 quae
3006 765 3133 809 sunt
3160 753 3277 820 Dei,
3313 758 3442 820 Deo,
3477 759 3581 813 hoc

1988 854 2093 911 est,
2126 846 2259 901 nihil
2288 848 2467 903 obstat
2509 846 2663 903 vobis
2713 846 2780 902 ad
2826 849 3083 917 pietatem
3116 849 3422 917 persolvere
3455 849 3576 904 Cm-

1990 933 2124 988 sari.
2183 933 2419 992 Potestis
2460 936 2605 998 enim
2653 945 2710 991 et
2740 935 2942 994 Cestri
2977 937 3312 1009 persolvere,
3362 948 3419 994 et
3469 939 3578 994 Deo

1987 1041 2084 1081 sua
2132 1027 2389 1083 tribuere.
2424 1027 2610 1084 Caesar
2653 1029 2780 1084 item
2827 1031 3122 1102 unicuique
3154 1044 3398 1088 nostrum
3458 1033 3578 1087 iue-

1989 1119 2224 1175 vitabilis
2257 1121 2342 1175 illa
2366 1121 2612 1192 corporis
2636 1125 2810 1179 nostri
2836 1126 3134 1182 necessitas
3159 1135 3266 1182 est.
3283 1123 3446 1181 lubet
3479 1127 3579 1196 igi-

1991 1219 2078 1266 tur
2110 1210 2372 1268 Dominus
2403 1215 2630 1268 reddere
2654 1215 2820 1268 etiam
2871 1216 3084 1284 corpori
3117 1231 3214 1271 sus
3245 1220 3578 1284 necessaria,

1987 1303 2140 1357 cibos
2172 1303 2382 1360 scilicet
2419 1320 2482 1359 ac
2525 1317 2702 1360 vestes
2742 1322 2754 1359 :
2795 1316 2849 1359 et
2880 1321 3000 1375 qua!
3053 1308 3169 1372 Dei,
3213 1305 3344 1367 Deo.
3389 1323 3582 1376 nctnpe

1989 1397 2197 1467 vigilias
2235 1411 2465 1469 quantas
2505 1415 2821 1469 possumus,
2867 1402 3165 1466 orationes,
3210 1411 3318 1457 etc.
3369 1401 3475 1457 Sed
3525 1409 3582 1455 et

1989 1489 2223 1549 diabolo.
2254 1492 2344 1558 qui
2370 1489 2554 1546 Cresar
2582 1504 2687 1556 est.
2721 1494 2898 1564 olijice
2920 1509 3040 1562 qua:
3067 1493 3160 1547 tibi
3184 1493 3252 1548 ab
3284 1493 3375 1548 illo
3405 1494 3532 1548 data
3561 1510 3576 1544 :

1989 1582 2148 1648 iram,
2163 1582 2325 1654 237
2342 1583 2838 1655 concupiscentiam
2860 1587 3057 1642 utalam
3075 1604 3088 1642 :
3109 1596 3162 1643 ct
3179 1603 3297 1657 qua:
3315 1586 3410 1644 Dei
3431 1599 3578 1652 sunt,

1989 1673 2124 1729 ofl'er
2162 1675 2290 1730 Deo.
3133 1699 3136 1704 η

371 1881 390 1912 ι
433 1861 541 1914 Και
589 1831 841 1931 ἔρχονται
862 1831 1240 1915 ’Σαδδούκαῖοί
1268 1831 1402 1932 πρὸς
1452 1861 1637 1920 αὐτὸν,
1665 1863 1720 1914 οῖ
1743 1878 1886 1925 τινες

2062 1859 2228 1916 Vens.
2277 1860 2467 1916 18-27.
2512 1881 2531 1914 ι
2579 1863 2641 1916 ΕΙ.
2696 1864 2924 1918 veniunt
2976 1862 3260 1918 Sadduczei
3313 1863 3378 1917 ad
3428 1861 3579 1917 illum

287 1955 541 2024 λέγουσιν
573 1955 870 2008 ἀνάστασιν
923 1955 996 2025 μὴ
1048 1952 1211 2018 εἶναι,
1245 1955 1340 2008 καὶ
1391 1953 1763 2026 ἐπηρώτησαν
1789 1956 1885 2007 αύ-

287 2047 406 2112 τὸν,
437 2047 690 2114 λέγοντες
711 2064 723 2076 ·
763 2047 1097 2112 Διδάσκαλε,
1128 2048 1336 2116 Μωσῆς
1363 2047 1604 2118 ἔγραψεν
1636 2048 1768 2118 ἡμῖν
1801 2047 1883 2101 ὅτι

286 2135 386 2190 ida
419 2154 562 2203 τινος
585 2139 809 2207 ἀδελφὸς
829 2139 1099 2210 ἀποθάνῃ,
1119 2140 1214 2191 καὶ
1232 2140 1510 2212 καταλίπῃ
1533 2143 1769 2208 γυναῖκα
1794 2141 1884 2194 καὶ

284 2230 453 2283 τέκνα
484 2233 558 2302 μὴ
590 2233 724 2301 ἀφῇ,
754 2233 839 2285 ἵνα
873 2232 1012 2305 λάϐῃ
1047 2234 1072 2284 6
1098 2232 1503 2303 ἀδελφὸςαύτοῦ
1536 2233 1631 2304 τὴν
1651 2235 1885 2302 γυναῖκα

285 2323 473 2390 αὐτοῦ,
528 2324 624 2378 καὶ
668 2325 1012 2398 ἐξαναστήσῃ
1053 2329 1275 2396 σπέρμα
1307 2325 1647 2396 rip/665).qu
1693 2328 1881 2382 αὑτοῦ.

294 2415 477 2468 Ἐπτά
514 2417 734 2487 ἀδελφοὶ
776 2413 942 2489 ἦσαν,
967 2419 1062 2472 καὶ
1103 2420 1129 2470 6
1167 2420 1385 2489 πρῶτος
1430 2419 1591 2473 ἔλαϐε
1627 2423 1886 2488 γυναῖκα,

285 2510 386 2561 καὶ
419 2509 808 2579 ἀποθνήσκων,
839 2511 939 2564 οὑκ
971 2512 1150 2581 ἀφῆκε
1178 2514 1422 2584 σπέρμα,
1454 2515 1546 2567 καὶ
1579 2514 1607 2565 6
1634 2513 1883 2582 δεύτερος

287 2601 485 2656 ἔλαϐεν
527 2605 698 2674 αὐτὴν
753 2604 848 2658 καὶ
894 2606 1157 2670 ἀπέθανε,
1194 2608 1290 2660 καὶ
1328 2606 1448 2659 οὐδὲ
1489 2607 1654 2671 αὐτὸς
1705 2607 1884 2678 ἀφῆκε

289 2696 535 2769 σπέρμα,
569 2697 663 2751 καὶ
694 2699 722 2750 6
747 2700 933 2768 τρίτος
960 2698 1252 2764 ὡσαύτως,
1287 2703 1383 2753 καὶ
1411 2699 1606 2754 ἔλαϐον
1636 2701 1806 2772 αὐτὴν
1833 2704 1884 2755 oi

286 2787 452 2850 ιπτά,
487 2789 580 2842 καὶ
607 2789 707 2841 οὐκ
734 2791 953 2860 ἀφῆκαν
978 2792 1224 2861 σπέρμα.
1276 2791 1514 2862 Ἑσχάτη
1549 2791 1606 2845 δὲ
1664 2793 1884 2848 πάντων

287 2881 532 2934 ἀπέθανε
579 2883 674 2936 καὶ
721 2884 754 2954 ἡ
798 2884 958 2955 γυνή.
996 2884 1088 2938 Ἐν
1140 2888 1205 2955 τῇ
1247 2881 1341 2938 οὖν
1401 2887 1699 2965 ἀναστάσει
1753 2887 1884 2940 ὅταν

286 2971 589 3038 ἀναστῶσι,
640 2972 786 3037 τίνος
833 2975 1015 3030 αὐτῶν
1071 2976 1224 3031 ἔσται
1270 2977 1444 3046 γυνή;
1492 2977 1543 3028 oi.
1590 2977 1698 3046 γὰρ
1742 2979 1884 3032 έπτά

289 3063 453 3132 ἔσχον
472 3064 638 3134 αὐτὴν
655 3069 913 3134 γυναῖκα.
941 3069 1046 3122 Καὶ
1066 3069 1386 3140 ἀποκριθεὶς
1413 3071 1442 3122 6
1471 3068 1701 3139 Ἰησοῦς,
1727 3065 1884 3124 εἶπεν

292 3249 429 3318 μηδὲ
456 3249 554 3320 τὴν
573 3248 802 3321 δύναμιν
819 3251 912 3305 τοῦ
929 3251 1064 3304 Θεοῦ
1082 3271 1098 3319 ;
1128 3253 1299 3308 Ὅταν
1317 3256 1425 3325 γὰρ
1448 3257 1511 3310 ὲκ
1532 3256 1745 3324 νεκρῶν
1764 3257 1888 3309 ἀναο

293 3343 515 3409 στῶσιν,
545 3342 666 3397 οὔτε
691 3342 959 3413 γαμοῦσιν
986 3345 1109 3398 οὒτε
1139 3347 1522 3417 γαμίσκονται.
1573 3348 1714 3401 Ἀλλ’
1747 3348 1887 3403 εἰσιν

291 3437 367 3498 ὼς
413 3435 639 3504 ἀγγελοι
672 3438 722 3490 οί
775 3439 832 3490 ὲν
849 3439 962 3504 τοῖς
992 3438 1267 3509 οὐρανοῖς.
1291 3441 1426 3512 Περὶ
1451 3440 1508 3494 δὲ
1540 3440 1648 3495 τῶν
1669 3441 1881 3513 νεκρῶν

291 3530 373 3582 ὅτι
408 3529 734 3601 ἐγείρονται,
777 3530 877 3584 οὐκ
906 3532 1180 3600 ἀνέγνωτε
1220 3535 1277 3586 ὲν
1308 3537 1375 3604 τῇ
1411 3533 1582 3605 βίϐλῳ
1615 3534 1882 3600 Μωσέως,

295 3621 392 3674 ἐπὶ
419 3622 514 3691 τῆς
544 3621 707 3692 βάτου
740 3623 814 3686 ὡς
844 3618 996 3677 εἶπεν
1032 3623 1181 3693 αύτῷ
1210 3626 1237 3676 6
1269 3625 1401 3688 Θεὸς
1441 3627 1638 3695 λέγων’
1682 3627 1825 3694 Ἐγὼ
1855 3630 1882 3680 6

290 3713 427 3775 Θεὸς
474 3711 753 3782 ’Δὸραάμ,
787 3714 882 3767 καὶ
915 3717 942 3768 6
975 3715 1106 3776 Θεὸς
1152 3715 1369 3782 Ίσαάκ,
1402 3717 1500 3770 καὶ
1545 3720 1573 3771 6
1606 3719 1740 3780 Θεὸς
1778 3719 1884 3770 Ὶαο

291 3800 440 3868 κώ6;
474 3802 596 3854 Ούκ
635 3801 829 3855 tome
855 3804 986 3865 Θεὸς
1024 3804 1252 3873 νεκρῶν,
1284 3805 1422 3858 ἀλλὰ
1468 3806 1601 3869 Θεὸς
1642 3805 1884 3871 ζώντων.

303 3892 493 3963 Ὑμεῖς
525 3890 617 3947 οὖν
646 3894 779 3947 πολὺ
818 3895 1118 3948 πλανᾶσθε.
1173 3915 1190 3948 ι
1227 3897 1454 3967 Αἵρεσις
1497 3897 1788 3964 Ἰουδαίων,
1837 3901 1886 3952 oi

292 3987 664 4048 Σαδδουκαῖοι,
699 3987 947 4054 λέγοντες
985 3988 1057 4058 μὴ
1104 3985 1245 4041 εἶναι
1270 3991 1590 4056 ἀνάστασιν,
1621 3991 1760 4061 μήτε
1789 3991 1886 4057 ἀγ-

222 4103 227 4107 -
292 4076 470 4144 γελον,
503 4078 640 4146 μήτε
681 4075 924 4144 πνεῦμα.
966 4078 1219 4145 Πλαγίως
1249 4079 1305 4132 δὲ
1334 4078 1409 4143 ὠς
1447 4080 1612 4133 δόλιοι
1642 4081 1884 4151 προσελ-

291 4166 478 4230 θόντες
521 4167 818 4222 πλάττουσι
859 4169 956 4240 τὴν
1006 4169 1260 4241 διήγησιν
1292 4171 1517 4242 ταύτην,
1545 4172 1634 4226 διὰ
1683 4173 1887 4241 ταύτης

291 4260 452 4330 δῆθεν
500 4261 904 4330 ἀνατρέποντες
947 4260 1047 4333 τὴν
1088 4264 1405 4327 ἀνάστασιν,
1436 4263 1695 4320 ὑπόθεσιν
1739 4267 1885 4336 ὑφά-

293 4368 485 4414 ναντες
551 4352 819 4423 μηδέποτε
859 4355 1181 4424 γενομένην,
1243 4355 1379 4426 μηδὲ
1417 4355 1547 4420 ἴσως
1578 4357 1884 4428 γενησομέ-

294 4463 413 4516 νην.
485 4445 659 4500 Ἐπτά
710 4447 766 4499 δὲ
821 4446 1132 4502 συντιθέασι
1194 4449 1321 4513 τοὺς
1377 4452 1738 4521 γαμήσαντας
1788 4451 1888 4520 τὴν

1989 1951 2081 2018 qui
2115 1951 2299 2005 dicunt
2338 1966 2442 2006 non
2486 1968 2608 2008 esse
2644 1955 3100 2009 resurrectionem
3138 1972 3152 2008 :
3206 1955 3582 2024 interrogare-

1990 2052 2223 2113 rnntque
2270 2058 2392 2097 eum
2447 2044 2694 2099 dicentes
2733 2063 2746 2099 :
2787 2045 3116 2116 Praeceptor,
3149 2046 3322 2101 Mascs
3362 2045 3585 2114 scripsit

1991 2136 2146 2200 nobis
2183 2153 2195 2188 :
2230 2134 2286 2189 Si
2328 2136 2483 2205 cujus
2517 2136 2683 2191 frater
2716 2138 3006 2203 moriatur,
3030 2155 3094 2195 ac
3134 2139 3407 2206 relinquat
3444 2153 3583 2192 uxo-

1988 2243 2124 2292 rem,
2150 2238 2203 2283 et
2230 2229 2429 2284 liberos
2451 2245 2558 2283 non
2591 2232 2885 2299 relinquat,
2916 2242 2973 2286 ut
3000 2232 3233 2302 accipiat
3265 2233 3434 2287 frater
3465 2232 3586 2302 ejus

1989 2338 2212 2376 uxorem
2259 2321 2424 2388 ill-ius,
2462 2335 2516 2378 et
2549 2325 2776 2380 suscitet
2806 2340 2992 2380 semen
3024 2325 3177 2378 fratri
3210 2341 3329 2380 suo.
3363 2325 3583 2393 Septem

1991 2416 2185 2470 fratres
2220 2414 2462 2482 fuerunt,
2512 2431 2575 2469 ac
2630 2417 2837 2482 primus
2872 2417 3084 2486 accepit
3132 2433 3381 2481 uxorem,
3431 2417 3587 2484 isque

1989 2509 2227 2563 moriens
2258 2525 2365 2564 non
2419 2510 2640 2577 reliquit
2684 2524 2870 2564 semen
2909 2529 2923 2564 :
2956 2521 3009 2566 et
3045 2513 3322 2568 secundus
3373 2511 3587 2577 accepit

1989 2603 2160 2667 illam,
2197 2618 2261 2658 ac
2293 2612 2542 2658 mortuus
2576 2614 2681 2669 est,
2713 2615 2768 2660 et
2797 2620 2896 2661 nec
2932 2606 3047 2674 ipse
3085 2606 3307 2672 reliquit
3337 2619 3522 2659 semen
3568 2621 3584 2658 :

1987 2705 2039 2748 t‘l
2069 2695 2259 2750 tertius
2285 2695 2536 2751 similiter
2571 2712 2586 2751 :
2619 2706 2673 2751 et
2698 2707 3031 2767 acceperunt
3059 2713 3180 2752 eam
3218 2707 3448 2765 septem,
3487 2712 3589 2750 nec

1989 2787 2327 2855 reliquerunt
2356 2803 2540 2843 semen
2567 2805 2580 2842 :
2612 2798 2890 2859 postremo
2922 2804 3053 2845 vero
3089 2791 3333 2845 omnium
3373 2799 3584 2842 mortua

1986 2889 2069 2934 est
2099 2890 2152 2934 et
2179 2895 2352 2947 uxor;
2381 2881 2434 2936 in
2463 2884 2865 2938 resurrectione
2896 2883 3080 2955 igitur,
3117 2899 3239 2938 cum
3275 2898 3592 2938 resurrev-

1989 2972 2118 3037 rint,
2141 2973 2298 3042 cujus
2323 2973 2536 3028 illorum
2554 2976 2659 3029 erit
2681 2976 2859 3033 uxor?
2882 2975 3014 3030 Nam
3042 2983 3252 3046 septem
3281 2975 3590 3030 habuerunt

1986 3079 2106 3118 eam
2152 3079 2397 3120 uxorem.
2448 3065 2511 3119 Et
2558 3066 2897 3136 respondens
2942 3066 3124 3131 Jesus.
3157 3069 3296 3122 dixit
3343 3071 3467 3124 eis:
3506 3069 3586 3120 A-r

193 3222 199 3226 .
287 3157 473 3220 αὐτοῖς
493 3172 510 3188 ο
529 3158 588 3210 ού
607 3157 693 3212 διὰ
709 3159 867 3213 τοῦτο
894 3161 1003 3214 πλα
1016 3161 1172 3214 κᾶσθε
1195 3151 1271 3233 μὴ
1286 3164 1486 3228 εἰδότες
1503 3163 1600 3228 τὰς
1635 3163 1883 3234 Γραφάς,

1994 3171 2100 3212 ιιοη
2151 3168 2437 3228 propterea
2473 3161 2694 3224 erratis,
2760 3164 2907 3231 quod
2955 3164 3210 3218 nesciatis
3249 3163 3590 3231 St'rlplttra<,

1996 3266 2173 3318 neque
2221 3252 2477 3306 virtutem
2529 3252 2660 3308 Dei?
2702 3254 2835 3308 Cum
2871 3257 3014 3308 enim
3067 3271 3094 3305 ιι
3143 3256 3371 3308 moratis
3407 3270 3589 3307 t'csur.

2005 3345 2267 3409 rcxerint,
2315 3360 2495 3412 neque
2546 3349 2876 3400 contrahunt
2929 3347 3358 3408 matrimmiinn,
3415 3361 3592 3412 neque

1998 3445 2225 3505 nuptum
2258 3437 2455 3490 dantur
2490 3457 2501 3491 :
2539 3439 2632 3493 sed
2667 3449 2796 3492 sntit
2824 3438 2969 3494 velut
2996 3439 3169 3510 angeli
3204 3440 3292 3506 qui
3326 3440 3377 3492 in
3410 3440 3586 3494 caelis.

1996 3525 2265 3582 Caeterum
2317 3528 2383 3582 de
2433 3529 2663 3582 mortuis
2694 3534 2836 3599 quod
2896 3530 3308 3593 rcsnsr-itantur,
3360 3547 3466 3582 non
3515 3533 3590 3582 Ie-

1997 3618 2152 3686 gistis
2181 3618 2232 3671 in
2262 3618 2400 3671 libro
2427 3617 2586 3684 Mosi,
2619 3620 2895 3688 qttOxnodo
2924 3620 2974 3672 in
3009 3621 3141 3673 rubo
3169 3621 3380 3673 l0i'Ulll8
3413 3622 3482 3674 sit
3517 3621 3590 3673 illi

2001 3708 2162 3774 Dens,
2203 3711 2390 3764 dicens
2441 3725 2455 3763 :
2497 3709 2607 3780 Ego
2655 3712 2743 3764 ille
2807 3710 2947 3764 Dens
2995 3712 3288 3775 Abraham,
3339 3723 3393 3765 et
3450 3711 3593 3765 Dcus

2001 3799 2168 3859 Isaac.
2195 3813 2251 3856 et
2283 3801 2422 3858 Deus
2451 3801 2660 3858 Jacob?
2685 3801 2796 3855 Non
2825 3815 2902 3856 est
2933 3802 2988 3855 Ι).
3014 3820 3078 3858 us
3110 3814 3471 3869 ηιοιοιυοςυιυ,
3498 3808 3591 3860 sed

2001 3898 2142 3949 Deus
2186 3896 2507 3950 viventium.
2547 3897 2650 3950 Vos
2690 3896 2856 3965 igitur
2889 3898 3114 3951 multum
3154 3901 3372 3951 erratis.
3421 3917 3438 3950 ι
3477 3899 3593 3954 Ihe-

2003 3985 2155 4040 retici
2203 3985 2341 4055 apud
2393 3983 2609 4039 Iudaeus
2639 3997 2790 4039 erant
2849 3986 3156 4048 Saltim-mi,
3200 3989 3444 4040 dicentes
3489 4004 3592 4040 nun

1997 4093 2120 4130 esse
2154 4077 2632 4140 resurrectionem,
2670 4093 2844 4144 neque
2867 4077 3164 4144 angelum,
3200 4091 3376 4146 neque
3410 4077 3544 4146 spiri
3571 4108 3591 4117 ι

2000 4177 2135 4220 tum.
2169 4163 2401 4233 Obliquc
2452 4177 2660 4228 autem,
2708 4173 2763 4219 ut
2819 4164 3014 4231 dolosi,
3069 4167 3333 4236 aggressi,
3388 4167 3597 4234 lingunt

1999 4259 2369 4312 narrationem
2399 4257 2689 4326 quamdam
2719 4273 2822 4328 qua
2864 4259 3213 4312 subvertatur
3235 4261 3599 4325 resurrectio,

1997 4357 2253 4403 Contr-xta
2287 4358 2614 4420 argumento
2644 4350 2788 4418 quod
2839 4365 3115 4418 nttnqttattt
3165 4353 3365 4414 evenit,
3415 4367 3594 4419 neque

1999 4443 2139 4496 forte
2163 4443 2402 4496 eveniet.
2442 4441 2666 4511 Septem
2697 4452 2878 4498 autem
2922 4442 3131 4509 fingunt
3169 4445 3259 4512 qui
3302 4461 3464 4498 unam
3493 4447 3594 4499 duo

296 4540 556 4607 γυναῖκα.
606 4539 692 4592 ῖνα
726 4539 928 4608 μᾶλλον
968 4540 1267 4609 διασύρωσι
1316 4541 1417 4612 τὴν
1449 4543 1771 4597 ἀνάστασιν.
1829 4542 1886 4597 'U

1997 4544 2126 4587 cunt
2153 4549 2400 4600 uxorem,
2427 4550 2535 4603 quo
2563 4534 2735 4604 magis
2761 4535 3222 4590 resurrectionem
3252 4536 3589 4607 discerpant.

294 4630 390 4684 03v
442 4631 666 4701 Κύριος,
715 4633 902 4703 ἐπειδὴ
949 4631 1347 4704 προεϐάλλοντο
1393 4637 1594 4688 ἐκεῖνοι
1645 4636 1890 4697 Μωσέως

297 4727 483 4794 νόμον,
538 4727 810 4778 δείκνυσιν
859 4726 1053 4789 αὐτοὺς
1103 4727 1431 4795 ἀγνοοῦντας
1494 4729 1592 4791 τὰς
1630 4729 1888 4799 Γραφάςο

297 4819 374 4872 Οὐ
388 4819 557 4870 νοεῖτε
585 4817 716 4888 γὰρ,
738 4820 892 4888 φησι,
923 4820 1084 4873 ποίαν
1111 4821 1413 4874 ἀνάστασιν
1435 4822 1468 4890 ὴ
1498 4821 1691 4893 Γραφὴ
1719 4822 1889 4891 λέγει.

309 4909 500 4979 Ὑμεῖς
525 4909 631 4980 γάρ
651 4909 856 4963 δοκεῖτε
881 4911 963 4964 ὅτι
988 4913 1152 4967 πάλιν
1173 4915 1396 4982 τοιαύτη
1423 4917 1759 4978 κατάστασις
1786 4933 1892 4967 σω-

299 5001 654 5072 ματικωτέρα
687 5001 872 5071 μέλλει
895 4999 1058 5067 εἶναι,
1092 5006 1194 5058 ούκ
1223 5006 1340 5059 ἐστι
1365 5007 1444 5060 δέ.
1489 5006 1649 5061 Οὕτω
1679 5008 1778 5078 μὲν
1795 5005 1893 5061 οὖν

296 5094 544 5161 ἀγνοεῖτε
600 5097 698 5164 τῆς
759 5095 982 5165 Γραφῆς
1036 5096 1138 5167 τὴν
1193 5097 1425 5162 ἔννοιαν,
1457 5098 1594 5154 ἀλλά
1648 5100 1744 5153 καὶ
1792 5099 1892 5170 τὴν

298 5186 529 5253 δύναμιν
579 5183 673 5237 τοῦ
721 5184 858 5238 Θεοῦ
916 5188 1200 5255 ἀγνοεῖτε·
1257 5189 1416 5258 ὑμεῖς
1463 5190 1561 5258 μὲν
1601 5191 1710 5261 γάρ
1763 5191 1893 5255 ἴσως

299 5275 644 5328 ἀποϐλέπετε
696 5276 832 5346 πρὸς
874 5277 935 5331 τὸ
983 5278 1222 5347 χαλεπὸν
1261 5279 1355 5332 τοῦ
1416 5280 1763 5351 πράγματος,
1796 5286 1892 5336 καὶ

298 5366 387 5420 διά
413 5367 570 5419 τοῦτο
599 5367 954 5439 ὲξαπορεῖσοε
983 5372 1098 5433 πῶς
1123 5371 1448 5442 δυνήσονται
1469 5373 1538 5426 τὰ
1574 5374 1892 5428 διαλυθέντα

301 5457 535 5530 σώματα
583 5461 856 5515 συνελθεῖν
903 5466 1022 5526 ταῖς
1065 5463 1284 5534 ψυχαῖς.
1327 5467 1405 5537 Τῇ
1434 5466 1491 5518 δὲ
1527 5467 1757 5537 δυνάμει
1796 5468 1890 5520 τοῦ

296 5551 436 5606 θεοῦ
461 5553 534 5614 ὡς
584 5554 734 5606 οὐδὲν
761 5556 875 5607 ἐστι
905 5555 1080 5609 τοῦτο.
1115 5558 1308 5611 Ἔσται
1330 5555 1424 5612 οὖν
1445 5560 1766 5621 ἀνάστασις,
1799 5562 1894 5614 καὶ

301 5644 362 5695 οὐ
400 5647 708 5714 σωματικὴ,
761 5647 896 5700 ἀλλά
941 5647 1188 5718 θειοτέρα
1239 5667 1325 5714 τις
1379 5651 1710 5714 κατάστασις
1773 5650 1890 5722 βίου

306 5737 401 5788 καὶ
430 5737 717 5808 ἀγγελική.
767 5739 982 5809 Ἐπειδὴ
1003 5741 1111 5809 γὰρ
1137 5741 1197 5793 οὐ
1235 5742 1504 5811 μέλλομεν
1545 5743 1888 5814 φθείρεσθαι,

305 5829 418 5889 ἀλλ’·
456 5831 502 5882 oi
544 5833 693 5884 animi.
725 5831 926 5902 μένειν.
957 5831 1043 5885 6:1
1075 5831 1232 5886 τοῦτο
1268 5835 1356 5887 xz‘.
1392 5835 1418 5885 ὁ
1456 5834 1632 5905 γάμος
1667 5834 1890 5906 ἀναιρεο

1999 4626 2168 4696 Igitur
2208 4627 2333 4696 quia
2381 4626 2751 4693 prtetexebaut
2791 4626 2865 4682 illi
2925 4628 3098 4697 legent
3152 4628 3306 4693 Mosi,
3355 4632 3597 4685 ostendit

1996 4734 2092 4773 eos
2117 4719 2378 4775 Dowinus
2404 4721 2624 4789 ignaros
2654 4718 3088 4792 Scripturartnn.
3117 4720 3233 4775 Non
3257 4723 3402 4776 enim
3433 4725 3593 4778 intel-

1997 4812 2184 4882 ligitis,
2222 4813 2417 4882 inquit,
2460 4814 2528 4868 de
2569 4829 2672 4884 qua
2723 4816 3123 4870 resurrectione
3168 4815 3458 4885 Scriptura
3512 4819 3593 4871 ln-

1996 4915 2216 4975 quatur.
2269 4905 2374 4960 Vos
2423 4907 2568 4961 enim
2613 4907 2914 4976 opinamini
2965 4908 3111 4976 quod
3163 4909 3358 4964 iterum
3413 4920 3592 4965 status

1999 4999 2122 5052 talis
2179 4999 2352 5068 magis
2383 4999 2684 5067 corporalis
2729 5000 2800 5054 sit
2846 4999 3061 5053 futurus
3091 5015 3105 5055 :
3141 5011 3196 5053 at
3227 5017 3331 5056 non
3362 5004 3442 5058 sic
3465 5008 3594 5060 erit.

1997 5077 2185 5157 itaque
2221 5090 2483 5160 ignoratis
2515 5087 2813 5157 Scriptum
2858 5101 3092 5146 mentem
3119 5111 3131 5145 :
3155 5094 3250 5148 sed
3279 5105 3332 5148 et
3363 5094 3454 5149 Dei
3492 5096 3598 5149 Vit--

1999 5192 2165 5235 tutem
2234 5182 2519 5250 ignoratis.
2569 5181 2858 5238 Enimvero
2891 5199 2987 5240 vos
3017 5187 3083 5239 ad
3115 5186 3486 5242 dilliCultatem
3521 5206 3593 5241 tut

2001 5276 2235 5331 fortasse
2283 5276 2574 5345 respicitis,
2622 5286 2676 5329 et
2725 5288 3010 5347 propterea
3075 5277 3411 5334 addubitatis
3461 5299 3596 5347 qun-

2001 5370 2158 5422 modo
2184 5377 2442 5437 poterunt
2474 5369 2735 5424 dissoluta
2771 5384 2999 5438 corpora
3024 5370 3204 5423 redire
3233 5373 3299 5423 ad
3329 5375 3588 5424 animant.

1999 5460 2103 5514 Sed
2137 5462 2324 5515 virtttti
2358 5462 2555 5516 divinae
2591 5463 2689 5515 hoc
2721 5462 2876 5530 quasi
2926 5461 3059 5515 nihil
3105 5463 3228 5515 erit.
3276 5461 3388 5516 Erit
3432 5464 3595 5531 igitur

1999 5556 2348 5621 t'csurrCCIio,
2390 5565 2445 5611 et
2476 5573 2580 5609 non
2615 5555 2938 5623 corporalis,
2975 5555 3068 5608 seti
3106 5555 3339 5608 divinior
3371 5554 3589 5621 quidam

1996 5648 2122 5702 vitae
2154 5656 2350 5712 status,
2377 5650 2654 5717 angelicus
2689 5647 2956 5700 videlicet.
2983 5645 3424 5714 Incorruptiliiles
3445 5645 3589 5696 enim

1996 5745 2223 5805 erimus,
2246 5752 2300 5794 et
2331 5742 2492 5795 iidem
2515 5742 2604 5809 qui
2631 5754 2823 5792 sumus
2857 5750 3164 5803 tlettttt-tths,
3190 5747 3591 5806 prnptereaqn..~

2000 5836 2252 5892 tollentur
2295 5835 2460 5890 etiam
2495 5833 2720 5902 nuptix.
2766 5831 2917 5888 Nunt.
2952 5832 3096 5886 enim
3139 5830 3336 5901 nuptia:
3368 5838 3592 5899 propter
