4108 6334
609 333 713 398 σιτ

1519 333 2098 396 THEOPHYLACTI
2144 331 2557 394 BULGARl/E
2599 330 2958 393 ABCHIEP.

3743 323 3850 384 623

607 447 1004 518 corruptionem
1031 445 1184 509 llunt.
1215 455 1274 498 ut
1300 447 1641 502 successione
1671 446 1882 517 generis
1914 448 2162 498 durantes

2271 445 2515 518 θήσεταιο
2556 443 2650 496 νῦν
2679 443 2788 514 γὰρ
2843 443 2872 495 δ
2905 440 3082 511 γάμος
3119 439 3208 494 διὰ
3234 439 3333 503 τὴν
3369 435 3578 509 φθορὰν
3614 435 3848 505 γίνεται,

606 539 848 592 homines
891 553 995 590 nou
1041 539 1306 592 intereant
1345 557 1359 594 :
1406 547 1534 594 tunc
1580 549 1757 592 autem
1792 538 1947 591 sicut
1996 537 2166 605 angeli

607 632 808 698 alisque
838 629 1059 696 nuptiali
1093 633 1438 687 successione
1493 632 1567 685 illi
1594 632 1690 696 ipsi
1724 640 1904 688 erunt.
1942 640 1997 685 et
2029 646 2168 683 nuu-

603 737 763 788 quam
805 723 1055 778 deﬁcient
1088 742 1101 778 :
1135 725 1212 778 sic
1245 737 1298 779 et
1331 729 1421 796 qui
1459 735 1773 792 resurgunt,
1816 726 1935 779 sine
1970 723 2169 792 nuptiis

605 825 944 880 permanent,
979 832 1256 889 nunquam
1280 818 1630 872 imminuendi
1653 818 1720 871 “.
1753 817 1819 870 Et
1844 818 2000 871 aliter
2039 832 2168 884 quo-

602 921 707 974 que
733 918 985 961 taxantur
1026 919 1083 963 ut
1127 911 1432 964 nescientes
1457 909 1787 978 Scripturas.
1819 909 1875 963 Si
1907 909 2049 963 enim
2083 910 2166 959 iu-

601 999 932 1055 tcllexisseut
975 1001 1113 1065 illas,
1150 1002 1506 1073 intelligerent
1535 1003 1696 1055 etiam
1731 1001 2004 1072 quomodo
2030 1000 2166 1052 scri-

601 1096 748 1156 ptum
784 1094 874 1152 sit,
936 1093 1042 1162 Ego
1096 1111 1211 1148 sum
1278 1094 1366 1148 ille
1430 1096 1570 1150 Deus
1627 1095 1920 1155 Abraham,
1984 1103 2167 1157 utpote

602 1181 886 1238 manifeste
931 1187 1246 1240 viventium.
1277 1185 1394 1240 Non
1438 1188 1579 1240 enim
1626 1187 1791 1252 dixit,
1833 1185 1944 1256 Ego
1992 1200 2164 1250 eram,

600 1273 720 1337 sed,
751 1289 896 1340 sum,
929 1287 1113 1342 utpme
1154 1279 1518 1346 prmsentium,
1560 1278 1726 1348 238
1761 1288 1923 1348 atque
1953 1276 2161 1330 illorum

602 1381 708 1419 non
741 1369 1101 1436 perditorum.
1127 1370 1242 1424 Jani
1278 1372 1521 1425 fortassis
1553 1374 1695 1427 dicet
1725 1374 1868 1441 quis,
1899 1373 2041 1440 quod
2067 1372 2166 1425 hoc

597 1457 666 1509 de
692 1459 802 1513 sola
831 1461 1059 1516 Abrahae
1091 1464 1268 1517 anima
1294 1464 1491 1520 dixerit
1511 1465 1790 1528 Dominus,
1817 1475 1870 1518 et
1895 1481 1998 1518 non
2036 1467 2162 1519 item

598 1550 664 1603 de
691 1564 1025 1618 corpore,'et
1060 1552 1130 1607 ita
1173 1569 1398 1623 corpora
1439 1571 1546 1611 non
1577 1565 1886 1627 resurgunt.
1918 1555 2044 1610 Dico
2070 1556 2167 1626 igi-

599 1652 686 1696 tur
724 1645 955 1712 primum
979 1647 1194 1716 quidem
1218 1649 1361 1718 quod
1387 1648 1662 1704 Abraham
1691 1659 1982 1718 utrumque
2009 1649 2162 1704 dica-

600 1743 709 1797 tur,
745 1737 924 1790 anima
954 1745 1009 1792 et
1039 1754 1256 1808 corpus,
1289 1750 1341 1795 et
1376 1741 1446 1795 ita
1482 1742 1644 1796 etiam
1684 1742 1826 1798 Deus
1859 1753 1943 1796 est
1973 1757 2164 1812 corpo-

600 1827 696 1888 ris,
724 1830 868 1896 quod
897 1838 949 1884 ct
975 1830 1150 1900 ipsum
1184 1833 1314 1885 vivit
1339 1833 1479 1902 apud
1512 1833 1699 1898 Deum,
1730 1841 1783 1887 et
1808 1849 1912 1887 non
1944 1835 2167 1889 omnino

600 1923 650 1974 in
697 1922 923 1975 nihilum
981 1924 1256 1993 redigitur.
1319 1923 1546 1994 Insuper
1584 1927 1710 1996 quia
1772 1925 2054 1982 Sadducaai
2101 1927 2168 1981 de

597 2014 840 2082 corporis
897 2017 1289 2072 resurrectione
1345 2018 1687 2085 dubitabant,
1746 2031 1955 2075 certum
2021 2020 2166 2089 quod

601 2105 860 2160 Dominus
897 2108 961 2161 de
1008 2110 1325 2179 corporibus
1367 2111 1566 2166 dixerit
1606 2112 1749 2180 quod
1797 2116 1975 2168 vivant
2023 2114 2164 2183 apud

599 2195 787 2261 Deum,
830 2212 935 2252 non
984 2202 1049 2254 de
1085 2201 1284 2255 anima.
1331 2202 1463 2255 Nam
1489 2204 1634 2258 istud
1670 2203 1779 2274 jam
1821 2219 1885 2258 ex
1918 2205 2166 2261 confesso

593 2296 710 2340 erat
751 2290 913 2343 etiam
962 2291 1100 2360 apud
1142 2293 1386 2348 carnales
1437 2293 1780 2350 Sadducaeos.
1819 2296 2057 2352 Observa
2108 2310 2165 2352 et

596 2379 719 2432 hoc.
753 2377 1095 2437 Resurrcctio
1136 2395 1218 2439 est
1249 2383 1364 2454 ejus
1394 2387 1536 2455 quod
1565 2387 1834 2442 ceciderat
1875 2389 2160 2444 surrectio.

595 2470 918 2528 Immortalis
963 2485 1140 2529 autem
1190 2478 1368 2531 anima
1414 2493 1518 2532 non
1564 2479 1780 2544 cecidit,
1834 2480 1926 2533 sed
1971 2496 2165 2550 corpus

597 2565 732 2626 hoc;
766 2567 948 2636 itaque
997 2577 1051 2621 et
1098 2576 1344 2638 resurget
1387 2569 1602 2634 iterum,
1655 2571 1920 2642 coniugali
1973 2574 2165 2629 animae

593 2657 980 2726 complicitum.

670 2748 827 2801 Vens.
881 2749 1066 2803 28-34.
1124 2770 1142 2802 ε
1196 2750 1256 2802 Et
1314 2767 1436 2806 cum
1494 2755 1811 2808 accessisset
1859 2755 2076 2823 quidam
2132 2771 2162 2810 e

592 2839 818 2905 Scribis,
847 2852 899 2892 ct
932 2843 1171 2897 audisset
1205 2858 1300 2899 eos
1327 2844 1484 2898 simul
1527 2845 1890 2912 ἀίεριιιειιιιθε,
1925 2848 2162 2901 videret-

589 2946 694 2999 que
720 2931 862 3000 quod
899 2932 1035 2987 bene
1064 2935 1433 3004 respondisset
1454 2937 1552 2999 eis,
1581 2939 1929 3009 interrogavit
1967 2940 2114 2993 illmn
2146 2959 2158 2994 :

591 3020 744 3086 Quod
781 3030 862 3075 est
888 3022 1118 3090 primum
1151 3025 1393 3078 omnium
1417 3029 1848 3096 prmcefitorutti?
1880 3029 2036 3086 Jesus
2064 3049 2160 3084 au-

593 3122 699 3163 tem
749 3113 1024 3181 respondit
1070 3113 1143 3166 illi
1177 3129 1191 3167 :
1227 3114 1464 3169 Primum
1498 3119 1736 3172 omnium
1769 3131 2156 3190 praeceptorum

589 3213 673 3255 est
714 3220 727 3254 :
763 3203 896 3256 Audi
938 3202 1128 3270 Israel,
1168 3204 1427 3262 Dominus
1473 3206 1611 3264 Deus
1655 3221 1857 3275 noster,
1902 3205 2156 3268 Dominus

589 3313 730 3351 unus
766 3307 847 3350 est
878 3318 892 3352 :
926 3307 978 3352 et
1009 3299 1198 3368 diliges
1234 3301 1516 3355 Dominum
1554 3303 1719 3356 Deum
1769 3315 1916 3358 tuum
1950 3321 2014 3359 ex
2049 3317 2159 3360 toto

591 3389 754 3442 corde
786 3399 897 3454 tuo,
929 3398 982 3442 et
1033 3404 1094 3444 ex
1132 3400 1236 3444 tota
1284 3393 1461 3467 anima
1497 3403 1606 3458 tua,
1649 3407 1701 3449 et
1738 3411 1800 3449 ex
1846 3404 1952 3450 tota
1982 3408 2160 3451 mente

592 3490 702 3545 tua,
735 3491 787 3532 et
815 3496 878 3533 ex
915 3480 1040 3536 totis
1078 3481 1280 3536 viribus
1315 3483 1440 3536 tuis.
1482 3483 1594 3539 Hoc
1629 3495 1711 3538 est
1747 3487 1979 3553 primum
2017 3503 2154 3556 pne-

589 3584 799 3641 ceptuzn
852 3591 863 3626 :
912 3583 966 3626 et
1025 3575 1318 3628 secundum
1374 3575 1550 3629 simile
1609 3576 1707 3631 hoc
1766 3586 1848 3631 est
1895 3599 1906 3631 :
1963 3579 2159 3648 Diliges

589 3666 894 3732 proximum
926 3674 1072 3719 tuum
1120 3676 1179 3720 ut
1215 3667 1464 3735 teipsum.
1507 3667 1675 3736 Maius
1729 3671 1810 3724 his
1847 3671 1987 3724 aliud
2018 3687 2157 3741 pra:-

588 3765 800 3826 ceptum
830 3772 930 3811 non
953 3769 1053 3811 est.
1077 3755 1138 3810 Et
1159 3758 1290 3812 dixit
1313 3759 1382 3812 illi
1409 3759 1592 3814 Scriba
1618 3779 1628 3813 :
1651 3759 1812 3824 Bene,
1837 3775 2156 3830 praeceptor,

589 3862 710 3899 cum
755 3849 975 3903 veritate
1008 3835 1381 3918 dixistﬁquod
1419 3867 1555 3903 unus
1589 3853 1657 3903 sit
1682 3851 1845 3915 Dnns,
1876 3861 1926 3905 et
1957 3869 2060 3906 non
2091 3855 2159 3909 sit

588 3943 729 3996 alius
768 3951 962 4012 praeter
1003 3942 1192 3996 illum:
1231 3945 1481 4012 quodque
1515 3945 1735 4013 diligere
1768 3962 1888 3998 eum
1933 3962 1996 3998 ex
2049 3959 2158 4002 toto

587 4034 774 4097 corde,
812 4044 863 4086 et
887 4050 947 4087 cx
988 4044 1095 4089 tota
1139 4036 1512 4104 intelligentia,
1547 4048 1601 4091 et
1637 4054 1698 4090 cx
1741 4041 2078 4101 tota'anima.
2103 4051 2158 4095 et

587 4141 650 4177 ex
685 4129 808 4178 totis
853 4126 1079 4191 viribus,
1117 4142 1180 4181 ac
1209 4128 1432 4196 diligere
1478 4134 1779 4196 proximum
1809 4140 1865 4183 ut
1893 4133 2153 4200 seipsum,

590 4218 708 4280 plus
735 4217 806 4270 sit
835 4234 992 4284 quam
1028 4219 1274 4272 universa
1318 4221 1782 4276 holocaustonnita
1813 4235 1866 4276 et
1900 4225 2152 4280 victimae.

587 4309 654 4362 At
695 4306 851 4362 Jesus
894 4325 1017 4362 cum
1054 4310 1256 4364 videret
1304 4312 1445 4380 quod
1502 4314 1718 4366 cordate
1767 4319 2154 4383 reSpondisset,

589 4401 721 4454 dixit
753 4401 823 4454 illi
870 4419 883 4456 :
917 4400 1066 4454 llaud
1113 4403 1267 4472 longe
1317 4404 1443 4456 abes
1483 4420 1510 4456 a
1552 4421 1715 4473 regno
1757 4406 1868 4463 Dei.
1907 4408 1968 4461 Et
2001 4426 2156 4467 nemo

589 4502 708 4561 post
731 4494 820 4547 i‘la
849 4494 1077 4548 audebat
1109 4494 1255 4547 illum
1289 4495 1645 4564 interrogare.
1677 4517 1694 4549 ι
1723 4497 2003 4556 Mattlueus
2036 4506 2155 4571 qui-
2189 4533 2232 4587 υ

588 4587 708 4637 dein
766 4585 935 4651 inquit
990 4585 1129 4652 quod
1167 4594 1381 4639 tentans
1423 4588 1713 4642 accesserit
1745 4609 1757 4644 :
1793 4589 2001 4645 Marcus
2032 4607 2157 4647 vero

588 4675 720 4730 dicit
750 4681 890 4744 quod
926 4679 1219 4745 prudenter
1248 4679 1604 4746 responderit.
1638 4680 1885 4750 Nunquid
1917 4699 2045 4754 ergo
2078 4687 2154 4740 di-

588 4775 716 4818 cunt
751 4766 1061 4819 contraria?
1089 4767 1305 4822 Minime
1333 4786 1345 4823 :
1375 4770 1466 4822 sed
1490 4771 1778 4826 verisimile
1801 4784 1885 4827 est
1921 4776 2154 4843 primum

588 4857 802 4927 quidem
852 4856 1027 4925 ipsum
1079 4865 1136 4911 ut
1177 4867 1476 4913 tentantem
1526 4860 1912 4932 interrogasse,
1967 4863 2160 4921 deinde

587 4965 709 5004 cum
739 4948 1026 5017 profuisset
1047 4951 1093 5004 ei
1124 4966 1437 5021 responsum
1461 4953 1688 5020 Christi,
1722 4968 1776 5008 et
1811 4957 2031 5010 cordate
2071 4974 2159 5012 re-

588 5040 911 5108 spondisset,
935 5041 1002 5095 ab
1038 5041 1128 5095 illo
1157 5043 1447 5100 laudatum.
1477 5042 1611 5099 Vide
1641 5057 1818 5101 autem
1845 5060 1898 5100 et
1924 5050 2154 5106 laudem.

590 5133 703 5188 Non
730 5133 1023 5202 perfectum
1053 5133 1198 5189 illum
1225 5144 1470 5192 testatur.
1498 5137 1611 5193 Non
1646 5140 1790 5194 enim
1826 5140 1981 5207 dixit,
2019 5140 2158 5195 Intra

590 5242 813 5293 regnum
837 5225 1093 5283 caelorum
1121 5244 1179 5284 es
1206 5245 1218 5281 :
1251 5231 1365 5294 sed,
1395 5246 1496 5286 non
1527 5231 1715 5300 procul
1743 5248 1823 5287 es.
1863 5234 2039 5300 Quare
2066 5250 2160 5289 au—

592 5329 697 5370 tom
736 5318 874 5371 hanc
916 5320 1253 5384 potissimum
1291 5323 1641 5376 quaestionem
1678 5323 2014 5393 legispcritus
2074 5326 2161 5379 ille

591 5410 869 5474 proposuit
893 5407 1144 5464 Christo?
1173 5409 1405 5465 Putabat
1445 5413 1762 5480 reprehendi
1793 5431 1951 5481 pOSse
1997 5415 2158 5470 Chri-

590 5507 752 5560 stum,
791 5498 883 5565 qui
924 5503 1305 5557 emendaturus
1342 5513 1483 5557 εεδοι
1519 5505 1706 5574 legem,
1741 5509 1883 5559 unde
1914 5511 2156 5561 accusari

591 5602 767 5658 posset
809 5601 1060 5659 tanquam
1103 5593 1232 5664 legis
1273 5595 1636 5652 adversarius.
1677 5596 1869 5652 Verum
1904 5601 2158 5656 Dominus

664 5773 704 5803 "
733 5771 897 5825 Euri.
928 5791 1008 5828 ιιι.

2274 537 2358 590 ἵνα
2397 539 2460 606 τῇ
2491 536 2708 605 διαδοχῇ
2747 533 2857 587 τοῦ
2886 533 3077 602 γένους
3110 533 3512 601 συνιστάμενοι,
3546 528 3620 601 μὴ
3661 529 3854 599 ἀφανι-

2274 628 2510 698 σθῶμεν.
2529 629 2659 680 Τότε
2681 627 2757 691 δὲ,
2787 625 2976 696 ὥσπερ
2997 627 3046 679 ol
3072 624 3294 693 ἄγγελοι
3323 623 3453 678 ἄνευ
3472 622 3727 692 διαδοχῆς
3755 637 3856 688 γα-

2273 721 2439 790 μικῆς
2500 721 2548 771 οἱ
2597 718 2747 771 αὐτοί
2773 719 2900 779 εἰσι,
2943 716 3037 769 καὶ
3083 717 3340 768 οὐδέποτε
3384 714 3678 780 λήγουσιν⁹
3708 709 3853 766 οὕτω

2272 815 2365 866 καὶ
2404 798 2453 864 οἱ
2491 813 2836 880 ἀνιστάμενοι
2897 809 3026 862 ἄνευ
3058 809 3237 877 γάμου
3270 805 3629 861 ἀνελάπωτοι
3661 803 3853 874 διαμέ-

2270 919 2442 954 νουσι.
2478 903 2582 956 Καὶ
2610 901 2785 965 ἄλλως
2807 899 2865 952 δὲ
2901 899 3217 970 ἐλέγχονται
3254 900 3328 968 μὴ
3367 895 3685 958 είδότεςτάς
3708 894 3850 964 Γρα-

2269 998 2396 1063 φάς.
2433 996 2490 1048 Εἰ
2517 995 2624 1063 γὰρ
2653 995 2834 1046 ἐνόουν
2867 991 3093 1057 ταύτας,
3123 990 3355 1060 ἐνόησαν
3385 989 3451 1044 ἂν
3483 989 3580 1042 καὶ
3611 987 3731 1049 πῶς
3771 986 3854 1038 εί-

2270 1105 2434 1157 ρηται
2489 1088 2566 1149 τὸ,
2612 1085 2752 1154 Ἐγώ
2805 1087 2919 1155 εἰμι
2965 1087 2994 1138 ὀ
3042 1083 3174 1146 Θεὸς
3226 1079 3499 1152 Ἁϐραάμ,
3547 1078 3624 1142 ὡς
3654 1075 3853 1148 δηλαδὴ

2269 1177 2505 1242 ζώντων,
2543 1178 2615 1230 Οὐ
2642 1179 2748 1246 γὰρ
2773 1173 2944 1239 εἶπεν,
2966 1173 3205 1238 ὅτιἝγὼ
3227 1173 3400 1245 ἥμην,
3430 1171 3568 1234 ἀλλ’,
3592 1169 3746 1240 Είμί.
3766 1169 3854 1231 Ὠς

2269 1270 2579 1323 ἐνεστώτων
2630 1269 2918 1331 κάκείνων,
2977 1268 3070 1320 καὶ
3136 1267 3211 1337 μὴ
3278 1266 3650 1336 ἀπολομένων.
3714 1261 3855 1316 Ἀλλ’

2271 1362 2399 1424 ἴσως
2423 1361 2565 1414 ετποι
2591 1378 2671 1423 τις
2700 1360 2776 1422 ὼς
2800 1359 2958 1412 τοῦτο
2989 1359 3116 1431 περὶ
3139 1359 3235 1429 τῆς
3253 1358 3434 1428 ψυχῆς
3462 1357 3558 1409 τοῦ
3597 1355 3848 1424 Ἀϐραὰμ

2267 1455 2456 1524 εἴρηκε
2499 1450 2665 1519 μόνης
2695 1453 2722 1503 ὁ
2758 1450 2984 1520 Κύριος,
3016 1452 3137 1520 οὐχὶ
3168 1451 3262 1504 καὶ
3291 1451 3418 1519 περὶ
3445 1447 3537 1502 τοῦ
3574 1445 3847 1516 σώματος,

2267 1545 2407 1598 ὥστε
2465 1544 2533 1596 τά
2561 1542 2787 1612 σώματα
2819 1545 2918 1595 οὐκ
2952 1544 3286 1598 ἀνίστανται.
3311 1541 3470 1609 Λέγω
3507 1535 3602 1593 οὖν
3632 1537 3851 1608 πρῶτον

2272 1637 2391 1706 μὲν,
2449 1635 2530 1689 δτι
2586 1634 2837 1705 Ἀϐραὰμ
2879 1634 2940 1688 τὺ
2991 1635 3398 1704 συναμφότερον
3429 1633 3673 1700 λέγεται,
3707 1630 3851 1701 ψυχὴ

2270 1728 2365 1782 καὶ
2393 1728 2571 1797 σῶμα,
2604 1725 2743 1779 ὥστε
2776 1727 2869 1778 καὶ
2901 1726 2994 1779 τοῦ
3028 1726 3279 1794 σώματός
3310 1728 3425 1778 ἐστι
3461 1724 3616 1788 Θεὸς,
3645 1723 3850 1788 ζῶντος

2201 1819 2239 1873 Β
2267 1824 2362 1878 καὶ
2393 1823 2560 1874 αὑτοῦ
2595 1821 2746 1891 παρά
2773 1820 2849 1891 τῷ
2881 1820 3015 1890 Θεῷ,
3051 1821 3143 1873 καὶ
3178 1823 3250 1890 μὴ
3284 1820 3461 1889 πάντη
3484 1821 3564 1884 είς
3592 1822 3654 1873 τὸ
3690 1822 3767 1891 μὴ
3794 1818 3851 1873 δν

2271 1915 2641 1985 χωρήσαντος.
2678 1901 2913 1966 Ἔπειτα
2964 1914 3046 1966 ὅτι
3099 1915 3146 1966 οἱ
3190 1913 3538 1967 Σαδδουκαῖοι
3577 1916 3707 1982 περὶ
3753 1913 3852 1983 τῆς

2270 2005 2376 2059 τῶν
2403 2006 2669 2076 σωμάτων
2690 2006 3049 2079 ,ἀναστάσεως
3083 2004 3454 2074 ἀμφέϐαλλον.
3491 2005 3659 2059 ’Ὥστε
3700 2006 3796 2058 καὶ
3822 2005 3851 2058 ὁ

2267 2099 2473 2167 Κύριος
2497 2117 2560 2150 πε
2574 2099 2624 2168 pi.
2653 2097 2762 2150 τῶν
2804 2098 3073 2166 σωμάτων
3102 2094 3255 2150 εἶπεν
3287 2098 3368 2150 ὅτι
3410 2096 3544 2161 ζῶσι
3581 2097 3737 2168 παρὰ
3773 2097 3852 2167 τῷ

2267 2189 2404 2261 Θεῷ,
2438 2191 2558 2259 οὐχὶ
2589 2191 2713 2259 περὶ
2762 2189 2869 2242 τῶν
2909 2191 3115 2260 ψυχῶν.
3154 2189 3323 2242 Τοῦτο
3368 2188 3478 2261 γὰρ
3506 2189 3606 2261 ἤδη
3640 2189 3852 2258 ὡμολό-

2266 2301 2405 2352 γητο
2433 2284 2526 2336 καὶ
2548 2284 2697 2354 παρά
2723 2286 2835 2346 τοῖς
2871 2285 3152 2353 σαρκικοῖς
3179 2283 3582 2346 Σαδδουκαίοις.
3615 2284 3854 2338 Ἔπειτα

2267 2376 2361 2429 καὶ
2380 2375 2535 2430 τοῦτο
2558 2375 2769 2437 σκόπει,
2796 2377 2829 2446 ἡ
2855 2376 3173 2440 ἀνάστασις,
3193 2376 3287 2429 τοῦ
3314 2375 3670 2439 πεπτωκότος
3701 2375 3853 2428 ἐστὶν

2265 2464 2576 2527 ἀνάστασις.
2617 2466 2819 2518 Ἔπεσε
2865 2464 2921 2516 δὲ
2951 2466 3059 2539 οὐχ
3099 2466 3131 2534 ἠ
3178 2464 3346 2536 ψυχὴ,
3395 2465 3665 2529 ἀθάνατος
3715 2465 3852 2534 γὰρ,

2264 2555 2401 2610 ἀλλά
2420 2555 2481 2609 τὸ
2509 2555 2688 2626 σῶμαο
2715 2555 2871 2608 τοῦτο
2895 2556 3002 2624 ἀρα
3028 2557 3123 2608 καὶ⁵
3145 2557 3532 2628 ἀναστήσεται,
3566 2557 3854 2627 προσπλαο

2265 2647 2360 2700 κὲν
2401 2646 2561 2700 πάλιν
2589 2650 2655 2719 τῇ
2691 2647 2946 2718 ὀμοζύγῳ
2971 2647 3140 2718 ψυχῇ.

2337 2755 2356 2788 ε
2392 2738 2502 2790 Καὶ
2544 2737 2858 2807 προσελθὼν
2890 2733 2970 2802 εἷς
3015 2739 3125 2791 τῶν
3172 2737 3570 2809 Γραμματέων,
3605 2738 3851 2802 ἀκούσας

2262 2826 2442 2879 αὐτῶν
2492 2827 2889 2897 συζητούντων,
2936 2826 3092 2890 εἰδὼς
3149 2829 3230 2882 ὅτι
3281 2826 3462 2889 καλῶς
3503 2827 3688 2888 αὐτοῖς
3745 2827 3852 2878 ἀπ-

2262 2920 2474 2991 εκρξθη.
2516 2921 2873 2990 ἐπηρώτησεν
2906 2921 3089 2984 αὑτὸν,
3123 2919 3246 2972 ποία
3281 2921 3395 2972 ἐστὶ
3431 2918 3624 2989 πρώτη
3659 2919 3851 2972 πασῶν

2264 3014 2483 3087 ὲντολή;
2539 3015 2596 3068 'O
2641 3015 2698 3068 δὲ
2743 3014 2953 3084 Ἰησοῦς
3000 3013 3274 3084 ἀπεκρίθη
3312 3011 3480 3084 αὐτῷ,
3529 3014 3613 3066 ὅτι
3656 3012 3846 3082 πρώτη

2265 3105 2452 3158 πασῶν
2484 3105 2590 3160 τῶν
2625 3103 2875 3170 ἐντολῶν,
2911 3107 3108 3158 Ἀκουε
3150 3104 3384 3177 Ἰσραὴλ,
3415 3104 3617 3174 Κύριος
3652 3107 3680 3156 ὅ
3716 3103 3850 3166 Θεὸς

2187 3177 2228 3232 C
2261 3201 2442 3270 ἡμῶν,
2492 3200 2696 3271 Κύριος
2723 3195 2803 3264 εἷς
2835 3201 2971 3265 ὲστι,
3021 3201 3116 3252 καὶ
3148 3199 3457 3271 ἀγαπήσεις
3503 3198 3710 3269 Κύριον
3759 3198 3851 3250 τὸν

2260 3291 2392 3344 Θεὸν
2434 3308 2528 3344 σου
2563 3288 2623 3355 ἐξ
2656 3289 2785 3361 ὅλης
2822 3291 2920 3361 τῆς
2960 3291 3191 3360 καρδίας
3222 3293 3468 3369 σουηκαὶ
3499 3290 3558 3354 ἐξ
3586 3291 3714 3358 ὅλης
3748 3289 3850 3359 τῆς

2259 3385 2437 3455 ψυχῆς
2485 3401 2600 3449 σου,
2651 3385 2745 3438 καὶ
2785 3385 2845 3450 ἐξ
2887 3385 3014 3453 ὅλης
3062 3387 3164 3455 τῆς
3201 3386 3440 3450 διανοίας
3498 3402 3621 3448 σου,
3666 3386 3761 3439 καὶ
3788 3385 3846 3451 ἐξ

2260 3478 2388 3548 ὅλης
2410 3479 2506 3547 τῆς
2547 3477 2728 3548 ἰσχύος
2757 3496 2871 3532 σου.
2906 3478 3053 3550 Αὕτη
3083 3478 3277 3550 πρώτη
3317 3479 3541 3547 ἐντολή·
3581 3479 3675 3533 καὶ
3723 3478 3845 3531 δευ-

2261 3570 2393 3639 τέρα
2442 3570 2602 3639 ὸμοία
2644 3569 2820 3639 αὖτηο
2867 3571 3203 3641 Ἀγαπήσεις
3243 3572 3335 3624 τὸν
3370 3569 3594 3641 πλησίον
3627 3587 3722 3623 σου
3771 3571 3845 3634 ὡς

2264 3662 2510 3714 σεαυτόν.
2571 3661 2791 3723 Μείζων
2845 3662 3049 3716 τούτων
3108 3663 3243 3733 ἄλλη
3304 3661 3490 3732 ἐντολὴ
3549 3662 3651 3715 οὐκ
3701 3662 3838 3715 ἐστι.

2262 3756 2371 3808 Καὶ
2400 3749 2553 3808 εἶπεν
2601 3756 2748 3825 αὐτῷ
2781 3759 2808 3808 ὁ
2849 3756 3246 3827 Γραμματεύςο
3286 3755 3500 3820 Καλῶς,
3531 3756 3842 3819 διδάσκαλε,

2262 3848 2349 3902 ἐπ’
2398 3849 2662 3917 ἀληθείας
2719 3845 2892 3912 εἶπες,
2943 3851 3026 3903 ὅτι
3079 3843 3159 3912 εἷς
3216 3851 3332 3903 ἐστι
3385 3850 3540 3912 Θεὸς,
3593 3849 3688 3902 καὶ
3745 3849 3841 3902 οὐκ

2261 3940 2406 3993 ἔστιν
2445 3941 2601 4004 ἄλλος
2645 3941 2782 4011 πλὴν
2827 3941 3015 4005 αὑτοῦ,
3073 3943 3170 3994 καὶ
3205 3944 3267 3994 τὸ
3315 3943 3538 4013 ἀγαπᾷν
3573 3941 3738 3994 αὑτὸν
3783 3941 3841 4007 ἐξ

2259 4031 2388 4099 ὅλης
2431 4035 2527 4103 τῆς
2576 4032 2822 4102 καρδίας,
2872 4033 2962 4084 καὶ
2996 4033 3052 4098 ἐξ
3092 4031 3220 4103 ὅλης
3259 4033 3355 4102 τῆς
3398 4033 3693 4096 συνέσεως,
3750 4035 3839 4084 καὶ

2261 4123 2320 4188 ἐξ
2343 4123 2468 4192 ὅλης
2499 4122 2598 4191 τῆς
2630 4123 2829 4192 ψυχῆς,
2876 4124 2966 4176 καὶ
3001 4123 3058 4189 ἐξ
3091 4123 3218 4193 ὅλης
3263 4124 3360 4194 τῆς
3405 4124 3610 4192 ἰσχύος,
3647 4126 3741 4177 καὶ
3784 4125 3841 4177 et

2261 4218 2483 4286 ἀγαπᾷν
2513 4217 2604 4268 τὸν
2650 4215 2877 4284 πλησίον
2910 4215 2984 4279 ὡς
3013 4217 3227 4281 ἑαυτὸν,
3258 4217 3441 4270 πλεῖόν
3477 4219 3595 4270 ἐστι
3625 4218 3840 4271 πάντων

2260 4305 2366 4358 τῶν
2391 4306 2856 4374 ὁλοκαυτωμάτων
2891 4308 2984 4360 καὶ
3017 4309 3124 4360 τῶν
3176 4307 3396 4362 θυσιῶν.
3434 4309 3541 4361 Καὶ
3571 4310 3599 4361 ὁ
3637 4308 3842 4376 Ἰησοῦς

2265 4397 2407 4460 ἰδὼν,
2436 4399 2516 4450 ὅτι
2555 4400 2821 4467 νουνεχῶς
2864 4401 3158 4472 ἀπεκρίθη,
3199 4396 3353 4454 εἶπεν
3391 4402 3540 4472 αὐτῷ
3567 4419 3581 4430 ’
3617 4404 3694 4456 Οὐ
3738 4421 3842 4472 μα-

2262 4491 2400 4558 κρὰν
2431 4486 2479 4542 εἷ
2501 4491 2608 4543 ἀπὸ
2629 4491 2724 4559 τῆς
2753 4492 3030 4562 βασιλείας
3054 4495 3148 4546 τοῦ
3175 4493 3332 4547 Θεοῦ.
3369 4496 3480 4548 Καὶ
3509 4497 3688 4559 οὐδεὶς
3712 4499 3840 4549 οὐκ·

2261 4585 2342 4635 ἑτι
2392 4585 2590 4651 ἐτόλμα
2628 4585 2788 4636 αὐτὸν
2840 4587 3206 4655 ἐπερωτῆσαι.
3253 4606 3270 4638 ι
3327 4585 3386 4641 '0
3435 4587 3532 4656 μὲν
3564 4589 3844 4652 Ματθαῖός

2262 4693 2448 4745 φησιν,
2469 4675 2547 4727 ὅτι
2575 4676 2851 4747 πειράζων
2875 4678 3202 4748 προσῆλθεν,
3231 4682 3256 4732 ὁ
3276 4679 3330 4731 δὲ
3355 4680 3584 4751 Μάρκος
3611 4681 3844 4735 ἐνταῦθα

2261 4766 2432 4834 λέγει,
2476 4769 2556 4819 ὅτι
2590 4768 2853 4837 νουνεχῶς
2885 4769 3181 4840 ἀπεκρίθη.
3212 4766 3359 4842 τΑρα
3403 4768 3495 4826 οὖν
3521 4775 3846 4843 ὲναντιοφω-

2259 4858 2441 4924 νοῦσι;
2471 4861 2624 4928 Οὐχ,
2657 4859 2771 4912 ἀλλ’
2804 4861 2948 4923 εἰκὸς
2971 4862 3187 4931 πρῶτον
3231 4865 3331 4933 μὲν
3361 4865 3523 4918 αὑτὸν
3549 4866 3626 4932 ὡς
3649 4867 3846 4938 πειρά-

2257 4950 2420 5016 ζοντα
2447 4955 2580 5021 apo:
2620 4970 2745 5019 σαι,
2799 4952 2916 5007 εἶτα
2952 4955 3303 5026 ὠφεληθέντα
3336 4957 3443 5010 ἀπὸ
3464 4957 3563 5028 τῆς
3609 4961 3844 5032 ἀποκρί-

2261 5064 2397 5108 σεως
2433 5047 2526 5098 τοῦ
2559 5047 2818 5115 Χριστοῦ,
2848 5050 2941 5101 καὶ
2969 5050 3234 5121 νουνεχῶς
3261 5051 3652 5122 ἀποκριθέντα,
3687 5058 3844 5109 ὲπαι-

2261 5143 2506 5210 νεθῆναι.
2542 5145 2682 5213 Ὅρα
2716 5143 2773 5196 δὲ
2818 5144 2914 5197 καὶ
2947 5150 3038 5198 τὸν
3073 5145 3311 5213 ἔπαινον,
3348 5149 3465 5213 πῶς
3496 5153 3618 5222 οὐχὶ
3643 5153 3844 5208 τέλειον

2260 5235 2420 5286 αὑτὸν
2450 5231 2584 5287 εἶναι
2619 5238 2907 5306 μαρτυρεῖ.
2937 5237 3011 5287 Οὐ
3040 5238 3146 5308 γὰρ
3172 5235 3323 5292 εἶπεν
3351 5240 3432 5294 ὅτι
3461 5241 3647 5307 Ἐντὸς
3673 5239 3724 5297 εἴ
3751 5247 3846 5314 τῆς

2262 5325 2540 5394 βασιλείας
2580 5329 2675 5379 τοῦ
2710 5328 2845 5380 Θεοῦ
2871 5369 2885 5394 ,
2917 5330 3031 5381 ἀλλ’
3078 5331 3136 5382 οὐ
3188 5332 3404 5401 μακρὰν
3461 5327 3530 5387 εἴ.
3594 5336 3752 5403 Τίνος
3790 5339 3843 5390 δὲ

2261 5417 2446 5470 ἕνεκεν
2501 5420 2634 5481 ὅλως
2681 5420 2885 5489 ταύτην
2930 5423 3027 5491 τὴν
3078 5423 3345 5496 ἐρώτησιν
3377 5428 3746 5496 προεϐάλλετο
3772 5432 3846 5499 τῷ

2267 5511 2485 5582 Χριστῷ
2513 5515 2541 5565 ὁ
2570 5513 2789 5582 νομικὸς
2823 5510 3006 5581 0520;;
3042 5517 3297 5587 Νομίζων
3341 5521 3708 5589 ἐπιλήψεσθαι
3755 5523 3843 5577 τοῦ

2267 5603 2502 5672 Χριστοῦ
2518 5604 2593 5666 ὡς
2611 5606 3131 5678 ἐπιδιορθωσομὲνου
3147 5612 3236 5663 τὸν
3254 5611 3438 5681 νόμον,
3468 5615 3564 5666 καὶ
3581 5614 3670 5667 διὰ
3692 5615 3845 5668 τοῦτο
