4108 6334
577 308 676 381 631

1483 302 2065 377 THEOPHYLACTI
2104 314 2519 378 BULGARLE
2559 313 2916 379 ARCHIEP.

3704 317 3810 380 632

580 446 716 486 esse
747 430 913 487 ﬁlium
966 428 1281 493 David,scd
1323 440 1427 483 non
1464 426 1770 484 Dominum.
1797 428 2140 483 Demonstrat

2264 430 2459 498 ιατέων
2510 426 2689 497 δόξαν,
2753 429 3249 502 ύπολαμϐανὸντων
3284 436 3375 484 τδν
3412 430 3647 504 Χριστὸν
3672 429 3817 489 εἶναι

583 520 744 589 igitur
770 533 830 578 se
862 521 1028 576 Deum
1058 535 1123 576 ex
1164 521 1295 589 ipsis
1327 520 1493 575 David
1528 520 1705 576 verbis
1736 538 1749 573 :
1776 525 1829 574 et
1864 534 1971 574 non
2004 521 2142 575 sim-

584 616 810 685 pliciter,
831 616 925 670 sed
956 615 1213 679 deterret,
1241 628 1306 668 eo
1334 612 1482 684 Quod
1507 604 1657 678 dicit,
1688 626 1706 665 ι
1740 610 1919 669 Donec
1948 626 2146 683 posue-

586 725 645 763 ro
676 708 920 762 inimicos
966 710 1087 761 tuos
1117 706 1405 762 s‘cabellinn
1438 703 1634 777 pedum
1666 703 1901 761 tuorum.
1952 725 1973 760 ι
1997 692 2145 763 Nam

583 799 680 867 ipsi
718 800 942 855 omnino
979 806 1131 854 erant
1163 794 1365 853 inimici
1415 799 1554 869 ejus,
1599 797 1734 867 quos
1782 796 1966 868 'posuit
2007 799 2146 855 Deus

583 891 741 944 Pater
762 880 1050 945 scabelluin
1080 894 1269 960 pedum
1302 891 1522 947 Christi.
1552 889 1685 945 Vide
1716 891 1893 946 autem
1925 901 1976 947 et
2007 907 2147 962 quo-

500 1056 503 1061 .
586 985 744 1038 modo
774 984 1088 1054 interroget.
1114 984 1225 1038 Non
1260 984 1401 1038 enim
1431 982 1565 1038 dixit
1592 1000 1606 1036 :
1631 982 1772 1048 Q'uid
1803 984 1955 1039 vobis
1998 985 2146 1040 vide-

582 1086 670 1127 tur
700 1075 765 1128 de
792 1090 906 1142 me,
929 1078 1132 1139 sed,'tle
1160 1073 1411 1130 Christe?
1439 1074 1503 1130 Et
1547 1076 1621 1129 ita
1669 1086 1774 1130 nun
1827 1074 2143 1145 perstringit

582 1164 787 1220 eos.Et
842 1176 1014 1234 neque
1065 1166 1288 1235 poteStis
1334 1167 1466 1221 mihi
1519 1166 1699 1221 dicere
1749 1156 1890 1236 quod
1940 1167 2145 1234 absque

584 1255 788 1323 Spiritu
822 1258 920 1311 hoc
946 1258 1143 1321 ditarit
1172 1257 1364 1324 DaVid,
1388 1257 1481 1313 sed
1512 1253 1743 1327 Spiritus
1772 1256 1943 1311 sancti
1962 1255 2141 1311 aﬂlatu

586 1350 717 1401 dixit
749 1363 870 1403 eum
909 1348 1217 1416 Dominum,
1251 1350 1305 1405 id
1328 1359 1411 1406 est
1444 1358 1624 1406 motus
1666 1350 1835 1420 gratia
1886 1348 2143 1420 Spiritus.

584 1439 863 1505 Quomodo
916 1453 1046 1511 ergo
1092 1442 1339 1497 Christus
1393 1441 1534 1497 illius
1582 1453 1666 1497 est
1714 1442 1899 1508 David,
1926 1458 1992 1495 an
2040 1457 2145 1496 non

586 1529 844 1585 Dominus
875 1532 989 1601 ejus
1028 1542 1083 1587 et
1117 1532 1290 1589 Deus?
1314 1532 1493 1589 Turba
1523 1534 1690 1604 igitur
1718 1534 1973 1589 audiebat
2016 1548 2139 1588 eum

586 1623 834 1679 libenter.
885 1624 949 1679 Et
1001 1624 1214 1680 dicebat
1263 1626 1433 1681 turbas
1465 1644 1477 1679 :
1508 1625 1710 1682 Cavete
1742 1640 1773 1681 a
1801 1626 2029 1691 Scribis,
2054 1626 2145 1695 qui

585 1713 972 1783 splendidiores
998 1714 1179 1771 ferunt
1210 1717 1402 1783 Stolas,
1427 1726 1483 1772 et
1516 1726 1734 1787 propter
1767 1717 1886 1771 illas
1922 1716 2143 1785 praefer-

2247 523 2361 577 υίδν
2383 521 2477 576 τοῦ
2500 521 2683 589 Δαδὶδ,
2714 520 2829 576 ἀλλ’
2842 522 2967 594 οὐχὶ
3004 521 3214 593 κύριον.
3235 523 3614 578 ’Δποδείκνυσι
3639 525 3819 580 τοίνυν

2246 612 2438 667 ἑαυτὸν
2457 610 2609 678 Θεὸν,
2642 610 2702 677 ἐξ
2728 612 2907 667 αὐτῶν
2935 612 3044 667 τῶν
3076 613 3170 667 τοῦ
3205 612 3368 667 Δασὶδ
3394 614 3677 685 ῥημάτων,
3728 617 3820 669 καὶ

2246 706 2346 776 οὐχ
2378 705 2584 769 ἁπλῶς,
2628 706 2742 759 ἀλλ’
2772 706 3023 777 ἐκφοϐῶν
3053 706 3140 760 διά
3166 706 3261 760 τοῦ
3283 706 3487 775 λέγειν,
3530 725 3548 758 ι
3589 708 3736 771 Ἕως
3756 708 3819 760 ἄν

2249 796 2327 849 θῶ
2354 798 2479 860 τοὺς
2532 798 2762 873 ἐχθρούς
2803 816 2898 852 σου
2930 798 3225 853 ὑποπόδιον
3256 797 3365 852 τῶν
3420 797 3598 851 ποδῶν
3630 815 3749 854 σου.
3796 818 3815 850 ι

2244 889 2407 943 Αὐτοὶ
2432 890 2488 943 δὲ
2512 892 2728 955 πάντως
2763 885 2903 962 ἦσαν
2924 891 2973 944 oi
3006 890 3193 963 ἐχθροὶ
3240 888 3426 955 αὐτοῦ,
3467 888 3561 953 οῦς
3626 889 3823 960 έθηκεν

2246 982 2274 1035 6
2305 980 2439 1045 Θεὸς
2477 981 2570 1037 καὶ
2626 980 2818 1053 Πατὴρ
2872 980 3162 1035 ὑποπόδιον
3203 979 3312 1033 τῶν
3361 981 3537 1034 ποδῶν
3566 981 3661 1033 τοῦ
3692 981 3823 1049 Χρι-

2247 1072 2394 1129 στοῦ.
2425 1074 2568 1145 Ὅρα
2595 1073 2651 1127 δὲ
2680 1074 2774 1127 καὶ
2796 1074 2914 1137 πῶς
2942 1076 3145 1145 ἐρωτᾷ.
3165 1074 3241 1129 οὐ
3269 1074 3379 1144 γὰρ
3409 1068 3554 1138 εἷπε,
3592 1070 3660 1125 Τί
3694 1072 3824 1141 ὑμῖν

2246 1165 2395 1219 δοκεῖ
2432 1167 2560 1237 περὶ
2588 1166 2747 1237 ἐμοῦ,
2788 1166 2945 1233 ἀλλὰ,
2979 1167 3108 1237 περὶ
3138 1166 3231 1221 τοῦ
3263 1164 3536 1236 Χριστοῦ;
3564 1163 3707 1217 ὥστε
3749 1163 3823 1232 μὴ

2246 1256 2448 1327 πλῆξαι
2479 1257 2697 1320 αύτούς.
2728 1254 2866 1310 Ἀλλ’
2894 1256 3012 1310 οὐδὲ
3043 1256 3195 1327 ἔχετέ
3225 1274 3313 1327 μοι
3345 1253 3520 1309 εἰπεῖν
3546 1255 3631 1308 ὅτι
3653 1254 3823 1324 χωρ’ς

2247 1348 2342 1402 τοῦ
2378 1348 2519 1403 Πνεύ
2529 1366 2695 1419 ματος
2717 1347 2876 1403 τοῦτο
2897 1343 3048 1402 εἶπεν
3074 1351 3101 1401 6
3118 1347 3299 1413 Δαῦὶδ,
3323 1347 3437 1400 ἀλλ’
3472 1349 3526 1400 ὲν
3545 1346 3823 1415 Πνεύματι

2247 1440 2507 1495 ἐκάλεσεν
2538 1442 2700 1494 αὑτὸν
2728 1440 2950 1511 Κύριον,
2980 1441 3245 1505 τουτέστι,
3276 1442 3341 1511 τῇ
3373 1438 3468 1493 τοῦ
3510 1439 3824 1507 Πνεύματος

2248 1532 2565 1601 κινούμενος
2618 1532 2822 1601 χάριτι.
2891 1531 3017 1594 Πῶς
3065 1527 3157 1585 οῦν
3188 1533 3215 1584 6
3256 1530 3490 1602 Χριστὸς
3555 1530 3671 1591 υἱός
3712 1530 3826 1580 ἔστι

2248 1624 2341 1678 τοῦ
2393 1623 2579 1689 Δασὶδ,
2636 1623 2749 1677 ἀλλ’
2801 1624 2920 1693 οὐχὶ
2966 1623 3060 1676 καὶ
3104 1622 3292 1693 κύριος
3331 1620 3495 1675 αὑτοῦ
3522 1620 3616 1673 καὶ
3655 1617 3825 1682 Θεό;;

2261 1717 2322 1771 '0
2349 1716 2440 1770 οῦν
2461 1716 2616 1785 δχλος
2640 1717 2836 1786 ἧκουεν
2870 1715 3034 1768 αὐτοῦ
3050 1714 3239 1784 ἡδέως.
3264 1714 3375 1767 Καὶ
3403 1712 3589 1779 ἔλεγεν
3620 1711 3827 1774 αὐτοῖς,

590 1807 630 1857 ri
663 1804 865 1882 solum,
892 1807 1353 1877 salutationesque
1384 1817 1439 1863 et
1476 1783 1818 1864 celebritates
1872 1783 1973 1862 fori
2022 1824 2149 1879 pro-

2264 1811 2369 1870 τοῖς
2404 1783 2501 1861 τοῦ
2514 1783 2684 1878 ήδχλου
2715 1808 2880 1878 φημὶ,
2906 1783 3245 1859 Φυλάττεσθε
3278 1805 3386 1861 ἀπὸ
3414 1806 3524 1857 τῶν
3565 1804 3831 1873 Γραμμα-

587 1897 804 1963 bant,et
827 1896 1009 1965 gloria:
1039 1899 1292 1955 omnibus
1321 1899 1497 1954 modis
1532 1900 1752 1955 student
1787 1918 1800 1954 :
1838 1900 1929 1969 qui
1960 1910 2015 1954 et
2042 1899 2143 1953 do-

588 2000 707 2041 mus
746 1988 1027 2043 viduarum
1059 1992 1365 2047 comedunt.
1412 1989 1575 2063 2w
1614 1991 1765 2047 Clam
1802 1994 1945 2047 enim
1994 2006 2149 2047 acce-

588 2078 721 2131 dunt
744 2081 807 2132 ad
840 2080 1096 2136 mulieres
1127 2082 1379 2151 praesidio
1406 2086 1716 2146 destitutas,
1737 2085 1891 2153 quasi
1934 2084 2151 2139 illarum

591 2168 754 2225 futuri
797 2181 999 2227 tutores
1027 2182 1081 2226 et
1111 2174 1343 2241 patroni,
1370 2185 1423 2231 et
1455 2185 1714 2245 praetextu
1750 2177 1919 2244 longae
1948 2178 2153 2231 oratio-

594 2262 676 2316 nis
709 2272 760 2317 et
787 2263 1003 2331 pietatis
1038 2267 1218 2321 colore
1247 2276 1298 2320 et
1330 2268 1669 2323 simulatione
1714 2268 1991 2338 decipiunt
2020 2270 2151 2323 sim-

590 2352 859 2422 pliciores,
883 2358 1204 2413 devorantes
1236 2360 1425 2413 domos
1452 2358 1699 2415 divitum.
1729 2360 1809 2415 illi
1840 2361 2004 2431 igitur
2034 2376 2159 2430 gra-

591 2445 793 2500 viorem
854 2448 1122 2517 accipient
1177 2450 1600 2518 damnationem,
1639 2465 1801 2520 quam
1849 2452 1939 2506 alii
1987 2450 2157 2508 Judrei

590 2548 899 2605 peccantes.
942 2538 1198 2595 Potentes
1242 2543 1384 2596 enim
1437 2544 1710 2610 potentius
1765 2542 2056 2611 punientur
2088 2544 2157 2596 ".

596 2628 813 2683 interim
847 2640 901 2685 et
936 2633 1207 2700 apostolos
1239 2636 1394 2688 docet
1430 2650 1496 2687 ne
1522 2634 1673 2703 juxta
1698 2631 2010 2689 Scribarum
2043 2649 2161 2689 mo-

592 2734 703 2774 rem
756 2721 957 2785 vivnnt,
986 2724 1079 2778 sed
1129 2724 1304 2793 ipsum
1360 2726 1654 2781 imitentur.
1700 2728 1958 2781 Doctores
2007 2725 2153 2779 enim

593 2810 715 2865 illos
743 2813 999 2869 ordinans
1030 2826 1455 2871 conscntaneum
1493 2826 1631 2880 erat,
1696 2827 1751 2869 nt
1782 2828 1835 2872 et
1866 2818 1986 2870 vita:
2046 2822 2155 2870 sua!

591 2900 790 2955 faceret
820 2903 1137 2961 imitatores.

2253 1902 2413 1962 τέων,
2459 1900 2569 1953 τῶν
2622 1901 2812 1963 στολὰς
2867 1900 3177 1971 φορούντων
3227 1898 3579 1969 σεμνοτέρας,
3635 1899 3733 1949 καὶ
3772 1897 3833 1947 lx

2246 1993 2452 2048 τούτων
2509 1994 2773 2047 θελόντων
2848 1994 3242 2065 προτιμᾶσθαι,
3302 1994 3397 2047 καὶ
3456 1992 3585 2052 τοὺς
3655 1992 3833 2041 ἀσπα-

2251 2086 2420 2155 σμοὺς
2455 2083 2511 2138 δὲ
2545 2084 2640 2138 καὶ
2698 2086 2795 2147 τὰς
2820 2085 3098 2155 εὐφημίας
3147 2082 3561 2153 ἀποδεχομένων
3604 2082 3662 2133 ὲν
3718 2080 3835 2140 ταῖς

2251 2178 2509 2247 ἀγοραῖς,
2565 2177 2657 2229 καὶ
2704 2178 2803 2229 ὅσα
2864 2176 2999 2230 ἀλλα
3059 2175 3197 2245 πρὸς
3257 2175 3417 2240 δόξαν
3481 2170 3837 2241 ἐπιτηδευόν-

2253 2285 2380 2331 των,
2410 2268 2459 2321 οἳ
2494 2270 2589 2322 καὶ
2661 2269 2759 2331 τὰς
2810 2270 2987 2333 οίκίας
3046 2269 3155 2321 τῶν
3190 2267 3372 2338 χηρῶν
3429 2264 3835 2320 κατεσθίουσιν.

2268 2357 2696 2427 ’Υπεισήρχοντο
2718 2358 2826 2429 γὰρ
2881 2360 2978 2422 τὰς
3031 2357 3506 2429 ἀπροστατεύτους
3540 2356 3837 2424 γυναῖκας,

2254 2448 2331 2511 ὡς
2362 2448 2524 2519 δῆθεν
2546 2452 2850 2519 προστάται
2906 2450 3085 2504 αὐτῶν
3122 2449 3391 2520 ἐσόμενοι,
3431 2447 3527 2502 καὶ
3558 2447 3844 2516 προφάσει

2258 2540 2351 2590 τοῦ
2384 2538 2573 2609 μακρὰ
2602 2541 3020 2611 προσεύχεσθαι,
3048 2540 3143 2594 καὶ
3172 2538 3522 2611 προσχήματι
3548 2533 3842 2595 εὐλαϐείας

2259 2633 2353 2683 καὶ
2432 2631 2725 2703 ὑποκρίσει
2786 2632 3102 2696 ἀπατῶντες
3191 2634 3317 2695 τοὺς
3400 2628 3844 2698 ἀφελεστέρους,

2264 2722 2556 2791 κατήσθιον
2620 2724 2719 2787 τὰς
2772 2724 2949 2787 οίκίας
2995 2723 3102 2777 τῶν
3144 2722 3435 2776 πλουσίων.
3473 2714 3632 2776 Οὗτοι
3664 2718 3846 2771 τοίνυν

2264 2816 2652 2886 περισσότερον
2687 2815 3187 2887 κατακριθήσονται
3225 2814 3335 2867 τῶν
3361 2812 3536 2868 ἄλλων
3569 2810 3849 2865 Ἰουδαίων

2265 2910 2846 2991 τῶνίἀμαρτανόντων.
2893 2909 3123 2962 Δυνατοὶ
3159 2909 3291 2979 γάρ,
3335 2904 3578 2968 δυνατῶς
3612 2901 3848 2970 ὶτασθή-

599 3008 801 3047 σονται.
838 2996 989 3066 ’Ἅμα
1046 2997 1103 3051 δὲ
1149 2998 1241 3051 διὰ
1293 2999 1501 3053 τούτων
1533 3001 1786 3064 καὶτοὺς
1833 2998 2165 3061 ἀποστόλους
2243 2999 2488 3053 διδάσκει
2548 3001 2620 3071 μὴ
2670 3001 2814 3054 κατά
2862 3002 2988 3063 τοὺς
3035 3000 3386 3072 Γραμματεῖς
3442 2994 3846 3059 πολιτεύεσθαι,

594 3085 709 3138 ἀλλ’
764 3085 927 3139 αὐτὸν
982 3088 1289 3158 μιμεῖσθαι.
1362 3089 1727 3154 Διδασκάλους
1780 3092 1890 3162 γάρ
1928 3092 2124 3153 αὐτοὺς
2167 3094 2764 3163 χειροτονῶν,είκότως
2800 3094 2895 3146 καὶ
2943 3096 3071 3162 περὶ
3141 3091 3234 3144 τοῦ
3312 3090 3429 3161 βίου
3474 3090 3661 3151 αὐτοῖς
3714 3089 3849 3141 ὐπο-

593 3178 817 3233 τίθεται.

666 3273 830 3328 Vsas.
855 3273 1047 3329 41-44.
1098 3292 1117 3326 ι
1158 3273 1226 3330 Ει
1262 3290 1384 3331 cum
1434 3275 1643 3332 sederet
1665 3274 1823 3331 Jesus
1848 3291 1915 3331 ex
1937 3276 2158 3331 adverso

2347 3294 2365 3327 ι
2407 3274 2514 3328 Καὶ
2534 3275 2764 3338 καθίσας
2819 3275 2847 3328 6
2886 3271 3089 3344 Ἰησοῦς
3137 3272 3423 3326 κατέναντι
3461 3266 3558 3321 τοῦ
3600 3268 3844 3336 γαζοφυ-

597 3365 987 3437 gazopbylacii,
1018 3368 1294 3437 spectabat
1330 3369 1598 3436 quomodo
1634 3366 1789 3422 turba
1822 3368 2057 3422 mitteret
2090 3382 2165 3425 aes

600 3458 651 3510 in
682 3455 1144 3527 gazophylacium,
1169 3465 1221 3511 et
1246 3456 1399 3511 multi
1429 3456 1624 3512 divites
1647 3459 1929 3513 mittebant
1955 3457 2115 3510 multa
2149 3475 2163 3511 :

597 3558 651 3603 et
700 3549 846 3604 venit
893 3548 1137 3619 quaedam
1175 3538 1332 3604 vidua
1384 3564 1605 3621 pauper,
1652 3551 1908 3621 misitque
1963 3551 2165 3604 minuta

602 3639 727 3703 duo,
752 3638 892 3706 quod
922 3647 1005 3692 est
1028 3638 1319 3708 quadrans.
1351 3636 1681 3709 Vocatisque
1708 3639 1775 3694 ad
1807 3654 1865 3695 se
1888 3638 2169 3708 discipulis

601 3730 713 3784 suis
756 3729 886 3784 dicit
930 3730 1034 3783 illis
1068 3748 1081 3785 :
1117 3732 1283 3789 Amen
1316 3731 1435 3785 dico
1466 3731 1635 3795 vobis,
1668 3732 1810 3800 quod
1864 3732 2019 3784 vidua
2053 3732 2166 3784 haec

602 3837 802 3891 pauper
849 3822 972 3892 plus
1016 3823 1187 3889 misit,
1229 3839 1391 3893 quam
1446 3838 1636 3879 omnes
1669 3824 1758 3894 qni
1795 3824 2059 3878 miserunt
2106 3825 2158 3878 in

604 3913 1069 3984 gazophylacium.
1098 3914 1231 3969 Nam
1266 3928 1452 3968 oumes
1476 3928 1540 3969 ex
1574 3929 1639 3970 eo
1670 3914 1811 3983 quod
1846 3914 1979 3983 ipsis
2008 3927 2167 3983 supe-

605 4015 768 4070 rerat,
791 4006 1047 4060 miserunt
1080 4024 1095 4062 :
1126 4018 1181 4059 at
1216 4008 1327 4059 haec
1358 4025 1387 4059 e
1419 4006 1640 4076 penuria
1672 4021 1767 4061 sua
1804 4006 1982 4059 omnia
2032 4020 2173 4073 quac-

605 4112 814 4163 cunque
849 4098 1077 4152 habebat
1104 4098 1269 4157 misit,
1308 4106 1473 4151 totam
1504 4098 1866 4152 substantiam
1912 4110 2087 4151 suam.
2151 4115 2167 4146 ι

607 4188 864 4242 Mirabilis
912 4190 1155 4258 quaedam
1206 4188 1538 4243 consuetudo
1594 4189 1731 4257 apud
1772 4188 1985 4243 Judreos
2034 4196 2169 4241 erat.

607 4280 707 4347 Qui
734 4280 873 4334 enim
905 4274 1149 4348 poterant
1175 4288 1228 4334 et
1258 4279 1526 4341 volebant,
1549 4278 1840 4332 mittebant
1872 4278 1923 4330 in
1959 4279 2174 4331 thesau-

610 4389 724 4427 rum
777 4372 1093 4442 templi,qui
1152 4373 1445 4425 vocabatur
1492 4371 1958 4441 gazophylacium,
1988 4384 2018 4422 e
2067 4382 2175 4437 quo

608 4467 919 4520 sacerdotes
943 4474 992 4518 et
1025 4477 1288 4533 pauperes
1318 4470 1372 4518 et
1404 4463 1576 4516 viduae
1606 4464 1907 4517 alebantur.
1930 4462 2173 4529 Cumque

612 4560 664 4610 id
714 4558 865 4610 multi
903 4556 1159 4619 iacerent,
1180 4565 1235 4608 et
1264 4556 1420 4609 vidua
1453 4556 1702 4619 accessit,
1732 4571 1884 4610 suam
1934 4556 2175 4610 volunta-

2266 3366 2479 3429 λακίου,
2512 3365 2741 3437 ἐθεώρει
2797 3362 2914 3427 πῶς
2960 3364 2989 3417 6
3045 3362 3199 3434 ὄχλος
3234 3360 3416 3432 βάλλει
3448 3357 3647 3428 χαλκὸν
3686 3357 3767 3417 είς
3790 3354 3848 3408 τὸ

2268 3456 2690 3526 γαζοφυλάκιον.
2722 3455 2833 3509 Καὶ
2856 3454 3039 3508 πολλοὶ
3080 3454 3324 3508 πλούσιοι
3370 3445 3618 3505 έέδαλλον
3650 3447 3845 3510 πολλὰ,

2272 3549 2365 3602 καὶ
2395 3546 2627 3600 ὲλθοῦσα
2678 3547 2776 3619 μία
2828 3549 2973 3617 χήρα
3021 3544 3212 3615 πτωχὴ
3241 3543 3432 3597 ἔϐαλλε
3477 3540 3653 3596 λεπτά
3676 3542 3790 3603 δύο,
3819 3538 3847 3590 ὃ

2270 3640 2387 3693 ἐστι
2418 3638 2735 3709 κοδράντης.
2767 3639 2874 3691 Καὶ
2905 3636 3418 3709 προσκαλεσάμενος
3438 3634 3571 3695 τοὺς
3599 3630 3848 3704 μαθητὰς

2270 3732 2458 3799 αὐτοῦ,
2489 3732 2639 3800 λέγει
2690 3731 2907 3795 αὐτοῖς·
2973 3731 3144 3801 Ἀμὴν
3179 3730 3323 3796 λέγω
3366 3730 3494 3798 ὑμῖν
3518 3728 3602 3779 ὃτι
3632 3728 3667 3796 ἠ
3708 3726 3849 3794 χήρα

2274 3826 2413 3895 αὕτη
2454 3826 2700 3894 ἠπτωχὴ
2754 3822 2940 3876 πλεῖον
2961 3822 3180 3876 πάντων
3235 3819 3467 3892 βέὸλληκε
3496 3818 3604 3872 τῶν
3657 3817 3847 3887 βαλόν-

2273 3934 2380 3971 των
2411 3916 2488 3979 εἰς
2514 3916 2575 3967 τὸ
2592 3916 3017 3983 γαζοφυλάκιον.
3056 3913 3262 3976 Πάντες
3301 3911 3411 3981 γὰρ
3436 3914 3499 3964 ὲκ
3525 3908 3621 3962 τοῦ
3656 3924 3847 3978 περισ-

2276 4005 2530 4067 σεύοντος
2572 4007 2756 4067 αὐτοῖς
2784 4004 2994 4067 ἔϐαλον,
3022 4002 3162 4072 αὕτη
3191 4004 3269 4067 δὲ,
3292 4003 3355 4054 ὲκ
3373 4002 3469 4071 τῆς
3502 4000 3848 4068 ὑστερήσεως

2274 4100 2466 4169 αὐτῆς,
2504 4098 2681 4151 πάντα
2723 4100 2822 4150 ὅσα
2885 4092 3031 4167 εἶχεν
3065 4096 3278 4164 ἔϐαλεν,
3330 4094 3450 4148 ὅλον
3479 4093 3573 4145 τὸν
3612 4092 3728 4162 βίον
3757 4090 3850 4142 αύ-
3896 4112 3903 4120 -

2276 4195 2395 4263 τῆς.
2440 4212 2457 4245 ι
2496 4190 2824 4262 Θαυμαστόν
2844 4207 2894 4242 τι
2925 4190 3045 4250 ἔθος
3072 4189 3225 4256 παρά
3254 4190 3368 4251 τοῖς
3396 4184 3669 4249 Ἰουδαίοις
3688 4182 3846 4254 ἐκρά-

2274 4304 2379 4350 τει,
2429 4285 2568 4340 ὥστε
2627 4284 2753 4346 τοὺς
2805 4282 3025 4352 ἔχοντας
3053 4285 3148 4336 καὶ
3205 4280 3566 4351 βουλομένους
3632 4277 3848 4348 βάλλειν

2282 4381 2361 4442 είς
2391 4382 2480 4431 τὸν
2527 4380 2584 4431 ὲν
2636 4377 2711 4447 τῷ
2764 4375 2893 4447 ἱερῷ
2942 4374 3213 4446 θησαυρὸν
3245 4366 3419 4444 (οὗτος
3457 4373 3564 4441 γὰρ
3610 4371 3854 4424 ἐκαλεῖτο

2282 4470 2722 4541 γαζοφυλάκιον),
2742 4468 2815 4530 ὡς
2846 4470 2911 4520 ἂν
2939 4468 3073 4519 οἵτε
3104 4468 3269 4537 ἱερεῖς
3299 4465 3394 4518 καὶ
3420 4466 3468 4515 οἱ
3500 4465 3735 4532 πένητες
3764 4463 3854 4516 καὶ

2281 4564 2336 4616 αἱ
2378 4562 2543 4631 χῆραι
2603 4564 2665 4614 ὲκ
2698 4559 2904 4611 τούτων
2956 4558 3353 4629 διατρέφοιντο.
3398 4554 3618 4609 Πολλῶν
3669 4549 3766 4608 οὖν
3799 4552 3855 4606 τὺ

618 4660 719 4701 tem
756 4648 1038 4701 declarans
1086 4648 1278 4714 opibus
1332 4646 2003 4702 abundautiorem.GIoria
2056 4649 2147 4702 tibi

2285 4654 2495 4706 τοιοῦτο
2528 4653 2845 4717 ποιούντων,
2900 4652 2991 4703 καὶ
3015 4652 3157 4721 χήρα
3192 4646 3565 4719 προσελθοῦσα
3594 4647 3699 4718 τὴν
3726 4646 3853 4701 ἑαυ-

609 4740 955 4808 ChriSIe,qui
1011 4751 1064 4793 et
1120 4756 1280 4809 parva
1339 4743 1571 4811 gratiora
1630 4754 1771 4809 sarpe
1826 4741 1989 4794 babes
2022 4756 2178 4808 quant

615 4848 822 4905 magna.
851 4833 1042 4897 Quaeso
1079 4844 1134 4886 ut
1173 4833 1334 4887 ctiam
1395 4847 1509 4886 mea
1542 4834 1719 4887 anima
1751 4832 1902 4885 vidua
1938 4834 2057 4887 talis
2086 4836 2174 4893 sit,

614 4942 731 4994 qua:
780 4924 998 4993 abjiciat
1040 4924 1317 4991 Satanam,
1355 4926 1437 4981 cui
1494 4926 1739 4989 adhaesit,
1772 4936 1826 4980 et
1880 4929 2063 4980 mittat
2126 4927 2176 4980 in

617 5019 923 5071 thesaurum
951 5032 1165 5071 sacrum
1197 5017 1303 5071 duo
1334 5018 1562 5083 minuta,
1590 5033 1805 5073 carnem
1835 5028 1888 5073 et
1916 5026 2174 5080 mentem,

617 5107 841 5176 ipsaque
876 5107 1179 5173 imminuat,
1200 5109 1531 5163 continentia
1559 5109 1776 5179 quidem
1813 5124 2057 5173 carnem,
2079 5110 2179 5163 hu-

619 5196 843 5251 militate
876 5212 1004 5254 vero
1051 5209 1304 5266 mentem,
1331 5211 1386 5253 ut
1434 5212 1488 5256 et
1533 5216 1633 5272 ego
1680 5204 1891 5258 audiam
1928 5204 2073 5273 quod
2107 5214 2185 5259 to.

622 5298 726 5342 tam
761 5302 933 5343 meam
965 5290 1127 5345 vitam
1162 5284 1528 5348 consecrari'm
1561 5294 1689 5359 Deo,
1715 5309 1819 5350 non
1855 5295 2037 5351 relicta
2075 5295 2180 5351 ulla

619 5382 943 5449 cogitatione
982 5382 1061 5435 vel
1092 5381 1374 5440 aii‘cctione
1413 5381 1538 5441 huic
1576 5387 1795 5444 mundo.

692 5736 733 5769 ’⁷
770 5734 892 5797 Sap.
940 5752 1010 5798 νι,
1046 5738 1100 5791 7.

2286 4745 2388 4814 τῆς
2424 4742 2743 4813 προαίρεσιν
2772 4741 3085 4807 ἐπεδείξατο
3133 4738 3515 4807 εὐπορωτέραν
3554 4736 3653 4807 τῆς
3693 4736 3855 4791 δυνά-

2292 4856 2453 4908 μεως.
2484 4836 2618 4900 Δόξα
2654 4854 2756 4899 σοι,
2788 4835 3008 4905 Χριστὲ,
3044 4835 3102 4898 ὃς
3141 4834 3231 4887 καὶ
3265 4833 3333 4885 τά
3367 4831 3539 4903 μικρὰ
3554 4832 3686 4904 δέχῃ
3715 4830 3854 4904 ὑπὲρ

2286 4929 2353 4983 τὰ
2383 4929 2593 4998 μεγάλα
2621 4914 2898 4989 πολλάκις.
2947 4926 3161 4979 Γένοιτο
3216 4928 3308 4979 καὶ
3344 4924 3443 4994 τὴν
3486 4923 3626 4995 ἐμὴν
3675 4922 3854 4994 ψυχὴν

2285 5021 2460 5091 χήραν
2494 5017 2773 5087 γενέσθαι,
2803 5015 3182 5070 ἀποϐαλοῦσαν
3204 5014 3295 5068 τὸν
3320 5014 3589 5076 Σατανᾶν,
3621 5004 3666 5081 ᾧ
3685 5029 3853 5083 προσ-

2289 5111 2575 5182 εκολλήθη,
2633 5111 2729 5165 καὶ
2768 5108 2949 5179 βαλεῖν
3006 5109 3089 5171 είς
3121 5108 3214 5161 τὸν
3271 5106 3415 5176 ίερδν
3445 5104 3723 5175 θησαυρὸν
3769 5104 3857 5156 δύο

2288 5203 2481 5269 λεπτὰ,
2510 5203 2609 5272 τὴν
2637 5203 2817 5272 σάρκα
2870 5202 2963 5255 καὶ
3008 5200 3099 5253 τὸν
3129 5199 3275 5264 νοῦν,
3312 5197 3655 5251 λεπτύνασαν
3696 5196 3855 5260 αὐτὰ,

2285 5291 2375 5345 διὰ
2427 5292 2525 5361 τῆς
2555 5290 2882 5360 ἐγκρατείας
2932 5289 3030 5359 μὲν
3060 5290 3159 5360 τὴν
3201 5290 3401 5358 σάρκα,
3430 5287 3518 5341 διὰ
3547 5287 3604 5341 δὲ
3632 5286 3733 5356 τῆς
3764 5303 3857 5339 τα-

2287 5384 2620 5445 πεινώσεως,
2656 5382 2747 5435 τὸν
2773 5381 2922 5446 νοῦν,
2954 5382 3041 5436 ἵνα
3071 5381 3167 5436 καὶ
3224 5381 3337 5450 ἐγὼ
3366 5380 3585 5435 ἀκούσω
3612 5381 3695 5432 ὅτι
3739 5378 3855 5431 ὅλον

2291 5491 2392 5543 μου
2437 5474 2529 5526 τὸν
2590 5473 2702 5544 βίον
2753 5474 2895 5545 ἱερδ)
2950 5474 3316 5544 ἐποιησάμην,
3364 5472 3513 5526 οὐδὲν
3557 5469 3854 5539 ὑπολείψας

2289 5565 2461 5636 νόημα
2499 5565 2531 5636 ἢ
2565 5565 2770 5637 κίνημα
2800 5565 2877 5636 τῷ
2911 5566 3118 5636 κόσμῳ.
