4108 6334
198 387 311 457 633

815 506 1068 560 ΚΕΦΑΔ.
1101 502 1199 561 π’.

204 644 347 715 Περὶ
387 640 499 716 τῆς
537 641 921 707 συντελείας.
946 640 1087 711 Περὶ
1114 638 1224 709 τῆς
1243 636 1474 709 ἡμέρας
1496 633 1592 691 καί
1624 634 1800 705 ὥρας.

287 801 307 834 ι
342 781 451 835 Καὶ
489 776 933 851 ικπορευομένου
981 774 1151 829 αὐτοῦ
1196 775 1263 829 ἐκ
1304 771 1399 827 τοῦ
1434 770 1609 841 ίιροῢ,
1655 770 1805 838 λέγει

205 871 363 942 αὐτῷ
382 866 461 936 εἷς
483 870 591 925 τῶν
620 868 881 942 μαθητῶν
908 866 1083 923 αὐτοῦ
1105 883 1118 898 ο
1170 865 1494 930 Διδάσκαλε,
1528 864 1605 918 ἰδε
1635 880 1807 916 ποτα-

208 969 304 1020 ποὶ
333 963 494 1027 λίθοι,
529 953 922 1041 καῖ’-ποταπαὶ
973 960 1279 1030 οἰκοδομαί.
1343 957 1455 1012 Kal
1513 958 1543 1010 6
1597 954 1806 1024 Ἰησοῦς

205 1056 533 1130 ἀποκριθεὶς
558 1052 715 1111 εἷπεν
740 1053 889 1123 αὐτῷ
910 1069 925 1086 ο
956 1053 1190 1116 Βλέπεις
1210 1051 1417 1114 ταύτας
1432 1052 1533 1112 τὰς
1559 1047 1807 1120 μεγάλας

205 1150 539 1219 οἰκοδομάςς
580 1148 640 1201 ού
677 1146 753 1219 μὴ
775 1145 953 1217 ἀφεθῇ
1012 1143 1161 1208 λίθος
1225 1141 1322 1196 ἐπὶ
1367 1141 1501 1211 λίθῳ
1532 1140 1593 1204 ὃς
1622 1141 1685 1194 ού
1730 1139 1806 1211 μὴ

206 1244 517 1315 καταλυθῇ.
576 1243 691 1297 Kal
739 1240 1059 1310 καθημένου
1116 1237 1303 1293 αὐτοῦκ
1330 1238 1414 1301 εἰς
1446 1235 1509 1288 τὸ
1542 1234 1669 1302 ὅρος
1697 1232 1807 1286 τῶν

221 1334 475 1402 Ἐλαιῶν,
506 1334 802 1390 κατέναντι
826 1330 922 1385 τοῦ
951 1328 1122 1401 ἱεροῦ,
1145 1328 1451 1399 ἐπηρώτων
1484 1316 1808 1381 αύτδν“κατ’

212 1428 359 1483 ἰδίαν
386 1428 595 1500 Πέτρος
620 1427 717 1480 καὶ
762 1423 1023 1486 Ἰάκωϐος
1084 1423 1183 1477 καὶ
1236 1421 1496 1491 Ἰωάννης
1552 1418 1648 1472 καὶ
1686 1418 1809 1471 Ἀν-

208 1521 397 1593 δρέας·
436 1520 575 1574 Εἰπὲ
610 1520 745 1590 ἡμῖν
779 1516 912 1570 πότε
954 1514 1131 1569 ταῦτα
1179 1513 1371 1577 terat;
1410 1514 1507 1567 καὶ
1532 1510 1585 1565 τί
1618 1510 1679 1563 τὸ
1710 1526 1810 1580 ση-

215 1615 368 1685 μεῖον
427 1615 557 1669 ὅταν
622 1612 798 1684 μέλλῃ
853 1610 1029 1665 ταῦτα
1082 1610 1266 1663 πάντα
1328 1604 1749 1669 συντελεῖσθαι;
1781 1620 1799 1655 ι

226 1704 455 1776 Ἐπειδὴ
490 1703 662 1758 πολλά
705 1704 833 1773 περὶ
872 1702 973 1771 τῆς
1006 1699 1347 1771 ἐρημώσεως
1380 1700 1481 1766 τῆς
1531 1696 1808 1766 Ἰερουσα-

213 1798 331 1871 λὴμ
350 1797 537 1865 ἔλεγεν
560 1798 589 1850 6
609 1796 835 1867 Κύριος,
853 1796 957 1861 ὅτι,
995 1794 1246 1863 Ἀφίεται
1268 1795 1296 1846 6
1321 1787 1469 1855 οἰκος
1502 1790 1660 1861 ὑμῶν
1688 1787 1809 1859 Ερη.

218 1910 344 1963 μος,
407 1894 457 1946 οἰ
526 1892 769 1962 μαθηταὶ⁵
816 1889 982 1943 αὑτοῦ
1042 1886 1455 1960 θαυμάζοντες,
1522 1884 1713 1953 ὥσπερ

215 1984 462 2039 τοσαῦτα
494 1982 703 2056 μεγέθη
736 1983 831 2037 xal.
884 1980 1059 2053 κάλλη
1106 1978 1566 2049 οἰκοδομημάτων
1612 1978 1808 2045 ἀφανι-

216 2079 506 2150 σθήσεται,
539 2076 882 2132 δεικνύουσιν
910 2075 1061 2147 αύτῷ
1092 2073 1193 2145 τὴν
1216 2073 1312 2126 τοῦ
1364 2070 1494 2125 ναοῦ
1538 2068 1809 2137 τοσαύτην

215 2169 583 2239 εὐπρέπειαν.
644 2169 703 2223 Ὁ
749 2169 807 2223 δὲ
871 2168 1024 2222 οὐδὲν
1087 2161 1253 2239 ἦττον
1330 2161 1807 2231 ἀπολεσθήσεσθαι

214 2261 395 2345 ⁶ταῦτα
434 2264 840 2333 προαναφωνεῖ,
875 2263 973 2315 καὶ
1001 2260 1278 2321 τοσοῦτον,
1323 2252 1465 2311 ὥστε
1501 2256 1636 2326 μηδὲ
1663 2254 1810 2307 λίθον

215 2357 315 2410 ἐπὶ
370 2355 506 2426 λίθῳ
556 2358 761 2424 μεῖναι.
804 2356 913 2409 Καὶ
979 2356 1092 2425 μήν
1149 2352 1285 2423 φασί
1338 2368 1485 2413 τινες
1526 2349 1602 2413 ὡς
1642 2347 1813 2402 πολλά

220 2448 530 2520 ἁπέμειναν
575 2448 810 2520 λείψανα
864 2448 965 2517 τῆς
1022 2446 1385 2517 Ἰερουσαλὴμ
1430 2444 1529 2515 τῆς
1570 2440 1812 2503 παλαιᾶς

221 2542 457 2606 πόλεως,
500 2542 637 2596 ὥστε
688 2540 988 2612 πειρῶνται
1012 2539 1184 2605 δεῖξαι
1231 2538 1401 2608 ψευδῆ
1429 2536 1522 2590 τὸν
1553 2534 1813 2605 Χριστὸν,

222 2634 341 2690 ἀλλ’
367 2635 471 2688 οὐκ
492 2632 607 2688 ἔστι
637 2634 818 2690 τοῦτο.
864 2635 927 2688 Εἰ
958 2635 1069 2704 γὰρ
1108 2632 1203 2687 καὶ
1242 2630 1654 2700 ὑπελείφθησάν
1693 2644 1816 2681 τινα

222 2726 478 2798 λείψανα,
511 2728 648 2797 ὅπερ
676 2726 794 2781 οὐκ.
813 2726 962 2781 ἔστιν
1015 2727 1237 2797 ἀληθὲς,
1268 2724 1386 2779 ἀλλ’
1419 2719 1515 2777 οὗν
1543 2722 1672 2793 ἄχρι
1716 2720 1817 2790 τῆς

223 2820 457 2875 καθόλου
526 2819 837 2885 συντελείας
889 2820 952 2874 ού
1014 2820 1087 2890 μὴ
1146 2818 1305 2893 μείνῃ
1341 2817 1490 2879 λίθος
1538 2816 1632 2869 ἐπὶ
1662 2813 1816 2881 λίθῳ.

225 2913 378 2983 Πλὴν
410 2912 720 2984 ίστόρηται.
750 2914 835 2967 ὅτι
886 2914 914 2966 6
957 2914 1141 2976 Αἴλιος
1182 2910 1467 2983 Ἀδριανὸς
1500 2906 1820 2976 κατέσκαψε

224 3006 330 3072 τὴν
366 3004 521 3058 πόλιν
554 3004 731 3058 καὶτὸ
760 3003 907 3073 ἱερὸν
947 3006 1011 3057 ὲκ
1048 3003 1267 3073 βάθρων
1318 3000 1519 3063 αὐτῶν,
1553 3000 1695 3054 ὥστε
1727 2999 1821 3051 καὶ

226 3096 391 3153 τοῦτο
429 3099 516 3151 ιτς
581 3096 746 3152 αὐτοῦ
783 3097 1161 3168 πληρωθῆναι,
1218 3097 1301 3161 τὸ,
1339 3095 1474 3165 μηδὲ
1500 3094 1646 3148 λίθον
1686 3093 1822 3146 ὑπο-

892 386 1343 452 ENARRATIO
1384 385 1467 447 1N
1509 384 2013 452 EVANGEIJUM
2053 349 2319 449 MARCI.
2349 410 2420 425 -
2458 384 2623 449 CAP.
2667 385 2848 447 xm.

1834 507 1881 566 Α

3401 371 3511 438 634

2514 498 2748 557 CAPUT
2781 495 2921 555 XIII.

2194 642 2268 699 De
2302 640 2779 698 consummatione.
2815 636 2889 692 De
2920 636 3006 690 die
3035 643 3083 690 et
3112 635 3265 689 hora.

1984 780 2147 837 Vens.
2173 780 2290 835 1-4.
2324 796 2345 831 ι
2367 778 2436 835 Ει
2454 793 2577 833 cum
2598 777 2777 833 exiret
2804 773 2874 830 de
2896 770 3119 841 templo.
3138 767 3271 825 dicit
3296 763 3511 836 iliiqui-

1910 876 2032 928 dam
2068 886 2099 925 ο
2123 870 2410 939 discipulis
2443 868 2589 922 illius
2617 883 2631 921 :
2661 866 2997 931 Praeceptor.
3025 859 3148 915 vide
3177 855 3369 923 quales
3423 854 3507 910 Ia-

1910 968 2151 1038 pides,et
2178 964 2367 1035 quales
2390 958 2849 1017 substructiones.
2873 954 2939 1010 Et
2954 952 3118 1010 Jesus
3141 949 3503 1020 respondens.

1911 1064 1981 1118 ait
2017 1060 2092 1115 illi
2116 1078 2129 1114 :
2147 1056 2314 1113 Vides
2341 1057 2439 1111 bas
2457 1068 2682 1123 magnas
2704 1045 3179 1106 substructiones?
3199 1043 3313 1099 Non
3343 1040 3509 1097 relin-

1910 1152 2265 1225 queturlapis
2291 1165 2451 1218 super
2469 1146 2723 1217 lapidem,
2739 1143 2829 1212 qui
2851 1156 2956 1197 non
2992 1135 3363 1215 diruatunEt
3380 1148 3506 1191 cum

1911 1249 2124 1305 sederet
2138 1246 2192 1301 in
2212 1254 2393 1299 monte
2415 1241 2681 1295 olivarum
2696 1254 2727 1293 e
2746 1236 2971 1302 regione
2987 1230 3194 1301 templi.
3212 1230 3514 1297 interroga-

1912 1342 2040 1395 bant
2070 1338 2222 1393 illum
2256 1343 2466 1392 secreto
2496 1331 2690 1387 Petrus
2720 1338 2773 1385 et
2798 1326 3062 1391 Jacobus,
3088 1331 3144 1380 et
3171 1321 3412 1378 Joannes
3447 1328 3507 1375 et

1912 1434 2161 1489 Andreas
2190 1449 2204 1487 :
2234 1428 2333 1484 Die
2380 1426 2557 1493 nobis,
2602 1423 2823 1495 quando
2884 1421 3000 1501 hac
3046 1417 3323 1475 eruntlet
3366 1414 3512 1484 quod

1916 1530 2132 1597 signum
2186 1533 2272 1580 est
2326 1520 2545 1592 quando
2626 1518 2745 1572 lucc
2816 1516 3001 1571 omnia
3072 1512 3184 1568 sint
3251 1522 3512 1566 consum-

1916 1618 2152 1675 mantia?
2186 1636 2205 1671 ι
2257 1615 2529 1684 Quoniam
2594 1611 2766 1668 multa
2800 1610 2869 1667 de
2905 1606 3245 1665 desolationc
3288 1600 3512 1658 Jerusa-

1914 1714 2019 1769 lem
2048 1713 2261 1768 dicebat
2288 1708 2471 1774 Jesus,
2532 1707 2677 1777 quod
2727 1703 3135 1774 relinqueretur
3178 1698 3375 1753 domus
3421 1708 3517 1749 ve-

1916 1816 2033 1863 stra
2064 1806 2305 1871 deserta,
2328 1800 2582 1871 discipuli
2604 1798 2721 1869 ejus
2765 1794 3125 1855 admirantes,
3150 1790 3295 1861 quod
3345 1795 3516 1843 tantas

1915 1895 2307 1967 magnitudinis
2382 1902 2603 1961 tamque
2663 1886 2896 1959 pulchra
2954 1882 3185 1940 aedilicia
3249 1877 3514 1935 abolenda

1912 2002 2120 2057 essent,
2144 1989 2442 2047 ostendunt
2467 1985 2542 2041 illi
2570 1986 2821 2040 decorem
2850 1979 3055 2049 templi.
3085 1978 3155 2032 At
3186 1974 3276 2029 ille
3305 1971 3513 2027 nihilo-

1916 2089 2096 2143 minus
2155 2084 2401 2159 praedicit
2434 2080 2731 2153 perdenda,
2778 2083 2833 2133 et
2872 2075 2927 2130 in
2965 2083 3198 2137 tantum,
3245 2079 3303 2123 ιιι
3340 2081 3517 2136 neque

1915 2181 2053 2250 lapis
2109 2194 2274 2250 super
2323 2176 2561 2247 lapidem
2613 2182 2851 2227 maneat.
2896 2166 3057 2241 241
3112 2163 3274 2233 Atqui
3329 2161 3519 2217 dicunt

1914 2275 2134 2344 quidam
2167 2270 2363 2326 multas
2398 2269 2599 2323 veteris
2628 2264 2867 2322 civitatis
2899 2258 3205 2317 Jerusalem
3262 2253 3519 2323 reliquias

1918 2368 2266 2439 superstites,
2287 2374 2340 2419 et
2386 2364 2459 2417 ita
2512 2362 2791 2418 Christum
2848 2354 3169 2412 mendacem
3226 2348 3517 2404 ostendero

1921 2470 2151 2527 tentant,
2170 2458 2266 2515 sed
2302 2459 2409 2513 hoc
2438 2456 2756 2525 neutiquam
2783 2447 2972 2508 verum
2995 2456 3101 2504 est.
3137 2443 3271 2499 Nam
3302 2439 3516 2497 etiamsi

1917 2554 2163 2625 reliquiae
2200 2550 2450 2622 quaedam
2488 2547 2689 2603 relicta:
2738 2550 2946 2606 essent,
2972 2536 3119 2611 quod
3168 2547 3357 2589 verum
3407 2542 3514 2583 non

1918 2623 2155 2711 esu—nou
2182 2654 2368 2701 tamen
2407 2642 2749 2713 relinquetur
2774 2637 2946 2708 usque
2993 2635 3061 2689 ad
3087 2623 3518 2687 consummatio-

1922 2759 2045 2796 nem
2085 2738 2268 2795 saeculi
2303 2735 2638 2806 lapis'super
2674 2730 2932 2803 lapidem.
2961 2725 3106 2794 Quin
3140 2718 3384 2777 historiae
3416 2716 3520 2772 ba-

1921 2834 2053 2891 beut
2090 2830 2248 2903 quod
2265 2827 2449 2886 Elius
2492 2824 2766 2881 Adrianus
2799 2819 3057 2892 templum
3096 2825 3152 2871 et
3181 2814 3457 2871 civitatem
3490 2825 3518 2862 a

1923 2927 2295 2985 fundamentis
2323 2921 2672 2985 eiioderit,et
2722 2918 2797 2972 ita
2849 2916 2902 2969 in
2955 2912 3049 2968 illo
3100 2907 3384 2980 impletum
3436 2911 3523 2958 est

1923 3025 2066 3095 quod
2100 3037 2209 3078 non
2240 3021 2311 3076 sit
2364 3018 2589 3074 relictus
2641 3013 2779 3081 lapis
2820 3022 2986 3078 super
3039 3004 3296 3075 lapidem.
3349 2997 3523 3095 Porrn

1924 3088 2149 3171 sedente
2202 3112 2295 3167 illo
2342 3113 2398 3164 in
2458 3114 2644 3163 monte
2695 3101 3392 3162 ulivarum,accesserunt
3448 3088 3516 3143 ad

224 3188 515 3259 λειφθῆναι
538 3191 630 3242 ἐπὶ
666 3188 821 3259 λίθῳ.
857 3190 1188 3258 Καθημένου
1215 3187 1270 3241 δὲ
1301 3186 1467 3240 αὑτοῦ
1502 3189 1582 3248 εἰς
1604 3185 1665 3238 τὸ
1692 3184 1816 3252 ὅρος

1927 3221 2049 3263 eum
2116 3206 2562 3274 interrogantes:
2593 3196 2823 3265 Quando
2848 3195 2965 3249 btec
3015 3188 3219 3245 erunt?
3249 3186 3354 3240 hoc
3413 3190 3520 3248 est,

226 3284 341 3337 τῶν
369 3282 625 3349 Ἐλαιῶν,
642 3281 951 3353 προσῆλθον
975 3283 1123 3353 αὐτῷ
1139 3281 1472 3351 ἐρωτῶντες,
1498 3279 1631 3332 Πότε
1648 3277 1824 3331 ταῦτα

228 3375 715 3441 ἔσταιςτουτέστι,
752 3374 885 3427 πότε
946 3371 1436 3442 συντελεσθήσεται
1465 3370 1532 3423 τὰ
1578 3372 1679 3439 τῆς
1722 3368 1825 3420 Ἰε-

230 3467 555 3540 ρουσαλήμ;
607 3465 668 3520 Ὀ
702 3463 903 3533 δὲ,πρδ
926 3464 1018 3516 τοῦ
1046 3461 1452 3533 ἀποκρίνασθαι
1476 3462 1662 3519 αὐτοῖς
1694 3458 1826 3529 περὶ

225 3554 302 3615 ὧν
332 3560 646 3629 ἠρώτησαν,
684 3555 1044 3626 ἀσφαλίζεται
1094 3554 1195 3626 τὴν
1229 3554 1470 3609 διάνοιαν
1507 3552 1706 3616 αὐτῶν,
1735 3553 1824 3607 ἵνα

233 3651 311 3724 μὴ
345 3648 719 3719 πλανηθῶσιν.
760 3648 913 3700 Ἐπεὶ
968 3645 1079 3715 γὰρ
1124 3646 1456 3715 ἀρξαμένων
1510 3644 1622 3696 τῶν
1682 3647 1825 3697 κατά

226 3746 330 3818 τὴν
364 3742 629 3798 Ἰουδαίαν
651 3742 852 3807 νοσεῖν,
891 3738 1273 3807 ἐπανέστησαν
1292 3756 1437 3801 τινες
1465 3736 1824 3800 διδασκάλους

228 3838 461 3900 ἑαυτοὺς
481 3836 755 3903 λέγοντες,
792 3835 957 3903 φησὶν
979 3834 1007 3887 6
1042 3832 1277 3905 Κύριος·
1311 3831 1547 3885 Βλέπετε
1584 3830 1658 3901 μὴ
1682 3829 1826 3883 πλα-

227 3930 455 4004 νηθῆτε.

310 4043 331 4076 ι
374 4024 431 4077 '0
453 4024 510 4077 δὲ
546 4021 778 4093 Ἰησοῦς,
805 4020 1129 4093 ἀποκριθεὶς
1157 4021 1363 4084 αὐτοῖς,
1389 4021 1595 4090 ἤρξατο
1618 4019 1821 4087 λέγειν,

229 4116 470 4171 Βλέπετε
496 4116 568 4185 μή
582 4133 663 4175 τις
690 4116 833 4185 ὑμᾶς
863 4115 1113 4186 πλανήσῃ
1141 4133 1154 4145 ·
1183 4115 1367 4168 πολλοὶ
1381 4115 1489 4185 γὰρ
1510 4115 1822 4168 ἐλεύσονται

231 4212 327 4264 ἐπὶ
351 4209 428 4277 τῷ
446 4209 670 4279 ὀνόματί
697 4227 821 4278 μου,
840 4210 1089 4278 λέγοντες
1114 4212 1218 4273 ὅτι,
1254 4209 1397 4278 Ἐγώ
1424 4211 1538 4279 εἰμι
1562 4210 1822 4281 Χριστὸς,

231 4305 330 4357 καὶ
351 4302 578 4367 πολλοὺς
607 4304 968 4374 πλανήσουσιν
993 4322 1003 4332 ·
1033 4304 1164 4357 ὅταν
1185 4303 1240 4355 δὲ
1265 4304 1534 4375 ἀκούσητε
1556 4304 1825 4372 πολέμους

232 4397 330 4450 καὶ
360 4392 531 4459 ἀκοὰς
561 4395 840 4466 πολέμων,
878 4398 952 4465 μὴ
979 4396 1255 4467 θροεῖσθε·
1295 4397 1376 4450 δεῖ
1400 4397 1676 4465 γενέσθαι,
1706 4397 1822 4449 ἀλλ’

230 4490 392 4545 οὔπω
428 4490 490 4545 τὸ
530 4490 701 4555 τέλος.
761 4490 1157 4562 Ἐγερθήσεται
1204 4491 1313 4561 γὰρ
1342 4490 1496 4555 ἔθνος
1521 4492 1614 4543 ἐπὶ
1648 4490 1820 4554 ἔθνος,

1928 3299 2146 3370 quando
2163 3292 2634 3352 consummabitur
2656 3282 3004 3345 Jerusalem?
3031 3281 3102 3336 At
3121 3279 3238 3350 ipse
3256 3285 3519 3346 tauquam

1929 3392 2286 3462 responderet
2320 3388 2403 3443 eis
2435 3386 2501 3440 de
2564 3382 2650 3439 bis
2706 3382 2775 3437 de
2834 3378 3037 3447 quibus
3088 3370 3523 3462 interrogabant,

1930 3459 2107 3540 munit
2140 3480 2529 3554 cogitationem
2559 3474 2802 3536 illorum,
2826 3477 2887 3526 ut
2927 3482 2997 3523 ne
3032 3470 3241 3522 errent.
3266 3460 3405 3531 Quia
3443 3459 3520 3514 in-

1926 3573 2257 3644 cipientibus
2280 3580 2459 3627 autem
2486 3568 2649 3624 rebus
2674 3564 2918 3621 Judaicis
2944 3559 3246 3622 labescere,
3268 3568 3524 3611 surrexe-

1930 3676 2057 3721 runt
2086 3664 2305 3733 quidam
2340 3661 2430 3731 qui
2465 3674 2523 3713 se
2545 3657 2804 3713 dicebant
2835 3652 3155 3725 magistros,
3179 3647 3314 3704 dicit
3339 3645 3526 3701 Domi-

1930 3772 2032 3813 nus
2059 3773 2074 3810 :
2104 3754 2297 3810 Videte
2328 3767 2396 3807 ne
2427 3748 2804 3822 decipiautiui.

1999 4028 2165 4082 Vens.
2213 4024 2369 4081 540.
2407 4041 2426 4074 ι
2456 4023 2525 4076 At
2586 4019 2750 4075 Jesus
2806 4013 3147 4086 respondens
3196 4009 3303 4065 illis
3362 4008 3529 4076 cepit

1929 4122 2113 4176 dicere
2162 4140 2172 4173 :
2225 4115 2414 4170 Videte
2467 4128 2537 4167 ne
2596 4111 2720 4181 quis
2774 4124 2870 4164 vos
2926 4105 3117 4160 fallat:
3153 4102 3307 4157 multi
3377 4101 3525 4155 enim

1926 4217 2146 4269 venient
2197 4213 2251 4267 in
2288 4211 2512 4267 nomine
2563 4222 2685 4263 meo
2720 4200 3154 4271 dicentes:Ego
3202 4215 3321 4255 sum
3376 4197 3531 4253 Citri-

1928 4321 2067 4373 stus,
2116 4308 2425 4375 multosque
2476 4302 2771 4370 decipient.
2816 4297 2951 4354 Cum
3003 4305 3185 4349 autem
3238 4289 3529 4346 audieritis

1927 4400 2067 4455 bella
2108 4408 2159 4452 et
2196 4410 2441 4451 rumores
2494 4394 2784 4459 bellorum,
2827 4404 2894 4445 ne
2931 4385 3220 4443 Iurbemini
3258 4403 3271 4439 :
3313 4391 3531 4453 Oportet

1927 4494 2070 4547 enim
2126 4491 2263 4554 ﬁeri,
2312 4500 2366 4542 at
2421 4488 2658 4543 n'ondum
2703 4484 2848 4539 linis.
2889 4484 3137 4551 insurget
3187 4478 3332 4533 enim
3391 4488 3527 4546 gens

233 4588 333 4639 καὶ
381 4583 629 4655 βασιλεία
690 4584 783 4636 ἐπὶ
831 4583 1132 4655 βασιλείαν.
1182 4586 1292 4639 Καὶ
1336 4585 1549 4638 ἔσονται
1604 4585 1816 4654 σεισμοὶ

1931 4589 2193 4643 adversus
2244 4593 2485 4653 gentem,
2542 4592 2598 4636 et
2644 4593 2871 4650 regnum
2940 4578 3204 4632 adversus
3276 4586 3528 4643 regnum.

232 4675 377 4729 κατὰ
404 4674 620 4739 τόπους.
653 4676 763 4728 Καὶ
787 4675 1000 4730 έσονται
1021 4678 1171 4747 λιμοὶ
1216 4680 1307 4731 καὶ
1332 4680 1588 4750 ταραχαί.
1633 4680 1823 4750 Ἀρχαὶ

236 4768 449 4823 ὠδίνων
467 4767 661 4822 ταῦτα.
693 4768 931 4824 Βλέπετε
965 4770 1020 4823 δὲ
1065 4771 1223 4842 ὑμεῖς
1260 4774 1525 4834 ἑαυτούς’
1563 4773 1825 4842 παραδώ-

238 4875 394 4911 σουσι
442 4857 549 4929 γὰρ
594 4859 740 4929 ὑμᾶς
792 4862 875 4923 εἰς
915 4862 1195 4933 συνέδρια,
1241 4865 1333 4916 καὶ
1376 4866 1455 4927 εἰς
1503 4865 1827 4932 συναγωγὰς

236 4949 568 5020 δαρήσεσθε,
604 4951 699 5004 καὶ
728 4953 821 5005 ἐπὶ
866 4953 1153 5024 ἡγεμόνων
1201 4956 1297 5011 καλ⁵
1332 4957 1596 5027 βασιλέων
1626 4957 1826 5027 σταθήο

239 5043 400 5096 σεσθε
431 5043 619 5098 ἕνεκεν
671 5046 830 5115 ἐμοῦ,
889 5048 969 5111 εἰς
1011 5049 1318 5119 μαρτύριον
1367 5050 1571 5113 αὐτοῖς.
1611 5051 1720 5104 Kal
1745 5051 1827 5114 εἰς

236 5135 422 5191 πάντα
454 5136 523 5189 τὰ
552 5137 681 5207 ἔθνη
706 5139 789 5193 δεῖ
842 5139 1063 5209 πρῶτον
1102 5143 1448 5214 κηρυχθῆναι
1477 5145 1538 5197 τὸ
1579 5144 1825 5212 Εὐαγγέ-

231 5228 371 5284 λιον.
412 5249 429 5279 ι
481 5230 675 5285 Πολλοὶ
724 5231 1061 5301 ἐλεύσονται,
1126 5232 1237 5299 οἷος
1300 5231 1368 5307 ἦν
1434 5237 1653 5300 Ἰούδας,
1714 5232 1828 5301 οἷος

235 5320 468 5387 θευδᾶς,
504 5324 553 5376 οἳ
604 5324 793 5392 ἔλεγον
825 5326 1051 5390 ἑαυτοὺς
1076 5328 1180 5381 ὑπὸ
1206 5328 1299 5382 τοῦ
1318 5328 1455 5384 Θεοῦ
1485 5331 1823 5401 πεμφθῆναι.

236 5414 522 5482 Πολέμους
546 5416 601 5469 δὲ
637 5419 962 5501 ἀκούσεσθε,
1006 5421 1193 5491 φησὶν,
1256 5422 1350 5486 οὓς
1378 5424 1471 5476 καὶ
1505 5425 1533 5476 6
1566 5422 1827 5493 Ἰώσηπος

235 5508 449 5577 ἱστορεῖ
478 5511 809 5580 γεγενῆσθαι
836 5514 944 5583 πρὸ
972 5514 1072 5583 τῆς
1103 5514 1380 5578 ἁλώσεως.
1414 5517 1523 5569 Kal.
1563 5516 1672 5586 γὰρ
1702 5517 1826 5569 ἀντ-

232 5600 336 5667 ἧρε
390 5599 489 5668 μὲν
510 5602 571 5653 τὺ
610 5602 781 5668 ἔθνος,
815 5606 909 5657 καὶ
934 5606 1032 5658 ούκ
1069 5606 1241 5659 ἐδίδου
1270 5607 1398 5670 τοὺς
1439 5609 1639 5675 φόρους
1692 5609 1821 5661 Ῥω-

236 5690 443 5759 μαεοις.
504 5697 567 5749 Οἰ
596 5695 673 5755 δὲ.
715 5698 1089 5767 ὀργισθέντες,
1152 5700 1391 5768 ἐπῆλθον
1442 5702 1537 5753 καὶ
1578 5702 1825 5770 συνεχεῖς

231 5784 458 5851 ἐφόδους
500 5789 740 5854 ἐποίουν,
780 5790 897 5843 ἀλλ’
950 5794 1009 5843 οὒ
1026 5811 1102 5845 πω
1139 5794 1191 5843 ῖὲ
1228 5794 1379 5848 τέῖκοξ
1550 5797 1793 5864 Ἰερουσα

232 5876 365 5947 Αήμ.
392 5879 977 5949 θἘφιλανΟρωπεύοντυ
1011 5886 1113 5951 γὰρ
1147 5891 1196 5941 οἰ
1242 5886 1522 5952 Ῥωμαϊοε.
1563 5889 1634 5941 Ού
1664 5886 1821 5951 μόνον

1940 4682 2003 4736 Et
2024 4690 2183 4735 erunt
2212 4688 2367 4731 teme
2384 4687 2563 4730 motus
2590 4675 2643 4728 iu
2673 4672 2901 4742 singulis
2927 4670 3082 4736 locis,
3097 4678 3151 4723 et
3173 4674 3335 4723 erunt
3359 4663 3533 4719 futues

1942 4789 2005 4827 ac
2060 4771 2416 4826 turbationcs.
2445 4766 2603 4822 Initia
2636 4766 2881 4823 dolorum
2923 4764 3060 4828 barc,
3084 4760 3179 4816 sed
3209 4768 3401 4816 cavete
3437 4773 3533 4813 vos

1939 4864 2377 4920 v0bis.Tradcut
2402 4861 2547 4915 enim
2593 4875 2689 4915 vos
2730 4859 2781 4913 in
2833 4856 3174 4920 concilia,et
3207 4854 3260 4907 in
3292 4866 3533 4923 synago-

1938 4960 2020 5028 gis
2054 4956 2364 5022 cmdemini,
2390 4964 2443 5009 et
2476 4955 2578 5009 sub
2611 4952 2949 5024 principibus
2982 4964 3045 5004 ac
3095 4948 3315 5019 regibus
3363 4948 3533 5002 duce-

1939 5051 2069 5105 mini
2138 5058 2361 5119 propter
2426 5061 2531 5114 me,
2583 5046 2636 5101 in
2692 5044 3063 5101 testimonium
3118 5042 3245 5097 illis.
3271 5040 3338 5095 Et
3392 5042 3536 5107 apud

1935 5158 2126 5199 omnes
2150 5152 2339 5213 gentes
2366 5149 2580 5210 oportet
2604 5140 2754 5210 prius
2780 5138 3065 5209 praedicari
3096 5134 3471 5206 Evangelium.
3510 5152 3528 5187 ι

1936 5235 2093 5290 Multi
2143 5236 2381 5301 venient,
2414 5233 2594 5303 qualis
2650 5240 2767 5287 erat
2815 5230 3004 5297 Judas,
3034 5229 3212 5301 qualis
3252 5228 3535 5293 Thcudas,

1938 5331 2029 5399 qui
2064 5328 2318 5384 dicebant
2351 5343 2409 5380 se
2440 5342 2469 5379 a
2500 5326 2613 5381 Deo
2644 5326 2846 5380 missos
2881 5337 3025 5379 esse.
3052 5321 3202 5376 Bella
3248 5329 3431 5376 autem
3463 5319 3541 5374 fu.

1941 5431 2060 5475 tura
2091 5420 2379 5489 dicit,qu:e
2406 5427 2461 5472 et
2484 5416 2759 5487 Josepltus
2785 5426 2978 5473 narrat
3003 5428 3134 5470 ante
3158 5414 3535 5484 captivitatem

1938 5516 2100 5569 facta.
2130 5512 2266 5567 Nam
2311 5513 2630 5584 insurgebat
2662 5512 2883 5581 quidem
2917 5525 3073 5582 gens,
3106 5519 3161 5563 et
3202 5523 3307 5563 non
3343 5507 3534 5562 redde-

1941 5618 2032 5660 uat
2072 5607 2303 5661 tributa.
2331 5604 2562 5659 [lotnani
2616 5614 2799 5659 autem
2846 5605 2971 5659 irati
3025 5620 3119 5660 eos
3174 5601 3535 5663 infestarunt,

1936 5713 1987 5755 et
2022 5702 2293 5754 continuis
2338 5701 2761 5755 excursimtibus
2812 5716 2875 5753 ae
2916 5699 3161 5765 cladibus
3211 5693 3533 5755 aliene-runt.

1938 5794 2031 5849 sed
2067 5794 2306 5845 nondum
2355 5794 2474 5847 linis
2508 5793 2834 5848 Jerusalem.
2873 5792 3099 5850 lloitnni
3135 5792 3277 5845 t-nim
3317 5788 3533 5843 miseri—

1942 5886 2136 5941 cordes
2187 5894 2362 5939 erant.
2410 5883 2527 5943 Non
2582 5886 2758 5940 solum
2814 5896 2992 5941 autem
3049 5886 3183 5939 bella
3234 5878 3535 5943 crant.sed
