4108 6334
229 333 343 402 631

923 333 1370 396 ENARRATIO
1425 332 1508 394 ΙΝ
1551 330 2058 402 EVANGELIUM
2112 323 2378 398 MARCI.
2438 358 2508 371 -·
2544 331 2707 396 CAP.
2754 331 2931 395 XIII.

3422 329 3531 394 638

228 458 318 515 τὸ,
358 450 585 507 ’Ἐιεκεν
614 449 752 523 ἐμοῦ
783 451 976 506 ἔσεσθε
1011 451 1351 523 μισούμενοι.
1386 454 1461 506 T0
1485 453 1592 524 γὰρ
1633 453 1810 506 ἓνεκει

1929 458 2141 517 rentur,
2169 452 2544 523 et‘periculum
2570 451 2788 508 facilius
2819 453 2998 506 ferant
3023 467 3038 505 :
3064 447 3263 518 deinde
3281 447 3533 503 consola-

225 544 402 601 αὐτοῦ
434 543 737 616 μισεισθαι,
764 545 950 600 ἱκανόν
974 548 1091 601 ἔστι
1125 546 1309 611 πάσας
1339 545 1696 630 ἐπικουφίσαι
1721 544 1821 610 τὰς

230 638 546 711 συμφοράς.
611 637 776 694 Ἀλλὰ
827 639 926 694 καὶ
981 641 1045 694 :0
1119 639 1467 712 σωθήσεσθαι
1520 637 1612 696 τὸν
1672 639 1823 692 01:0-

229 731 498 804 μείναντα
525 731 609 797 είς
634 731 813 798 τέλος,
827 733 924 788 καὶ
942 733 1105 787 τοῦτο
1133 732 1371 804 μεγίστη
1393 731 1765 804 παράκλησις.

307 1010 328 1044 ι
369 991 542 1046 Ὅταν
566 992 624 1047 δὲ
654 991 802 1063 ἴδητε
828 992 890 1046 10
924 991 1204 1064 βδέλυγμα
1250 989 1350 1063 τῆς
1371 989 1729 1063 ἐρημώσεως,
1760 990 1819 1044 10

223 1084 395 1158 ῥηθὲν
418 1085 524 1138 ὑπὸ
557 1085 756 1155 Δανιὴλ
786 1082 882 1138 τοῦ
905 1086 1214 1156 προφήτου,
1261 1081 1437 1146 ἑστὼς
1462 1083 1599 1136 ὅπου
1625 1081 1685 1134 οὐ
1717 1081 1816 1146 δεῖ,

220 1179 254 1232 0
293 1175 692 1246 ἀναγινώσκων
718 1175 933 1242 νοείτω,
978 1176 1101 1229 τότε
1137 1176 1188 1229 οί
1215 1177 1274 1228 ὲν
1312 1176 1378 1245 τῇ
1422 1173 1655 1245 Ἰουδαίᾳ
1687 1189 1817 1244 φευ-

221 1272 475 1341 γέτωσαν
505 1272 586 1333 είς
624 1269 693 1324 τὰ
736 1269 863 1341 ὅρη.
908 1269 966 1324 '0
1024 1269 1082 1322 δὲ
1122 1269 1214 1324 ἐπὶ
1261 1268 1356 1322 τοῦ
1416 1267 1705 1337 δώματος,
1742 1266 1820 1337 μὴ

221 1364 525 1419 καταδάτω
569 1365 650 1427 είς
695 1362 795 1434 τὴν
830 1362 1030 1426 οἰκίαν,
1083 1360 1218 1432 μηδὲ
1252 1359 1546 1415 εἰσελθέτω
1602 1354 1737 1431 ἆραι
1766 1375 1821 1414 τι

218 1458 290 1512 ὲκ
331 1456 432 1526 τῆς
481 1455 661 1519 οίκίας
717 1454 909 1516 αὐτοῦ.
965 1453 1062 1508 καὶ
1108 1456 1136 1508 0
1182 1453 1265 1517 είς
1296 1451 1389 1506 τὸν
1420 1451 1593 1524 ἀγρὸν
1612 1443 1710 1514 ὢν,
1744 1449 1820 1521 μὴ

220 1547 614 1618 ἰπιστρεψάτω
645 1549 727 1612 είς
778 1547 849 1601 τὰ
895 1547 1094 1611 ὀπίσω,
1124 1543 1258 1616 ἆραι
1284 1545 1343 1599 :0
1384 1545 1601 1616 ίμάτιον
1629 1542 1817 1597 αὐτοῦ.

219 1645 362 1698 Οὐαὶ
387 1643 444 1696 δὲ
477 1644 596 1706 ταῖς
621 1644 678 1695 ὲν
707 1640 913 1712 γαστρὶ
951 1639 1208 1712 ἐχούσαις
1256 1639 1352 1694 καὶ
1397 1639 1519 1703 ταῖς
1536 1634 1817 1709 0:110:06-

219 1749 347 1796 czt;
379 1735 434 1785 ἐν
465 1733 707 1795 ἐκείναις
737 1733 860 1794 ταῖς
893 1731 1150 1802 ἡμέραις.
1183 1747 1200 1780 ι
1239 1727 1526 1798 Βδέλυγμα
1546 1728 1644 1798 τῆς
1685 1729 1819 1797 ἀρη-

218 1824 476 1897 μώσεως,
508 1827 535 1879 0
571 1825 795 1892 ἀνδριὰς
829 1823 922 1878 106
955 1824 1054 1894 τήν
1070 1824 1225 1876 πόλιν
1257 1822 1492 1886 ἑλόντος.
1524 1820 1814 1890 Βδέλυγμα
1847 1825 1892 1881 Β

210 1919 331 1989 γὰρ
372 1918 484 1970 πᾶν
537 1916 758 1970 εἴδωλον
807 1916 1052 1984 λέγεται.
1121 1913 1490 1986 Ἐρημώσεως
1538 1913 1615 1978 δὲ,
1675 1913 1811 1966 διότι

210 2007 453 2078 ἀλούσης
469 2008 569 2078 τῆς
604 2007 986 2080 Ἰερουσαλὴμ,
1027 2008 1123 2064 καὶ
1177 2008 1465 2079 ἐρήμωσιν
1490 2002 1814 2077 πασχούσης

213 2098 457 2170 ιστησαν
489 2099 622 2153 αὐτὸ
646 2099 757 2152 εσω
784 2100 896 2152 τῶν
927 2099 1139 2153 ἀδύτων
1183 2096 1278 2152 τοῦ
1317 2097 1471 2152 ναοῦ.
1512 2097 1687 2168 ,Ἀλλά
1715 2095 1814 2151 καὶ

210 2193 240 2247 0
276 2191 532 2257 Πιλάτος,
559 2192 660 2252 τὰς
692 2190 786 2245 τοῦ
823 2191 1108 2262 Καίσαρος
1131 2188 1352 2255 εἰκόνας
1383 2190 1603 2259 νύκτωρ
1643 2193 1725 2254 είς
1751 2189 1812 2243 τὸ

213 2285 365 2356 ἱερὸν
394 2284 641 2354 ἀγαγὼν,
695 2283 895 2338 πολλοῦ
941 2283 1177 2355 θορύσου
1226 2283 1306 2356 τῷ
1351 2282 1550 2355 πλήθει
1589 2283 1812 2351 ἐγένετο

209 2376 408 2441 αἴτιος.
444 2377 673 2430 Ἔκτοτε
701 2376 906 2448 ἧρξατο
942 2376 1037 2429 καὶ
1068 2378 1096 2429 0
1136 2377 1372 2448 πόλεμος
1403 2376 1499 2428 καὶ
1522 2376 1556 2444 ἡ
1582 2375 1810 2445 ἐρημω-

211 2487 299 2534 σις
335 2469 436 2540 τῆς
477 2467 857 2540 Ἰερουσαλήμ.
911 2469 1046 2523 Τότε
1093 2469 1277 2523 τοίνυν
1299 2470 1350 2522 οι
1383 2470 1441 2521 έν
1468 2469 1535 2538 τῇ
1579 2466 1812 2539 Ἰουδαίᾳ

208 2563 385 2629 ὄντες,
410 2563 767 2632 φευγέτωσαν
797 2565 878 2626 είς
910 2563 980 2616 τὰ
1005 2563 1130 2634 ὅρη.
1165 2561 1362 2625 Καλῶς
1392 2562 1448 2615 δὲ
1464 2556 1648 2627 εἶπεν,
1677 2562 1726 2615 0i
1748 2562 1808 2614 ὲν

208 2661 277 2732 τῇ
343 2656 596 2727 Ἰουδαίᾳ.
645 2658 709 2712 Οί
757 2658 870 2728 γὰρ
918 2657 1213 2712 ἀπόστολοι
1279 2657 1378 2710 οὐκ
1422 2651 1566 2729 ἦσαν
1624 2657 1684 2708 ὲν
1739 2657 1807 2728 τῇ

221 2750 476 2820 Ἰουδαίᾳ,
503 2748 644 2813 ἀλλ’,
675 2749 751 2812 ὡς
791 2749 1026 2820 εφημεν,
1049 2748 1155 2819 πρὸ
1169 2747 1262 2801 106
1281 2747 1523 2818 πολέμου
1550 2745 1813 2817 ἐδιώχθη-

211 2860 314 2898 σαν
336 2844 444 2896 ἀπὸ
471 2843 572 2912 τῆς
615 2841 974 2913 Ἰερουσαλήμ
992 2858 1008 2875 ο
1056 2842 1258 2912 μᾶλλον
1285 2841 1341 2895 δὲ
1367 2840 1592 2911 ἐξῆλθον
1629 2841 1806 2900 αὐτοὶ,

209 2937 348 3009 θείῳ
368 2937 680 3008 κινούμενοι
708 2937 1015 3008 Πνεύματι.
1050 2937 1113 2989 Οί
1140 2935 1272 3006 γοῦν
1297 2937 1620 3006 εύρεύέντες
1651 2937 1708 2988 έν
1738 2938 1806 3009 τῇ

218 3029 473 3103 Ἰουδαίᾳ,
509 3033 890 3102 φευγέτωσαν,
925 3031 1020 3085 καὶ
1048 3033 1077 3086 0
1102 3033 1196 3084 ἐπὶ
1218 3030 1310 3084 106
1339 3030 1612 3101 δώματος,
1639 3030 1809 3101 μηδε-

1928 546 2443 618 tiosequitur,quod
2465 545 2694 615 Propter
2724 559 2810 599 me
2825 543 2953 599 odio
2973 540 3134 599 eritis
3164 537 3529 607 habiti.de

1923 641 2069 696 enim
2102 649 2323 711 propter
2355 641 2530 710 ipsum
2560 638 2781 694 fuerunt
2824 637 2950 691 odio
2983 634 3178 698 habiti,
3220 633 3357 688 satis
3407 641 3531 688 erat

1923 735 1990 788 ad
2053 750 2245 790 omnes
2313 734 2657 788 calamitates
2731 731 3032 787 leniendas.
3077 727 3219 796 Quin
3278 738 3332 782 et
3382 725 3528 796 quod

1922 828 2166 883 salvandi
2206 835 2366 882 erant
2409 829 2810 898 perseveraturi
2848 839 3019 894 usque
3052 823 3109 877 in
3137 822 3326 888 finem,
3361 822 3530 876 etiam

1925 921 2105 989 ipsum
2136 923 2432 975 maximam
2465 920 2735 976 afferebat
2760 917 3218 975 consolationem.

1998 1016 2165 1070 νεεδ.
2189 1014 2381 1070 “~17.
2409 1033 2429 1066 ι
2459 1013 2630 1069 Porro
2647 1028 2773 1068 cum
2799 1009 3047 1067 videritis
3066 1008 3530 1066 abominationem

1925 1108 2284 1166 desolatiom’s
2313 1107 2382 1163 de
2409 1108 2750 1176 qua'dictuni
2784 1115 2932 1162 estx‘a
2967 1103 3193 1160 Daniele
3238 1105 3528 1174 prapheta,

1925 1213 2159 1259 stantem
2192 1201 2282 1259 ubi
2311 1201 2415 1256 non
2445 1211 2684 1272 oportet.
2707 1201 2802 1272 qui
2831 1201 3024 1270 legerit
3061 1200 3351 1270 intelligat.
3372 1196 3532 1256 Tunc

1922 1297 2016 1367 qttl
2047 1289 2254 1349 fuerint
2304 1291 2602 1359 inludet,
2627 1294 2837 1363 fugiant
2869 1293 2937 1348 ad
2974 1302 3190 1348 montes
3217 1309 3232 1348 :
3259 1291 3353 1362 qui
3397 1306 3533 1347 vero

1922 1389 2087 1444 fuerit
2115 1387 2370 1454 intecto,
2407 1401 2475 1443 ne
2509 1389 2804 1463 descendat
2852 1386 2907 1444 in.
2934 1376 3184 1453 domum,
3211 1401 3312 1442 nec
3347 1385 3533 1456 ingre-

1924 1480 2105 1536 diatur
2159 1486 2219 1533 ut
2263 1479 2557 1548 quicquam
2612 1475 2770 1532 tollat
2821 1493 2856 1534 e
2899 1475 3063 1533 domo
3113 1491 3211 1532 sua
3260 1493 3276 1532 :
3325 1486 3381 1531 et
3434 1474 3528 1546 qui

1926 1573 2087 1626 ftwrit
2116 1572 2168 1626 in
2210 1587 2359 1643 agro,
2400 1587 2466 1627 ne
2514 1577 2825 1627 revertatur
2857 1571 3028 1627 ad-ea
3064 1585 3188 1640 qua!
3244 1569 3464 1641 reliquit
3495 1586 3527 1623 a

1927 1679 2100 1736 tergo,
2129 1668 2196 1721 ad
2239 1657 2536 1720 tollendum
2569 1660 2792 1733 pallium
2824 1655 3012 1720 suum.
3039 1661 3135 1719 Vae
3165 1651 3350 1720 autem
3387 1679 3525 1731 pra:-

1924 1759 2237 1830 gnantihus,
2271 1766 2326 1813 et
2380 1748 2711 1813 lactantibus
2744 1757 2798 1812 in
2836 1757 3030 1814 diebus
3067 1757 3196 1814 illis.
3246 1775 3268 1812 ι
3303 1753 3529 1812 Abomi-

1922 1855 2070 1906 natio
2125 1851 2483 1908 desolationis
2526 1860 2707 1907 statua
2766 1861 2852 1906 est
2921 1849 3042 1923 ejus
3099 1867 3193 1922 qui
3247 1851 3526 1908 civitatem

1915 1945 2210 2001 destruxit.
2233 1944 2584 2001 Abominatio
2635 1945 2785 2000 eni-n
2822 1961 2985 2001 omne
3016 1945 3223 2001 idolum
3273 1944 3476 2001 dicitur
3511 1967 3544 2024 :3

1914 2037 2272 2114 desolationis
2301 2052 2434 2094 vero
2463 2052 2534 2112 eo,
2553 2038 2724 2108 quod,
2745 2049 2905 2110 capta
2938 2047 2992 2093 et
3023 2037 3267 2094 desolata
3296 2025 3541 2093 Jeruan

1915 2131 2048 2198 lem,
2070 2130 2218 2186 illam
2273 2139 2596 2186 statuerunt
2629 2133 2771 2188 intra
2808 2131 3034 2204 adytum
3071 2131 3286 2203 templi.
3318 2120 3525 2188 Pilatus

1914 2237 2132 2294 quoque
2173 2222 2410 2279 Czesaris
2464 2224 2704 2294 imagine
2750 2239 2913 2280 noctu
2943 2225 2997 2280 in
3033 2223 3298 2294 templum
3347 2222 3525 2291 illata,

1915 2317 2096 2386 magni
2131 2320 2395 2372 tumultus
2424 2327 2616 2374 auctor
2648 2316 2750 2373 fuit
2786 2319 2953 2388 plebi.
2987 2317 3144 2377 Tunc
3168 2317 3317 2374 enim
3354 2317 3522 2389 erepit

1913 2422 1970 2470 et
1999 2410 2197 2465 bellum
2242 2421 2297 2466 et
2326 2410 2595 2466 desolatio
2624 2410 2952 2467 Jerusalem.
2977 2410 3150 2482 Igitur
3180 2422 3312 2467 tunc
3339 2410 3394 2464 hi
3421 2418 3519 2480 qLi

1913 2502 1967 2559 in
2003 2502 2190 2558 Iudaea
2244 2502 2471 2567 fuerint,
2500 2499 2712 2573 fugiant
2768 2503 2820 2558 in
2875 2514 3112 2558 nmntes.
3141 2501 3289 2558 liene
3333 2508 3522 2556 autem

1913 2597 2070 2664 dixit,
2103 2597 2156 2651 hi
2204 2604 2300 2667 qui
2353 2596 2406 2651 in
2441 2595 2673 2651 'Judaea.
2701 2596 2839 2653 Nam
2889 2598 3122 2668 apostoli
3162 2613 3271 2654 non
3294 2584 3525 2651 fuerunt

1914 2690 1967 2742 in
2023 2689 2209 2746 Judzea
2272 2706 2288 2744 :
2343 2689 2464 2756 sed,
2515 2701 2574 2744 ut
2634 2689 2900 2756 diximus,
2951 2700 3244 2760 antequam
3317 2688 3521 2744 bellum

1912 2765 2075 2853 25.3
2123 2791 2376 2834 exortum
2425 2789 2529 2844 est,
2579 2780 2632 2834 in
2685 2786 3070 2850 persecutione
3115 2779 3299 2835 exacti
3334 2784 3525 2836 sunte

1911 2868 2236 2937 Jerusalem,
2258 2872 2370 2925 imo
2401 2871 2503 2941 ipsi
2538 2871 2816 2936 exierunt,
2845 2871 3030 2926 divino
3063 2869 3233 2926 afﬂati
3286 2868 3520 2940 Spiritu.

1912 2961 2016 3029 Qui
2055 2964 2220 3032 igitur
2253 2964 2456 3019 inventi
2485 2962 2697 3019 fuerint
2725 2963 2776 3018 iu
2817 2961 3028 3030 Judtea,
3061 2963 3318 3034 fugiant:
3363 2969 3422 3017 et
3474 2961 3525 3017 is

1914 3057 2010 3128 qui
2043 3072 2205 3127 supra
2239 3066 2467 3124 tectum,
2491 3058 2698 3113 nullius
2733 3058 2812 3114 rei
2847 3058 3021 3129 gratia
3055 3071 3178 3127 qua:
3222 3055 3279 3111 in
3334 3056 3518 3116 domo.

208 3126 303 3189 νὸς
334 3125 444 3178 τῶν
471 3125 528 3177 ὲν
560 3128 627 3195 τῇ
678 3124 830 3196 οἰκίᾳ
891 3125 1308 3194 ὲπιστραφήτω.
1347 3122 1658 3193 Ἀγαπητὸν
1699 3122 1809 3194 γὰρ

1918 3157 2250 3226 revertatur.
2295 3147 2526 3219 Expedit
2560 3150 2709 3205 enim
2741 3159 2799 3204 ut
2831 3150 2954 3220 quis
2987 3150 3071 3204 vel
3115 3148 3259 3204 ιιιιιιο
3290 3163 3524 3217 corpore

204 3220 256 3272 ti
292 3217 387 3271 καὶ
417 3215 612 3287 γυμνῷ
641 3215 722 3287 τῷ
773 3215 988 3286 σώματι
1037 3215 1334 3286 διασωθείη
1388 3233 1494 3278 τις,
1530 3214 1669 3268 ἀλλά
1715 3215 1809 3268 καὶ

205 3328 237 3362 τ
256 3310 332 3374 ..ῖς
365 3308 620 3380 ἐχούσαις
641 3309 810 3362 τέκνα
835 3311 932 3362 καὶ
973 3311 1095 3373 ταῖς
1143 3309 1388 3378 ἐγκύοις,
1416 3309 1560 3364 οὐαί.
1603 3307 1759 3362 Διατί
1789 3323 1808 3374 ς

207 3401 448 3459 Διότιαί
476 3401 575 3473 μὲν
606 3402 830 3472 ἔχουσαι
890 3402 1082 3466 τέκινα,
1111 3405 1178 3474 τῇ
1223 3401 1359 3474 πρὸς
1403 3402 1544 3456 αὖτά
1601 3403 1805 3473 στοργῇ

199 3496 597 3566 κατεχόμενοι,
634 3495 696 3548 οὐ
735 3495 1320 3566 δυνήσονταιφεύγειν,
1354 3495 1487 3548 αἰδὲ
1516 3497 1575 3548 ὲν
1606 3495 1809 3564 γαστρὶ

203 3586 450 3659 ῐχουσαι,
482 3587 570 3641 διὰ
594 3588 656 3639 τὸ
684 3588 782 3656 τῆς
808 3588 1111 3658 κυοφορίας
1135 3587 1322 3658 ἄχθος,
1353 3589 1476 3641 οὐδὲ
1502 3579 1665 3643 αὗται
1703 3589 1803 3658 ρᾳ-

203 3681 328 3736 δίαν
353 3681 454 3751 τὴν
488 3681 667 3753 φυγὴν
706 3683 941 3747 ἕξουσιν.
976 3677 1148 3749 Οἶμαι
1192 3683 1248 3736 δὲ
1282 3684 1377 3735 καὶ
1405 3682 1504 3754 τὴν
1533 3699 1807 3750 τεκνοφα-

203 3772 336 3842 γίαν
361 3771 594 3825 ἐνταῦθα
625 3774 932 3842 σημαίνειν.
954 3773 1042 3826 Ἐν
1069 3775 1177 3843 γὰρ
1198 3773 1277 3844 τῷ
1308 3773 1454 3845 λιμῷ
1481 3773 1807 3846 πολιορκού-

207 3882 386 3937 panos,
407 3869 500 3917 καί
526 3863 638 3920 τῶν
676 3864 883 3918 τέκνων
909 3866 1142 3936 ἥψαντο.

282 3975 301 4007 ι
341 3954 717 4026 Προσεύχεσθε
748 3954 826 4022 δὲ,
863 3955 948 4009 ἵνα
993 3958 1067 4028 μη
1113 3959 1340 4029 γένηται
1375 3960 1409 4030 ή
1446 3957 1594 4029 φυγὴ
1647 3958 1805 4029 ἡμῶν

206 4051 495 4125 χειμῶνος.
526 4049 781 4101 Ἔσονται
824 4050 932 4121 γὰρ
973 4052 1028 4103 α’
1078 4051 1287 4121 ἡμέραι
1329 4053 1538 4106 ἐκεῖναι
1593 4050 1800 4120 θλίψις,

205 4143 295 4200 οἶα
329 4144 390 4195 οὐ
419 4147 608 4209 γέγονε
653 4141 876 4211 τοιαύτη
918 4145 994 4197 ἀπ
1061 4145 1238 4215 ἀρχῆς
1289 4147 1525 4208 κτίσεως
1555 4141 1622 4217 ἧς
1653 4146 1805 4198 ἐκτι-

209 4255 302 4290 σεν
331 4239 358 4290 0
385 4236 516 4296 Θεὸς
544 4235 648 4296 ἕως
677 4233 770 4287 τοῦ
804 4236 923 4303 νῦν,
959 4255 989 4287 κ
1043 4277 1057 4289 .
1102 4237 1164 4290 οὺ
1201 4238 1277 4309 μὴ
1312 4241 1560 4309 γένηται.
1600 4237 1709 4292 Καὶ
1750 4242 1799 4294 εί

210 4331 287 4403 μὴ
345 4330 552 4402 Κύριος
590 4329 898 4389 ἐκολόῦωσε
953 4350 977 4384 τ
1031 4349 1054 4396 ;
1086 4332 1321 4402 ἡμέρας,
1363 4333 1465 4387 οὐκ
1499 4333 1566 4386 ἂν
1613 4333 1802 4405 ἐσώθη

204 4422 361 4475 πᾶσα
394 4423 550 4493 σὰρξ,
582 4425 717 4478 ἀλλά
746 4423 836 4476 διὰ
866 4423 992 4484 τοὺς
1038 4423 1330 4485 ἐκλεκτοὺς
1360 4423 1454 4487 οὒς
1494 4424 1799 4493 ἐξελέξατο,

203 4511 512 4567 ὶκολόϐωσε
544 4515 645 4578 τὰς
673 4515 909 4586 ἡμέρας.
956 4533 974 4566 ι
1014 4515 1076 4568 Εἰ
1106 4517 1374 4585 χειμῶνος
1433 4519 1541 4588 γὰρ
1588 4518 1800 4588 γένοιτο
1837 4523 1883 4582 D

203 4608 239 4674 ὴ
285 4606 454 4677 φυγὴ,
486 4607 593 4660 ἀπὸ
617 4611 716 4679 τῆς
761 4607 856 4660 :06
899 4607 1092 4676 καιροῦ
1128 4609 1416 4674 δυσκολίας
1469 4611 1803 4682 ὲμποδισθή-

207 4700 472 4766 σονταιοί
520 4698 743 4767 φεύγειν
771 4698 1041 4764 θέλοντες,
1077 4701 1176 4753 καὶ
1218 4701 1356 4765 ὅλως
1395 4701 1578 4771 θλίψις
1622 4703 1800 4768 ἔσται,

203 4791 318 4845 τῶν
340 4792 559 4846 πώποτε
591 4795 906 4864 γενομένων
955 4795 987 4868 ἢ
1017 4798 1400 4868 γενησομένων
1415 4800 1799 4871 χαλεπωτέρα.

206 4883 322 4939 Καὶ
352 4884 398 4935 εί
454 4883 528 4954 μὴ
569 4886 909 4940 ἐκολόϐωσεν
932 4891 986 4941 .0
1021 4890 1176 4954 Θεὸς,
1205 4893 1478 4954 τουτέστι,
1518 4895 1804 4965 συντόμως

206 4977 475 5032 κατέλυσε
503 4980 595 5032 τὸν
624 4981 861 5049 πόλεμον
887 4981 1000 5035 τῶν
1041 4984 1355 5054 Ῥωμαίων,
1385 4988 1487 5040 οὐκ
1518 4987 1586 5041 ἂν
1614 4988 1797 5060 ἐσώθη

209 5069 362 5122 πᾶσα
408 5069 569 5149 σὰρξ,
597 5073 900 5142 τουτέστιν,
940 5074 1190 5141 Ἰουδαῖος
1218 5078 1320 5131 οὐκ
1351 5079 1417 5132 ἂν
1450 5081 1751 5152 ὑπελείφθη
1782 5099 1797 5114 °

209 5160 350 5216 ἀλλὰ
405 5161 495 5216 διά
529 5163 658 5226 τοὺς
684 5164 1000 5230 ἐκλεκτοὺς,
1025 5169 1278 5221 τουτέστι
1299 5169 1425 5233 τοὺς
1447 5169 1505 5235 ἐξ
1532 5172 1800 5241 Ἐύραίων

207 5254 634 5321 πιστεύσαντας,
665 5258 698 5330 ἦ
732 5258 827 5310 καὶ
875 5257 1104 5329 ὕστερον
1154 5262 1449 5332 μέλλοντας
1497 5268 1797 5329 πιστεύειν,

209 5347 482 5419 κατελύθη
520 5351 800 5419 συντόμως
859 5353 886 5404 0
925 5353 1189 5422 πόλεμος.
1230 5357 1289 5408 Ὀ
1316 5359 1422 5428 γὰρ
1445 5359 1579 5422 Θεὸς
1605 5379 1797 5431 προγι-

209 5438 461 5503 νώσκων,
492 5443 575 5495 ὅτι
601 5443 661 5508 ἐξ
692 5445 965 5516 Ἐϐραίων
1013 5448 1202 5500 πολλοὶ
1255 5453 1610 5506 πιστεύσουσι
1661 5455 1800 5523 μετά

217 5531 321 5602 τὴν
345 5533 566 5600 ἅλωσιν,
592 5536 785 5589 τούτου
821 5540 982 5609 χάριν
1030 5541 1089 5593 οὐ
1139 5542 1486 5613 συνεχώρησε
1519 5548 1798 5612 παντελῶς

205 5624 570 5695 ἀφανισθῆναι
625 5629 686 5680 τὸ
719 5636 893 5696 γένος.
926 5631 1163 5686 Δύναται
1201 5635 1258 5688 δὲ
1298 5636 1469 5689 ταῦτα
1526 5641 1616 5692 καὶ
1662 5643 1795 5694 ἀνα-

203 5713 404 5783 χθῆναι
439 5719 793 5791 ἠθικώτερον.
826 5723 1110 5794 Βδέλυγμα
1154 5727 1253 5796 τῆς
1280 5729 1639 5800 ἐρημώσεως,
1677 5735 1796 5786 ἐστὶ

207 5808 315 5858 παι
344 5811 523 5880 νόημα
556 5815 866 5881 σατανικὸν,
914 5817 1084 5883 ἑστὼς
1120 5822 1177 5875 ἐν
1198 5822 1348 5893 τόπῳ
1370 5823 1530 5896 ἁγίῳ,
1552 5826 1629 5897 τῷ
1658 5829 1795 5898 ἠμε-

1905 3224 2099 3299 ειιινυε
2131 3242 2244 3298 fiat.
2279 3241 2511 3313 Insuper
2539 3259 2619 3298 va:
2650 3254 2702 3298 et
2737 3244 3170 3316 praegnantibus,
3199 3255 3256 3300 et
3307 3243 3523 3298 lactan-

1915 3335 2059 3390 tibus
2085 3353 2185 3390 νω.
2211 3335 2430 3404 Quare?
2464 3337 2603 3404 Quia
2635 3352 2745 3392 non
2770 3347 2996 3406 possunt
3035 3335 3225 3408 fugere
3255 3336 3522 3411 mulieres

1911 3431 2108 3497 quibus
2139 3440 2269 3485 sunt
2326 3431 2504 3500 pueri,
2559 3429 2858 3485 affectione
2907 3446 3035 3498 erga
3084 3430 3207 3485 illos
3258 3429 3519 3486 detenta.

1910 3519 2264 3592 Praegnantes
2298 3535 2519 3592 quoque
2548 3531 2772 3592 propter
2807 3522 2946 3576 uteri
3000 3523 3281 3579 sarcinam
3343 3537 3524 3593 neque

1911 3615 2044 3683 ipsa:
2076 3613 2233 3670 facile
2268 3614 2450 3685 fugam
2483 3615 2791 3670 inveniunt.
2829 3615 3100 3671 Existimo
3156 3626 3337 3670 autem
3375 3617 3523 3686 quod

1911 3720 1966 3765 et
1997 3726 2196 3780 pueros
2229 3712 2331 3767 hoc
2368 3711 2495 3769 loco
2527 3711 2810 3783 signiticet
2841 3715 3134 3768 vorandos.
3166 3711 3335 3768 Fame
3372 3711 3520 3768 enitn

1909 3803 2119 3860 obsessi
2153 3819 2252 3860 nec
2279 3804 2462 3875 pueri.
2491 3815 2880 3878 pepercerunt.

1988 3985 2154 4041 Vens.
2217 3984 2414 4042 48-20.
2479 4004 2498 4040 ι
2549 3983 2719 4044 Orate
2769 4000 2953 4047 autem
3014 4005 3084 4046 ne
3152 3988 3280 4063 fuga
3327 3999 3514 4050 vestra

1911 4077 2007 4133 flat
2041 4079 2257 4148 hyeme.
2290 4076 2471 4135 Erunt
2498 4081 2645 4136 enim
2680 4081 2797 4136 dies
2840 4082 2914 4136 illi
2949 4085 3074 4140 talis
3109 4081 3350 4150 afﬂictio,
3385 4100 3520 4156 qna-

1907 4169 1977 4225 lis
2032 4185 2141 4226 non
2199 4170 2301 4226 fuit
2373 4173 2443 4227 ab
2513 4173 2670 4228 initio
2728 4189 2911 4229 rerum
2964 4177 3331 4245 conditarum,
3379 4194 3519 4250 quas

1907 4263 2151 4318 condidit
2183 4263 2349 4333 Deus,
2375 4280 2551 4336 usque
2579 4267 2645 4320 ad
2675 4267 2778 4323 hoc
2809 4276 3046 4336 tempus,
3076 4285 3178 4326 nec
3204 4269 3387 4326 futura
3411 4284 3518 4329 est.

1906 4354 1974 4410 Et
2002 4357 2105 4411 nisi
2138 4357 2402 4414 Dominus
2450 4359 2830 4415 ahb‘reviasset
2879 4361 2999 4416 dies
3047 4364 3195 4428 illos,
3231 4365 3519 4435 haudqua-

1909 4464 2072 4518 quam
2107 4448 2257 4503 salva
2294 4449 2489 4506 fuisset
2519 4451 2771 4507 universa
2805 4468 2958 4509 caro.
3003 4452 3111 4510 Sed
3159 4453 3383 4525 pr0pter
3404 4456 3516 4512 ele-

1910 4548 2030 4597 ctos
2062 4557 2200 4611 quos
2231 4543 2416 4613 elegit,
2451 4543 2794 4601 abbrevlavit
2824 4548 2968 4602 dies.
3009 4567 3028 4599 ι
3069 4546 3127 4602 Si
3163 4550 3357 4619 hyeme
3391 4549 3517 4620 fuga

1910 4635 2085 4698 fieret,
2117 4639 2380 4706 temporis
2410 4638 2608 4706 injuria
2636 4639 3027 4708 impedimenta
3062 4641 3303 4696 habituri
3326 4652 3518 4698 essent

1906 4725 2096 4797 fugere
2113 4727 2378 4793 volentes,
2404 4738 2458 4784 et
2476 4732 2704 4786 omnino
2725 4729 2951 4787 afﬂictio
2983 4732 3167 4789 futura
3199 4741 3279 4787 est
3299 4747 3513 4800 earum,

1908 4834 2029 4887 quae
2066 4818 2287 4874 luerunt
2324 4820 2407 4875 vel
2437 4830 2603 4876 erunt
2632 4838 2870 4893 unquam
2904 4825 3260 4895 gravissima,
3306 4835 3363 4880 et
3408 4825 3517 4882 nisi

1909 4909 2285 4965 abbreviasset
2318 4909 2484 4976 Deus,
2519 4912 2621 4967 hoc
2654 4923 2761 4980 est,
2797 4915 2960 4972 citius
2993 4914 3369 4971 Romanorum
3403 4916 3518 4972 bel-

1859 5054 1862 5056 γ
1907 5000 2020 5054 lum
2076 5001 2439 5068 dissolvisset,
2496 5018 2606 5059 non
2645 5004 2845 5061 fuisset
2879 5006 3030 5061 salva
3069 5009 3325 5063 universa
3360 5023 3512 5073 caro.

1909 5093 2014 5147 hoc
2061 5103 2167 5154 est.
2202 5093 2424 5150 Judaaus
2470 5111 2579 5151 non
2629 5096 2828 5154 fuisset
2867 5099 3112 5156 relictus.
3145 5101 3253 5157 Sed
3289 5113 3512 5173 propter

1905 5182 2130 5250 electos,
2159 5185 2264 5240 hoc
2297 5194 2404 5252 est,
2438 5200 2535 5241 eos
2570 5189 2663 5257 qui
2697 5202 2764 5243 ex
2795 5188 2998 5247 Judais
3025 5193 3400 5259 crediderunt,
3427 5195 3512 5249 vcl

1905 5286 2091 5345 postea
2125 5278 2388 5333 credituri
2424 5290 2574 5345 sunt,
2603 5282 2807 5338 bellum
2832 5285 3004 5351 citius
3030 5286 3365 5357 diremptum
3396 5298 3506 5343 est.

1905 5366 2046 5423 Deus
2077 5369 2220 5424 enim
2245 5371 2370 5439 quia
2404 5376 2775 5444 prrecognovit
2797 5389 2863 5430 ex
2894 5375 3138 5435 Hebraeis
3164 5379 3362 5434 multos
3389 5389 3516 5448 post

1905 5465 2279 5530 captivitatem
2312 5465 2643 5531 credituros,
2680 5484 2785 5523 non
2817 5472 3068 5539 permisit
3122 5482 3291 5526 tomm
3337 5477 3508 5539 genus

1910 5554 2142 5609 aboleri.
2177 5556 2413 5612 Possunt
2453 5571 2636 5613 autem
2681 5563 2796 5616 haec
2846 5566 3038 5618 morali
3089 5581 3252 5620 sensu
3291 5566 3374 5620 sic
3411 5582 3509 5619 ex-

1905 5649 2068 5715 puni:
2115 5651 2467 5708 Abominatio
2497 5654 2847 5710 desolationis
2893 5668 2976 5712 est
3029 5659 3208 5715 omnis
3234 5659 3504 5714 diabolica

1902 5756 1946 5793 Cl
1971 5742 2182 5810 gitatio.
2211 5759 2333 5812 quae
2369 5757 2477 5799 stat
2509 5749 2558 5801 in
2618 5747 2738 5803 luco
2770 5761 2984 5817 sancto,
3037 5751 3141 5804 hoc
3192 5762 3276 5806 est
3317 5761 3500 5806 nostra

1905 5844 2101 5888 mente.
2131 5833 2284 5892 Tunc
2322 5838 2483 5907 igitur
2518 5841 2604 5910 qui
2640 5848 2720 5896 est
2745 5841 2800 5895 in
2825 5841 3036 5910 Judaza,
3065 5844 3236 5916 fugiat
3262 5845 3316 5901 itt
3345 5856 3502 5899 nt0n~
