4108 6334
205 389 313 457 Gil

913 395 1356 459 ENARARTIO
1398 396 1481 459 IN
1523 390 2024 457 EVANGELIUM
2060 390 2323 454 MARCI.
2376 420 2437 429 -ο
2468 396 2628 460 CAP.
2668 394 2848 458 XIII.

3406 396 3514 462 612

206 507 263 561 9i
294 504 543 576 λέγοιστες
586 506 665 559 ὃῖι
699 506 797 559 ούκ
834 505 982 560 ἐστιν
1016 508 1129 573 ἴσος
1164 508 1396 583 τῷρεῷ
1448 507 1543 563 καὶ
1592 506 1803 575 "arpi;

1912 512 2134 574 gregt‘lll
2161 504 2387 568 electos,
2418 506 2510 576 qui
2541 516 2801 578 tanquam
2838 506 2892 562 in
2930 508 3103 564 nubes
3136 506 3297 583 rapti,
3319 522 3513 568 occurr

226 600 579 655 Ἐλεύσονται
612 600 791 652 τοίνυν
842 602 891 653 oi
924 600 1148 670 ἄγγελοι
1206 603 1626 670 ὲπισυνὰγοντες
1673 600 1803 662 τοὺς

207 692 533 757 ἐκλεκτοὺς,
570 692 645 753 ὡς
680 690 747 745 ἂν
772 692 1116 763 ἁρπαγέντες
1148 696 1205 747 ὲν
1254 695 1529 764 νεφέλαις,
1561 693 1803 762 ὑπαντή-

208 800 354 838 curat
406 786 485 852 τῷ
552 784 762 855 Κυρίῳ.
815 784 947 837 ’Λπὺ
994 784 1051 838 δὲ
1110 785 1214 851 τῆς
1256 787 1428 855 συκῆς
1506 785 1741 855 μάνθανε
1777 782 1806 836 ὃ

207 876 365 942 λέγω
396 893 408 906 ·
446 876 638 945 ὥσπερ
694 876 790 929 καὶ
833 877 933 947 τῆς
975 878 1146 947 συκῆς
1201 878 1377 947 φύλλα
1426 877 1529 947 ἠδη
1573 875 1805 947 ἐχούσης

207 967 386 1051 sese;
412 968 472 1020 τὸ
503 967 682 1036 Θέρος,
721 968 868 1022 οὕτω
903 970 1001 1022 καὶ
1037 970 1173 1038 μετὰ
1204 970 1304 1039 τὴν
1331 968 1511 1038 θλίψιν
1541 966 1634 1021 τοῦ
1680 969 1803 1019 Ἀν-

208 1058 496 1130 τιχρίστου
535 1060 696 1123 εὐθὺς
723 1060 933 1122 οὐδενὸς
963 1060 1413 1130 μεσολαϐοῦντος,
1444 1065 1474 1132 ἡ
1520 1062 1613 1114 τοῦ
1663 1062 1804 1129 Χρι-

213 1148 348 1201 ατοῦ
370 1150 663 1218 παρουσία.
720 1150 844 1220 ἥτις
875 1152 1030 1219 Θέρος
1060 1152 1135 1222 τῷ
1164 1152 1276 1206 ὄντι
1303 1154 1417 1206 ἐστὶ
1441 1156 1552 1216 τοῖς
1571 1153 1802 1215 δικαίοις

211 1242 326 1296 ἀπὸ
350 1244 641 1313 χειμῶνος,
672 1246 785 1306 τοῖς
828 1245 1012 1311 μέντοι
1048 1246 1399 1315 ἁμαρτωλοῖς
1451 1246 1659 1317 χειμὼν
1696 1246 1804 1298 ἀπὸ

212 1335 436 1404 Θέρους.
481 1338 536 1388 Ἀ
549 1338 654 1406 μὴν
683 1336 827 1401 λέγω
854 1336 979 1406 ύμῖν
1004 1339 1137 1407 ὁτιή
1162 1338 1325 1404 γενεὰ
1345 1336 1517 1407 αὕτη,
1554 1338 1804 1390 τουτέστι

211 1427 331 1479 τῶν
356 1428 587 1491 πιστῶν,
620 1428 731 1479 τῶν
761 1429 1105 1498 Χριστιανῶν
1138 1431 1304 1498 λέγω,
1336 1430 1396 1482 οὐ
1432 1429 1505 1498 μὴ
1533 1428 1802 1502 παρέλθῃ,

213 1518 325 1583 ἓως
353 1519 527 1573 ταῦτα
559 1524 760 1585 πάντα,
786 1521 854 1574 τά
882 1538 938 1574 τε
976 1523 1107 1592 περὶ
1144 1522 1247 1592 τῆς
1296 1523 1677 1593 Ἰερουσαλὴμ,
1710 1524 1803 1575 καὶ

212 1613 318 1682 τῆς
340 1612 436 1667 τοῦ
467 1614 837 1685 Ἀντιχρίστυυ
866 1614 1134 1680 ἐλεύσεως
1180 1617 1427 1685 γένηται.
1462 1616 1538 1669 Ού
1567 1616 1675 1686 γὰρ
1707 1616 1802 1687 δή·

217 1718 324 1755 που
360 1704 553 1772 γενεὰν
601 1703 749 1772 λέγει
781 1706 881 1775 τὴν
930 1707 1040 1759 τῶν
1090 1706 1424 1760 ἀποστόλων.
1474 1708 1627 1760 Ἐπεὶ
1684 1698 1804 1761 οὐδὲ

214 1796 350 1866 ἄχρι
373 1798 472 1866 τῆς
498 1799 808 1861 συντελείας
828 1798 921 1851 τοῦ
973 1799 1180 1867 κόσμου
1226 1798 1392 1864 ζῶσιν
1415 1800 1461 1851 οί
1492 1798 1798 1865 ἀπόστολοι,

1907 605 2033 650 rant
2090 598 2338 653 Omnino.
2373 602 2415 653 Δ
2466 602 2696 658 liculuea
2738 614 2926 658 autent
2964 604 3116 660 disce
3158 604 3305 674 quod
3368 603 3515 661 diro.

1905 688 2373 755 Quemadmodum
2436 695 2581 748 enim
2650 694 2757 761 ﬁcu
2820 694 2948 751 folia
3000 696 3278 761 habente,
3324 700 3513 753 statim

1904 790 2067 835 aestas
2101 784 2277 847 adest,
2335 783 2412 837 sic
2441 793 2493 837 et
2525 795 2645 852 post
2666 783 3017 842 aliiietionem
3044 786 3369 845 Antichristi
3399 798 3514 845 sta-

1907 871 2001 924 tint
2031 873 2236 942 absque
2267 873 2376 929 ullo
2413 874 2714 931 mediatore
2756 875 2933 932 aderit
2978 874 3183 938 Christi
3216 878 3513 941 adventus,

1905 975 2027 1031 quae
2064 976 2123 1017 re
2157 978 2281 1017 veru
2332 966 2495 1034 jnstis
2524 976 2684 1021 aestas
2735 970 2985 1035 qumdam
3056 977 3140 1029 est
3198 968 3269 1023 ab
3297 968 3513 1040 hyeme,

1906 1056 2293 1125 peccatoribus
2339 1066 2519 1111 autem
2553 1058 2747 1129 hyems
2777 1059 2846 1115 ab
2897 1070 3109 1117 armate.
3158 1059 3334 1116 Amen
3389 1063 3516 1119 dico

1906 1147 2060 1203 vobis
2084 1150 2227 1216 quod
2249 1150 2531 1218 generatio
2562 1151 2677 1205 haec
2700 1150 2802 1222 (a),
2826 1152 2927 1207 hoc
2951 1163 3038 1209 est
3068 1152 3330 1218 ﬁdelium,
3350 1154 3515 1211 Citri-

1904 1242 2207 1296 stianorum
2280 1244 2525 1313 inquam,
2570 1261 2681 1301 non
2730 1248 2989 1303 transibit
3037 1248 3209 1305 donec
3240 1250 3354 1305 haec
3394 1265 3514 1306 om-

1908 1336 2016 1400 nia,
2067 1336 2132 1390 de
2189 1334 2491 1391 Jerusalem
2550 1349 2606 1393 et
2666 1339 2987 1396 Antichristi
3056 1343 3316 1407 adventu,
3356 1342 3509 1407 fiant.

1906 1427 2023 1483 Non
2055 1429 2198 1484 enim
2242 1441 2392 1486 certe
2424 1433 2833 1503 generationem
2876 1436 3008 1491 dicit
3041 1450 3196 1501 eam,
3245 1451 3366 1505 quae
3411 1434 3515 1490 fuit

1906 1521 2315 1591 apostolorum;
2352 1524 2482 1592 quin
2516 1538 2622 1578 non
2664 1540 2841 1595 usque
2876 1529 2945 1582 ad
2976 1529 3511 1583 consummationem

1909 1614 2091 1666 mundi
2125 1612 2305 1668 vivent
2329 1617 2559 1684 apostoli
2595 1635 2607 1671 :
2634 1617 2726 1688 qui
2758 1632 2935 1686 neque
2962 1633 3133 1688 usque
3154 1618 3220 1673 ad
3247 1632 3510 1674 consum-

1909 1704 2198 1759 mationem
2216 1703 2515 1763 Jerusalem
2552 1710 2713 1763 vitam
2746 1708 2989 1781 plerique
3006 1710 3517 1781 produxerunt.Go-

1909 1797 2245 1853 ne‘rationem
2273 1801 2457 1869 itaque
2479 1802 2916 1858 Christianorum
2941 1804 3091 1870 dicit,
3120 1804 3191 1858 ita
3216 1803 3512 1859 consolans

214 1888 337 1955 οἵγε
363 1888 483 1942 οὐδὲ
531 1890 659 1961 ἄχρι
711 1890 811 1960 τῆς
863 1891 1172 1953 συντελείας
1221 1892 1320 1962 τῆς
1367 1890 1726 1962 Ἰερουσαλὴμ
1760 1893 1803 1946 oi

1913 1890 2209 1957 apostolos,
2238 1908 2303 1944 ne
2330 1898 2683 1963 suspicentur
2700 1897 2844 1959 quod
2867 1910 2989 1951 eum
3014 1905 3164 1949 tanta
3190 1896 3330 1949 mala
3351 1895 3508 1959 ﬁant,

216 1980 467 2045 πλείονες
498 1981 742 2050 ἔφθασαν
769 1984 890 2053 ζῇν.
926 1983 1122 2037 Γενεὰν
1154 1980 1247 2037 οὖν
1274 1985 1373 2053 τὴν
1402 1983 1511 2036 τῶν
1538 1985 1805 2054 Χριστια-

212 2070 326 2122 νῶν
384 2070 555 2137 λέγει,
606 2072 1101 2141 παραμυθούμενος
1144 2072 1274 2135 τοὺς
1302 2073 1651 2138 ἀποστόλους.
1689 2074 1805 2128 ἰνα

213 2159 329 2232 γὰρ
358 2162 437 2231 μὴ
463 2161 809 2217 ὑπολάϐωσιν
839 2163 922 2215 ὅτι
960 2161 1230 2215 τοσούτων
1262 2162 1450 2216 κακῶν
1476 2164 1801 2233 γινομένων,

221 2254 358 2316 ἴσως
378 2254 617 2323 ἐκλείψει
642 2256 675 2325 ἡ
706 2256 911 2321 πίστις,
939 2257 1103 2325 φησὶν
1129 2255 1230 2320 ὅτι,
1259 2256 1547 2325 Θαρῤεῖτε,
1570 2257 1630 2308 ού
1664 2273 1802 2327 παρ-

212 2343 500 2405 ελεύσεται
548 2350 580 2417 ἡ
632 2348 794 2417 γενεὰ
819 2348 925 2400 τῶν
954 2347 1181 2412 πιστῶν,
1210 2348 1329 2401 οὐδὲ
1373 2348 1634 2417 ἐκλείψει.
1664 2350 1806 2419 Πρό-

210 2452 377 2507 τερον
401 2438 510 2509 γὰρ
531 2438 595 2493 ἂν
618 2441 688 2493 τὰ
712 2442 948 2512 ἀκίνητα
989 2441 1161 2494 ταῦτα
1212 2445 1475 2510 στοιχεῖα,
1504 2444 1532 2496 ὁ
1570 2442 1804 2513 οὐρανός

1916 1979 2053 2035 forte
2082 1982 2302 2035 deficiat
2331 1982 2484 2038 lidcs.
2510 1985 2679 2051 Quam
2708 1986 2939 2053 diceret,
2968 1984 3259 2050 Conﬁdite,
3286 1988 3342 2039 et
3364 1985 3512 2040 bono

1914 2074 2095 2127 animo
2112 2084 2314 2131 estote:
2332 2090 2437 2131 non
2458 2077 2754 2147 praeteribit
2767 2078 3045 2149 generatio
3059 2077 3322 2147 fidelium,
3335 2094 3513 2148 neque

1911 2166 2147 2221 deﬁciet.
2176 2165 2333 2221 Prius
2351 2170 2494 2223 enim
2517 2169 2829 2226 transibunt
2865 2169 3029 2244 245
3062 2172 3360 2228 immobilia
3392 2174 3511 2228 hrec

1913 2260 2203 2325 elementa,
2230 2264 2426 2317 coelum
2455 2273 2511 2319 et
2559 2273 2762 2319 terram
2790 2267 2933 2330 dico,
2960 2280 3122 2335 quam
3156 2266 3265 2322 mei
3298 2280 3511 2322 sermo-

1914 2367 2010 2409 nes
2056 2355 2107 2407 in
2158 2355 2266 2408 ullo
2316 2356 2672 2413 intercidant.
2725 2355 2924 2413 Omnia
2961 2372 3305 2429 qumCunquc
3359 2357 3495 2420 disi,

1913 2444 2290 2513 periit-ientur.

213 2550 363 2604 φημι
399 2537 664 2606 καὶήγῆ,
696 2535 1170 2609 παρελεύσεται,ἢ
1202 2538 1250 2589 οἱ
1303 2538 1428 2608 ἐμοὶ
1494 2537 1644 2605 λόγοι
1694 2540 1835 2595 κατά
1875 2557 1928 2596 τι
1979 2542 2390 2596 διαπεσοῦνται.
2460 2544 2646 2599 Πάντα
2695 2545 2945 2618 γὰρὸσα
3011 2540 3186 2611 εἶπον,
3251 2542 3514 2616 τελεσθή-

218 2646 424 2684 σονται.

300 2740 321 2775 ι
358 2724 493 2795 Περὶ
518 2722 577 2777 δὲ
597 2722 697 2793 τῆς
715 2723 929 2794 ἡμέρας
951 2724 1165 2794 ἐκείνης
1182 2725 1278 2778 καὶ
1307 2726 1405 2796 τῆς
1452 2726 1601 2796 ὥρας
1626 2728 1804 2793 οὐδεὶς

213 2808 394 2880 οἶδεν,
428 2813 569 2869 οὐδὲ
617 2815 667 2868 oi
710 2813 937 2885 ἄγγελοι
982 2815 1031 2868 οί
1072 2815 1131 2868 ἐν
1168 2815 1406 2887 οὐρανῷ,
1438 2817 1560 2871 οὐδὲ
1588 2819 1616 2872 ὸ
1650 2818 1799 2883 Υἱὸς,

215 2908 269 2983 εί
309 2909 390 2979 μὴ
424 2909 456 2961 ὁ
498 2907 716 2979 Πατήρ.
756 2906 1014 2973 Βλέπετε,
1042 2908 1375 2979 ἀγρυπνεῖτε
1423 2910 1519 2963 καὶ
1570 2911 1801 2983 προσεύ-

160 2989 162 2991 ’
216 2982 406 3071 χεσεῖ,
432 3000 532 3054 οὐκ
570 2998 751 3053 οίδατε
778 2996 890 3069 γὰρ
918 2998 1051 3051 ποτε
1091 3000 1120 3053 ὁ
1150 2999 1344 3069 καιρός
1367 3001 1539 3056 ἐστιν.
1580 2982 1668 3065 Ὧς
1701 3001 1797 3056 ἄν.

215 3089 439 3162 θρωπος
462 3090 767 3162 ἀπόδημος.
794 3090 953 3160 ἀφεὶς
982 3090 1084 3160 τὴν
1111 3089 1293 3145 οίκίαν
1317 3091 1505 3159 αὐτοῦ,
1554 3093 1648 3147 καὶ
1684 3094 1807 3159 δοὺς

214 3184 331 3246 τοῖς
382 3165 591 3247 δούλοις
636 3180 804 3236 αὑτοῦ
847 3182 951 3254 τὴν
1014 3181 1290 3250 ιξουσίαν,
1338 3184 1435 3239 καὶ
1488 3185 1704 3257 ἑκάστῳ
1746 3186 1807 3240 τὸ

218 3270 604 3346 Ιρτονάύτοῦς
644 3272 751 3346 τκαὶ
775 3272 857 3345 τῷ
886 3272 1121 3347 θυρωρῷ
1147 3273 1455 3329 ἐνετείλατο
1475 3313 1492 3339 ,
1537 3276 1624 3329 ἵνα
1669 3292 1807 3347 γρη-

218 3371 384 3441 γορῇ.
418 3368 751 3440 Γρηγορεῖτε
780 3363 877 3423 οὖν
899 3383 913 3399 ·
956 3368 1060 3422 οὐκ
1090 3368 1273 3423 οῖδατε
1310 3369 1421 3441 γὰρ
1453 3370 1582 3423 πότε
1632 3371 1659 3424 ὁ
1689 3370 1808 3425 Κύ-

219 3476 339 3530 ριος
391 3458 514 3530 τῆς.
559 3458 740 3523 οίκίας
782 3458 1030 3530 ιρχεται,
1076 3458 1199 3529 ὀψὲ,
1263 3460 1297 3532 ἠ
1342 3460 1723 3531 μεσονυκτίου,
1771 3460 1805 3532 ἢ

216 3549 713 3621 ἀλεκτοροφωνίας,
747 3548 791 3621 ἢ
834 3550 985 3621 πρωΐ
1010 3564 1026 3580 ⁸
1061 3548 1136 3620 μὴ
1164 3547 1335 3603 ἐλθὼν
1380 3549 1642 3621 ἐξαίφνης
1667 3549 1806 3623 εὕρῃ

217 3643 365 3714 ὑμᾶς
392 3636 775 3706 καθεύδοντας.
797 3642 865 3695 ’Δ
886 3641 944 3696 δὲ
968 3641 1099 3713 ὑμῖν
1127 3641 1291 3709 λέγω,
1316 3643 1452 3695 πᾶσι
1476 3640 1642 3711 λέγω,
1661 3642 1805 3713 Γρη-

219 3735 460 3805 γορεῖτε.
517 3738 545 3786 »ί
584 3733 768 3789 Θίλων
800 3733 1064 3804 όκύριος
1107 3734 1352 3787 κωλύσαι
1395 3733 1524 3797 τοὺς
1553 3733 1803 3804 μαθητὰς

218 3825 328 3880 ἀπὸ
362 3823 459 3879 τοῦ
499 3825 714 3897 ἐρωτᾷν
767 3826 898 3894 περὶ
934 3823 1035 3894 τῆς
1070 3824 1285 3896 ἡμέρας
1318 3822 1536 3893 ὲκείνης
1583 3824 1803 3895 καὶτῆς

215 3918 392 3989 ὥρας,
422 3918 593 3991 φησὶν
618 3920 704 3973 ὅτι
735 3916 858 3971 οὐδὲ
904 3918 954 3972 οί
974 3915 1224 3986 ἄγγελοι,
1261 3914 1386 3969 οὐδὲ
1418 3918 1447 3969 ὁ
1480 3916 1607 3980 Υἱὸς
1639 3912 1798 3972 οἶδεν.

216 4009 284 4065 Ei
321 4012 433 4082 γὰρ
464 4006 618 4063 εῐπιν
648 4010 730 4064 ὃτι
756 4006 889 4064 Οἶδα
927 4010 1046 4081 μὶν,
1073 4009 1133 4063 ού
1169 4007 1307 4063 θέλω
1335 4009 1395 4064 δὲ
1431 4008 1557 4079 ὑμῖν
1588 4010 1803 4064 ἀποκα-

212 4100 406 4173 λύψαι,
442 4101 720 4173 ιλύπησεν
747 4102 816 4157 ἂν
845 4100 1063 4165 αὐτούς.
1098 4099 1212 4155 Νῦν
1234 4101 1292 4155 δὲ
1326 4100 1635 4171 σοφώτερον
1702 4118 1801 4171 με·-

213 4194 610 4266 ταχειρίζεται,
655 4194 752 4250 καὶ
784 4194 1043 4264 ἀπείργει
1071 4194 1271 4258 αὐτοὺς
1317 4194 1457 4258 ὅλως
1491 4195 1585 4247 τοῦ
1616 4193 1803 4264 ζητεῖν

167 4355 175 4360 _
218 4288 417 4360 μαθεῖν
449 4286 543 4341 καλ⁸
566 4284 804 4357 ἐνοχλεῖν
834 4285 1003 4358 αὐτῷ,
1033 4287 1092 4339 ὲν
1120 4284 1200 4356 τῷ
1227 4286 1423 4350 εἰπεῖν,
1454 4288 1561 4346 ὅτι,
1589 4284 1729 4339 Οῦτε
1750 4287 1800 4339 οί

1987 2729 2150 2787 Vns.
2179 2732 2368 2788 52-37.
2411 2752 2430 2785 ‹
2478 2732 2748 2789 Caeterum
2782 2736 2848 2789 de
2887 2736 2973 2790 die
3012 2734 3105 2790 illo
3152 2751 3217 2791 ac
3265 2748 3512 2808 tempore

1912 2838 2071 2879 nemo
2097 2826 2273 2891 novit,
2303 2840 2369 2879 ne
2398 2828 2574 2892 angeli
2608 2829 2829 2897 quidem
2865 2829 2955 2897 qni
2981 2830 3033 2883 in
3057 2828 3198 2884 caelo
3236 2837 3386 2899 sunt,
3412 2846 3514 2889 nec

1912 2913 2026 2983 ipse
2049 2912 2238 2979 Filius,
2262 2916 2355 2970 sed
2373 2916 2520 2972 solus
2540 2917 2726 2973 Pater.
2748 2918 2972 2987 Cavete,
2994 2920 3217 2991 vigilate
3238 2932 3291 2976 et
3314 2930 3467 2979 orate
3492 2941 3509 2979 :

1914 3006 2137 3061 nescitis
2173 3008 2318 3062 enim
2356 3010 2576 3079 quando
2606 3020 2820 3079 tempus
2860 3013 2976 3067 sit:
3005 3014 3149 3068 sicut
3196 3014 3362 3070 homo
3414 3015 3509 3087 qui

1913 3114 2141 3171 peregre
2171 3102 2283 3171 agit
2311 3103 2503 3157 relicta
2530 3103 2692 3157 domo
2724 3120 2850 3168 sua,
2879 3107 3137 3176 deditque
3184 3110 3359 3164 servis
3394 3110 3510 3165 suis

1911 3193 2276 3248 substantiam
2307 3210 2483 3259 suam,
2518 3213 2582 3249 ac
2610 3212 2766 3250 suum
2796 3198 2996 3261 cuique
3023 3214 3182 3269 opus,
3203 3210 3257 3256 et
3280 3200 3509 3271 ianitori

1913 3288 2185 3339 mandavit
2219 3298 2275 3341 ut
2318 3290 2586 3358 vigilaret.
2620 3290 2845 3359 Vigilate
2871 3291 3074 3360 igitur:
3110 3295 3332 3348 nescitis
3362 3295 3509 3350 enim

1909 3378 2126 3447 quando
2173 3378 2434 3434 Dominus
2460 3380 2656 3437 domus
2686 3392 2951 3437 venturus
2981 3384 3072 3447 sit,
3107 3398 3257 3453 sero,
3290 3402 3359 3440 an
3398 3400 3515 3443 me-

1910 3471 2000 3526 dio
2034 3474 2229 3537 noctis,
2258 3487 2329 3525 an
2360 3473 2413 3526 in
2448 3473 2746 3543 gallicinio,
2780 3491 2847 3529 an
2890 3476 3135 3533 diluculo
3168 3497 3181 3532 :
3218 3494 3284 3533 ne
3332 3480 3377 3534 si
3410 3494 3507 3536 ve-

1910 3564 2052 3618 nerit
2087 3576 2326 3632 repente,
2374 3565 2611 3621 oﬂ’endat
2663 3583 2765 3624 vos
2817 3568 3178 3627 dormientes.
3225 3570 3501 3627 Caeterum

1909 3672 2031 3725 quze
2092 3657 2217 3713 dico
2266 3658 2443 3723 vobis,
2481 3659 2740 3715 omnibtts
2770 3663 2914 3725 dico,
2953 3661 3208 3732 Vigilate.
3254 3683 3271 3716 ι
3308 3664 3512 3721 Veiens

1909 3752 2167 3807 Dominus
2182 3752 2479 3821 discipulos
2505 3770 2532 3806 a
2559 3755 2663 3809 diei
2690 3765 2742 3810 et
2763 3756 2913 3810 horae
2937 3756 3082 3813 illius
3111 3758 3504 3828 interrogatio-

1909 3857 1976 3897 ne
2024 3843 2301 3909 cohibere,
2347 3842 2481 3898 dicit
2514 3847 2659 3914 quod
2704 3863 2881 3917 neque
2908 3848 3084 3920 angeli
3123 3864 3300 3921 neque
3334 3849 3507 3908 Filius

1907 3934 2104 3989 sciant.
2136 3933 2191 3989 Si
2220 3936 2361 3989 enim
2390 3934 2643 4004 dixisset,
2671 3938 2797 3994 Seio
2824 3942 3065 4009 quidem,
3090 3942 3184 3998 sed
3211 3944 3335 3999 nolo
3356 3946 3510 4001 vobis

1908 4023 2171 4088 revelare,
2206 4038 2444 4089 mmrore
2472 4026 2607 4083 .illos
2641 4027 2914 4084 alin-cisset
2941 4046 2954 4083 :
2984 4046 3126 4087 nunc
3158 4040 3339 4088 autem
3376 4051 3508 4104 pru-

1906 4114 2099 4166 denter
2126 4128 2238 4168 rem
2270 4113 2403 4186 agit,
2435 4126 2489 4171 et
2520 4132 2615 4172 eos
2646 4119 2873 4175 omnino
2908 4120 3161 4188 prohibet
3192 4136 3260 4178 ne
3284 4122 3504 4180 discere

1905 4202 2157 4259 adeetent
2189 4220 2250 4261 ac
2302 4205 2513 4262 molesti
2562 4207 2691 4274 sint,
2756 4211 2942 4273 dicens
2994 4228 3007 4265 :
3068 4210 3254 4282 Neque
3323 4216 3505 4285 angeli

1904 4295 2109 4362 sciunt,
2145 4312 2321 4366 neque
2338 4314 2458 4371 ego.
2480 4301 2560 4355 Ab
2583 4304 2831 4373 exemplo
2865 4314 3043 4359 autem
3064 4306 3339 4380 intelligas
3360 4310 3506 4379 quod

218 4379 468 4449 ἄγγελοι,
522 4377 647 4433 οὔτε
701 4378 816 4449 ἐγὼ
860 4376 1000 4434 οῖδα.
1068 4379 1203 4433 Ἀπὸ
1250 4379 1311 4433 δὲ
1351 4379 1799 4452 παραδείγματος

1913 4383 2139 4441 dicitur.
2206 4386 2362 4458 Saepe
2407 4391 2619 4459 pueruli
2671 4394 2855 4449 vident
2902 4405 3085 4465 patres
3128 4376 3265 4453 suos
3318 4376 3505 4457 tenere

217 4489 369 4539 τινος
426 4467 731 4542 νοήσειςτὸ
772 4472 1081 4544 λεγόμενον,
1118 4473 1385 4538 Πολλάκις
1412 4474 1605 4529 παιδία
1629 4475 1801 4546 μικρὰ

218 4564 478 4636 βλέπουσι
501 4568 628 4629 τοὺς
657 4566 907 4635 πατιρας
937 4564 1121 4619 αὐτῶν
1151 4564 1490 4638 κρατοῦντας
1509 4584 1565 4621 τι
1597 4568 1656 4621 ιν
1680 4568 1802 4631 ταῖς

215 4660 398 4732 χερσὶ,
426 4659 526 4713 καὶ
556 4656 784 4730 ζητοῦσι
811 4656 991 4713 τοῦτο.
1026 4657 1089 4712 01
1119 4657 1176 4711 δὲ
1209 4657 1448 4731 πατέρες
1493 4658 1558 4713 ού
1587 4658 1803 4729 βούλον-

216 4770 310 4807 ται
335 4752 541 4809 δοῦναι.
569 4751 652 4806 Τὰ
686 4751 761 4805 de
796 4750 1291 4822 κλαυθμυρίζονται
1332 4750 1410 4814 ὡς
1449 4751 1525 4823 μὴ
1588 4752 1804 4825 λαμσά-

214 4859 414 4906 νοντα.
462 4842 773 4897 τελευταῖον
833 4842 1019 4913 μέντοι
1080 4844 1130 4896 οί
1183 4842 1419 4913 πατέρες
1463 4844 1803 4910 κρύπτουσιν

215 4934 467 5000 exanima
497 4933 806 5006 κρατοῦσι,
865 4934 960 4987 καὶ
1010 4932 1421 4996 ἐπιδεικνύντες
1463 4933 1561 4999 τὰς
1613 4937 1803 5009 χεῖρας

218 5022 380 5086 κενὰς
442 5026 555 5086 τοῖς
594 5021 854 5086 παιδίοις,
897 5021 1122 5075 ίστῶσιν
1171 5020 1309 5075 αὐτὰ
1359 5020 1454 5076 τοῦ
1490 5023 1799 5094 κλαυθμοῦ.

216 5102 381 5171 Οῦτω
414 5114 505 5167 καὶ
552 5116 581 5169 ὀ
633 5112 873 5179 Κύριος,
926 5112 1003 5176 ὼς
1052 5112 1289 5177 παιδίοις
1327 5115 1441 5178 τοῖς
1475 5115 1799 5180 ἀποστόλοις

216 5207 686 5280 προσφερόμενος,
745 5204 1035 5275 ἀπέκρυψε
1074 5204 1174 5277 τὴν
1202 5205 1441 5278 ἡμέραν.
1484 5207 1548 5261 Εί
1597 5208 1707 5277 γὰρ
1736 5206 1806 5261 εῖ-

217 5317 340 5363 πεν,
368 5299 449 5353 ὅτι
477 5293 710 5361 Didone!»
733 5297 878 5367 λέγω
893 5298 969 5362 δὲ,
988 5296 1329 5369 ὴνιάσθησαν
1350 5297 1441 5365 ἂν,
1463 5298 1541 5363 ὡς
1571 5299 1647 5371 μὴ
1673 5300 1805 5371 παρ’

215 5392 383 5451 αὐτοῦ
422 5391 805 5463 μανθάνοντες.
842 5390 966 5446 Ὀτι
1008 5391 1066 5445 δὲ
1115 5389 1433 5459 γινώσκειὸ
1477 5393 1683 5463 Κύριος
1704 5395 1805 5466 τήν

214 5486 436 5559 ἡμέραν
484 5484 585 5538 καὶ
622 5483 721 5554 τὴν
755 5482 927 5553 ὥραν,
970 5482 1258 5554 πρόδηλον.
1304 5484 1478 5549 Αὐτὸς
1518 5487 1627 5557 γὰρ
1677 5490 1800 5554 τοὺς

216 5578 423 5639 αίῶνα;
453 5576 711 5646 ἐποίησεν
734 5590 750 5605 ·
782 5575 812 5628 ὅ
841 5570 936 5629 οὖν
966 5575 1214 5641 inci-gos,
1260 5576 1377 5640 πῶς
1407 5578 1469 5630 ού
1504 5577 1801 5647 γινώσκεις

216 5670 382 5725 Ἀλλὰ
400 5670 466 5739 δὴ
506 5671 602 5722 καὶ
648 5667 1037 5739 συμφερόντως
1084 5666 1404 5738 ἀπέκρυψεν
1455 5669 1483 5722 ὁ
1520 5668 1653 5733 Θεὸς
1703 5669 1805 5743 τὴν

1905 4476 2163 4546 quiddam
2199 4478 2253 4533 in
2298 4482 2570 4546 manibus,
2616 4494 2671 4539 et
2730 4484 2834 4541 hoc
2888 4498 3103 4557 petunt,
3145 4492 3505 4564 patribusque

1904 4570 2036 4624 dare
2104 4572 2438 4640 nolentibus,
2506 4575 2726 4647 plorant
2781 4582 2927 4648 quod
2981 4597 3086 4637 non
3146 4584 3434 4653 accipiunt
3482 4604 3497 4640 :

1902 4662 2141 4733 denique
2198 4675 2385 4735 patres
2437 4669 2724 4726 occultant
2790 4670 2921 4727 illud
2989 4672 3133 4742 quod
3187 4681 3398 4740 tenent,
3446 4686 3505 4732 et

1902 4755 2259 4813 ostendentes
2309 4774 2504 4815 manus
2549 4776 2753 4818 vacuas
2800 4764 3008 4833 pueris,
3043 4764 3230 4821 ﬂetum
3282 4766 3502 4823 illorum

1906 4848 2129 4904 sistunt.
2172 4848 2263 4905 Sic
2318 4858 2375 4905 et
2430 4852 2693 4910 Dominus
2742 4855 2903 4925 quasi
2968 4871 3169 4926 pueros
3224 4862 3503 4929 apostolos

1904 4937 2203 5005 alloquens,
2221 4943 2697 5001 occnltavitdlem.
2720 4944 2857 5001 Nam
2880 4948 2933 5004 si
2954 4948 3197 5014 dixisset,
3219 4950 3368 5018 Scio,
3392 4968 3503 5009 non

1903 5029 2035 5085 (ἰὴ-οη
2054 5034 2646 5095 antem,imloluissent
2671 5039 2815 5107 quod
2841 5038 2908 5092 ab
2930 5038 3025 5093 illo
3053 5056 3162 5095 non
3204 5040 3502 5099 discerent.

1906 5121 2065 5190 Quod
2090 5134 2272 5179 autem
2318 5125 2582 5183 Dominus
2638 5130 2867 5186 sciverit
2899 5140 2956 5187 et
2998 5128 3144 5189 diem
3194 5142 3250 5189 et
3284 5135 3502 5202 horam,

1906 5216 2281 5285 manifestum,
2304 5220 2430 5287 quia
2458 5220 2641 5277 δεουίί
2677 5222 2937 5283 Conditor
2965 5233 3074 5283 est.
3110 5224 3179 5281 Et
3205 5242 3317 5296 quo
3343 5242 3505 5296 pacto

1904 5310 2051 5378 quod
2074 5307 2204 5366 fecit
2232 5313 2505 5369 nesciret?
2534 5312 2730 5369 Verum
2762 5317 2977 5374 utiliter
3023 5319 3315 5377 abscondit
3357 5320 3503 5378 Deus

1906 5406 2437 5461 consummationem
2487 5406 2635 5474 vitae,
2673 5408 2790 5465 sive
2832 5411 3077 5465 omnium
3113 5412 3167 5467 in
3200 5415 3502 5479 communi,

1892 5492 2024 5548 τεῖνε
2086 5496 2519 5567 uniuscujusque
2570 5499 2625 5553 in
2671 5500 2955 5569 singulari,
2988 5512 3047 5557 ut
3086 5504 3213 5559 dum
3261 5505 3503 5563 incertus

1906 5594 1991 5640 est
2022 5585 2167 5652 linis,
2200 5603 2417 5660 semper
2447 5590 2672 5646 solliciti
2701 5594 2874 5647 simus
2894 5609 2957 5648 ac
2976 5597 3145 5663 anxii,
3177 5609 3505 5665 exspectan-

1912 5684 1993 5731 tes
2023 5677 2198 5746 iiinm,
2235 5692 2288 5735 et
2318 5682 2574 5739 timentes
2608 5698 2675 5738 ne
2704 5684 3099 5754 imprtrparatis
3129 5689 3499 5757 superveniat.

294 5794 373 5863 (α)
419 5790 560 5845 Edit.
600 5789 723 5871 Lut.
766 5788 928 5855 iouia
981 5788 1224 5880 Birrique“
1243 5792 1713 5880 monitisqttelado
1755 5801 2255 5858 consummationem
2339 5805 2637 5860 Jerusalem
2710 5804 3001 5863 riserunt:
3048 5810 3311 5873 quonmdo
3379 5823 3501 5880 ergo

217 5870 286 5925 ad
302 5858 821 5920 'cmsummatiunem
852 5858 1041 5915 mundi
1058 5859 1349 5929 pertingere
1371 5858 1713 5919 dicerentur?
