4108 6334
653 366 755 434 647

1536 362 2108 428 THEOPHYLACT]
2145 360 2553 427 BULGARDE
2586 359 2913 421 ARCHEP.

3801 356 3905 419 διδ

657 484 935 542 υίιτὶειίίιι
974 483 1143 540 viliori
1174 489 1426 555 ponatur,
1450 487 1753 551 praetexens
1794 476 1999 534 scilicet
2025 491 2227 549 paupe—

2329 474 2573 546 λύτιμον,
2610 475 2705 529 καὶ
2737 472 3072 541 ἀναγκάζων
3124 470 3182 522 τὸ
3238 467 3396 537 σῶμα
3443 466 3538 520 τοῦ
3574 467 3816 537 Χριστου
3848 470 3905 522 tv

658 592 772 636 res.
812 579 951 636 sciat
981 576 1131 647 cujus
1166 577 1336 647 partis
1353 576 1445 631 sit.

736 756 898 813 Vna.
930 755 1019 820 to,
1054 754 1143 809 it.
1187 772 1205 806 ι
1258 754 1324 809 Et
1350 753 1515 809 ludas
1540 752 1825 809 lscariotes
1851 763 2043 805 unuse
2090 750 2226 803 duo-

663 849 835 906 decim
858 847 991 903 abiit
1022 846 1085 903 ad
1114 861 1355 902 summos
1388 845 1716 911 sacerdotes,
1756 853 1813 898 ut
1838 842 2077 897 traderet
2103 855 2223 896 eum

662 939 788 995 illis.
821 940 936 1007 Quo
960 939 1141 993 audito
1163 937 1235 992 illi
1264 938 1432 1009 gavisi
1452 945 1599 1000 sunt,
1631 945 1685 990 et
1734 934 1958 1005 polliciti
1985 942 2130 1000 sunt,
2166 947 2228 987 se

660 1030 709 1086 ei
733 1029 954 1085 daturos
977 1030 1277 1099 pecuniam.
1310 1028 1375 1082 Et
1420 1028 1988 1098 quarehatquomodo
2032 1039 2227 1093 oppor-

664 1128 792 1174 tune
826 1120 970 1172 illum
1004 1120 1257 1173 traderet.
1302 1138 1321 1170 ι
1359 1118 1498 1174 Cum
1541 1119 1732 1173 mulier
1774 1134 1925 1173 suam
1988 1116 2226 1172 liberali-

665 1221 826 1267 tatem
858 1211 1179 1277 declararet,
1199 1212 1499 1267 insaniebat
1526 1211 1825 1281 discipulus
1868 1225 2007 1264 unus
2033 1225 2063 1264 e
2090 1210 2225 1264 duo-

666 1303 865 1356 decim.
897 1302 1012 1356 Non
1048 1304 1189 1356 enim
1230 1312 1431 1355 temere
1463 1302 1697 1355 additum
1726 1310 1829 1366 est,
1859 1314 2001 1354 unus
2043 1314 2074 1354 e
2096 1300 2225 1352 duo-

664 1397 863 1459 decim,
889 1397 982 1451 sed
1016 1404 1076 1448 ut
1111 1397 1493 1449 ostenderetur
1523 1395 1665 1463 quod
1688 1407 1826 1448 unus
1859 1407 1890 1447 e
1938 1392 2222 1447 duodecim

662 1488 1004 1542 electioribus
1036 1496 1205 1543 esset.
1230 1486 1367 1554 Quid
1393 1496 1573 1540 autem
1610 1495 1694 1540 est
1731 1486 1829 1539 hoc
1861 1485 2002 1553 quod
2040 1484 2135 1547 ait,
2168 1493 2226 1538 ut

665 1576 895 1630 traderet
957 1577 1148 1630 illum?
1176 1579 1277 1631 hoc
1315 1585 1417 1640 εει,
1456 1576 1789 1646 significaret
1842 1577 1947 1630 illis
2012 1576 2225 1644 quando

665 1668 810 1719 solus
850 1675 998 1720 esset
1026 1684 1041 1720 :
1080 1666 1337 1720 timebant
1372 1667 1513 1719 enim
1541 1682 1661 1721 eum
1694 1667 1948 1721 invadere
1981 1682 2100 1720 cum
2130 1667 2227 1719 do-

663 1769 829 1822 ceret,
862 1769 1076 1829 pr0pter
1112 1758 1343 1813 turbam.
1372 1758 1491 1827 Ipse
1522 1760 1705 1830 itaque
1743 1759 2224 1828 pollicebaturiilis

664 1866 721 1907 se
750 1852 1015 1906 dicturum
1059 1852 1277 1921 quando
1310 1852 1399 1907 ille
1426 1852 1572 1907 solus
1600 1863 1765 1908 esset.

739 1945 899 1998 Vsus.
944 1943 1131 1998 12-15.
1160 1964 1177 1995 ε
1224 1944 1300 1998 Ac
1350 1944 1525 2013 primo
1584 1944 1670 1999 die
1726 1946 2068 2016 Azymorum,
2102 1960 2227 1999 cum

667 2035 877 2089 Pascha
920 2036 1278 2100 innuolnrcnt,
1312 2037 1496 2089 dicunt
1552 2035 1626 2089 illi
1688 2036 1928 2106 discipuli
1966 2038 2045 2091 sui
2079 2052 2093 2090 :
2129 2037 2227 2092 Ubi

665 2127 743 2180 vis
774 2138 828 2179 ut
857 2128 1109 2180 abeamus
1124 2134 1177 2179 et
1208 2141 1455 2193 parenms
1478 2136 1537 2181 ut
1560 2129 1687 2180 edas
1717 2126 1962 2181 Pascha?
1989 2126 2228 2182 Etemit-

663 2217 729 2271 tit
756 2218 891 2272 duos
916 2232 947 2271 ο
974 2216 1253 2286 discipulis
1280 2216 1413 2282 suis,
1437 2226 1491 2270 et
1522 2217 1651 2271 dicit
1674 2216 1817 2274 illis;
1855 2216 1930 2272 lte
1951 2218 2001 2272 in
2036 2220 2229 2273 civita-

664 2314 863 2371 tem,et
880 2314 1133 2360 occurret
1155 2306 1308 2360 vobis
1329 2306 1487 2360 homo
1516 2304 1759 2376 hydriam
1786 2322 1936 2375 aquze
1956 2307 2226 2378 bajulans;

664 2398 950 2466 seqoitniui
1000 2395 1165 2468 248
1216 2397 1403 2461 illum,
1468 2408 1521 2452 et
1563 2412 1886 2468 quocunque
1954 2400 2230 2466 ingressus

666 2489 847 2551 fuerit,
878 2490 1038 2542 dicite
1061 2488 1455 2557 patrifamilias,
1500 2488 1752 2559 Magister
1787 2491 1918 2546 dicit
1947 2508 1965 2546 v:
2000 2490 2101 2547 Ubi
2148 2502 2229 2547 est

661 2580 1015 2636 diversorium
1058 2581 1148 2635 ubi
1179 2580 1386 2636 Pascha
1417 2596 1541 2635 cum
1564 2579 1846 2651 discipulis
1872 2584 2004 2636 meis
2033 2582 2230 2637 edam?

666 2675 728 2728 Et
751 2674 838 2728 ille
867 2675 1017 2729 vobis
1049 2676 1293 2730 ostendet
1346 2674 1640 2729 triclinium
1676 2688 1932 2744 magnum
1975 2683 2224 2741 stratum,

664 2775 911 2833 paratum
943 2781 957 2818 :
992 2764 1098 2818 illic
1128 2775 1313 2832 parate
1345 2766 1522 2820 nobis.
1560 2783 1580 2818 ι
1618 2764 1860 2821 Primum
1910 2766 2051 2822 diem
2092 2768 2231 2839 Azy-

664 2870 875 2909 morum
910 2858 1049 2910 diem
1106 2859 1349 2925 quintum
1378 2857 1508 2911 dicit
1553 2858 1645 2926 qui
1679 2865 1797 2913 erat
1841 2866 1967 2913 ante
2001 2859 2227 2930 Azyma.

672 2948 865 3017 Azyma
891 2949 1033 3001 enim
1066 2962 1159 3003 seu
1194 2946 1573 3002 infermentata
1599 2950 1687 3005 die
1710 2964 2031 3019 parasceves
2047 2965 2229 3007 come-

665 3038 952 3093 debantur.
977 3040 1257 3093 Accedunt
1288 3041 1469 3107 itaque
1504 3040 1759 3109 discipuli
1786 3050 1842 3097 et
1891 3042 2230 3112 interrogant

665 3131 754 3185 ubi
797 3131 1080 3185 comedant
1134 3128 1367 3187 Pascha.
1399 3132 1474 3186 Ex
1512 3131 1612 3188 hoc
1649 3142 1828 3189 autem
1881 3132 2225 3191 manifestum

662 3226 746 3275 est
790 3220 1060 3274 Christum
1078 3220 1199 3273 'non
1228 3220 1479 3275 habuisse
1509 3222 1786 3291 proprium
1837 3223 2224 3293 diversorium,

662 3322 719 3368 et
763 3327 861 3366 nec
901 3312 1190 3380 discipulos
1224 3313 1480 3368 habuisse
1512 3317 1728 3369 domum
1765 3318 2060 3387 pr0priam.
2090 3318 2225 3374 Nam

662 3404 706 3459 si
744 3402 1076 3467 habuissent,
1105 3404 1212 3457 illic
1245 3419 1367 3458 eum
1422 3407 1817 3476 suscepissent.
1842 3406 2008 3463 Mittit
2032 3419 2217 3464 autem

662 3497 797 3550 duos
823 3509 854 3549 e
886 3495 1164 3563 discipulis
1209 3496 1324 3550 suis
1350 3495 1567 3552 Petrum
1593 3507 1649 3552 et
1690 3496 1975 3565 Joannem,
2002 3500 2141 3556 sicut
2170 3510 2227 3557 et

663 3582 835 3641 Lucas
896 3587 1087 3655 inquit,
1120 3587 1183 3640 ad
1222 3587 1492 3643 hominem
1529 3590 1804 3659 ignotum:
1840 3596 2128 3649 ostendens
2164 3595 2227 3649 il-

662 3677 728 3734 lis
765 3681 906 3748 quod
935 3689 1116 3747 posset
1155 3695 1259 3733 non
1300 3681 1429 3748 pati.
1461 3681 1559 3747 Qui
1582 3682 1730 3737 enim
1759 3694 1991 3740 mentem
2046 3686 2224 3741 homi-

663 3767 747 3821 nis
779 3768 940 3838 ignoti
999 3769 1288 3824 conciliare
1341 3770 1443 3825 sibi
1493 3782 1704 3841 poterat
1755 3785 1893 3831 utse
1932 3778 2223 3847 exciperet,

660 3858 787 3927 quid
819 3872 923 3912 non
951 3857 1165 3915 fecisset
1195 3861 1249 3914 in
1278 3860 1438 3916 aliis?
1465 3861 1733 3921 Praeterea
1758 3867 1849 3921 dat
1869 3866 1975 3921 illis
2010 3869 2224 3939 signum

659 3948 1229 4016 quomodoinveniant
1265 3952 1529 4007 domum:
1577 3969 1771 4025 nempe
1815 3966 1873 4011 ut
1928 3970 2227 4028 sequantur

659 4039 949 4104 hominem,
1007 4041 1281 4109 ﬁgulinum
1362 4059 1458 4099 vas
1514 4059 1667 4115 aquae
1716 4058 2037 4118 gestantem.
2099 4050 2226 4107 Haec

655 4132 819 4185 etiam
847 4132 1129 4186 sublimius
1171 4134 1394 4205 intelligi
1458 4146 1701 4204 possunt.
1738 4136 1991 4208 Hydriam
2028 4143 2227 4209 bajulat

658 4224 980 4291 baptizatus.
1004 4223 1161 4279 Vadit
1175 4236 1353 4279 autem
1378 4227 1433 4281 in
1460 4229 1699 4294 domum,
1719 4244 1837 4297 qua:
1856 4232 2099 4287 rationali
2130 4248 2227 4289 suo

655 4315 847 4369 ordine
879 4317 1039 4384 digna
1073 4328 1187 4384 est,
1209 4315 1311 4383 Qui
1352 4320 1492 4374 enim
1512 4319 1673 4376 habet
1700 4320 1985 4393 baptisma,
2030 4327 2097 4381 ad
2141 4342 2226 4381 re-

2327 566 2692 637 εύτελεστέρῳ
2711 563 2976 627 τίθεσθαι,
3010 561 3482 631 προφασιζόμενος
3517 557 3575 611 δδ
3605 558 3735 623 τοὺς
3763 577 3905 616 πτω-

2328 662 2475 729 χοὺς.
2507 658 2825 731 γινωσκέτω
2854 653 3017 716 ποίας
3059 653 3277 723 μερίδος
3302 650 3471 705 ἐστίν.

2403 770 2421 805 ε
2469 752 2579 807 Καὶ
2617 749 2815 813 Ἰούδας
2870 749 2899 801 ὀ
2963 738 3455 815 Ἱσκαριώτης,είς
3504 741 3615 797 τῶν
3667 742 3898 809 δώδεκα,

2326 840 2535 913 ἀπῆλθε
2566 839 2703 908 πρὸς
2739 838 2868 902 τοὺς
2902 836 3181 909 ἀρχιερεῖς
3227 833 3314 887 ἶνα
3347 832 3575 905 παραδῷ
3607 832 3777 886 αὐτὸν
3812 835 3907 887 αύ-

2325 937 2458 998 τοῖς.
2491 933 2555 987 Οί
2576 931 2635 985 δὲ
2658 930 2993 993 ἀκούσαντες
3017 929 3319 1000 ἐχάρησαν,
3349 927 3443 980 καὶ
3506 925 3906 999 ἐπηγγείλαντο

2329 1025 2477 1096 αύτῷ
2500 1024 2763 1097 ἀργύριον
2783 1021 2968 1077 δοῦναι
2994 1037 3008 1054 ο
3037 1023 3130 1076 καὶ
3158 1022 3342 1089 ἐζήτει
3364 1020 3480 1083 πῶς
3507 1020 3784 1091 εύκαίΜ
3812 1020 3908 1072 αύ-

2327 1120 2419 1172 τὸν
2448 1117 2699 1190 παραδῷ.
2741 1136 2761 1169 ι
2800 1116 2986 1185 Ὀτεὴ
3018 1113 3155 1184 γυνὴ
3212 1111 3311 1183 τὴν
3338 1111 3545 1165 οἰκείαν
3596 1110 3909 1180 φιλοτιμίαν

2329 1209 2656 1275 ἐπεδείξατο,
2689 1206 2809 1260 τότε
2846 1205 3098 1276 μαίνεται
3133 1205 3163 1256 ὁ
3201 1201 3518 1274 μαθητὴς,ὁ
3553 1195 3634 1262 εἷς
3668 1201 3779 1253 τῶν
3810 1199 3911 1253 δώ-

2327 1302 2477 1356 δεκα.
2512 1302 2584 1356 os
2649 1302 2758 1371 γὰρ
2804 1298 2988 1363 ἁπλῶς
3033 1300 3211 1351 κεῖται
3261 1295 3342 1362 τὸ,
3374 1290 3453 1357 εἷς
3502 1292 3613 1348 τῶν
3677 1292 3907 1346 δώδεκα·

2328 1396 2441 1448 ἀλλ’
2500 1396 2587 1448 ίνα
2630 1394 2800 1465 δείξῃ,
2828 1394 2911 1446 δτι
2942 1386 3021 1454 εἷς
3044 1389 3152 1444 τῶν
3185 1388 3499 1459 προκρίτων
3529 1386 3792 1449 ἐκλεκτὸς
3816 1386 3911 1440 καὶ

2329 1487 2489 1549 αὐτὸς
2522 1485 2618 1538 ὢν.
2661 1485 2726 1542 Τί
2758 1485 2813 1537 δέ
2844 1485 2958 1536 ἐστι
2984 1482 3065 1546 τὸ,
3100 1481 3183 1533 ῖνα
3228 1481 3390 1534 αὐτὸν
3423 1476 3686 1550 παραδῷ;
3734 1475 3914 1530 τουτέ-

2327 1594 2430 1640 τιν,
2463 1578 2548 1630 ἴνα
2573 1575 2936 1646 καταμηνύσῃ
2956 1576 3137 1636 αὐτοῖς
3155 1573 3284 1626 πότε
3308 1571 3470 1642 μόνος
3500 1569 3647 1623 ἐστίν
3668 1586 3683 1635 ;
3716 1570 3915 1622 ἐκεῖνοι

2326 1668 2436 1739 γάρ
2471 1667 2762 1737 ὲφοόοὕντο
2796 1668 3079 1720 ἐπιπεσεῖν
3110 1665 3260 1734 αὐτῷ
3303 1664 3632 1725 διδάσκοντι,
3674 1659 3766 1713 διά
3820 1658 3911 1712 τὸν

2326 1760 2503 1830 δχλον.
2533 1759 2765 1821 Ἐκεῖνος
2796 1754 2890 1812 οὖν
2913 1758 3177 1827 ὑπέσχετο
3210 1747 3596 1826 μεμονωμένον
3625 1752 3792 1805 αύτὶν
3811 1766 3913 1804 πα-

2258 1831 2302 1888 B
2328 1850 2585 1922 ραδοῠναι
2614 1851 2795 1913 αὐτοῖς
2830 1849 2961 1920 (85).

2408 1959 2426 1992 ι
2457 1940 2564 1995 Καὶ
2579 1944 2642 2011 τῇ
2664 1939 2852 2010 πρώτῃ
2876 1940 3058 2011 ἡμέρᾳ
3087 1939 3195 1993 τῶν
3218 1936 3499 2009 ’Δζύμων,
3528 1936 3617 1991 ὅτε
3646 1935 3709 1989 τὸ
3727 1935 3913 2003 Πάσχα

2330 2032 2504 2097 ἔθυον,
2538 2032 2781 2101 λέγουσιν
2817 2032 2965 2103 αὑτῷ
2993 2034 3042 2086 oi
3066 2032 3309 2102 μαθηταὶ
3340 2030 3508 2085 αὑτοῦ
3546 2047 3560 2061 ·
3597 2030 3709 2082 Ποῦ
3741 2027 3913 2089 θέλεις

2332 2125 2665 2188 ἀπελθόντες
2695 2125 3091 2195 ἑτοιμάσωμεν,
3129 2126 3215 2178 ἵνα
3245 2124 3425 2197 φάγῃς
3452 2123 3515 2176 τδ
3550 2123 3781 2192 Πάσχα;
3807 2120 3916 2173 Καὶ

2329 2218 2649 2273 ἀποστέλλει
2673 2216 2767 2271 δύο
2791 2218 2897 2271 τῶν
2955 2216 3216 2287 μαθητῶν
3248 2216 3439 2282 αὑτοῦ,
3474 2216 3571 2269 καὶ
3623 2215 3777 2281 λέγει
3822 2214 3915 2265 αύ-

2328 2313 2441 2374 τοῖς
2468 2326 2484 2341 ⁸
2537 2310 2810 2379 Ὑπάγετε
2838 2310 2917 2373 είς
2950 2310 3051 2381 τήν
3082 2308 3261 2374 πόλιν,
3294 2309 3391 2362 καὶ
3439 2308 3753 2377 ἀπαντήσει
3784 2306 3913 2375 ύμῖν

2330 2404 2615 2476 ἄνθρωπος
2643 2404 2911 2473 κεράμιον
2930 2402 3121 2465 ὕδατος
3162 2400 3466 2472 βαστάζων’
3505 2400 3913 2470 ἀκολουθήσατε

2335 2496 2508 2567 αὐτῷ,
2537 2496 2631 2549 καὶ
2662 2497 2797 2548 ὅπου
2831 2494 2927 2549 ὲάν
2950 2492 3186 2567 είσέλθῃ,
3215 2494 3407 2547 εἴπατε
3434 2491 3510 2563 τῷ
3534 2492 3909 2561 οἰκοδεσπότῖἳι

2349 2587 2409 2640 '0
2431 2587 2748 2651 διδάσκαλος
2778 2586 2947 2655 λέγει·
2980 2587 3093 2641 Ποῦ
3132 2589 3247 2641 ἐστι
3267 2587 3327 2640 τὸ
3347 2585 3661 2655 κατάλυμα,
3692 2585 3827 2637 ὅπου
3857 2584 3915 2635 τδ

2331 2679 2523 2748 Πάσχα
2551 2678 2688 2747 μετά
2718 2677 2826 2732 τῶν
2886 2677 3147 2748 μαθητῶν
3208 2694 3311 2749 μου
3356 2679 3546 2748 (pavo);
3580 2678 3691 2730 Καὶ
3749 2676 3912 2739 αὐτὸς

2333 2772 2461 2841 ύμῖν
2518 2766 2682 2836 δείξει
2752 2769 2995 2833 ἀνώγεον
3046 2770 3211 2841 μέγα,
3263 2770 3631 2841 ἐστρωμένον,
3670 2768 3909 2837 ἕτοιμον,

2333 2864 2449 2916 ἐκεῖ
2489 2861 2811 2932 ἑτοιμάσατε
2840 2864 2991 2933 ἡμῖν.
3032 2882 3050 2913 ι
3087 2861 3320 2935 Πρώτην
3360 2863 3577 2933 ἡμέραν
3609 2862 3719 2915 τῶν
3748 2859 3910 2925 Ἀζύ-

2336 2972 2472 3027 μων,
2500 2955 2600 3025 τήν
2626 2955 2887 3025 πέμπτην
2914 2954 3086 3024 λέγει,
3120 2957 3240 3026 ητις
3262 2954 3369 3026 πρὸ
3388 2954 3498 3012 τῶν
3527 2954 3785 3024 ’Δζύμων
3820 2949 3908 3023 ἦν.

2332 3048 2414 3101 Τά
2439 3048 2549 3120 γάρ
2577 3046 2765 3118 ἄζυμα
2801 3046 2875 3118 (α)
2913 3049 2977 3119 τῇ
3000 3049 3325 3119 παρασκευῇ
3369 3046 3640 3118 ήσθίοντο.
3671 3046 3915 3117 Προσέρ-

2332 3158 2517 3213 χονται
2563 3141 2657 3196 οὖν
2694 3142 2745 3195 οί
2791 3140 3052 3212 μαθηταὶ,
3099 3140 3417 3210 ἐρωτῶντες
3460 3140 3565 3193 ποῦ
3599 3139 3818 3208 φάγωσι
3854 3138 3913 3191 τὸ

2333 3236 2545 3306 Πάσχα.
2595 3230 2692 3288 Ἐκ
2728 3233 2917 3288 τούτου
2947 3233 3005 3287 δὲ
3042 3233 3226 3303 δῆλον,
3255 3232 3461 3297 ὡςοῦκ
3502 3228 3617 3303 εἶχε
3660 3238 3913 3301 καταγώ-

2329 3345 2449 3398 γιον
2482 3330 2511 3382 ὁ
2566 3326 2799 3397 Χριστὸς
2860 3326 3016 3389 ίδιον,
3048 3325 3164 3380 ἀλλ’
3193 3326 3315 3379 οὐδὲ
3368 3328 3416 3379 oi
3446 3326 3688 3397 μαθηταὶ
3739 3327 3911 3387 οίκὶας

2328 3416 2496 3490 εἶχον.
2529 3418 2593 3471 Et
2639 3418 2748 3488 γὰρ
2783 3417 2872 3483 ἂν,
2920 3416 3315 3488 προσελάϐοντο
3364 3418 3527 3471 αὐτὸν
3559 3420 3699 3473 ἐκεῖ.
3754 3420 3911 3471 Ἀπο-

2329 3509 2539 3564 ozena
2586 3510 2643 3563 δὲ
2694 3509 2787 3563 δύο
2834 3510 2942 3564 τῶν
2998 3509 3255 3581 μαθητῶν
3306 3510 3494 3577 αὐτοῦ,
3556 3512 3766 3582 Πέτρον
3822 3513 3911 3565 καὶ

2338 3603 2610 3674 Ἰωάννην,
2642 3602 2717 3666 ὡς
2741 3602 2769 3656 ὁ
2794 3603 3009 3664 Λουκᾶς
3037 3602 3211 3671 λέγει,
3246 3603 3379 3671 πρδς
3416 3601 3707 3673 ἄνθρωπον
3738 3600 3912 3670 ἀγνὼο

2332 3710 2534 3765 ριστον,
2587 3694 2849 3747 δεικνύων
2893 3694 3098 3761 αὐτοῖς,
3141 3694 3224 3747 ὅτι
3270 3693 3505 3765 ήδύνατο
3560 3694 3639 3765 μὴ
3694 3694 3909 3749 παθεῖν.

2340 3784 2399 3838 '0
2426 3786 2534 3854 γάρ
2578 3784 2678 3854 τὴν
2697 3784 2943 3840 διάνοιαν
2969 3784 3160 3837 τούτου
3191 3785 3285 3838 τοῦ
3323 3786 3661 3857 ἀγνωρίστου
3718 3787 3909 3849 πείσας

2329 3877 2688 3941 ὐποδέξασθαι
2720 3878 2903 3942 αὐτὸν,
2938 3878 2990 3929 τί
3018 3878 3118 3931 οὐκ
3154 3874 3220 3931 ἂν
3252 3878 3548 3949 εἰργάσατο
3578 3880 3637 3933 ἐν
3667 3882 3783 3942 τοῖς
3817 3880 3910 3934 άλ-

2327 3968 2474 4037 λοις;
2505 3966 2700 4022 Δίδωσι
2748 3969 2805 4022 δὲ
2866 3968 3051 4032 αὐτοῖς
3080 3970 3176 4024 καὶ
3228 3972 3453 4039 σημεῖον
3478 3969 3572 4023 τοῦ
3605 3971 3792 4042 εὑρεῖν
3816 3970 3908 4041 τὴν

2326 4060 2609 4126 οίκίαν,τδ
2634 4059 3003 4129 ἀκολουθῆσαι
3048 4059 3324 4130 ἀνθρώπῳ
3384 4059 3712 4129 βαστάζοντι
3756 4062 3913 4127 κερά-

2332 4168 2453 4220 μιον
2498 4149 2713 4213 ὕδατος.
2748 4150 2936 4205 Ταῦτα
2966 4150 3025 4203 δὲ
3056 4150 3148 4204 καὶ
3174 4150 3477 4222 ἀναχθῆναι
3502 4150 3758 4206 δύναται.
3804 4153 3883 4207 Kc

2331 4241 2527 4312 ράμιον
2557 4241 2655 4312 μὲν
2674 4240 2865 4306 ὕδατος
2896 4240 3156 4312 βαστάζει
3178 4242 3204 4295 ὁ
3227 4241 3683 4312 βεϐαπτισμένος.
3718 4244 3909 4315 ’Δπέρ-

2327 4349 2481 4403 χεται
2508 4333 2565 4386 δὲ
2590 4336 2671 4397 είς
2686 4332 3011 4405 οίκίαν,,τὴν
3042 4333 3361 4408 πρέπουσαν
3398 4335 3508 4397 τοῖς
3537 4336 3784 4403 λογικοῖς
3810 4353 3904 4390 κα-

654 4410 834 4477 (ιυεεω
855 4408 1022 4471 vadit,
1042 4409 1189 4478 juxta
1218 4410 1478 4465 rationem
1503 4413 1709 4478 vivens,
1741 4422 1795 4469 et
1814 4415 2016 4485 vivitgin
2034 4416 2224 4473 ordine

2329 4425 2607 4480 τάστασιν.
2650 4424 2709 4479 '0
2720 4424 2829 4496 γὰρ
2850 4426 2911 4478 τὸ
2933 4424 3217 4496 βάπτισμα
3241 4425 3546 4495 βαστάζων,
3564 4427 3647 4489 είς
3664 4427 3907 4485 ἀνάπαυ-

654 4499 808 4569 quasi
857 4499 911 4552 iu
974 4498 1134 4554 domo
1174 4501 1425 4571 quadam.
1456 4501 1853 4562 Paterfamilias
1918 4523 2068 4564 meus
2114 4519 2220 4574 est,

2332 4532 2416 4568 σιν
2454 4516 2695 4587 ἔρχεται,
2722 4515 2859 4569 κατά
2911 4514 3070 4586 λόγον
3111 4514 3242 4584 ζῶν,
3274 4502 3369 4571 καί
3412 4515 3607 4591 ὥσπερ
3649 4521 3710 4574 ιν
3739 4523 3903 4594 οἰκίᾳ,

653 4594 747 4660 qui
790 4594 1025 4647 ostendit
1070 4608 1323 4662 magnum
1362 4595 1677 4663 triclinium,
1708 4598 1969 4655 sublimes
2012 4600 2223 4658 scilicet

654 4696 865 4737 sensus.
887 4683 1082 4737 Verum
1118 4684 1412 4739 triclinium
1446 4688 1548 4744 hoc
1601 4700 1829 4745 stratum
1866 4702 1968 4759 est,
1990 4695 2091 4751 hoc
2117 4707 2222 4763 est,

657 4774 871 4826 tametsi
918 4775 1146 4829 sublime
1166 4776 1261 4842 sit,
1294 4777 1425 4833 nihil
1469 4788 1645 4835 tamen
1669 4781 1830 4838 habet
1852 4784 1934 4839 vel
1952 4799 2221 4855 asperum,

654 4864 736 4917 vel
756 4868 1064 4932 superbum;
1097 4868 1190 4921 sed
1212 4878 1439 4924 stratum
1460 4880 1562 4937 est,
1593 4882 1646 4928 et
1661 4874 1961 4930 humilitate
1980 4878 2219 4945 compla-

659 4965 865 5008 natum.
895 4957 1009 5011 lllic
1036 4973 1184 5026 ergo,
1222 4960 1273 5014 in
1292 4962 1383 5016 tali
1408 4964 1625 5035 inquam
1657 4976 1856 5031 mente,
1882 4979 2217 5036 praeparatur

654 5044 860 5099 Pascha
881 5048 1093 5104 Christo
1116 5067 1145 5103 a
1166 5052 1374 5108 duobus
1395 5055 1692 5125 discipulis,
1718 5056 1877 5112 Petro
1904 5070 1956 5112 et
1974 5057 2211 5125 Joanne;

656 5143 896 5202 practica
919 5139 1042 5196 dico
1070 5151 1126 5197 et
1150 5148 1587 5214 contemplativa.
1621 5148 1816 5204 Petrus
1833 5152 1974 5205 enim
1998 5159 2215 5220 propter

2326 4611 2392 4679 τῇ
2412 4609 2747 4663 καταπάσαι
2772 4609 2945 4681 ταύτῃ
2974 4606 3482 4679 ἑπαναπαυόμινος.
3507 4611 3904 4682 Οἰκοδεσπότης

2324 4700 2384 4754 δι
2406 4702 2434 4753 ὁ
2463 4699 2588 4764 νοῦς
2616 4716 2631 4731 ·
2663 4699 2721 4764 δς
2776 4700 3021 4768 ἀνῶγεον
3072 4699 3218 4770 μέγα
3241 4699 3497 4766 δεικνύει,
3528 4701 3590 4755 τὸ
3617 4700 3752 4771 ὕψος
3802 4706 3903 4757 τῶν

2326 4791 2491 4845 αὑτοῦ
2510 4792 2815 4862 νοημάτων.
2858 4791 3020 4846 Ἀλλά
3043 4791 3201 4845 τοῦτο
3222 4791 3284 4846 τὸ
3326 4790 3569 4863 ἀνώγεον
3587 4796 3683 4849 καὶ
3707 4798 3906 4866 ἐστρω-

2330 4884 2492 4952 μένον
2537 4885 2674 4948 ὲστὶ,
2710 4884 3005 4948 τουτέστιν,
3034 4886 3082 4937 εί
3112 4884 3206 4937 καὶ
3229 4881 3433 4956 ὑψηλόν
3456 4885 3627 4953 ἐστιν,
3665 4886 3784 4941 ἀλλ’
3817 4888 3899 4941 ούο

2328 4975 2415 5029 δὲν
2447 4976 2619 5045 τραχὺ
2660 4975 2750 5027 καὶ
2782 4975 3134 5045 ὑπερήφανον
3175 4974 3311 5045 ἔχει,
3361 4974 3475 5029 ἀλλ’
3507 4976 3781 5045 έστρωται
3815 4979 3901 5030 καὶ

2325 5063 2628 5133 ῶμάλισται
2661 5065 2729 5135 τῇ
2753 5061 3247 5133 ταπεινοφροσύνῃ.
3292 5062 3441 5115 Ἐκεῖ
3478 5063 3685 5128 τοίνυν,
3731 5065 3791 5116 ὲν
3826 5063 3898 5130 τῷ

2322 5156 2546 5225 τοιούτῳ
2569 5155 2713 5226 λέγω
2742 5155 2839 5227 νῷ,
2870 5154 3220 5225 ἑτοιμάζεται
3241 5152 3304 5206 τὸ
3347 5154 3537 5227 Πάσχα
3573 5156 3651 5226 τῷ
3682 5154 3898 5226 Χριστῷ

1606 5302 1695 5363 Ex
1734 5303 2083 5368 collatione
2135 5310 2317 5374 codd.
2355 5311 2585 5372 Venet.
2622 5314 2685 5373 S.
2716 5312 2933 5373 Marci.

648 5490 670 5503 η
718 5416 828 5489 (85)
855 5419 988 5506 (god;
1017 5420 1270 5506 gﬁ‘adtlit
1302 5427 1444 5506 :_t_5tb
1476 5429 1590 5506 καὶ.Δ
1616 5432 1909 5506 ἐχάρησαν,
1947 5433 2006 5506 οὐ
2053 5434 2213 5506 μόνον

645 5490 725 5580 ξτι
747 5492 921 5609 ξωρὶς
954 5490 1181 5561 θορύὸου
1224 5495 1450 5565 ἔμελλον
1476 5490 1951 5555 αύτδνᾜιὶλλαὸεῖν
1981 5490 2085 5558 ὐπδ
2119 5505 2211 5557 τοῦ

676 5561 760 5609 [GU
798 5577 830 5609 α
878 5563 1308 5609 παοαδιδόαευον
1343 5569 1609 5609 εὐναῖηιηρ
1690 5574 1805 5609 A‘i‘.‘
1846 5574 1921 5609 7w.
1970 5574 2075 5609 εἰς-λ
2103 5574 2211 5609 η-,ῖιυ

676 5561 1308 5641 ἰούδαθπαραδιδόμενον
1343 5569 1642 5641 εύκαίρως,
1690 5574 1805 5625 ἀλλ’
1846 5574 1925 5625 ὅτι
1970 5574 2075 5626 ὑπὸ
2103 5574 2211 5626 τῶν

649 5628 906 5697 μαθητῶν
936 5628 1159 5700 ἤρξατο
1178 5637 1471 5703 μισεῖσθαι.
1499 5628 1602 5692 Kal
1740 5644 1961 5712 πρώτῃ,
1990 5662 2039 5699 κ.
2072 5662 2121 5696 τ.
2157 5646 2206 5697 λ.

2326 5456 2344 5488 ε
2381 5438 2591 5492 Idcirco
2636 5438 2802 5504 gavisi
2843 5448 3002 5500 sunt,
3036 5454 3142 5492 non
3192 5440 3365 5493 solum
3399 5437 3539 5507 quod
3580 5437 3781 5503 absque
3815 5446 3893 5487 tu-

2322 5509 2491 5561 multu
2516 5509 2668 5561 illum
2689 5526 2716 5558 a
2742 5507 2875 5562 .luda
2904 5511 3221 5563 tradendum
3257 5510 3416 5562 facile
3447 5519 3630 5563 essent
3652 5508 3887 5576 capturi;

2322 5581 2412 5629 sed
2448 5581 2609 5630 etiam
2644 5582 2785 5645 quod
2832 5582 2875 5631 is
2916 5580 3176 5648 inciperet
3206 5580 3333 5636 odio
3365 5578 3555 5637 haberi
3593 5597 3621 5631 a
3656 5578 3768 5633 suis
3808 5579 3887 5630 dl-

2316 5650 2559 5715 scipulis.
2588 5651 2651 5701 At
2689 5650 2856 5716 primo
2881 5651 2985 5704 die.
3023 5668 3041 5702 ι
3086 5661 3194 5704 etc.

717 5773 796 5843 (α)
847 5774 953 5829 lloc
979 5776 1031 5832 in
1078 5788 1195 5835 loco
1252 5782 1502 5835 mendum
1546 5785 1848 5854 suspicatur
1876 5784 2067 5842 Petrus
2107 5787 2396 5843 Arcudius.
