4108 6334
652 392 751 461 65f

1589 375 2165 441 THEOPHYLACTI
2204 372 2613 435 BULGARI/E
2650 371 3004 433 ARCHIEP.

655 515 715 564 e‘.
745 521 964 563 carnem
1005 505 1266 563 videntes,
1305 511 1411 552 non
1448 494 1735 555 ferremus,
1765 489 1863 546 sed
1903 490 2222 543 abhorrere-

2330 485 2579 555 κείμενον
2619 487 2712 537 καὶ
2752 486 2931 555 σάρκα
2970 482 3203 555 ὁρῶντες
3231 522 3245 547 ,
3295 480 3397 535 οὐκ
3449 480 3519 535 ἂν
3566 480 3901 551 ἠνέγκαμεν,

658 616 779 655 mus
828 616 841 653 :
880 598 1082 653 idcirco
1134 591 1444 647 misericors
1489 584 1632 640 Deus
1682 592 1884 637 nostra
1925 579 2223 635 infirmitati

656 687 1111 751 condescendens,
1139 682 1370 753 speciem
1393 678 1609 747 quidem
1635 675 1789 743 panis
1810 682 1865 728 et
1886 672 1996 726 vini
2023 678 2224 734 servat,

656 781 710 836 in
759 780 1014 834 virtutem
1071 786 1251 829 autem
1301 769 1483 825 carnis
1530 776 1586 821 et
1630 762 1913 834 sanguinis
1959 759 2225 815 transele-

655 880 879 925 mentat.
930 867 1261 937 Sanguinem
1315 875 1447 915 vero
1490 857 1625 913 Novi
1683 852 1995 910 testamenti
2062 851 2223 914 dixit,

652 959 971 1029 opponendo
1008 957 1213 1010 Veteri.
1248 950 1493 1006 Habebat
1526 948 1667 1002 enim
1707 954 1761 999 et
1801 941 1972 998 Vetus
2020 940 2228 1029 Testa-

654 1028 895 1104 mentum
927 1047 1243 1115 sanguinem
1276 1056 1383 1110 quo
1421 1038 1852 1105 aspergebantur
1883 1042 1937 1085 et
1978 1028 2228 1100 populus,

656 1148 711 1195 et
778 1138 915 1191 lilzer
963 1136 1096 1206 lt-gis
1131 1137 1173 1189 ¹.
1218 1132 1337 1187 Non
1381 1137 1563 1183 autem
1602 1126 1780 1180 bibam
1820 1139 1887 1178 ex
1934 1122 2037 1176 hoc
2080 1120 2228 1185 vino,

2332 579 2446 632 ἀλλ’
2483 579 2966 649 ἀπεναρκήσαμεψ
2996 577 3087 630 διὰ
3106 575 3268 629 τοῦτο
3296 572 3753 643 συγκαταόαίνων
3778 574 3905 643 ήμιν

2339 670 2368 722 6
2397 669 2587 740 φιλάνο
2598 686 2799 739 ρωπος,
2831 668 2893 721 τὺ
2924 668 3024 737 μὲν
3055 663 3194 732 εἶδος
3227 668 3393 738 άρτου
3415 666 3513 718 καὶ
3539 665 3689 718 οἴνου
3708 664 3905 733 φυλάτ-

2330 778 2412 816 τει
2440 778 2453 792 ·
2491 762 2571 823 είς
2614 760 2843 829 δύναμιν
2874 759 2932 812 δὲ
2966 759 3166 830 σαρκὸς
3200 760 3295 812 καὶ
3340 758 3571 827 αἵματος
3615 772 3899 827 μεταστοιο

2331 853 2490 923 χειοῖ.
2533 845 2683 922 Αἷμα
2727 850 2784 904 δὲ
2824 838 3033 920 Καινῆς
3065 844 3340 921 Διαθήκης
3389 843 3534 915 εἷπε,
3582 848 3725 917 πρὸς
3762 849 3904 899 dm-

2331 943 2615 1016 διαστολὴν
2653 944 2750 1013 τῆς
2783 943 3168 1006 Παλαιᾶς.Καὶ
3197 942 3307 1012 γὰρ
3334 939 3613 1011 ή⁹ῐ1αλαιέι
3643 938 3903 1010 Διαθήκη,

2332 1037 2561 1107 κάκείνη
2593 1029 2731 1105 αἷμα
2763 1031 2902 1105 εἶχε,
2928 1034 2998 1101 δι’
3038 1026 3101 1087 οὗ
3142 1033 3474 1106 ἓρῤαντίσθη
3504 1036 3533 1088 6
3558 1051 3620 1087 τε
3658 1032 3787 1095 λαὸς
3818 1035 3906 1085 καὶ

2332 1129 2393 1182 τδ
2424 1128 2629 1199 βιϐλίον
2661 1127 2757 1181 τοῦ
2787 1128 2974 1197 νόμου.
3012 1128 3087 1181 Οὐ
3122 1130 3197 1195 μὴ
3242 1125 3349 1179 πίω
3391 1126 3451 1179 δὲ
3491 1129 3555 1180 ὲκ
3585 1124 3686 1179 τοῦ
3732 1126 3901 1192 οῖνευ,

653 1230 807 1294 dicit,
839 1242 1009 1298 usque
1044 1230 1113 1281 ad
1156 1223 1628 1279 resurrectionem.
1671 1217 1915 1285 Regnum
1963 1213 2107 1267 enim
2139 1227 2229 1266 re-

655 1322 1044 1379 surrectionem
1105 1326 1305 1378 vocat,
1357 1324 1610 1380 tanquam
1670 1323 1763 1362 rex
1816 1306 1905 1375 qui
1966 1306 2227 1359 adversus

2331 1222 2501 1289 λέγει,
2550 1220 2679 1291 ἄχρι
2737 1219 2837 1289 τῆς
2890 1219 3263 1281 ἀναστάσεως.
3320 1218 3607 1271 Βασιλείαν
3658 1219 3772 1287 γὰρ
3812 1218 3907 1286 τὴν

2332 1314 2627 1368 ἀνάστασιν
2658 1311 2937 1382 ὀνομάζει,
2970 1311 3044 1373 ὡς
3086 1310 3413 1381 βασιλεύσας
3461 1310 3580 1363 τότε
3628 1310 3777 1363 κατὰ
3817 1307 3907 1361 τοῦ

658 1417 886 1464 mortem
922 1404 1164 1469 certarit,
1204 1414 1257 1457 et
1290 1411 1495 1469 regnat.
1542 1398 1687 1451 Sane
1720 1404 1842 1465 post
1875 1392 2223 1448 resurrectio-

2339 1406 2597 1461 θανάτου.
2638 1406 2795 1459 Mem
2820 1404 2951 1473 γοῦν
2989 1403 3088 1473 τὴν
3119 1402 3442 1467 ἀνάστασιν,
3470 1401 3641 1471 ἔφαγε
3673 1400 3772 1454 καὶ
3793 1400 3909 1454 ἔπιε

655 1515 776 1556 nem
810 1500 1017 1553 bibitet
1055 1496 1288 1551 comedit
1320 1507 1443 1546 cum
1472 1488 1773 1557 discipulis,
1810 1488 2044 1555 probans
2081 1484 2223 1553 quod

2337 1500 2481 1570 μετὰ
2510 1498 2620 1553 τῶν
2655 1497 2934 1569 μαθητῶν,
2967 1496 3353 1567 πιστούμενος,
3387 1495 3467 1548 δτι
3512 1494 3674 1558 αὐτὸς
3704 1493 3911 1559 suis“

656 1590 745 1644 ille
769 1590 882 1657 ipse
903 1597 1047 1642 esset
1075 1586 1163 1655 qui
1190 1598 1383 1654 passus
1411 1580 1608 1635 fuerat.
1636 1577 1843 1632 Novum
1876 1586 2058 1631 autem
2094 1574 2223 1628 illud

2334 1592 2486 1645 ἐστιν
2541 1594 2571 1646 ὁ
2606 1593 2815 1646 παθων.
2858 1591 3061 1648 Καινδν
3086 1590 3143 1647 δὲ
3201 1590 3348 1642 πίνει
3396 1588 3550 1651 αὐτὸ,
3605 1586 3908 1649 τουτέστιν,

652 1680 809 1744 bibit,
838 1680 940 1734 hoc
976 1688 1060 1732 est
1096 1692 1235 1731 novo
1271 1674 1501 1743 quodam
1552 1672 1710 1725 modo
1755 1680 1809 1724 et
1848 1668 2084 1734 insolito,
2118 1682 2223 1720 non

2332 1686 2518 1738 καινόν
2542 1701 2665 1737 τινα
2681 1683 2883 1753 τρόπον
2906 1684 2997 1736 καὶ
3022 1680 3191 1746 ξένον,
3216 1682 3318 1735 οὐκ
3348 1681 3427 1735 ἔτι
3457 1684 3568 1751 γάρ
3604 1680 3769 1749 σῶμα
3808 1697 3910 1733 πα-

656 1772 801 1826 enim
837 1772 979 1825 ultra
1018 1784 1213 1837 corpus
1242 1767 1474 1820 habebat
1505 1762 1780 1833 passibile,
1816 1759 1961 1828 quod
1996 1758 2119 1811 cibo
2150 1757 2223 1810 iu-

2342 1774 2503 1847 θητὸν
2529 1772 2667 1846 εἶχε,
2692 1775 2945 1850 δεόμενον
2972 1775 3199 1845 τροφῆς,
3218 1774 3333 1826 ἀλλ’
3364 1772 3642 1844 ἄφθαρτον
3662 1773 3760 1826 καὶ
3782 1770 3911 1826 606—

657 1867 885 1937 digcret,
935 1865 1027 1919 sed
1079 1860 1379 1917 immortale
1414 1869 1467 1911 et
1500 1854 1930 1924 incorruptibile.
1963 1851 2223 1919 llutellige

2330 1885 2507 1923 νατον.
2540 1868 2671 1921 Νόει
2690 1867 2747 1920 δὲ
2769 1867 2864 1921 καὶ
2888 1866 3085 1929 οὕτως·
3118 1865 3417 1938 ’ᾼμπελο;,
3441 1866 3469 1917 6
3500 1864 3708 1936 Κύριος
3726 1864 3907 1928 αὐτὸς,

658 1968 835 2014 autem
872 1960 1035 2011 etiam
1080 1956 1204 2009 sic:
1248 1951 1387 2005 Vitis
1414 1949 1673 2003 Dominus
1720 1948 1833 2015 ipse
1867 1956 1969 2011 est,
2020 1944 2227 1999 fructus

660 2061 838 2104 .atem
885 2050 1009 2101 ritis
1043 2044 1297 2116 mysteria
1345 2052 1471 2097 sunt
1512 2050 1569 2095 et
1618 2038 1932 2093 abscondita
1978 2036 2223 2098 scientia,

657 2160 817 2214 quam
849 2144 962 2212 ipse
999 2139 1225 2210 profert,
1261 2137 1459 2190 docens
1508 2131 1779 2188 hominem
1828 2129 2134 2183 scientiam.
2166 2127 2224 2180 In

658 2250 821 2306 regno
862 2233 1039 2301 itaque
1079 2229 1194 2295 Dei,
1220 2229 1322 2282 hoc
1382 2235 1486 2291 est,
1523 2226 1573 2278 in
1606 2232 1799 2278 octavo
1828 2220 2047 2281 saeculo,
2081 2218 2227 2272 hibet

657 2343 781 2383 cum
809 2324 1082 2391 discipulis
1134 2320 1267 2385 suis,
1313 2317 1475 2388 250
1512 2315 1765 2387 mysteria
1809 2321 1863 2366 et
1908 2310 2225 2379 sapientiam

658 2434 848 2473 noram
873 2414 1161 2485 quamdam
1192 2412 1392 2466 docens
1426 2415 1617 2472 nos,et
1645 2404 1897 2460 revelans
1928 2417 2048 2471 qua:
2083 2415 2227 2455 nunc

654 2508 971 2566 abscondita
1000 2514 1147 2560 sunt.

728 2599 893 2655 Vens.
927 2597 1113 2652 26-51.
1156 2616 1174 2647 ι
1208 2596 1272 2647 Et
1312 2608 1434 2649 cum
1482 2593 1738 2663 hymnum
1774 2589 2062 2651 dixissent,
2108 2588 2225 2643 cxi-

661 2702 825 2749 etuut
877 2694 927 2744 in
979 2696 1217 2743 montem
1267 2686 1545 2741 Ol.varum
1576 2701 1590 2738 :
1626 2694 1679 2738 et
1712 2683 1843 2737 dicit
1885 2681 1994 2735 illis
2023 2679 2223 2734 Iesus:

654 2784 857 2841 Omnes
877 2778 1256 2837 oﬂ’endiculutn
1282 2774 1561 2844 patiemini
1592 2788 1686 2839 per
1711 2788 1795 2827 me
1818 2772 1869 2824 itt
1895 2770 1998 2825 hac
2024 2781 2181 2824 nocte
2207 2784 2222 2823 :

655 2879 784 2946 quia
827 2875 1089 2944 scriptum
1121 2883 1204 2926 est
1233 2888 1248 2923 :
1280 2869 1588 2924 Percutiam
1615 2878 1907 2937 pastorem,
1932 2874 1989 2920 et
2017 2867 2225 2934 disper-

656 2976 848 3038 gentur
871 2978 1015 3019 oves.
1038 2960 1144 3018 Sed
1172 2970 1516 3030 posteaquam
1541 2974 1907 3023 resurrexero,
1927 2958 2223 3029 praecedam

655 3076 752 3115 vos
787 3061 837 3114 in
880 3057 1178 3113 Galilaeam.
1211 3053 1404 3108 Petrus
1438 3061 1619 3105 autem
1665 3050 1799 3105 dixit
1844 3050 1918 3104 illi
1953 3069 1967 3103 :
1998 3049 2219 3104 Etiamsi

2330 1962 2576 2031 γέννημα
2610 1962 2667 2015 δὲ
2696 1961 2967 2032 ἀμπέλου,
3015 1959 3084 2012 τά
3127 1960 3428 2031 μυστήρια,
3465 1960 3562 2011 καὶ
3618 1960 3654 2029 ή
3711 1958 3910 2025 γνὶσις

2334 2056 2362 2125 ή
2392 2054 2763 2127 άπόκρυφοςι,
2791 2052 2859 2122 ήν
2916 2050 3075 2113 αὐτὸς
3121 2051 3306 2119 γεννᾷ,
3333 2051 3361 2103 6
3390 2049 3660 2102 διδάσκων
3696 2046 3904 2119 ἄνθρω-

2329 2162 2432 2199 πον
2462 2144 2685 2212 γνῶσιν.
2725 2144 2815 2198 Ἑν
2851 2143 3032 2196 τοίνυν
3062 2144 3129 2212 τῇ
3172 2140 3420 2212 βασιλείᾳ
3444 2140 3536 2193 τοῦ
3562 2138 3729 2205 Θεοῦ,
3754 2155 3908 2192 τουτ-

2328 2237 2496 2300 έστιν,
2520 2238 2576 2290 ὲν
2600 2236 2678 2307 τῷ
2700 2236 2870 2305 ὀγδόῳ
2898 2235 3075 2300 αἰῶνι,
3109 2234 3292 2303 πίεται
3325 2232 3462 2303 μετὰ
3493 2231 3604 2285 τῶν
3649 2228 3909 2301 μαθητῶν

2330 2328 2520 2393 αὑτοῦ,
2567 2328 2637 2381 τὰ
2679 2330 2956 2399 μυστήρια
2999 2329 3093 2379 καὶ
3149 2326 3248 2397 τὴν
3302 2327 3529 2397 σοφίαν,
3580 2325 3750 2378 καινά
3790 2340 3906 2377 τινα

2326 2421 2591 2475 διδάσκων
2618 2421 2788 2491 ήμᾶς,
2824 2420 2915 2473 καὶ
2943 2418 3343 2473 ἀποκαλύπτων
3371 2418 3406 2472 ἃ
3444 2416 3542 2472 νῦν
3578 2416 3905 2487 κέκρυπται.

2405 2620 2425 2655 ι
2486 2603 2599 2657 Καὶ
2662 2604 3050 2672 ὑμνήσαντες,
3086 2601 3311 2671 ἐξῆλθον
3367 2601 3450 2663 είς
3497 2600 3559 2652 τὸ
3607 2599 3739 2667 δρος
3798 2599 3905 2653 τῶν

2342 2693 2591 2755 Ἐλαιῶν.
2634 2694 2727 2747 καὶ
2762 2693 2910 2761 λέγει
2964 2696 3148 2755 αὐτοῖς
3195 2695 3226 2746 6
3266 2692 3503 2764 Ἰησοῦς,
3562 2692 3647 2746 ὅτι
3703 2692 3906 2752 Πάντες

2328 2782 2865 2854 ,σκανδαλισθήσεσθε
2915 2786 2983 2855 ιν¹
3012 2784 3158 2853 ἐμοὶ,
3190 2784 3249 2835 ὲν
3294 2785 3361 2853 τῇ
3409 2782 3563 2836 νυκτὶ
3592 2780 3790 2851 ταύτῃ,
3826 2781 3884 2832 ετ

2333 2876 2668 2947 γέγραπταιο
2726 2874 2959 2939 Πατάξω
3004 2875 3095 2929 τὸν
3142 2876 3405 2945 ποιμένα,
3465 2874 3560 2927 καὶ
3591 2874 3909 2944 διασκορπι-

2336 2970 2628 3041 σθήσονται
2657 2969 2728 3022 τὰ
2782 2968 3051 3038 πρόόατα.
3097 2966 3261 3019 Ἀλλὰ
3311 2967 3450 3037 μετά
3504 2966 3567 3017 τὸ
3610 2964 3907 3036 ἐγερθῆναί

2335 3079 2425 3133 με,
2452 3061 2677 3133 προάξω
2725 3061 2871 3132 ὑμᾶς
2911 3062 2992 3124 είς
3027 3060 3127 3132 τὴν
3155 3059 3466 3114 Γαλιλαίαν.
3504 3058 3564 3113 ’0
3615 3058 3672 3113 δὲ
3705 3058 3907 3130 Πέτροξ

656 3168 844 3209 omnes
882 3148 1264 3206 oﬂ‘endiculum
1313 3148 1455 3216 passi
1496 3145 1716 3209 fuerint,
1746 3155 1800 3199 at
1834 3160 1933 3215 ego
1988 3161 2116 3200 non.
2152 3146 2219 3201 Et

2330 3156 2431 3225 ἔφη
2467 3153 2640 3223 αὐτῷ,
2679 3153 2791 3208 Καὶ
2828 3152 2879 3206 εί
2928 3152 3149 3215 πάντες·
3181 3150 3763 3223 σκανδαλισθήσονται,
3791 3149 3906 3204 ἀλλ’

657 3248 788 3301 dicit
832 3244 905 3299 illi
948 3242 1147 3297 Jesns:
1185 3241 1355 3295 Amen
1404 3240 1526 3294 dico
1556 3239 1650 3293 tibi
1682 3238 1826 3309 quod
1860 3248 1917 3294 tu
1959 3237 2120 3293 hodie
2168 3240 2221 3292 in

657 3347 817 3394 nocte
853 3338 953 3391 hac
976 3336 1286 3404 priusquam
1320 3334 1403 3387 bis
1426 3331 1597 3401 gallus
1635 3332 1914 3397 cecinerit,
1946 3342 2027 3386 ter
2058 3332 2224 3386 abne-

657 3431 809 3501 gallis
842 3443 947 3483 me.
982 3428 1051 3481 At
1084 3426 1173 3481 ille
1201 3424 1572 3479 Vehementius
1616 3424 1827 3477 dicebat
1864 3440 1876 3475 :
1909 3422 2021 3479 lmo
2057 3423 2102 3476 si
2137 3438 2222 3476 me

658 3521 957 3589 oportuerit
1004 3517 1264 3572 commori
1299 3516 1422 3577 tibi,
1460 3532 1562 3569 non
1600 3525 1651 3568 te
1682 3517 1907 3584 negabo.
1960 3513 2224 3570 Similiter

660 3623 843 3668 autem
878 3621 929 3666 et
956 3624 1148 3664 omnes
1179 3609 1447 3663 dicebant.
1490 3627 1507 3658 ι
1543 3606 1757 3661 Gratias
1788 3620 2011 3677 egerunt
2042 3619 2097 3663 et
2129 3626 2228 3661 an-

666 3718 879 3775 teqnam
934 3704 1194 3759 bibissent
1238 3720 1250 3755 :
1300 3710 1353 3756 et
1391 3710 1671 3771 postquam
1716 3699 1979 3754 bibissent
2028 3702 2229 3769 gratias

663 3805 887 3864 egerunt
916 3810 929 3843 :
964 3803 1021 3846 ut
1046 3802 1099 3846 et
1130 3806 1227 3845 nos
1254 3790 1527 3843 discamus
1576 3791 1714 3856 quod
1746 3800 1993 3856 oporteat
2030 3790 2229 3858 gratias

666 3900 826 3957 agere
857 3884 1075 3937 Christo
1113 3891 1169 3935 et
1204 3884 1376 3951 ipsum
1423 3880 1647 3933 laudare
1689 3888 1743 3933 et
1785 3888 1911 3933 ante
1939 3880 2143 3944 cibum,
2174 3890 2228 3934 et

665 3985 782 4045 post
814 3975 1012 4029 cibum.
1047 3972 1315 4026 Praeterea
1344 3973 1505 4025 etiam
1550 3973 1649 4027 hoc
1676 3973 1872 4027 indicat
1908 3973 2048 4043 quod
2076 3987 2224 4042 grata

668 4068 738 4117 sit
792 4066 840 4118 ei
886 4080 1028 4117 mors
1070 4080 1165 4132 pro
1206 4062 1379 4125 nobis,
1430 4063 1688 4131 quoniam
1734 4065 1895 4117 etiam
1950 4066 2137 4119 exiens
2173 4075 2230 4119 ut

668 4158 990 4221 traderetur,
1013 4155 1193 4208 laudat
1227 4154 1527 4207 Dominum.
1564 4153 1798 4207 Omnino
1831 4162 2009 4208 autem
2040 4166 2095 4209 et
2129 4171 2228 4209 nos

668 4248 848 4314 docet,
886 4248 930 4299 si
965 4246 1178 4314 quando
1210 4247 1261 4297 in
1310 4248 1534 4297 adversa
1584 4260 1679 4312 pro
1721 4244 2011 4298 multorum
2057 4246 2227 4300 salute

668 4338 1031 4400 inciderimus,
1057 4350 1123 4389 ne
1152 4335 1327 4389 tristes
1350 4335 1539 4398 simus,
1568 4336 1660 4388 sed
1685 4343 1739 4388 et
1769 4336 1975 4403 gratias
2002 4350 2225 4403 agamus

666 4434 795 4497 Deo,
821 4431 910 4499 qui
941 4440 1177 4482 nostram
1210 4426 1549 4480 alﬂictionem
1587 4426 1638 4479 in
1674 4428 1963 4480 multorum
1994 4428 2220 4483 salutem

663 4533 935 4591 operatur.
969 4519 1258 4589 Egreditur
1304 4534 1432 4573 vero
1480 4518 1531 4571 in
1583 4526 1820 4573 montem
1865 4519 2133 4572 Olivarum
2168 4532 2224 4573 ut

664 4616 963 4669 solitarium
1016 4613 1379 4674 adorirentur,
1431 4622 1485 4663 et
1529 4611 1850 4671 detinerent,
1909 4627 1975 4665 ne
2018 4622 2223 4665 tantum

668 4704 953 4759 tumultum
992 4704 1205 4758 faciant.
1241 4701 1371 4755 Nam
1420 4702 1463 4755 si
1502 4703 1554 4754 in
1595 4703 1815 4755 civitate
1858 4703 2030 4771 ipsum
2067 4704 2223 4758 inva-

664 4800 882 4860 sissent,
922 4795 1169 4851 fortassis
1220 4797 1437 4849 snborta
1475 4794 1663 4848 fuisset
1710 4795 1885 4860 turba,
1925 4806 1977 4847 et
2018 4797 2220 4851 inimici

661 4890 942 4943 occasione
972 4889 1239 4956 quapiam,
1288 4902 1406 4955 quae
1445 4888 1590 4954 justa
1629 4886 1797 4940 videri
1821 4886 2104 4954 potuisset,
2131 4902 2223 4956 ap-

660 4983 945 5049 prehensa,
995 4980 1093 5031 visi
1150 4980 1373 5030 fuissent
1416 4978 1585 5045 ipsum
1617 4977 1763 5044 juste
1809 4985 1864 5027 ut
1907 4975 2219 5029 seditiosum

664 5074 983 5125 interficere.
1020 5070 1271 5123 Prmdicit
1306 5080 1480 5122 autem
1510 5070 1613 5121 illis
1650 5069 1794 5136 quod
1836 5076 1890 5121 et
1929 5065 2221 5120 oflt'ttdicu-

662 5162 769 5215 lum
810 5161 1018 5229 paSsuri
1062 5170 1261 5213 essent.
1296 5158 1483 5211 Postea
1529 5175 1595 5211 ne
1638 5160 1920 5211 videantur
1958 5157 2069 5211 haec
2098 5172 2219 5211 esse

663 5252 715 5303 in
769 5251 1105 5303 manifestam
1178 5251 1414 5302 omnium
1484 5249 1928 5311 accusationem,
2000 5248 2219 5301 adducit

662 5344 822 5395 etiam
868 5342 1230 5395 testimOnium
1264 5357 1327 5393 ex
1366 5340 1623 5409 prOpheta
1661 5339 1919 5393 Zacharia
1964 5341 2102 5406 quod
2139 5342 2218 5393 di-

662 5435 941 5503 spergendi
999 5444 1197 5488 essent.
1256 5434 1493 5501 Denique
1544 5443 1596 5485 et
1644 5432 2064 5487 consolationem
2114 5432 2219 5488 illis

661 5525 815 5579 affert
838 5526 1020 5580 (iil'ﬂlls
1051 5546 1063 5576 :
1101 5526 1404 5579 Prmcedam
1438 5541 1532 5579 vos
1566 5526 1616 5576 in
1652 5522 1947 5585 Galilaeam.
1982 5524 2081 5577 hoc
2111 5534 2214 5590 est,

660 5618 1001 5686 praesentiam.
1039 5620 1104 5671 At
1149 5617 1337 5672 Petrus
1369 5617 1581 5672 obsistit
1618 5631 1631 5669 :
1666 5616 1784 5669 ideo
1812 5623 1864 5669 et
1897 5614 2046 5670 audit
2077 5618 2216 5685 quod

734 5796 747 5823 '
806 5793 968 5849 Exod.
1020 5809 1166 5861 xxiv,
1195 5798 1245 5850 8.

2328 3244 2430 3298 οὐκ
2464 3244 2597 3313 ἐγώ.
2638 3243 2753 3299 Καὶ
2801 3243 2953 3311 λέγει
3001 3242 3151 3313 αὐτῷ
3189 3246 3218 3297 6
3272 3242 3509 3312 Ἰησοῦς
3553 3242 3731 3314 ’Δμὴν
3760 3242 3905 3310 λέγω

2331 3353 2437 3402 σοι,
2472 3336 2556 3388 ὃτι
2597 3334 2662 3388 σὺ
2698 3335 2939 3405 σήμερον
2968 3337 3026 3387 ἐν
3072 3336 3141 3404 τῇ
3174 3333 3331 3386 νυκτὶ
3362 3332 3557 3404 ταύτῃ,
3601 3335 3734 3403 πρὶν
3764 3334 3797 3404 ή
3827 3335 3907 3398 δὶς

2330 3430 2598 3498 ἀλέκτορα
2628 3428 2896 3497 φωνῆσαι,
2929 3427 3049 3497 τρὶς
3075 3426 3374 3499 ἀπαρνήσῃ
3402 3443 3493 3496 με.
3539 3426 3599 3480 '0
3636 3426 3695 3479 δὲ
3722 3428 3788 3481 ὲκ
3809 3445 3909 3482 n-

2333 3519 2522 3591 ρισσοῦ
2542 3520 2721 3587 ἐλεγεο
2763 3518 2982 3572 Μᾶλλον
3012 3517 3108 3571 ὲάν
3131 3535 3200 3586 με
3223 3518 3317 3589 δέῃ
3359 3516 3756 3572 συναποθανεῖν
3799 3535 3903 3577 σοι.

2329 3610 2391 3665 οὐ
2425 3610 2497 3681 μή
2535 3626 2594 3662 σε
2639 3610 3067 3678 άπαρνήσωμαι.
3130 3604 3405 3671 Ὡσαύτως
3460 3606 3517 3661 δὲ
3554 3608 3651 3662 καὶ
3704 3608 3906 3670 πάντες

2329 3704 2536 3772 ἔλεγον.
2578 3720 2598 3755 ι
2635 3702 3048 3771 Εὐχαρὶστησαν
3093 3701 3189 3753 καὶ
3229 3700 3337 3770 πρὸ
3373 3699 3469 3753 τοῦ
3536 3703 3707 3765 πιεῖν,
3746 3701 3906 3771 εὐχα-

2334 3796 2601 3865 ρίστησαν
2630 3796 2725 3847 καὶ
2775 3794 2915 3863 μετὰ
2952 3793 3015 3846 τὶ
3052 3793 3221 3858 πιεῖν,
3274 3792 3363 3846 ῖνα
3387 3794 3672 3864 καὶήμεϊς
3714 3794 3903 3856 μάθω-

2334 3902 2457 3956 μεν,
2480 3886 2563 3938 ὅτι
2600 3884 2682 3937 δεῖ
2718 3884 3063 3954 εὐχαριστεῖν
3109 3886 3204 3937 καὶ
3262 3883 3475 3954 ὑμνεῖν,
3531 3884 3629 3937 καὶ
3670 3884 3780 3954 πρὸ
3810 3884 3904 3954 τῆς

2330 3976 2557 4045 τροφῆς,
2612 3974 2705 4025 καὶ
2748 3972 2887 4042 μετὰ
2914 3972 3015 4040 τὴν
3062 3972 3293 4043 τροφήν.
3332 3972 3485 4041 Ἀμα
3513 3972 3573 4025 δὲ
3615 3974 3713 4026 καὶ
3752 3973 3909 4027 τοῦτο

2331 4070 2629 4132 δείκνυσιν,
2671 4067 2754 4121 ὅτι
2793 4065 3076 4128 ἀσπαστός
3137 4068 3284 4119 ἔστιν
3314 4064 3467 4134 αὐτῷ
3511 4071 3541 4119 6
3575 4065 3719 4135 ὑπὲρ
3747 4066 3905 4135 ήμῶν

2332 4160 2585 4224 θάνατος,
2629 4160 2692 4221 ὃς
2722 4174 2785 4225 γε
2838 4158 2931 4211 ἐπὶ
2977 4155 3056 4225 τῷ
3112 4155 3483 4227 παραδοθῆναι
3517 4154 3681 4222 ἐξιὼν
3747 4157 3906 4227 ὑμνεῖ

2331 4253 2421 4305 τὸν
2446 4250 2601 4305 Θεόν.
2642 4251 2863 4312 Πάντως
2883 4249 2939 4303 δὲ
2975 4250 3071 4303 καὶ
3102 4250 3248 4318 ἡμᾶς
3268 4248 3530 4313 διδάσκει,
3564 4249 3697 4305 ὅταν
3725 4250 3903 4304 01th-

2336 4343 2450 4411 ροῖς
2496 4340 2882 4410 περιπέσωμεν
2931 4340 3011 4401 είς
3062 4339 3339 4410 σωτηρίαν
3379 4338 3608 4405 πολλῶν,
3656 4342 3734 4410 μὴ
3773 4342 3902 4395 άθυο

2335 4436 2476 4503 μεῖν,
2526 4432 2640 4484 ἀλλ’
2685 4433 3024 4500 εὐχαριστεῖν
3076 4430 3155 4501 τῷ
3208 4429 3349 4500 Θεῷ,
3398 4431 3477 4500 τῷ
3518 4431 3607 4484 διὰ
3636 4433 3739 4502 τῆς
3769 4436 3901 4504 ήμε-

2330 4526 2493 4595 τέρας
2538 4523 2768 4593 θλίψεως
2821 4521 3284 4593 κατεργαζομένῳ
3331 4524 3610 4591 σωτηρίαν
3662 4525 3897 4579 πολλῶν.

2340 4616 2651 4686 Ἐξέρχεται
2678 4614 2734 4667 δὲ
2759 4614 2836 4677 είς
2853 4614 2913 4665 τὺ
2939 4614 3063 4683 ὅρος
3084 4613 3191 4665 τῶν
3210 4612 3459 4676 Ἐλαιῶν,
3482 4613 3569 4667 ῖνα
3589 4616 3901 4685 καταμόνας

2326 4708 2442 4761 ὄντι
2477 4705 2797 4766 ἐπελθόντες
2840 4706 2937 4757 καὶ
2981 4704 3369 4774 κατασχόντες,
3403 4704 3480 4775 μὴ
3528 4706 3790 4758 τοσοῦτον
3813 4707 3887 4759 θΰ-

2329 4794 2491 4865 ρυὸον
2516 4793 2837 4863 ποιήσωσιν.
2876 4792 2939 4846 Ei
2968 4793 3078 4862 γὰρ
3109 4793 3167 4845 έν
3194 4796 3261 4864 τῇ
3298 4794 3450 4846 πόλει
3492 4795 3609 4847 ὄντι
3640 4796 3895 4868 ἐπῆλθον,

2326 4883 2487 4954 τυχὸν
2525 4885 2590 4935 ἂν
2651 4882 2924 4951 ἐταράχθη
2953 4882 3013 4935 τὸ
3060 4882 3264 4953 πλῆθος
3297 4884 3388 4937 tn‘
3417 4885 3568 4956 αὐτῷ
3592 4906 3603 4918 ·
3642 4889 3742 4940 καὶ
3780 4888 3893 4941 τότε

2325 4972 2717 5042 εὐλογοφανοῦς
2744 4973 3000 5043 άςορμῆς
3024 4973 3355 5046 δραξάμενοι
3382 4976 3433 5029 oi
3469 4977 3681 5046 ἐχθροὶ,
3714 4979 3893 5045 ἔδοξαν

2324 5068 2389 5121 ἂν
2439 5069 2603 5121 αὑτὸν
2648 5066 2860 5120 ἀνελεῖν
2904 5069 3129 5131 δικαίως
3174 5068 3251 5131 ὡς
3289 5072 3641 5143 στασιαστήν.
3675 5072 3891 5143 Προφή-

2321 5165 2468 5213 τεύει
2502 5160 2559 5213 δὲ
2588 5162 2765 5221 αὐτοῖς
2794 5161 2875 5212 ὃτι
2909 5162 3003 5213 καὶ
3032 5162 3606 5233 σκανδαλισθήσονται.
3648 5160 3780 5218 Εἶτα
3811 5167 3890 5219 ῖνα

2325 5253 2399 5321 μὴ
2453 5250 2578 5321 δόξῃ
2634 5253 2917 5323 προφανὴς
2979 5248 3118 5307 εἶναι
3182 5257 3485 5327 κατηγορία
3554 5257 3777 5312 πάντων
3834 5258 3890 5312 τὸ

2320 5341 2583 5406 τοιοῦτον,
2619 5344 2861 5413 παράγει
2898 5344 2995 5398 καὶ
3042 5348 3353 5417 μαρτυρίαν
3382 5351 3446 5402 ὲκ
3481 5352 3577 5402 τοῦ
3611 5356 3887 5419 προφήτου

2322 5434 2610 5503 Ζαχαρίου,
2666 5436 2747 5487 ὅτι
2794 5436 3401 5506 διασκορπισθήσονται.
3444 5440 3772 5495 Τελευταίον
3812 5446 3885 5506 δὲ,

2322 5528 2414 5579 καὶ
2466 5528 2823 5595 παραμυθίαν
2857 5529 3051 5597 ἐπάγει
3107 5530 3313 5594 αὐτοῖς,
3358 5532 3439 5585 ὅτι
3486 5533 3720 5603 Προάξω
3746 5537 3887 5605 ὑμᾶς

2321 5621 2400 5682 είς
2426 5619 2523 5688 τὴν
2554 5618 2865 5690 Γαλιλαίαν,
2894 5621 3163 5685 τουτέστι,
3194 5624 3471 5693 προλάὁω.
3522 5627 3663 5680 Ἀλλ’
3707 5630 3736 5681 6
3786 5630 3886 5683 ns-
