4108 6334
288 420 399 485 633

986 409 1433 476 ENARBATIO
1468 408 1551 469 IN
1588 399 2099 468 EVANGELIUM
2138 396 2401 459 MARCI.
2444 416 2510 430 -·-
2542 393 2699 454 CAP.
2739 392 2898 453 XIV.

3474 386 3582 449 (ibi

285 547 417 601 τροῖ
446 530 745 592 ἐνίσταται,
779 524 858 577 διὸ
892 525 987 578 καὶ
1008 525 1221 590 ἀκούει,
1252 522 1334 576 δτι
1366 522 1506 591 Πρὶν
1532 520 1567 591 ἦ
1612 517 1884 587 ἀλέκτορα

2015 520 2296 580 tnteqnam
2330 506 2502 579 gallus
2537 508 2619 563 liis
2646 516 2828 570 canat,
2874 513 2957 557 ter
2988 518 3075 557 me
3103 499 3424 572 almegabis.
3468 497 3584 557 Hoc

289 624 373 686 δὶς
401 620 671 692 φωνῆσαι.
707 617 828 689 τρὶς
866 615 1165 687 ἀπαρνήσῃ
1194 631 1283 684 με.
1315 611 1489 665 Τοῦτο
1535 609 1594 662 δὲ
1637 605 1881 661 τοιοῦτόν

292 718 466 769 ἐστιν.
530 709 839 783 ’Πρνήσατο
884 707 1034 761 ἀπαε
1085 708 1115 758 6
1170 704 1415 775 Πέτρος·

291 802 595 875 ἐφώνησεν,
624 798 1011 871 ἀρνησαμένου
1039 795 1097 849 δὲ
1131 797 1227 849 καὶ
1254 795 1354 857 τάς
1378 792 1547 855 ἄλλας
1574 788 1673 872 δύο
1707 787 1882 859 ἀρνή-

294 913 433 958 σεις,
456 892 581 946 τότε
615 890 899 962 ἐφώνησεν
943 891 972 943 6
1009 888 1285 956 ἀλέκτωρ.
1318 886 1493 939 Τοῦτο
1522 882 1620 937 οὖν
1646 878 1885 965 ἐνταῦθα

292 986 469 1053 λίγειο
504 982 644 1054 Πρὶν
679 980 952 1050 ἀλέκτορα
1007 978 1260 1047 φωνῆσαι
1307 975 1414 1039 δὶς,
1461 972 1758 1044 ἀπαρνήσῃ
1816 988 1884 1041 με

295 1078 439 1147 τρίς.
504 1072 739 1146 ὀμοίως
782 1072 840 1126 δὲ
894 1071 1003 1150 καὶ,
1043 1070 1249 1131 πάντες
1304 1067 1620 1138 θερμότητα
1668 1063 1888 1135 ψυχρὰν

296 1165 724 1238 ἀνδεικνύμενοι,
758 1162 1137 1234 ὐπισχνοῦντοο
1166 1159 1265 1231 τὴν
1304 1156 1706 1228 αὐτοαλήθειαν
1752 1155 1891 1226 ψεύο

302 1259 495 1313 δεσθαι
529 1257 836 1320 ποιοῦντες,
866 1255 951 1309 διδ
980 1256 1076 1309 καὶ
1117 1254 1444 1322 παραχωρεῖ
1475 1251 1502 1302 6
1536 1248 1762 1320 Κύριος,
1798 1249 1893 1301 καὶ

300 1353 337 1419 ἡ
363 1349 680 1421 ἀνθρωπίνη
714 1346 881 1417 φύσις
910 1348 979 1401 τὰ
1008 1347 1209 1415 ἑαυτῆς
1233 1342 1634 1396 ἐπιδείκνυται.
1662 1340 1892 1404 Πάντως

298 1445 411 1513 γὰρ
431 1443 460 1496 6
489 1442 695 1508 Κύριος
726 1440 961 1509 ἠδύνατο
986 1439 1227 1508 τηρῆσαι
1254 1436 1463 1495 αὐτοὺς
1484 1475 1499 1499 ,
1533 1434 1629 1487 καὶ
1654 1432 1895 1503 μάλιστα

298 1534 397 1585 τδν
426 1532 652 1603 Πέτρον·
697 1528 814 1586 ἀλλ’
852 1530 1003 1599 ὅμως
1045 1528 1283 1597 ἀφῆκεν,
1315 1525 1404 1579 ῐνα
1439 1525 1515 1596 μὴ
1570 1523 1895 1585 πεποιθότες

300 1619 456 1695 ὦμεν
486 1626 570 1693 ἐφ’
601 1623 836 1685 ἑαυτοῖς.
866 1620 941 1674 Τὸ
991 1620 1069 1684 δὲ,
1126 1619 1359 1684 Πατάξω
1407 1619 1501 1670 τὸν
1557 1615 1795 1685 ποιμένα
1819 1658 1833 1680 ,
1867 1616 1898 1667 6

306 1717 499 1786 Πατὴρ
541 1714 711 1783 λέγει.
762 1714 918 1767 Ἐπεὶ
965 1714 1076 1783 γάρ
1106 1710 1481 1782 παρεχώρησε
1526 1707 1894 1779 παταχθῆναι,

308 1809 546 1873 πατάξαι
570 1806 736 1870 αὐτὸς
765 1806 987 1874 λέγεται
1016 1805 1109 1859 τδν
1134 1803 1279 1859 κατά
1304 1800 1704 1873 παραχώρησιν
1728 1798 1896 1853 αὑτοῦ

1995 610 2180 657 autem
2212 602 2265 657 in
2311 602 2453 655 linnc
2492 600 2711 654 modum
2744 614 2803 653 se
2826 597 2987 653 liabet
3023 613 3037 650 :
3069 593 3377 666 Negaverat
3409 592 3582 649 semel

1460 695 1583 754 εἶτα
1632 695 1882 764 ἀλέκτωρ

2015 697 2207 758 'ctrus,
2239 694 2434 749 deimle
2473 692 2647 764 gallus
2684 693 2925 746 cantavit
2959 708 2973 744 :
3005 698 3061 745 et
3098 704 3224 744 cum
3272 686 3411 743 alias
3447 686 3587 741 duas

1991 786 2387 856 abnegationes
2414 780 2653 850 fecisset,
2682 795 2738 837 et
2777 792 2906 838 tunc
2930 795 3151 851 quoque
3190 780 3441 833 cantavit
3470 777 3587 849 gal-

1993 875 2096 930 lus.
2142 873 2210 928 Et
2252 876 2354 929 lioc
2404 882 2484 928 est
2532 873 2682 943 quod
2719 872 2825 927 hoc
2859 871 2980 925 loco
3028 870 3209 924 dicit:
3257 868 3585 939 Priusquam

1995 966 2171 1039 gallus
2217 966 2301 1022 bis
2337 976 2543 1028 cantet,
2586 974 2672 1021 ter
2719 980 2806 1020 me
2843 963 3164 1032 abnegabis.
3195 960 3463 1018 Similiter
3494 977 3592 1017 au-

1995 1068 2102 1113 tem
2147 1068 2203 1113 et
2228 1073 2420 1114 omnes
2451 1058 2703 1130 frigidam
2746 1057 3087 1112 alacritatem
3126 1056 3503 1118 ostendentes,
3534 1064 3593 1109 et

1996 1151 2170 1221 ipsam
2202 1153 2492 1207 veritatem
2535 1152 2852 1207 mendacem
2896 1149 3179 1216 facientes,
3210 1148 3541 1219 pollicentur
3571 1162 3587 1200 :

1995 1244 2117 1300 ideo
2164 1244 2426 1300 Dominus
2474 1246 2741 1313 permittit
2785 1253 2844 1298 ut
2900 1244 3135 1298 humana
3194 1250 3390 1296 natura
3432 1254 3589 1296 suam

1996 1338 2192 1408 prodat
2224 1338 2679 1394 imbecillitatem.
2715 1336 2952 1393 Omnino
2985 1332 3134 1393 enim
3163 1334 3431 1405 potuisset
3470 1334 3596 1389 illos

1999 1430 2263 1487 Dominus
2288 1446 2533 1498 scrvare,
2561 1442 2616 1487 et
2643 1431 2864 1486 Petrum
2891 1430 3128 1485 maxime
3164 1447 3178 1484 :
3206 1429 3301 1483 sed
3323 1426 3594 1499 permisit,

1997 1529 2058 1575 ut
2088 1535 2157 1576 ne
2186 1521 2239 1575 in
2271 1522 2567 1592 nobisipsis
2585 1520 3004 1576 conlideremus.
3033 1518 3329 1587 Caeterum,
3391 1517 3597 1573 Percu-

2000 1613 2134 1670 tiam
2163 1621 2464 1685 pastorem,
2491 1631 2592 1669 vox
2624 1625 2707 1671 est
2740 1614 2922 1669 Patris
2953 1629 2971 1668 :
3004 1613 3444 1683 quandoquidem
3474 1626 3602 1683 per-

1999 1706 2113 1761 cuti
2172 1706 2440 1777 permisit,
2496 1710 2840 1779 percussisse
2896 1708 3017 1777 ipse
3066 1706 3271 1761 dicitur
3321 1721 3445 1760 eum
3504 1707 3602 1775 qui

2003 1796 2174 1867 ipsius
2200 1799 2469 1869 permissu
2524 1815 2817 1870 percussus
2850 1812 2956 1856 est.
2985 1799 3128 1856 Oves
3159 1810 3344 1854 autem
3385 1808 3607 1869 aposto-

308 1901 678 1970 παταχθέντα.
707 1897 965 1966 Πρόδατα
994 1896 1054 1950 δὲ
1091 1896 1218 1960 τοὺς
1253 1894 1615 1958 ἀποστόλους,
1650 1891 1725 1954 ὡς
1758 1890 1897 1946 ἀκά-

2015 1890 2109 1955 Ios,
2146 1899 2206 1945 ut
2233 1891 2556 1946 innocentes
2586 1892 2855 1947 nominat.

308 2010 439 2054 κους
470 1992 778 2063 ὠνόμασεν.

388 2104 407 2137 ι
438 2085 549 2137 Καὶ
578 2087 829 2153 ἔρχονται
865 2082 945 2143 είς
976 2078 1179 2152 χωρίον
1216 2070 1279 2131 οὗ
1317 2079 1378 2131 τὸ
1400 2077 1574 2148 ὄνομα
1610 2074 1901 2147 Γηθσεμαο

309 2177 401 2247 νῆ,
427 2176 522 2230 καὶ
544 2176 694 2243 λέγει
711 2177 824 2237 τοῖς
859 2190 936 2243 μα
975 2175 1132 2243 ηταῐς
1160 2169 1351 2224 αὐτοῦ’
1378 2170 1654 2224 Καθίσατε
1677 2162 1779 2222 ὦδε
1794 2168 1901 2231 ἓως

310 2267 729 2339 προσεύξωμαι.
785 2268 895 2319 Kal
944 2264 1372 2336 παραλαμϐάνει
1426 2262 1520 2316 τὸν
1551 2261 1759 2332 Πέτρον
1807 2259 1903 2314 καὶ

325 2358 604 2424 Ἰἀκωδον,
632 2358 728 2411 καὶ
771 2356 1029 2427 Ἰωάννην
1095 2353 1217 2423 μεθ’
1282 2351 1504 2419 ἑαυτοῦ,
1547 2351 1645 2405 καὶ
1694 2346 1903 2421 ἤρξατο

311 2452 716 2523 ἐκθαμδεῖσθαι
757 2449 853 2503 καὶ
890 2448 1205 2519 ἀδημονεῖν.
1237 2446 1347 2499 Kal
1371 2445 1523 2513 λέγει
1562 2444 1768 2507 αὐτοῖς·
1798 2442 1905 2495 Πε-

315 2543 547 2615 ρίλυπός
597 2545 749 2595 ἐστιν
797 2546 831 2613 ὴ
871 2540 1020 2612 ψυχή
1066 2556 1167 2610 μου
1210 2539 1317 2602 ἓως
1366 2537 1623 2591 θανάτου.
1661 2536 1904 2608 Μείνατε

309 2629 441 2698 ὦδε,
477 2635 573 2685 καὶ
598 2632 952 2702 γρηγορεῖτε.
989 2630 1099 2683 Kal
1144 2626 1424 2700 προελθὼν
1458 2626 1677 2697 μικρὸν,
1708 2625 1907 2680 ἔπεσεν

312 2724 415 2777 ἐπὶ
439 2723 539 2790 τῆς
583 2725 722 2792 γῆς.
756 2723 851 2774 καὶ
884 2720 1231 2792 προσηύχετο
1259 2718 1371 2780 ἵνα,
1415 2720 1465 2770 εί
1498 2718 1730 2772 δυνατόν
1764 2718 1907 2783 ἔστι,

317 2814 567 2887 παριλθῃ
606 2814 705 2867 ἀπ’
749 2812 917 2866 αὐτοῦ
970 2814 1005 2883 ἡ
1054 2811 1195 2883 ὥρα.
1252 2813 1365 2865 Kal
1408 2810 1617 2879 ἔλεγεν·
1658 2810 1834 2865 ’Δδσᾶ
1880 2813 1909 2864 6

318 2907 534 2978 Πατὴρ,
576 2908 756 2960 πάντα
798 2904 1002 2958 δυνατά
1036 2919 1140 2969 σοι,
1177 2903 1491 2975 παρένεγκε
1539 2903 1601 2955 τὸ
1646 2906 1909 2974 ποτήριον

318 2998 418 3053 ἀπ’
449 2998 585 3069 ἐμοῦ
632 2997 813 3063 τοῦτο,
851 2997 967 3051 ἀλλ’
1010 2999 1072 3049 οὐ
1119 2995 1173 3050 τί
1214 2995 1325 3063 ἐγὼ
1354 2994 1518 3057 θέλω,
1549 2992 1686 3048 ἀλλά
1729 2992 1784 3046 τί
1819 2993 1906 3048 σύ.

319 3091 434 3144 Kal
462 3090 706 3161 ἔρχεται,
737 3092 832 3143 καὶ
860 3088 1113 3158 εὑρίσκει
1145 3086 1347 3149 αὐτοὺς
1376 3084 1745 3147 καθεύδοντας
1771 3125 1786 3150 ,
1818 3085 1911 3137 καὶ

320 3185 471 3253 λέγει
517 3183 598 3254 τῷ
633 3184 846 3255 Πέτρῳ·
888 3183 1093 3251 Σίμων,
1150 3180 1477 3243 καθεύδεις;
1514 3181 1631 3232 Οὐκ
1680 3179 1912 3249 ἴσχυσας

325 3244 459 3347 μίαν
476 3244 627 3346 ὤραν
644 3244 1021 3345 γρηγορῆσαι;
1045 3244 1380 3343 Πρηγορεῖτε
1401 3272 1497 3325 καὶ
1519 3244 1913 3341 inpendi-saec,
1938 3244 1985 3306 Ο

323 3369 418 3422 ἴνα
455 3367 531 3439 μὴ
565 3364 853 3435 εἰσέλθητε
904 3367 985 3428 εἰς
1039 3365 1352 3435 πειρασμόν
1381 3377 1400 3394 ’
1430 3362 1492 3415 τὸ
1548 3364 1651 3432 μὲν
1694 3360 1918 3431 πνεῦμα

322 3460 627 3530 πρόθυμον,
660 3459 695 3529 ἡ
738 3458 795 3510 δὲ
828 3455 970 3525 σὰρξ
1000 3455 1261 3526 ἀσθενής.
1308 3455 1422 3509 Καὶ
1460 3455 1625 3508 πάλιν
1664 3452 1919 3507 ἀπελθὼν

324 3554 700 3625 προσηύξατο,
734 3553 825 3606 τὸν
873 3550 1038 3605 αὐτὸν
1076 3549 1238 3618 λόγον
1266 3547 1463 3601 είπών.
1506 3548 1617 3600 Kal
1648 3545 1919 3616 ὑποστρέ-

318 3649 453 3718 ψας,
504 3642 665 3717 εὗρεν
695 3645 893 3706 αὐτοὺς
932 3645 1097 3696 πάλιν
1130 3640 1520 3703 καθεύδοντας·
1548 3635 1691 3709 ἦσαν
1733 3638 1841 3709 γάρ
1865 3638 1917 3689 οἱ

321 3739 602 3809 ὀφθαλμοὶ
630 3737 813 3793 αὐτῶν
847 3734 1255 3806 βεϐαρημένοι,
1290 3735 1383 3787 καὶ
1434 3733 1535 3785 οὐκ
1590 3732 1812 3802 ᾔδεισαν
1866 3730 1919 3783 τί

320 3834 474 3902 αὐτῷ
511 3829 878 3901 ἀποκριθῶσι.
916 3830 1025 3882 Kal
1048 3829 1273 3900 ἔρχεται
1306 3827 1369 3879 τὸ
1392 3826 1599 3894 τρίτον,
1638 3828 1734 3878 καὶ
1767 3822 1917 3892 λέγει

321 3928 510 3989 αὖτοίς
543 3943 556 3955 ·
620 3925 925 3977 Καθεύδετε
987 3922 1048 3976 τὸ
1106 3921 1293 3974 λοιπὸν
1353 3921 1449 3975 καὶ
1513 3918 1915 3983 ἀναπαύεσθε,

322 4024 544 4092 ἀπέχει.
578 4016 781 4073 Ἶιλθεν
810 4022 843 4089 ἡ
882 4018 1022 4090 ὥρα,
1063 4016 1175 4069 ἰδοὺ
1208 4015 1567 4086 παραδίδοται
1598 4018 1626 4067 ὁ
1664 4013 1793 4075 Tib;
1820 4011 1915 4065 τοῦ

322 4113 619 4183 ἀνθρώπου
663 4114 745 4174 είς
788 4113 885 4173 τὰς
925 4112 1113 4180 χεῖρας
1161 4108 1271 4161 τῶν
1321 4105 1689 4177 ἁμαρτωλῶν.
1734 4104 1917 4171 Ἐγεί-

328 4209 513 4283 ρεσθε,
547 4208 773 4277 ἄγωμεν
803 4249 816 4269 ,
861 4206 971 4259 ἰδοὺ
1008 4207 1037 4257 6
1091 4202 1426 4273 παραδιδούς
1478 4219 1545 4271 με
1596 4202 1850 4271 ἤγγικεν.
1893 4218 1911 4250 ι

325 4302 661 4371 Καταμόνας
709 4298 903 4351 εἴωθεν
950 4298 1036 4347 ἀεὶ
1082 4293 1507 4365 προσεύχεσθαι,
1568 4292 1740 4343 τύπον
1823 4291 1919 4342 καὶ

325 4396 462 4465 ἡμῖν
488 4392 686 4455 διδοὺς,
734 4393 821 4444 ἵνα
852 4390 951 4459 τὴν
1007 4389 1243 4458 ἡσυχίαν
1297 4388 1653 4458 ὲπιζητῶμεν
1704 4387 1762 4437 ὲν
1798 4387 1919 4447 ταῖς

328 4484 697 4559 προσευχαῖς.
724 4484 1153 4553 Παραλαμεὰνει
1204 4482 1261 4534 δὲ
1299 4482 1427 4543 τοὺς
1483 4483 1633 4549 τρεῖς
1697 4479 1916 4547 μόνους,

2080 2066 2247 2123 Vens.
2280 2068 2472 2125 32-42.
2506 2087 2525 2119 ι
2564 2068 2628 2125 Et
2655 2071 2881 2126 veniunt
2909 2072 2961 2126 in
3004 2072 3183 2128 locum
3216 2072 3372 2142 cujus
3402 2088 3603 2129 nomen

2008 2160 2383 2231 Getltsemani,
2411 2173 2468 2219 ct
2500 2164 2634 2231 dicit
2686 2165 2971 2234 discipulis
3017 2167 3133 2222 suis
3179 2184 3194 2221 :
3248 2167 3445 2223 Sedete
3492 2169 3607 2231 hic,

2010 2255 2185 2312 donec
2210 2257 2493 2327 digressus
2523 2272 2774 2313 oravero.
2813 2255 2881 2313 Et
2908 2260 3142 2316 assumit
3166 2258 3389 2317 Petrum
3427 2270 3483 2317 et
3509 2260 3605 2315 Ja-

2012 2348 2207 2404 cobum
2244 2362 2300 2407 et
2342 2348 2605 2407 Joannem
2638 2350 2800 2422 251
2843 2367 3033 2407 secum
3064 2372 3079 2408 :
3133 2356 3413 2425 cepitque
3437 2369 3605 2424 expa-

2011 2457 2235 2499 vescere
2260 2451 2314 2497 et
2340 2444 2486 2515 angi.
2509 2442 2576 2498 Et
2603 2445 2732 2500 dicit
2770 2444 2877 2501 illis
2902 2462 2917 2502 :
2950 2445 3148 2503 Dolore
3168 2448 3401 2503 ailicitur
3422 2450 3604 2502 anima

2015 2548 2133 2590 mea
2162 2551 2334 2607 usque
2364 2539 2432 2590 ad
2475 2548 2731 2595 mortem.
2780 2537 2997 2595 Manete
3042 2539 3154 2603 hic,
3187 2551 3243 2594 et
3270 2540 3513 2611 vigilate.
3542 2539 3613 2594 Et

2016 2642 2340 2697 pmgressns
2379 2629 2639 2700 paulum,
2683 2639 2995 2699 prostratus
3036 2641 3122 2686 est
3172 2633 3227 2686 in
3271 2641 3515 2696 terram,
3556 2642 3615 2685 et

2015 2723 2191 2775 oravit
2224 2732 2284 2775 ιιι
2311 2723 2357 2776 si
2388 2722 2648 2791 possibile
2688 2732 2854 2791 essel,
2900 2724 3163 2779 transiret
3198 2740 3229 2779 a
3260 2740 3321 2780 se
3351 2724 3508 2780 hora.
3549 2724 3617 2778 Et

2018 2813 2272 2869 dicebat:
2324 2813 2473 2868 Abba
2519 2813 2712 2879 Pater,
2756 2816 2940 2869 omnia
2982 2816 3265 2887 possibilia
3298 2826 3428 2871 sunt
3472 2817 3612 2872 tibi:

2018 2906 2172 2959 aufer
2194 2906 2449 2976 poculum
2478 2923 2507 2960 a
2533 2923 2619 2962 me
2649 2908 2783 2962 hoc:
2811 2917 3193 2964 verumtamen
3223 2924 3329 2964 non
3360 2910 3488 2979 quid
3513 2924 3617 2975 ego

2021 2995 2205 3062 velini,
2236 2982 2331 3051 sed
2354 2997 2483 3065 quid
2511 3010 2588 3051 tu.
2620 2995 2686 3051 Et
2716 2997 2864 3051 venit
2886 3008 2941 3053 et
2961 2997 3193 3054 offendit
3218 3014 3313 3054 eos
3337 3000 3616 3055 dormien-

2023 3100 2146 3143 tes:
2178 3089 2421 3160 dicitque
2456 3088 2659 3146 Petro:
2699 3090 2889 3145 Simon
2913 3132 2928 3158 ,
2963 3091 3204 3146 dormis?
3240 3106 3346 3146 non
3388 3093 3614 3161 potuisti

2022 3198 2184 3236 unam
2227 3181 2418 3237 horam
2452 3183 2715 3253 vigilare?
2750 3182 2985 3255 Vigilate
3013 3195 3069 3240 et
3097 3193 3250 3241 orate
3283 3201 3351 3240 ne
3382 3187 3620 3241 veniatis

2021 3275 2076 3329 in
2108 3275 2502 3339 tentationem,
2538 3277 2768 3346 spiritus
2790 3277 3009 3347 quidem
3042 3289 3357 3349 promptus,
3393 3288 3450 3334 at
3487 3293 3619 3333 caro

2021 3367 2259 3422 inﬁrma.
2307 3365 2374 3421 Et
2419 3383 2638 3422 rursum
2687 3370 2971 3439 digressus
3014 3370 3242 3435 oralial,
3282 3380 3339 3424 et
3363 3371 3617 3426 eumdem

2021 3460 2164 3516 dixit
2203 3476 2541 3516 sermonem.
2580 3461 2646 3516 Et
2688 3478 2940 3519 reversus
2973 3462 3204 3518 oil‘endit
3242 3464 3367 3519 illos
3399 3480 3619 3519 rursum

2022 3554 2382 3621 dormientes,
2410 3565 2567 3610 erant
2590 3556 2735 3610 enim
2769 3556 2915 3611 oculi
2946 3570 3135 3610 eorum
3161 3557 3399 3627 gravati,
3441 3574 3621 3628 neque.

2023 3647 2271 3704 sciebant
2313 3649 2441 3717 quid
2482 3648 2557 3702 illi
2595 3649 3009 3716 responderent.
3055 3647 3122 3702 Et
3144 3650 3295 3705 venit
3330 3652 3495 3706 tertio
3534 3652 3621 3705 di—

2022 3742 2207 3809 citque
2240 3741 2384 3795 illis:
2418 3740 2663 3796 Dorniite
2694 3742 2945 3812 posthac,
2980 3752 3036 3796 et
3075 3743 3427 3812 requiescite,
3464 3744 3618 3800 suﬂi-

2022 3834 2116 3888 cit.
2141 3834 2301 3889 Venit
2326 3834 2483 3898 liora,
2506 3848 2635 3889 ecce
2665 3835 2897 3889 traditur
2927 3832 3103 3890 Filius
3134 3835 3372 3892 hominis
3405 3838 3458 3891 in
3495 3854 3618 3892 ma-

2024 3944 2126 3983 nus
2170 3940 2543 3999 peccatorum.
2598 3928 2841 3997 Surgite,
2878 3942 3113 3984 eamus:
3148 3943 3277 3985 ecce
3314 3930 3407 4001 qui
3437 3932 3624 4001 prodit

2022 4034 2144 4083 me,
2186 4018 2608 4087 appropinquat.
2668 4038 2686 4070 ι
2728 4018 2987 4073 Scorsnm
3023 4034 3242 4091 semper
3273 4036 3437 4077 orare
3480 4038 3621 4078 con-

2021 4111 2227 4174 suevit,
2254 4111 2393 4165 dans
2424 4112 2586 4165 etiam
2626 4111 2781 4165 nobis
2818 4112 3158 4181 exemplum,
3201 4120 3260 4164 ιιι
3288 4114 3531 4183 quietem
3566 4116 3621 4171 in

2024 4204 2280 4271 precibus
2333 4203 2699 4272 inquiramns.
2745 4204 2994 4258 Assumit
3044 4214 3228 4259 autent
3278 4205 3454 4260 solum
3507 4216 3623 4265 tres

2022 4296 2145 4350 illos
2178 4297 2269 4364 qni
2310 4310 2425 4350 suae
2467 4296 2519 4349 in
2547 4294 2765 4350 Tliabor
2792 4296 2977 4365 gloria!
3007 4306 3349 4366 spectatores
3381 4299 3621 4364 fuerant,

2023 4399 2081 4442 nt
2104 4389 2178 4442 illi
2210 4390 2311 4457 ipsi
2338 4390 2427 4458 qui
2459 4389 2695 4457 gloriosa
2743 4390 3014 4450 viderant,
3050 4391 3269 4445 videant
3313 4401 3368 4446 et
3399 4394 3575 4447 tristia
3604 4412 3617 4448 :

2023 4482 2346 4550 discantque
2376 4482 2519 4548 quod
2548 4491 2603 4533 et
2645 4482 2759 4550 ipse
2800 4496 2924 4535 vere
2962 4482 3124 4535 homo
3158 4483 3263 4547 sit,
3305 4495 3357 4539 et
3391 4497 3622 4539 niterent

324 4582 450 4639 τοὺς
473 4579 570 4629 καὶ
594 4578 692 4645 τῆς
715 4576 874 4645 δόξης
897 4574 1063 4629 αὑτοῦ
1099 4577 1157 4627 ὲν
1192 4590 1221 4624 τ
1242 4575 1266 4641 ξ)
1304 4573 1501 4641 Θιιϐὼρ
1525 4570 1726 4632 θεατὰς
1766 4587 1909 4637 γενο-

2026 4583 2078 4626 ct
2112 4586 2343 4641 angatur
2388 4574 2527 4625 sicut
2559 4587 2677 4626 nos.
2724 4570 2859 4624 Nam
2892 4583 2946 4625 ct
2990 4572 3082 4641 qui
3134 4582 3304 4627 tntum
3341 4575 3618 4628 hominem

330 4672 549 4741 μένους,
585 4672 670 4723 ἵνα
696 4672 745 4723 οἱ
780 4670 978 4730 ἰδόντες
1020 4668 1087 4719 τὰ
1127 4667 1334 4730 ἔνδοξα,
1374 4669 1525 4718 ίδωσι
1567 4664 1755 4717 καὶτά
1788 4679 1919 4714 σκυ-

328 4763 548 4835 θρωπὰ,
585 4764 682 4815 καὶ
728 4762 997 4825 μάθωσιν,
1023 4762 1106 4811 Evt
1140 4761 1235 4811 καὶ
1268 4759 1431 4819 αὐτὸς
1457 4756 1671 4825 ἀληθῶς
1708 4755 1920 4824 ἅνθρω-

328 4875 430 4919 πος
483 4852 573 4928 ἦν,
620 4858 717 4909 καὶ
768 4856 1018 4907 λυπεῖται
1078 4854 1173 4905 καὶ
1223 4852 1486 4922 ἀδημονεῖ
1519 4849 1716 4919 ἐπίσης
1764 4851 1915 4919 ἡμῖν.

340 4950 495 5002 Ἐπεὶ
540 4950 650 5018 γὰρ
689 4949 809 4999 ὅλον
852 4947 950 4998 τὸν
992 4945 1284 5015 ἄνθρωπον
1313 4942 1611 4996 ἀνελάϐετο
1642 4941 1781 5010 μετᾶ
1811 4940 1919 4994 τῶν

333 5038 581 5109 φυσικῶν
617 5040 947 5107 ἰδιωμάτων,
1004 5037 1225 5098 παντως
1281 5036 1373 5086 καὶ
1417 5035 1794 5105 λυπηθήσεται
1824 5035 1920 5086 καὶ

328 5133 662 5201 ἁδημο·.ήσει
694 5130 958 5197 φυσικῶς.
994 5130 1058 5181 Οἱ
1106 5129 1214 5195 γὰρ
1246 5128 1547 5208 ἄνθρωποι,
1592 5130 1751 5194 φύσει
1784 5130 1919 5197 πρὸς

328 5228 421 5278 τὸν
454 5225 681 5277 θάνατον
720 5224 897 5293 ἀηδῶς
940 5220 1287 5290 διακείμεθα.
1321 5220 1411 5291 Τῷ
1462 5222 1563 5291 μὲν
1594 5217 1686 5273 οὖν
1714 5222 1914 5285 εἰπεῖν,

330 5317 660 5389 Παρελθέτω
712 5316 773 5368 τὸ
820 5318 1099 5387 ποτήριον,
1130 5315 1299 5379 ἔδειξε
1346 5316 1407 5367 τὸ
1448 5316 1815 5385 ἀνθρώπινον
1842 5315 1919 5383 τῷ

326 5412 386 5465 δὲ
417 5412 614 5464 είπεῖν.
636 5409 796 5479 Ούχδ
820 5408 929 5475 ἐγὼ
960 5408 1121 5471 θέλω,
1163 5409 1275 5461 ἀλλ’
1304 5408 1331 5461 ὃ
1361 5411 1448 5473 σὺ,
1477 5407 1720 5461 διδάσκει
1749 5410 1917 5479 ἡμᾶς,

326 5506 419 5561 ἵνα
472 5509 568 5560 καὶ
602 5508 701 5576 τῆς
743 5506 960 5574 φύσεως
1002 5505 1333 5575 βιαζομένης
1364 5506 1823 5577 ὑπερφρονῶμεν,
1856 5506 1919 5559 τὸ

327 5598 561 5670 ἀρεστὸν
588 5599 665 5668 τῷ
688 5599 807 5669 Θεῴ
836 5598 1173 5667 αἰτούμενοι.
1222 5599 1307 5660 Ὡς
1340 5599 1397 5651 δὲ
1441 5600 1579 5667 ρετά
1620 5599 1722 5668 τὴν
1750 5599 1918 5668 εὐχὴν

327 5688 539 5754 ἐλθὼν,
574 5685 702 5761 εὗρε
743 5693 868 5753 τοὺς
914 5694 1065 5760 τρεῖς
1110 5690 1501 5754 καθεύδοντας,
1553 5692 1789 5761 ἐπιτιμᾷ
1840 5690 1919 5759 τῷ

329 5781 527 5851 ιίἒτρῳ
562 5784 727 5853 μόνῳ,
768 5784 1054 5852 μονονουχὶ
1083 5782 1309 5835 τοιαῦτα
1354 5782 1530 5849 λέγων
1566 5782 1703 5852 πρὸς
1729 5783 1916 5834 αὐτόν*

327 5875 404 5925 Οὐ
440 5879 499 5925 σία
552 5871 597 5925 εἴ
645 5882 671 5924 ι)
708 5876 1079 5942 ὑποσχόμενος
1114 5877 1209 5927 σὺν
1252 5877 1375 5943 ἐμοὶ
1405 5876 1737 5941 ἀποθανεῖν;
1770 5876 1917 5929 Μίαν

2027 4681 2149 4719 cum
2194 4667 2538 4719 naturalibus
2580 4665 2987 4721 conditionibus
3020 4672 3281 4735 suscepit,
3312 4669 3539 4723 omnino
3568 4682 3623 4724 ct

2027 4756 2303 4809 tristitiam
2333 4768 2386 4811 et
2417 4772 2675 4827 angorem
2721 4760 3021 4812 naturalem
3051 4759 3263 4816 lialinit.
3295 4759 3502 4816 Omnes
3524 4777 3623 4817 au-

2028 4860 2133 4903 tem
2176 4859 2369 4903 natura
2408 4849 2719 4905 insuaviter
2759 4867 2888 4923 erga
2931 4862 3160 4908 mortem
3190 4853 3371 4910 allecti
3408 4871 3621 4913 sumus.

2024 4940 2292 4995 Castorum
2327 4941 2598 4996 dicendo:
2632 4942 2897 4998 Transeat
2940 4946 3103 5009 calix,
3149 4948 3479 5002 monstravit
3519 4951 3611 5004 ltu-

2027 5034 2368 5085 inanitatmn.
2400 5031 2638 5087 Dicendo
2665 5044 2843 5088 autem
2871 5053 2883 5089 :
2916 5036 3030 5091 Non
3052 5039 3199 5107 quod
3229 5054 3329 5107 ego
3360 5040 3501 5105 volo,
3526 5042 3621 5094 sed

2024 5128 2167 5195 quod
2204 5139 2283 5189 ιιι,
2319 5128 2474 5180 docet
2516 5144 2613 5181 nos
2639 5138 2695 5181 ut
2731 5128 3075 5184 invadentctn
3111 5147 3174 5187 ac
3211 5143 3493 5201 urgenth
3532 5152 3624 5189 tia-

2027 5232 2202 5273 turam
2230 5231 2670 5287 contemnamus,
2692 5225 2832 5291 quod
2860 5223 2969 5277 Deo
2992 5237 3210 5292 gratum
3241 5236 3323 5279 est
3349 5236 3621 5294 petentes.

2025 5316 2317 5383 Postquam
2344 5325 2527 5369 autem
2562 5326 2679 5385 post
2706 5332 2895 5388 preces
2919 5318 3087 5383 venit,
3116 5318 3321 5371 invenit
3351 5330 3461 5373 tres
3489 5320 3622 5374 dor-

2026 5410 2277 5474 mientes,
2309 5420 2358 5464 et
2388 5412 2693 5481 increpavit
2724 5411 2942 5466 Petroni
2975 5412 3176 5473 solum,
3201 5415 3356 5481 quasi
3393 5414 3521 5467 talia
3551 5416 3619 5467 ad

2026 5504 2201 5571 ipsum
2252 5504 2480 5556 dicens:
2520 5504 2673 5559 Tune
2715 5504 2804 5559 ille
2845 5520 2945 5566 es,
2991 5506 3082 5574 qui
3130 5506 3405 5575 pollicitus
3462 5522 3523 5560 es
3568 5518 3620 5559 te

2026 5596 2157 5648 milii
2210 5596 2704 5649 cotninorituruni?
2757 5596 2934 5652 Unam
2992 5600 3181 5651 liorain
3235 5614 3339 5653 non
3398 5599 3621 5667 potuisti

2025 5688 2275 5757 vigilare,
2305 5689 2581 5754 quomodo
2613 5698 2843 5743 mortem
2872 5689 3233 5743 contetnnes?
3261 5688 3366 5743 Sed
3400 5688 3624 5756 vigilate

2024 5792 2078 5836 et
2105 5791 2282 5843 orate,
2320 5792 2377 5833 ut
2429 5798 2495 5834 ne
2541 5784 2773 5836 veniatis
2812 5783 2864 5835 in
2904 5782 3263 5838 tentationem
3311 5780 3621 5851 abnegandi

2029 5892 2131 5930 me.
2168 5875 2406 5943 Spiritus
2439 5878 2656 5943 quidem
2681 5886 2964 5945 promptus
2992 5888 3097 5943 est,
3125 5887 3181 5931 ιιι
3208 5892 3292 5933 me
3326 5892 3432 5931 non
3460 5875 3624 5929 abne-
