4108 6334
653 347 754 407 ίῖξιῦ

1569 337 2139 400 TllEOPlIYLACTI
2181 337 2587 399 BUI.GAltIzE
2627 335 2980 398 ARCIIIEP.

3786 343 3884 408 63.6

653 477 762 534 get,
798 471 852 516 et
895 471 1170 530 preptcrea
1207 461 1365 513 etiam
1402 472 1495 511 vos
1540 455 1859 525 pollicemini
1898 453 2025 506 mibi
2064 455 2162 506 hoc

2310 451 2459 520 ὥραν
2512 452 2609 503 οὐκ
2657 453 2882 520 ἴσχυσας
2933 451 3296 521 γρηγορῆσαι,
3328 452 3422 506 καὶ
3459 453 3694 508 θανάτου
3719 474 3884 515 κατα-

654 556 748 610 sed
797 569 923 608 caro
971 553 1176 604 infirma
1218 561 1334 611 est,
1368 560 1420 602 et
1451 548 1522 601 ita
1557 551 1598 600 si
1633 563 1738 600 non
1777 561 1868 615 per
1908 545 2207 598 oralionem

664 646 911 697 virtutem
958 643 1166 694 dederit
1218 641 1353 694 Deus
1405 639 1592 703 carni,
1640 636 2095 704 pet'iclilabimini.
2148 635 2209 687 Et

651 735 839 787 iterum
869 750 986 787 cum
1016 732 1292 794 abivisst-t,
1323 732 1513 794 oravit,
1543 741 1593 780 et
1620 728 1866 781 eiundeut
1903 741 2204 780 sermonem

648 825 808 887 dixit,
841 835 900 877 ut
929 824 1086 876 etiam
1127 822 1364 876 secundo
1395 819 1599 875 orando
1632 821 1855 872 credere
1900 817 2062 872 faciat
2093 832 2203 880 eos,

645 917 784 981 quod
816 917 883 968 sit
914 931 1036 967 vere
1071 923 1123 966 et
1150 913 1578 966 substantialiter
1612 911 1792 969 homo,
1837 918 1890 962 et
1930 919 1984 960 ut
2020 909 2207 962 doceat

645 1010 804 1057 etiam
845 1019 940 1056 nos
967 1019 1104 1072 saepe
1136 1018 1313 1065 orare,
1347 1011 1399 1056 et
1426 1017 1528 1054 non
1568 1002 1748 1054 atatim
1790 1009 1847 1051 ut
1875 999 2036 1053 semel
2066 1000 2202 1067 peti-

643 1100 901 1160 veriinns,
930 1113 1162 1151 cetsare.
1195 1096 1255 1146 Et
1282 1113 1399 1147 cum
1426 1095 1714 1147 invenisset
1744 1109 1835 1146 eos
1862 1093 2050 1143 iterum
2082 1093 2202 1142 dor-

642 1192 893 1252 mientes,
930 1208 1032 1245 non
1063 1191 1212 1243 Valde
1244 1191 1538 1255 increpavit
1568 1203 1682 1251 eos,
1721 1196 1873 1239 erant
1900 1187 2040 1238 enim
2075 1202 2195 1252 gra-

646 1285 751 1338 vati
777 1300 985 1346 somno;
1017 1287 1153 1335 unde
1179 1282 1323 1334 disce
1355 1283 1644 1333 humanam
1677 1279 1949 1332 levitatem
1977 1288 2029 1329 et
2055 1278 2202 1329 iniit--

642 1376 904 1436 mitatem,
929 1375 1358 1442 quandoquidem
1391 1373 1478 1440 qui
1507 1388 1676 1438 neque
1703 1387 1892 1425 somno
1913 1385 2202 1433 possumus

641 1466 926 1528 obsiSterc,
956 1465 1322 1533 promittimus
1350 1479 1490 1530 δαέρα
1516 1463 1823 1531 ιμιωιιυιήε
1852 1461 2198 1531 impossibilia

639 1567 784 1611 sunt.
815 1559 980 1627 Igitur
1010 1574 1147 1611 nunc
1179 1559 1337 1612 tertio
1365 1566 1636 1625 precatur,
1667 1563 1883 1624 propter
1912 1555 2029 1609 illas
2056 1557 2200 1623 ipsas

639 1664 831 1704 causas
873 1666 1008 1719 quas
1049 1666 1208 1718 supra
1262 1650 1517 1702 diximus.
1571 1649 1634 1701 Et
1682 1648 1827 1701 venit
1878 1647 2094 1710 iterum,
2138 1662 2201 1702 ac

638 1740 768 1795 dicit
793 1741 895 1795 illis
919 1760 931 1794 :
966 1757 1068 1795 non
1092 1742 1200 1810 jam
1226 1742 1591 1808 perstringens
1618 1739 1804 1792 durius
1822 1739 2065 1808 quamvis
2088 1751 2199 1791 me-

2316 545 2636 612 φρονήσεις;
2668 544 2828 597 ’Λλλά
2860 544 2966 612 γάρ
3005 547 3327 616 γρηγορεῖτε
3360 548 3452 599 καὶ
3488 547 3878 618 προσεύχεσθε,

2317 639 2399 689 ἵνα
2431 637 2504 706 μὴ
2542 636 2826 706 εἰσέλθητε
2863 639 2942 699 είς
2972 638 3063 689 τὸν
3091 638 3396 706 πειρασμὶν
3420 639 3515 692 τοῦ
3540 641 3879 708 ἀρνήσασθαί

2315 746 2403 795 με.
2449 729 2519 781 Τὸ
2554 730 2651 800 μὲν
2683 731 2790 798 γάρ
2839 728 3057 798 πνεῦμα
3089 730 3243 797 ὑμῶν
3299 730 3581 800 πρόθυμόν
3609 733 3762 785 ἐστιν
3806 734 3881 796 είς

2310 822 2370 874 τὸ
2439 822 2512 892 μὴ
2554 821 2897 891 ἀρνήσασθαί
2951 837 3047 891 με’
3103 822 3193 873 καὶ
3242 821 3328 873 διὰ
3376 822 3534 874 τοῦτο
3583 825 3679 875 καὶ
3725 825 3878 892 ὑμεῖς

2311 915 2655 983 ὑπισχνεῖσθέ
2685 932 2774 982 μοι
2805 913 2963 965 τοῦτο
2985 930 2996 941 ·
3026 913 3138 966 ἀλλ’
3180 915 3211 983 ἡ
3251 912 3389 983 σὰρξ
3429 913 3664 985 ἀσθενής
3694 933 3706 942 ·
3738 915 3877 971 ὥστε

2307 1007 2402 1059 ἐὰν
2434 1007 2507 1078 μὴ
2536 1007 2622 1059 διὰ
2652 1007 2748 1076 τῆς
2779 1006 3089 1076 προσευχῆς
3124 1005 3235 1076 δῴη
3268 1005 3497 1075 δύναμιν
3525 1010 3553 1058 ὸ
3583 1008 3791 1078 Κύριος
3813 1013 3873 1078 τῇ

2311 1099 2496 1166 σαρκὶ,
2549 1097 2945 1149 κινδυνεύσετε.
2990 1099 3097 1150 Καὶ
3137 1098 3297 1149 πάλιν
3347 1098 3598 1150 ἀπελθὼν
3641 1102 3880 1169 προσηύο

2309 1186 2460 1249 ξατο,
2493 1188 2582 1239 τὸν
2610 1187 2770 1239 αὐτὸν
2807 1188 2962 1254 λόγον
2993 1188 3181 1251 εἰπὼν,
3215 1190 3300 1240 ἵνα
3332 1190 3425 1242 καὶ
3457 1189 3543 1242 διὰ
3573 1189 3668 1242 τοῦ
3699 1193 3879 1243 δεύτε-

2308 1295 2399 1347 ρον
2454 1278 2895 1348 προσεύξασθαι,
2935 1278 3302 1348 πιστώσηται,
3354 1282 3431 1332 δτι
3464 1281 3740 1344 οὖσιωδῶς
3789 1287 3876 1336 καὶ

2304 1367 2516 1435 ἀληθῶς
2548 1369 2829 1436 ἄνθρωπος
2860 1365 2947 1438 ἦν’
2977 1372 3069 1423 καὶ
3101 1372 3189 1422 ita.
3221 1370 3404 1441 διδάξῃ
3431 1373 3720 1440 καὶήμᾶς,
3753 1373 3878 1426 πολ-

2302 1459 2457 1522 λάκις
2520 1458 2958 1529 προσεύχεσθαι,
3017 1461 3108 1512 καὶ
3167 1460 3240 1530 μὴ
3299 1461 3447 1526 ἆπαξ
3492 1464 3749 1528 εἰπόντας
3803 1482 3870 1527 τε,

2301 1549 2757 1603 ἀπαλλάττεσθαι.
2785 1550 2975 1618 Euipth
2997 1551 3051 1604 δέ
3079 1552 3274 1615 αὐτοὺς
3299 1553 3460 1605 πάλιν
3489 1554 3870 1620 καθεύδοντας,

2301 1643 2358 1695 οὐ
2392 1642 2636 1712 σφοδρῶς
2675 1645 2926 1713 ἐπιτιμᾷ·
2960 1640 3100 1712 ἦσαν
3146 1645 3252 1712 γάρ
3300 1645 3669 1716 βεϐαρημένοι
3700 1647 3868 1718 ὖπνῳ.

2303 1729 2464 1782 Ὅθεν
2487 1729 2725 1800 μάνθανε
2761 1730 2860 1799 τὴν
2884 1733 3233 1802 ἀνθρωπίνην
3258 1736 3570 1802 κουφότητα
3594 1738 3688 1788 καὶ
3721 1739 3872 1789 ἀσθέο

641 1831 727 1884 riti
756 1839 955 1892 essent,
979 1831 1099 1898 quia
1134 1840 1255 1898 post
1280 1829 1438 1899 252
1469 1829 1883 1897 increpationem
1914 1843 2018 1881 non
2044 1838 2186 1881 eranl

2303 1838 2467 1884 νειαν,
2518 1823 2664 1880 ὅπως
2705 1823 2841 1891 μηδὲ
2876 1824 3011 1892 πρὸς
3044 1824 3212 1877 ὕπνον
3243 1826 3519 1896 ἀντισχεῖν
3551 1828 3860 1898 δυνάμενοι,

638 1923 763 1975 iacti
812 1922 1081 1984 meliores,
1141 1923 1233 1975 sed
1289 1937 1496 1976 sommo
1551 1921 1898 1974 iudulserant.
1955 1919 2016 1973 Et
2067 1920 2193 1988 quid

632 2013 801 2065 dicit?
831 2012 1068 2065 Dormite
1092 2029 1252 2075 nunc,
1279 2022 1332 2067 et
1355 2013 1692 2079 requiescite.
1712 2009 1813 2064 Per
1832 2011 2055 2063 ironiam
2080 2013 2194 2064 bare

629 2102 734 2155 ills
763 2101 1036 2168 loquitur;
1067 2102 1186 2168 quia
1212 2101 1354 2155 enim
1387 2101 1590 2155 sciebat
1621 2102 1804 2154 venire
1837 2101 2188 2169 proditorem,

629 2194 758 2248 dicit
780 2195 846 2246 ad
877 2193 990 2247 illos
1023 2211 1036 2246 :
1071 2193 1219 2246 Nunc
1253 2204 1462 2262 tempus
1492 2203 1573 2247 est
1601 2193 1921 2257 dormiendi,
1958 2193 2192 2246 dormite

629 2301 793 2348 nunc,
826 2301 949 2339 ecce
976 2285 1225 2341 inimicus
1256 2288 1421 2339 venit.
1452 2283 1562 2338 [loc
1585 2296 1762 2338 autem
1797 2285 1932 2339 dixit
1963 2284 2191 2339 irridens

628 2391 814 2430 eorum
858 2376 1292 2430 soutnoleutiam.
1321 2374 1385 2429 Et
1415 2377 1556 2444 (μιοιΙ
1595 2392 1688 2444 per
1718 2375 1944 2430 ironiam
1976 2375 2185 2439 dixerit,

624 2466 749 2520 audi
781 2468 1032 2536 quoniam
1069 2481 1189 2520 mox
1221 2469 1413 2519 subdat
1460 2482 1472 2517 :
1510 2465 1744 2534 Surgite,
1795 2481 1982 2520 eamus
2026 2484 2039 2518 :
2082 2482 2184 2519 non

624 2567 681 2610 ιιι
730 2559 933 2627 lugiant
979 2561 1078 2611 hoc
1111 2557 1316 2620 dicens,
1360 2558 1453 2610 sed
1505 2557 1675 2624 magis
1718 2567 1773 2609 ut
1805 2556 2015 2611 obviam
2062 2569 2187 2609 eant

625 2649 880 2703 inimicis.
921 2647 1148 2713 Quidam
1196 2659 1374 2700 autem
1428 2650 1529 2701 lioc
1583 2650 1722 2715 quod
1770 2647 1901 2700 dicit
1941 2667 1954 2700 :
1992 2646 2186 2699 Tristis

626 2749 709 2792 cst
741 2741 916 2792 anima
945 2755 1058 2793 mea
1087 2753 1257 2807 usque
1280 2741 1344 2789 ad
1371 2749 1616 2800 mortem,
1654 2739 1731 2790 sic
1765 2739 2179 2791 intellexerunt:

621 2828 818 2883 Tristis
845 2847 982 2894 sum,
1021 2846 1121 2882 non
1160 2832 1280 2897 quia
1319 2832 1626 2892 moriturus,
1655 2831 1745 2882 sed
1776 2831 1898 2896 quia
1935 2831 2185 2883 Israelita:

619 2922 898 2976 domestici
962 2923 1061 2974 mei
1111 2914 1206 2974 ἰιιε
1239 2920 1550 2974 cruciﬁxuri
1603 2929 1752 2983 sunt,
1799 2928 1852 2973 et
1899 2933 2181 2990 prOpIerea

623 3025 789 3080 regno
824 3011 912 3065 Dei
950 3011 1253 3078 ejicieutur.

2298 1912 2750 1980 ἐπαγγελλόμεθα
2802 1914 3065 1979 πολλάκις
3107 1916 3178 1968 τὰ
3230 1917 3466 1971 ἀδύνατα
3511 1920 3666 1988 ἡμῖν.
3704 1923 3868 1975 Πάλιν

2295 2001 2386 2054 οὗν
2419 2006 2482 2076 ἐκ
2517 1995 2700 2072 τρίτου
2736 2005 3123 2074 προσεύχεται,
3180 2007 3266 2060 διὰ
3304 2010 3418 2070 -τάς
3478 2010 3648 2072 αὐτὰς
3693 2013 3867 2076 αἰτίας

2293 2094 2359 2156 ἃς
2389 2097 2616 2165 εἴπομεν
2643 2096 2774 2148 ἄνω.
2824 2098 2931 2150 Καὶ
2981 2099 3200 2167 ἔρχεται
3237 2102 3418 2165 πάλιν,
3472 2106 3561 2154 καὶ
3601 2103 3867 2170 λέγειαύ-

2293 2191 2402 2251 τοῖς
2437 2189 2670 2259 (86-87),
2705 2192 2804 2243 οὐκ
2836 2192 3188 2262 ἐπιπλήσσων
3211 2208 3226 2223 ⁸
3261 2195 3434 2248 καίτοι
3482 2196 3590 2249 ἔδει
3637 2198 3842 2266 ἐπιτελῆ

2295 2281 2402 2346 ξαι,
2442 2282 2518 2344 ὼς
2558 2282 2690 2352 μηδέ
2745 2285 2884 2350 μετά
2927 2283 3026 2353 τὴν
3063 2285 3386 2356 ἐπιτίμησιν
3433 2287 3826 2358 βελτιιυθέντας
3852 2330 3865 2354 ,

2292 2372 2425 2426 ἀλλᾶ
2465 2375 2868 2442 παραδοθέντας
2900 2375 2976 2444 τῷ
3020 2375 3193 2439 ίόπνι,⁵
3236 2377 3287 2428 τί
3315 2375 3407 2431 οὖν
3433 2379 3616 2446 λέγεις
3651 2381 3866 2434 K1866-

2290 2465 2404 2516 δετε
2448 2465 2508 2517 τὸ
2559 2465 2744 2517 λοιπὸν
2795 2465 2888 2517 καὶ
2938 2467 3306 2522 ἀναπαύεσθε.
3348 2470 3782 2541 Εῐρωνευόμενος
3812 2475 3866 2526 δὲ

2289 2556 2443 2610 τοῦτο
2481 2556 2626 2625 λέγει
2657 2558 2792 2627 πρὸς
2819 2557 3014 2622 αὐτούς
3040 2577 3053 2590 ·
3086 2561 3208 2612 ἐπεὶ
3238 2561 3345 2631 γάρ
3372 2561 3490 2631 ᾔδει
3521 2561 3602 2614 ὅτι
3637 2564 3861 2632 ἔρχεται

2289 2648 2623 2717 όπροδότης,
2656 2649 2790 2717 φησι
2826 2649 2958 2718 πρὸς
2986 2650 3183 2713 αὐτούς
3235 2652 3317 2703 ὅτι
3370 2651 3484 2703 Νῦν
3525 2653 3721 2720 καιρός
3753 2655 3870 2705 ἐστι

2287 2739 2382 2790 τοῦ
2413 2739 2730 2809 κοιμᾶσθαι,
2785 2740 3076 2794 καθεύδετε
3110 2759 3122 2771 ·
3165 2743 3272 2795 ἰδοὺ
3317 2744 3345 2794 ό
3391 2743 3581 2813 ἐχθρὸς
3619 2744 3862 2813 ἔρχεται.

2288 2828 2459 2881 Τοῦτο
2503 2831 2558 2882 δέ
2605 2826 2747 2896 εἷπε,
2783 2832 3055 2899 ἐπιγελῶν
3109 2833 3184 2902 τῷ
3233 2833 3384 2903 ὕπνῳ
3411 2836 3613 2888 αὐτῶν.
3653 2836 3777 2888 Ὀτι
3809 2835 3867 2888 δὲ

2285 2922 2708 2991 εἰρωνευόμενος
2736 2923 2895 2976 τοῦτο
2909 2920 3094 2988 εἶπεν,
3128 2927 3292 2978 ἄκουε
3349 2933 3462 2989 πῶς
3497 2931 3865 2996 παρακατιὼν

2284 3011 2454 3079 λέγει’
2499 3013 2831 3084 Ἐγείρεσθε,
2864 3015 3088 3086 ἄγωμεν
3115 3035 3125 3046 ·
3152 3018 3250 3086 οὐχ
3281 3017 3368 3071 ἵνα
3389 3019 3444 3071 δέ
3475 3019 3693 3086 φύγωσι
3715 3020 3802 3072 τοῦ
3841 3036 3873 3072 ο

619 3109 797 3176 λέγει,
851 3108 962 3160 ἀλλ’
1012 3111 1097 3161 ἴνα
1133 3111 1331 3177 μᾶλλον
1380 3109 1753 3178 συναντήσωσι
1800 3112 1912 3170 τοῖς
1986 3110 2220 3180 ἐχθροῖς.
2259 3110 2415 3172 Τινές
2444 3110 2501 3162 δὲ
2535 3112 2615 3173 τὸ,
2645 3111 2948 3182 Περίλυπός
2975 3116 3122 3165 ἐστιν
3190 3115 3221 3182 ἡ
3251 3113 3394 3183 ψυχή
3433 3132 3535 3183 μου
3567 3117 3674 3178 ἕως
3705 3115 3868 3169 θανά-

617 3223 734 3270 του,
762 3206 929 3268 οὕτως
973 3205 1223 3270 ἐνόησαν,
1257 3205 1334 3257 ὅτι
1367 3205 1679 3276 Λυποῦμαι,
1723 3205 1783 3258 οὐ
1818 3205 1951 3258 διότι
1995 3206 2170 3275 μέλλω
2211 3204 2520 3269 ἀποθανεῖν,
2583 3206 2718 3258 ἀλλά
2746 3207 2878 3259 διότι
2906 3207 2955 3260 0t
2994 3207 3350 3277 Ἰσραηλῖται,
3412 3209 3460 3260 οἱ
3491 3210 3684 3262 οἰκεῖοί
3741 3227 3865 3286 μου,

618 3297 772 3352 αὐτοὶ
805 3297 1116 3366 σταυρῶσαί
1154 3313 1218 3365 με
1254 3297 1529 3365 μέλλουσι,
1573 3300 1666 3351 καὶ
1695 3298 1782 3350 διὰ
1814 3296 1973 3350 τοῦτο
2001 3299 2372 3368 ἀπορριφῆναι
2401 3299 2499 3366 τῆς
2533 3297 2815 3367 βασιλείας
2863 3299 2955 3351 τοῦ
2996 3300 3153 3354 Θεοῦ.

690 3389 852 3443 Vsus.
889 3388 1080 3442 45-49.
1129 3396 1144 3439 ι
1183 3389 1245 3442 Et
1281 3390 1556 3453 continuo,
1597 3390 1773 3443 adhuc
1807 3404 1871 3443 eo
1906 3389 2178 3460 loquente,
2210 3397 2251 3453 ο

615 3485 824 3541 accedit
870 3483 1055 3546 ludas,
1094 3484 1183 3552 qui
1230 3494 1345 3537 erat
1382 3499 1522 3539 unus
1554 3501 1584 3540 e
1612 3486 1920 3553 duodecim,
1958 3497 2013 3541 et
2057 3501 2177 3540 cum

621 3579 714 3633 illo
749 3580 902 3630 turba
953 3577 1113 3630 multa
1161 3594 1282 3631 cum
1313 3577 1501 3646 gladiis
1533 3589 1585 3632 et
1633 3578 1859 3634 fustibus
1896 3595 1924 3632 a
1957 3581 2182 3636 summis

617 3673 988 3727 sacerdOtibus
1018 3680 1070 3724 et
1116 3669 1325 3724 Scribis
1368 3680 1419 3724 et
1451 3670 1776 3725 senioribus.
1827 3671 2055 3724 Dederat
2087 3687 2183 3722 au-

617 3774 722 3817 tem
762 3763 806 3815 is
859 3765 946 3829 qui
984 3765 1242 3829 prodebat
1286 3778 1428 3822 eum,
1474 3775 1758 3814 commune
1806 3761 2016 3830 signum
2053 3761 2177 3816 illis.

619 3853 844 3906 dicens:
879 3852 1263 3921 Quemcunque
1312 3853 1586 3904 osculatus
1619 3851 1791 3916 fuero,
1824 3851 1868 3905 is
1898 3861 2000 3914 est,
2028 3868 2175 3906 com-

613 3943 929 4013 prehendite
951 3958 1098 4006 eum,
1124 3951 1178 3996 et
1206 3942 1454 3996 abducite
1480 3951 1653 3996 caute.
1680 3941 1740 3994 Et
1765 3958 1885 3996 cum
1912 3945 2175 4005 venisset,

614 4035 860 4103 protinus
922 4034 1130 4087 accedit
1188 4033 1252 4086 ad
1305 4031 1477 4094 illum,
1537 4033 1776 4100 dicitque
1831 4033 1916 4094 ei,
1984 4031 2175 4097 Rabbi,

614 4127 782 4181 Rabiri
815 4143 828 4180 :
863 4143 925 4180 ac
954 4125 1306 4179 deosculatus
1332 4133 1414 4179 est
1451 4139 1594 4178 eum.
1624 4123 1699 4177 Illi
1729 4139 1854 4178 vero
1883 4125 2179 4193 iniecerunt

613 4220 666 4273 in
721 4220 865 4272 illum
923 4233 1108 4272 manus
1156 4234 1303 4282 suas,
1343 4225 1396 4272 et
1449 4218 1976 4283 comprehenderunt
2023 4233 2170 4270 eum.

618 4311 767 4364 Unus
823 4322 1000 4364 autem
1054 4310 1319 4378 quispiam
1368 4309 1682 4372 astantium,
1730 4310 1926 4361 educto
1973 4307 2173 4378 gladio,

613 4403 880 4471 percussit
923 4416 1140 4454 servum
1189 4402 1383 4453 summi
1416 4401 1734 4464 sacerdotis,
1768 4407 1820 4454 et
1876 4402 2174 4467 amputavit

614 4494 907 4546 auriculam
955 4493 1091 4561 ejus.
1137 4492 1202 4545 Et
1242 4493 1570 4559 respondens
1615 4489 1795 4555 Jesus,
1851 4492 1983 4544 dixit
2024 4492 2167 4545 illis:

613 4583 893 4650 Tanquam
953 4585 1017 4637 ad
1060 4585 1319 4636 latronem
1371 4583 1559 4636 existis
1601 4598 1721 4635 cum
1756 4583 1947 4652 gladiis
1991 4599 2052 4639 ac
2090 4585 2170 4638 [ιι-

613 4675 782 4729 stibus
831 4677 893 4728 ad
941 4675 1493 4743 cmnpreheudeuduut
1552 4689 1636 4726 me
1685 4695 1695 4727 :
1739 4676 1970 4742 quotidie
2021 4691 2167 4729 eram

2377 3409 2393 3440 ι
2442 3391 2552 3442 Καὶ
2577 3392 2797 3454 εὐθέως,
2836 3392 2915 3444 ἔτι
2952 3393 3118 3445 αὐτοῦ
3155 3392 3463 3460 λαλοῦντος,
3499 3398 3864 3464 παραγξνεται

2299 3478 2498 3545 Ἰούδας
2528 3475 2606 3544 εἷς
2643 3482 2751 3533 τῶν
2784 3483 3012 3546 δώδεκα,
3046 3484 3138 3536 καὶ
3176 3484 3292 3554 μετ’
3326 3484 3491 3538 αὑτοῦ
3524 3485 3680 3555 ὀχλος
3701 3487 3864 3548 πολὺς

2288 3571 2425 3639 μετά
2483 3572 2767 3641 μαχαιρῶν
2812 3575 2908 3626 καὶ
2955 3573 3149 3638 ξύλων,
3208 3574 3360 3645 παρά
3400 3575 3510 3626 τῶν
3557 3578 3861 3647 ἀρχιερέων

2284 3661 2379 3714 καὶ
2411 3662 2518 3714 τῶν
2575 3665 2957 3735 Γραμματέων
2989 3667 3082 3718 καὶ
3117 3667 3225 3718 τῶν
3255 3666 3666 3736 πρεσϐυτέρων.
3713 3669 3860 3722 Ἐδε-

2281 3753 2444 3807 δώκει
2487 3755 2543 3808 δέ
2577 3758 2602 3808 ό
2631 3756 2958 3826 παραδιδοὺς
3003 3758 3165 3810 αὐτὸν
3213 3759 3492 3827 σύσσημον
3529 3759 3742 3822 αὐτοῖς,
3776 3761 3862 3814 λέ-

2281 3861 2416 3914 γων·
2446 3847 2543 3899 Ὃν
2578 3847 2642 3900 ἂν
2671 3848 2913 3917 φιλήσω,
2959 3850 3121 3912 αὑτός
3165 3851 3304 3901 ἐστι·
3329 3852 3640 3920 κρατήσατε
3677 3852 3859 3912 αὐτὸν,

2281 3940 2372 3992 και⁸
2402 3939 2715 4008 ἀπαγάγετε
2757 3941 3040 4008 ἀσφαλῶς.
3093 3943 3202 3994 Καὶ
3229 3942 3422 4006 ἐλθὼν,
3458 3942 3664 4006 εὐθέως
3694 3960 3860 4013 προσ-

2281 4028 2451 4081 ελθὼν
2482 4031 2652 4100 αὐτῷ,
2687 4031 2834 4098 λέγει
2873 4032 3043 4102 αὐτῷ’
3092 4032 3298 4097 Ῥαϐσι,
3341 4033 3530 4086 Ῥαὸὅί
3553 4053 3566 4066 ·
3603 4035 3696 4086 καὶ
3728 4051 3859 4087 κατε

2280 4121 2536 4192 εφίλησεν
2597 4123 2779 4176 αὐτόν.
2836 4126 2901 4175 Ol
2943 4123 3000 4176 δέ
3071 4123 3337 4177 ἐπέϐαλον
3392 4125 3478 4176 ἐπ’
3543 4126 3708 4178 αὑτὸν
3763 4126 3859 4190 τάς

2284 4217 2494 4285 χεῖρας,
2529 4217 2621 4266 καί
2665 4215 2978 4285 ἐκράτησαν
3027 4217 3211 4270 αὐτόν.
3257 4211 3345 4280 Εἷς
3373 4217 3427 4269 δέ
3459 4233 3543 4280 τις
3575 4218 3684 4269 τῶν
3719 4235 3858 4287 παρ·

2280 4308 2616 4375 εστηκότων,
2658 4310 3008 4377 σπασάμενος
3045 4309 3338 4378 μάχαιραν,
3389 4309 3578 4361 ἔπαισε
3621 4310 3712 4361 τὸν
3739 4308 3854 4361 δοῦ-

2280 4397 2370 4450 λον
2406 4397 2499 4450 τοῦ
2535 4394 2855 4468 ἀρχιερέως,
2918 4399 3013 4452 καὶ
3064 4399 3284 4467 ἀφεῖλεν
3343 4399 3507 4453 αὑτοῦ
3560 4400 3621 4451 τὸ
3673 4401 3850 4454 ὠτίον.

2279 4491 2390 4543 Καὶ
2438 4489 2757 4560 ἀποκριθεὶς
2812 4491 2840 4542 ὁ
2877 4490 3088 4559 Ἰησοῦς
3143 4486 3299 4544 εἶπεν
3358 4492 3578 4552 αὐτοῖς·
3621 4492 3712 4556 Ὠς
3767 4494 3854 4545 ἐπὶ

2275 4583 2476 4653 λῃστὴν
2506 4582 2760 4652 ἐξήλθετε
2795 4585 2933 4653 μετὰ
2992 4585 3282 4653 μαχαιρῶν
3317 4585 3410 4637 καὶ
3455 4583 3632 4648 ξύλων
3667 4585 3852 4638 συλλα-

2277 4676 2390 4726 ϐεῖν
2424 4691 2512 4739 με·
2559 4675 2680 4727 καθ’
2723 4675 2937 4745 ἡμέραν
2965 4675 3112 4746 ἥμην
3147 4675 3283 4744 πρὸς
3313 4676 3454 4744 ὑμᾶς
3498 4676 3557 4726 ἐν
3605 4675 3684 4744 τῷ
3729 4675 3852 4746 ἱερῷ

615 4766 890 4820 vobiscum
924 4768 972 4819 in
1001 4765 1193 4833 templo
1225 4766 1445 4826 docens,
1479 4776 1659 4819 etnon
1691 4765 2173 4834 comprelieudistis

2290 4766 2568 4828 διδάσκων,
2602 4767 2695 4817 καὶ
2734 4742 3200 4837 ούκνέκρατήσατέ
3228 4784 3315 4836 με,
3349 4742 3463 4818 ἀλλ’
3505 4768 3592 4832 ἵνα
3639 4742 3852 4837 πληρω-

616 4873 700 4911 me
728 4875 739 4908 :
769 4856 859 4912 sed
897 4861 991 4909 ista
1021 4857 1172 4922 tiunt,
1207 4868 1263 4909 ut
1309 4856 1634 4925 impleantur
1665 4857 1974 4926 Scriptura}.
2008 4877 2024 4907 ι
2060 4857 2173 4912 Non

614 4947 813 5001 frustra
863 4946 1128 5016 adjectqu
1179 4955 1261 5000 est
1296 4964 1307 4998 :
1347 4946 1495 5000 Unus
1543 4961 1606 5000 ex
1641 4947 1939 5012 duodecim,
1986 4948 2077 5002 sed
2120 4948 2170 5001 iu

2281 4857 2443 4910 θῶσιν
2470 4859 2524 4910 αἱ
2581 4857 2814 4927 Γραφαί.
2849 4877 2867 4910 ι
2903 4855 2997 4921 Τὸ,
3026 4855 3125 4923 Εἷς
3148 4860 3256 4913 τῶν
3302 4860 3532 4924 δώδεκα,
3577 4865 3640 4914 οὺ
3678 4864 3848 4934 μάτην

2287 4949 2628 5018 πρόσκειται.
2685 4952 2825 5003 Ἀλλ’
2878 4955 2956 5016 είς
3018 4954 3356 5024 κατηγορίαν
3405 4955 3500 5007 τοῦ
3569 4956 3844 5026 προδότου.

1565 5115 1657 5172 Ex
1707 5109 2046 5171 collatione
2081 5109 2265 5172 codd.
2302 5114 2527 5176 Venet.
2560 5118 2620 5175 :5.
2667 5116 2887 5179 Marci.

686 5260 890 5330 (86-87)
925 5258 1055 5313 Cod.
1098 5257 1166 5330 26
1212 5256 1356 5330 addit
1399 5277 1408 5310 :
1449 5256 1772 5330 Καθεύδετε
1811 5257 2044 5330 diremti-7
2070 5259 2165 5330 και

609 5325 1284 5393 ἀναπαύεσθε·ἁπέχει,
1315 5325 1499 5396 ἦλθεν
1552 5329 1588 5392 ἡ
1629 5327 1768 5394 ὥρα.
1825 5329 1888 5378 Τί
1943 5329 2057 5378 ἐστὶ
2115 5328 2175 5380 τὸ

610 5401 816 5467 ἀπέχει
846 5418 862 5462 ;
898 5401 1094 5466 Εῖρηκε
1131 5401 1229 5466 μέν
1263 5415 1365 5461 τις,
1399 5400 1480 5450 ὅτι
1516 5399 1711 5450 Ἔλαὸε
1743 5398 1839 5466 τὴν
1882 5400 1998 5449 κατ’
2040 5397 2173 5465 ἐμοῦ

611 5471 858 5536 ἐξουσίαν
882 5472 908 5520 ὁ
936 5469 1197 5530 διάϐολος.
1239 5469 1394 5536 Ἐμοὶ
1421 5468 1476 5519 δέ
1500 5469 1558 5518 οὺ
1581 5469 1745 5519 δοκεῖ·
1775 5467 1908 5519 ἀλλὰ
1936 5467 2174 5531 τοιοῷτόν

608 5556 659 5590 τι
713 5539 879 5606 δηλοῖ,
925 5538 1141 5605 Ἀπέχει
1175 5539 1240 5589 τά
1269 5540 1389 5589 κατ’
1429 5536 1548 5606 ἐμὲ.
1591 5538 1790 5606 ἠγουν,
1827 5539 1997 5604 πέρας
2033 5537 2168 5603 ἔχει·

611 5608 703 5678 καὶ
749 5609 856 5678 γὰρ
889 5610 1038 5678 παρὰ
1079 5607 1170 5659 τοῦ
1214 5608 1686 5678 Λουκᾶίείρηται,
1712 5610 1802 5678 Ta
1846 5608 1977 5673 περὶ
2024 5606 2171 5678 ἐμοῦ

607 5677 783 5740 τέλος
814 5676 980 5746 ἕχειζ
1002 5678 1093 5729 Ἐκ
1122 5679 1303 5743 τρίτου
1337 5677 1467 5744 γοῦν
1501 5676 1810 5743 προσελθὼν
1843 5682 1962 5746 τοῖς
1990 5677 2169 5745 μαθη-

611 5750 726 5809 ταῖς
777 5745 952 5814 λέγει,
1010 5750 1108 5801 οὐκ
1162 5747 1544 5816 επιπλήσσων,
1585 5763 1635 5801 κ.
1683 5763 1730 5799 τ.
1770 5748 1816 5800 λ.
1875 5766 1891 5798 ι
1935 5745 2170 5801 Dormite

2282 5259 2527 5324 post/tm,
2561 5268 2608 5311 et
2647 5258 2951 5327 requiesile:
2990 5259 3173 5326 sufﬁcit
3195 5302 3209 5325 ,
3240 5260 3373 5313 venit
3410 5261 3564 5312 hora.
3597 5258 3739 5324 Quid
3767 5267 3841 5313 est

2277 5329 2401 5381 illud
2429 5369 2442 5391 ,
2471 5330 2656 5397 sufﬁcit
2684 5331 2706 5381 ?
2737 5329 2945 5382 Dixerit
2994 5331 3239 5398 equidem
3275 5344 3576 5393 nonnemo,
3619 5331 3722 5382 hoc
3756 5345 3840 5398 pc-

2277 5400 2424 5469 riude
2453 5415 2592 5461 esse,
2627 5414 2688 5452 ac
2708 5440 2723 5463 ,
2754 5401 2972 5467 Accepit
3007 5401 3059 5452 in
3106 5415 3190 5453 me
3217 5400 3459 5454 diabolus
3491 5409 3834 5469 potestatem.

2273 5466 2399 5521 Mlltl
2432 5477 2618 5540 autem
2660 5485 2761 5540 non
2809 5466 3175 5532 ita’videtur;
3214 5471 3304 5522 sed
3337 5471 3442 5522 tale
3472 5466 3601 5540 quid
3634 5469 3831 5537 signiti-

2271 5552 2394 5588 care
2431 5555 2443 5588 :
2493 5536 2777 5590 Sufﬁciunt
2810 5555 2871 5602 ea
2910 5553 3029 5606 quae
3059 5550 3243 5591 contra
3272 5554 3358 5592 me
3387 5536 3510 5594 sunt
3544 5552 3563 5590 :
3597 5536 3704 5592 hoc
3729 5547 3826 5602 est,

2273 5609 2554 5659 terminum
2587 5609 2801 5660 habent.
2838 5607 2966 5660 Nam
2997 5616 3050 5660 et
3080 5621 3109 5659 a
3135 5606 3276 5675 Lnga
3307 5609 3575 5675 (.nu,'57)
3601 5607 3794 5662 dicitur
3815 5648 3830 5662 .

2273 5675 2402 5740 Qua;
2435 5679 2496 5729 de
2524 5692 2602 5729 me
2633 5685 2751 5729 sunt
2789 5677 2946 5744 ﬁnem
2974 5677 3181 5731 habent.
3219 5675 3402 5731 Tertio
3427 5680 3589 5747 igitur
3621 5678 3833 5734 venint

2271 5748 2334 5799 ad
2365 5747 2670 5818 discipulos,
2702 5748 2851 5811 dicit,
2893 5763 2997 5804 non
3021 5749 3130 5819 jam
3162 5749 3556 5820 perstringens.
3595 5767 3618 5804 ι
