4108 6334
304 359 413 428 657

985 365 1432 426 ENAIIRATIO
1472 365 1553 426 IN
1594 365 2095 429 EVANGELIUM
2131 365 2390 425 MARCI.
2431 391 2498 400 -
2537 365 2696 426 CAP.
2741 363 2893 424 XIV.

3467 360 3572 422 65-8

303 477 429 529 ὀτι
451 475 543 527 τοῦ
570 475 787 545 πρώτου
811 475 974 547 χοροῦ
1002 476 1098 539 ὢν,
1124 478 1270 531 κατά
1301 477 1393 530 τοῦ
1424 477 1698 531 Δεσπότου
1728 477 1876 531 tm.

1990 476 2281 547 proditoris
2309 476 2749 539 detestationem,
2773 475 2916 542 quod
2944 489 3066 527 cum
3095 488 3159 528 ex
3185 475 3361 543 primo
3383 477 3575 530 ordine

299 588 490 641 τησσν.
544 572 646 626 Ἴδε
700 572 756 626 δὲ
810 572 902 625 καὶ
959 572 1059 644 τὴν
1101 571 1462 642 ἀναισθησίαν
1511 571 1720 636 αὐτοῦ,
1764 570 1884 634 πῶς

301 665 521 735 ἐνόμισε
543 665 725 719 λαθεῖν
747 667 838 719 τὸν
873 666 1077 738 Κύριον
1100 668 1164 720 ἐκ
1197 665 1293 719 τοῦ
1325 667 1654 735 φιλήματος,
1680 666 1754 728 ὡς
1784 664 1884 734 δῆ-

300 757 396 810 θεν
425 757 576 824 φίλος
624 758 1114 829 νομισθησόμενος.
1154 758 1259 812 Kal
1310 760 1357 810 εί
1411 758 1563 826 φίλος
1593 756 1880 826 ἐτύγχανε,

299 847 446 910 τίνος
472 849 634 903 ἕνεκα
672 850 814 919 μετὰ
849 852 958 903 τῶν
998 850 1211 921 ἐχθρῶν
1238 845 1438 922 ἦλθενς
1485 851 1694 912 Ὄντως
1719 847 1884 917 ἀνότΓ

299 929 398 994 τον
425 943 458 1011 ἡ
509 942 764 1012 πονηρία.
820 938 914 1007 Εἷς
955 943 1012 996 δέ
1064 961 1148 1006 τις
1197 944 1304 996 τῶν
1358 941 1808 1014 παρεστηκότων,
1849 940 1882 992 ό

304 1031 512 1102 Πέτρος
563 1027 718 1096 οὗτος
770 1028 860 1104 ἦν,
917 1035 1216 1105 ἀποσιωπᾷ
1250 1033 1398 1086 δὲτὸ
1444 1031 1616 1102 ὄνομα
1647 1031 1813 1086 αὑτοῦ
1851 1033 1882 1085 ὁ

298 1121 548 1192 Μάρκος,
573 1123 659 1177 ἵνα
691 1127 767 1194 μὴ
789 1125 914 1194 δόξῃ
949 1127 1198 1177 ἐπαινεῖν
1237 1125 1326 1176 τὸν
1357 1121 1680 1176 διδάσκαλον
1712 1120 1878 1175 αὑτοῦ

301 1213 531 1282 Πέτρον,
581 1215 658 1278 ὡς
697 1216 1016 1288 ζηλώσαντα
1053 1217 1195 1286 ὑπὲρ
1251 1215 1342 1268 τοῦ
1390 1214 1648 1285 Χριστοῦ.
1685 1213 1880 1276 Καλῶς

296 1303 355 1356 δὲ
386 1304 447 1357 τὸ
475 1304 634 1359 ὠτίον
668 1307 763 1360 τοῦ
794 1308 984 1361 δούλου
1037 1309 1130 1360 τοῦ
1164 1309 1469 1378 ἀρχιερέως
1514 1306 1759 1373 ἀφεῖλεν.
1789 1304 1880 1355 At-

297 1388 538 1443 νίττεται
577 1397 686 1464 γὰρ
733 1395 812 1447 ὅτι
859 1399 1125 1464 παρήκοοι
1159 1392 1300 1465 ἦσαν
1353 1397 1442 1448 καὶ
1474 1394 1737 1459 ἀπειθεῖς,
1773 1392 1881 1444 τῶν

295 1479 532 1549 Γραφῶν
589 1483 1042 1552 καταμελοῦντες.
1085 1485 1144 1536 Εί
1203 1487 1310 1556 γὰρ
1370 1479 1515 1553 εἶχον
1570 1477 1730 1544 ὦτα,
1769 1482 1880 1534 τῶν

297 1573 533 1644 Γραφὼν
577 1578 972 1640 κατακούοντα,
1009 1581 1110 1632 οὐκ
1137 1580 1200 1632 ἂν
1232 1581 1322 1633 τὸν
1357 1580 1559 1648 Κύριον
1594 1579 1693 1645 τῆς
1721 1577 1880 1646 δόξης

295 1668 671 1734 ἐσταύρωσαν.
706 1671 818 1722 Οὔκ
854 1671 1013 1724 ἄλλον
1045 1673 1099 1724 δὲ
1129 1671 1316 1725 δοῦλον
1347 1672 1574 1724 ἔπαισεν
1599 1673 1625 1723 ὁ
1648 1670 1877 1739 Πέτρος,

293 1756 431 1809 ἀλλὰ
462 1761 554 1810 τοῦ
582 1761 907 1831 ἀρχιερέως.
954 1766 1015 1815 Ui
1044 1764 1152 1833 γὰρ
1192 1765 1470 1834 ἀρχιερεῖς
1534 1763 1738 1832 πρῶτοι
1772 1761 1879 1812 τῶν

293 1847 528 1917 Γραφῶν
584 1829 922 1920 παρήκουον,
956 1829 1134 1906 δοῦλοι
1170 1829 1368 1923 φθόνου
1431 1854 1525 1907 καὶ
1578 1829 1877 1922 *φιλαυτίας
1909 1829 1956 1888 Β

290 1939 600 2008 γινόμενοι.
657 1940 790 1997 Eine
843 1946 899 1997 δὲ
958 1948 1070 2008 τοῖς
1111 1946 1292 2014 ὄχλοις
1325 1963 1338 1978 ·
1392 1945 1480 2009 Ὠς
1530 1947 1624 1999 ἐπὶ
1674 1945 1880 2015 λῃστὴν

292 2032 576 2104 ἐξήλθετε
607 2036 730 2089 καθ’
760 2037 975 2107 ἡμέραν
1011 2039 1291 2090 ἐδίδασκον
1329 2040 1388 2090 ἐν
1411 2039 1488 2108 τῷ
1514 2037 1666 2108 ιερῷ.
1707 2037 1880 2091 Τοῦτο

289 2127 349 2178 ὁὶ
384 2126 484 2196 τὴν
518 2127 748 2200 θεότητα
787 2130 953 2182 αὑτοῦ
1006 2131 1302 2185 δείκνυσιν.
1353 2132 1484 2185 Ὅτε
1543 2132 1652 2200 γὰρ
1706 2133 1764 2183 ὲν
1803 2130 1880 2201 τῷ

290 2217 430 2290 ίερῷ
488 2220 792 2287 ἐδίδασκεν,
853 2221 952 2276 οὐκ
1012 2223 1362 2294 ἠδυνήθησαν
1412 2223 1575 2276 αὐτὸν
1634 2225 1876 2293 συσχεϊν,

289 2313 472 2368 καίτοι
499 2315 559 2366 ὲν
589 2316 782 2386 χερσὶν
815 2316 993 2369 αὐτῶν
1029 2317 1180 2381 ὅντα,
1214 2318 1296 2370 ὅτι
1334 2319 1500 2387 μήπω
1536 2320 1564 2370 ό
1586 2317 1779 2385 καιρὸς
1809 2312 1878 2386 ἦν

289 2404 386 2457 τοῦ
419 2405 648 2469 πάθους.
686 2406 815 2460 Ὅτε
863 2407 918 2461 δὲ
959 2409 1217 2479 ἠθέλησε,
1241 2410 1360 2462 τότε
1396 2410 1586 2462 ἑαυτὸν
1631 2409 1880 2478 παρέδωο

287 2512 408 2561 κεν,
454 2498 539 2550 ῐνα
591 2499 952 2568 πληρωθῶσιν
999 2501 1054 2554 al
1128 2502 1346 2573 Γραψαὶ
1400 2502 1510 2554 τῶν
1557 2498 1878 2571 προφητῶν,

289 2579 377 2640 ὃτι
422 2588 511 2652 Ὠς
546 2590 822 2658 πρόϐατον
875 2593 968 2644 ἐπὶ
1022 2595 1240 2663 σφαγὴν
1287 2595 1452 2664 ἢχθη,
1507 2595 1608 2647 οὐκ
1655 2592 1875 2663 ἐρίζων,

289 2678 415 2733 οὐδὲ
453 2681 802 2750 κραυγάζων,
833 2682 947 2735 ἀλλ’
995 2685 1266 2755 ἑπόμενος
1300 2685 1462 2740 ἑκών.

369 2873 388 2906 ι
417 2856 525 2907 Kal
556 2858 783 2923 ἀφέντες
812 2859 974 2912 αὐτὴν
1001 2859 1225 2923 πάντες,
1255 2860 1474 2928 ἔφυγον.
1530 2860 1639 2914 Kal
1662 2857 1744 2924 εἷς
1788 2877 1876 2923 τις

286 2948 576 3011 νεανίσκος
606 2951 891 3018 ἠκολούθει
923 2953 1093 3024 αὐτῷ,
1132 2953 1600 3025 περιϐεϐλημένος
1657 2956 1872 3008 σινδόνα

287 3043 385 3092 ἐπὶ
416 3046 646 3111 γυμνοῦ.
688 3045 798 3098 Kal
827 3047 1122 3116 κρατοῦσιν
1157 3049 1325 3102 αὐτὸν
1375 3051 1425 3102 ol
1473 3047 1768 3103 νεανίσκοι.
1813 3049 1875 3101 '0

283 3135 366 3198 δὲ,
391 3137 708 3191 καταλιπὼν
725 3140 822 3208 τὴν
841 3141 1076 3204 σινδόνα,
1097 3143 1302 3211 γυμνὸς
1323 3143 1522 3210 ἔφυγεν
1546 3142 1642 3194 ἀπ’
1665 3141 1868 3195 αὐτῶν.
1901 3179 1944 3236 c

183 3267 200 3277 .
287 3229 399 3281 Kal
417 3231 703 3300 ἀπήγαγον
719 3232 807 3286 τὸν
841 3232 1048 3304 Ἰησοῦν
1071 3235 1205 3304 πρὸς
1223 3235 1314 3286 τὸν
1344 3235 1628 3305 ἀρχιερέα,
1655 3235 1748 3286 καὶ
1772 3251 1867 3286 συ-

286 3321 576 3392 νέρχονται
602 3324 751 3394 αὐτῷ
768 3325 966 3388 πάντες
993 3327 1040 3378 οἱ
1066 3328 1365 3396 ἀρχιερεῖς,
1388 3327 1481 3379 καὶ
1503 3328 1549 3380 οί
1575 3325 1874 3398 πρεσϐύτε-

289 3429 377 3482 ροι
426 3415 520 3466 καὶ
545 3415 594 3467 οἱ
627 3415 1004 3486 Γραμματείς.
1049 3419 1154 3470 Καὶ
1182 3421 1209 3471 ὁ
1240 3419 1444 3490 Πέτρος
1467 3419 1574 3472 ἀπὸ
1601 3419 1872 3489 μακρόθεν

283 3505 660 3576 ἠκολούθησεν
708 3509 857 3579 αὐτῷ
883 3509 989 3572 ἕως
1017 3507 1124 3561 ἐοω
1147 3511 1227 3572 είς
1251 3509 1348 3581 τὴν
1379 3511 1549 3581 αὐλὴν
1575 3510 1669 3563 τοῦ
1695 3515 1876 3581 ἀρχιε-

291 3597 452 3667 ρέως,
487 3600 582 3650 καὶ
605 3595 670 3669 ἦν
719 3598 1136 3670 συγκαθήμενος
1162 3601 1303 3670 μετά
1337 3601 1445 3654 τῶν
1468 3601 1758 3671 ὑπηρετῶν
1779 3603 1874 3654 καὶ

287 3690 722 3761 θερμαινόμενος
764 3693 897 3760 πρὸς
925 3694 986 3746 τὸ
1035 3694 1171 3761 φῶς.
1209 3714 1226 3745 ι
1257 3694 1498 3762 Ἐφυγον
1529 3695 1577 3746 οί
1607 3693 1870 3763 μαθηταί.

291 3784 413 3836 Οὐκ
435 3779 501 3852 ἦν
528 3784 632 3851 γὰρ
661 3783 971 3852 ψεύσασθαι
1005 3786 1104 3856 τὴν
1132 3786 1528 3855 αὑτοαλήθειαν
1554 3827 1568 3850 ,
1597 3786 1718 3839 οὐδὲ
1746 3787 1874 3849 τοὺς

286 3875 596 3942 προφήτας.
627 3870 722 3938 Εἷς
749 3876 807 3928 δέ
838 3893 918 3939 τις
947 3877 1228 3938 νεανίσκος
1267 3877 1638 3948 ἠκολούθησεν
1698 3877 1871 3946 αὐτῷ.

287 3959 458 4028 οὗτος
493 3967 547 4019 δὲ
577 3968 604 4019 ό
644 3967 924 4030 νεανίσκος
950 3967 1094 4030 είκδς
1126 3969 1208 4019 ὅτι
1242 3969 1305 4019 ὲκ
1347 3969 1447 4034 τῆς
1493 3968 1671 4028 οἰκίας
1725 3967 1872 4019 ὲκεί-

286 4074 388 4125 νης
418 4052 506 4127 ἦν,
533 4060 590 4109 ἐν
682 4059 882 4126 ἔφαγον
909 4059 971 4112 τὸ
1006 4060 1209 4128 πάσχα.
1229 4060 1387 4123 Τινὲς
1412 4061 1468 4112 δέ
1492 4077 1622 4129 φασι
1659 4061 1869 4127 τοῦτον,

284 4149 548 4201 Ἰάκωϐον
602 4146 741 4205 εἶναι
790 4152 881 4204 τὸν
932 4151 1298 4220 ἀδελφόθεον,
1359 4151 1451 4205 τὸν
1511 4153 1875 4223 ἐπικληθέντα

289 4239 534 4294 Δίκαιον.
573 4238 741 4306 Οὗτος
785 4243 894 4315 γὰρ
937 4245 1018 4296 ἐνὶ
1075 4245 1413 4316 περιϐολαίῳ
1448 4247 1715 4316 ἐκέχρητο
1769 4249 1874 4300 πᾶ-

287 4345 392 4380 σαν
435 4329 528 4400 τὴν
566 4331 734 4384 αὐτοῦ
769 4333 918 4403 ζωήν
942 4350 957 4364 ο
997 4335 1056 4397 ὃς
1088 4336 1182 4387 καὶ
1211 4335 1302 4390 τὸν
1352 4335 1544 4407 θρόνον
1570 4337 1677 4389 τῶν
1711 4337 1874 4408 Ἰερο-

288 4421 540 4491 σολῦμων
571 4423 724 4494 παρὰ
750 4425 859 4478 τῶν
888 4426 1202 4480 ἀποστόλων
1241 4427 1402 4482 ιλαδε
1452 4429 1590 4498 μετὰ
1630 4429 1728 4501 τὴν
1776 4428 1871 4482 τοῦ

1987 579 2149 630 esset,
2187 570 2256 622 ita
2289 577 2477 623 centra
2503 567 2819 634 magistrum
2849 567 3186 621 insaniverit.
3221 566 3354 622 Vide
3389 575 3571 621 autem

1988 669 2261 725 stuporem
2313 651 2476 718 illius,
2522 656 2795 724 quomodo
2835 656 3039 723 putarit
3085 668 3245 724 posse
3279 656 3568 709 Dominum

1989 751 2191 813 latere,
2242 751 2384 819 quod
2441 765 2535 820 pro
2581 748 2759 800 amico
2820 748 3102 801 habendus
3150 757 3296 801 esset
3352 755 3570 815 propter

1986 838 2229 898 Osculum
2259 857 2273 905 ;
2310 857 2432 895 nam
2469 843 2513 894 si
2549 844 2756 895 amicus
2786 851 2926 905 erat,
2975 855 3146 909 qnare
3181 855 3301 892 cum
3335 838 3570 891 inimicis

1987 933 2284 989 veniebat?
2317 933 2525 987 Revera
2571 934 2774 988 malitia
2810 948 3025 1000 semper
3068 931 3233 985 stulta
3283 938 3383 983 est.
3425 930 3573 985 Unus

1986 1038 2165 1082 autem
2201 1027 2466 1095 quispiam
2499 1028 2817 1090 astantium‘,
2850 1025 3044 1079 Petrus
3078 1025 3166 1078 bic
3201 1033 3341 1086 erat,
3373 1023 3574 1075 obticet

1985 1131 2168 1174 autem
2213 1133 2407 1172 nomen
2454 1117 2572 1187 ejus
2606 1117 2840 1180 Marcus,
2881 1126 2938 1169 ut
2969 1130 3035 1168 ne
3069 1114 3315 1168 videatur
3351 1116 3574 1168 laudaro

1986 1221 2377 1279 prmceptorem
2437 1224 2596 1262 suum
2653 1209 2871 1263 Petrum
2931 1207 3152 1275 majoris
3204 1220 3302 1274 pro
3355 1205 3576 1261 Christo

1985 1301 2108 1354 leli.
2144 1300 2308 1355 Recte
2343 1309 2523 1355 autem
2555 1300 2855 1354 auriculam
2893 1306 3034 1352 servi
3085 1300 3282 1355 summi
3317 1299 3574 1353 sacerdo-

1987 1393 2054 1446 tis
2093 1394 2417 1463 amputavit.
2461 1393 2647 1447 Innuit
2679 1393 2824 1446 enim
2863 1392 3005 1461 quod
3055 1393 3244 1447 audire
3276 1393 3482 1446 nollent
3518 1400 3577 1446 et

1984 1487 2229 1552 credere,
2270 1493 2683 1542 contemnentes
2725 1485 3063 1553 Scripturas.
3117 1486 3172 1538 Si
3228 1486 3371 1540 enim
3407 1501 3570 1538 aures

1985 1578 2301 1633 habuissent
2337 1594 2457 1648 qu:e
2500 1577 2812 1648 Scripturas
2843 1579 3187 1642 exaudirent,
3224 1591 3572 1646 nequaquam

1986 1650 2274 1724 Dominum
2312 1669 2498 1738 gloriae
2548 1668 2974 1722 cruciﬁxissent.
3017 1666 3130 1722 Non
3176 1679 3354 1722 autem
3407 1668 3570 1720 alium

1985 1778 2146 1830 quam
2190 1761 2460 1829 pontiﬁcis
2511 1777 2729 1816 servum
2780 1762 3048 1829 percussit
3091 1761 3305 1815 Petrus.
3352 1760 3576 1813 Pontili—

1986 1867 2077 1907 ces
2109 1852 2251 1906 enim
2285 1853 2442 1922 primi
2489 1852 2803 1921 Sor-ipturas
2845 1854 3299 1921 aspernabantur,
3338 1851 3460 1904 facti
3495 1853 3577 1904 in-

1985 1945 2141 1998 cidite
2189 1954 2242 1997 et
2281 1948 2362 1996 Stll
2403 1945 2642 2012 ipsorum
2678 1945 2878 1997 amoris
2931 1944 3219 2012 mancipia.
3261 1944 3413 1996 'Dixit
3445 1945 3572 1996 item

1987 2037 2158 2090 turbis
2211 2057 2222 2090 :
2272 2037 2553 2106 Tanquam
2610 2037 2674 2090 ad
2727 2037 2991 2090 latronem
3049 2037 3113 2088 ad
3167 2051 3250 2090 me
3301 2037 3572 2095 exivistis.

1983 2130 2228 2195 quotidie
2266 2129 2524 2183 docebam
2577 2131 2627 2182 in
2662 2128 2883 2198 templo.
2929 2128 3042 2183 Hoc
3095 2139 3276 2183 autem
3316 2130 3573 2182 divinita-

1983 2229 2089 2274 tem
2138 2220 2256 2289 ejus
2299 2220 2657 2274 monstrabat.
2691 2219 2922 2287 Quando
2957 2223 3101 2275 enim
3152 2221 3204 2274 in
3250 2219 3450 2288 templo
3477 2221 3572 2274 do-

1985 2311 2163 2376 cebat,
2197 2328 2299 2365 non
2338 2323 2634 2381 potuerunt
2667 2313 2816 2366 illum
2852 2312 3342 2380 comprehendere,
3383 2327 3575 2382 quam-

1984 2404 2066 2457 vis
2099 2405 2150 2457 in
2187 2405 2397 2458 illorum
2432 2405 2684 2460 manibus
2726 2413 2896 2470 esset,
2931 2404 3056 2472 quia
3094 2404 3330 2459 nondum
3362 2414 3575 2473 tempus

1980 2505 2097 2551 erat
2130 2498 2642 2563 patiendi;quantlo
2695 2509 2872 2552 autem
2926 2498 3116 2562 voluit,
3171 2506 3302 2552 tunc
3329 2496 3570 2564 seipsum

1980 2589 2194 2648 obtulit.
2230 2597 2287 2642 ut
2314 2588 2643 2657 impleantur
2677 2588 2970 2658 Scriptura:
2997 2589 3376 2658 prophetarum
3407 2585 3572 2657 253

1980 2681 2122 2746 quod
2178 2676 2328 2733 Sicut
2359 2680 2477 2734 oris
2541 2683 2607 2734 ad
2661 2681 2988 2735 occisionem
3050 2681 3243 2734 ductus
3297 2680 3398 2744 sit,
3465 2693 3572 2732 nou

1981 2770 2333 2832 contendens,
2377 2786 2555 2841 neque
2583 2771 2847 2836 clamans,
2874 2773 2967 2824 sed
2994 2787 3087 2822 sua
3111 2780 3300 2840 sponte
3316 2782 3571 2839 sequens.

2055 2861 2217 2916 Vsus.
2267 2861 2456 2916 50-5-4.
2500 2881 2518 2915 ι
2573 2863 2635 2916 Et
2689 2864 2876 2918 relicto
2919 2863 3008 2916 illo
3055 2876 3243 2918 omnes
3291 2862 3570 2933 fugerunt.

1978 2955 2043 3008 Et
2086 2970 2225 3008 unus
2257 2957 2522 3025 quispiam
2551 2955 2983 3010 adolescentulus
3030 2954 3364 3024 sequebatur
3418 2954 3569 3008 illum

1977 3048 2425 3101 circumamictus
2452 3049 2677 3102 sindone
2697 3063 2861 3111 super
2882 3049 3108 3112 nudum,
3136 3059 3189 3100 et
3210 3047 3570 3116 comprehen-

1979 3139 2110 3192 dunt
2152 3138 2301 3192 illum
2345 3140 2754 3194 adolescentuli.
2800 3139 2891 3194 Ille
2939 3155 3065 3195 vero
3114 3140 3299 3193 relicta
3339 3139 3570 3194 sindone

1981 3231 2156 3286 nudus
2183 3231 2366 3300 elTugit
2395 3234 2463 3288 ab
2493 3234 2618 3287 illis.
2651 3235 2714 3287 Et
2743 3233 3085 3286 abduxerunt
3107 3233 3292 3287 lusum
3324 3234 3389 3286 ad
3413 3248 3570 3287 smn-

1977 3335 2122 3372 nnnn
2172 3324 2548 3386 sacerdotem,
2587 3329 2644 3374 et
2693 3321 3026 3374 conveniunt
3070 3336 3190 3374 cum
3241 3321 3334 3374 illo
3379 3335 3570 3375 omnes

1975 3414 2172 3466 summi
2210 3415 2522 3467 sacerdotes
2561 3419 2615 3467 ct
2663 3414 2906 3467 seniores
2934 3425 2985 3466 et
3015 3413 3242 3468 Scriba.
3277 3414 3344 3468 Et
3373 3411 3568 3468 Petrus

1972 3506 2190 3559 eminus
2235 3506 2567 3572 sequebatur
2619 3505 2770 3559 illum
2829 3507 2972 3560 intro
3027 3521 3200 3569 usque
3254 3506 3305 3558 in
3362 3505 3565 3559 atrium

1975 3598 2174 3650 summi
2201 3598 2528 3660 sacerdotis,
2551 3607 2604 3652 et
2632 3607 2751 3651 erat
2775 3598 2971 3651 sedens
2998 3614 3099 3650 una
3129 3613 3248 3652 cum
3272 3596 3564 3660 ministris,

1975 3701 2030 3745 ct
2059 3691 2340 3746 caleﬁebat
2371 3693 2436 3745 ad
2468 3691 2670 3746 lumen.
2707 3711 2724 3744 ι
2762 3691 3037 3760 Fugerunt
3088 3691 3362 3762 discipuli,
3390 3707 3567 3759 neque

1974 3785 2119 3837 enim
2152 3785 2370 3838 mentiri
2404 3795 2614 3853 poterat
2645 3786 2846 3839 veritas
2874 3785 3012 3853 ipsa,
3048 3800 3222 3851 neque
3261 3787 3564 3853 pr0pbetze.

1977 3875 2430 3929 Adulescentulus
2459 3887 2637 3929 autem
2671 3877 2941 3944 quispiam
2977 3876 3322 3944 sequebatur.
3361 3875 3569 3931 Verisi-

1978 3967 2104 4021 tuile
2151 3979 2233 4020 est
2280 3969 2422 4033 quod
2477 3968 2562 4020 bie
2611 3967 3047 4022 adulescentulus
3102 3979 3220 4021 erat
3267 3969 3485 4039 quidam
3537 3984 3568 4022 ο

1975 4060 2138 4113 domo
2183 4060 2232 4112 in
2280 4075 2381 4128 qua
2427 4064 2775 4114 ('utltederant
2819 4064 3044 4130 pascha.
3098 4061 3330 4128 Quidam
3380 4075 3562 4117 autern

1975 4152 2168 4206 dicunt»
2194 4152 2339 4205 illum
2389 4152 2556 4206 fuisse
2601 4153 2859 4208 Jacobum
2912 4155 3133 4209 fratrem
3182 4155 3430 4217 Domini.
3477 4156 3569 4222 qui

1977 4246 2465 4315 cognominabatur
2501 4242 2708 4300 Justus.
2751 4245 2847 4301 llic
2890 4248 3035 4301 enim
3084 4265 3187 4301 una
3239 4257 3388 4302 veste
3438 4263 3571 4300 usus

1976 4343 2060 4387 est
2092 4348 2186 4401 per
2214 4349 2430 4388 omnem
2461 4337 2625 4387 vitam
2657 4350 2833 4401 suam,
2862 4337 2978 4404 qui,
3011 4346 3064 4390 et
3095 4339 3277 4390 sedem
3314 4333 3567 4392 Hieroso-

1977 4424 2301 4496 lymitanam
2333 4425 2401 4479 ab
2437 4427 2699 4492 apostolis
2735 4429 2946 4494 accepit.
2980 4439 3101 4497 post
3139 4431 3566 4497 assumptionem

290 4515 498 4586 Κυρίου
544 4516 830 4587 ἀνάληψιν.
868 4517 979 4571 Kal
1014 4510 1171 4582 οὗτος
1199 4521 1386 4574 τοίνυν
1424 4521 1741 4577 καταλιπὼν
1774 4524 1874 4589 ’τὴν

1984 4516 2213 4570 Domini.
2269 4518 2333 4571 Et
2380 4518 2466 4572 hic
2513 4519 2677 4587 igitur
2715 4518 2902 4573 relicta
2947 4520 3176 4574 sindone
3220 4519 3373 4589 fugit.
3425 4518 3576 4575 Nihil

287 4609 522 4674 σινδονα,
554 4611 775 4679 ἔφυγεν.
819 4611 986 4666 Οὐδὲν
1008 4612 1063 4665 δὲ
1092 4613 1280 4667 καινὸν
1313 4615 1363 4667 εί
1404 4614 1515 4668 τῶν
1552 4615 1869 4686 κορυφαίων

285 4703 611 4770 φυγόντων,
640 4705 734 4757 καὶ
776 4698 931 4768 οὗτος
979 4705 1240 4758 κατέλιπε
1285 4707 1376 4759 τὸν
1427 4707 1658 4776 Κύριον.
1728 4707 1869 4761 Ἀλλ’

281 4798 379 4863 ὅτε
423 4797 628 4864 Πέτρος
676 4798 975 4863 ἀκολουθεῖ,
1037 4799 1385 4869 θερμοτάτην
1433 4801 1654 4870 ἀγάπην
1728 4801 1867 4873 πρὸς

288 4889 381 4941 τὸν
411 4890 741 4944 Διδάσκαλον
776 4891 1212 4961 ὲκδεικνύμενος.
1237 4893 1344 4946 Τοῦ
1379 4893 1436 4947 δὲ
1462 4895 1630 4963 νόμου
1683 4895 1868 4949 κελεύ-

281 4999 437 5046 οντος
493 4982 588 5036 ἕνα
642 4981 781 5036 εἶναι
840 4986 1101 5056 ἀρχιερέα
1156 4987 1245 5039 διὰ
1294 4987 1452 5056 βίου,
1501 4986 1690 5040 πολλοὶ
1740 4987 1866 5041 τότε

282 5068 447 5141 ἦσαν,
519 5072 885 5142 ἐξωνούμενοι
942 5075 1065 5128 καθ’
1122 5077 1357 5129 ἕκαστον
1410 5077 1664 5130 ἐνιαυτὸν
1714 5077 1866 5148 παρὰ

297 5162 588 5230 Ῥωμαίων
619 5167 720 5228 τὰς
747 5165 945 5236 ἀρχάς.
980 5169 1279 5237 ’Λρχιερεϊς
1301 5164 1393 5220 οὖν
1410 5168 1582 5235 λέγει,
1607 5169 1733 5232 τοὺς
1762 5170 1862 5241 ήδη

283 5256 719 5327 πεπληρωκότας
775 5259 868 5312 τὸν
915 5259 1217 5329 ὡρισμένον
1255 5261 1446 5332 καιρὸν
1496 5263 1714 5322 αὐτοῖς.
1773 5264 1864 5316 καὶ

281 5347 760 5418 ἀποϐαλλομένους
788 5353 887 5422 την
926 5354 1357 5422 ἀρχιερωσύνην.

365 5457 383 5489 ι
404 5438 467 5491 0i
497 5438 553 5490 δὲ
583 5441 856 5510 ἀρχιερεῖς
897 5443 989 5496 καὶ
1016 5442 1134 5495 ὅλον
1185 5443 1246 5496 τὸ
1285 5444 1562 5514 συνέδριον
1635 5445 1864 5516 ἐζήτουν

282 5529 429 5585 κατά
459 5529 554 5584 τοῦ
607 5530 784 5600 Ἰησοῦ
818 5535 1125 5606 μαρτυρίαν
1154 5538 1234 5598 εἰς
1263 5537 1322 5589 τὸ
1343 5536 1655 5591 θανατῶσαι
1675 5539 1858 5592 αὐτόν·

280 5621 378 5677 καὶ
408 5621 508 5692 οὐχ
534 5621 810 5692 εὕρισκον.
851 5624 1043 5677 Πολλοὶ
1064 5627 1172 5696 γὰρ
1210 5627 1722 5698 ἐψευδομαρτύρουν
1745 5631 1864 5682 κατ’

281 5709 474 5776 αὐτοῦ,
516 5714 609 5765 καὶ
637 5714 750 5767 ἶσαι
797 5718 854 5768 al
893 5719 1189 5787 μαρτυρίαι
1244 5719 1342 5772 οὐκ
1373 5715 1532 5789 ἦσαν.
1572 5719 1680 5772 Καί
1716 5736 1861 5784 τινες

282 5800 638 5870 ἀναστάντες,
672 5805 1178 5881 ἐψευδομαρτύρουν
1215 5829 1312 5866 κατ
1333 5813 1344 5828 ‘
1377 5813 1560 5880 αὑτοῦ,
1587 5813 1858 5881 λέγοντες,

1979 4618 2158 4663 autem
2196 4611 2315 4663 novi
2347 4611 2394 4664 si
2434 4610 2768 4680 fugientibus
2803 4612 3091 4681 praecipuis
3119 4613 3282 4666 etiam
3327 4613 3412 4667 bic
3445 4612 3570 4668 reli-

1979 4703 2158 4771 querit
2189 4699 2500 4756 Dominum.
2535 4703 2726 4758 Petrus
2759 4719 2889 4759 vero
2933 4716 3153 4760 secutus
3205 4716 3306 4772 est,
3343 4707 3570 4776 amplie-

1980 4809 2092 4848 rem
2121 4811 2246 4865 erga
2277 4797 2563 4850 Dominum
2589 4798 2872 4852 declarans
2914 4815 3177 4853 amorem.
3227 4801 3358 4852 Cum
3390 4811 3568 4853 autem

1978 4886 2066 4940 lex
2117 4890 2436 4956 praeciperet
2488 4905 2656 4943 unum
2709 4905 2832 4945 esse
2885 4891 3195 4960 pontiﬁcem
3255 4906 3347 4960 per
3398 4901 3566 4946 totam

1980 4977 2176 5044 vitam,
2215 4981 2365 5033 multi
2415 4989 2543 5033 tunc
2582 4989 2742 5034 erant
2779 4990 3026 5034 eruentes
3063 4981 3356 5050 quotannis
3385 4997 3412 5033 a
3458 4979 3569 5034 ιιυ-

1979 5069 2156 5125 manis
2185 5070 2543 5140 principatus.
2590 5071 2884 5126 Pontiﬁces
2921 5074 3104 5140 itaque
3149 5073 3279 5126 dicit
3312 5088 3408 5126 eos
3430 5114 3444 5136 ,
3475 5076 3566 5142 qui

1981 5171 2193 5232 tempus
2226 5179 2379 5216 suum
2411 5165 2522 5232 jam
2556 5175 2875 5234 exegerant,
2908 5156 2972 5220 et.
2995 5166 3369 5234 pontiﬁcatum
3402 5167 3568 5236 depo-

1975 5266 2214 5310 suerant.

2054 5439 2213 5496 Vsus.
2249 5439 2430 5496 55-6l.
2467 5461 2484 5493 ι
2514 5441 2807 5496 Pontiﬁces
2838 5457 2966 5496 vero
2991 5452 3044 5496 et
3075 5451 3244 5497 totum
3274 5445 3563 5502 consilium

1975 5537 2295 5603 quaerebant
2339 5537 2603 5590 adversus
2651 5534 2834 5590 Jesum
2883 5537 3250 5590 testimonium
3299 5549 3358 5594 ut
3403 5544 3562 5594 morti

1977 5626 2257 5682 traderent
2285 5620 2436 5692 cum,
2490 5642 2587 5681 nec
2618 5627 2986 5683 inveniebant.
3022 5626 3156 5683 Nam
3186 5630 3343 5682 multi
3369 5627 3562 5683 falsum

1978 5719 2343 5773 testimonium
2399 5719 2652 5774 dixerant
2698 5721 2962 5773 adversus
3019 5720 3202 5785 illum,
3257 5738 3355 5775 nec
3407 5731 3562 5776 erant

1973 5812 2112 5868 satis
2146 5813 2338 5869 idonea
2379 5812 2711 5869 testimonia.
2755 5814 2817 5868 Et
2852 5812 3074 5882 quidam
3111 5817 3469 5886 assurgebaut
3506 5823 3560 5867 ct
