4108 6334
568 330 671 393 εδει

1480 329 2055 392 TII-EOPIIYLACTI
2090 328 2498 390 BULGARM!
2536 326 2894 388 ARCHIEP.

3712 319 3819 384 660

568 442 765 498 falsum
806 444 1173 499 testimonium
1227 442 1467 498 ferebant
1508 442 1769 498 adversus
1818 441 2001 506 illum,
2048 438 2131 495 di-

2236 439 2318 493 ὃτι
2352 436 2543 508 Ἥμετς
2563 437 2877 507 ἠκούσαμεν
2898 432 3065 487 αὑτοῦ
3092 431 3363 501 λέγοντος,
3382 432 3465 486 ὃτι
3479 428 3630 501 Ἐγὼ
3650 446 3819 484 κατα-

567 547 753 590 centes
787 554 801 590 :
832 536 940 589 Nos
964 528 1266 590 audivimus
1289 550 1415 590 eum
1446 536 1714 591 dicentem
1743 554 1755 588 :
1789 531 1900 605 Ego
1928 533 2135 587 diruam

569 631 825 697 templum
860 627 981 691 hoc,
1015 627 1157 697 quod
1190 635 1274 682 est
1307 628 1553 683 manibus
1585 626 1811 691 factum,
1870 637 1925 679 et
1964 625 2138 679 tribus

569 724 755 777 diebus
786 720 929 773 aliud
967 721 1086 775 sine
1120 720 1373 775 manibus
1405 718 1603 772 factum
1637 726 1935 772 exstruam.
1978 714 2041 767 Et
2072 728 2139 767 ne

566 815 647 866 sic
672 811 890 881 quidem
924 811 1057 865 satis
1080 811 1331 865 idoneum
1358 820 1475 863 erat
1500 809 1865 863 testimonium
1901 808 2134 860 illorum.

567 904 633 958 Et
664 920 893 971 surgens
924 918 1165 958 summus
1198 904 1451 957 sacerdos
1480 903 1531 956 in
1573 904 1808 956 medium
1838 901 2137 967 interroga-

569 996 657 1049 bat
685 995 893 1057 Jesnni,
922 996 1105 1049 dicens
1132 1015 1145 1049 :
1178 994 1296 1049 Non
1327 995 1621 1065 respondes
1648 994 1981 1062 quidquam?
2009 993 2135 1063 quid

570 1090 657 1141 ἰκιί
683 1090 967 1142 adversum
1007 1097 1057 1141 te
1086 1087 1277 1142 dicunt
1307 1087 1653 1143 testimonia?
1679 1088 1746 1140 At
1779 1086 1867 1139 ille
1902 1087 2130 1148 tacebat,

570 1192 741 1245 neque
766 1180 1054 1246 quidquam
1080 1179 1458 1247 respondebat.
1488 1197 1507 1229 ι
1537 1176 1729 1230 Judicii
1760 1176 1987 1230 formam
2016 1191 2133 1229 ser-

568 1280 695 1323 vant
718 1271 791 1323 illi
818 1272 914 1336 ipsi
939 1271 1381 1323 condetnnatione
1404 1268 1569 1338 digni.
1594 1278 1654 1321 ut
1676 1269 1960 1322 videantur
1982 1267 2129 1320 illum

567 1378 689 1414 cum
715 1363 931 1427 {judicio
968 1362 1233 1416 occidere.
1266 1361 1545 1427 Quomodo
1575 1362 1715 1415 enim
1740 1360 2004 1425 judicium
2042 1360 2132 1428 ju—

567 1466 731 1520 stum,
759 1471 879 1507 cum
922 1455 1055 1508 tales
1087 1454 1282 1509 adsum
1314 1462 1499 1515 testes.
1533 1454 1661 1508 nihil
1702 1454 1855 1516 sani,
1886 1454 1981 1507 sed
2016 1461 2132 1505 tur-

569 1546 689 1599 bata
734 1556 787 1598 et
825 1547 1105 1613 inmqualia
1144 1546 1386 1600 dicentes
1426 1545 1649 1601 omnia?
1684 1545 1747 1598 Et
1788 1546 1886 1613 ipsi
1919 1561 2134 1615 quoque

567 1635 659 1699 qui
689 1636 785 1688 visi
820 1648 944 1689 sunt
970 1637 1461 1705 dicere'quiddam,
1497 1638 1825 1692 mendaciter
1854 1638 2129 1699 dixerunt.

570 1724 687 1779 Non
721 1727 857 1779 dixit
885 1730 1026 1781 enim
1050 1768 1065 1792 ,
1104 1728 1213 1797 Ego
1238 1729 1515 1784 destruam
1546 1730 1799 1798 templum
1835 1732 1933 1783 hoc
1964 1748 1977 1783 :
2015 1732 2129 1793 sed,

570 1818 777 1872 Solvite
807 1839 819 1873 :
850 1830 902 1872 et
930 1836 1033 1874 non
1062 1822 1218 1884 dixit,
1238 1823 1599 1877 manufartutn
1629 1840 1643 1876 :
1674 1823 1765 1876 sed
1791 1822 2131 1888 simpliciter,

572 1907 852 1973 templum.
873 1909 1114 1964 Pontifex
1132 1920 1310 1965 autem
1330 1912 1520 1981 surgit,
1539 1921 1591 1965 et
1616 1913 1903 1983 interrogat
1926 1910 2131 1975 Jesutn,

2159 1789 2206 1849 Β

2238 530 2387 585 λύσω
2422 530 2517 584 τὸν
2567 547 2695 583 ναον
2726 528 2915 582 τοῦτον
2971 525 3065 578 τὸν
3114 522 3526 595 χειροποίητον·
3570 523 3669 576 καὶ
3727 521 3815 576 8ιά

2236 621 2407 690 τριῶν
2431 618 2655 693 ἡμερῶν
2680 618 2837 674 ἀλλον
2865 614 3281 688 ἀχειροποίητον
3309 614 3677 683 οἰκοδομήσω.
3701 613 3815 667 Καὶ

2238 713 2358 767 ούδέ
2389 712 2562 775 οὕτως
2612 711 2702 782 ίση
2729 714 2764 778 ἠ
2804 708 3082 781 μαρτυρία
3114 707 3314 764 αὐτῶν.
3346 707 3460 762 Καὶ
3516 707 3761 767 ἀναστάς
3787 708 3817 760 ὁ

2237 807 2526 877 ἀρχιερεὺς
2554 806 2634 868 είς
2660 804 2847 874 μέσον,
2877 802 3204 871 ἐπηρώτησε
3227 800 3317 854 τὸν
3352 798 3587 870 Ἰησοῦν,
3618 799 3815 866 λέγων·

2242 900 2356 952 Ούκ
2386 898 2660 968 ἀποκρίνῃ
2688 896 2839 949 οὐδέν
2868 914 2884 961 ;
2912 895 2977 946 Ti
3003 887 3151 947 οὗτοί
3204 909 3297 945 σου
3349 889 3813 963 καταμαρτυροῦ-

2240 1008 2358 1056 σιν;
2400 991 2460 1043 '0
2485 990 2542 1042 δὲ
2566 985 2774 1041 ἐσιώπα
2835 987 2930 1040 καὶ
2986 984 3143 1038 οὐδὲν
3192 984 3581 1054 ἀπεκρίνατο.»
3616 983 3815 1053 Σχῆμα

2236 1082 2397 1151 δῆθεν
2435 1082 2721 1152 κριτηρίου
2750 1080 2797 1132 οι
2856 1076 3309 1142 αὐτοκατάκριτοι
3340 1074 3690 1139 πλάττονται,
3730 1073 3819 1139 ἵνα

2236 1175 2428 1240 δόξωσι
2463 1173 2602 1243 μετὰ
2634 1172 2867 1243 κρίσεως
2894 1171 3057 1223 αὐτὸν
3087 1168 3318 1223 ἀνελεῖν.
3355 1166 3465 1219 Ποῦ
3496 1166 3607 1235 γάρ
3656 1165 3819 1236 ὀρθὸν

2237 1276 2563 1343 κριτήριον,
2619 1270 2754 1322 ὅπου
2815 1267 3096 1335 μάρτυρες
3153 1258 3388 1313 τοιοῦτοι
3444 1258 3814 1328 παράγονται,

2233 1367 2385 1419 οὐδὲν
2410 1365 2559 1431 ὑγιὲς
2582 1363 2854 1429 λέγοντες,
2896 1358 3031 1413 ἀλλά
3063 1357 3242 1410 πάντα
3278 1351 3665 1422 τεταραγμένα
3722 1349 3819 1402 καὶ

2234 1462 2430 1523 ἀνισας
2459 1461 2573 1511 Καὶ
2601 1458 2756 1511 αὐτοὶ
2786 1456 2843 1509 δὲ
2871 1458 2920 1509 οἱ
2940 1454 3192 1519 δόξαντές
3211 1472 3262 1507 τι
3291 1455 3492 1522 λέγειν,
3524 1456 3697 1527 ψευδῆ
3740 1455 3819 1510 sl—

2236 1571 2356 1607 πον.
2403 1552 2460 1603 Ὁ
2484 1551 2593 1620 γὰρ
2627 1550 2828 1620 Κύριος
2853 1550 2951 1602 οὐκ
2993 1544 3154 1613 εἷπε,
3206 1548 3511 1603 Καταλύσω
3553 1548 3666 1617 ἐγὼ
3720 1551 3813 1603 τὸν

2234 1645 2574 1707 ναδν,”ἀλλὰ,
2602 1644 2837 1698 Λύσατε.
2882 1644 2993 1695 Καὶ
3031 1643 3174 1704 οὐδὲ,
3204 1642 3607 1712 χειροποίητον,
3636 1639 3816 1706 εἷπεν,

2235 1743 2351 1795 ἀλλ’
2380 1742 2585 1805 ἁπλῶς,
2614 1743 2760 1794 ναόν.
2778 1741 2836 1794 '0
2854 1741 2909 1793 δέ
2938 1740 3228 1810 ἀρχιερεὺς
3256 1740 3490 1801 ἀναστὰς
3520 1741 3702 1809 ἐρωτᾷ
3726 1739 3819 1793 τδν

2236 1833 2469 1904 Ἰησοῦν,
2521 1834 2841 1901 βουλόμενος
2870 1836 2951 1891 εἰς
2990 1832 3286 1897 ἀπολογίαν
3338 1834 3500 1886 αὑτὸν
3564 1834 3816 1894 ἑλκύσαι,

2234 1926 2321 1979 ἵνα
2354 1928 2419 1978 ἐκ
2439 1927 2538 1995 τῆς
2576 1924 2871 1990 ἀπολογίας
2898 1924 3159 1993 δράξηται
3187 1923 3373 1978 αὑτοῦ.
3412 1924 3475 1977 '0
3506 1925 3560 1977 δὲ
3610 1925 3815 1993 σιωπᾷ,

569 2000 757 2055 volens
798 2005 968 2072 ipsum
1022 2004 1087 2057 ad
1132 2004 1496 2059 defensionem
1541 2007 1788 2070 trahere,
1831 2017 1891 2058 ιιι
1933 2005 2016 2060 vel
2066 2021 2130 2060 ex

2232 2016 2515 2084 γινώσκων
2583 2016 2663 2069 ὅτι
2712 2017 2773 2070 οὗ
2821 2017 3143 2085 προσέξουσι
3202 2019 3315 2079 τοῖς
3375 2016 3543 2071 αὐτοῦ
3589 2017 3815 2085 λόγοις·

569 2091 883 2147 defensinne
919 2104 973 2149 ct
1008 2110 1267 2161 responso
1316 2096 1490 2167 ipsum
1523 2097 2024 2164 comprehenderet.
2058 2099 2132 2151 At

2232 2110 2260 2162 δ
2313 2109 2408 2163 καὶ
2456 2112 2483 2163 ὁ
2530 2112 2744 2172 Λουκᾶς
2782 2110 2928 2177 λέγει
2957 2151 2969 2169 .
3006 2112 3090 2163 ὅτι
3120 2111 3473 2180 ἐρωτώμενος
3522 2112 3551 2164 ὀ
3587 2110 3817 2179 Κύρπ,

567 2179 721 2234 Jcsus
754 2192 893 2236 tacet
916 2224 929 2245 ,
964 2182 1144 2239 sciens
1171 2183 1292 2239 illos
1323 2201 1427 2239 non
1458 2195 1761 2240 attenturos
1804 2186 1887 2243 his
1916 2200 2037 2257 quae
2064 2187 2132 2241 ab

2233 2193 2425 2251 εἶπεν·
2466 2200 2593 2255 Ἐὰν
2644 2202 2784 2254 εῐπω
2820 2201 2971 2269 ὑμῖν.
2998 2201 3060 2254 οὑ
3098 2179 3172 2270 μὴ
3221 2179 3585 2268 πιστεύσητε·
3615 2200 3717 2254 ἐὰν
3760 2200 3822 2255 δι

568 2274 687 2343 ipso
726 2278 1065 2342 dicerentur,
1107 2280 1157 2332 id
1194 2281 1336 2350 quod
1366 2292 1418 2335 et
1449 2282 1618 2339 Lucas
1644 2284 1798 2346 dicit,
1850 2284 1975 2353 quis
2008 2304 2130 2343 cum

2242 2294 2526 2363 ἐρωτήσω,
2563 2296 2626 2348 ού
2663 2295 2737 2365 μὴ
2764 2296 3123 2366 ἀποκριθῆτε.

571 2376 998 2436 interrogaretur
1048 2375 1212 2450 255
1261 2380 1554 2447 Dominus,
1600 2383 1783 2437 dixit:
1830 2382 1886 2437 Si
1936 2382 2128 2439 dixero
2179 2386 2359 2453 vobis,
2410 2403 2513 2441 non
2552 2389 2825 2445 credetis:
2860 2390 2943 2444 sin
3006 2391 3412 2459 interrogavere
3438 2403 3557 2453 vos.
3589 2403 3697 2443 non
3730 2402 3820 2442 re-

577 2468 937 2533 spondcbitis.

646 2562 809 2617 Vens.
850 2564 1034 2622 (il-65.
1075 2586 1094 2620 ι
1130 2568 1359 2626 Rursum
1388 2586 1631 2629 summus
1674 2576 1931 2631 sacerdos
1963 2579 2132 2633 inter-

572 2656 779 2720 rogavit
817 2658 1029 2725 ipsum,
1081 2672 1136 2715 ct
1185 2663 1315 2718 dicit
1352 2665 1471 2720 illi:
1503 2664 1583 2720 Tu
1625 2681 1686 2722 es
1743 2666 1831 2721 ille
1882 2666 2131 2724 Christus

571 2746 741 2801 Filius
771 2746 863 2803 Dei
901 2751 1207 2807 benedicti?
1233 2753 1391 2809 .Iesus
1416 2765 1595 2811 autem
1624 2758 1762 2813 dixit
1791 2777 1805 2813 :
1847 2757 1959 2829 Ego
1988 2775 2128 2824 sum,

566 2850 622 2894 et
658 2841 908 2897 videbitis
939 2842 1130 2899 Filium
1158 2846 1395 2903 hominis
1424 2849 1700 2905 sedentem
1730 2867 1759 2905 a
1792 2852 1997 2908 dextris
2022 2855 2130 2907 vir-

570 2932 721 2995 tutis,
747 2944 801 2988 et
834 2936 1131 2991 venientem
1166 2939 1217 2991 in
1243 2942 1471 2996 nubibus
1490 2942 1634 2997 caeli.
1661 2942 1916 2998 Summus
1948 2955 2126 2999 autent

566 3022 825 3076 Sacerdos
863 3024 1171 3081 dilaceratis
1206 3029 1446 3083 vestibus
1472 3031 1586 3101 suis
1618 3032 1791 3087 dixit:
1824 3033 1961 3098 Quid
1989 3048 2129 3102 pra!-

567 3120 713 3165 terea
735 3127 871 3182 opus
893 3115 1150 3169 habemus
1174 3120 1433 3172 testibus?
1456 3121 1691 3176 Audistis
1714 3123 2127 3192 blasphemiam,

2307 2578 2508 2633 «Πάλιν
2550 2580 2579 2630 ὁ
2632 2578 2927 2646 ἀρχιερεὺς
2972 2568 3233 2647 ἐπηρώτα
3283 2580 3466 2642 αὐτὸν,
3514 2580 3608 2633 καὶ
3662 2578 3817 2642 λέγει

2229 2670 2409 2737 αὐτῷ·
2436 2670 2506 2722 Σὺ
2530 2664 2578 2720 εἶ
2609 2671 2635 2721 ὁ
2670 2669 2905 2737 Χριστὸς
2935 2669 2963 2720 ὁ
2994 2668 3123 2731 Υἱὸς
3155 2669 3249 2722 τοῦ
3275 2669 3605 2738 εὐλοητοῦς
3654 2670 3719 2725 ὀ
3759 2671 3819 2724 δέ

2244 2760 2415 2831 Ἰησοῦ
2460 2756 2648 2813 εἶπεν·
2680 2760 2824 2828 Ἐγώ
2852 2763 2991 2823 stat,
3028 2762 3123 2816 καὶ
3161 2760 3358 2830 ὄψεσθε
3388 2763 3482 2816 τὸν
3537 2762 3669 2816 Υἱδν
3720 2762 3817 2817 τοῦ

2230 2852 2522 2919 ἀνθρώπου
2554 2854 2618 2905 ἐκ
2666 2851 2857 2915 δεξιῶν
2886 2853 3203 2921 καθήμενον
3254 2854 3355 2921 τῆς
3382 2854 3692 2919 δυνάμεως,
3722 2856 3817 2908 καὶ

2229 2943 2523 3012 ἐρχόμενον
2548 2944 2685 3011 μετὰ
2701 2944 2808 2997 τῶν
2827 2945 3068 3011 νεφελῶν
3106 2945 3200 2998 τοῦ
3224 2946 3476 3016 ούρανοῦ.
3509 2946 3572 3000 '0
3598 2947 3656 3001 δέ
3716 2950 3815 3015 ἀρ-

2229 3034 2466 3105 χιερεὺς,
2492 3034 2791 3104 διαρρήξας
2840 3036 2967 3097 τοὺς
2996 3035 3232 3104 χιτῶνας
3290 3036 3483 3102 αὑτοῦ,
3516 3036 3667 3105 λέγει
3696 3055 3709 3066 ·
3749 3039 3815 3091 Τί

2232 3125 2310 3180 ἔτι
2330 3128 2533 3197 ’χρείαν
2564 3128 2761 3196 ἔχομεν
2817 3127 3113 3196 μαρτύρων
3140 3145 3154 3191 ;
3203 3128 3505 3183 Ἠκούσατε
3530 3132 3629 3201 τῆς
3660 3130 3817 3199 βλασ-

565 3202 695 3267 quid
722 3205 874 3260 vobis
900 3207 1144 3261 videtur?
1164 3207 1240 3261 llll
1272 3226 1396 3265 vero
1418 3227 1605 3267 omnes
1639 3219 2132 3271 eondemnareruut

2237 3220 2471 3288 φημίας,
2520 3220 2573 3271 τί
2618 3219 2750 3286 ὑμῖν
2797 3219 3080 3286 φαίνεται;
3115 3219 3178 3271 Oi
3209 3218 3264 3271 δέ
3308 3221 3509 3283 πάντες
3565 3220 3809 3291 κατέκρι-

562 3308 686 3347 eum
730 3308 851 3348 esse
893 3311 1040 3350 reum
1082 3299 1289 3354 mortis.
1336 3302 1399 3355 Et
1432 3313 1707 3370 cmperunt
1756 3306 1974 3375 quidam
2006 3323 2132 3361 con-

2234 3327 2332 3363 vav
2360 3310 2525 3362 αύτδν
2554 3304 2690 3362 εἶναι.
2722 3309 2903 3378 ἔνοχον
2925 3309 3159 3363 θανάτου
3195 3325 3209 3339 ⁸
3245 3309 3341 3363 καὶ
3378 3310 3616 3381 ἢρξαντό
3668 3329 3814 3377 τινες

565 3402 760 3453 spuere
788 3389 839 3441 in
871 3404 1012 3453 eum,
1046 3399 1101 3444 et
1125 3390 1373 3447 obvelare
1398 3394 1587 3449 faciem
1618 3396 1779 3461 illius,
1810 3407 1865 3452 ct
1894 3399 2132 3466 colaphis

2235 3402 2505 3472 ἐμπτύειν
2563 3402 2735 3472 αὐτῷ,
2796 3402 2891 3456 καὶ
2940 3402 3370 3471 περικαλύπτειν
3402 3404 3463 3455 τὺ
3512 3404 3807 3473 πρόσωπον

566 3492 688 3531 etnn
709 3480 918 3534 cadere
947 3492 998 3533 et
1026 3482 1206 3535 dicere
1228 3485 1323 3548 illi,
1355 3486 1536 3539 Divina
1565 3504 1581 3553 ;
1610 3504 1671 3542 ac
1695 3509 1724 3539 ιι
1748 3490 1925 3545 inistri
1950 3492 2132 3559 alapas

2234 3495 2426 3554 αὐτοῦ,
2456 3497 2551 3549 καὶ
2581 3493 2894 3562 κολαφίζειν
2914 3495 3098 3558 αὐτὸν,
3129 3496 3222 3547 καὶ
3251 3496 3434 3563 λέγειν
3460 3497 3634 3567 αὐτῷ.
3675 3498 3813 3566 Προ⁴

569 3570 645 3622 illi
669 3570 1269 3645 impingebantaﬂogat
1288 3578 1463 3632 denuo
1487 3579 1744 3648 pontifex,
1762 3597 1865 3637 non
1891 3593 1946 3637 ut
1965 3586 2132 3639 discat

2233 3589 2521 3659 φήτευσον·
2565 3590 2659 3642 καὶ
2684 3588 2735 3641 ot
2766 3588 3035 3657 ὑπηρέται
3085 3588 3431 3658 ῥαπίσμασιν
3464 3591 3629 3644 αὐτὸν
3651 3590 3812 3645 {Gal-

563 3671 620 3715 ct
656 3666 844 3727 credat
876 3684 888 3718 :
937 3667 1030 3720 sed
1063 3676 1116 3719 ut
1160 3681 1339 3735 captet
1382 3681 1567 3725 contra
1609 3688 1731 3727 eum
1770 3678 2129 3731 occasionem.

564 3755 763 3823 Adjicit
795 3766 972 3811 autem
1001 3760 1068 3813 ad
1097 3761 1271 3815 istud:
1302 3763 1382 3817 Tu
1412 3778 1471 3817 es
1504 3765 1775 3830 Christus,
1809 3770 1969 3822 etiam
2009 3772 2129 3836 hoc,

563 3843 732 3899 Filius
778 3845 871 3901 Del
918 3848 1207 3904 benedicti.
1262 3852 1411 3905 Multi
1459 3853 1600 3908 enim
1657 3855 1873 3911 fuerunt
1918 3859 2127 3926 christi,

563 3951 722 4006 rcges
752 3940 969 4007 inquam
1013 3953 1066 3995 et
1097 3944 1413 4012 pontifices,
1459 3947 1554 4000 sed
1586 3948 1764 4002 nullus
1808 3951 1995 4003 hormn
2031 3951 2132 4007 fuit

562 4027 732 4085 Filius
757 4029 883 4097 Dei,
917 4031 1015 4100 qui
1042 4044 1123 4088 est
1153 4049 1367 4105 semper
1398 4038 1794 4095 henedicendus
1824 4052 1879 4097 et
1909 4043 2131 4099 laudan-

564 4124 683 4178 dus.
726 4121 886 4178 Jesus
924 4125 1098 4181 dixit:
1151 4125 1261 4198 Ego
1292 4145 1431 4184 sntn.
1474 4130 1688 4187 Sciebat
1734 4135 1946 4203 quidem
1986 4137 2128 4205 quod

562 4230 671 4269 non
703 4218 960 4272 credituri
989 4230 1193 4284 essent,
1220 4231 1456 4276 attamen
1491 4227 1766 4292 respondit
1795 4240 2037 4293 coactus,
2072 4240 2128 4285 ut

563 4322 633 4361 ne
662 4306 893 4361 habeant
920 4319 1105 4377 postea
1133 4313 1274 4380 quod
1302 4313 1485 4368 dicant
1509 4333 1522 4368 :
1555 4315 1609 4369 Si
1642 4320 1925 4374 manileste
1954 4320 2125 4387 ipsum

561 4398 955 4454 audivissemus
1006 4401 1107 4455 hoc
1142 4402 1378 4469 dixlsse,
1422 4408 1868 4476 credidissemus;
1914 4424 1967 4466 et
2000 4428 2128 4482 pro-

559 4500 742 4555 pterea
770 4492 1150 4557 condemnatio
1176 4510 1361 4549 eorum
1385 4498 1555 4565 maior
1587 4498 1710 4567 fttit,
1734 4504 1860 4572 quia
1896 4516 1948 4559 et
1981 4506 2125 4561 hunc

559 4593 683 4631 cum
726 4580 1089 4647 audiverunt,
1145 4599 1250 4638 non
1309 4564 1705 4646 crediderunt;
1734 4564 1799 4647 Et
1852 4595 2124 4664 videbitis,
2157 4564 2201 4619 Β

563 4670 759 4739 inquit,
786 4686 871 4727 me
898 4684 953 4727 ut
978 4674 1173 4729 Filium
1199 4679 1431 4733 hominis
1465 4684 1738 4738 sedentem
1762 4688 1829 4739 ad
1851 4690 2127 4746 dexteram

562 4762 799 4826 virtutis,
834 4780 1023 4834 nempe
1055 4769 1267 4825 Patris:
1299 4773 1547 4828 virtutem
1581 4776 1752 4842 enim,
1784 4777 1996 4834 Patrem
2027 4782 2130 4838 hoc

561 4852 681 4908 loco
716 4856 865 4911 dicit.
898 4857 1010 4913 Non
1042 4862 1187 4917 enim
1224 4864 1341 4919 sine
1372 4882 1598 4935 corpore
1633 4873 1847 4934 veniet,
1882 4876 1974 4928 sed
2011 4876 2130 4930 talis

562 4948 651 5013 qui
687 4950 855 5003 videri
894 4954 1063 5018 possit
1098 4964 1151 5009 et
1185 4959 1403 5026 agnosci
1444 4961 1512 5015 ab
1548 4962 1632 5018 his
1657 4964 1747 5032 qui
1789 4980 1910 5019 eum
1946 4969 2127 5022 cruci-

566 5038 822 5095 ﬁxerunt.
864 5042 1055 5112 Itaque
1092 5048 1328 5114 pontifex
1362 5066 1563 5107 morem
1603 5050 1911 5111 Juda'orutn
1941 5058 2131 5113 ohser-

564 5140 677 5186 val.
711 5132 938 5197 Quando
962 5137 1105 5189 enim
1139 5154 1301 5207 grave
1329 5152 1385 5197 et
1420 5153 1573 5197 atrox
1602 5147 1881 5216 quippiam
1918 5153 2133 5205 evenie-

562 5222 652 5276 bat
694 5224 799 5286 eis,
836 5225 1208 5283 dilacerabant
1244 5238 1471 5289 tunicas.
1503 5236 1578 5290 ita
1611 5249 1663 5291 et
1698 5242 1799 5295 hoc
1830 5242 1952 5296 loco
1979 5245 2132 5311 quasi

561 5311 991 5382 blasphetnasset
1014 5316 1292 5387 Dominus,
1314 5334 1365 5377 et
1389 5327 1698 5385 tnalefactor
1722 5348 1945 5405 magnus
1966 5347 2131 5401 esset,

2231 3681 2341 3733 λον.
2372 3700 2391 3731 ι
2438 3681 2651 3750 Ἐρωτᾷ
2705 3680 2868 3734 πάλιν
2923 3682 2951 3733 ὁ
3000 3681 3309 3751 ἀρχιερεὺς,
3363 3682 3463 3753 οὐχ
3502 3683 3592 3737 ἵνα
3626 3682 3811 3753 μαθὼν

2239 3772 2530 3839 πιστεύσῃ,
2562 3772 2679 3825 ἀλλ’
2713 3773 2799 3824 ἶνα
2827 3772 3091 3843 δρὰξηταί
3121 3790 3266 3838 τινος
3302 3774 3558 3846 ἀφορμῆς
3587 3790 3603 3805 ·
3642 3791 3811 3845 προσ-

2230 3864 2409 3933 τίθησι
2454 3865 2512 3917 δέ
2565 3865 2679 3936 τῷ,
2726 3866 2799 3919 Σὺ
2839 3862 2892 3919 εἴ
2929 3868 2959 3919 ό
3007 3866 3263 3935 Χριστὸς,
3320 3867 3402 3933 τὸ,
3457 3869 3487 3921 ὀ
3540 3866 3667 3930 Υἱὸς
3718 3867 3811 3921 τοῦ

2230 3956 2547 4027 εὐλογητοῦ.
2601 3958 2793 4013 Πολλοὶ
2846 3960 2953 4029 γὰρ
3000 3956 3141 4031 ἦσαν
3189 3962 3439 4031 χριστοὶ,
3489 3960 3539 4015 el
3576 3962 3814 4033 βασιλεῖς

2230 4048 2377 4115 λέγω
2410 4053 2505 4103 καὶ
2547 4052 2597 4103 ot
2627 4052 2924 4123 ἀρχιερεῖς,
2969 4052 3086 4107 ἀλλ’
3118 4054 3294 4116 οὐδεὶς
3320 4054 3528 4108 τούτων
3588 4055 3721 4119 Υἱὸς
3747 4051 3813 4125 ἦν

2228 4142 2323 4195 τοῦ
2348 4142 2507 4202 Θεοῦ,
2543 4142 2637 4197 τοῦ
2688 4146 2775 4198 ἀεὶ
2822 4146 3188 4215 εύλογημένου
3213 4147 3305 4199 καὶ
3342 4146 3710 4217 ὑμνουμένου.
3736 4128 3813 4201 "0

2227 4238 2284 4291 δέ
2324 4237 2531 4301 Ἰησοῦς
2577 4235 2752 4302 εἶπεν,
2786 4239 2868 4292 ὅτι
2890 4237 3032 4305 Ἐγώ
3063 4240 3201 4309 ειμι.
3238 4239 3391 4310 ’ῌδει
3431 4240 3532 4308 μὲν
3568 4240 3681 4309 γὰρ
3732 4242 3812 4294 ὅτι

2229 4336 2290 4387 οὐ
2345 4334 2730 4388 πιστεύσουσιν
2756 4351 2770 4365 ο
2801 4335 2951 4404 ὅμως
2978 4334 3022 4388 δ’
3051 4334 3146 4389 οὖν
3198 4336 3556 4404 ἀποκρίνεται
3622 4338 3813 4391 ἐκδια-

2229 4424 2398 4489 σθεὶς,
2425 4426 2515 4479 ἴνα
2544 4426 2617 4496 μὴ
2648 4426 2845 4497 ἔχωσιν
2863 4424 3090 4497 ὕστερον
3119 4426 3321 4495 λέγειν,
3350 4427 3433 4480 ὅτι
3473 4428 3601 4481 Ἐἀν
3625 4428 3812 4497 σαφῶς

2228 4518 2474 4578 εἰπόντος
2506 4518 2673 4571 αὑτοῦ
2739 4518 3092 4587 ἠκούσαμεν.
3140 4517 3543 4587 ἐπιστεύσαμεν
3594 4520 3695 4574 ἀν’
3723 4519 3811 4573 διὰ

2227 4610 2386 4664 τοῦτο
2411 4612 2505 4665 καὶ
2538 4611 2722 4682 μεῖζον
2743 4613 2927 4674 αὐτοῖς
2966 4616 3026 4665 τὸ
3073 4611 3413 4681 κατάκριμα,
3450 4613 3534 4666 ὅτι
3587 4618 3684 4666 καὶ
3718 4613 3811 4666 νῦν

2232 4702 2586 4766 ἀκούσαντες.
2625 4704 2725 4758 οὐκ
2748 4704 3095 4760 ἐπίστευσαν.
3126 4706 3234 4759 Kal
3259 4704 3457 4775 ὂψεσθέ
3483 4722 3575 4775 με,
3622 4709 3807 4776 φησὶν,

2230 4794 2307 4856 ὡς
2367 4794 2496 4848 Υἰὸν
2529 4794 2842 4865 ἀνθρώπου,
2895 4798 3207 4869 καθήμενον
3241 4799 3306 4853 ἐκ
3354 4798 3547 4865 δεξιῶν
3569 4798 3672 4868 τῆς
3721 4799 3811 4852 δυ-

2229 4885 2447 4955 νάμεως
2509 4885 2605 4941 τοῦ
2639 4888 2882 4957 Πατρός·
2942 4890 3174 4959 δύναμιν
3210 4891 3322 4961 γάρ
3373 4889 3608 4945 ἐνταῦθα
3641 4931 3657 4954 ,
3721 4891 3809 4943 τὸν

2229 4978 2446 5047 Πατέρα
2477 4978 2664 5049 φησίνο
2712 4982 2774 5033 οὐ
2819 4979 2929 5051 γὰρ
2968 4982 3138 5052 χωρὶς
3198 4981 3450 5052 σώματος
3504 4982 3806 5047 ἐλεύσεται,
3890 4966 3913 4983 ⁴

2235 5068 2354 5123 ἀλλ’
2403 5066 2513 5134 οἷος
2540 5070 2799 5141 θεαθῆναι
2823 5073 2927 5125 ὑπὸ
2950 5075 3062 5127 τῶν
3085 5066 3537 5145 σταυρώσάντων,
3564 5076 3663 5128 καὶ
3687 5078 3808 5129 ἐπι·

2231 5163 2561 5231 γνωσθῆναι.
2607 5164 2666 5218 ’0
2698 5165 2827 5233 γοῦν
2852 5168 3166 5239 ἀρχιερεὺς,
3191 5168 3313 5227 ἔθος
3340 5168 3637 5222 Ἰουδαϊκὸν
3671 5169 3805 5236 πλη-

2231 5256 2334 5324 ροῖ.
2374 5256 2545 5309 Ὅταν
2573 5258 2682 5330 γὰρ
2713 5259 2883 5312 δεινόν
2912 5277 2963 5312 τι
3016 5261 3109 5313 καὶ
3139 5261 3398 5333 δυσχερὲς
3428 5262 3647 5333 ἀπήντα
3706 5262 3806 5316 αὐ·

2225 5350 2359 5409 τοῖς,
2388 5349 2709 5419 διέῤῥησσον
2747 5353 2872 5415 τοὺς
2906 5353 3161 5423 χιτῶνας,
3189 5355 3486 5410 Κάνταῦθα
3506 5355 3709 5419 τοίνυν,
3731 5354 3803 5415 ὥς

565 5404 815 5515 discindit
859 5420 1063 5465 vestem
1109 5414 1369 5480 pontifex.
1413 5417 1578 5476 Recte
1616 5424 1738 5492 quis
1774 5428 1874 5482 hoc
1918 5427 2132 5484 Davidis

2232 5404 2440 5505 ﬂlaatpr,
2450 5404 2725 5509 μησαντος
2786 5404 2881 5495 τού
2907 5404 3161 5515 λκυρεξῦ,
3604 5404 3613 5407 1

566 5489 654 5543 hic
699 5491 941 5553 diceret:
987 5519 1006 5551 ι
1058 5499 1275 5555 Discissi
1334 5518 1479 5572 sunt,
1536 5521 1589 5565 et
1633 5489 1745 5568 non
1798 5527 1923 5570 sunt
1976 5534 2131 5572 com-

2232 5489 2539 5595 IYSYO‘;6;;..
2592 5489 2911 5602 Btap‘pﬁwm
2955 5489 3084 5597 τούς
3127 5489 3430 5604 χιτῶναῗύ
3492 5535 3796 5608 ἀρχιερεύς.

564 5587 748 5650 puncti
784 5592 828 5645 '.
888 5610 907 5642 ι
960 5592 1153 5652 Verum
1196 5600 1406 5670 signum
1457 5605 1555 5661 hoc
1598 5618 1747 5673 erat,
1794 5612 2008 5665 tametsi
2053 5612 2126 5669 illi

2236 5587 2394 5673 istim
2421 5587 2549 5689 γούν
2564 5622 2628 5676 ἄν
2758 5587 2849 5675 ἐιπὶ
2878 5587 3085 5689 τούτοις
3107 5587 3376 5699 aanimi:
3398 5625 3461 5683 τὸ
3486 5587 3599 5683 sort";k
3618 5587 3797 5680 Δῖιειδυ

632 5748 827 5805 'Pssl.
890 5770 1051 5810 xxxw
1108 5758 1187 5815 16.
