4108 6334
242 372 344 441 661

920 365 1367 430 EN’ARRATIO
1402 368 1485 430 ΙΝ
1514 365 2018 431 EVANGELIUM
2056 366 2321 431 MARCI.
2353 396 2423 406 —
2456 370 2616 430 CAP.
2657 371 2813 433 XIV.

3425 370 3534 442 652

250 486 708 559 ιΔιισχίσθησαν,
753 482 846 538 καὶ
909 484 973 537 οὐ
1036 482 1417 551 κατενύγησαν
1444 499 1460 515 ·
1488 501 1506 535 a
1562 479 1833 552 σύμϐολον

1942 494 2047 533 non
2079 480 2470 547 intelligerent,
2497 484 2859 551 rumpendum
2886 492 2941 538 et
2969 485 3294 541 abolendum
3316 483 3534 541 Iuda-o-

239 584 301 638 ιι
324 584 417 638 καὶ
447 580 609 635 τοῦτο
632 574 720 647 ἦν,
746 576 849 629 κάν
872 578 1077 637 ἐκεῖνος
1110 576 1171 628 οὗ
1200 573 1509 639 συνίει,.τοῦ
1528 574 1629 645 τὴν
1644 573 1835 643 ἀρχιε-

246 675 500 749 ρωσύνην
536 671 645 725 τῶν
701 668 973 723 Ἰουδαίων
1009 666 1374 740 διαρραγῆναι
1401 666 1496 720 καὶ
1533 664 1841 734 ἀφανισθῆ-

248 784 360 823 ναι.
385 764 540 819 Ἐπεὶ
569 762 746 816 τοίνυν
770 762 803 831 ἡ
834 759 989 831 κοινὴ
1011 760 1191 830 ψῆφος
1219 760 1329 812 τῶν
1375 759 1678 828 ἀρχιερέων
1716 775 1841 812 κατ-

253 859 469 929 έκρινεν
530 856 716 921 αὐτὸν,
753 853 877 907 τότε
917 854 965 905 oi
1014 852 1286 923 ὑπηρέται
1336 848 1839 919 περικαλύπτοντες

246 949 432 1013 αὑτὸν,
469 946 659 999 ἔπαιον
681 945 775 998 καὶ
798 942 1008 1011 ἔλεγονο
1059 943 1467 1013 Προφήτευσον,
1518 942 1601 1005 τίς
1633 943 1782 994 ἐστιν
1812 942 1841 993 6

248 1040 453 1102 παίσας
475 1054 532 1090 σε
568 1052 583 1102 ;
617 1038 762 1090 Πόσα
786 1037 967 1088 τοίνυν
988 1034 1260 1103 πάθοιμεν
1285 1032 1351 1086 ἂν
1376 1034 1559 1103 ἡμεῖς,
1592 1033 1676 1086 ἵνα
1694 1033 1843 1087 ἀντι-

246 1130 474 1203 δοίημεν
532 1131 601 1183 τά
656 1130 746 1182 ῐσα
796 1127 875 1197 τῷ
931 1126 1220 1196 Aecum;
1267 1125 1475 1197 Φρίκης
1523 1124 1701 1181 ταῦτα
1743 1143 1842 1195 με·

250 1221 377 1279 στά.

333 1330 352 1363 ι
381 1313 490 1366 Καὶ
528 1312 681 1373 ὄντος
708 1309 802 1362 τοῦ
851 1306 1060 1378 Πέτρου
1088 1309 1147 1360 ἐν
1195 1310 1262 1379 τῇ
1297 1307 1434 1379 αὐλῇ
1470 1309 1641 1371 κάτω,
1683 1308 1841 1379 ἔρχε-

252 1419 346 1456 ται
375 1404 475 1473 μία
491 1402 598 1455 τῶν
628 1400 1033 1454 παιδισκῶντοῦ
1054 1400 1377 1470 ἀρχιερέωςο
1400 1402 1496 1453 καὶ
1528 1399 1716 1453 ἰδοῦσα
1744 1401 1837 1452 τὸν

254 1495 467 1566 Πέτρον
497 1492 947 1563 θερμαινόμενον,
981 1491 1301 1560 ἐμϐλέψασα
1327 1491 1497 1562 αὐτῷ,
1522 1492 1702 1559 λέγει·
1732 1493 1842 1546 Καὶ

254 1588 322 1640 σὺ
360 1587 500 1655 μετά
525 1584 619 1637 τοῦ
656 1584 981 1653 Ναζαρηνοῦ
1022 1584 1197 1653 Ἰησοῦ
1264 1579 1430 1653 ἦσθα.
1474 1582 1537 1639 Ὀ
1566 1584 1624 1637 δὲ
1681 1586 1844 1655 ἠρνή-

253 1696 409 1739 erro.
435 1680 629 1746 λέγων·
658 1679 772 1731 Οὐκ
793 1671 931 1742 οἶδα,
960 1679 1080 1731 οὐδὲ
1110 1680 1409 1747 ὲπὶσταμαι
1439 1678 1493 1730 τί
1524 1679 1589 1731 σὺ
1620 1679 1800 1747 λέγεις
1822 1697 1839 1715 ’

1944 586 2063 625 rum
2095 574 2487 627 sacerdotium.
2530 574 2716 643 Itaque
2748 574 2967 643 quando
2998 577 3279 631 communi
3315 577 3535 646 pontifi-

1940 677 2063 716 cum
2089 662 2346 733 suffragio
2370 664 2767 720 condemnatus
2795 674 2900 733 est,
2935 676 3063 721 tunc
3094 668 3329 723 ministri
3364 671 3534 726 θῦνε·-

1942 750 2192 805 laverunt
2242 754 2393 806 illum
2444 764 2500 807 et
2550 756 2905 820 exciderunt,
2953 756 3352 828 dixeruntque:
3399 758 3536 815 Pro-

1941 845 2159 915 pbetiza
2181 887 2197 913 ,
2234 848 2358 916 quis
2387 857 2472 902 est
2500 850 2591 918 qui
2622 858 2675 903 te
2709 850 3025 919 percussit?
3056 850 3197 919 Quid
3229 852 3395 922 igitur
3425 856 3535 927 puli

1941 948 1994 991 et
2025 954 2126 995 nos
2156 941 2436 1006 debemus,
2465 953 2523 998 ut
2552 944 2845 999 reddamus
2871 959 2972 1014 par
2998 944 3270 1002 Domino?
3300 946 3538 1004 Horrore

1942 1033 2097 1102 plena
2124 1044 2251 1087 sunt
2278 1035 2416 1089 haec.

2019 1298 2180 1354 Vsus.
2216 1299 2405 1355 66-72.
2441 1322 2459 1353 ι
2497 1303 2558 1356 Ει
2589 1318 2713 1358 cunt
2746 1314 2890 1359 esset
2920 1304 3114 1359 Petrus
3142 1307 3194 1359 in
3224 1307 3366 1360 atrio
3398 1307 3539 1360 infe-

1945 1391 2079 1455 rius,
2113 1394 2261 1447 venit
2297 1410 2400 1447 una
2435 1396 2758 1449 ancillarum
2790 1398 2987 1451 summi
3025 1399 3356 1463 sacerdotis,
3386 1415 3539 1453 cum-

1942 1500 2051 1552 que
2084 1485 2308 1541 vidisset
2338 1486 2559 1542 Petrum
2596 1489 3014 1545 calefacieutem
3040 1508 3120 1553 se.
3154 1493 3352 1548 intuita
3389 1494 3538 1548 illum

1942 1577 2078 1630 dicit
2108 1594 2120 1629 :
2159 1577 2225 1632 Et
2250 1589 2306 1632 tu
2336 1596 2458 1635 cum
2490 1580 2618 1635 Iesu
2652 1583 2943 1637 Nazareno
2984 1582 3179 1639 fuisti?
3210 1587 3279 1639 At
3318 1585 3407 1641 ille
3445 1602 3541 1642 nec

1944 1670 2089 1737 gavit
2122 1670 2312 1725 dicens
2343 1688 2359 1731 ;
2389 1671 2507 1728 Non
2541 1675 2698 1739 novi,
2732 1690 2905 1745 neque
2947 1677 3063 1731 scio
3095 1676 3227 1747 quid
3268 1678 3437 1733 dicas.
3473 1676 3541 1731 Et

254 1775 351 1827 καὶ
382 1770 608 1840 ιῇλθεν
622 1771 727 1836 ἔξω
755 1774 834 1834 εἰς
862 1772 923 1823 τὸ
944 1771 1257 1839 προαύλιον.
1280 1772 1389 1825 Καὶ
1416 1771 1669 1842 ἀλέκτωρ
1700 1772 1838 1843 ἐφώ-

1948 1763 2117 1817 exivit
2166 1763 2318 1821 foras
2362 1768 2416 1821 in
2466 1768 2834 1835 vestibulum,
2881 1783 2935 1825 et
2982 1770 3155 1842 gallus
3200 1772 3419 1829 cecinit.
3474 1773 3541 1827 Et

252 1882 405 1935 νησε.
438 1866 548 1917 Καὶ
584 1867 615 1935 ή
648 1865 909 1935 παιδίσκη
965 1863 1154 1919 ἰδοῦσα
1201 1865 1362 1917 αὐτὸν
1390 1866 1577 1930 πάλιν,
1638 1866 1843 1936 ῆρεατο

252 1955 436 2023 λέγειν
482 1958 596 2018 τοῖς
656 1956 1062 2025 παρεπηκόσιν
1098 1996 1113 2017 ,
1184 1955 1265 2007 ὅτι
1299 1948 1471 2020 Οὗτος
1546 1956 1607 2023 ἐξ
1662 1956 1843 2009 αὐτῶν

252 2048 434 2101 ἐστιν’
495 2051 525 2102 6
575 2047 632 2101 δὲ
684 2047 846 2102 πάλιν
898 2048 1139 2116 ἠρνεῖτο.
1174 2047 1284 2099 Καὶ
1325 2046 1466 2116 μετά
1501 2048 1701 2118 μικρὸν
1736 2049 1843 2101 πά-

252 2139 341 2190 λιν
370 2178 387 2202 ,
436 2140 486 2192 οἱ
540 2140 891 2209 παρεστῶτες
956 2140 1142 2208 ἔλεγον
1205 2139 1283 2209 τῷ
1342 2140 1565 2209 Πέτρην
1598 2141 1841 2210 Ἀληθῶς

251 2230 315 2294 ιξ
337 2230 516 2283 αὐτῶν
554 2228 603 2283 εἷ
623 2272 635 2291 ,
674 2234 769 2285 καὶ
802 2232 911 2301 γάρ
946 2231 1233 2294 Γαλιλαῖος
1254 2226 1323 2295 εἴ,
1368 2233 1463 2285 καὶ
1491 2234 1524 2302 ἡ
1556 2232 1717 2285 λαλιά
1747 2237 1842 2286 σου

252 2323 526 2389 ὁμοιάζει.
560 2325 619 2378 '0
646 2324 702 2377 at
732 2322 938 2394 ἢρξατρ
962 2324 1385 2393 ἀναθεματίζειν
1451 2327 1545 2378 καὶ
1596 2329 1838 2395 ὀμνύειν.

254 2417 339 2467 ἔτι
371 2418 485 2469 Οὐκ
510 2414 625 2469 οἶδα
658 2418 749 2470 τὸν
779 2417 1068 2488 ἄνθρωπον
1098 2418 1286 2471 τοῦτον
1318 2418 1377 2471 ὃν
1410 2418 1616 2487 λέγετε.
1648 2402 1757 2474 kal
1781 2422 1843 2473 ὲκ

255 2509 513 2579 δευτέρου
577 2511 831 2579 ἀλέκτωρ
862 2508 1111 2581 ὲφὼνησε
1135 2553 1150 2576 ,
1206 2510 1302 2564 καὶ
1336 2512 1650 2583 ἀνεμνήσθη
1676 2515 1704 2565 6
1743 2513 1846 2565 Πέσ

253 2615 388 2668 τρος
448 2598 542 2652 τοῦ
592 2601 860 2677 ῥήματος,
885 2594 947 2652 οὗ
995 2597 1151 2654 εἶπεν
1206 2600 1357 2672 αὐτῷ
1395 2604 1424 2655 6
1468 2601 1697 2671 Ἰησοῦς,
1738 2605 1845 2665 ,ὅτι

257 2691 397 2760 Πρὶν
427 2692 697 2762 ἀλέκτορα
722 2678 970 2762 φωνῆσαι
1000 2693 1106 2756 δὶς,
1130 2695 1426 2767 ἀπαρνήσῃ
1454 2712 1523 2764 με
1545 2696 1665 2765 τρίς
1689 2713 1703 2727 ο
1751 2697 1844 2751 καὶ

252 2783 554 2846 ἐπιϐαλὼν,
593 2784 833 2839 ἔκλαιεν.
862 2804 881 2836 ι
950 2786 1281 2856 Ἦσθένησεν
1306 2789 1335 2840 6
1361 2788 1590 2859 Πέτρος,
1652 2791 1700 2842 εί
1748 2792 1844 2844 καὶ

258 2877 597 2948 θερμότερος
628 2874 718 2949 ἦν,
770 2878 864 2932 καὶ⁸
908 2879 1156 2949 ἀρνεῖται
1184 2880 1278 2933 τὸν
1326 2881 1537 2952 Κύριον
1586 2882 1691 2937 ὑπὸ
1744 2882 1845 2950 τῆς

253 2966 460 3032 δειλίας
497 2970 884 3040 διαταραχθείς
909 2989 923 3002 ο
952 2974 1049 3026 καὶ
1075 2973 1251 3028 ταῦτα
1278 2973 1573 3047 παιδίσκης
1609 2976 1845 3046 ὲκπτοη-

256 3062 432 3130 σάσης
468 3062 633 3115 αὐτόν
653 3078 668 3093 σ
699 3061 855 3115 τοῦτο
881 3063 938 3116 δὲ
966 3066 1087 3117 κατ’
1103 3066 1416 3135 οἰκονομίαν
1452 3067 1842 3138 συνεχώρησεν

254 3154 422 3207 αὐτὸν
464 3156 493 3207 6
532 3152 665 3216 Θεὸς
702 3154 919 3221 παθεῖν,
975 3156 1063 3208 ῐνα
1116 3157 1193 3227 μὴ
1238 3158 1554 3231 ἐπαίρηται,
1584 3163 1678 3215 καὶ
1724 3162 1841 3231 ἃμα

256 3247 348 3299 ἵνα
373 3248 470 3299 καὶ
519 3248 634 3310 τοῖς
680 3248 933 3301 πταίουσι
989 3250 1284 3321 συμπαθὴς
1330 3253 1441 3320 εἴη,
1504 3255 1599 3325 ἀφ’
1644 3257 1838 3310 ἑαυτοῦ

256 3337 569 3401 παιδευθεὶς
614 3339 675 3393 τὺ
744 3339 848 3408 τῆς
900 3340 1249 3411 ἀνθρωπίνης
1303 3344 1588 3409 ἀσθενείας
1640 3346 1835 3417 βίαιον.

253 3428 575 3499 ’Δδεάφορον
615 3429 673 3482 δὲ
698 3430 807 3482 εἴτε
842 3424 887 3499 ήί
909 3431 1048 3501 αὕτη
1082 3432 1337 3504 παιδίσκη
1384 3431 1475 3507 ἦν,
1510 3436 1622 3490 εἴτε
1672 3438 1835 3509 ἄλλη,

255 3522 290 3589 η
347 3520 615 3589 ἑλέγξασα
654 3522 743 3573 τὸν
772 3522 1001 3593 Πέτρον.
1061 3523 1344 3589 Ματθαῖος
1396 3528 1496 3597 μὲν
1527 3528 1637 3599 γάρ
1671 3529 1839 3599 ἄλλην

254 3610 463 3680 ταύτην
489 3611 659 3679 λέγει·
695 3613 921 3683 Μάρκος
951 3615 1007 3668 δὲ
1028 3616 1127 3687 τὴν
1156 3618 1347 3689 αὐτήν.
1383 3620 1550 3673 Οὐδὲν
1582 3622 1639 3674 δὲ
1706 3624 1840 3692 ἡμῖν

253 3702 417 3755 τοῦτο
446 3704 701 3772 ἐμπόδιον
728 3706 865 3777 πρὸς
891 3706 991 3778 τὴν
1024 3708 1281 3779 ἀλήθειαν
1318 3711 1415 3763 τοῦ
1478 3713 1835 3782 Εὐαγγελίου·

258 3792 337 3863 μὴ
369 3792 476 3864 γὰρ
509 3796 567 3847 ὲν
598 3795 819 3866 μεγάλῳ
842 3798 951 3849 τινὶ
975 3799 1069 3851 καὶ
1098 3801 1401 3872 συνεκτικῷ
1438 3802 1539 3874 τῆς
1565 3806 1841 3878 σωτηρίας

254 3885 416 3955 ἡμῶν
444 3886 808 3956 διαφωνοῦσις
841 3891 935 3961 Μὴ
962 3893 991 3945 6
1020 3893 1119 3963 μὲν
1141 3890 1296 3947 εἶπεν
1322 3935 1338 3961 ,
1378 3896 1461 3949 ὅτι
1517 3899 1836 3970 ἐσταυρώθη

252 3978 285 4029 6
314 3976 541 4064 Κύριος,
589 3981 617 4031 6
644 3978 723 4043 δὲ,
768 3979 829 4033 οὗ
863 3999 879 4049 ;
940 3983 1138 4051 ἄπαγε.
1172 3984 1233 4038 '0
1263 3986 1444 4039 τοίνυν
1478 3989 1685 4061 Πέτρος
1734 3989 1840 4043 ὑπὸ

252 4067 369 4138 τῆς
386 4065 588 4131 δειλίας
617 4067 1021 4141 διαταραχθεὶς,
1053 4075 1147 4127 καὶ
1169 4074 1561 4145 ἐπιλαθόμενος
1592 4080 1685 4133 τοῦ
1743 4080 1834 4133 λό-

254 4173 357 4224 γου
417 4152 478 4212 οὗ
507 4154 662 4213 εἶπεν
710 4163 737 4214 6
772 4161 994 4232 Κύριος,
1048 4165 1130 4220 ὅτι
1182 4168 1286 4219 Τὸν
1335 4168 1715 4241 ἀρνησάμενόν
1768 4191 1837 4242 με

254 4251 570 4323 ἀρνήσομαι
610 4252 767 4322 κάγὼ
824 4254 1058 4310 ἐνώπιον
1089 4258 1184 4312 τοῦ
1233 4261 1448 4331 Πατρός
1480 4281 1606 4333 μου,
1664 4266 1838 4337 ήρνή-

257 4358 414 4408 οατο,
445 4343 563 4397 ἀλλ’
593 4347 626 4414 ή
667 4348 931 4412 μετάνοια
960 4349 1121 4403 πάλιν
1140 4351 1305 4405 αὑτὸν
1334 4354 1577 4425 ᾠκείωσα
1601 4356 1680 4427 τῷ
1699 4359 1836 4427 Χρι-

1946 1857 2144 1912 ancilla
2172 1873 2297 1912 cum
2346 1859 2573 1915 vidisset
2612 1877 2761 1929 eum,
2793 1879 3010 1918 rursum
3039 1866 3207 1931 capit
3238 1866 3423 1921 dicere
3455 1866 3541 1920 bis

1944 1949 2037 2015 qui
2063 1951 2316 2004 astabant
2338 1967 2357 2005 ι
2394 1949 2495 2007 Hic
2520 1968 2587 2006 ex
2614 1953 2727 2021 illis
2758 1966 2863 2009 est.
2902 1957 2972 2009 At
3003 1955 3091 2010 ille
3118 1972 3332 2011 rursum
3372 1971 3540 2025 nega-

1946 2040 2067 2102 bat;
2107 2056 2172 2095 ac
2211 2044 2374 2111 paulo
2413 2056 2536 2114 post
2579 2047 2777 2100 iterum
2810 2047 2905 2117 qui
2950 2050 3238 2115 astabant,
3283 2049 3541 2106 dicebant

1947 2130 2148 2185 Petro:
2182 2133 2319 2188 Vere
2349 2149 2416 2187 ex
2447 2136 2554 2189 illis
2587 2152 2685 2191 es:
2719 2153 2840 2191 nam
2882 2149 2935 2193 et
2966 2138 3224 2195 Galilaaus
3261 2156 3341 2206 es,
3370 2152 3424 2197 et
3456 2142 3538 2195 ln-

1945 2224 2104 2291 quela
2132 2232 2219 2278 tua
2253 2227 2529 2281 convenit.
2562 2229 2629 2281 At
2673 2229 2761 2283 ille
2791 2232 2955 2299 «epit
2986 2233 3264 2287 exsecrari
3297 2248 3360 2287 ac
3391 2232 3540 2300 deje-

1951 2333 2110 2371 rare:
2143 2318 2260 2371 Non
2299 2321 2421 2374 novi
2460 2320 2737 2377 hominem
2782 2324 2942 2378 istum
2979 2326 3047 2379 de
3088 2340 3196 2394 quo
3234 2326 3437 2380 dicitis.
3470 2324 3540 2381 Et

1947 2409 2144 2465 iterum
2177 2412 2352 2481 gallus
2387 2416 2625 2470 cecinlt:
2661 2418 3088 2487 recordatusque
3117 2417 3280 2491 255
3318 2428 3401 2476 est
3436 2419 3537 2473 Pe-

1949 2513 2063 2557 trus
2093 2506 2243 2559 verbi
2272 2509 2414 2575 quod
2437 2508 2653 2564 dixerat
2683 2510 2755 2563 illi
2778 2509 2939 2567 Jesus
2967 2528 2979 2566 :
3008 2512 3332 2583 Priusquam
3360 2516 3537 2586 gallus

1947 2595 2207 2651 cecinerit
2248 2597 2357 2662 bis,
2387 2601 2685 2670 abnegabis
2735 2617 2821 2657 me
2856 2611 2960 2657 ter.
2993 2604 3203 2659 Etcum
3236 2604 3535 2674 injecisset,

1947 2681 2113 2737 ﬂevit.
2154 2702 2173 2737 ι
2207 2685 2459 2743 Infirmus
2487 2698 2607 2743 erat
2638 2688 2838 2745 Petrus
2858 2731 2872 2754 ,
2909 2694 3124 2748 tametsi
3161 2695 3337 2748 alacer
3368 2706 3533 2759 esset,

1946 2787 1999 2829 et
2030 2792 2142 2846 prae
2187 2779 2385 2835 timore
2426 2781 2677 2837 turbatus
2716 2780 3007 2837 Dominum
3052 2789 3322 2854 abnegat,
3372 2786 3537 2858 idque

1948 2868 2016 2919 ab
2077 2866 2271 2922 ancilla
2328 2869 2763 2937 obstupefactus.
2826 2871 3082 2935 Permisit
3151 2883 3332 2928 autem
3392 2875 3535 2931 Deus

1948 2960 2091 3014 istud
2119 2961 2382 3031 singulari
2432 2962 2843 3031 dispensatione
2881 2964 3029 3030 fieri,
3062 2975 3121 3019 ut
3151 2982 3218 3019 ne
3246 2968 3537 3021 extollere-

1951 3060 2056 3115 tur,
2084 3061 2139 3105 et
2166 3053 2233 3105 ad
2260 3053 2382 3117 boc,
2410 3062 2469 3108 ut
2495 3063 2907 3124 compaterelur
2934 3055 3262 3123 labentibus,
3292 3074 3325 3112 a
3356 3059 3534 3128 seipse

1946 3146 2190 3199 eruditus
2212 3156 2416 3214 quanta
2438 3148 2512 3200 sit
2532 3148 2765 3201 humana
2796 3148 3142 3203 imbecillitas
3163 3160 3217 3203 et
3239 3150 3532 3221 fragilitas.

1945 3234 2061 3290 Non
2091 3236 2260 3291 refert
2301 3239 2415 3291 sive
2460 3254 2596 3302 una,
2624 3240 2740 3295 sive
2770 3241 2887 3295 dua:
2917 3240 3129 3295 ancillae
3172 3238 3377 3297 fuerint
3414 3257 3535 3314 qua:

1943 3330 2222 3399 arguerint
2263 3330 2503 3383 Petrum.
2550 3329 2835 3387 “animus
2872 3348 3004 3387 sane
3045 3333 3201 3387 istam
3241 3349 3349 3389 non
3379 3349 3531 3391 eant-

1944 3428 2065 3476 dem
2086 3421 2239 3485 dicit,
2277 3421 2491 3476 Marcus
2526 3438 2656 3477 vero
2686 3426 2956 3479 eamdem.
2989 3424 3133 3480 Nihil
3170 3438 3350 3482 autem
3380 3429 3538 3484 nobis

1943 3515 1999 3569 in
2042 3517 2143 3571 hoc
2178 3515 2449 3569 obstaculi
2486 3516 2555 3569 ad
2604 3516 2882 3587 Evangelii
2929 3520 3238 3578 veritatem.
3280 3520 3533 3591 Nunquid

1942 3612 2086 3664 enim
2121 3612 2173 3666 in
2210 3627 2407 3681 magno
2436 3610 2622 3681 aliquo
2656 3621 2707 3666 et
2741 3613 2971 3666 salutem
3004 3626 3249 3670 nostram
3294 3618 3534 3685 comple-

1942 3713 2126 3758 cteute
2171 3702 2534 3757 discordant?
2575 3702 2826 3774 Nunquid
2868 3704 2960 3760 ille
2995 3705 3134 3760 dixit
3172 3709 3315 3776 quod
3355 3710 3534 3763 cruci-

1945 3794 2083 3850 fixus
2104 3796 2196 3859 sit,
2224 3803 2277 3849 et
2298 3795 2437 3849 alius
2462 3809 2569 3849 non
2592 3794 2615 3847 ?
2641 3795 2803 3850 absit.
2836 3794 3003 3867 Igitur
3026 3796 3224 3853 Petrus
3248 3815 3358 3869 pra:
3383 3812 3529 3855 metu

1945 3888 2214 3951 turbatus,
2260 3898 2315 3943 et
2345 3889 2550 3941 oblitus
2580 3887 2852 3941 sermonis
2894 3903 3054 3957 quem
3094 3890 3303 3945 dixerat
3348 3890 3533 3947 Domi-

1941 3997 2067 4047 nus,
2092 3982 2233 4049 quod
2264 3980 2394 4033 Eum
2426 3980 2516 4049 qui
2546 3994 2631 4034 me
2656 3982 3031 4049 abnegaverit,
3050 3983 3331 4054 abnegalto
3361 3994 3413 4039 et
3434 4001 3535 4056 ego

1938 4087 2124 4128 coram
2156 4070 2317 4126 Patre
2351 4087 2493 4137 meo,
2527 4074 2743 4141 negavit
2771 4091 2785 4126 :
2814 4074 2908 4127 sed
2936 4074 3255 4143 paenitentia
3277 4085 3331 4131 et
3357 4078 3534 4150 lucry-

1941 4181 2043 4219 ma:
2074 4164 2224 4219 illum
2260 4165 2326 4217 ad
2359 4165 2641 4225 Clu-istum
2670 4167 3028 4221 reduxerunt.
3067 4166 3133 4223 Et
3159 4184 3281 4221 cum
3311 4170 3531 4241 injecis-

1939 4267 2043 4323 set,
2072 4256 2219 4311 flevit
2247 4275 2259 4311 :
2291 4258 2394 4311 hoc
2426 4267 2509 4311 est
2536 4272 2661 4310 cum
2688 4266 2850 4327 caput
2874 4259 3203 4328 obvelasset,
3236 4264 3314 4317 vel
3345 4281 3441 4333 pro
3463 4282 3533 4322 eo

1939 4353 2083 4421 quod
2109 4351 2275 4420 cmpit
2299 4366 2495 4419 magna
2526 4350 2893 4407 vehementia.
2922 4352 3042 4409 Jam
3067 4354 3215 4423 quod
3245 4354 3529 4413 Mattbteus

257 4433 392 4504 στῷ,
419 4438 515 4488 καὶ
550 4434 620 4489 τά
642 4436 873 4507 δάκρυα.
913 4438 1217 4495 Ἐπιόαλὼν
1245 4444 1374 4515 γὰρ,
1410 4448 1596 4515 φησιν,
1627 4447 1833 4513 ἔκλαιε,

1942 4446 2173 4500 obscure
2200 4444 2359 4510 dixit,
2393 4442 2538 4511 quod
2567 4441 2895 4512 Priusquam
2928 4444 3101 4513 gallus
3129 4456 3333 4514 cantet,
3364 4448 3535 4503 inter-

253 4526 559 4594 τουτέστιν,
614 4529 1093 4600 ἐπικαλυψάμενος
1146 4534 1246 4605 τὴν
1280 4538 1565 4611 κεφαλήν*
1625 4542 1657 4611 ἢ
1710 4544 1833 4597 ἀντὶ

254 4613 377 4680 τοῦ,
410 4614 714 4686 ἀρξάμενος
765 4621 903 4689 μετά
939 4621 1304 4694 σφοδρότητος
1330 4642 1346 4657 ο
1399 4629 1537 4699 ὅπερ
1584 4630 1639 4683 δὲ
1681 4628 1834 4685 εἶπεν

254 4708 488 4774 ἀσαφῶς
513 4710 542 4761 6
588 4710 887 4776 Ματθαῐος,
935 4713 1017 4765 ὅτι
1052 4713 1187 4783 Πρὶν
1251 4716 1519 4789 ἀλέκτορα
1562 4726 1830 4795 φωνῆσαι,

255 4797 609 4867 ἡρμήνευσεν
632 4801 660 4853 6
685 4802 934 4872 Μάρκος,
970 4804 1053 4857 ὅτι
1081 4805 1223 4877 Πρὶν
1256 4809 1503 4879 φωνῆσαι
1548 4812 1651 4877 δίς.
1696 4816 1835 4869 Εἰώ-

256 4887 385 4941 θασι
420 4888 531 4960 γάρ
558 4891 607 4942 al
634 4890 947 4962 ἀλέκτορες,
982 4897 1126 4950 κατὰ
1163 4898 1293 4967 μίαν
1313 4901 1537 4973 ἀγωγὴν
1574 4904 1836 4971 πολλάκις

255 4981 479 5046 φωνεῖν,
518 4975 639 5036 εἶτα
665 4978 779 5038 οἷον
812 4986 1136 5055 ὑπνώττειν,
1190 4990 1287 5044 καὶ
1330 4994 1503 5048 πάλιν
1526 4998 1670 5064 μετά
1712 5016 1836 5054 τινα

254 5070 471 5144 καιρὸν,
501 5073 699 5147 ἑτέραν
723 5078 900 5149 ἀρχὴν
950 5079 1227 5136 ποιεῖσθαι
1252 5083 1347 5138 τοῦ
1377 5091 1597 5154 φωνεῖν.
1633 5092 1699 5144 ’0
1732 5087 1829 5147 οὖν

252 5159 411 5220 εἶπεν
438 5170 467 5220 6
487 5169 786 5236 Ματθαῖος,
819 5172 979 5229 τοῦτό
1012 5177 1161 5230 ἔστιν
1182 5218 1196 5241 ,
1244 5179 1325 5233 ὅτι
1378 5180 1517 5251 Πρὶν
1564 5184 1835 5259 ἀλέκτορα

254 5258 529 5327 φωνῆσαι,
545 5262 815 5326 τουτέστι,
842 5264 1131 5335 πληρῶσαι
1162 5268 1263 5332 τὰς
1291 5271 1539 5340 κραυγὰς
1565 5275 1665 5342 τῆς
1690 5258 1835 5349 πρῶ-

251 5362 354 5419 της
390 5350 633 5420 ἀγωγῆς,
665 5352 960 5427 ἀπαρνήσῃ
991 5374 1060 5427 με
1082 5358 1224 5429 τρίς.
1271 5362 1727 5433 Διίσχυνέσθωσαν
1776 5370 1835 5423 δὲ

254 5440 310 5492 οι
344 5439 683 5495 Ναυατιανοὶ
713 5446 764 5497 el
812 5446 938 5509 τοὺς
999 5448 1141 5517 μετὰ
1174 5450 1234 5503 τὸ
1279 5450 1564 5527 βάπτισμα
1595 5460 1689 5511 καὶ
1733 5460 1835 5531 τὴν

256 5532 570 5622 μετάληψιν
597 5533 706 5588 τῶν
742 5539 1058 5609 μυστηρίων
1096 5541 1544 5613 ἁμαρτήσαντας.
1581 5550 1658 5619 μὴ
1687 5550 1837 5622 δεχό-

260 5633 438 5686 μενοι.
512 5620 647 5677 Ἰδοὺ
723 5627 833 5696 γὰρ
878 5626 907 5678 6
955 5627 1182 5699 Πέτρος,
1232 5633 1328 5686 καὶ
1375 5636 1697 5704 μεταλαϐὼν
1740 5620 1834 5696 τοῦ

254 5710 531 5804 ἀχράντου
569 5714 822 5787 σώματος
853 5720 948 5774 καὶ
986 5722 1240 5793 αἵματος.
1296 5729 1389 5783 καὶ
1428 5730 1832 5804 ἀρνησάμενος,

1937 4547 2186 4605 pretatus
2230 4545 2313 4590 est
2361 4534 2615 4599 Marcus,
2662 4536 2789 4604 quia
2823 4533 3152 4606 Priusquam
3200 4539 3285 4593 bis
3326 4550 3528 4595 cantet.

1936 4630 2351 4684 Consuevernnt
2386 4628 2531 4681 enim
2565 4627 2690 4698 galli
2722 4642 2830 4682 uno
2861 4639 3111 4699 tempore
3137 4646 3280 4699 saepe
3310 4646 3527 4697 sonare,

1936 4732 1991 4777 et
2016 4730 2205 4791 postea
2242 4722 2508 4788 dormire,
2540 4731 2596 4775 et
2634 4730 2756 4791 post
2790 4732 3001 4791 tempus
3030 4722 3301 4793 quoddam
3331 4724 3524 4779 iterum

1937 4825 2156 4872 cantum
2190 4814 2454 4885 incipere.
2509 4813 2664 4880 Quod
2704 4814 2867 4884 igitur
2896 4813 3186 4871 latthaeus
3222 4817 3388 4883 dixit,
3423 4818 3528 4874 hoc

1938 4918 2060 4964 est:
2099 4906 2422 4976 Priusquam
2459 4906 2635 4977 gallus
2664 4914 2871 4968 cantet,
2896 4904 2997 4960 hoc
3030 4915 3133 4973 est,
3162 4906 3382 4976 impleat
3411 4908 3527 4963 cla-

1937 5014 2147 5055 morem
2190 4998 2352 5069 primi
2383 5006 2611 5060 cantus,
2662 4997 2889 5068 negabis
2932 5012 3017 5051 me
3048 5008 3150 5053 ter.
3190 4997 3528 5057 Erubescant

1937 5092 2246 5158 Novatiani,
2267 5092 2362 5163 qui
2391 5106 2485 5149 eos
2510 5091 2603 5163 qui
2633 5101 2753 5162 post
2782 5090 3109 5161 baptismum
3131 5102 3187 5147 et
3208 5108 3527 5149 sacramen-

1939 5196 2114 5239 torum
2140 5185 2581 5240 conmmnionem
2638 5192 2966 5253 peccarunt.
3033 5197 3143 5237 non
3199 5184 3522 5255 suscipiunt.

1937 5279 2077 5336 Ecce
2095 5288 2151 5333 et
2177 5276 2376 5333 Petrus
2401 5286 2657 5346 suscepto
2678 5274 3030 5329 immaculato
3059 5292 3292 5347 corpore
3318 5286 3375 5333 et
3400 5293 3529 5332 san-

1937 5371 2119 5441 guine,
2144 5385 2270 5425 cum
2312 5377 2589 5438 negasset,
2621 5377 2844 5439 propter
2871 5368 3247 5438 pa-nitentiam
3272 5379 3525 5439 receptus

1935 5469 2040 5515 est.
2070 5460 2400 5516 Sanctorum
2434 5459 2581 5515 enim
2606 5459 2803 5515 delicta
2828 5459 2953 5514 ideo
2982 5460 3182 5529 scripta
3210 5471 3355 5528 sunt,
3383 5473 3441 5516 ut
3472 5470 3529 5517 et

1939 5568 2040 5609 nos
2073 5553 2121 5609 si
2156 5552 2375 5622 quando
2410 5551 2546 5621 lapsi
2581 5551 2849 5607 fuerimus
2876 5564 2983 5606 non
3017 5552 3521 5615 animadvertendo,

1936 5647 2211 5717 possimus
2246 5646 2301 5700 in
2343 5643 2589 5713 exempla
2622 5643 2837 5697 illorum
2872 5644 3177 5714 respicere,
3205 5658 3257 5700 et
3285 5662 3383 5716 per
3409 5659 3525 5716 ρω.

1941 5737 2222 5793 nitentiam
2250 5735 2473 5804 corrigi.

254 5799 345 5859 διὰ
377 5806 477 5877 τῆς
512 5810 803 5879 μετανοίαις
829 5814 1189 5889 προσεδέχθη.
1220 5817 1300 5875 Τὰ
1327 5822 1434 5893 γὰρ
1468 5799 1830 5899 ἔλαττύιματα
1866 5833 1978 5890 τῶν
2042 5831 2213 5901 ἁγίων
2242 5832 2331 5888 διὰ
2362 5799 2521 5887 τοῦτο
2556 5831 2973 5903 ἀνεγράφησαν,
3051 5831 3136 5887 ἵνα
3195 5832 3287 5886 καὶ
3341 5831 3525 5901 ἡμεῖς.
