4108 6334
135 348 247 413 €59

854 347 1301 410 ENARRATIO
1336 346 1421 408 IN
1459 348 1969 411 EVANGELIUM
2007 352 2340 412 MARCI-
2376 353 2532 413 CAP.
2572 352 2694 412 XV.

3308 350 3422 413 670

133 458 331 515 υῦτον
382 459 477 512 καὶ
524 461 617 511 τδν
665 453 911 528 γραπτὸν
955 455 1016 509 ὃν
1050 454 1254 508 ῑδωκεν
1300 454 1509 527 αὑτῷό
1553 454 1722 520 Θεός’

1842 474 1995 529 quam
2051 460 2318 514 naturalis
2370 457 2503 527 legis
2545 455 3036 527 praevaricatores;
3071 452 3242 510 Judzei
3265 467 3422 517 vero,

136 551 259 606 ἀλλ’
301 549 333 603 ὁ
366 550 466 621 μὲν
507 546 742 614 ὶθνικδς,
786 546 1086 616 εὐγνώμων
1120 546 1347 620 λῃστὴς,
1396 550 1427 602 ὀ
1473 545 1533 601 δὲ
1592 547 1730 600 Ἴου.

136 642 352 707 δαῖκδς,
392 639 523 710 ἄχρι
554 637 744 701 τέλους
779 635 1122 708 βλάσφημος.
1159 638 1343 692 Μέσον
1388 637 1447 693 ὁὶ
1487 636 1599 690 τῶν
1636 636 1731 691 δύο

138 733 290 787 λαῶν
320 729 650 803 σταυροῦται
678 732 707 783 ὁ
734 727 937 799 Κύριος
964 745 980 759 ο
1000 728 1169 793 αὐτὸς
1204 731 1314 800 γάρ
1349 731 1499 783 ιστιν
1528 732 1557 783 ό
1582 728 1729 792 λίθος

140 831 170 880 ὁ
198 825 487 878 συνάπτων
514 824 547 893 ἠ
554 824 683 893 μᾶς.

225 1022 244 1054 ι
288 1004 399 1057 Καὶ
444 1004 495 1056 οί
535 998 1046 1073 παραπορευόμενοι
1085 997 1479 1069 ἐϐλασφήμουν
1538 996 1726 1062 αὐτὸν,

148 1095 431 1157 κινοῦντες
458 1093 558 1157 τὰς
601 1093 844 1161 κεφαλὰς
884 1090 1065 1145 αὐτῶν
1094 1092 1190 1144 καὶ
1216 1089 1495 1159 λέγοντες·
1532 1086 1671 1151 Οὐᾶ,
1700 1089 1731 1140 ό

146 1186 442 1241 καταλύων
470 1187 560 1240 τὸν
604 1185 750 1249 ναὸν,
781 1187 878 1239 καὶ
922 1187 982 1238 ὲν
1019 1184 1203 1255 τρισὶν
1236 1182 1474 1253 ἡμέραις
1519 1180 1727 1235 οἰκοδο-

148 1278 292 1349 μῶν,
328 1279 505 1332 σῶσον
532 1278 761 1333 σεαυτόν
781 1294 794 1306 ·
826 1277 924 1331 καὶ
948 1276 1167 1330 κατάϐα
1198 1276 1307 1328 ἀπὸ
1331 1275 1428 1327 τοῦ
1461 1271 1726 1341 σταυροῦ.

156 1370 392 1439 Ὁμοίως
418 1369 478 1422 δὲ
507 1369 603 1423 καὶ
628 1370 679 1421 οἱ
709 1370 988 1435 ἀρχιερεῖς
1058 1367 1422 1439 ἐμπαίζοντες
1466 1366 1603 1431 πρὸς
1637 1366 1732 1417 ἁλ-

144 1460 344 1530 λήλους
378 1459 519 1531 μετὰ
550 1459 660 1512 τῶν
692 1459 1075 1529 Γραμματέων
1100 1458 1307 1525 ἔλεγονο
1331 1456 1561 1520 ¹Ἄλλους
1593 1458 1731 1509 ἐπω-

147 1569 263 1614 σεν,
299 1552 490 1604 ἑαυτὸν
516 1552 579 1604 οὐ
605 1549 829 1603 δύναται
851 1548 1125 1625 σῶσαι.έο
1155 1548 1391 1620 Χριστὸς
1419 1552 1446 1601 ό
1479 1548 1732 1618 βασιλεὺς

144 1647 244 1699 τοῦ
285 1644 528 1716 Ἰσραὴλ,
561 1642 855 1697 καταϐάτω
887 1641 982 1697 νῦν
1025 1641 1135 1695 ἀπὸ
1172 1640 1267 1694 τοῦ
1315 1640 1575 1712 σταυροῦ,
1647 1640 1733 1691 ἴνα

147 1738 351 1807 ἴδωμεν
385 1738 479 1820 καὶ
520 1733 927 1804 πιστεύσωμεν.
982 1732 1096 1787 Καὶ
1122 1734 1172 1785 οἱ
1219 1731 1733 1802 συνεσταυρωμένοι

144 1828 320 1899 αὐτῷ,
349 1825 626 1892 ὠνείδιζον
656 1826 843 1881 αὐτόν.
887 1845 905 1877 ι
945 1826 1056 1881 Καὶ
1094 1827 1146 1879 οί
1178 1826 1728 1897 παραπορευόμενοι,
1764 1825 1804 1877 Β

146 1921 304 1989 φησὶ,
335 1920 641 1985 τουτέστιν,
682 1922 731 1972 οἱ
766 1919 1111 1990 διερχόμενοι
1141 1920 1241 1990 τὴν
1272 1920 1411 1985 ὁδὸν,
1444 1920 1540 1972 καὶ
1574 1918 1732 1972 αὐτοὶ

146 2011 539 2083 ἐϐλασφήμουν
586 2014 676 2064 τὸν
725 2013 951 2081 Κύριον,
1023 2012 1227 2064 ὡσανεὶ
1297 2011 1734 2076 ὲπιτωθάζοντες

144 2100 311 2153 αὐτὸν
339 2102 417 2164 ὡς
455 2102 673 2157 πλάνον.
706 2102 943 2171 ὐμοίως
975 2102 1069 2154 καὶ
1110 2104 1159 2155 οἱ
1192 2103 1473 2173 ἀρχιερεῖς
1506 2101 1693 2168 ἔλεγον
1715 2117 1728 2130 ’

161 2194 221 2248 '0
249 2194 441 2256 ἄλλους
475 2193 677 2259 σώσας,
716 2194 908 2247 ἑαυτὸν
938 2195 997 2246 οὐ
1034 2193 1233 2259 σώζει;
1260 2194 1434 2247 Τοῦτο
1462 2193 1519 2248 δὲ
1545 2194 1734 2261 ἔλεγον

147 2283 609 2347 ἀποσκώπτοντες
637 2288 718 2348 εἰς
754 2288 822 2338 τὰ
861 2285 1117 2354 θαύματα
1149 2285 1337 2352 αὑτοῦ,
1381 2289 1474 2340 καὶ
1511 2288 1736 2355 ἐπικερο

152 2376 475 2448 τομοῦντες,
502 2378 576 2439 ὡς
595 2378 735 2431 κατὰ
767 2377 1073 2446 φαντασίαν
1104 2380 1244 2447 τάχα
1269 2379 1538 2447 γενόμενα
1586 2378 1729 2429 Θαυο

154 2470 486 2542 ματουργῶν
518 2472 628 2544 γὰρ
662 2470 832 2535 ἔσωζε
864 2470 1115 2534 πολλούς.
1140 2473 1199 2524 '0
1226 2472 1283 2525 δὲ
1307 2471 1555 2535 διάϐολος
1590 2489 1735 2543 παρ-

156 2562 333 2615 εκίνει
368 2562 564 2625 αὐτοὺς
616 2562 795 2629 λέγειν
828 2564 909 2628 τὸ,
952 2563 1267 2617 Καταϐάτω
1298 2566 1409 2618 ἀπὸ
1444 2565 1539 2617 τοῦ
1571 2582 1738 2617 σταυ-

154 2651 277 2723 ροῦ.
320 2651 480 2706 Ἐπεὶ
522 2653 629 2723 γὰρ
666 2654 809 2723 Ξγνω
838 2658 866 2708 ό
916 2656 1249 2727 ἁρχέκακος,
1284 2658 1368 2710 ὅτι
1411 2658 1445 2726 ἠ
1488 2659 1737 2726 σωτηρία

149 2743 245 2795 διὰ
299 2743 394 2797 τοῦ
432 2744 667 2816 σταυροῦ
704 2746 937 2814 γίνεται,
978 2747 1145 2800 πάλιν
1192 2747 1449 2815 ὲπείραζε
1490 2748 1582 2800 τὸν
1634 2748 1741 2805 Κύσ

156 2850 275 2903 ριον
302 2875 316 2898 ,
354 2832 441 2886 ἵνα
468 2834 562 2886 ἑὰν
586 2833 799 2905 καταϐῇ
825 2835 932 2887 ἀπὸ
962 2861 979 2887 ’.
1006 2839 1053 2888 δῦ
1084 2836 1343 2905 σταυροῦ.
1377 2837 1479 2897 πλη
1491 2853 1735 2908 ροφορη-

160 2924 257 2997 θῇ,
301 2925 385 2979 ὅτι
416 2925 519 2978 οὐκ
560 2925 709 2979 ἔστιν
744 2926 866 2990 Υἱὸς
905 2925 1040 2980 Θεοῦ
1067 2942 1082 2957 ·
1120 2926 1215 2980 καὶ
1260 2925 1404 2979 οὕτω
1448 2928 1727 2999 καταλυθῇ

154 3020 191 3086 ἡ
224 3018 467 3088 σωτηρία
492 3019 526 3087 ὴ
548 3018 637 3071 διὰ
666 3018 762 3071 τοῦ
786 3016 1023 3087 σταυροῦ
1051 3035 1065 3049 ’
1098 3017 1213 3071 ἀλλ’
1243 3020 1451 3078 ἐκεῖνος
1480 3021 1575 3071 καὶ
1607 3019 1739 3082 Υἱὸς

155 3108 294 3161 Θεοῦ
326 3104 393 3179 ἦν
427 3110 668 3177 ἀληθῶς,
703 3113 799 3163 καὶ
838 3110 927 3163 διὰ
961 3107 1122 3163 τοῦτο
1162 3110 1369 3180 μᾶλλον
1401 3110 1461 3162 οὐ
1498 3111 1734 3179 κατέϐιγ

1833 564 1892 608 υι
1933 562 2338 622 contemptores
2385 564 2439 606 et
2475 551 2656 618 hujus,
2705 559 2761 603 et
2791 549 2933 619 ejus,
2962 565 3128 618 quam
3164 548 3426 601 Dominus

1831 646 2001 709 dedit,
2034 644 2187 715 legis.
2226 642 2332 697 Sed
2367 644 2454 696 hic
2484 643 2705 712 quidem
2734 642 2957 712 gentilis
3000 648 3189 707 gratus
3243 637 3325 703 (it,
3369 646 3428 691 et

1833 731 2143 805 resipiscit:
2185 734 2448 789 Judaicus
2502 744 2686 787 autem
2739 746 2913 802 usque
2962 730 3030 785 ad
3081 729 3243 783 tinem
3275 730 3425 783 hlas-

1830 825 2076 895 phemat.
2165 824 2338 878 Porro
2424 822 2689 878 Dominus
2771 824 2917 876 inter
2989 822 3127 874 duos
3194 821 3424 890 populos

1830 915 2195 986 eruciligitnr.
2231 915 2352 982 Ipse
2384 917 2529 968 enim
2556 914 2694 983 lapis
2730 924 2814 967 est
2848 911 3195 982 conjungeus
3228 928 3347 963 nos.

1902 1005 2069 1061 Vens.
2104 1005 2303 1061 28-52.
2353 1024 2373 1059 ι
2408 1007 2471 1059 Et
2504 1007 2596 1075 qui
2623 1005 2999 1075 pra-teribant,
3035 1002 3428 1056 conviciabatu-

1834 1106 1921 1152 tur
1948 1098 2048 1163 illi,
2074 1108 2358 1152 moventes
2380 1099 2560 1167 capita
2590 1112 2711 1161 sua,
2744 1111 2809 1149 ac
2858 1095 3103 1149 dicentes
3132 1112 3144 1146 :
3185 1091 3302 1145 Vah
3327 1095 3420 1162 qui

1833 1190 2111 1245 demoliris
2155 1192 2440 1259 templum,
2492 1201 2547 1244 et
2592 1191 2646 1244 itt
2688 1190 2867 1245 tribus
2924 1188 3116 1242 diebus
3163 1187 3425 1249 rxstruis,

1832 1298 1987 1337 serva
2025 1282 2279 1352 ιοίρςιιιιι,
2330 1294 2383 1337 ει
2420 1282 2688 1336 descende
2731 1282 2799 1335 de
2843 1294 3031 1334 cruce.
3072 1278 3340 1333 Similiter
3374 1286 3431 1331 et

1833 1375 2029 1426 summi
2073 1373 2389 1427 sacerdotes
2435 1373 2721 1427 illudentes
2764 1373 2907 1426 inter
2938 1387 3061 1425 sese
3110 1385 3235 1423 cum
3279 1368 3430 1424 Scri-

1836 1468 1941 1531 bis,
1974 1466 2224 1522 dicebant
2251 1484 2267 1522 :
2300 1467 2451 1522 Alios
2486 1467 2745 1533 servavit,
2783 1467 3022 1535 seipsum
3055 1478 3280 1519 Servare
3317 1478 3427 1518 non

1836 1570 2034 1629 petest.
2075 1559 2329 1615 Christus
2363 1560 2453 1615 ille
2488 1576 2581 1615 rex
2628 1560 2793 1614 Israel
2835 1561 3128 1614 descendat
3182 1574 3328 1615 nunc
3358 1559 3431 1615 de

1834 1668 2021 1716 cruce,
2062 1663 2122 1707 ut
2167 1654 2451 1708 videamus
2490 1662 2545 1708 et
2592 1653 2907 1706 credamus.
2944 1651 3011 1705 Et
3044 1652 3135 1720 qni
3181 1649 3429 1706 cruciﬁxi

1836 1746 2054 1800 fuerant
2080 1761 2203 1800 cum
2239 1746 2352 1810 illo,
2390 1746 2583 1816 probra
2620 1745 2900 1814 jaciebant
2932 1746 2984 1799 in
3011 1760 3163 1797 eum.
3196 1764 3214 1795 ι
3237 1742 3305 1798 Ει
3338 1742 3431 1812 qui

1838 1838 2214 1907 praeteribant,
2261 1840 2365 1893 hoc
2395 1848 2503 1904 est,
2545 1838 2636 1907 qui
2680 1838 2989 1892 transibant
3024 1852 3124 1907 per
3166 1838 3334 1903 viam,
3370 1844 3429 1891 et

1839 1932 1943 2003 ipsi
1976 1931 2427 2001 blasphemabant
2475 1930 2787 1994 Dominum,
2822 1930 3257 1999 improperaotes
3286 1928 3334 1982 ei
3372 1937 3435 1984 ut

1842 2022 2147 2091 impostori.
2204 2020 2473 2075 Similiter
2510 2029 2690 2074 autem
2721 2030 2777 2075 et
2809 2020 3099 2090 pontiﬁces
3139 2019 3430 2074 dicebant:

1840 2113 1992 2166 Alios
2024 2112 2276 2178 salvavit,
2306 2113 2545 2181 scipsum
2580 2127 2686 2166 non
2736 2109 2936 2164 salvat?
2987 2108 3099 2164 lloc
3137 2120 3318 2163 autem
3350 2108 3436 2164 di-

1838 2205 2039 2257 cebant
2097 2203 2411 2259 deridentes
2472 2203 2591 2272 ejus
2668 2201 2929 2256 miracula
2998 2209 3054 2253 et
3113 2201 3436 2255 vellicantcs

1845 2296 2005 2362 quasi
2038 2292 2383 2363 phantaStit-a
2402 2291 2652 2347 fuissent.
2686 2291 2820 2345 Nam
2844 2290 3121 2361 operando
3141 2290 3433 2354 miracula,

1846 2387 2027 2440 salvos
2060 2386 2189 2439 iecit
2233 2384 2458 2440 multos.
2494 2383 2751 2437 Diabolus
2784 2392 2967 2436 autem
3015 2382 3281 2437 incitabat
3310 2380 3434 2435 illos

1841 2487 1902 2529 ut
1934 2477 2205 2541 dicerent,
2238 2475 2540 2531 Descendat
2584 2490 2728 2528 nunc
2758 2474 2826 2527 de
2876 2486 3065 2527 cruce.
3105 2472 3244 2539 Quia
3286 2472 3432 2525 enim

1840 2571 2206 2641 cognoscebat
2262 2578 2453 2622 auctor
2511 2568 2637 2621 ntali
2689 2566 2835 2638 quod
2880 2568 3026 2620 salus
3078 2581 3177 2635 per
3211 2577 3435 2619 crucem

1844 2667 2019 2727 lit-ret,
2054 2664 2246 2717 iterum
2294 2663 2541 2735 tentabat
2593 2662 2908 2723 Dominum,
2944 2657 3111 2728 259
3156 2666 3214 2710 ut
3256 2656 3303 2712 si
3334 2655 3436 2711 de-

1842 2755 2128 2807 scenderet
2163 2751 2232 2805 de
2265 2766 2451 2816 cruce,
2501 2761 2708 2804 certum
2757 2748 2898 2802 foret
2946 2749 3123 2817 ipsum
3168 2762 3272 2800 non
3312 2760 3439 2803 esse

1845 2841 2039 2896 Filium
2085 2839 2203 2902 Dei,
2231 2848 2284 2894 et
2322 2840 2400 2892 sic
2431 2839 2637 2909 periret
2681 2837 2830 2893 salus
2875 2852 2995 2907 qnze
3028 2851 3125 2905 per
3170 2850 3387 2890 crucem
3418 2852 3435 2903 ;

1844 2936 1939 2991 sed
1975 2935 2065 2989 ille
2090 2945 2145 2988 et
2173 2933 2266 2988 Dei
2293 2932 2461 2988 Filius
2490 2941 2607 2988 erat
2634 2946 2783 2995 vere,
2821 2940 2877 2985 et
2920 2941 3205 3001 propterea
3254 2929 3435 2983 minus

1846 3025 2147 3082 descendit.
2205 3026 2340 3078 Nam
2406 3026 2452 3078 si
2512 3023 2775 3077 voluisset
2828 3023 3183 3085 descendere,
3254 3034 3435 3090 neque

1845 3118 2111 3188 principio
2140 3115 2499 3171 ascendisset.
2533 3114 2729 3169 Sciens
2774 3114 2922 3167 enim
2954 3127 3051 3181 per
3083 3114 3187 3166 hoc
3220 3111 3436 3166 salvan-

154 3201 206 3252 εί
237 3176 569 3270 γὰρ-ἔμελλε
602 3200 939 3270 καταϐῆναι.
969 3201 1081 3255 οὐδ’
1114 3176 1181 3255 ἂν
1212 3200 1310 3271 τὴν
1340 3200 1515 3271 ἀρχὴν
1534 3176 1706 3271 ἀνέϐη
1724 3216 1737 3229 ο

1847 3176 1942 3257 ilus
1978 3176 2253 3265 homines,
2298 3202 2559 3255 sustinuit
2611 3211 2671 3255 ut
2720 3176 3160 3272 cruciﬁgeretur,
3216 3200 3437 3268 aliaque

157 3291 301 3345 ἀλλὰ
328 3292 438 3363 γὰρ
470 3293 625 3355 εἰδὼς
653 3295 735 3346 ὅτι
769 3292 943 3356 οὕτως
973 3292 1126 3346 ἔσται
1156 3296 1189 3363 ἠ
1222 3293 1470 3363 σωτηρία
1494 3294 1604 3353 τοῖς
1646 3293 1738 3344 ἀν-

1845 3296 2011 3349 tnulta
2053 3303 2336 3363 pateretur
2387 3293 2853 3362 perﬁcereturqne
2884 3294 3002 3362 ejus
3038 3308 3200 3363 opus.
3244 3292 3313 3347 Et
3343 3293 3437 3361 qui

157 3378 424 3450 θρώποις,
492 3384 751 3455 ἠνέσχετο
817 3383 913 3437 καὶ
979 3384 1367 3456 σταυρωθῆναι
1428 3386 1519 3436 καὶ
1573 3384 1738 3437 τᾶλλα

1842 3385 2003 3440 simul
2027 3386 2296 3449 cruciﬁxi,
2325 3384 2764 3453 exprobrabant;
2789 3383 3057 3454 principio
3081 3384 3217 3445 duo,
3246 3394 3433 3453 postea

168 3476 356 3529 πάντα
382 3479 595 3543 παθεῖν,
644 3478 739 3530 καὶ
774 3475 1060 3537 τελειῶσαι
1106 3478 1273 3532 αὐτοῦ
1304 3478 1365 3531 τὸ
1410 3476 1596 3546 ἔργον.
1632 3476 1738 3528 Καὶ

1846 3493 1990 3533 unus
2020 3477 2243 3547 agnovit
2270 3492 2398 3531 eum
2448 3476 2751 3539 innoxium,
2797 3476 2940 3530 sicut
2970 3474 3150 3531 Lucas
3192 3476 3348 3539 dicit.
3378 3484 3439 3530 et

155 3565 213 3619 οι
272 3568 779 3637 συνεσταυρωμένοι
846 3566 1120 3631 ὠνείδιζον
1175 3569 1226 3621 οἱ
1265 3568 1360 3622 δύο
1403 3566 1464 3631 ἐξ
1525 3567 1738 3637 ἀρχῆς’

1849 3567 2154 3636 increpavit
2183 3566 2351 3620 alium
2381 3565 2882 3632 blasphemantem.

158 3658 283 3715 εἶτα
322 3663 351 3716 ό
399 3657 482 3725 εἷς
529 3661 744 3730 ἐπέγνω
786 3662 953 3717 αὑτὸν
1003 3662 1270 3732 ἀναίτιον,
1327 3663 1405 3718 ὡς
1445 3665 1473 3716 ὁ
1523 3663 1741 3727 Λουκᾶς
1782 3659 1954 3731 λέγει,
1997 3662 2094 3716 καὶ
2145 3661 2352 3733 μᾶλλον
2386 3660 2481 3713 καὶ
2527 3659 2607 3730 τῷ
2640 3659 2814 3732 ἑτέρῳ
2853 3661 3093 3732 ἐπετίμα
3130 3663 3207 3725 ὡς
3281 3662 3443 3733 βλασ-

158 3774 235 3827 «pq
245 3773 413 3827 μουντ
420 3773 457 3809 ι.

318 3774 457 3809 υντι.

236 3774 316 3900 «po
314 3846 621 3917 Γενομένης
662 3846 719 3898 δὲ
758 3845 909 3918 ὥρας
942 3846 1131 3917 ἕκτης,
1164 3845 1359 3906 σκότος
1405 3844 1624 3912 ἐγένετο
1655 3844 1738 3912 ἐφ’

1922 3844 2090 3898 Vens.
2128 3842 2323 3897 3337.
2358 3857 2378 3892 ι
2424 3840 2557 3895 Cum
2584 3855 2711 3893 vero
2743 3838 2883 3892 facta
2915 3848 3062 3893 esset
3100 3839 3231 3891 hora
3261 3846 3438 3903 sexta,

156 3939 289 4007 ὃλην
321 3937 419 4008 τὴν
450 3939 577 4007 γῆν,
624 3936 738 4001 ἕως
774 3938 923 4008 ὧρας
954 3940 1202 4008 ὲννάτης.
1245 3937 1355 3989 Καὶ
1406 3940 1474 4007 τῇ
1522 3935 1645 4005 ὥρᾳ⁵
1670 3938 1738 4005 τῇ

1853 3936 2095 3991 tenebrae
2149 3946 2283 3990 orta:
2328 3940 2455 3987 sunt
2498 3948 2662 4003 super
2706 3942 2872 3987 totam
2907 3942 3107 3986 terram
3159 3947 3331 4001 u<que
3372 3930 3445 3988 ad

157 4031 384 4100 ἰννάτῃ,
430 4029 659 4099 ἐϐόησεν
705 4031 733 4083 ὁ
774 4028 985 4099 Ἰησοῦς
1034 4030 1185 4098 φωνῇ
1237 4025 1473 4098 μεγάλῃ.
1521 4026 1738 4091 λέγων·

1852 4028 2043 4080 horam
2082 4039 2302 4079 nonam.
2351 4024 2417 4077 Et
2455 4023 2591 4077 hora
2640 4036 2781 4077 nona
2827 4022 3080 4077 clamavit
3122 4020 3281 4078 Jesus
3310 4038 3444 4079 voce

169 4120 355 4185 Ἐλωῒ,
396 4120 543 4187 ὲλωῖ,
577 4122 775 4193 λαμμᾶ
818 4120 1143 4191 σαϐαχθανὶ,
1195 4120 1224 4172 ὃ
1268 4122 1383 4171 ἐστι
1460 4117 1738 4187 μεθερμησ

1849 4134 2071 4188 magna,
2106 4117 2337 4171 dicens:
2378 4114 2515 4181 Elui,
2542 4114 2669 4179 eloi,
2716 4114 3245 4181 lamasabachthaui,
3293 4114 3442 4185 quod

155 4213 542 4283 νευόμενον.⁹0
565 4216 695 4277 θεός
725 4232 850 4285 μου,
882 4215 910 4267 ὁ
932 4214 1065 4276 Θεὸς
1098 4230 1225 4283 μου,
1252 4213 1332 4273 εἰς
1360 4210 1411 4262 τί
1443 4227 1509 4279 με
1534 4211 1738 4276 ἐγκατ-

1850 4222 1955 4275 est,
1990 4208 2036 4261 si
2084 4208 2209 4277 quis
2240 4208 2650 4273 interpretetur,
2681 4203 2824 4261 Deus
2866 4220 3041 4271 meus,
3073 4203 3218 4260 Deus
3254 4220 3438 4273 meus,

158 4306 386 4371 έλιπεςς
431 4307 541 4359 Καί
565 4321 711 4369 τινες
751 4304 862 4358 τῶν
904 4304 1332 4375 παρεστηκότων
1384 4300 1738 4366 ἀκούσαντες,

1852 4318 1954 4357 cur
1980 4317 2067 4356 me
2105 4299 2432 4353 deseruisti?
2464 4297 2532 4351 Et
2574 4298 2797 4368 quidam
2843 4298 3140 4352 astantium
3183 4313 3306 4352 cum
3338 4314 3441 4352 au-

158 4396 385 4463 ῑλεγοψ
424 4396 556 4451 Ἰδοὺ
596 4396 793 4451 Ἧλίαν
840 4398 1045 4463 φωνεῖ·
1105 4392 1329 4466 δραμὼν
1382 4394 1441 4447 δὲ
1492 4386 1594 4456 εἷς,
1651 4393 1738 4443 καὶ

1855 4393 2086 4454 dissent,
2122 4390 2415 4445 dicebant:
2453 4389 2592 4444 Ecce
2630 4388 2807 4443 Eliam
2842 4398 3026 4443 vocat.
3059 4388 3313 4465 Accurrit
3338 4404 3439 4443 au-

156 4486 399 4556 γιμίσας
421 4487 662 4558 σπόγγον
693 4487 852 4553 ὄξους
872 4527 889 4553 ,
930 4485 1179 4557 περιθείς
1207 4502 1266 4539 τε
1309 4484 1562 4554 καλάμῳ,
1612 4483 1738 4534 ὲπὸ-

1849 4496 1955 4540 tem
1982 4486 2222 4555 quidam,
2253 4495 2305 4536 et
2337 4483 2557 4551 impleta
2587 4484 2811 4553 spongia
2870 4491 3049 4549 aceto,
3077 4483 3441 4553 impositaque

156 4577 311 4640 τιζεν
338 4574 522 4641 αὐτὸν,
545 4574 739 4645 λέγων·
768 4578 992 4644 Ἄφετε,
1020 4574 1218 4645 ἴδωμεν
1248 4576 1297 4627 εί
1318 4572 1535 4644 ἔρχεται
1553 4571 1743 4631 Ἠλίας

159 4667 415 4720 καθελεῖν
446 4664 718 4723 αὑτόνᾘθ
744 4666 801 4721 δὲ
832 4666 1042 4735 Ἰησοῦς
1066 4667 1226 4736 ἀφεὶς
1258 4666 1443 4738 φωνὴν
1476 4665 1742 4735 μεγάλην,

158 4759 514 4825 ἐξέπνευσεν.
566 4777 588 4813 ι
628 4760 825 4823 Σκότος
854 4758 1093 4829 ὶγινετο,
1145 4760 1247 4813 οὑκ
1283 4758 1368 4829 ἐφ’
1416 4759 1513 4811 ἕνα
1546 4758 1742 4819 τόπον,

158 4850 280 4905 ἀλλ’
342 4850 427 4918 ἔφ’
482 4851 612 4921 ὅλην
677 4852 778 4920 τὴν
832 4852 968 4923 γῆν·
1035 4852 1131 4905 καὶ
1187 4853 1239 4903 εἰ
1286 4852 1385 4921 μὲν
1434 4846 1503 4922 ἦν
1550 4848 1743 4918 καιρὸς

161 4939 485 5011 ικλιίψεως,
503 4938 647 5013 εἶχεν
672 4943 739 4997 ἄν
761 4960 843 5005 τις
870 4942 1073 5011 λέγειν,
1098 4942 1181 4995 ὅτι
1204 4941 1430 5009 φυσικὸν
1447 4940 1507 4993 τὸ
1531 4939 1703 5001 πάθος
1722 4956 1738 4970 ·

163 5030 263 5085 νῦν
327 5030 407 5093 δὲ,
468 5031 1104 5100 τεσσαρεσκαιδεκαταία
1155 5026 1225 5101 ἦν
1281 5033 1315 5101 ἡ
1365 5030 1587 5100 σελήνη,
1653 5030 1743 5081 ὅτε

165 5119 450 5191 ἀμήχανον
480 5121 734 5189 γενέσθαι
780 5121 1024 5193 ἔκλειψιν
1063 5123 1326 5193 φυσικήν.
1362 5122 1595 5193 Ἀναϐοᾷ
1629 5123 1687 5175 δὲ
1718 5124 1747 5175 ὁ

168 5212 374 5283 Κύριος
411 5212 689 5284 Ἐϐραϊστὶ
718 5214 779 5267 τὺ
808 5214 1493 5285 προφητικὸν,’δεικνύων,
1522 5216 1605 5269 ὃτι
1650 5215 1745 5267 καὶ

168 5305 299 5376 ἄχρι
350 5305 665 5369 τελευταίας
711 5306 985 5377 ἀναπνοῆς
1046 5308 1119 5359 τὰ
1158 5306 1428 5377 Ἑϐραϊκὰ
1469 5308 1622 5377 τιμᾷ.
1671 5308 1747 5361 Τὸ

166 5394 248 5461 δὲ,
297 5396 389 5459 Εἰς
450 5396 503 5450 τί
542 5414 612 5470 με
667 5400 1058 5468 ὲγκατέλιπεςς
1090 5399 1167 5464 ώς
1212 5403 1278 5453 ἐκ
1306 5398 1601 5470 προσώπου
1649 5402 1749 5469 τῆς

173 5484 525 5556 ἀνθρωπίνης
581 5488 795 5558 φύσεως
832 5488 1022 5557 λέγει,
1072 5489 1276 5542 ὡσανεὶ
1323 5488 1483 5542 τοῦτο
1530 5490 1745 5557 λέγων’

169 5574 265 5637 El;
313 5576 367 5628 τί
404 5593 474 5647 με
519 5578 611 5631 τὸν
655 5578 948 5650 ἄνθρωπον
1005 5579 1386 5647 ἐγκατέλιπες,
1420 5573 1466 5631 ὧ
1502 5580 1627 5643 Gela,
1661 5580 1748 5631 ἵνα

164 5663 346 5739 ϐοηθῶ
380 5666 519 5722 Θεοῦ
568 5672 980 5741 σταυρουμινου
1022 5672 1164 5742 ὑπὲρ
1203 5670 1375 5743 ἐμοῦ;
1418 5672 1614 5741 Ἡμεῖς
1652 5672 1751 5742 μὲν

169 5760 278 5826 γὰρ
343 5760 395 5812 οι
460 5759 738 5831 ἄνθρωποι
800 5757 943 5833 ἦμεν
1011 5764 1061 5817 ot
1160 5761 1743 5833 ιγκαταλελειειμὲνοι,

1849 4573 2130 4638 arundini,
2176 4572 2417 4641 porrexit
2449 4572 2525 4625 illi
2564 4580 2779 4641 potum,
2827 4572 3061 4628 dicens:
3109 4572 3307 4636 Sinite,
3358 4574 3442 4627 vi-

1848 4667 2075 4719 deamus
2103 4682 2169 4718 an
2205 4673 2468 4719 venturus
2500 4665 2569 4717 sit
2596 4661 2748 4718 Elias
2780 4664 2848 4718 ad
2879 4664 3259 4735 deponendum
3286 4680 3436 4721 eum.

1847 4754 2005 4809 Jesus
2029 4766 2237 4819 autem,
2271 4754 2469 4809 emissa
2499 4770 2632 4809 voce
2666 4770 2882 4822 magna,
2916 4758 3243 4825 exspiravit.
3278 4776 3297 4811 ι
3335 4759 3445 4813 Te-

1848 4847 2029 4899 nebrae
2055 4845 2207 4899 facta:
2256 4854 2384 4899 sunt
2423 4860 2530 4898 non
2573 4845 2625 4898 in
2663 4860 2771 4900 uno
2802 4844 2944 4911 loco,
2991 4846 3088 4901 sed
3138 4862 3304 4918 super
3355 4858 3441 4902 to-

1850 4946 1961 4991 tam
2001 4948 2243 4991 terram:
2282 4948 2337 4991 et
2366 4938 2410 4991 si
2448 4936 2668 5006 quidem
2720 4937 2917 4992 fuisset
2960 4948 3171 5007 tempus
3197 4938 3440 5008 eclipsis,

1853 5030 2123 5101 potuisset
2164 5029 2291 5097 quis
2348 5029 2535 5083 dicere
2588 5028 2833 5082 naturale
2880 5028 3047 5082 fuisse
3098 5028 3437 5097 deliquium:

1851 5136 1998 5175 nunc
2042 5131 2225 5174 autem
2282 5119 2687 5187 decimaquarta
2738 5116 2840 5171 fuit
2870 5117 3019 5185 luna,
3047 5134 3155 5188 quo
3191 5128 3439 5187 tempore

1846 5210 2003 5278 juxta
2033 5219 2286 5263 naturam
2315 5209 2613 5279 deliquium
2662 5209 2778 5263 lleri
2830 5209 3187 5279 impossibile.
3230 5210 3443 5266 Clamat

1854 5320 1983 5360 vero
2038 5303 2200 5360 Jesus
2254 5304 2524 5358 Hebraice
2580 5304 2982 5373 propheticum,
3038 5305 3333 5360 ostendens
3383 5319 3444 5361 se

1853 5410 2026 5465 usque
2073 5396 2142 5449 ad
2201 5405 2434 5448 mortem
2486 5392 2751 5449 Hebraica
2810 5395 2863 5448 in
2914 5394 3121 5449 honore
3164 5394 3442 5454 habuisse.

1856 5488 2125 5544 Cancrum
2172 5487 2318 5556 quod
2346 5488 2519 5541 dicit:
2569 5486 2683 5540 Cur
2716 5501 2803 5541 me
2850 5486 3176 5542 deseruisti?
3217 5503 3284 5543 ex
3322 5504 3445 5557 per-

1854 5594 1985 5634 sona
2017 5579 2269 5632 humana
2300 5587 2511 5631 natura:
2537 5578 2709 5632 dicit:
2742 5578 2897 5646 quasi
2921 5578 3134 5632 diceret
3161 5620 3173 5638 .
3206 5579 3315 5631 Cur
3354 5592 3444 5632 mo

1856 5671 2131 5724 hominem
2160 5667 2521 5738 dereliquisti,
2548 5683 2581 5723 o
2610 5667 2771 5733 Deus,
2800 5678 2857 5723 ut
2886 5685 3023 5739 opus
3060 5668 3291 5723 habeam
3323 5667 3437 5724 [eo

1856 5764 1947 5832 qui
1981 5776 2077 5833 pro
2107 5777 2196 5819 me
2229 5762 2577 5832 cruciﬁgatur
2601 5762 2625 5815 ’ἓ
2650 5760 2755 5817 Nos
2784 5763 2930 5819 enim
2959 5763 3205 5818 homines
3234 5760 3436 5819 fuimus
