4108 6334
671 389 778 460 οτι

1587 386 2146 452 ῚΗΕΟΡΗΥιΑΕΤ
2151 391 2174 450 1
2217 385 2627 451 BULGARUE
2659 385 3010 448 ARCHIEP.

3811 377 3912 445 στι

675 507 899 572 deserti.
928 505 1022 564 ille
1049 515 1320 574 nunquam
1353 517 1381 556 a
1414 501 1575 558 Patre
1615 502 1908 558 derelictus
1953 503 2067 557 fuit.
2101 502 2231 557 Audi

2343 502 2548 566 ἐκεῖνος
2580 501 2636 555 δὲ
2662 501 2761 554 οὐκ
2785 495 3176 569 ἐγκατελείφθη
3208 497 3337 552 ποτέ
3368 495 3514 567 παρᾶ
3546 495 3639 551 τοῦ
3656 497 3903 568 Πατρός.

670 602 815 656 enim
839 596 1144 670 quid‘t‘lirat
1170 614 1182 649 :
1220 593 1335 649 Non
1367 609 1484 649 sunt
1529 592 1697 658 solus,
1729 593 1925 663 inquit,
1954 595 2046 649 sed
2075 592 2235 648 Pater

681 703 888 743 mecum
905 695 1014 741 est.
1040 682 1136 740 Vel
1171 684 1332 738 etiam
1361 698 1459 753 pro
1491 681 1734 738 llehrzis
1765 683 1918 746 dicit,
1945 692 2060 738 erat
2092 684 2231 738 enim

675 779 928 832 "ehi-tetra
973 784 1028 829 ct
1069 775 1189 845 ipse
1239 777 1532 830 secundum
1571 788 1812 828 carnem.
1848 773 1957 828 Cur
1988 789 2091 840 me,
2133 772 2234 828 hoc

671 878 775 929 est,
801 883 899 922 cur
931 868 1251 922 llebraicutn
1284 865 1537 936 populum
1578 866 1894 929 deseruisti,
1929 875 1982 918 ιιι
2017 865 2234 919 cruciﬁ-

670 970 859 1024 gerent
915 957 1113 1013 Fillnm
1167 958 1350 1010 tuum?
1401 957 1862 1023 Quemadmodum
1914 959 2054 1011 enim
2106 974 2236 1012 con-

672 1050 949 1102 suevimus
974 1049 1177 1113 dicere,
1223 1049 1361 1102 Deus
1388 1049 1508 1102 tulit
1534 1063 1642 1113 me,
1676 1051 1778 1102 hoc
1805 1059 1906 1111 est,
1946 1048 2232 1102 humanam

672 1145 917 1193 naturam
953 1158 966 1194 :
996 1139 1075 1194 sic
1107 1149 1161 1193 et
1183 1139 1283 1193 hoc
1315 1141 1429 1194 loco
1457 1139 1798 1207 Dereliquisti
1848 1155 1958 1203 me,
2003 1140 2102 1192 hoc
2127 1151 2230 1202 eat,

676 1231 760 1286 vel
795 1244 972 1285 meam
1006 1233 1295 1284 humanam
1333 1240 1605 1295 naturam,
1638 1231 1720 1284 Vel
1767 1245 1941 1284 meum
1979 1231 2230 1299 populum

669 1321 967 1376 Iudaicum.
1004 1322 1256 1376 Cucurrit
1285 1337 1410 1376 vero
1443 1337 1582 1377 unus
1619 1332 1677 1377 ut
1708 1332 1917 1377 acetum
1960 1325 2006 1376 ei
2036 1335 2233 1391 pctan-

669 1413 796 1468 dunt
855 1413 1172 1482 porrigeret,
1229 1427 1336 1480 quo
1380 1414 1541 1466 citius
1584 1427 1706 1466 eum
1761 1414 1900 1468 aceti
1943 1415 2234 1468 conﬁceret

669 1504 994 1557 amaritudo.
1019 1503 1151 1556 Cum
1179 1513 1357 1557 autem
1384 1502 1843 1559 clamassetlesus
1865 1518 1995 1559 voce
2019 1519 2232 1574 magna,

668 1594 986 1662 exspiravit,
1033 1597 1185 1665 quasi
1225 1596 1445 1649 irritans
1473 1606 1696 1648 mortem
1745 1607 1802 1648 ut
1852 1595 2130 1661 Detnintts,
2181 1605 2236 1649 et

671 1695 936 1756 potestate
964 1701 1057 1740 sua
1094 1689 1349 1741 moriens.
1386 1688 1516 1752 Quae
1555 1698 1731 1741 autem
1765 1702 1864 1741 vox
1911 1688 1997 1740 illa
2049 1687 2230 1753 fuerit,

669 1777 840 1833 Lucas
865 1779 1226 1834 manifestuvil
1258 1799 1270 1835 :
1309 1779 1488 1843 Pater,
1515 1781 1565 1833 in
1597 1795 1788 1834 manus
1815 1791 1930 1834 tuas
1961 1797 2234 1836 cumineo-

2339 593 2544 645 ’Λκουε
2567 591 2677 662 γὰρ
2708 591 2894 657 αὐτοῦ,
2925 589 2978 643 τί
3009 607 3173 660 φησιν
3197 606 3210 620 ⁸
3247 590 3360 642 Οὐκ
3390 590 3506 660 είμὶ
3556 589 3741 658 μόνος,
3774 590 3855 643 ὅτι
3880 591 3908 642 6

2335 685 2523 753 Πατὴρ
2556 685 2670 752 μετ’
2701 683 2833 753 ἐμοῦ
2883 685 3054 736 ἐστιν.
3083 680 3149 735 Ἢ
3179 681 3273 735 καὶ
3302 683 3442 752 ὑπὲρ
3478 681 3586 735 τῶν
3630 680 3904 750 Ἐϐραίων

2335 774 2492 827 τοῦτό
2529 792 2714 844 φησιν,
2749 773 2824 838 ὡς
2861 774 3111 844 Ἐϐραῖος
3141 773 3234 826 καὶ
3263 772 3425 835 αὐτὸς
3467 772 3528 825 τδ
3552 773 3699 826 κατὰ
3729 774 3904 841 σάρκα

2335 867 2430 919 ώνο
2466 867 2560 929 Ei;
2591 865 2643 918 τί
2675 866 2794 936 ἐμὲ,
2825 867 3092 930 τουτέστι,
3119 867 3210 918 τὸν
3241 864 3529 933 Ἐὕραικὸν
3557 865 3707 927 λαὸν,
3743 867 3904 932 ἐγκα-

2339 958 2579 1022 τέλιπες,
2625 958 2711 1010 ἵνα
2739 956 3096 1027 σταυρώσωσι
3127 957 3218 1009 τὸν
3264 957 3392 1010 Υίὸν
3421 957 3511 1009 τὸν
3538 957 3661 1023 σόν;
3695 959 3903 1026 Ὠσπερ

2333 1048 2442 1118 γὰρ
2464 1047 2731 1118 εἰώθαμεν
2752 1047 2953 1116 λέγειν,
2985 1048 3064 1100 ὅτι
3095 1047 3154 1101 Ὀ
3183 1047 3314 1110 Θεὸς
3343 1048 3604 1118 ὲφόρεσεν
3634 1049 3756 1116 ἐμὲ,
3787 1046 3908 1102 ἀντὶ

2333 1138 2450 1203 τοῦ,
2495 1139 2591 1208 τὴν
2632 1138 2981 1210 ἀνθρωπίνην
3011 1139 3191 1209 φύσιν·
3228 1137 3370 1192 οῦτω
3401 1140 3493 1192 xui.
3535 1139 3773 1193 ινταῦθα
3802 1139 3864 1192 τὸ
3887 1175 3905 1205 ,

2334 1226 2723 1295 Ἐγκατέλιπές
2785 1247 2875 1299 με,
2905 1230 3013 1282 νόει
3037 1229 3156 1282 ἀντί
3186 1229 3306 1296 τοῦ,
3331 1229 3429 1298 τὴν
3459 1227 3598 1300 ἐμὴν
3630 1229 3793 1298 φύσιν
3809 1230 3908 1300 τὴν

2336 1319 2691 1390 ἀνθρωπίνην
2716 1363 2730 1385 ,
2791 1321 2939 1391 ἢτὺν
2973 1320 3103 1390 έμὺν
3141 1321 3268 1374 λαδν
3299 1323 3388 1374 τὸν
3419 1320 3734 1374 Ἰουδαϊκόν.
3768 1327 3907 1391 Δρα-

2345 1411 2460 1480 μὼν
2482 1413 2537 1465 δὲ
2573 1408 2670 1476 εἷς,
2706 1413 2821 1477 ὅξος
2853 1412 3099 1475 ἐπότιζεν
3143 1414 3324 1476 αὑτὸν,
3365 1413 3452 1466 ἵνα
3493 1415 3906 1484 συντομώτερον

2336 1508 2498 1558 αὑτὸν
2527 1509 2559 1576 ἠ
2597 1507 2861 1577 δριμύτης
2896 1508 2988 1560 τοῦ
3015 1510 3169 1574 ὄξους
3199 1509 3512 1580 θανατώση.
3547 1509 3780 1579 Κράξας
3799 1509 3853 1562 δὲ
3877 1510 3906 1560 6

2336 1594 2544 1665 Ἰησοῦς
2576 1599 2722 1664 φωνῇ
2753 1597 2980 1669 μεγάλῃ,
3003 1597 3340 1662 ἐξέπνευσεν,
3369 1599 3533 1651 οἱονεὶ
3563 1597 3904 1666 προσκαλούο

2340 1699 2494 1750 μενος
2532 1682 2620 1733 τὸν
2657 1683 2904 1747 θάνατον,
2953 1683 3026 1746 ὡς
3072 1686 3349 1755 Δεσπότης
3375 1687 3464 1737 καὶ
3505 1687 3626 1738 κατ’
3661 1685 3905 1750 ἐξουσίαν

2337 1773 2720 1842 ἀποθνήσκων.
2755 1774 2849 1835 Τίς
2873 1773 2929 1825 δὲ
2963 1770 3080 1844 ἦνή
3115 1776 3286 1844 φωνὴ,
3311 1775 3582 1844 ἐδήλωσεν
3606 1779 3634 1827 6
3661 1776 3898 1839 Λουκᾶς·

670 1872 739 1924 do
765 1871 1012 1937 spiritum
1043 1888 1240 1926 meum.
1270 1870 1474 1926 Etenim
1507 1884 1559 1925 et
1589 1874 1690 1926 hoc
1723 1873 2042 1928 beneﬁcium
2073 1873 2231 1928 Chri-

2342 1867 2540 1931 ΙΙάτερ,
2575 1867 2651 1926 είς
2684 1865 2867 1933 χεῖρὰς
2912 1883 3005 1918 συυ
3039 1865 3376 1936 παρατίθημι
3406 1868 3466 1919 τὸ
3501 1865 3727 1935 πνεῦμά
3765 1883 3862 1936 μου
3887 1906 3900 1920 .

667 1961 734 2016 sti
785 1972 886 2026 est,
929 1964 1071 2031 quod
1129 1979 1270 2034 nunc
1312 1972 1620 2018 sanctorum
1664 1965 1888 2032 spiritus
1937 1965 1989 2018 itt
2044 1982 2234 2020 manus

671 2051 846 2108 Patris
877 2055 1193 2118 ascendunt,
1228 2055 1320 2122 qui
1352 2055 1480 2109 olitn
1515 2056 1583 2109 ab
1630 2056 1842 2110 inferno
1891 2056 2230 2123 tenebantur,

666 2147 837 2201 donec
909 2147 1124 2201 veniret
1183 2145 1276 2216 qui
1355 2146 1670 2217 praedicavit
1742 2147 1972 2217 captivis
2045 2151 2232 2205 remis‘

665 2251 895 2291 sionem.

737 2408 904 2466 Vna.
944 2408 1139 2467 88-“.
1193 2431 1211 2464 ι
1256 2414 1318 2468 Et
1349 2415 1524 2469 velum
1567 2416 1751 2486 templi
1801 2419 2030 2472 scissum
2066 2421 2229 2473 estin

665 2500 802 2556 duas
833 2513 1012 2572 partes
1046 2519 1074 2555 ιι
1109 2519 1328 2557 summo
1358 2521 1528 2575 usque
1562 2508 1627 2558 ad
1657 2507 1842 2560 intttm.
1880 2507 2011 2563 Cum
2045 2520 2228 2563 autem

665 2592 884 2646 vidisset
926 2594 1172 2648 centurio
1203 2593 1367 2665 260
1396 2597 1483 2664 qui
1524 2598 1734 2650 astabat
1764 2613 1827 2652 ex
1859 2599 2088 2653 adverso
2129 2601 2228 2662 illi,

664 2685 806 2749 quod
848 2686 928 2739 sic
965 2686 1164 2740 emisso
1195 2687 1429 2742 clamore
1473 2690 1826 2757 exspirasset,
1879 2691 2056 2745 dixit:
2096 2691 2233 2747 Vere

667 2775 828 2831 Immo
857 2777 940 2833 hic
984 2773 1153 2833 Filius
1182 2791 1298 2832 erat
1331 2778 1443 2834 Dei.
1478 2781 1644 2834 Erant
1685 2793 1863 2838 autem
1897 2795 1950 2839 et
1984 2785 2232 2841 mulieres

663 2881 695 2919 e
747 2867 1034 2939 longinquo
1099 2881 1426 2938 spectantes,
1494 2875 1638 2927 inter
1698 2889 1831 2943 quas
1885 2888 2002 2931 erat
2069 2876 2232 2931 Maria

665 2958 998 3026 Magdalene,
1046 2972 1102 3016 et
1134 2963 1302 3019 Maria
1351 2962 1539 3018 Jacobi
1575 2967 1747 3033 parvi,
1786 2976 1836 3020 et
1880 2967 2003 3022 Jose
2038 2977 2228 3035 mater,

661 3056 718 3100 et
760 3047 1011 3103 Salome:
1049 3065 1166 3118 qua:
1218 3054 1377 3106 etiam
1429 3070 1551 3108 cum
1603 3065 1745 3109 esset
1782 3058 1832 3108 lu
1875 3055 2116 3120 Galilaea,
2146 3072 2231 3112 se-

666 3146 802 3192 cuta:
850 3137 1063 3193 fuerant
1095 3141 1245 3195 illum
1269 3184 1282 3206 ,
1317 3153 1372 3196 et
1405 3143 1843 3200 ministraverant
1881 3147 1954 3211 ei,
2003 3147 2228 3214 aliaeque

669 3227 972 3296 complures
1003 3246 1118 3298 qua:
1144 3231 1303 3284 simul
1335 3233 1694 3288 ascenderant
1725 3251 1845 3289 cum
1887 3253 1951 3289 eo
1975 3236 2229 3292 Hieroso-

667 3317 889 3384 lymam.
933 3340 952 3372 ι
983 3321 1224 3376 Scissum
1261 3332 1338 3376 est
1359 3322 1558 3388 velum,
1594 3340 1688 3393 per
1717 3327 1819 3381 hoc
1851 3327 2230 3384 ntattifestaute

672 3416 784 3469 neu
809 3414 953 3484 quod
983 3415 1156 3483 gratia
1192 3413 1428 3484 Spiritus
1466 3430 1499 3471 ο
1533 3417 1731 3487 templo
1770 3419 1968 3485 evolet,
2000 3430 2053 3474 et
2089 3421 2230 3489 quod

666 3504 862 3560 Sancta
907 3516 1215 3559 sanctorum
1263 3507 1517 3563 omnibus
1550 3510 1839 3578 conspicua
1895 3520 1951 3566 et
2001 3528 2220 3567 accessa

667 3598 795 3653 fteut
825 3615 840 3653 :
870 3598 1010 3666 quod
1048 3608 1104 3652 et
1152 3596 1488 3664 lactunt.est,
1531 3598 1790 3656 Romanis
1845 3601 2139 3671 ingressis;
2176 3615 2231 3657 el.

665 3687 809 3758 quod
839 3689 1020 3758 lugeat
1049 3688 1216 3743 etiam
1252 3689 1549 3759 templum:
1586 3705 1708 3745 nam
1732 3693 1874 3760 quod
1909 3693 1961 3746 in
1997 3693 2232 3746 calami-

673 3779 874 3833 tatibus
897 3780 1074 3834 l'acere
1109 3780 1282 3836 solent
1323 3779 1514 3845 Judai,
1555 3797 1677 3836 cum
1708 3792 1888 3838 vestes
1912 3784 2230 3845 dilacerant.

667 3868 840 3922 hocet
869 3869 1124 3937 templum
1168 3869 1324 3940 quaii
1383 3871 1682 3926 animatum
1717 3882 1886 3938 esset,
1922 3873 2050 3930 fecit
2079 3890 2230 3930 com-

669 3959 880 4029 patiens
939 3960 1214 4014 Conditori
1281 3976 1380 4015 suo
1447 3961 1689 4030 patienti,
1753 3972 1809 4017 et
1869 3973 2043 4019 vestes
2106 3980 2232 4020 suas

668 4049 1011 4119 disrumpens
1041 4068 1055 4104 :
1087 4060 1139 4105 et
1166 4051 1310 4105 aliud
1335 4051 1589 4121 quiddam
1621 4053 1671 4107 itt
1697 4053 1800 4110 hoc
1827 4055 2225 4110 manifestatur.

665 4140 809 4196 Caro
854 4142 969 4210 ipsa
1011 4143 1368 4196 velamentum
1400 4151 1486 4197 est
1518 4145 1690 4198 nostri
1747 4145 1956 4213 templi,
1997 4146 2098 4200 hoc
2128 4153 2231 4211 est,

672 4234 888 4289 mentis.
948 4233 1132 4305 Itaque
1160 4234 1348 4288 'virtua
1391 4249 1549 4304 quam
1597 4236 1782 4290 habuit
1813 4252 1940 4292 caro
1974 4239 2232 4294 adversus

672 4322 942 4390 spiritum,
1009 4323 1355 4394 passionibus
1422 4324 1630 4380 Christi
1708 4328 1968 4383 dissoluta
2033 4339 2138 4394 est,
2201 4344 2230 4382 a

667 4425 881 4469 Summo
927 4427 1097 4480 usque
1145 4414 1421 4480 deorsum,
1466 4415 1569 4469 hoc
1603 4425 1707 4478 est,
1741 4416 1811 4470 ab
1851 4417 2022 4469 Adam
2057 4433 2230 4486 usque

2340 1958 2444 2008 Καὶ
2477 1956 2584 2024 γὰρ
2617 1959 2710 2009 καὶ
2754 1956 2913 2010 τοῦτο
2941 1956 3302 2027 κατώρθωσεν
3330 1957 3463 2026 ἡμῖν
3515 1958 3545 2008 6
3578 1959 3810 2024 Κύριος,
3843 1959 3901 2010 τὸ

2341 2052 2419 2110 εἰς
2453 2051 2637 2118 χεῖρας
2671 2048 2763 2100 τοῦ
2799 2048 2933 2107 Θεοῦ
2968 2047 3278 2101 ἀναϐαίνειν
3307 2048 3373 2102 τὰ
3401 2049 3510 2100 τῶν
3542 2049 3715 2116 ἁγίων
3743 2049 3903 2102 mea-

2342 2157 2488 2208 ματα
2516 2157 2528 2169 ·
2562 2139 2752 2210 πρώην
2788 2140 2895 2212 γὰρ
2929 2142 2985 2192 έν
3021 2140 3147 2211 ᾅδου
3177 2140 3394 2194 πάντων
3441 2141 3498 2191 ai
3540 2139 3712 2209 ψυχαὶ
3740 2140 3902 2211 ἰκρι-

2346 2231 2554 2296 τοῦντο,
2577 2232 2681 2295 ἓως
2704 2225 2763 2285 οῦ
2786 2229 2949 2304 ἦλθεν
2982 2236 3009 2286 6
3033 2231 3277 2303 κηρύξας
3295 2231 3664 2302 αἰχμαλώτοις
3689 2232 3899 2301 ἄφεσιν.

2411 2343 2428 2374 ι
2468 2325 2579 2378 Καὶ
2612 2325 2670 2378 τὸ
2700 2327 3099 2395 καταπέτασμα
3131 2325 3224 2377 τοῦ
3256 2325 3385 2378 ναοῦ
3411 2325 3632 2396 ἐσχίσθη
3669 2327 3752 2388 είς
3792 2324 3902 2391 δύο,

2334 2414 2440 2469 ἀπὸ
2478 2416 2682 2469 ἀνωθεν
2706 2417 2808 2480 ἕως
2838 2419 3009 2470 κάτω.
3037 2416 3183 2469 Ἰδὼν
3212 2417 3268 2468 δὲ
3295 2419 3322 2470 6
3358 2417 3661 2484 κεντυρίων
3695 2418 3722 2470 6
3759 2432 3898 2488 παρ-

2336 2503 2580 2571 εστηκὼς
2600 2505 2656 2570 ἐξ
2683 2505 2929 2567 ἐναντίας
2954 2503 3117 2557 αὑτοῦ
3159 2505 3240 2559 ὅτι
3268 2504 3626 2574 οῦτωκρὰξας
3652 2506 3902 2572 ἐξέτινον·

2337 2611 2447 2658 σεν,
2472 2593 2623 2648 εἶπεν
2648 2611 2662 2624 ⁸
2689 2595 2931 2665 Ἀληθῶς
2949 2598 2975 2648 6
2995 2595 3278 2665 ἄνθρωπος
3309 2589 3461 2660 οὗτος
3494 2597 3619 2660 Υἱος
3649 2592 3721 2667 ἦν
3746 2597 3900 2652 Θεοῦ.

2333 2680 2513 2736 Ἦσαν
2541 2685 2597 2738 δὲ
2631 2688 2724 2739 καὶ
2758 2688 3012 2754 γυναῖκες
3043 2687 3150 2740 ἀπὸ
3188 2688 3459 2757 μακρόθεν
3489 2687 3816 2756 θεωροῦσαι,
3849 2690 3908 2743 ιν

2335 2771 2422 2838 αἷς
2459 2772 2524 2844 ἦν
2565 2777 2750 2846 Μαρία
2787 2778 2817 2846 ἡ
2853 2777 3208 2847 Μαγδαληνὴ,
3241 2779 3334 2830 καὶ
3360 2777 3541 2847 Μαρία
3571 2780 3606 2846 ἡ
3647 2777 3903 2831 Ἰακώϐου

2335 2866 2427 2920 τοῦ
2463 2866 2681 2938 μικροῦ,
2717 2870 2808 2920 καὶ
2845 2867 2999 2938 Ἰωσῆ
3039 2870 3242 2939 μήτηρ,
3283 2870 3377 2922 καὶ
3423 2869 3678 2940 Σαλώμη.
3712 2871 3779 2923 Δῖ
3811 2871 3902 2923 καὶ

2334 2959 2421 3011 ὅτε
2455 2955 2522 3029 ἦν
2554 2961 2610 3012 ὲν
2642 2962 2708 3030 τῇ
2729 2961 3012 3032 Γαλιλαίᾳ,
3046 2963 3374 3029 ἠκολούθουν
3399 2962 3566 3030 αὐτῷ,
3602 2964 3697 3017 καὶ
3727 2964 3905 3033 διηκό-

2333 3064 2458 3102 νουν
2485 3051 2655 3121 αὐτῷ,
2690 3053 2783 3104 καὶ
2817 3052 2971 3105 ἄλλαι
3009 3054 3221 3116 πολλαὶ,
3255 3057 3309 3106 αἱ
3355 3055 3728 3108 συναναεᾶται
3757 3055 3905 3126 αὑτῷ

2337 3142 2414 3202 είς
2457 3141 2824 3212 Ἰεροσόλυμα.
2872 3160 2890 3193 ι
2942 3143 3197 3212 Ἐσχίσθη
3241 3145 3301 3195 τὸ
3349 3147 3771 3214 καταπέτασμα,
3809 3146 3902 3209 δη-

2338 3229 2553 3294 λοῦντος
2585 3231 2676 3284 τοῦ
2711 3231 2868 3294 Θεοῦ,
2909 3235 2990 3286 ὅτι
3027 3237 3058 3302 ἡ
3100 3236 3260 3304 χάρις
3312 3235 3406 3288 τοῦ
3444 3236 3766 3303 Πνεύματος
3798 3237 3904 3290 ἀπο

2333 3323 2462 3392 έστη
2503 3323 2611 3375 ἀπὸ
2657 3322 2750 3376 τοῦ
2787 3325 2935 3389 ναοῦ,
2978 3328 3071 3378 καὶ
3123 3328 3203 3379 ὅτι
3230 3328 3298 3379 τὰ
3355 3329 3520 3394 Ἅγια
3571 3328 3679 3380 τῶν
3730 3329 3899 3394 ἁγίων

2335 3413 2469 3465 πᾶσι
2504 3411 2672 3466 θεατά
2717 3414 2813 3467 καὶ
2859 3415 3068 3487 βάσιμα
3107 3419 3579 3487 καταστήσονται·
3623 3419 3651 3470 6
3683 3420 3779 3472 καὶ
3819 3421 3904 3487 τέο

2332 3520 2478 3571 γονε,
2529 3503 2640 3558 τῶν
2696 3504 2986 3576 Ῥωμαίων
3032 3509 3384 3563 εἰσελθόντων
3418 3527 3430 3538 ·
3467 3512 3559 3564 καὶ
3603 3512 3686 3564 ὅτι
3718 3511 3908 3566 saved

2332 3592 2427 3644 καὶ
2475 3593 2504 3644 6
2536 3593 2683 3656 ναός.
2721 3594 2902 3664 Ὅπερ
2936 3597 3044 3667 γὰρ
3097 3597 3355 3651 εἰώθασιν
3387 3599 3633 3654 Ἰουδαῖοι
3682 3603 3740 3652 ἐν
3787 3603 3906 3665 ταῖς

2347 3687 2656 3754 συμφοραῖς
2695 3689 2887 3749 ποιεῖν,
2921 3691 3012 3740 καὶ
3057 3688 3447 3760 διαρῤηγνὺναι
3490 3693 3614 3753 τοὺς
3650 3693 3904 3760 χιτῶνας.

2334 3776 2489 3828 τοῦτο
2541 3777 2634 3828 καὶ
2671 3779 2699 3830 6
2732 3780 2880 3842 ναὸς,
2932 3779 3132 3833 ὡσανεὶ
3170 3782 3435 3851 ἔμψυχος,
3479 3785 3781 3847 ἐνεδείξατο
3816 3787 3905 3838 ἐπὶ

2331 3865 2407 3934 τῷ
2437 3868 2646 3937 κτίστῃ
2687 3868 2970 3937 πάσχοντι,
3003 3871 3062 3922 τὸ
3094 3870 3290 3923 ἑαυτοῦ
3330 3873 3541 3942 ἱμάτιον
3567 3874 3902 3943 διαρρήξας·

2332 3958 2424 4010 καὶ
2460 3958 2588 4011 ἄλλο
2635 3959 2691 4011 δέ
2736 3976 2788 4011 τι
2823 3961 2886 4012 ὲκ
2928 3960 3119 4013 τούτου
3155 3961 3430 4031 δηλοῦται.
3481 3965 3546 4020 ’Π
3589 3965 3729 4035 σὰρξ
3770 3967 3905 4035 αῦτη

2333 4051 2733 4119 καταπέτασμα
2767 4054 2885 4104 ἐστι
2914 4054 3006 4104 τοῦ
3035 4055 3304 4124 ἡμετέρου
3341 4056 3490 4119 ναοῦ,
3519 4059 3789 4123 τουτέστι,
3813 4058 3903 4113 τοῦ

2343 4143 2460 4203 νοός
2489 4157 2502 4171 ο
2538 4143 2572 4211 ὴ
2605 4141 2735 4208 γοῦν
2763 4142 2858 4210 τῆς
2889 4145 3090 4212 σαρκὸς
3120 4144 3370 4215 δύναμις,
3406 4147 3474 4218 ἢν
3511 4145 3622 4217 εἶχε
3657 4150 3794 4203 κατὰ
3815 4148 3903 4202 τοῦ

2333 4237 2664 4306 πνεύματος,
2697 4236 2965 4307 διερῤἀγη
2994 4241 3110 4302 τοῖς
3140 4240 3336 4295 πάθεσι
3365 4243 3458 4294 τοῦ
3491 4243 3760 4313 Χριστοῦ,
3798 4245 3902 4298 ἀπὸ

2329 4328 2536 4382 ἄνωθεν
2585 4330 2689 4391 ἕως
2737 4330 2907 4394 κάτω,
2949 4332 3248 4395 τουτέστιν,
3277 4334 3383 4385 ἀπο
3440 4334 3610 4402 Ἀδὰμ
3653 4336 3762 4400 ἓως
3812 4337 3903 4390 καὶ

2329 4421 2435 4473 τῶν
2474 4421 2797 4474 τελευταίων
2825 4422 3150 4492 ἀνθρώπων.
3178 4425 3285 4477 Καὶ
3315 4427 3422 4495 γὰρ
3468 4427 3497 4478 6
3543 4429 3717 4496 Ἀδὰμ
3755 4430 3903 4498 ἡγία-

668 4502 735 4557 ad
767 4504 1084 4558 novissimos
1116 4505 1380 4560 homines.
1413 4505 1623 4561 Etenim
1665 4509 1835 4561 Adam
1877 4509 2215 4564 Sanctiﬁcato

2345 4531 2464 4566 σται
2492 4517 2602 4577 τοῖς
2637 4513 2834 4568 πάθεσι
2890 4515 2982 4568 τοῦ
3020 4515 3282 4582 Χριστοῦ,
3317 4519 3408 4570 καὶ
3437 4519 3537 4570 οὐκ
3572 4519 3652 4570 ἔτι
3688 4521 3721 4589 ή
3771 4520 3903 4592 σὰρξ

670 4594 1010 4661 pastionibus
1037 4594 1265 4659 Christi,
1301 4613 1405 4650 non
1439 4598 1576 4651 ultra
1606 4613 1732 4653 caro
1766 4597 1910 4654 illius
1940 4601 2227 4655 maledicta

669 4688 794 4746 erit,
832 4697 1004 4750 neque
1033 4685 1364 4752 corruptioni
1411 4688 1668 4751 obnoxia,
1718 4691 1809 4742 sed
1848 4689 2229 4758 incorruptibi-

671 4774 822 4828 litate
858 4773 1107 4828 honorati
1148 4790 1335 4828 sumus
1375 4791 1584 4832 omnes.
1628 4775 1794 4831 Porro
1825 4780 2087 4844 centurio,
2131 4779 2234 4832 hoc

668 4876 772 4929 est,
807 4866 897 4935 qui
952 4873 1168 4919 centum
1227 4875 1480 4933 praeerat,
1535 4867 1720 4921 videns
1776 4867 1918 4936 quod
1970 4876 2077 4920 tant
2140 4883 2232 4936 po.

671 4965 843 5012 tenter
873 4966 928 5012 et
968 4959 1107 5012 sicut
1152 4958 1410 5012 Dominus
1451 4960 1638 5013 mortis
1669 4961 2017 5028 exspirasset,
2068 4960 2235 5013 admi-

669 5059 818 5104 ratus
863 5059 946 5105 est
989 5059 1044 5105 et
1090 5051 1388 5105 confessus.
1427 5050 1561 5107 Vide
1597 5061 1776 5106 autem
1822 5053 2068 5108 ordinem
2101 5068 2234 5107 con-

671 5153 905 5194 versum.
966 5137 1135 5194 Judaei
1193 5140 1559 5202 interﬁciunt,
1621 5143 1834 5212 gentilis
1892 5143 2229 5198 conﬁtetur:

671 5228 916 5296 discipuli
971 5230 1200 5298 lugiunt,
1260 5231 1509 5286 mulieres
1555 5243 1793 5287 manent.
1851 5234 2015 5288 Erant
2057 5235 2227 5300 enim,

675 5320 866 5386 inquit,
905 5319 976 5375 ibi
1029 5328 1083 5374 et
1128 5321 1407 5385 mulieres,
1449 5324 1588 5376 inter
1636 5338 1772 5390 quas
1816 5323 1980 5378 Maria
2021 5325 2236 5394 Magda-

673 5407 814 5470 lene,
868 5417 924 5462 et
971 5408 1137 5483 Maria
1191 5409 1374 5466 Jacobi
1413 5421 1464 5466 et
1493 5410 1619 5466 lose
1650 5423 1841 5468 mater.
1893 5414 1954 5468 Et
1987 5415 2103 5470 hac
2139 5415 2230 5469 Dei

669 5498 914 5554 Genitrix
958 5510 1096 5565 erat,
1133 5518 1251 5573 qua:
1303 5513 1571 5572 quatenus
1626 5502 1860 5574 Josepho
1911 5507 2233 5576 desponsata

679 5591 801 5657 fuit,
828 5601 1001 5646 mater
1033 5603 1151 5648 erat
1177 5604 1234 5650 et
1262 5594 1490 5649 ﬁliorum
1522 5593 1745 5666 Joseph,
1777 5596 1928 5665 cujus
1960 5598 2051 5652 ﬁlii
2084 5599 2234 5653 fuere

672 5679 906 5736 Jacobus
946 5693 1002 5738 et
1039 5682 1211 5740 JOses.
1247 5686 1453 5741 Dicitur
1493 5687 1685 5742 horum
1733 5699 1924 5752 mater,
1983 5689 2085 5744 hoc
2131 5699 2232 5757 cst,

677 5788 904 5831 noverca
935 5793 950 5832 :
986 5776 1126 5832 sicut
1154 5786 1206 5832 et
1238 5776 1433 5849 Joseplt
1474 5795 1608 5835 uxor
1641 5780 1940 5847 dicebatur,
1986 5781 2081 5838 hor
2125 5791 2228 5849 est,

2333 4604 2541 4658 ἐκείνου
2590 4605 2993 4672 ἑπικατὰρατος
3055 4605 3232 4667 ἔσται,
3291 4607 3411 4660 οὐδὲ
3473 4609 3651 4679 φθορᾷ
3701 4611 3898 4681 ἔνοχος,

2331 4696 2446 4748 ἀλλ’
2500 4697 2780 4765 ἀφθαρσίᾳ
2835 4695 3172 4765 ὲτιμήθημεν
3228 4698 3487 4762 ἅπαντες.
3543 4699 3696 4753 Ἰδὼν
3768 4703 3824 4755 δὲ
3873 4705 3899 4757 6

2339 4785 2659 4854 κεντυρίων,
2691 4783 2986 4849 τουτέστιν,
3029 4785 3057 4835 6
3087 4786 3478 4858 ἑκατόνταρχος
3500 4790 3766 4859 (κέντουμ
3797 4794 3898 4864 γὰρ

2338 4872 2584 4938 λέγουσιν
2624 4873 2670 4925 0i
2706 4871 2963 4943 Ῥωμαῖοι
3029 4874 3089 4925 τὸ
3135 4876 3348 4945 ἑκατόν)
3393 4877 3474 4930 ὅτι
3506 4874 3651 4932 οῦτω
3713 4881 3899 4934 δεσπο-

2335 4963 2868 5032 τικῶς-ἐξέπνευσεν,
2903 4964 3179 5034 ἐθαύμασε
3220 4969 3312 5019 καὶ
3343 4969 3722 5040 ὡμολόγησεν.
3768 4974 3899 5044 Ὅρα

2336 5054 2389 5106 δὲ
2421 5056 2512 5106 καὶ
2544 5055 2642 5123 τὴν
2667 5056 2818 5120 τάξιν
2850 5057 3338 5124 ἀντιστραφεῐσανο
3373 5062 3428 5112 oi
3456 5061 3706 5116 Ἰουδαῖοι
3748 5064 3900 5117 θαναο

2335 5146 2539 5211 τοῦσιν,
2565 5149 2592 5200 6
2616 5146 2826 5210 ἐθνικὸς
2851 5147 3104 5218 ὁμολογεῖ
3122 5166 3134 5179 ·
3159 5150 3210 5202 οί
3234 5151 3474 5218 μαθηταὶ
3503 5154 3820 5222 φεύγωσιν,
3849 5158 3898 5208 αἱ

2337 5242 2587 5307 γυναῖκες
2634 5238 3064 5308 παραμένουσιν.
3095 5235 3278 5296 Ἦσαν
3321 5248 3452 5316 γὰρ,
3488 5248 3645 5319 φησὶ,
3680 5249 3773 5304 καὶ
3814 5268 3901 5318 γυ-

2335 5334 2540 5390 ναῖκες,
2578 5330 2635 5380 ὲν
2663 5323 2749 5392 αἶς
2777 5324 2843 5400 ἦν
2876 5333 3066 5403 Μαρία
3107 5334 3139 5404 ή
3184 5336 3542 5408 Μαγδαληνὴ,
3576 5341 3673 5395 καὶ
3719 5342 3899 5412 Μαρία

2336 5424 2370 5490 ἡ
2404 5419 2688 5486 Ἰακώϐου,
2729 5423 2823 5474 καὶ
2849 5424 3008 5494 Ίωσῆ
3042 5427 3224 5496 μήτηρ
3246 5444 3260 5456 ·
3292 5428 3432 5500 αὕτη
3475 5431 3554 5499 δὲ,
3586 5436 3620 5502 ἡ
3647 5434 3898 5497 Θιοτόκος

2335 5507 2424 5583 ἦν,
2481 5512 2600 5581 ἥτις
2650 5511 2772 5566 καθ’
2818 5514 2848 5567 6
2903 5517 3248 5589 ιμνηστεύθη
3306 5519 3382 5590 τῷ
3441 5521 3668 5594 Ἰωσὴφ,
3725 5529 3896 5596 μήτηρ

2335 5601 2515 5656 αὐτῶν
2549 5596 2641 5672 ἦν·
2671 5601 2762 5656 τοῦ
2793 5603 2851 5656 δὲ
2881 5605 3079 5676 Ἰωσὴφ
3115 5611 3298 5672 παῖδας
3324 5605 3492 5682 ἦσαν.
3526 5615 3788 5681 Ἰάκωϐος
3812 5619 3896 5672 καὶ

2337 5690 2541 5759 Ίωσῆς.
2613 5692 2849 5757 Λέγεται
2899 5696 3076 5752 τοίνυν
3137 5702 3322 5773 μήτηρ
3371 5704 3576 5770 αὐτῶν,
3631 5708 3755 5762 ἀντὶ
3785 5707 3895 5770 τοῦ,

2341 5782 2579 5852 μητρυιά
2603 5799 2615 5813 ο
2651 5783 2840 5855 ὥσπερ
2876 5786 2968 5841 καὶ
2997 5786 3091 5842 τοῦ
3123 5787 3325 5865 Ἰωσὴφ
3345 5793 3568 5865 utrem
3597 5799 3756 5872 γυνη,
3787 5795 3898 5853 ἀντὶ
