4108 6334
234 371 343 435 £73

940 370 1386 434 ENARRATIO
1429 372 1510 433 IN
1552 372 2055 436 EVANGELIUM
2091 372 2354 432 MARCI.
2393 395 2459 405 --
2491 371 2649 433 CAP.
2693 374 2812 432 XV.

3402 376 3521 440 ιτι

233 479 355 545 τοῦ,
387 481 623 550 μνηστή.
672 480 731 532 Ἠ
765 478 1002 550 Σαλώμη
1044 478 1122 550 δὲ,
1149 473 1215 550 ἦν
1247 480 1280 546 ἡ
1318 478 1503 549 μήτηρ
1539 477 1649 530 τῶν
1678 476 1826 529 Υίῶν

1932 492 2153 546 sponsa.
2200 475 2420 531 Salome
2453 486 2634 529 autem
2684 488 2802 531 erat
2852 483 3026 530 mater
3071 475 3304 532 filiorum
3350 479 3521 538 lebe-

235 573 547 628 Ζεϐεδαίου.
569 573 678 627 Καὶ
701 572 882 627 ἄλλαι
914 573 970 626 δὲ
997 572 1247 626 πολλαί.
1271 570 1392 624 Τῶν
1411 573 1515 642 γὰρ
1548 573 1821 641 ἐπισημο-

233 665 411 737 τέρων
449 665 711 735 ὀνομαστὶ
743 666 1172 736 ἐμνημόνευσεν.

315 776 333 807 ι
375 758 487 811 Καὶ
516 758 614 828 ήδη
649 756 809 826 ὀψίας
843 758 1166 827 γενομένης,
1196 757 1319 810 ἐπεὶ
1357 750 1424 827 ἦν
1459 754 1816 825 Παρασκευὴ,

234 847 263 900 ὅ
291 848 408 900 ἐστι
460 848 862 919 προσάϐϐατον,
913 844 1078 919 ἦλθεν
1126 846 1327 918 Ἰωσὴφ
1367 848 1393 899 ὁ
1434 848 1541 902 ἀπὸ
1595 847 1823 916 Ἀριμα-

239 939 404 1003 θαίας
432 941 725 1010 εὐσχήμων
759 941 1072 1012 βουλευτὴς,
1117 941 1174 1004 ὃς
1211 942 1303 992 καὶ
1349 940 1511 1002 αὐτὸς
1538 935 1606 1007 ἦν
1651 955 1822 1009 προσ-

233 1030 526 1100 δεχόμενος
604 1031 701 1100 τὴν
765 1031 1042 1100 βασιλείαν
1122 1031 1216 1084 τοῦ
1288 1030 1466 1083 Θεοῦο
1543 1029 1821 1098 τολμήσας

233 1123 454 1194 εἰσῆλθε
505 1123 641 1192 προς
702 1124 930 1177 Πιλᾶτον
961 1165 974 1189 ,
1011 1124 1104 1176 καὶ
1145 1125 1389 1195 ᾐτήσατο
1428 1123 1487 1175 τὸ
1518 1122 1681 1191 σῶμα
1721 1121 1818 1174 τοῦ

249 1207 454 1276 Ἰησοῦ.
501 1207 559 1261 Ὀ
586 1209 641 1262 δὲ
676 1210 908 1273 Πιλᾶτος
934 1211 1271 1282 ἐθαύμασεν,
1313 1213 1362 1264 εί
1414 1212 1514 1282 ήδη
1546 1211 1777 1280 τέθνηκε
1804 1228 1818 1243 ο

237 1301 337 1354 καὶ
408 1301 926 1372 προσκαλεσάμενος

233 1409 403 1462 τησεν
456 1394 639 1461 αὐτὸν,
697 1397 745 1447 εί
789 1396 954 1449 πάλαι
997 1396 1278 1449 ἀπέθανε·
1327 1397 1420 1450 καὶ
1480 1397 1647 1464 γνοὺς
1713 1395 1822 1450 ἀπὸ

233 1487 331 1540 τοῦ
395 1487 791 1558 κεντυρίωνος,
862 1488 1174 1557 ἐδωρήσατο
1230 1488 1292 1541 τὸ
1367 1488 1528 1558 σῶμα
1596 1485 1675 1557 τῷ
1708 1487 1823 1540 Ἰω-

247 1578 385 1649 σὴφ.
449 1580 562 1633 Καὶ
606 1578 884 1649 ἀγοράσας
934 1580 1147 1634 σινδόνα
1191 1581 1284 1633 καὶ
1329 1579 1577 1634 καθελὼν
1632 1579 1817 1643 αὐτὸν,

234 1672 484 1742 ἑνείλησε
517 1674 583 1742 τῇ
644 1674 865 1738 σινδόνι,
901 1674 995 1726 καὶ
1028 1673 1335 1744 κατέθηκεν
1386 1672 1549 1725 αὑτὸν
1584 1674 1642 1724 ὲν
1679 1688 1820 1741 μνη-

238 1762 400 1832 μείῳ,
433 1761 461 1815 ὗ
509 1758 578 1834 ἦν
626 1763 1067 1834 λελατομημένον
1099 1764 1164 1816 ἐκ
1199 1763 1406 1834 πέτρας
1436 1780 1448 1792 ·
1499 1761 1595 1815 καὶ
1650 1777 1820 1827 προσ-

1006 1303 1098 1355 τὺν
1170 1305 1539 1373 κεντυρίωνα,
1599 1301 1821 1373 ἐπηρὼ-

1928 569 2047 623 duei.
2087 569 2154 628 lat
2183 569 2307 622 alio:
2338 582 2553 638 quoque
2594 567 2800 630 malm,
2836 568 3052 622 nomina
3082 573 3229 626 enim
3263 573 3524 630 celebrio-

1930 674 2048 713 rum
2087 669 2295 713 tantum
2326 655 2802 714 commemoravit.

2000 836 2164 892 Vens.
2213 836 2404 891 42-47.
2458 855 2476 887 ι
2524 836 2589 890 Et
2634 851 2757 890 eum
2813 836 2927 908 jam
2972 837 3211 892 venisset
3265 853 3515 911 vespera,

1923 929 2180 997 quoniam
2228 941 2346 984 erat
2376 928 2684 983 Parasceve
2721 946 2841 999 qua:
2889 931 3147 998 prmceilit
3195 931 3516 995 Subbulmn.

1923 1021 2074 1073 venit
2096 1018 2296 1090 Juseph
2327 1033 2482 1076 ortus
2509 1035 2571 1074 ex
2608 1019 2831 1075 civitate
2860 1020 3220 1086 Ai-imathaea,
3255 1024 3516 1079 honestus

1923 1122 2165 1177 senator,
2189 1115 2279 1182 qui
2306 1122 2362 1166 et
2394 1113 2509 1181 ipse
2541 1122 2660 1168 erat
2685 1123 3008 1182 exspectans
3037 1129 3261 1182 regnum
3298 1116 3387 1169 Dei
3419 1132 3432 1180 ;
3467 1131 3522 1170 et

1923 1213 2135 1272 sumpta
2183 1204 2414 1258 audacia
2444 1205 2724 1276 ingressus
2752 1215 2836 1257 est
2866 1206 2932 1259 ad
2972 1205 3238 1270 Pilatum,
3273 1215 3327 1259 et
3365 1209 3521 1272 petiit

1921 1311 2124 1365 corpus
2165 1293 2315 1351 Jesu.
2369 1296 2574 1351 Pilatus
2617 1307 2799 1352 autem
2844 1300 3147 1354 admiratus
3183 1310 3270 1354 est
3329 1300 3374 1355 si
3408 1299 3518 1369 iam

1927 1398 2172 1441 mortuus
2199 1396 2363 1441 esset.
2400 1387 2464 1441 Et
2507 1388 2776 1442 accersito
2810 1389 2875 1442 ad
2902 1404 2959 1442 se
2988 1391 3312 1444 centurione
3345 1390 3517 1444 inter-

1923 1482 2134 1550 rogavit
2163 1480 2337 1543 illum,
2371 1495 2438 1532 an
2465 1478 2781 1548 jamdudum
2824 1489 3075 1535 mortuus
3100 1483 3313 1537 fuisset.
3348 1481 3409 1536 Et
3434 1498 3519 1536 re-

1927 1572 2140 1641 cognita
2173 1584 2238 1625 ex
2277 1571 2619 1633 Centurioue,
2654 1571 2874 1624 donavit
2918 1586 3120 1639 corpus
3152 1572 3252 1640 ipsi
3288 1571 3517 1644 Joseph.

1926 1662 1992 1715 Et
2029 1666 2076 1716 is
2113 1672 2392 1717 mercatus
2435 1662 2749 1727 sindonem,
2787 1664 3093 1730 depositum
3125 1681 3250 1719 eum
3297 1667 3524 1719 involvit

1924 1755 2182 1819 sindoni,
2242 1754 2592 1824 reposuitque
2656 1754 2708 1808 in
2774 1765 3130 1810 monumento
3195 1757 3339 1825 quod
3404 1768 3525 1812 erat

239 1853 462 1907 εκύλισε
491 1855 638 1907 λίθον
670 1855 763 1907 ἐπὶ
815 1855 912 1924 τὴν
967 1854 1138 1926 θύραν
1183 1853 1278 1908 τοῦ
1327 1852 1619 1923 μνημείου.
1651 1852 1717 1904 Ἦ
1763 1851 1819 1904 δὲ

1932 1847 2167 1901 excisum
2202 1861 2233 1899 e
2273 1855 2472 1916 petra:
2522 1852 2579 1898 et
2625 1843 2870 1898 advolvit
2921 1845 3152 1912 lapidem
3207 1848 3275 1900 ad
3321 1849 3522 1900 ostium

233 1946 429 2018 Μαρία
461 1950 494 2018 ἡ
527 1946 863 2016 Μαγδαληνὴ
896 1949 988 2000 καὶ
1035 1947 1225 2016 Μαρία
1265 1947 1299 2015 ἠ
1326 1945 1508 2015 Ἰωσῆ.
1551 1944 1821 2014 ἐθεώρουν

236 2039 344 2092 ποῦ
387 2038 617 2092 τίθεται.
662 2058 679 2089 ι
727 2039 785 2091 Ὀ
826 2041 1096 2110 μακάριος
1140 2039 1377 2110 Ἰωσὴφ,
1421 2039 1500 2091 ἔτι
1547 2036 1625 2107 τῷ
1672 2038 1822 2108 νόμῳ

231 2128 527 2195 δουλεύων,
580 2130 674 2183 καὶ
714 2131 805 2184 τὸν
850 2130 1086 2201 Χριστὸν
1135 2130 1269 2183 Θεὸν
1303 2131 1540 2199 ἐπέγνω,
1596 2128 1676 2182 διὸ
1730 2130 1822 2181 καὶ

234 2221 416 2293 τολμᾴ
439 2222 644 2290 τόλμαν
685 2227 979 2295 ἐπαινετὴν
1011 2240 1023 2254 ’
1060 2223 1159 2294 ούχ
1191 2221 1550 2292 ὑπελογίσατο
1576 2221 1709 2293 γὰρ,
1739 2204 1822 2274 ὃτι

238 2313 503 2378 Πλούσιός
542 2317 680 2386 εἰμι,
745 2318 844 2368 καὶ
895 2315 1239 2386 ἐκπεσοῦμαι
1280 2315 1373 2368 τοῦ
1422 2315 1674 2377 πλούτου,
1725 2316 1821 2367 ἐὰν

233 2406 554 2477 αἰτήσωμαι
583 2407 643 2459 τὸ
677 2408 834 2476 σῶμα
874 2406 964 2460 τοῦ
1008 2409 1102 2460 ἐπὶ
1132 2407 1407 2476 τυραννίδι
1460 2407 1823 2478 κατακριθέν-

235 2513 356 2561 τος,
399 2497 492 2550 κτλ
532 2499 966 2568 διαϐληθήσομαι
1013 2500 1126 2559 τοῖς
1158 2497 1431 2560 Ἰουδαίοις
1464 2513 1476 2526 ·
1510 2497 1662 2550 οὐδὲν
1699 2497 1822 2551 τού-

235 2607 350 2645 των
395 2587 517 2644 εϊπε
564 2591 684 2644 καθ’
718 2591 909 2644 ἑαυτόν
937 2608 950 2620 ·
987 2589 1124 2643 ἀλλὰ
1171 2591 1351 2643 πάντα
1401 2589 1630 2659 δεύτερα
1684 2593 1823 2662 ἡγη-

241 2683 504 2755 σάμενος,
537 2685 782 2756 ᾐτήσατο
815 2683 903 2737 ἵνα
935 2682 1080 2753 θάψῃ
1115 2682 1176 2735 τὸ
1209 2682 1301 2735 τοῦ
1336 2683 1820 2753 κατακεκριμένον

244 2774 441 2844 σῶμα.
491 2774 549 2828 '0
568 2774 623 2828 δὲ
666 2774 894 2837 Πιλᾶτος
936 2772 1271 2841 ἐθαύμασεν,
1326 2774 1373 2824 εἰ
1404 2774 1503 2842 ήδη
1536 2773 1818 2842 τέθνηκεν’

238 2867 460 2935 ἐνόμιζε
525 2868 633 2936 γὰρ
680 2867 844 2919 αὐτὸν
876 2867 969 2920 ἐπὶ
1007 2865 1143 2918 πολὺ
1188 2865 1454 2930 ἀνθέξειν,
1493 2865 1679 2937 ὥσπερ
1730 2868 1823 2920 καὶ

239 2957 370 3019 τοὺς
397 2958 621 3029 λῃστάς.
646 2957 1009 3028 Ἐπηρώτησε
1039 2957 1096 3010 δὲ
1141 2957 1236 3010 καὶ
1270 2958 1361 3011 τὸν
1400 2960 1734 3026 κεντυρίωνα
1773 2961 1822 3013 εἰ

239 3049 417 3103 πάλαι
453 3050 714 3113 ἀπέθανε,
758 3049 1058 3120 τουτέστιν,
1104 3051 1152 3101 εί
1187 3049 1293 3120 πρὸ
1344 3049 1491 3121 ὧρας
1525 3049 1819 3105 ἀπέθανεν.

250 3139 314 3195 Ὀ
339 3141 516 3195 τοίνυν
541 3140 739 3211 Ἰωσὴφ
756 3141 936 3195 λαΰὼν
965 3141 1024 3194 τὸ
1055 3141 1235 3210 σῶμα,
1264 3141 1498 3210 ἠγόρασε
1531 3141 1629 3210 μὲν
1654 3141 1825 3194 σινδό-

242 3249 333 3288 να.
385 3232 647 3287 Καθελὼν
678 3232 733 3285 δὲ
763 3232 950 3296 αὑτὸν,
1001 3231 1243 3302 ἑνείλησε
1278 3234 1343 3302 τῇ
1408 3231 1629 3290 σινδόνι.
1661 3232 1722 3284 τὸ
1751 3230 1829 3284 τί·

244 3341 372 3396 μιον
397 3325 593 3388 τιμίως
624 3323 990 3392 ὲνταφιάζων.
1026 3321 1291 3394 Μαθητὴς
1315 3322 1422 3391 γὰρ
1445 3317 1512 3392 ἦν
1543 3323 1636 3374 καὶ
1663 3321 1828 3384 αὐτὸς

241 3411 340 3467 τοῦ
392 3412 674 3483 Χριστοῦ,
727 3414 820 3466 καὶ
867 3413 1014 3475 ὅπως
1062 3413 1142 3465 δεῖ
1186 3414 1352 3484 τιμᾷν
1416 3414 1506 3466 τὸν
1549 3414 1830 3483 Δεσπότην

243 3502 428 3565 uso;
487 3503 583 3558 καὶ
642 3503 960 3574 εὐσχήμων,
1011 3505 1258 3558 τουτέστι
1306 3504 1524 3573 σεμνὸς,
1573 3505 1828 3575 εὐλαϐὴς,

243 3594 557 3666 ἄμεμπτος.
625 3593 926 3665 Βουλευτὴς
957 3595 1013 3647 δὲ
1056 3594 1275 3664 ἀξίωμά
1326 3612 1378 3647 τι
1406 3591 1494 3666 ἦν,
1532 3595 1735 3666 μᾶλλον
1775 3597 1831 3649 δὲ

243 3684 622 3756 λειτούργημα
675 3686 771 3739 καὶ
818 3685 984 3756 βάρος
1063 3687 1388 3750 πολιτικὸν,
1441 3686 1468 3738 ὃ
1519 3687 1569 3739 οἱ
1619 3687 1833 3756 ἔχοντες

245 3777 627 3848 ἠναγκάζοντο
657 3777 726 3830 τὰ
762 3777 859 3847 τῆς
910 3779 1116 3847 ἀγορᾶς
1168 3780 1492 3830 ἐπισκοπεῖν
1517 3795 1531 3807 ·
1562 3779 1653 3832 καὶ
1706 3779 1833 3831 πολ-

247 3869 362 3932 λοῖς
398 3869 659 3931 πολλάκις
705 3869 949 3932 κίνδυνος
982 3868 1216 3939 ἐπῆλθεν
1261 3872 1324 3922 ὲκ
1372 3869 1588 3935 τούτου,
1612 3869 1706 3924 διὰ
1736 3869 1835 3940 τὴν

246 3961 350 4032 τῆς
382 3962 583 4033 ἀγορᾶς
607 3962 1012 4030 κακοπραγίαν.
1060 3961 1439 4016 Ἀκουέτωσαν
1461 3963 1509 4015 οί
1537 3962 1790 4017 πλούσιοι
1816 4008 1830 4026 ,

249 4054 350 4107 καὶ
381 4053 659 4122 δημοσίοις
694 4051 1146 4122 ὲνασχολοῦμενοι
1193 4053 1538 4124 πράγμασιν,
1583 4053 1730 4117 ὅπως
1759 4054 1835 4123 τῷ

248 4145 453 4214 Ἰωσὴφ
483 4144 632 4197 οὐδὲν
665 4144 948 4197 ἐνεπόδισε
982 4144 1116 4214 πρὸς
1148 4144 1350 4214 ἀρετὴν
1386 4143 1445 4197 τὸ
1487 4143 1834 4213 βουλευτικὸν

249 4235 494 4304 ἀξίωμα.
564 4235 762 4304 Ἰωσὴφ
798 4235 854 4288 δὲ
890 4233 1273 4304 ἑρμηνεύεται,
1317 4234 1609 4305 πρόσθεσις
1633 4252 1646 4266 ο
1684 4234 1833 4305 Ἀρι-

253 4325 488 4396 μαθαῖος
546 4324 622 4387 δὲ,
674 4326 844 4394 αἴρων
889 4326 1029 4376 ἐκεῖν
1073 4367 1083 4379 .
1142 4324 1357 4377 Γένοιτο
1406 4323 1502 4377 οῦν
1551 4323 1646 4376 καὶ
1685 4326 1833 4394 ἡμᾶς

251 4415 398 4469 κατὰ
442 4417 535 4467 τὸν
597 4416 792 4486 Ἰωσὴφ
837 4415 1027 4484 γενέσο
1057 4435 1114 4478 τι,
1171 4416 1260 4467 ἀεὶ
1307 4414 1704 4483 προστιθέντας
1755 4413 1833 4483 τῷ

1928 1939 2287 1994 monumenti.
2342 1937 2412 1992 At
2462 1935 2633 1991 Maria
2700 1936 3018 2005 Magilaleue
3073 1947 3129 1992 et
3175 1936 3345 1993 Maria
3396 1935 3524 1992 Jove

1929 2031 2254 2101 spectabant
2294 2030 2384 2085 υΜ
2431 2040 2746 2098 poneretur.
2777 2047 2796 2080 ι
2863 2029 3060 2085 Beatus
3094 2028 3297 2100 Joseph
3347 2033 3527 2087 adimo

1927 2121 2033 2192 legi
2069 2121 2231 2195 261
2273 2121 2542 2184 serviens,
2583 2119 2862 2175 Christum
2899 2121 3067 2176 Deum
3118 2127 3358 2192 agnovit.
3403 2125 3524 2177 ltlvo

1927 2223 1993 2269 ει-
2013 2214 2296 2270 laudatum
2331 2213 2497 2269 audet
2522 2213 2754 2268 facinus.
2793 2212 2982 2285 Neque
3008 2215 3288 2285 cogitabat
3317 2234 3331 2270 :
3365 2216 3525 2273 Dives

1927 2320 2072 2372 sum,
2097 2315 2153 2363 et
2184 2307 2408 2362 divitias
2467 2307 2722 2362 amittere
2783 2322 3007 2376 possum
3040 2327 3053 2364 :
3088 2291 3144 2363 si.
3175 2309 3525 2375 postulavere

1925 2415 2130 2469 corpus
2189 2399 2311 2468 ejus
2371 2398 2461 2467 qui
2519 2409 2744 2469 propter
2799 2400 3147 2470 tyrannidem
3213 2399 3523 2462 aﬂ’ectatam

1926 2493 2322 2547 condemnatus
2377 2503 2480 2556 est,
2533 2492 2836 2546 accusabor
2882 2508 2909 2545 a
2947 2490 3174 2560 Iudaeis.
3225 2492 3370 2547 Nihil
3420 2497 3529 2552 tale

1926 2596 2111 2637 secum
2164 2583 2402 2645 dicebat,
2440 2583 2535 2637 sed
2569 2585 2751 2636 omnia
2801 2582 3140 2650 posthaheus
3187 2592 3242 2637 et
3292 2583 3526 2642 minoris

1928 2673 2159 2738 faciens,
2213 2675 2408 2744 petivit
2462 2685 2521 2729 ut
2593 2675 2854 2744 sepeliret
2911 2676 3256 2732 condemnati
3301 2693 3524 2749 corpus.

1924 2765 2131 2819 Pilatus
2169 2780 2299 2820 vero
2354 2765 2659 2819 mirabatur
2711 2767 2855 2834 quod
2903 2765 3016 2835 jam
3061 2781 3312 2822 monuus
3355 2778 3502 2824 esset

1924 2854 2156 2911 Putabat
2188 2857 2334 2911 enim
2381 2857 2558 2926 ipsum
2592 2857 2683 2912 diu
2726 2857 2780 2910 in
2825 2872 2999 2925 agone
3040 2857 3398 2925 luctaturnm,
3453 2860 3530 2914 si‘

1926 2956 2018 3003 cut
2045 2958 2097 3002 et
2123 2947 2381 3003 latrones.
2414 2949 2720 3018 Interrogat
2749 2960 2934 3004 autem
2969 2961 3019 3005 et
3044 2952 3526 3014 cei.tuiiouem,si

1927 3039 2129 3095 dudum
2165 3050 2417 3096 mortuus
2447 3051 2614 3105 esset,
2651 3044 2755 3096 hoc
2785 3051 2896 3107 est,
2925 3053 3051 3097 ante
3075 3042 3291 3098 horam.
3319 3043 3527 3114 Josepli

1932 3135 2117 3204 itaque
2159 3143 2384 3205 accepto
2409 3149 2642 3203 corpore
2690 3146 2970 3190 mercatus
3001 3146 3088 3189 est
3128 3137 3439 3202 sinilouem,
3473 3153 3528 3190 in

1931 3241 2039 3294 qua
2070 3226 2376 3294 depositum
2420 3226 2646 3282 nivolvit
2669 3271 2672 3274 .
2697 3244 2716 3282 °.
2744 3239 2796 3280 et
2827 3226 2973 3297 quod
3020 3227 3231 3282 honore
3278 3229 3528 3297 dignum,

1931 3334 2053 3373 cum
2088 3320 2295 3375 honore
2325 3320 2597 3389 sepelivit.
2636 3319 2765 3373 Erat
2796 3320 2942 3374 enim
2976 3328 3031 3373 et
3079 3319 3199 3389 ipse
3230 3321 3532 3390 discipulus

1931 3409 2083 3475 Jesu,
2107 3409 2289 3466 sciens
2314 3410 2538 3479 dignum
2567 3409 3130 3476 honoreBominum;
3162 3420 3213 3465 et
3242 3409 3528 3479 honestus,

1936 3502 2041 3555 hoc
2087 3507 2193 3564 est,
2255 3499 2399 3567 pius,
2460 3499 2999 3568 irreprehensibilis;
3052 3510 3279 3556 senator
3322 3512 3529 3566 autem,

1934 3607 2056 3662 qua:
2095 3592 2333 3664 dignitas
2373 3591 2620 3661 quaedam
2668 3601 2787 3645 erat
2817 3592 2901 3646 vel
2948 3591 3131 3661 potius
3163 3593 3529 3648 ministerium

1935 3695 1990 3739 et
2022 3699 2160 3738 onus
2192 3683 2350 3737 civile
2393 3698 2489 3751 per
2535 3682 2681 3751 quod
2716 3683 3055 3750 cogebantur
3104 3685 3389 3739 intendere
3443 3683 3532 3739 his

1935 3792 2056 3846 qum
2084 3773 2186 3829 fori
2232 3783 2411 3840 erant,
2442 3783 2497 3828 et
2529 3773 2696 3826 multa
2730 3787 2874 3841 saepe
2919 3772 3042 3826 inde
3089 3773 3412 3827 oriebantur
3436 3790 3532 3844 pe-

1939 3870 2134 3934 ricula,
2187 3878 2410 3938 propter
2439 3866 2542 3921 fori
2597 3867 2883 3922 malitiam.
2934 3867 3175 3922 Andiant
3215 3869 3435 3930 divites,
3477 3877 3535 3924 rt

1939 3961 2170 4031 publicis
2223 3959 2547 4014 muneribus
2600 3957 2912 4028 fungentes,
2972 3961 3248 4029 quomodo
3293 3955 3535 4028 Iosephi)

1937 4053 2075 4107 nihil
2117 4052 2353 4106 obsistat
2405 4052 2471 4105 ad
2519 4049 2778 4105 virtutem
2823 4050 3098 4105 senatoria
3143 4049 3405 4120 dignitas.
3436 4049 3541 4104 Jo-

1939 4144 2071 4213 seph
2120 4142 2467 4212 interpretari
2523 4155 2815 4209 possumus
2877 4149 3268 4209 augmentum:
3316 4139 3535 4194 Arima-

1940 4236 2109 4290 tliaaus
2144 4250 2294 4297 vero,
2332 4233 2524 4286 tollens
2577 4232 2701 4286 hoc.
2735 4230 3009 4284 Concedat
3046 4241 3227 4284 autem
3274 4229 3441 4294 Deus,
3475 4240 3534 4284 ut

1937 4329 2102 4380 etiam
2143 4340 2243 4379 nos
2267 4326 2408 4378 sicut
2436 4323 2638 4392 Joseph
2672 4322 2762 4376 ille
2799 4303 3243 4385 liamns'seuiper
3273 4322 3444 4382 aucti.
3478 4330 3537 4376 et

1939 4419 2260 4488 adjicieutes
2293 4417 2346 4471 in
2381 4431 2543 4471 cursu
2571 4415 2899 4480 virtutis,.ac
2922 4413 3177 4467 tollentes
3206 4413 3329 4478 hoc,
3349 4415 3400 4467 id
3423 4425 3531 4479 εει,

251 4507 443 4578 δρόμῳ
484 4509 582 4574 τῆς
619 4508 847 4575 ἀρετῆς,
885 4507 980 4559 καὶ
1037 4507 1282 4577 ιῖροντας
1330 4508 1528 4569 ἐκεῖνο,
1564 4507 1828 4568 τουτέστι,

1940 4513 1992 4566 id
2026 4513 2168 4580 quod
2209 4521 2292 4567 est
2321 4525 2446 4564 vere
2482 4510 2682 4562 bonum
2714 4523 2729 4561 :
2768 4506 3104 4573 accipiamus
3159 4520 3289 4560 vero
3335 4521 3536 4576 corpus

248 4598 314 4652 τὸ
345 4596 514 4660 ὅντως
543 4597 747 4665 ἀγαθόν
776 4614 787 4626 ’
820 4595 1007 4648 λαόεἰν
1039 4597 1094 4649 δὲ
1135 4601 1227 4651 καὶ
1254 4595 1315 4648 τὸ
1346 4595 1506 4664 σῶμα
1534 4596 1629 4648 τοῦ
1660 4595 1834 4667 Ἰησοῦ

249 4687 345 4742 διὰ
367 4688 467 4757 τῆς
493 4687 803 4751 κοινωνίας,
835 4689 926 4740 καὶ
958 4686 1297 4740 καταθέσθαι
1325 4687 1481 4740 τοῦτο
1508 4689 1564 4739 ἐν
1588 4689 1840 4757 μνημείῳ

251 4780 684 4849 λελατομημένῳ
716 4780 780 4832 ὲκ
816 4778 1049 4849 πέτρας,
1085 4779 1389 4844 τουτέστιν,
1437 4781 1494 4831 ὲν
1528 4781 1837 4849 μνημονικῇ

250 4871 401 4940 ψυχῇ
435 4868 529 4922 καὶ
583 4869 657 4940 μὴ
701 4867 1165 4938 ὲπιλανθανομένῃ
1214 4866 1308 4920 τοῦ
1343 4867 1502 4921 Θεοῦ.
1555 4868 1737 4920 Ἔστω
1783 4867 1840 4921 δὲ

256 4965 445 5032 δκείνη
472 4965 505 5033 ἡ
532 4963 702 5034 ψυχὴ,
732 4964 795 5014 ὲκ
822 4962 1033 5027 πέτρας
1067 4961 1511 5032 λελατομημένη,
1537 4962 1835 5023 τουτέστιν,

254 5057 368 5109 ἀπὸ
395 5055 658 5126 Χριστοῦ,
713 5055 770 5116 ὃς
802 5056 951 5106 ἐστιν
984 5057 1017 5125 ἡ
1057 5054 1230 5124 πέτρα
1276 5054 1475 5124 ἔχουσα
1511 5056 1608 5124 τὴν
1637 5054 1839 5108 σύστα-

257 5167 347 5203 σιν
377 5165 390 5177 ·
420 5147 701 5217 ἑνειλῆσαι
731 5146 787 5199 δὲ
814 5146 945 5199 αὑτὸ
976 5148 1033 5198 ὲν
1068 5146 1286 5213 σινδόνι,
1317 5147 1621 5211 τουτέστιν,
1654 5147 1711 5198 ὲν
1739 5146 1840 5197 σώ-

260 5258 395 5312 ματι
425 5238 650 5308 καθαρῷ
675 5238 931 5305 δέξασθαι
964 5238 1095 5291 αὐτό
1123 5256 1135 5268 ·
1170 5237 1503 5308 σινδὼν“γὰρ
1536 5229 1644 5306 1:7};
1663 5238 1841 5307 ψυχῆς

257 5332 355 5386 καὶ
402 5327 512 5383 οἷον
569 5332 808 5399 ἱμάτιον,
862 5333 922 5382 τὸ
978 5331 1156 5400 σῶμα.
1193 5334 1284 5384 Δεῖ
1327 5327 1420 5383 οὖν
1459 5333 1542 5400 μὴ.
1581 5332 1741 5400 μόνον
1784 5332 1842 5383 ὲν

256 5425 408 5496 ψυχῇ
462 5423 682 5494 καθαρᾷ
733 5423 988 5492 δέχεσθαι
1022 5424 1082 5476 τὸ
1117 5423 1257 5476 θεῖον
1290 5422 1452 5492 σῶμα
1480 5424 1575 5476 τοῦ
1611 5423 1839 5494 Κυρίου,

258 5519 402 5574 ἀλλὰ
451 5518 544 5570 καὶ
600 5519 658 5569 ὲν
705 5515 918 5586 σώματι
964 5515 1192 5586 τοιούτῳ
1221 5532 1233 5544 ·
1285 5515 1510 5568 ὲνειλείν
1556 5515 1613 5568 δὲ
1661 5515 1838 5579 τοῦτο,

255 5609 543 5674 τουτέστι,
620 5607 945 5679 συστρέφειν
1005 5609 1098 5661 καὶ
1159 5609 1508 5674 συστέλλειν,
1574 5605 1710 5661 ἀλλὰ
1769 5609 1843 5679 μὴ

257 5699 572 5766 ὲξαπλοῦν·
624 5699 684 5752 τὸ
733 5699 840 5770 γὰρ
901 5701 1200 5770 μυστήριον
1250 5701 1687 5773 συνεσταλμένον
1728 5701 1844 5756 ἐστὶ

258 5795 365 5850 καὶ
399 5791 738 5862 ἀπόκρυφον,
772 5793 863 5845 καὶ
892 5791 990 5846 οὐκ
1017 5792 1421 5863 ὲξηπλωμενον.

1941 4603 2070 4656 Jesu
2118 4616 2214 4672 per
2251 4601 2719 4659 communionem,
2753 4606 2807 4649 et
2851 4593 3188 4648 collocemus
3236 4593 3292 4645 in
3343 4606 3537 4646 monu-

1943 4704 2130 4748 mento
2169 4692 2358 4747 exciso
2390 4705 2455 4745 ex
2492 4697 2670 4758 petra,
2711 4687 2814 4742 hoc
2843 4694 2947 4750 est,
2982 4687 3033 4740 in
3069 4685 3251 4741 anima
3280 4683 3534 4748 memori,

1942 4802 2063 4857 quae
2100 4785 2268 4840 Deum
2308 4798 2415 4837 non
2453 4781 2832 4837 obliviscatur.
2868 4778 2952 4832 Sit
3006 4787 3188 4832 autem
3222 4776 3399 4830 anima
3444 4776 3536 4830 illa

1942 4894 2006 4933 ex
2040 4888 2192 4946 petra
2218 4877 2424 4937 excisa,
2456 4875 2558 4928 hoc
2588 4881 2692 4936 est,
2729 4887 2758 4926 a
2788 4870 3034 4937 Christo,
3064 4871 3158 4940 qui
3189 4881 3273 4924 est
3301 4879 3452 4938 petra
3479 4869 3534 4924 in

1943 4982 2048 5036 qua
2082 4967 2384 5020 consistere
2428 4964 2744 5034 poterimus.
2799 4960 3116 5016 luvolvatur
3141 4975 3270 5015 vero
3319 4961 3369 5015 iu
3413 4961 3535 5014 siu-

1945 5061 2108 5124 doue,
2142 5061 2243 5113 hoc
2271 5068 2376 5124 εει,
2417 5059 2469 5110 in
2506 5064 2733 5124 corpore
2767 5057 2968 5109 mundo
3016 5054 3367 5122 suscipiatur.
3400 5053 3530 5106 Nam

1944 5153 2138 5208 siudon
2169 5153 2366 5205 anima:
2395 5159 2476 5205 est
2515 5164 2713 5217 corpus
2740 5146 2896 5218 quasi
2938 5150 3128 5202 vestis.
3160 5147 3391 5216 Oportet
3436 5147 3535 5212 igi-

1946 5254 2035 5298 tur
2089 5258 2195 5296 non
2228 5241 2404 5297 solum
2443 5241 2496 5294 in
2548 5239 2729 5293 anima
2777 5254 2914 5307 pura
2969 5239 3245 5306 cuscipere
3291 5237 3532 5292 divinum

1944 5349 2145 5403 corpus
2189 5333 2427 5397 Domini,
2464 5331 2559 5387 sed
2591 5342 2646 5386 et
2688 5332 2740 5384 in
2789 5346 3019 5401 corpore
3050 5345 3208 5398 puro.
3248 5329 3538 5384 Involven-

1946 5429 2072 5481 dum
2113 5434 2298 5479 autem
2333 5425 2571 5488 esthoc,
2601 5423 2783 5487 idest,
2811 5421 3242 5476 contrahendum
3281 5429 3335 5475 et
3361 5421 3539 5474 conti-

1947 5518 2182 5573 nendum
2235 5525 2290 5572 et
2344 5532 2448 5570 non
2512 5513 2940 5584 explanandum.
3009 5513 3327 5582 Mysten-ium
3389 5511 3534 5562 enim

1947 5609 2001 5663 iu
2056 5615 2341 5662 contracto
2392 5614 2479 5662 cst
2527 5615 2581 5662 et
2637 5603 2935 5670 occultum,
2977 5612 3030 5659 et
3060 5618 3166 5656 non
3196 5603 3368 5657 cuivis
3402 5614 3535 5669 ape-

1951 5700 2220 5757 riendum.
