4108 6334
675 383 801 444 σεκττ

1608 365 2184 432 T‘HEOPHYLACTI
2218 361 2628 426 BULGARLE
2664 362 3018 425 ARCHIEP.

3835 360 3937 423 688

694 496 747 548 5.
789 469 861 545 De
889 498 1106 559 captura
1143 486 1385 558 piscium.
1424 481 1500 538 De
1543 484 1770 552 leproso.
1845 479 1916 533 De
1949 477 2263 549 paralytico.

2388 482 2431 529 :'.
2472 475 2611 544 Περι
2661 476 2772 546 τῆς
2810 476 2996 546 ἀγίρας
3045 474 3161 529 τῶν
3199 461 3436 541 ιχθύων.
3498 470 3636 538 Περὶ
3689 470 3797 524 τοῦ
3841 474 3938 524 λε-

775 586 848 637 Ι)ε
911 581 1030 636 Levi
1078 578 1377 647 publicano.
1429 575 1504 628 De
1562 574 1768 628 Christo
1815 588 1931 624 cum
1973 570 2261 640 publicanis

765 673 1079 727 comedente.
1109 667 1220 722 Cur
1253 667 1500 734 discipuli
1523 665 1750 719 Joannis
1773 662 2046 732 jejunant,
2099 661 2263 713 disci-

764 769 872 838 puli
898 782 1014 818 vero
1039 764 1232 817 Christi
1266 777 1366 814 non
1390 761 1416 813 2’

700 952 752 1005 6.
789 951 864 1004 De
894 948 1171 1016 discipulis
1208 949 1260 998 in
1284 943 1512 999 Sabbato
1543 944 1714 1012 spicas
1754 939 2075 995 vellentibus.
2108 937 2182 990 De
2202 953 2262 989 eo

764 1046 856 1112 qui
886 1044 1090 1095 aridam
1137 1038 1359 1092 habebat
1393 1052 1627 1089 manum.
1662 1033 1737 1086 De
1761 1032 2008 1084 electione
2052 1037 2262 1097 aposto-

774 1137 964 1188 lorum.
1014 1131 1086 1184 De
1114 1127 1546 1184 beatitudiuibus.
1581 1126 1734 1192 Quod
1765 1131 1994 1193 oporteat
2022 1122 2262 1174 inimicos

767 1226 1000 1293 diligere.
1035 1222 1109 1275 De
1140 1237 1242 1274 non
1285 1219 1641 1272 contendendo
1678 1231 1792 1267 cum
1814 1212 2083 1282 proximo.
2110 1211 2262 1274 Quod

765 1317 1017 1370 neminem
1057 1315 1207 1367 liceat
1226 1313 1489 1379 judicare.

696 1575 746 1627 7.
802 1573 873 1626 De
927 1571 1241 1625 centurione.
1300 1567 1373 1621 De
1430 1567 1541 1631 ﬁlio
1591 1563 1780 1618 vidure.
1878 1559 1951 1612 De
2005 1558 2182 1610 missis
2232 1571 2262 1607 a

767 1664 992 1717 Joanne.

691 1843 749 1896 8.
786 1842 857 1896 De
890 1841 1104 1895 muliere
1137 1840 1414 1893 Dominum
1457 1845 1699 1907 ungente.
1749 1833 2014 1888 Parabnla
2069 1831 2132 1882 de
2181 1843 2261 1881 se-

775 1935 1026 1988 minante.
1080 1932 1150 1985 De
1201 1941 1367 1983 matre
1414 1942 1458 1982 et
1502 1929 1751 1997 fratribus
1798 1926 1926 1978 Jesu
1976 1919 2259 1976 volentibus

771 2029 941 2080 videre
977 2041 1115 2080 eum.
1153 2023 1225 2076 De
1255 2021 1604 2089 increpatione
1646 2033 1903 2086 aquarum
1963 2014 2033 2066 De
2060 2012 2261 2080 legione

757 2121 1082 2171 'dwrnonum.
1107 2114 1178 2167 De
1198 2113 1313 2180 ﬁiia
1334 2110 1582 2181 principis
1603 2108 1913 2178 Synagogw.
1943 2104 2016 2157 De
2035 2105 2254 2156 hiemar-

768 2213 993 2266 rhoissa.

699 2398 752 2449 9.
787 2394 863 2450 De
895 2394 1134 2447 missione
1187 2389 1458 2442 duodecim
1505 2384 1879 2454 apostolorum.
1932 2380 2006 2432 De
2057 2377 2263 2431 Herode

767 2486 997 2555 quod'de
1042 2483 1247 2537 Christo
1293 2479 1515 2533 audivit.
1545 2476 1618 2529 De
1669 2476 1892 2544 quinque
1941 2470 2166 2539 panibus
2214 2475 2263 2520 et

773 2578 978 2632 duobus
1026 2574 1274 2644 piscibus.
1327 2569 1404 2624 De
1452 2566 1864 2634 interrogatione
1915 2560 2145 2615 Domini.
2192 2557 2264 2611 De

782 2666 1242 2735 transﬁguratione
1268 2659 1487 2716 Christi.
1543 2655 1618 2709 De
1672 2654 1922 2706 lunatico.
1974 2651 2048 2703 De
2096 2650 2265 2700 disce-

771 2760 1060 2832 ptantibus,
1077 2756 1190 2826 quis
1213 2752 1402 2821 major.
1419 2749 1495 2804 De
1513 2765 1569 2803 eo
1589 2747 1674 2816 qui
1695 2745 1756 2798 ab
1774 2743 2024 2812 apostolis
2042 2740 2270 2808 prohibi-

775 2829 858 2907 tus
888 2860 960 2905 est
987 2849 1172 2917 ejicere
1224 2842 1509 2899 daemonia.
1552 2835 1704 2902 Quod
1749 2849 1850 2887 non
1877 2834 2057 2885 deceat
2101 2829 2269 2882 vindi-

772 2956 908 2998 ctam
947 2941 1082 2994 sumi
1110 2938 1173 2991 de
1203 2937 1266 2988 iis
1298 2934 1386 3002 qui
1409 2932 1641 2998 excipere
1688 2924 1908 2993 hospitio
1952 2921 2154 2974 nolunt.
2192 2917 2270 2970 De

776 3053 879 3090 non
908 3032 1181 3087 commissa
1204 3028 1428 3097 sequela.

709 3319 795 3374 10.
830 3317 904 3371 De
934 3314 1263 3384 septuaginta
1295 3307 1579 3375 designatis
1607 3301 1901 3372 discipulis.
1941 3299 2012 3353 De
2047 3299 2274 3350 interro-

777 3410 985 3480 gatione
1026 3402 1326 3472 legisperiti.
1361 3399 1434 3453 De
1459 3415 1516 3453 eo
1545 3397 1634 3465 qui
1686 3394 1871 3450 incidit
1921 3393 1975 3446 in
2023 3391 2272 3444 latrones.

783 3501 853 3554 De
885 3497 1096 3552 Martha
1122 3505 1168 3548 et
1199 3491 1370 3545 Maria
1395 3506 1568 3545 sorore
1591 3487 1724 3557 ejus.

714 3679 801 3733 Η.
855 3675 927 3729 De
952 3673 1206 3728 oratione.
1241 3671 1311 3725 De
1337 3686 1396 3723 eo
1425 3671 1512 3738 qui
1540 3665 1757 3720 habebat
1800 3663 2113 3716 daemonium
2165 3675 2280 3712 sur-

781 3771 925 3821 dum.
955 3767 1028 3819 De
1058 3764 1270 3817 muliere
1305 3779 1418 3831 φιιε
1449 3776 1619 3814 vocem
1653 3758 1716 3811 de
1756 3757 1908 3808 turba
1961 3753 2164 3807 extulit.
2205 3751 2278 3804 De

783 3861 1070 3930 petentibus
1103 3859 1326 3925 signum.
1363 3853 1433 3906 De
1477 3852 1739 3906 Phariswo
1785 3847 2138 3914 interpellante
2184 3842 2277 3897 Je-

787 3934 920 4005 sitm.
951 3949 1028 4002 De
1055 3949 1264 4001 miseria
1296 3945 1731 4015 legisperitorum.

717 4125 882 4199 268
906 4125 989 4180 12.
1017 4124 1086 4179 De
1110 4125 1360 4194 fermento
1378 4121 1786 4176 Pharisa'orum.
1809 4117 1882 4172 De
1904 4134 1962 4172 eo
1979 4119 2067 4188 qui
2089 4116 2280 4170 volebat

787 4220 1014 4273 dividere
1052 4218 1426 4269 ltwreditatem.
1462 4211 1715 4282 De;diuite
1733 4211 1882 4279 cujus
1909 4226 2034 4280 ager
2060 4208 2284 4277 fructiﬁ-

789 4313 944 4365 cavit.
977 4309 1048 4363 De
1071 4315 1366 4374 contemptu
1399 4305 1744 4358 terrestrium.
1767 4300 1919 4367 Quod
1938 4300 2188 4370 fugienda
2212 4299 2282 4352 sit

797 4403 1049 4456 avaritia.
1088 4401 1160 4453 De
1193 4399 1336 4467 vigili
1365 4413 1527 4451 servo.
1565 4396 1714 4462 Quod
1765 4411 1865 4448 non
1901 4402 2280 4462 oporteatacum

790 4494 1027 4564 proximo
1058 4492 1382 4543 contendere.

2437 567 2611 636 προῦ.
2667 567 2809 636 Περὶ
2852 567 2958 621 τοῦ
3009 562 3442 633 παραλυτικοῦ.
3491 562 3629 629 Περὶ
3658 560 3809 615 Λευῒ
3837 562 3936 614 τοῦ

2435 659 2721 714 τελώνου.
2755 659 2894 725 Περὶ
2938 658 3045 712 τοῦ
3089 655 3292 723 Ἰησοῦ
3328 655 3776 718 συνεσθίοντος
3824 655 3941 718 τοῖς

2427 749 2741 817 τελώναις.
2772 749 2874 802 Διὰ
2907 750 2962 801 τί
2993 751 3047 801 οἱ
3075 748 3183 802 τοῦ
3219 745 3491 800 Ἰωάννου
3525 747 3790 814 μαθηταί
3840 763 3936 810 νη-

2399 916 2410 924 .
2434 845 2785 908 στεύουσιν,
2817 843 2870 893 οἱ
2904 839 2972 892 δὲ
2998 841 3104 893 τοῦ
3129 838 3390 906 Χριστοῦ
3415 837 3554 903 οὐχί
3569 857 3590 900 ,-

2369 941 2441 998 ς·’.
2488 934 2624 1002 Περὶ
2655 933 2776 986 τῶν
2814 931 3098 1002 μαθητῶν
3126 932 3231 985 τοῦ
3279 929 3536 998 Χριστοῦ
3566 930 3636 980 ἐν
3668 928 3941 992 Σαϐϐάτῳ

2435 1026 2768 1081 τιλλόντων
2820 1023 2960 1089 τοὺς
3021 1021 3318 1091 στάχυας.
3389 1020 3528 1088 Περὶ
3582 1019 3690 1072 τοῦ
3758 1020 3940 1088 ξηρίιι-

2435 1119 2684 1188 ἔχοντος
2712 1117 2827 1184 τὴν
2878 1117 3065 1185 χεῖρα.
3113 1116 3254 1183 Περὶ
3290 1113 3401 1180 τῆς
3431 1113 3547 1166 τῶν
3583 1113 3938 1167 ἀποστόλων

2436 1209 2719 1279 ἐκλογῆς.
2758 1209 2898 1276 Περὶ
2934 1207 3054 1260 τῶν
3079 1202 3498 1276 μακαρισμών.
3532 1203 3672 1270 Περὶ
3718 1199 3826 1250 τοῦ
3856 1216 3942 1265 gi.

2434 1301 2568 1356 λεῖν
2591 1300 2734 1366 τοὺς
2757 1299 3034 1367 ἐχθρούς.
3059 1298 3196 1365 Περὶ
3227 1297 3332 1350 τοῦ
3359 1294 3506 1362 πρὸς
3535 1295 3640 1346 τεν
3673 1292 3942 1357 πλησίοι·

2430 1393 2516 1462 μὴ
2546 1391 2931 1460 φιλονεικεῖν.
2955 1390 3096 1458 Περὶ
3133 1388 3240 1442 τοῦ
3263 1386 3349 1456 μὴ
3379 1385 3508 1438 δεῖν
3531 1384 3638 1436 τὸν
3669 1383 3940 1450 πλησίον

2437 1484 2685 1551 κρίνειν.

2365 1580 2432 1644 ζ’,
2473 1579 2612 1646 Περὶ
2653 1577 2760 1632 τοῦ
2805 1575 3270 1643 ἑκατοντάρχου.
3313 1573 3452 1640 Περὶ
3493 1569 3604 1625 τοῦ
3656 1568 3795 1622 υἱοῦ
3838 1566 3941 1632 τῆς

2439 1670 2647 1739 χήρας.
2711 1669 2851 1737 Περὶ
2920 1668 3039 1721 τῶν
3103 1667 3455 1721 σταλέντων
3514 1664 3675 1730 παρά
3742 1661 3942 1717 Ἰωάν-

2435 1780 2568 1816 νου.

2368 1852 2437 1923 η’.
2483 1853 2618 1921 Περὶ
2665 1852 2777 1919 τῆς
2803 1851 3150 1919 ἀλειψιὶσης
3191 1849 3298 1902 τὸν
3339 1849 3558 1914 Κύριον
3594 1843 3937 1914 ptimum-1!

2439 1945 2552 2013 τῆς
2591 1943 2939 2013 παραϐολῆς
2984 1942 3090 1996 τοῦ
3125 1941 3506 2008 σπείραντος.
3558 1938 3690 2004 Περὶ
3725 1936 3939 2005 μητρές

2441 2036 2840 2106 καὶάδελφῶν
2867 2036 2974 2090 τοῦ
3030 2033 3260 2102 Ἰησοῦ,
3308 2033 3605 2086 θελόντων
3655 2029 3804 2082 ἰδεῖν
3842 2031 3940 2080 at“-

2441 2130 2567 2184 τόν.
2604 2129 2742 2197 Περὶ
2795 2127 2905 2195 τῆς
2945 2125 3339 2194 ἐπιτιμήσεως
3371 2121 3489 2176 τῶν
3518 2121 3775 2176 ὑδάτων.
3809 2122 3938 2185 Περὶ

2446 2221 2552 2276 τοῦ
2581 2219 2897 2289 λεγεῶνος.
2935 2218 3076 2287 Περὶ
3116 2216 3224 2284 τῆς
3275 2215 3564 2285 Θυγατρδς
3625 2213 3733 2267 τοῦ
3785 2213 3945 2280 ἀρχι-

2441 2311 2816 2382 συναγώγου.
2855 2312 2992 2380 Περὶ
3025 2309 3134 2378 τῆς
3163 2309 3626 2378 αίμορῤοούσης.

2373 2406 2437 2462 (ι’.
2471 2407 2607 2475 Περὶ
2633 2404 2744 2475 τῆς
2768 2402 3123 2471 ἀποστολῆς
3162 2399 3280 2454 τῶν
3308 2399 3558 2452 δώδεκα.
3590 2395 3733 2464 Περὶ
3767 2396 3943 2463 Ἠρώ-

2445 2499 2554 2553 δου
2582 2497 2670 2553 ἔτι
2712 2497 2945 2565 ἤκουσε
2988 2495 3124 2562 περὶ
3166 2492 3392 2560 Ἰησοῦ.
3449 2489 3584 2559 Περὶ
3611 2489 3732 2542 τῶν
3771 2487 3948 2540 πέντε

2443 2589 2636 2656 ἀρτων
2671 2585 2770 2639 καὶ
2804 2584 2926 2639 τῶν
2947 2585 3056 2638 δύο
3095 2584 3336 2651 ἰχθύων.
3375 2580 3514 2649 Περὶ
3552 2579 3662 2647 τῆς
3686 2576 3800 2633 τοῦ
3835 2580 3945 2631 Ku-

2439 2681 2577 2748 plov
2632 2678 3076 2746 ἐπερωτήσεως.
3123 2676 3260 2742 Περὶ
3306 2673 3416 2742 τῆς
3441 2671 3948 2742 μεταμορφώσεως

2448 2770 2554 2824 τοῦ
2586 2767 2863 2838 Χριστοῦ.
2901 2767 3039 2835 Περὶ
3079 2767 3186 2820 τοῦ
3234 2764 3770 2834 σεληνιαζομένου.
3799 2762 3948 2828 Πείὶ

2447 2859 2564 2914 τῶν
2597 2857 3116 2927 διαλογιζομένων,
3148 2858 3240 2923 τίς
3270 2855 3495 2924 μείζων.
3528 2857 3666 2923 Περὶ
3695 2853 3803 2907 τοῦ
3841 2871 3952 2906 κω-

2445 2951 2749 3019 λυομένου
2774 2949 3049 3018 δαιμόνια
3070 2949 3352 3002 ἐλαύνειν
3372 2949 3488 3003 ὑπὸ
3517 2947 3635 3001 τῶν
3652 2944 3951 3017 μαθητῶν.

2452 3041 2588 3110 Περὶ
2614 3041 2721 3095 τοῦ
2746 3039 2832 3110 μὴ
2862 3038 3052 3093 αἰτεῖν
3083 3039 3368 3108 τιμωρίαν
3394 3041 3479 3104 είς
3501 3039 3645 3104 τοὺς
3663 3037 3751 3107 μὴ
3787 3037 3956 3101 δεξα-

2445 3132 2671 3201 μένους
2713 3132 2956 3197 αὐτούς.
2995 3131 3134 3199 Περὶ
3192 3129 3298 3184 τοῦ
3352 3130 3455 3200 μὴν
3489 3127 3954 3199 ἐπιτρεπομένου

2450 3223 2828 3277 ἀκολουθεῖν.

2385 3309 2435 3363 ι’.
2478 3309 2613 3378 Περὶ
2655 3310 2772 3363 τῶν
2813 3310 3292 3380 ἁναδειχθέντων
3336 3309 3778 3378 ἐϐδομήκοντα.
3829 3308 3957 3375 Περὶ

2456 3403 2559 3458 τοῦ
2598 3404 3086 3473 ἐπερωτήσαντος
3127 3403 3399 3472 νομικοῦ.
3452 3403 3590 3470 Περὶ
3638 3402 3748 3454 τοῦ
3785 3402 3957 3470 ἐμπε-

2453 3497 2677 3561 σόντος
2706 3499 2792 3560 εὶς
2819 3495 2963 3560 τοὺς
2994 3495 3256 3562 λῃστάς.
3279 3494 3418 3562 Περὶ
3451 3493 3694 3561 Μάρθας
3721 3495 3816 3546 καὶ
3844 3496 3961 3546 Ma-

2448 3586 2590 3652 ρίας
2614 3585 2727 3652 τῆς
2756 3584 3031 3653 ἀδελφῆς
3059 3585 3272 3651 αὐτῆς.

2390 3675 2479 3729 ια’.
2520 3675 2660 3742 Περὶ
2690 3675 3060 3743 προσευχῆς.
3087 3675 3228 3743 Περὶ
3255 3676 3361 3730 τοῦ
3384 3676 3633 3745 ἔχοντος
3658 3677 3962 3745 δαιμόνιον

2455 3766 2676 3835 κωφόν.
2707 3766 2844 3834 Περὶ
2877 3766 2987 3831 τῆς
3022 3767 3090 3820 ἐκ
3126 3766 3233 3820 τοῦ
3277 3767 3466 3833 ὄχλου
3493 3767 3809 3834 ἐπαράσης
3850 3786 3962 3836 5:0)-

2457 3857 2595 3926 νήν.
2639 3859 2775 3924 Περὶ
2823 3856 2942 3910 τῶν
2982 3859 3310 3912 αἰτούντων
3349 3857 3622 3926 σημεῖον.
3665 3860 3804 3926 Περὶ
3862 3857 3960 3911 τοῦ

2458 3948 2807 4016 Φαρισαίου,
2840 3948 2948 4002 τοῦ
2983 3948 3360 4015 καλέσαντος
3390 3951 3497 4002 τὸν
3540 3951 3798 4018 Ἰησοῦν.
3837 3949 3959 4017 Περὶ

2458 4037 2565 4090 τοῦ
2605 4036 2988 4104 ταλανισμοῦ
3018 4035 3138 4089 τῶν
3167 4036 3448 4104 νομικῶν.

2393 4123 2481 4194 ιβ’.
2523 4126 2661 4193 Περὶ
2711 4125 2821 4194 τῆς
2867 4101 3050 4194 ζύμης
3091 4124 3210 4178 τῶν
3237 4101 3622 4194 δαρισαίων.
3678 4129 3823 4196 Περὶ
3866 4127 3962 4180 τοῦ
4066 4101 4067 4106 Ἴ

2462 4215 2745 4281 θέλοντος
2779 4216 3143 4284 μερίσασθαι
3191 4217 3305 4283 τὴν
3351 4219 3785 4287 κληρονομίαν.
3834 4220 3957 4286 Περὶ
4066 4207 4067 4258 Ῑ

2461 4302 2533 4363 οὗ
2565 4308 2909 4376 εὐφόρησεν
2935 4306 2973 4372 ὴ
3006 4307 3168 4376 χώρα
3201 4311 3526 4362 πλουσίου.
3552 4309 3692 4378 Περὶ
3724 4311 3829 4365 τοῦ
3858 4310 3961 4363 τῶν

2459 4401 2682 4467 γηΐνων
2729 4399 3148 4467 καταφρονεῖν.
3199 4401 3339 4467 Περὶ
3398 4401 3505 4456 τοῦ
3564 4405 3814 4471 φεύγειν
3858 4403 3961 4467 τὴν

2457 4491 2874 4560 φιλαργυρίαν.
2894 4490 3034 4558 Περὶ
3077 4491 3186 4545 τοῦ
3218 4493 3532 4560 ἀγρύπνου
3560 4494 3811 4549 δούλου.
3836 4494 3958 4561 Περὶ

2460 4577 2565 4632 τοῦ
2591 4578 2742 4645 πρὸς
2771 4579 2876 4632 τὸν
2909 4581 3179 4639 πλησίον
3200 4582 3285 4649 μή
3313 4583 3709 4650 φιλονεικεῖν.

725 4673 812 4726 13.
848 4672 919 4723 De
974 4669 1208 4722 Galila‘is
1257 4677 1303 4719 et
1342 4667 1404 4716 iis
1448 4666 1536 4734 qui
1565 4674 1708 4716 erant
1756 4663 1812 4715 in
1850 4660 2020 4715 Siloa.
2065 4660 2139 4715 De
2183 4661 2268 4728 ﬁci

2395 4668 2484 4738 ιγ’.
2526 4671 2665 4738 Περὶ
2693 4669 2812 4722 τῶν
2840 4672 3203 4736 Γαλιλαίων,
3231 4673 3328 4726 καὶ
3358 4671 3476 4726 τῶν
3503 4675 3572 4726 ἐν
3605 4675 3686 4739 τῷ
3715 4674 3956 4742 Σιλωάμ.

796 4767 1018 4833 [νιιαιιηι
1050 4778 1147 4814 non
1180 4761 1393 4828 ferente.
1428 4759 1499 4810 De
1544 4758 1759 4809 muliere
1781 4757 2002 4823 spiritus
2055 4755 2278 4823 inﬁrmi.

795 4856 1057 4910 Parabola
1091 4858 1153 4907 de
1188 4869 1350 4923 grano
1406 4852 1605 4916 sinapis
1632 4859 1680 4903 et
1708 4850 1982 4918 fermento.
2014 4848 2085 4901 De
2119 4849 2284 4901 inter-

796 4957 1032 5014 rogante,
1079 4965 1200 5000 num
1251 4945 1403 5012 pauci
1459 4941 1697 4995 salvandi
1736 4943 1862 4994 sint.
1925 4940 2000 4994 De
2037 4942 2292 4993 nuntiatis

799 5041 926 5094 Jesu
954 5042 1013 5092 ob
1044 5039 1322 5093 Herodem.

2462 4761 2603 4828 Περὶ
2641 4759 2752 4827 τῆς
2785 4759 2986 4828 συκῆς
3015 4762 3250 4829 καρπὸν
3285 4762 3364 4831 μὴ
3398 4763 3796 4832 ἐνεγκούσης.
3838 4763 3957 4831 Περὶ

2463 4850 2575 4917 τῆς
2628 4850 2894 4918 ἐχούσης
2959 4850 3199 4919 πνεῦμα
3258 4853 3597 4918 ἀσθενείας.
3667 4857 3806 4922 Περὶ
3865 4852 3957 4907 τοῦ

2466 4942 2688 4995 κόκκου
2744 4941 3047 5008 σινάπεως
3102 4944 3438 5010 παραϐολὴ,
3473 4947 3570 4998 καὶ
3619 4945 3730 5012 τῆς
3769 4945 3953 5014 ζύμης.

2470 5033 2608 5102 Περὶ
2653 5033 2760 5087 τοῦ
2804 5034 3325 5101 ἐπερωτήσαντος,
3369 5036 3422 5087 εί
3458 5036 3652 5102 ὀλίγοι
3693 5039 3747 5088 οί
3798 5034 3957 5093 σωξό·

2463 5143 2653 5197 μενοι.
2680 5125 2820 5193 Περὶ
2867 5124 2986 5178 τῶν
3013 5127 3305 5180 εἰπόντων
3329 5125 3408 5191 τῷ
3441 5126 3640 5194 Ἰησοῦ
3670 5126 3768 5180 διὰ
3807 5127 3955 5194 Ἡρώ-

2467 5219 2601 5284 δην.

737 5299 824 5350 Η.
864 5297 935 5349 De
975 5298 1274 5365 Ityrtmpico.
1320 5297 1471 5361 Quod
1514 5314 1614 5350 non
1646 5306 1798 5349 .rceat
1851 5299 2049 5350 ambire
2101 5297 2267 5362 primo

2401 5309 2479 5362 ιδ’.
2525 5310 2661 5377 Περὶ
2683 5309 2792 5363 τοῦ
2818 5309 3170 5378 ὑδροπικοῦ.
3196 5309 3336 5377 Περὶ
3363 5310 3469 5364 τοῦ
3493 5310 3581 5379 μὴ
3605 5308 3846 5380 ἀγαπᾷν
3868 5306 3955 5369 τὰς

808 5387 1098 5441 accubitus.
1150 5385 1299 5451 Quod
1347 5389 1522 5440 deceat
1580 5388 1747 5456 magis
1783 5403 1964 5440 vocare
2002 5389 2068 5439 ad
2099 5401 2295 5440 cmnam

804 5498 1051 5547 pauperes
1081 5487 1237 5545 quam
1271 5481 1481 5532 amicos.
1528 5477 1599 5531 De
1628 5479 1820 5531 vocatis
1851 5477 1918 5529 ad
1952 5495 2166 5532 coenant.
2200 5477 2299 5530 Pa-

806 5573 987 5625 rabola
1019 5575 1079 5623 de
1110 5570 1329 5635 edi/icio
1359 5573 1540 5624 turris.

2467 5399 2929 5468 πρωτοκλισίας.
2972 5399 3111 5468 Περὶ
3152 5399 3260 5454 τοῦ
3309 5399 3588 5469 πτωχοὺς
3613 5401 3855 5470 μᾶλλον
3884 5397 3956 5459 εις

2471 5492 2536 5543 τὸ
2563 5490 2812 5544 δεῖπνον
2838 5491 3070 5552 καλεῖν,
3101 5490 3139 5558 ἣ
3167 5492 3407 5559 φίλους.
3443 5493 3581 5560 Περὶ
3615 5491 3733 5545 τῶν
3761 5491 3955 5544 καλευ-

2466 5581 2668 5649 μένων
2711 5582 2781 5634 ἐν
2824 5579 2904 5647 τῷ
2946 5581 3190 5649 δείπνῳ.
3223 5582 3361 5651 Περι
3398 5583 3719 5652 οἰκοδομῆς
3750 5585 3955 5650 κύρτου

2470 5673 2809 5738 παραϐολή.

740 5746 824 5798 iii.
861 5745 1122 5799 Parabola
1147 5749 1209 5798 tle
1239 5755 1441 5799 centum
1489 5747 1688 5801 ovibus.
1736 5749 1807 5802 De
1829 5765 2036 5818 peregre
2065 5751 2261 5819 profert

2404 5757 2483 5812 ιε’.
2526 5761 2664 5824 Περὶ
2702 5759 2820 5812 τῶν
2845 5761 3062 5814 ἑκατὸν
3111 5763 3426 5829 προϐάτων
3470 5764 3806 5831 παραϐολή.
3835 5755 3953 5826 Περὶ

807 5841 859 5890 in
887 5840 1138 5906 regionem
1165 5840 1519 5908 longinquam.

2470 5849 2575 5902 τοῦ
2605 5850 3113 5918 ἀποδημήσαντος
3135 5855 3222 5918 εἰς
3244 5854 3444 5921 χώραν
3467 5854 3725 5924 μακράν.

4045 110 4067 454 1
