4108 6334
670 342 773 409 (ιι
1593 340 2167 408 'I'HEOPHYLACTI
2205 340 2230 401 Ῑ

2335 336 2617 404 ζιῧΑΒῙΛΕ
2666 334 2873 399 ARCH
2881 333 3023 397 [ΕΡ.
3815 320 3924 388 69!

668 497 1097 524 *σου
1136 496 1148 513 ι

1000 644 1780 767 EPMHNEIA
1867 645 2112 759 ΕΙΣ
2182 645 2230 755 τ]

2335 640 2389 757 )
2468 641 2886 755 ΚΑΤΑ
2962 630 3607 767 ΛΟΥΚΑΝ

1936 844 2654 937 ΕΥΑΓΓΕΛΙΟΝ.
3284 923 3289 926 .

1180 1164 1895 1259 ENABRATIO
1946 1167 2069 1256 IN
2145 1163 2928 1261 EVANGELIUM
3003 1163 3439 1300 LUCIEP

1146 1459 1310 1532 που
1342 1457 1732 1518 Ριυειτλτιο.
2261 1468 2308 1526 Α

1593 340 2167 408 'I'HEOPHYLACTI
2205 328 2617 404 BULGARIIE
2666 334 2873 399 ΛΜΗ
2881 333 3023 397 [ΕΡ.

2290 493 2371 511 “2

2366 484 3905 515 W

2915 1459 3319 1518 ΠΡΟΟΙΜΙΟΝ.

730 1552 892 1609 Vens.
934 1553 1047 1608 l4.
1085 1571 1105 1606 ι
1163 1552 1425 1620 Quoniam
1485 1553 1638 1607 multi
1710 1561 2046 1609 attentarunt
2098 1569 2228 1610 cnn-

659 1654 842 1701 texere
891 1644 1254 1700 narrationem
1318 1658 1503 1700 earum
1550 1660 1671 1717 qua
1724 1645 1866 1701 inter
1919 1661 2017 1701 nos
2044 1645 2229 1702 multis

658 1738 991 1808 argumentis
1023 1737 1385 1807 comprobata:
1420 1748 1548 1794 sunt
1578 1753 1758 1795 rerum
1794 1739 1955 1796 sicuti
1988 1737 2228 1794 tradide-

657 1838 785 1883 runt
815 1830 971 1884 nobis
1006 1829 1189 1899 hi,qui
1215 1831 1284 1885 ab
1310 1828 1463 1885 initio
1504 1829 1620 1887 suis
1663 1831 1836 1887 oculis
1878 1831 2147 1899 viderunt,
2172 1839 2229 1887 et

658 1920 892 1976 ministri
911 1921 1602 1987 l’ueruntsermonisﬁisum
1623 1930 1704 1977 est
1723 1931 1778 1978 et
1793 1923 1946 1990 mibi,
1962 1932 2018 1977 ut
2034 1931 2226 1979 cuneta

656 2012 728 2069 ab
753 2015 904 2069 initio
928 2015 1211 2082 diligenter
1234 2015 1601 2087 pervestigans
1629 2015 1820 2073 ordine
1844 2018 1941 2074 tibi
1964 2018 2225 2083 scribam,

656 2112 876 2159 strenue
910 2104 1229 2175 Theophila,
1250 2121 1355 2176 quo
1386 2120 1648 2178 agnoscas
1696 2121 1881 2163 eorum
1912 2107 2109 2178 quibus
2146 2108 2229 2163 in-

660 2206 902 2252 structus
983 2212 1041 2253 es
1114 2213 1427 2254 sermonum
1498 2199 1996 2254 communitionem.
2049 2217 2069 2251 ι
2124 2198 2227 2266 Qui

658 2288 878 2343 fuerunt
905 2289 1057 2344 multi
1118 2290 1194 2344 illi
1231 2292 1324 2360 qui
1359 2289 1724 2346 attentarunt‘l
1768 2288 2225 2360 Pseudoapostoli.

660 2378 810 2432 Multi
851 2380 995 2434 enim
1049 2391 1176 2435 ttmc
1207 2382 1646 2450 conscripserunt
1681 2381 1993 2450 Evangelia,
2017 2382 2092 2437 uti
2133 2390 2220 2438 est

658 2471 801 2538 quod
838 2479 1028 2526 vocant
1084 2471 1427 2542 Evangelium
1476 2472 1775 2529 secundum
1823 2471 2129 2544 Egyptios,
2173 2479 2229 2526 et

659 2557 801 2626 quod
843 2560 1152 2616 inscribitur
1197 2561 1542 2632 Evangelium
1593 2562 1888 2619 secundum
1921 2561 2224 2618 duodecim.

658 2649 818 2707 Tales
847 2652 1030 2724 itaque
1063 2662 1396 2709 attentarunt
1431 2654 1715 2718 duntaxat,
1767 2652 1861 2709 sed
1910 2667 2017 2707 non
2050 2649 2231 2723 perfe-

660 2751 874 2797 ccrunt.
894 2742 1030 2810 Quia
1066 2745 1212 2799 enim
1253 2744 1455 2815 absque
1488 2745 1666 2800 divina
1713 2745 1883 2816 gratia
1926 2754 2227 2815 cmperunt.

2410 1572 2429 1601 ι
2482 1553 2811 1625 Ἐπειδήπερ
2876 1550 3060 1606 πολλοὶ
3118 1549 3488 1622 ἐπεχείρησαν
3540 1547 3918 1615 ἀνατάξασθαι

2332 1646 2586 1717 διήγησιν
2612 1642 2872 1717 περὶτῶν
2918 1642 3498 1714 πεπληροφορημένων
3526 1642 3585 1694 ιν
3610 1642 3749 1712 ἡμῖν
3774 1657 3920 1711 πραο

2334 1738 2578 1807 γμάτων,
2631 1734 2815 1800 καθὼς
2847 1735 3150 1807 παρέδοσαν
3184 1736 3317 1805 ἡμῖν
3338 1734 3388 1787 oi
3412 1731 3508 1787 ἀπ’
3559 1731 3744 1803 ἀρχῆς
3786 1733 3921 1785 αὐτ·

2332 1831 2494 1885 όπται
2571 1827 2666 1883 καὶ
2715 1827 2987 1898 ὑπηρέται
3045 1825 3327 1896 γενόμενοι
3371 1824 3468 1879 τοῦ
3524 1824 3717 1893 λόγου,
3773 1823 3921 1889 εδοξε

2335 1918 2503 1992 κάμοὶ
2557 1916 3062 1991 παρηκολουθηκότι
3128 1916 3335 1972 ἀνωθεν
3391 1917 3558 1970 πᾶσιν
3645 1914 3918 1984 ἀκριϐῶς,

2334 2013 2568 2080 καθεξῆς
2596 2028 2680 2066 σοι
2710 2010 2941 2082 γράψαι,
2969 2009 3227 2081 κράτιστε
3256 2007 3481 2077 Θεόφιλε
3504 2024 3518 2038 ο
3558 2007 3649 2060 ἵνα
3677 2005 3921 2077 ιπιγνῷς

2335 2105 2466 2177 περὶ
2515 2096 2590 2159 ὧν
2617 2101 2934 2173 κατηχήθης
2981 2102 3156 2169 λόγων
3184 2098 3283 2172 τὴν
3316 2098 3640 2167 ἀσφάλειαν.
3679 2116 3700 2152 ι
3763 2098 3922 2162 Τίνες

2338 2194 2478 2270 ἦσαν
2505 2197 2557 2250 οι
2592 2194 2778 2249 πολλοὶ
2798 2186 2947 2248 οὗτοι
2984 2193 3035 2246 oi
3082 2193 3574 2264 ὲπιχειρήσαντες;
3639 2190 3706 2244 οι
3750 2189 3919 2253 ψευδ-

2334 2287 2621 2344 απόστολοι
2643 2306 2656 2323 ο
2684 2285 2868 2341 πολλοὶ
2892 2285 2999 2355 γὰρ
3020 2282 3369 2355 συνέγραψαν
3391 2282 3703 2352 Εὐαγγέλια
3732 2281 3919 2351 δῆθεν,

2332 2375 2443 2435 οἷόν
2466 2382 2587 2451 ,ἔστι
2608 2378 2669 2432 τὸ
2691 2378 2813 2433 κατ’
2842 2376 3198 2446 Αίγυπτίους,
3232 2377 3324 2430 καὶ
3347 2376 3405 2429 τὸ
3427 2373 3917 2447 Ἐπιγραφόμινον,

2334 2471 2457 2527 Τῶν
2486 2470 2717 2526 δώδεκα.
2764 2470 2827 2523 Oi
2857 2468 3092 2523 τοιοῦτοι
3117 2464 3211 2523 οὖν
3231 2467 3600 2539 ιπεχείρησαν
3622 2454 3824 2536 ᾗδνον,
3854 2466 3918 2519 οὐ

2339 2565 2519 2635 μέντοι
2550 2561 2646 2616 καὶ
2677 2560 2998 2616 ἑτελείωσαν
3020 2577 3035 2592 ·
3068 2559 3193 2615 lusi
3225 2560 3336 2631 γάρ
3369 2558 3541 2630 χωρὶς
3580 2558 3737 2621 θείας
3759 2559 3921 2630 χάρι-

2333 2672 2425 2718 τος
2453 2655 2707 2725 ἤρξαντο,
2750 2652 2835 2706 διά
2859 2651 3019 2706 τοῦτο
3040 2651 3161 2706 οὐδὲ
3191 2652 3534 2707 ἑτελείωσαν.
3576 2649 3778 2713 Καλῶς
3826 2649 3921 2704 οὖν

2335 2744 2488 2801 εἶπεν
2508 2748 2537 2800 ό
2559 2746 2795 2809 Λουκᾶς,
2823 2745 2906 2798 ὅτι
2930 2744 2979 2797 oi
3006 2743 3189 2797 πολλοὶ
3220 2744 3584 2817 ἐπεχείρησαν
3604 2758 3619 2773 ⁸
3651 2743 3702 2796 oi
3734 2742 3920 2812 μέντοι

660 2844 944 2904 propterea
997 2852 1169 2907 neque
1238 2838 1607 2894 absolverunt.
1666 2837 1809 2893 Bene
1881 2837 2045 2905 igitur
2094 2836 2230 2893 dixit

2335 2839 2502 2909 ὀλίγοι
2522 2880 2538 2903 ,
2568 2836 2680 2893 οἷον
2708 2838 2736 2891 ό
2762 2836 3063 2901 Ματθαῐος,
3117 2838 3146 2890 ό
3176 2836 3422 2907 Μάρκος,
3462 2836 3565 2890 οὐκ
3615 2834 3919 2907 ἐπεχείρη-

659 2924 862 2990 Lucas,
911 2928 1062 2981 multi
1108 2929 1286 2982 conati
1320 2935 1446 2984 sunt
1480 2943 1493 2980 :
1528 2937 1583 2981 at
1621 2928 1799 3000 pauci,
1846 2935 1906 2983 ut
1942 2927 2229 2983 Mattheus

658 3024 714 3069 et
753 3013 987 3078 Marcus,
1015 3032 1122 3071 non
1156 3026 1364 3073 tantum
1398 3025 1818 3083 altentaverunt,
1844 3019 1938 3073 sed
1969 3028 2023 3073 et
2049 3017 2227 3088 perfe-

660 3117 876 3161 cerunt.
919 3103 1055 3160 Nam
1117 3105 1379 3175 Spiritum
1440 3109 1616 3164 sortiti
1648 3117 1825 3172 erant,
1859 3109 1950 3178 qui
1992 3109 2228 3178 perfecta

660 3206 945 3262 operatur.
974 3195 1080 3252 Rcs
1108 3198 1289 3253 multis
1308 3199 1641 3270 argumentis
1664 3201 2043 3269 comprobatae
2071 3199 2227 3253 dixit.

662 3284 770 3340 Res
804 3286 952 3340 enim
984 3286 1184 3348 Christi
1243 3304 1350 3344 non
1405 3290 1719 3361 simpliciter
1750 3301 1804 3345 et
1838 3290 1980 3347 nude
2021 3292 2232 3345 traditae

663 3384 812 3440 sunt,
834 3377 927 3432 sed
970 3393 1097 3432 vera
1124 3388 1178 3433 et
1205 3378 1375 3434 solida
1411 3379 1601 3446 ﬁde,et
1631 3380 1917 3438 multorum
1949 3396 2233 3453 argumen-

662 3478 842 3523 torum
895 3470 1238 3531 certitudine.
1284 3470 1345 3525 Et
1397 3466 1685 3542 (quomodo,
1715 3474 1821 3541 dic,
1855 3474 2019 3536 Luca,
2047 3473 2232 3527 multis

664 3562 997 3628 argumentis
1063 3562 1422 3632 comprobata
1477 3564 1641 3620 sunt!
1687 3564 1839 3620 Sicut
1888 3565 2234 3620 tradiderunt

668 3653 823 3708 nobis
853 3654 928 3719 hi,
951 3654 1040 3721 qni
1072 3654 1139 3707 ab
1166 3654 1322 3708 initio
1353 3657 1464 3710 suis
1511 3657 1686 3713 oculis
1723 3657 1993 3721 viderunt,
2027 3668 2081 3712 et
2128 3656 2229 3711 mi-

666 3744 830 3799 nistri
894 3744 1113 3799 luerunt
1168 3747 1455 3802 sermonis.
1510 3746 1649 3802 Hinc
1728 3747 2074 3802 manifestum
2148 3756 2231 3802 est

666 3836 865 3890 Lucam
905 3836 973 3890 ab
1006 3837 1157 3891 initio
1185 3854 1291 3892 non
1329 3836 1494 3893 fuisse
1541 3840 1887 3909 discipulum,
1914 3841 2006 3894 sed
2055 3849 2233 3910 poste-

665 3926 902 3983 rioribus
935 3930 1404 3996 temporibusiAlii
1443 3931 1585 3986 enim
1622 3931 1689 3987 ab
1721 3930 1875 3985 initio
1907 3930 2231 3993 didicerant,

664 4024 725 4070 ut
751 4016 943 4073 Petrus
987 4029 1037 4073 et
1068 4019 1162 4073 lilii
1208 4017 1476 4085 Zcbedaei,
1517 4021 1609 4091 qui
1646 4031 1699 4075 et
1730 4022 2064 4076 tradiderunt
2109 4020 2233 4075 huic

666 4121 999 4177 quaecunque
1029 4111 1142 4177 ipse
1171 4126 1278 4164 non
1314 4110 1541 4175 viderat,
1585 4125 1757 4179 neque
1808 4112 1922 4180 ipse
1964 4111 2228 4166 audierat.

668 4199 804 4263 Quid
836 4209 1018 4275 autem
1048 4210 1125 4256 est
1157 4202 1300 4269 quod
1330 4202 1481 4267 dicit,
1508 4218 1614 4272 quo
1644 4218 1901 4275 agnoscas
1940 4218 2146 4266 eorum,
2168 4205 2233 4256 de

667 4288 835 4358 27o
849 4270 1043 4358 quibus
1062 4292 1283 4347 edoctus
1306 4307 1362 4346 es
1383 4308 1691 4347 sermonum
1714 4293 2233 4348 communitionem?

666 4380 811 4435 Duos
850 4380 900 4434 in
940 4381 1039 4436 hoc
1070 4398 1259 4437 sensus
1291 4384 1481 4440 habeo.
1529 4383 1674 4440 Unus
1719 4388 1931 4454 quidem
1976 4397 2059 4441 est
2099 4387 2231 4442 hic:

665 4468 825 4523 Prius
875 4482 925 4526 te
972 4472 1087 4527 sine
1131 4475 1353 4543 scriptis
1400 4477 1687 4543 institui,o
1717 4478 2040 4546 Theophile,
2089 4493 2233 4532 nunc

668 4563 927 4629 scriptum
967 4565 1059 4619 tibi
1091 4565 1247 4619 trado
1283 4567 1637 4637 Evangelium
1668 4586 1680 4621 :
1706 4577 1866 4637 atque
1896 4569 1969 4622 ita
2000 4576 2231 4622 mentem

668 4662 817 4705 tuam
850 4656 1135 4721 munio,ut
1182 4672 1248 4711 ne
1301 4657 1653 4714 obliviscatur
1704 4674 1887 4714 eorum
1946 4674 2067 4729 quae
2119 4659 2236 4713 sine

668 4746 887 4814 scriptis
922 4749 1113 4802 tradita
1141 4758 1284 4803 sunt.
1307 4750 1453 4804 Alter
1482 4766 1638 4805 vero:
1663 4750 1909 4806 Solemus
1937 4765 2031 4804 nos
2061 4751 2235 4804 homi-

668 4848 769 4889 nes
800 4850 943 4904 saPpe
977 4840 1192 4905 quando
1238 4841 1357 4908 quis
1389 4842 1543 4896 nobis
1577 4842 1696 4897 sine
1737 4843 2023 4911 scripturis
2067 4841 2237 4911 loqui-

671 4934 779 4987 tur,
798 4926 1061 4995 suspicari
1088 4942 1159 4983 ne
1179 4928 1319 4983 forte
1348 4932 1473 5000 quid
1504 4933 1769 4987 mendacii
1811 4933 2101 4987 admistum
2124 4934 2194 4988 sit
2220 4950 2232 4987 :

669 5017 889 5083 quando
939 5024 1117 5071 autem
1171 5020 1332 5074 etiam
1389 5023 1575 5077 scribit
1631 5039 1749 5093 quae
1806 5024 2064 5096 loquitur,
2108 5034 2239 5080 tunc

669 5106 939 5159 credimus
966 5108 1107 5175 quod
1144 5124 1249 5164 non
1286 5112 1609 5178 scripsisset,
1649 5115 1752 5170 nisi
1788 5132 1912 5171 vera
1945 5132 2003 5171 se
2049 5117 2233 5173 dicere

668 5196 983 5250 conﬁderet.
1024 5198 1231 5255 Idcirco
1273 5210 1326 5256 et
1369 5205 1698 5273 evangelista
1732 5207 1862 5262 dicit
1897 5226 1910 5262 :
1946 5208 2236 5279 Propterea

674 5288 867 5353 scripsi
912 5287 1005 5342 tibi
1040 5288 1409 5361 Evangelium,
1432 5304 1488 5349 ut
1518 5310 1579 5350 ea
1608 5297 1672 5351 de
1698 5299 1895 5365 quibus
1926 5300 2046 5354 sine
2094 5301 2235 5354 scri-

670 5378 775 5444 ptis
822 5381 1065 5435 eruditus
1114 5397 1195 5444 es.
1241 5386 1293 5439 in
1347 5386 1535 5457 majori
1582 5392 1871 5446 securitate
1926 5407 2233 5457 conserves,

2265 5002 2277 5047 i

2261 4159 2303 4217 C

2334 2949 2433 2986 σαν
2461 2931 2640 3001 μόνον,
2676 2931 2815 2985 ἀλλὰ
2847 2930 2942 2984 καὶ
2976 2928 3295 2984 ἐτελείωσαν
3316 2945 3331 2959 ο
3356 2928 3417 2982 τδ
3443 2929 3553 3001 γὰρ
3583 2925 3921 2981 τελειοποιδν

2332 3023 2549 3093 πνεῦμα
2589 3020 2753 3094 εἶχον.
2821 3019 3406 3093 Πεπληροφορημένων
3489 3018 3547 3073 δὲ
3605 3014 3732 3072 εἶπε
3779 3034 3923 3088 πρα-

2331 3133 2367 3184 γ
2377 3116 2582 3185 μάτων·
2617 3116 2677 3168 οὐ
2708 3113 2817 3183 γὰρ
2846 3112 3031 3177 ἁπλῶς
3056 3112 3197 3166 κατά
3218 3110 3379 3182 ψιλὴν
3403 3111 3707 3182 παράδοσιν
3723 3109 3921 3162 εισιτά

2331 3205 2424 3260 τεῦ
2446 3204 2705 3277 Χριστοῦ,
2737 3204 2853 3258 ἀλλ’
2884 3206 2941 3257 ὲν
2974 3203 3204 3275 ἀληθείᾳ
3228 3202 3321 3257 καὶ⁵
3363 3200 3544 3256 πίστει
3588 3200 3786 3273 βεϐαίᾳ
3823 3201 3920 3254 καὶ

2336 3298 2474 3368 μετά
2504 3298 2682 3365 πάσης
2713 3296 3106 3369 πληροφορίας.
3156 3295 3283 3358 Πῶς
3308 3294 3365 3348 δέ
3403 3295 3512 3348 είσι
3562 3294 3921 3364 πεπληροφο-

2336 3388 2549 3459 ρημένα
2599 3386 2793 3452 ταῦτα,
2846 3386 2991 3452 είπὶ,
3040 3382 3086 3441 ὧ
3112 3386 3299 3440 Λουκᾶ
3327 3404 3341 3451 ;
3376 3384 3578 3447 Καθὼς
3609 3384 3922 3453 παρέδοσαν

2334 3478 2463 3547 ήμῖν
2491 3477 2541 3530 οἱ
2565 3478 2658 3531 ἀπ’
2679 3478 2853 3547 ἀρχῆς
2874 3474 3140 3530 αὐτόπται
3174 3474 3271 3528 καὶ
3292 3474 3565 3545 ὑπηρέται
3587 3472 3686 3525 τοῦ
3718 3472 3882 3539 λόγου
3902 3486 3916 3502 ·

2335 3570 2400 3622 ἐκ
2423 3568 2611 3623 τούτου
2640 3569 2819 3639 δῆλον,
2862 3569 2943 3623 ὅτι
2992 3568 3093 3622 οὐκ
3141 3563 3208 3639 ἦν
3239 3569 3268 3621 ό
3320 3567 3537 3628 Λουκᾶς
3594 3565 3692 3618 ἀπ’
3742 3565 3921 3635 ἀρχῆς

2337 3658 2605 3730 μαθητὴς,
2639 3658 2755 3711 ἀλλ’
2782 3658 3168 3731 ὕστερόχρονος
3191 3672 3205 3688 ·
3238 3656 3387 3710 ἀλλοι
3438 3654 3547 3723 γὰρ
3570 3651 3719 3725 ἦσαν
3736 3654 3788 3706 οί
3821 3652 3919 3707 ἀπ’

2334 3750 2510 3820 ἀρχῆς
2544 3749 2979 3820 μαθητευθέντες
3002 3766 3015 3781 ·
3050 3749 3101 3801 οι
3132 3749 3261 3817 περὶ
3290 3747 3498 3818 Πέτρον
3545 3747 3797 3809 καὶτοὺς
3826 3743 3921 3797 τοῦ

2335 3840 2618 3895 Ζεϐεδαίου
2639 3856 2655 3871 ’
2683 3838 2735 3893 οἵ
2760 3839 2856 3894 καὶ
2890 3838 3196 3909 παρέδοσαν
3220 3838 3369 3907 αὗτῷ
3397 3838 3496 3891 ὅσα
3520 3838 3623 3891 οὐκ
3644 3831 3791 3890 εἶδεν
3820 3836 3920 3890 αὕ-

2332 3932 2445 3995 τδς,
2476 3932 2600 3985 οὔτε
2634 3932 2900 4001 αὐτήκοος
2928 3931 3164 3998 ἐγένετο.
3212 3930 3278 3982 Τί
3325 3930 3383 3983 δέ
3413 3932 3531 3983 ἐστι
3553 3928 3638 3996 τδ,
3683 3928 3776 3982 ἴνα
3806 3931 3921 3984 imo

2336 4024 2480 4094 γνῷς
2501 4025 2601 4094 τὴν
2642 4024 2941 4093 ἀσφάλειαν
2968 4026 3097 4094 περὶ
3143 4019 3219 4075 ὧν
3251 4021 3601 4093 κατηχήθηςς
3647 4023 3813 4076 Διττά
3844 4024 3917 4085 είς

2335 4116 2491 4171 τοῦτο
2515 4116 2625 4187 ῐχω
2647 4119 2737 4187 νοή
2749 4133 2913 4186 ματα.
2945 4117 3040 4169 Ἓν
3062 4116 3181 4187 μὲν,
3213 4117 3293 4170 ὅτι
3322 4116 3588 4186 πρότερον
3623 4116 3727 4185 μὲν
3745 4114 3919 4185 ἀγρά-

2338 4225 2452 4277 φως
2482 4224 2541 4260 σε
2571 4208 2878 4278 κατήχησα,
2913 4201 2957 4261 ὧ
2986 4207 3213 4276 Θεόφιλε
3242 4223 3256 4237 ο
3288 4204 3382 4259 νῦν
3413 4204 3470 4259 δὲ
3512 4206 3814 4275 ἐγγράφως
3842 4222 3920 4258 σοι

2337 4300 2662 4373 παραδιδοὺς
2694 4300 2753 4353 τὸ
2786 4300 3140 4369 Εὗαγγέλιον,
3175 4299 3545 4369 ἀσφαλίζομαι
3578 4299 3673 4351 τὸν
3710 4299 3803 4351 σὺν
3829 4298 3918 4350 λο-

2336 4390 2555 4462 γισμὸν,
2592 4391 2675 4444 ἵνα
2708 4393 2780 4461 μὴ
2815 4393 3138 4463 ἐπιλάθηται
3175 4393 3284 4447 τῶν
3316 4394 3581 4461 ἀγράφως
3612 4390 3918 4460 παραδεδο-

2339 4483 2768 4553 μένων.⁶Έτερον
2792 4484 2848 4537 δὲ
2868 4486 3139 4537 τοιοῦτον·
3179 4486 3242 4538 Oi
3264 4485 3537 4554 ἀνθρωττοι
3562 4484 3687 4546 ἔθος
3724 4485 3921 4553 ἔχομεν

2337 4574 2619 4638 πολλάκις,
2646 4574 2773 4627 ὅταν
2800 4593 2882 4636 τις
2915 4577 3179 4643 ἀγράφως
3211 4574 3344 4646 λέγῃ
3401 4578 3553 4645 ἡμῖν,
3586 4574 3919 4640 ὑποπτεύειν

2335 4664 2526 4719 τοῦτον
2552 4664 2627 4728 ὡς
2656 4664 2817 4735 τυχὸν
2874 4664 3235 4736 ψευδόμενον·
3282 4668 3411 4720 ὅταν
3454 4665 3511 4719 δὲ
3545 4667 3644 4718 καὶ
3676 4664 3869 4735 γράψῃ
3889 4663 3921 4716 ἃ.

2336 4757 2507 4825 λέγει,
2532 4756 2652 4808 τότε
2676 4758 3026 4827 πιστεύομεν,
3054 4757 3128 4819 ὡς
3150 4757 3246 4810 ἐὰν
3280 4758 3354 4827 μὴ
3378 4742 3625 4827 tedas“,
3674 4755 3763 4808 ὅτι
3788 4755 3917 4823 ἁλη·

2338 4849 2403 4920 θῆ
2450 4849 2616 4917 λέγει,
2668 4849 2769 4901 οὐκ
2802 4849 2867 4902 ἂν
2931 4849 3161 4919 ἔγραφε,
3211 4850 3381 4904 Τοῦτο
3438 4848 3531 4903 οὖν
3564 4850 3664 4901 καὶ
3696 4851 3726 4901 ό
3762 4851 3921 4915 εὐαγε-

2340 4935 2589 5008 γελιστής
2610 4952 2794 5004 φησιν,
2822 4936 2927 5001 ὅτι,
2955 4938 3056 4990 Διὰ
3083 4937 3241 4991 τοῦτό
3283 4956 3362 4992 σοι
3395 4938 3612 5008 ἔγραψα
3648 4939 3712 4991 τὸ
3748 4939 3920 5007 Εὐαγ-

2337 5029 2538 5098 γέλιον,
2591 5029 2678 5083 ἵνα
2729 5028 2765 5082 ἀ
2827 5030 3091 5100 ἀγράφως
3142 5031 3483 5103 κατηχήθης,
3536 5033 3597 5083 ὲν
3650 5032 3917 5102 ἀσφαλείᾳ

2341 5120 2543 5174 πλείονι
2598 5121 2854 5190 κατέχῃς.
2910 5122 3210 5187 Πιστεύσας
3256 5142 3345 5194 μοι
3410 5123 3617 5194 μᾶλλον
3674 5126 3793 5190 νῦν,
3844 5126 3915 5186 ὡς

2343 5211 2591 5265 τοσοῦτον
2614 5210 2902 5282 οαρροὗντι
2932 5213 3023 5264 ἐπὶ
3056 5215 3167 5277 τοῖς
3203 5215 3497 5284 ἀγράφοις,
3528 5214 3673 5268 ὥστε
3708 5216 3803 5267 καὶ
3829 5218 3914 5281 i7-

2340 5305 2566 5373 γράφως
2588 5302 2756 5356 ταῦτα
2781 5304 3017 5357 ἐκθεῖναι
3040 5322 3051 5334 ·
3095 5306 3195 5377 δρα
3223 5306 3279 5359 δὲ
3304 5308 3396 5360 καὶ
3434 5306 3514 5369 τὸ,
3555 5307 3817 5373 ἐπιγνῷς,
3843 5306 3912 5357 0-3

2341 5396 2448 5463 γὰρ
2468 5391 2609 5459 εἷπε,
2630 5394 2792 5463 γνῷς,
2812 5394 2944 5461 ἀλλ’,
2988 5397 3245 5465 ἐπιγνῷς,
3270 5398 3568 5461 τουτέστιν,
3582 5400 3647 5451 ὲκ
3664 5398 3910 5467 δευτέρου

674 5467 934 5535 majorem
970 5472 1097 5525 mihi
1134 5473 1289 5528 iidem
1322 5491 1463 5531 nunc
1495 5478 1722 5543 habens,
1748 5482 1835 5549 qui
1871 5484 2005 5537 adeo
2040 5484 2105 5537 de
2150 5484 2230 5539 liis

2344 5485 2560 5538 πλείονα
2585 5485 2786 5553 γνῶσιν
2803 5486 2970 5558 λάϐῃς
2996 5527 3011 5553 ,
3048 5488 3141 5541 καὶ
3165 5487 3365 5561 θάρρος
3397 5490 3494 5542 καὶ
3522 5490 3819 5559 ἀσφάλειαν
3842 5488 3909 5549 ὡς

669 5574 791 5626 qum
828 5575 930 5614 non
962 5564 1161 5632 scripto
1191 5566 1675 5636 docui,conlidam,
1716 5574 1959 5627 utetiam
2009 5576 2238 5644 scriptu-

2345 5579 2405 5629 οὐ
2434 5576 2726 5646 ψεύδομαι.

672 5658 747 5706 ris
774 5655 1026 5745 ,proderc
1074 5673 1175 5712 non
1228 5659 1582 5716 formidat-im.
1631 5664 1861 5720 Attende
1892 5668 2015 5723 item
2049 5672 2190 5738 quod
2229 5672 2380 5737 dicit,
2439 5685 2723 5737 agnoscas,
2762 5688 2890 5736 non,
2924 5672 3084 5739 scias,
3112 5672 3210 5729 hoc
3238 5685 3341 5742 est,
3394 5676 3636 5733 secundo
3662 5673 3905 5745 majorem

674 5744 903 5812 accipias
928 5746 1207 5802 scicnliam
1243 5759 1295 5803 ct
1326 5750 1570 5807 ﬁduciam
1601 5768 1661 5807 ac
1693 5755 2036 5812 securitatem
2077 5760 2219 5828 quod
2259 5776 2360 5815 non
2396 5760 2644 5815 mentiar.
