4108 6334
850 472 1103 531 ΚΕΦΔΛ.
1147 474 1227 530 A'.

246 593 390 663 napi
419 591 539 647 τῶν
580 590 808 663 [orior
832 579 1112 663 Ἰωάννου
1142 590 1251 663 τοῦ
1298 590 1682 663 ῌαπτιστοῦ,
1733 590 1831 663 καί

317 661 431 729 τῆς
454 661 640 718 αὑτοῦ
666 661 1031 731 τσνννήσεως.
1062 662 1203 731 Περὶ
1234 661 1339 715 τοῦ
1362 661 1696 730 ἀσπασμοῦ
1726 661 1833 731 τοῦ

316 735 579 803 ἀγγέλου
612 730 762 803 xpoc
787 734 1046 803 Μαριάμ.
1078 730 1215 803 Περὶ
1244 731 1350 788 τοῦ
1380 731 1711 803 ἀσπασμοῦ
1727 730 1835 800 τῆς

319 800 551 873 Πιερίας
578 800 729 872 πρὸς
754 802 870 872 τὴν
886 800 1230 858 Ἓλισάσετ.

324 960 345 993 ε
393 940 643 1010 ⁹Εγινετο
664 941 724 994 ιν
749 940 870 1004 ταῖς
890 938 1130 1010 ἡμέραις
1168 938 1410 1012 Ἡρώδου
1441 940 1536 995 τοῦ
1572 940 1835 1012 βασιλέως

243 1032 354 1104 τῆς
389 1032 673 1096 Ἰουδαίας,
707 1032 887 1103 ῖερεύς
918 1050 1003 1099 τις
1062 1032 1297 1103 ὀνόματι
1319 1035 1615 1107 Ζαχαρίας.
1651 1035 1712 1100 ιξ
1733 1036 1835 1104 ιφ-

242 1144 281 1198 η
292 1127 490 1198 μερίας
532 1126 711 1190 ‘Ath,
742 1127 839 1181 καὶ
868 1129 909 1200 η
926 1127 1065 1197 γυνὴ
1098 1126 1268 1193 αὑτοῦ
1294 1128 1360 1182 in
1382 1127 1495 1181 τῶν
1518 1129 1836 1200 θυγατέρων

257 1217 506 1291 Ἀαρών
541 1218 634 1273 καὶ
662 1219 725 1273 16
745 1220 919 1290 ὄνομα
948 1219 1120 1291 αὐτῆς
1154 1219 1453 1274 Ἐλισάδετ.
1484 1240 1502 1273 ι
1543 1221 1835 1291 Μέμνηται

242 1310 352 1381 τῆς
382 1309 657 1381 βασιλείας
689 1310 952 1382 Ἡρώδου,
968 1310 1087 1381 ἃμα
1110 1310 1230 1381 μιν,
1251 1312 1395 1366 κατά
1417 1312 1509 1365 τὸν
1534 1311 1704 1366 τύπον
1726 1313 1835 1366 τῶν

251 1402 558 1474 προφητῶν
581 1403 978 1475 διηγούμενον
1001 1404 1197 1459 ἐκεῖνοι
1223 1403 1332 1475 γὰρ
1354 1403 1528 1467 οὕτως
1550 1404 1832 1477 ἄρχονται·

256 1493 355 1549 Ἐν
376 1496 501 1561 ταῖς
521 1496 760 1566 ἡμέραις
774 1496 1007 1568 Ἰωάχαζ
1021 1496 1117 1550 καὶ
1133 1497 1397 1562 Ἐζεκίου,
1412 1497 1617 1551 καὶτοῦ
1641 1500 1835 1566 δεῖνος,

240 1587 467 1655 ἐγίνετο
486 1588 609 1643 τάδε
633 1604 650 1622 ο
688 1588 806 1660 ἃμα
833 1589 890 1644 δὲ
919 1590 1045 1645 επεὶ
1075 1591 1207 1660 περὶ
1235 1591 1332 1645 τοῦ
1372 1590 1611 1661 Χριστοῦ
1650 1592 1835 1663 μέλλει

246 1682 450 1745 ειπεῖν,
472 1680 569 1735 διά
589 1680 749 1736 τοῦτο
781 1684 1058 1753 μέμνηται
1088 1683 1182 1737 τοῦ
1225 1683 1487 1756 Ἡρώδου,
1549 1685 1636 1739 ἵνα
1686 1684 1834 1756 δείξῃ

248 1769 742 1849 ὕτιάληθῶςῆλθεν
758 1776 787 1827 ὁ
812 1774 1047 1846 Χριστὸς
1076 1777 1170 1830 ἰπὶ
1188 1775 1426 1848 Ἡρώδου
1450 1817 1464 1831 .
1492 1771 1662 1841 Οὗτος
1682 1777 1835 1847 γὰρὸ

262 1862 534 1935 Ἡρώδης,
564 1865 899 1921 ικλιπόντων
924 1867 1036 1921 τῶν
1078 1868 1232 1939 παρὰ
1268 1868 1378 1922 τῶν
1421 1868 1692 1923 Ἰουδαίων
1730 1869 1833 1939 ἅρ-

243 1955 476 2024 χόντων,
505 1956 746 2025 εγενετο,
780 1957 859 2021 ὡς
892 1959 924 2029 ή
956 1957 1049 2013 τοῦ
1100 1959 1298 2013 Ἰακὼϐ
1330 1960 1639 2031 προφητεία
1660 1960 1832 2032 δηλοῖ.

248 2046 418 2101 Ὅθεν
437 2047 713 2104 δείκνυται
743 2051 772 2103 ό
814 2048 1049 2120 Χριστὸς
1080 2049 1273 2105 ιλθών.
1324 2052 1434 2105 Καὶ
1479 2051 1668 2122 ἓτερον
1697 2052 1754 2104 δέ
1781 2069 1834 2105 τι

243 2138 540 2208 κατορθοῖ·
591 2137 793 2208 ἀληθὲς
844 2138 1087 2193 δείκνυσι
1136 2140 1201 2194 τὸ
1244 2140 1578 2210 Εὐαγγίλιον
1605 2139 1693 2195 διὰ
1736 2139 1833 2195 τοῦ

242 2232 435 2302 λέγειν
461 2232 554 2284 τὸν
581 2230 799 2302 χρόνον.
838 2230 1124 2299 Ἑξουσίαν
1147 2232 1255 2301 γὰρ
1284 2228 1472 2284 δίδωσι
1495 2234 1609 2297 τοῖς
1642 2231 1832 2303 βουλο-

249 2326 446 2397 μένοις
475 2325 756 2395 ἐξετάζειν
767 2323 905 2397 (96),
930 2326 1026 2380 καὶ
1052 2325 1162 2380 ἀπὸ
1190 2324 1281 2379 τοῦ
1301 2327 1500 2396 χρόνιυ
1534 2325 1831 2396 μανθάνειν

242 2419 354 2491 τὴν
373 2419 467 2473 τοῦ
487 2419 827 2489 Εύαγγελίου
846 2420 1133 2489 ἀλήθειαν·
1152 2420 1385 2492 ἄρχεται
1406 2422 1463 2477 δι
1484 2421 1596 2478 άπὸ
1611 2421 1708 2478 τοῦ
1726 2421 1834 2476 Ζα-

238 2504 441 2574 χαρίου
464 2506 558 2560 καὶ
602 2509 701 2579 τῆς
753 2508 851 2562 τοῦ
894 2508 1143 2564 Ἰωάννου
1194 2512 1525 2581 γεννήσεως,
1564 2511 1791 2576 εἰκότως
1816 2525 1830 2540 ⁶

239 2596 373 2649 ἐπεὶ
405 2596 515 2667 γὰρ
536 2600 667 2671 περὶ
692 2600 792 2669 τῆς
809 2599 905 2654 τοῦ
931 2602 1172 2671 Χριστοῦ
1206 2604 1512 2673 γεννήσεως
1542 2603 1729 2673 μέλλει
1755 2606 1834 2658 εῖ-

241 2689 374 2741 ςτεῖν
396 2727 414 2753 ,
446 2689 761 2762 Πρόδρομος
785 2692 844 2746 δὲ
863 2690 958 2746 τοῦ
985 2693 1224 2764 Χριστοῦ
1244 2696 1273 2747 6
1307 2694 1583 2763 Ἰωάννης,
1607 2696 1833 2761 εἰκότως

241 2777 357 2850 πρὸ
384 2780 486 2852 τῆς
511 2780 605 2835 τοῦ
648 2783 885 2854 Χριστοῦ
941 2786 1249 2857 γεννήσεως
1279 2786 1381 2858 τὴν
1428 2786 1523 2841 τοῦ
1584 2787 1833 2843 Ἰωάννου

238 2872 535 2945 διηγεῖται.
564 2874 700 2928 Ούδδ
725 2877 918 2949 αὐτὴν,
953 2879 1082 2933 ἄνευ
1130 2879 1411 2950 θαύματος
1444 2878 1635 2935 οὖσαν.
1678 2881 1834 2935 Ἐπεὶ

240 2967 360 3039 γάρ
386 2970 665 3041 Παρθίνος
685 2971 879 3042 Ιμελλε
896 2974 1096 3039 τεκεῖν,
1123 2973 1583 3045 προῳκονόμησεν
1612 2976 1645 3045 η
1671 2976 1832 3045 χάρις

239 3060 338 3114 ῖνα
364 3061 542 3133 γραῦς
570 3064 705 3135 τέκῃ
730 3064 792 3117 ού
837 3064 979 3119 κατὰ
1007 3064 1173 3133 νόμον
1202 3063 1441 3134 φύσεως.
1489 3067 1539 3120 si
1563 3067 1659 3120 καὶ
1693 3068 1833 3138 μετὰ

988 359 1436 425 ENARRATIO
1475 359 1559 424 IN
1595 359 2110 425 EVANGBLIUM
2148 360 2387 424 ιυειε.
2440 386 2507 396 --
2532 358 2693 421 CAP.
2742 357 2791 417 Ι.

1858 477 1915 537 Δ

3430 348 3542 414 69$

2576 468 2807 527 CAPUT.
2846 466 2885 522 Ι.

1934 590 2012 647 De
2041 596 2350 661 parentibus
2380 584 2926 661 Joannis__Baptis_t_a
2956 592 3020 661 _et
3069 582 3185 661 eius
3238 584 3549 661 nationum.-

2004 653 2083 717 ὗε
2115 662 2435 715 salutatione
2467 656 2644 725 angin
2698 654 2769 711 ad
2824 653 3083 711 Mariam.
3117 653 3192 709 De
3237 656 3543 709 risitatioue

2005 732 2200 787 Maria:
2227 732 2298 788 ad
2333 730 2378 785 Ε
2383 730 2632 786 lisabeth.

2007 948 2177 1006 Vens.
2216 950 2270 1006 5.
2317 968 2336 1002 ι
2374 949 2583 1005 Eratin
2626 947 2818 1003 diebus
2839 943 3073 1002 Herodis
3122 945 3267 1018 regis
3312 944 3537 1023 Judmr,

1936 1041 2192 1098 sacerdos
2219 1041 2449 1111 quidam
2481 1039 2703 1095 nomine
2748 1037 3070 1105 Zacharias,
3103 1037 3172 1091 de
3209 1037 3327 1094 vice
3375 1038 3535 1104 Abia,

1937 1143 1995 1189 et
2037 1148 2177 1189 uxor
2234 1133 2382 1190 illius
2430 1132 2498 1187 de
2557 1131 2774 1186 tiliabus
2824 1136 3030 1196 Aaron,
3050 1139 3103 1186 et
3157 1144 3357 1185 nomen
3417 1130 3538 1199 ejus

1935 1224 2237 1281 Elisabeth.
2280 1243 2299 1277 ›
2332 1222 2661 1279 Mentionem
2710 1222 2839 1279 facit
2870 1222 3018 1293 regni
3052 1219 3306 1287 Herodis,
3334 1230 3448 1276 tum
3480 1231 3541 1275 ut

1942 1319 2220 1372 narrando
2254 1316 2647 1387 prophetarum
2684 1312 2915 1367 formam
2952 1322 3156 1379 servet;
3183 1312 3257 1368 illi
3288 1310 3434 1366 enim
3459 1312 3541 1367 sic

1940 1408 2209 1477 incipiunt
2241 1425 2257 1462 :
2284 1406 2341 1461 In
2376 1405 2573 1461 diebus
2622 1403 2862 1460 Joachaz
2908 1414 2960 1460 et
3018 1404 3286 1470 Ezechiaz,
3309 1414 3365 1459 et
3396 1404 3543 1461 illius

1937 1497 2428 1568 cujusliiamJacta
2465 1505 2596 1554 sunt
2645 1500 2761 1553 hac
2792 1514 2807 1552 ε
2842 1506 2955 1553 tum
3010 1498 3135 1567 quia
3189 1497 3258 1552 de
3308 1497 3544 1554 Christo

1938 1591 2184 1645 dicturus
2244 1600 2350 1653 est.
2400 1590 2522 1644 ideo
2572 1587 2824 1645 meminit
2873 1587 3124 1656 Herodis,
3174 1598 3236 1644 ut
3284 1589 3541 1646 ostendat

1937 1684 2083 1753 quod
2117 1683 2218 1739 sub
2257 1680 2476 1738 iierode
2529 1695 2659 1737 vere
2694 1681 2906 1738 venerit
2940 1680 3215 1738 Christus.
3244 1680 3347 1737 Hic
3391 1684 3537 1739 enim

1940 1772 2180 1830 lierodes
2213 1773 2315 1828 fuit
2343 1789 2467 1829 cum
2505 1772 2837 1829 defecissent
2887 1774 3031 1843 apud
3082 1770 3301 1829 Judaeos
3334 1773 3537 1844 princi-

1938 1879 2057 1936 pes,
2109 1865 2267 1931 juxta
2329 1864 2676 1934 prophetiam
2733 1861 2925 1919 Jacob.
2971 1861 3132 1919 Unde
3195 1872 3539 1919 monstratur

1938 1958 2081 2027 quod
2113 1956 2373 2013 Christus
2420 1957 2656 2013 venerit.
2693 1954 2803 2013 Sed
2831 1965 2888 2012 et
2922 1956 2979 2011 in
3032 1955 3137 2012 hoc
3186 1964 3334 2013 recte
3379 1954 3534 2020 facit,

1936 2048 2080 2119 quod
2106 2048 2449 2105 «tendendo
2479 2058 2718 2121 tempus.
2741 2049 2954 2105 certius
2988 2048 3231 2105 ostendit
3281 2049 3536 2121 Evange-

1936 2140 2090 2197 lium.
2136 2142 2360 2210 Ceplam
2411 2142 2557 2197 enim
2621 2142 2921 2214 quaerendi,
2964 2142 3012 2199 si
3063 2143 3163 2213 qui
3225 2144 3426 2206 volent.
3482 2154 3541 2199 rt

1937 2233 2181 2289 discendi
2216 2234 2493 2307 Evangelii
2526 2236 2809 2292 veritatem
2845 2251 2874 2289 a
2901 2246 3146 2307 tempore
3174 2235 3325 2294 facit.
3354 2235 3417 2291 Et
3448 2238 3531 2292 in-

1937 2325 2071 2394 cipit
2098 2340 2128 2380 a
2166 2325 2433 2381 Zacharia
2464 2336 2520 2381 et
2550 2327 2837 2383 nativitate
2870 2326 3099 2382 Joannis
3129 2344 3144 2381 :
3177 2328 3340 2397 idque
3371 2329 3538 2383 meri-

1939 2422 2014 2469 to.
2056 2414 2285 2482 Quando
2321 2416 2544 2488 quidem
2580 2417 2725 2472 enim
2754 2417 2824 2473 de
2866 2416 3073 2473 Christi
3102 2419 3397 2475 nativitate
3444 2419 3532 2475 di-

1936 2514 2128 2561 cturus
2149 2516 2288 2574 erat,
2305 2507 2510 2564 Christi
2534 2518 2714 2563 autem
2738 2522 3046 2578 prmeursor
3067 2518 3218 2566 esset
3239 2508 3482 2569 Joannes
3514 2528 3531 2567 :

1936 2610 2303 2656 consentanee
2337 2611 2465 2659 ante
2499 2600 2705 2659 Christi
2738 2601 3107 2671 nativitatem,
3142 2602 3370 2661 Joannis
3407 2620 3535 2660 nar-

1938 2699 2025 2745 rat
2055 2691 2422 2758 nativitatem,
2446 2707 2679 2764 eamque
2714 2708 2822 2749 non
2849 2695 2970 2749 sine
2994 2694 3278 2750 miraculo.
3308 2694 3377 2750 Et
3404 2696 3533 2763 quia

1937 2782 2092 2854 virgo
2138 2783 2387 2854 paritura
2439 2794 2579 2854 erat,
2617 2786 3005 2855 praeordinavit
3047 2786 3190 2843 Deus
3241 2799 3301 2843 ut
3356 2787 3535 2843 vetula

1938 2886 2172 2945 pareret,
2200 2891 2307 2931 non
2361 2876 2657 2932 secundum
2710 2876 2881 2949 legem
2932 2887 3166 2941 naturae.
3201 2877 3423 2935 tametsi
3467 2892 3539 2934 ex

1940 2970 2078 3024 viro.
2123 2967 2265 3036 Quid
2320 2981 2504 3024 autem
2561 2977 2665 3032 est,
2704 2983 2771 3026 ex
2828 2971 2947 3025 vice
3000 2971 3178 3025 Abia?
3222 2970 3537 3041 Intelligunt

1939 3058 2158 3128 quidam
2190 3058 2291 3123 sic,
2322 3056 2467 3128 quod
2496 3058 2604 3113 duo
2635 3056 2837 3115 iuerint
2870 3059 3204 3125 sacerdotes,
3224 3059 3535 3116 successio-

246 3150 465 3224 ἀνδρός.
502 3155 568 3209 Τί
598 3156 655 3210 δέ
692 3159 810 3210 εστι
854 3155 936 3221 16,
985 3156 1044 3224 ἑξ
1073 3157 1383 3227 ἐφημερίας
1434 3158 1619 3226 ’Δδιᾶς
1676 3159 1826 3223 Τινδς

1939 3164 2009 3205 ne
2058 3150 2420 3205 ministerium
2475 3150 2843 3219 perilcientes,
2894 3166 3126 3221 quorum
3177 3166 3325 3209 unus
3369 3151 3531 3219 Abia,

242 3243 349 3313 μιν
381 3242 526 3299 οὕτω
578 3246 811 3311 νοοῦσιν,
843 3246 925 3301 ὅτι
955 3247 1052 3302 δύο
1078 3242 1220 3319 ἦσαν
1249 3251 1437 3318 ἱερεῖς,
1476 3251 1541 3304 εκ
1577 3250 1829 3322 διαδοχῆς

235 3333 345 3405 τὴν
372 3334 715 3408 λειτουργίαν
739 3337 1020 3403 τελοῦντες
1040 3357 1053 3371 °
1086 3342 1114 3395 6
1142 3340 1285 3396 οὕτω
1312 3340 1604 3413 λεγόμενος
1652 3342 1829 3411 Ἀδιᾶ,

236 3428 339 3481 καὶ
372 3430 401 3482 6
431 3430 727 3502 Ζαχαρίας.
759 3431 912 3485 Ἐπεὶ
939 3426 1035 3485 οὖν
1056 3432 1369 3503 ίεράτευσεν
1390 3435 1452 3487 ὲν
1478 3436 1546 3505 τῇ
1581 3435 1831 3509 λειτουρ-

237 3518 341 3589 γιᾳ
366 3520 395 3573 6
438 3520 611 3585 'A6td,
643 3522 781 3591 μετὰ
808 3522 908 3595 τὴν
936 3525 1149 3579 ἐκείνου
1180 3528 1493 3599 ἐφημερίαν
1550 3529 1831 3602 ξλειτούρ-

237 3614 378 3680 γειό
411 3612 723 3683 Ζαχαρίας·
754 3615 905 3669 δοκεῖ
952 3617 1009 3670 δι
1058 3619 1157 3687 οὐχ
1180 3616 1352 3683 οὕτως
1396 3618 1566 3689 ἔχειν.
1608 3620 1668 3674 '0
1720 3625 1831 3695 γὰρ

237 3703 516 3774 ωομὼν,
546 3706 636 3758 τὸν
686 3708 815 3762 ναὸν
842 3708 1090 3775 τελέσας,
1148 3710 1455 3783 κατέστησε
1486 3714 1582 3767 καὶ
1612 3717 1828 3786 ἐφημε-

237 3792 387 3861 ρίας,
436 3794 465 3847 δ
509 3793 657 3850 εστιν
697 3797 1026 3867 ἑϐδομάδαςο
1066 3802 1159 3855 καὶ
1183 3804 1240 3856 iv
1275 3803 1376 3871 μιν
1409 3805 1537 3875 τῇδε
1566 3805 1731 3875 τυχὸν
1760 3810 1826 3878 τῇ

235 3884 496 3955 ἐδδομάδι
540 3889 849 3961 κατέστησε,
889 3895 1014 3957 τοὺς
1064 3894 1213 3959 υἱοὺς
1257 3896 1425 3974 Κορὲ,
1490 3898 1550 3950 ἐν
1595 3898 1653 3951 δὲ
1674 3899 1825 3969 τῇδε,

233 3978 333 4030 τὸν
363 3978 559 4048 Ἀσάφ,
591 3983 650 4034 ὲν
680 3983 733 4037 δι
773 3983 923 4055 τῇδε,
950 3984 1044 4039 τὸν
1090 3986 1266 4051 Ἀϐιᾶ,
1300 3988 1359 4041 ιν
1390 3988 1448 4042 δὲ
1484 3989 1671 4060 ἑτέρᾳ,
1704 3990 1827 4046 ἰτε-

239 4083 355 4135 ρον.
386 4070 564 4143 Ὅπερ
591 4072 685 4127 οῦν
716 4072 864 4144 λέγει
906 4077 989 4131 ὅτι
1019 4073 1089 4150 ἦν
1121 4080 1400 4150 Ζαχαρίας
1426 4080 1487 4147 ἐξ
1515 4083 1827 4153 ῖφημερίας

118 4198 131 4206 .
248 4154 429 4220 Ἀδιᾶ,
453 4156 597 4212 οὕτω
622 4160 705 4214 δεῖ
756 4168 918 4231 νοεῖν,
954 4165 1039 4219 ὅτι
1086 4167 1194 4221 ἀπὸ
1221 4165 1322 4238 τῆς
1348 4168 1443 4223 τοῦ
1488 4170 1645 4225 ’Δδιά
1672 4172 1826 4226 ἑϐδο-

236 4246 411 4318 μάδος
458 4245 548 4321 ἦν.
582 4254 694 4324 Ούχ
723 4256 804 4310 ὅτι
854 4258 992 4328 μετὰ
1033 4260 1135 4331 τὴν
1190 4261 1286 4314 τοῦ
1353 4262 1509 4317 Ἀδιᾶ
1554 4264 1824 4335 ἑϐδομάδα

234 4341 667 4412 παρελάμϐανεν
718 4348 882 4413 αὐτὸς
916 4350 1016 4421 τὴν
1046 4351 1391 4424 λειτουργίαν
1410 4372 1425 4387 ·
1468 4351 1589 4409 εἷπε
1620 4356 1729 4428 γὰρ
1756 4356 1824 4411 ἃν

232 4432 322 4485 ὅτι
359 4436 493 4503 μετὰ
517 4436 615 4508 τὴν
638 4440 949 4513 ῖφημερίαν
995 4444 1183 4498 Ἀδιᾶσ
1220 4445 1315 4500 νῦν
1336 4446 1391 4499 δὲ
1419 4446 1477 4513 ἐξ
1508 4449 1822 4519 ἐφημερίας

249 4524 409 4579 ’Λσιᾶ
456 4526 649 4595 εἰπὼν,
710 4533 1042 4602 παρίστησιν
1090 4536 1171 4589 ὅτι
1229 4539 1293 4591 ὲκ
1343 4538 1441 4608 τῆς
1485 4538 1693 4604 τάξεως
1722 4540 1818 4595 τοῦ

247 4615 410 4672 ’Λδιᾶ
437 4622 531 4675 καὶ
580 4622 681 4693 τῆς
715 4623 1009 4696 ἑϐδομάδος
1048 4623 1151 4699 ἦν’
1193 4628 1364 4695 δεῖξαι
1413 4630 1471 4685 δὲ
1515 4630 1686 4687 θέλων
1734 4632 1818 4686 δτι

231 4710 578 4781 ἑκατέρωθεν
604 4716 852 4785 νομίμως
872 4712 1246 4789 ἦν·ίερατικοῦ
1266 4721 1455 4788 γένους
1479 4725 1507 4776 ὁ
1542 4724 1818 4795 Ἰωάννης,

1941 3243 2076 3298 alter
2103 3252 2287 3297 autem
2317 3239 2634 3297 Zacharias.
2660 3242 2798 3308 Quia
2836 3242 3000 3312 igitur
3049 3242 3358 3299 sacerdotio
3406 3243 3533 3299 fun-

1939 3345 2059 3389 ctus
2088 3343 2207 3388 erat
2235 3334 2398 3398 Abin,
2423 3345 2546 3405 post
2578 3333 2724 3389 illius
2775 3335 3144 3391 ministerium
3198 3336 3537 3391 ministravit

1934 3428 2097 3482 etiam
2126 3426 2441 3483 Zacharias.
2467 3424 2693 3481 Videtur
2722 3427 2882 3497 271
2920 3437 3103 3483 autem
3141 3443 3246 3484 non
3272 3428 3352 3485 sic
3379 3445 3528 3486 esse.

1939 3518 2193 3575 Salomon
2235 3521 2378 3575 enim
2422 3534 2545 3574 cum
2589 3518 2909 3589 perfecisset
2939 3520 3223 3593 templum,
3246 3522 3536 3578 constituit
3612 3584 3615 3585 γ

1936 3620 1990 3667 et
2020 3611 2313 3675 vices,hoc
2346 3623 2430 3666 est
2464 3610 2834 3666 hebdomadas
2865 3628 2879 3665 :
2911 3620 2966 3666 et
2996 3610 3051 3665 in
3103 3625 3208 3665 una
3235 3613 3523 3667 constituit

1936 3702 2078 3757 ﬁlios
2099 3702 2298 3765 Chore,
2319 3702 2371 3757 in
2391 3702 2495 3756 alia
2522 3702 2730 3771 Asaph,
2748 3702 2805 3757 in
2830 3703 2936 3757 alia
2959 3703 3180 3769 Ahia,in
3211 3704 3314 3757 alia
3336 3704 3528 3759 alium.

1934 3795 2104 3865 Igitur
2136 3794 2280 3864 quod
2319 3795 2452 3851 dicit
2500 3793 2671 3851 fuisse
2701 3796 2769 3851 de
2814 3796 2936 3852 vice
2990 3794 3149 3864 Abia,
3189 3797 3268 3853 sic
3318 3808 3534 3868 oportet

1932 3886 2260 3958 intelligere,
2307 3888 2453 3959 quod
2501 3889 2569 3944 de
2614 3888 2951 3943 hebdomade
3002 3888 3139 3943 Abia
3175 3888 3361 3945 fuerit.
3412 3887 3529 3946 Non

1930 3979 2077 4050 quod
2100 3988 2221 4050 post
2248 3979 2642 4034 hebdomadam
2665 3979 2799 4035 Abia
2829 3978 3047 4036 iunctus
3071 3980 3144 4035 sit
3166 3980 3477 4038 ministerio
3502 4002 3517 4038 :

1930 4071 2164 4128 dixisset
2192 4072 2361 4137 enim,
2384 4080 2506 4142 post
2533 4070 2928 4127 hebdomadam
2959 4072 3096 4127 Abia
3124 4090 3135 4128 :
3164 4088 3310 4127 nunc
3342 4084 3525 4129 autem

1930 4178 2054 4219 cum
2102 4164 2257 4230 dixit,
2277 4165 2343 4219 de
2392 4166 2511 4220 vice
2554 4165 2713 4232 Abia,
2742 4165 2983 4221 ostendit
3036 4165 3184 4235 quod
3232 4180 3298 4222 ex
3333 4167 3527 4223 ordine

1929 4268 1985 4313 et
2014 4257 2357 4313 hebdomade
2394 4256 2548 4312 Ablue
2589 4255 2775 4311 fuerit.
2805 4256 3105 4313 Ostendere
3135 4266 3315 4313 autem
3340 4259 3528 4315 volens

1930 4352 2075 4419 quod
2114 4367 2182 4405 ex
2214 4360 2446 4419 utroque
2481 4362 2707 4420 parente
2737 4350 2980 4420 legitime
3029 4349 3196 4405 fuerit
3227 4365 3297 4406 ex
3331 4366 3523 4407 sacer-

1929 4445 2094 4501 dotali
2122 4459 2320 4515 genere
2347 4444 2603 4505 Joannes.
2634 4443 2786 4509 dicit,
2815 4444 2877 4498 Et
2902 4459 3039 4498 uxor
3060 4442 3186 4511 ejus
3211 4444 3278 4499 de
3306 4444 3523 4499 illiabns

1853 4516 1901 4574 θ
1925 4541 2131 4595 Aaron.
2157 4538 2272 4592 Non
2304 4537 2452 4591 enim
2487 4536 2684 4591 licebat
2713 4550 2777 4591 ex
2817 4536 2921 4591 alia
2964 4537 3106 4591 tribu
3144 4551 3373 4591 uxorem
3418 4537 3524 4591 du-

1929 4647 2075 4697 cere,
2111 4630 2206 4687 sed
2256 4646 2323 4685 ex
2362 4633 2572 4685 eadem.
2601 4620 2880 4684 Elisabeth
2936 4631 3384 4700 interpretamur,
3421 4631 3518 4685 Dei

1928 4725 2153 4795 quietem
2186 4738 2204 4777 :
2232 4721 2525 4777 Zacharias
2553 4732 2759 4784 autem.
2789 4726 3109 4777 memoriam
3140 4722 3371 4779 Domini.

231 4804 391 4872 φησὶ,
422 4804 532 4860 Καὶ
564 4808 761 4879 ὴγυνὴ
796 4811 963 4865 αὑτοῦ
1005 4814 1070 4866 εκ
1100 4814 1209 4867 τῶν
1236 4814 1555 4885 θυγατέρων
1594 4817 1834 4890 ’Λαρώνο
1874 4818 1936 4873 ού
1981 4817 2092 4887 γὰρ
2124 4817 2253 4889 ἐξῆν
2302 4818 2399 4870 ἀπ’
2471 4815 2639 4887 ἄλλης
2676 4815 2850 4886 φυλῆς
2910 4816 3218 4885 ἀγαγέσθαι
3263 4822 3519 4888 γυναῖκα,

230 4896 351 4952 ἀλλ’
382 4899 491 4953 άπδ
520 4900 618 4972 τῆς
646 4903 839 4977 αὐτῆς·
878 4904 1160 4961 Ἐλισάδετ
1183 4909 1239 4961 δὲ
1268 4910 1655 4980 ἑρμηνεύεται,
1683 4900 1831 4969 Θέοῦ
1848 4913 2196 4978 ἀνάπαυσις
2220 4928 2232 4941 ⁸
2269 4912 2547 4983 Ζαχαρίας
2576 4911 2654 4977 δδ»
2676 4910 2886 4981 μνήμη
2917 4914 3166 4982 κυρίου·

310 5010 332 5045 s
364 4988 547 5049 Ἦσαν
569 4996 627 5051 δι
658 4996 856 5053 δίκαιοι
876 5000 1180 5074 ἀμφότεροι
1202 5002 1434 5059 ἐνώπιον
1462 5006 1557 5059 τοῦ
1588 5005 1748 5061 Θεοῦ.
1791 5026 1811 5060 ι

233 5086 502 5153 Πολλάκις
524 5089 668 5153 τινες
718 5092 827 5145 είσι
874 5091 1095 5160 δίκαιοι,
1155 5095 1397 5150 ἀλλὀὐκ
1453 5098 1687 5153 ἐνώπιον
1718 5099 1811 5154 τοῦ

227 5176 393 5243 θεοῦ,
442 5180 578 5234 ἀλλά
614 5183 758 5236 κατὰ
793 5182 856 5235 16
890 5185 1235 5254 φαινόμενον,
1286 5187 1382 5241 καὶ
1429 5188 1663 5242 ἐνώπιον
1703 5189 1815 5243 τῶν

228 5268 576 5341 ἀνθρώπων·
614 5274 817 5329 ἐκεῖνοι
859 5274 916 5329 δέ
949 5293 1012 5344 γε
1066 5278 1298 5333 ἐνώπιον
1344 5278 1438 5332 τοῦ
1490 5280 1625 5334 Θεοῦ
1671 5277 1814 5352 ἦσαν

224 5366 482 5423 τοιοῦτοι.
518 5387 541 5421 ι
573 5352 941 5441 Πδρευόμενοι
983 5375 1041 5429 ὲν
1067 5374 1270 5439 πάσαις
1305 5378 1424 5438 ταῖς
1450 5376 1691 5439 ἐντολαῖς
1718 5379 1812 5431 καὶ

224 5459 561 5531 ὃικαιώμασι
576 5462 671 5516 τοῦ
686 5464 908 5535 Κυρίου,
930 5464 1267 5536 ἄμεμπτοι.»
1297 5467 1540 5521 Ἐντολαὶ
1556 5469 1677 5538 μὲν,
1696 5466 1809 5523 οἷον

223 5552 309 5614 16.
344 5553 417 5605 Ού
455 5555 783 5624 μοιχεύσεις,
809 5557 884 5609 οὐ
921 5557 1142 5627 κλέψεις
1164 5575 1180 5591 ·
1208 5550 1668 5627 δικαιώματαδὲ,
1697 5556 1808 5616 οἷον

222 5648 308 5709 τὸ,
357 5646 416 5698 '0
444 5646 761 5714 κακολογῶν
793 5650 1001 5718 πατέρα
1031 5650 1063 5720 ἢ
1104 5652 1338 5722 μητέρα,
1373 5651 1592 5723 θανάτῳ
1618 5654 1808 5707 τελευ-

222 5738 409 5791 τάτωο
440 5738 648 5793 δίκαιον
695 5740 804 5811 γὰρ
841 5739 1018 5814 τοῦτο.
1052 5742 1291 5796 Γίνωσκε
1326 5743 1405 5811 δὲ,
1462 5745 1542 5799 ὅτι
1582 5744 1806 5800 δύναται

1994 5008 2164 5065 Vens.
2193 5008 2246 5063 6.
2284 5024 2305 5059 ι
2341 5006 2515 5061 Erant
2540 5015 2725 5061 autem
2756 5008 2925 5062 ειηὺον
2938 5006 3070 5077 justi
3101 5023 3287 5065 coram
3317 5009 3445 5068 Deo.
3495 5032 3514 5067 ι

1924 5100 2157 5168 Quidam
2180 5098 2311 5167 justi
2344 5113 2489 5168 saepe
2511 5108 2663 5163 sunt,
2694 5106 2752 5152 at
2791 5114 2899 5153 non
2928 5114 3114 5153 coram
3146 5100 3278 5165 Deo,
3331 5104 3425 5157 sed
3466 5104 3518 5157 in

1922 5192 2160 5259 speciem
2209 5198 2446 5256 tantum,
2488 5196 2544 5243 et
2587 5203 2775 5243 coram
2824 5189 3175 5245 hominibus:
3213 5191 3289 5245 illi
3332 5203 3516 5249 autem

1920 5283 2088 5339 etiam
2118 5299 2302 5339 coram
2331 5283 2441 5338 Deo
2463 5285 2598 5354 justi
2632 5293 2813 5339 erant.
2839 5303 2857 5335 ι
2895 5284 3254 5341 Ambulantcs
3308 5286 3362 5341 in
3393 5303 3513 5343 om-

1920 5374 2083 5430 nibus
2112 5376 2399 5445 prteccptis
2424 5383 2475 5430 et
2499 5374 2985 5444 justilicationibus
3027 5375 3241 5430 Domini
3268 5377 3512 5448 irrepre-

1923 5466 2242 5523 hensibiles.
2276 5485 2293 5518 ι
2324 5466 2576 5521 Mandata
2619 5467 2839 5536 quidem
2883 5477 3031 5535 sunt,
3066 5478 3125 5523 ut
3164 5484 3236 5525 ne
3268 5472 3507 5534 occidas.

1919 5573 1987 5614 ne
2021 5558 2347 5614 adulterium
2371 5560 2721 5615 committas:
2748 5559 3167 5629 justiﬂcationes
3198 5573 3408 5627 autem,
3452 5571 3513 5619 ut

1915 5654 2007 5721 qui
2058 5652 2403 5708 maledixerit
2444 5653 2609 5723 patri,
2642 5653 2728 5709 vel
2774 5654 2961 5717 matri,
2991 5665 3166 5710 morte
3209 5656 3497 5711 moriatur.

1914 5742 2127 5799 Justum
2161 5746 2307 5800 enim
2343 5746 2467 5801 hoc.
2505 5745 2658 5801 Scito
2707 5756 2890 5799 autem
2931 5746 3073 5815 quod
3099 5754 3154 5800 et
3185 5748 3505 5803 mandatum

218 5832 319 5885 καὶ
360 5833 401 5902 ἡ
444 5835 632 5904 ἐντολὴ
688 5834 965 5903 δικαίωμα
1015 5833 1420 5905 ὀνομάζεσθαι,
1464 5837 1541 5901 ὡς
1596 5837 1805 5893 δίκαιον

1938 5837 2231 5893 ustilicatio
2269 5839 2539 5895 nominari
2580 5847 2783 5911 potest,
2830 5838 3249 5909 utpotcjustum
3302 5840 3509 5901 iaciens

1222 5942 1311 6004 Ex
1350 5940 1691 6007 collatione
1729 5942 1915 6007 codd.
1950 5944 2153 6007 Venet
2188 5944 2252 6007 S.
2286 5944 2503 6010 Marci.

324 6036 436 6111 (96)
464 6036 592 6103 (ιω.
630 6036 723 6112 5‘1,
759 6043 1036 6116 ιςε-ιοζεὶιν
1068 6045 1312 6133 εἰκότως.
