4108 6334
638 379 745 456 csa

1555 391 2132 455 THEOPHYLACTI
2175 392 2589 458 BULGARL‘E
2639 397 2995 464 ARCHIEP.

3798 391 3896 462 ιιι

638 505 934 570 hominem,
964 505 1072 558 imo
1118 510 1174 558 et
1223 501 1315 556 Dei
1338 500 1657 572 justilicatio
1690 503 1980 560 exsistens.
2009 502 2068 557 In
2119 502 2205 558 die

2310 506 2462 560 ποιοῦ
2472 523 2537 560 σα
2561 506 2652 560 τὸν
2684 506 2970 576 ἄνθρωπον
2986 515 3016 572 ,‘
3038 503 3239 576 μᾶλλον
3264 503 3320 559 δὲ
3341 501 3437 558 καὶ
3461 498 3564 556 τοῦ
3589 497 3736 555 Θεοῦ
3769 496 3886 557 οὖσα

641 596 784 651 enim
808 595 920 662 illa,
961 593 1112 665 quasi
1141 593 1401 664 scriptam
1437 595 1724 662 quamdam
1761 592 2206 664 justiﬁeationem

639 690 844 745 habens
891 689 1032 745 Deus
1079 687 1193 758 ipsa
1246 687 1522 753 mandata,
1571 688 1897 744 condemnat
1942 703 2062 746 nos.
2092 687 2204 760 Nisi

636 781 780 834 enim
812 781 1102 844 venissem,
1139 779 1334 848 inquit,
1361 786 1416 833 et
1449 778 1863 838 loeutusessem
1882 783 1982 846 eis,
2008 789 2204 850 pecca-

637 882 746 924 tum
781 886 885 926 non
921 871 1257 926 habuissent.
1296 869 1362 925 Et
1398 871 1626 926 iterum:
1665 869 1859 927 Sermo
1913 888 2074 942 quem
2119 867 2202 929 lo-

635 970 794 1016 cutus
819 977 937 1017 sum
965 963 1065 1026 eis,
1113 962 1204 1018 ille
1232 978 1331 1019 eos
1363 963 1768 1021 condemnabit.
1803 963 1987 1032 Quare
2024 975 2204 1022 autem

635 1073 757 1112 eum
774 1056 927 1121 dixit,
947 1057 1286 1113 ambulantes
1299 1057 1354 1112 in
1367 1057 1622 1112 omnibus
1635 1057 2018 1128 mandatis,adj
2029 1060 2206 1127 unxit,

636 1147 1178 1216 irreprehensibiles?
1197 1149 1364 1203 Audi.
1390 1148 1536 1203 Multi
1560 1150 1840 1204 ambulant
1870 1151 1922 1204 in
1949 1150 2064 1218 lege
2089 1150 2204 1214 Dei,

636 1239 729 1294 sed
751 1240 930 1295 omnia
958 1238 1164 1296 faciunt
1195 1247 1254 1296 ut
1279 1239 1566 1296 videantur
1593 1239 1664 1295 ah
1701 1241 2030 1296 hominibus.
2050 1239 2208 1297 Tales

638 1331 805 1400 igitur
831 1347 936 1388 non
969 1344 1094 1388 sunt
1123 1333 1654 1404 irreprebcnsibiles.
1686 1331 1792 1389 Sed
1837 1333 2128 1389 Zacharias
2153 1343 2208 1390 et

637 1425 766 1483 fecit
794 1423 1064 1494 mandala,
1097 1439 1154 1484 et
1190 1429 1328 1486 citra
1383 1428 1855 1498 reprehensionem
1907 1429 2051 1494 fecit,
2103 1437 2206 1482 nun

639 1529 699 1572 ut
725 1520 1032 1576 horninibus
1064 1521 1274 1588 placeat
1303 1520 1430 1575 talia
1465 1521 1689 1576 faciens.

710 1697 876 1752 Vens.
908 1697 961 1751 7.
1003 1715 1021 1749 ι
1057 1694 1170 1754 Nec
1217 1707 1338 1752 erat
1387 1697 1494 1752 illis
1523 1698 1730 1768 proles,
1765 1713 1830 1754 eo
1854 1700 1998 1769 quod
2032 1698 2204 1755 Eliss-

638 1788 768 1841 beth
792 1787 997 1844 sterilis
1031 1796 1178 1844 esset
1203 1797 1259 1843 et
1289 1788 1448 1844 ambo
1479 1799 1746 1860 provecta:
1763 1790 1875 1861 jam
1911 1791 2086 1846 astatis
2119 1807 2207 1846 es-

639 1885 780 1932 sent.
813 1895 832 1929 ι
882 1874 1162 1932 Justorum
1203 1879 1459 1936 mulieres
1488 1889 1545 1934 et
1583 1879 1768 1947 justas,
1802 1895 1945 1950 saape
1991 1882 2204 1937 steriles

640 1969 877 2036 fuerunt,
915 1971 1180 2026 utdiscas
1229 1970 1399 2043 legem
1442 1987 1547 2027 non
1582 1973 1806 2042 exigere
1837 1975 2201 2042 corporalium

641 2059 872 2116 iiliomm
898 2063 1348 2132 procreationem,
1377 2064 1472 2118 sed
1513 2063 1896 2132 spiritualium.
1929 2064 2204 2121 Provecta:

639 2159 817 2208 autem
845 2152 1019 2209 atatis
1050 2155 1210 2211 ambo
1248 2164 1424 2220 erant,
1462 2165 1572 2210 tam
1601 2171 1852 2226 corpore,
1885 2174 2050 2228 quam
2083 2160 2202 2213 ani-

639 2259 750 2298 ma.
775 2242 982 2300 Etenim
1005 2245 1158 2314 juxta
1175 2247 1411 2302 animam
1436 2248 1816 2318 profecerant'
1848 2261 1902 2306 et
1935 2253 2201 2322 progressi

639 2346 814 2401 erant,
849 2345 1110 2404 ponentes
1137 2338 1486 2394 ascensiones
1521 2340 1571 2393 in
1599 2342 1788 2407 corde,
1813 2351 1868 2396 et
1919 2343 2060 2397 diem
2093 2344 2204 2396 ha-

641 2426 849 2486 bentes.
873 2428 968 2481 sed
996 2441 1098 2482 non
1135 2437 1345 2484 noctem
1379 2431 1581 2486 vitam:
1621 2443 1678 2486 ut
1723 2434 1774 2487 in
1816 2434 1936 2490 luce
1977 2435 2204 2490 honeste

639 2525 881 2586 agentes.

711 2690 872 2748 Vens.
902 2693 1056 2750 8-10.
1097 2714 1116 2747 ι
1159 2695 1382 2752 Factum
1416 2707 1501 2752 est
1531 2708 1710 2754 autem
1747 2717 1868 2756 cuin
1906 2701 2207 2756 sacerdotio

640 2785 957 2856 fungeretur
986 2787 1280 2843 Zacharias
1333 2789 1386 2844 in
1437 2789 1628 2847 ordine
1667 2793 1800 2848 vicis
1841 2809 1952 2848 sua:
2025 2807 2207 2846 coram

644 2878 772 2940 Deo,
803 2879 1099 2930 secundum
1131 2877 1578 2934 consuetudinem
1615 2881 1906 2937 {unctionis
1959 2885 2209 2937 sacerdo-

643 2965 920 3030 talis,sors
945 2965 1019 3020 illi
1037 2966 1255 3022 obvenit
1279 2977 1337 3023 ut
1365 2969 1563 3034 odores
1598 2974 1908 3028 incenderet
1934 2973 2208 3041 ingressus

642 3058 695 3111 in
725 3051 981 3126 templum
1008 3058 1244 3125 Domini,
1274 3070 1328 3115 et
1349 3063 1529 3118 omnis
1558 3063 1846 3120 multitudo
1872 3064 2053 3134 populi
2089 3077 2208 3134 pre-

642 3145 865 3204 cabatur
893 3146 1022 3203 l'uris
1069 3157 1310 3218 tempore
1360 3151 1741 3220 thymiamatis.
1800 3171 1818 3204 ι
1852 3153 2046 3209 Coram
2100 3152 2210 3208 Deo

642 3239 828 3293 mundi
863 3239 965 3293 soli
1000 3240 1162 3309 272
1191 3241 1498 3296 sacerdotio
1521 3242 1840 3312 funguntur,
1876 3246 1943 3299 ah
1985 3245 2212 3314 impuris

641 3335 817 3381 autem
844 3329 1042 3383 avertit
1074 3330 1213 3384 Deus
1237 3329 1428 3386 faciem
1446 3347 1622 3388 suam.
1643 3332 1870 3400 Quando
1890 3345 2066 3390 autem
2091 3350 2211 3392 sors

642 3418 720 3471 illi
752 3419 973 3472 obvenit
1007 3427 1064 3472 ut
1095 3419 1415 3476 incenderet
1445 3424 1677 3478 odores?
1711 3421 1806 3478 Vel
1845 3426 2067 3480 omnino
2109 3441 2168 3481 se
2189 3457 2208 3466 -

642 3509 877 3564 cundum
934 3520 1141 3580 tempus
1204 3511 1640 3581 deprecationis,
1689 3516 1908 3583 quando
1963 3516 2110 3571 Solus
2158 3521 2208 3570 in

645 3597 840 3651 Sancta
869 3608 1174 3654 sanctorum
1211 3600 1614 3670 ingrediebatur
1643 3619 1885 3662 summus
1916 3607 2168 3663 sacerdos
2195 3627 2206 3660 :

643 3685 998 3744 ut"discamus
1021 3690 1164 3758 quod
1211 3692 1661 3760 quemadmodum
1687 3709 1933 3752 summus
1957 3699 2211 3753 sacerdos

647 3779 747 3832 iste
765 3779 1040 3844 ingressus
1068 3781 1120 3833 in
1144 3777 1340 3837 Sancta
1366 3795 1680 3838 sanctorum
1705 3785 1938 3842 fructum
1967 3789 2206 3855 accepit,

643 3871 726 3924 sic
756 3879 809 3925 et
835 3871 1094 3926 Dominus
1137 3872 1294 3929 Jesus
1336 3875 1451 3941 ipse
1494 3877 1641 3931 solus
1671 3889 1723 3932 et
1746 3895 1933 3934 revera
1969 3896 2212 3935 summus

644 3962 914 4016 sacerdos-
944 3962 1221 4030 ingressus
1251 3966 1302 4017 in
1336 3965 1530 4019 Sancta
1557 3980 1888 4035 sanctorum,
1916 3971 2016 4025 hoc
2045 3982 2126 4025 est
2157 3972 2209 4025 in

644 4059 840 4112 malum
889 4073 1008 4114 cum
1059 4073 1243 4126 carne,
1278 4059 1510 4116 fructum
1567 4066 1775 4133 accepit
1825 4081 1958 4132 suae,
1993 4082 2110 4135 qua:
2155 4069 2208 4121 in

645 4168 808 4208 carne
834 4163 970 4221 eral,
1004 4153 1329 4209 visitationis
1367 4164 1605 4212 nostram
1635 4157 1864 4212 salutem
1913 4169 1968 4214 et
1991 4159 2044 4212 in
2077 4159 2212 4214 iilios

644 4244 1012 4312 adoptionem.

719 4335 878 4391 Vsus.
907 4339 993 4394 ll.
1031 4357 1050 4390 ι
1083 4339 1346 4410 Apparuit
1376 4348 1552 4395 autem
1595 4340 1670 4395 illi
1720 4342 1944 4412 angelus
2000 4343 2209 4397 Domini

646 4434 794 4483 stans
827 4445 857 4486 a
889 4431 1096 4485 dextris
1123 4431 1309 4486 altaris
1345 4433 1731 4502 thymiamatis.
1773 4453 1792 4486 ι
1829 4433 1945 4489 Νοη
1962 4436 2211 4490 omnibus

2305 599 2602 669 δικαίωμα.
2632 599 2851 670 Ἐνιγὰρ
2875 601 2937 670 τῇ
2967 598 3154 670 ἡμέρα
3173 596 3354 682 εκείνη
3378 595 3579 663 ὥσπερ
3599 610 3656 647 τι
3681 593 3892 648 δικαίω-

2310 709 2387 764 μα
2428 693 2724 762 ἔγγραφον,
2749 691 2906 763 έχων
2951 690 3138 755 ὁθιδς
3169 691 3268 754 τὰς
3291 689 3538 755 ἐντολὰς,
3570 688 3888 756 κατακρίνει

2305 786 2474 856 ἡμᾶς.
2512 785 2575 839 El
2605 784 2680 856 μὴ
2707 779 2870 854 ἦλθον
2901 783 3034 857 γᾴρ,
3090 781 3247 852 φησὶ,
3277 781 3374 834 καὶ
3399 779 3653 848 ὶλάλησα
3686 779 3885 842 αὐτοῖς,

2305 874 2582 944 ἁμαρτίαν
2615 874 2716 927 οὐκ
2744 869 2888 947 είχον
2909 889 2922 903 ·
2954 873 3048 926 καὶ
3072 870 3255 935 πάλιν,
3285 870 3347 922 '0
3375 868 3531 936 λόγος
3560 867 3624 920 ὃν
3655 864 3888 936 ιλάλησα

2307 969 2512 1033 αὐτοῖς,
2543 967 2749 1029 ἐκεῖνος
2775 964 2972 1028 αὐτοὺς
2996 965 3193 1034 κρινεῖ.
3224 961 3383 1025 Τίνος
3417 961 3473 1014 δι
3496 961 3690 1014 ἕνεκεν
3715 959 3883 1028 πράσα

2314 1078 2490 1115 κειται
2548 1057 2644 1129 τῷ,
2690 1057 3048 1128 πορευόμενοι
3106 1057 3165 1108 ὲν
3215 1055 3420 1116 πάσαις
3453 1055 3575 1116 ταῖς
3618 1051 3883 1113 ἐντολαῖς,

2308 1153 2389 1215 τὸ,
2438 1151 2748 1221 discuteret;
2780 1149 2978 1202 Ἀκουε
3001 1164 3014 1178 ·
3043 1144 3300 1208 πολλάκις
3323 1144 3463 1204 τινὲς
3490 1140 3818 1212 πορεύονται
3833 1141 3889 1192 ὲν

2307 1244 2385 1314 τῷ
2436 1244 2582 1314 νόμῳ
2627 1241 2723 1296 τοῦ
2752 1241 2909 1302 Θεοῦ,
2951 1239 3088 1295 ἀλλὰ
3139 1238 3320 1292 πάντα
3368 1233 3584 1290 ποιοῦσι
3636 1232 3779 1303 πρὸς
3830 1232 3886 1283 τὸ

2310 1337 2568 1407 θεαθῆναι
2599 1338 2709 1400 τοῖς
2731 1333 3040 1403 ἀνθρώποις
3059 1348 3074 1364 ο
3105 1328 3304 1384 οὔκουν
3327 1329 3610 1399 ἄμεμπτοι
3630 1327 3683 1379 oi
3711 1322 3885 1378 τοιοῦ-

2307 1449 2424 1486 τοι·
2469 1434 2498 1485 ὁ
2525 1431 2582 1484 δὲ
2635 1426 2908 1499 Ζαχαρίας
2944 1427 3040 1480 καὶ
3077 1424 3312 1495 επραττι
3355 1420 3458 1484 τὰς
3497 1417 3748 1481 ιντολὰς,
3794 1416 3883 1469 καὶ

2307 1524 2610 1593 ἀμέμπτως
2635 1522 2890 1592 ἓπραττε,
2917 1518 2990 1590 μὴ
3014 1517 3104 1573 διὰ
3122 1517 3183 1572 τὸ
3209 1515 3401 1586 ἀρέσαι
3431 1515 3545 1576 τοῖς
3575 1509 3882 1581 ἀνθρώποις

2309 1619 2512 1676 ταύτας
2545 1613 2732 1666 τελῶν.

2387 1729 2405 1758 ι
2438 1707 2544 1759 Καὶ
2569 1706 2669 1759 οὐκ
2697 1700 2764 1775 ἦν
2795 1705 2980 1766 αὐτοῖς
3025 1701 3236 1765 τέκνον,
3268 1698 3391 1753 καθ’
3416 1700 3500 1752 ὅτι
3527 1698 3562 1767 ἡ
3603 1694 3882 1752 Ἐλισάϐιτ

2308 1797 2377 1868 ἦν
2433 1801 2654 1868 στεῖραι
2710 1795 2806 1849 καὶ
2855 1795 3157 1864 ἀμφότεροι
3189 1789 3612 1860 νπροϐεόηκόῖες
3669 1790 3730 1842 ὲν
3766 1791 3882 1852 ταῖς

2312 1892 2544 1962 ἡμέραις
2569 1888 2747 1943 αὐτῶν
2774 1883 2936 1958 ἦσαν.
2959 1905 2979 1938 ι
3017 1886 3082 1940 Δί
3103 1885 3210 1938 τῶν
3234 1883 3460 1937 δικαίων
3483 1883 3767 1949 γυναῖκες,
3794 1883 3886 1934 καὶ

2312 1987 2367 2040 αἱ
2394 1985 2617 2048 δίκαιαι,
2644 1982 2900 2042 πολλάκις
2923 1980 3162 2033 ἄτεκνοι·
3195 1978 3283 2030 ἴνα
3313 1976 3376 2028 σὺ
3412 1974 3614 2046 μάθῃς,
3644 1975 3730 2027 ὅτι
3754 1975 3782 2027 ὁ
3804 1973 3885 2025 νό-

2316 2093 2414 2146 μος
2432 2078 2531 2128 οὐκ
2551 2075 2774 2128 ἀπαιτεῖ
2798 2071 3154 2125 πολυτεκνίαν
3181 2056 3522 2137 σωματικὴν,
3560 2065 3702 2119 ἀλλὰ
3719 2081 3883 2118 πνευο

2258 2185 2264 2188 ·
2316 2169 2571 2240 ματικήν.
2633 2165 3047 2236 Προὸεόηκότες
3095 2163 3151 2216 δὲ
3214 2156 3356 2232 ἦσαν
3405 2159 3734 2229 ἀμφότεροι,
3793 2157 3886 2210 καὶ

2312 2261 2451 2314 κατὰ
2469 2259 2528 2312 τὶ
2553 2259 2710 2327 σῶμα
2735 2259 2828 2310 καὶ
2856 2255 2997 2309 κατὰ
3018 2255 3079 2307 τὸ
3097 2251 3313 2322 πνεῦμα
3331 2269 3345 2283 ·
3373 2253 3466 2306 καὶ
3488 2252 3599 2320 γὰρ
3623 2250 3720 2303 καὶ
3749 2246 3887 2301 κατὰ

2311 2351 2490 2419 ψυχὴν
2553 2346 2886 2417 προέϐησαν,
2918 2344 3164 2398 τουτέστι
3213 2340 3546 2412 προέκοψαν,
3591 2335 3886 2397 ἀναϐάσεις

2312 2445 2368 2496 ὲν
2399 2444 2464 2511 τῇ
2498 2440 2695 2509 καρδίᾳ
2723 2429 3015 2506 τιθέμενοι,
3049 2436 3143 2489 καὶ
3173 2433 3384 2504 ἡμέραν
3409 2431 3645 2502 ἔχοντες,
3679 2426 3796 2480 ἀλλ’
3824 2424 3884 2477 οὗ

2313 2537 2484 2589 νύκτα
2505 2535 2594 2586 τὸν
2619 2532 2752 2601 βίον,
2777 2529 2852 2592 ὼς
2887 2529 2944 2581 ὲν
2972 2527 3109 2595 φωτὶ
3139 2522 3570 2595 περιπατοῦντες
3605 2517 3882 2588 εὐσχημό-

2315 2645 2418 2680 νως
2427 2665 2440 2680 ο

2391 2646 2691 2781 ΐἚγένετο
2737 2711 2792 2763 δὲ
2834 2713 2890 2763 ὲν
2929 2707 3005 2778 τῷ
3037 2705 3339 2777 ἱερατεύειν
3360 2703 3523 2757 αὐτὸν
3551 2702 3608 2754 ὲν
3638 2702 3703 2770 τῇ
3735 2699 3883 2766 τάξει

2313 2806 2413 2875 τῆς
2437 2801 2741 2874 ἐφημερίας
2779 2796 2946 2853 αὑτοῦ
2975 2798 3154 2850 ἔναντι
3179 2793 3273 2848 τοῦ
3305 2792 3466 2856 Θεοῦ,
3507 2790 3650 2845 κατὰ
3674 2790 3738 2844 τδ
3766 2789 3885 2851 ἔθος

2313 2897 2410 2961 τῆς
2444 2893 2734 2962 ίερατεῐας,
2769 2889 2924 2957 ἔλαχε
2955 2886 3050 2940 τοῦ
3082 2886 3371 2953 θυμιᾶσαι,
3397 2880 3658 2935 εἰσελθὼν
3684 2881 3766 2942 είς
3796 2878 3885 2933 τδν

2314 2987 2440 3040 ναὸν
2487 2983 2580 3036 τοῦ
2632 2980 2837 3050 Κυρίου
2859 2995 2872 3009 ·
2923 2978 3014 3030 καὶ
3045 2977 3154 3029 πᾶν
3191 2975 3253 3028 τὸ
3282 2974 3485 3043 πλῆθος
3527 2968 3597 3042 ἦν
3626 2971 3724 3024 τοῦ
3756 2970 3885 3024 λαοῦ

2315 3077 2748 3148 προσευχόμενον
2777 3072 2881 3137 ἔξω
2903 3072 2970 3140 τῇ
3018 3068 3137 3138 ὥρᾳ
3158 3067 3251 3121 τοῦ
3299 3065 3662 3136 θυμιάματος.
3703 3081 3722 3114 a
3759 3063 3886 3116 Ἐν.

2240 3191 2284 3253 C
2316 3187 2433 3221 αντι
2472 3165 2608 3218 Θεοῦ
2639 3165 2688 3217 οί
2741 3161 2974 3231 καθαροὶ
3024 3159 3174 3229 μόνοι
3218 3157 3621 3253 ίερατέυουσινο
3683 3154 3793 3253 απὸ
3829 3154 3888 3208 δὲ

2313 3261 2420 3313 τῶν
2457 3261 2531 3328 μὴ
2592 3255 2848 3325 καθαρῶν
2881 3252 3219 3323 ἀποστρέφει
3265 3252 3294 3305 ὀ
3323 3248 3455 3312 Θεὸς
3485 3249 3546 3302 τὸ
3593 3249 3887 3319 πρόσωπον

2313 3344 2500 3407 αὐτοῦ’.
2538 3350 2673 3404 Πότε
2695 3348 2750 3402 δὲ
2779 3347 2938 3416 ἔλαχε
2966 3343 3058 3398 τοῦ
3091 3343 3350 3412 θυμιᾶσαι
3371 3359 3386 3407 ;
3405 3341 3478 3394 Ἣ
3506 3341 3727 3402 πάντως
3754 3337 3890 3392 κατὰ

2311 3446 2399 3499 cev
2425 3443 2617 3512 καιρὸν
2651 3439 2744 3493 τοῦ
2772 3435 3023 3508 ἱλασμοῦ,
3058 3435 3148 3489 ὅτε
3196 3434 3354 3504 μόνος
3406 3432 3698 3502 είσήρχετο
3720 3431 3800 3492 είς
3823 3429 3889 3482 τι

2313 3537 2479 3603 ’Ἀγια
2530 3532 2640 3586 τῶν
2686 3530 2858 3598 ἁγίων
2915 3530 2943 3582 ὁ
2979 3525 3308 3598 ἀρχιερεύςο
3371 3523 3459 3575 ἵνα
3510 3521 3774 3592 μάθωμεν
3805 3521 3886 3573 ὅτι

2309 3627 2498 3693 ὥσπερ
2529 3623 2558 3673 ὁ
2585 3620 2874 3692 ἀρχιερεὺς
2900 3612 3076 3682 οὗτος,
3109 3614 3366 3669 εἰσελθὼν
3387 3614 3468 3674 εις
3493 3614 3562 3665 τὰ
3587 3612 3758 3681 ’Δγια
3782 3609 3886 3662 τῶν

2313 3719 2482 3784 ἁγίων
2509 3715 2665 3767 ἔλαϐε
2700 3712 2931 3781 καρπὸν,
2967 3707 3109 3761 οὕτω
3157 3706 3252 3759 καὶ
3281 3709 3310 3758 ὀ
3347 3704 3548 3775 Κύριος
3595 3701 3802 3772 Ἰησοῦς
3850 3703 3890 3754 θ’

2317 3808 2475 3876 μόνος
2502 3806 2591 3858 καὶ
2619 3804 2794 3872 μέγας
2817 3801 2894 3870 τῷ
2921 3799 3035 3852 ὄντι
3084 3796 3392 3867 ἀρχιερεὺς,
3431 3792 3693 3846 εἰσελθὼν
3715 3793 3794 3853 είς
3819 3789 3886 3842 τὰ

2316 3901 2481 3965 Ἀγια
2499 3897 2606 3948 τῶν
2635 3894 2802 3960 ἁγίων
2825 3933 2839 3954 ,
2870 3890 3170 3952 τουτέστιν,
3216 3888 3296 3948 είς
3337 3886 3428 3938 τὸν
3453 3883 3690 3954 οὐρανὸν
3752 3882 3886 3951 μετὰ

2313 3986 2534 4056 σαρκὸς,
2553 3981 2709 4035 ἐλαὸε
2735 3978 2942 4050 καρπὸν
2969 3977 3064 4042 τῆς
3087 3975 3353 4044 ινσάρκου
3377 3973 3544 4026 αὑτοῦ
3570 3971 3884 4042 ἐπιδημίας,

2312 4080 2410 4148 τὴν
2442 4075 2717 4146 ἡμετέραν
2747 4068 3016 4123 υἱοθεσίαν
3037 4067 3131 4120 καὶ
3164 4065 3436 4135 σωτηρίαν

2391 4361 2408 4392 ι
2444 4341 2617 4411 Ὠφθη
2640 4342 2696 4395 δὲ
2717 4341 2864 4412 αὑτῷ
2891 4342 3119 4410 ἄγγελος
3152 4341 3381 4414 Κυρίου,
3410 4340 3582 4404 ἑστὼς
3607 4342 3673 4394 ἐκ
3699 4339 3888 4406 δεξιῶν

2314 4436 2407 4488 τοῦ
2431 4434 2816 4504 θυσιαστηρίου
2846 4434 2940 4487 τοῦ
2975 4435 3341 4504 θυμιάματος.
3377 4452 3396 4486 s
3429 4433 3503 4487 Οὐ
3535 4435 3674 4487 πᾶσι
3704 4434 3887 4502 φαίνε-

646 4531 865 4588 apparet
891 4522 1134 4592 angelus,
1167 4523 1261 4578 sed
1297 4524 1512 4578 mundis
1539 4525 1724 4590 corde,
1763 4526 1939 4594 qualis
1964 4537 2082 4580 erat
2107 4526 2207 4580 Za-

2317 4541 2405 4577 τσιι
2429 4525 2456 4575 ὁ
2482 4522 2733 4589 ἅγγελος,
2767 4522 2902 4576 ἀλλὰ
2925 4524 3037 4585 τοῖς
3064 4525 3324 4592 καθαροῖς
3345 4523 3411 4593 τῇ
3443 4522 3669 4591 καρδία,
3691 4517 3806 4586 οἶος
3826 4518 3890 4592 ἦν

647 4611 881 4668 Charias.
916 4614 1104 4669 Altate
1132 4625 1311 4669 autem
1342 4617 1707 4686 thymiamatis
1749 4619 1908 4685 dixit,
1940 4619 2068 4688 quia
2094 4628 2214 4674 erat

646 4713 699 4757 et
729 4704 956 4761 alterum
989 4707 1160 4762 altare
1181 4706 1641 4764 bolocaustorum.

698 4886 884 4943 'Vens.
931 4889 1117 4944 ιεοιιι.
1169 4905 1189 4940 ι
1240 4888 1303 4942 Ει
1348 4888 1598 4944 turbatus
1642 4899 1724 4946 est
1770 4891 2082 4957 Zacharias,
2118 4893 2208 4948 illo

653 4981 783 5042 viso,
801 4995 863 5034 ac
895 4980 1054 5034 timor
1073 4981 1230 5034 irruit
1258 4995 1422 5048 super
1449 4993 1594 5035 eum.
1628 4980 1771 5036 Dixit
1794 4992 1974 5037 autem
1998 4984 2063 5036 ad
2086 4997 2209 5038 eum

646 5068 898 5138 angelus:
941 5069 1018 5122 Ne
1065 5069 1277 5135 timeas,
1329 5069 1613 5136 Zacharia,
1651 5073 1905 5142 quoniam
1958 5075 2211 5129 exaudita

645 5171 726 5215 est
753 5160 1064 5228 deprecatio
1096 5169 1219 5216 tua:
1267 5176 1509 5231 uxorque
1552 5173 1641 5218 tua
1692 5163 1967 5223 Elisabeth
2023 5166 2200 5234 pariet

648 5250 744 5304 tibi
799 5251 986 5319 tilium,
1040 5262 1098 5307 at
1135 5254 1351 5310 vocabis
1401 5270 1594 5312 nomen
1651 5259 1772 5328 ejus
1821 5255 2118 5315 Joannem:
2158 5268 2213 5313 et

647 5342 752 5396 erit
781 5345 1030 5411 gaudium
1051 5345 1144 5400 tibi
1165 5355 1218 5400 et
1233 5347 1542 5416 exsultatio,
1567 5350 1826 5418 mullique
1858 5350 1910 5405 in
1930 5350 2213 5406 nativitate

648 5431 764 5499 ejus
802 5436 1128 5501 gaudebunt.
1165 5457 1184 5488 ι
1225 5437 1497 5494 Turbatur
1525 5441 1740 5510 quidem
1773 5442 2091 5497 Zacharias.
2126 5444 2214 5497 ln~

649 5521 819 5578 solitae
847 5524 989 5578 enim
1028 5526 1262 5584 visiones
1291 5531 1452 5584 etiam
1484 5542 1705 5586 sanctos
1739 5533 1975 5587 turbant.
2012 5533 2212 5588 Verum

652 5611 890 5680 angelus
926 5615 1211 5672 confestim
1235 5618 1597 5678 turbationeut
1625 5622 1797 5679 sedat.
1829 5621 2036 5693 Ubique
2069 5624 2211 5679 enim

729 5794 910 5853 ‘Psal.
955 5813 1174 5870 Lxxxtu,
1219 5805 1265 5858 l.

2319 4618 2346 4668 ὁ
2371 4614 2663 4685 Ζαχαρίας.
2689 4614 3083 4684 Θυσιαστήριον
3108 4613 3164 4666 δὲ
3192 4612 3288 4666 τοῦ
3338 4613 3691 4682 θυμιάματος
3719 4610 3887 4678 εἶπεν,

2319 4709 2440 4761 ἐπεὶ
2465 4703 2533 4778 ἦν
2556 4707 2648 4760 καὶ
2681 4707 2867 4774 ἕτερον
2902 4706 3312 4778 θυσιαστήριον,
3345 4706 3406 4759 τὸ
3435 4705 3546 4759 τῶν
3581 4706 3889 4760 ὁλοκαυτω-

2323 4797 2530 4866 μάτων.

2400 4907 2418 4940 ι
2459 4889 2568 4942 Καὶ
2606 4887 2880 4958 ἐταράχθη
2905 4885 3176 4956 Ζαχαρίας
3219 4884 3361 4948 ἰδὼν,
3385 4883 3480 4937 καὶ
3505 4882 3672 4950 φόϐος
3697 4882 3889 4936 ἑπέτι-

2319 4997 2410 5032 σεν
2450 4978 2536 5031 ἐπ’
2570 4980 2753 5032 αὐτόν.
2807 4974 2942 5030 Είπε
2991 4977 3046 5029 δὲ
3078 4975 3214 5045 πρὸς
3243 4974 3406 5027 αὑτὸν
3438 4975 3467 5027 ὁ
3493 4973 3755 5041 ἄγγελος·
3800 4972 3886 5041 Μὴ

2319 5069 2507 5142 φοόοὖ,
2536 5070 2803 5140 Ζαχαρία,
2837 5069 2970 5122 διότι
2991 5067 3323 5140 εἰσηκούσθη
3350 5068 3385 5136 ή
3415 5066 3600 5136 δέησίς
3637 5082 3733 5118 σου
3756 5080 3774 5098 ο
3803 5065 3888 5118 καὶ

2317 5166 2351 5231 ἡ
2388 5164 2520 5232 γυνή
2583 5179 2676 5214 σου
2729 5161 3008 5215 Ἐλισάσετ
3054 5160 3308 5231 γεννήσει
3360 5157 3476 5212 υίόν
3519 5173 3625 5220 σοι,
3672 5158 3772 5210 καὶ
3799 5173 3888 5210 κα-

2319 5254 2495 5317 λέσεις
2528 5251 2588 5305 τὸ
2610 5253 2781 5321 ὄνομα
2811 5251 2977 5306 αὑτοῦ
3021 5252 3302 5321 Ἰωάννην·
3333 5251 3427 5304 καὶ
3457 5249 3610 5302 ἔσται
3639 5249 3786 5319 χαρά
3811 5262 3886 5300 σοι

2321 5345 2415 5398 καὶ
2444 5344 2789 5412 ἀγαλλίασις,
2845 5344 2941 5397 καὶ
2968 5343 3152 5397 πολλοὶ⁵
3183 5343 3276 5394 ἐπὶ
3307 5343 3372 5411 τῇ
3409 5340 3667 5411 γεννήσει
3721 5335 3881 5392 αὑτοῦ

2319 5438 2673 5509 χαρήσονται.
2720 5454 2738 5488 ι
2799 5436 3136 5507 Ταράττεται
3163 5433 3261 5504 μὲν
3298 5434 3326 5488 ὁ
3352 5431 3652 5504 Ζαχαρίας.
3699 5432 3885 5484 Ἀσυνο

2320 5530 2457 5600 ήθης
2491 5529 2599 5599 γὰρ
2635 5528 2756 5596 ὄψις
2811 5529 2906 5580 καὶ
2955 5529 3082 5591 τοὺς
3135 5527 3322 5595 ἁγίους
3369 5524 3649 5596 ταράττει.
3696 5520 3885 5574 ’Δλλ“6

2320 5621 2549 5693 ἄγγελος
2599 5619 2950 5678 καταστέλλει
2987 5620 3086 5690 τὴν
3139 5619 3409 5689 ταραχήν·
3454 5616 3735 5689 πανταχοῦ
3783 5613 3883 5684 γὰρ
