4108 6334
230 389 348 475 637

976 406 1427 470 ENARRATiO
1465 406 1550 468 IN
1589 403 2097 469 EVANGEIJUM
2155 408 2395 481 LUCAE.
2439 436 2509 448 --
2539 410 2703 474 CAP.
2739 413 2788 474 I.

3428 411 3537 476 693

231 518 403 575 τοῦτο
434 517 561 590 laxa
584 518 874 592 γνώρισμα
901 517 1012 572 τῶν
1031 534 1092 573 τε
1118 518 1228 573 άπδ
1258 520 1354 573 τοῦ
1378 518 1513 573 Θεοῦ
1532 514 1808 572 ὀπτασιιῖη

1940 517 2049 575 hoc
2102 518 2308 577 indicio
2354 516 2746 578 discernuntur
2792 519 3033 576 visiones
3072 533 3193 589 quae
3232 534 3262 574 a
3302 519 3432 587 Deo,
3463 532 3523 578 et

233 602 474 663 καὶτῶν
518 607 887 679 δαιμονικιῖηο
919 608 967 661 εί
1004 609 1107 680 μὲν
1155 607 1264 681 γὰρ
1294 608 1405 664 άπὸ
1450 609 1705 680 ταραχῆς
1732 606 1831 679 ἄρ·

234 704 392 771 ξεται
424 702 749 775 δλογισμὸς,
779 702 874 756 καὶ
898 702 1209 759 τελευταῖον
1236 703 1514 773 καταστῇ,
1548 700 1831 769 συντόμως

232 794 502 865 λυομένου
554 792 649 851 τοῦ
677 795 868 865 φόϐου,
924 794 1095 858 δντως
1127 794 1249 850 θεία
1298 796 1332 865 ὴ
1366 791 1625 849 ὁπτασία.
1680 792 1742 846 Εί
1770 792 1829 846 δὶ

231 889 568 944 ἐπιτείνεται
603 887 808 959 μᾶλλον
832 889 860 941 6
890 885 1055 955 φόόος
1082 888 1176 940 καὶ
1206 885 1239 957 ἡ
1266 883 1559 955 ταραχὴ,ή
1591 882 1829 937 ὸπτασία

231 982 626 1053 δαιμονιώδης.
682 982 841 1044 Τίνος
872 979 929 1033 δὲ
974 978 1162 1033 ἕνεκέν
1211 994 1377 1048 φησιν
1404 975 1688 1045 δάγγελος
1740 977 1826 1031 ὅτι

237 1093 259 1125 ι
288 1072 631 1145 Είσηκούσθη
665 1076 697 1142 ἡ
724 1072 908 1143 δέησίς
938 1089 1052 1134 σου,
1080 1075 1174 1126 καὶ
1199 1073 1231 1142 ἡ
1260 1070 1397 1139 γυνή
1433 1086 1524 1124 σου
1544 1068 1820 1124 Ἐλισάὸετ

228 1167 489 1235 γεννήσει
522 1182 603 1220 σοι
643 1184 661 1217 ι
700 1183 714 1233 ;
776 1165 867 1234 Μὴ
898 1165 1007 1233 γὰρ
1040 1165 1069 1218 6
1122 1162 1400 1234 Ζαχαρίας
1447 1161 1579 1234 περὶ
1631 1161 1825 1225 παιδὸς

227 1254 439 1328 ηὔχετο
464 1274 481 1323 ;
548 1255 683 1313 ἀλλὰ
715 1256 845 1327 περὶ
879 1255 991 1309 τῶν
1015 1252 1302 1325 ἁμαρτιῶν
1329 1251 1424 1306 τοῦ
1454 1252 1585 1307 λαοῦ
1610 1270 1626 1319 ;
1653 1253 1824 1307 Φασὶν

226 1348 329 1402 οῦν
355 1364 500 1413 τινες
529 1348 635 1411 ὅτι,
668 1346 857 1419 ἐπειδὴ
892 1347 1031 1417 ὑπὲρ
1076 1344 1186 1399 τῶν
1227 1344 1517 1416 ἁμαρτιῶν
1560 1344 1655 1399 τοῦ
1690 1342 1821 1399 λαοῦ

224 1438 454 1510 ηὔχετο,
491 1438 687 1509 ιμελλε
716 1438 771 1492 δὲ
800 1438 1009 1493 τίκτειν
1042 1438 1157 1490 υίδν
1187 1436 1421 1507 βοῶντα,
1451 1437 1560 1490 Ἴδε
1586 1435 1616 1488 6
1647 1435 1820 1507 άμνδς

220 1526 325 1580 τοῦ
355 1528 515 1593 Θεοῦ,
547 1531 575 1582 6
600 1528 771 1599 αἴρων
793 1527 891 1596 τὴν
912 1526 1192 1599 ἁμαρτίαν
1216 1527 1311 1580 τοῦ
1335 1528 1565 1596 κόσμου,
1594 1524 1823 1591 εἰκότως

222 1620 378 1687 λέγει
410 1620 546 1691 πρὸς
570 1620 731 1674 αὑτὸν
759 1618 1053 1689 δάγγελος,
1084 1622 1164 1675 δτι
1194 1620 1543 1691 Είσηκούσθη
1571 1622 1605 1690 η
1632 1620 1821 1690 δέησίς

221 1728 325 1765 σου
362 1712 504 1781 ὑπὲρ
533 1713 634 1785 τῆς
657 1712 904 1781 ἀφέσεως
925 1707 1037 1765 τῶν
1054 1711 1349 1783 ,ἁμαρτιῶν
1376 1710 1471 1764 τοῦ
1501 1708 1654 1767 λαοῦ.
1689 1710 1817 1764 Υίδν

220 1803 339 1876 γάρ
385 1804 671 1873 γεννήσεις
715 1802 785 1856 δι’
825 1796 888 1856 οὗ
938 1802 1136 1873 ἄφεσις
1166 1802 1319 1855 ἔσται
1365 1802 1475 1854 τῶν
1504 1794 1813 1873 ἁμαρτιῶν.

221 1892 385 1958 Τινὲς
407 1892 465 1947 δὲ
484 1891 626 1947 οὕτω
648 1884 889 1957 νοοῦσιν,
912 1892 1017 1956 δτιζ
1049 1891 1398 1963 Είσηκοΰσθη
1423 1896 1455 1963 ἡ
1481 1892 1814 1961 δέησίς·σου,

221 1983 270 2040 ὦ
303 1985 573 2056 Ζαχαρία,
612 1986 706 2040 καὶ
743 1986 1129 2055 συνεχώρησεν
1160 1987 1188 2039 6
1223 1984 1354 2048 Θεδς
1407 1985 1503 2048 τὰς
1536 1985 1816 2055 ἁμαρτίας

220 2076 304 2145 τῷ
328 2077 479 2148 λαιξν
536 2073 653 2132 εἶτα
702 2075 895 2147 ὥσπερ
935 2078 1182 2138 εἰπόντος
1212 2075 1404 2142 αὐτοῦ,
1435 2075 1609 2130 Πόθεν
1655 2076 1813 2145 δῆλον

220 2166 418 2237 τοῦτο;
461 2170 625 2238 φησὶν
658 2161 687 2222 6
741 2168 993 2238 ἄγγελος,
1028 2169 1137 2236 ὅτι,
1172 2170 1346 2222 Τοῦτό
1370 2187 1452 2222 σοι
1485 2169 1680 2238 δίδωμι
1718 2185 1814 2240 ση-

225 2262 404 2329 μεῖον,
439 2262 518 2314 ὅτι
550 2262 805 2332 γεννήσει
844 2278 929 2315 σοι
960 2263 1132 2332 υίὸνή
1171 2260 1458 2314 Ἐλισάὸετ
1485 2278 1498 2291 ·
1535 2259 1679 2313 ὥστε
1707 2261 1815 2315 ἀπὸ

218 2351 317 2405 τοῦ
344 2353 605 2424 γεννῆσαι
645 2355 747 2424 τὴν
795 2355 1105 2417 Ἐλισάὸετ,
1142 2353 1570 2425 πιστευθήσεται
1602 2371 1684 2410 σοι
1717 2355 1813 2409 καὶ

218 2444 283 2496 τὸ
318 2445 587 2517 ἀφεθῆναι
615 2446 713 2510 τὰς
748 2446 1025 2517 ἁμαρτίας
1048 2447 1127 2519 τῷ
1159 2448 1294 2516 λαῷ.

300 2558 318 2591 ι
353 2539 545 2592 Ἔσται
574 2538 684 2608 γὰρ
707 2539 881 2609 μέγας
903 2538 1133 2592 ξνώπιον
1164 2540 1259 2591 τοῦ
1283 2540 1511 2606 Κυρίου,
1543 2539 1639 2593 καὶ
1670 2536 1811 2595 οἶνον

220 2631 321 2683 καὶ
342 2630 536 2699 σίκερα
561 2630 623 2683 οὑ
655 2632 728 2700 μὴ
761 2631 859 2702 πίῃ
877 2647 890 2662 ο
924 2631 1018 2683 καὶ
1047 2631 1363 2701 Πνεῦμαιος
1385 2632 1541 2699 ἁγίου
1569 2632 1812 2703 πλησθή-

220 2739 377 2777 σεται
405 2722 488 2776 ἔτι
514 2726 578 2777 ἐκ
613 2723 825 2787 κοιλίας
856 2724 1060 2794 μητρὸς
1086 2725 1253 2779 αὐτοῦ
1281 2742 1295 2755 ·
1330 2728 1423 2779 καὶ
1457 2727 1683 2789 πολλοὺς
1700 2727 1810 2780 τῶν

218 2816 355 2868 υίῶν
400 2816 615 2887 Ἰσραὴλ
656 2816 977 2887 ἐπιστρέψει
1016 2817 1111 2869 ἐπὶ
1162 2819 1367 2888 Κυρίου
1405 2820 1495 2871 τὸν
1554 2819 1686 2873 Θεὸν
1715 2819 1811 2873 αὑ-

216 2907 357 2961 τῶν·
392 2910 488 2963 καὶ
543 2909 707 2973 αὐτὸς
762 2909 1155 2979 προελεύσεται
1221 2910 1454 2965 ἐνώπιον
1518 2911 1685 2966 αὑτοῦ
1750 2914 1809 2966 ὲν

217 3001 494 3069 πνεύματι
528 3000 625 3055 καὶ
670 3001 903 3069 δυνάμει
948 2999 1159 3066 Ἠλιοῦ,
1202 3003 1533 3073 ἐπιστρέψαι
1582 3004 1811 3075 καρδίας

216 3092 475 3163 πατέρων
501 3094 593 3147 ἐπὶ
612 3092 798 3159 τέκνα,
818 3094 913 3148 καὶ
936 3094 1179 3158 ἀπειθεῖς
1193 3097 1259 3157 ἐν
1281 3098 1540 3166 φρονήσει
1560 3096 1805 3165 δικαίων,

1936 623 2060 683 quae
2082 627 2113 667 a
2139 611 2377 668 diabolo.
2406 610 2542 668 Nam
2586 613 2633 667 si
2674 626 2829 667 mens
2877 613 3111 683 primum
3168 613 3439 679 turbetur,
3466 623 3524 670 et

1933 703 2123 759 statim
2179 702 2344 759 timor
2396 702 2663 768 solvatur,
2695 711 2753 757 ut
2804 703 3000 757 iterum
3028 700 3301 771 quiescat,
3334 717 3521 759 revera

1933 794 2227 850 divina'est
2274 794 2433 850 visio.
2470 792 2527 849 Si
2556 805 2737 852 autem
2766 794 2929 849 timor
2957 809 3020 849 ac
3054 794 3295 849 turbatio
3336 796 3513 867 magis

1931 895 2096 953 atque
2129 886 2303 953 magis
2347 894 2623 951 crescant,
2663 884 2999 940 daemoniaca
3027 893 3112 939 est
3145 885 3306 941 visio.
3338 884 3524 954 Quare

1930 963 2157 1047 angelus
2208 976 2372 1031 dicit:
2411 995 2429 1027 ι
2485 974 2752 1031 Exaudita
2810 986 2897 1031 est
2953 975 3271 1044 deprecatio
3321 984 3434 1041 tua,
3463 987 3522 1032 et

1932 1081 2071 1121 uxor
2120 1074 2209 1119 tua
2250 1064 2527 1121 Elisnlteth
2584 1068 2761 1135 pariet
2805 1065 2900 1121 tibi
2941 1067 3005 1121 »3
3045 1064 3180 1120 Nam
3224 1066 3526 1125 Zacharias

1929 1173 2034 1212 non
2064 1173 2160 1227 pro
2196 1158 2313 1214 tilio
2355 1166 2612 1228 precatus
2640 1167 2745 1227 est,
2773 1157 2867 1214 sed
2902 1174 3002 1228 pro
3040 1159 3282 1227 peccatis
3314 1159 3519 1229 pepuli.

1927 1249 2127 1306 Dicunt
2167 1250 2334 1321 igitur
2373 1251 2595 1321 quidam
2640 1250 2785 1321 quod
2823 1252 3086 1331 quoniam
3122 1267 3222 1321 pro
3270 1253 3518 1321 peccatis

1924 1344 2106 1418 populi
2128 1346 2343 1411 orabat,
2371 1343 2615 1400 futurum
2650 1355 2831 1401 autem
2859 1345 3005 1414 quod
3031 1352 3321 1414 generaret
3346 1344 3518 1400 lilium

1923 1437 2015 1509 qui
2048 1436 2325 1500 clamaret,
2364 1432 2505 1493 Ecce
2546 1452 2721 1508 agnus
2766 1436 2883 1501 Dei,
2921 1436 3015 1506 qui
3050 1437 3191 1491 tollit
3228 1446 3520 1506 peccatum

1923 1529 2142 1584 mundi:
2199 1529 2395 1585 merito
2428 1528 2559 1584 dicit
2596 1530 2665 1584 ad
2705 1528 2857 1583 illum
2928 1533 3187 1597 angelus:
3242 1528 3517 1594 Quoniam

1921 1624 2176 1678 exaudita
2208 1632 2294 1679 est
2319 1622 2637 1692 deprecatio
2658 1632 2747 1677 tua
2778 1631 2876 1695 pro
2900 1622 3519 1692 remissione-peccato-

1923 1730 2043 1770 rum
2074 1716 2283 1786 populi.
2315 1713 2513 1769 Filium
2562 1714 2709 1769 enim
2736 1713 3048 1783 generabis,
3082 1729 3182 1783 per
3222 1729 3382 1783 quem
3426 1730 3515 1769 re-

1920 1808 2109 1862 missio
2132 1807 2241 1862 erit
2270 1815 2645 1876 peccatorum.
2674 1805 2779 1859 Alii
2824 1815 3008 1860 autem
3045 1806 3125 1860 sic
3152 1803 3469 1872 intelligunt
3494 1822 3510 1859 :

1919 1897 2186 1967 Quoniam
2225 1899 2479 1955 exaudita
2513 1908 2597 1954 est
2627 1896 2942 1968 deprecatio
2977 1907 3092 1964 tua,
3132 1896 3421 1964 Zacharia,
3460 1907 3518 1952 et

1919 1992 2131 2047 remisit
2177 1991 2320 2046 Deus
2387 2000 2611 2061 peccata
2670 1990 2890 2059 populo.
2953 1990 3155 2043 Deinde
3204 1991 3361 2059 quasi
3420 1989 3511 2044 ille

1918 2084 2145 2139 dixisset
2179 2084 2411 2155 angelo:
2457 2083 2611 2139 Unde
2653 2083 2757 2139 hoc
2799 2081 3189 2137 manifestum?
3234 2082 3369 2137 dicit
3417 2098 3518 2137 an-

1918 2178 2105 2247 gelus:
2140 2179 2255 2233 Hoc
2290 2178 2386 2235 tibi
2426 2178 2641 2248 signum
2672 2178 2762 2241 do,
2798 2177 2942 2256 quod
2990 2174 3168 2243 pariet
3205 2176 3297 2231 tibi
3338 2177 3511 2231 tilium

1916 2270 2219 2335 Elisabeth,
2252 2279 2307 2324 et
2346 2271 2422 2324 ita
2474 2286 2570 2339 per
2614 2271 2969 2339 puerperium
3016 2269 3294 2326 Elisaheth
3329 2269 3514 2327 credi-

1918 2354 2025 2420 bile
2057 2365 2152 2419 tibi
2180 2364 2253 2420 sit
2286 2364 2515 2420 remissa
2548 2377 2669 2420 esse
2692 2374 2913 2435 peccata
2951 2364 3168 2435 populo.

1988 2538 2148 2593 Vens.
2183 2539 2371 2594 i5-l7.
2412 2558 2431 2592 ι
2457 2540 2574 2594 Erit
2603 2540 2745 2595 enim
2775 2556 3001 2612 magnus
3026 2556 3211 2596 coram
3252 2540 3508 2605 Domino,

1915 2647 1979 2686 ac
2007 2634 2189 2686 vinum
2224 2641 2279 2687 et
2319 2633 2549 2687 siceram
2603 2648 2709 2686 non
2752 2632 2937 2686 bibet:
2968 2643 3024 2687 et
3070 2633 3278 2703 Spiritu
3318 2642 3512 2688 sancto

1915 2724 2215 2792 replebitur
2240 2723 2350 2789 jam
2377 2724 2501 2779 inde
2532 2724 2599 2778 ab
2628 2734 2785 2781 utero
2818 2727 3009 2780 matris
3036 2740 3170 2790 suae,
3203 2725 3511 2795 multosque

1914 2829 1979 2869 ex
2009 2815 2133 2869 [iliis
2178 2812 2351 2869 Israel
2394 2825 2677 2870 convertet
2710 2816 2775 2871 ad
2802 2815 3088 2871 Dominum
3141 2816 3306 2871 Deum
3360 2817 3503 2885 ipsov

1915 2919 2062 2957 rum:
2096 2913 2151 2958 et
2192 2904 2309 2973 ipse
2356 2904 2627 2974 praecedet
2676 2915 2803 2961 ante
2852 2907 3000 2960 illum
3053 2922 3177 2961 cum
3214 2906 3411 2977 spiritu
3444 2921 3509 2962 ac

1912 2998 2112 3049 virtute
2148 2994 2339 3063 Helia,
2372 3008 2431 3051 ut
2458 3007 2747 3053 convertat
2770 3001 2933 3053 corda
2966 3010 3183 3068 patrum
3238 3004 3289 3054 in
3342 3001 3504 3065 filios,

1910 3098 1965 3142 et
1987 3087 2363 3145 inobedientes
2391 3092 2457 3145 ad
2500 3090 2849 3161 prudentiam
2867 3091 3201 3160 Justorum:
3245 3103 3304 3147 ut
3349 3102 3510 3164 paret

216 3185 509 3255 ἑτοιμάσαι
564 3187 757 3257 Κυρίῳ
786 3187 915 3241 λαὸν
970 3188 1508 3257 κατεσκευασμένον.
1557 3208 1573 3235 ι
1615 3190 1806 3256 Μέγαν

1914 3178 2142 3235 Domino
2176 3181 2391 3247 plebem
2423 3191 2807 3252 praeparatam.
2852 3201 2872 3235 ι
2905 3182 3160 3254 Magnum
3194 3182 3313 3240 fore
3338 3183 3502 3241 Joan-

214 3276 439 3331 ἔσεσθαι
466 3276 561 3330 τὸν
604 3277 858 3348 Ἰωάννην
893 3276 1291 3343 ἐπαγγέλλεται
1347 3279 1374 3329 6
1407 3277 1660 3345 ἄγγελος,
1689 3277 1809 3331 ἀλλ’

213 3366 450 3421 ἐνώπιον
478 3367 573 3421 τοῦ
608 3368 817 3439 Κυρίου
840 3385 853 3399 ·
908 3368 1095 3422 πολλοὶ
1144 3370 1254 3438 γὰρ
1288 3371 1513 3439 μεγάλοι
1554 3369 1806 3438 λέγονται

212 3458 449 3513 ἐνώπιον
496 3459 606 3513 τῶν
655 3457 985 3529 ἀνθρώπων,
1042 3464 1138 3513 καὶ
1173 3462 1233 3513 οὑ
1266 3460 1359 3514 τοῦ
1410 3461 1545 3514 Θεοῦ
1569 3479 1581 3491 ’
1616 3457 1717 3515 οἶοι
1756 3464 1807 3516 oi

214 3551 540 3623 ὑποκριταί’
579 3554 754 3623 μέγας
784 3552 837 3605 δὲ
858 3554 885 3605 6
924 3553 1177 3622 Ἰωάννης
1202 3553 1343 3607 κατὰ
1363 3553 1543 3624 ψυχήν
1569 3570 1581 3583 ⁸
1613 3554 1804 3626 ὥσπερ

212 3643 315 3695 καὶ
348 3643 541 3712 μικρὸς
570 3641 713 3694 κατὰ
742 3641 921 3715 ψυχὴν
956 3645 1059 3705 πᾶς
1096 3646 1122 3695 6
1151 3644 1641 3713 σκανδαλιζόμενος
1665 3663 1677 3677 ο
1710 3647 1805 3698 οὖ-

210 3736 326 3797 δεὶς
350 3735 460 3804 γὰρ
498 3735 675 3805 μέγας
709 3726 1146 3803 σκανδαλίζεται,
1200 3737 1315 3790 ἀλλ’
1353 3740 1401 3791 οἱ
1468 3740 1657 3809 μικροὶ
1708 3741 1805 3793 καὶ

211 3828 547 3897 ὀλιγόψυχοι.
575 3828 715 3897 Φησὶ
744 3829 875 3897 γοῦν
920 3832 947 3883 6
977 3830 1182 3901 Κύριος
1202 3848 1216 3862 ·
1251 3833 1345 3894 ὐς
1384 3832 1447 3884 ἂν
1473 3832 1805 3906 σκανδαλίσῃ

212 3920 314 3972 ἕνα
342 3919 452 3971 τῶν
500 3918 744 3988 μικρῶν.
781 3920 999 3989 ’Ὠσπερ
1025 3922 1081 3973 δὲ
1110 3922 1160 3973 oi
1191 3923 1445 3986 τεκόντες
1481 3924 1571 3977 τὸν
1616 3925 1797 3977 Ἰωάν-

210 4026 337 4076 νην,
370 4009 568 4063 δίκαιοι
597 4006 738 4080 ἦσαν
759 4010 992 4066 ἐνώπιον
1020 4012 1113 4065 τοῦ
1133 4013 1291 4078 Θεοῦ,
1330 4014 1590 4098 οὕτωοκαὶ
1617 4017 1644 4068 6
1674 4018 1804 4079 παῖς

212 4099 397 4153 αὐτῶν
427 4099 601 4167 μέγας
636 4097 867 4152 ἐνώπιον
916 4100 1010 4152 τοῦ
1045 4101 1255 4171 Κυρίου
1278 4117 1290 4130 ·
1327 4101 1522 4171 σίκερα
1549 4102 1603 4153 δὲ
1642 4102 1801 4169 λέγε-

211 4206 305 4243 ται
360 4191 466 4243 πᾶν
491 4190 550 4242 τὸ
578 4190 747 4259 μέθην
778 4192 1029 4257 ἐμποιεῖν
1059 4192 1383 4261 δυνάμενον,
1437 4194 1537 4245 οὑκ
1561 4191 1621 4245 ὃν
1658 4192 1713 4245 δὲ
1742 4194 1801 4260 ἐξ

211 4280 484 4350 ἀμπέλου.
525 4280 617 4333 Ἐν
648 4286 713 4352 τῇ
740 4282 919 4353 κοιλίᾳ
945 4283 1001 4336 δὲ
1028 4282 1129 4353 τῆς
1161 4285 1366 4355 μητρὸς
1390 4283 1465 4337 ὣν
1496 4284 1597 4350 ἔτι,
1629 4286 1797 4356 ἐπλή-

211 4372 317 4443 σθη
348 4373 663 4443 Πνεύματος
691 4375 849 4441 ἁγίου
892 4393 905 4407 -
935 4376 1022 4427 ὅτε
1068 4371 1288 4446 ἧλθενή
1320 4378 1522 4449 Μήτηρ
1554 4376 1649 4429 τοῦ
1685 4378 1801 4430 Κυ-

214 4463 333 4531 ρίου
368 4463 504 4534 πρδς
531 4464 628 4534 τὴν
676 4465 983 4527 Ἐλισάεετ,
1022 4469 1115 4520 καὶ
1154 4466 1449 4538 ἐσκίρτησε
1486 4468 1549 4521 τὸ
1594 4468 1798 4539 βρέφος

1912 3285 2034 3326 nem
2085 3272 2333 3341 ιιι-αξᾶίσῆ
2383 3271 2629 3342 angelus,
2673 3273 2771 3329 sed
2801 3288 2983 3329 coram
3018 3275 3181 3347 273
3226 3276 3505 3333 Domino:

1913 3362 2068 3415 multi
2110 3363 2256 3417 enim
2307 3364 2564 3419 dicuntur
2606 3366 2787 3435 magni
2840 3380 3024 3421 coram
3063 3369 3402 3435 hominibus,
3452 3380 3510 3425 at

1910 3468 2018 3507 non
2054 3456 2181 3507 item
2205 3470 2389 3509 coram
2424 3454 2557 3521 Deo,
2602 3466 2662 3510 ut
2698 3456 3019 3527 hypocrita}.
3056 3458 3282 3530 Magnus
3324 3471 3507 3517 autem

1908 3545 2151 3601 Joannes
2186 3548 2340 3617 juxta
2391 3548 2655 3615 animam,
2685 3549 2903 3603 sicutet
2940 3564 3142 3619 parvus
3180 3551 3334 3621 juxta
3384 3553 3509 3609 ani-

1911 3653 2050 3691 mam
2085 3638 2283 3693 dicitur
2307 3642 2487 3694 omnis
2522 3640 2617 3709 qui
2653 3641 3078 3697 scandalizatur.
3124 3640 3319 3697 Nullus
3358 3644 3508 3702 enim

1908 3744 2135 3797 magnus
2175 3724 2604 3794 scandaliiatur,
2636 3732 2731 3785 sed
2778 3733 2955 3801 parvi,
3003 3740 3054 3785 et
3106 3734 3504 3802 pusillanimes.

1907 3820 2050 3875 Dicit
2081 3821 2248 3891 igitur
2285 3822 2587 3879 Dominus:
2627 3842 2645 3875 ι
2681 3822 2782 3891 Qui
2830 3826 3291 3881 scandalizaverit
3339 3844 3506 3883 unum

1906 3930 1970 3968 ex
2001 3914 2181 3982 parvis
2204 3917 2245 3968 ⁸.
2275 3933 2295 3967 ι
2316 3914 2979 3980 Quemadmodumautem
3000 3918 3051 3971 hi
3076 3918 3169 3986 qui
3194 3929 3505 3988 genuerunt

1904 4004 2194 4074 Joannem,
2244 4007 2377 4076 justi
2438 4008 2659 4065 fuerunt
2707 4024 2893 4064 coram
2947 4008 3077 4075 Deo,
3144 4014 3224 4067 sic
3273 4024 3328 4067 et
3373 4028 3509 4081 puer

1904 4100 2143 4169 ipsorum
2178 4114 2408 4168 magnus
2440 4116 2630 4156 coram
2676 4102 2925 4157 Domino.
2972 4101 3159 4158 Sicera
3197 4116 3381 4159 autem
3416 4108 3505 4162 di-

1904 4187 2054 4242 citur
2111 4202 2276 4243 omne
2324 4190 2470 4259 quod
2518 4190 2796 4246 inebriare
2826 4202 3028 4263 potest,
3073 4204 3129 4248 et
3166 4211 3270 4249 non
3318 4207 3401 4251 est
3438 4214 3506 4253 ex

1904 4278 2035 4337 vite.
2078 4278 2216 4335 Cum
2258 4292 2443 4336 autem
2475 4293 2622 4337 esset
2659 4283 2837 4338 adhuc
2890 4284 2944 4337 in
2998 4294 3156 4339 utero
3189 4289 3378 4343 matris
3418 4306 3505 4344 re-

1905 4370 2081 4441 pletus
2114 4379 2197 4426 est
2228 4372 2435 4442 Spiritu
2500 4385 2714 4439 sancto,
2763 4377 2980 4445 quando
3050 4377 3227 4432 Mater
3290 4382 3502 4436 Domini

1903 4464 2052 4518 venit
2102 4464 2167 4519 ad
2198 4463 2497 4529 Elisabeth,
2527 4475 2579 4521 et
2617 4469 2912 4523 exsulavit
2958 4485 3069 4538 pra:
3094 4472 3290 4539 gaudio
3320 4473 3505 4529 infans

208 4554 617 4624 άγαλλιώμενον
648 4557 737 4611 διὰ
769 4559 867 4627 τὴν
912 4557 1006 4610 τοῦ
1041 4558 1251 4629 Κυρίου
1294 4561 1622 4629 παρουσίαν.
1670 4560 1801 4614 Ἐπ-

1914 4566 2134 4625 pr0pter
2161 4558 2457 4612 adventum
2514 4560 2748 4616 Domini.
2794 4561 2965 4619 Porro
3014 4567 3283 4621 convertit
3335 4570 3501 4622 corda

208 4647 443 4717 έστρεψε
480 4648 536 4700 δὲ
569 4649 795 4718 καρδίας
834 4649 1087 4720 πατέρων
1121 4653 1213 4703 ἐπὶ
1268 4653 1433 4705 τέκνα
1455 4693 1469 4706 .
1525 4652 1793 4719 τουτέστι,

206 4739 319 4793 τῶν
359 4737 626 4809 Ἐὄραίων
679 4742 775 4795 ἐπὶ
803 4742 930 4805 τοὺς
986 4742 1353 4805 ἀποστόλους·
1409 4744 1646 4813 πατέρες
1695 4746 1796 4808 μὲν

206 4827 321 4898 γὰρ
347 4822 487 4899 ἦσαν
539 4831 589 4883 οί
639 4831 879 4884 Ἰουδαῖοι
907 4848 919 4861 ·
958 4834 1127 4885 τέκνα
1157 4832 1215 4886 δὲ
1256 4831 1461 4887 τούτων
1485 4836 1532 4887 oi
1563 4835 1797 4888 ἀπόστο-

206 4918 316 4974 λοι.
349 4918 718 4991 Ἐπέστρεψεν
742 4921 947 4986 οὖντὰς
977 4924 1207 4994 καρδίας
1236 4924 1348 4977 τῶν
1393 4926 1669 4978 Ἰουδαίων
1698 4927 1795 4979 ἐπὶ

207 5012 339 5075 τοὺς
365 5013 717 5077 ἀποστόλους,
773 5016 1055 5071 διδάσκων
1104 5018 1360 5088 περὶτοῦ
1410 5018 1653 5091 Χριστοῦ
1704 5022 1797 5073 καὶ

212 5102 509 5172 μαρτυρῶν
530 5120 542 5133 °
588 5108 617 5158 6
660 5106 716 5159 δὲ
744 5106 992 5179 περὶτοῦ
1038 5109 1277 5179 Χριστοῦ
1312 5110 1632 5180 μαρτυρῶν,
1659 5112 1797 5165 πάν-

206 5210 317 5254 τως
356 5193 703 5261 ἀξιοπίστους
734 5201 878 5252 ποιεῖ
912 5202 1007 5254 καί¹
1057 5200 1183 5263 τοὺς
1216 5200 1471 5272 μαθητὰς
1505 5202 1703 5277 αὐτοῦ’
1730 5205 1792 5257 οὐ

208 5283 419 5348 πάντας
449 5284 507 5338 δὲ
536 5288 873 5359 ἐπέστρεψεν
914 5290 943 5341 6
980 5291 1255 5361 Ἰωάννης,
1290 5291 1429 5344 ἀλλὰ
1467 5282 1697 5357 πολλούς
1718 5311 1733 5327 ο
1765 5296 1795 5348 6

211 5376 395 5445 μέντοι
448 5378 650 5449 Κύριος
705 5383 911 5443 πάντας
965 5384 1269 5451 ἐφώτισεν·
1326 5386 1383 5438 ὲν
1420 5386 1708 5457 Πνεῦματι
1734 5388 1792 5441 δὲ

216 5466 403 5523 Ἠλιοῦ
458 5472 727 5543 προῆλθε,
784 5474 919 5529 καθὸ
951 5475 1145 5547 ὥσπερ
1185 5480 1265 5540 εἰς
1322 5478 1509 5533 Ἠλίαν
1554 5481 1587 5549 ή
1630 5481 1794 5551 χάρις

206 5559 533 5629 ινηργησιιν,
564 5562 709 5617 οὕτω
741 5566 833 5617 καὶ
856 5567 935 5629 είς
977 5567 1264 5637 Ἰωάννην·
1297 5568 1325 5621 ὅ
1357 5585 1418 5622 τε
1464 5570 1571 5640 γὰρ
1601 5570 1792 5634 Ἠλίας

202 5651 306 5721 τῆς
325 5651 584 5726 δευτέρας
634 5660 938 5728 παρουσίας
968 5660 1294 5732 πρόδρομος,
1335 5661 1429 5715 καὶ
1462 5664 1489 5715 6
1533 5663 1789 5735 Ἰωάννης

278 5841 299 5873 ⁸
337 5839 525 5898 Matth.
558 5859 708 5913 ινςιι,
742 5847 821 5903 16.

1908 4660 2123 4719 patrum
2156 4652 2221 4703 ad
2255 4651 2415 4716 tilias.
2443 4654 2545 4707 hoc
2576 4665 2680 4721 est,
2720 4655 3067 4710 llebrmorum
3103 4660 3171 4711 ad
3204 4660 3498 4729 apostolos.

1907 4744 2096 4799 Patres
2126 4748 2270 4802 enim
2298 4748 2516 4803 fuerunt
2542 4749 2738 4815 Jutlssi,
2770 4751 2982 4806 illorqu
3012 4764 3189 4807 autem
3214 4751 3311 4813 ﬁlii
3365 4771 3496 4826 apo-

1908 4837 2056 4893 stoli.
2080 4837 2366 4894 Convertit
2393 4840 2553 4909 igitur
2578 4845 2741 4895 corda
2763 4842 3080 4899 Juaizeorum
3109 4846 3175 4901 ad
3200 4847 3501 4917 apostolos.

1906 4929 2110 4985 docens
2154 4940 2209 4984 et
2256 4933 2559 4987 testiﬁcans
2613 4934 2679 4988 de
2731 4934 2974 4991 Christo.
3032 4937 3135 5003 Qui
3198 4951 3378 4994 autem
3437 4944 3503 4997 de

1905 5022 2129 5077 Christo
2179 5031 2413 5079 testatur
2437 5026 2662 5081 omnino
2718 5027 2825 5083 title
2864 5030 3054 5097 dignos
3087 5032 3215 5086 iacit
3250 5044 3305 5087 et
3334 5034 3503 5088 disci-

1912 5113 2071 5185 pulos
2122 5116 2315 5185 ipsius.
2361 5116 2479 5172 Non
2528 5134 2722 5175 omnes
2771 5124 3041 5177 convertit
3088 5122 3347 5190 Joannes,
3406 5129 3501 5181 sed

1906 5206 2140 5261 multos:
2193 5206 2447 5261 Christus
2498 5219 2680 5264 autem
2709 5225 2899 5267 omnes
2950 5214 3303 5269 illuminavit.
3345 5220 3413 5271 At
3446 5218 3497 5270 in

1906 5298 2099 5368 spiritu
2134 5299 2266 5355 Elize
2298 5304 2594 5371 pracessit.
2662 5303 2818 5359 Sicut
2863 5306 3009 5361 enim
3061 5308 3111 5362 in
3169 5308 3281 5363 Elia
3306 5308 3498 5364 etiicax

1906 5388 2005 5442 fuit
2030 5389 2227 5457 gratia,
2254 5390 2329 5445 ita
2364 5402 2420 5446 et
2448 5394 2500 5448 in
2544 5393 2769 5451 Joanne.
2830 5396 2895 5450 Et
2927 5400 3068 5453 sicut
3095 5400 3241 5455 Elius
3271 5403 3495 5458 secundi

1902 5480 2169 5536 adventus
2201 5499 2526 5552 prwcursor,
2566 5489 2642 5543 ita
2670 5498 2725 5544 et
2755 5489 2994 5546 Joannes
3030 5493 3217 5561 primi.
3267 5493 3326 5548 In
3374 5495 3489 5549 vir-

1904 5582 2019 5628 tute
2054 5583 2233 5630 autem
2270 5574 2425 5645 Elian,
2486 5596 2553 5635 eo
2588 5585 2733 5653 quod
2780 5584 2922 5637 idem
2954 5594 3189 5654 possunt
3220 5586 3488 5641 adventus

1900 5664 2209 5735 amborum;
2252 5669 2415 5726 ambo
2439 5672 2587 5727 enim
2622 5674 2688 5729 ad
2712 5672 2993 5731 Christum
3019 5685 3379 5747 congregant.
3420 5675 3481 5732 ιςι
