4108 6334
594 353 703 418 699
1510 344 2086 408 THEOPHYLACTI
2138 342 2551 409 BULGARLE
2588 337 2946 402 ARCH’IEP.

595 466 778 529 a;iter,
812 462 867 518 in
909 463 1106 515 virtute
1150 473 1213 512 ac
1243 451 1443 527 ‘spiritu
1498 454 1664 511 Heliae
1701 456 1851 511 venit
1901 454 2155 521 Joannes,
2182 495 2194 516 ε

2297 457 2360 526 ἧς
2408 452 2655 526 πρώτης.
2712 451 2824 505 Kal
2876 450 2938 504 ὲν
2964 445 3197 518 δυνάμει
3244 445 3303 501 δι
3338 440 3567 507 Ἠλιοῦ,
3622 442 3843 499 καθδτδ

599 570 665 610 eo
688 554 831 624 quod
862 548 1084 605 eremita
1121 547 1223 601 fuit
1249 546 1409 601 etiam
1430 545 1565 615 ipse,
1598 553 1653 600 et
1681 545 1906 616 frugalis
1934 546 2081 605 vitae.
2107 554 2163 600 et

607 658 839 716 arguens
881 643 1021 697 sicut
1072 640 1177 693 ille.
1236 637 1520 693 Convertit
1561 648 1742 691 autem
1772 646 1829 692 et
1857 636 2165 693 incredulos

603 738 815 791 Jmlaeos
846 733 911 787 ad
944 730 1281 802 prudentiam
1313 727 1605 797 iustorum,
1631 727 1735 783 hoc
1766 735 1868 791 est,
1893 727 2167 796 apostolo—

606 841 723 879 rum
779 823 1098 879 doctrinam.
1182 820 1472 875 Prudentia
1526 829 1707 875 autem
1798 820 2166 889 apostolorum

607 917 782 984 gratia
840 926 922 969 est
955 914 1191 980 Spiritus
1221 914 1273 967 in
1308 914 1433 980 illis,
1469 930 1498 969 a
1545 930 1646 981 qua
1698 912 2165 983 gubernabantur.

609 1005 932 1076 Prmpamvit
963 1019 1176 1074 quoque
1212 1005 1455 1071 Domino,
1492 1005 1542 1058 id
1582 1014 1665 1060 est
1696 1004 1933 1069 Christo,
1963 1002 2167 1074 plebem

492 1100 495 1103 ’
611 1109 984 1166 praeparatam,
1035 1098 1137 1151 hoc
1183 1108 1266 1151 est
1317 1110 1569 1165 capacem
1652 1095 1718 1148 ad
1770 1095 2170 1165 suscipiendam

611 1190 1060 1259 prmdicationem,
1090 1197 1147 1243 ut
1172 1188 1399 1256 exempli
1442 1189 1638 1257 gratia,
1673 1188 1889 1257 quando
1923 1186 2169 1241 veniebat

611 1277 1145 1349 propheuﬁquispiam
1170 1276 1490 1345 przedicans,
1514 1291 1618 1329 non
1647 1288 1834 1329 omnes
1859 1272 2172 1338 credebant,

612 1373 705 1426 sed
737 1371 825 1439 qui
864 1369 1145 1439 praeparati
1179 1379 1358 1432 erant,
1380 1377 1434 1421 et
1464 1368 1555 1438 qui
1578 1366 1792 1436 seipsos
1822 1367 1889 1420 ad
1937 1366 2040 1419 hoc
2084 1381 2177 1419 ac-

615 1461 1044 1517 commodabant.
1078 1458 1209 1514 Nam
1256 1461 1398 1514 sicut
1442 1458 1487 1513 si
1543 1460 1667 1528 quis
1708 1466 1867 1513 noctu
1908 1457 2090 1512 veniat
2122 1458 2177 1511 in

614 1553 851 1617 domum,
888 1566 991 1606 non
1020 1566 1208 1606 omnes
1232 1550 1379 1604 illum
1408 1548 1707 1617 excipiunt,
1741 1549 1833 1603 sed
1858 1547 1952 1619 qui
1986 1546 2175 1618 vigiles

617 1651 741 1698 sunt
771 1650 1211 1711 exspectantque,
1241 1651 1295 1695 et
1320 1640 1387 1695 ad
1412 1639 1787 1708 excipiendum
1817 1640 1990 1709 parati
2018 1648 2178 1694 sunt:

616 1732 697 1787 sic
736 1742 791 1787 et
826 1729 1059 1787 Joannes
1117 1731 1441 1800 praeparavit
1478 1728 1709 1785 Domino
1762 1730 2036 1801 p0pulum,
2072 1743 2177 1784 non

2264 546 2397 602 abab
2410 546 2663 601 δύνανται
2692 545 2747 598 αἰ
2771 538 3069 613 παρουσίαι-
3090 537 3439 609 ἀμφοτιρων,
3459 535 3555 589 τοῦ
3576 551 3639 588 τε
3662 534 3841 589 Ἠλιοῦ

2265 639 2361 693 καὶ
2389 636 2485 690 τοῦ
2524 635 2804 690 Ἰωάννου·
2844 632 2981 706 πρὸς
3006 631 3115 701 γὰρ
3135 630 3228 684 τὸν
3255 626 3493 701 Χριστὸν
3526 626 3841 691 συνάγουσι.

2266 731 2376 784 Kal.
2404 729 2584 793 ἄλλως
2606 728 2664 782 δὲ
2692 729 2750 781 ὲν
2770 727 2997 797 δυνάμει
3026 725 3120 779 καὶ
3154 721 3431 793 πνεύματι
3463 718 3654 775 Ἠλιοῦ
3686 714 3842 789 ἦλθεν

2266 823 2295 875 6
2342 822 2620 892 Ἰωάννης,
2651 820 2787 874 διότι
2815 818 3085 890 ἰρημίτης
3131 810 3199 889 ἦν
3223 814 3321 869 καὶ
3345 814 3529 878 αὐτὸς,
3586 813 3687 867 καὶ
3715 810 3847 864 ἀπε-

2275 928 2474 984 ριττος,
2536 912 2634 965 καὶ
2679 909 2996 977 ἐλεγκτικὸς
3037 906 3113 971 ὡς
3159 909 3389 968 ικεῖνος.
3424 899 3762 971 Ἑπέστρεψε
3794 897 3850 951 δὲ

2273 1004 2365 1058 καί
2414 1004 2539 1066 τοὺς
2568 1000 2814 1066 ἀπειθεῖς
2878 997 3167 1062 Ἰουδαίους
3202 998 3261 1051 ιν
3308 997 3375 1068 τῇ
3422 995 3684 1064 φρονήσει
3743 990 3847 1045 τῶν

2273 1095 2521 1161 δικαίων,
2576 1092 2844 1159 τουτέστι,
2879 1094 2945 1164 τῇ
3002 1090 3111 1144 τῶν
3133 1087 3448 1143 ἀποστόλων
3482 1081 3811 1153 διδασκαλία
3833 1096 3848 1110 ·

2275 1190 2539 1259 φρόνησις
2571 1188 2682 1258 γάρ
2714 1185 2825 1240 τῶν
2845 1183 3182 1246 ἀποστόλων,
3208 1183 3242 1251 ἡ
3274 1182 3333 1234 ἰν
3356 1179 3547 1243 αὐτοῖς,
3566 1176 3663 1231 τοῦ
3687 1173 3854 1229 Πνεῦ-

2279 1296 2445 1349 ματος
2481 1279 2660 1350 χάρις,
2704 1277 2794 1346 ὑφ’
2822 1271 2893 1349 ἦς
2923 1272 3313 1346 ἰκυϐερνῶντο.
3359 1270 3658 1340 Ἠτοίμασε
3691 1267 3749 1321 δε
3779 1265 3855 1337 τῷ

2277 1371 2488 1443 Κυρίῳ,
2509 1369 2756 1424 τουτέστι
2796 1366 2875 1437 τῷ
2903 1364 3147 1440 Χριστῷ,
3172 1363 3303 1420 λαδν
3319 1359 3852 1431 κατεσκευασμένον,

2277 1461 2577 1527 τουτίστιν,
2636 1460 3063 1532 ιμπαράσκευον
3111 1458 3252 1529 πρὸς
3296 1456 3359 1511 τὸ
3389 1453 3758 1520 ὑποδέξασθαι
3799 1451 3858 1506 τδ

2278 1554 2541 1626 κήρυγμα
2564 1570 2579 1586 ο
2624 1549 2736 1609 οἷόν
2764 1570 2816 1609 τι
2844 1552 3029 1621 λόγωζο
3082 1550 3336 1607 Ἐπειδὰν
3361 1548 3509 1603 ιλοοι
3532 1565 3616 1611 τις
3648 1546 3859 1618 προφή-

2277 1663 2379 1717 της
2429 1645 2739 1717 κηρύττων,
2797 1645 2858 1699 οὐ
2906 1644 3112 1707 πάντες
3144 1642 3451 1707 ἀπίστευον,
3486 1640 3606 1695 ἀλλ’
3640 1639 3690 1692 οί
3733 1653 3861 1691 atas-

2281 1737 2695 1809 εσκευασμενοι,
2710 1736 3009 1803 τουτέστιν,
3032 1736 3081 1790 οί
3104 1732 3605 1807 προετοιμάσαντες
3634 1727 3863 1791 ἑαυτοῦ(

620 1823 950 1879 iucredulum
970 1818 1212 1892 quidem,
1238 1823 1331 1877 sed
1356 1822 1692 1877 elaboratum
1740 1831 1795 1877 et
1818 1812 2177 1891 praeparatum

2297 1829 2366 1893 ιίς
2395 1827 2575 1884 τοῦτο.
2599 1829 2815 1899 Ὠσπερ
2844 1829 2955 1900 γάρ
2993 1828 3089 1883 ἰάν
3137 1827 3281 1883 ῑλθοι
3308 1844 3391 1890 τις
3426 1828 3508 1888 εἰς
3552 1822 3732 1879 οἰκίαν
3776 1839 3864 1873 νυ·

619 1914 685 1967 ad
705 1915 1102 1984 suscipiendum
1134 1914 1441 1969 Dominum.

2294 1918 2442 1985 κτδς.
2500 1922 2561 1975 οὐ
2593 1921 2795 1985 πάντες
2839 1921 3001 1974 αὐτὸν
3054 1920 3424 1991 ὑποδέχονται,
3455 1916 3571 1971 ἀλλ’
3604 1917 3656 1970 οἰ
3701 1916 3863 1983 αρτ.-

618 2008 839 2077 γορότες
870 2008 961 2061 xal.
987 2007 1393 2074 προσδοκῶντες
1427 2008 1591 2061 αὐτὸν
1628 2008 1723 2061 καί
1766 2008 2186 2078 ἑτοιμασθίντες
2220 2012 2299 2075 εἰς
2329 2014 2391 2067 τὸ
2458 2014 2857 2080 ὑποδέξασθαι·
2924 2014 3067 2069 οὕτω
3092 2016 3185 2069 καὶ
3218 2016 3246 2067 6
3287 2014 3543 2082 Ἰωάννης
3599 2010 3874 2081 ἡτοίμαςι

620 2097 698 2167 τῷ
730 2098 919 2169 Κυρίῳ
975 2099 1121 2160 λαὸν,
1159 2097 1272 2151 ἀλλ’
1329 2099 1389 2152 οὐ
1432 2100 1523 2152 τὸν
1576 2097 1801 2169 ἀπειθῆ,
1856 2098 1947 2152 τὸν
1998 2098 2055 2153 δι
2106 2104 2636 2176 κατεσκευασμένον,
2697 2104 2726 2159 6
2796 2103 2916 2158 ἐστι
2977 2102 3507 2175 προητοιμασμένον,
3556 2103 3639 2165 εἰς
3671 2096 3868 2153 ὑποδο-

623 2192 725 2267 χὴν
748 2194 840 2247 τοῦ
869 2194 1131 2265 Χριστοῦ.

695 2286 857 2341 Vsus.
889 2288 1073 2342 18-20.
1120 2307 1139 2342 ε
1184 2288 1251 2344 Ει
1282 2289 1420 2345 dixit
1464 2290 1757 2347 Zacharias
1791 2291 1856 2347 ad
1889 2291 2137 2363 angelum
2165 2307 2180 2348 :

625 2380 741 2446 Quo
762 2387 1078 2450 argumento
1104 2396 1423 2451 cognoscam
1452 2381 1626 2437 illud?
1656 2383 1765 2453 Ego
1785 2383 1927 2437 enim
1953 2400 2073 2438 sum
2104 2398 2191 2440 se-

628 2485 752 2535 nex,
773 2478 826 2525 et
856 2485 992 2525 uxor
1012 2486 1126 2526 mea
1154 2480 1422 2541 provectae
1436 2472 1613 2527 relatis
1635 2484 1741 2529 est.
1762 2475 1831 2527 At
1856 2474 2189 2544 respondens

626 2563 870 2632 angelus,
916 2562 1048 2617 dixit
1091 2562 1173 2617 ei:
1226 2564 1339 2633 Ego
1380 2578 1501 2619 sum
1541 2563 1779 2630 Gabriel,
1809 2567 1902 2634 qui
1942 2564 2089 2620 astili
2129 2566 2184 2621 in

630 2661 919 2719 conspectu
954 2653 1071 2718 Dei,
1106 2654 1411 2724 missusque
1445 2670 1562 2710 sum
1596 2668 1653 2708 ιιι
1681 2656 1871 2726 loquar
1906 2656 1971 2712 ad
2016 2666 2088 2722 te,
2136 2666 2192 2712 et

628 2744 746 2799 haec
773 2744 869 2799 tibi
906 2746 1023 2801 laeta
1054 2748 1326 2803 nunziem.
1355 2746 1425 2803 Et
1467 2763 1595 2804 ecce
1632 2748 1868 2804 futurum
1892 2762 1977 2807 est
2015 2761 2075 2806 ut
2117 2754 2193 2807 sis

633 2835 849 2902 tacitus,
870 2851 969 2891 nec
1000 2837 1100 2893 fari
1132 2839 1305 2909 possis
1330 2840 1395 2893 ad
1417 2855 1539 2895 eum
1571 2855 1743 2911 usque
1772 2842 1912 2896 diem
1936 2858 2047 2912 quo
2070 2845 2185 2899 haec

635 2926 787 2993 flant,
811 2942 876 2983 eo
896 2930 1039 2997 quod
1074 2945 1179 2984 non
1210 2931 1485 2986 credidisti
1516 2933 1693 2988 verbis
1727 2936 1882 2999 meis,
1915 2951 2033 3005 qua
2085 2936 2192 2989 im-

631 3017 918 3086 plebuntnr
946 3018 997 3073 in
1040 3030 1283 3089 tempore
1313 3036 1432 3077 suo.
1477 3041 1496 3075 ι
1530 3021 1771 3079 Tametsi
1804 3025 1980 3095 justus
2025 3025 2189 3099 274

2366 2313 2384 2345 ε
2414 2292 2527 2347 Καὶ
2560 2285 2680 2345 εἰπε
2715 2287 2997 2361 Ζαχαρίας
3027 2284 3165 2357 πρὸς
3196 2282 3285 2337 τὸν
3312 2278 3542 2349 ἀγγελον
3576 2292 3591 2307 ο
3629 2273 3794 2331 Κατά
3818 2272 3873 2327 τί

2291 2386 2570 2458 γνώσομαι
2619 2381 2805 2448 τοῦτο;
2854 2378 2994 2449 Ἐγὼ
3044 2377 3154 2447 γάρ
3182 2376 3298 2445 εἰμι
3344 2367 3682 2442 πρεσϐύτης,
3715 2366 3869 2434 καἰὴ

2290 2481 2428 2553 γυνή
2460 2495 2564 2550 μου
2600 2474 2977 2546 προϐεϐηκυῖα
3006 2473 3062 2524 ἰν
3095 2471 3215 2532 ταῖς
3256 2469 3495 2537 ἡμέραις
3525 2462 3745 2553 αὐτῆς.-
3765 2458 3875 2553 καὶ

2292 2547 2611 2643 ἀποκριθεὶς
2636 2570 2664 2623 ό
2694 2566 2926 2636 ἄγγελος
2947 2558 3101 2618 εἶπεν
3116 2560 3290 2630 αὐτῷ*
3326 2556 3464 2625 Ἐγώ
3492 2556 3611 2623 εἰμι
3634 2547 3877 2643 Γαϐριὴλ

2292 2668 2322 2719 6
2348 2641 2708 2734 παρεστηκὼς
2735 2657 2969 2712 ἐνώπιον
2999 2652 3092 2708 τοῦ
3113 2651 3271 2714 Θεοῦ,
3311 2648 3405 2704 καὶ⁵
3432 2644 3747 2713 ἀπεστάλην
3780 2641 3877 2734 1a.-

2293 2732 2455 2823 λῆσαι
2493 2754 2630 2823 πρὸς
2658 2751 2741 2815 at,
2769 2750 2862 2803 καὶ
2912 2739 3371 2815 εὐαγγελίσασθαί
3408 2756 3490 2793 σοι
3522 2736 3729 2791 ταῦτα’
3782 2732 3875 2787 καὶ

2299 2847 2409 2900 ἰδοὺ
2440 2845 2540 2916 [an
2569 2841 2793 2897 σιωπῶν
2824 2839 2920 2893 καὶ
2954 2836 3032 2909 μὴ
3062 2835 3360 2904 δυνάμενος
3402 2830 3659 2900 λαλῆσαι,
3716 2826 3875 2899 ἄχρις

2292 2934 2359 3012 ἧς
2380 2938 2594 3008 ἡμέρας
2622 2934 2848 3005 γένηται
2881 2929 3053 2985 ταῦτα
3082 2946 3097 2962 ο
3142 2926 3261 2983 ἀνθ’
3294 2918 3370 2980 ὧν
3416 2922 3517 2976 οὐκ
3546 2920 3879 3012 ἐπίστευσας

2297 3009 2410 3093 τοίς
2438 3029 2615 3095 λόγοις
2650 3042 2775 3097 μου,
2806 3023 3001 3086 οἵτινες
3042 3016 3492 3089 πληρωθήσονται
3520 3015 3600 3075 εἰς
3632 3009 3724 3064 τὸν
3757 3024 3878 3061 και-

630 3118 777 3164 esset
810 3108 1105 3167 Zacharias
1163 3120 1218 3167 et
1268 3123 1510 3178 sanctus,
1550 3116 1847 3185 respiciens
1901 3126 2084 3173 tamen
2125 3097 2192 3172 ad

2301 3122 2393 3193 ρὺν
2441 3117 2644 3174 αὐτῶν.
2687 3135 2705 3170 ι
2773 3116 2836 3170 Εἰ
2894 3113 2989 3169 καὶ
3036 3111 3244 3173 δίκαιος
3300 3102 3371 3177 ἦν
3402 3108 3432 3159 6
3468 3101 3752 3173 Ζαχαρίας
3784 3097 3878 3154 καὶ

635 3202 993 3270 prodigiosam
1017 3204 1423 3273 generationem
1452 3206 1569 3268 lilii,
1595 3223 1700 3261 non
1724 3206 1884 3263 facile
1913 3208 2193 3265 credebat.

634 3294 846 3350 idcirco
870 3306 924 3351 et
958 3299 1180 3367 angelus
1216 3314 1368 3354 suam
1398 3302 1715 3369 dignitatem
1745 3302 1874 3359 dicit
1899 3322 1913 3359 :
1947 3303 2059 3374 Ego
2079 3319 2197 3359 smn

629 3382 869 3454 Gabriel,
909 3390 998 3459 qui
1033 3390 1179 3444 astili
1228 3392 1282 3445 in
1337 3404 1631 3461 conSpectu
1656 3392 1773 3459 Dei,
1808 3410 1913 3450 non
1948 3396 2202 3451 seductor

634 3479 863 3544 daemon,
901 3483 996 3536 sed
1026 3483 1249 3551 angelus
1280 3484 1394 3538 Dei.
1433 3484 1599 3555 Igitur
1629 3487 1758 3555 quia
1785 3486 2073 3553 discredis,
2100 3502 2200 3558 ego

636 3582 688 3627 te
709 3570 901 3627 faciam
939 3576 1184 3640 surdum,
1206 3586 1260 3630 et
1294 3576 1440 3646 loqui
1474 3594 1579 3631 non
1617 3581 1841 3647 poteris.
1878 3579 2071 3635 Merito
2100 3596 2200 3635 au-

637 3672 742 3717 tem
772 3663 879 3717 duo
924 3665 1039 3718 hzec
1070 3680 1256 3733 passus
1283 3676 1387 3732 est,
1428 3676 1483 3721 et
1529 3672 1805 3737 quodnon
1865 3670 2095 3736 audiret,
2148 3679 2206 3725 et

638 3769 743 3808 non
780 3755 1105 3823 loqueretur.
1144 3758 1279 3827 Quia
1309 3760 1452 3813 enim
1489 3776 1593 3814 non
1621 3762 1924 3827 obedierat,
1948 3762 2206 3818 condem-

641 3855 800 3899 natur
818 3854 877 3899 ut
899 3848 1091 3903 surdus
1120 3850 1222 3904 sit:
1253 3860 1307 3905 et
1334 3849 1460 3919 quia
1493 3852 1919 3920 contradixerat,
1940 3864 1999 3909 ut
2017 3856 2201 3911 sileat.

646 3938 1019 3994 Verumtamen
1051 3941 1605 4013 praeﬁgurabatetiam
1632 3960 1692 3999 ea
1720 3961 1838 4015 qua:
1866 3945 2063 4002 Iudaeis
2080 3964 2204 4004 ενο-

644 4039 861 4084 nerunt.
903 4029 1036 4085 Nam
1070 4033 1206 4088 sicut
1246 4034 1334 4088 hic
1353 4049 1516 4090 senex
1548 4046 1599 4091 et
1628 4037 1830 4093 sterilis
1864 4048 1917 4092 et
1949 4039 2205 4094 incredu—

642 4120 723 4175 lus
756 4122 961 4190 peperit
1006 4122 1173 4177 lilium
1237 4126 1511 4194 prophetis
1550 4127 1809 4195 majorem
1852 4143 1865 4180 :
1901 4128 1973 4183 ita
2007 4138 2063 4182 et
2113 4126 2206 4183 Ju-

642 4215 877 4269 daaerum
909 4217 1252 4284 congregatio
1275 4220 1583 4273 sacerdotio
1617 4220 1920 4275 inveterato
1959 4222 2208 4289 quamvis

640 4315 786 4358 ess»
812 4304 1038 4367 sterilis,
1088 4306 1357 4360 incredula
1387 4318 1440 4363 et
1492 4309 1823 4373 inohediens,
1864 4309 2095 4365 Verbum
2125 4320 2207 4363 ta.

643 4411 763 4449 men
794 4394 910 4460 Dei,
956 4397 1056 4451 hoc
1096 4408 1179 4452 est
1213 4400 1493 4453 Dominum
1544 4404 1957 4470 prophetarum,
1997 4400 2208 4471 peperit

2299 3216 2476 3285 ἅγιος,
2502 3215 2653 3282 ὅμως
2690 3209 2828 3282 πρὸς
2846 3208 2907 3262 τὸ
2937 3206 3220 3278 τεράστιον
3247 3202 3345 3273 τῆς
3374 3195 3723 3257 παιδοποιίας
3746 3195 3880 3285 dsco-

2301 3283 2538 3371 ϐλέπων,
2575 3306 2677 3359 οὐκ
2699 3302 2935 3364 εὐκόλως
2957 3296 3229 3352 ἰπίστευε.
3255 3293 3347 3348 Διὸ
3377 3293 3473 3347 καὶ
3502 3292 3530 3343 6
3555 3285 3790 3356 ἄγγελος
3817 3283 3884 3337 εδ

2297 3402 2495 3455 οἰκεῖον
2526 3396 2741 3465 ἀξίωμα
2763 3394 2933 3463 λέγει,
2960 3392 3068 3457 ὅτι,
3099 3386 3246 3456 Ἐγώ
3271 3388 3390 3455 είμι
3422 3380 3662 3451 Γαϐριὴλ
3687 3381 3715 3432 6
3736 3393 3879 3446 παρ-

2300 3488 2547 3559 εστηκὼς
2592 3487 2670 3557 τῷ
2704 3484 2825 3555 Θεῷ
2849 3500 2863 3515 ο
2902 3484 2966 3537 οὐ
3008 3480 3204 3541 πλάνος
3228 3477 3459 3546 δαίμων,
3504 3468 3880 3539 ἀλλ’λᾱγγελος

2300 3582 2461 3638 Θεοῦ.
2504 3580 2660 3635 Ἐπεὶ
2705 3575 2799 3633 οὖν
2827 3576 3097 3637 ἀπιστεῖς,
3120 3571 3213 3625 ἔσο
3250 3567 3513 3638 κωφεύων
3536 3564 3631 3618 καὶ
3666 3564 3741 3634 μὴ
3790 3561 3880 3614 δυ-

2302 3676 2531 3746 νάμενος
2550 3671 2783 3741 λαλῆσαι
2803 3684 2818 3702 ο
2849 3666 3072 3729 εἰκότως
3097 3664 3154 3719 δὲ
3186 3663 3255 3717 sa
3283 3660 3379 3714 δύο
3405 3658 3577 3713 ταῦτα
3602 3656 3797 3746 ἔπαθε,
3823 3652 3881 3705 τὸ

2306 3744 2446 3836 μήτε
2470 3760 2693 3819 ἀκούειν
2722 3760 2859 3829 μήτε
2892 3755 3070 3809 λαλεῖν
3090 3769 3106 3786 ο
3140 3752 3215 3816 ὡς
3240 3751 3339 3822 μὲν
3367 3748 3474 3818 γὰρ
3503 3744 3879 3818 παρακούσας,

2304 3852 2724 3916 καταδικάζεται
2758 3849 3066 3917 κώφευσινο
3109 3845 3182 3906 ὡς
3232 3841 3291 3896 δὲ
3321 3836 3616 3901 ἀντειπὼν,
3650 3836 3880 3903 σιωπήν.

2307 3950 2452 4020 Πλὴν
2475 3945 2784 4017 προετύπου
2808 3943 2901 3996 καί
2924 3938 2994 3993 τὰ
3024 3936 3167 3992 κατά
3189 3935 3314 3998 τοὺς
3343 3932 3652 3995 Ἰουδαίους.
3674 3930 3883 4020 Ὠσπερ

2306 4019 2418 4111 γὰρ
2437 4029 2594 4099 οὗτος
2621 4032 2799 4105 γέρων
2833 4030 2929 4085 καὶ
2956 4028 3227 4098 ἄκαρπος,
3254 4024 3350 4079 καὶ
3397 4022 3736 4092 ἀπιστήσας,
3768 4019 3881 4111 hac

2308 4148 2403 4187 κεν
2458 4128 2573 4182 υἰὸν
2608 4125 2831 4197 μείζονα
2867 4122 2977 4176 τῶν
3014 4117 3347 4192 προφητῶν,
3391 4115 3532 4170 οὕτω
3580 4118 3677 4167 καὶ
3709 4114 3745 4184 η
3781 4110 3885 4165 τῶν

2320 4219 2588 4275 Ἰουδαίων
2621 4216 2915 4285 συναγωγὴ
2945 4215 3039 4268 καὶ
3071 4210 3341 4285 ίερωσύνη
3373 4207 3773 4268 παλαιωθεῖσα,
3795 4202 3885 4258 κεί

2310 4313 2557 4379 ἄκαρπος
2591 4308 2687 4363 καὶ
2716 4307 2943 4369 ἄπιστος
2968 4304 3063 4359 καὶ
3095 4304 3373 4375 παρήκοος
3418 4298 3713 4369 γενομένη.
3741 4297 3885 4365 ὅμως

2312 4403 2402 4454 τὸν
2447 4402 2621 4469 Λόγον
2650 4398 2746 4452 τοῦ
2779 4396 2937 4463 Θεοῦ,
2970 4397 3060 4451 τὸν
3094 4395 3375 4464 Δεσπότην
3424 4392 3533 4445 τῶν
3569 4386 3885 4460 προφητῶν.

646 4487 696 4552 in
721 4502 909 4541 carne:
937 4504 1042 4558 quo
1084 4503 1230 4554 nato,
1261 4493 1311 4545 hi
1353 4494 1442 4561 qui
1464 4494 1611 4561 prius
1633 4493 2005 4549 inobedicntes
2026 4501 2194 4558 erant,

2309 4492 2493 4545 ἔτεκεν
2524 4494 2583 4545 ἐν
2632 4490 2831 4560 σαρκί⁶
2859 4483 2919 4543 οὗ
2965 4487 3268 4558 τεχθέντος,
3300 4487 3351 4539 οἰ
3382 4480 3576 4555 πρώην
3625 4482 3889 4551 παρήκωι

645 4578 709 4630 nil
753 4580 908 4633 lidem
944 4591 996 4634 et
1030 4582 1422 4636 confessionem
1470 4595 1852 4651 pervenerunt.

718 4670 875 4726 Vsus.
909 4673 1095 4726 “ll-‘25.
1137 4693 1153 4725 ε
1186 4673 1250 4727 Εἰ
1274 4685 1388 4729 erat
1412 4677 1638 4744 populus
1662 4686 1979 4743 exspectans
2004 4677 2211 4731 Zacha-

646 4763 801 4830 riam,
853 4773 907 4819 et
956 4766 1288 4820 mirabantur
1335 4770 1473 4835 quod
1530 4777 1837 4822 moraretur
1887 4770 1938 4822 in
1994 4772 2208 4839 templo.

647 4858 906 4927 Egressus
952 4866 1127 4911 autem
1168 4873 1271 4911 non
1309 4868 1519 4927 poterat
1560 4859 1706 4927 loqui
1744 4860 1869 4912 illis.
1908 4860 1969 4914 Et
2016 4878 2214 4931 cogno-

646 4958 838 5003 verunt
869 4949 1010 5017 quod
1070 4950 1328 5003 visionem
1373 4950 1594 5005 vidisset
1646 4950 1695 5003 in
1745 4950 1963 5018 templo.
1996 4949 2059 5004 Et
2102 4952 2215 5021 ipse

650 5039 904 5094 innuebat
952 5040 1077 5105 illis,
1106 5044 1505 5114 permansitque
1540 5051 1744 5097 mulus.
1790 5042 1859 5097 Et
1912 5044 2125 5110 accidit,
2160 5052 2217 5097 ut

651 5131 852 5201 impleti
871 5142 996 5187 sunt
1019 5134 1134 5186 dies
1160 5135 1317 5189 ollicii
1338 5135 1473 5203 ejus,
1505 5135 1709 5189 abiitiu
1733 5136 1950 5190 domum
1980 5152 2156 5191 suam.
2189 5156 2208 5188 ι

654 5223 815 5280 Vides
848 5228 1116 5295 quomodo
1138 5226 1306 5281 Juda-i
1340 5229 1794 5297 exSpectabantet
1826 5230 2218 5295 permanebant

652 5317 822 5370 donec
848 5319 1018 5371 exiret
1047 5335 1291 5373 summus
1329 5320 1618 5374 sacerdos?
1647 5322 1713 5374 At
1756 5336 1850 5375 nos
1892 5318 2214 5383 Christiani,

654 5409 755 5462 nisi
784 5422 910 5463 mox
964 5418 1019 5461 ut
1066 5411 1290 5479 ingrcssi
1344 5412 1604 5465 fuerimus
1652 5413 1705 5464 in
1729 5412 2008 5480 templum,
2034 5412 2218 5465 statim

656 5503 1405 5567 egrediantur,existimamus
1432 5504 1572 5558 male
1592 5505 1869 5559 nobiseum
1896 5507 2001 5575 agi.
2027 5505 2221 5559 lunue-

659 5593 747 5645 bat
778 5602 953 5646 autem
992 5595 1187 5663 populo
1216 5595 1530 5661 Zacharias,
1596 5596 1733 5651 forte
1785 5600 1990 5667 roganti
2020 5596 2219 5653 silentii

658 5697 916 5737 causam:
955 5688 1077 5755 quia
1130 5688 1272 5741 enim
1308 5690 1446 5758 loqui
1480 5706 1585 5745 non
1625 5697 1852 5757 poterat,
1900 5705 1993 5758 per
2029 5700 2220 5744 nurum

664 5774 1019 5844 signiﬁcabat.
1061 5780 1191 5837 Vide
1232 5781 1355 5837 item
1403 5784 1541 5854 quod
1575 5800 1681 5839 non
1729 5783 1857 5841 abiit
1913 5786 1962 5839 in
2004 5790 2222 5840 domum

2312 4586 2392 4648 εἰς
2416 4583 2598 4636 πίστιν
2634 4584 2727 4636 καὶ
2757 4580 3026 4649 εὐφωνίαν
3064 4578 3420 4649 μετήλθοσαν.

2392 4697 2408 4729 ‹
2445 4675 2558 4731 Kal.
2582 4671 2647 4746 ἦν
2694 4676 2721 4727 6
2760 4674 2889 4736 λαὸς
2936 4673 3255 4741 προσδοκῶν
3305 4671 3397 4722 τὸν
3445 4666 3750 4738 Ζαχαρίαν,
3800 4666 3890 4721 καὶ

2316 4768 2623 4839 ἐθαύμαζον
2652 4769 2709 4819 ἐν
2738 4764 2814 4834 τῷ
2839 4763 3108 4837 χρονίζειν
3142 4762 3305 4815 αὑτὸν
3344 4763 3403 4814 ἰν
3436 4757 3514 4831 τῷ
3561 4759 3677 4830 ναῷ
3702 4774 3716 4789 '
3752 4758 3894 4826 εξελ-

2318 4862 2427 4915 θὼν
2457 4861 2513 4915 δὲ
2542 4860 2642 4913 οὐκ
2672 4858 2901 4931 ἠδύνατο
2925 4855 3159 4925 λαλῆσαι
3196 4856 3412 4919 αὐτοῖς·
3447 4854 3543 4907 καὶ
3565 4853 3889 4920 ἐπέγνωσαν

2316 4956 2396 5008 ὅτι
2421 4952 2685 5007 ὀπτασίαν
2711 4950 2956 5021 ἑώρακεν
2986 4951 3043 5001 ὲν
3076 4948 3154 5017 τῷ
3190 4947 3324 5017 ναῷ.
3349 4947 3460 5001 Καὶ
3498 4946 3665 5009 αὐτὸς
3685 4941 3756 5019 ἦν
3780 4944 3891 4999 δια-

2318 5048 2489 5101 νεύων
2521 5046 2725 5108 αὐτοῖς,
2764 5046 2854 5099 καὶ
2906 5042 3122 5113 διέμενε
3156 5041 3362 5111 κωφός,
3397 5039 3509 5093 Καὶ
3540 5038 3788 5106 ἐγένετο,
3822 5037 3891 5101 ὡς

2319 5139 2667 5210 ἐπλήσθησαν
2685 5139 2740 5190 al
2762 5135 2965 5207 ἡμέραι
2998 5133 3097 5204 τῆς
3114 5132 3456 5201 λειτουργίας
3484 5130 3678 5197 αὑτοῦ,
3714 5129 3891 5201 ἀπῆλ-

2321 5232 2412 5284 θεν
2444 5232 2523 5293 εἰς
2546 5230 2635 5283 τὸν
2658 5225 2804 5283 οἶκον
2827 5226 3047 5283 αὐτοῦ.»
3093 5225 3258 5297 ὐρᾷς
3292 5223 3408 5286 πῶς
3436 5224 3487 5275 οἰ
3516 5222 3616 5291 μὲν
3652 5221 3890 5274 Ἰουδαῖοι

2322 5324 2663 5397 προσεδόκων
2696 5323 2790 5376 καὶ
2826 5321 3148 5391 περιέμενον
3183 5320 3288 5381 ἕως
3335 5312 3396 5373 οὗ
3427 5315 3636 5381 ἀξέλθοι
3676 5318 3704 5370 6
3756 5317 3889 5385 ἀρχ-

2325 5420 2501 5489 ιερεύς
2530 5437 2544 5483 ;
2588 5419 2780 5487 Ἡμεῖς
2809 5416 2863 5470 δὲ
2898 5416 2947 5469 οί
2974 5412 3311 5486 Χριστιανοὶ,
3367 5412 3484 5481 ἅμα
3526 5410 3603 5479 τῷ
3632 5410 3891 5462 εἰσελθεῖν

2323 5510 2400 5571 εἰς
2417 5509 2513 5576 τὴν
2537 5493 2854 5578 ἐκκλησίαν,
2879 5509 2927 5560 εἰ
2949 5506 3024 5579 μὴ
3048 5504 3379 5573 ἐξέλθοιμεν,
3396 5502 3568 5555 δεινόν
3588 5517 3642 5554 τι
3666 5502 3891 5571 πάσχειν

2324 5602 2640 5669 νομίζομεν.
2686 5602 2901 5654 Διένευε
2957 5597 3015 5650 δὲ
3040 5596 3120 5667 τῷ
3174 5595 3349 5665 λαῷό
3414 5594 3715 5665 Ζαχαρίας,
3768 5593 3888 5651 ἴσως

2328 5693 2601 5761 ἐρωτῶντι
2630 5692 2728 5762 τὴν
2748 5691 2925 5746 αἰτίαν
2947 5690 3044 5759 τῆς
3068 5688 3278 5758 σιωπῆς
3300 5702 3313 5717 ⁸
3359 5684 3433 5755 μὴ
3462 5685 3761 5754 δυνάμενος
3790 5682 3887 5749 γὰρ

2328 5781 2578 5853 λαλῆσαι,
2630 5780 2718 5836 διὰ
2743 5779 3009 5852 νεύματος
3036 5779 3222 5849 ἐδήλου
3268 5776 3493 5847 ταύτην.
3523 5776 3667 5845 Ὅρα
3706 5776 3760 5827 ὁὶ
3813 5772 3886 5825 ὅτι

3730 110 4057 391 ml

4026 414 4057 511 ﬁ
