4108 6334
1795 258 1823 322 λ,

301 371 403 441 τοι

1055 369 1506 436 ENARRATIO
1550 368 1630 433 IN
1665 368 2169 435 EVANGELIUM
2191 373 2425 440 LUCE.
2462 402 2534 415 —
2569 373 2732 441 CAP.
2773 382 2823 443 Ι.

3484 376 3591 442 732

301 489 403 545 καὶ
425 487 532 553 ῑως
564 479 628 544 οῦ
652 484 1016 558 ιτελέσθησαν
1053 488 1110 541 al
1144 487 1357 559 ἡμέραι
1396 486 1499 557 τῆς
1539 486 1873 557 λειτουργίας

1992 490 2351 558 suam,donee
2365 491 2573 564 impleti
2594 502 2781 552 essem
2798 493 2917 551 dies
2933 492 3227 552 ministerii
3244 491 3596 556 sui,assedit-

298 579 493 647 αὐτοῦ,
520 581 623 635 οὐκ
648 579 891 650 ἀπῆλθεν
919 580 1002 645 είς
1028 579 1120 633 τὸν
1148 576 1298 635 οἷκον
1320 579 1514 641 αὐτοῦ,
1550 578 1689 633 ἀλλὰ
1721 597 1891 649 προσ-

300 671 500 743 ηδρευε
540 670 618 741 τῷ
675 670 824 743 ναῷ*
863 672 1148 744 ἀπῴκιστο
1175 673 1275 743 μιν
1311 670 1420 742 γὰρ
1472 674 1505 741 ὴ
1541 670 1729 743 ὀρεινὴ
1760 673 1897 742 ἀληο

299 763 414 828 θῶς
438 758 533 817 καὶ
549 764 746 835 ἀπεῖχε
770 764 870 834 τῆς
894 765 1254 836 Ἰερουσαλήμ
1278 780 1293 796 ⁸
1320 762 1464 836 πλὴν
1488 763 1608 818 ἀλλ’
1632 766 1681 817 εί
1712 765 1808 819 καὶ
1835 765 1893 818 ὲν

300 857 487 919 αὐτοῖς
509 857 623 919 τοῖς
664 854 1060 927 Ἱεροσολύμοις
1086 850 1200 927 εἶχε
1230 857 1324 909 τδν
1352 851 1502 910 οἷκον
1525 858 1554 910 6
1572 857 1773 928 ἱερεὺς,
1792 858 1892 912 οὐκ

298 945 609 1016 ιξῆνλαὺτῷ
636 946 745 1013 ἔξω
769 946 872 1017 τῆς
922 946 1093 1017 αὐλῆς
1129 947 1225 1001 τοῦ
1275 947 1409 1002 ναοῦ
1443 947 1704 1003 ἀπελθεῖν
1747 950 1893 1004 κατὰ

297 1038 393 1092 τὸν
418 1038 614 1109 καιρὸν
660 1038 760 1111 τῆς
816 1040 1127 1111 εφημερίας
1174 1039 1342 1095 αὑτοῦ
1364 1057 1379 1071 '
1408 1042 1600 1111 ἡμεῖς,
1626 1040 1704 1105 δὲ,
1745 1042 1887 1109 φεῦί

298 1127 420 1192 πῶς
450 1127 913 1199 καταφρονοῦμεν
945 1129 1056 1183 τῶν
1086 1129 1250 1184 θείων
1308 1127 1663 1200 ὑπηρεσιῶνέ
1708 1131 1783 1185 Τὸ
1830 1133 1889 1187 δὲ

299 1220 378 1291 μὴ
420 1218 684 1276 δύνασθαι
742 1219 842 1290 μὲν
873 1218 1057 1276 λαλεῖν
1077 1222 1169 1275 τὸν
1195 1224 1498 1293 Ζαχαρίαν,
1529 1226 1799 1281 διανεύειν
1830 1225 1889 1279 δὲ

294 1310 378 1383 τῷ
410 1310 547 1382 λαῷ,
567 1313 669 1383 τὴν
696 1310 808 1365 τῶν
848 1311 1121 1366 Ἰουδαίων
1164 1312 1365 1381 ἄλογον
1396 1314 1679 1370 πολιτείαν
1704 1316 1884 1386 δηλοῖ*

293 1402 720 1465 ἀποκτείναντες
749 1400 861 1473 γὰρ
880 1402 971 1455 τὸν
992 1400 1187 1471 Λόγον,
1205 1402 1267 1456 οὐ
1294 1401 1551 1458 δύνανται
1574 1404 1732 1472 λόγον
1755 1406 1887 1459 ἀπο-

293 1493 480 1548 δοῦναι
517 1494 645 1564 περὶ
688 1487 764 1548 ὧν
811 1494 1147 1566 πράττουσιν
1196 1494 1231 1565 ἢ
1282 1494 1557 1565 λέγουσιν,
1614 1497 1751 1551 ἀλλὰ
1780 1495 1887 1551 κᾶν

294 1586 635 1656 προφητικόν
647 1602 701 1638 τι
722 1586 921 1651 αὐτοὺς
948 1587 1184 1659 ἔρωτᾷς,
1210 1588 1676 1658 ἐπιστομίζονται,
1708 1590 1801 1643 καὶ
1822 1589 1883 1643 οὐ

289 1676 551 1734 δύνανταί
581 1695 665 1733 σοι
696 1679 857 1748 λόγον
887 1679 984 1733 καὶ
1006 1680 1304 1753 ἀπόκρισιν
1342 1682 1665 1740 ἀποδοῦναι.

367 1790 387 1823 ε
426 1770 584 1826 Μετά
613 1770 671 1826 δὲ
697 1772 901 1837 ταύτας
929 1772 1029 1837 τὰς
1081 1774 1298 1845 ἡμέρας
1328 1773 1622 1827 συνέλαϐεν
1664 1773 1882 1828 Ἐλισάο

1996 599 2103 654 que
2151 586 2373 657 templo.
2408 587 2618 645 Aberat
2666 589 2813 646 enim
2847 602 2978 644 vere
3022 603 3053 642 a
3086 586 3392 644 Jerusalem
3431 599 3589 641 mon-

1998 688 2121 734 tana
2156 681 2323 751 regio.
2350 679 2618 749 Quamvis
2638 691 2822 737 autem
2855 691 2911 737 et
2934 678 3331 752 Hierosolymis
3364 680 3587 736 domum

1996 770 2297 838 habuisset,
2337 787 2444 828 non
2494 773 2741 830 licuisset
2790 781 2972 829 tamen
3015 770 3068 829 ei
3106 780 3262 827 extra
3317 772 3581 827 ambitum

1996 863 2177 933 templi
2207 880 2304 936 per
2320 873 2534 936 tempus
2566 866 2701 922 vicis
2735 881 2849 923 suae
2872 865 3045 921 exire.
3074 863 3188 919 Nos
3209 866 3419 926 autem,
3448 863 3584 932 prob

1992 958 2197 1026 pudor!
2228 973 2389 1027 quam
2420 960 2826 1015 contemnimus
2853 958 3038 1013 divina
3083 955 3387 1012 ministeria
3414 956 3428 1009 ι
3461 954 3585 1011 σω.

1993 1058 2168 1105 terum
2196 1052 2344 1121 quod
2363 1051 2667 1107 Zacharias
2711 1066 2817 1107 non
2850 1059 3030 1122 potest
3062 1049 3238 1119 loqui,
3268 1048 3364 1105 sed
3407 1048 3587 1106 innuit

1990 1141 2211 1213 populo,
2240 1142 2519 1211 signiﬁcat
2562 1142 2941 1199 irrationalem
2997 1139 3313 1198 Iudaeorum
3372 1140 3581 1196 vitam:

1988 1233 2115 1303 quia
2154 1234 2244 1290 ubi
2270 1236 2595 1290 occiderunt
2624 1233 2887 1292 Verbum.
2918 1247 3024 1290 non
3053 1241 3287 1303 possunt
3310 1233 3581 1288 rationem

1990 1326 2222 1382 reddere
2243 1328 2310 1383 de
2332 1327 2417 1383 bis
2445 1343 2572 1398 qua:
2590 1327 2674 1383 vel
2697 1328 2886 1383 dicunt
2913 1328 2996 1383 vel
3026 1326 3260 1383 faciunt.
3282 1325 3349 1383 Et
3378 1326 3425 1383 si
3453 1324 3587 1395 quid

1988 1420 2371 1491 propheticum
2433 1420 2881 1493 interrogaveris,
2916 1419 3330 1485 obmutescunt,
3363 1428 3442 1477 et,
3471 1434 3582 1476 non

1989 1512 2351 1586 possuut‘tibi
2386 1512 2470 1570 vel
2510 1526 2823 1571 sermonem
2851 1513 2937 1570 vel
2969 1527 3293 1584 responsum
3324 1512 3480 1570 dare.

2058 1786 2225 1843 Vens.
2255 1785 2347 1852 ει.
2371 1786 2467 1843 25.
2497 1805 2518 1840 ι
2550 1785 2680 1845 Post
2709 1786 2811 1845 bos
2836 1794 3020 1843 autem
3052 1787 3173 1843 dies
3198 1786 3452 1856 concepit
3474 1785 3585 1842 Eli-

288 1862 389 1917 σετ
409 1865 444 1934 ἠ
497 1863 637 1936 γυνὴ
668 1863 872 1930 αὐτοῦ,
904 1864 1001 1918 καὶ
1048 1837 1416 1938 περιέκρυϐεν
1451 1866 1653 1936 ἑαυτὴν
1703 1868 1873 1938 μῆνας

1988 1837 2530 1947 ...;.1‘.;';.;.;;}.'..‘,
2552 1837 3392 1936 ;."a;;1.;a;1“.;.;.;,;ai.;;
3415 1837 3585 1950 ang-

288 1955 478 2019 πέντε,
514 1955 747 2026 λέγουσα
774 1958 881 2021 δτι,
910 1955 1068 2011 Οῦτω
1096 1976 1189 2029 μοι
1215 1958 1516 2031 πεποίηκεν
1543 1962 1572 2014 6
1599 1960 1802 2030 Κύριος
1823 1961 1880 2014 ὲν

286 2046 531 2119 ἡμέραις
561 2043 651 2114 αἷς
702 2050 917 2104 ίπεῖδεν
954 2050 1177 2119 ἀφελεῖν
1224 2050 1287 2105 τδ
1314 2051 1529 2117 νδνειδός
1558 2070 1658 2121 μου
1686 2054 1743 2105 ὲν
1784 2054 1880 2105 ἁν-

286 2137 552 2211 θρώποις.
587 2157 608 2192 ι
664 2139 910 2211 Σώφρων
942 2138 1079 2197 οὖσα
1111 2144 1145 2215 ἡ
1191 2144 1497 2210 Ἐλισάὄετ,
1547 2145 1749 2216 ῂόεῖτο,
1783 2143 1881 2198 καὶ

283 2232 375 2286 διά
406 2231 575 2287 τοῦτο,
599 2233 1007 2306 περιέκρυπτεν
1026 2236 1251 2308 ἑαυτὴν,
1276 2236 1367 2290 διὰ
1401 2236 1464 2290 τὸ
1492 2237 1551 2291 ὲν
1585 2237 1733 2308 γήρα
1755 2235 1881 2289 συλ-

283 2322 507 2377 λαϐεῖν·
539 2323 633 2377 ἐπὶ
682 2324 859 2395 μῆνας
888 2324 947 2379 δὲ
983 2325 1147 2380 πέντε
1198 2327 1607 2399 περιέκρυπτεν
1648 2328 1876 2397 ἑαυτὴν,

282 2416 391 2479 ἕως
424 2410 487 2471 οῦ
527 2418 623 2470 καὶ
648 2417 682 2487 ἠ
712 2418 903 2488 Μαρία
933 2419 1191 2475 συλλάϐοι
1212 2436 1227 2454 ⁸
1257 2421 1352 2492 ἀφ’
1387 2414 1449 2475 οὗ
1479 2421 1538 2475 δὲ
1565 2421 1661 2475 καὶ
1694 2420 1878 2490 ὲκείνη

283 2506 569 2573 συνέλαβε,
611 2507 708 2561 καὶ
736 2509 1031 2581 ἐσκίρτησε
1058 2512 1121 2566 τὸ
1146 2511 1349 2583 βρέφος
1379 2514 1437 2567 έν
1470 2516 1539 2584 τῇ
1572 2511 1754 2583 κοιλίᾳ⁵
1776 2513 1878 2566 αὐ-

279 2602 403 2671 τῆς,
425 2602 526 2655 οὐκ
548 2600 628 2654 En
653 2601 928 2672 ἔκρυπτεν
957 2604 1181 2678 ἑαυτὴν,
1222 2606 1364 2661 ἀλλά
1410 2606 1506 2659 καὶ
1528 2604 1878 2677 έπαρῤησιάο

282 2707 417 2745 σατο
440 2690 529 2755 ἂν,
561 2692 638 2755 ὡς
664 2693 916 2747 τοιούτου
946 2696 1138 2760 παιδὸς
1171 2698 1381 2768 μήτηρ,
1414 2698 1509 2752 καὶ
1539 2698 1670 2769 πρὶν
1697 2696 1729 2765 ἢ
1754 2712 1881 2765 γεν-

279 2781 515 2853 νηθῆναι
538 2788 855 2857 προφητικῇ
892 2785 1023 2858 ἀξίᾳ
1045 2789 1433 2861 τετιμημένου.

358 2891 381 2925 ε
408 2873 498 2928 Ἐν
529 2874 586 2929 δὲ
622 2874 702 2946 τῷ
735 2880 866 2949 μηνὶ
901 2878 981 2950 τῷ
1022 2878 1167 2952 ἕκτῳ
1228 2883 1518 2955 ἀπεστάλη
1568 2886 1596 2940 6
1646 2889 1878 2959 ἄγγελος

277 2963 525 3059 ξασριὴλ
553 2967 660 3021 61:6
688 2969 784 3023 τοῦ
830 2970 968 3025 Θεοῦ
1023 2973 1105 3036 είς
1156 2973 1314 3029 πόλιν
1342 2978 1445 3047 τῆς
1486 2978 1804 3050 Γαλιλαίας,

274 3056 452 3128 ὄνομα
470 3058 752 3132 Ναζαρὲτ,
782 3063 920 3131 πρὸς
942 3064 1218 3135 παρθένον
1246 3074 1743 3144 μεμνηστευμένην
1778 3056 1875 3130 ιῑινζ

1987 1990 2113 2045 que.
2140 1973 2360 2029 dicens:
2394 1972 2486 2029 Sic
2501 1972 2631 2028 fecit
2653 1972 2783 2028 mihi
2808 1971 3071 2028 Dominus
3094 1973 3147 2027 in
3165 1973 3359 2028 diebus
3380 1973 3585 2044 quibus

1985 2079 2073 2119 me
2105 2062 2368 2132 respexit,
2389 2071 2450 2118 ut
2472 2061 2717 2119 auferret
2739 2063 3001 2132 probrum
3028 2078 3212 2120 meum
3238 2063 3384 2118 inter
3409 2062 3585 2119 hemio-

1986 2167 2104 2209 nes.
2152 2171 2171 2205 ι
2203 2151 2509 2217 Elisabeth,
2547 2151 2805 2223 quoniam
2838 2163 2988 2209 casta
3028 2164 3170 2219 erat,
3198 2154 3581 2219 erubescebat,

1984 2256 2041 2302 et
2067 2254 2354 2316 propterea
2383 2244 2691 2301 occultabat
2734 2260 2817 2312 se,
2848 2261 2914 2303 eo
2951 2246 3098 2316 quod
3145 2261 3314 2302 senex
3376 2259 3581 2303 conce-

1984 2340 2175 2409 pisset.
2208 2338 2486 2394 Mensibus
2531 2350 2715 2394 autem
2745 2339 2988 2409 quinque
3029 2339 3327 2395 occultavit
3365 2353 3449 2403 se,
3487 2338 3586 2394 do-

1986 2446 2084 2486 nec
2104 2429 2273 2486 ﬂaria
2328 2430 2665 2500 conciperet.
2716 2429 2821 2486 Ubi
2871 2440 3052 2487 autem
3090 2431 3175 2485 illa
3202 2431 3482 2500 concepit,
3526 2439 3588 2486 et

1984 2524 2280 2579 exsultavit
2322 2520 2502 2578 infans
2526 2523 2579 2576 in
2616 2532 2794 2587 utero.
2820 2538 2926 2578 non
2973 2524 3117 2578 ultra
3161 2539 3221 2579 se
3256 2522 3580 2588 occultavit,

1978 2594 2079 2670 ted
2113 2612 2286 2671 libere
2323 2614 2442 2677 ivit,
2480 2623 2668 2683 utpote
2702 2614 2839 2669 tanti
2876 2614 3033 2685 pueri
3062 2624 3261 2680 mater,
3291 2615 3384 2685 qui
3413 2614 3581 2671 etiam

1983 2716 2277 2776 antequam
2328 2715 2672 2775 nasceretur,
2726 2706 3119 2779 prophetarum
3172 2706 3437 2778 dignitate
3481 2703 3584 2761 fuit

1983 2801 2309 2858 honoratus.

2057 2892 2218 2948 Vens.
2248 2894 2448 2951 26-30.
2491 2913 2511 2948 ι
2551 2894 2611 2950 In
2648 2909 2837 2951 mense
2873 2902 3054 2950 autem
3082 2903 3239 2949 sexto
3270 2894 3470 2948 missus
3495 2900 3582 2948 est

1980 2989 2207 3055 angelus
2233 2987 2398 3059 275
2450 2987 2670 3044 Gabriel
2702 3003 2732 3042 ιι
2782 2988 2891 3043 Deo
2932 2988 2985 3042 in
3032 2987 3309 3042 civitatem
3344 2984 3583 3043 Gaiilm

1980 3080 2067 3136 eui
2094 3093 2292 3134 nomen
2322 3078 2620 3145 Nasareth,
2655 3079 2723 3133 ad
2750 3079 3014 3148 virginem
3037 3079 3429 3149 desponsatam
3455 3079 3579 3134 viro

278 3147 394 3252 δρὶ,
417 3145 462 3217 ᾦ
499 3151 673 3223 ὄνομα
716 3153 937 3227 Ἰωσὴφ,
972 3156 1034 3222 ἐξ
1066 3157 1217 3212 οἴκου
1264 3161 1447 3217 Δαϐίδ.
1489 3164 1597 3217 Καὶ
1618 3166 1677 3217 τὸ
1706 3167 1873 3237 ὄνομα

1985 3173 2070 3227 cui
2099 3154 2303 3228 nomen
2335 3172 2699 3243 eratJosepli,
2744 3172 2813 3228 de
2845 3172 3013 3228 domo
3027 3172 3235 3239 'Davld,
3262 3186 3328 3228 ac
3381 3185 3580 3228 nomen

272 3242 379 3329 τῆς
415 3244 716 3313 παρθένου,
770 3248 1048 3319 Μαριάμ.’
1075 3250 1190 3303 Καὶ
1242 3252 1505 3307 είσελθὼν
1562 3258 1591 3309 6
1644 3258 1880 3325 ἄγγελος

273 3334 419 3404 πρὸς
450 3336 645 3409 αὐτὴν,
697 3334 842 3393 εῐπε⁸
878 3341 1076 3414 Χαῖρε,
1126 3348 1569 3419 κεχαριτωμένη,
1618 3352 1647 3404 6
1675 3350 1877 3423 Κύριος

276 3427 420 3496 μετὰ
450 3428 568 3490 σοῦ.
597 3430 946 3504 εὐλογημένη
986 3436 1051 3489 σὺ
1085 3438 1143 3491 ιν
1171 3440 1441 3506 γυναιξίν.
1484 3440 1550 3494 Ἦ
1571 3442 1629 3495 δὲ
1666 3443 1873 3510 ίδοῦσα,

270 3516 606 3591 διεταράχθη
640 3521 735 3574 ἐπὶ
766 3521 847 3593 τῷ
876 3522 1020 3595 λόγῳ
1064 3526 1256 3591 αὑτοῦ,
1285 3530 1381 3582 καὶ
1410 3530 1744 3601 διελογίζετο
1774 3551 1875 3587 πο-

268 3609 446 3674 ταπὸς
476 3610 562 3683 είη
613 3614 643 3666 6
688 3615 982 3685 ἀσπασμὸς
1015 3610 1173 3682 οὗτος
1194 3633 1210 3649 ο
1268 3622 1365 3675 καὶ
1391 3616 1546 3676 εἶπεν
1589 3626 1617 3677 6
1642 3626 1877 3696 ἄγχελος

270 3703 414 3799 αὐτῇ
436 3717 451 3732 ο
484 3704 790 3799 ﬁlix—190666,
818 3710 1078 3781 Μαριάμ·
1105 3706 1264 3783 εὗρες
1292 3715 1400 3786 γὰρ
1429 3717 1589 3785 χάριν
1612 3719 1766 3789 παρὰ
1795 3722 1875 3799 τῷ

268 3791 411 3861 Θεῷ.
446 3812 465 3847 ι
527 3797 693 3866 Μῆνα
741 3798 901 3853 ἕκτον
933 3801 1083 3869 λέγει
1117 3803 1210 3857 τὸν
1266 3805 1376 3859 ἀπὸ
1404 3808 1504 3876 τῆς
1552 3791 1874 3880 συλλήψεως

283 3882 557 3939 Ἰωάννου.
586 3888 751 3956 Λέγει
777 3888 835 3942 δι
858 3895 1267 3962 μεμνηστεῦθαι
1289 3896 1389 3965 τὴν
1412 3899 1684 3967 παρθένον
1714 3902 1870 3972 ἀνδρὶ

267 3973 335 4039 εξ
367 3976 520 4031 οἴκου
554 3978 740 4048 Δαϐὶδ,
796 3982 887 4037 ῖνα
926 3983 1096 4056 δείξῃ,
1132 3986 1215 4039 ὅτι
1248 3986 1345 4042 καὶ
1377 3990 1517 4062 αὐτὴ
1552 3995 1615 4046 ἐκ
1644 3993 1741 4046 τοῦ
1771 3996 1866 4064 γέ-

266 4083 397 4131 νους
416 4070 512 4124 τοῦ
546 4073 712 4127 sum
743 4079 1048 4148 κατήγετο*
1081 4082 1146 4131 ἐκ
1187 4082 1297 4151 γὰρ
1338 4082 1433 4135 τοῦ
1462 4084 1629 4139 αὐτοῦ
1675 4088 1871 4154 γένους

266 4159 367 4249 καὶ
392 4161 491 4230 τῆς
518 4163 690 4231 αὐτῆς
714 4170 901 4236 σειρᾶς
924 4164 1063 4221 εἶναι
1126 4174 1374 4243 μφότερα
1405 4175 1475 4227 τὰ
1508 4176 1673 4249 μέρη,
1706 4178 1871 4249 νόμος

263 4246 359 4321 ἦν.
392 4253 611 4326 Ἐπειδὴ
645 4256 701 4309 δὲ
737 4262 801 4327 τῇ
834 4258 945 4329 Εὕα
978 4262 1006 4312 6
1040 4264 1078 4313 K
1110 4279 1245 4331 91.0;
1313 4261 1487 4329 εἶπεν,
1536 4246 1869 4335 Ἐν-λύπήαις

263 4342 397 4412 τέξῃ
424 4343 611 4409 τέκνα,
638 4346 753 4400 λύει
784 4350 885 4419 τὴν
906 4350 1050 4422 λύπη
1115 4354 1323 4424 ταύτην
1353 4358 1385 4427 ἡ
1415 4358 1583 4427 χαρὰ,
1615 4360 1683 4431 ἢν
1711 4362 1740 4414 6
1768 4362 1870 4431 ἄγ-

264 4432 427 4500 γελος
461 4433 762 4510 προσφέρῇ⁵
786 4445 852 4511 τῇ
887 4444 1173 4515 Παρθένῳ,
1207 4445 1414 4514 λέγων·
1464 4449 1661 4520 Χαῖρε,
1704 4469 1867 4526 κεχα-

1986 3267 2213 3338 virginis
2236 3268 2432 3337 Maria.
2459 3266 2525 3321 Et
2555 3268 2839 3335 ingressus
2870 3267 3096 3337 angelus
3124 3266 3192 3321 ad
3224 3282 3345 3322 eam
3394 3267 3533 3321 dixit
3559 3283 3578 3323 :

1982 3358 2191 3424 Gaude,
2221 3361 2480 3428 gratiosa,
2527 3358 2793 3416 Dominus
2842 3370 3046 3425 tecum,
3076 3359 3364 3416 benedicta
3416 3370 3472 3414 tu
3524 3360 3577 3415 itt

1982 3451 2330 3507 mulieribus.
2361 3452 2457 3507 illa
2481 3449 2634 3507 'vero
2665 3467 2793 3506 cum
2820 3452 3076 3518 vidisset,
3109 3452 3329 3509 turbata
3362 3463 3447 3508 est
3473 3467 3575 3509 su-

1980 3558 2080 3613 per
2119 3557 2377 3598 sermone
2410 3543 2553 3611 ejus,
2586 3552 2641 3599 et
2672 3544 2951 3613 cogitabat
2977 3544 3154 3613 qualis
3180 3554 3332 3599 esset
3361 3543 3451 3599 illa
3480 3559 3576 3600 sa-

1979 3636 2195 3692 lutatio.
2215 3634 2282 3690 Et
2312 3616 2453 3691 diiit
2474 3636 2703 3707 angelus
2732 3636 2813 3692 ei:
2841 3634 2921 3692 Ne
2950 3638 3168 3701 timeas,
3203 3636 3397 3700 Maria,
3423 3637 3579 3693 inve.

1977 3729 2105 3783 nisti
2138 3729 2283 3784 enim
2325 3730 2560 3796 gratiam
2613 3729 2757 3798 apud
2789 3729 2982 3785 Deum.
3018 3748 3037 3783 ι
3076 3729 3316 3785 Μθηεθιιι
3357 3709 3577 3785 scitum

1978 3823 2112 3877 dicit
2139 3837 2170 3876 a
2203 3835 2450 3893 tempore
2480 3838 2592 3891 quo
2618 3832 2927 3890 conceptus
2977 3822 3082 3876 fuit
3110 3820 3379 3878 Joannes.
3433 3822 3577 3877 Dicit

1977 3922 2156 3967 autem
2184 3915 2570 3983 desponsatam
2599 3914 2866 3985 virginem
2898 3914 3017 3968 viro
3055 3914 3297 3984 quierat
3319 3914 3386 3969 de
3411 3914 3575 3969 domo

1978 4006 2170 4070 David,
2205 4016 2262 4060 ut
2290 4009 2611 4063 ostenderet
2634 4018 2689 4063 et
2716 4008 2892 4077 ipsam
2924 4022 2989 4063 ex
3020 4021 3220 4077 genere
3253 4006 3423 4061 David
3475 4006 3572 4061 de-

1974 4097 2296 4164 scendisse;
2355 4096 2515 4168 juxta
2562 4098 2734 4167 legem
2771 4098 2917 4151 enim
2949 4096 3209 4166 coniuges
3255 4112 3321 4152 ex
3379 4097 3571 4151 eodem

1974 4204 2177 4259 genere
2215 4199 2269 4244 et
2299 4190 2490 4244 eadem
2516 4190 2859 4261 cognationis
2894 4198 3086 4242 catena
3116 4196 3417 4259 prognatos
3450 4203 3572 4243 esse

1972 4282 2282 4349 oportebat.
2320 4279 2458 4348 Quia
2481 4288 2663 4335 autem
2700 4281 2835 4336 Eva:
2857 4283 3063 4335 dietum
3098 4291 3218 4335 erat
3250 4297 3279 4334 a
3313 4280 3569 4346 Omnino,

1970 4382 2030 4428 ut
2066 4373 2119 4427 in
2158 4372 2403 4429 tristitiis
2438 4374 2621 4443 pariat
2653 4372 2793 4426 iilios
2819 4373 2889 4437 “,
2915 4373 3081 4427 solvit
3108 4374 3388 4427 tristitiam
3421 4375 3568 4427 illaut

1972 4465 2023 4517 in
2067 4465 2347 4535 gaudium.
2376 4466 2521 4533 quod
2575 4467 2801 4535 angelus
2824 4465 3037 4534 Virgini
3099 4464 3339 4519 atterens
3393 4466 3569 4520 dicit:

264 4526 582 4627 ριτωμένηο
641 4530 762 4582 ἐπεὶ
786 4531 842 4583 δὲ
875 4538 1226 4606 κεκατήρατο
1278 4540 1310 4609 ὴ
1346 4538 1485 4603 Εὕα,
1516 4542 1861 4616 εὐλογημένη

1978 4526 2181 4619 Gaude,
2213 4526 2478 4627 gratiosa.
2514 4556 2579 4611 Et
2622 4526 2749 4625 qvuia
2803 4526 3090 4613 maledica]
3145 4558 3249 4612 fuit
3287 4558 3419 4622 Eva,
3450 4559 3565 4612 haec

261 4613 408 4684 αῦτη
465 4620 689 4673 ἀκούει·
732 4623 1063 4693 διελογίζετο
1127 4629 1184 4683 δὲ
1236 4634 1499 4700 περὶτοῦ
1559 4613 1859 4707 ἀσπασμοῦ

261 4712 509 4804 ποταπὸς
538 4716 624 4781 εἴη
656 4708 829 4782 οὗτος,
870 4720 943 4788 μὴ
971 4715 1080 4790 ἆρα
1119 4722 1319 4787 ἄτοπός
1342 4744 1423 4790 τις
1447 4730 1540 4781 καὶ
1577 4735 1856 4804 πορνικὺς⁹

258 4801 341 4862 ὡς
364 4802 420 4867 ἐξ
448 4804 641 4874 ἀνδρὸς
673 4809 806 4877 πρὸς
840 4812 1033 4880 κόρην,
1080 4814 1111 4884 ῆ
1146 4814 1289 4878 θεῖος
1313 4834 1327 4849 ·
1362 4820 1551 4891 ἐπειδὴ
1593 4826 1687 4876 καὶ
1717 4801 1854 4879 Θεοῦ

262 4896 457 4967 μνήμη
482 4897 700 4951 σύνεστι
722 4900 799 4970 τῷ
824 4905 1126 4975 ἀσπασμῷ,
1157 4909 1241 4973 τὸ,
1258 4909 1319 4963 '0
1349 4911 1551 4982 Κύριος
1571 4915 1713 4984 μετὰ
1738 4918 1857 4973 σοῦ.

260 4986 490 5055 Πρῶτον
524 4989 581 5041 δὲ
610 4996 967 5049 καταστέλλει
1004 4997 1103 5068 τὴν
1152 5002 1381 5070 καρδίαν
1411 5006 1584 5073 αὐτῆς
1619 5008 1730 5061 ἀπὸ
1763 5012 1859 5065 τοῦ

259 5166 417 5265 θείαν
444 5170 771 5242 ἀπόκρισιν·
832 5178 893 5229 οὐ
938 5181 1047 5249 γὰρ
1105 5184 1384 5255 ἐνεδέχετο
1438 5166 1857 5265 ταραττομένην

256 5260 456 5331 αὐτὴν,
498 5265 744 5336 ἀκριόὦς
798 5272 1017 5328 ἀκούειν
1053 5276 1121 5329 τὰ
1154 5279 1579 5352 συμϐησόμενα·
1608 5260 1745 5356 ὅπερ
1798 5260 1855 5341 δὲ

254 5360 373 5415 ἀνω
394 5356 539 5423 εἷπε,
578 5368 1016 5437 κεχαριτωμένη,
1054 5368 1243 5440 ὥσπερ
1298 5374 1620 5444 ἑρμηνεύων
1660 5383 1849 5449 φησίν·

255 5449 435 5523 Εὗρες
464 5455 571 5524 γὰρ
603 5455 765 5525 χάριν
797 5456 1028 5512 ἐνώπιον
1059 5463 1150 5515 τοῦ
1194 5466 1329 5518 θεοῦ
1354 5484 1369 5495 ·
1398 5470 1560 5523 τοῦτο
1591 5474 1698 5542 γάρ
1733 5475 1850 5529 ἐστι

251 5546 319 5598 τὸ
369 5549 795 5617 κεχαριτῶοοαι,
836 5551 896 5603 τὸ
954 5554 1137 5624 εὑρεῖν
1190 5560 1351 5629 χάρ;ν
1410 5566 1559 5632 παρὰ
1590 5566 1667 5634 τῷ
1707 5567 1847 5638 Θεῷ,

252 5639 558 5705 τουτέστιν,
588 5643 783 5711 ἀρέσαι
807 5644 927 5713 Θεῷ
952 5663 964 5677 ·
998 5648 1134 5703 ἀλλὰ
1159 5653 1315 5706 τοῦτο
1345 5655 1444 5725 μὲν
1474 5658 1653 5712 κοινόν
1674 5674 1688 5692 ⁸
1717 5662 1850 5715 πολ-

330 5820 373 5851 ⁸⁶
415 5820 549 5877 ch.
579 5839 656 5888 In,
690 5826 770 5881 l6.

1971 4651 2170 4705 dicitur
2211 4654 2518 4706 benedicta.
2571 4650 2973 4706 Considerabat
3026 4663 3207 4707 autent
3256 4656 3322 4707 de
3361 4652 3567 4705 saluta-

1970 4742 2136 4805 tione,
2168 4741 2475 4809 qualisnam
2511 4752 2676 4808 esset,
2717 4758 2845 4796 num
2902 4744 3141 4797 absurda
3171 4756 3222 4797 et
3262 4744 3560 4812 procatrix,

1969 4846 2031 4886 ac
2073 4832 2248 4899 qualis
2280 4833 2381 4886 viri
2415 4832 2482 4885 ad
2536 4834 2799 4902 puellam,
2843 4850 2911 4887 an
2963 4834 3180 4887 divina:
3211 4834 3340 4904 quia
3380 4843 3435 4888 et
3469 4832 3564 4889 Dei

1968 4927 2173 4979 mentio
2194 4927 2335 4979 inter
2354 4925 2698 4980 salutandum
2725 4927 3028 4994 facta,cnm
3054 4930 3348 4993 diceretur,
3379 4927 3564 4982 Domi-

1965 5032 2069 5072 nus
2096 5028 2297 5075 tecum.
2328 5019 2569 5073 Primum
2612 5030 2796 5074 autem
2831 5021 3085 5075 timorem
3123 5037 3151 5074 a
3179 5025 3344 5076 corde
3390 5023 3563 5090 ipsius

1968 5111 2200 5180 sepeliit,
2262 5123 2319 5165 ut
2366 5114 2416 5165 in
2462 5116 2649 5176 quiete
2715 5115 3014 5169 constituta
3061 5116 3304 5169 divinum
3341 5130 3564 5180 respon-

1962 5189 2085 5258 su'tu
2134 5203 2387 5272 accipiat.
2422 5203 2613 5274 Neque
2664 5209 2810 5261 enim
2848 5208 2961 5261 ﬁeri
2996 5217 3177 5276 potest
3228 5218 3283 5261 ut
3340 5209 3556 5261 turbata

1962 5297 2252 5368 diligi-nter
2283 5301 2468 5353 audiat
2501 5316 2620 5368 quae
2651 5310 2914 5355 eventura
2941 5313 3087 5354 sunt.
3124 5300 3298 5354 Porro
3324 5300 3376 5353 id
3411 5299 3553 5369 quod

1960 5407 2120 5458 supra
2154 5393 2311 5457 dixit,
2340 5393 2602 5461 gratiosa,
2632 5395 2781 5461 quasi
2816 5396 3181 5457 interpretans
3206 5394 3370 5447 dicit:
3400 5391 3555 5445 Inve-

1961 5482 2087 5535 uisti
2129 5483 2274 5535 enim
2328 5485 2557 5551 gratiam
2614 5500 2797 5537 coraut
2833 5484 3082 5539 Domino.
3130 5484 3238 5539 lloc
3279 5484 3421 5537 enim
3468 5491 3551 5535 est

1957 5576 2249 5643 gratiosam
2284 5591 2427 5638 esee,
2455 5578 2537 5630 vel
2561 5578 2949 5646 gratiticatatu,
2971 5583 3112 5647 quod
3142 5578 3405 5631 invenerit
3428 5590 3555 5643 gra-

1959 5668 2089 5721 tiam
2126 5667 2270 5737 apud
2316 5666 2511 5736 Deum,
2547 5670 2650 5723 hoc
2688 5676 2796 5737 est,
2847 5670 3111 5741 placuerit
3165 5667 3294 5725 Deo.
3350 5666 3548 5721 Verum
