4108 6334
572 399 687 464 ‘70}
1477 397 2051 461 THEOPHYLACTI
2085 397 2159 458 Bl

2262 395 2492 456 iARI/E
2532 395 2890 457 ARCHIEP.
3721 381 3827 458 τοι

581 509 688 565 hoc
717 523 998 564 commune
1019 492 1178 565 habet
1205 523 1323 564 cum
1345 510 1548 565 multis.
1574 510 1750 566 Multae
1765 511 1910 568 enim
1940 520 1996 566 et
2025 509 2144 565 alia:

2262 507 2337 563 tal.
2363 507 2471 579 γὰρ
2500 507 2595 558 καὶ
2625 505 2782 560 ἄλλαι
2825 498 2985 578 εὗρον
3035 504 3195 574 χάριν
3233 503 3383 575 παρὰ
3413 502 3496 573 τῷ
3518 501 3662 572 Θεῷ,
3686 502 3750 556 16
3771 502 3827 556 ιι

586 601 908 656 invenerunt
932 602 1158 671 gratiam
1187 615 1369 656 coram
1396 601 1526 668 Duo,
1557 619 1662 659 non
1697 611 1880 659 autem
1913 604 1965 661 id
2002 603 2146 673 quod

585 691 833 746 infertur.

655 782 818 844 Vens.
853 787 1044 843 ill-35.
1103 805 1122 839 ι
1151 785 1288 842 Ecce
1309 786 1583 856 concipies
1615 786 1667 842 in
1690 797 1865 850 utero,
1897 796 1951 841 et
1968 788 2149 858 paries

587 870 773 938 filium,
797 882 850 926 et
881 873 1098 928 vocabis
1157 887 1352 928 nomen
1384 873 1501 942 ejus
1558 871 1759 926 Iesum.
1790 871 1839 927 Is
1879 874 1983 928 erit
2031 889 2147 926 ma-

583 976 740 1029 gnus,
768 969 822 1015 et
857 961 1023 1017 Filius
1067 962 1327 1019 Altissimi
1383 962 1681 1017 vocabitur.
1741 961 1805 1016 Et
1864 964 2017 1020 dabit
2073 963 2146 1019 illi

587 1051 841 1121 Dominus
870 1053 1011 1113 Deus
1032 1055 1211 1110 sedem
1242 1054 1404 1108 David
1432 1055 1601 1122 patris
1632 1055 1821 1124 ipsius,
1877 1057 2152 1126 regnabit-

583 1158 690 1213 que
711 1159 872 1214 super
899 1145 1116 1200 domum
1158 1144 1325 1201 Jacob
1347 1145 1401 1200 in
1436 1153 1695 1200 aeternum
1734 1163 1748 1202 :
1779 1156 1835 1201 et
1861 1147 2007 1216 regni
2033 1148 2151 1216 ejus

587 1248 693 1289 non
749 1234 856 1291 erit
905 1235 1042 1305 linis.
1085 1255 1105 1288 ι
1143 1235 1281 1292 Ecce
1337 1236 1632 1305 concipies.
1695 1237 1796 1292 hoc
1855 1237 2148 1305 singulare,

586 1327 728 1395 quod
756 1325 884 1381 nulli
939 1327 1091 1381 alteri
1115 1343 1454 1384 concessum.
1481 1329 1538 1384 In
1565 1338 1719 1383 utero
1752 1335 1934 1383 autem
1971 1329 2132 1393 dixit,

589 1425 646 1469 ut
675 1415 922 1470 ostendat
948 1416 1234 1472 Dominum
1267 1433 1332 1473 ex
1365 1419 1532 1487 ipsius
1587 1418 1811 1489 virginis
1863 1429 2015 1474 utero
2068 1419 2152 1474 in-

589 1516 872 1561 carnatum
902 1507 1348 1564 susbtantialiter.
1376 1509 1519 1564 Bene
1544 1518 1723 1563 autem
1755 1510 1933 1566 dictus
1956 1519 2041 1566 est
2064 1510 2152 1566 Je-

589 1610 702 1658 sus,
735 1598 856 1666 quia
888 1597 958 1653 oh
1016 1598 1240 1653 salutem
1287 1600 1457 1653 nostri
1503 1600 1714 1669 generis
1755 1600 1919 1655 venit.
1947 1597 2152 1655 Nomen

589 1688 731 1741 enim
760 1689 859 1743 hoc
892 1687 943 1742 lu
965 1688 1208 1745 Graecam
1265 1690 1501 1760 linguam
1555 1706 1896 1755 conversum,
1958 1693 2155 1748 dicitur

588 1777 754 1833 salus.
783 1777 941 1834 Jesus
988 1780 1150 1850 igitur
1186 1780 1380 1852 Σωτήρ
1413 1789 1517 1847 est,
1563 1781 1668 1836 hoc
1731 1790 1814 1837 est
1860 1782 2144 1853 salvator:

589 1872 712 1940 quia
741 1870 930 1926 οιίαώ
955 1847 1100 1926 salus
1122 1847 1485 1928 dicitur.-Erit
1531 1884 1732 1939 autem,
1771 1849 1969 1940 inquit,
2029 1891 2146 1928 ma-
2181 1847 2223 1902 Β

589 1976 748 2027 gnus,
770 1971 824 2014 et
867 1959 1034 2018 Filius
1058 1963 1316 2019 Altissimi
1344 1965 1641 2020 vocabitur.
1678 1964 1900 2036 Magnus
1935 1969 2150 2036 quidem

590 2052 692 2108 fuit
721 2067 776 2109 et
798 2053 1052 2124 Joannes,
1085 2059 1176 2113 sed
1203 2074 1308 2113 non
1333 2058 1398 2112 ad
1427 2059 1529 2113 hoc
1555 2058 1816 2114 Altissimi
1846 2059 2033 2115 Filius.
2059 2059 2154 2115 Je—

589 2159 682 2200 sus
712 2161 842 2201 vero
875 2163 1098 2218 magnus
1140 2150 1380 2218 quidem,
1433 2165 1498 2206 eo
1529 2151 1673 2221 quod
1725 2153 1904 2207 docuit
1937 2170 1950 2205 :
1985 2152 2156 2208 Filius

589 2245 766 2291 autem
809 2238 1091 2306 Altissimi,
1122 2251 1175 2294 et
1226 2251 1446 2310 propter
1478 2242 1617 2297 istuc
1666 2242 1840 2310 ipsum
1879 2261 1892 2296 :
1927 2244 2157 2298 docebat

590 2327 732 2383 enim
760 2329 898 2384 sicut
926 2333 1298 2386 auctoritatem
1339 2332 1542 2389 habens
1569 2352 1581 2385 :
1614 2341 1668 2388 et
1690 2341 1906 2402 propter
1937 2334 2157 2390 mirabi-

592 2417 720 2473 lium
747 2419 1125 2475 miraculorum
1166 2425 1552 2493 operationem.
1597 2426 1831 2481 Vocatur
1863 2436 2040 2480 autem
2070 2426 2157 2480 1δί-

593 2510 695 2624 lius
723 2511 1010 2577 Altissimi,
1043 2515 1134 2584 qui
1166 2517 1456 2585 apparebat
1499 2517 1676 2572 homo.
1705 2516 1836 2572 Nam
1868 2517 1995 2586 quia
2047 2533 2166 2624 una

593 2602 692 2658 fuit
732 2605 1054 2676 hypostasis,
1095 2624 1280 2663 revera
1314 2607 1482 2664 Filius
1536 2610 1799 2665 Altissimi
1834 2609 1934 2665 fuit
1989 2602 2155 2665 Filiu's

596 2696 834 2762 virginis.
881 2697 945 2752 Et
975 2697 1076 2752 fuit
1112 2700 1324 2767 quidem
1381 2685 1546 2771 2⁵16
1585 2712 1708 2756 ante
1749 2703 1944 2756 saecula
1989 2700 2158 2756 Filius

593 2784 854 2842 Altissimi
934 2789 1204 2856 Verbum,
1283 2792 1377 2846 sed
1435 2807 1540 2847 non
1621 2795 1912 2848 vocabatur
1985 2807 2158 2860 neque

594 2880 1064 2947 cngnoscebatur;
1151 2890 1430 2949 postquam
1555 2893 1731 2938 autem
1821 2885 2155 2938 iucarnatum

591 2975 676 3023 est
742 2978 796 3023 et
859 2972 1105 3040 apparuit
1152 2972 1204 3025 in
1246 2987 1440 3038 carne,
1493 2961 1622 3030 tunc
1666 2983 1720 3030 et
1754 2985 2029 3029 vocatum
2075 2983 2159 3028 cst

600 3057 764 3115 Filius
815 3060 1099 3131 Altissimi,
1146 3064 1235 3134 qui
1270 3065 1560 3135 apparebat
1591 3076 1646 3121 et
1679 3067 1932 3121 miracula
1988 3066 2156 3122 facie-

2247 601 2642 670 ἐπιφερόμενον
2669 598 2768 651 οὐκ
2790 597 2888 651 ἔτι.

2325 798 2345 832 ι
2385 779 2494 833 Kal.
2527 778 2635 833 ἰδοὺ
2668 775 2910 847 συλλήψῃ
2940 777 2998 829 έν
3028 773 3246 844 γαστρὶ,
3276 772 3372 827 καὶ
3407 771 3535 842 τέξῃ
3567 770 3706 832 υἱὸν,
3727 771 3820 823 καὶ

2249 872 2499 936 καλέσεις
2525 872 2586 925 16
2614 871 2786 940 ὄνομα
2807 867 2972 922 αὐτοῦ
3009 866 3248 939 Ἰησοῦν
3285 859 3444 928 0610;
3468 865 3624 918 ἔσται
3659 864 3827 933 μέγας

2249 965 2343 1017 καὶ
2364 963 2769 1032 ΥίοςὙψίστου
2796 959 3145 1031 κληθήσεται.
3166 957 3276 1012 Καὶ
3292 955 3612 1024 δώσειαύτῷ
3632 953 3828 1024 Κύριος

2248 1055 2278 1107 6
2321 1051 2452 1115 Θεὸς
2487 1051 2578 1106 τὸν
2632 1051 2821 1122 θρόνον
2874 1048 3041 1102 Δαὸὶδ
3094 1047 3189 1100 106
3224 1045 3432 1115 πατρὸς
3489 1043 3683 1098 αὐτοῦ.
3721 1045 3831 1098 Καὶ

2253 1142 2558 1212 βασιλεύσει
2611 1143 2703 1195 ἐπὶ
2729 1141 2827 1193 τὸν
2855 1134 3004 1193 οἷκον
3051 1135 3243 1192 Ἰακὼϐ
3289 1138 3371 1199 είς
3406 1137 3534 1197 τοὺς
3583 1135 3787 1198 αίῶνας
3811 1173 3829 1199 ,

2251 1233 2346 1285 καὶ
2398 1233 2494 1300 τῆς
2550 1231 2827 1301 βασιλείας
2861 1230 3023 1283 αὑτοῦ
3069 1231 3170 1283 οὐκ
3223 1231 3382 1282 εσται
3412 1230 3587 1289 τέλος.
3629 1247 3649 1279 ι
3697 1228 3827 1281 Ἰδοὺ

2256 1322 2500 1393 συλλήψῃ
2521 1340 2536 1354 ο
2571 1321 2729 1375 10610
2763 1323 2824 1374 16
2874 1321 3131 1386 ἐξαίσιον,
3155 1315 3216 1374 06
3260 1321 3488 1389 οὐδεμία
3527 1319 3664 1389 άλλη
3696 1336 3830 1373 κατ-

2252 1413 2495 1484 ηξιώθη’
2555 1415 2613 1466 έν
2663 1414 2862 1484 γαστρὶ
2885 1413 2940 1466 δὲ
2972 1410 3147 1478 εἶπεν,
3185 1413 3269 1466 ἵνα
3309 1412 3456 1484 δείξῃ
3502 1412 3593 1464 τὸν
3627 1412 3831 1484 Κύριον

2253 1504 2311 1570 ἐξ
2334 1503 2502 1572 αὐτῆς
2531 1503 2631 1572 τῆς
2667 1502 2858 1573 νηδύος
2909 1503 3008 1573 τῆς
3039 1502 3318 1572 Παρθένου
3353 1502 3704 1573 σαρκωθέντα
3744 1502 3834 1555 ούο

2257 1595 2496 1658 σιωδῶςο
2531 1594 2755 1658 δικαίως
2790 1593 2847 1647 δὲ
2894 1592 3097 1663 ἐκλήθη
3155 1591 3364 1663 Ἰησοῦς
3396 1594 3422 1645 6
3450 1594 3546 1644 ἐπὶ
3588 1591 3833 1663 σωτηρία

2254 1686 2351 1738 τοῦ
2393 1685 2664 1757 ἡμετέρου
2713 1685 2906 1750 γένους
2937 1683 3111 1738 ἐλθών
3133 1702 3146 1718 ·
3175 1683 3236 1736 16
3285 1683 3395 1755 γὰρ
3426 1684 3599 1754 ὄνομα
3650 1684 3834 1750 τοῦτο,

2258 1779 2336 1842 είς
2368 1777 2465 1846 τὴν
2507 1778 2730 1831 Ἐλλάδα
2754 1777 3008 1846 γλῶσσαν
3041 1775 3527 1846 μεταϐαλλόμενον,
3561 1777 3712 1831 Θεοῦ
3747 1776 3835 1831 λέ-

2254 1887 2410 1940 γεται
2438 1870 2730 1938 σωτηρία·
2781 1869 2990 1938 Ἰησοῦς
3023 1863 3116 1923 οὖν
3178 1869 3386 1937 Σωτὴρ
3438 1870 3828 1940 ἑρμηνεύεται,

2256 1964 2337 2016 ὅτι
2394 1963 2488 2016 καὶ
2531 1961 2631 2016 ίαὼ
2679 1963 2717 2029 ἡ
2775 1961 3038 2031 σωτηρία
3070 1960 3306 2029 λέγεται.
3341 1961 3537 2014 Ἔσται
3564 1961 3642 2025 δὲ,
3678 1963 3832 2030 φησὶ,

2258 2054 2457 2123 μέγας,
2502 2055 2596 2106 καὶ
2646 2053 2774 2117 Υἱὸς
2815 2052 3074 2122 Ὑψίστου
3102 2052 3456 2122 κληθήσεται.
3499 2053 3693 2119 Μέγας
3733 2055 3833 2122 μὲν

2255 2140 2323 2215 ἦν
2361 2147 2453 2198 καὶ
2477 2148 2503 2198 6
2543 2145 2820 2214 Ἰωάννης,
2851 2143 2966 2197 ἀλλ’
2986 2145 3086 2197 οὐκ
3114 2144 3194 2198 ἐτι
3223 2145 3320 2198 καὶ
3359 2145 3486 2208 Υίδς
3534 2146 3794 2212 Ὑψίστου
3815 2162 3830 2176 '

2255 2239 2284 2290 6
2316 2236 2372 2289 δέ
2392 2253 2453 2304 γε
2485 2235 2697 2304 Σωτὴρ,
2740 2235 2913 2304 μέγας
2955 2235 3072 2304 μὲν,
3109 2235 3244 2289 καθὸ
3283 2235 3582 2289 ἐδίδασκεν.
3613 2236 3745 2299 Tib;
3777 2237 3835 2291 δὲ

2272 2328 2548 2396 Ὑψίστου,
2579 2327 2666 2381 διά
2688 2344 2745 2379 τε
2775 2325 2934 2381 τοῦτο
2958 2327 3089 2379 αὐτὸ
3127 2326 3396 2396 (ἐδίδασκε
3431 2327 3541 2397 γὰρ
3571 2330 3649 2392 ὡς
3681 2329 3834 2395 £506-

2260 2421 2379 2472 σίαν
2415 2418 2602 2489 ἔχων),
2637 2418 2732 2470 καὶ
2767 2417 2854 2471 διὰ
2893 2418 2991 2488 τὴν
3047 2418 3155 2470 τῶν
3201 2417 3494 2489 θαυμάτων
3533 2421 3836 2489 παραδοξο-

2258 2510 2474 2562 ποιίανο
2527 2508 2772 2561 καλεῖται
2826 2506 2884 2560 δὲ
2946 2506 3072 2570 Υίὺς
3117 2505 3376 2575 Ὑψίστου
3429 2509 3456 2559 6
3504 2508 3834 2577 φαινόμενος

2257 2602 2570 2671 ἄνθρωπος’
2605 2600 2725 2652 ἐπεὶ
2757 2599 2867 2669 γὰρ
2905 2600 3002 2668 μία
3026 2594 3095 2668 ἦν
3117 2599 3436 2663 ὑπόστασις,
3465 2599 3542 2668 τῷ
3567 2598 3684 2651 δντι
3711 2599 3835 2662 Υἱὸς

2270 2693 2525 2761 Ὑψίστου
2564 2687 2633 2761 ἦν
2682 2691 2709 2743 6
2743 2690 3025 2758 ἄνθρωπος
3049 2691 3077 2742 6
3104 2690 3230 2754 Υἱὸς
3258 2690 3358 2758 τῆς
3383 2689 3689 2760 Παρθένου.
3727 2685 3835 2744 Ἦν

2263 2782 2361 2851 μὲν
2391 2782 2499 2850 γὰρ
2529 2782 2622 2833 καὶ
2655 2779 2760 2850 προ
2780 2780 2886 2831 τῶν
2905 2778 3114 2833 αἰώνων
3141 2779 3267 2841 Υἱὸς
3309 2780 3564 2849 Ὑψίστου
3587 2782 3614 2831 ὁ
3641 2781 3831 2848 Λόγος,

2259 2872 2374 2927 ἀλλ’
2406 2874 2506 2926 οὐκ
2543 2872 2808 2934 ἐκαλεῖτο,
2869 2870 2988 2924 οὐδὲ
3045 2871 3406 2940 ἐγνωρίζετο·
3443 2875 3566 2925 ἐπεὶ
3589 2873 3648 2924 δὲ
3671 2874 3834 2943 ὲσαρ·

2259 2963 2409 3032 κώθη
2452 2963 2547 3016 καὶ
2566 2961 2882 3034 ἐφανερώθη
2930 2965 2986 3016 ὲν
3021 2966 3207 3031 σαρκὶ,
3241 2963 3364 3016 τότε
3402 2963 3467 3034 δὴ
3505 2965 3600 3017 καὶ
3629 2963 3836 3036 ἐκλήθη

2267 3057 2388 3120 Υίὸς
2420 3056 2700 3124 Ὑψίστου,
2727 3059 2755 3109 6
2789 3056 3113 3126 φαινόμενος
3134 3060 3230 3110 καὶ
3257 3057 3327 3110 τὰ
3358 3057 3616 3124 θαύματα
3646 3057 3832 3111 ποιῶν.

597 3149 713 3205 bat.
766 3151 1006 3207 Audiens
1037 3169 1164 3209 vero
1215 3156 1469 3210 thronum
1501 3157 1583 3211 vel
1639 3159 1818 3213 sedem
1847 3158 2030 3225 David,
2089 3172 2156 3211 ne

2262 3153 2457 3223 Θρόνον
2483 3153 2539 3206 δὲ
2572 3151 2735 3204 Δαυῒδ
2768 3152 3004 3218 ἀκούων,
3040 3155 3114 3223 μὴ
3145 3153 3411 3222 αἰσθητὴν
3437 3153 3717 3223 βασιλείαν
3751 3155 3836 3208 νό-

597 3251 753 3311 putus
784 3244 1037 3299 sensibile
1066 3246 1333 3314 quoddam
1357 3262 1602 3316 regnum,
1633 3249 1725 3303 sed
1756 3249 2017 3311 divinum,
2049 3263 2158 3318 quo

597 3330 837 3398 regnavit
861 3345 1027 3400 super
1058 3346 1248 3388 omnes
1301 3344 1488 3403 gentes
1511 3350 1609 3404 per
1630 3336 1864 3390 divinam
1899 3338 2160 3404 praedica-

597 3420 815 3475 tionem.
859 3419 1059 3478 Domus
1077 3426 1220 3479 enim
1247 3424 1416 3483 Jacob
1448 3438 1575 3482 sunt
1607 3428 1667 3482 h'r
1692 3430 1782 3498 qui
1826 3443 1892 3483 ex
1921 3427 2159 3484 lfebra-is

600 3512 968 3575 crediderunt.
1029 3523 1191 3583 atque
1239 3519 1400 3572 etiam
1432 3518 1525 3587 qui
1568 3533 1636 3574 ex
1709 3519 1829 3574 aliis
1885 3520 2158 3590 gentibus.

595 3603 675 3657 Illi
699 3605 837 3657 enim
856 3607 1069 3674 proprie
1093 3604 1258 3662 Jacob
1287 3619 1341 3662 et
1376 3609 1560 3665 Israel.
1619 3611 1683 3665 Et
1710 3616 1982 3681 quomodo
2028 3611 2161 3666 dici-

595 3701 686 3748 tur
713 3695 902 3750 sedcre
934 3711 1093 3766 super
1122 3698 1306 3753 sedem
1331 3699 1532 3755 David?
1571 3702 1733 3757 Audi.
1775 3703 1941 3757 David
1965 3720 2162 3772 parvus

596 3793 713 3838 erat
753 3786 893 3839 inter
954 3787 1318 3854 fratres'suos,
1374 3801 1429 3845 et
1475 3790 1736 3848 Dominus
1766 3809 1980 3864 quoque
2034 3810 2162 3849 con-

601 3884 836 3945 temptus
863 3885 918 3932 et
949 3887 1162 3934 laxatus
1193 3890 1249 3935 ut
1280 3882 1414 3935 edax
1467 3891 1521 3937 et
1553 3884 1659 3938 vini
1691 3895 1870 3954 potor,
1926 3895 1979 3939 et
2023 3884 2160 3940 fabri

601 3965 763 4030 illius,
791 3977 844 4021 et
869 3983 897 4021 a
922 3966 1178 4024 fratribus
1207 3973 1318 4026 suis
1354 3972 1478 4026 ﬁliis
1499 3972 1699 4044 Joseph
1736 3975 2155 4042 despiciebatur.

598 4057 783 4126 Neque
808 4060 947 4114 enim
983 4059 1182 4116 fratres
1209 4061 1343 4130 ejus,
1375 4063 1565 4132 inquit,
1605 4066 1900 4138 credebant
1924 4068 1976 4121 in
2011 4081 2157 4123 eum.

599 4147 690 4202 Ille
711 4165 829 4204 cum
864 4152 1224 4220 benefaceret,
1253 4158 1681 4223 persecutionem
1713 4158 2019 4226 patiebatur
2052 4172 2066 4211 :
2105 4166 2161 4212 et

603 4240 858 4298 Dominus
888 4260 1103 4314 quoque
1155 4247 1413 4301 miracula
1464 4247 1670 4303 faciens
1704 4250 2063 4304 accusabatur
2109 4258 2163 4304 et

600 4328 954 4394 lapidabatur.
982 4329 1076 4384 llle
1103 4346 1197 4399 per
1232 4334 1698 4388 mansuetudinem
1747 4335 1873 4388 vicit
1895 4344 1949 4388 et
1971 4349 2162 4403 regna-

2266 3245 2409 3314 μιζε,
2441 3244 2575 3298 ἀλλὰ
2603 3245 2755 3298 θείαν
2774 3261 2788 3276 ο
2821 3247 2887 3315 ἣν
2923 3243 3273 3298 ἐϐασίλευσεν
3298 3246 3392 3298 ἐπὶ
3422 3245 3600 3299 πάντα
3623 3246 3834 3315 1.’t£0vq

2261 3337 2348 3389 διὰ
2378 3336 2469 3389 τοῦ
2524 3337 2671 3390 θείου
2705 3336 3095 3407 κηρύγματος’
3134 3333 3280 3398 οῐκος
3321 3335 3431 3406 γὰρ
3472 3337 3690 3404 Ἰακὼϐ,
3746 3339 3837 3392 καὶ

2261 3429 2310 3481 οἱ
2356 3427 2415 3493 ἐξ
2455 3428 2728 3498 Ἐϐραίων
2777 3430 3205 3492 ιιιειενιεύσαντες⁹
3242 3429 3333 3483 ναὶ
3367 3429 3474 3499 μὴν
3509 3429 3606 3483 καὶ
3649 3431 3700 3482 0i
3731 3432 3839 3484 ἀπο

2262 3519 2369 3570 τῶν
2417 3518 2591 3572 ἄλλων
2639 3518 2837 3571 ὲθνῶνο
2871 3513 3018 3571 οὗτοι
3077 3519 3187 3587 γὰρ
3231 3518 3457 3588 κυρίως,
3497 3517 3692 3571 Ἰακὼϐ
3747 3519 3839 3572 καὶ

2277 3610 2511 3678 Ἰσραήλ.
2555 3610 2674 3669 Πῶς
2728 3608 2786 3662 6‘s
2847 3611 3064 3677 λέγεται
3097 3610 3319 3662 καθίσαι
3378 3611 3471 3662 ἐπὶ
3505 3611 3597 3663 τὸν
3651 3610 3841 3681 θρόνον

2265 3701 2460 3764 Δαυῖδ;
2495 3703 2717 3754 ’Λκουεο
2747 3701 2806 3754 Ὀ
2832 3701 3010 3764 Δαυῒδ,
3034 3701 3226 3771 μικρὸς
3256 3705 3313 3757 ὲν
3333 3705 3443 3765 τοῖς
3467 3701 3843 3770 ἀδελφοίςαύ-

2262 3792 2356 3845 τοῦ
2379 3807 2394 3825 ο
2437 3793 2532 3847 καὶ
2565 3796 2592 3846 6
2615 3794 2821 3864 Κύριος
2856 3793 3304 3863 ἐξουθενημένος,
3340 3798 3433 3847 καὶ
3482 3794 3845 3865 διασεὸλημέο

2265 3902 2352 3946 νος
2382 3885 2456 3946 ὡς
2491 3886 2663 3953 φάγος
2712 3886 2803 3939 καὶ
2835 3885 3123 3957 οἰνοπότης
3151 3889 3246 3940 καὶ
3292 3888 3547 3949 τέκτονος
3578 3887 3715 3951 υἱὸς,
3749 3887 3845 3940 καὶ

2268 3976 2421 4045 παρὰ
2476 3980 2590 4039 τοῖς
2622 3977 2871 4046 ἀδελφοῖς
2902 3976 3088 4040 αὐτοῦ,
3148 3980 3260 4039 τοῖς
3293 3980 3428 4040 υἱοῖς
3467 3979 3690 4048 Ἰωσὴφ,
3721 3979 3844 4032 ἀτι-

2269 4067 2574 4136 μαζόμενος
2595 4084 2607 4097 ·
2634 4067 2756 4120 οὐδὲ
2793 4069 2899 4138 γὰρ
2940 4070 2987 4121 οἱ
3014 4067 3236 4136 ἀδελφοὶ
3258 4068 3447 4132 αὐτοῦ,
3478 4070 3664 4138 φησὶν,
3708 4068 3844 4121 ἐπί-

2267 4175 2456 4210 στευον
2490 4159 2570 4219 εἰς
2596 4159 2760 4211 αὐτόν
2783 4175 2794 4186 ·
2831 4161 3036 4232 ἐκεῖνρς
3067 4160 3370 4228 εὐεργετῶν
3403 4160 3660 4212 ἐδιώκετο
3683 4176 3696 4188 ·
3752 4161 3848 4212 καὶ

2263 4249 2291 4300 6
2315 4251 2540 4319 Κύριος,
2575 4249 2829 4320 θαύματα
2863 4251 3030 4304 ποιῶν
3066 4250 3393 4313 διεϐάλλετο,
3423 4252 3514 4304 xal.
3537 4251 3843 4316 ὲλιθὰζετο.

2277 4338 2513 4401 Ἐκεῖνος
2563 4338 2652 4391 διὰ
2702 4339 3005 4408 πραότητος
3070 4341 3290 4408 ἐνίκησε
3347 4340 3444 4393 xal.
3487 4340 3844 4393 ἐϐασίλευσε⁹

597 4416 696 4480 vit,
715 4425 770 4469 et
802 4416 1058 4473 Dominus
1082 4433 1177 4487 per
1227 4422 1697 4476 mansuetudinem
1726 4432 1977 4492 suscepta
2005 4437 2159 4478 cruce

2265 4427 2360 4482 καὶ
2380 4430 2409 4480 6
2443 4428 2662 4498 Κύριος,
2683 4429 2770 4480 διὰ
2799 4429 3087 4500 πραότητα
3117 4429 3351 4499 σταυρὸν
3374 4427 3845 4496 καταδεξάμενος,

603 4507 865 4573 regnavit.
902 4506 1062 4563 Vides
1085 4510 1352 4578 quomodo
1373 4512 1583 4567 dicatur
1633 4513 1822 4568 sedere
1859 4529 2023 4582 super
2077 4529 2159 4569 se-

2266 4517 2630 4570 ὲῦασίλευσεν.
2684 4518 2847 4586 Ὁρᾷς
2899 4518 3018 4580 πῶς
3064 4517 3284 4584 λέγεται
3331 4516 3558 4570 καθίσαι
3607 4515 3701 4568 ἐπὶ
3755 4517 3848 4569 τὸν

581 4592 726 4650 dem
757 4596 962 4652 David?
983 4599 1115 4652 Nam
1154 4603 1295 4655 sicut
1319 4603 1484 4658 David
1501 4605 1757 4658 sensibile
1784 4620 2007 4676 regnum
2039 4621 2164 4662 sus-

605 4692 770 4760 cepit,
796 4691 867 4744 ita
894 4700 948 4746 et
1006 4691 1263 4749 Dominus
1313 4695 1615 4763 spirituale,
1663 4695 1816 4766 cujus
1874 4699 2024 4769 regni
2060 4715 2164 4754 non

603 4782 707 4835 erit
733 4781 874 4837 linis.
912 4781 1029 4838 Non
1064 4784 1206 4837 enim
1254 4783 1376 4839 ﬁnis
1415 4786 1562 4856 regni
1614 4785 1840 4854 Christi,
1910 4794 2010 4843 hoc
2061 4801 2166 4858 est,

606 4873 895 4941 agnitionis
923 4875 1010 4929 Dei
1049 4885 1104 4931 et
1127 4874 1548 4933 Christianismi.
1589 4878 1723 4933 Nam
1754 4889 1954 4937 etcum
1991 4897 2171 4952 perse-

605 4964 874 5020 cutionem
894 4967 1147 5035 patimur,
1179 4969 1351 5040 gratia
1383 4969 1585 5027 Christi
1608 4971 1886 5030 ﬂoremus.

680 5140 843 5197 Vens.
870 5143 960 5206 34,
1001 5142 1090 5201 55.
1121 5163 1140 5196 ι
1182 5145 1326 5201 Dixit
1353 5157 1530 5204 autem
1570 5148 1735 5204 Maria
1782 5153 1848 5206 ad
1889 5152 2168 5221 angelum:

609 5233 885 5298 Quomodo
909 5237 1011 5290 erit
1042 5236 1206 5301 istud,
1255 5240 1684 5309 quandoquidem
1714 5243 1886 5297 virum
1941 5259 2049 5297 non
2081 5259 2172 5298 co-

610 5324 854 5392 gnosco?
883 5324 1310 5396 EtArespondens
1343 5331 1586 5400 angelus,
1647 5332 1782 5386 dixit
1815 5333 1863 5386 ei
1891 5351 1905 5387 :
1936 5331 2172 5402 Spiritus

613 5424 832 5472 sanctus
853 5421 1192 5487 superveniet
1222 5420 1273 5473 in
1308 5432 1379 5484 te,
1405 5432 1457 5477 et
1484 5423 1655 5478 virtus
1682 5424 1942 5480 Altissimi
1985 5427 2175 5480 obum-

615 5508 790 5561 hrabit
817 5507 910 5561 tibi
961 5526 972 5561 :
1011 5521 1335 5580 quapropter
1366 5524 1416 5567 et
1445 5515 1584 5583 quod
1621 5527 1873 5572 nascetur
1905 5529 2175 5584 sanctum,

2269 4607 2455 4677 θρόνον
2488 4609 2688 4672 Δαυΐδ;
2727 4609 2818 4670 Ὠς
2851 4610 2958 4677 γὰρ
2995 4609 3022 4661 6
3052 4606 3216 4660 Δαυῖδ
3262 4606 3359 4677 τὴν
3396 4606 3662 4676 αἰσθητὴν
3694 4607 3848 4677 βασι-

2268 4700 2415 4753 λείαν
2437 4699 2650 4765 ἔλαϐεν,
2671 4700 2814 4753 061w
2842 4701 2932 4752 καὶ
2953 4703 2981 4753 6
3013 4700 3218 4769 Κύριος
3247 4701 3346 4768 τὴν
3372 4703 3571 4770 νοητήν
3595 4717 3610 4732 ο
3647 4695 3716 4770 ἧς
3746 4701 3844 4754 οὐκ

2271 4791 2424 4845 ἔσται
2449 4791 2599 4854 τέλος
2622 4807 2634 4822 ·
2666 4792 2764 4844 οὐκ
2812 4792 2966 4846 ἔσται
2997 4791 3106 4862 γὰρ
3141 4791 3292 4854 τέλος
3310 4791 3408 4861 τῆς
3439 4791 3724 4860 βασιλείας
3752 4791 3846 4847 106

2273 4881 2532 4952 Χριστοῦ,
2554 4883 2821 4947 τουτέστι,
2853 4884 2952 4952 τῆς
2982 4883 3313 4950 θεογνωσίας
3345 4883 3440 4936 καὶ
3463 4881 3556 4934 τοῦ
3584 4883 3848 4950 Χριστια-

2272 4971 2490 5042 νισμοῦ.
2528 4973 2638 5026 Καὶ
2666 4973 2988 5044 διωκόμενοι
3015 4973 3145 5044 γὰρ,
3182 4973 3474 5044 λαμπομεν
3505 4974 3689 5044 χάριτι
3717 4973 3846 5044 X9:-

2275 5082 2425 5119 στου.

2349 5172 2366 5204 ι
2408 5149 2539 5207 Εἵπε
2567 5155 2624 5207 δὲ
2659 5153 2889 5224 Μαριὰμ
2928 5155 3062 5226 πρὸς
3091 5154 3182 5209 τὸν
3213 5155 3470 5223 ἄγγελον
3517 5156 3644 5220 Πῶς
3693 5156 3845 5211 ἔσται

2274 5247 2454 5311 τοῦτο,
2495 5246 2615 5299 ἐπεὶ
2667 5245 2838 5315 ἄνδρα
2890 5246 2950 5298 ού
2980 5245 3270 5313 γι>νώσκω;
3307 5246 3421 5302 Καὶ
3465 5247 3788 5318 ἀποκριθεὶς
3819 5251 3847 5302 6

2277 5336 2527 5404 ἄγγελος,
2575 5331 2726 5387 εἶπεν
2776 5336 2949 5406 αὑτῇ·
3004 5336 3231 5407 Πνεῦμα
3277 5337 3434 5405 ἆγιον
3496 5337 3846 5394 ἐπελεύσεται

2275 5428 2366 5480 ἐπὶ
2397 5426 2491 5492 σὲ,
2551 5429 2644 5478 καὶ
2684 5425 2910 5496 δύναμις
2947 5426 3205 5495 Ὑψίστου
3253 5427 3566 5481 ἐπισκιάσει
3616 5446 3725 5494 σοι,
3768 5429 3847 5483 διὸ

2278 5519 2372 5572 καὶ
2406 5519 2466 5571 τὸ
2493 5519 2835 5588 γεννώμενον
2870 5519 3043 5586 ἅγιον,
3080 5520 3412 5590 κληθήσεται
3452 5520 3582 5584 Υἱὸς
3621 5521 3784 5577 Θεοῦ.
3824 5539 3841 5573 ι

621 5601 893 5652 vocabitur
923 5599 1090 5656 Filius
1118 5602 1231 5656 Dei.
1274 5623 1290 5654 ι
1327 5602 1442 5658 Non
1470 5608 1622 5673 quasi
1653 5609 1967 5665 discrcdens
2003 5611 2043 5663 V
2063 5610 2159 5680 irgt

2280 5611 2390 5679 Ούχ
2413 5610 2487 5671 ώς
2504 5612 2851 5679 ἁπιστήσασα
2877 5610 2910 5678 ή
2943 5611 3238 5681 Παρθένος,
3272 5607 3395 5663 εἶπε
3427 5611 3509 5678 τὸ,
3541 5607 3844 5674 Πῶςέσται

632 5688 762 5741 dixit
791 5706 804 5742 :
844 5690 1122 5754 Quomodo
1148 5695 1254 5748 crit
1280 5695 1411 5750 mihi
1445 5695 1624 5753 istud?
1657 5703 1750 5754 sed
1783 5710 1838 5756 ut
1866 5704 2098 5770 prudens
2127 5718 2154 5758 c

2285 5721 2373 5771 μοι
2403 5703 2597 5769 τοῦτο;
2648 5703 2762 5755 ἀλλ’
2810 5701 2883 5766 ib;
2919 5703 3057 5773 σοφὴ
3097 5706 3189 5755 καὶ
3237 5705 3454 5773 συνετὴ,
3509 5704 3842 5775 ἐπιζητοῦσα

630 5780 948 5849 intelligens,
980 5793 1034 5840 ut
1064 5785 1255 5852 discat,
1313 5788 1528 5843 modum
1589 5791 1827 5860 inquirit.
1861 5793 1993 5848 Non
2032 5793 2159 5849 cniu

2287 5792 2477 5863 μαθεῖν
2497 5793 2584 5848 τὸν
2618 5793 2816 5866 τρόπον
2851 5794 2943 5848 τοῦ
2973 5795 3327 5866 πράγματοςσ
3359 5793 3479 5849 οὐδὲ
3519 5794 3626 5867 γὰρ
3657 5795 3842 5866 γέγονέ

4043 467 4051 530 1
