4108 6334
301 375 422 442 705

1058 360 1506 427 ENARRATIO
1543 361 1623 421 IN
1666 359 2176 422 EV’ANGELIUM
2206 355 2442 418 LUC/E.
2475 381 2544 394 —-
2566 358 2728 422 CAP.
2771 360 2818 421 Ι.
3031 349 3053 390 \

3490 361 3592 428 706

309 508 366 544 τι
391 486 631 542 τοιοῦτον
663 479 1085 556 πρότερον,ούδὲ
1113 478 1252 549 μετὰ
1272 476 1444 530 ταῦτα
1475 472 1895 546 γενήσεται.Διδ

2003 472 2152 540 prius
2185 471 2290 526 tale
2319 470 2576 539 quiddam
2619 471 2822 528 factum
2850 482 2954 540 cst,
2989 487 3164 542 neque
3193 477 3423 544 posthac
3477 480 3588 533 fiet.

309 583 411 637 xci.
437 577 799 649 συγγινώσκει
829 574 966 643 αὐτῇ
1004 573 1032 625 6
1052 571 1303 639 ἄγγελος,
1347 571 1440 624 καὶ
1470 569 1529 622 ού
1573 567 1896 636 κατακρίνει

308 674 390 737 ὡς
408 674 500 727 τὸν
523 669 820 739 Ζαχαρίαν,
850 664 986 718 ἀλλὰ
1010 664 1209 734 μᾶλλον
1235 661 1526 731 ἐρμηνεύει
1555 660 1647 711 τὸν
1669 658 1891 728 τρόπον.

324 764 386 817 '0
417 765 513 832 μὲν
543 762 652 828 γὰρ
708 754 984 825 Ζαχαρίας
1024 755 1250 815 εἰκότως
1283 751 1738 813 καταδικάζεται.
1766 745 1895 819 Εἶχε

310 849 423 919 γάρ
459 845 626 899 πολλὰ
657 843 1102 913 παραδείγματα,
1139 843 1222 894 ὅτι
1260 859 1366 910 περ
1396 843 1490 894 καὶ
1524 841 1721 906 πολλαὶ
1752 841 1898 892 στεῖ-

314 960 405 1011 ραι
430 941 646 992 ἒτεκονο
684 939 715 1006 ἡ
756 937 811 989 δὲ
843 935 1116 1003 Παρθένος
1148 933 1305 986 οὐδὲν
1350 931 1465 1002 εἶχε
1513 933 1890 1002 παράδειγμα.

311 1033 542 1103 Πνεῦμα
563 1028 675 1097 οὖν,
695 1031 878 1100 φησιν,
907 1030 1060 1097 ἅγιον
1079 1027 1430 1082 ἐπελεύσεται
1454 1028 1542 1077 ἐπὶ
1568 1026 1650 1089 σὲ,
1674 1024 1896 1094 γόνιμον

309 1123 741 1196 παρασκευάζον
787 1121 886 1193 τὴν
937 1124 1153 1191 μήτραν
1196 1137 1312 1181 σου,
1369 1119 1466 1171 καὶ
1520 1117 1894 1187 δημιουργοῦν

308 1223 411 1290 τὴν
445 1221 622 1290 σάρκα
645 1217 718 1286 τῷ
735 1216 1008 1285 ὁμοουσίῳ
1035 1215 1223 1283 Λόγῳ·
1268 1212 1494 1282 δύναμις
1524 1212 1578 1264 δὲ
1610 1210 1892 1280 Ὑψίστου,

307 1316 338 1366 6
378 1313 503 1375 Υἱὸς
538 1311 630 1364 τοῦ
663 1309 820 1371 Θεοῦ,
856 1309 1089 1378 Χριστὸς
1126 1308 1235 1374 γάρ
1289 1306 1424 1358 Θεοῦ
1481 1304 1733 1372 δύναμις,
1777 1307 1896 1356 ἐπι-

321 1405 538 1458 σκιάσει
560 1419 683 1469 ⁹σοι,
709 1399 1010 1464 τουτέστιν,
1044 1399 1406 1450 ὲπισκεπάσει
1427 1414 1506 1458 σε,
1542 1395 1807 1448 πάντοθέν
1834 1412 1893 1446 σε

310 1495 737 1566 περικυκλώσει.
777 1491 866 1556 Ὠς
915 1482 1026 1561 γὰρ
1063 1490 1213 1560 ὄρνις
1257 1490 1572 1553 ἐπισκιάζει
1602 1488 1670 1541 τὰ
1707 1488 1894 1541 νοσσία

309 1587 513 1654 ἑαυτῆς
553 1586 648 1637 ὅλα
701 1585 820 1644 ταῖς
854 1580 1113 1652 πτέρυξιν
1155 1582 1329 1650 αὐτῆς
1379 1581 1894 1651 περιλαμϐάνουσα,

307 1680 456 1732 οὕτω
501 1679 597 1732 καὶ
646 1680 678 1748 ἡ
715 1678 809 1731 τοῦ
871 1677 1005 1730 Θεοῦ
1037 1676 1270 1746 δύναμις
1305 1675 1434 1740 ὃλην
1463 1675 1756 1745 περιέλαὸε
1792 1674 1894 1744 τὴν

311 1774 587 1844 Παρθένον
609 1789 621 1801 '
661 1771 933 1824 καὶτοῦτο
967 1770 1091 1822 ἔστι
1124 1770 1184 1824 τὸ
1214 1770 1554 1826 ὲπισκιάσαῑ.
1617 1770 1809 1834 ’Ἄλλος
1838 1771 1894 1822 δέ

2003 561 2126 617 1.Ιεο
2152 572 2207 618 ει
2239 564 2472 631 ignoscit
2503 565 2552 620 ei
2606 565 2854 634 angelus,
2890 575 2943 620 et
2989 580 3098 621 non
3151 570 3478 626 condemnat
3536 581 3596 624 ut

2001 656 2350 723 Zachariam,
2382 660 2475 714 sed
2530 660 2703 731 magis
2729 661 2947 715 modum
2980 663 3162 716 docet.
3200 659 3336 715 Nam
3383 662 3596 717 Zacha-

1999 749 2110 803 rias
2137 751 2332 804 merito
2390 753 2806 819 condemnatur,
2866 753 3056 808 habuit
3137 755 3286 809 enim
3346 762 3592 826 exempla

2001 842 2192 907 multa,
2223 843 2665 912 quandoquidem
2700 853 2755 897 et
2804 843 2987 900 multa
3021 847 3235 900 steriles
3284 859 3546 918 peperunt
3577 869 3590 903 :

2000 932 2209 1002 Virgini
2244 946 2424 988 autem
2457 935 2662 988 nullum
2691 935 2999 1006 exemplum
3033 950 3168 992 erat.
3209 937 3447 1008 Spiritus
3486 943 3590 996 ita-

1999 1042 2125 1095 que,
2181 1027 2334 1089 dicit,
2367 1037 2588 1082 sanctus
2616 1031 2794 1083 veniet
2841 1045 3007 1100 super
3034 1043 3104 1098 te,
3144 1033 3432 1089 fecundum
3473 1039 3596 1090 red-

1998 1118 2133 1172 dens
2170 1129 2381 1174 uterum
2427 1131 2600 1185 tuum,
2629 1129 2685 1174 et
2712 1123 2951 1178 condens
2982 1139 3197 1178 carnezn
3234 1127 3596 1181 consubstan-

2002 1208 2112 1261 tiali
2149 1206 2351 1263 Verbo.
2389 1207 2573 1265 Virtus
2638 1227 2768 1266 vero
2841 1211 3108 1267 Altissimi
3163 1213 3331 1270 Filius
3362 1228 3446 1272 est
3479 1217 3593 1272 Dei.

1998 1298 2251 1354 Christus
2283 1301 2428 1354 enim
2463 1303 2553 1356 Dei
2603 1305 2778 1356 virtus
2801 1313 2904 1359 est.
2935 1305 3292 1362 Obumbrabit
3328 1311 3444 1374 tibi,
3483 1311 3591 1366 hoc

2002 1403 2088 1446 est
2149 1405 2402 1463 conteget
2432 1407 2502 1457 te,
2538 1396 2642 1450 hoc
2663 1405 2767 1461 est,
2808 1397 3050 1466 undique
3106 1410 3157 1454 te
3212 1402 3594 1458 circumdabit.

2000 1485 2151 1539 Sicut
2178 1487 2292 1540 avis
2319 1489 2608 1541 obumbrat
2643 1490 2819 1558 pullos
2839 1505 2968 1546 suos
3000 1501 3146 1546 totos
3182 1494 3282 1548 alis
3307 1497 3423 1550 suis
3447 1512 3597 1550 com-

1999 1585 2266 1646 plectens.
2295 1581 2368 1633 ita
2393 1591 2442 1633 et
2477 1582 2657 1635 divina
2724 1583 2899 1638 virtus
2965 1595 3131 1639 totam
3182 1588 3447 1656 virginem
3500 1606 3598 1660 ap-

2000 1671 2304 1737 prehendit,
2341 1683 2394 1726 et
2425 1673 2528 1726 hoc
2557 1681 2644 1728 est
2675 1675 3025 1730 obumbrare.
3061 1678 3213 1732 Alius
3244 1694 3423 1734 autem
3446 1685 3594 1751 quis-

2001 1764 2142 1832 pium
2184 1763 2432 1819 fortassis
2462 1766 2625 1833 dicet,
2654 1769 2798 1836 quod
2825 1769 2969 1823 sicut
3020 1771 3199 1837 pictor
3225 1775 3461 1839 primum
3501 1777 3594 1829 de-

307 1883 394 1928 τις
420 1865 580 1932 τυχὸν
615 1866 748 1935 ἐρεῖ,
779 1866 862 1916 ὅτι
893 1863 1082 1932 ὥσπερ
1107 1867 1134 1916 6
1159 1864 1450 1933 ζωγράφος
1483 1863 1703 1931 πρῶτον
1734 1864 1891 1916 σκιάο

2003 1857 2187 1921 liueat,
2219 1861 2272 1912 et
2306 1859 2525 1914 umbras
2547 1861 2864 1928 inducit,-et
2893 1863 3087 1918 deinde
3114 1865 3418 1934 perfectum
3451 1868 3596 1922 colo-

310 1957 418 2019 ζει,
452 1952 572 2008 εἶτα
610 1954 814 2007 τέλειον
838 1956 1285 2025 χρωματουργεῖ,
1317 1953 1460 2007 οὕτω
1489 1957 1579 2006 καὶ
1600 1957 1627 2006 ὁ
1665 1953 1890 2023 Κύριος,

307 2048 473 2109 αὐτὸς
507 2047 804 2116 ἑαυτῷιτὴν
840 2048 1022 2117 σάρκα
1044 2046 1419 2116 δημιουργῶν,
1445 2045 1536 2098 καὶ
1576 2047 1676 2116 τὴν
1705 2047 1894 2099 εἰκόνα

306 2136 406 2190 τοῦ
437 2136 726 2208 ἀνθρώπου
756 2137 1121 2201 διαπλάττων,
1169 2137 1386 2206 πρῶτον
1437 2137 1658 2189 ἐσκίασε
1690 2138 1896 2204 ταύτην

309 2235 371 2285 ἐν
425 2235 490 2304 τῇ
536 2234 721 2305 μήτρᾳ
755 2236 851 2301 τῆς
889 2231 1190 2302 Παρθένου,
1235 2233 1299 2284 ὲκ
1343 2232 1452 2284 τῶν
1491 2232 1742 2301 αἱμάτων
1795 2233 1896 2299 τῆς

306 2327 674 2396 ἀειπαρθένου
732 2326 910 2397 σάρκα
963 2325 1290 2396 συμπήξας,
1343 2322 1463 2377 εἶτα
1511 2325 1632 2377 κατ’
1692 2325 1891 2392 ὀλίγων

313 2417 611 2489 μορφώσας
637 2419 830 2489 αὑτήν.
865 2417 1028 2471 Ἀλλά
1048 2417 1208 2470 τοῦτο
1235 2417 1540 2487 ἀμφίϐολον
1566 2433 1578 2446 ⁸
1604 2417 1653 2469 0i
1673 2418 1771 2486 μὲν
1788 2419 1896 2487 γὰρ

309 2512 592 2581 λέγουσιν,
653 2515 735 2565 ὅτι
796 2510 915 2581 ἅμα.
950 2512 1031 2582 τῷ
1069 2511 1163 2563 τὸν
1215 2510 1422 2583 Κύριον
1457 2511 1781 2563 έπισκιάσαι
1826 2513 1894 2581 τῇ

314 2606 501 2676 μήτρα
526 2605 626 2676 τῆς
681 2604 986 2676 Παρθένου,
1031 2603 1193 2667 εὐθὺς
1227 2603 1431 2657 τέλειον
1460 2599 1527 2674 ἦν
1582 2603 1642 2656 τὸ
1675 2602 1895 2674 βρέφος,

309 2699 364 2752 οι
400 2698 457 2751 δὲ
501 2699 562 2752 ού
612 2698 1014 2768 παραδέχονται
1044 2695 1226 2752 τοῦτο.
1282 2697 1482 2749 Ἀκουε
1518 2695 1626 2766 γὰρ
1652 2696 1705 2750 τί
1737 2711 1896 2767 φησιο

312 2793 408 2846 Διὸ
428 2794 520 2846 καὶ
556 2793 618 2845 τὸ
653 2794 995 2860 γεννώμενον
1023 2792 1200 2859 ἅγιον,
1233 2791 1507 2857 τουτέστι,
1532 2791 1592 2843 τὸ
1620 2791 1762 2843 κατὰ
1803 2791 1899 2859 μέ·-

314 2902 408 2958 ρος
443 2887 499 2938 ὲν
527 2887 593 2955 τῇ
639 2885 823 2956 μήτρα
883 2903 976 2938 σου
1017 2884 1387 2956 αὐξανόμενον
1417 2924 1432 2950 ,
1466 2886 1560 2938 καὶ
1605 2885 1706 2938 οὐκ
1736 2884 1897 2948 εὐθὺς

309 2979 518 3041 τέλειον
551 2977 823 3046 ὑπάρξαν.
887 2976 1293 3048 Ἐμφράττεται
1328 2977 1382 3029 δὲ
1420 2977 1516 3029 καὶ
1545 2976 1795 3030 ἐντεῦθεν
1837 2977 1899 3030 τὺ

314 3070 491 3140 στόμα
523 3070 618 3124 τοῦ
661 3070 986 3143 Νεστοριου·
1025 3072 1234 3131 ἐκεῖνος
1264 3069 1374 3139 γὰρ
1400 3063 1554 3120 εἶπεν
1583 3069 1688 3132 ὅτι,
1725 3069 1838 3138 Οὐχ
1871 3071 1898 3121 6

314 3157 443 3222 Υἱὸς
472 3157 564 3211 τοῦ
597 3158 731 3212 Θεοῦ
764 3161 821 3212 ὲν
853 3162 918 3230 τῇ
958 3159 1139 3230 μήτρᾳ
1195 3158 1294 3228 τῆς
1358 3158 1638 3228 Παρθένου
1669 3159 1899 3228 οἰκήσας
1924 3182 1968 3244 C

313 3250 628 3322 ἐσαρκώθη,
655 3250 768 3304 ἀλλ’
802 3250 1088 3318 ἄνθρωπος
1122 3250 1278 3319 ψιλὸς
1302 3251 1366 3302 ὲκ
1396 3250 1495 3319 τῆς
1532 3251 1753 3319 Μαρίας
1777 3266 1898 3312 γενο

310 3342 520 3410 νηθεὶς,
563 3343 789 3413 ὓστερον
825 3341 950 3413 ἔσχε
973 3342 1065 3394 τὸν
1113 3341 1246 3394 Θεὸν
1281 3343 1664 3410 παρεπόμενον
1721 3339 1895 3410 αύτῷ.

316 3436 588 3488 Ἀκουέτω
624 3432 723 3488 οὖν
749 3436 829 3487 ὅτι
859 3437 920 3486 τὸ
949 3433 1288 3502 γεννώμενον
1308 3435 1366 3487 έν
1388 3435 1453 3502 τῇ
1486 3435 1688 3504 μήτρᾳ,
1721 3433 1899 3484 έκεῖνο

302 3521 382 3598 ἦν
428 3527 555 3591 Υἱὸς
587 3526 723 3580 Θεοῦ
743 3543 755 3555 ·
791 3525 904 3579 ἀλλ’
929 3526 1029 3578 οὐκ
1076 3526 1206 3578 ἄλλο
1240 3526 1337 3596 μὲν
1372 3528 1720 3594 ἐκυοφοριίτο
1742 3527 1799 3576 ὲν
1828 3527 1894 3596 τῇ

308 3624 524 3693 μήτρᾳ,
563 3622 720 3683 ἄλλος
761 3620 819 3672 δὲ
851 3621 878 3671 6
945 3618 1074 3681 Υἱὸς
1123 3617 1216 3671 τοῦ
1252 3617 1389 3670 Θεοῦ
1412 3633 1424 3646 ·
1455 3615 1592 3670 ἀλλὰ
1636 3611 1716 3677 εἷς
1748 3617 1843 3668 καὶ
1872 3619 1898 3669 6

312 3714 477 3775 αὐτὸς
494 3709 580 3783 ἦν,
606 3715 634 3765 6
667 3714 764 3780 τῆς
788 3711 1070 3781 Παρθένου
1089 3728 1142 3762 τε
1178 3709 1389 3762 καὶτοῦ
1421 3708 1556 3761 Θεοῦ
1594 3708 1900 3780 Υἱός.”ορα

307 3807 370 3860 δὲ
402 3807 518 3870 πῶς
551 3806 650 3874 τὴν
686 3805 850 3871 ἁ,[αν
906 3803 1113 3874 Τριάδα
1157 3802 1410 3871 ἐξέφηνε,
1460 3799 1684 3870 Πνεῦμα
1719 3800 1897 3869 ἅγιον,

309 3900 549 3969 δύναμιν
575 3902 663 3952 τὸν
693 3898 844 3961 Υἱὸν,
879 3898 1166 3967 ”Υψιστον,
1196 3897 1287 3950 τὶν
1311 3896 1533 3966 Πατέρα
1553 3894 1851 3965 ὀνομάσας.

392 4014 410 4042 ι
451 3993 555 4044 Καὶ
589 3991 698 4043 ἰδοὺ
737 3989 1018 4042 Ἐλισάδετ
1069 3991 1102 4057 ἡ
1141 3988 1411 4057 συγγενής
1447 4003 1564 4050 σου,
1624 3987 1716 4038 καὶ
1761 3985 1900 4056 αὐτὴ

314 4085 674 4155 συνειληφυτα
725 4085 842 4137 υἱὸν
903 4084 960 4135 ὲν
1015 4083 1165 4152 γήρᾳ
1219 4080 1427 4149 αὐτῆς’
1463 4079 1560 4132 καὶ
1596 4073 1751 4142 οὗτος
1795 4079 1900 4150 μὴν

312 4181 471 4242 ἕκτος
499 4179 648 4231 ἐστὶν
679 4178 816 4248 αὐτῇ
846 4179 911 4246 τῇ
944 4174 1256 4244 καλουμένῃ
1281 4173 1496 4243 στείρᾳ,
1527 4174 1609 4225 ὅτι
1649 4173 1750 4226 οὐκ
1775 4173 1902 4227 ἁδυ-

313 4271 536 4337 νατήσει
563 4268 717 4338 παρὰ
745 4267 822 4337 τῷ
851 4264 970 4337 Θεῷ
1000 4266 1112 4317 πᾶν
1151 4266 1326 4336 ρῆμα.
1362 4258 1504 4316 Eine
1553 4263 1612 4316 δὲ
1639 4263 1898 4335 Μαριάμ·

313 4359 452 4415 Ἰδοὺ
478 4363 509 4430 ἡ
531 4361 690 4431 δούλη
723 4360 947 4429 Κορὶου,
972 4358 1184 4425 γένοιτὸ
1221 4375 1309 4426 μοι
1335 4357 1475 4411 κατὰ
1500 4357 1560 4409 τὸ
1589 4356 1746 4426 ῥῆμά
1768 4373 1860 4408 σου
1881 4369 1897 4385 ⁸

315 4454 411 4506 καὶ
456 4452 699 4521 ἀπῆλθεν
728 4452 823 4503 ἀπ’
869 4451 1041 4518 αὐτῆς
1083 4452 1113 4504 6
1165 4452 1417 4517 ἅγγελος.
1476 4466 1495 4499 ι
1544 4448 1901 4518 Ἀπορήσειεν

2003 1966 2113 2004 rem
2145 1953 2316 2014 addit,
2383 1953 2456 2007 ita
2485 1965 2540 2008 et
2578 1955 2842 2010 Dominus
2878 1957 2988 2024 ipse
3039 1959 3140 2012 sibi
3182 1974 3403 2013 carnem
3468 1976 3598 2015 con-

2001 2041 2152 2103 dens,
2182 2052 2235 2094 et
2265 2044 2555 2110 imaginem
2586 2043 2823 2100 hominis
2855 2045 3118 2111 formans,
3183 2051 3414 2116 primum
3449 2051 3600 2104 deli-

2001 2137 2184 2190 neavit
2218 2137 2358 2190 illam
2382 2138 2434 2190 in
2476 2148 2633 2192 utero
2674 2138 2936 2211 Virginis,
2975 2155 3257 2213 compacm
3287 2159 3353 2198 ex
3377 2148 3597 2216 sangui-

2000 2230 2162 2283 nibus
2195 2245 2410 2299 semper
2441 2232 2670 2299 virginis
2702 2248 2892 2296 carne,
2925 2251 3085 2303 quam
3119 2237 3311 2291 deinde
3333 2239 3594 2308 paulatim

2001 2322 2254 2391 figuravit
2292 2342 2303 2375 :
2335 2325 2428 2377 sed
2463 2323 2567 2379 hoc
2589 2325 2830 2379 dubium.
2884 2327 3023 2382 Sunt
3053 2330 3196 2382 enim
3249 2332 3343 2400 qui
3408 2334 3598 2387 dicunt

1999 2414 2144 2482 quod
2180 2415 2268 2468 ubi
2311 2413 2574 2469 Dominus
2623 2417 2970 2472 obumbravit
3023 2421 3188 2492 277
3238 2434 3451 2478 uterum
3487 2426 3598 2478 vir-

1999 2505 2164 2576 ginis.
2201 2507 2380 2560 statim
2419 2505 2694 2577 perfectus
2728 2509 2892 2564 fuerit
2917 2512 3137 2578 infans;
3171 2515 3259 2568 alii
3290 2525 3469 2571 autem
3494 2517 3598 2572 hoc

2003 2613 2104 2651 non
2133 2599 2422 2666 recipiunt.
2468 2601 2604 2655 Audi
2634 2603 2778 2657 enim
2805 2604 2935 2674 quid
2970 2606 3136 2673 dicat,
3185 2609 3311 2662 Ideo
3365 2619 3420 2665 et
3450 2612 3595 2680 quod

2001 2698 2256 2744 nascetur
2294 2700 2566 2756 sanctum,
2617 2693 2720 2747 hoc
2779 2705 2883 2760 est,
2940 2697 3084 2765 quod
3141 2699 3510 2767 particulatim
3540 2701 3594 2755 in

2002 2791 2158 2835 utero
2186 2786 2406 2850 crescit,
2435 2794 2490 2840 et
2510 2801 2616 2838 non
2637 2786 2824 2841 statim
2857 2787 3158 2856 perfectmn
3183 2791 3423 2846 exsistit.
3452 2792 3598 2847 Cou-

2001 2875 2246 2932 funzlitur
2273 2889 2454 2933 autem
2487 2888 2541 2934 et
2565 2881 2665 2934 hoc
2683 2881 2800 2936 loco
2829 2881 3130 2938 Nestorius.
3160 2883 3255 2941 Ille
3286 2888 3429 2939 enim
3459 2886 3600 2940 dixit

2001 2971 2147 3038 quod
2190 2988 2294 3025 non
2324 2971 2488 3027 fuerit
2520 2972 2687 3029 Filius
2717 2975 2809 3030 Dei
2867 2976 2919 3029 in
2976 2987 3132 3030 utero
3159 2979 3381 3045 virginis
3405 2979 3595 3048 quies-

2001 3073 2155 3122 cens,
2193 3061 2511 3117 incarnatus
2547 3081 2559 3117 :
2591 3065 2686 3119 sed
2722 3068 2900 3120 nudus
2929 3067 3092 3122 homo
3115 3083 3145 3122 e
3193 3067 3404 3136 virgine
3432 3067 3598 3124 fuerit

2005 3165 2181 3219 natus,
2209 3165 2505 3224 posteaque
2535 3156 2786 3212 habuerit
2817 3158 2983 3212 Deum
3022 3159 3224 3214 factum
3271 3161 3373 3216 sibi
3427 3163 3598 3217 comi-

2005 3255 2134 3298 tem.
2175 3245 2378 3299 Audiat
2418 3249 2578 3317 igitur
2608 3251 2751 3317 quod
2797 3250 2927 3303 illud
2976 3253 3121 3320 quod
3183 3254 3512 3309 nascebatur
3544 3255 3595 3310 iu

2002 3345 2178 3401 utero,
2213 3348 2330 3390 erat
2364 3338 2538 3392 Filius
2569 3340 2684 3394 Dei.
2719 3341 2786 3396 Et
2829 3358 2935 3396 non
2969 3343 3104 3398 alius
3164 3345 3386 3414 quidem
3432 3346 3600 3402 fartus

2000 3439 2081 3482 est
2121 3431 2282 3493 uteri,
2333 3431 2472 3486 alius
2522 3442 2704 3487 autem
2740 3433 2907 3489 Filius
2935 3435 3051 3502 Dei,
3084 3443 3176 3491 sed
3211 3453 3350 3491 unus
3369 3448 3424 3492 et
3454 3437 3596 3493 idem

2002 3521 2103 3577 fuit
2142 3523 2309 3578 Filius
2352 3524 2617 3594 Virginis,
2647 3538 2706 3582 et
2749 3527 2921 3582 Filius
2953 3528 3068 3582 Dei.
3122 3529 3257 3585 Vide
3305 3533 3431 3586 item
3460 3547 3598 3601 quo-

2004 3616 2166 3672 modo
2198 3628 2443 3674 sanctam
2468 3617 2794 3675 Trinitatem
2854 3623 3171 3688 declaravit,
3196 3623 3384 3679 dicens
3419 3624 3595 3692 Spiri-

2005 3717 2116 3762 tum
2159 3722 2428 3779 santtum,
2487 3714 2736 3769 virtutem
2812 3713 3030 3784 Filium,
3084 3717 3446 3787 Altissimum,
3489 3717 3600 3774 Pa.

2006 3810 2162 3857 ll‘Cﬂl.

2076 3982 2242 4039 Vens.
2493 4005 2512 4038 ι
2547 3986 2726 4058 Atque
2765 4004 2894 4046 ecce
2919 3989 3199 4049 Elisabeth
3250 4007 3478 4066 cognata
3509 4006 3598 4053 tua

2003 4088 2058 4134 et
2092 4079 2211 4148 ipsa
2241 4081 2489 4149 concepit
2549 4081 2716 4136 filium
2766 4083 2821 4137 in
2885 4097 3167 4140 senectute
3219 4103 3340 4156 Sua,
3400 4100 3455 4144 et
3513 4092 3600 4147 hic

2005 4172 2210 4226 mensis
2251 4182 2335 4227 est
2367 4182 2556 4229 sextus
2585 4174 2658 4228 illi
2691 4179 2812 4244 qua:
2853 4177 3137 4232 dicebatur
3167 4179 3371 4235 sterilis
3404 4201 3418 4235 :
3470 4184 3600 4252 quia

2005 4279 2112 4318 non
2143 4265 2248 4319 erit
2276 4264 2610 4332 impossibile
2636 4268 2777 4335 apud
2813 4266 2981 4322 Deum
3017 4285 3178 4325 omne
3214 4273 3462 4328 verbum.
3512 4273 3601 4328 Di-

2004 4356 2082 4411 xit
2111 4364 2291 4411 autem
2318 4357 2518 4413 Maria:
2561 4356 2702 4414 Ecce
2733 4360 2929 4414 ancilla
2965 4359 3202 4429 Domini,
3237 4365 3331 4418 fiat
3355 4365 3484 4420 mihi
3515 4381 3601 4421 se-

2005 4453 2243 4506 cundum
2273 4451 2498 4506 verbum
2553 4461 2724 4509 tuum.
2757 4454 2835 4507 Ac
2886 4453 3142 4510 discessit
3192 4456 3264 4512 ab
3318 4457 3407 4512 illa
3436 4474 3602 4529 ange-

313 4547 382 4602 ᾶν
432 4562 515 4607 τις
549 4543 664 4606 πῶς
693 4539 760 4613 ἧν
793 4541 1063 4612 συγγενὴς
1092 4542 1188 4611 τῆς
1219 4541 1493 4611 Παρθένου
1526 4541 1558 4609 ή
1595 4538 1894 4593 Ἑλισάὸετ⁴

2008 4540 2110 4595 lus.
2150 4559 2170 4592 ι
2207 4542 2542 4597 Dubitaverit
2577 4544 2811 4598 fortasse
2842 4546 3113 4615 quispiam
3164 4549 3440 4618 quomodo
3486 4550 3603 4605 Eli-

316 4640 434 4706 εῐγε
463 4640 497 4708 ή
527 4637 624 4707 μὲν
656 4635 930 4705 Παρθένος
980 4636 1046 4686 ὲκ
1085 4634 1183 4704 τῆς
1221 4633 1390 4687 Ἰούδα
1438 4633 1610 4703 φυλῆς
1655 4626 1746 4703 ἦν,
1778 4632 1811 4701 ή
1841 4631 1900 4684 δὲ

327 4729 634 4794 ⁹Ελισά6ετ,
685 4732 749 4783 ἐκ
773 4727 881 4782 τῶν
914 4726 1232 4798 θυγατέρων
1270 4726 1484 4797 ’Δαρών
1507 4727 1570 4778 ’δ
1597 4725 1704 4795 γὰρ
1740 4725 1903 4794 νόμος

317 4824 574 4878 ἐκέλευεν
613 4823 724 4875 ἀπὸ
758 4821 858 4890 τῆς
920 4822 1089 4891 αὐτῆς
1141 4819 1309 4890 φυλῆς
1345 4823 1472 4882 τοὺς
1517 4817 1729 4888 γάμους
1755 4817 1903 4884 γίνε-

320 4916 480 4970 σθαιο
505 4914 647 4968 ὥστε
676 4914 772 4967 καὶ
798 4915 855 4966 αἱ
887 4913 1204 4981 συγγένειαι
1251 4915 1308 4965 ὲν
1338 4914 1450 4974 τοῖς
1476 4911 1584 4962 ἀπὸ
1601 4910 1698 4980 τῆς
1730 4908 1903 4977 αὐτῆς

318 5012 494 5083 φυλῆς
520 5007 672 5065 οὖσιν
718 5010 1086 5080 εὑρίσκονται.
1136 5009 1289 5062 Ἔστι
1325 5008 1426 5079 μὲν
1459 5002 1554 5061 οὖν
1605 5008 1784 5060 εἰπεῖν
1806 5003 1903 5057 καὶ

315 5106 402 5159 ὅτι
442 5105 550 5156 ἀπὸ
584 5104 682 5173 τῆς
712 5102 1094 5173 αἰχμαλωσίας
1145 5099 1518 5171 συνεχέθησαν
1547 5097 1616 5152 τὰ
1645 5099 1778 5168 γένη
1800 5112 1816 5129 ο
1844 5097 1906 5151 τὸ

319 5196 378 5250 δὲ
416 5197 697 5266 κρεῖττον,
746 5194 930 5250 τοῦτο.
975 5193 1192 5265 Ἀαρών
1233 5195 1468 5260 γυναῖκα
1497 5190 1738 5260 ἠγάγετο
1767 5189 1907 5242 Ἐλι-

326 5285 517 5352 σάϐετ,
544 5284 826 5355 θυγατέρα
853 5284 1018 5337 οὖσαν
1052 5283 1147 5336 τοῦ
1184 5281 1504 5352 Ἀμιναδάϐ,
1533 5282 1590 5344 ὃς
1615 5275 1684 5352 ἦν
1712 5281 1777 5334 ὲκ
1807 5279 1906 5349 τῆς

333 5380 504 5434 Ἰούδα
535 5379 729 5450 φυλῆς.
786 5379 952 5447 Ὁρᾷς
983 5378 1065 5429 ὅτι
1113 5376 1319 5430 ἄνωθεν
1367 5375 1463 5428 καὶ
1512 5374 1621 5427 ἀπὸ
1671 5369 1903 5442 Ἀαρὼν,

321 5471 594 5542 συγγενὴς
641 5467 710 5541 ἦν
738 5472 772 5534 ἡ
803 5469 1068 5532 Θεοτόκος
1097 5468 1196 5537 τῆς
1226 5467 1513 5521 Ἐλισάῆετ
1538 5483 1553 5524 ;
1612 5465 1766 5516 Ἐπεὶ
1796 5462 1907 5532 γάρ

322 5566 358 5636 ὴ
380 5563 472 5617 τοῦ
519 5565 735 5634 Ἀαρὼν
763 5561 901 5630 γυνὴ
937 5563 1000 5614 ὲκ
1060 5562 1158 5631 τῆς
1197 5560 1371 5613 Ἰούδα
1405 5561 1681 5628 κατήγετο
1710 5557 1905 5627 φυλῆς,

323 5658 419 5725 ἀφ’
448 5652 515 5727 ἧς
556 5651 624 5726 ἦν
653 5657 751 5709 καὶ
790 5646 840 5725 if
867 5654 1130 5715 Θεοτόκος
1150 5695 1166 5719 ,
1198 5653 1320 5724 ἠδὲ
1361 5652 1648 5706 Ἐλισάὸετ
1684 5654 1748 5704 ἐκ
1797 5651 1908 5704 τῶν

327 5746 646 5816 θυγατέρων
689 5744 922 5816 Ἀαρὼν,
949 5744 1176 5807 εἰκότως
1215 5743 1483 5814 συγγενὴς
1513 5743 1614 5811 τῆς
1638 5741 1906 5795 Θεοτόκου

325 5837 366 5910 ἡ
407 5837 692 5894 Ἐλισάσετ
716 5855 728 5869 ·
761 5839 795 5909 ἡ
831 5837 942 5910 γὰρ
968 5839 1275 5908 προμήτωρ
1301 5837 1493 5907 αὐτῆς,
1538 5836 1840 5904 τουτέστιν,
1873 5837 1909 5908 ἡ

2007 4634 2197 4688 sabeth
2253 4643 2481 4705 cognata
2517 4637 2685 4691 fuerit
2709 4637 2915 4693 Mariae.
2953 4639 3119 4710 Virgo
3167 4641 3315 4695 enim
3373 4641 3488 4712 ipsa
3534 4659 3601 4698 ex

2007 4727 2153 4780 tribu
2176 4723 2311 4780 Juda
2338 4727 2459 4792 fuit,
2485 4727 2768 4784 Elisabeth
2802 4740 2986 4785 autem
3019 4732 3087 4787 de
3150 4732 3366 4789 filiabus
3389 4736 3597 4790 Aaron.

2005 4816 2142 4871 Nam
2186 4818 2267 4873 lex
2305 4822 2565 4890 prazcepit
2606 4822 2865 4894 coniuges
2916 4839 2983 4878 ex
3005 4825 3194 4879 eadem
3232 4825 3372 4879 tribu
3429 4841 3597 4882 esse:

2005 4919 2062 4964 et
2091 4912 2163 4965 ita
2193 4912 2541 4982 cognationes
2580 4927 2647 4968 ex
2704 4929 2807 4967 una
2834 4917 2975 4968 tribu
3059 4928 3241 4972 erant.
3297 4914 3600 4974 Dicendum

2008 5006 2174 5076 igitur
2196 5006 2341 5076 quod
2374 5021 2403 5058 a
2434 5007 2752 5076 captivitate
2788 5007 3014 5065 confusa
3061 5018 3192 5064 sunt
3243 5026 3463 5081 genera.
3532 5012 3605 5068 Et

2009 5099 2203 5153 melius
2241 5099 2314 5152 ita
2344 5099 2588 5154 dicitur:
2627 5101 2809 5153 Aaron
2861 5116 3085 5156 uxorem
3122 5102 3602 5170 duxitElisabetlt,

2008 5203 2130 5254 quae
2164 5187 2271 5241 ﬁlia
2306 5185 2407 5241 fuit
2466 5188 2794 5255 Aminadab,
2842 5189 2935 5259 qui
2988 5188 3089 5244 fuit
3120 5207 3186 5245 ex
3243 5191 3382 5246 ιτώυ
3441 5190 3601 5248 Juda.

2010 5275 2179 5332 Vides
2203 5279 2352 5346 quod
2382 5278 2454 5334 ab
2496 5279 2652 5332 initio
2676 5289 2728 5332 et
2766 5281 2832 5333 ab
2859 5279 3040 5335 Aaron
3077 5293 3306 5350 cognata
3360 5281 3459 5336 fuit
3495 5281 3606 5338 Eli-

2014 5371 2208 5426 sabetlt
2247 5370 2341 5426 Dei
2371 5370 2675 5427 Genitrix?
2720 5371 2859 5439 Quia
2914 5375 3059 5428 enim
3115 5389 3254 5429 tuor
3302 5375 3486 5431 Aaron
3533 5387 3603 5430 ex

2008 5465 2145 5521 Juda
2186 5464 2491 5527 descendit,
2521 5480 2551 5517 e
2593 5480 2696 5528 qua
2731 5466 2874 5518 tribu
2933 5465 3037 5522 fuit
3086 5466 3180 5521 Dei
3231 5467 3502 5533 Genitrix,
3546 5476 3606 5524 et

2011 5556 2289 5612 Elisabeth
2317 5555 2416 5610 fuit
2440 5573 2502 5612 ex
2536 5555 2752 5611 ﬁliabus
2774 5559 2980 5624 Aaron,
3018 5561 3214 5615 merito
3245 5559 3340 5615 Dei
3359 5559 3603 5615 Genltrix

2010 5659 2242 5719 cognata
2271 5647 2790 5714 diciturElisabetb,
2827 5665 2952 5704 nam
2983 5665 3185 5720 proava
3217 5651 3353 5719 ejus,
3390 5651 3494 5706 hoc
3518 5658 3608 5708 est

2013 5757 2153 5796 uxor
2191 5740 2522 5805 Aaron,t‘uit
2561 5757 2628 5796 ex
2656 5743 2801 5796 tribu
2855 5743 3014 5799 Juda.
3056 5744 3355 5801 Considera
3421 5753 3604 5800 autem

2017 5845 2071 5892 et
2129 5834 2476 5904 cognationis
2532 5838 3010 5906 consequentiam.
3080 5837 3356 5896 Elisabetb
3421 5837 3607 5893 Aaron
