4108 6334
606 373 711 438 7J7
1531 364 2104 429 THEOPHYLACTI
2138 362 2544 427 BULGARI£
2568 360 2924 426 ARCHIEP.
3744 352 3857 423 703

551 519 569 545 δ
604 498 763 552 uxor,
800 481 1069 539 Elisabeth
1099 480 1263 537 etiam
1348 479 1626 537 Zachariae
1678 496 1835 546 uxor,
1920 489 2166 548 tanquam

2280 480 2373 532 τοῦ
2428 478 2636 554 ’ᾼαρὼν
2666 478 2829 548 γυνὴ,
2870 479 2937 532 ὲκ
2966 475 3063 546 τῆς
3103 476 3271 529 Ἰούδα
3311 476 3485 547 φυλῆς
3513 469 3603 546 ῆν.
3651 476 3854 529 Σκόπει

605 591 673 631 ex
704 574 791 631 illa
823 569 1171 628 descendens.
1196 567 1301 626 Sed
1326 571 1603 625 videamus
1624 569 1751 639 quid
1783 568 1929 623 dicat
1962 568 2127 636 Virgo
2153 584 2166 620 :

2274 571 2331 624 δὲ
2369 572 2463 625 καὶ
2503 571 2563 622 τὸ
2602 571 2701 641 τῆς
2731 571 3068 639 συγγενείας
3099 567 3602 639 παρακολούθημα·
3641 567 3859 621 Ἐλισί-

611 683 630 717 ι
667 663 806 720 Ecce
836 660 1027 719 ancilla
1056 659 1289 727 Domini,
1326 660 1417 713 ﬂat
1451 658 1579 713 milii
1624 658 1919 712 secundum
1947 656 2166 710 verbum

2274 661 2392 725 δετ,
2444 663 2479 733 η
2502 661 2599 715 τοῦ
2646 660 2856 729 ’,Δαρὼν
2902 660 3041 731 γυνὴ
3061 676 3076 689 ο
3114 658 3405 723 Ελισάσιτ,
3434 658 3529 711 καὶ
3556 660 3589 728 ἠ
3616 657 3717 711 τοῦ
3748 658 3857 711 Ζα-

608 764 775 809 tuum.
813 769 833 805 ι
865 748 1070 805 Tabula
1100 764 1221 805 sum
1244 748 1491 819 pictoria,
1528 748 1717 816 pingat
1780 746 1956 814 pietor
2020 744 2163 814 quod

2274 754 2487 827 χαρίου,
2524 754 2600 816 ώς
2643 754 2702 820 ἐξ
2731 754 2946 825 ἐκείνης
2968 752 3316 823 καταγομένη
3344 795 3355 805 .
3395 750 3537 804 Ἀλλ’
3564 747 3768 821 ίδωμεν
3804 750 3858 803 τί

605 843 853 908 voluerit,
892 842 1053 897 faciat
1082 843 1219 898 Deus
1243 841 1385 910 quod
1416 840 1668 893 voluerit.
1700 838 1878 907 Atque
1908 840 1979 891 ita
2009 837 2166 891 etiam

2275 862 2440 915 φησιν
2470 846 2503 915 ἡ
2554 843 2827 915 Παρθένος
2849 860 2863 874 ·
2896 862 2916 895 ι
2976 842 3106 897 Ἰδοὺ
3135 845 3167 911 ή
3198 843 3357 911 δούλη
3386 842 3613 909 Κυρίου,
3644 841 3858 909 γένοιτό

604 932 745 999 quod
775 930 923 1000 prius
951 930 1193 984 dixerat:
1230 927 1510 996 Quomodo
1553 928 1657 983 erit
1706 928 1850 982 hoc?
1910 942 2015 982 non
2073 927 2166 981 fuit

2277 954 2368 1006 μοι
2399 937 2540 990 κατά
2566 938 2627 989 τὸ
2654 937 2811 1007 ῥῆμά
2839 953 2954 1003 σου,
2997 954 3015 987 ι
3053 934 3223 1000 Πίναξ
3258 934 3375 1003 είμὶ
3409 934 3759 1004 ζωγραφικός
3781 950 3795 961 ·
3826 932 3857 987 6

606 1022 1015 1087 incredulitatis,
1038 1020 1132 1075 sed
1156 1020 1413 1075 desiderii
1434 1020 1742 1075 addiscendi
1765 1019 2007 1074 modum.
2036 1017 2166 1072 Nam

2278 1028 2528 1098 βούλεται
2583 1029 2612 1081 6
2639 1029 2908 1099 γραφεὺς,
2944 1027 3205 1099 γραφέτω
3291 1026 3319 1080 θ
3365 1025 3531 1089 θέλει,
3572 1026 3799 1079 ποιείτω
3828 1026 3859 1079 6

602 1111 649 1167 si
682 1112 1099 1171 discredidisset.
1157 1112 1469 1178 neutiquam
1532 1110 1796 1164 dixisset:
1840 1128 1859 1161 ι
1902 1108 2042 1167 Ecce
2071 1123 2166 1162 an-

2274 1120 2510 1191 Κύριοςο
2562 1118 2703 1173 ὥστε
2736 1121 2830 1173 καὶ
2860 1120 2889 1173 θ
2917 1116 3037 1173 εἷπε
3084 1119 3373 1191 πρότερον,
3426 1118 3550 1183 Πῶς
3580 1119 3732 1172 ἔσται
3765 1134 3859 1186 μοι

603 1201 722 1257 cilia
761 1201 994 1267 Domini,
1031 1201 1122 1255 fiat
1154 1201 1284 1255 mihi
1313 1198 1609 1259 secundum
1643 1198 1861 1253 verbum
1931 1208 2105 1254 tuum.
2146 1217 2165 1250 ι

2271 1211 2469 1279 τοῦτο;
2509 1213 2612 1268 ούκ
2638 1214 2901 1277 ἀπιστίας
2933 1208 3021 1283 ἦν,
3049 1211 3163 1264 ἀλλ’
3205 1209 3503 1279 ἐπιθυμίας
3534 1210 3632 1264 τοῦ
3663 1209 3859 1281 μαθείν

602 1292 964 1361 Disce-autem
994 1293 1131 1361 quod
1147 1291 1381 1359 Gabriel,
1406 1292 1572 1360 siquis
1592 1291 1996 1360 interpretatur,
2030 1291 2166 1345 idem

2270 1304 2364 1358 τὸν
2395 1304 2598 1376 τρόπον
2619 1319 2631 1333 ·
2663 1306 2712 1358 εἰ
2734 1305 2850 1375 γὰρΔ
2873 1306 3114 1375 ἠπίστει,
3146 1304 3247 1356 οὐκ
3276 1302 3343 1356 ἂν
3378 1296 3555 1367 εἶπεν,
3590 1322 3608 1354 ι
3657 1302 3793 1355 Ἰδοὺ
3820 1304 3856 1372 ἡ

602 1394 688 1441 est
716 1386 856 1455 quod
887 1386 1048 1439 homo
1077 1384 1239 1439 Deus.
1277 1382 1441 1437 Maria
1466 1386 1613 1450 vero,
1638 1383 1875 1449 domina,
1905 1383 2166 1437 Nazaretli

2270 1396 2430 1467 δούλη
2473 1396 2703 1467 Κυρίου,
2755 1397 2971 1466 γένοιτό
3000 1412 3089 1465 μοι
3123 1394 3266 1449 κατά
3333 1394 3394 1448 τὸ
3448 1396 3599 1467 ῥῆμά
3658 1412 3778 1448 σου.
3831 1412 3852 1446 ι

603 1488 802 1543 autem,
840 1477 1218 1533 sanctiﬁcatio.
1246 1476 1437 1532 Merito
1460 1477 1623 1547 igitur
1653 1491 1777 1532 cum
1831 1476 1982 1531 nasci
2003 1477 2166 1529 voluit

2272 1489 2520 1543 Μάνθανε
2546 1489 2604 1543 δὲ
2626 1491 2708 1543 ὅτι
2736 1488 2975 1559 Γαϐριὴλ
3002 1489 3100 1558 μὲν
3122 1486 3506 1559 ἑρμηνεύεται.
3533 1486 3853 1555 ἅνθρωπος

601 1569 743 1624 Deus
778 1569 962 1632 homo.
991 1569 1189 1623 missus
1218 1579 1299 1623 est
1326 1567 1565 1635 Gabriel,
1597 1567 1701 1624 hoc
1736 1580 1819 1623 est
1857 1570 2020 1623 homo
2050 1566 2166 1623 Dei.

2276 1582 2419 1647 Θεός
2438 1597 2451 1612 ·
2499 1581 2733 1651 Μαριὰμ
2759 1581 2837 1645 δὲ,
2874 1580 3075 1648 κυρίαο
3105 1579 3362 1651 Ναζαρὶτ
3383 1579 3441 1632 δὲ
3466 1619 3479 1638 .
3524 1579 3846 1648 ἀγιασμός.

601 1659 705 1719 Sed
730 1662 783 1714 in
813 1670 1004 1716 sancto
1034 1659 1152 1716 loco
1189 1661 1250 1715 lit
1275 1661 1551 1728 salutatio,
1583 1662 1686 1718 hoc
1738 1670 1822 1717 est
1879 1662 1932 1716 in
1995 1659 2166 1718 Naza-

2273 1674 2518 1737 Εἰκότως
2542 1650 2636 1728 οὖν
2662 1674 2789 1728 ὅταν
2820 1673 3010 1744 ἔμελλε
3040 1650 3299 1741 γενέσθαι
3321 1675 3350 1727 6
3379 1670 3517 1736 Θεὸς
3542 1650 3915 1741 ἀνθρωτῇ

602 1753 745 1807 retli.
776 1751 877 1808 Ubi
912 1753 1057 1809 enim
1087 1753 1248 1821 Deus,
1275 1752 1348 1809 ibi
1374 1753 1510 1809 nihil
1559 1754 1852 1825 impurum,
1880 1754 2012 1810 nihil
2062 1770 2166 1810 non

2277 1768 2669 1823 ἀποστέλλεται
2700 1768 2729 1820 6
2764 1765 3026 1837 Γαϐριὴλ,
3081 1766 3142 1829 ὃς
3174 1764 3537 1836 ἑρμηνεύεται
3567 1763 3853 1835 ἄνθρωπος

602 1857 873 1903 unctum.
2203 1828 2249 1887 Β
2278 1859 2442 1921 Θεὸς·
2480 1856 2616 1910 ἀλλά
2644 1858 2737 1910 καὶ
2783 1858 2843 1909 ἐν
3060 1828 3441 1925 τὸπιργίνεται
3470 1855 3499 1907 6
3536 1828 3853 1925 ἀσπασμὸς,

674 2101 837 2160 \‘sss.
867 2103 1057 2161 59-62.
1094 2124 1113 2159 ι
1147 2106 1458 2178 Exsurgens
1474 2117 1663 2173 autem
1690 2107 1856 2163 Maria
1890 2108 1945 2164 in
1982 2109 2172 2165 diebus

599 2196 709 2265 bis,
730 2198 863 2253 abiit
888 2199 940 2253 in
976 2207 1228 2255 montana
1256 2214 1378 2256 cuin
1434 2199 1778 2257 festinatione
1817 2202 1869 2257 in
1894 2202 2171 2257 civitatem

596 2284 755 2354 Juda,
793 2298 846 2344 et
873 2289 1095 2344 intravit
1140 2292 1192 2344 in
1226 2291 1444 2345 domum
1474 2291 1773 2358 Zachariae,
1805 2308 1870 2347 ac
1907 2296 2173 2349 salutavit

601 2379 891 2436 Elisabetlt.
930 2382 1097 2452 278
1134 2381 1195 2436 Et
1247 2380 1453 2438 factum
1488 2393 1595 2449 est,
1628 2393 1689 2440 ut
1722 2385 1929 2439 audivit
1962 2387 2171 2441 saluta-

601 2459 798 2527 tionem
829 2473 1008 2528 Maria:
1042 2472 1343 2541 Elisabeth,
1372 2476 1520 2530 saliit
1548 2476 1724 2531 infans
1756 2478 1809 2532 in
1852 2488 2007 2532 utero
2030 2478 2169 2545 ejus,

597 2572 653 2618 et
683 2564 883 2634 repleta
911 2572 993 2619 est
1033 2564 1235 2633 Spiritu
1272 2579 1463 2623 sancto
1495 2565 1793 2635 Elisabetb,
1822 2570 2168 2625 exclamavit-

606 2669 713 2723 que
746 2671 876 2710 voce
905 2671 1118 2727 magna,
1167 2667 1218 2713 et
1246 2659 1416 2711 dixit:
1442 2657 1731 2713 Benedicta
1769 2672 1822 2714 tu
1881 2662 2020 2715 inter
2050 2679 2168 2715 mu-

600 2744 782 2813 lieres,
816 2756 869 2800 et
900 2748 1213 2803 benedictus
1244 2747 1451 2803 fruetus
1483 2751 1687 2806 ventris
1718 2753 1818 2805 tui.
1861 2770 1881 2804 ο
1910 2751 2045 2807 Cum
2071 2770 2171 2807 au-

599 2838 768 2892 disset
792 2836 954 2907 Virgo
980 2841 1048 2893 ab
1080 2839 1268 2911 angelo
1321 2840 1464 2909 quod
1497 2844 1840 2911 concepisset
1874 2844 2168 2911 Elisabetb,

599 2931 780 2983 statim
820 2927 953 2984 abiit
985 2930 1053 2983 ad
1082 2930 1252 2993 illam.
1288 2941 1345 2987 et
1398 2935 1639 3003 gaudens
1668 2936 1734 2989 de
1770 2938 1911 2990 bono
1964 2952 2168 3005 cogna-

605 3032 671 3079 tae
691 3064 706 3089 ,
737 3032 791 3078 et
841 3023 1026 3078 volens
1056 3034 1116 3078 ut
1168 3028 1589 3094 prudentissima
1618 3028 1823 3097 majore
1843 3032 2170 3086 certitudine

599 3117 799 3171 certior
836 3116 983 3170 reddi
1012 3131 1137 3169 num
1163 3132 1287 3171 vera
1342 3120 1562 3175 dixisset
1600 3122 1689 3189 qui
1742 3131 2068 3191 apparuerat
2093 3124 2167 3189 ei,

596 3212 659 3260 ut
683 3220 749 3259 ex
794 3206 894 3259 hoc
922 3220 1021 3260 nec
1049 3207 1115 3260 de
1137 3222 1234 3260 suo
1264 3208 1555 3264 dubitaret.
1594 3210 1839 3268 Prudens
1865 3216 2009 3269 enim
2045 3230 2167 3270 cum

596 3305 761 3362 esset,
792 3295 1008 3351 timebat
1037 3312 1102 3351 ne
1128 3296 1267 3352 forte
1296 3300 1656 3369 deciperetur,
1680 3312 1734 3357 et
1764 3319 1868 3358 non
1900 3318 1959 3360 ut
1990 3306 2169 3363 incre-

597 3386 742 3452 dula,
772 3389 865 3441 sed
900 3398 955 3442 ut
982 3388 1214 3459 diligens
1246 3406 1360 3445 rem
1391 3394 1673 3459 explorare
1698 3394 1931 3451 volebat.
1962 3396 2169 3453 Zacha-

600 3476 709 3531 rias
738 3475 921 3546 itaque
946 3477 998 3532 in
1044 3482 1314 3535 montanis
1364 3482 1587 3546 habitat,
1628 3492 1681 3538 et
1736 3493 2019 3555 propterea
2045 3488 2170 3544 illuc

602 3566 759 3623 abiit.
798 3568 862 3621 At
889 3568 1123 3624 Joannes
1164 3582 1415 3640 suscepto
1446 3574 1704 3644 singulari
1730 3592 1895 3648 supra
1932 3580 2171 3650 reliquos

598 3657 845 3717 homines
868 3660 1009 3715 dono
1031 3661 1113 3716 vel
1164 3678 1402 3729 munere,
1431 3667 1662 3721 exsultat
1689 3669 1743 3723 in
1767 3680 1919 3725 utero
1942 3672 2167 3728 matris:

598 3750 740 3805 unde
764 3761 820 3805 et
851 3752 1022 3821 major
1053 3761 1137 3807 est
1162 3757 1453 3833 prophetis.
1484 3756 1616 3812 Nam
1645 3761 1734 3814 alii
1757 3763 1979 3830 quidem
2021 3779 2163 3834 prte-

599 3841 848 3897 dixernnt
883 3844 1060 3897 futura
1106 3858 1388 3915 postquam
1462 3852 1571 3904 nati
1626 3864 1793 3906 sunt:
1846 3854 1938 3908 ille
1990 3866 2168 3911 autem

597 3946 716 3986 cum
758 3933 933 3989 adhuc
960 3948 1103 3991 esset
1131 3939 1183 3993 in
1209 3948 1361 3995 utero
1389 3943 1605 4006 matris,
1630 3945 1859 4014 gratiam
1889 3944 2045 4000 talem
2079 3962 2167 4001 as-

596 4034 814 4078 secutus
848 4024 969 4083 fuit.
1000 4028 1127 4083 Vide
1156 4031 1299 4085 enim
1342 4048 1357 4086 :
1423 4034 1700 4089 salutavit
1730 4033 1894 4107 Virgo
1926 4036 2166 4094 Elisabe-

595 4109 771 4181 tham,
807 4117 907 4170 hoc
933 4124 1037 4181 est,
1060 4122 1213 4188 prior
1240 4120 1471 4177 allocuta
1502 4132 1606 4179 est.
1636 4125 1749 4180 Vox
1774 4127 1958 4196 itaque
1993 4126 2171 4197 Virgi-

598 4202 682 4256 nis
734 4217 832 4259 vox
869 4218 984 4261 erat
1030 4210 1291 4266 incarnati
1331 4214 1384 4267 in
1433 4215 1525 4285 illa.
1554 4214 1667 4282 Dei,
1693 4226 1746 4271 et
1775 4219 1976 4274 idcirco
2003 4216 2167 4273 etiam

599 4289 1079 4352 Prmcursoremiu
1156 4310 1313 4355 utero
1337 4304 1512 4373 gratia
1574 4319 1897 4373 prosecutus
1957 4319 2059 4375 est,
2115 4320 2170 4365 et

608 4385 921 4455 prapbetam
945 4387 1093 4444 fecit.
1160 4392 1502 4466 Quaecunque
1528 4401 1671 4451 enini
1702 4398 1837 4453 dixit
1891 4399 2165 4457 Elisabetlt

597 4480 913 4547 prophetice
940 4482 1004 4536 ad
1033 4482 1277 4549 Mariam,
1309 4503 1412 4541 non
1437 4493 1596 4543 verba
1623 4489 1841 4545 luerunt
1866 4493 2160 4559 Elisabeth,

2271 4516 2423 4588 φωνὴ
2448 4480 2521 4590 ῆν
2543 4534 2557 4549 ο
2591 4480 2684 4573 καὶ

596 4571 690 4623 sed
726 4568 985 4625 infantis:
1017 4587 1078 4627 os
1136 4584 1313 4629 autem
1367 4578 1644 4634 Elisabeth
1673 4591 1876 4636 tantum
1897 4585 2166 4641 ministra-

596 4661 694 4726 vit,
734 4662 873 4715 sicut
900 4672 956 4717 et
988 4678 1050 4717 os
1106 4664 1286 4721 Marias
1334 4669 1654 4726 ministravit
1690 4674 1825 4729 Filio
1873 4678 1963 4731 Dei
1986 4683 2075 4749 qui
2110 4683 2163 4737 in

598 4762 751 4807 utero
778 4754 1055 4823 eiuserat.
1106 4757 1313 4829 Quippe
1352 4776 1472 4815 cum
1520 4766 1839 4822 exsultasset
1899 4785 2035 4839 puer
2110 4774 2162 4829 in

599 4854 772 4907 utero,
832 4858 960 4901 tunc
1014 4851 1233 4919 impleta
1293 4863 1378 4914 est
1449 4854 1653 4926 Spiritu
1702 4860 1997 4919 Elisabetb.
2044 4864 2161 4921 Nisi

598 4952 742 4990 enini
774 4953 908 5007 puer
936 4943 1275 5009 exsultasset,
1300 4962 1403 5000 non
1434 4952 1815 5019 prophetasset
1843 4956 1953 5009 illa.
1979 4956 2163 5027 Itaque

599 5030 952 5083 sicutdicunt
986 5036 1272 5103 prOpbetas
1316 5043 1551 5107 primum
1593 5055 1773 5102 mente
1818 5053 2078 5106 excedere
2110 5062 2162 5106 et

599 5118 833 5173 divinum
860 5123 986 5188 quid
1031 5127 1161 5191 pati,
1197 5142 1260 5181 ac
1304 5140 1414 5183 tum
1457 5133 1690 5203 denique
1737 5140 2157 5207 prophetizare:

600 5210 669 5263 ita
701 5222 755 5265 et
776 5211 1010 5270 Joannes
1035 5216 1173 5271 forte
1207 5222 1354 5287 prius
1386 5225 1603 5280 saltavit
1627 5241 1686 5282 ut
1739 5231 1980 5285 divinum
2012 5234 2163 5302 quid-

599 5300 720 5354 dam
747 5303 978 5371 patiens,
1008 5316 1191 5375 postea
1224 5324 1319 5377 per
1365 5328 1426 5369 os
1500 5319 1689 5373 matris
1744 5300 2159 5390 prophetizavit.

600 5390 736 5456 Quid
764 5407 936 5450 autem
965 5402 1399 5468 prophetizavit?
1434 5428 1451 5460 ι
1482 5408 1769 5467 Benedicta
1805 5426 1859 5468 tu
1888 5416 1939 5469 in
1978 5416 2163 5472 mulie-

601 5484 769 5539 ribus.
805 5505 823 5539 ι
862 5489 1061 5547 Deinde
1082 5497 1208 5565 quia
1236 5498 1416 5553 multae
1460 5513 1660 5559 sancta:
1700 5506 1953 5563 mulieres
2000 5524 2162 5578 pepe-

601 5586 788 5628 rerunt
820 5578 1108 5647 improbos,
1146 5595 1203 5639 ut
1236 5583 1476 5643 Rebecca
1524 5592 1689 5659 Esau,
1734 5597 1863 5651 dicit
1898 5615 1913 5651 :
1969 5598 2074 5654 Sed
2110 5609 2165 5655 et

600 5662 804 5762 {ructus
835 5672 1037 5726 ventris
1070 5676 1142 5727 tui
1170 5676 1504 5736 benedictus.
1538 5685 1710 5742 Aliter
1758 5704 1971 5762 quoque
2003 5695 2164 5750 intel-

602 5753 689 5835 ligi
716 5767 923 5825 potest:
952 5760 1236 5825 Benedicta
1272 5778 1327 5825 tu
1360 5772 1410 5827 in
1453 5753 1792 5848 mulieribus,
1819 5753 2015 5845 deinde
2050 5793 2164 5847 vel-

2273 1950 2577 2017 τουτέστιν,
2609 1950 2669 2004 ὲν
2699 1948 2952 2018 Ναζαρέτ
2975 1964 2991 1980 ·
3023 1950 3157 2002 ὅπου
3195 1948 3304 2021 γὰρ
3323 1948 3479 2014 Θεὸς,
3502 1947 3660 2001 οὐδὲν
3683 1947 3853 2017 ἀναγ-

2278 2059 2391 2099 νον.

2350 2155 2367 2189 ι
2421 2138 2729 2193 Ἀναστᾶσα
2759 2138 2817 2193 δὲ
2841 2137 3077 2209 Μαριὰμ
3104 2138 3164 2192 ὲν
3185 2140 3305 2202 ταῖς
3327 2137 3570 2209 ἡμέραις
3598 2134 3853 2199 ταύταις,

2273 2227 2546 2298 ἐπορεύθη
2582 2231 2663 2292 είς
2689 2228 2790 2300 τὴν
2837 2230 3051 2301 ὀρεινὴν
3082 2229 3224 2300 μετά
3258 2230 3521 2299 σπουδῆς,
3564 2230 3649 2292 εις
3697 2229 3853 2282 πόλιν

2286 2320 2489 2373 Ἰούδα·
2543 2321 2638 2373 καὶ
2686 2320 2938 2390 εἰσῆλθεν
2965 2324 3047 2377 είς
3081 2322 3171 2377 τὸν
3215 2317 3364 2375 οἷκον
3415 2321 3711 2391 Ζαχαρίου,
3768 2320 3859 2375 καὶ

2272 2410 2559 2478 ἠσπάσατο
2596 2409 2695 2480 τὴν
2724 2410 3030 2465 Ἐλισάϐετ.
3056 2411 3165 2465 Καὶ
3188 2412 3429 2479 ἐγένετο,
3457 2402 3529 2474 ὦ,
3558 2412 3797 2483 ἥκουσιν
3820 2411 3855 2482 η

2285 2502 2565 2557 Ἐλισάσετ
2585 2503 2677 2556 τὸν
2713 2505 3004 2572 ἀσπασμὸν
3028 2504 3125 2574 τῆς
3146 2503 3411 2574 ,Μαρίας,
3478 2505 3776 2575 ἐσκίρτησε
3797 2503 3858 2559 τὸ

2276 2589 2470 2660 βρέφος
2496 2592 2553 2642 ὲν
2579 2592 2645 2659 τῇ
2673 2590 2853 2661 milia
2881 2591 3092 2661 αὐτῆς⁶
3119 2594 3212 2644 καὶ
3239 2592 3487 2665 ἐπλήσθη
3534 2592 3855 2664 Πνεύματας

2274 2683 2494 2753 ἀγίουὴ
2542 2682 2847 2746 Ἐλισάὄετ,
2899 2683 2997 2736 καὶ
3052 2684 3375 2755 ἀνεφώνησε
3428 2688 3579 2756 φωνῇ
3637 2686 3855 2759 μεγάλῃ

2275 2773 2369 2825 καὶ
2400 2772 2559 2825 εἶπεν
2585 2786 2600 2802 °
2630 2774 2987 2845 Εὐλογημένη
3026 2776 3089 2829 σὺ
3133 2778 3191 2830 ὲν
3214 2775 3453 2846 γυναιξὶ,
3488 2778 3582 2829 καὶ
3621 2776 3855 2845 εὐλογη-

2278 2863 2437 2932 μένος
2485 2865 2513 2916 6
2566 2865 2779 2936 καρπὸς
2811 2865 2909 2937 τῆς
2945 2867 3153 2932 κοιλίας
3206 2885 3324 2922 σου.
3396 2887 3417 2921 ι
3463 2868 3526 2922 Ἢ
3575 2867 3853 2940 Παρθένος

2271 2957 2560 3012 ἀκούσασα
2590 2961 2742 3032 παρά
2759 2961 2854 3015 τού
2882 2961 3139 3031 ἀγγέλου,
3185 2965 3268 3017 ὅτι
3315 2964 3611 3017 συνέλαϐεν
3641 2968 3675 3034 ἡ
3713 2964 3855 3019 Έλιο

2273 3048 2454 3113 σάὁετ,
2483 3049 2696 3120 ’ἔδραμε
2727 3052 2865 3123 πρὸς
2894 3054 3136 3125 εκείνην,
3174 3054 3290 3125 ἅμα
3317 3057 3417 3125 μὲν
3446 3056 3720 3126 χαίρουσα
3755 3058 3852 3109 επὶ

2193 3183 2238 3246 C
2270 3138 2348 3209 τῷ
2404 3140 2593 3209 ἀγαθῷ
2618 3142 2717 3213 τῆς
2755 3145 3073 3211 συγγενοῦς,
3109 3145 3225 3215 ἅμα
3272 3146 3327 3207 δὲ
3363 3146 3460 3199 καὶ
3490 3143 3563 3210 ὡς
3620 3162 3854 3200 συνετω-

2273 3232 2433 3303 τάτη,
2471 3233 2961 3304 πληροφορηθῆναι
3029 3236 3261 3291 θέλουσα
3324 3230 3565 3303 τελεῖως,
3598 3240 3646 3292 εί
3676 3238 3851 3311 ἀληθῆ

2274 3318 2430 3376 εἶπεν
2457 3324 2486 3376 6
2528 3326 2720 3393 φανεὶς
2756 3326 2917 3398 αὐτῇ,
2960 3327 3047 3382 ἵνα
3083 3330 3147 3382 ἐκ
3208 3330 3402 3384 τούτου
3458 3330 3556 3391 καὶ
3597 3331 3729 3402 περὶ
3757 3329 3851 3383 τοῦ

2272 3415 2476 3469 οίκείου
2499 3416 2575 3486 μὴ
2609 3417 2949 3489 ἀμφιδάλλῃ.
2992 3418 3265 3490 ’Δσφαλὴς
3306 3422 3415 3491 γὰρ
3446 3420 3601 3480 οὖσα.
3633 3421 3852 3490 ὲφοὸεἶ-

2271 3521 2333 3558 το
2363 3507 2562 3576 μήπως
2595 3507 2878 3579 πλανηθῇ·
2915 3509 3010 3563 καὶ
3039 3512 3138 3580 οὐχ
3162 3510 3239 3573 ώς
3273 3511 3605 3578 ἀπιστοῦσα,
3639 3511 3756 3565 ἀλλ’
3776 3512 3850 3575 ὡς

2273 3599 2665 3669 ἀκριϐέστερον
2708 3601 2903 3669 μαθεῖν
2930 3600 3235 3673 βουλομένη
3283 3598 3343 3655 τδ
3368 3604 3619 3674 πρᾶγμα.
3656 3603 3748 3658 Ἐν
3780 3607 3846 3676 τῇ

2271 3690 2453 3760 ὀρεινῇ
2483 3686 2574 3743 οὖν
2594 3690 2729 3762 ᾤκει
2763 3695 2791 3745 6
2817 3694 3120 3765 Ζαχαρίας,
3159 3693 3252 3748 καὶ
3291 3695 3381 3748 διά
3410 3695 3570 3750 τοῦτο
3611 3696 3849 3769 εὕραμεν

2272 3784 2418 3834 ὲκεί-
2453 3783 2482 3835 ὁ
2528 3784 2596 3836 ⁴δὲ
2633 3785 2904 3855 Ἰωάννης,
2963 3787 3238 3855 ἔξαιρετόν
3285 3805 3338 3842 τι
3383 3789 3637 3860 χάρισμα
3695 3790 3847 3863 παρά

2271 3876 2397 3937 τοὺς
2422 3874 2642 3939 λοιποὺς
2667 3877 2985 3950 ἀνθρώπους
3011 3880 3215 3946 λαϐὼν,
3251 3884 3452 3953 σκιρτᾷ
3482 3885 3540 3937 ὲν
3566 3886 3631 3954 τῇ
3666 3886 3841 3957 κοιλίᾳ

2269 3965 2366 4034 τῆς
2426 3968 2653 4038 μητρὸς,
2693 3969 2816 4023 ὃθεν
2862 3972 2958 4025 καὶ
2999 3972 3203 4043 μείζων
3256 3973 3366 4028 τῶν
3418 3977 3739 4047 προφητῶν.
3781 3980 3843 4032 οι

2276 4058 2374 4126 μὲν
2412 4060 2541 4130 γὰρ,
2570 4061 2709 4129 μετὰ
2742 4061 2802 4115 τὸ
2850 4064 3177 4135 γεννηθῆναι
3241 4070 3686 4138 προεφήτευσαν,
3721 4072 3749 4124 6
3790 4069 3846 4124 δὲ

2272 4148 2353 4202 [τι
2377 4154 2432 4203 ἐν
2461 4155 2529 4222 τῇ
2566 4153 2744 4225 κοιλίᾳ
2783 4155 2882 4225 τῆς
2932 4158 3136 4228 μητρὸς
3178 4159 3277 4225 ῶν,
3311 4160 3519 4231 ἠξιώθη
3552 4162 3645 4215 τοῦ
3676 4162 3845 4216 τοιού-

2270 4256 2366 4293 του
2399 4242 2750 4312 χαρίσματος.
2782 4244 2924 4315 Ὅρα
2989 4250 3119 4319 γάρ·
3162 4251 3443 4319 ἠσπάσατο
3483 4253 3516 4322 ἠ
3569 4253 3841 4325 Παρθένος

2269 4333 2367 4404 τὴν
2402 4334 2702 4402 Ἐλισάσετ,
2763 4340 3010 4395 τουτέστι
3072 4347 3537 4417 προσηγόρευσεν.
3570 4346 3641 4401 Ἦ
3692 4348 3840 4417 φωνὴ

2268 4421 2361 4476 οὖν
2392 4423 2491 4493 τῆς
2518 4425 2795 4498 Παρθένου
2858 4430 2954 4485 τοῦ
3004 4432 3063 4485 ὲν
3102 4435 3242 4505 αὐτῇ
3278 4436 3659 4505 σαρκουμάνου
3711 4436 3841 4492 Θεοῦ

3077 4527 3171 4579 καὶ
3218 4527 3311 4579 τὸν
3356 4527 3673 4599 Πρόδρομον
3706 4531 3841 4600 εντῇ

2273 4609 2458 4681 μήτρᾳ
2494 4611 2826 4681 ὲχαρίτωσε,
2876 4616 2972 4668 καὶ
3006 4616 3230 4687 εποίησε
3278 4619 3657 4688 προφητεῦσαι
3685 4634 3700 4648 ⁸
3744 4622 3840 4675 ὅσα

2268 4702 2375 4772 γὰρ
2402 4698 2558 4755 εἶπεν
2589 4706 2622 4773 η
2642 4704 2920 4759 Ἐλισάὸετ
2947 4709 3302 4778 προφητικῶς
3324 4711 3458 4780 πρὸς
3478 4712 3578 4781 τὴν
3602 4712 3839 4784 Μαρίαν,

2266 4793 2326 4844 οὑ
2352 4793 2449 4863 τῆς
2494 4795 2774 4849 Ἐλισὰσετ
2801 4792 2941 4868 ἦσαν
2972 4800 3210 4877 ῥήματα.
3247 4802 3383 4855 ἀλλά
3431 4801 3526 4856 τοῦ
3570 4802 3804 4875 βρέφους
3825 4822 3839 4836 ι

2266 4883 2328 4937 τὸ
2363 4886 2537 4955 στόμα
2566 4886 2621 4939 δὲ
2666 4890 2826 4957 μόνον
2873 4892 2972 4960 τῆς
3015 4890 3296 4948 Ἐλισάὁετ
3319 4896 3610 4968 ὑπούργει,
3654 4898 3840 4971 ὥσπερ

2267 4979 2457 5032 καὶτὸ
2509 4981 2684 5052 στόμα
2738 4984 2832 5055 τῆς
2866 4987 3084 5057 Μαρίας
3150 4990 3465 5061 ὑπούργησε
3528 4995 3608 5064 τῷ
3670 4997 3733 5049 ἑν
3779 5000 3839 5068 τῇ

2269 5072 2451 5142 μήτρᾳ
2482 5074 2651 5143 αὐτῆς
2680 5076 2795 5130 ὄντι
2826 5078 2940 5149 Υἱῴ
2965 5082 3057 5134 τοῦ
3102 5084 3268 5137 Θεοῦο
3303 5089 3698 5159 σκιρτήσαντος
3737 5092 3841 5161 γὰρ

2265 5164 2357 5216 τοῦ
2399 5165 2629 5234 βρέφους
2661 5170 2717 5220 ὲν
2738 5172 2804 5241 τῇ
2839 5175 3060 5244 γαστρὶ,
3094 5176 3214 5229 τότε
3245 5178 3493 5250 ἐπλήσθη
3522 5180 3838 5252 Πνεύματος

2342 5256 2643 5312 Ἐλισὰϐετ.
2674 5260 2735 5313 El
2771 5266 2845 5331 μὴ
2895 5265 3002 5334 γὰρ
3025 5266 3085 5318 τὸ
3124 5267 3324 5339 βρέφος
3354 5272 3704 5343 ἐσκίρτησεν,
3738 5276 3836 5329 οὐκ

2266 5342 2332 5393 ἂν
2360 5348 2765 5413 προεφήτευσεν
2796 5351 2936 5422 αὕτη
2957 5370 2968 5383 ·
3002 5353 3191 5428 ῶσπερ
3234 5354 3329 5413 οὖν
3377 5342 3509 5429 φασι
3550 5342 3676 5426 τοὺς
3707 5382 3837 5435 προ·

2267 5436 2439 5502 φήτας
2466 5440 2732 5510 πρότερον
2758 5444 3140 5517 ἐξισταμένους
3173 5453 3265 5505 καὶ
3291 5453 3701 5521 ἐνθουσιῶντας,
3721 5453 3837 5512 εἶτα

2266 5529 2652 5621 προφητεύειν,
2692 5533 2834 5590 οὕτω
2862 5540 3001 5609 τάχα
3060 5542 3155 5595 καὶ
3204 5546 3232 5597 6
3275 5546 3527 5616 Ἰωάννης
3573 5555 3836 5621 πρότερον

2266 5620 2614 5693 ἐσκίρτησεν,
2643 5621 2754 5681 οἷον
2782 5630 3096 5703 ἐνθουσιῶν,
3127 5632 3246 5690 εἶτα
3287 5638 3375 5692 διὰ
3417 5640 3512 5694 τοῦ
3567 5620 3835 5713 στόματος

2265 5714 2627 5805 τῆξῌμητρδς
2688 5726 3100 5794 προεφήτευσεο
3165 5730 3216 5784 τί
3273 5731 3329 5785 δὲ
3396 5734 3832 5805 προεφήτευσεν;

2274 5817 2291 5851 ι
2322 5801 2674 5881 Εὐλογημένη
2696 5813 2758 5865 σὺ
2795 5813 2851 5867 iv
2883 5817 3143 5884 γυναιξίν.
3185 5838 3204 5873 ι
3251 5817 3383 5878 Εἶτα
3427 5801 3615 5897 iambi;
3648 5828 3831 5881 πολλαὶ
