4108 6334
268 395 383 466 ῃοο
840 338 842 341 ’
1013 381 1459 448 multum
1493 381 1575 443 IN
1614 382 1838 443 EVANt‘

1944 380 2121 444 sum
2158 380 2396 465 LUCgE.
2431 406 2499 416 —
2534 381 2692 444 CAP.
2737 382 2788 444 ῐ.
3435 383 3544 452 710

269 501 545 565 γυναῖκες
576 500 728 568 ”γιαί
772 496 1035 568 βεϐήλους
1061 496 1275 559 ἔτεκον,
1304 493 1380 557 ὡς
1402 494 1436 564 ἡ
1471 492 1745 546 Ῥεϐέκκα
1762 491 1838 544 tbi

1957 492 2036 546 ιιιί
2063 492 2333 563 quispiam
2390 491 2688 561 interroget
2747 492 2954 562 quare?
2997 494 3170 566 ipsam
3220 509 3438 553 causam
3467 502 3548 556 di-

284 589 489 655 Ἠσαῦ,
542 590 710 659 φησὶν
740 592 852 653 ϐτι.
892 588 1054 645 Ἀλλὰ
1096 588 1191 642 καὶ
1219 589 1247 639 6
1288 584 1500 655 καρπὸς
1520 585 1619 653 τῆς
1649 583 1838 637 κοιλίαι

1957 583 2031 638 cit
2061 600 2079 640 :
2111 581 2441 639 Benedictus
2483 585 2631 640 enim
2699 583 2907 642 fruetus
2944 587 3149 642 ventris
3188 587 3291 654 tui,
3318 590 3419 645 hoc
3440 601 3545 655 est,

264 698 365 737 σου
398 682 787 753 εὐλογημένος
821 682 915 736 καὶ
942 681 1114 743 ἄλλως
1133 680 1187 733 δὲ
1218 679 1569 750 νοηθήσεται,
1608 677 1854 745 Εὐλογη-

268 776 410 847 μένη
434 776 504 830 σὺ
523 777 582 829 ἂν
604 773 847 843 γυναιξίν
868 790 881 802 ·
919 770 1039 828 εἶτα
1066 771 1259 842 ὥσπερ
1280 770 1660 841 ἐρωτήσαντός
1682 786 1851 834 τινος,

257 865 410 921 διατί
427 883 443 929 ;
465 868 616 934 λέγει
649 867 749 937 τὴν
796 866 995 920 αἰτίαν.
1025 861 1408 932 Εὐλογημένος
1442 862 1552 931 γὰρ
1579 862 1607 913 6
1638 858 1852 930 καρπὸς

265 957 370 1027 τῆς
415 957 625 1021 κοιλίας
662 973 780 1017 σου,
817 954 1085 1017 τουτέστι,
1129 952 1264 1014 Θεὸς
1317 950 1427 1020 γὰρ
1459 952 1486 1003 6
1516 948 1729 1018 καρπὸς
1753 947 1855 1017 τῆς

263 1048 476 1111 κοιλίας
506 1063 623 1116 σου,
654 1046 1023 1117 εὐλογημένος
1060 1045 1169 1115 γὰρ
1208 1042 1367 1113 μόνος
1394 1043 1423 1093 6
1446 1041 1580 1104 Θεός
1605 1057 1617 1071 ·
1640 1038 1841 1103 ὡς’)ιαὶ

259 1143 294 1196 ὁ
324 1141 489 1197 Δαυῒδ
516 1141 664 1212 λέγει
683 1160 698 1174 ·
728 1140 1108 1210 Εὐλογημένος
1130 1140 1157 1192 ὁ
1186 1136 1479 1207 ἐρχόμενος
1498 1150 1513 1165 ·
1551 1124 1710 1188 εἴωθε
1738 1131 1847 1203 γὰρ

239 1234 300 1303 μή
327 1233 520 1303 Γραφὴ
550 1233 665 1295 τὸν,
705 1232 829 1298 καὶ,
856 1231 1151 1300 σύνδεσμον
1181 1228 1300 1282 ἀντὶ
1332 1226 1449 1292 τοῦ,
1475 1225 1588 1295 γὰρ
1610 1263 1625 1286 ,
1664 1242 1846 1294 παρα-

260 1326 562 1395 λαμϐάνειν
587 1340 601 1358 ο
647 1322 721 1388 ὡς
754 1324 835 1387 τὸ,
865 1324 962 1386 Δὸς
1013 1323 1145 1391 ἡμῖν
1194 1313 1473 1391 βοήθειαν,
1506 1316 1601 1371 καὶ
1640 1316 1846 1386 ματαία

265 1416 514 1487 σωτηρία
557 1415 871 1484 ἀνθρώπου,
897 1414 1020 1473 ἀντὶ
1047 1414 1164 1475 τοῦ,
1203 1410 1425 1465 Manth
1450 1409 1561 1481 γὰρ
1602 1408 1847 1478 σωτηρία

259 1507 588 1580 ἀνθρώπου·
644 1506 741 1559 καὶ
789 1506 971 1569 πάλιν,
1038 1506 1110 1558 Σὺ
1165 1503 1472 1573 ὼργίσθης,
1535 1503 1631 1555 καὶ
1682 1501 1847 1570 ἡμεῖς

264 1598 612 1671 ἡμάρτομεν,
644 1601 766 1655 ἀντὶ
794 1599 911 1665 τοῦ,
946 1599 1135 1669 Ἡμεῖς
1170 1599 1277 1667 γὰρ
1300 1596 1648 1667 ἡμάρτομεν,
1676 1596 1831 1664 Καρ-

1954 675 2099 733 Deus
2128 676 2272 731 enim
2327 684 2415 733 est
2470 675 2679 732 fructus
2722 676 2809 733 ille
2855 678 3068 733 ventris
3096 678 3193 733 tui.
3219 678 3550 736 Benedictus

1952 765 2098 819 enim
2134 764 2290 821 solus
2317 764 2482 832 Deus,
2528 766 2669 821 sicut
2714 776 2772 821 et
2808 767 2973 821 David
3029 767 3183 833 dicit,
3223 768 3551 829 Benedictus

1953 857 2045 927 qui
2072 859 2239 913 venit.
2275 855 2569 914 Consuevit
2590 861 2736 913 enim
2764 859 3046 930 Scriptura
3080 862 3545 934 coniunctionem,

1950 958 2023 1016 et,
2072 962 2190 1017 pro,
2237 952 2399 1014 enim,
2452 950 2748 1017 accipere:
2799 961 2878 1017 ιιι,
2933 954 3006 1008 Da
3064 955 3225 1010 nobis
3262 956 3544 1021 auxilium,

1952 1034 2014 1095 et
2064 1054 2199 1094 vana
2232 1041 2385 1096 salus
2415 1041 2692 1097 hominis:
2738 1044 2842 1099 hoc
2884 1056 2990 1111 est,
3040 1045 3191 1100 Vana
3222 1049 3369 1103 enim
3396 1050 3548 1107 salus

1949 1132 2213 1188 hominis.
2245 1130 2314 1186 Et
2358 1133 2555 1190 iterum
2590 1133 2711 1190 :Tu
2762 1137 2933 1192 iratus
2965 1137 3137 1207 fuisti,
3179 1149 3235 1196 et
3274 1156 3376 1197 nos
3422 1157 3550 1210 pec-

1946 1225 2210 1291 cavimus,
2245 1224 2349 1279 hoc
2409 1236 2519 1290 est,
2547 1240 2645 1281 nos
2678 1228 2822 1281 enim
2867 1232 3235 1299 peccavimus.
3284 1230 3548 1289 Fructum

1946 1328 2128 1371 autem
2184 1318 2393 1374 ventris
2456 1317 2875 1376 DolGenitricis
2931 1322 3064 1378 dicit
3130 1322 3445 1393 Dominum,
3493 1337 3550 1383 et

1946 1408 2068 1463 ideo
2097 1408 2217 1463 sine
2249 1409 2366 1465 viro
2402 1423 2754 1481 conceptum.
2785 1410 2950 1468 Pueri
2978 1414 3126 1469 enim
3184 1416 3280 1471 alii
3338 1420 3549 1475 fructus

1946 1508 2075 1555 sunt
2116 1509 2376 1569 patrum:
2420 1502 2672 1558 Christus
2705 1518 2835 1561 vero
2892 1505 3064 1562 soEitts
3106 1509 3313 1563 ventris
3360 1508 3551 1568 Maria:
3624 1587 3633 1589 Α

1946 1592 2156 1649 fructus
2188 1611 2203 1650 :
2241 1595 2355 1666 ipsa
2385 1599 2528 1652 enim
2558 1598 2670 1654 sola
2702 1601 2849 1657 hunc
2885 1602 3123 1661 fructum
3153 1606 3396 1675 protulit.

264 1698 369 1752 πδν
394 1698 450 1751 ὀὶ
482 1698 579 1769 τῆς
607 1697 816 1759 κοιλίας
841 1691 963 1748 εἷπε
994 1696 1094 1766 τῆς
1118 1693 1384 1747 Θεοτόκου
1416 1692 1507 1745 τὸν
1538 1690 1767 1759 Κύριον.
1794 1688 1927 1743 διότι
1950 1690 2081 1744 ἄνευ
2130 1690 2323 1762 ἀνδρὸς
2350 1695 2383 1762 ἡ
2413 1692 2611 1764 κύησις
2630 1711 2645 1727 ⁸
2670 1699 2719 1750 oi
2751 1698 2852 1769 μὲν
2894 1700 3002 1772 γὰρ
3036 1702 3188 1756 ἄλλοι
3212 1703 3401 1769 παῖδες
3436 1705 3547 1761 τῶν

262 1791 520 1861 πατέρων
550 1792 656 1843 εἰσὶ
683 1788 959 1860 καρποὶ,ὁ
990 1789 1047 1841 δὲ
1077 1788 1311 1858 Χριστὸς
1338 1790 1508 1858 μάνης
1536 1786 1635 1859 τῆς
1658 1786 1867 1849 κιιλίας
1884 1786 1983 1857 τῆς
2014 1787 2284 1842 Θεοτόκου
2314 1791 2561 1861 καρπός·
2590 1794 2727 1865 μόνη
2745 1797 2855 1868 γὰρ
2876 1797 3040 1853 αὑτὸν
3056 1800 3453 1874 ἑκυοφὸρησεν.

333 1904 357 1935 1
401 1885 511 1939 Καὶ
564 1885 726 1938 πόθεν
756 1902 846 1953 μοι
884 1882 1063 1948 τοῦτο,
1104 1883 1191 1936 ἵνα
1242 1883 1374 1954 ἔλθῃ
1421 1885 1457 1953 ἡ
1490 1884 1695 1953 Μήτηρ
1750 1880 1838 1935 τοῦ

2033 1882 2193 1939 Vsus.
2238 1886 2429 1942 £345.
2466 1906 2485 1940 ι
2524 1887 2592 1945 Ει
2618 1892 2761 1947 unde
2800 1893 2901 1950 hoc
2932 1897 3085 1964 mihi,
3128 1908 3188 1953 ut
3214 1904 3394 1958 vcniat
3428 1903 3547 1961 lla-

256 1974 468 2046 Κυρίου
508 1992 609 2043 μου
643 1972 923 2043 «paene;
969 1972 1102 2027 Ἰδοὺ
1135 1973 1243 2045 γὰρ
1270 1974 1344 2037 ὡς
1379 1972 1599 2042 ἐγένετο
1621 1974 1654 2042 ἡ
1692 1972 1838 2041 φωνὴ

1956 1983 2036 2029 ter
2060 1976 2273 2032 Domini
2311 1982 2415 2034 mei
2444 1981 2509 2035 ad
2546 1983 2674 2038 me?
2716 1984 2859 2043 Ecce
2878 1990 3022 2044 enim
3054 2001 3111 2044 ut
3142 1992 3284 2049 facta
3317 2007 3402 2054 est
3439 2013 3542 2057 vox

252 2067 354 2120 τοῦ
410 2067 700 2137 ἀσπασμοῦ
734 2082 826 2118 σου
891 2066 969 2129 είς
999 2066 1067 2119 τὰ
1116 2057 1231 2117 ὦτά
1282 2082 1414 2135 μου,
1444 2066 1736 2135 ἐσκίρτησε
1785 2063 1838 2117 τὸ

1952 2069 2300 2128 salutationis
2334 2083 2438 2130 tute
2486 2075 2540 2129 in
2576 2077 2803 2135 auribus
2859 2082 3021 2149 meis,
3079 2087 3381 2143 exsultavit
3426 2106 3543 2162 prae

257 2159 461 2230 βρέφος
495 2160 552 2212 ὲν
581 2157 904 2225 ἀγαλλιάσει
935 2158 993 2209 ὲν
1022 2159 1089 2228 τῇ
1122 2155 1304 2229 κοιλίᾳ
1351 2172 1476 2226 μου.
1526 2156 1636 2209 Καὶ
1665 2173 1847 2226 μακα-

258 2253 353 2321 ρία
389 2250 421 2320 ἡ
458 2249 820 2314 πιστεύσασα,
852 2251 934 2303 ὅτι
968 2248 1120 2303 ἔσται
1149 2248 1432 2310 τελείωσις
1459 2251 1571 2312 τοῖς
1610 2248 1845 2320 λελαλη-

262 2342 448 2410 μένοις
476 2344 612 2413 αὐτῇ
665 2342 821 2413 παρὰ
863 2343 1091 2413 Κυρίου.
1134 2361 1153 2396 ι
1200 2342 1414 2413 Ὥσπερ
1476 2342 1706 2412 ὕστερον
1753 2343 1842 2396 ἑλ-

258 2435 422 2488 θύντα
460 2436 553 2489 τὶν
581 2435 815 2506 Χριστὸν
879 2436 959 2497 είς
987 2434 1048 2487 τὸ
1098 2433 1471 2505 βαπτισθῆναι
1509 2435 1538 2487 6
1582 2434 1840 2504 Ἰωάννης

258 2525 468 2580 ἐκώλυε
498 2526 568 2580 δι’
600 2527 910 2591 εὐλάϐειαν,
943 2527 1118 2595 λέγων
1142 2541 1158 2559 ⁶
1199 2525 1317 2582 Οὐκ
1355 2528 1474 2599 εἰμὶ
1504 2526 1674 2594 ἄξιος,
1699 2526 1843 2581 οὕτω

254 2619 355 2671 καὶ
379 2617 474 2672 νῦν
494 2618 581 2671 διὰ
616 2620 713 2687 τῆς
747 2620 953 2689 μητρὸς
974 2617 1137 2672 αὑτοῦ
1168 2618 1465 2687 φθέγγεται
1493 2634 1507 2649 ⁶
1542 2617 1714 2672 Πόθεν
1748 2636 1838 2691 μοι

253 2708 438 2773 τοῦτο,
468 2709 553 2762 ἵνα
584 2709 713 2781 ἔλθῃ
754 2712 787 2780 η
824 2711 1025 2779 Μήτηρ
1054 2708 1149 2763 τοῦ
1184 2708 1393 2779 Κυρίου
1425 2726 1527 2781 μου
1565 2709 1705 2781 πρὸς
1734 2710 1833 2779 ut;

254 2801 393 2871 πρὶν
421 2800 454 2871 ἢ
494 2801 629 2874 τέκῃ
658 2802 750 2853 τὸν
783 2800 1011 2871 Κύριον,
1062 2800 1277 2872 μητέρα
1324 2799 1423 2871 τὴν
1454 2800 1833 2871 κυοςιοροῦσαν

253 2895 557 2966 ὀνομάζων.
591 2895 718 2948 Ἐπὶ
745 2895 845 2966 μὲν
873 2895 984 2966 γὰρ
1012 2894 1119 2948 τῶν
1150 2894 1346 2960 ἄλλων,
1369 2895 1551 2966 πρὶνιῆ
1584 2895 1838 2964 τέκωσιν,

254 2987 319 3041 0’1
356 2986 461 3058 χρὴ
509 2987 750 3059 μητέρας
781 2986 1067 3057 ὀνομάζειν
1125 2985 1214 3040 διὰ
1251 2987 1343 3040 τὸν
1394 2985 1561 3055 φόϐον
1590 2986 1693 3056 τῆς
1724 2989 1837 3058 ἀμ·

258 3078 534 3142 ϐλὼσεως,
566 3080 815 3133 τουτέστι
862 3080 963 3148 τῆς
989 3077 1282 3149 ἀποϐολῆς.
1328 3078 1454 3132 Ἐπὶ
1486 3078 1544 3131 δὲ
1568 3077 1666 3155 τῆς
1687 3080 1836 3149 Παρ-

1950 2164 2149 2234 gaudio
2180 2164 2360 2221 infans
2393 2168 2563 2241 279
2592 2172 2646 2226 in
2677 2181 2833 2230 utero
2883 2191 3025 2232 meo.
3085 2177 3149 2234 Et
3195 2180 3353 2238 beata
3418 2199 3542 2256 quas

1950 2254 2204 2325 credidit,
2236 2261 2494 2330 quoniam
2536 2263 2890 2331 perﬂcientur
2915 2284 2977 2322 ea
3008 2286 3131 2341 quae
3163 2274 3305 2329 dicta
3333 2254 3462 2331 sunt
3488 2279 3539 2333 ei

1946 2362 1979 2402 a
2010 2350 2257 2405 Domino.
2302 2371 2322 2405 ι
2367 2350 2523 2409 Sicut
2554 2366 2739 2425 postea
2788 2356 3027 2417 Joannes
3059 2364 3363 2433 Christum,
3406 2385 3531 2424 cum

1948 2441 2189 2497 venisset
2228 2454 2287 2498 ιιι
2308 2443 2699 2516 baptizaretur,
2728 2451 3006 2521 prohibuit
3036 2468 3261 2528 propter
3284 2474 3540 2517 reveren-

1948 2532 2100 2601 tiam,
2133 2534 2322 2615 dicens
2360 2554 2374 2591 :
2419 2537 2531 2607 Ego
2565 2555 2671 2596 non
2732 2556 2852 2597 sum
2904 2545 3150 2618 dignus",
3212 2553 3289 2607 sic
3317 2562 3369 2608 et
3394 2570 3541 2610 nunc

1928 2639 2047 2695 iper
2074 2626 2302 2697 matrem
2330 2643 2484 2684 suam
2526 2630 2806 2703 ioqttituro:
2845 2636 2999 2694 Unde
3029 2642 3158 2696 mihi
3198 2644 3322 2711 hor,
3356 2655 3413 2701 ut
3441 2662 3538 2702 ve-

1946 2714 2063 2770 niat
2112 2720 2291 2803 mater
2342 2720 2558 2777 Domini
2621 2724 2724 2780 mei
2780 2726 2846 2783 ad
2904 2732 3031 2785 me?
3090 2734 3399 2806 priusquam
3443 2754 3539 2810 pa-

1945 2809 2052 2863 riat
2084 2798 2395 2887 Doti-tinum,
2433 2826 2662 2871 matrem
2708 2834 2910 2877 vocans
2941 2838 3084 2889 eam,
3124 2843 3243 2896 quae
3273 2831 3324 2883 in
3382 2842 3538 2889 utero

1944 2901 2188 2971 gerebat.
2222 2903 2369 2957 Alias
2388 2906 2535 2960 enim
2582 2910 2896 2981 priusquam
2954 2916 3186 2984 pariant,
3226 2936 3333 2975 non
3386 2923 3533 2979 sole-

1944 3006 2065 3045 mus
2092 3004 2293 3048 matres
2328 3010 2534 3052 vncare
2557 3009 2780 3068 propter
2823 3016 3024 3058 metum
3086 3011 3389 3065 abortiendi
3422 3032 3436 3067 :
3478 3013 3532 3070 in

1942 3082 2150 3152 virgine
2177 3098 2360 3139 autem
2395 3087 2533 3143 nihil
2583 3091 2691 3147 tale
2722 3096 2988 3162 suspicari
3016 3100 3321 3168 Oportebat.
3348 3101 3414 3157 Et
3449 3104 3535 3160 id-

256 3172 415 3227 θένου
464 3172 619 3226 οὐδὲν
664 3172 904 3225 τοιοῦτον
954 3171 1335 3225 ὑπωπτεύετο.
1394 3170 1493 3224 Διὰ
1547 3170 1709 3223 τοῦτο
1736 3173 1833 3224 καὶ

1944 3176 2087 3231 circo
2131 3178 2450 3249 priusquam
2481 3182 2686 3251 parias,
2725 3198 2900 3243 mater
2951 3200 3006 3246 et
3060 3196 3220 3249 beata
3276 3211 3337 3251 es
3386 3206 3464 3263 tu,
3499 3215 3534 3255 ο

254 3265 367 3334 πρὸ
395 3262 488 3315 τοῦ
518 3264 698 3315 τεκεῖν
726 3264 909 3332 μήτηρ
956 3261 1050 3313 καὶ
1083 3260 1330 3333 μακαρία
1366 3260 1637 3331 ὑπάρχεις
1668 3261 1758 3361 σὺ,
1792 3254 1837 3313 ὦ

1944 3265 2133 3333 Maria,
2162 3284 2280 3339 quas
2352 3274 2651 3341 credidisti,
2689 3280 2817 3348 quia
2855 3280 3225 3352 impiebuntur
3256 3300 3321 3343 ea
3350 3254 3471 3361 quae
3498 3254 3529 3348 Α

252 3356 471 3427 Μαρία,
507 3358 541 3427 ἡ
568 3355 907 3409 πιστεύσασα
933 3355 1015 3407 ὅτι
1055 3353 1207 3407 ἔσται
1238 3355 1516 3417 τελείωσις
1541 3356 1653 3418 τοῖς
1680 3354 1835 3408 λελα-

253 3448 510 3519 λημένοις
544 3466 625 3500 σοι
649 3449 800 3517 παρὰ
834 3446 1065 3517 Κυρίου.

333 3559 353 3591 ι
395 3539 505 3594 Καὶ
544 3535 665 3592 εἷπε
702 3540 969 3609 Μαριάμ’
1014 3536 1325 3607 Μεγαλύνει
1358 3540 1391 3609 ή
1422 3539 1567 3613 ψυχή
1615 3559 1715 3613 μου
1747 3541 1839 3595 τὸν

248 3632 497 3704 Κύριονο
529 3634 624 3684 καί
659 3630 959 3700 ὴγαλλίασε
989 3629 1049 3683 τὸ
1082 3630 1299 3694 πνεῦμά
1332 3648 1433 3702 μου
1468 3635 1561 3688 ἐπὶ
1604 3634 1681 3705 τῷ
1711 3632 1831 3705 Θεῷ

249 3726 336 3797 ’τῷ
361 3724 574 3795 Σωτῆρί
614 3741 752 3795 μου,
791 3724 873 3777 ὅτι
898 3722 1197 3793 ἐπέϐλεψεν
1237 3725 1331 3777 ἐπὶ
1365 3725 1463 3795 τὴν
1505 3725 1838 3779 ταπείνωσιν

252 3822 353 3890 τῆς
377 3818 569 3890 δούλης
597 3816 761 3871 αὐτοῦ
783 3834 798 3849 ·
829 3817 937 3870 ἰδοὺ
972 3817 1083 3888 γὰρ
1114 3816 1223 3870 ἀπὸ
1254 3817 1349 3871 τοῦ
1378 3818 1474 3873 νῦν
1503 3818 1839 3892 μακαριοῦσί

252 3927 330 3979 με
365 3911 537 3964 πᾶσαι
588 3909 647 3964 αἱ
695 3908 913 3977 γενεαὶ,
959 3910 1041 3961 ὅτι
1090 3908 1316 3979 ἐποίησέ
1363 3927 1455 3981 μοι
1507 3912 1773 3980 μεγαλεῖα
1810 3912 1839 3965 6

253 4001 477 4065 ἰυνατὸς
500 4016 513 4031 '
570 4002 665 4055 καὶ
710 4001 866 4069 ἅγιον
908 3999 971 4052 τὸ
1009 3999 1183 4070 ὄνομα
1213 4000 1403 4057 αὐτοῦ.
1443 4001 1556 4055 Καὶ
1593 4003 1655 4060 τὸ
1692 4002 1839 4067 ἔλεος

251 4092 423 4148 αὐτοῦ
460 4095 549 4158 είς
580 4093 775 4161 γενεὰν
809 4093 905 4145 καὶ
950 4091 1145 4158 γε·.εὰν
1186 4094 1298 4155 τοῖς
1342 4091 1699 4164 φοϐουμένοις
1741 4094 1839 4148 αὐ-

243 4187 369 4241 τόν.
427 4203 446 4237 ι
509 4184 577 4239 Ἦ
625 4184 905 4255 Παρθενος
950 4183 1276 4255 τελεώτερον
1320 4185 1835 4257 πληροφορηθεῖσα,

238 4277 527 4347 δοξολογεῖ
546 4276 638 4330 τδν
677 4276 832 4341 Θεὸν,
870 4276 1066 4346 ἐκείνῳ
1119 4278 1500 4349 ὲπιγράφουσα
1535 4280 1595 4333 τὸ
1626 4280 1834 4351 θαῦμα,

240 4370 356 4441 οὐχ
390 4370 580 4441 ἑαυτῇ.
620 4367 856 4431 Ἐκεῖνος
888 4369 1029 4439 γὰρ,
1066 4373 1262 4439 φησὶν,
1286 4371 1584 4442 ἐπέϐλεψεν
1614 4374 1703 4426 ἐπ’
1738 4376 1838 4446 ἐμὲ

251 4462 355 4532 τὴν
406 4459 701 4531 ταπεινὴν,
760 4460 860 4512 οὐκ
916 4458 1215 4531 ὲγὼνπρδς
1263 4465 1471 4516 ἐκεῖνον
1524 4465 1833 4537 ἀνέϐλεψα·

1941 3358 2171 3415 Domino
2201 3364 2295 3418 tibi
2335 3364 2479 3421 dicta
2514 3377 2663 3424 sunt.

2012 3536 2179 3593 Vsus.
2217 3538 2409 3597 46-50.
2468 3559 2488 3594 ι
2532 3528 2600 3596 Et
2643 3544 2721 3599 ait
2766 3544 2970 3602 Maria:
3008 3547 3314 3622 Magniﬁcat
3346 3554 3529 3612 anima

1944 3646 2061 3686 mea
2094 3631 2379 3687 Dominum
2402 3676 2416 3701 ,
2462 3645 2518 3690 et
2546 3638 2841 3692 exsultavit
2872 3642 3095 3709 spiritus
3140 3659 3291 3701 meus
3333 3647 3386 3703 in
3419 3648 3530 3705 Deo

1943 3721 2230 3779 Servatore
2252 3742 2390 3781 meo.
2417 3726 2553 3794 Quia
2580 3732 2819 3799 respexit
2840 3734 2908 3788 ad
2934 3732 3289 3793 humilitatem
3319 3742 3532 3799 ancillae

1943 3831 2090 3882 suae,
2136 3832 2261 3873 ecce
2291 3820 2437 3875 enim
2467 3836 2536 3876 ex
2583 3822 2688 3880 hoc
2729 3826 2947 3883 beatam
2981 3845 3067 3886 me
3109 3833 3292 3889 dicent
3341 3850 3532 3895 omnes

1942 3910 2339 3977 generationes.
2386 3910 2522 3978 Quia
2559 3912 2687 3969 fecit
2724 3917 2853 3971 mihi
2897 3922 3183 3991 magniﬁca
3216 3924 3306 3993 qui
3337 3938 3532 3996 potens

1941 4011 2061 4067 cst,
2100 4012 2156 4057 et
2196 4013 2442 4059 sanctum
2490 4022 2687 4063 nomen
2718 4006 2856 4078 ejus.
2903 4009 2969 4065 Et
3000 4014 3371 4071 misericordia
3413 4020 3533 4088 eius

1942 4095 1995 4150 in
2022 4098 2332 4165 progeniem
2357 4108 2411 4152 et
2440 4101 2750 4171 progeniem
2779 4103 3092 4161 timentibus
3123 4122 3270 4164 eum.
3306 4128 3325 4161 ι
3368 4110 3531 4185 Virgo

1941 4189 2143 4243 certior
2187 4190 2395 4244 reddita
2429 4193 2495 4245 de
2530 4191 2663 4247 ίωιιι
2703 4206 2967 4265 concepto
3011 4199 3282 4268 glorificat
3315 4201 3482 4259 Deum
3506 4246 3523 4270 .

1942 4278 2017 4332 illi
2065 4280 2387 4335 miraculum
2420 4284 2763 4352 attribuens,
2806 4304 2912 4343 non
2956 4291 3191 4360 sibiipsi.
3230 4293 3323 4351 ille
3356 4298 3526 4367 enim,

1942 4368 2093 4436 dicit,
2149 4375 2392 4442 respexit
2437 4374 2492 4428 in
2540 4390 2626 4431 me
2656 4376 2914 4432 humilem
2940 4420 2955 4445 ,
2994 4397 3099 4436 non
3143 4398 3245 4453 ego
3278 4386 3345 4440 ad
3375 4387 3525 4443 illum

1942 4464 2179 4531 respexi.
2226 4462 2319 4518 lile
2368 4480 2453 4519 me
2487 4479 2818 4535 prosecutus
2848 4481 2929 4525 est
2970 4474 3383 4542 misericordia,
3426 4493 3527 4550 ego

249 4551 461 4613 ἐκεῖνός
496 4569 563 4621 με
596 4550 864 4620 ἠλέησεν,
907 4551 1009 4604 οὐκ
1043 4552 1154 4619 ἐγὼ
1205 4554 1369 4606 αὑτὸν
1418 4554 1661 4625 ἐζήτησα
1686 4572 1702 4589 ·
1740 4559 1833 4610 καὶ

1944 4552 2091 4605 illum
2124 4569 2229 4608 non
2273 4556 2519 4625 quaesivi.
2559 4557 2626 4612 Et
2657 4573 2724 4612 ex
2767 4560 2870 4615 hoc
2914 4570 3157 4633 tempore
3196 4566 3406 4622 beatam
3439 4584 3527 4626 me

240 4643 366 4699 tith
402 4641 497 4695 τοῦ
542 4641 637 4694 νῦν
692 4641 1026 4711 μακαριοῦσέ
1078 4659 1146 4713 με
1190 4646 1363 4697 πᾶσαι
1407 4647 1463 4698 αἱ
1513 4647 1742 4715 γενεαί·
1774 4650 1836 4701 οὐ

243 4735 396 4807 μόνη
435 4732 713 4788 Ἐλισάϐετ
738 4773 754 4799 ,
790 4733 925 4787 ἀλλὰ
950 4735 1045 4786 καὶ
1079 4734 1138 4787 ai
1172 4735 1279 4790 τῶν
1312 4740 1719 4793 πιστευσάντων
1749 4758 1840 4810 γε-

250 4825 374 4880 ηεαί
394 4842 407 4855 ·
436 4825 578 4879 διατί
608 4824 664 4878 δὲ
695 4822 1091 4895 μκαριοῦσικ
1114 4820 1183 4879 *Α
1197 4843 1266 4895 ρα
1291 4827 1379 4880 διὰ
1408 4828 1505 4900 τὴν
1545 4831 1836 4901 ἐμὴνάρε-

249 4921 391 4990 τήνς
429 4918 563 4988 Οὐχί
586 4935 599 4949 ο
640 4917 756 4971 ἀλλ’
795 4918 879 4970 ὅτι
909 4917 1133 4988 ἐποίησε
1162 4919 1280 4987 μετ’
1316 4920 1451 4990 ἐμοῦ
1494 4922 1760 4991 μεγαλεῖα
1806 4925 1834 4976 6

248 5011 409 5070 Θεὸς.
469 5008 705 5061 Δυνατδν
738 5006 795 5060 δὲ
824 5006 1107 5076 ὠνόμασεν
1137 5009 1320 5077 αὑτὸν,
1355 5010 1441 5062 ἵνα
1477 5010 1667 5081 μηδεὶς
1706 5014 1833 5067 ἀπι-

253 5102 429 5171 στήσῃ
463 5102 574 5162 τοῖς
602 5098 918 5169 λεγομένοις
941 5139 957 5164 ,
992 5099 1351 5168 λογισάμενος
1387 5102 1470 5154 ὅτι
1504 5106 1605 5155 οὐκ
1636 5104 1833 5158 ἀδύνα-

248 5193 346 5255 τός
380 5196 496 5246 ἐστι
522 5192 695 5245 ταῦτα
728 5194 951 5261 ποιῆσαι
975 5192 1002 5244 6
1034 5194 1259 5265 Κύριος.
1292 5193 1485 5262 Ἀγιον
1514 5194 1570 5248 δὲ
1618 5191 1739 5249 εἷπε
1772 5198 1831 5250 τὸ

249 5284 425 5354 ὄνομα
478 5283 643 5337 αὐτοῦ
667 5323 682 5347 ,
726 5283 962 5354 δηλοῦσα
1002 5286 1084 5338 ὅτι
1115 5287 1268 5338 οὐδὲν
1306 5286 1593 5355 μολύνεται
1633 5292 1691 5342 ἐν
1734 5306 1829 5358 γυο

250 5374 440 5439 ναικὸς
472 5377 656 5447 μήτρᾳ
689 5375 1199 5448 συλλαμϐανόμενος
1226 5381 1251 5430 6
1280 5378 1689 5449 καθαρώτατος,
1715 5382 1832 5435 ἀλλ’

250 5467 409 5533 ἆγιος
450 5466 619 5536 μένει.
659 5466 772 5518 Ούκ
800 5469 880 5531 εἰς
922 5470 1023 5537 ἐμὲ
1058 5468 1114 5521 δὲ
1157 5469 1325 5537 μόνην
1350 5470 1409 5522 τὸ
1448 5470 1595 5531 ἔλεος
1628 5472 1829 5541 αὑτοῦ,

250 5557 395 5612 ἀλλὰ
444 5560 537 5611 καὶ
575 5560 655 5622 εις
707 5562 914 5622 πάντας
954 5560 1082 5623 τοὺς
1126 5560 1497 5629 φοϐουμένους
1531 5564 1694 5616 αὐτόν
1724 5581 1739 5596 ο
1782 5566 1831 5617 oi

251 5647 365 5719 τὰρ
395 5647 471 5718 μὴ
499 5648 828 5718 φοϐούμενοι
862 5650 1045 5719 αὑτὸνζ
1082 5651 1222 5706 ἀλλὰ
1246 5654 1422 5723 πάντη
1462 5654 1691 5721 ἀνάξιοι,
1734 5656 1832 5709 οὐκ

333 5821 351 5856 ⁷
403 5818 623 5896 κλωπ,
642 5840 726 5893 ιιι,
763 5825 850 5879 il.

1941 4645 2122 4701 dicent
2173 4662 2364 4703 omnes
2408 4654 2791 4717 generationes
2837 4672 2849 4707 :
2900 4669 3005 4710 non
3058 4658 3173 4711 sola
3212 4657 3522 4730 Elisabeth,

1938 4737 2029 4791 sed
2058 4748 2318 4793 eteorum
2344 4743 2624 4809 generatio
2647 4744 2743 4813 qui
2767 4746 3116 4802 crediderint.
3144 4748 3322 4816 Quare
3344 4761 3523 4808 autem

1939 4829 2152 4883 beatam
2196 4845 2284 4884 me
2326 4831 2549 4888 dicent?
2582 4833 2702 4890 Non
2743 4847 2964 4907 propter
3004 4855 3181 4895 meam
3224 4844 3524 4913 virtutem,

1942 4921 2034 4975 sed
2068 4924 2192 4991 quia
2225 4923 2351 4979 fecit
2384 4940 2592 4981 mecmn
2620 4944 2814 4999 magna
2842 4933 2934 5000 qui
2968 4944 3161 5001 potens
3195 4945 3299 4990 est.
3328 4934 3528 4993 Poten-

1946 5021 2051 5067 tem
2086 5024 2267 5068 autem
2304 5019 2548 5072 nominat
2602 5021 2801 5087 Deum,
2855 5030 2915 5077 ut
2957 5039 3026 5079 ne
3077 5026 3201 5094 quis
3255 5028 3527 5085 diseredat

1944 5104 2031 5159 his
2064 5108 2188 5175 "quae
2220 5121 2248 5160 a
2289 5123 2349 5163 se
2382 5110 2662 5177 dicuntur,
2694 5116 3047 5172 considerans
3078 5121 3220 5187 quod
3255 5122 3396 5176 Deus
3433 5123 3525 5178 illa

1940 5198 2123 5254 facere
2152 5211 2342 5269 potens
2366 5204 2460 5257 sit.
2483 5205 2657 5260 Porro
2692 5217 2939 5263 sanctum
2966 5225 3163 5266 nomen
3195 5212 3311 5281 ejus
3342 5227 3525 5281 vocat,

1940 5290 2227 5346 declarans
2261 5293 2402 5362 quod
2432 5310 2539 5347 non
2573 5296 2886 5364 inquinetur
2922 5301 3313 5357 mundissimus
3351 5304 3440 5359 ille
3469 5305 3525 5359 in

1939 5389 2095 5434 utero
2124 5392 2440 5452 conceptus,
2480 5388 2574 5439 sed
2618 5397 2837 5442 sanctus
2868 5399 3105 5444 maneat.
3139 5390 3328 5462 Neque
3353 5392 3406 5447 in
3439 5409 3526 5449 me

1941 5472 2056 5526 sola
2082 5481 2167 5527 est
2194 5474 2565 5531 misericordia
2590 5479 2705 5547 ejus
2725 5519 2739 5544 ,
2773 5480 2865 5534 sed
2898 5482 2951 5535 in
2984 5498 3176 5538 omnes
3206 5488 3294 5554 qui
3335 5486 3527 5542 timent

1942 5562 2114 5619 illum.
2167 5566 2267 5633 Qui
2310 5571 2453 5623 enim
2507 5586 2612 5625 non
2665 5573 2857 5627 timent
2899 5575 3109 5645 ipsum,
3162 5578 3257 5633 sed
3301 5581 3522 5633 omnino

1943 5648 2146 5728 indigni
2198 5669 2357 5728 sunt,
2413 5678 2515 5718 non
2553 5676 2918 5735 assequuntur
2966 5668 3414 5728 misericordiam.
3463 5667 3524 5725 In
