4108 6334
649 335 751 404 711

1565 333 2142 396 THEOPHYLACTI
2180 333 2596 397 BULGARLE
2629 330 2983 395 ARCHIEP.

3812 333 3910 396 ἨΞ

647 450 1046 521 generationem
1099 460 1275 508 autem
1331 457 1386 502 et
1420 450 1821 520 generationem
1870 450 2056 504 dicens
2103 465 2210 504 esse

2335 451 2642 504 ἐλεοῦνται.
2698 451 2792 512 Εἰς
2823 447 3016 516 γενεὰν
3051 445 3106 501 δὲ
3153 447 3246 500 καὶ
3272 447 3466 515 γενεὰν
3504 443 3742 500 εἰποῦσα
3774 444 3907 502 εἶναι

647 542 1079 597 misericordiam
1137 540 1266 607 Dei,
1326 541 1557 595 ostendit
1602 542 1742 609 quod
1790 541 2215 594 misericordiam

646 643 1001 702 assequentur
1043 642 1100 686 et
1151 633 1203 684 in
1255 633 1508 701 praesenti
1553 633 1785 694 saeculo,
1818 642 1872 684 et
1911 633 1962 684 in
2000 633 2214 694 futuro,

646 739 837 794 nempe
866 734 1091 780 aeterno.
1114 722 1244 778 Nam
1279 726 1366 778 hic
1387 725 1693 793 centuplum
1719 724 2014 791 accipiunt,
2033 734 2088 777 et
2112 723 2218 778 illic

647 818 801 886 longe
824 817 1073 885 amplius.
1099 817 1329 871 Attende
1358 825 1532 870 autem
1557 817 1698 885 quod
1718 817 1947 885 primum
1971 815 2216 885 magniﬁ-

645 913 733 960 cat
756 909 938 972 anima
978 905 1284 970 Dominum,
1316 912 1370 958 et
1393 904 1585 959 deinde
1613 906 1833 974 spiritus
1854 904 2085 958 exsultat
2115 922 2127 956 :
2161 912 2219 956 ut

645 1000 821 1054 simile
841 998 966 1066 quid
990 997 1190 1062 dicam,
1222 997 1529 1066 magniﬁcat
1567 996 1756 1058 Deum,
1775 997 1864 1064 qtti
1883 999 2041 1067 digne
2065 996 2216 1065 juxta

651 1092 813 1144 Deum
849 1091 1108 1144 ambulat.
1159 1090 1393 1144 Vocatus
1437 1105 1496 1145 es
1528 1090 1890 1152 Christianus,
1933 1103 2038 1142 non
2080 1098 2219 1142 atte-

644 1196 821 1234 nuaus
843 1198 1038 1236 nomen
1059 1182 1436 1248 etdignitatem
1458 1180 1658 1236 Christi
1679 1180 1925 1234 faciendo
1945 1180 2086 1249 quod
2111 1195 2213 1234 non

642 1286 873 1342 oportet,
920 1275 1014 1329 sed
1065 1274 1414 1343 magniﬁcans
1459 1272 1734 1341 operando
1769 1287 1993 1342 magna,
2049 1271 2215 1324 coele-

644 1369 855 1435 stiaque
887 1382 1067 1434 Opera.
1099 1366 1163 1419 Et
1201 1375 1328 1420 tunc
1363 1365 1530 1419 etiam
1567 1365 1790 1433 spiritus
1819 1374 1940 1418 tuus
1975 1363 2217 1417 exsulta-

644 1459 717 1512 bit
740 1499 756 1524 ,
791 1461 890 1512 hoc
946 1468 1062 1524 est,
1096 1458 1374 1528 spirituale
1409 1458 1606 1510 donum
1655 1456 1795 1524 quod
1833 1455 2088 1525 accepisti
2124 1470 2217 1523 per

641 1551 850 1621 egregia
879 1566 1038 1619 opera
1068 1590 1082 1614 ,
1114 1550 1411 1604 exsultabit
1439 1558 1493 1604 et
1540 1547 1804 1618 proﬁciet.
1847 1547 1912 1602 Et
1941 1564 2044 1601 non
2087 1563 2217 1602 con-

643 1645 918 1706 trahetur,
953 1650 1039 1704 et,
1095 1653 1151 1695 ut
1201 1644 1273 1695 ita
1325 1642 1536 1704 dicam,
1583 1641 2013 1695 mortilicabitur.
2062 1638 2216 1694 Scias

642 1745 897 1801 praeterea
937 1735 1103 1789 videri
1139 1734 1472 1803 Scripturam
1512 1733 1832 1800 simpliciter
1863 1732 2003 1785 idem
2032 1731 2214 1785 dicere

2321 542 2381 595 τδ
2413 542 2562 604 ἔλεος
2597 540 2689 594 τοῦ
2717 540 2884 604 Θεοῦ,
2917 539 3073 593 τοῦτο
3117 537 3386 610 ἐδήλωσεν
3407 576 3422 601 ,
3464 538 3548 591 ὅτι
3596 538 3696 590 καὶ
3749 540 3807 590 ἐν
3841 541 3902 609 τῇ

2321 638 2416 691 νῦν
2482 637 2647 706 γενεᾷ
2698 635 3010 696 ἐλεοῦνται,
3045 632 3296 686 τουτέστι
3341 631 3422 702 τῷ
3454 630 3552 684 νῦν
3591 630 3787 684 αἰῶνι·
3819 633 3904 683 καὶ

2323 729 2383 780 ἐν
2430 730 2495 797 τῇ
2546 725 2815 796 μελλούσῃ
2853 725 3017 796 γενεᾷ
3041 766 3056 789 ,
3097 721 3177 794 τῷ
3216 723 3509 794 ἀπεράντῳ
3539 723 3683 791 λέγω
3710 722 3901 776 αἰῶνι·

2323 819 2602 875 κάνταῦθα
2652 820 2760 888 γὰρ
2802 816 3340 872 ἑκατονταπλασίονα
3387 816 3764 887 λαμϐάνουσι,
3803 817 3898 868 κά·

2322 915 2470 964 κεῖσε
2505 909 2686 980 πολλῷ
2730 909 2970 962 πλείονα.
3010 909 3252 980 Πρόσχες
3280 907 3337 960 δὲ
3379 907 3461 960 ὅτι
3493 908 3762 978 πρότερον
3809 923 3900 976 pec

2322 1005 2544 1073 γαλύνει
2577 1007 2608 1074 η
2654 1003 2802 1074 ψυχὴ
2833 1003 2925 1055 τὸν
2952 1002 3189 1066 Κύριον,
3234 997 3355 1054 εἶτα
3385 1001 3446 1053 τὸ
3489 1000 3710 1069 πνεῦμα
3740 1001 3902 1066 ἀγαλ-

2320 1097 2500 1148 λιᾶται
2525 1111 2536 1123 ·
2577 1090 2688 1146 οἷόν
2752 1110 2804 1146 τι
2835 1092 2980 1160 λέγω
3009 1111 3018 1118 ·
3050 1090 3359 1157 Μεγαλύνει
3394 1091 3482 1142 τὸν
3514 1091 3650 1142 Θεὸν
3687 1093 3715 1143 ὁ
3742 1091 3901 1154 ἀξίως

2319 1185 2414 1238 τοῦ
2459 1182 2592 1235 Θεοῦ
2655 1183 3040 1252 πορευόμενος.
3119 1180 3448 1248 Χριστιανὸς
3504 1181 3779 1249 ἐκλήθης,
3832 1181 3903 1248 μὴ

2322 1277 2628 1349 σμικρύνῃς
2675 1275 2736 1327 τὸ
2785 1275 3005 1344 ἀξίωμα
3041 1273 3136 1326 τοῦ
3186 1272 3427 1343 Χριστοῦ
3471 1274 3562 1324 καὶ
3594 1274 3654 1324 τὸ
3702 1274 3901 1341 ὄνομα,

2320 1369 2408 1421 διά
2452 1369 2546 1422 τοῦ
2606 1368 2868 1438 πράττειν
2915 1367 2984 1418 τὰ
3016 1363 3111 1435 ’μὴ
3159 1365 3376 1425 δέοντα.
3423 1366 3561 1417 ἀλλὰ
3603 1365 3901 1432 μεγάλυνον

2320 1462 2483 1523 αὐτὸ,
2530 1461 2772 1530 μεγάλας
2821 1459 2918 1512 καὶ
2942 1458 3228 1529 οὐρανίους
3269 1457 3497 1523 πράξεις
3545 1457 3718 1508 τελῶν
3749 1475 3761 1484 ’
3811 1458 3902 1508 καὶ

2318 1553 2440 1607 τότε
2473 1552 2652 1605 καὶτὸ
2685 1549 2905 1621 πνεῦμά
2939 1567 3032 1603 σου
3068 1549 3488 1616 ἀγαλλιάσεται,
3549 1551 3800 1600 τουτέστι
3844 1547 3900 1598 τὸ

2321 1645 2692 1715 ⁸πνευματικὸν
2741 1647 3023 1714 χάρισμα,
3066 1643 3094 1696 ὅ
3133 1642 3322 1705 ἔλαϐες
3365 1642 3452 1695 διὰ
3487 1644 3597 1693 τῶν
3648 1641 3900 1710 μεγάλων

2320 1739 2606 1808 πράξεων,
2644 1738 2931 1807 σκιρτήσει
2976 1737 3070 1788 καὶ
3104 1735 3404 1806 προκόψευ
3448 1734 3565 1786 ἀλλ’
3603 1736 3666 1786 οῦ
3707 1751 3900 1785 συστα-

641 1824 888 1890 Spiritum
936 1837 988 1877 et
1023 1801 1338 1889 animam—3,
1379 1824 1596 1892 preprie
1631 1833 1810 1878 tamen
1851 1822 2051 1877 diﬂ'crt.
2081 1822 2210 1874 Ani-

2316 1831 2535 1900 λήσεται
2579 1832 2709 1896 καὶ,
2762 1826 2874 1882 οἷον
2916 1830 3119 1891 εἰπεῖν,
3173 1828 3605 1898 νεκρωθήσεται.
3664 1827 3898 1880 Γίνωσκε

642 1916 834 1966 malem
881 1914 1024 1967 enim
1069 1915 1232 1984 280
1271 1915 1538 1968 hominem
1591 1915 1721 1968 dicit
1751 1929 1874 1968 eum
1929 1916 2017 1983 qui
2053 1913 2210 1982 ju‘xta

641 2016 888 2058 naturam
919 2007 1080 2070 vivit,
1114 2016 1167 2059 et
1212 2007 1460 2060 humanis
1504 2006 1803 2060 rationibus
1834 2007 2040 2074 regitur
2064 2045 2080 2070 ,
2133 2004 2210 2060 si-

639 2099 854 2165 quando
884 2098 1132 2152 esuriens
1161 2098 1451 2163 comedat,
1499 2097 1622 2152 odio
1655 2097 1851 2152 habeat
1894 2097 2172 2152 inimicum
2195 2135 2211 2160 ,

636 2199 690 2239 et
723 2189 773 2240 in
798 2204 1029 2253 summa,
1061 2190 1104 2243 si
1139 2189 1269 2242 nihil
1297 2205 1457 2257 supra
1483 2190 1754 2244 hominem
1784 2201 2062 2259 appareat.
2089 2190 2212 2260 Spi-

641 2281 885 2334 ritualem
913 2297 1062 2347 vero,
1099 2282 1188 2352 qui
1216 2283 1552 2336 transcendit
1580 2283 1722 2352 leges
1752 2294 1980 2352 naturae,
2013 2294 2068 2338 et
2103 2299 2209 2339 non

640 2370 876 2425 humano
910 2387 1057 2428 more
1101 2375 1261 2442 sapit.
1306 2373 1370 2427 Et
1418 2374 1530 2429 haec
1562 2385 1642 2429 est
1677 2374 1976 2429 differentia
2016 2377 2210 2430 animae

641 2471 697 2515 et
728 2463 952 2529 spiritus
983 2463 1034 2515 in
1069 2463 1368 2533 Scriptura.
1405 2465 1593 2519 Medici
1631 2465 1856 2521 forsitan
1913 2465 2026 2520 haec
2057 2466 2214 2520 aliter

637 2551 991 2618 discernunt,
1028 2554 1121 2608 sed
1158 2555 1314 2609 nobis
1359 2554 1637 2626 Scriptura
1678 2555 1828 2610 cordi
1867 2564 1984 2621 est,
2017 2555 2212 2612 medici

638 2627 768 2698 Vero
802 2645 1037 2700 valeant.

710 2903 875 2960 Vens.
909 2905 1098 2961 51-56.
1145 2925 1162 2956 ‹
1203 2905 1352 2960 Fecit
1393 2914 1561 2961 robur
1607 2906 1662 2961 in
1697 2905 1920 2962 brachio
1962 2922 2098 2972 suo,
2128 2907 2211 2961 di-

639 3001 836 3067 spersit
856 2998 1116 3066 superbos
1135 2999 1462 3066 cOgitatione
1481 2998 1663 3054 cordis
1687 2999 1946 3066 ipsorum.
1968 2997 2212 3053 Detraxit

641 3101 884 3162 potentes
907 3098 971 3148 de
1000 3095 1241 3158 sedibus,
1261 3103 1315 3147 et
1335 3096 1591 3148 exaltavit
1617 3095 1869 3150 humiles.
1900 3091 2208 3149 Esnrientcs

639 3186 880 3253 implevit
919 3186 1109 3248 bonis,
1143 3197 1198 3240 et
1239 3186 1432 3241 divites
1472 3186 1674 3242 dimisit
1711 3188 1918 3244 inanes.
1961 3187 2212 3256 Suscepit

637 3273 802 3332 Israel
836 3292 1060 3348 puerum
1093 3293 1269 3340 suum,
1300 3287 1358 3331 ut
1391 3293 1598 3334 memor
1627 3289 1768 3334 esset
1798 3280 2208 3333 misericordiae.

640 3367 796 3426 Sicut
825 3370 1038 3424 locutus
1079 3379 1159 3424 est
1190 3371 1254 3423 ad
1283 3379 1465 3439 patres
1507 3381 1720 3427 nostros
1742 3411 1756 3435 ,
1811 3371 2118 3436 Abraham,
2159 3381 2213 3426 et

637 3463 830 3517 semini
864 3462 1010 3531 ejus,
1055 3463 1105 3516 in
1142 3462 1415 3517 sarculum.
1444 3463 1637 3517 Mansit
1669 3472 1848 3518 autem
1889 3462 2056 3518 Maria
2088 3477 2207 3518 cum

641 3552 728 3608 illa
783 3555 1057 3608 mensibus
1084 3553 1302 3608 circiter
1337 3555 1528 3619 tribus,
1558 3566 1613 3610 et
1655 3571 1870 3610 reversa
1905 3567 1987 3610 est
2027 3557 2078 3609 in
2110 3560 2200 3610 do-

639 3659 786 3698 mum
815 3659 991 3699 suam.
1032 3663 1050 3696 ι
1083 3644 1369 3722 Braphium
1406 3645 1608 3714 patris,
1644 3645 1830 3700 Filius.
1864 3645 2011 3701 Fecit
2047 3646 2210 3716 igitur

640 3736 803 3789 robur
845 3745 898 3789 et
942 3737 1190 3790 virtutem
1247 3752 1311 3792 ac
1366 3738 1665 3807 potentiam
1716 3749 1905 3793 contra
1961 3749 2207 3792 naturam

640 3823 782 3879 Deus
804 3832 855 3880 et
879 3823 1034 3878 Pater
1059 3825 1109 3878 in
1123 3825 1259 3881 Filio
1279 3842 1395 3882 suo.
1417 3826 1699 3882 lncarnato
1724 3831 1866 3883 enim
1898 3829 2053 3894 Filio,
2071 3832 2208 3886 victa

640 3926 722 3970 est
752 3925 941 3970 natura
969 3955 982 3980 ,
1025 3916 1241 3986 Virgine
1272 3919 1549 3986 pariente,
1595 3917 1706 3974 Deo
1739 3921 1954 3977 homine
1999 3921 2140 3977 facto
2192 3941 2205 3977 :

639 4008 856 4062 homine
887 4023 1013 4064 vero
1044 4011 1312 4064 deiﬁcato.
1345 4011 1408 4065 Et
1439 4013 1692 4082 dispersit
1727 4013 1980 4069 Dominus
2009 4030 2203 4084 super-

639 4099 736 4154 bos
785 4101 1086 4165 dazniones,
1133 4101 1323 4170 ejectis
1356 4103 1462 4158 illis
1500 4120 1567 4159 ex
1606 4105 1855 4160 humanis
1886 4107 2165 4160 animabus
2189 4147 2204 4172 ,

639 4198 692 4242 et
729 4189 853 4244 aliis
898 4191 1110 4258 quidem
1160 4193 1212 4246 in
1254 4194 1505 4263 abyssum
1541 4196 1752 4259 missis,
1791 4195 1909 4251 aliis
1941 4206 2118 4252 autem
2153 4199 2204 4251 in

639 4296 852 4350 porcos.
900 4282 1106 4336 Poterit
1151 4295 1331 4338 autem
1363 4295 1416 4339 et
1446 4288 1511 4340 de
1543 4283 1742 4341 Judaeis
1783 4289 2039 4358 intelligi,
2074 4305 2208 4358 quos

641 4375 894 4444 dispersit
945 4377 998 4430 in
1040 4393 1252 4432 omnem
1291 4379 1565 4448 regionem
1618 4398 1632 4434 :
1684 4390 1736 4435 et
1783 4397 1929 4438 nunc
1974 4383 2207 4453 dispersi

2313 1922 2375 1974 δὲ
2406 1923 2490 1974 ὅτι
2543 1922 2574 1991 ἠ
2613 1921 2808 1990 Γραφὴ
2886 1920 3069 1982 ἀπλῶς
3120 1920 3218 1990 μὲν
3265 1923 3324 1972 τὸ
3375 1919 3507 1971 αὐτὸ
3540 1919 3704 1972 δοκεῖ.
3725 1919 3899 1985 λέγειν

2317 2012 2537 2083 πνεῦμα
2577 2014 2670 2065 καὶ
2699 2012 2913 2083 ψυχὴν,
2951 2011 3155 2082 κυρίως
3184 2010 3240 2063 δὲ
3281 2009 3620 2062 διαστέλλει·
3673 2008 3900 2077 ψυχικὸν

2321 2105 2422 2174 μὲν
2449 2105 2558 2173 γὰρ
2591 2102 2880 2174 ἄνθρωπον
2910 2102 3058 2170 λέγει
3083 2102 3174 2154 τὸν
3212 2102 3353 2155 κατὰ
3384 2101 3546 2170 φύσιν
3579 2099 3784 2165 ζῶντα,
3814 2099 3904 2153 καὶ

2316 2198 2676 2268 ἀνθρωπίνοις
2755 2197 3036 2264 λογισμοῖς
3107 2194 3516 2265 διοικούμενον,
3590 2190 3704 2246 οἷον
3773 2193 3899 2245 ὅταν

2316 2290 2476 2357 πεινᾷ
2495 2330 2510 2354 ,
2541 2287 2792 2340 ἐσθίοντα
2817 2327 2834 2352 ,
2861 2285 2954 2339 τὸν
2981 2285 3176 2356 ἐχθρὸν
3219 2283 3483 2356 μισοῦντα
3505 2326 3520 2349 ,
3549 2286 3645 2336 καὶ
3680 2283 3867 2343 ἁπλῶς
3887 2321 3901 2348 ,

2319 2381 2482 2453 μηδὲν
2510 2381 2651 2450 ὑπὲρ
2699 2381 2861 2450 φύσιν
2910 2379 3353 2450 φανταζόμενον
3402 2381 3776 2449 πνευματικὸν
3807 2380 3902 2442 δὲ,

2313 2475 2402 2528 τὸν
2447 2475 2872 2544 ὑπεραναϐάντα
2910 2474 3038 2536 τοὺς
3088 2473 3186 2542 τῆς
3240 2473 3456 2541 φύσεως
3513 2474 3750 2541 νόμους,
3809 2474 3903 2524 κεῖ.

2318 2565 2488 2635 μηδὲν
2539 2563 2880 2634 ἀνθρώπινον
2937 2567 3276 2636 φρονοῦνταο
3332 2566 3425 2620 καὶ
3481 2565 3625 2633 αῦτη
3670 2565 3823 2620 ἐστὶν
3869 2567 3899 2631 ἡ

2313 2659 2548 2729 διαφορά
2581 2658 2760 2728 ψυχῆς
2807 2660 2900 2711 καὶ
2949 2656 3258 2727 πνεύματος
3292 2658 3347 2708 ἐν
3377 2659 3443 2726 τῇ
3498 2657 3694 2726 Γραφῇ
3718 2672 3730 2684 ·
3763 2657 3902 2726 τάχα

2314 2751 2371 2804 δὲ
2404 2751 2579 2822 ἰατροὶ
2622 2750 2796 2811 ἄλλως
2828 2748 3001 2802 ταῦτα
3035 2747 3403 2819 διακρίνουσιν
3423 2763 3438 2780 ⁸
3462 2747 3578 2802 ἀλλ’
3612 2750 3748 2818 ημῖν
3801 2747 3897 2815 τῆς

2315 2843 2540 2912 Γραφῆς
2573 2842 2761 2911 μέλει·
2803 2842 2978 2910 ἰατροὶ
3012 2841 3070 2894 δὲ
3109 2840 3537 2911 φθειρέσθωσαν.

2390 2951 2407 2982 ι
2465 2932 2720 3001 Ἐποίησε
2769 2932 2969 3002 κράτος
3002 2933 3062 2984 ἐν
3106 2931 3350 3004 βραχίονι
3397 2931 3600 2984 αὐτοῦ·
3648 2929 3896 2997 διεσκόρ-

2312 3038 2472 3074 πισεν
2501 3022 2888 3091 ὑπερηφάνους
2916 3021 3126 3093 διανοίᾳ.
3152 3022 3383 3092 καρδίας
3411 3021 3593 3075 αὐτῶν
3624 3039 3636 3050 ·
3677 3022 3897 3075 καθεῖλε

2311 3114 2578 3178 δυνάστας
2614 3116 2722 3167 ἀπὸ
2772 3115 2978 3186 θρόνων
3003 3157 3018 3181 ,
3061 3117 3155 3169 καὶ
3198 3114 3383 3184 ῦψωσε
3412 3114 3740 3177 ταπεινούς·
3777 3130 3894 3166 πει-

2317 3207 2523 3270 νῶντας
2579 3207 2874 3276 ἐνέπλησεν
2926 3205 3186 3274 ἀγαθῶν,
3237 3207 3333 3260 καὶ
3397 3205 3767 3268 πλουτοῦντας
3813 3204 3898 3268 ἐξ·

2318 3299 2603 3354 απέστειλε
2634 3299 2826 3362 κενούς
2851 3314 2864 3329 °
2887 3298 3211 3353 ἀντελάϐετο
3241 3299 3458 3371 Ἰσραὴλ
3487 3299 3681 3362 παιὶδς
3705 3299 3894 3363 αὑτοῦ,

2322 3390 2629 3460 μνησθῆναι
2683 3390 2905 3454 ἐλέους,
2957 3388 3142 3453 καθὼς
3193 3389 3422 3461 ἐλάλησα
3457 3391 3594 3462 πρὸς
3636 3394 3765 3454 τοὺς
3798 3408 3899 3443 παρ

2313 3483 2478 3552 τέρας
2521 3480 2678 3552 ἡμῶν
2711 3480 2788 3551 τῷ
2831 3480 3084 3552 Ἀϐραὰμ
3123 3483 3217 3536 καὶ
3246 3481 3323 3553 τῷ
3365 3484 3648 3553 σπέρματι
3691 3485 3891 3545 αὑτοῦ,

2314 3577 2394 3637 είς
2449 3574 2540 3627 τὸν
2591 3574 2786 3628 αἰῶνα.
2813 3575 3035 3644 Ἔμεινε
3085 3575 3142 3628 δὲ
3179 3576 3414 3646 Μαριὰμ
3457 3577 3555 3628 σὺν
3588 3576 3729 3647 αὐτῇ
3764 3577 3894 3628 ὡσεὶ

2317 3669 2492 3737 μῆνας
2518 3670 2690 3739 τρεῖς.
2723 3667 2827 3721 Καὶ
2858 3669 3199 3740 ὑπέστρεψεν
3233 3672 3313 3732 είς
3338 3671 3427 3723 τὸν
3451 3667 3601 3723 οἷκον
3636 3672 3826 3742 αὐτῆς.
3865 3691 3886 3725 ι

2312 3760 2562 3830 Βραχίων
2597 3760 2690 3813 τοῦ
2723 3762 2956 3831 Πατρός,
2987 3763 3014 3814 ὁ
3041 3761 3188 3826 Υίός.
3241 3763 3529 3831 Ἐποίησεν
3564 3759 3660 3816 οῦν
3697 3766 3892 3834 κράτος

2313 3855 2407 3906 καὶ
2454 3853 2684 3922 δύναμιν
2721 3853 2867 3907 κατά
2913 3853 3014 3923 τῆς
3048 3854 3266 3922 φύσεως
3331 3855 3360 3905 ὁ
3401 3854 3534 3916 Θεὸς
3572 3857 3670 3908 καὶ
3705 3857 3894 3926 Πατὴρ

2312 3946 2369 3998 ἐν
2401 3944 2476 4013 τῷ
2503 3944 2615 4014 Υίῷ
2667 3945 2855 3999 αὑτοῦ.
2905 3944 3287 4014 Σαρκωθέντος
3341 3945 3448 4014 γάρ
3481 3945 3580 3999 τοῦ
3615 3946 3748 4001 Υιοῦ
3769 3990 3784 4014 ,
3813 3950 3894 3999 έν-

2311 4035 2493 4106 ηκήθη
2525 4038 2557 4106 ἡ
2593 4035 2782 4106 φύσις,
2814 4036 3085 4106 παρθένου
3111 4036 3409 4108 τεκούσης,
3443 4037 3580 4091 Θεοῦ
3613 4039 3894 4109 ἀνθρωπι-

2314 4127 2554 4192 σθέντος,
2605 4125 2895 4196 ἀνθρώπου
2949 4127 3278 4192 θεωθέντοςο
3320 4128 3417 4182 καὶ
3457 4129 3837 4199 διεσκόρπισεν
3868 4134 3896 4183 ό

2310 4219 2515 4291 Κύριος
2545 4221 2669 4283 τοὺς
2700 4219 3086 4289 ὑπερηφάνους
3111 4219 3393 4289 δαίμονας.
3418 4220 3668 4275 ἐκϐαλὼν
3698 4224 3894 4285 αὐτοὺς

2310 4311 2418 4364 ἀπὸ
2462 4310 2568 4362 τῶν
2604 4310 2960 4380 ἀνθρωπίνων
3003 4310 3190 4380 ψυχῶν
3213 4327 3226 4342 ο
3264 4313 3359 4364 καί
3402 4311 3496 4374 οὓς
3534 4312 3637 4382 μὲν
3693 4315 3773 4377 είς
3796 4313 3891 4382 τὴν

2311 4405 2546 4460 ἄϐυσσον
2578 4403 2823 4474 πέμψας,
2861 4403 2953 4466 οὓς
2982 4403 3039 4456 δὲ
3095 4402 3174 4465 είς
3204 4403 3330 4466 τοὺς
3371 4403 3608 4474 χοίρους.
3661 4404 3887 4459 Δύναται

640 4478 784 4521 sunt.
835 4468 1003 4524 Porro
1059 4472 1290 4526 detraxit
1343 4475 1506 4528 etiam
1551 4485 1797 4544 potente.
1841 4477 1906 4531 de
1953 4477 2205 4544 sedibus,

2316 4498 2367 4551 δὲ
2400 4499 2491 4552 καὶ
2529 4468 2790 4566 περὶ-τῶν
2836 4495 3105 4549 Ἰουδαίων
3143 4468 3422 4565 νοηθῆναι,
3451 4468 3546 4560 οὓς
3580 4498 3890 4568 διεσκόρπι-

641 4559 909 4616 damiones
937 4562 1096 4627 dico,
1133 4566 1222 4632 qui
1261 4575 1448 4619 contra
1490 4567 1737 4623 homines
1772 4569 2165 4637 praevaluerant
2189 4611 2206 4638 ,

643 4660 698 4705 et
733 4655 885 4707 sedes
924 4655 976 4706 in
1031 4653 1286 4711 humanis
1334 4657 1602 4711 habebant
1637 4660 1980 4726 pectoribus,
2015 4661 2067 4715 in
2104 4663 2209 4719 illis

648 4745 1070 4812 requiescentes.
1103 4744 1242 4800 Sunt
1267 4756 1324 4801 et
1355 4745 1614 4803 Pharisaei
1647 4759 1914 4818 potentes,
1951 4754 2208 4810 nimirum

644 4847 707 4887 ea
760 4849 877 4902 qua:
910 4850 1247 4904 pauperum,
1282 4839 1634 4909 diripientes,
1690 4850 1744 4895 et
1793 4843 2079 4900 cathedras
2115 4845 2211 4900 ba-

644 4925 774 4980 bent
813 4937 869 4980 ut
901 4929 1183 4993 doctores,
1221 4946 1248 4984 a
1284 4933 1481 5001 quibus
1511 4933 1739 5003 depositi
1771 4945 1918 4989 sunt.
1957 4937 2023 4990 Et
2062 4937 2212 4993 exal-

647 5021 776 5070 tavit
807 5019 1056 5085 humiles,
1100 5022 1340 5079 homines
1373 5040 1508 5093 quos
1551 5026 1864 5082 humiliarat
1891 5039 2170 5097 peccatum
2192 5069 2209 5094 ,

647 5109 729 5162 vel
762 5120 967 5179 gentes.
1015 5114 1278 5168 Exaltavit
1305 5127 1481 5171 autem
1521 5118 1786 5187 adoptatis
1820 5119 1923 5175 illis
1955 5120 2005 5175 in
2051 5122 2206 5177 ﬁlios.

649 5195 812 5268 Igitur
851 5203 992 5258 sicut
1021 5215 1074 5258 et
1120 5209 1425 5261 esurientes
1452 5209 1633 5265 dicere
1671 5211 1795 5266 licet
1827 5215 2042 5269 eosdem
2075 5231 2208 5286 gen-

647 5293 797 5360 tiles,
847 5303 1034 5363 utpote
1067 5315 1168 5353 nun
1207 5301 1466 5356 habentes
1505 5303 1585 5356 vel
1631 5303 1969 5374 Scripturas,
2016 5309 2099 5362 vel
2133 5309 2209 5363 le-

645 5397 784 5455 gem,
831 5387 914 5442 vel
948 5391 1218 5457 mandata,
1255 5407 1388 5463 quos
1433 5394 1673 5463 implevit
1707 5397 1859 5451 bonis
1903 5397 2211 5470 Scriptura-

648 5489 766 5530 rum
801 5495 813 5531 :
860 5479 927 5532 ita
962 5491 1016 5535 et
1055 5480 1268 5540 Judaeos
1299 5486 1490 5541 divites
1532 5494 1586 5541 et
1616 5487 1669 5541 in
1699 5488 1830 5559 lege,
1879 5506 1941 5545 ac
1973 5491 2024 5544 in
2061 5509 2210 5546 man-

645 5565 806 5635 datis,
831 5586 966 5640 quos
993 5575 1155 5630 etiam
1183 5576 1361 5633 emisit
1385 5588 1538 5634 extra
1565 5589 1831 5636 terrenam
1856 5590 1909 5637 et
1932 5583 2207 5641 cmlestem

717 5744 738 5776 '
773 5745 792 5800 l
842 5746 972 5806 Cor.
1006 5767 1071 5819 tt,
1111 5753 1199 5808 15.

2314 4608 2406 4643 σεν
2435 4592 2513 4654 εἰς
2558 4591 2738 4643 πᾶσαν
2777 4590 2997 4659 χώραν,
3033 4590 3128 4642 καὶ
3165 4589 3262 4642 νῦν
3300 4589 3699 4661 διεσπαρμένοι
3736 4591 3839 4644 εἰσί
3864 4608 3878 4621 ⁸

2312 4681 2530 4734 καθεῖλε
2564 4681 2621 4733 δέ
2654 4681 2748 4733 καὶ
2774 4680 3040 4743 δυνάστας
3071 4679 3182 4733 ἀπὸ
3211 4679 3444 4751 θρόνων,
3472 4682 3601 4743 τοὺς
3631 4683 3884 4754 δαίμονας

2311 4774 2456 4840 λέγω
2477 4812 2491 4835 ,
2549 4773 2598 4825 οἳ
2629 4772 3092 4826 κατεδυνάστευον
3116 4771 3226 4826 τῶν
3261 4773 3564 4843 ἀνθρώπων
3584 4816 3600 4839 ,
3635 4779 3735 4830 καὶ
3769 4778 3886 4849 θρό-

2316 4881 2440 4927 νους
2472 4861 2619 4933 εἶχον
2657 4864 2757 4926 τὰς
2800 4864 3150 4932 ἀνθρωπίνας
3187 4865 3394 4936 ψυχὰς,
3437 4868 3495 4920 ἐν
3534 4869 3732 4932 αὐταῖς
3762 4872 3888 4924 ἀνα-

2318 4957 2615 5026 παυόμενοι
2642 4972 2652 4984 ·
2687 4955 2820 5009 ἀλλά
2843 4957 2939 5009 καὶ
2968 4957 3016 5009 οἱ
3041 4959 3325 5028 Φαρισαῖοι
3384 4958 3687 5024 δυνάσται,ἶ
3715 4963 3791 5024 ὡς
3823 4962 3888 5014 τὰ

2313 5049 2420 5100 τῶν
2451 5048 2680 5116 πτωχῶν
2712 5048 3183 5119 καθαρπάζοντες,
3220 5050 3442 5121 θρόνους
3466 5051 3521 5102 δὲ
3551 5052 3791 5120 ἔχοντες,
3817 5052 3888 5114 ὡς

2317 5139 2663 5203 διδάσκαλοι,
2716 5141 2808 5208 ἀφ’
2846 5134 2920 5193 ὧν
2969 5140 3356 5215 καθῃρέθησαν
3383 5160 3396 5172 ·
3433 5142 3529 5195 καὶ⁵
3561 5142 3751 5214 ὕψωσε
3795 5161 3888 5198 τα-

2319 5229 2539 5290 πεινοὺς
2599 5229 2723 5291 τοὺς
2755 5228 3100 5298 ἀνθρώπους,
3131 5229 3226 5294 οὒς
3255 5231 3619 5285 ἐταπείνωσεν
3649 5235 3682 5304 ἡ
3720 5236 3891 5305 ἀμαρ-

2311 5321 2420 5385 τία,
2447 5320 2480 5389 ἢ
2511 5319 2578 5373 τὰ
2603 5320 2732 5390 ἔθνη
2753 5335 2767 5351 ⁸
2800 5321 2982 5390 ὔψωσε
3002 5323 3110 5394 γὰρ
3127 5323 3323 5390 ταῦτα,
3353 5324 3627 5378 υἱοθεσίαν
3661 5328 3886 5397 χαρισά-

2315 5427 2472 5478 μενος
2495 5411 2698 5474 αὑτοῖς.
2727 5413 2939 5482 Ὥσπερ
2963 5413 3054 5467 οῦν
3077 5415 3171 5470 καὶ
3197 5416 3498 5479 πεινῶντας
3517 5420 3644 5480 τοὺς
3668 5420 3881 5482 αὖτοῂ.

2311 5501 2437 5563 τοὺς
2462 5501 2520 5565 ἐξ
2544 5503 2714 5556 ἐθνῶν
2739 5505 2899 5572 λέγω·
2923 5506 2984 5558 οὑ
3003 5507 3110 5577 γάρ
3128 5504 3274 5579 εἶχον
3305 5509 3550 5578 Γραφάς,
3581 5512 3616 5580 ἣ
3637 5512 3824 5582 νόμον,
3855 5513 3884 5580 ἦ

2310 5590 2530 5656 ἐντολάς
2552 5605 2565 5620 '
2591 5593 2885 5664 ἐνέπλησεν
2931 5596 3152 5664 ἀγαθῶν
3187 5598 3294 5652 τῶν
3337 5598 3654 5669 Γραφικῶν,
3683 5603 3807 5665 τοὺς
3835 5600 3885 5651 ξι
