  <div class='ocr_page' id='page_1' title='image "/cluster/home/n/w/nwhite01/storage/ocr_20150623/123/pst.000005714384/378.png"; bbox 0 0 4108 6334; ppageno 0'>
   <div class='ocr_carea' id='block_1_1' title="bbox 178 400 290 463">
    <p class='ocr_par' dir='ltr' id='par_1_1' title="bbox 178 400 290 463">
     <span class='ocr_line' id='line_1_1' title="bbox 178 400 290 463; baseline -0.009 0"><span class='ocrx_word' id='word_1_1' title='bbox 178 400 290 463; x_wconf 72' lang='grc' dir='ltr'><strong>Ἧ3</strong></span> 
     </span>
    </p>
   </div>
   <div class='ocr_carea' id='block_1_2' title="bbox 929 383 2719 455">
    <p class='ocr_par' dir='ltr' id='par_1_2' title="bbox 929 383 2719 455">
     <span class='ocr_line' id='line_1_2' title="bbox 929 383 2719 455; baseline -0.006 0"><span class='ocrx_word' id='word_1_2' title='bbox 929 383 1377 455; x_wconf 72' lang='grc' dir='ltr'><strong>ΕΝΑΒ-ΗΑΤῙΟ</strong></span> <span class='ocrx_word' id='word_1_3' title='bbox 1417 391 1497 451; x_wconf 83' lang='grc' dir='ltr'><strong>ΙΝ</strong></span> <span class='ocrx_word' id='word_1_4' title='bbox 1539 385 2042 452; x_wconf 76' lang='lat' dir='ltr'><strong>EVANGELIUM</strong></span> <span class='ocrx_word' id='word_1_5' title='bbox 2082 383 2320 447; x_wconf 60' lang='lat' dir='ltr'><strong>LUCIE.</strong></span> <span class='ocrx_word' id='word_1_6' title='bbox 2360 411 2422 420; x_wconf 84' lang='grc'><strong>--</strong></span> <span class='ocrx_word' id='word_1_7' title='bbox 2457 385 2615 445; x_wconf 81' lang='lat' dir='ltr'><strong>CAP.</strong></span> <span class='ocrx_word' id='word_1_8' title='bbox 2665 384 2719 444; x_wconf 92' lang='grc' dir='ltr'><strong>Ι.</strong></span> 
     </span>
    </p>
   </div>
   <div class='ocr_carea' id='block_1_3' title="bbox 3363 383 3469 448">
    <p class='ocr_par' dir='ltr' id='par_1_3' title="bbox 3363 383 3469 448">
     <span class='ocr_line' id='line_1_3' title="bbox 3363 383 3469 448; baseline -0.019 0"><span class='ocrx_word' id='word_1_9' title='bbox 3363 383 3469 448; x_wconf 75' lang='grc' dir='ltr'><strong>7η</strong></span> 
     </span>
    </p>
   </div>
   <div class='ocr_carea' id='block_1_4' title="bbox 182 496 1772 576">
    <p class='ocr_par' dir='ltr' id='par_1_4' title="bbox 182 502 1769 576">
     <span class='ocr_line' id='line_1_4' title="bbox 182 502 1769 576; baseline -0.006 -12"><span class='ocrx_word' id='word_1_10' title='bbox 182 510 556 573; x_wconf 77' lang='grc' dir='ltr'><strong>πλουτοῦντας</strong></span> <span class='ocrx_word' id='word_1_11' title='bbox 607 509 891 571; x_wconf 75' lang='grc' dir='ltr'>Ἰουδαῖους</span> <span class='ocrx_word' id='word_1_12' title='bbox 920 546 936 571; x_wconf 88' lang='grc'><strong>,</strong></span> <span class='ocrx_word' id='word_1_13' title='bbox 992 507 1048 559; x_wconf 74' lang='grc' dir='ltr'>ἐν</span> <span class='ocrx_word' id='word_1_14' title='bbox 1075 523 1133 558; x_wconf 84' lang='grc' dir='ltr'><strong>τε</strong></span> <span class='ocrx_word' id='word_1_15' title='bbox 1167 506 1316 576; x_wconf 82' lang='grc' dir='ltr'>νόμῳ</span> <span class='ocrx_word' id='word_1_16' title='bbox 1360 505 1452 557; x_wconf 69' lang='grc' dir='ltr'><strong>καὶ</strong></span> <span class='ocrx_word' id='word_1_17' title='bbox 1494 502 1769 566; x_wconf 79' lang='grc' dir='ltr'>ἐντολαῖς,</span> 
     </span>
    </p>
   </div>
   <div class='ocr_carea' id='block_1_5' title="bbox 1882 496 3484 576">
    <p class='ocr_par' dir='ltr' id='par_1_5' title="bbox 1883 496 3484 566">
     <span class='ocr_line' id='line_1_5' title="bbox 1883 496 3484 566; baseline 0.002 -15"><span class='ocrx_word' id='word_1_18' title='bbox 1883 497 2184 552; x_wconf 81' lang='lat' dir='ltr'><strong>Jerusalem</strong></span> <span class='ocrx_word' id='word_1_19' title='bbox 2239 499 2431 566; x_wconf 80' lang='lat' dir='ltr'><strong>quovis</strong></span> <span class='ocrx_word' id='word_1_20' title='bbox 2463 497 2606 552; x_wconf 88' lang='lat' dir='ltr'><strong>bono</strong></span> <span class='ocrx_word' id='word_1_21' title='bbox 2653 496 2846 550; x_wconf 86' lang='lat' dir='ltr'><strong>inanes</strong></span> <span class='ocrx_word' id='word_1_22' title='bbox 2882 514 2894 550; x_wconf 87' lang='lat'>:</span> <span class='ocrx_word' id='word_1_23' title='bbox 2939 497 3070 552; x_wconf 82' lang='lat' dir='ltr'><strong>nihil</strong></span> <span class='ocrx_word' id='word_1_24' title='bbox 3101 498 3244 554; x_wconf 89' lang='lat' dir='ltr'><strong>enim</strong></span> <span class='ocrx_word' id='word_1_25' title='bbox 3279 499 3484 557; x_wconf 84' lang='lat' dir='ltr'><strong>habent</strong></span> 
     </span>
    </p>
   </div>
   <div class='ocr_carea' id='block_1_6' title="bbox 182 597 1775 672">
    <p class='ocr_par' dir='ltr' id='par_1_6' title="bbox 182 597 1775 672">
     <span class='ocr_line' id='line_1_6' title="bbox 182 597 1775 672; baseline -0.006 -17"><span class='ocrx_word' id='word_1_26' title='bbox 182 603 570 671; x_wconf 66' lang='grc' dir='ltr'>ἰξαπέστειλεν</span> <span class='ocrx_word' id='word_1_27' title='bbox 600 603 706 668; x_wconf 79' lang='grc' dir='ltr'><strong>ἔξω</strong></span> <span class='ocrx_word' id='word_1_28' title='bbox 731 603 832 671; x_wconf 79' lang='grc' dir='ltr'>τῆς</span> <span class='ocrx_word' id='word_1_29' title='bbox 876 598 1260 672; x_wconf 76' lang='grc' dir='ltr'>Ἰερουσαλὴμ,</span> <span class='ocrx_word' id='word_1_30' title='bbox 1292 597 1389 650; x_wconf 74' lang='grc' dir='ltr'>καὶ</span> <span class='ocrx_word' id='word_1_31' title='bbox 1414 597 1514 664; x_wconf 82' lang='grc' dir='ltr'>τῆς</span> <span class='ocrx_word' id='word_1_32' title='bbox 1545 597 1657 649; x_wconf 82' lang='grc' dir='ltr'><strong>ἅνω</strong></span> <span class='ocrx_word' id='word_1_33' title='bbox 1684 597 1775 646; x_wconf 77' lang='grc' dir='ltr'><strong>καὶ</strong></span> 
     </span>
    </p>
   </div>
   <div class='ocr_carea' id='block_1_7' title="bbox 182 687 1776 765">
    <p class='ocr_par' dir='ltr' id='par_1_7' title="bbox 182 687 1776 765">
     <span class='ocr_line' id='line_1_7' title="bbox 182 687 1776 765; baseline -0.006 -19"><span class='ocrx_word' id='word_1_34' title='bbox 182 695 286 765; x_wconf 79' lang='grc' dir='ltr'>τῆς</span> <span class='ocrx_word' id='word_1_35' title='bbox 315 694 486 758; x_wconf 81' lang='grc' dir='ltr'>κάτω,</span> <span class='ocrx_word' id='word_1_36' title='bbox 523 694 715 758; x_wconf 82' lang='grc' dir='ltr'>κενοὺς</span> <span class='ocrx_word' id='word_1_37' title='bbox 747 693 949 756; x_wconf 80' lang='grc' dir='ltr'>παντὸς</span> <span class='ocrx_word' id='word_1_38' title='bbox 977 691 1186 761; x_wconf 81' lang='grc' dir='ltr'><strong>ἀγαθοῦ</strong></span> <span class='ocrx_word' id='word_1_39' title='bbox 1216 707 1228 721; x_wconf 93' lang='grc'><strong>·</strong></span> <span class='ocrx_word' id='word_1_40' title='bbox 1267 689 1418 742; x_wconf 79' lang='grc' dir='ltr'>οὐδὲν</span> <span class='ocrx_word' id='word_1_41' title='bbox 1451 689 1558 757; x_wconf 82' lang='grc' dir='ltr'>γὰρ</span> <span class='ocrx_word' id='word_1_42' title='bbox 1593 687 1776 756; x_wconf 79' lang='grc' dir='ltr'>ἔχουσι</span> 
     </span>
    </p>
   </div>
   <div class='ocr_carea' id='block_1_8' title="bbox 182 781 1778 856">
    <p class='ocr_par' dir='ltr' id='par_1_8' title="bbox 182 781 1778 856">
     <span class='ocr_line' id='line_1_8' title="bbox 182 781 1778 856; baseline -0.003 -18"><span class='ocrx_word' id='word_1_43' title='bbox 182 788 284 841; x_wconf 82' lang='grc' dir='ltr'>νῦν</span> <span class='ocrx_word' id='word_1_44' title='bbox 317 791 364 842; x_wconf 79' lang='lat' dir='ltr'><strong>oi</strong></span> <span class='ocrx_word' id='word_1_45' title='bbox 421 789 682 853; x_wconf 81' lang='grc' dir='ltr'>Ἰουδαῖοι,</span> <span class='ocrx_word' id='word_1_46' title='bbox 727 790 832 842; x_wconf 84' lang='grc' dir='ltr'><strong>κᾶν</strong></span> <span class='ocrx_word' id='word_1_47' title='bbox 861 787 1096 842; x_wconf 79' lang='grc' dir='ltr'><strong>δοκῶσιν</strong></span> <span class='ocrx_word' id='word_1_48' title='bbox 1135 785 1281 856; x_wconf 75' lang='grc' dir='ltr'>ἔχειν</span> <span class='ocrx_word' id='word_1_49' title='bbox 1313 798 1325 813; x_wconf 84' lang='grc'><em>’</em></span> <span class='ocrx_word' id='word_1_50' title='bbox 1362 781 1694 836; x_wconf 77' lang='grc' dir='ltr'>ἀντελάσετο</span> <span class='ocrx_word' id='word_1_51' title='bbox 1722 781 1778 834; x_wconf 78' lang='grc' dir='ltr'>δὲ</span> 
     </span>
    </p>
   </div>
   <div class='ocr_carea' id='block_1_9' title="bbox 195 875 1779 951">
    <p class='ocr_par' dir='ltr' id='par_1_9' title="bbox 195 875 1779 951">
     <span class='ocr_line' id='line_1_9' title="bbox 195 875 1779 951; baseline -0.005 -18"><span class='ocrx_word' id='word_1_52' title='bbox 195 880 415 951; x_wconf 76' lang='grc' dir='ltr'>Ἰσραὴλ</span> <span class='ocrx_word' id='word_1_53' title='bbox 439 881 628 944; x_wconf 80' lang='grc' dir='ltr'>παιδὸς</span> <span class='ocrx_word' id='word_1_54' title='bbox 659 880 848 945; x_wconf 77' lang='grc' dir='ltr'>αὑτοῦ,</span> <span class='ocrx_word' id='word_1_55' title='bbox 878 881 911 951; x_wconf 80' lang='grc' dir='ltr'><strong>ἢ</strong></span> <span class='ocrx_word' id='word_1_56' title='bbox 944 880 1073 947; x_wconf 70' lang='grc' dir='ltr'>περὶ</span> <span class='ocrx_word' id='word_1_57' title='bbox 1105 878 1215 931; x_wconf 84' lang='grc' dir='ltr'>τῶν</span> <span class='ocrx_word' id='word_1_58' title='bbox 1247 875 1528 945; x_wconf 75' lang='grc' dir='ltr'><strong>αἰσθητῶν</strong></span> <span class='ocrx_word' id='word_1_59' title='bbox 1564 875 1779 943; x_wconf 84' lang='grc' dir='ltr'>Ἰσραη-</span> 
     </span>
    </p>
   </div>
   <div class='ocr_carea' id='block_1_10' title="bbox 181 966 1777 1040">
    <p class='ocr_par' dir='ltr' id='par_1_10' title="bbox 181 966 1777 1040">
     <span class='ocr_line' id='line_1_10' title="bbox 181 966 1777 1040; baseline -0.004 -18"><span class='ocrx_word' id='word_1_60' title='bbox 181 970 348 1024; x_wconf 82' lang='grc' dir='ltr'><strong>λιτῶν</strong></span> <span class='ocrx_word' id='word_1_61' title='bbox 385 971 554 1037; x_wconf 76' lang='grc' dir='ltr'>λέγει.</span> <span class='ocrx_word' id='word_1_62' title='bbox 587 969 792 1024; x_wconf 76' lang='grc' dir='ltr'>Πολλαὶ</span> <span class='ocrx_word' id='word_1_63' title='bbox 839 970 945 1040; x_wconf 85' lang='grc' dir='ltr'>γὰρ</span> <span class='ocrx_word' id='word_1_64' title='bbox 975 969 1065 1022; x_wconf 77' lang='grc' dir='ltr'><strong>καὶ</strong></span> <span class='ocrx_word' id='word_1_65' title='bbox 1095 971 1157 1021; x_wconf 83' lang='grc' dir='ltr'>ὲκ</span> <span class='ocrx_word' id='word_1_66' title='bbox 1189 967 1396 1020; x_wconf 73' lang='grc' dir='ltr'>τούτων</span> <span class='ocrx_word' id='word_1_67' title='bbox 1445 966 1777 1018; x_wconf 74' lang='grc' dir='ltr'>ἐπίστευσαν</span> 
     </span>
    </p>
   </div>
   <div class='ocr_carea' id='block_1_11' title="bbox 183 1057 1779 1130">
    <p class='ocr_par' dir='ltr' id='par_1_11' title="bbox 183 1057 1779 1130">
     <span class='ocr_line' id='line_1_11' title="bbox 183 1057 1779 1130; baseline -0.003 -18"><span class='ocrx_word' id='word_1_68' title='bbox 183 1060 466 1128; x_wconf 73' lang='grc' dir='ltr'>μυριάδες,</span> <span class='ocrx_word' id='word_1_69' title='bbox 505 1062 597 1112; x_wconf 76' lang='grc' dir='ltr'><strong>καὶ</strong></span> <span class='ocrx_word' id='word_1_70' title='bbox 631 1059 923 1130; x_wconf 76' lang='grc' dir='ltr'><strong>ἐπληρώθη</strong></span> <span class='ocrx_word' id='word_1_71' title='bbox 951 1063 982 1129; x_wconf 78' lang='grc' dir='ltr'>ἡ</span> <span class='ocrx_word' id='word_1_72' title='bbox 1019 1059 1155 1129; x_wconf 84' lang='grc' dir='ltr'>πρὸς</span> <span class='ocrx_word' id='word_1_73' title='bbox 1183 1060 1273 1110; x_wconf 75' lang='grc' dir='ltr'>τὸν</span> <span class='ocrx_word' id='word_1_74' title='bbox 1326 1057 1579 1126; x_wconf 75' lang='grc' dir='ltr'>Ἀϐραὰμ</span> <span class='ocrx_word' id='word_1_75' title='bbox 1609 1059 1779 1123; x_wconf 76' lang='grc' dir='ltr'>ἐπαγ-</span> 
     </span>
    </p>
   </div>
   <div class='ocr_carea' id='block_1_12' title="bbox 181 1147 1779 1221">
    <p class='ocr_par' dir='ltr' id='par_1_12' title="bbox 181 1147 1779 1221">
     <span class='ocr_line' id='line_1_12' title="bbox 181 1147 1779 1221; baseline 0.001 -21"><span class='ocrx_word' id='word_1_76' title='bbox 181 1150 365 1216; x_wconf 76' lang='grc' dir='ltr'>γελία,</span> <span class='ocrx_word' id='word_1_77' title='bbox 411 1152 656 1211; x_wconf 70' lang='grc' dir='ltr'>εἰπόντος</span> <span class='ocrx_word' id='word_1_78' title='bbox 711 1151 844 1221; x_wconf 79' lang='grc' dir='ltr'>πρὸς</span> <span class='ocrx_word' id='word_1_79' title='bbox 898 1149 1061 1204; x_wconf 73' lang='grc' dir='ltr'>αὑτὸν</span> <span class='ocrx_word' id='word_1_80' title='bbox 1106 1149 1198 1202; x_wconf 78' lang='grc' dir='ltr'>τοῦ</span> <span class='ocrx_word' id='word_1_81' title='bbox 1234 1149 1404 1215; x_wconf 79' lang='grc' dir='ltr'>Θεοῦ,</span> <span class='ocrx_word' id='word_1_82' title='bbox 1449 1150 1532 1202; x_wconf 85' lang='grc' dir='ltr'><strong>ὅτι</strong></span> <span class='ocrx_word' id='word_1_83' title='bbox 1580 1147 1671 1203; x_wconf 85' lang='grc' dir='ltr'>Ἐν</span> <span class='ocrx_word' id='word_1_84' title='bbox 1699 1149 1779 1219; x_wconf 82' lang='grc' dir='ltr'>τῷ</span> 
     </span>
    </p>
   </div>
   <div class='ocr_carea' id='block_1_13' title="bbox 182 1243 1780 1313">
    <p class='ocr_par' dir='ltr' id='par_1_13' title="bbox 182 1243 1780 1313">
     <span class='ocr_line' id='line_1_13' title="bbox 182 1243 1780 1313; baseline 0.001 -20"><span class='ocrx_word' id='word_1_85' title='bbox 182 1243 465 1312; x_wconf 76' lang='grc' dir='ltr'>σπέρματι</span> <span class='ocrx_word' id='word_1_86' title='bbox 518 1260 612 1296; x_wconf 84' lang='grc' dir='ltr'><strong>σου</strong></span> <span class='ocrx_word' id='word_1_87' title='bbox 646 1243 1107 1313; x_wconf 68' lang='grc' dir='ltr'><strong>εὐλογηθήσονται</strong></span> <span class='ocrx_word' id='word_1_88' title='bbox 1143 1245 1316 1296; x_wconf 73' lang='grc' dir='ltr'>πᾶσαι</span> <span class='ocrx_word' id='word_1_89' title='bbox 1360 1244 1416 1295; x_wconf 77' lang='grc' dir='ltr'>αἱ</span> <span class='ocrx_word' id='word_1_90' title='bbox 1465 1243 1632 1309; x_wconf 71' lang='grc' dir='ltr'>φυλαὶ</span> <span class='ocrx_word' id='word_1_91' title='bbox 1676 1243 1780 1311; x_wconf 79' lang='grc' dir='ltr'>τῆς</span> 
     </span>
    </p>
   </div>
   <div class='ocr_carea' id='block_1_14' title="bbox 179 1333 1779 1408">
    <p class='ocr_par' dir='ltr' id='par_1_14' title="bbox 179 1333 1779 1408">
     <span class='ocr_line' id='line_1_14' title="bbox 179 1333 1779 1408; baseline -0.008 -9"><span class='ocrx_word' id='word_1_92' title='bbox 179 1336 308 1405; x_wconf 79' lang='grc' dir='ltr'>γῆς.</span> <span class='ocrx_word' id='word_1_93' title='bbox 360 1337 429 1388; x_wconf 84' lang='grc' dir='ltr'><strong>Ἤ</strong></span> <span class='ocrx_word' id='word_1_94' title='bbox 485 1337 579 1391; x_wconf 73' lang='grc' dir='ltr'>καὶ</span> <span class='ocrx_word' id='word_1_95' title='bbox 628 1333 883 1408; x_wconf 74' lang='grc' dir='ltr'>περὶτοῦ</span> <span class='ocrx_word' id='word_1_96' title='bbox 919 1335 1114 1406; x_wconf 80' lang='grc' dir='ltr'>νοητοῦ</span> <span class='ocrx_word' id='word_1_97' title='bbox 1169 1335 1388 1406; x_wconf 79' lang='grc' dir='ltr'>Ἰσραὴλ</span> <span class='ocrx_word' id='word_1_98' title='bbox 1433 1335 1584 1403; x_wconf 83' lang='grc' dir='ltr'>λέγει</span> <span class='ocrx_word' id='word_1_99' title='bbox 1627 1352 1639 1364; x_wconf 77' lang='grc'><em>’</em></span> <span class='ocrx_word' id='word_1_100' title='bbox 1671 1338 1779 1398; x_wconf 76' lang='grc' dir='ltr'>πᾶς</span> 
     </span>
    </p>
   </div>
   <div class='ocr_carea' id='block_1_15' title="bbox 180 1426 1778 1498">
    <p class='ocr_par' dir='ltr' id='par_1_15' title="bbox 180 1426 1778 1498">
     <span class='ocr_line' id='line_1_15' title="bbox 180 1426 1778 1498; baseline 0.001 -20"><span class='ocrx_word' id='word_1_101' title='bbox 180 1426 295 1496; x_wconf 85' lang='grc' dir='ltr'>γὰρ</span> <span class='ocrx_word' id='word_1_102' title='bbox 329 1430 357 1480; x_wconf 99' lang='lat'><strong>6</strong></span> <span class='ocrx_word' id='word_1_103' title='bbox 385 1427 528 1497; x_wconf 82' lang='grc' dir='ltr'>ὀρῶν</span> <span class='ocrx_word' id='word_1_104' title='bbox 555 1427 707 1492; x_wconf 77' lang='grc' dir='ltr'>Θεὸν,</span> <span class='ocrx_word' id='word_1_105' title='bbox 758 1427 976 1498; x_wconf 81' lang='grc' dir='ltr'>Ἰσραὴλ</span> <span class='ocrx_word' id='word_1_106' title='bbox 1004 1426 1224 1494; x_wconf 81' lang='grc' dir='ltr'>λέγεται</span> <span class='ocrx_word' id='word_1_107' title='bbox 1253 1467 1268 1488; x_wconf 83' lang='grc'><strong>,</strong></span> <span class='ocrx_word' id='word_1_108' title='bbox 1300 1427 1443 1480; x_wconf 78' lang='grc' dir='ltr'>οὕτω</span> <span class='ocrx_word' id='word_1_109' title='bbox 1471 1430 1578 1497; x_wconf 76' lang='grc' dir='ltr'><strong>γὰρ</strong></span> <span class='ocrx_word' id='word_1_110' title='bbox 1606 1429 1778 1498; x_wconf 77' lang='grc' dir='ltr'>ἑρμη-</span> 
     </span>
    </p>
   </div>
   <div class='ocr_carea' id='block_1_16' title="bbox 176 1517 1781 1589">
    <p class='ocr_par' dir='ltr' id='par_1_16' title="bbox 176 1517 1781 1589">
     <span class='ocr_line' id='line_1_16' title="bbox 176 1517 1781 1589; baseline 0.004 -23"><span class='ocrx_word' id='word_1_111' title='bbox 176 1517 471 1587; x_wconf 83' lang='grc' dir='ltr'>νευόμενον</span> <span class='ocrx_word' id='word_1_112' title='bbox 514 1517 574 1570; x_wconf 73' lang='grc' dir='ltr'>τὸ</span> <span class='ocrx_word' id='word_1_113' title='bbox 608 1518 781 1587; x_wconf 77' lang='grc' dir='ltr'>ὄνομα</span> <span class='ocrx_word' id='word_1_114' title='bbox 807 1520 977 1586; x_wconf 84' lang='grc' dir='ltr'>δηλοῖ,</span> <span class='ocrx_word' id='word_1_115' title='bbox 1029 1519 1209 1589; x_wconf 87' lang='grc' dir='ltr'><strong>Ὀρῶν</strong></span> <span class='ocrx_word' id='word_1_116' title='bbox 1233 1519 1386 1573; x_wconf 79' lang='grc' dir='ltr'>Θεόν.</span> <span class='ocrx_word' id='word_1_117' title='bbox 1427 1519 1781 1576; x_wconf 81' lang='grc' dir='ltr'>Ἀντελάὸετο</span> 
     </span>
    </p>
   </div>
   <div class='ocr_carea' id='block_1_17' title="bbox 173 1602 1782 1683">
    <p class='ocr_par' dir='ltr' id='par_1_17' title="bbox 173 1602 1782 1683">
     <span class='ocr_line' id='line_1_17' title="bbox 173 1602 1782 1683; baseline 0.005 -25"><span class='ocrx_word' id='word_1_118' title='bbox 173 1602 272 1659; x_wconf 73' lang='grc' dir='ltr'><strong>οὖν</strong></span> <span class='ocrx_word' id='word_1_119' title='bbox 322 1607 537 1663; x_wconf 86' lang='grc' dir='ltr'>τούτων</span> <span class='ocrx_word' id='word_1_120' title='bbox 589 1609 695 1663; x_wconf 86' lang='grc' dir='ltr'><strong>τῶν</strong></span> <span class='ocrx_word' id='word_1_121' title='bbox 753 1610 1007 1681; x_wconf 81' lang='grc' dir='ltr'>ὁρώντων</span> <span class='ocrx_word' id='word_1_122' title='bbox 1052 1612 1220 1672; x_wconf 74' lang='grc' dir='ltr'>Θεὸν,</span> <span class='ocrx_word' id='word_1_123' title='bbox 1256 1613 1336 1675; x_wconf 68' lang='grc' dir='ltr'>εἷς</span> <span class='ocrx_word' id='word_1_124' title='bbox 1390 1611 1488 1683; x_wconf 84' lang='grc' dir='ltr'>τὴν</span> <span class='ocrx_word' id='word_1_125' title='bbox 1526 1613 1782 1683; x_wconf 79' lang='grc' dir='ltr'>οὐράνιον</span> 
     </span>
    </p>
   </div>
   <div class='ocr_carea' id='block_1_18' title="bbox 176 1699 1779 1776">
    <p class='ocr_par' dir='ltr' id='par_1_18' title="bbox 176 1699 1779 1776">
     <span class='ocr_line' id='line_1_18' title="bbox 176 1699 1779 1776; baseline 0.004 -26"><span class='ocrx_word' id='word_1_126' title='bbox 176 1699 549 1772; x_wconf 78' lang='grc' dir='ltr'>κληρονομίαν</span> <span class='ocrx_word' id='word_1_127' title='bbox 579 1702 898 1771; x_wconf 84' lang='grc' dir='ltr'>ἀναγαγών.</span> <span class='ocrx_word' id='word_1_128' title='bbox 945 1704 1170 1775; x_wconf 80' lang='grc' dir='ltr'><strong>Ἔμεινε</strong></span> <span class='ocrx_word' id='word_1_129' title='bbox 1197 1704 1253 1757; x_wconf 83' lang='grc' dir='ltr'><strong>δὲ</strong></span> <span class='ocrx_word' id='word_1_130' title='bbox 1295 1704 1530 1776; x_wconf 82' lang='grc' dir='ltr'>Μαριὰμ</span> <span class='ocrx_word' id='word_1_131' title='bbox 1569 1708 1667 1758; x_wconf 76' lang='grc' dir='ltr'><strong>σὺν</strong></span> <span class='ocrx_word' id='word_1_132' title='bbox 1713 1709 1779 1775; x_wconf 83' lang='grc' dir='ltr'>τῇ</span> 
     </span>
    </p>
   </div>
   <div class='ocr_carea' id='block_1_19' title="bbox 191 1791 1776 1868">
    <p class='ocr_par' dir='ltr' id='par_1_19' title="bbox 191 1791 1776 1868">
     <span class='ocr_line' id='line_1_19' title="bbox 191 1791 1776 1868; baseline 0.001 -22"><span class='ocrx_word' id='word_1_133' title='bbox 191 1791 480 1846; x_wconf 76' lang='grc' dir='ltr'>Ἐλισάϐετ</span> <span class='ocrx_word' id='word_1_134' title='bbox 541 1794 672 1846; x_wconf 77' lang='grc' dir='ltr'>ὡσεὶ</span> <span class='ocrx_word' id='word_1_135' title='bbox 738 1798 916 1865; x_wconf 77' lang='grc' dir='ltr'>μῆνας</span> <span class='ocrx_word' id='word_1_136' title='bbox 980 1798 1159 1866; x_wconf 81' lang='grc' dir='ltr'><strong>τρεῖς,</strong></span> <span class='ocrx_word' id='word_1_137' title='bbox 1216 1791 1336 1852; x_wconf 79' lang='grc' dir='ltr'>εἶτα</span> <span class='ocrx_word' id='word_1_138' title='bbox 1411 1797 1776 1868; x_wconf 72' lang='grc' dir='ltr'>ὑπέστρεψεν.</span> 
     </span>
    </p>
   </div>
   <div class='ocr_carea' id='block_1_20' title="bbox 1880 589 3484 659">
    <p class='ocr_par' dir='ltr' id='par_1_20' title="bbox 1880 589 3484 659">
     <span class='ocr_line' id='line_1_20' title="bbox 1880 589 3484 659; baseline 0.002 -15"><span class='ocrx_word' id='word_1_139' title='bbox 1880 590 2089 654; x_wconf 79' lang='lat' dir='ltr'><strong>Judaei,</strong></span> <span class='ocrx_word' id='word_1_140' title='bbox 2128 591 2292 644; x_wconf 88' lang='lat' dir='ltr'><strong>etiam</strong></span> <span class='ocrx_word' id='word_1_141' title='bbox 2335 590 2380 643; x_wconf 90' lang='lat' dir='ltr'><strong>si</strong></span> <span class='ocrx_word' id='word_1_142' title='bbox 2425 589 2553 659; x_wconf 82' lang='lat' dir='ltr'><strong>quid</strong></span> <span class='ocrx_word' id='word_1_143' title='bbox 2606 591 2808 644; x_wconf 88' lang='lat' dir='ltr'><strong>habere</strong></span> <span class='ocrx_word' id='word_1_144' title='bbox 2867 590 3172 645; x_wconf 77' lang='lat' dir='ltr'><strong>videantur.</strong></span> <span class='ocrx_word' id='word_1_145' title='bbox 3231 590 3484 656; x_wconf 86' lang='lat' dir='ltr'><strong>Suscepit</strong></span> 
     </span>
    </p>
   </div>
   <div class='ocr_carea' id='block_1_21' title="bbox 1884 660 3485 749">
    <p class='ocr_par' dir='ltr' id='par_1_21' title="bbox 1884 660 3485 749">
     <span class='ocr_line' id='line_1_21' title="bbox 1884 660 3485 749; baseline 0.004 -13"><span class='ocrx_word' id='word_1_146' title='bbox 1884 660 2047 736; x_wconf 76' lang='lat' dir='ltr'><strong>Israel</strong></span> <span class='ocrx_word' id='word_1_147' title='bbox 2091 698 2316 749; x_wconf 90' lang='lat' dir='ltr'><strong>puerum</strong></span> <span class='ocrx_word' id='word_1_148' title='bbox 2373 698 2570 747; x_wconf 90' lang='lat' dir='ltr'><strong>suum,</strong></span> <span class='ocrx_word' id='word_1_149' title='bbox 2605 685 2686 737; x_wconf 66' lang='lat' dir='ltr'><strong>vel</strong></span> <span class='ocrx_word' id='word_1_150' title='bbox 2723 685 2972 739; x_wconf 87' lang='lat' dir='ltr'><strong>carnales</strong></span> <span class='ocrx_word' id='word_1_151' title='bbox 3014 683 3288 742; x_wconf 81' lang='lat' dir='ltr'><strong>lsraelitas</strong></span> <span class='ocrx_word' id='word_1_152' title='bbox 3334 688 3485 743; x_wconf 89' lang='lat' dir='ltr'><strong>dicit.</strong></span> 
     </span>
    </p>
   </div>
   <div class='ocr_carea' id='block_1_22' title="bbox 1883 774 3488 852">
    <p class='ocr_par' dir='ltr' id='par_1_22' title="bbox 1883 774 3488 852">
     <span class='ocr_line' id='line_1_22' title="bbox 1883 774 3488 852; baseline 0.006 -25"><span class='ocrx_word' id='word_1_153' title='bbox 1883 775 2045 827; x_wconf 84' lang='lat' dir='ltr'><strong>Multa</strong></span> <span class='ocrx_word' id='word_1_154' title='bbox 2083 775 2229 827; x_wconf 85' lang='lat' dir='ltr'><strong>enim</strong></span> <span class='ocrx_word' id='word_1_155' title='bbox 2285 774 2451 827; x_wconf 83' lang='lat' dir='ltr'><strong>millia</strong></span> <span class='ocrx_word' id='word_1_156' title='bbox 2503 789 2570 828; x_wconf 81' lang='lat' dir='ltr'><strong>ex</strong></span> <span class='ocrx_word' id='word_1_157' title='bbox 2606 776 2715 830; x_wconf 82' lang='lat' dir='ltr'><strong>illis</strong></span> <span class='ocrx_word' id='word_1_158' title='bbox 2751 777 3140 846; x_wconf 86' lang='lat' dir='ltr'><strong>crediderunt,</strong></span> <span class='ocrx_word' id='word_1_159' title='bbox 3174 787 3227 834; x_wconf 86' lang='lat' dir='ltr'><strong>et</strong></span> <span class='ocrx_word' id='word_1_160' title='bbox 3263 781 3488 852; x_wconf 87' lang='lat' dir='ltr'><strong>impleta</strong></span> 
     </span>
    </p>
   </div>
   <div class='ocr_carea' id='block_1_23' title="bbox 1883 866 3489 940">
    <p class='ocr_par' dir='ltr' id='par_1_23' title="bbox 1883 866 3489 940">
     <span class='ocr_line' id='line_1_23' title="bbox 1883 866 3489 940; baseline 0.006 -18"><span class='ocrx_word' id='word_1_161' title='bbox 1883 877 1962 922; x_wconf 87' lang='lat' dir='ltr'><strong>cst</strong></span> <span class='ocrx_word' id='word_1_162' title='bbox 1995 866 2283 936; x_wconf 77' lang='lat' dir='ltr'><strong>promissio</strong></span> <span class='ocrx_word' id='word_1_163' title='bbox 2309 866 2449 921; x_wconf 74' lang='lat' dir='ltr'><strong>facta</strong></span> <span class='ocrx_word' id='word_1_164' title='bbox 2479 869 2739 934; x_wconf 61' lang='lat' dir='ltr'><strong>Abraba,</strong></span> <span class='ocrx_word' id='word_1_165' title='bbox 2772 870 2838 923; x_wconf 86' lang='lat' dir='ltr'><strong>ad</strong></span> <span class='ocrx_word' id='word_1_166' title='bbox 2864 885 3024 940; x_wconf 83' lang='lat' dir='ltr'><strong>quem</strong></span> <span class='ocrx_word' id='word_1_167' title='bbox 3059 872 3274 927; x_wconf 80' lang='lat' dir='ltr'><strong>dixerat</strong></span> <span class='ocrx_word' id='word_1_168' title='bbox 3307 874 3489 931; x_wconf 88' lang='lat' dir='ltr'><strong>Deus:</strong></span> 
     </span>
    </p>
   </div>
   <div class='ocr_carea' id='block_1_24' title="bbox 1883 960 3488 1023">
    <p class='ocr_par' dir='ltr' id='par_1_24' title="bbox 1883 960 3488 1023">
     <span class='ocr_line' id='line_1_24' title="bbox 1883 960 3488 1023; baseline 0.003 -8"><span class='ocrx_word' id='word_1_169' title='bbox 1883 961 1943 1015; x_wconf 91' lang='lat' dir='ltr'><strong>ln</strong></span> <span class='ocrx_word' id='word_1_170' title='bbox 1977 961 2184 1015; x_wconf 85' lang='lat' dir='ltr'><strong>semine</strong></span> <span class='ocrx_word' id='word_1_171' title='bbox 2235 969 2327 1014; x_wconf 92' lang='lat' dir='ltr'><strong>tuo</strong></span> <span class='ocrx_word' id='word_1_172' title='bbox 2372 960 2773 1017; x_wconf 80' lang='lat' dir='ltr'><strong>benedicentur</strong></span> <span class='ocrx_word' id='word_1_173' title='bbox 2804 978 2998 1018; x_wconf 88' lang='lat' dir='ltr'><strong>omnes</strong></span> <span class='ocrx_word' id='word_1_174' title='bbox 3033 964 3208 1021; x_wconf 88' lang='lat' dir='ltr'><strong>tribus</strong></span> <span class='ocrx_word' id='word_1_175' title='bbox 3255 975 3413 1023; x_wconf 76' lang='lat' dir='ltr'><strong>terra:</strong></span> <span class='ocrx_word' id='word_1_176' title='bbox 3444 972 3488 1020; x_wconf 83' lang='lat'><strong>’.</strong></span> 
     </span>
    </p>
   </div>
   <div class='ocr_carea' id='block_1_25' title="bbox 1889 1053 3488 1129">
    <p class='ocr_par' dir='ltr' id='par_1_25' title="bbox 1889 1053 3488 1129">
     <span class='ocr_line' id='line_1_25' title="bbox 1889 1053 3488 1129; baseline 0.007 -25"><span class='ocrx_word' id='word_1_177' title='bbox 1889 1053 1979 1107; x_wconf 82' lang='lat' dir='ltr'><strong>Vel</strong></span> <span class='ocrx_word' id='word_1_178' title='bbox 2008 1053 2170 1108; x_wconf 88' lang='lat' dir='ltr'><strong>etiam</strong></span> <span class='ocrx_word' id='word_1_179' title='bbox 2195 1055 2260 1107; x_wconf 87' lang='lat' dir='ltr'><strong>de</strong></span> <span class='ocrx_word' id='word_1_180' title='bbox 2290 1053 2561 1120; x_wconf 86' lang='lat' dir='ltr'><strong>spirituali</strong></span> <span class='ocrx_word' id='word_1_181' title='bbox 2593 1055 2757 1111; x_wconf 90' lang='lat' dir='ltr'><strong>Israel</strong></span> <span class='ocrx_word' id='word_1_182' title='bbox 2787 1055 2923 1118; x_wconf 86' lang='lat' dir='ltr'><strong>dicit</strong></span> <span class='ocrx_word' id='word_1_183' title='bbox 2955 1056 3188 1112; x_wconf 84' lang='lat' dir='ltr'><strong>:Omnis</strong></span> <span class='ocrx_word' id='word_1_184' title='bbox 3218 1061 3364 1115; x_wconf 88' lang='lat' dir='ltr'><strong>enim</strong></span> <span class='ocrx_word' id='word_1_185' title='bbox 3397 1063 3488 1129; x_wconf 86' lang='lat' dir='ltr'><strong>qui</strong></span> 
     </span>
    </p>
   </div>
   <div class='ocr_carea' id='block_1_26' title="bbox 1884 1143 3492 1223">
    <p class='ocr_par' dir='ltr' id='par_1_26' title="bbox 1884 1143 3492 1223">
     <span class='ocr_line' id='line_1_26' title="bbox 1884 1143 3492 1223; baseline 0.007 -27"><span class='ocrx_word' id='word_1_186' title='bbox 1884 1145 2030 1200; x_wconf 82' lang='lat' dir='ltr'><strong>videt</strong></span> <span class='ocrx_word' id='word_1_187' title='bbox 2080 1143 2271 1210; x_wconf 85' lang='lat' dir='ltr'><strong>Deum,</strong></span> <span class='ocrx_word' id='word_1_188' title='bbox 2304 1146 2473 1202; x_wconf 82' lang='lat' dir='ltr'><strong>Israel</strong></span> <span class='ocrx_word' id='word_1_189' title='bbox 2506 1147 2730 1212; x_wconf 90' lang='lat' dir='ltr'><strong>dicitur,</strong></span> <span class='ocrx_word' id='word_1_190' title='bbox 2759 1149 2917 1218; x_wconf 84' lang='lat' dir='ltr'><strong>juxta</strong></span> <span class='ocrx_word' id='word_1_191' title='bbox 2951 1151 3190 1206; x_wconf 82' lang='lat' dir='ltr'><strong>nominis</strong></span> <span class='ocrx_word' id='word_1_192' title='bbox 3224 1153 3492 1223; x_wconf 88' lang='lat' dir='ltr'><strong>interpre-</strong></span> 
     </span>
    </p>
   </div>
   <div class='ocr_carea' id='block_1_27' title="bbox 1888 1237 3494 1312">
    <p class='ocr_par' dir='ltr' id='par_1_27' title="bbox 1888 1237 3494 1312">
     <span class='ocr_line' id='line_1_27' title="bbox 1888 1237 3494 1312; baseline 0.007 -22"><span class='ocrx_word' id='word_1_193' title='bbox 1888 1237 2172 1292; x_wconf 88' lang='lat' dir='ltr'><strong>tationem.</strong></span> <span class='ocrx_word' id='word_1_194' title='bbox 2205 1239 2455 1309; x_wconf 88' lang='lat' dir='ltr'><strong>Suscepit</strong></span> <span class='ocrx_word' id='word_1_195' title='bbox 2486 1241 2675 1310; x_wconf 78' lang='lat' dir='ltr'><strong>itaque</strong></span> <span class='ocrx_word' id='word_1_196' title='bbox 2719 1256 2815 1297; x_wconf 90' lang='lat' dir='ltr'><strong>eos</strong></span> <span class='ocrx_word' id='word_1_197' title='bbox 2847 1243 2943 1312; x_wconf 90' lang='lat' dir='ltr'><strong>qui</strong></span> <span class='ocrx_word' id='word_1_198' title='bbox 2971 1243 3161 1298; x_wconf 86' lang='lat' dir='ltr'><strong>vident</strong></span> <span class='ocrx_word' id='word_1_199' title='bbox 3208 1244 3402 1311; x_wconf 90' lang='lat' dir='ltr'><strong>Deum,</strong></span> <span class='ocrx_word' id='word_1_200' title='bbox 3438 1249 3494 1302; x_wconf 89' lang='lat' dir='ltr'><strong>in</strong></span> 
     </span>
    </p>
   </div>
   <div class='ocr_carea' id='block_1_28' title="bbox 1885 1332 3496 1395">
    <p class='ocr_par' dir='ltr' id='par_1_28' title="bbox 1885 1332 3496 1395">
     <span class='ocr_line' id='line_1_28' title="bbox 1885 1332 3496 1395; baseline 0.007 -11"><span class='ocrx_word' id='word_1_201' title='bbox 1885 1332 2164 1386; x_wconf 71' lang='lat' dir='ltr'><strong>caelestem</strong></span> <span class='ocrx_word' id='word_1_202' title='bbox 2237 1332 2614 1389; x_wconf 58' lang='lat' dir='ltr'><strong>hereditatem</strong></span> <span class='ocrx_word' id='word_1_203' title='bbox 2677 1336 2980 1391; x_wconf 81' lang='lat' dir='ltr'><strong>adducens.</strong></span> <span class='ocrx_word' id='word_1_204' title='bbox 3043 1336 3244 1393; x_wconf 87' lang='lat' dir='ltr'><strong>Mansit</strong></span> <span class='ocrx_word' id='word_1_205' title='bbox 3310 1350 3496 1395; x_wconf 82' lang='lat' dir='ltr'><strong>autem</strong></span> 
     </span>
    </p>
   </div>
   <div class='ocr_carea' id='block_1_29' title="bbox 1885 1422 3496 1496">
    <p class='ocr_par' dir='ltr' id='par_1_29' title="bbox 1885 1422 3496 1496">
     <span class='ocr_line' id='line_1_29' title="bbox 1885 1422 3496 1496; baseline 0.007 -20"><span class='ocrx_word' id='word_1_206' title='bbox 1885 1422 2053 1479; x_wconf 84' lang='lat' dir='ltr'><strong>Maria</strong></span> <span class='ocrx_word' id='word_1_207' title='bbox 2111 1439 2234 1479; x_wconf 90' lang='lat' dir='ltr'><strong>cum</strong></span> <span class='ocrx_word' id='word_1_208' title='bbox 2301 1423 2587 1480; x_wconf 88' lang='lat' dir='ltr'><strong>Elisabeth</strong></span> <span class='ocrx_word' id='word_1_209' title='bbox 2661 1426 2884 1482; x_wconf 83' lang='lat' dir='ltr'><strong>circiter</strong></span> <span class='ocrx_word' id='word_1_210' title='bbox 2940 1430 3226 1486; x_wconf 82' lang='lat' dir='ltr'><strong>mensibus</strong></span> <span class='ocrx_word' id='word_1_211' title='bbox 3284 1431 3496 1496; x_wconf 89' lang='lat' dir='ltr'><strong>tribus,</strong></span> 
     </span>
    </p>
   </div>
   <div class='ocr_carea' id='block_1_30' title="bbox 1884 1515 3497 1592">
    <p class='ocr_par' dir='ltr' id='par_1_30' title="bbox 1884 1515 3497 1592">
     <span class='ocr_line' id='line_1_30' title="bbox 1884 1515 3497 1592; baseline 0.006 -23"><span class='ocrx_word' id='word_1_212' title='bbox 1884 1515 2080 1571; x_wconf 90' lang='lat' dir='ltr'><strong>deinde</strong></span> <span class='ocrx_word' id='word_1_213' title='bbox 2121 1531 2347 1574; x_wconf 85' lang='lat' dir='ltr'><strong>reversa</strong></span> <span class='ocrx_word' id='word_1_214' title='bbox 2378 1528 2484 1574; x_wconf 91' lang='lat' dir='ltr'><strong>est.</strong></span> <span class='ocrx_word' id='word_1_215' title='bbox 2526 1518 2662 1585; x_wconf 84' lang='lat' dir='ltr'><strong>Quia</strong></span> <span class='ocrx_word' id='word_1_216' title='bbox 2711 1521 2856 1575; x_wconf 89' lang='lat' dir='ltr'><strong>enim</strong></span> <span class='ocrx_word' id='word_1_217' title='bbox 2917 1521 3169 1592; x_wconf 86' lang='lat' dir='ltr'><strong>paritura</strong></span> <span class='ocrx_word' id='word_1_218' title='bbox 3221 1534 3343 1580; x_wconf 85' lang='lat' dir='ltr'><strong>erat</strong></span> <span class='ocrx_word' id='word_1_219' title='bbox 3383 1525 3497 1580; x_wconf 83' lang='lat' dir='ltr'><strong>Eli-</strong></span> 
     </span>
    </p>
   </div>
   <div class='ocr_carea' id='block_1_31' title="bbox 1886 1610 3499 1689">
    <p class='ocr_par' dir='ltr' id='par_1_31' title="bbox 1886 1610 3499 1689">
     <span class='ocr_line' id='line_1_31' title="bbox 1886 1610 3499 1689; baseline 0.006 -25"><span class='ocrx_word' id='word_1_220' title='bbox 1886 1610 2115 1675; x_wconf 86' lang='lat' dir='ltr'><strong>sabeth,</strong></span> <span class='ocrx_word' id='word_1_221' title='bbox 2160 1611 2414 1667; x_wconf 87' lang='lat' dir='ltr'><strong>abscedit</strong></span> <span class='ocrx_word' id='word_1_222' title='bbox 2474 1610 2644 1683; x_wconf 82' lang='lat' dir='ltr'><strong>Virgo</strong></span> <span class='ocrx_word' id='word_1_223' title='bbox 2681 1616 2902 1684; x_wconf 82' lang='lat' dir='ltr'><strong>propter</strong></span> <span class='ocrx_word' id='word_1_224' title='bbox 2950 1616 3357 1673; x_wconf 87' lang='lat' dir='ltr'><strong>multitudinem</strong></span> <span class='ocrx_word' id='word_1_225' title='bbox 3407 1621 3499 1689; x_wconf 92' lang='lat' dir='ltr'><strong>qni</strong></span> 
     </span>
    </p>
   </div>
   <div class='ocr_carea' id='block_1_32' title="bbox 1886 1708 3498 1776">
    <p class='ocr_par' dir='ltr' id='par_1_32' title="bbox 1886 1708 3498 1776">
     <span class='ocr_line' id='line_1_32' title="bbox 1886 1708 3498 1776; baseline 0.007 -19"><span class='ocrx_word' id='word_1_226' title='bbox 1886 1708 1953 1759; x_wconf 84' lang='lat' dir='ltr'><strong>ad</strong></span> <span class='ocrx_word' id='word_1_227' title='bbox 1994 1715 2213 1776; x_wconf 88' lang='lat' dir='ltr'><strong>partum</strong></span> <span class='ocrx_word' id='word_1_228' title='bbox 2255 1710 2579 1763; x_wconf 87' lang='lat' dir='ltr'><strong>conventuri</strong></span> <span class='ocrx_word' id='word_1_229' title='bbox 2631 1719 2808 1764; x_wconf 88' lang='lat' dir='ltr'><strong>erant.</strong></span> <span class='ocrx_word' id='word_1_230' title='bbox 2849 1710 3115 1768; x_wconf 89' lang='lat' dir='ltr'><strong>Indecens</strong></span> <span class='ocrx_word' id='word_1_231' title='bbox 3156 1722 3338 1769; x_wconf 89' lang='lat' dir='ltr'><strong>autem</strong></span> <span class='ocrx_word' id='word_1_232' title='bbox 3383 1716 3498 1768; x_wconf 79' lang='lat' dir='ltr'><strong>vir-</strong></span> 
     </span>
    </p>
   </div>
   <div class='ocr_carea' id='block_1_33' title="bbox 1887 1799 3498 1875">
    <p class='ocr_par' dir='ltr' id='par_1_33' title="bbox 1887 1799 3498 1875">
     <span class='ocr_line' id='line_1_33' title="bbox 1887 1799 3498 1875; baseline 0.008 -26"><span class='ocrx_word' id='word_1_233' title='bbox 1887 1799 1996 1865; x_wconf 89' lang='lat' dir='ltr'><strong>gini</strong></span> <span class='ocrx_word' id='word_1_234' title='bbox 2037 1800 2087 1852; x_wconf 94' lang='lat' dir='ltr'><strong>in</strong></span> <span class='ocrx_word' id='word_1_235' title='bbox 2139 1800 2340 1856; x_wconf 84' lang='lat' dir='ltr'><strong>talibus</strong></span> <span class='ocrx_word' id='word_1_236' title='bbox 2376 1803 2610 1856; x_wconf 81' lang='lat' dir='ltr'><strong>versari.</strong></span> <span class='ocrx_word' id='word_1_237' title='bbox 2657 1803 2813 1869; x_wconf 87' lang='lat' dir='ltr'><strong>Quod</strong></span> <span class='ocrx_word' id='word_1_238' title='bbox 2855 1812 3037 1859; x_wconf 90' lang='lat' dir='ltr'><strong>autem</strong></span> <span class='ocrx_word' id='word_1_239' title='bbox 3080 1820 3202 1859; x_wconf 90' lang='lat' dir='ltr'><strong>cum</strong></span> <span class='ocrx_word' id='word_1_240' title='bbox 3253 1809 3498 1875; x_wconf 81' lang='lat' dir='ltr'><strong>paritura</strong></span> 
     </span>
    </p>
   </div>
   <div class='ocr_carea' id='block_1_34' title="bbox 190 1863 1772 1975">
    <p class='ocr_par' dir='ltr' id='par_1_34' title="bbox 190 1863 1772 1961">
     <span class='ocr_line' id='line_1_34' title="bbox 190 1863 1772 1961; baseline 0.006 -28"><span class='ocrx_word' id='word_1_241' title='bbox 190 1882 412 1952; x_wconf 78' lang='grc' dir='ltr'>Ἐπειδὴ</span> <span class='ocrx_word' id='word_1_242' title='bbox 443 1884 552 1955; x_wconf 82' lang='grc' dir='ltr'>γὰρ</span> <span class='ocrx_word' id='word_1_243' title='bbox 583 1886 774 1953; x_wconf 77' lang='grc' dir='ltr'>ἔμελλε</span> <span class='ocrx_word' id='word_1_244' title='bbox 803 1863 1068 1959; x_wconf 40' lang='lat' dir='ltr'><strong>sum</strong></span> <span class='ocrx_word' id='word_1_245' title='bbox 1130 1888 1452 1953; x_wconf 80' lang='grc' dir='ltr'>Ἐλισάΰετ,</span> <span class='ocrx_word' id='word_1_246' title='bbox 1501 1863 1772 1961; x_wconf 79' lang='grc' dir='ltr'>ὑποχωρεὲ</span> 
     </span>
    </p>
   </div>
   <div class='ocr_carea' id='block_1_35' title="bbox 1882 1863 3496 1975">
    <p class='ocr_par' dir='ltr' id='par_1_35' title="bbox 1887 1863 3496 1975">
     <span class='ocr_line' id='line_1_35' title="bbox 1887 1863 3496 1975; baseline 0.007 -29"><span class='ocrx_word' id='word_1_247' title='bbox 1887 1863 2032 1948; x_wconf 79' lang='lat' dir='ltr'><strong>esset</strong></span> <span class='ocrx_word' id='word_1_248' title='bbox 2061 1893 2361 1957; x_wconf 87' lang='lat' dir='ltr'><strong>Elisabeth,</strong></span> <span class='ocrx_word' id='word_1_249' title='bbox 2392 1911 2612 1950; x_wconf 81' lang='lat' dir='ltr'><strong>reversa</strong></span> <span class='ocrx_word' id='word_1_250' title='bbox 2640 1897 2711 1950; x_wconf 88' lang='lat' dir='ltr'><strong>sit</strong></span> <span class='ocrx_word' id='word_1_251' title='bbox 2742 1898 2933 1969; x_wconf 77' lang='lat' dir='ltr'><strong>Virgo,</strong></span> <span class='ocrx_word' id='word_1_252' title='bbox 2964 1899 3312 1956; x_wconf 80' lang='lat' dir='ltr'><strong>manifestum</strong></span> <span class='ocrx_word' id='word_1_253' title='bbox 3332 1904 3496 1975; x_wconf 74' lang='lat'><strong>281</strong></span> 
     </span>
    </p>
   </div>
   <div class='ocr_carea' id='block_1_36' title="bbox 177 1973 1773 2053">
    <p class='ocr_par' dir='ltr' id='par_1_36' title="bbox 177 1973 1773 2053">
     <span class='ocr_line' id='line_1_36' title="bbox 177 1973 1773 2053; baseline 0.009 -29"><span class='ocrx_word' id='word_1_254' title='bbox 177 1973 212 2040; x_wconf 81' lang='grc' dir='ltr'>ἡ</span> <span class='ocrx_word' id='word_1_255' title='bbox 260 1973 534 2043; x_wconf 81' lang='grc' dir='ltr'>Παρθένος</span> <span class='ocrx_word' id='word_1_256' title='bbox 571 1977 659 2032; x_wconf 76' lang='grc' dir='ltr'><strong>διὰ</strong></span> <span class='ocrx_word' id='word_1_257' title='bbox 705 1979 766 2031; x_wconf 82' lang='grc' dir='ltr'><strong>τὸ</strong></span> <span class='ocrx_word' id='word_1_258' title='bbox 799 1981 1005 2050; x_wconf 80' lang='grc' dir='ltr'>πλῆθος</span> <span class='ocrx_word' id='word_1_259' title='bbox 1042 1981 1153 2034; x_wconf 82' lang='grc' dir='ltr'><strong>τῶν</strong></span> <span class='ocrx_word' id='word_1_260' title='bbox 1183 1983 1486 2051; x_wconf 77' lang='grc' dir='ltr'>μελλόντων</span> <span class='ocrx_word' id='word_1_261' title='bbox 1538 1985 1773 2053; x_wconf 82' lang='grc' dir='ltr'>συνδρα-</span> 
     </span>
    </p>
   </div>
   <div class='ocr_carea' id='block_1_37' title="bbox 173 2060 1779 2142">
    <p class='ocr_par' dir='ltr' id='par_1_37' title="bbox 173 2060 1779 2142">
     <span class='ocr_line' id='line_1_37' title="bbox 173 2060 1779 2142; baseline 0.013 -35"><span class='ocrx_word' id='word_1_262' title='bbox 173 2060 301 2125; x_wconf 79' lang='grc' dir='ltr'>μεῖν</span> <span class='ocrx_word' id='word_1_263' title='bbox 338 2063 415 2122; x_wconf 72' lang='grc' dir='ltr'><strong>εἰς</strong></span> <span class='ocrx_word' id='word_1_264' title='bbox 463 2062 554 2114; x_wconf 67' lang='grc' dir='ltr'>τὸν</span> <span class='ocrx_word' id='word_1_265' title='bbox 584 2064 777 2118; x_wconf 65' lang='grc' dir='ltr'>τόκονδ</span> <span class='ocrx_word' id='word_1_266' title='bbox 816 2067 1070 2138; x_wconf 78' lang='grc' dir='ltr'>ἀπρεπὲς</span> <span class='ocrx_word' id='word_1_267' title='bbox 1125 2072 1234 2141; x_wconf 79' lang='grc' dir='ltr'><strong>γὰρ</strong></span> <span class='ocrx_word' id='word_1_268' title='bbox 1269 2072 1528 2142; x_wconf 82' lang='grc' dir='ltr'>παρθένῳ</span> <span class='ocrx_word' id='word_1_269' title='bbox 1567 2076 1626 2126; x_wconf 78' lang='grc' dir='ltr'>ἐν</span> <span class='ocrx_word' id='word_1_270' title='bbox 1664 2078 1779 2138; x_wconf 79' lang='grc' dir='ltr'>τοῖς</span> 
     </span>
    </p>
   </div>
   <div class='ocr_carea' id='block_1_38' title="bbox 170 2153 1778 2235">
    <p class='ocr_par' dir='ltr' id='par_1_38' title="bbox 170 2153 1778 2235">
     <span class='ocr_line' id='line_1_38' title="bbox 170 2153 1778 2235; baseline 0.009 -32"><span class='ocrx_word' id='word_1_271' title='bbox 170 2153 438 2216; x_wconf 74' lang='grc' dir='ltr'>τοιούτοις</span> <span class='ocrx_word' id='word_1_272' title='bbox 471 2157 955 2229; x_wconf 80' lang='grc' dir='ltr'>ἀναστρέφεσθαι·</span> <span class='ocrx_word' id='word_1_273' title='bbox 1000 2163 1084 2215; x_wconf 86' lang='grc' dir='ltr'>ὃτι</span> <span class='ocrx_word' id='word_1_274' title='bbox 1138 2163 1194 2215; x_wconf 84' lang='grc' dir='ltr'><strong>δὲ</strong></span> <span class='ocrx_word' id='word_1_275' title='bbox 1241 2164 1546 2235; x_wconf 82' lang='grc' dir='ltr'>μελλούσης</span> <span class='ocrx_word' id='word_1_276' title='bbox 1594 2171 1778 2219; x_wconf 82' lang='grc' dir='ltr'>τεκεῖν</span> 
     </span>
    </p>
   </div>
   <div class='ocr_carea' id='block_1_39' title="bbox 170 2243 1776 2325">
    <p class='ocr_par' dir='ltr' id='par_1_39' title="bbox 170 2243 1776 2325">
     <span class='ocr_line' id='line_1_39' title="bbox 170 2243 1776 2325; baseline 0.009 -30"><span class='ocrx_word' id='word_1_277' title='bbox 170 2243 274 2312; x_wconf 84' lang='grc' dir='ltr'>τῆς</span> <span class='ocrx_word' id='word_1_278' title='bbox 310 2244 592 2300; x_wconf 81' lang='grc' dir='ltr'>Ἐλισάσετ</span> <span class='ocrx_word' id='word_1_279' title='bbox 630 2249 1030 2323; x_wconf 73' lang='grc' dir='ltr'>ὑπέστρεψενὴ</span> <span class='ocrx_word' id='word_1_280' title='bbox 1066 2254 1359 2324; x_wconf 80' lang='grc' dir='ltr'>παρθένος,</span> <span class='ocrx_word' id='word_1_281' title='bbox 1396 2256 1555 2325; x_wconf 81' lang='grc' dir='ltr'>δῆλον</span> <span class='ocrx_word' id='word_1_282' title='bbox 1586 2258 1776 2310; x_wconf 85' lang='grc' dir='ltr'><strong>ὲντεῦ-</strong></span> 
     </span>
    </p>
   </div>
   <div class='ocr_carea' id='block_1_40' title="bbox 171 2331 2512 2430">
    <p class='ocr_par' dir='ltr' id='par_1_40' title="bbox 171 2331 2512 2430">
     <span class='ocr_line' id='line_1_40' title="bbox 171 2331 2512 2430; baseline 0.013 -45"><span class='ocrx_word' id='word_1_283' title='bbox 171 2331 269 2386; x_wconf 87' lang='grc' dir='ltr'>Θεν</span> <span class='ocrx_word' id='word_1_284' title='bbox 293 2352 308 2365; x_wconf 70' lang='grc' dir='ltr'><strong>ο</strong></span> <span class='ocrx_word' id='word_1_285' title='bbox 350 2336 427 2406; x_wconf 85' lang='grc' dir='ltr'>τῷ</span> <span class='ocrx_word' id='word_1_286' title='bbox 457 2340 588 2410; x_wconf 76' lang='grc' dir='ltr'>μηνὶ</span> <span class='ocrx_word' id='word_1_287' title='bbox 630 2341 706 2410; x_wconf 84' lang='grc' dir='ltr'>τῷ</span> <span class='ocrx_word' id='word_1_288' title='bbox 738 2343 878 2413; x_wconf 77' lang='grc' dir='ltr'>ἕκτῳ</span> <span class='ocrx_word' id='word_1_289' title='bbox 943 2346 1042 2415; x_wconf 82' lang='grc' dir='ltr'>τῆς</span> <span class='ocrx_word' id='word_1_290' title='bbox 1077 2347 1398 2419; x_wconf 79' lang='grc' dir='ltr'>συλλήψεως</span> <span class='ocrx_word' id='word_1_291' title='bbox 1431 2353 1527 2406; x_wconf 81' lang='grc' dir='ltr'>τοῦ</span> <span class='ocrx_word' id='word_1_292' title='bbox 1566 2355 1914 2426; x_wconf 84' lang='grc' dir='ltr'>Προδρὸμου,</span> <span class='ocrx_word' id='word_1_293' title='bbox 1986 2356 2151 2430; x_wconf 78' lang='grc' dir='ltr'>ἦλθεν</span> <span class='ocrx_word' id='word_1_294' title='bbox 2199 2363 2225 2413; x_wconf 92' lang='lat'><strong>6</strong></span> <span class='ocrx_word' id='word_1_295' title='bbox 2279 2362 2512 2430; x_wconf 79' lang='grc' dir='ltr'>ἄγγελος</span> 
     </span>
    </p>
   </div>
   <div class='ocr_carea' id='block_1_41' title="bbox 173 2427 2400 2520">
    <p class='ocr_par' dir='ltr' id='par_1_41' title="bbox 173 2427 2400 2520">
     <span class='ocr_line' id='line_1_41' title="bbox 173 2427 2400 2520; baseline 0.014 -43"><span class='ocrx_word' id='word_1_296' title='bbox 173 2427 414 2496; x_wconf 77' lang='grc' dir='ltr'>Μαριὰμ</span> <span class='ocrx_word' id='word_1_297' title='bbox 469 2433 609 2500; x_wconf 84' lang='grc' dir='ltr'><strong>μετὰ</strong></span> <span class='ocrx_word' id='word_1_298' title='bbox 655 2435 754 2505; x_wconf 82' lang='grc' dir='ltr'><strong>τῆς</strong></span> <span class='ocrx_word' id='word_1_299' title='bbox 818 2437 1138 2505; x_wconf 64' lang='grc' dir='ltr'>Ἐλισάὸετ,</span> <span class='ocrx_word' id='word_1_300' title='bbox 1191 2443 1324 2496; x_wconf 81' lang='grc' dir='ltr'>ὡσεὶ</span> <span class='ocrx_word' id='word_1_301' title='bbox 1373 2447 1553 2516; x_wconf 83' lang='grc' dir='ltr'>μῆνας</span> <span class='ocrx_word' id='word_1_302' title='bbox 1598 2450 1773 2519; x_wconf 83' lang='grc' dir='ltr'><strong>τρεῖς.</strong></span> <span class='ocrx_word' id='word_1_303' title='bbox 1829 2449 1963 2503; x_wconf 79' lang='grc' dir='ltr'>Ἰδοὺ</span> <span class='ocrx_word' id='word_1_304' title='bbox 1997 2427 2190 2520; x_wconf 73' lang='grc' dir='ltr'>σχεδὸν</span> <span class='ocrx_word' id='word_1_305' title='bbox 2223 2427 2400 2508; x_wconf 66' lang='grc' dir='ltr'>ἐννέα.</span> 
     </span>
    </p>
   </div>
   <div class='ocr_carea' id='block_1_42' title="bbox 252 2525 1775 2613">
    <p class='ocr_par' dir='ltr' id='par_1_42' title="bbox 252 2525 1775 2613">
     <span class='ocr_line' id='line_1_42' title="bbox 252 2525 1775 2613; baseline 0.018 -39"><span class='ocrx_word' id='word_1_306' title='bbox 252 2542 272 2574; x_wconf 77' lang='grc' dir='ltr'><strong>ι</strong></span> <span class='ocrx_word' id='word_1_307' title='bbox 323 2525 400 2594; x_wconf 73' lang='grc' dir='ltr'><strong>Τῇ</strong></span> <span class='ocrx_word' id='word_1_308' title='bbox 437 2527 493 2578; x_wconf 83' lang='grc' dir='ltr'><strong>δὲ</strong></span> <span class='ocrx_word' id='word_1_309' title='bbox 548 2529 832 2584; x_wconf 77' lang='grc' dir='ltr'>Ἑλισάσετ</span> <span class='ocrx_word' id='word_1_310' title='bbox 890 2535 1137 2610; x_wconf 82' lang='grc' dir='ltr'>ἐπλήσθη</span> <span class='ocrx_word' id='word_1_311' title='bbox 1172 2541 1200 2593; x_wconf 90' lang='lat'><strong>6</strong></span> <span class='ocrx_word' id='word_1_312' title='bbox 1227 2544 1420 2613; x_wconf 86' lang='grc' dir='ltr'>χρόνος</span> <span class='ocrx_word' id='word_1_313' title='bbox 1455 2546 1551 2598; x_wconf 82' lang='grc' dir='ltr'>τοῦ</span> <span class='ocrx_word' id='word_1_314' title='bbox 1594 2550 1775 2600; x_wconf 80' lang='grc' dir='ltr'>τεκεῖν</span> 
     </span>
    </p>
   </div>
   <div class='ocr_carea' id='block_1_43' title="bbox 172 2617 1775 2709">
    <p class='ocr_par' dir='ltr' id='par_1_43' title="bbox 172 2617 1775 2709">
     <span class='ocr_line' id='line_1_43' title="bbox 172 2617 1775 2709; baseline 0.015 -40"><span class='ocrx_word' id='word_1_315' title='bbox 172 2617 372 2681; x_wconf 79' lang='grc' dir='ltr'>αὐτὴν,</span> <span class='ocrx_word' id='word_1_316' title='bbox 412 2621 506 2673; x_wconf 78' lang='grc' dir='ltr'><strong>καὶ</strong></span> <span class='ocrx_word' id='word_1_317' title='bbox 554 2623 847 2694; x_wconf 78' lang='grc' dir='ltr'>ἐγέννησεν</span> <span class='ocrx_word' id='word_1_318' title='bbox 880 2629 1016 2682; x_wconf 81' lang='grc' dir='ltr'>υἱόν.</span> <span class='ocrx_word' id='word_1_319' title='bbox 1051 2632 1163 2686; x_wconf 71' lang='grc' dir='ltr'><strong>Καὶ</strong></span> <span class='ocrx_word' id='word_1_320' title='bbox 1203 2635 1446 2704; x_wconf 66' lang='grc' dir='ltr'>ἤκουσαν</span> <span class='ocrx_word' id='word_1_321' title='bbox 1481 2640 1529 2690; x_wconf 88' lang='grc' dir='ltr'>οἱ</span> <span class='ocrx_word' id='word_1_322' title='bbox 1564 2641 1775 2709; x_wconf 84' lang='grc' dir='ltr'>περίοι-</span> 
     </span>
    </p>
   </div>
   <div class='ocr_carea' id='block_1_44' title="bbox 166 2713 1770 2801">
    <p class='ocr_par' dir='ltr' id='par_1_44' title="bbox 166 2713 1770 2801">
     <span class='ocr_line' id='line_1_44' title="bbox 166 2713 1770 2801; baseline 0.015 -39"><span class='ocrx_word' id='word_1_323' title='bbox 166 2726 265 2762; x_wconf 79' lang='grc' dir='ltr'><strong>κοι</strong></span> <span class='ocrx_word' id='word_1_324' title='bbox 297 2713 391 2765; x_wconf 74' lang='grc' dir='ltr'>καὶ</span> <span class='ocrx_word' id='word_1_325' title='bbox 419 2713 467 2765; x_wconf 80' lang='grc' dir='ltr'>οι</span> <span class='ocrx_word' id='word_1_326' title='bbox 499 2721 786 2783; x_wconf 80' lang='grc' dir='ltr'>συγγενεῖς</span> <span class='ocrx_word' id='word_1_327' title='bbox 819 2721 988 2792; x_wconf 76' lang='grc' dir='ltr'>αὐτῆς</span> <span class='ocrx_word' id='word_1_328' title='bbox 1020 2724 1101 2777; x_wconf 85' lang='grc' dir='ltr'>ὅτι</span> <span class='ocrx_word' id='word_1_329' title='bbox 1137 2727 1445 2796; x_wconf 80' lang='grc' dir='ltr'>ὲμεγάλονε</span> <span class='ocrx_word' id='word_1_330' title='bbox 1473 2729 1678 2801; x_wconf 75' lang='grc' dir='ltr'>Κύριος</span> <span class='ocrx_word' id='word_1_331' title='bbox 1711 2734 1770 2786; x_wconf 83' lang='grc' dir='ltr'><strong>τὸ</strong></span> 
     </span>
    </p>
   </div>
   <div class='ocr_carea' id='block_1_45' title="bbox 172 2802 1772 2892">
    <p class='ocr_par' dir='ltr' id='par_1_45' title="bbox 172 2802 1772 2892">
     <span class='ocr_line' id='line_1_45' title="bbox 172 2802 1772 2892; baseline 0.015 -38"><span class='ocrx_word' id='word_1_332' title='bbox 172 2802 324 2866; x_wconf 72' lang='grc' dir='ltr'>ἔλεος</span> <span class='ocrx_word' id='word_1_333' title='bbox 359 2805 525 2859; x_wconf 77' lang='grc' dir='ltr'>αὑτοῦ</span> <span class='ocrx_word' id='word_1_334' title='bbox 563 2808 679 2876; x_wconf 82' lang='grc' dir='ltr'>μετ’</span> <span class='ocrx_word' id='word_1_335' title='bbox 733 2811 925 2883; x_wconf 77' lang='grc' dir='ltr'>αὐτῆς,</span> <span class='ocrx_word' id='word_1_336' title='bbox 964 2821 1060 2869; x_wconf 82' lang='grc' dir='ltr'>καὶ</span> <span class='ocrx_word' id='word_1_337' title='bbox 1105 2820 1427 2892; x_wconf 73' lang='grc' dir='ltr'>συνέχαιρον</span> <span class='ocrx_word' id='word_1_338' title='bbox 1466 2825 1628 2892; x_wconf 75' lang='grc' dir='ltr'>αὐτῇ.</span> <span class='ocrx_word' id='word_1_339' title='bbox 1662 2825 1772 2878; x_wconf 77' lang='grc' dir='ltr'>Καὶ</span> 
     </span>
    </p>
   </div>
   <div class='ocr_carea' id='block_1_46' title="bbox 173 2895 1774 2984">
    <p class='ocr_par' dir='ltr' id='par_1_46' title="bbox 173 2895 1774 2984">
     <span class='ocr_line' id='line_1_46' title="bbox 173 2895 1774 2984; baseline 0.016 -40"><span class='ocrx_word' id='word_1_340' title='bbox 173 2895 397 2961; x_wconf 81' lang='grc' dir='ltr'>ἐγένετο</span> <span class='ocrx_word' id='word_1_341' title='bbox 423 2899 478 2949; x_wconf 83' lang='grc' dir='ltr'><strong>ὲν</strong></span> <span class='ocrx_word' id='word_1_342' title='bbox 508 2904 573 2969; x_wconf 79' lang='grc' dir='ltr'>τῇ</span> <span class='ocrx_word' id='word_1_343' title='bbox 602 2903 762 2976; x_wconf 84' lang='grc' dir='ltr'>ὀγδόῃ</span> <span class='ocrx_word' id='word_1_344' title='bbox 797 2906 981 2978; x_wconf 74' lang='grc' dir='ltr'>ἡμέρᾳ</span> <span class='ocrx_word' id='word_1_345' title='bbox 1008 2905 1173 2980; x_wconf 81' lang='grc' dir='ltr'>ἦλθον</span> <span class='ocrx_word' id='word_1_346' title='bbox 1204 2918 1523 2984; x_wconf 82' lang='grc' dir='ltr'>περιτεμεῖν</span> <span class='ocrx_word' id='word_1_347' title='bbox 1555 2917 1615 2968; x_wconf 73' lang='grc' dir='ltr'><strong>τὸ</strong></span> <span class='ocrx_word' id='word_1_348' title='bbox 1648 2935 1774 2970; x_wconf 82' lang='grc' dir='ltr'>παι-</span> 
     </span>
    </p>
   </div>
   <div class='ocr_carea' id='block_1_47' title="bbox 171 2989 1772 3080">
    <p class='ocr_par' dir='ltr' id='par_1_47' title="bbox 171 2989 1772 3080">
     <span class='ocr_line' id='line_1_47' title="bbox 171 2989 1772 3080; baseline 0.016 -40"><span class='ocrx_word' id='word_1_349' title='bbox 171 2989 311 3050; x_wconf 82' lang='grc' dir='ltr'>δίον,</span> <span class='ocrx_word' id='word_1_350' title='bbox 357 2994 450 3044; x_wconf 74' lang='grc' dir='ltr'><strong>καὶ</strong></span> <span class='ocrx_word' id='word_1_351' title='bbox 490 2995 720 3048; x_wconf 78' lang='grc' dir='ltr'>ἐκάλουν</span> <span class='ocrx_word' id='word_1_352' title='bbox 757 3001 889 3052; x_wconf 70' lang='grc' dir='ltr'>αὐτὸ</span> <span class='ocrx_word' id='word_1_353' title='bbox 917 3003 1010 3054; x_wconf 76' lang='grc' dir='ltr'><strong>ἐπὶ</strong></span> <span class='ocrx_word' id='word_1_354' title='bbox 1051 3004 1130 3074; x_wconf 81' lang='grc' dir='ltr'>τῷ</span> <span class='ocrx_word' id='word_1_355' title='bbox 1179 3007 1404 3077; x_wconf 83' lang='grc' dir='ltr'>ὀνόματι</span> <span class='ocrx_word' id='word_1_356' title='bbox 1432 3010 1528 3063; x_wconf 74' lang='grc' dir='ltr'>τοῦ</span> <span class='ocrx_word' id='word_1_357' title='bbox 1566 3013 1772 3080; x_wconf 65' lang='grc' dir='ltr'>πατρὸς</span> 
     </span>
    </p>
   </div>
   <div class='ocr_carea' id='block_1_48' title="bbox 172 3083 1769 3172">
    <p class='ocr_par' dir='ltr' id='par_1_48' title="bbox 172 3083 1769 3172">
     <span class='ocr_line' id='line_1_48' title="bbox 172 3083 1769 3172; baseline 0.016 -40"><span class='ocrx_word' id='word_1_358' title='bbox 172 3083 366 3146; x_wconf 79' lang='grc' dir='ltr'>αὑτοῦ,</span> <span class='ocrx_word' id='word_1_359' title='bbox 403 3086 698 3157; x_wconf 79' lang='grc' dir='ltr'>Ζαχαρίαν.</span> <span class='ocrx_word' id='word_1_360' title='bbox 734 3092 843 3144; x_wconf 78' lang='grc' dir='ltr'>Καὶ</span> <span class='ocrx_word' id='word_1_361' title='bbox 876 3095 1304 3168; x_wconf 80' lang='grc' dir='ltr'>ἁποκριθεῖσαή</span> <span class='ocrx_word' id='word_1_362' title='bbox 1343 3102 1532 3172; x_wconf 76' lang='grc' dir='ltr'>μήτηρ</span> <span class='ocrx_word' id='word_1_363' title='bbox 1570 3103 1769 3167; x_wconf 80' lang='grc' dir='ltr'>αὐτοῦ,</span> 
     </span>
    </p>
   </div>
   <div class='ocr_carea' id='block_1_49' title="bbox 169 3169 2022 3262">
    <p class='ocr_par' dir='ltr' id='par_1_49' title="bbox 169 3169 2022 3262">
     <span class='ocr_line' id='line_1_49' title="bbox 169 3169 2022 3262; baseline 0.013 -37"><span class='ocrx_word' id='word_1_364' title='bbox 169 3169 331 3224; x_wconf 77' lang='grc' dir='ltr'>εἶπεν</span> <span class='ocrx_word' id='word_1_365' title='bbox 356 3195 369 3206; x_wconf 85' lang='grc'><strong>·</strong></span> <span class='ocrx_word' id='word_1_366' title='bbox 405 3177 564 3246; x_wconf 72' lang='grc' dir='ltr'>Οὐχὶ,</span> <span class='ocrx_word' id='word_1_367' title='bbox 605 3181 741 3235; x_wconf 70' lang='grc' dir='ltr'>ἀλλὰ</span> <span class='ocrx_word' id='word_1_368' title='bbox 776 3184 1110 3256; x_wconf 84' lang='grc' dir='ltr'>κληθήσεται</span> <span class='ocrx_word' id='word_1_369' title='bbox 1162 3169 1435 3262; x_wconf 77' lang='grc' dir='ltr'>Ἰωάννης.</span> <span class='ocrx_word' id='word_1_370' title='bbox 1479 3169 1588 3246; x_wconf 56' lang='grc' dir='ltr'>Καὶ</span> <span class='ocrx_word' id='word_1_371' title='bbox 1620 3191 1774 3248; x_wconf 82' lang='grc' dir='ltr'>εἷπον</span> <span class='ocrx_word' id='word_1_372' title='bbox 1805 3194 1849 3254; x_wconf 90' lang='lat' dir='ltr'><strong>C</strong></span> <span class='ocrx_word' id='word_1_373' title='bbox 1885 3169 2022 3249; x_wconf 73' lang='lat' dir='ltr'><strong>dixit</strong></span> 
     </span>
    </p>
   </div>
   <div class='ocr_carea' id='block_1_50' title="bbox 174 3265 1776 3356">
    <p class='ocr_par' dir='ltr' id='par_1_50' title="bbox 174 3265 1776 3356">
     <span class='ocr_line' id='line_1_50' title="bbox 174 3265 1776 3356; baseline 0.016 -40"><span class='ocrx_word' id='word_1_374' title='bbox 174 3265 318 3336; x_wconf 68' lang='grc' dir='ltr'>πρὸς</span> <span class='ocrx_word' id='word_1_375' title='bbox 345 3268 539 3338; x_wconf 81' lang='grc' dir='ltr'>αὐτὴν,</span> <span class='ocrx_word' id='word_1_376' title='bbox 568 3271 650 3324; x_wconf 80' lang='grc' dir='ltr'><strong>ὅτι</strong></span> <span class='ocrx_word' id='word_1_377' title='bbox 683 3275 872 3337; x_wconf 78' lang='grc' dir='ltr'>Οὐδείς</span> <span class='ocrx_word' id='word_1_378' title='bbox 900 3280 1049 3332; x_wconf 80' lang='grc' dir='ltr'>ἐστιν</span> <span class='ocrx_word' id='word_1_379' title='bbox 1081 3281 1138 3333; x_wconf 76' lang='grc' dir='ltr'>ἐν</span> <span class='ocrx_word' id='word_1_380' title='bbox 1168 3285 1233 3352; x_wconf 76' lang='grc' dir='ltr'>τῇ</span> <span class='ocrx_word' id='word_1_381' title='bbox 1273 3288 1565 3356; x_wconf 82' lang='grc' dir='ltr'>συγγενείᾳ</span> <span class='ocrx_word' id='word_1_382' title='bbox 1593 3305 1686 3340; x_wconf 85' lang='grc' dir='ltr'><strong>σου</strong></span> <span class='ocrx_word' id='word_1_383' title='bbox 1717 3288 1776 3352; x_wconf 82' lang='grc' dir='ltr'>ὃς</span> 
     </span>
    </p>
   </div>
   <div class='ocr_carea' id='block_1_51' title="bbox 173 3357 1774 3450">
    <p class='ocr_par' dir='ltr' id='par_1_51' title="bbox 173 3357 1774 3450">
     <span class='ocr_line' id='line_1_51' title="bbox 173 3357 1774 3450; baseline 0.015 -37"><span class='ocrx_word' id='word_1_384' title='bbox 173 3357 430 3413; x_wconf 82' lang='grc' dir='ltr'>καλεῖται</span> <span class='ocrx_word' id='word_1_385' title='bbox 462 3363 553 3414; x_wconf 76' lang='grc' dir='ltr'>ἐπὶ</span> <span class='ocrx_word' id='word_1_386' title='bbox 585 3365 659 3434; x_wconf 82' lang='grc' dir='ltr'><strong>τῷ</strong></span> <span class='ocrx_word' id='word_1_387' title='bbox 686 3367 910 3436; x_wconf 81' lang='grc' dir='ltr'>ὀνόματι</span> <span class='ocrx_word' id='word_1_388' title='bbox 941 3373 1138 3444; x_wconf 83' lang='grc' dir='ltr'>τούτῳ.</span> <span class='ocrx_word' id='word_1_389' title='bbox 1180 3377 1455 3430; x_wconf 82' lang='grc' dir='ltr'>Ἐνένευον</span> <span class='ocrx_word' id='word_1_390' title='bbox 1484 3380 1539 3433; x_wconf 82' lang='grc' dir='ltr'><strong>δὲ</strong></span> <span class='ocrx_word' id='word_1_391' title='bbox 1564 3381 1642 3450; x_wconf 79' lang='grc' dir='ltr'><strong>τῷ</strong></span> <span class='ocrx_word' id='word_1_392' title='bbox 1667 3399 1774 3436; x_wconf 85' lang='grc' dir='ltr'>πα-</span> 
     </span>
    </p>
   </div>
   <div class='ocr_carea' id='block_1_52' title="bbox 171 3452 1774 3543">
    <p class='ocr_par' dir='ltr' id='par_1_52' title="bbox 171 3452 1774 3543">
     <span class='ocr_line' id='line_1_52' title="bbox 171 3452 1774 3543; baseline 0.015 -41"><span class='ocrx_word' id='word_1_393' title='bbox 171 3452 267 3521; x_wconf 72' lang='grc' dir='ltr'>τρὶ</span> <span class='ocrx_word' id='word_1_394' title='bbox 295 3453 463 3505; x_wconf 74' lang='grc' dir='ltr'>αὐτοῦ</span> <span class='ocrx_word' id='word_1_395' title='bbox 494 3456 574 3520; x_wconf 77' lang='grc' dir='ltr'><strong>τὸ,</strong></span> <span class='ocrx_word' id='word_1_396' title='bbox 612 3460 662 3509; x_wconf 83' lang='grc' dir='ltr'><em>τί</em></span> <span class='ocrx_word' id='word_1_397' title='bbox 694 3459 758 3513; x_wconf 85' lang='grc' dir='ltr'><strong>ἂν</strong></span> <span class='ocrx_word' id='word_1_398' title='bbox 788 3461 932 3514; x_wconf 87' lang='grc' dir='ltr'>θέλοι</span> <span class='ocrx_word' id='word_1_399' title='bbox 962 3465 1242 3520; x_wconf 82' lang='grc' dir='ltr'>καλεῖσθαι</span> <span class='ocrx_word' id='word_1_400' title='bbox 1269 3470 1451 3522; x_wconf 76' lang='grc' dir='ltr'>αὐτόν.</span> <span class='ocrx_word' id='word_1_401' title='bbox 1478 3473 1587 3523; x_wconf 69' lang='grc' dir='ltr'><strong>Καὶ</strong></span> <span class='ocrx_word' id='word_1_402' title='bbox 1616 3473 1774 3543; x_wconf 83' lang='grc' dir='ltr'>αἰτή-</span> 
     </span>
    </p>
   </div>
   <div class='ocr_carea' id='block_1_53' title="bbox 136 3548 1776 3631">
    <p class='ocr_par' dir='ltr' id='par_1_53' title="bbox 136 3548 1776 3631">
     <span class='ocr_line' id='line_1_53' title="bbox 136 3548 1776 3631; baseline 0.014 -36"><span class='ocrx_word' id='word_1_403' title='bbox 136 3550 143 3556; x_wconf 85' lang='grc'><em>’</em></span> <span class='ocrx_word' id='word_1_404' title='bbox 175 3559 280 3608; x_wconf 79' lang='grc' dir='ltr'><strong>σας</strong></span> <span class='ocrx_word' id='word_1_405' title='bbox 333 3548 670 3611; x_wconf 74' lang='grc' dir='ltr'>πινακίδιον,</span> <span class='ocrx_word' id='word_1_406' title='bbox 711 3551 951 3623; x_wconf 74' lang='grc' dir='ltr'>ἔγραψε,</span> <span class='ocrx_word' id='word_1_407' title='bbox 999 3555 1176 3624; x_wconf 86' lang='grc' dir='ltr'>λέγων</span> <span class='ocrx_word' id='word_1_408' title='bbox 1201 3575 1212 3585; x_wconf 85' lang='grc'><strong>”</strong></span> <span class='ocrx_word' id='word_1_409' title='bbox 1262 3561 1522 3631; x_wconf 72' lang='grc' dir='ltr'>Ἰωάννης</span> <span class='ocrx_word' id='word_1_410' title='bbox 1560 3565 1678 3616; x_wconf 75' lang='grc' dir='ltr'>ἐστὶ</span> <span class='ocrx_word' id='word_1_411' title='bbox 1716 3567 1776 3618; x_wconf 79' lang='grc' dir='ltr'>τὸ</span> 
     </span>
    </p>
   </div>
   <div class='ocr_carea' id='block_1_54' title="bbox 169 3633 1774 3726">
    <p class='ocr_par' dir='ltr' id='par_1_54' title="bbox 169 3633 1774 3726">
     <span class='ocr_line' id='line_1_54' title="bbox 169 3633 1774 3726; baseline 0.014 -40"><span class='ocrx_word' id='word_1_412' title='bbox 169 3633 347 3706; x_wconf 75' lang='grc' dir='ltr'>ὄνομα</span> <span class='ocrx_word' id='word_1_413' title='bbox 376 3639 564 3691; x_wconf 78' lang='grc' dir='ltr'>αὑτοῦ.</span> <span class='ocrx_word' id='word_1_414' title='bbox 601 3643 711 3694; x_wconf 76' lang='grc' dir='ltr'>Καὶ</span> <span class='ocrx_word' id='word_1_415' title='bbox 745 3645 1068 3715; x_wconf 79' lang='grc' dir='ltr'>ἐθαύμασαν</span> <span class='ocrx_word' id='word_1_416' title='bbox 1105 3651 1327 3715; x_wconf 85' lang='grc' dir='ltr'>πάντες.</span> <span class='ocrx_word' id='word_1_417' title='bbox 1393 3655 1668 3726; x_wconf 73' lang='grc' dir='ltr'>Ἀνεῲχθη</span> <span class='ocrx_word' id='word_1_418' title='bbox 1719 3657 1774 3708; x_wconf 76' lang='grc' dir='ltr'><strong>δὲ</strong></span> 
     </span>
    </p>
   </div>
   <div class='ocr_carea' id='block_1_55' title="bbox 171 3728 1770 3816">
    <p class='ocr_par' dir='ltr' id='par_1_55' title="bbox 171 3728 1770 3816">
     <span class='ocr_line' id='line_1_55' title="bbox 171 3728 1770 3816; baseline 0.017 -39"><span class='ocrx_word' id='word_1_419' title='bbox 171 3728 235 3778; x_wconf 86' lang='grc' dir='ltr'>τδ</span> <span class='ocrx_word' id='word_1_420' title='bbox 284 3729 460 3798; x_wconf 65' lang='grc' dir='ltr'>στόμα</span> <span class='ocrx_word' id='word_1_421' title='bbox 493 3733 658 3785; x_wconf 80' lang='grc' dir='ltr'>αὑτοῦ</span> <span class='ocrx_word' id='word_1_422' title='bbox 700 3740 1068 3809; x_wconf 84' lang='grc' dir='ltr'>παραχρῆμα,</span> <span class='ocrx_word' id='word_1_423' title='bbox 1106 3745 1199 3795; x_wconf 74' lang='grc' dir='ltr'><strong>καὶ</strong></span> <span class='ocrx_word' id='word_1_424' title='bbox 1238 3747 1270 3814; x_wconf 88' lang='grc' dir='ltr'>ἡ</span> <span class='ocrx_word' id='word_1_425' title='bbox 1318 3745 1541 3812; x_wconf 79' lang='grc' dir='ltr'>γλῶσσα</span> <span class='ocrx_word' id='word_1_426' title='bbox 1583 3751 1770 3816; x_wconf 74' lang='grc' dir='ltr'>αὑτοῦ,</span> 
     </span>
    </p>
   </div>
   <div class='ocr_carea' id='block_1_56' title="bbox 167 3820 1774 3914">
    <p class='ocr_par' dir='ltr' id='par_1_56' title="bbox 167 3820 1774 3914">
     <span class='ocr_line' id='line_1_56' title="bbox 167 3820 1774 3914; baseline 0.017 -45"><span class='ocrx_word' id='word_1_427' title='bbox 167 3820 272 3871; x_wconf 72' lang='grc' dir='ltr'><strong>⁴καὶ</strong></span> <span class='ocrx_word' id='word_1_428' title='bbox 309 3821 490 3876; x_wconf 63' lang='grc' dir='ltr'>ἐλάλει</span> <span class='ocrx_word' id='word_1_429' title='bbox 516 3824 760 3893; x_wconf 79' lang='grc' dir='ltr'>εὐλογῶν</span> <span class='ocrx_word' id='word_1_430' title='bbox 795 3830 889 3882; x_wconf 87' lang='grc' dir='ltr'><strong>τὸν</strong></span> <span class='ocrx_word' id='word_1_431' title='bbox 915 3832 1071 3886; x_wconf 88' lang='grc' dir='ltr'>Θεόν.</span> <span class='ocrx_word' id='word_1_432' title='bbox 1095 3854 1118 3884; x_wconf 53' lang='grc' dir='ltr'>&gt;ι</span> <span class='ocrx_word' id='word_1_433' title='bbox 1155 3837 1381 3906; x_wconf 83' lang='grc' dir='ltr'>Ἔμεινε</span> <span class='ocrx_word' id='word_1_434' title='bbox 1414 3842 1512 3909; x_wconf 82' lang='grc' dir='ltr'><strong>μὲν</strong></span> <span class='ocrx_word' id='word_1_435' title='bbox 1545 3843 1577 3912; x_wconf 76' lang='grc' dir='ltr'>ἡ</span> <span class='ocrx_word' id='word_1_436' title='bbox 1621 3844 1774 3914; x_wconf 83' lang='grc' dir='ltr'>Παρ-</span> 
     </span>
    </p>
   </div>
   <div class='ocr_carea' id='block_1_57' title="bbox 171 3908 1774 3994">
    <p class='ocr_par' dir='ltr' id='par_1_57' title="bbox 171 3908 1774 3994">
     <span class='ocr_line' id='line_1_57' title="bbox 171 3908 1774 3994; baseline 0.016 -35"><span class='ocrx_word' id='word_1_437' title='bbox 171 3908 330 3972; x_wconf 74' lang='grc' dir='ltr'>θένος</span> <span class='ocrx_word' id='word_1_438' title='bbox 363 3911 503 3964; x_wconf 74' lang='grc' dir='ltr'>ὡσεὶ</span> <span class='ocrx_word' id='word_1_439' title='bbox 545 3918 723 3983; x_wconf 81' lang='grc' dir='ltr'>μῆνας</span> <span class='ocrx_word' id='word_1_440' title='bbox 765 3920 915 3987; x_wconf 85' lang='grc' dir='ltr'>τρεῖς</span> <span class='ocrx_word' id='word_1_441' title='bbox 962 3923 1100 3989; x_wconf 85' lang='grc' dir='ltr'>μετὰ</span> <span class='ocrx_word' id='word_1_442' title='bbox 1138 3924 1236 3994; x_wconf 83' lang='grc' dir='ltr'>τῆς</span> <span class='ocrx_word' id='word_1_443' title='bbox 1281 3908 1603 3994; x_wconf 30' lang='grc' dir='ltr'>Ἐλισάὸετλ</span> <span class='ocrx_word' id='word_1_444' title='bbox 1641 3908 1774 3994; x_wconf 63' lang='lat' dir='ltr'><strong>iam;</strong></span> 
     </span>
    </p>
   </div>
   <div class='ocr_carea' id='block_1_58' title="bbox 166 4002 1773 4094">
    <p class='ocr_par' dir='ltr' id='par_1_58' title="bbox 166 4002 1773 4094">
     <span class='ocr_line' id='line_1_58' title="bbox 166 4002 1773 4094; baseline 0.014 -40"><span class='ocrx_word' id='word_1_445' title='bbox 166 4002 268 4056; x_wconf 70' lang='grc' dir='ltr'>ὲπλ</span> <span class='ocrx_word' id='word_1_446' title='bbox 285 4003 363 4075; x_wconf 81' lang='grc' dir='ltr'>τῷ</span> <span class='ocrx_word' id='word_1_447' title='bbox 389 4007 676 4078; x_wconf 76' lang='grc' dir='ltr'><strong>παραδόξῳ</strong></span> <span class='ocrx_word' id='word_1_448' title='bbox 711 4012 1150 4086; x_wconf 78' lang='grc' dir='ltr'>ἐκπληττομένη’</span> <span class='ocrx_word' id='word_1_449' title='bbox 1190 4019 1285 4070; x_wconf 78' lang='grc' dir='ltr'><strong>καὶ</strong></span> <span class='ocrx_word' id='word_1_450' title='bbox 1317 4019 1548 4093; x_wconf 79' lang='grc' dir='ltr'>δεομένη</span> <span class='ocrx_word' id='word_1_451' title='bbox 1583 4039 1773 4094; x_wconf 85' lang='grc' dir='ltr'>παρα-</span> 
     </span>
    </p>
   </div>
   <div class='ocr_carea' id='block_1_59' title="bbox 172 4094 1772 4178">
    <p class='ocr_par' dir='ltr' id='par_1_59' title="bbox 172 4094 1772 4178">
     <span class='ocr_line' id='line_1_59' title="bbox 172 4094 1772 4178; baseline 0.015 -33"><span class='ocrx_word' id='word_1_452' title='bbox 172 4094 379 4163; x_wconf 83' lang='grc' dir='ltr'>μυθὶας</span> <span class='ocrx_word' id='word_1_453' title='bbox 431 4099 592 4163; x_wconf 66' lang='grc' dir='ltr'>τινὸς,</span> <span class='ocrx_word' id='word_1_454' title='bbox 662 4103 726 4169; x_wconf 69' lang='grc' dir='ltr'>ἢν</span> <span class='ocrx_word' id='word_1_455' title='bbox 771 4103 995 4172; x_wconf 75' lang='grc' dir='ltr'>ἔμελλεν</span> <span class='ocrx_word' id='word_1_456' title='bbox 1071 4107 1216 4178; x_wconf 79' lang='grc' dir='ltr'>ἔχειν</span> <span class='ocrx_word' id='word_1_457' title='bbox 1266 4110 1372 4163; x_wconf 78' lang='grc' dir='ltr'>ἀπὸ</span> <span class='ocrx_word' id='word_1_458' title='bbox 1402 4112 1496 4165; x_wconf 82' lang='grc' dir='ltr'>τοῦ</span> <span class='ocrx_word' id='word_1_459' title='bbox 1536 4119 1772 4169; x_wconf 79' lang='grc' dir='ltr'>συνεῖναι</span> 
     </span>
    </p>
   </div>
   <div class='ocr_carea' id='block_1_60' title="bbox 168 4183 1775 4279">
    <p class='ocr_par' dir='ltr' id='par_1_60' title="bbox 168 4183 1775 4279">
     <span class='ocr_line' id='line_1_60' title="bbox 168 4183 1775 4279; baseline 0.019 -46"><span class='ocrx_word' id='word_1_460' title='bbox 168 4186 239 4253; x_wconf 79' lang='grc' dir='ltr'>τῇ</span> <span class='ocrx_word' id='word_1_461' title='bbox 285 4183 567 4241; x_wconf 78' lang='grc' dir='ltr'>Ἐλισάὅετ</span> <span class='ocrx_word' id='word_1_462' title='bbox 587 4205 598 4217; x_wconf 88' lang='grc'><strong>·</strong></span> <span class='ocrx_word' id='word_1_463' title='bbox 628 4192 749 4246; x_wconf 72' lang='grc' dir='ltr'>ἐπεὶ</span> <span class='ocrx_word' id='word_1_464' title='bbox 771 4194 826 4247; x_wconf 85' lang='grc' dir='ltr'><strong>δὲ</strong></span> <span class='ocrx_word' id='word_1_465' title='bbox 860 4197 1190 4267; x_wconf 71' lang='grc' dir='ltr'>ἐπλησίαζεν</span> <span class='ocrx_word' id='word_1_466' title='bbox 1220 4204 1247 4254; x_wconf 93' lang='lat'><strong>6</strong></span> <span class='ocrx_word' id='word_1_467' title='bbox 1274 4203 1455 4268; x_wconf 82' lang='grc' dir='ltr'>τόκος,</span> <span class='ocrx_word' id='word_1_468' title='bbox 1485 4207 1775 4279; x_wconf 75' lang='grc' dir='ltr'>ὑπεχώρηο</span> 
     </span>
    </p>
   </div>
   <div class='ocr_carea' id='block_1_61' title="bbox 173 4277 1771 4368">
    <p class='ocr_par' dir='ltr' id='par_1_61' title="bbox 173 4277 1771 4368">
     <span class='ocr_line' id='line_1_61' title="bbox 173 4277 1771 4368; baseline 0.018 -41"><span class='ocrx_word' id='word_1_469' title='bbox 173 4291 296 4331; x_wconf 73' lang='lat' dir='ltr'><strong>cev.</strong></span> <span class='ocrx_word' id='word_1_470' title='bbox 368 4277 455 4342; x_wconf 83' lang='grc' dir='ltr'>Ὠς</span> <span class='ocrx_word' id='word_1_471' title='bbox 513 4282 568 4333; x_wconf 84' lang='grc' dir='ltr'><strong>δὲ</strong></span> <span class='ocrx_word' id='word_1_472' title='bbox 618 4284 862 4355; x_wconf 76' lang='grc' dir='ltr'>ἐπλήσθη</span> <span class='ocrx_word' id='word_1_473' title='bbox 919 4292 986 4360; x_wconf 81' lang='grc' dir='ltr'>τῇ</span> <span class='ocrx_word' id='word_1_474' title='bbox 1050 4291 1328 4346; x_wconf 78' lang='grc' dir='ltr'>Ἐλισάόετ</span> <span class='ocrx_word' id='word_1_475' title='bbox 1371 4299 1396 4348; x_wconf 98' lang='lat'><strong>6</strong></span> <span class='ocrx_word' id='word_1_476' title='bbox 1444 4299 1633 4368; x_wconf 81' lang='grc' dir='ltr'>χρόνος</span> <span class='ocrx_word' id='word_1_477' title='bbox 1676 4277 1771 4354; x_wconf 79' lang='grc' dir='ltr'>τοῦ</span> 
     </span>
    </p>
   </div>
   <div class='ocr_carea' id='block_1_62' title="bbox 171 4371 1772 4461">
    <p class='ocr_par' dir='ltr' id='par_1_62' title="bbox 171 4371 1772 4461">
     <span class='ocr_line' id='line_1_62' title="bbox 171 4371 1772 4461; baseline 0.02 -45"><span class='ocrx_word' id='word_1_478' title='bbox 171 4371 394 4432; x_wconf 82' lang='grc' dir='ltr'>τεκεῖν,</span> <span class='ocrx_word' id='word_1_479' title='bbox 451 4381 870 4446; x_wconf 80' lang='grc' dir='ltr'>παρατηρητέον</span> <span class='ocrx_word' id='word_1_480' title='bbox 925 4381 1008 4434; x_wconf 82' lang='grc' dir='ltr'><strong>ὅτι</strong></span> <span class='ocrx_word' id='word_1_481' title='bbox 1045 4385 1137 4437; x_wconf 72' lang='grc' dir='ltr'>ἐπὶ</span> <span class='ocrx_word' id='word_1_482' title='bbox 1174 4387 1280 4439; x_wconf 80' lang='grc' dir='ltr'>τῶν</span> <span class='ocrx_word' id='word_1_483' title='bbox 1321 4393 1666 4461; x_wconf 83' lang='grc' dir='ltr'>ἁμαρ-ωλῶν</span> <span class='ocrx_word' id='word_1_484' title='bbox 1710 4396 1772 4448; x_wconf 77' lang='grc' dir='ltr'><strong>οὐ</strong></span> 
     </span>
    </p>
   </div>
   <div class='ocr_carea' id='block_1_63' title="bbox 171 4458 1771 4556">
    <p class='ocr_par' dir='ltr' id='par_1_63' title="bbox 171 4458 1771 4556">
     <span class='ocr_line' id='line_1_63' title="bbox 171 4458 1771 4556; baseline 0.021 -48"><span class='ocrx_word' id='word_1_485' title='bbox 171 4458 398 4527; x_wconf 82' lang='grc' dir='ltr'>λέγεται</span> <span class='ocrx_word' id='word_1_486' title='bbox 433 4465 511 4528; x_wconf 80' lang='grc' dir='ltr'><strong>τὸ,</strong></span> <span class='ocrx_word' id='word_1_487' title='bbox 551 4467 835 4541; x_wconf 79' lang='grc' dir='ltr'>Ἐπλήσθη</span> <span class='ocrx_word' id='word_1_488' title='bbox 869 4473 898 4523; x_wconf 91' lang='lat'><strong>6</strong></span> <span class='ocrx_word' id='word_1_489' title='bbox 934 4476 1125 4546; x_wconf 82' lang='grc' dir='ltr'>χρόνος</span> <span class='ocrx_word' id='word_1_490' title='bbox 1147 4478 1239 4532; x_wconf 79' lang='grc' dir='ltr'>τοῦ</span> <span class='ocrx_word' id='word_1_491' title='bbox 1258 4458 1470 4549; x_wconf 53' lang='grc' dir='ltr'>τεκεῖν,</span> <span class='ocrx_word' id='word_1_492' title='bbox 1505 4485 1643 4540; x_wconf 76' lang='grc' dir='ltr'>ἀλλὰ</span> <span class='ocrx_word' id='word_1_493' title='bbox 1683 4489 1771 4556; x_wconf 83' lang='grc' dir='ltr'>μό·</span> 
     </span>
    </p>
   </div>
   <div class='ocr_carea' id='block_1_64' title="bbox 169 4555 1768 4647">
    <p class='ocr_par' dir='ltr' id='par_1_64' title="bbox 169 4555 1768 4647">
     <span class='ocr_line' id='line_1_64' title="bbox 169 4555 1768 4647; baseline 0.019 -41"><span class='ocrx_word' id='word_1_494' title='bbox 169 4572 264 4608; x_wconf 90' lang='grc' dir='ltr'><strong>νον</strong></span> <span class='ocrx_word' id='word_1_495' title='bbox 295 4555 426 4610; x_wconf 74' lang='grc' dir='ltr'>ὅπου</span> <span class='ocrx_word' id='word_1_496' title='bbox 442 4560 648 4626; x_wconf 73' lang='grc' dir='ltr'>δίκαιός</span> <span class='ocrx_word' id='word_1_497' title='bbox 667 4566 815 4619; x_wconf 81' lang='grc' dir='ltr'>ἐστιν</span> <span class='ocrx_word' id='word_1_498' title='bbox 844 4570 870 4618; x_wconf 91' lang='lat'><strong>6</strong></span> <span class='ocrx_word' id='word_1_499' title='bbox 895 4573 1234 4643; x_wconf 56' lang='grc' dir='ltr'>τικτόμενος,</span> <span class='ocrx_word' id='word_1_500' title='bbox 1267 4579 1383 4630; x_wconf 75' lang='grc' dir='ltr'>ἐκεῖ</span> <span class='ocrx_word' id='word_1_501' title='bbox 1411 4579 1630 4646; x_wconf 81' lang='grc' dir='ltr'>λέγεται</span> <span class='ocrx_word' id='word_1_502' title='bbox 1651 4600 1665 4614; x_wconf 74' lang='grc' dir='ltr'><strong>ο</strong></span> <span class='ocrx_word' id='word_1_503' title='bbox 1694 4586 1768 4647; x_wconf 75' lang='grc' dir='ltr'>ὡς</span> 
     </span>
    </p>
   </div>
   <div class='ocr_carea' id='block_1_65' title="bbox 169 4648 1762 4744">
    <p class='ocr_par' dir='ltr' id='par_1_65' title="bbox 169 4648 1762 4744">
     <span class='ocr_line' id='line_1_65' title="bbox 169 4648 1762 4744; baseline 0.02 -46"><span class='ocrx_word' id='word_1_504' title='bbox 169 4648 320 4701; x_wconf 77' lang='grc' dir='ltr'>ἔοικε</span> <span class='ocrx_word' id='word_1_505' title='bbox 351 4653 455 4721; x_wconf 62' lang='grc' dir='ltr'>γὰρ</span> <span class='ocrx_word' id='word_1_506' title='bbox 493 4657 768 4712; x_wconf 81' lang='grc' dir='ltr'>ἁτέλεστοι</span> <span class='ocrx_word' id='word_1_507' title='bbox 799 4663 892 4714; x_wconf 71' lang='grc' dir='ltr'><strong>καὶ</strong></span> <span class='ocrx_word' id='word_1_508' title='bbox 928 4666 1241 4735; x_wconf 77' lang='grc' dir='ltr'>ἀπλήρωτοι</span> <span class='ocrx_word' id='word_1_509' title='bbox 1275 4673 1381 4724; x_wconf 79' lang='grc' dir='ltr'><strong>τῶν</strong></span> <span class='ocrx_word' id='word_1_510' title='bbox 1419 4676 1762 4744; x_wconf 74' lang='grc' dir='ltr'>ἁμαρτωλῶν</span> 
     </span>
    </p>
   </div>
   <div class='ocr_carea' id='block_1_66' title="bbox 167 4742 1755 4840">
    <p class='ocr_par' dir='ltr' id='par_1_66' title="bbox 167 4742 1755 4840">
     <span class='ocr_line' id='line_1_66' title="bbox 167 4742 1755 4840; baseline 0.021 -49"><span class='ocrx_word' id='word_1_511' title='bbox 167 4742 219 4792; x_wconf 74' lang='grc' dir='ltr'>οἱ</span> <span class='ocrx_word' id='word_1_512' title='bbox 268 4743 445 4796; x_wconf 79' lang='grc' dir='ltr'>τόκο;’</span> <span class='ocrx_word' id='word_1_513' title='bbox 503 4753 745 4817; x_wconf 82' lang='grc' dir='ltr'>κρεῖττον</span> <span class='ocrx_word' id='word_1_514' title='bbox 781 4755 836 4805; x_wconf 77' lang='grc' dir='ltr'><strong>δὲ</strong></span> <span class='ocrx_word' id='word_1_515' title='bbox 889 4758 1072 4820; x_wconf 75' lang='grc' dir='ltr'>αὐτοῖς</span> <span class='ocrx_word' id='word_1_516' title='bbox 1118 4764 1165 4812; x_wconf 72' lang='grc' dir='ltr'>εἰ</span> <span class='ocrx_word' id='word_1_517' title='bbox 1216 4765 1314 4815; x_wconf 62' lang='grc' dir='ltr'>οὐκ</span> <span class='ocrx_word' id='word_1_518' title='bbox 1362 4769 1755 4840; x_wconf 57' lang='grc' dir='ltr'>ἐγεννήθησαν.</span> 
     </span>
    </p>
   </div>
   <div class='ocr_carea' id='block_1_67' title="bbox 167 4834 1757 4930">
    <p class='ocr_par' dir='ltr' id='par_1_67' title="bbox 167 4834 1757 4930">
     <span class='ocr_line' id='line_1_67' title="bbox 167 4834 1757 4930; baseline 0.021 -48"><span class='ocrx_word' id='word_1_519' title='bbox 167 4834 274 4884; x_wconf 71' lang='grc' dir='ltr'><strong>Διὰ</strong></span> <span class='ocrx_word' id='word_1_520' title='bbox 319 4835 370 4885; x_wconf 82' lang='grc' dir='ltr'>τί</span> <span class='ocrx_word' id='word_1_521' title='bbox 420 4837 474 4889; x_wconf 84' lang='grc' dir='ltr'><strong>δὲ</strong></span> <span class='ocrx_word' id='word_1_522' title='bbox 525 4841 661 4908; x_wconf 72' lang='grc' dir='ltr'>μετὰ</span> <span class='ocrx_word' id='word_1_523' title='bbox 722 4844 819 4913; x_wconf 78' lang='grc' dir='ltr'><strong>τὴν</strong></span> <span class='ocrx_word' id='word_1_524' title='bbox 855 4852 1158 4921; x_wconf 75' lang='grc' dir='ltr'>περιτομὴν</span> <span class='ocrx_word' id='word_1_525' title='bbox 1210 4855 1416 4908; x_wconf 71' lang='grc' dir='ltr'>ἐτίθετο</span> <span class='ocrx_word' id='word_1_526' title='bbox 1458 4859 1517 4910; x_wconf 75' lang='grc' dir='ltr'>τὸ</span> <span class='ocrx_word' id='word_1_527' title='bbox 1551 4861 1757 4930; x_wconf 73' lang='grc' dir='ltr'>ὄνομα;</span> 
     </span>
    </p>
   </div>
   <div class='ocr_carea' id='block_1_68' title="bbox 181 4926 1762 5018">
    <p class='ocr_par' dir='ltr' id='par_1_68' title="bbox 181 4926 1762 5018">
     <span class='ocr_line' id='line_1_68' title="bbox 181 4926 1762 5018; baseline 0.018 -41"><span class='ocrx_word' id='word_1_528' title='bbox 181 4926 334 4979; x_wconf 79' lang='grc' dir='ltr'>Διότι</span> <span class='ocrx_word' id='word_1_529' title='bbox 370 4931 741 5002; x_wconf 84' lang='grc' dir='ltr'>πρότερονδεῖ</span> <span class='ocrx_word' id='word_1_530' title='bbox 772 4940 868 5006; x_wconf 83' lang='grc' dir='ltr'>τὴν</span> <span class='ocrx_word' id='word_1_531' title='bbox 905 4942 967 4992; x_wconf 84' lang='grc' dir='ltr'>ὲκ</span> <span class='ocrx_word' id='word_1_532' title='bbox 1006 4942 1139 4995; x_wconf 74' lang='grc' dir='ltr'>Θεοῦ</span> <span class='ocrx_word' id='word_1_533' title='bbox 1179 4950 1453 5014; x_wconf 72' lang='grc' dir='ltr'>σφραγῖδα</span> <span class='ocrx_word' id='word_1_534' title='bbox 1486 4952 1762 5018; x_wconf 76' lang='grc' dir='ltr'>δέξασθαι,</span> 
     </span>
    </p>
   </div>
   <div class='ocr_carea' id='block_1_69' title="bbox 161 5019 1764 5118">
    <p class='ocr_par' dir='ltr' id='par_1_69' title="bbox 161 5019 1764 5118">
     <span class='ocr_line' id='line_1_69' title="bbox 161 5019 1764 5118; baseline 0.022 -51"><span class='ocrx_word' id='word_1_535' title='bbox 161 5019 270 5069; x_wconf 74' lang='grc' dir='ltr'>καὶ</span> <span class='ocrx_word' id='word_1_536' title='bbox 304 5021 420 5071; x_wconf 82' lang='grc' dir='ltr'>τότε</span> <span class='ocrx_word' id='word_1_537' title='bbox 439 5023 514 5093; x_wconf 37' lang='grc' dir='ltr'>-το</span> <span class='ocrx_word' id='word_1_538' title='bbox 554 5027 900 5096; x_wconf 77' lang='grc' dir='ltr'>ἀνθρώπινον</span> <span class='ocrx_word' id='word_1_539' title='bbox 946 5036 1118 5104; x_wconf 69' lang='grc' dir='ltr'>ὄνομα</span> <span class='ocrx_word' id='word_1_540' title='bbox 1145 5056 1158 5068; x_wconf 86' lang='grc'><strong>·</strong></span> <span class='ocrx_word' id='word_1_541' title='bbox 1210 5041 1385 5103; x_wconf 68' lang='grc' dir='ltr'>ἄλλοις</span> <span class='ocrx_word' id='word_1_542' title='bbox 1424 5049 1564 5114; x_wconf 84' lang='grc' dir='ltr'>τε,ή</span> <span class='ocrx_word' id='word_1_543' title='bbox 1615 5068 1764 5118; x_wconf 59' lang='grc' dir='ltr'>ῖςᾳρι-</span> 
     </span>
    </p>
   </div>
   <div class='ocr_carea' id='block_1_70' title="bbox 171 5112 1761 5202">
    <p class='ocr_par' dir='ltr' id='par_1_70' title="bbox 171 5112 1761 5202">
     <span class='ocr_line' id='line_1_70' title="bbox 171 5112 1761 5202; baseline 0.021 -42"><span class='ocrx_word' id='word_1_544' title='bbox 171 5112 319 5179; x_wconf 84' lang='grc' dir='ltr'><strong>τομὴ</strong></span> <span class='ocrx_word' id='word_1_545' title='bbox 351 5112 508 5167; x_wconf 74' lang='grc' dir='ltr'>τοῦτο</span> <span class='ocrx_word' id='word_1_546' title='bbox 542 5121 820 5187; x_wconf 80' lang='grc' dir='ltr'>σημαίνει,</span> <span class='ocrx_word' id='word_1_547' title='bbox 859 5125 1133 5196; x_wconf 73' lang='grc' dir='ltr'>ἀποϐολὴν</span> <span class='ocrx_word' id='word_1_548' title='bbox 1169 5132 1277 5184; x_wconf 80' lang='grc' dir='ltr'>τῶν</span> <span class='ocrx_word' id='word_1_549' title='bbox 1307 5139 1609 5202; x_wconf 83' lang='grc' dir='ltr'>σαρκικῶν.</span> <span class='ocrx_word' id='word_1_550' title='bbox 1655 5141 1761 5192; x_wconf 73' lang='grc' dir='ltr'><strong>Ου-</strong></span> 
     </span>
    </p>
   </div>
   <div class='ocr_carea' id='block_1_71' title="bbox 168 5198 1767 5300">
    <p class='ocr_par' dir='ltr' id='par_1_71' title="bbox 168 5198 1767 5300">
     <span class='ocr_line' id='line_1_71' title="bbox 168 5198 1767 5300; baseline 0.019 -46"><span class='ocrx_word' id='word_1_551' title='bbox 168 5199 287 5262; x_wconf 77' lang='grc' dir='ltr'>δεὶς</span> <span class='ocrx_word' id='word_1_552' title='bbox 326 5198 417 5256; x_wconf 81' lang='grc' dir='ltr'><strong>οὖν</strong></span> <span class='ocrx_word' id='word_1_553' title='bbox 467 5208 516 5258; x_wconf 72' lang='grc' dir='ltr'>εἰ</span> <span class='ocrx_word' id='word_1_554' title='bbox 547 5210 620 5278; x_wconf 82' lang='grc' dir='ltr'>μὴ</span> <span class='ocrx_word' id='word_1_555' title='bbox 654 5213 916 5283; x_wconf 82' lang='grc' dir='ltr'>πρότερον</span> <span class='ocrx_word' id='word_1_556' title='bbox 945 5217 1224 5292; x_wconf 62' lang='grc' dir='ltr'>ἀπορῤἱψη</span> <span class='ocrx_word' id='word_1_557' title='bbox 1260 5226 1351 5276; x_wconf 67' lang='grc' dir='ltr'><strong>καὶ</strong></span> <span class='ocrx_word' id='word_1_558' title='bbox 1383 5198 1673 5300; x_wconf 33' lang='grc' dir='ltr'>’περικόψῃ</span> <span class='ocrx_word' id='word_1_559' title='bbox 1701 5232 1767 5284; x_wconf 77' lang='grc' dir='ltr'>τὰ</span> 
     </span>
    </p>
   </div>
   <div class='ocr_carea' id='block_1_72' title="bbox 170 5299 1764 5393">
    <p class='ocr_par' dir='ltr' id='par_1_72' title="bbox 170 5299 1764 5393">
     <span class='ocr_line' id='line_1_72' title="bbox 170 5299 1764 5393; baseline 0.021 -50"><span class='ocrx_word' id='word_1_560' title='bbox 170 5299 452 5362; x_wconf 79' lang='grc' dir='ltr'>σαρκικὰ,</span> <span class='ocrx_word' id='word_1_561' title='bbox 522 5301 668 5366; x_wconf 76' lang='grc' dir='ltr'>ἄξιός</span> <span class='ocrx_word' id='word_1_562' title='bbox 733 5306 880 5358; x_wconf 75' lang='grc' dir='ltr'>ἐστιν</span> <span class='ocrx_word' id='word_1_563' title='bbox 961 5310 1334 5382; x_wconf 77' lang='grc' dir='ltr'>ὀνομασθῆναι</span> <span class='ocrx_word' id='word_1_564' title='bbox 1420 5322 1764 5393; x_wconf 78' lang='grc' dir='ltr'>στρατιώτης</span> 
     </span>
    </p>
   </div>
   <div class='ocr_carea' id='block_1_73' title="bbox 167 5381 1763 5485">
    <p class='ocr_par' dir='ltr' id='par_1_73' title="bbox 167 5381 1763 5485">
     <span class='ocr_line' id='line_1_73' title="bbox 167 5381 1763 5485; baseline 0.023 -51"><span class='ocrx_word' id='word_1_565' title='bbox 167 5381 313 5438; x_wconf 80' lang='grc' dir='ltr'>Θεοῦ</span> <span class='ocrx_word' id='word_1_566' title='bbox 345 5385 476 5455; x_wconf 83' lang='grc'>(97),</span> <span class='ocrx_word' id='word_1_567' title='bbox 522 5393 614 5442; x_wconf 79' lang='grc' dir='ltr'>καὶ</span> <span class='ocrx_word' id='word_1_568' title='bbox 641 5396 699 5446; x_wconf 80' lang='grc' dir='ltr'><strong>εν</strong></span> <span class='ocrx_word' id='word_1_569' title='bbox 730 5400 794 5465; x_wconf 80' lang='grc' dir='ltr'>τῇ</span> <span class='ocrx_word' id='word_1_570' title='bbox 829 5397 997 5470; x_wconf 74' lang='grc' dir='ltr'><strong>βίϐλῳ</strong></span> <span class='ocrx_word' id='word_1_571' title='bbox 1024 5403 1129 5455; x_wconf 82' lang='grc' dir='ltr'><strong>τῶν</strong></span> <span class='ocrx_word' id='word_1_572' title='bbox 1159 5381 1405 5476; x_wconf 75' lang='grc' dir='ltr'>οὐρανῶν</span> <span class='ocrx_word' id='word_1_573' title='bbox 1439 5381 1763 5485; x_wconf 54' lang='grc' dir='ltr'><strong>σεέιιιιογροιφῆζ</strong></span> 
     </span>
    </p>
   </div>
   <div class='ocr_carea' id='block_1_74' title="bbox 165 5479 1763 5575">
    <p class='ocr_par' dir='ltr' id='par_1_74' title="bbox 165 5479 1763 5575">
     <span class='ocr_line' id='line_1_74' title="bbox 165 5479 1763 5575; baseline 0.02 -46"><span class='ocrx_word' id='word_1_574' title='bbox 165 5491 262 5530; x_wconf 82' lang='grc' dir='ltr'><strong>ναι</strong></span> <span class='ocrx_word' id='word_1_575' title='bbox 305 5479 470 5534; x_wconf 82' lang='grc' dir='ltr'>αὑτοῦ</span> <span class='ocrx_word' id='word_1_576' title='bbox 498 5483 556 5535; x_wconf 83' lang='grc' dir='ltr'><strong>τὸ</strong></span> <span class='ocrx_word' id='word_1_577' title='bbox 596 5484 787 5557; x_wconf 74' lang='grc' dir='ltr'>ὗνομα.</span> <span class='ocrx_word' id='word_1_578' title='bbox 831 5491 896 5543; x_wconf 83' lang='grc' dir='ltr'><em>Ἠ</em></span> <span class='ocrx_word' id='word_1_579' title='bbox 929 5493 985 5545; x_wconf 85' lang='grc' dir='ltr'><strong>δὲ</strong></span> <span class='ocrx_word' id='word_1_580' title='bbox 1041 5496 1342 5564; x_wconf 77' lang='grc' dir='ltr'>Ἐλισάὀετ,</span> <span class='ocrx_word' id='word_1_581' title='bbox 1374 5503 1447 5564; x_wconf 81' lang='grc' dir='ltr'>ὡς</span> <span class='ocrx_word' id='word_1_582' title='bbox 1493 5508 1763 5575; x_wconf 76' lang='grc' dir='ltr'>προφῆτις</span> 
     </span>
    </p>
   </div>
   <div class='ocr_carea' id='block_1_75' title="bbox 240 5618 766 5690">
    <p class='ocr_par' dir='ltr' id='par_1_75' title="bbox 240 5618 766 5690">
     <span class='ocr_line' id='line_1_75' title="bbox 240 5618 766 5690; baseline 0.015 -19"><span class='ocrx_word' id='word_1_583' title='bbox 240 5618 263 5648; x_wconf 80' lang='grc'><strong>⁸</strong></span> <span class='ocrx_word' id='word_1_584' title='bbox 307 5619 443 5672; x_wconf 82' lang='lat' dir='ltr'><strong>ch.</strong></span> <span class='ocrx_word' id='word_1_585' title='bbox 497 5639 634 5690; x_wconf 77' lang='lat' dir='ltr'><strong>xm,</strong></span> <span class='ocrx_word' id='word_1_586' title='bbox 677 5627 766 5681; x_wconf 76' lang='lat'><strong>38.</strong></span> 
     </span>
    </p>
   </div>
   <div class='ocr_carea' id='block_1_76' title="bbox 1891 1987 3500 2065">
    <p class='ocr_par' dir='ltr' id='par_1_76' title="bbox 1891 1987 3500 2065">
     <span class='ocr_line' id='line_1_76' title="bbox 1891 1987 3500 2065; baseline 0.011 -26"><span class='ocrx_word' id='word_1_587' title='bbox 1891 1987 2017 2039; x_wconf 91' lang='lat' dir='ltr'><strong>hinc</strong></span> <span class='ocrx_word' id='word_1_588' title='bbox 2053 1997 2138 2042; x_wconf 83' lang='lat' dir='ltr'><strong>est</strong></span> <span class='ocrx_word' id='word_1_589' title='bbox 2191 1988 2337 2056; x_wconf 81' lang='lat' dir='ltr'><strong>quod</strong></span> <span class='ocrx_word' id='word_1_590' title='bbox 2380 2004 2566 2044; x_wconf 87' lang='lat' dir='ltr'><strong>mense</strong></span> <span class='ocrx_word' id='word_1_591' title='bbox 2619 2002 2775 2047; x_wconf 82' lang='lat' dir='ltr'><strong>sexto</strong></span> <span class='ocrx_word' id='word_1_592' title='bbox 2823 1997 3075 2065; x_wconf 82' lang='lat' dir='ltr'><strong>concepti</strong></span> <span class='ocrx_word' id='word_1_593' title='bbox 3131 1996 3500 2056; x_wconf 65' lang='lat' dir='ltr'><strong>Praecursoris</strong></span> 
     </span>
    </p>
   </div>
   <div class='ocr_carea' id='block_1_77' title="bbox 1882 2079 3495 2148">
    <p class='ocr_par' dir='ltr' id='par_1_77' title="bbox 1882 2079 3495 2148">
     <span class='ocr_line' id='line_1_77' title="bbox 1882 2079 3495 2148; baseline 0.009 -18"><span class='ocrx_word' id='word_1_594' title='bbox 1882 2080 2032 2131; x_wconf 82' lang='lat' dir='ltr'><strong>venit</strong></span> <span class='ocrx_word' id='word_1_595' title='bbox 2065 2079 2296 2148; x_wconf 83' lang='lat' dir='ltr'><strong>angelus</strong></span> <span class='ocrx_word' id='word_1_596' title='bbox 2338 2080 2404 2134; x_wconf 91' lang='lat' dir='ltr'><strong>ad</strong></span> <span class='ocrx_word' id='word_1_597' title='bbox 2447 2079 2697 2148; x_wconf 82' lang='lat' dir='ltr'><strong>Mariam,</strong></span> <span class='ocrx_word' id='word_1_598' title='bbox 2749 2094 2803 2138; x_wconf 86' lang='lat' dir='ltr'><strong>et</strong></span> <span class='ocrx_word' id='word_1_599' title='bbox 2847 2088 3052 2141; x_wconf 85' lang='lat' dir='ltr'><strong>mansit</strong></span> <span class='ocrx_word' id='word_1_600' title='bbox 3091 2088 3181 2142; x_wconf 90' lang='lat' dir='ltr'><strong>illa</strong></span> <span class='ocrx_word' id='word_1_601' title='bbox 3215 2105 3339 2144; x_wconf 88' lang='lat' dir='ltr'><strong>cum</strong></span> <span class='ocrx_word' id='word_1_602' title='bbox 3382 2091 3495 2144; x_wconf 82' lang='lat' dir='ltr'><strong>Eli-</strong></span> 
     </span>
    </p>
   </div>
   <div class='ocr_carea' id='block_1_78' title="bbox 1885 2169 3497 2238">
    <p class='ocr_par' dir='ltr' id='par_1_78' title="bbox 1885 2169 3497 2238">
     <span class='ocr_line' id='line_1_78' title="bbox 1885 2169 3497 2238; baseline 0.008 -15"><span class='ocrx_word' id='word_1_603' title='bbox 1885 2169 2079 2225; x_wconf 84' lang='lat' dir='ltr'><strong>zabeth</strong></span> <span class='ocrx_word' id='word_1_604' title='bbox 2105 2170 2287 2227; x_wconf 86' lang='lat' dir='ltr'><strong>tribus</strong></span> <span class='ocrx_word' id='word_1_605' title='bbox 2313 2172 2536 2228; x_wconf 82' lang='lat' dir='ltr'><strong>circiter</strong></span> <span class='ocrx_word' id='word_1_606' title='bbox 2570 2177 2877 2232; x_wconf 88' lang='lat' dir='ltr'><strong>mensibus.</strong></span> <span class='ocrx_word' id='word_1_607' title='bbox 2916 2177 3056 2234; x_wconf 86' lang='lat' dir='ltr'><strong>Ecce</strong></span> <span class='ocrx_word' id='word_1_608' title='bbox 3087 2180 3257 2237; x_wconf 84' lang='lat' dir='ltr'><strong>ferme</strong></span> <span class='ocrx_word' id='word_1_609' title='bbox 3303 2199 3497 2238; x_wconf 78' lang='lat' dir='ltr'><strong>norem</strong></span> 
     </span>
    </p>
   </div>
   <div class='ocr_carea' id='block_1_79' title="bbox 1887 2277 2127 2318">
    <p class='ocr_par' dir='ltr' id='par_1_79' title="bbox 1887 2277 2127 2318">
     <span class='ocr_line' id='line_1_79' title="bbox 1887 2277 2127 2318; baseline 0.021 -5"><span class='ocrx_word' id='word_1_610' title='bbox 1887 2277 2127 2318; x_wconf 64' lang='lat' dir='ltr'><strong>meimes.</strong></span> 
     </span>
    </p>
   </div>
   <div class='ocr_carea' id='block_1_80' title="bbox 2587 2365 3496 2440">
    <p class='ocr_par' dir='ltr' id='par_1_80' title="bbox 2587 2365 3496 2440">
     <span class='ocr_line' id='line_1_80' title="bbox 2587 2365 3496 2440; baseline 0.012 -25"><span class='ocrx_word' id='word_1_611' title='bbox 2587 2365 2723 2435; x_wconf 81' lang='grc' dir='ltr'>πρὸς</span> <span class='ocrx_word' id='word_1_612' title='bbox 2776 2367 3050 2438; x_wconf 77' lang='grc' dir='ltr'>Μαριάμο</span> <span class='ocrx_word' id='word_1_613' title='bbox 3111 2368 3295 2439; x_wconf 80' lang='grc' dir='ltr'>ἔμεινε</span> <span class='ocrx_word' id='word_1_614' title='bbox 3343 2371 3401 2425; x_wconf 82' lang='grc' dir='ltr'><strong>δὲ</strong></span> <span class='ocrx_word' id='word_1_615' title='bbox 3461 2373 3496 2440; x_wconf 83' lang='grc' dir='ltr'>ή</span> 
     </span>
    </p>
   </div>
   <div class='ocr_carea' id='block_1_81' title="bbox 1961 2549 3500 2634">
    <p class='ocr_par' dir='ltr' id='par_1_81' title="bbox 1961 2549 3500 2634">
     <span class='ocr_line' id='line_1_81' title="bbox 1961 2549 3500 2634; baseline 0.014 -31"><span class='ocrx_word' id='word_1_616' title='bbox 1961 2549 2129 2605; x_wconf 77' lang='lat' dir='ltr'><strong>Vsus.</strong></span> <span class='ocrx_word' id='word_1_617' title='bbox 2191 2552 2387 2609; x_wconf 71' lang='lat'><strong>57-64.</strong></span> <span class='ocrx_word' id='word_1_618' title='bbox 2455 2575 2472 2605; x_wconf 85' lang='grc'><em>‹</em></span> <span class='ocrx_word' id='word_1_619' title='bbox 2526 2555 2857 2615; x_wconf 70' lang='lat' dir='ltr'><strong>Elisabethae</strong></span> <span class='ocrx_word' id='word_1_620' title='bbox 2905 2576 3036 2618; x_wconf 64' lang='lat' dir='ltr'><strong>&quot;ero</strong></span> <span class='ocrx_word' id='word_1_621' title='bbox 3082 2565 3363 2634; x_wconf 88' lang='lat' dir='ltr'><strong>impletum</strong></span> <span class='ocrx_word' id='word_1_622' title='bbox 3416 2580 3500 2623; x_wconf 87' lang='lat' dir='ltr'><strong>est</strong></span> 
     </span>
    </p>
   </div>
   <div class='ocr_carea' id='block_1_82' title="bbox 1889 2648 3498 2723">
    <p class='ocr_par' dir='ltr' id='par_1_82' title="bbox 1889 2648 3498 2723">
     <span class='ocr_line' id='line_1_82' title="bbox 1889 2648 3498 2723; baseline 0.011 -26"><span class='ocrx_word' id='word_1_623' title='bbox 1889 2654 2104 2714; x_wconf 89' lang='lat' dir='ltr'><strong>tempus</strong></span> <span class='ocrx_word' id='word_1_624' title='bbox 2160 2648 2434 2716; x_wconf 85' lang='lat' dir='ltr'><strong>pariendi,</strong></span> <span class='ocrx_word' id='word_1_625' title='bbox 2483 2661 2539 2706; x_wconf 90' lang='lat' dir='ltr'><strong>et</strong></span> <span class='ocrx_word' id='word_1_626' title='bbox 2589 2654 2802 2723; x_wconf 84' lang='lat' dir='ltr'><strong>peperit</strong></span> <span class='ocrx_word' id='word_1_627' title='bbox 2845 2655 3040 2710; x_wconf 84' lang='lat' dir='ltr'><strong>ﬁlium.</strong></span> <span class='ocrx_word' id='word_1_628' title='bbox 3091 2659 3159 2713; x_wconf 89' lang='lat' dir='ltr'><strong>Et</strong></span> <span class='ocrx_word' id='word_1_629' title='bbox 3201 2661 3498 2718; x_wconf 86' lang='lat' dir='ltr'><strong>audierunt</strong></span> 
     </span>
    </p>
   </div>
   <div class='ocr_carea' id='block_1_83' title="bbox 1885 2736 3499 2817">
    <p class='ocr_par' dir='ltr' id='par_1_83' title="bbox 1885 2736 3499 2817">
     <span class='ocr_line' id='line_1_83' title="bbox 1885 2736 3499 2817; baseline 0.015 -31"><span class='ocrx_word' id='word_1_630' title='bbox 1885 2736 2052 2790; x_wconf 75' lang='lat' dir='ltr'><strong>vicini</strong></span> <span class='ocrx_word' id='word_1_631' title='bbox 2104 2746 2160 2790; x_wconf 90' lang='lat' dir='ltr'><strong>et</strong></span> <span class='ocrx_word' id='word_1_632' title='bbox 2210 2741 2428 2809; x_wconf 88' lang='lat' dir='ltr'><strong>cognati</strong></span> <span class='ocrx_word' id='word_1_633' title='bbox 2475 2743 2628 2813; x_wconf 88' lang='lat' dir='ltr'><strong>ejus,</strong></span> <span class='ocrx_word' id='word_1_634' title='bbox 2683 2748 2828 2814; x_wconf 84' lang='lat' dir='ltr'><strong>quod</strong></span> <span class='ocrx_word' id='word_1_635' title='bbox 2889 2750 3183 2817; x_wconf 83' lang='lat' dir='ltr'><strong>mag-uince</strong></span> <span class='ocrx_word' id='word_1_636' title='bbox 3232 2752 3499 2810; x_wconf 68' lang='lat' dir='ltr'><strong>Dominus</strong></span> 
     </span>
    </p>
   </div>
   <div class='ocr_carea' id='block_1_84' title="bbox 1888 2824 3498 2915">
    <p class='ocr_par' dir='ltr' id='par_1_84' title="bbox 1888 2824 3498 2915">
     <span class='ocr_line' id='line_1_84' title="bbox 1888 2824 3498 2915; baseline 0.014 -35"><span class='ocrx_word' id='word_1_637' title='bbox 1888 2827 2267 2884; x_wconf 87' lang='lat' dir='ltr'><strong>misericordia</strong></span> <span class='ocrx_word' id='word_1_638' title='bbox 2304 2845 2401 2886; x_wconf 82' lang='lat' dir='ltr'><strong>sua</strong></span> <span class='ocrx_word' id='word_1_639' title='bbox 2440 2849 2573 2889; x_wconf 89' lang='lat' dir='ltr'><strong>usus</strong></span> <span class='ocrx_word' id='word_1_640' title='bbox 2602 2847 2752 2892; x_wconf 84' lang='lat' dir='ltr'><strong>esset</strong></span> <span class='ocrx_word' id='word_1_641' title='bbox 2791 2854 2921 2910; x_wconf 84' lang='lat' dir='ltr'><strong>erga</strong></span> <span class='ocrx_word' id='word_1_642' title='bbox 2950 2824 3140 2905; x_wconf 40' lang='lat' dir='ltr'><strong>illam,’</strong></span> <span class='ocrx_word' id='word_1_643' title='bbox 3168 2853 3222 2898; x_wconf 89' lang='lat' dir='ltr'><strong>et</strong></span> <span class='ocrx_word' id='word_1_644' title='bbox 3256 2850 3498 2915; x_wconf 84' lang='lat' dir='ltr'><strong>gratula-</strong></span> 
     </span>
    </p>
   </div>
   <div class='ocr_carea' id='block_1_85' title="bbox 1885 2920 3499 2999">
    <p class='ocr_par' dir='ltr' id='par_1_85' title="bbox 1885 2920 3499 2999">
     <span class='ocr_line' id='line_1_85' title="bbox 1885 2920 3499 2999; baseline 0.013 -26"><span class='ocrx_word' id='word_1_645' title='bbox 1885 2920 2086 2974; x_wconf 82' lang='lat' dir='ltr'><strong>bantur</strong></span> <span class='ocrx_word' id='word_1_646' title='bbox 2110 2922 2278 2978; x_wconf 80' lang='lat' dir='ltr'><strong>ei.‘Et</strong></span> <span class='ocrx_word' id='word_1_647' title='bbox 2309 2924 2516 2980; x_wconf 81' lang='lat' dir='ltr'><strong>factum</strong></span> <span class='ocrx_word' id='word_1_648' title='bbox 2549 2938 2633 2982; x_wconf 91' lang='lat' dir='ltr'><strong>est</strong></span> <span class='ocrx_word' id='word_1_649' title='bbox 2665 2931 2716 2982; x_wconf 93' lang='lat' dir='ltr'><strong>in</strong></span> <span class='ocrx_word' id='word_1_650' title='bbox 2750 2932 2839 2984; x_wconf 91' lang='lat' dir='ltr'><strong>die</strong></span> <span class='ocrx_word' id='word_1_651' title='bbox 2869 2944 3086 2999; x_wconf 83' lang='lat' dir='ltr'><strong>octavo,</strong></span> <span class='ocrx_word' id='word_1_652' title='bbox 3130 2951 3400 2993; x_wconf 84' lang='lat' dir='ltr'><strong>venerunt</strong></span> <span class='ocrx_word' id='word_1_653' title='bbox 3430 2943 3499 2994; x_wconf 87' lang='lat' dir='ltr'><strong>ad</strong></span> 
     </span>
    </p>
   </div>
   <div class='ocr_carea' id='block_1_86' title="bbox 1885 3011 3499 3087">
    <p class='ocr_par' dir='ltr' id='par_1_86' title="bbox 1885 3011 3499 3087">
     <span class='ocr_line' id='line_1_86' title="bbox 1885 3011 3499 3087; baseline 0.012 -22"><span class='ocrx_word' id='word_1_654' title='bbox 1885 3011 2392 3071; x_wconf 86' lang='lat' dir='ltr'><strong>circumcidendum</strong></span> <span class='ocrx_word' id='word_1_655' title='bbox 2425 3032 2691 3086; x_wconf 89' lang='lat' dir='ltr'><strong>puerum,</strong></span> <span class='ocrx_word' id='word_1_656' title='bbox 2728 3032 2784 3076; x_wconf 91' lang='lat' dir='ltr'><strong>et</strong></span> <span class='ocrx_word' id='word_1_657' title='bbox 2810 3025 3082 3079; x_wconf 87' lang='lat' dir='ltr'><strong>vocabant</strong></span> <span class='ocrx_word' id='word_1_658' title='bbox 3115 3043 3238 3082; x_wconf 91' lang='lat' dir='ltr'><strong>eum</strong></span> <span class='ocrx_word' id='word_1_659' title='bbox 3274 3032 3499 3087; x_wconf 83' lang='lat' dir='ltr'><strong>nomine</strong></span> 
     </span>
    </p>
   </div>
   <div class='ocr_carea' id='block_1_87' title="bbox 1885 3106 3497 3200">
    <p class='ocr_par' dir='ltr' id='par_1_87' title="bbox 1885 3106 3497 3200">
     <span class='ocr_line' id='line_1_87' title="bbox 1885 3106 3497 3200; baseline 0.014 -43"><span class='ocrx_word' id='word_1_660' title='bbox 1885 3106 2057 3171; x_wconf 88' lang='lat' dir='ltr'><strong>patris</strong></span> <span class='ocrx_word' id='word_1_661' title='bbox 2101 3108 2182 3160; x_wconf 89' lang='lat' dir='ltr'><strong>sui</strong></span> <span class='ocrx_word' id='word_1_662' title='bbox 2239 3107 2580 3165; x_wconf 80' lang='lat' dir='ltr'><strong>Zachariam.</strong></span> <span class='ocrx_word' id='word_1_663' title='bbox 2653 3113 3110 3185; x_wconf 84' lang='lat' dir='ltr'><strong>Et_respondens</strong></span> <span class='ocrx_word' id='word_1_664' title='bbox 3171 3131 3345 3177; x_wconf 86' lang='lat' dir='ltr'><strong>mater</strong></span> <span class='ocrx_word' id='word_1_665' title='bbox 3378 3127 3497 3200; x_wconf 77' lang='lat' dir='ltr'><strong>ejus</strong></span> 
     </span>
    </p>
   </div>
   <div class='ocr_carea' id='block_1_88' title="bbox 2089 3198 3501 3274">
    <p class='ocr_par' dir='ltr' id='par_1_88' title="bbox 2089 3198 3501 3274">
     <span class='ocr_line' id='line_1_88' title="bbox 2089 3198 3501 3274; baseline 0.016 -23"><span class='ocrx_word' id='word_1_666' title='bbox 2089 3216 2102 3250; x_wconf 91' lang='lat'><strong>:</strong></span> <span class='ocrx_word' id='word_1_667' title='bbox 2160 3198 2555 3270; x_wconf 75' lang='lat' dir='ltr'><strong>Nequaquam,</strong></span> <span class='ocrx_word' id='word_1_668' title='bbox 2613 3208 2709 3259; x_wconf 88' lang='lat' dir='ltr'><strong>sed</strong></span> <span class='ocrx_word' id='word_1_669' title='bbox 2770 3209 3058 3263; x_wconf 74' lang='lat' dir='ltr'><strong>vocabitur</strong></span> <span class='ocrx_word' id='word_1_670' title='bbox 3113 3210 3375 3271; x_wconf 80' lang='lat' dir='ltr'><strong>Joannes.</strong></span> <span class='ocrx_word' id='word_1_671' title='bbox 3411 3198 3501 3274; x_wconf 75' lang='lat' dir='ltr'><strong>Et</strong></span> 
     </span>
    </p>
   </div>
   <div class='ocr_carea' id='block_1_89' title="bbox 1883 3286 3497 3381">
    <p class='ocr_par' dir='ltr' id='par_1_89' title="bbox 1883 3286 3497 3381">
     <span class='ocr_line' id='line_1_89' title="bbox 1883 3286 3497 3381; baseline 0.017 -42"><span class='ocrx_word' id='word_1_672' title='bbox 1883 3286 2140 3343; x_wconf 81' lang='lat' dir='ltr'><strong>dixerunt</strong></span> <span class='ocrx_word' id='word_1_673' title='bbox 2178 3293 2244 3344; x_wconf 89' lang='lat' dir='ltr'><strong>ad</strong></span> <span class='ocrx_word' id='word_1_674' title='bbox 2278 3293 2427 3345; x_wconf 82' lang='lat' dir='ltr'><strong>illam</strong></span> <span class='ocrx_word' id='word_1_675' title='bbox 2463 3315 2474 3347; x_wconf 88' lang='lat'>:</span> <span class='ocrx_word' id='word_1_676' title='bbox 2516 3294 2688 3350; x_wconf 81' lang='lat' dir='ltr'><strong>Nemo</strong></span> <span class='ocrx_word' id='word_1_677' title='bbox 2714 3308 2798 3352; x_wconf 86' lang='lat' dir='ltr'><strong>est</strong></span> <span class='ocrx_word' id='word_1_678' title='bbox 2835 3302 2888 3354; x_wconf 93' lang='lat' dir='ltr'><strong>in</strong></span> <span class='ocrx_word' id='word_1_679' title='bbox 2915 3308 3245 3372; x_wconf 72' lang='lat' dir='ltr'><strong>cognatione</strong></span> <span class='ocrx_word' id='word_1_680' title='bbox 3278 3316 3368 3364; x_wconf 83' lang='lat' dir='ltr'><strong>tua</strong></span> <span class='ocrx_word' id='word_1_681' title='bbox 3403 3316 3497 3381; x_wconf 91' lang='lat' dir='ltr'><strong>qui</strong></span> 
     </span>
    </p>
   </div>
   <div class='ocr_carea' id='block_1_90' title="bbox 1884 3381 3490 3473">
    <p class='ocr_par' dir='ltr' id='par_1_90' title="bbox 1884 3381 3490 3473">
     <span class='ocr_line' id='line_1_90' title="bbox 1884 3381 3490 3473; baseline 0.019 -43"><span class='ocrx_word' id='word_1_682' title='bbox 1884 3381 2248 3437; x_wconf 80' lang='lat' dir='ltr'><strong>voceturisto</strong></span> <span class='ocrx_word' id='word_1_683' title='bbox 2301 3387 2539 3440; x_wconf 89' lang='lat' dir='ltr'><strong>nomine.</strong></span> <span class='ocrx_word' id='word_1_684' title='bbox 2582 3387 2887 3445; x_wconf 66' lang='lat' dir='ltr'><strong>Iunt-ebant</strong></span> <span class='ocrx_word' id='word_1_685' title='bbox 2921 3403 3104 3449; x_wconf 85' lang='lat' dir='ltr'><strong>autem</strong></span> <span class='ocrx_word' id='word_1_686' title='bbox 3153 3401 3293 3467; x_wconf 89' lang='lat' dir='ltr'><strong>patri</strong></span> <span class='ocrx_word' id='word_1_687' title='bbox 3329 3405 3451 3473; x_wconf 87' lang='lat' dir='ltr'><strong>ejus</strong></span> <span class='ocrx_word' id='word_1_688' title='bbox 3477 3447 3490 3468; x_wconf 90' lang='lat'><strong>,</strong></span> 
     </span>
    </p>
   </div>
   <div class='ocr_carea' id='block_1_91' title="bbox 1883 3469 3491 3561">
    <p class='ocr_par' dir='ltr' id='par_1_91' title="bbox 1883 3469 3491 3561">
     <span class='ocr_line' id='line_1_91' title="bbox 1883 3469 3491 3561; baseline 0.02 -42"><span class='ocrx_word' id='word_1_689' title='bbox 1883 3469 2012 3538; x_wconf 87' lang='lat' dir='ltr'><strong>quid</strong></span> <span class='ocrx_word' id='word_1_690' title='bbox 2063 3473 2226 3526; x_wconf 79' lang='lat' dir='ltr'><strong>vellet</strong></span> <span class='ocrx_word' id='word_1_691' title='bbox 2273 3478 2454 3530; x_wconf 78' lang='lat' dir='ltr'><strong>vocari</strong></span> <span class='ocrx_word' id='word_1_692' title='bbox 2509 3493 2653 3532; x_wconf 86' lang='lat' dir='ltr'><strong>eum.</strong></span> <span class='ocrx_word' id='word_1_693' title='bbox 2695 3479 2874 3550; x_wconf 88' lang='lat' dir='ltr'><strong>Isque,</strong></span> <span class='ocrx_word' id='word_1_694' title='bbox 2928 3487 3220 3554; x_wconf 84' lang='lat' dir='ltr'><strong>postulatis</strong></span> <span class='ocrx_word' id='word_1_695' title='bbox 3258 3469 3491 3561; x_wconf 80' lang='lat' dir='ltr'><strong>tabellis,</strong></span> 
     </span>
    </p>
   </div>
   <div class='ocr_carea' id='block_1_92' title="bbox 1884 3560 3495 3646">
    <p class='ocr_par' dir='ltr' id='par_1_92' title="bbox 1884 3560 3495 3646">
     <span class='ocr_line' id='line_1_92' title="bbox 1884 3560 3495 3646; baseline 0.017 -34"><span class='ocrx_word' id='word_1_696' title='bbox 1884 3560 2352 3634; x_wconf 85' lang='lat' dir='ltr'><strong>scripsitdicens:</strong></span> <span class='ocrx_word' id='word_1_697' title='bbox 2390 3565 2631 3624; x_wconf 90' lang='lat' dir='ltr'><strong>Joannes</strong></span> <span class='ocrx_word' id='word_1_698' title='bbox 2662 3583 2746 3625; x_wconf 73' lang='lat' dir='ltr'><strong>eat</strong></span> <span class='ocrx_word' id='word_1_699' title='bbox 2782 3587 2981 3630; x_wconf 87' lang='lat' dir='ltr'><strong>nomen</strong></span> <span class='ocrx_word' id='word_1_700' title='bbox 3024 3578 3166 3646; x_wconf 86' lang='lat' dir='ltr'><strong>ejus.</strong></span> <span class='ocrx_word' id='word_1_701' title='bbox 3213 3582 3280 3636; x_wconf 91' lang='lat' dir='ltr'><strong>Et</strong></span> <span class='ocrx_word' id='word_1_702' title='bbox 3311 3587 3495 3640; x_wconf 85' lang='lat' dir='ltr'><strong>mirati</strong></span> 
     </span>
    </p>
   </div>
   <div class='ocr_carea' id='block_1_93' title="bbox 1882 3659 3498 3746">
    <p class='ocr_par' dir='ltr' id='par_1_93' title="bbox 1882 3659 3498 3746">
     <span class='ocr_line' id='line_1_93' title="bbox 1882 3659 3498 3746; baseline 0.017 -40"><span class='ocrx_word' id='word_1_703' title='bbox 1882 3666 2000 3707; x_wconf 83' lang='lat' dir='ltr'><strong>sunt</strong></span> <span class='ocrx_word' id='word_1_704' title='bbox 2045 3659 2306 3714; x_wconf 65' lang='lat' dir='ltr'><strong>universi.</strong></span> <span class='ocrx_word' id='word_1_705' title='bbox 2342 3662 2606 3730; x_wconf 79' lang='lat' dir='ltr'><strong>Apertum</strong></span> <span class='ocrx_word' id='word_1_706' title='bbox 2645 3675 2731 3720; x_wconf 88' lang='lat' dir='ltr'><strong>est</strong></span> <span class='ocrx_word' id='word_1_707' title='bbox 2761 3675 2944 3723; x_wconf 88' lang='lat' dir='ltr'><strong>autem</strong></span> <span class='ocrx_word' id='word_1_708' title='bbox 2987 3686 3051 3727; x_wconf 88' lang='lat' dir='ltr'><strong>os</strong></span> <span class='ocrx_word' id='word_1_709' title='bbox 3087 3673 3207 3742; x_wconf 88' lang='lat' dir='ltr'><strong>ejus</strong></span> <span class='ocrx_word' id='word_1_710' title='bbox 3239 3677 3405 3746; x_wconf 84' lang='lat' dir='ltr'><strong>illico,</strong></span> <span class='ocrx_word' id='word_1_711' title='bbox 3443 3693 3498 3737; x_wconf 86' lang='lat' dir='ltr'><strong>et</strong></span> 
     </span>
    </p>
   </div>
   <div class='ocr_carea' id='block_1_94' title="bbox 1884 3747 3497 3842">
    <p class='ocr_par' dir='ltr' id='par_1_94' title="bbox 1884 3747 3497 3842">
     <span class='ocr_line' id='line_1_94' title="bbox 1884 3747 3497 3842; baseline 0.019 -44"><span class='ocrx_word' id='word_1_712' title='bbox 1884 3747 2064 3817; x_wconf 78' lang='lat' dir='ltr'><strong>lingua</strong></span> <span class='ocrx_word' id='word_1_713' title='bbox 2102 3751 2254 3818; x_wconf 89' lang='lat' dir='ltr'><strong>ejus,</strong></span> <span class='ocrx_word' id='word_1_714' title='bbox 2290 3761 2344 3806; x_wconf 90' lang='grc' dir='ltr'><strong>ει</strong></span> <span class='ocrx_word' id='word_1_715' title='bbox 2381 3754 2704 3824; x_wconf 74' lang='lat' dir='ltr'><strong>loquebatur</strong></span> <span class='ocrx_word' id='word_1_716' title='bbox 2747 3760 2979 3818; x_wconf 87' lang='lat' dir='ltr'><strong>laudans</strong></span> <span class='ocrx_word' id='word_1_717' title='bbox 3017 3763 3209 3822; x_wconf 89' lang='lat' dir='ltr'><strong>Deum.</strong></span> <span class='ocrx_word' id='word_1_718' title='bbox 3257 3788 3275 3821; x_wconf 76' lang='grc' dir='ltr'><strong>ι</strong></span> <span class='ocrx_word' id='word_1_719' title='bbox 3331 3772 3497 3842; x_wconf 77' lang='lat' dir='ltr'><strong>Virgo</strong></span> 
     </span>
    </p>
   </div>
   <div class='ocr_carea' id='block_1_95' title="bbox 1877 3841 3500 3933">
    <p class='ocr_par' dir='ltr' id='par_1_95' title="bbox 1877 3841 3500 3933">
     <span class='ocr_line' id='line_1_95' title="bbox 1877 3841 3500 3933; baseline 0.02 -43"><span class='ocrx_word' id='word_1_720' title='bbox 1877 3841 2101 3908; x_wconf 84' lang='lat' dir='ltr'><strong>quidem</strong></span> <span class='ocrx_word' id='word_1_721' title='bbox 2155 3845 2376 3901; x_wconf 86' lang='lat' dir='ltr'><strong>circiter</strong></span> <span class='ocrx_word' id='word_1_722' title='bbox 2411 3850 2587 3904; x_wconf 87' lang='lat' dir='ltr'><strong>tribus</strong></span> <span class='ocrx_word' id='word_1_723' title='bbox 2639 3855 2925 3913; x_wconf 86' lang='lat' dir='ltr'><strong>mensibus</strong></span> <span class='ocrx_word' id='word_1_724' title='bbox 2967 3864 3172 3916; x_wconf 88' lang='lat' dir='ltr'><strong>mansit</strong></span> <span class='ocrx_word' id='word_1_725' title='bbox 3207 3867 3349 3933; x_wconf 82' lang='lat' dir='ltr'><strong>apud</strong></span> <span class='ocrx_word' id='word_1_726' title='bbox 3386 3841 3500 3921; x_wconf 85' lang='lat' dir='ltr'><strong>Eli-</strong></span> 
     </span>
    </p>
   </div>
   <div class='ocr_carea' id='block_1_96' title="bbox 1883 3934 3493 4023">
    <p class='ocr_par' dir='ltr' id='par_1_96' title="bbox 1883 3934 3493 4023">
     <span class='ocr_line' id='line_1_96' title="bbox 1883 3934 3493 4023; baseline 0.019 -36"><span class='ocrx_word' id='word_1_727' title='bbox 1883 3934 2079 3990; x_wconf 85' lang='lat' dir='ltr'><strong>sabeth</strong></span> <span class='ocrx_word' id='word_1_728' title='bbox 2106 3975 2121 4000; x_wconf 94' lang='lat'><strong>,</strong></span> <span class='ocrx_word' id='word_1_729' title='bbox 2172 3937 2425 3995; x_wconf 77' lang='lat' dir='ltr'><strong>fortassis</strong></span> <span class='ocrx_word' id='word_1_730' title='bbox 2461 3953 2612 3999; x_wconf 82' lang='lat' dir='ltr'><strong>tanto</strong></span> <span class='ocrx_word' id='word_1_731' title='bbox 2655 3949 2887 4003; x_wconf 90' lang='lat' dir='ltr'><strong>attonita</strong></span> <span class='ocrx_word' id='word_1_732' title='bbox 2919 3951 3216 4023; x_wconf 86' lang='lat' dir='ltr'><strong>miraculo,</strong></span> <span class='ocrx_word' id='word_1_733' title='bbox 3257 3970 3312 4014; x_wconf 91' lang='lat' dir='ltr'><strong>et</strong></span> <span class='ocrx_word' id='word_1_734' title='bbox 3349 3946 3493 4016; x_wconf 80' lang='lat' dir='ltr'><strong>indi-</strong></span> 
     </span>
    </p>
   </div>
   <div class='ocr_carea' id='block_1_97' title="bbox 1878 4031 3491 4112">
    <p class='ocr_par' dir='ltr' id='par_1_97' title="bbox 1878 4031 3491 4112">
     <span class='ocr_line' id='line_1_97' title="bbox 1878 4031 3491 4112; baseline 0.019 -32"><span class='ocrx_word' id='word_1_735' title='bbox 1878 4043 2017 4097; x_wconf 87' lang='lat' dir='ltr'><strong>gens</strong></span> <span class='ocrx_word' id='word_1_736' title='bbox 2062 4031 2436 4090; x_wconf 85' lang='lat' dir='ltr'><strong>consolatione</strong></span> <span class='ocrx_word' id='word_1_737' title='bbox 2485 4041 2724 4107; x_wconf 84' lang='lat' dir='ltr'><strong>quadam</strong></span> <span class='ocrx_word' id='word_1_738' title='bbox 2754 4058 2917 4112; x_wconf 88' lang='lat' dir='ltr'><strong>quam</strong></span> <span class='ocrx_word' id='word_1_739' title='bbox 2974 4061 3042 4101; x_wconf 81' lang='lat' dir='ltr'><strong>ex</strong></span> <span class='ocrx_word' id='word_1_740' title='bbox 3091 4055 3491 4110; x_wconf 85' lang='lat' dir='ltr'><strong>consuetudine</strong></span> 
     </span>
    </p>
   </div>
   <div class='ocr_carea' id='block_1_98' title="bbox 1885 4121 3488 4217">
    <p class='ocr_par' dir='ltr' id='par_1_98' title="bbox 1885 4121 3488 4217">
     <span class='ocr_line' id='line_1_98' title="bbox 1885 4121 3488 4217; baseline 0.017 -44"><span class='ocrx_word' id='word_1_741' title='bbox 1885 4121 2168 4179; x_wconf 85' lang='lat' dir='ltr'><strong>Elisabetb</strong></span> <span class='ocrx_word' id='word_1_742' title='bbox 2215 4125 2433 4183; x_wconf 85' lang='lat' dir='ltr'><strong>habuit.</strong></span> <span class='ocrx_word' id='word_1_743' title='bbox 2471 4125 2674 4188; x_wconf 63' lang='lat' dir='ltr'><strong>Verum</strong></span> <span class='ocrx_word' id='word_1_744' title='bbox 2713 4138 2803 4191; x_wconf 87' lang='lat' dir='ltr'><strong>ubi</strong></span> <span class='ocrx_word' id='word_1_745' title='bbox 2848 4142 3312 4212; x_wconf 85' lang='lat' dir='ltr'><strong>appropinquavit</strong></span> <span class='ocrx_word' id='word_1_746' title='bbox 3361 4163 3488 4217; x_wconf 87' lang='lat' dir='ltr'><strong>par-</strong></span> 
     </span>
    </p>
   </div>
   <div class='ocr_carea' id='block_1_99' title="bbox 1889 4217 3490 4306">
    <p class='ocr_par' dir='ltr' id='par_1_99' title="bbox 1889 4217 3490 4306">
     <span class='ocr_line' id='line_1_99' title="bbox 1889 4217 3490 4306; baseline 0.019 -39"><span class='ocrx_word' id='word_1_747' title='bbox 1889 4223 1995 4279; x_wconf 87' lang='lat' dir='ltr'><strong>tus,</strong></span> <span class='ocrx_word' id='word_1_748' title='bbox 2029 4217 2322 4274; x_wconf 84' lang='lat' dir='ltr'><strong>abscessit.</strong></span> <span class='ocrx_word' id='word_1_749' title='bbox 2360 4222 2459 4278; x_wconf 85' lang='lat' dir='ltr'><strong>Ubi</strong></span> <span class='ocrx_word' id='word_1_750' title='bbox 2501 4235 2682 4281; x_wconf 89' lang='lat' dir='ltr'><strong>autem</strong></span> <span class='ocrx_word' id='word_1_751' title='bbox 2717 4229 2998 4297; x_wconf 89' lang='lat' dir='ltr'><strong>impletum</strong></span> <span class='ocrx_word' id='word_1_752' title='bbox 3047 4244 3264 4306; x_wconf 83' lang='lat' dir='ltr'><strong>tempus</strong></span> <span class='ocrx_word' id='word_1_753' title='bbox 3306 4241 3490 4297; x_wconf 81' lang='lat' dir='ltr'><strong>Elisa-</strong></span> 
     </span>
    </p>
   </div>
   <div class='ocr_carea' id='block_1_100' title="bbox 1883 4307 3485 4401">
    <p class='ocr_par' dir='ltr' id='par_1_100' title="bbox 1883 4307 3485 4401">
     <span class='ocr_line' id='line_1_100' title="bbox 1883 4307 3485 4401; baseline 0.019 -43"><span class='ocrx_word' id='word_1_754' title='bbox 1883 4307 2007 4362; x_wconf 89' lang='lat' dir='ltr'><strong>beth</strong></span> <span class='ocrx_word' id='word_1_755' title='bbox 2042 4319 2100 4363; x_wconf 79' lang='lat' dir='ltr'><strong>ut</strong></span> <span class='ocrx_word' id='word_1_756' title='bbox 2136 4324 2389 4380; x_wconf 85' lang='lat' dir='ltr'><strong>pareret,</strong></span> <span class='ocrx_word' id='word_1_757' title='bbox 2432 4317 2831 4376; x_wconf 83' lang='lat' dir='ltr'><strong>observandum</strong></span> <span class='ocrx_word' id='word_1_758' title='bbox 2868 4327 3012 4394; x_wconf 91' lang='lat' dir='ltr'><strong>quod</strong></span> <span class='ocrx_word' id='word_1_759' title='bbox 3064 4328 3118 4383; x_wconf 92' lang='lat' dir='ltr'><strong>in</strong></span> <span class='ocrx_word' id='word_1_760' title='bbox 3171 4340 3485 4401; x_wconf 86' lang='lat' dir='ltr'><strong>peccatori-</strong></span> 
     </span>
    </p>
   </div>
   <div class='ocr_carea' id='block_1_101' title="bbox 1883 4401 3488 4494">
    <p class='ocr_par' dir='ltr' id='par_1_101' title="bbox 1883 4401 3488 4494">
     <span class='ocr_line' id='line_1_101' title="bbox 1883 4401 3488 4494; baseline 0.019 -41"><span class='ocrx_word' id='word_1_761' title='bbox 1883 4401 1982 4455; x_wconf 90' lang='lat' dir='ltr'><strong>bus</strong></span> <span class='ocrx_word' id='word_1_762' title='bbox 2019 4418 2124 4457; x_wconf 83' lang='lat' dir='ltr'><strong>non</strong></span> <span class='ocrx_word' id='word_1_763' title='bbox 2170 4407 2371 4461; x_wconf 89' lang='lat' dir='ltr'><strong>dicitur</strong></span> <span class='ocrx_word' id='word_1_764' title='bbox 2425 4429 2437 4463; x_wconf 90' lang='lat'><strong>:</strong></span> <span class='ocrx_word' id='word_1_765' title='bbox 2483 4409 2769 4481; x_wconf 86' lang='lat' dir='ltr'><strong>Impletum</strong></span> <span class='ocrx_word' id='word_1_766' title='bbox 2827 4429 2908 4472; x_wconf 90' lang='lat' dir='ltr'><strong>est</strong></span> <span class='ocrx_word' id='word_1_767' title='bbox 2953 4430 3167 4491; x_wconf 85' lang='lat' dir='ltr'><strong>tempus</strong></span> <span class='ocrx_word' id='word_1_768' title='bbox 3205 4428 3488 4494; x_wconf 89' lang='lat' dir='ltr'><strong>pariendi;</strong></span> 
     </span>
    </p>
   </div>
   <div class='ocr_carea' id='block_1_102' title="bbox 1883 4494 3488 4590">
    <p class='ocr_par' dir='ltr' id='par_1_102' title="bbox 1883 4494 3488 4590">
     <span class='ocr_line' id='line_1_102' title="bbox 1883 4494 3488 4590; baseline 0.018 -45"><span class='ocrx_word' id='word_1_769' title='bbox 1883 4494 1976 4548; x_wconf 85' lang='lat' dir='ltr'><strong>sed</strong></span> <span class='ocrx_word' id='word_1_770' title='bbox 2027 4495 2131 4551; x_wconf 90' lang='lat' dir='ltr'><strong>hoc</strong></span> <span class='ocrx_word' id='word_1_771' title='bbox 2181 4500 2446 4555; x_wconf 82' lang='lat' dir='ltr'><strong>duntaxat</strong></span> <span class='ocrx_word' id='word_1_772' title='bbox 2501 4504 2742 4562; x_wconf 87' lang='lat' dir='ltr'><strong>invenies</strong></span> <span class='ocrx_word' id='word_1_773' title='bbox 2775 4511 2861 4564; x_wconf 89' lang='lat' dir='ltr'><strong>ubi</strong></span> <span class='ocrx_word' id='word_1_774' title='bbox 2909 4513 2975 4566; x_wconf 88' lang='lat' dir='ltr'><strong>de</strong></span> <span class='ocrx_word' id='word_1_775' title='bbox 3005 4516 3279 4584; x_wconf 87' lang='lat' dir='ltr'><strong>justorum</strong></span> <span class='ocrx_word' id='word_1_776' title='bbox 3331 4532 3488 4590; x_wconf 82' lang='lat' dir='ltr'><strong>partu</strong></span> 
     </span>
    </p>
   </div>
   <div class='ocr_carea' id='block_1_103' title="bbox 1881 4586 3490 4676">
    <p class='ocr_par' dir='ltr' id='par_1_103' title="bbox 1881 4586 3490 4676">
     <span class='ocr_line' id='line_1_103' title="bbox 1881 4586 3490 4676; baseline 0.021 -38"><span class='ocrx_word' id='word_1_777' title='bbox 1881 4586 2110 4643; x_wconf 87' lang='lat' dir='ltr'><strong>habetur</strong></span> <span class='ocrx_word' id='word_1_778' title='bbox 2157 4595 2377 4654; x_wconf 86' lang='lat' dir='ltr'><strong>mentio.</strong></span> <span class='ocrx_word' id='word_1_779' title='bbox 2436 4593 2614 4660; x_wconf 84' lang='lat' dir='ltr'><strong>Nam,</strong></span> <span class='ocrx_word' id='word_1_780' title='bbox 2657 4611 2715 4653; x_wconf 88' lang='lat' dir='ltr'><strong>ut</strong></span> <span class='ocrx_word' id='word_1_781' title='bbox 2771 4618 3040 4673; x_wconf 83' lang='lat' dir='ltr'><strong>apparet,</strong></span> <span class='ocrx_word' id='word_1_782' title='bbox 3087 4586 3391 4676; x_wconf 74' lang='lat' dir='ltr'><strong>imperfecti</strong></span> <span class='ocrx_word' id='word_1_783' title='bbox 3440 4631 3490 4670; x_wconf 84' lang='lat' dir='ltr'><strong>ct</strong></span> 
     </span>
    </p>
   </div>
   <div class='ocr_carea' id='block_1_104' title="bbox 1879 4682 3487 4778">
    <p class='ocr_par' dir='ltr' id='par_1_104' title="bbox 1879 4682 3487 4778">
     <span class='ocr_line' id='line_1_104' title="bbox 1879 4682 3487 4778; baseline 0.021 -48"><span class='ocrx_word' id='word_1_784' title='bbox 1879 4694 1985 4732; x_wconf 92' lang='lat' dir='ltr'><strong>non</strong></span> <span class='ocrx_word' id='word_1_785' title='bbox 2050 4682 2258 4750; x_wconf 88' lang='lat' dir='ltr'><strong>impleti</strong></span> <span class='ocrx_word' id='word_1_786' title='bbox 2311 4701 2664 4757; x_wconf 85' lang='lat' dir='ltr'><strong>peccatorum</strong></span> <span class='ocrx_word' id='word_1_787' title='bbox 2727 4707 2852 4752; x_wconf 89' lang='lat' dir='ltr'><strong>sunt</strong></span> <span class='ocrx_word' id='word_1_788' title='bbox 2895 4710 3117 4767; x_wconf 88' lang='lat' dir='ltr'><strong>partus,</strong></span> <span class='ocrx_word' id='word_1_789' title='bbox 3177 4707 3487 4778; x_wconf 83' lang='lat' dir='ltr'><strong>meliusque</strong></span> 
     </span>
    </p>
   </div>
   <div class='ocr_carea' id='block_1_105' title="bbox 1878 4771 3485 4864">
    <p class='ocr_par' dir='ltr' id='par_1_105' title="bbox 1878 4771 3485 4864">
     <span class='ocr_line' id='line_1_105' title="bbox 1878 4771 3485 4864; baseline 0.022 -43"><span class='ocrx_word' id='word_1_790' title='bbox 1878 4771 1982 4826; x_wconf 88' lang='lat' dir='ltr'><strong>illis</strong></span> <span class='ocrx_word' id='word_1_791' title='bbox 2010 4774 2054 4827; x_wconf 91' lang='lat' dir='ltr'><strong>si</strong></span> <span class='ocrx_word' id='word_1_792' title='bbox 2095 4777 2210 4829; x_wconf 90' lang='lat' dir='ltr'><strong>nati</strong></span> <span class='ocrx_word' id='word_1_793' title='bbox 2248 4795 2354 4832; x_wconf 90' lang='lat' dir='ltr'><strong>non</strong></span> <span class='ocrx_word' id='word_1_794' title='bbox 2383 4780 2636 4840; x_wconf 82' lang='lat' dir='ltr'><strong>fuissent.</strong></span> <span class='ocrx_word' id='word_1_795' title='bbox 2679 4790 2857 4853; x_wconf 57' lang='lat' dir='ltr'><strong>Quare</strong></span> <span class='ocrx_word' id='word_1_796' title='bbox 2886 4803 3068 4848; x_wconf 89' lang='lat' dir='ltr'><strong>autem</strong></span> <span class='ocrx_word' id='word_1_797' title='bbox 3096 4808 3216 4864; x_wconf 90' lang='lat' dir='ltr'><strong>post</strong></span> <span class='ocrx_word' id='word_1_798' title='bbox 3250 4802 3485 4856; x_wconf 87' lang='lat' dir='ltr'><strong>circum-</strong></span> 
     </span>
    </p>
   </div>
   <div class='ocr_carea' id='block_1_106' title="bbox 1877 4864 3484 4958">
    <p class='ocr_par' dir='ltr' id='par_1_106' title="bbox 1877 4864 3484 4958">
     <span class='ocr_line' id='line_1_106' title="bbox 1877 4864 3484 4958; baseline 0.017 -42"><span class='ocrx_word' id='word_1_799' title='bbox 1877 4864 2139 4920; x_wconf 67' lang='lat' dir='ltr'><strong>cusionem</strong></span> <span class='ocrx_word' id='word_1_800' title='bbox 2157 4869 2455 4942; x_wconf 85' lang='lat' dir='ltr'><strong>imponitur</strong></span> <span class='ocrx_word' id='word_1_801' title='bbox 2477 4890 2673 4930; x_wconf 91' lang='lat' dir='ltr'><strong>nomen</strong></span> <span class='ocrx_word' id='word_1_802' title='bbox 2697 4879 2870 4945; x_wconf 84' lang='lat' dir='ltr'><strong>?Qnia</strong></span> <span class='ocrx_word' id='word_1_803' title='bbox 2900 4885 3052 4946; x_wconf 89' lang='lat' dir='ltr'><strong>prius</strong></span> <span class='ocrx_word' id='word_1_804' title='bbox 3077 4890 3484 4958; x_wconf 61' lang='lat' dir='ltr'><strong>suscipiendum</strong></span> 
     </span>
    </p>
   </div>
   <div class='ocr_carea' id='block_1_107' title="bbox 1881 4960 3486 5039">
    <p class='ocr_par' dir='ltr' id='par_1_107' title="bbox 1881 4960 3486 5039">
     <span class='ocr_line' id='line_1_107' title="bbox 1881 4960 3486 5039; baseline 0.019 -31"><span class='ocrx_word' id='word_1_805' title='bbox 1881 4967 1961 5010; x_wconf 86' lang='lat' dir='ltr'><strong>est</strong></span> <span class='ocrx_word' id='word_1_806' title='bbox 1987 4960 2327 5028; x_wconf 80' lang='lat' dir='ltr'><strong>signaculum</strong></span> <span class='ocrx_word' id='word_1_807' title='bbox 2352 4965 2470 5032; x_wconf 89' lang='lat' dir='ltr'><strong>Dei,</strong></span> <span class='ocrx_word' id='word_1_808' title='bbox 2498 4979 2552 5022; x_wconf 90' lang='lat' dir='ltr'><strong>et</strong></span> <span class='ocrx_word' id='word_1_809' title='bbox 2571 4979 2700 5025; x_wconf 91' lang='lat' dir='ltr'><strong>tunc</strong></span> <span class='ocrx_word' id='word_1_810' title='bbox 2721 4976 3018 5029; x_wconf 87' lang='lat' dir='ltr'><strong>humanum</strong></span> <span class='ocrx_word' id='word_1_811' title='bbox 3038 4995 3254 5036; x_wconf 83' lang='lat' dir='ltr'><strong>nomen.</strong></span> <span class='ocrx_word' id='word_1_812' title='bbox 3273 4982 3368 5039; x_wconf 69' lang='lat' dir='ltr'><strong>Vel</strong></span> <span class='ocrx_word' id='word_1_813' title='bbox 3391 4986 3486 5038; x_wconf 90' lang='lat' dir='ltr'><strong>ali-</strong></span> 
     </span>
    </p>
   </div>
   <div class='ocr_carea' id='block_1_108' title="bbox 1883 5055 3486 5139">
    <p class='ocr_par' dir='ltr' id='par_1_108' title="bbox 1883 5055 3486 5139">
     <span class='ocr_line' id='line_1_108' title="bbox 1883 5055 3486 5139; baseline 0.018 -37"><span class='ocrx_word' id='word_1_814' title='bbox 1883 5062 1979 5111; x_wconf 85' lang='lat' dir='ltr'><strong>ter.</strong></span> <span class='ocrx_word' id='word_1_815' title='bbox 1999 5055 2347 5109; x_wconf 85' lang='lat' dir='ltr'><strong>circumcisio</strong></span> <span class='ocrx_word' id='word_1_816' title='bbox 2360 5058 2633 5128; x_wconf 80' lang='lat' dir='ltr'><strong>signiﬁcat</strong></span> <span class='ocrx_word' id='word_1_817' title='bbox 2648 5079 2708 5117; x_wconf 89' lang='lat' dir='ltr'><strong>ca</strong></span> <span class='ocrx_word' id='word_1_818' title='bbox 2721 5067 2950 5120; x_wconf 88' lang='lat' dir='ltr'><strong>rnalinm</strong></span> <span class='ocrx_word' id='word_1_819' title='bbox 2970 5071 3486 5139; x_wconf 87' lang='lat' dir='ltr'><strong>abjectionem.Nul-</strong></span> 
     </span>
    </p>
   </div>
   <div class='ocr_carea' id='block_1_109' title="bbox 1877 5146 3485 5241">
    <p class='ocr_par' dir='ltr' id='par_1_109' title="bbox 1877 5146 3485 5241">
     <span class='ocr_line' id='line_1_109' title="bbox 1877 5146 3485 5241; baseline 0.017 -42"><span class='ocrx_word' id='word_1_820' title='bbox 1877 5146 1961 5201; x_wconf 89' lang='lat' dir='ltr'><strong>Ius</strong></span> <span class='ocrx_word' id='word_1_821' title='bbox 1978 5149 2142 5216; x_wconf 78' lang='lat' dir='ltr'><strong>igitur</strong></span> <span class='ocrx_word' id='word_1_822' title='bbox 2157 5152 2427 5220; x_wconf 77' lang='lat' dir='ltr'><strong>nisiprius</strong></span> <span class='ocrx_word' id='word_1_823' title='bbox 2444 5157 2661 5222; x_wconf 85' lang='lat' dir='ltr'><strong>abjiciat</strong></span> <span class='ocrx_word' id='word_1_824' title='bbox 2677 5170 2729 5213; x_wconf 88' lang='lat' dir='ltr'><strong>et</strong></span> <span class='ocrx_word' id='word_1_825' title='bbox 2747 5169 3485 5241; x_wconf 46' lang='lat' dir='ltr'><strong>amputetcarnalhddiguus</strong></span> 
     </span>
    </p>
   </div>
   <div class='ocr_carea' id='block_1_110' title="bbox 1873 5245 3480 5320">
    <p class='ocr_par' dir='ltr' id='par_1_110' title="bbox 1873 5245 3480 5320">
     <span class='ocr_line' id='line_1_110' title="bbox 1873 5245 3480 5320; baseline 0.016 -28"><span class='ocrx_word' id='word_1_826' title='bbox 1873 5247 1959 5292; x_wconf 86' lang='lat' dir='ltr'><strong>est</strong></span> <span class='ocrx_word' id='word_1_827' title='bbox 1986 5250 2042 5293; x_wconf 91' lang='lat' dir='ltr'><strong>ut</strong></span> <span class='ocrx_word' id='word_1_828' title='bbox 2073 5245 2385 5299; x_wconf 87' lang='lat' dir='ltr'><strong>nominetur</strong></span> <span class='ocrx_word' id='word_1_829' title='bbox 2418 5249 2574 5303; x_wconf 90' lang='lat' dir='ltr'><strong>miles</strong></span> <span class='ocrx_word' id='word_1_830' title='bbox 2612 5251 2704 5305; x_wconf 87' lang='lat' dir='ltr'><strong>Dei</strong></span> <span class='ocrx_word' id='word_1_831' title='bbox 2729 5294 2742 5315; x_wconf 91' lang='lat'><strong>,</strong></span> <span class='ocrx_word' id='word_1_832' title='bbox 2777 5267 2908 5310; x_wconf 87' lang='lat' dir='ltr'><strong>etut</strong></span> <span class='ocrx_word' id='word_1_833' title='bbox 2952 5258 3004 5310; x_wconf 90' lang='lat' dir='ltr'><strong>in</strong></span> <span class='ocrx_word' id='word_1_834' title='bbox 3042 5260 3179 5316; x_wconf 90' lang='lat' dir='ltr'><strong>libro</strong></span> <span class='ocrx_word' id='word_1_835' title='bbox 3219 5266 3480 5320; x_wconf 62' lang='lat' dir='ltr'><strong>caelorum</strong></span> 
     </span>
    </p>
   </div>
   <div class='ocr_carea' id='block_1_111' title="bbox 1878 5331 3478 5425">
    <p class='ocr_par' dir='ltr' id='par_1_111' title="bbox 1878 5331 3478 5425">
     <span class='ocr_line' id='line_1_111' title="bbox 1878 5331 3478 5425; baseline 0.016 -42"><span class='ocrx_word' id='word_1_836' title='bbox 1878 5331 2154 5387; x_wconf 82' lang='lat' dir='ltr'><strong>scribatur</strong></span> <span class='ocrx_word' id='word_1_837' title='bbox 2177 5350 2375 5392; x_wconf 88' lang='lat' dir='ltr'><strong>nomen</strong></span> <span class='ocrx_word' id='word_1_838' title='bbox 2396 5339 2538 5407; x_wconf 87' lang='lat' dir='ltr'><strong>ejus.</strong></span> <span class='ocrx_word' id='word_1_839' title='bbox 2568 5342 2849 5400; x_wconf 85' lang='lat' dir='ltr'><strong>Elisabeth</strong></span> <span class='ocrx_word' id='word_1_840' title='bbox 2883 5364 3011 5403; x_wconf 82' lang='lat' dir='ltr'><strong>vero</strong></span> <span class='ocrx_word' id='word_1_841' title='bbox 3044 5362 3100 5405; x_wconf 94' lang='lat' dir='ltr'><strong>ut</strong></span> <span class='ocrx_word' id='word_1_842' title='bbox 3138 5357 3478 5425; x_wconf 80' lang='lat' dir='ltr'><strong>prophetissa</strong></span> 
     </span>
    </p>
   </div>
   <div class='ocr_carea' id='block_1_112' title="bbox 1876 5425 3464 5522">
    <p class='ocr_par' dir='ltr' id='par_1_112' title="bbox 1876 5425 3464 5522">
     <span class='ocr_line' id='line_1_112' title="bbox 1876 5425 3464 5522; baseline 0.019 -46"><span class='ocrx_word' id='word_1_843' title='bbox 1876 5425 2137 5482; x_wconf 84' lang='lat' dir='ltr'><strong>indicavit</strong></span> <span class='ocrx_word' id='word_1_844' title='bbox 2175 5445 2399 5499; x_wconf 90' lang='lat' dir='ltr'><strong>nomen,</strong></span> <span class='ocrx_word' id='word_1_845' title='bbox 2432 5437 2659 5492; x_wconf 86' lang='lat' dir='ltr'><strong>dicens:</strong></span> <span class='ocrx_word' id='word_1_846' title='bbox 2699 5438 2940 5498; x_wconf 83' lang='lat' dir='ltr'><strong>Joannes</strong></span> <span class='ocrx_word' id='word_1_847' title='bbox 2969 5455 3054 5499; x_wconf 91' lang='lat' dir='ltr'><strong>est</strong></span> <span class='ocrx_word' id='word_1_848' title='bbox 3089 5464 3292 5506; x_wconf 92' lang='lat' dir='ltr'><strong>nomcn</strong></span> <span class='ocrx_word' id='word_1_849' title='bbox 3325 5454 3464 5522; x_wconf 75' lang='lat' dir='ltr'><strong>ejus.</strong></span> 
     </span>
    </p>
   </div>
   <div class='ocr_carea' id='block_1_113' title="bbox 1875 5513 3476 5608">
    <p class='ocr_par' dir='ltr' id='par_1_113' title="bbox 1875 5513 3476 5608">
     <span class='ocr_line' id='line_1_113' title="bbox 1875 5513 3476 5608; baseline 0.017 -42"><span class='ocrx_word' id='word_1_850' title='bbox 1875 5513 2150 5573; x_wconf 77' lang='lat' dir='ltr'><strong>Fortassis</strong></span> <span class='ocrx_word' id='word_1_851' title='bbox 2216 5531 2395 5579; x_wconf 84' lang='lat' dir='ltr'><strong>autem</strong></span> <span class='ocrx_word' id='word_1_852' title='bbox 2458 5526 2699 5584; x_wconf 88' lang='lat' dir='ltr'><strong>Joannes</strong></span> <span class='ocrx_word' id='word_1_853' title='bbox 2752 5533 2960 5602; x_wconf 86' lang='lat' dir='ltr'><strong>sibiipsi</strong></span> <span class='ocrx_word' id='word_1_854' title='bbox 3014 5539 3209 5595; x_wconf 88' lang='lat' dir='ltr'><strong>indidit</strong></span> <span class='ocrx_word' id='word_1_855' title='bbox 3259 5560 3476 5608; x_wconf 74' lang='lat' dir='ltr'><strong>nmnen,</strong></span> 
     </span>
    </p>
   </div>
   <div class='ocr_carea' id='block_1_114' title="bbox 1132 5732 2496 5821">
    <p class='ocr_par' dir='ltr' id='par_1_114' title="bbox 1132 5732 2496 5821">
     <span class='ocr_line' id='line_1_114' title="bbox 1132 5732 2496 5821; baseline 0.022 -32"><span class='ocrx_word' id='word_1_856' title='bbox 1132 5732 1223 5791; x_wconf 79' lang='lat' dir='ltr'><strong>Ex</strong></span> <span class='ocrx_word' id='word_1_857' title='bbox 1260 5733 1612 5799; x_wconf 82' lang='lat' dir='ltr'><strong>collatione</strong></span> <span class='ocrx_word' id='word_1_858' title='bbox 1657 5744 1844 5807; x_wconf 85' lang='lat' dir='ltr'><strong>codd.</strong></span> <span class='ocrx_word' id='word_1_859' title='bbox 1889 5749 2114 5810; x_wconf 73' lang='lat' dir='ltr'><strong>Venet.</strong></span> <span class='ocrx_word' id='word_1_860' title='bbox 2165 5755 2223 5814; x_wconf 89' lang='lat' dir='ltr'><strong>S.</strong></span> <span class='ocrx_word' id='word_1_861' title='bbox 2274 5756 2496 5821; x_wconf 82' lang='lat' dir='ltr'><strong>Marci.</strong></span> 
     </span>
    </p>
   </div>
   <div class='ocr_carea' id='block_1_115' title="bbox 242 5835 996 5907">
    <p class='ocr_par' dir='ltr' id='par_1_115' title="bbox 242 5835 996 5907">
     <span class='ocr_line' id='line_1_115' title="bbox 242 5835 996 5907; baseline 0.021 -20"><span class='ocrx_word' id='word_1_862' title='bbox 242 5836 356 5907; x_wconf 77' lang='lat'><strong>(97)</strong></span> <span class='ocrx_word' id='word_1_863' title='bbox 395 5835 522 5892; x_wconf 85' lang='lat' dir='ltr'><strong>Cod.</strong></span> <span class='ocrx_word' id='word_1_864' title='bbox 561 5840 649 5904; x_wconf 75' lang='lat'><strong>5‘2,</strong></span> <span class='ocrx_word' id='word_1_865' title='bbox 683 5844 794 5907; x_wconf 75' lang='grc' dir='ltr'>υἱὸς</span> <span class='ocrx_word' id='word_1_866' title='bbox 836 5847 996 5904; x_wconf 83' lang='grc' dir='ltr'>Θεοῦ.</span> 
     </span>
    </p>
   </div>
   <div class='ocr_carea' id='block_1_116' title="bbox 500 5934 1238 6013">
    <p class='ocr_par' dir='ltr' id='par_1_116' title="bbox 500 5934 1238 6013">
     <span class='ocr_line' id='line_1_116' title="bbox 500 5934 1238 6013; baseline 0.028 -22"><span class='ocrx_word' id='word_1_867' title='bbox 500 5934 767 5999; x_wconf 74' lang='grc' dir='ltr'>ΡΑτιιοι..</span> <span class='ocrx_word' id='word_1_868' title='bbox 807 5941 920 6002; x_wconf 76' lang='lat' dir='ltr'><strong>GR.</strong></span> <span class='ocrx_word' id='word_1_869' title='bbox 959 5946 1238 6013; x_wconf 69' lang='lat' dir='ltr'>CXXIII.</span> 
     </span>
    </p>
   </div>
  </div>
