  <div class='ocr_page' id='page_1' title='image "/cluster/home/n/w/nwhite01/storage/ocr_20150623/123/pst.000005714384/379.png"; bbox 0 0 4108 6334; ppageno 0'>
   <div class='ocr_carea' id='block_1_1' title="bbox 743 365 852 432">
    <p class='ocr_par' dir='ltr' id='par_1_1' title="bbox 743 365 852 432">
     <span class='ocr_line' id='line_1_1' title="bbox 743 365 852 432; baseline -0.009 -1"><span class='ocrx_word' id='word_1_1' title='bbox 743 365 852 432; x_wconf 73' lang='grc' dir='ltr'><strong>ῖ15</strong></span> 
     </span>
    </p>
   </div>
   <div class='ocr_carea' id='block_1_2' title="bbox 1658 341 3969 420">
    <p class='ocr_par' dir='ltr' id='par_1_2' title="bbox 1658 341 3969 420">
     <span class='ocr_line' id='line_1_2' title="bbox 1658 341 3969 420; baseline -0.006 -2"><span class='ocrx_word' id='word_1_2' title='bbox 1658 355 1766 418; x_wconf 83' lang='grc' dir='ltr'><strong>ΤΗ</strong></span> <span class='ocrx_word' id='word_1_3' title='bbox 1776 356 2241 420; x_wconf 76' lang='lat' dir='ltr'><strong>EOPHYLACTI</strong></span> <span class='ocrx_word' id='word_1_4' title='bbox 2274 354 2603 417; x_wconf 79' lang='lat' dir='ltr'><strong>BULGARl</strong></span> <span class='ocrx_word' id='word_1_5' title='bbox 2614 356 2678 414; x_wconf 62' lang='grc' dir='ltr'><strong>ΔΕ</strong></span> <span class='ocrx_word' id='word_1_6' title='bbox 2705 353 2907 412; x_wconf 78' lang='lat' dir='ltr'><strong>ARCl-l</strong></span> <span class='ocrx_word' id='word_1_7' title='bbox 2917 350 3054 411; x_wconf 84' lang='lat' dir='ltr'><strong>lEP.</strong></span> <span class='ocrx_word' id='word_1_8' title='bbox 3889 341 3969 404; x_wconf 75' lang='grc' dir='ltr'>Ἠίῖ</span> 
     </span>
    </p>
   </div>
   <div class='ocr_carea' id='block_1_3' title="bbox 746 457 2281 549">
    <p class='ocr_par' dir='ltr' id='par_1_3' title="bbox 746 470 2279 549">
     <span class='ocr_line' id='line_1_3' title="bbox 746 470 2279 549; baseline -0.011 -13"><span class='ocrx_word' id='word_1_9' title='bbox 746 480 1006 547; x_wconf 87' lang='lat' dir='ltr'><strong>matrique</strong></span> <span class='ocrx_word' id='word_1_10' title='bbox 1036 489 1167 549; x_wconf 63' lang='lat' dir='ltr'><strong>suae</strong></span> <span class='ocrx_word' id='word_1_11' title='bbox 1202 471 1624 528; x_wconf 77' lang='lat' dir='ltr'><strong>communicavit</strong></span> <span class='ocrx_word' id='word_1_12' title='bbox 1665 471 1864 526; x_wconf 88' lang='lat' dir='ltr'><strong>donum</strong></span> <span class='ocrx_word' id='word_1_13' title='bbox 1904 470 2279 545; x_wconf 77' lang='lat' dir='ltr'><strong>propheticum</strong></span> 
     </span>
    </p>
   </div>
   <div class='ocr_carea' id='block_1_4' title="bbox 2388 457 3968 549">
    <p class='ocr_par' dir='ltr' id='par_1_4' title="bbox 2409 457 3968 533">
     <span class='ocr_line' id='line_1_4' title="bbox 2409 457 3968 533; baseline -0.008 -15"><span class='ocrx_word' id='word_1_14' title='bbox 2409 467 2633 533; x_wconf 74' lang='grc' dir='ltr'>ὲλάλήσε</span> <span class='ocrx_word' id='word_1_15' title='bbox 2694 465 2818 533; x_wconf 71' lang='grc' dir='ltr'>περὶ</span> <span class='ocrx_word' id='word_1_16' title='bbox 2852 465 2943 516; x_wconf 79' lang='grc' dir='ltr'><strong>τοὺ</strong></span> <span class='ocrx_word' id='word_1_17' title='bbox 2978 461 3238 530; x_wconf 80' lang='grc' dir='ltr'>ὀνόματος</span> <span class='ocrx_word' id='word_1_18' title='bbox 3262 499 3274 523; x_wconf 94' lang='grc'><strong>,</strong></span> <span class='ocrx_word' id='word_1_19' title='bbox 3316 459 3396 512; x_wconf 75' lang='grc' dir='ltr'>ὅτι</span> <span class='ocrx_word' id='word_1_20' title='bbox 3463 459 3731 528; x_wconf 79' lang='grc' dir='ltr'>Ἰωάννης</span> <span class='ocrx_word' id='word_1_21' title='bbox 3770 457 3880 508; x_wconf 63' lang='grc' dir='ltr'>ἐστὶ</span> <span class='ocrx_word' id='word_1_22' title='bbox 3923 457 3968 508; x_wconf 55' lang='grc' dir='ltr'><strong>τὶ</strong></span> 
     </span>
    </p>
   </div>
   <div class='ocr_carea' id='block_1_5' title="bbox 745 559 2307 632">
    <p class='ocr_par' dir='ltr' id='par_1_5' title="bbox 745 559 2307 632">
     <span class='ocr_line' id='line_1_5' title="bbox 745 559 2307 632; baseline -0.009 -7"><span class='ocrx_word' id='word_1_23' title='bbox 745 572 910 625; x_wconf 82' lang='lat' dir='ltr'><strong>Porro</strong></span> <span class='ocrx_word' id='word_1_24' title='bbox 956 565 1239 620; x_wconf 78' lang='lat' dir='ltr'><strong>Zacharias</strong></span> <span class='ocrx_word' id='word_1_25' title='bbox 1269 578 1388 617; x_wconf 90' lang='lat' dir='ltr'><strong>cum</strong></span> <span class='ocrx_word' id='word_1_26' title='bbox 1421 578 1529 616; x_wconf 85' lang='lat' dir='ltr'><strong>non</strong></span> <span class='ocrx_word' id='word_1_27' title='bbox 1577 572 1758 632; x_wconf 88' lang='lat' dir='ltr'><strong>posset</strong></span> <span class='ocrx_word' id='word_1_28' title='bbox 1792 571 1923 616; x_wconf 90' lang='lat' dir='ltr'><strong>nutu</strong></span> <span class='ocrx_word' id='word_1_29' title='bbox 1965 559 2307 614; x_wconf 77' lang='lat' dir='ltr'><strong>manifestare</strong></span> 
     </span>
    </p>
   </div>
   <div class='ocr_carea' id='block_1_6' title="bbox 745 654 2307 729">
    <p class='ocr_par' dir='ltr' id='par_1_6' title="bbox 745 654 2307 729">
     <span class='ocr_line' id='line_1_6' title="bbox 745 654 2307 729; baseline -0.009 -11"><span class='ocrx_word' id='word_1_30' title='bbox 745 679 962 728; x_wconf 82' lang='lat' dir='ltr'><strong>nomen,</strong></span> <span class='ocrx_word' id='word_1_31' title='bbox 1007 663 1136 729; x_wconf 91' lang='lat' dir='ltr'><strong>petit</strong></span> <span class='ocrx_word' id='word_1_32' title='bbox 1171 659 1415 714; x_wconf 87' lang='lat' dir='ltr'><strong>tabellas.</strong></span> <span class='ocrx_word' id='word_1_33' title='bbox 1449 657 1513 712; x_wconf 85' lang='lat' dir='ltr'><strong>Et</strong></span> <span class='ocrx_word' id='word_1_34' title='bbox 1555 657 1678 725; x_wconf 86' lang='lat' dir='ltr'><strong>quia</strong></span> <span class='ocrx_word' id='word_1_35' title='bbox 1711 654 2035 724; x_wconf 89' lang='lat' dir='ltr'><strong>astipulatus</strong></span> <span class='ocrx_word' id='word_1_36' title='bbox 2066 662 2148 707; x_wconf 88' lang='lat' dir='ltr'><strong>est</strong></span> <span class='ocrx_word' id='word_1_37' title='bbox 2180 667 2307 706; x_wconf 88' lang='lat' dir='ltr'><strong>sen-</strong></span> 
     </span>
    </p>
   </div>
   <div class='ocr_carea' id='block_1_7' title="bbox 743 748 2302 819">
    <p class='ocr_par' dir='ltr' id='par_1_7' title="bbox 743 748 2302 819">
     <span class='ocr_line' id='line_1_7' title="bbox 743 748 2302 819; baseline -0.009 -6"><span class='ocrx_word' id='word_1_38' title='bbox 743 758 919 813; x_wconf 78' lang='lat' dir='ltr'><strong>tentiae</strong></span> <span class='ocrx_word' id='word_1_39' title='bbox 947 756 1128 810; x_wconf 77' lang='lat' dir='ltr'><strong>uxoris</strong></span> <span class='ocrx_word' id='word_1_40' title='bbox 1158 756 1213 807; x_wconf 88' lang='lat' dir='ltr'><strong>in</strong></span> <span class='ocrx_word' id='word_1_41' title='bbox 1241 753 1455 806; x_wconf 81' lang='lat' dir='ltr'><strong>nomine</strong></span> <span class='ocrx_word' id='word_1_42' title='bbox 1481 748 1656 819; x_wconf 90' lang='lat' dir='ltr'><strong>pueri,</strong></span> <span class='ocrx_word' id='word_1_43' title='bbox 1680 748 2064 816; x_wconf 85' lang='lat' dir='ltr'><strong>obstupescunt</strong></span> <span class='ocrx_word' id='word_1_44' title='bbox 2086 761 2302 800; x_wconf 89' lang='lat' dir='ltr'><strong>omnes:</strong></span> 
     </span>
    </p>
   </div>
   <div class='ocr_carea' id='block_1_8' title="bbox 743 837 2307 910">
    <p class='ocr_par' dir='ltr' id='par_1_8' title="bbox 743 837 2307 910">
     <span class='ocr_line' id='line_1_8' title="bbox 743 837 2307 910; baseline -0.009 -7"><span class='ocrx_word' id='word_1_45' title='bbox 743 865 844 908; x_wconf 82' lang='lat' dir='ltr'><strong>non</strong></span> <span class='ocrx_word' id='word_1_46' title='bbox 881 848 1024 902; x_wconf 89' lang='lat' dir='ltr'><strong>enim</strong></span> <span class='ocrx_word' id='word_1_47' title='bbox 1073 854 1187 899; x_wconf 89' lang='lat' dir='ltr'><strong>erat</strong></span> <span class='ocrx_word' id='word_1_48' title='bbox 1219 843 1269 897; x_wconf 90' lang='lat' dir='ltr'><strong>in</strong></span> <span class='ocrx_word' id='word_1_49' title='bbox 1313 840 1630 910; x_wconf 77' lang='lat' dir='ltr'><strong>cognatione</strong></span> <span class='ocrx_word' id='word_1_50' title='bbox 1672 854 1857 894; x_wconf 89' lang='lat' dir='ltr'><strong>eorum</strong></span> <span class='ocrx_word' id='word_1_51' title='bbox 1888 838 2152 907; x_wconf 83' lang='lat' dir='ltr'><strong>quispiam</strong></span> <span class='ocrx_word' id='word_1_52' title='bbox 2193 837 2307 905; x_wconf 87' lang='lat' dir='ltr'><strong>ejus</strong></span> 
     </span>
    </p>
   </div>
   <div class='ocr_carea' id='block_1_9' title="bbox 742 928 2304 1005">
    <p class='ocr_par' dir='ltr' id='par_1_9' title="bbox 742 928 2304 1005">
     <span class='ocr_line' id='line_1_9' title="bbox 742 928 2304 1005; baseline -0.008 -12"><span class='ocrx_word' id='word_1_53' title='bbox 742 938 996 1002; x_wconf 86' lang='lat' dir='ltr'><strong>nominis,</strong></span> <span class='ocrx_word' id='word_1_54' title='bbox 1033 946 1091 991; x_wconf 87' lang='lat' dir='ltr'><strong>ut</strong></span> <span class='ocrx_word' id='word_1_55' title='bbox 1112 935 1233 1005; x_wconf 82' lang='lat' dir='ltr'><strong>quis</strong></span> <span class='ocrx_word' id='word_1_56' title='bbox 1255 934 1435 988; x_wconf 83' lang='lat' dir='ltr'><strong>dicere</strong></span> <span class='ocrx_word' id='word_1_57' title='bbox 1462 931 1630 1001; x_wconf 84' lang='lat' dir='ltr'><strong>possit</strong></span> <span class='ocrx_word' id='word_1_58' title='bbox 1667 930 1809 999; x_wconf 90' lang='lat' dir='ltr'><strong>quod</strong></span> <span class='ocrx_word' id='word_1_59' title='bbox 1841 940 1966 984; x_wconf 86' lang='lat' dir='ltr'><strong>ante</strong></span> <span class='ocrx_word' id='word_1_60' title='bbox 1998 940 2207 998; x_wconf 85' lang='lat' dir='ltr'><strong>tempus</strong></span> <span class='ocrx_word' id='word_1_61' title='bbox 2236 928 2304 982; x_wconf 91' lang='lat' dir='ltr'><strong>de</strong></span> 
     </span>
    </p>
   </div>
   <div class='ocr_carea' id='block_1_10' title="bbox 741 1018 2302 1090">
    <p class='ocr_par' dir='ltr' id='par_1_10' title="bbox 741 1018 2302 1090">
     <span class='ocr_line' id='line_1_10' title="bbox 741 1018 2302 1090; baseline -0.008 -5"><span class='ocrx_word' id='word_1_62' title='bbox 741 1034 839 1088; x_wconf 81' lang='lat' dir='ltr'><strong>hoc</strong></span> <span class='ocrx_word' id='word_1_63' title='bbox 881 1031 1038 1084; x_wconf 84' lang='lat' dir='ltr'><strong>ambo</strong></span> <span class='ocrx_word' id='word_1_64' title='bbox 1079 1027 1383 1082; x_wconf 65' lang='lat' dir='ltr'><strong>tract’arint.</strong></span> <span class='ocrx_word' id='word_1_65' title='bbox 1427 1023 1662 1079; x_wconf 79' lang='lat' dir='ltr'><strong>Joannes</strong></span> <span class='ocrx_word' id='word_1_66' title='bbox 1695 1020 1846 1090; x_wconf 80' lang='lat' dir='ltr'><strong>juxta</strong></span> <span class='ocrx_word' id='word_1_67' title='bbox 1901 1018 2302 1090; x_wconf 77' lang='lat' dir='ltr'><strong>interpretatio-</strong></span> 
     </span>
    </p>
   </div>
   <div class='ocr_carea' id='block_1_11' title="bbox 738 1111 2298 1190">
    <p class='ocr_par' dir='ltr' id='par_1_11' title="bbox 738 1111 2298 1190">
     <span class='ocr_line' id='line_1_11' title="bbox 738 1111 2298 1190; baseline -0.012 -11"><span class='ocrx_word' id='word_1_68' title='bbox 738 1141 857 1179; x_wconf 89' lang='lat' dir='ltr'><strong>nem</strong></span> <span class='ocrx_word' id='word_1_69' title='bbox 887 1132 987 1188; x_wconf 89' lang='lat' dir='ltr'><strong>est,</strong></span> <span class='ocrx_word' id='word_1_70' title='bbox 1023 1120 1117 1175; x_wconf 91' lang='lat' dir='ltr'><strong>Dei</strong></span> <span class='ocrx_word' id='word_1_71' title='bbox 1158 1120 1328 1190; x_wconf 79' lang='lat' dir='ltr'><strong>gratia</strong></span> <span class='ocrx_word' id='word_1_72' title='bbox 1358 1136 1371 1172; x_wconf 89' lang='lat'><strong>:</strong></span> <span class='ocrx_word' id='word_1_73' title='bbox 1419 1117 1644 1187; x_wconf 87' lang='lat' dir='ltr'><strong>proinde</strong></span> <span class='ocrx_word' id='word_1_74' title='bbox 1666 1123 1728 1170; x_wconf 77' lang='lat' dir='ltr'><strong>et</strong></span> <span class='ocrx_word' id='word_1_75' title='bbox 1762 1121 1915 1184; x_wconf 87' lang='lat' dir='ltr'><strong>pater</strong></span> <span class='ocrx_word' id='word_1_76' title='bbox 1941 1112 2082 1168; x_wconf 88' lang='lat' dir='ltr'><strong>illius</strong></span> <span class='ocrx_word' id='word_1_77' title='bbox 2121 1111 2298 1168; x_wconf 86' lang='lat' dir='ltr'><strong>statim</strong></span> 
     </span>
    </p>
   </div>
   <div class='ocr_carea' id='block_1_12' title="bbox 738 1204 2302 1282">
    <p class='ocr_par' dir='ltr' id='par_1_12' title="bbox 738 1204 2302 1282">
     <span class='ocr_line' id='line_1_12' title="bbox 738 1204 2302 1282; baseline -0.006 -13"><span class='ocrx_word' id='word_1_78' title='bbox 738 1225 1014 1269; x_wconf 83' lang='lat' dir='ltr'><strong>assecutus</strong></span> <span class='ocrx_word' id='word_1_79' title='bbox 1048 1213 1308 1282; x_wconf 80' lang='lat' dir='ltr'><strong>gratiam,</strong></span> <span class='ocrx_word' id='word_1_80' title='bbox 1361 1210 1595 1279; x_wconf 89' lang='lat' dir='ltr'><strong>primum</strong></span> <span class='ocrx_word' id='word_1_81' title='bbox 1631 1210 1696 1264; x_wconf 90' lang='lat' dir='ltr'><strong>de</strong></span> <span class='ocrx_word' id='word_1_82' title='bbox 1731 1206 1970 1270; x_wconf 85' lang='lat' dir='ltr'><strong>Christo,</strong></span> <span class='ocrx_word' id='word_1_83' title='bbox 2013 1205 2206 1259; x_wconf 86' lang='lat' dir='ltr'><strong>deinde</strong></span> <span class='ocrx_word' id='word_1_84' title='bbox 2239 1204 2302 1259; x_wconf 86' lang='lat' dir='ltr'><strong>de</strong></span> 
     </span>
    </p>
   </div>
   <div class='ocr_carea' id='block_1_13' title="bbox 739 1301 1282 1371">
    <p class='ocr_par' dir='ltr' id='par_1_13' title="bbox 739 1301 1282 1371">
     <span class='ocr_line' id='line_1_13' title="bbox 739 1301 1282 1371; baseline -0.006 -17"><span class='ocrx_word' id='word_1_85' title='bbox 739 1318 903 1370; x_wconf 88' lang='lat' dir='ltr'><strong>puero</strong></span> <span class='ocrx_word' id='word_1_86' title='bbox 927 1301 1282 1371; x_wconf 72' lang='lat' dir='ltr'><strong>propltetizat.</strong></span> 
     </span>
    </p>
   </div>
   <div class='ocr_carea' id='block_1_14' title="bbox 808 1563 2302 1629">
    <p class='ocr_par' dir='ltr' id='par_1_14' title="bbox 808 1563 2302 1629">
     <span class='ocr_line' id='line_1_14' title="bbox 808 1563 2302 1629; baseline -0.003 -9"><span class='ocrx_word' id='word_1_87' title='bbox 808 1565 965 1620; x_wconf 66' lang='lat' dir='ltr'><strong>Vens.</strong></span> <span class='ocrx_word' id='word_1_88' title='bbox 999 1565 1194 1620; x_wconf 72' lang='grc' dir='ltr'><strong>’ὃὸ-75.</strong></span> <span class='ocrx_word' id='word_1_89' title='bbox 1239 1584 1256 1615; x_wconf 78' lang='grc' dir='ltr'><strong>ι</strong></span> <span class='ocrx_word' id='word_1_90' title='bbox 1300 1563 1362 1618; x_wconf 82' lang='grc' dir='ltr'>Ει</span> <span class='ocrx_word' id='word_1_91' title='bbox 1411 1563 1582 1619; x_wconf 85' lang='lat' dir='ltr'><strong>lactus</strong></span> <span class='ocrx_word' id='word_1_92' title='bbox 1609 1577 1691 1617; x_wconf 78' lang='lat' dir='ltr'><strong>est</strong></span> <span class='ocrx_word' id='word_1_93' title='bbox 1731 1563 1890 1616; x_wconf 88' lang='lat' dir='ltr'><strong>timor</strong></span> <span class='ocrx_word' id='word_1_94' title='bbox 1923 1575 2084 1629; x_wconf 89' lang='lat' dir='ltr'><strong>super</strong></span> <span class='ocrx_word' id='word_1_95' title='bbox 2115 1571 2302 1616; x_wconf 88' lang='lat' dir='ltr'><strong>omnes</strong></span> 
     </span>
    </p>
   </div>
   <div class='ocr_carea' id='block_1_15' title="bbox 733 1650 2303 1724">
    <p class='ocr_par' dir='ltr' id='par_1_15' title="bbox 733 1650 2303 1724">
     <span class='ocr_line' id='line_1_15' title="bbox 733 1650 2303 1724; baseline -0.004 -11"><span class='ocrx_word' id='word_1_96' title='bbox 733 1660 936 1713; x_wconf 88' lang='lat' dir='ltr'><strong>vicinos</strong></span> <span class='ocrx_word' id='word_1_97' title='bbox 963 1672 1177 1722; x_wconf 88' lang='lat' dir='ltr'><strong>eorum,</strong></span> <span class='ocrx_word' id='word_1_98' title='bbox 1212 1666 1267 1713; x_wconf 86' lang='lat' dir='ltr'><strong>et</strong></span> <span class='ocrx_word' id='word_1_99' title='bbox 1303 1655 1352 1710; x_wconf 90' lang='lat' dir='ltr'><strong>in</strong></span> <span class='ocrx_word' id='word_1_100' title='bbox 1400 1664 1509 1710; x_wconf 89' lang='lat' dir='ltr'><strong>tota</strong></span> <span class='ocrx_word' id='word_1_101' title='bbox 1544 1663 1798 1708; x_wconf 86' lang='lat' dir='ltr'><strong>montana</strong></span> <span class='ocrx_word' id='word_1_102' title='bbox 1846 1654 2065 1724; x_wconf 76' lang='lat' dir='ltr'><strong>regione</strong></span> <span class='ocrx_word' id='word_1_103' title='bbox 2107 1650 2303 1707; x_wconf 65' lang='lat' dir='ltr'><strong>Iudaea:</strong></span> 
     </span>
    </p>
   </div>
   <div class='ocr_carea' id='block_1_16' title="bbox 734 1746 2294 1815">
    <p class='ocr_par' dir='ltr' id='par_1_16' title="bbox 734 1746 2294 1815">
     <span class='ocr_line' id='line_1_16' title="bbox 734 1746 2294 1815; baseline -0.003 -14"><span class='ocrx_word' id='word_1_104' title='bbox 734 1747 1144 1815; x_wconf 80' lang='lat' dir='ltr'><strong>divulgabantur</strong></span> <span class='ocrx_word' id='word_1_105' title='bbox 1164 1746 1342 1801; x_wconf 87' lang='lat' dir='ltr'><strong>omnia</strong></span> <span class='ocrx_word' id='word_1_106' title='bbox 1371 1746 1532 1801; x_wconf 85' lang='lat' dir='ltr'><strong>verba</strong></span> <span class='ocrx_word' id='word_1_107' title='bbox 1560 1747 1692 1809; x_wconf 55' lang='lat' dir='ltr'><strong>haec,</strong></span> <span class='ocrx_word' id='word_1_108' title='bbox 1716 1754 1768 1798; x_wconf 90' lang='lat' dir='ltr'><strong>et</strong></span> <span class='ocrx_word' id='word_1_109' title='bbox 1791 1754 2085 1814; x_wconf 86' lang='lat' dir='ltr'><strong>posuerunt</strong></span> <span class='ocrx_word' id='word_1_110' title='bbox 2108 1757 2294 1798; x_wconf 82' lang='lat' dir='ltr'><strong>omnes</strong></span> 
     </span>
    </p>
   </div>
   <div class='ocr_carea' id='block_1_17' title="bbox 729 1830 2295 1907">
    <p class='ocr_par' dir='ltr' id='par_1_17' title="bbox 729 1830 2295 1907">
     <span class='ocr_line' id='line_1_17' title="bbox 729 1830 2295 1907; baseline -0.004 -20"><span class='ocrx_word' id='word_1_111' title='bbox 729 1837 819 1907; x_wconf 82' lang='lat' dir='ltr'><strong>qui</strong></span> <span class='ocrx_word' id='word_1_112' title='bbox 849 1837 1129 1890; x_wconf 88' lang='lat' dir='ltr'><strong>audierant</strong></span> <span class='ocrx_word' id='word_1_113' title='bbox 1162 1837 1212 1888; x_wconf 93' lang='lat' dir='ltr'><strong>in</strong></span> <span class='ocrx_word' id='word_1_114' title='bbox 1239 1834 1399 1889; x_wconf 89' lang='lat' dir='ltr'><strong>corde</strong></span> <span class='ocrx_word' id='word_1_115' title='bbox 1423 1847 1540 1899; x_wconf 92' lang='lat' dir='ltr'><strong>suo,</strong></span> <span class='ocrx_word' id='word_1_116' title='bbox 1570 1832 1808 1886; x_wconf 89' lang='lat' dir='ltr'><strong>dicentes</strong></span> <span class='ocrx_word' id='word_1_117' title='bbox 1835 1849 1850 1884; x_wconf 87' lang='lat'><strong>:</strong></span> <span class='ocrx_word' id='word_1_118' title='bbox 1879 1830 2133 1898; x_wconf 85' lang='lat' dir='ltr'><strong>Quisnam</strong></span> <span class='ocrx_word' id='word_1_119' title='bbox 2164 1843 2295 1897; x_wconf 89' lang='lat' dir='ltr'><strong>puer</strong></span> 
     </span>
    </p>
   </div>
   <div class='ocr_carea' id='block_1_18' title="bbox 727 1916 2294 2000">
    <p class='ocr_par' dir='ltr' id='par_1_18' title="bbox 727 1916 2294 2000">
     <span class='ocr_line' id='line_1_18' title="bbox 727 1916 2294 2000; baseline -0.007 -19"><span class='ocrx_word' id='word_1_120' title='bbox 727 1927 815 1982; x_wconf 88' lang='lat' dir='ltr'><strong>hic</strong></span> <span class='ocrx_word' id='word_1_121' title='bbox 844 1927 983 2000; x_wconf 60' lang='lat' dir='ltr'><strong>erit?</strong></span> <span class='ocrx_word' id='word_1_122' title='bbox 1035 1927 1097 1979; x_wconf 82' lang='lat' dir='ltr'><strong>Et</strong></span> <span class='ocrx_word' id='word_1_123' title='bbox 1139 1940 1329 1979; x_wconf 83' lang='lat' dir='ltr'><strong>manus</strong></span> <span class='ocrx_word' id='word_1_124' title='bbox 1365 1923 1571 1977; x_wconf 90' lang='lat' dir='ltr'><strong>Domini</strong></span> <span class='ocrx_word' id='word_1_125' title='bbox 1618 1931 1890 1976; x_wconf 89' lang='lat' dir='ltr'><strong>eratcum</strong></span> <span class='ocrx_word' id='word_1_126' title='bbox 1941 1921 2050 1974; x_wconf 90' lang='lat' dir='ltr'><strong>illo.</strong></span> <span class='ocrx_word' id='word_1_127' title='bbox 2083 1916 2150 1972; x_wconf 84' lang='lat' dir='ltr'><strong>Et</strong></span> <span class='ocrx_word' id='word_1_128' title='bbox 2191 1917 2294 1971; x_wconf 86' lang='lat' dir='ltr'><strong>Za-</strong></span> 
     </span>
    </p>
   </div>
   <div class='ocr_carea' id='block_1_19' title="bbox 727 2012 2293 2087">
    <p class='ocr_par' dir='ltr' id='par_1_19' title="bbox 727 2012 2293 2087">
     <span class='ocr_line' id='line_1_19' title="bbox 727 2012 2293 2087; baseline -0.008 -13"><span class='ocrx_word' id='word_1_129' title='bbox 727 2020 943 2074; x_wconf 86' lang='lat' dir='ltr'><strong>charias</strong></span> <span class='ocrx_word' id='word_1_130' title='bbox 973 2025 1124 2087; x_wconf 82' lang='lat' dir='ltr'><strong>pater</strong></span> <span class='ocrx_word' id='word_1_131' title='bbox 1153 2017 1268 2086; x_wconf 84' lang='lat' dir='ltr'><strong>ejus</strong></span> <span class='ocrx_word' id='word_1_132' title='bbox 1310 2015 1543 2084; x_wconf 88' lang='lat' dir='ltr'><strong>repletus</strong></span> <span class='ocrx_word' id='word_1_133' title='bbox 1574 2021 1656 2068; x_wconf 86' lang='lat' dir='ltr'><strong>est</strong></span> <span class='ocrx_word' id='word_1_134' title='bbox 1689 2012 1891 2082; x_wconf 89' lang='lat' dir='ltr'><strong>Spiritu</strong></span> <span class='ocrx_word' id='word_1_135' title='bbox 1923 2020 2134 2075; x_wconf 88' lang='lat' dir='ltr'><strong>sancto,</strong></span> <span class='ocrx_word' id='word_1_136' title='bbox 2170 2023 2293 2080; x_wconf 91' lang='lat' dir='ltr'><strong>pro-</strong></span> 
     </span>
    </p>
   </div>
   <div class='ocr_carea' id='block_1_20' title="bbox 726 2102 2291 2179">
    <p class='ocr_par' dir='ltr' id='par_1_20' title="bbox 726 2102 2291 2179">
     <span class='ocr_line' id='line_1_20' title="bbox 726 2102 2291 2179; baseline -0.005 -15"><span class='ocrx_word' id='word_1_137' title='bbox 726 2110 1070 2179; x_wconf 79' lang='lat' dir='ltr'><strong>pltetavitque</strong></span> <span class='ocrx_word' id='word_1_138' title='bbox 1122 2109 1308 2164; x_wconf 87' lang='lat' dir='ltr'><strong>dicens</strong></span> <span class='ocrx_word' id='word_1_139' title='bbox 1368 2124 1384 2163; x_wconf 87' lang='lat'><strong>:</strong></span> <span class='ocrx_word' id='word_1_140' title='bbox 1446 2107 1771 2162; x_wconf 81' lang='lat' dir='ltr'><strong>Benedictus</strong></span> <span class='ocrx_word' id='word_1_141' title='bbox 1829 2104 2086 2161; x_wconf 84' lang='lat' dir='ltr'><strong>Dominus</strong></span> <span class='ocrx_word' id='word_1_142' title='bbox 2145 2102 2291 2157; x_wconf 92' lang='lat' dir='ltr'><strong>Deus</strong></span> 
     </span>
    </p>
   </div>
   <div class='ocr_carea' id='block_1_21' title="bbox 726 2195 2291 2271">
    <p class='ocr_par' dir='ltr' id='par_1_21' title="bbox 726 2195 2291 2271">
     <span class='ocr_line' id='line_1_21' title="bbox 726 2195 2291 2271; baseline -0.005 -15"><span class='ocrx_word' id='word_1_143' title='bbox 726 2202 910 2264; x_wconf 84' lang='lat' dir='ltr'><strong>Israel,</strong></span> <span class='ocrx_word' id='word_1_144' title='bbox 954 2203 1076 2271; x_wconf 85' lang='lat' dir='ltr'><strong>quia</strong></span> <span class='ocrx_word' id='word_1_145' title='bbox 1109 2201 1348 2255; x_wconf 88' lang='lat' dir='ltr'><strong>visitavit</strong></span> <span class='ocrx_word' id='word_1_146' title='bbox 1384 2209 1436 2255; x_wconf 91' lang='lat' dir='ltr'><strong>et</strong></span> <span class='ocrx_word' id='word_1_147' title='bbox 1467 2199 1587 2254; x_wconf 84' lang='lat' dir='ltr'><strong>fecit</strong></span> <span class='ocrx_word' id='word_1_148' title='bbox 1636 2199 2059 2267; x_wconf 84' lang='lat' dir='ltr'><strong>redemptionem</strong></span> <span class='ocrx_word' id='word_1_149' title='bbox 2094 2195 2291 2266; x_wconf 90' lang='lat' dir='ltr'><strong>populo</strong></span> 
     </span>
    </p>
   </div>
   <div class='ocr_carea' id='block_1_22' title="bbox 727 2288 2290 2347">
    <p class='ocr_par' dir='ltr' id='par_1_22' title="bbox 727 2288 2290 2347">
     <span class='ocr_line' id='line_1_22' title="bbox 727 2288 2290 2347; baseline -0.004 0"><span class='ocrx_word' id='word_1_150' title='bbox 727 2308 842 2347; x_wconf 89' lang='lat' dir='ltr'><strong>suo.</strong></span> <span class='ocrx_word' id='word_1_151' title='bbox 887 2292 951 2346; x_wconf 88' lang='lat' dir='ltr'><strong>Et</strong></span> <span class='ocrx_word' id='word_1_152' title='bbox 994 2293 1248 2345; x_wconf 78' lang='lat' dir='ltr'><strong>excitavit</strong></span> <span class='ocrx_word' id='word_1_153' title='bbox 1281 2305 1451 2345; x_wconf 88' lang='lat' dir='ltr'><strong>cornu</strong></span> <span class='ocrx_word' id='word_1_154' title='bbox 1492 2289 1679 2344; x_wconf 89' lang='lat' dir='ltr'><strong>salutis</strong></span> <span class='ocrx_word' id='word_1_155' title='bbox 1715 2288 1869 2343; x_wconf 88' lang='lat' dir='ltr'><strong>nobis</strong></span> <span class='ocrx_word' id='word_1_156' title='bbox 1910 2289 1962 2342; x_wconf 91' lang='lat' dir='ltr'><strong>in</strong></span> <span class='ocrx_word' id='word_1_157' title='bbox 1992 2288 2151 2343; x_wconf 87' lang='lat' dir='ltr'><strong>domo</strong></span> <span class='ocrx_word' id='word_1_158' title='bbox 2183 2288 2290 2342; x_wconf 89' lang='lat' dir='ltr'><strong>Da-</strong></span> 
     </span>
    </p>
   </div>
   <div class='ocr_carea' id='block_1_23' title="bbox 727 2379 2289 2451">
    <p class='ocr_par' dir='ltr' id='par_1_23' title="bbox 727 2379 2289 2451">
     <span class='ocr_line' id='line_1_23' title="bbox 727 2379 2289 2451; baseline -0.004 -16"><span class='ocrx_word' id='word_1_159' title='bbox 727 2383 814 2437; x_wconf 77' lang='lat' dir='ltr'><strong>vid</strong></span> <span class='ocrx_word' id='word_1_160' title='bbox 846 2383 994 2451; x_wconf 90' lang='lat' dir='ltr'><strong>pueri</strong></span> <span class='ocrx_word' id='word_1_161' title='bbox 1027 2383 1110 2436; x_wconf 90' lang='lat' dir='ltr'><strong>sui</strong></span> <span class='ocrx_word' id='word_1_162' title='bbox 1143 2401 1154 2434; x_wconf 92' lang='lat'><strong>:</strong></span> <span class='ocrx_word' id='word_1_163' title='bbox 1191 2382 1329 2436; x_wconf 88' lang='lat' dir='ltr'><strong>sicut</strong></span> <span class='ocrx_word' id='word_1_164' title='bbox 1359 2380 1522 2450; x_wconf 74' lang='lat'><strong>232</strong></span> <span class='ocrx_word' id='word_1_165' title='bbox 1557 2379 1767 2434; x_wconf 87' lang='lat' dir='ltr'><strong>locutus</strong></span> <span class='ocrx_word' id='word_1_166' title='bbox 1800 2386 1882 2431; x_wconf 88' lang='lat' dir='ltr'><strong>est</strong></span> <span class='ocrx_word' id='word_1_167' title='bbox 1938 2391 2033 2444; x_wconf 90' lang='lat' dir='ltr'><strong>per</strong></span> <span class='ocrx_word' id='word_1_168' title='bbox 2063 2390 2124 2431; x_wconf 93' lang='lat' dir='ltr'><strong>os</strong></span> <span class='ocrx_word' id='word_1_169' title='bbox 2164 2391 2289 2430; x_wconf 86' lang='lat' dir='ltr'><strong>san-</strong></span> 
     </span>
    </p>
   </div>
   <div class='ocr_carea' id='block_1_24' title="bbox 725 2470 2285 2542">
    <p class='ocr_par' dir='ltr' id='par_1_24' title="bbox 725 2470 2285 2542">
     <span class='ocr_line' id='line_1_24' title="bbox 725 2470 2285 2542; baseline -0.008 -11"><span class='ocrx_word' id='word_1_170' title='bbox 725 2487 934 2531; x_wconf 78' lang='lat' dir='ltr'><strong>eterutn</strong></span> <span class='ocrx_word' id='word_1_171' title='bbox 961 2514 974 2538; x_wconf 89' lang='lat'><strong>,</strong></span> <span class='ocrx_word' id='word_1_172' title='bbox 1009 2475 1101 2542; x_wconf 88' lang='lat' dir='ltr'><strong>qui</strong></span> <span class='ocrx_word' id='word_1_173' title='bbox 1144 2490 1171 2526; x_wconf 89' lang='lat' dir='ltr'><strong>a</strong></span> <span class='ocrx_word' id='word_1_174' title='bbox 1224 2473 1418 2527; x_wconf 85' lang='lat' dir='ltr'><strong>saeculo</strong></span> <span class='ocrx_word' id='word_1_175' title='bbox 1459 2480 1584 2525; x_wconf 88' lang='lat' dir='ltr'><strong>sunt</strong></span> <span class='ocrx_word' id='word_1_176' title='bbox 1619 2470 1996 2540; x_wconf 84' lang='lat' dir='ltr'><strong>prophetarum</strong></span> <span class='ocrx_word' id='word_1_177' title='bbox 2042 2481 2285 2522; x_wconf 86' lang='lat' dir='ltr'><strong>suorum.</strong></span> 
     </span>
    </p>
   </div>
   <div class='ocr_carea' id='block_1_25' title="bbox 724 2561 2286 2628">
    <p class='ocr_par' dir='ltr' id='par_1_25' title="bbox 724 2561 2286 2628">
     <span class='ocr_line' id='line_1_25' title="bbox 724 2561 2286 2628; baseline -0.008 -5"><span class='ocrx_word' id='word_1_178' title='bbox 724 2567 962 2623; x_wconf 81' lang='lat' dir='ltr'><strong>Salutem</strong></span> <span class='ocrx_word' id='word_1_179' title='bbox 1015 2581 1079 2619; x_wconf 80' lang='lat' dir='ltr'><strong>ex</strong></span> <span class='ocrx_word' id='word_1_180' title='bbox 1116 2565 1350 2619; x_wconf 90' lang='lat' dir='ltr'><strong>inimicis</strong></span> <span class='ocrx_word' id='word_1_181' title='bbox 1385 2564 1603 2628; x_wconf 75' lang='lat' dir='ltr'><strong>nostris,</strong></span> <span class='ocrx_word' id='word_1_182' title='bbox 1644 2572 1699 2616; x_wconf 89' lang='lat' dir='ltr'><strong>et</strong></span> <span class='ocrx_word' id='word_1_183' title='bbox 1743 2561 1809 2615; x_wconf 90' lang='lat' dir='ltr'><strong>de</strong></span> <span class='ocrx_word' id='word_1_184' title='bbox 1852 2575 2012 2614; x_wconf 86' lang='lat' dir='ltr'><strong>manu</strong></span> <span class='ocrx_word' id='word_1_185' title='bbox 2049 2561 2286 2614; x_wconf 90' lang='lat' dir='ltr'><strong>omnium</strong></span> 
     </span>
    </p>
   </div>
   <div class='ocr_carea' id='block_1_26' title="bbox 723 2651 2288 2728">
    <p class='ocr_par' dir='ltr' id='par_1_26' title="bbox 723 2651 2288 2728">
     <span class='ocr_line' id='line_1_26' title="bbox 723 2651 2288 2728; baseline -0.006 -18"><span class='ocrx_word' id='word_1_186' title='bbox 723 2659 810 2728; x_wconf 83' lang='lat' dir='ltr'><strong>qui</strong></span> <span class='ocrx_word' id='word_1_187' title='bbox 848 2657 1081 2710; x_wconf 87' lang='lat' dir='ltr'><strong>oderunt</strong></span> <span class='ocrx_word' id='word_1_188' title='bbox 1135 2669 1252 2709; x_wconf 87' lang='lat' dir='ltr'><strong>nos.</strong></span> <span class='ocrx_word' id='word_1_189' title='bbox 1313 2652 1385 2707; x_wconf 88' lang='lat' dir='ltr'><strong>Ut</strong></span> <span class='ocrx_word' id='word_1_190' title='bbox 1439 2653 1642 2706; x_wconf 82' lang='lat' dir='ltr'><strong>faceret</strong></span> <span class='ocrx_word' id='word_1_191' title='bbox 1694 2651 2120 2705; x_wconf 86' lang='lat' dir='ltr'><strong>misericordiam</strong></span> <span class='ocrx_word' id='word_1_192' title='bbox 2165 2663 2288 2702; x_wconf 90' lang='lat' dir='ltr'><strong>cum</strong></span> 
     </span>
    </p>
   </div>
   <div class='ocr_carea' id='block_1_27' title="bbox 725 2735 2290 2816">
    <p class='ocr_par' dir='ltr' id='par_1_27' title="bbox 725 2735 2290 2816">
     <span class='ocr_line' id='line_1_27' title="bbox 725 2735 2290 2816; baseline -0.009 -14"><span class='ocrx_word' id='word_1_193' title='bbox 725 2747 968 2816; x_wconf 87' lang='lat' dir='ltr'><strong>patribus</strong></span> <span class='ocrx_word' id='word_1_194' title='bbox 1027 2745 1263 2810; x_wconf 85' lang='lat' dir='ltr'><strong>nostris,</strong></span> <span class='ocrx_word' id='word_1_195' title='bbox 1308 2753 1360 2798; x_wconf 87' lang='lat' dir='ltr'><strong>et</strong></span> <span class='ocrx_word' id='word_1_196' title='bbox 1404 2757 1610 2797; x_wconf 87' lang='lat' dir='ltr'><strong>memor</strong></span> <span class='ocrx_word' id='word_1_197' title='bbox 1642 2749 1786 2797; x_wconf 84' lang='lat' dir='ltr'><strong>esset</strong></span> <span class='ocrx_word' id='word_1_198' title='bbox 1843 2738 2148 2795; x_wconf 84' lang='lat' dir='ltr'><strong>testamenti</strong></span> <span class='ocrx_word' id='word_1_199' title='bbox 2206 2735 2290 2790; x_wconf 86' lang='lat' dir='ltr'><strong>sui</strong></span> 
     </span>
    </p>
   </div>
   <div class='ocr_carea' id='block_1_28' title="bbox 722 2829 2285 2905">
    <p class='ocr_par' dir='ltr' id='par_1_28' title="bbox 722 2829 2285 2905">
     <span class='ocr_line' id='line_1_28' title="bbox 722 2829 2285 2905; baseline -0.007 -12"><span class='ocrx_word' id='word_1_200' title='bbox 722 2837 917 2894; x_wconf 86' lang='lat' dir='ltr'><strong>sancti.</strong></span> <span class='ocrx_word' id='word_1_201' title='bbox 942 2835 1098 2891; x_wconf 80' lang='lat' dir='ltr'><strong>Juxta</strong></span> <span class='ocrx_word' id='word_1_202' title='bbox 1118 2834 1494 2905; x_wconf 85' lang='lat' dir='ltr'><strong>jusjurandum</strong></span> <span class='ocrx_word' id='word_1_203' title='bbox 1521 2834 1666 2901; x_wconf 87' lang='lat' dir='ltr'><strong>quod</strong></span> <span class='ocrx_word' id='word_1_204' title='bbox 1688 2831 1891 2899; x_wconf 86' lang='lat' dir='ltr'><strong>juravit</strong></span> <span class='ocrx_word' id='word_1_205' title='bbox 1915 2830 1981 2884; x_wconf 86' lang='lat' dir='ltr'><strong>ad</strong></span> <span class='ocrx_word' id='word_1_206' title='bbox 2013 2829 2285 2883; x_wconf 81' lang='lat' dir='ltr'><strong>Abraham</strong></span> 
     </span>
    </p>
   </div>
   <div class='ocr_carea' id='block_1_29' title="bbox 721 2921 2282 3000">
    <p class='ocr_par' dir='ltr' id='par_1_29' title="bbox 721 2921 2282 3000">
     <span class='ocr_line' id='line_1_29' title="bbox 721 2921 2282 3000; baseline -0.007 -16"><span class='ocrx_word' id='word_1_207' title='bbox 721 2940 927 3000; x_wconf 87' lang='lat' dir='ltr'><strong>patrem</strong></span> <span class='ocrx_word' id='word_1_208' title='bbox 960 2937 1228 2990; x_wconf 89' lang='lat' dir='ltr'><strong>nostrum,</strong></span> <span class='ocrx_word' id='word_1_209' title='bbox 1260 2934 1316 2978; x_wconf 89' lang='lat' dir='ltr'><strong>ut</strong></span> <span class='ocrx_word' id='word_1_210' title='bbox 1345 2927 1500 2979; x_wconf 89' lang='lat' dir='ltr'><strong>daret</strong></span> <span class='ocrx_word' id='word_1_211' title='bbox 1531 2923 1705 2978; x_wconf 87' lang='lat' dir='ltr'><strong>nobis.</strong></span> <span class='ocrx_word' id='word_1_212' title='bbox 1744 2921 1813 2977; x_wconf 88' lang='lat' dir='ltr'><strong>Ut</strong></span> <span class='ocrx_word' id='word_1_213' title='bbox 1845 2922 1979 2975; x_wconf 91' lang='lat' dir='ltr'><strong>citra</strong></span> <span class='ocrx_word' id='word_1_214' title='bbox 2016 2923 2282 2983; x_wconf 84' lang='lat' dir='ltr'><strong>timorem,</strong></span> 
     </span>
    </p>
   </div>
   <div class='ocr_carea' id='block_1_30' title="bbox 721 3015 2286 3080">
    <p class='ocr_par' dir='ltr' id='par_1_30' title="bbox 721 3015 2286 3080">
     <span class='ocr_line' id='line_1_30' title="bbox 721 3015 2286 3080; baseline -0.006 -3"><span class='ocrx_word' id='word_1_215' title='bbox 721 3025 786 3077; x_wconf 87' lang='lat' dir='ltr'><strong>de</strong></span> <span class='ocrx_word' id='word_1_216' title='bbox 813 3037 972 3076; x_wconf 88' lang='lat' dir='ltr'><strong>manu</strong></span> <span class='ocrx_word' id='word_1_217' title='bbox 1004 3019 1346 3073; x_wconf 88' lang='lat' dir='ltr'><strong>inimicorum</strong></span> <span class='ocrx_word' id='word_1_218' title='bbox 1379 3025 1685 3070; x_wconf 81' lang='lat' dir='ltr'><strong>nostrorum</strong></span> <span class='ocrx_word' id='word_1_219' title='bbox 1717 3015 1949 3080; x_wconf 89' lang='lat' dir='ltr'><strong>liberati,</strong></span> <span class='ocrx_word' id='word_1_220' title='bbox 1987 3016 2286 3068; x_wconf 86' lang='lat' dir='ltr'><strong>serviamus</strong></span> 
     </span>
    </p>
   </div>
   <div class='ocr_carea' id='block_1_31' title="bbox 2409 549 3969 629">
    <p class='ocr_par' dir='ltr' id='par_1_31' title="bbox 2409 549 3969 629">
     <span class='ocr_line' id='line_1_31' title="bbox 2409 549 3969 629; baseline -0.008 -17"><span class='ocrx_word' id='word_1_221' title='bbox 2409 559 2576 629; x_wconf 72' lang='grc' dir='ltr'>ὄνομα</span> <span class='ocrx_word' id='word_1_222' title='bbox 2611 556 2773 610; x_wconf 73' lang='grc' dir='ltr'>αὑτοῦ</span> <span class='ocrx_word' id='word_1_223' title='bbox 2807 573 2818 585; x_wconf 87' lang='grc'>·</span> <span class='ocrx_word' id='word_1_224' title='bbox 2868 556 3003 624; x_wconf 80' lang='grc' dir='ltr'>τάχα</span> <span class='ocrx_word' id='word_1_225' title='bbox 3033 554 3087 606; x_wconf 81' lang='grc' dir='ltr'>δὲ</span> <span class='ocrx_word' id='word_1_226' title='bbox 3118 553 3212 604; x_wconf 73' lang='grc' dir='ltr'>καὶ</span> <span class='ocrx_word' id='word_1_227' title='bbox 3239 553 3264 604; x_wconf 82' lang='lat'><strong>6</strong></span> <span class='ocrx_word' id='word_1_228' title='bbox 3307 552 3561 620; x_wconf 71' lang='grc' dir='ltr'>Ἰωάννης</span> <span class='ocrx_word' id='word_1_229' title='bbox 3612 549 3782 610; x_wconf 75' lang='grc' dir='ltr'>αὐτὸς</span> <span class='ocrx_word' id='word_1_230' title='bbox 3815 549 3969 614; x_wconf 72' lang='grc' dir='ltr'>ἐαυτῷ</span> 
     </span>
    </p>
   </div>
   <div class='ocr_carea' id='block_1_32' title="bbox 2410 641 3966 722">
    <p class='ocr_par' dir='ltr' id='par_1_32' title="bbox 2410 641 3966 722">
     <span class='ocr_line' id='line_1_32' title="bbox 2410 641 3966 722; baseline -0.008 -19"><span class='ocrx_word' id='word_1_231' title='bbox 2410 651 2700 722; x_wconf 85' lang='grc' dir='ltr'>περιέθηκε</span> <span class='ocrx_word' id='word_1_232' title='bbox 2734 650 2793 700; x_wconf 82' lang='grc' dir='ltr'>τὸ</span> <span class='ocrx_word' id='word_1_233' title='bbox 2817 648 3020 717; x_wconf 76' lang='grc' dir='ltr'>ὄνομα·</span> <span class='ocrx_word' id='word_1_234' title='bbox 3059 649 3123 714; x_wconf 80' lang='grc' dir='ltr'>τῇ</span> <span class='ocrx_word' id='word_1_235' title='bbox 3158 646 3264 716; x_wconf 82' lang='grc' dir='ltr'>γὰρ</span> <span class='ocrx_word' id='word_1_236' title='bbox 3309 644 3475 715; x_wconf 79' lang='grc' dir='ltr'>μητρὶ</span> <span class='ocrx_word' id='word_1_237' title='bbox 3515 642 3682 703; x_wconf 78' lang='grc' dir='ltr'>αὐτὸς</span> <span class='ocrx_word' id='word_1_238' title='bbox 3719 641 3966 711; x_wconf 73' lang='grc' dir='ltr'><strong>μετέδωκε</strong></span> 
     </span>
    </p>
   </div>
   <div class='ocr_carea' id='block_1_33' title="bbox 2407 733 3965 812">
    <p class='ocr_par' dir='ltr' id='par_1_33' title="bbox 2407 733 3965 812">
     <span class='ocr_line' id='line_1_33' title="bbox 2407 733 3965 812; baseline -0.008 -16"><span class='ocrx_word' id='word_1_239' title='bbox 2407 743 2498 796; x_wconf 85' lang='grc' dir='ltr'><strong>τοῦ</strong></span> <span class='ocrx_word' id='word_1_240' title='bbox 2543 739 2880 812; x_wconf 78' lang='grc' dir='ltr'>προφητικοῦ</span> <span class='ocrx_word' id='word_1_241' title='bbox 2955 736 3460 808; x_wconf 52' lang='grc' dir='ltr'>χαρίσματοςρΔιὰ</span> <span class='ocrx_word' id='word_1_242' title='bbox 3510 734 3788 803; x_wconf 77' lang='grc' dir='ltr'><strong>νεύματος</strong></span> <span class='ocrx_word' id='word_1_243' title='bbox 3819 733 3870 784; x_wconf 78' lang='grc' dir='ltr'>δὲ</span> <span class='ocrx_word' id='word_1_244' title='bbox 3911 736 3965 799; x_wconf 61' lang='grc' dir='ltr'>μὴ</span> 
     </span>
    </p>
   </div>
   <div class='ocr_carea' id='block_1_34' title="bbox 2406 823 3970 903">
    <p class='ocr_par' dir='ltr' id='par_1_34' title="bbox 2406 823 3970 903">
     <span class='ocr_line' id='line_1_34' title="bbox 2406 823 3970 903; baseline -0.012 -15"><span class='ocrx_word' id='word_1_245' title='bbox 2406 833 2700 903; x_wconf 84' lang='grc' dir='ltr'>δυνάμενος</span> <span class='ocrx_word' id='word_1_246' title='bbox 2759 831 2786 881; x_wconf 84' lang='grc' dir='ltr'>ὁ</span> <span class='ocrx_word' id='word_1_247' title='bbox 2838 828 3113 899; x_wconf 83' lang='grc' dir='ltr'>Ζαχαρίας</span> <span class='ocrx_word' id='word_1_248' title='bbox 3188 826 3426 894; x_wconf 81' lang='grc' dir='ltr'>δηλῶσαι</span> <span class='ocrx_word' id='word_1_249' title='bbox 3483 825 3546 877; x_wconf 78' lang='grc' dir='ltr'><strong>τὸ</strong></span> <span class='ocrx_word' id='word_1_250' title='bbox 3595 823 3804 890; x_wconf 70' lang='grc' dir='ltr'>ὄνομα,</span> <span class='ocrx_word' id='word_1_251' title='bbox 3852 823 3970 872; x_wconf 73' lang='grc' dir='ltr'>αἰτεῖ</span> 
     </span>
    </p>
   </div>
   <div class='ocr_carea' id='block_1_35' title="bbox 2407 915 3966 989">
    <p class='ocr_par' dir='ltr' id='par_1_35' title="bbox 2407 915 3966 989">
     <span class='ocr_line' id='line_1_35' title="bbox 2407 915 3966 989; baseline -0.01 -11"><span class='ocrx_word' id='word_1_252' title='bbox 2407 924 2736 978; x_wconf 77' lang='grc' dir='ltr'><strong>πινακίδιον·</strong></span> <span class='ocrx_word' id='word_1_253' title='bbox 2772 923 2865 974; x_wconf 80' lang='grc' dir='ltr'><strong>καὶ</strong></span> <span class='ocrx_word' id='word_1_254' title='bbox 2889 919 3077 989; x_wconf 77' lang='grc' dir='ltr'>ἐπειδὴ</span> <span class='ocrx_word' id='word_1_255' title='bbox 3117 916 3453 987; x_wconf 81' lang='grc' dir='ltr'>ὡμοφώνησε</span> <span class='ocrx_word' id='word_1_256' title='bbox 3499 919 3564 986; x_wconf 77' lang='grc' dir='ltr'>τῇ</span> <span class='ocrx_word' id='word_1_257' title='bbox 3594 917 3826 982; x_wconf 76' lang='grc' dir='ltr'>γυναικὶ</span> <span class='ocrx_word' id='word_1_258' title='bbox 3861 915 3966 979; x_wconf 60' lang='grc' dir='ltr'>περὶ</span> 
     </span>
    </p>
   </div>
   <div class='ocr_carea' id='block_1_36' title="bbox 2403 1005 3968 1085">
    <p class='ocr_par' dir='ltr' id='par_1_36' title="bbox 2403 1005 3968 1085">
     <span class='ocr_line' id='line_1_36' title="bbox 2403 1005 3968 1085; baseline -0.011 -16"><span class='ocrx_word' id='word_1_259' title='bbox 2403 1016 2463 1069; x_wconf 78' lang='grc' dir='ltr'>τὸ</span> <span class='ocrx_word' id='word_1_260' title='bbox 2487 1016 2656 1085; x_wconf 78' lang='grc' dir='ltr'>ὖνομα</span> <span class='ocrx_word' id='word_1_261' title='bbox 2704 1013 2794 1065; x_wconf 88' lang='grc' dir='ltr'><strong>τοῦ</strong></span> <span class='ocrx_word' id='word_1_262' title='bbox 2832 1011 3039 1074; x_wconf 75' lang='grc' dir='ltr'>παιδὸς,</span> <span class='ocrx_word' id='word_1_263' title='bbox 3079 1010 3473 1076; x_wconf 76' lang='grc' dir='ltr'><strong>ἐκπλήττονται</strong></span> <span class='ocrx_word' id='word_1_264' title='bbox 3507 1007 3715 1067; x_wconf 78' lang='grc' dir='ltr'>πάντες</span> <span class='ocrx_word' id='word_1_265' title='bbox 3744 1024 3756 1034; x_wconf 92' lang='grc'>·</span> <span class='ocrx_word' id='word_1_266' title='bbox 3793 1007 3851 1057; x_wconf 70' lang='grc' dir='ltr'>οὗ</span> <span class='ocrx_word' id='word_1_267' title='bbox 3879 1005 3968 1069; x_wconf 61' lang='grc' dir='ltr'><strong>γὰρ</strong></span> 
     </span>
    </p>
   </div>
   <div class='ocr_carea' id='block_1_37' title="bbox 2403 1097 3967 1179">
    <p class='ocr_par' dir='ltr' id='par_1_37' title="bbox 2403 1097 3967 1179">
     <span class='ocr_line' id='line_1_37' title="bbox 2403 1097 3967 1179; baseline -0.022 -15"><span class='ocrx_word' id='word_1_268' title='bbox 2403 1104 2469 1179; x_wconf 75' lang='grc' dir='ltr'>ἦν</span> <span class='ocrx_word' id='word_1_269' title='bbox 2501 1112 2557 1162; x_wconf 79' lang='grc' dir='ltr'>ὲν</span> <span class='ocrx_word' id='word_1_270' title='bbox 2592 1110 2656 1178; x_wconf 76' lang='grc' dir='ltr'>τῇ</span> <span class='ocrx_word' id='word_1_271' title='bbox 2711 1102 3000 1173; x_wconf 73' lang='grc' dir='ltr'><strong>συγγενείᾳ</strong></span> <span class='ocrx_word' id='word_1_272' title='bbox 3047 1102 3249 1160; x_wconf 76' lang='grc' dir='ltr'>αὐτῶν,</span> <span class='ocrx_word' id='word_1_273' title='bbox 3298 1101 3384 1152; x_wconf 83' lang='grc' dir='ltr'><strong>ἵνα</strong></span> <span class='ocrx_word' id='word_1_274' title='bbox 3408 1116 3489 1161; x_wconf 84' lang='grc' dir='ltr'><strong>τις</strong></span> <span class='ocrx_word' id='word_1_275' title='bbox 3525 1099 3625 1168; x_wconf 71' lang='grc' dir='ltr'><strong>ἔχῃ</strong></span> <span class='ocrx_word' id='word_1_276' title='bbox 3668 1099 3866 1157; x_wconf 67' lang='grc' dir='ltr'><strong>εἰπεῖνν</strong></span> <span class='ocrx_word' id='word_1_277' title='bbox 3903 1097 3967 1146; x_wconf 50' lang='grc' dir='ltr'><strong>δτι</strong></span> 
     </span>
    </p>
   </div>
   <div class='ocr_carea' id='block_1_38' title="bbox 2403 1189 3968 1268">
    <p class='ocr_par' dir='ltr' id='par_1_38' title="bbox 2403 1189 3968 1268">
     <span class='ocr_line' id='line_1_38' title="bbox 2403 1189 3968 1268; baseline -0.01 -15"><span class='ocrx_word' id='word_1_278' title='bbox 2403 1201 2509 1268; x_wconf 81' lang='grc' dir='ltr'><strong>πρὸ</strong></span> <span class='ocrx_word' id='word_1_279' title='bbox 2535 1197 2724 1268; x_wconf 81' lang='grc' dir='ltr'><strong>καιροῦ</strong></span> <span class='ocrx_word' id='word_1_280' title='bbox 2755 1197 2909 1249; x_wconf 77' lang='grc' dir='ltr'>τοῦτο</span> <span class='ocrx_word' id='word_1_281' title='bbox 2940 1194 3208 1264; x_wconf 72' lang='grc' dir='ltr'><strong>ἐμελέτων</strong></span> <span class='ocrx_word' id='word_1_282' title='bbox 3234 1192 3552 1260; x_wconf 71' lang='grc' dir='ltr'>ἀμφότεροι.</span> <span class='ocrx_word' id='word_1_283' title='bbox 3639 1189 3894 1256; x_wconf 73' lang='grc' dir='ltr'>Ἰωάννης</span> <span class='ocrx_word' id='word_1_284' title='bbox 3927 1190 3968 1238; x_wconf 73' lang='lat' dir='ltr'><strong>E&#39;:</strong></span> 
     </span>
    </p>
   </div>
   <div class='ocr_carea' id='block_1_39' title="bbox 2403 1279 3968 1360">
    <p class='ocr_par' dir='ltr' id='par_1_39' title="bbox 2403 1279 3968 1360">
     <span class='ocr_line' id='line_1_39' title="bbox 2403 1279 3968 1360; baseline -0.009 -16"><span class='ocrx_word' id='word_1_285' title='bbox 2403 1289 2766 1360; x_wconf 75' lang='grc' dir='ltr'><strong>ἑρμηνεύεται</strong></span> <span class='ocrx_word' id='word_1_286' title='bbox 2812 1287 2946 1339; x_wconf 85' lang='grc' dir='ltr'>Θεοῦ</span> <span class='ocrx_word' id='word_1_287' title='bbox 3005 1287 3204 1356; x_wconf 79' lang='grc' dir='ltr'>χάρις·</span> <span class='ocrx_word' id='word_1_288' title='bbox 3271 1284 3348 1335; x_wconf 83' lang='grc' dir='ltr'><strong>διὸ</strong></span> <span class='ocrx_word' id='word_1_289' title='bbox 3381 1285 3471 1336; x_wconf 67' lang='grc' dir='ltr'><strong>καὶ</strong></span> <span class='ocrx_word' id='word_1_290' title='bbox 3510 1287 3538 1336; x_wconf 88' lang='lat'><strong>6</strong></span> <span class='ocrx_word' id='word_1_291' title='bbox 3589 1283 3779 1350; x_wconf 78' lang='grc' dir='ltr'>πατὴρ</span> <span class='ocrx_word' id='word_1_292' title='bbox 3820 1279 3968 1333; x_wconf 73' lang='grc' dir='ltr'>αὑτοῦ</span> 
     </span>
    </p>
   </div>
   <div class='ocr_carea' id='block_1_40' title="bbox 2403 1373 3966 1452">
    <p class='ocr_par' dir='ltr' id='par_1_40' title="bbox 2403 1373 3966 1452">
     <span class='ocr_line' id='line_1_40' title="bbox 2403 1373 3966 1452; baseline -0.006 -19"><span class='ocrx_word' id='word_1_293' title='bbox 2403 1380 2606 1443; x_wconf 76' lang='grc' dir='ltr'>εὐθέως</span> <span class='ocrx_word' id='word_1_294' title='bbox 2637 1379 2980 1452; x_wconf 73' lang='grc' dir='ltr'>χαριτωθεὶς,</span> <span class='ocrx_word' id='word_1_295' title='bbox 3014 1376 3343 1448; x_wconf 74' lang='grc' dir='ltr'>προφητεύει</span> <span class='ocrx_word' id='word_1_296' title='bbox 3371 1374 3496 1444; x_wconf 83' lang='grc' dir='ltr'>περί</span> <span class='ocrx_word' id='word_1_297' title='bbox 3528 1393 3584 1427; x_wconf 85' lang='grc' dir='ltr'><strong>τε</strong></span> <span class='ocrx_word' id='word_1_298' title='bbox 3611 1374 3709 1426; x_wconf 82' lang='grc' dir='ltr'><strong>τοῦ</strong></span> <span class='ocrx_word' id='word_1_299' title='bbox 3744 1373 3966 1442; x_wconf 70' lang='grc' dir='ltr'>Χριστοῦ</span> 
     </span>
    </p>
   </div>
   <div class='ocr_carea' id='block_1_41' title="bbox 2405 1467 3590 1540">
    <p class='ocr_par' dir='ltr' id='par_1_41' title="bbox 2405 1467 3590 1540">
     <span class='ocr_line' id='line_1_41' title="bbox 2405 1467 3590 1540; baseline -0.003 -19"><span class='ocrx_word' id='word_1_300' title='bbox 2405 1471 2691 1540; x_wconf 84' lang='grc' dir='ltr'>πρότερον,</span> <span class='ocrx_word' id='word_1_301' title='bbox 2718 1470 2814 1522; x_wconf 73' lang='grc' dir='ltr'>καὶ</span> <span class='ocrx_word' id='word_1_302' title='bbox 2840 1470 2964 1540; x_wconf 76' lang='grc' dir='ltr'>περὶ</span> <span class='ocrx_word' id='word_1_303' title='bbox 2996 1468 3088 1520; x_wconf 86' lang='grc' dir='ltr'><strong>τοῦ</strong></span> <span class='ocrx_word' id='word_1_304' title='bbox 3123 1467 3312 1530; x_wconf 79' lang='grc' dir='ltr'>παιδὸς</span> <span class='ocrx_word' id='word_1_305' title='bbox 3343 1467 3590 1536; x_wconf 76' lang='grc' dir='ltr'>ὕστερον.</span> 
     </span>
    </p>
   </div>
   <div class='ocr_carea' id='block_1_42' title="bbox 2481 1555 3968 1627">
    <p class='ocr_par' dir='ltr' id='par_1_42' title="bbox 2481 1555 3968 1627">
     <span class='ocr_line' id='line_1_42' title="bbox 2481 1555 3968 1627; baseline -0.004 -17"><span class='ocrx_word' id='word_1_306' title='bbox 2481 1578 2497 1610; x_wconf 87' lang='grc' dir='ltr'><strong>ι</strong></span> <span class='ocrx_word' id='word_1_307' title='bbox 2543 1559 2652 1612; x_wconf 71' lang='grc' dir='ltr'><strong>Καὶ</strong></span> <span class='ocrx_word' id='word_1_308' title='bbox 2686 1560 2899 1627; x_wconf 78' lang='grc' dir='ltr'>ἐγένετο</span> <span class='ocrx_word' id='word_1_309' title='bbox 2927 1559 3018 1611; x_wconf 77' lang='grc' dir='ltr'><strong>ἐπὶ</strong></span> <span class='ocrx_word' id='word_1_310' title='bbox 3049 1560 3254 1621; x_wconf 78' lang='grc' dir='ltr'>πάντας</span> <span class='ocrx_word' id='word_1_311' title='bbox 3293 1557 3453 1626; x_wconf 68' lang='grc' dir='ltr'>φόϐος</span> <span class='ocrx_word' id='word_1_312' title='bbox 3481 1557 3605 1618; x_wconf 76' lang='grc' dir='ltr'>τοὺς</span> <span class='ocrx_word' id='word_1_313' title='bbox 3640 1555 3968 1626; x_wconf 49' lang='lat' dir='ltr'><strong>nep-taxaue-</strong></span> 
     </span>
    </p>
   </div>
   <div class='ocr_carea' id='block_1_43' title="bbox 2405 1647 3967 1719">
    <p class='ocr_par' dir='ltr' id='par_1_43' title="bbox 2405 1647 3967 1719">
     <span class='ocr_line' id='line_1_43' title="bbox 2405 1647 3967 1719; baseline -0.004 -17"><span class='ocrx_word' id='word_1_314' title='bbox 2405 1667 2503 1713; x_wconf 87' lang='grc' dir='ltr'><strong>τας</strong></span> <span class='ocrx_word' id='word_1_315' title='bbox 2538 1651 2734 1712; x_wconf 81' lang='grc' dir='ltr'>αὐτούς</span> <span class='ocrx_word' id='word_1_316' title='bbox 2764 1666 2778 1682; x_wconf 77' lang='grc' dir='ltr'><strong><em>ο</em></strong></span> <span class='ocrx_word' id='word_1_317' title='bbox 2818 1651 2911 1703; x_wconf 75' lang='grc' dir='ltr'><strong>καὶ</strong></span> <span class='ocrx_word' id='word_1_318' title='bbox 2968 1651 3025 1702; x_wconf 83' lang='grc' dir='ltr'>ὲν</span> <span class='ocrx_word' id='word_1_319' title='bbox 3074 1649 3171 1719; x_wconf 79' lang='grc' dir='ltr'><strong>ὅλῃ</strong></span> <span class='ocrx_word' id='word_1_320' title='bbox 3205 1651 3274 1718; x_wconf 77' lang='grc' dir='ltr'>τῇ</span> <span class='ocrx_word' id='word_1_321' title='bbox 3326 1650 3506 1718; x_wconf 74' lang='grc' dir='ltr'>ὀρεινῇ</span> <span class='ocrx_word' id='word_1_322' title='bbox 3561 1647 3662 1714; x_wconf 73' lang='grc' dir='ltr'>τῆς</span> <span class='ocrx_word' id='word_1_323' title='bbox 3725 1647 3967 1707; x_wconf 72' lang='grc' dir='ltr'>Ἰουδαίας</span> 
     </span>
    </p>
   </div>
   <div class='ocr_carea' id='block_1_44' title="bbox 2405 1736 3967 1812">
    <p class='ocr_par' dir='ltr' id='par_1_44' title="bbox 2405 1736 3967 1812">
     <span class='ocr_line' id='line_1_44' title="bbox 2405 1736 3967 1812; baseline -0.006 -17"><span class='ocrx_word' id='word_1_324' title='bbox 2405 1741 2697 1795; x_wconf 81' lang='grc' dir='ltr'>διελαλεῖτο</span> <span class='ocrx_word' id='word_1_325' title='bbox 2719 1742 2895 1794; x_wconf 78' lang='grc' dir='ltr'>πάντα</span> <span class='ocrx_word' id='word_1_326' title='bbox 2924 1741 2990 1795; x_wconf 86' lang='grc' dir='ltr'>τὰ</span> <span class='ocrx_word' id='word_1_327' title='bbox 3020 1742 3242 1812; x_wconf 79' lang='grc' dir='ltr'>ῥήματα</span> <span class='ocrx_word' id='word_1_328' title='bbox 3267 1739 3437 1792; x_wconf 87' lang='grc' dir='ltr'>ταῦτα</span> <span class='ocrx_word' id='word_1_329' title='bbox 3459 1755 3471 1768; x_wconf 90' lang='grc'><strong>·</strong></span> <span class='ocrx_word' id='word_1_330' title='bbox 3501 1740 3596 1789; x_wconf 66' lang='grc' dir='ltr'><strong>καὶ</strong></span> <span class='ocrx_word' id='word_1_331' title='bbox 3628 1736 3818 1789; x_wconf 79' lang='grc' dir='ltr'>ἔθεντο</span> <span class='ocrx_word' id='word_1_332' title='bbox 3846 1738 3967 1788; x_wconf 53' lang='grc' dir='ltr'>πάνυ</span> 
     </span>
    </p>
   </div>
   <div class='ocr_carea' id='block_1_45' title="bbox 2395 1830 3965 1903">
    <p class='ocr_par' dir='ltr' id='par_1_45' title="bbox 2395 1830 3965 1903">
     <span class='ocr_line' id='line_1_45' title="bbox 2395 1830 3965 1903; baseline -0.006 -15"><span class='ocrx_word' id='word_1_333' title='bbox 2395 1852 2483 1898; x_wconf 78' lang='grc' dir='ltr'><strong>τες</strong></span> <span class='ocrx_word' id='word_1_334' title='bbox 2531 1836 2579 1888; x_wconf 81' lang='grc' dir='ltr'><strong>οἱ</strong></span> <span class='ocrx_word' id='word_1_335' title='bbox 2629 1835 2963 1899; x_wconf 83' lang='grc' dir='ltr'>ἀκούσαντες</span> <span class='ocrx_word' id='word_1_336' title='bbox 3009 1835 3066 1886; x_wconf 81' lang='grc' dir='ltr'>ὲν</span> <span class='ocrx_word' id='word_1_337' title='bbox 3096 1835 3160 1903; x_wconf 79' lang='grc' dir='ltr'>τῇ</span> <span class='ocrx_word' id='word_1_338' title='bbox 3195 1831 3392 1902; x_wconf 78' lang='grc' dir='ltr'>καρδίᾳ</span> <span class='ocrx_word' id='word_1_339' title='bbox 3441 1830 3644 1893; x_wconf 77' lang='grc' dir='ltr'>αὐτῶν,</span> <span class='ocrx_word' id='word_1_340' title='bbox 3686 1831 3965 1896; x_wconf 80' lang='grc' dir='ltr'>λέγοντες’</span> 
     </span>
    </p>
   </div>
   <div class='ocr_carea' id='block_1_46' title="bbox 2394 1916 3967 1997">
    <p class='ocr_par' dir='ltr' id='par_1_46' title="bbox 2394 1916 3967 1997">
     <span class='ocr_line' id='line_1_46' title="bbox 2394 1916 3967 1997; baseline -0.008 -16"><span class='ocrx_word' id='word_1_341' title='bbox 2394 1928 2461 1981; x_wconf 88' lang='grc' dir='ltr'>Τί</span> <span class='ocrx_word' id='word_1_342' title='bbox 2490 1928 2596 1997; x_wconf 78' lang='grc' dir='ltr'>ἄρα</span> <span class='ocrx_word' id='word_1_343' title='bbox 2625 1927 2686 1980; x_wconf 86' lang='grc' dir='ltr'><strong>τδ</strong></span> <span class='ocrx_word' id='word_1_344' title='bbox 2711 1927 2915 1980; x_wconf 76' lang='grc' dir='ltr'>παιδίον</span> <span class='ocrx_word' id='word_1_345' title='bbox 2940 1926 3097 1980; x_wconf 87' lang='grc' dir='ltr'>τοῦτο</span> <span class='ocrx_word' id='word_1_346' title='bbox 3137 1926 3324 1988; x_wconf 75' lang='grc' dir='ltr'>ἔσταις</span> <span class='ocrx_word' id='word_1_347' title='bbox 3372 1925 3479 1977; x_wconf 69' lang='grc' dir='ltr'>Καὶ</span> <span class='ocrx_word' id='word_1_348' title='bbox 3515 1924 3636 1992; x_wconf 71' lang='grc' dir='ltr'>χεὶρ</span> <span class='ocrx_word' id='word_1_349' title='bbox 3678 1922 3887 1989; x_wconf 80' lang='grc' dir='ltr'>Κυρίου</span> 
     </span>
    </p>
   </div>
   <div class='ocr_carea' id='block_1_47' title="bbox 2399 2014 3965 2090">
    <p class='ocr_par' dir='ltr' id='par_1_47' title="bbox 2399 2014 3965 2090">
     <span class='ocr_line' id='line_1_47' title="bbox 2399 2014 3965 2090; baseline -0.007 -16"><span class='ocrx_word' id='word_1_350' title='bbox 2399 2021 2518 2090; x_wconf 84' lang='grc' dir='ltr'>μετ’</span> <span class='ocrx_word' id='word_1_351' title='bbox 2549 2019 2734 2072; x_wconf 87' lang='grc' dir='ltr'>αὐτοῦ.</span> <span class='ocrx_word' id='word_1_352' title='bbox 2770 2019 2881 2072; x_wconf 75' lang='grc' dir='ltr'>Καὶ</span> <span class='ocrx_word' id='word_1_353' title='bbox 2920 2017 3194 2088; x_wconf 76' lang='grc' dir='ltr'>Ζαχαρίας</span> <span class='ocrx_word' id='word_1_354' title='bbox 3233 2020 3260 2069; x_wconf 97' lang='lat'><strong>6</strong></span> <span class='ocrx_word' id='word_1_355' title='bbox 3294 2014 3476 2085; x_wconf 64' lang='grc' dir='ltr'>πατὴρ</span> <span class='ocrx_word' id='word_1_356' title='bbox 3521 2014 3692 2068; x_wconf 81' lang='grc' dir='ltr'>αὑτοῦ</span> <span class='ocrx_word' id='word_1_357' title='bbox 3730 2015 3965 2081; x_wconf 66' lang='grc' dir='ltr'>ἐπλήσθη</span> 
     </span>
    </p>
   </div>
   <div class='ocr_carea' id='block_1_48' title="bbox 2394 2104 3966 2177">
    <p class='ocr_par' dir='ltr' id='par_1_48' title="bbox 2394 2104 3966 2177">
     <span class='ocr_line' id='line_1_48' title="bbox 2394 2104 3966 2177; baseline -0.003 -19"><span class='ocrx_word' id='word_1_358' title='bbox 2394 2107 2718 2177; x_wconf 86' lang='grc' dir='ltr'>Πνεύματος</span> <span class='ocrx_word' id='word_1_359' title='bbox 2747 2109 2927 2174; x_wconf 81' lang='grc' dir='ltr'><strong>ἁγίου,</strong></span> <span class='ocrx_word' id='word_1_360' title='bbox 2985 2108 3078 2159; x_wconf 75' lang='grc' dir='ltr'><strong>καὶ</strong></span> <span class='ocrx_word' id='word_1_361' title='bbox 3106 2106 3478 2175; x_wconf 77' lang='grc' dir='ltr'>προεφήτευσε</span> <span class='ocrx_word' id='word_1_362' title='bbox 3511 2145 3526 2168; x_wconf 90' lang='grc'><strong>,</strong></span> <span class='ocrx_word' id='word_1_363' title='bbox 3563 2105 3745 2169; x_wconf 83' lang='grc' dir='ltr'>λέγων</span> <span class='ocrx_word' id='word_1_364' title='bbox 3773 2121 3786 2132; x_wconf 76' lang='grc' dir='ltr'><strong>ο</strong></span> <span class='ocrx_word' id='word_1_365' title='bbox 3814 2104 3966 2156; x_wconf 63' lang='grc' dir='ltr'>Εὐλο-</span> 
     </span>
    </p>
   </div>
   <div class='ocr_carea' id='block_1_49' title="bbox 2394 2196 3968 2269">
    <p class='ocr_par' dir='ltr' id='par_1_49' title="bbox 2394 2196 3968 2269">
     <span class='ocr_line' id='line_1_49' title="bbox 2394 2196 3968 2269; baseline 0.001 -20"><span class='ocrx_word' id='word_1_366' title='bbox 2394 2197 2559 2269; x_wconf 78' lang='grc' dir='ltr'>γητὸς</span> <span class='ocrx_word' id='word_1_367' title='bbox 2597 2198 2800 2267; x_wconf 82' lang='grc' dir='ltr'>Κύριος</span> <span class='ocrx_word' id='word_1_368' title='bbox 2843 2200 2869 2249; x_wconf 90' lang='lat'><strong>6</strong></span> <span class='ocrx_word' id='word_1_369' title='bbox 2902 2196 3034 2260; x_wconf 79' lang='grc' dir='ltr'>Θεὸς</span> <span class='ocrx_word' id='word_1_370' title='bbox 3078 2197 3172 2249; x_wconf 87' lang='grc' dir='ltr'><strong>τοῦ</strong></span> <span class='ocrx_word' id='word_1_371' title='bbox 3227 2197 3476 2267; x_wconf 79' lang='grc' dir='ltr'>Ἰσραὴλ,</span> <span class='ocrx_word' id='word_1_372' title='bbox 3512 2197 3596 2249; x_wconf 81' lang='grc' dir='ltr'>ὅτι</span> <span class='ocrx_word' id='word_1_373' title='bbox 3631 2197 3968 2262; x_wconf 52' lang='grc' dir='ltr'>ἐπεσκέψατο</span> 
     </span>
    </p>
   </div>
   <div class='ocr_carea' id='block_1_50' title="bbox 2394 2288 3966 2362">
    <p class='ocr_par' dir='ltr' id='par_1_50' title="bbox 2394 2288 3966 2362">
     <span class='ocr_line' id='line_1_50' title="bbox 2394 2288 3966 2362; baseline -0.004 -19"><span class='ocrx_word' id='word_1_374' title='bbox 2394 2290 2488 2358; x_wconf 76' lang='grc' dir='ltr'>καὶ</span> <span class='ocrx_word' id='word_1_375' title='bbox 2534 2289 2760 2360; x_wconf 76' lang='grc' dir='ltr'>ἐποίησε</span> <span class='ocrx_word' id='word_1_376' title='bbox 2813 2289 3079 2362; x_wconf 83' lang='grc' dir='ltr'>λύτρωσιν</span> <span class='ocrx_word' id='word_1_377' title='bbox 3129 2288 3206 2358; x_wconf 84' lang='grc' dir='ltr'>τῷ</span> <span class='ocrx_word' id='word_1_378' title='bbox 3235 2289 3348 2357; x_wconf 81' lang='grc' dir='ltr'>λαῷ</span> <span class='ocrx_word' id='word_1_379' title='bbox 3391 2289 3553 2342; x_wconf 80' lang='grc' dir='ltr'>αὑτοῦ</span> <span class='ocrx_word' id='word_1_380' title='bbox 3581 2305 3592 2316; x_wconf 90' lang='grc'>·</span> <span class='ocrx_word' id='word_1_381' title='bbox 3648 2289 3748 2340; x_wconf 74' lang='grc' dir='ltr'><strong>καὶ</strong></span> <span class='ocrx_word' id='word_1_382' title='bbox 3792 2288 3966 2358; x_wconf 72' lang='grc' dir='ltr'>ἤγειρε</span> 
     </span>
    </p>
   </div>
   <div class='ocr_carea' id='block_1_51' title="bbox 2391 2379 3967 2452">
    <p class='ocr_par' dir='ltr' id='par_1_51' title="bbox 2391 2379 3967 2452">
     <span class='ocr_line' id='line_1_51' title="bbox 2391 2379 3967 2452; baseline -0.003 -18"><span class='ocrx_word' id='word_1_383' title='bbox 2391 2382 2562 2451; x_wconf 84' lang='grc' dir='ltr'>κέρας</span> <span class='ocrx_word' id='word_1_384' title='bbox 2594 2381 2869 2452; x_wconf 87' lang='grc' dir='ltr'>σωτηρίας</span> <span class='ocrx_word' id='word_1_385' title='bbox 2921 2382 3052 2450; x_wconf 79' lang='grc' dir='ltr'>ἡμίν</span> <span class='ocrx_word' id='word_1_386' title='bbox 3096 2383 3152 2433; x_wconf 82' lang='grc' dir='ltr'>ὲν</span> <span class='ocrx_word' id='word_1_387' title='bbox 3187 2381 3264 2449; x_wconf 85' lang='grc' dir='ltr'>τῷ</span> <span class='ocrx_word' id='word_1_388' title='bbox 3295 2381 3428 2449; x_wconf 85' lang='grc' dir='ltr'>οίκῳ</span> <span class='ocrx_word' id='word_1_389' title='bbox 3459 2380 3626 2432; x_wconf 62' lang='grc' dir='ltr'>Δαϐίδ</span> <span class='ocrx_word' id='word_1_390' title='bbox 3655 2381 3754 2432; x_wconf 84' lang='grc' dir='ltr'><strong>τοῦ</strong></span> <span class='ocrx_word' id='word_1_391' title='bbox 3791 2379 3967 2438; x_wconf 67' lang='grc' dir='ltr'>παιδός</span> 
     </span>
    </p>
   </div>
   <div class='ocr_carea' id='block_1_52' title="bbox 2393 2470 3969 2544">
    <p class='ocr_par' dir='ltr' id='par_1_52' title="bbox 2393 2470 3969 2544">
     <span class='ocr_line' id='line_1_52' title="bbox 2393 2470 3969 2544; baseline -0.004 -18"><span class='ocrx_word' id='word_1_392' title='bbox 2393 2473 2556 2526; x_wconf 85' lang='grc' dir='ltr'><strong>αὐτοῦ</strong></span> <span class='ocrx_word' id='word_1_393' title='bbox 2583 2490 2596 2504; x_wconf 76' lang='grc' dir='ltr'><strong>ο</strong></span> <span class='ocrx_word' id='word_1_394' title='bbox 2630 2472 2812 2536; x_wconf 83' lang='grc' dir='ltr'>καθὼς</span> <span class='ocrx_word' id='word_1_395' title='bbox 2847 2471 3076 2544; x_wconf 81' lang='grc' dir='ltr'>ὲλάλησε</span> <span class='ocrx_word' id='word_1_396' title='bbox 3101 2471 3189 2525; x_wconf 82' lang='grc' dir='ltr'>διὰ</span> <span class='ocrx_word' id='word_1_397' title='bbox 3227 2473 3492 2542; x_wconf 84' lang='grc' dir='ltr'>στόματος</span> <span class='ocrx_word' id='word_1_398' title='bbox 3527 2471 3636 2522; x_wconf 83' lang='grc' dir='ltr'>τῶν</span> <span class='ocrx_word' id='word_1_399' title='bbox 3665 2471 3844 2533; x_wconf 80' lang='grc' dir='ltr'>ἁγίων</span> <span class='ocrx_word' id='word_1_400' title='bbox 3873 2470 3969 2521; x_wconf 65' lang='grc' dir='ltr'>πᾶν</span> 
     </span>
    </p>
   </div>
   <div class='ocr_carea' id='block_1_53' title="bbox 2390 2561 3966 2634">
    <p class='ocr_par' dir='ltr' id='par_1_53' title="bbox 2390 2561 3966 2634">
     <span class='ocr_line' id='line_1_53' title="bbox 2390 2561 3966 2634; baseline -0.004 -16"><span class='ocrx_word' id='word_1_401' title='bbox 2390 2565 2487 2618; x_wconf 77' lang='grc' dir='ltr'><strong>ἀπ’</strong></span> <span class='ocrx_word' id='word_1_402' title='bbox 2534 2564 2725 2627; x_wconf 83' lang='grc' dir='ltr'>αίῶνος</span> <span class='ocrx_word' id='word_1_403' title='bbox 2775 2565 3073 2634; x_wconf 81' lang='grc' dir='ltr'>προφητῶν</span> <span class='ocrx_word' id='word_1_404' title='bbox 3111 2563 3310 2616; x_wconf 83' lang='grc' dir='ltr'>αὐτοῦ’</span> <span class='ocrx_word' id='word_1_405' title='bbox 3357 2562 3632 2630; x_wconf 77' lang='grc' dir='ltr'>σωτηρίαν</span> <span class='ocrx_word' id='word_1_406' title='bbox 3667 2561 3728 2624; x_wconf 77' lang='grc' dir='ltr'>ἐξ</span> <span class='ocrx_word' id='word_1_407' title='bbox 3766 2563 3966 2631; x_wconf 60' lang='grc' dir='ltr'>ἐχθρῶν</span> 
     </span>
    </p>
   </div>
   <div class='ocr_carea' id='block_1_54' title="bbox 2392 2647 3963 2735">
    <p class='ocr_par' dir='ltr' id='par_1_54' title="bbox 2392 2647 3963 2735">
     <span class='ocr_line' id='line_1_54' title="bbox 2392 2647 3963 2735; baseline -0.003 -27"><span class='ocrx_word' id='word_1_408' title='bbox 2392 2656 2569 2726; x_wconf 81' lang='grc' dir='ltr'>ἡμῶν,</span> <span class='ocrx_word' id='word_1_409' title='bbox 2605 2659 2696 2709; x_wconf 75' lang='grc' dir='ltr'><strong>καὶ</strong></span> <span class='ocrx_word' id='word_1_410' title='bbox 2731 2659 2793 2735; x_wconf 56' lang='grc' dir='ltr'><strong>εκ</strong></span> <span class='ocrx_word' id='word_1_411' title='bbox 2829 2656 3010 2726; x_wconf 85' lang='grc' dir='ltr'>χειρὸς</span> <span class='ocrx_word' id='word_1_412' title='bbox 3038 2656 3254 2709; x_wconf 86' lang='grc' dir='ltr'>πάντων</span> <span class='ocrx_word' id='word_1_413' title='bbox 3432 2654 3744 2721; x_wconf 85' lang='grc' dir='ltr'>μισούντων</span> <span class='ocrx_word' id='word_1_414' title='bbox 3779 2654 3963 2722; x_wconf 65' lang='grc' dir='ltr'>ἡμᾶς’</span> 
     </span>
    </p>
   </div>
   <div class='ocr_carea' id='block_1_55' title="bbox 2392 2745 3964 2816">
    <p class='ocr_par' dir='ltr' id='par_1_55' title="bbox 2392 2745 3964 2816">
     <span class='ocr_line' id='line_1_55' title="bbox 2392 2745 3964 2816; baseline -0.003 -18"><span class='ocrx_word' id='word_1_415' title='bbox 2392 2746 2617 2815; x_wconf 80' lang='grc' dir='ltr'>ποιῆσαι</span> <span class='ocrx_word' id='word_1_416' title='bbox 2676 2747 2821 2809; x_wconf 77' lang='grc' dir='ltr'>ἕλεος</span> <span class='ocrx_word' id='word_1_417' title='bbox 2872 2746 3010 2816; x_wconf 82' lang='grc' dir='ltr'>μετὰ</span> <span class='ocrx_word' id='word_1_418' title='bbox 3053 2745 3162 2798; x_wconf 83' lang='grc' dir='ltr'><strong>τῶν</strong></span> <span class='ocrx_word' id='word_1_419' title='bbox 3191 2747 3439 2814; x_wconf 80' lang='grc' dir='ltr'>πατέρων</span> <span class='ocrx_word' id='word_1_420' title='bbox 3476 2745 3661 2814; x_wconf 77' lang='grc' dir='ltr'>ἡμῶν,</span> <span class='ocrx_word' id='word_1_421' title='bbox 3701 2746 3798 2796; x_wconf 65' lang='grc' dir='ltr'><strong>καὶ</strong></span> <span class='ocrx_word' id='word_1_422' title='bbox 3836 2761 3964 2813; x_wconf 75' lang='grc' dir='ltr'>μνη-</span> 
     </span>
    </p>
   </div>
   <div class='ocr_carea' id='block_1_56' title="bbox 2393 2829 3964 2907">
    <p class='ocr_par' dir='ltr' id='par_1_56' title="bbox 2393 2829 3964 2907">
     <span class='ocr_line' id='line_1_56' title="bbox 2393 2829 3964 2907; baseline -0.001 -20"><span class='ocrx_word' id='word_1_423' title='bbox 2393 2837 2584 2905; x_wconf 83' lang='grc' dir='ltr'>σθῆναι</span> <span class='ocrx_word' id='word_1_424' title='bbox 2641 2838 2904 2907; x_wconf 77' lang='grc' dir='ltr'>διαθήκης</span> <span class='ocrx_word' id='word_1_425' title='bbox 2961 2837 3121 2902; x_wconf 81' lang='grc' dir='ltr'>ἁγίας</span> <span class='ocrx_word' id='word_1_426' title='bbox 3175 2836 3360 2891; x_wconf 77' lang='grc' dir='ltr'>αὑτοῦ.</span> <span class='ocrx_word' id='word_1_427' title='bbox 3419 2837 3624 2904; x_wconf 77' lang='grc' dir='ltr'>Ὅρκον</span> <span class='ocrx_word' id='word_1_428' title='bbox 3673 2829 3737 2887; x_wconf 71' lang='grc' dir='ltr'>οὗ</span> <span class='ocrx_word' id='word_1_429' title='bbox 3789 2833 3964 2903; x_wconf 78' lang='grc' dir='ltr'>ὤμοσε</span> 
     </span>
    </p>
   </div>
   <div class='ocr_carea' id='block_1_57' title="bbox 2392 2926 3967 2998">
    <p class='ocr_par' dir='ltr' id='par_1_57' title="bbox 2392 2926 3967 2998">
     <span class='ocr_line' id='line_1_57' title="bbox 2392 2926 3967 2998; baseline -0.002 -18"><span class='ocrx_word' id='word_1_430' title='bbox 2392 2927 2528 2998; x_wconf 82' lang='grc' dir='ltr'>πρὸς</span> <span class='ocrx_word' id='word_1_431' title='bbox 2570 2928 2822 2998; x_wconf 77' lang='grc' dir='ltr'>Ἀϐραὰμ</span> <span class='ocrx_word' id='word_1_432' title='bbox 2853 2928 2944 2980; x_wconf 87' lang='grc' dir='ltr'><strong>τὸν</strong></span> <span class='ocrx_word' id='word_1_433' title='bbox 2994 2928 3208 2998; x_wconf 83' lang='grc' dir='ltr'>πατέρα</span> <span class='ocrx_word' id='word_1_434' title='bbox 3251 2928 3426 2998; x_wconf 79' lang='grc' dir='ltr'>ημῶν,</span> <span class='ocrx_word' id='word_1_435' title='bbox 3481 2926 3574 2979; x_wconf 84' lang='grc' dir='ltr'><strong>τοῦ</strong></span> <span class='ocrx_word' id='word_1_436' title='bbox 3608 2927 3798 2980; x_wconf 82' lang='grc' dir='ltr'>δοῦναι</span> <span class='ocrx_word' id='word_1_437' title='bbox 3844 2929 3967 2994; x_wconf 75' lang='grc' dir='ltr'>ἡμῖν</span> 
     </span>
    </p>
   </div>
   <div class='ocr_carea' id='block_1_58' title="bbox 2389 3018 3962 3090">
    <p class='ocr_par' dir='ltr' id='par_1_58' title="bbox 2389 3018 3962 3090">
     <span class='ocr_line' id='line_1_58' title="bbox 2389 3018 3962 3090; baseline 0.001 -20"><span class='ocrx_word' id='word_1_438' title='bbox 2389 3020 2626 3088; x_wconf 77' lang='grc' dir='ltr'>ἀφόϐως,</span> <span class='ocrx_word' id='word_1_439' title='bbox 2655 3021 2718 3072; x_wconf 77' lang='grc' dir='ltr'>ἐκ</span> <span class='ocrx_word' id='word_1_440' title='bbox 2754 3020 2930 3089; x_wconf 69' lang='grc' dir='ltr'>χειρὸς</span> <span class='ocrx_word' id='word_1_441' title='bbox 2959 3019 3064 3072; x_wconf 83' lang='grc' dir='ltr'>τῶν</span> <span class='ocrx_word' id='word_1_442' title='bbox 3095 3019 3304 3089; x_wconf 77' lang='grc' dir='ltr'>ἐχθρῶν</span> <span class='ocrx_word' id='word_1_443' title='bbox 3333 3021 3488 3088; x_wconf 73' lang='grc' dir='ltr'>ἡμῶν</span> <span class='ocrx_word' id='word_1_444' title='bbox 3521 3020 3844 3090; x_wconf 74' lang='grc' dir='ltr'><strong>ῥυσθέντας,</strong></span> <span class='ocrx_word' id='word_1_445' title='bbox 3878 3018 3962 3071; x_wconf 77' lang='grc' dir='ltr'>λα-</span> 
     </span>
    </p>
   </div>
   <div class='ocr_carea' id='block_1_59' title="bbox 722 3107 2281 3197">
    <p class='ocr_par' dir='ltr' id='par_1_59' title="bbox 722 3107 2281 3184">
     <span class='ocr_line' id='line_1_59' title="bbox 722 3107 2281 3184; baseline -0.006 -14"><span class='ocrx_word' id='word_1_446' title='bbox 722 3115 820 3184; x_wconf 84' lang='lat' dir='ltr'><strong>ipsi</strong></span> <span class='ocrx_word' id='word_1_447' title='bbox 869 3115 922 3168; x_wconf 89' lang='lat' dir='ltr'><strong>in</strong></span> <span class='ocrx_word' id='word_1_448' title='bbox 966 3111 1252 3167; x_wconf 86' lang='lat' dir='ltr'><strong>sanctitate</strong></span> <span class='ocrx_word' id='word_1_449' title='bbox 1303 3113 1355 3162; x_wconf 89' lang='lat' dir='ltr'><strong>et</strong></span> <span class='ocrx_word' id='word_1_450' title='bbox 1399 3107 1603 3175; x_wconf 89' lang='lat' dir='ltr'><strong>justitia</strong></span> <span class='ocrx_word' id='word_1_451' title='bbox 1655 3121 1833 3161; x_wconf 86' lang='lat' dir='ltr'><strong>coram</strong></span> <span class='ocrx_word' id='word_1_452' title='bbox 1872 3108 2021 3176; x_wconf 83' lang='lat' dir='ltr'><strong>ipso,</strong></span> <span class='ocrx_word' id='word_1_453' title='bbox 2080 3107 2281 3160; x_wconf 84' lang='lat' dir='ltr'><strong>cunctis</strong></span> 
     </span>
    </p>
   </div>
   <div class='ocr_carea' id='block_1_60' title="bbox 2388 3107 3962 3197">
    <p class='ocr_par' dir='ltr' id='par_1_60' title="bbox 2389 3110 3962 3184">
     <span class='ocr_line' id='line_1_60' title="bbox 2389 3110 3962 3184; baseline -0.001 -21"><span class='ocrx_word' id='word_1_454' title='bbox 2389 3111 2604 3181; x_wconf 87' lang='grc' dir='ltr'>τρεύειν</span> <span class='ocrx_word' id='word_1_455' title='bbox 2637 3110 2784 3177; x_wconf 79' lang='grc' dir='ltr'>αὐτῷ</span> <span class='ocrx_word' id='word_1_456' title='bbox 2836 3113 2893 3162; x_wconf 82' lang='grc' dir='ltr'>ὲν</span> <span class='ocrx_word' id='word_1_457' title='bbox 2940 3111 3178 3182; x_wconf 75' lang='grc' dir='ltr'>ὁσιότητι</span> <span class='ocrx_word' id='word_1_458' title='bbox 3229 3112 3689 3184; x_wconf 74' lang='grc' dir='ltr'>καὶδικαιοσύνῃ</span> <span class='ocrx_word' id='word_1_459' title='bbox 3737 3113 3962 3164; x_wconf 64' lang='grc' dir='ltr'>ἐνώπιον</span> 
     </span>
    </p>
   </div>
   <div class='ocr_carea' id='block_1_61' title="bbox 719 3198 2277 3266">
    <p class='ocr_par' dir='ltr' id='par_1_61' title="bbox 719 3198 2277 3266">
     <span class='ocr_line' id='line_1_61' title="bbox 719 3198 2277 3266; baseline -0.006 -6"><span class='ocrx_word' id='word_1_460' title='bbox 719 3208 910 3260; x_wconf 87' lang='lat' dir='ltr'><strong>diebus</strong></span> <span class='ocrx_word' id='word_1_461' title='bbox 939 3205 1065 3257; x_wconf 65' lang='lat' dir='ltr'><strong>vitae</strong></span> <span class='ocrx_word' id='word_1_462' title='bbox 1095 3212 1311 3256; x_wconf 84' lang='lat' dir='ltr'><strong>nostrae.</strong></span> <span class='ocrx_word' id='word_1_463' title='bbox 1359 3218 1376 3251; x_wconf 73' lang='grc' dir='ltr'><strong>ι</strong></span> <span class='ocrx_word' id='word_1_464' title='bbox 1423 3198 1617 3254; x_wconf 87' lang='lat' dir='ltr'><strong>Factus</strong></span> <span class='ocrx_word' id='word_1_465' title='bbox 1652 3207 1735 3253; x_wconf 90' lang='lat' dir='ltr'><strong>est</strong></span> <span class='ocrx_word' id='word_1_466' title='bbox 1781 3201 1941 3253; x_wconf 88' lang='lat' dir='ltr'><strong>timor</strong></span> <span class='ocrx_word' id='word_1_467' title='bbox 1971 3212 2132 3266; x_wconf 88' lang='lat' dir='ltr'><strong>super</strong></span> <span class='ocrx_word' id='word_1_468' title='bbox 2164 3213 2277 3251; x_wconf 83' lang='lat' dir='ltr'><strong>om-</strong></span> 
     </span>
    </p>
   </div>
   <div class='ocr_carea' id='block_1_62' title="bbox 719 3288 2286 3365">
    <p class='ocr_par' dir='ltr' id='par_1_62' title="bbox 719 3288 2286 3365">
     <span class='ocr_line' id='line_1_62' title="bbox 719 3288 2286 3365; baseline -0.007 -14"><span class='ocrx_word' id='word_1_469' title='bbox 719 3311 816 3353; x_wconf 83' lang='lat' dir='ltr'><strong>nes</strong></span> <span class='ocrx_word' id='word_1_470' title='bbox 838 3335 853 3362; x_wconf 87' lang='lat'><strong>,</strong></span> <span class='ocrx_word' id='word_1_471' title='bbox 887 3307 1107 3365; x_wconf 85' lang='lat' dir='ltr'><strong>prOpter</strong></span> <span class='ocrx_word' id='word_1_472' title='bbox 1139 3291 1456 3345; x_wconf 90' lang='lat' dir='ltr'><strong>miraculum</strong></span> <span class='ocrx_word' id='word_1_473' title='bbox 1491 3289 1758 3361; x_wconf 84' lang='lat' dir='ltr'><strong>loquentis</strong></span> <span class='ocrx_word' id='word_1_474' title='bbox 1799 3289 2092 3343; x_wconf 67' lang='lat' dir='ltr'><strong>Zachariae.</strong></span> <span class='ocrx_word' id='word_1_475' title='bbox 2132 3288 2286 3343; x_wconf 83' lang='lat' dir='ltr'><strong>Sient</strong></span> 
     </span>
    </p>
   </div>
   <div class='ocr_carea' id='block_1_63' title="bbox 713 3377 2282 3453">
    <p class='ocr_par' dir='ltr' id='par_1_63' title="bbox 713 3377 2282 3453">
     <span class='ocr_line' id='line_1_63' title="bbox 713 3377 2282 3453; baseline -0.009 -12"><span class='ocrx_word' id='word_1_476' title='bbox 713 3386 857 3442; x_wconf 82' lang='lat' dir='ltr'><strong>enim</strong></span> <span class='ocrx_word' id='word_1_477' title='bbox 888 3385 1039 3453; x_wconf 89' lang='lat' dir='ltr'><strong>prius</strong></span> <span class='ocrx_word' id='word_1_478' title='bbox 1064 3397 1186 3437; x_wconf 91' lang='lat' dir='ltr'><strong>cum</strong></span> <span class='ocrx_word' id='word_1_479' title='bbox 1210 3379 1589 3443; x_wconf 75' lang='lat' dir='ltr'><strong>obmutuisset,</strong></span> <span class='ocrx_word' id='word_1_480' title='bbox 1623 3387 1905 3448; x_wconf 89' lang='lat' dir='ltr'><strong>stupuerat</strong></span> <span class='ocrx_word' id='word_1_481' title='bbox 1935 3377 2177 3444; x_wconf 86' lang='lat' dir='ltr'><strong>p0pulus,</strong></span> <span class='ocrx_word' id='word_1_482' title='bbox 2211 3378 2282 3428; x_wconf 90' lang='lat' dir='ltr'><strong>ita</strong></span> 
     </span>
    </p>
   </div>
   <div class='ocr_carea' id='block_1_64' title="bbox 716 3465 2281 3537">
    <p class='ocr_par' dir='ltr' id='par_1_64' title="bbox 716 3465 2281 3537">
     <span class='ocr_line' id='line_1_64' title="bbox 716 3465 2281 3537; baseline -0.009 -5"><span class='ocrx_word' id='word_1_483' title='bbox 716 3479 876 3532; x_wconf 90' lang='lat' dir='ltr'><strong>etiam</strong></span> <span class='ocrx_word' id='word_1_484' title='bbox 904 3465 1049 3529; x_wconf 83' lang='lat' dir='ltr'><strong>nunc</strong></span> <span class='ocrx_word' id='word_1_485' title='bbox 1081 3489 1199 3528; x_wconf 89' lang='lat' dir='ltr'><strong>cum</strong></span> <span class='ocrx_word' id='word_1_486' title='bbox 1231 3473 1469 3525; x_wconf 90' lang='lat' dir='ltr'><strong>redditus</strong></span> <span class='ocrx_word' id='word_1_487' title='bbox 1491 3480 1575 3525; x_wconf 87' lang='lat' dir='ltr'><strong>est</strong></span> <span class='ocrx_word' id='word_1_488' title='bbox 1608 3471 1652 3524; x_wconf 91' lang='lat' dir='ltr'><strong>ei</strong></span> <span class='ocrx_word' id='word_1_489' title='bbox 1682 3485 1878 3523; x_wconf 89' lang='lat' dir='ltr'><strong>sermo.</strong></span> <span class='ocrx_word' id='word_1_490' title='bbox 1913 3466 2139 3537; x_wconf 75' lang='lat' dir='ltr'><strong>Propter</strong></span> <span class='ocrx_word' id='word_1_491' title='bbox 2179 3468 2281 3521; x_wconf 93' lang='lat' dir='ltr'><strong>duo</strong></span> 
     </span>
    </p>
   </div>
   <div class='ocr_carea' id='block_1_65' title="bbox 717 3556 2281 3634">
    <p class='ocr_par' dir='ltr' id='par_1_65' title="bbox 717 3556 2281 3634">
     <span class='ocr_line' id='line_1_65' title="bbox 717 3556 2281 3634; baseline -0.007 -15"><span class='ocrx_word' id='word_1_492' title='bbox 717 3567 876 3634; x_wconf 88' lang='lat' dir='ltr'><strong>igitur</strong></span> <span class='ocrx_word' id='word_1_493' title='bbox 909 3562 1162 3616; x_wconf 86' lang='lat' dir='ltr'><strong>miracula</strong></span> <span class='ocrx_word' id='word_1_494' title='bbox 1201 3563 1314 3615; x_wconf 63' lang='lat' dir='ltr'><strong>haec</strong></span> <span class='ocrx_word' id='word_1_495' title='bbox 1348 3559 1656 3630; x_wconf 89' lang='lat' dir='ltr'><strong>cogitabant</strong></span> <span class='ocrx_word' id='word_1_496' title='bbox 1700 3559 1764 3612; x_wconf 91' lang='lat' dir='ltr'><strong>de</strong></span> <span class='ocrx_word' id='word_1_497' title='bbox 1807 3567 1930 3612; x_wconf 85' lang='lat' dir='ltr'><strong>nato</strong></span> <span class='ocrx_word' id='word_1_498' title='bbox 1970 3557 2112 3626; x_wconf 81' lang='lat' dir='ltr'><strong>quod</strong></span> <span class='ocrx_word' id='word_1_499' title='bbox 2145 3556 2281 3608; x_wconf 84' lang='lat' dir='ltr'><strong>mul-</strong></span> 
     </span>
    </p>
   </div>
   <div class='ocr_carea' id='block_1_66' title="bbox 717 3648 2276 3725">
    <p class='ocr_par' dir='ltr' id='par_1_66' title="bbox 717 3648 2276 3725">
     <span class='ocr_line' id='line_1_66' title="bbox 717 3648 2276 3725; baseline -0.008 -15"><span class='ocrx_word' id='word_1_500' title='bbox 717 3669 800 3711; x_wconf 89' lang='lat' dir='ltr'><strong>tos</strong></span> <span class='ocrx_word' id='word_1_501' title='bbox 831 3655 1179 3725; x_wconf 82' lang='lat' dir='ltr'><strong>praecelleret.</strong></span> <span class='ocrx_word' id='word_1_502' title='bbox 1219 3653 1379 3707; x_wconf 84' lang='lat' dir='ltr'><strong>Facta</strong></span> <span class='ocrx_word' id='word_1_503' title='bbox 1417 3662 1594 3704; x_wconf 88' lang='lat' dir='ltr'><strong>autem</strong></span> <span class='ocrx_word' id='word_1_504' title='bbox 1631 3659 1756 3703; x_wconf 91' lang='lat' dir='ltr'><strong>sunt</strong></span> <span class='ocrx_word' id='word_1_505' title='bbox 1800 3650 1911 3703; x_wconf 68' lang='lat' dir='ltr'><strong>haec</strong></span> <span class='ocrx_word' id='word_1_506' title='bbox 1946 3649 2125 3701; x_wconf 84' lang='lat' dir='ltr'><strong>omnia</strong></span> <span class='ocrx_word' id='word_1_507' title='bbox 2170 3648 2276 3700; x_wconf 78' lang='lat' dir='ltr'><strong>sin-</strong></span> 
     </span>
    </p>
   </div>
   <div class='ocr_carea' id='block_1_67' title="bbox 713 3740 2279 3819">
    <p class='ocr_par' dir='ltr' id='par_1_67' title="bbox 713 3740 2279 3819">
     <span class='ocr_line' id='line_1_67' title="bbox 713 3740 2279 3819; baseline -0.007 -17"><span class='ocrx_word' id='word_1_508' title='bbox 713 3748 881 3819; x_wconf 81' lang='lat' dir='ltr'><strong>gulari</strong></span> <span class='ocrx_word' id='word_1_509' title='bbox 908 3747 1132 3816; x_wconf 84' lang='lat' dir='ltr'><strong>quadam</strong></span> <span class='ocrx_word' id='word_1_510' title='bbox 1165 3745 1583 3812; x_wconf 76' lang='lat' dir='ltr'><strong>dispensatione,</strong></span> <span class='ocrx_word' id='word_1_511' title='bbox 1618 3753 1674 3794; x_wconf 94' lang='lat' dir='ltr'><strong>ut</strong></span> <span class='ocrx_word' id='word_1_512' title='bbox 1697 3741 1786 3810; x_wconf 89' lang='lat' dir='ltr'><strong>qui</strong></span> <span class='ocrx_word' id='word_1_513' title='bbox 1819 3744 1882 3794; x_wconf 90' lang='lat' dir='ltr'><strong>de</strong></span> <span class='ocrx_word' id='word_1_514' title='bbox 1916 3740 2131 3794; x_wconf 81' lang='lat' dir='ltr'><strong>Christo</strong></span> <span class='ocrx_word' id='word_1_515' title='bbox 2161 3753 2279 3808; x_wconf 83' lang='lat' dir='ltr'><strong>pro-</strong></span> 
     </span>
    </p>
   </div>
   <div class='ocr_carea' id='block_1_68' title="bbox 711 3832 2279 3911">
    <p class='ocr_par' dir='ltr' id='par_1_68' title="bbox 711 3832 2279 3911">
     <span class='ocr_line' id='line_1_68' title="bbox 711 3832 2279 3911; baseline -0.008 -15"><span class='ocrx_word' id='word_1_516' title='bbox 711 3841 1084 3911; x_wconf 84' lang='lat' dir='ltr'><strong>pbetizaturus</strong></span> <span class='ocrx_word' id='word_1_517' title='bbox 1111 3846 1278 3901; x_wconf 87' lang='lat' dir='ltr'><strong>esset,</strong></span> <span class='ocrx_word' id='word_1_518' title='bbox 1311 3835 1413 3888; x_wconf 88' lang='lat' dir='ltr'><strong>lide</strong></span> <span class='ocrx_word' id='word_1_519' title='bbox 1445 3834 1637 3903; x_wconf 88' lang='lat' dir='ltr'><strong>dignus</strong></span> <span class='ocrx_word' id='word_1_520' title='bbox 1664 3832 1974 3894; x_wconf 89' lang='lat' dir='ltr'><strong>haberetur,</strong></span> <span class='ocrx_word' id='word_1_521' title='bbox 2007 3838 2061 3883; x_wconf 80' lang='lat' dir='ltr'><strong>et</strong></span> <span class='ocrx_word' id='word_1_522' title='bbox 2093 3844 2279 3883; x_wconf 84' lang='lat' dir='ltr'><strong>omnes</strong></span> 
     </span>
    </p>
   </div>
   <div class='ocr_carea' id='block_1_69' title="bbox 711 3922 2278 4002">
    <p class='ocr_par' dir='ltr' id='par_1_69' title="bbox 711 3922 2278 4002">
     <span class='ocr_line' id='line_1_69' title="bbox 711 3922 2278 4002; baseline -0.01 -13"><span class='ocrx_word' id='word_1_523' title='bbox 711 3950 776 3989; x_wconf 85' lang='lat' dir='ltr'><strong>ex</strong></span> <span class='ocrx_word' id='word_1_524' title='bbox 836 3934 948 4002; x_wconf 88' lang='lat' dir='ltr'><strong>ipsa</strong></span> <span class='ocrx_word' id='word_1_525' title='bbox 1011 3931 1291 3986; x_wconf 90' lang='lat' dir='ltr'><strong>nativitate</strong></span> <span class='ocrx_word' id='word_1_526' title='bbox 1337 3927 1562 3982; x_wconf 88' lang='lat' dir='ltr'><strong>Joannis</strong></span> <span class='ocrx_word' id='word_1_527' title='bbox 1615 3925 1871 3979; x_wconf 77' lang='lat' dir='ltr'><strong>certiores</strong></span> <span class='ocrx_word' id='word_1_528' title='bbox 1927 3922 2278 3976; x_wconf 87' lang='lat' dir='ltr'><strong>redderentur</strong></span> 
     </span>
    </p>
   </div>
   <div class='ocr_carea' id='block_1_70' title="bbox 711 4011 2278 4096">
    <p class='ocr_par' dir='ltr' id='par_1_70' title="bbox 711 4011 2278 4096">
     <span class='ocr_line' id='line_1_70' title="bbox 711 4011 2278 4096; baseline -0.008 -20"><span class='ocrx_word' id='word_1_529' title='bbox 711 4023 853 4096; x_wconf 88' lang='lat' dir='ltr'><strong>quod</strong></span> <span class='ocrx_word' id='word_1_530' title='bbox 879 4022 1056 4077; x_wconf 90' lang='lat' dir='ltr'><strong>multis</strong></span> <span class='ocrx_word' id='word_1_531' title='bbox 1083 4022 1251 4091; x_wconf 84' lang='lat' dir='ltr'><strong>major</strong></span> <span class='ocrx_word' id='word_1_532' title='bbox 1286 4027 1451 4072; x_wconf 87' lang='lat' dir='ltr'><strong>esset.</strong></span> <span class='ocrx_word' id='word_1_533' title='bbox 1477 4016 1748 4071; x_wconf 90' lang='lat' dir='ltr'><strong>Benedicit</strong></span> <span class='ocrx_word' id='word_1_534' title='bbox 1773 4024 1950 4067; x_wconf 89' lang='lat' dir='ltr'><strong>autem</strong></span> <span class='ocrx_word' id='word_1_535' title='bbox 1988 4011 2278 4065; x_wconf 85' lang='lat' dir='ltr'><strong>Zacharias</strong></span> 
     </span>
    </p>
   </div>
   <div class='ocr_carea' id='block_1_71' title="bbox 711 4103 2278 4182">
    <p class='ocr_par' dir='ltr' id='par_1_71' title="bbox 711 4103 2278 4182">
     <span class='ocr_line' id='line_1_71' title="bbox 711 4103 2278 4182; baseline -0.008 -11"><span class='ocrx_word' id='word_1_536' title='bbox 711 4117 903 4178; x_wconf 88' lang='lat' dir='ltr'><strong>Deum,</strong></span> <span class='ocrx_word' id='word_1_537' title='bbox 945 4114 1068 4182; x_wconf 90' lang='lat' dir='ltr'><strong>quia</strong></span> <span class='ocrx_word' id='word_1_538' title='bbox 1105 4114 1417 4166; x_wconf 80' lang='lat' dir='ltr'><strong>visitaverat</strong></span> <span class='ocrx_word' id='word_1_539' title='bbox 1471 4109 1756 4161; x_wconf 90' lang='lat' dir='ltr'><strong>lsraelitas.</strong></span> <span class='ocrx_word' id='word_1_540' title='bbox 1808 4106 1871 4158; x_wconf 81' lang='lat' dir='ltr'><strong>Et</strong></span> <span class='ocrx_word' id='word_1_541' title='bbox 1915 4103 2152 4172; x_wconf 79' lang='lat' dir='ltr'><strong>profecto</strong></span> <span class='ocrx_word' id='word_1_542' title='bbox 2188 4119 2278 4158; x_wconf 76' lang='lat' dir='ltr'><strong>vc-</strong></span> 
     </span>
    </p>
   </div>
   <div class='ocr_carea' id='block_1_72' title="bbox 714 4196 2275 4271">
    <p class='ocr_par' dir='ltr' id='par_1_72' title="bbox 714 4196 2275 4271">
     <span class='ocr_line' id='line_1_72' title="bbox 714 4196 2275 4271; baseline -0.009 -11"><span class='ocrx_word' id='word_1_543' title='bbox 714 4216 866 4261; x_wconf 89' lang='lat' dir='ltr'><strong>nerat</strong></span> <span class='ocrx_word' id='word_1_544' title='bbox 910 4207 975 4259; x_wconf 89' lang='lat' dir='ltr'><strong>ad</strong></span> <span class='ocrx_word' id='word_1_545' title='bbox 1004 4218 1132 4258; x_wconf 89' lang='lat' dir='ltr'><strong>oves</strong></span> <span class='ocrx_word' id='word_1_546' title='bbox 1164 4217 1282 4270; x_wconf 67' lang='lat' dir='ltr'><strong>quas</strong></span> <span class='ocrx_word' id='word_1_547' title='bbox 1326 4201 1546 4271; x_wconf 60' lang='lat' dir='ltr'><strong>perditas</strong></span> <span class='ocrx_word' id='word_1_548' title='bbox 1581 4206 1739 4253; x_wconf 87' lang='lat' dir='ltr'><strong>erant</strong></span> <span class='ocrx_word' id='word_1_549' title='bbox 1777 4198 1842 4253; x_wconf 89' lang='lat' dir='ltr'><strong>de</strong></span> <span class='ocrx_word' id='word_1_550' title='bbox 1873 4199 2032 4252; x_wconf 86' lang='lat' dir='ltr'><strong>domo</strong></span> <span class='ocrx_word' id='word_1_551' title='bbox 2071 4196 2234 4251; x_wconf 78' lang='lat' dir='ltr'><strong>Israel</strong></span> <span class='ocrx_word' id='word_1_552' title='bbox 2263 4239 2275 4260; x_wconf 90' lang='lat'><strong>,</strong></span> 
     </span>
    </p>
   </div>
   <div class='ocr_carea' id='block_1_73' title="bbox 709 4289 2273 4366">
    <p class='ocr_par' dir='ltr' id='par_1_73' title="bbox 709 4289 2273 4366">
     <span class='ocr_line' id='line_1_73' title="bbox 709 4289 2273 4366; baseline -0.01 -12"><span class='ocrx_word' id='word_1_553' title='bbox 709 4299 801 4353; x_wconf 84' lang='lat' dir='ltr'><strong>sed</strong></span> <span class='ocrx_word' id='word_1_554' title='bbox 837 4297 1079 4366; x_wconf 90' lang='lat' dir='ltr'><strong>plerique</strong></span> <span class='ocrx_word' id='word_1_555' title='bbox 1114 4293 1432 4348; x_wconf 84' lang='lat' dir='ltr'><strong>beneﬁcium</strong></span> <span class='ocrx_word' id='word_1_556' title='bbox 1478 4290 1593 4360; x_wconf 81' lang='lat' dir='ltr'><strong>ejus</strong></span> <span class='ocrx_word' id='word_1_557' title='bbox 1637 4291 1911 4359; x_wconf 91' lang='lat' dir='ltr'><strong>suscipere</strong></span> <span class='ocrx_word' id='word_1_558' title='bbox 1954 4289 2273 4350; x_wconf 89' lang='lat' dir='ltr'><strong>noluerunt,</strong></span> 
     </span>
    </p>
   </div>
   <div class='ocr_carea' id='block_1_74' title="bbox 709 4379 2275 4452">
    <p class='ocr_par' dir='ltr' id='par_1_74' title="bbox 709 4379 2275 4452">
     <span class='ocr_line' id='line_1_74' title="bbox 709 4379 2275 4452; baseline -0.009 -7"><span class='ocrx_word' id='word_1_559' title='bbox 709 4393 846 4445; x_wconf 86' lang='lat' dir='ltr'><strong>unde</strong></span> <span class='ocrx_word' id='word_1_560' title='bbox 881 4404 1034 4444; x_wconf 90' lang='lat' dir='ltr'><strong>veros</strong></span> <span class='ocrx_word' id='word_1_561' title='bbox 1076 4387 1345 4444; x_wconf 83' lang='lat' dir='ltr'><strong>lsraelitas</strong></span> <span class='ocrx_word' id='word_1_562' title='bbox 1381 4386 1585 4441; x_wconf 82' lang='lat' dir='ltr'><strong>invisit.</strong></span> <span class='ocrx_word' id='word_1_563' title='bbox 1627 4384 1692 4439; x_wconf 89' lang='lat' dir='ltr'><strong>Et</strong></span> <span class='ocrx_word' id='word_1_564' title='bbox 1741 4384 1961 4452; x_wconf 89' lang='lat' dir='ltr'><strong>quinam</strong></span> <span class='ocrx_word' id='word_1_565' title='bbox 1996 4391 2120 4434; x_wconf 91' lang='lat' dir='ltr'><strong>sunt</strong></span> <span class='ocrx_word' id='word_1_566' title='bbox 2160 4379 2275 4432; x_wconf 87' lang='lat' dir='ltr'><strong>illi?</strong></span> 
     </span>
    </p>
   </div>
   <div class='ocr_carea' id='block_1_75' title="bbox 2391 3202 3964 3276">
    <p class='ocr_par' dir='ltr' id='par_1_75' title="bbox 2391 3202 3964 3276">
     <span class='ocr_line' id='line_1_75' title="bbox 2391 3202 3964 3276; baseline -0.002 -18"><span class='ocrx_word' id='word_1_567' title='bbox 2391 3203 2556 3258; x_wconf 79' lang='grc' dir='ltr'>αὑτοῦ</span> <span class='ocrx_word' id='word_1_568' title='bbox 2586 3204 2766 3267; x_wconf 81' lang='grc' dir='ltr'>πάσας</span> <span class='ocrx_word' id='word_1_569' title='bbox 2783 3203 2877 3266; x_wconf 84' lang='grc' dir='ltr'>τὰς</span> <span class='ocrx_word' id='word_1_570' title='bbox 2903 3204 3112 3276; x_wconf 75' lang='grc' dir='ltr'>ἡμέρας</span> <span class='ocrx_word' id='word_1_571' title='bbox 3138 3205 3237 3272; x_wconf 85' lang='grc' dir='ltr'>τῆς</span> <span class='ocrx_word' id='word_1_572' title='bbox 3266 3203 3410 3272; x_wconf 80' lang='grc' dir='ltr'>ζωῆς</span> <span class='ocrx_word' id='word_1_573' title='bbox 3436 3202 3616 3274; x_wconf 78' lang='grc' dir='ltr'>ημῶν.</span> <span class='ocrx_word' id='word_1_574' title='bbox 3649 3223 3666 3254; x_wconf 78' lang='grc' dir='ltr'><strong>ι</strong></span> <span class='ocrx_word' id='word_1_575' title='bbox 3723 3203 3964 3269; x_wconf 78' lang='grc' dir='ltr'>Ἐγένετο</span> 
     </span>
    </p>
   </div>
   <div class='ocr_carea' id='block_1_76' title="bbox 2387 3293 3963 3364">
    <p class='ocr_par' dir='ltr' id='par_1_76' title="bbox 2387 3293 3963 3364">
     <span class='ocr_line' id='line_1_76' title="bbox 2387 3293 3963 3364; baseline 0.002 -19"><span class='ocrx_word' id='word_1_576' title='bbox 2387 3295 2479 3345; x_wconf 71' lang='grc' dir='ltr'>ἐπὶ</span> <span class='ocrx_word' id='word_1_577' title='bbox 2508 3296 2714 3357; x_wconf 76' lang='grc' dir='ltr'>πάντας</span> <span class='ocrx_word' id='word_1_578' title='bbox 2763 3293 2948 3363; x_wconf 72' lang='grc' dir='ltr'>φόϐος,</span> <span class='ocrx_word' id='word_1_579' title='bbox 2981 3295 3067 3349; x_wconf 83' lang='grc' dir='ltr'>διὰ</span> <span class='ocrx_word' id='word_1_580' title='bbox 3093 3295 3154 3347; x_wconf 82' lang='grc' dir='ltr'><strong>τδ</strong></span> <span class='ocrx_word' id='word_1_581' title='bbox 3183 3293 3483 3364; x_wconf 75' lang='grc' dir='ltr'>παράδοξον</span> <span class='ocrx_word' id='word_1_582' title='bbox 3514 3294 3615 3362; x_wconf 75' lang='grc' dir='ltr'>τῆς</span> <span class='ocrx_word' id='word_1_583' title='bbox 3647 3293 3743 3347; x_wconf 84' lang='grc' dir='ltr'><strong>τοῦ</strong></span> <span class='ocrx_word' id='word_1_584' title='bbox 3785 3296 3963 3364; x_wconf 79' lang='grc' dir='ltr'>Ζαχα-</span> 
     </span>
    </p>
   </div>
   <div class='ocr_carea' id='block_1_77' title="bbox 2387 3385 3960 3456">
    <p class='ocr_par' dir='ltr' id='par_1_77' title="bbox 2387 3385 3960 3456">
     <span class='ocr_line' id='line_1_77' title="bbox 2387 3385 3960 3456; baseline 0.001 -20"><span class='ocrx_word' id='word_1_585' title='bbox 2387 3386 2503 3454; x_wconf 87' lang='grc' dir='ltr'>ρίου</span> <span class='ocrx_word' id='word_1_586' title='bbox 2535 3385 2900 3454; x_wconf 73' lang='grc' dir='ltr'>ὲκλαλήσεως.</span> <span class='ocrx_word' id='word_1_587' title='bbox 2946 3387 3155 3455; x_wconf 81' lang='grc' dir='ltr'>Ὥσπερ</span> <span class='ocrx_word' id='word_1_588' title='bbox 3189 3385 3294 3456; x_wconf 84' lang='grc' dir='ltr'><strong>γὰρ</strong></span> <span class='ocrx_word' id='word_1_589' title='bbox 3332 3387 3424 3437; x_wconf 76' lang='grc' dir='ltr'>ἐπὶ</span> <span class='ocrx_word' id='word_1_590' title='bbox 3453 3387 3517 3456; x_wconf 79' lang='grc' dir='ltr'>τῇ</span> <span class='ocrx_word' id='word_1_591' title='bbox 3553 3390 3737 3456; x_wconf 77' lang='grc' dir='ltr'>σιωπῇ</span> <span class='ocrx_word' id='word_1_592' title='bbox 3773 3387 3960 3455; x_wconf 71' lang='grc' dir='ltr'>ἐξέστη</span> 
     </span>
    </p>
   </div>
   <div class='ocr_carea' id='block_1_78' title="bbox 2382 3473 3963 3544">
    <p class='ocr_par' dir='ltr' id='par_1_78' title="bbox 2382 3473 3963 3544">
     <span class='ocr_line' id='line_1_78' title="bbox 2382 3473 3963 3544; baseline 0.004 -21"><span class='ocrx_word' id='word_1_593' title='bbox 2382 3474 2410 3523; x_wconf 89' lang='lat'><strong>6</strong></span> <span class='ocrx_word' id='word_1_594' title='bbox 2446 3473 2590 3534; x_wconf 83' lang='grc' dir='ltr'>λαὸς,</span> <span class='ocrx_word' id='word_1_595' title='bbox 2629 3473 2772 3526; x_wconf 76' lang='grc' dir='ltr'>οὕτω</span> <span class='ocrx_word' id='word_1_596' title='bbox 2819 3473 2914 3526; x_wconf 66' lang='grc' dir='ltr'>καὶ</span> <span class='ocrx_word' id='word_1_597' title='bbox 2943 3476 3032 3525; x_wconf 70' lang='grc' dir='ltr'>ὲπὶ</span> <span class='ocrx_word' id='word_1_598' title='bbox 3057 3474 3136 3544; x_wconf 83' lang='grc' dir='ltr'>τῷ</span> <span class='ocrx_word' id='word_1_599' title='bbox 3179 3474 3411 3544; x_wconf 76' lang='grc' dir='ltr'>λαλῆσαι</span> <span class='ocrx_word' id='word_1_600' title='bbox 3449 3476 3610 3527; x_wconf 80' lang='grc' dir='ltr'>αὐτόν</span> <span class='ocrx_word' id='word_1_601' title='bbox 3635 3491 3648 3505; x_wconf 86' lang='grc'>·</span> <span class='ocrx_word' id='word_1_602' title='bbox 3679 3476 3758 3538; x_wconf 83' lang='grc' dir='ltr'>ὡς</span> <span class='ocrx_word' id='word_1_603' title='bbox 3786 3477 3854 3528; x_wconf 74' lang='grc' dir='ltr'>ἂν</span> <span class='ocrx_word' id='word_1_604' title='bbox 3875 3479 3963 3531; x_wconf 65' lang='grc' dir='ltr'><strong>διὰ</strong></span> 
     </span>
    </p>
   </div>
   <div class='ocr_carea' id='block_1_79' title="bbox 2394 3560 3962 3632">
    <p class='ocr_par' dir='ltr' id='par_1_79' title="bbox 2394 3560 3962 3632">
     <span class='ocr_line' id='line_1_79' title="bbox 2394 3560 3962 3632; baseline 0.004 -21"><span class='ocrx_word' id='word_1_605' title='bbox 2394 3560 2492 3611; x_wconf 80' lang='grc' dir='ltr'><strong>τῶν</strong></span> <span class='ocrx_word' id='word_1_606' title='bbox 2528 3561 2620 3613; x_wconf 87' lang='grc' dir='ltr'><strong>δύο</strong></span> <span class='ocrx_word' id='word_1_607' title='bbox 2655 3563 2861 3613; x_wconf 84' lang='grc' dir='ltr'>τούτων</span> <span class='ocrx_word' id='word_1_608' title='bbox 2894 3561 3190 3631; x_wconf 77' lang='grc' dir='ltr'>θαυμάτων</span> <span class='ocrx_word' id='word_1_609' title='bbox 3214 3604 3228 3628; x_wconf 91' lang='grc'><strong>,</strong></span> <span class='ocrx_word' id='word_1_610' title='bbox 3285 3563 3710 3632; x_wconf 84' lang='grc' dir='ltr'>συλλογίσωνται</span> <span class='ocrx_word' id='word_1_611' title='bbox 3765 3567 3962 3629; x_wconf 76' lang='grc' dir='ltr'>πάντες</span> 
     </span>
    </p>
   </div>
   <div class='ocr_carea' id='block_1_80' title="bbox 2385 3655 3958 3725">
    <p class='ocr_par' dir='ltr' id='par_1_80' title="bbox 2385 3655 3958 3725">
     <span class='ocr_line' id='line_1_80' title="bbox 2385 3655 3958 3725; baseline 0.006 -21"><span class='ocrx_word' id='word_1_612' title='bbox 2385 3655 2515 3722; x_wconf 78' lang='grc' dir='ltr'>περὶ</span> <span class='ocrx_word' id='word_1_613' title='bbox 2567 3655 2661 3706; x_wconf 87' lang='grc' dir='ltr'><strong>τοῦ</strong></span> <span class='ocrx_word' id='word_1_614' title='bbox 2709 3656 3015 3724; x_wconf 78' lang='grc' dir='ltr'>τεχθέντος,</span> <span class='ocrx_word' id='word_1_615' title='bbox 3051 3656 3124 3718; x_wconf 84' lang='grc' dir='ltr'>ὡς</span> <span class='ocrx_word' id='word_1_616' title='bbox 3176 3655 3315 3725; x_wconf 87' lang='grc' dir='ltr'>ὑπὲρ</span> <span class='ocrx_word' id='word_1_617' title='bbox 3359 3657 3482 3719; x_wconf 73' lang='grc' dir='ltr'>τοὺς</span> <span class='ocrx_word' id='word_1_618' title='bbox 3533 3656 3765 3720; x_wconf 74' lang='grc' dir='ltr'>πολλοὺς</span> <span class='ocrx_word' id='word_1_619' title='bbox 3823 3660 3958 3714; x_wconf 67' lang='grc' dir='ltr'>ἐστι.</span> 
     </span>
    </p>
   </div>
   <div class='ocr_carea' id='block_1_81' title="bbox 2385 3743 3958 3818">
    <p class='ocr_par' dir='ltr' id='par_1_81' title="bbox 2385 3743 3958 3818">
     <span class='ocr_line' id='line_1_81' title="bbox 2385 3743 3958 3818; baseline 0.004 -23"><span class='ocrx_word' id='word_1_620' title='bbox 2385 3743 2568 3795; x_wconf 86' lang='grc' dir='ltr'>Ταῦτα</span> <span class='ocrx_word' id='word_1_621' title='bbox 2587 3744 2652 3795; x_wconf 80' lang='grc' dir='ltr'><strong>’δὲ</strong></span> <span class='ocrx_word' id='word_1_622' title='bbox 2687 3748 2861 3796; x_wconf 81' lang='grc' dir='ltr'>πάντα</span> <span class='ocrx_word' id='word_1_623' title='bbox 2887 3745 3122 3812; x_wconf 78' lang='grc' dir='ltr'>ἐγίνοντο</span> <span class='ocrx_word' id='word_1_624' title='bbox 3153 3746 3531 3815; x_wconf 75' lang='grc' dir='ltr'>οἰκονομικῶς,</span> <span class='ocrx_word' id='word_1_625' title='bbox 3561 3748 3646 3801; x_wconf 82' lang='grc' dir='ltr'><strong>ἵνα</strong></span> <span class='ocrx_word' id='word_1_626' title='bbox 3667 3751 3696 3800; x_wconf 90' lang='lat'><strong>6</strong></span> <span class='ocrx_word' id='word_1_627' title='bbox 3721 3750 3851 3818; x_wconf 82' lang='grc' dir='ltr'>περὶ</span> <span class='ocrx_word' id='word_1_628' title='bbox 3875 3749 3958 3801; x_wconf 77' lang='grc' dir='ltr'><strong>τοῦ</strong></span> 
     </span>
    </p>
   </div>
   <div class='ocr_carea' id='block_1_82' title="bbox 2382 3832 3959 3910">
    <p class='ocr_par' dir='ltr' id='par_1_82' title="bbox 2382 3832 3959 3910">
     <span class='ocr_line' id='line_1_82' title="bbox 2382 3832 3959 3910; baseline 0.004 -24"><span class='ocrx_word' id='word_1_629' title='bbox 2382 3835 2619 3904; x_wconf 80' lang='grc' dir='ltr'>Χριστοῦ</span> <span class='ocrx_word' id='word_1_630' title='bbox 2676 3836 2882 3905; x_wconf 79' lang='grc' dir='ltr'>μέλλων</span> <span class='ocrx_word' id='word_1_631' title='bbox 2927 3838 3319 3910; x_wconf 75' lang='grc' dir='ltr'>μαρτυρήσειν,</span> <span class='ocrx_word' id='word_1_632' title='bbox 3353 3832 3664 3903; x_wconf 78' lang='grc' dir='ltr'>ἀξιόπιστος</span> <span class='ocrx_word' id='word_1_633' title='bbox 3715 3843 3827 3910; x_wconf 74' lang='grc' dir='ltr'>εἵη,</span> <span class='ocrx_word' id='word_1_634' title='bbox 3871 3848 3959 3895; x_wconf 66' lang='grc' dir='ltr'>καὶ</span> 
     </span>
    </p>
   </div>
   <div class='ocr_carea' id='block_1_83' title="bbox 2382 3927 3957 3998">
    <p class='ocr_par' dir='ltr' id='par_1_83' title="bbox 2382 3927 3957 3998">
     <span class='ocr_line' id='line_1_83' title="bbox 2382 3927 3957 3998; baseline 0.005 -21"><span class='ocrx_word' id='word_1_635' title='bbox 2382 3927 2583 3989; x_wconf 87' lang='grc' dir='ltr'>πάντες</span> <span class='ocrx_word' id='word_1_636' title='bbox 2625 3928 3118 3998; x_wconf 83' lang='grc' dir='ltr'>πληροφορηθῶσιν</span> <span class='ocrx_word' id='word_1_637' title='bbox 3165 3930 3223 3994; x_wconf 82' lang='grc' dir='ltr'>ἐξ</span> <span class='ocrx_word' id='word_1_638' title='bbox 3254 3930 3423 3998; x_wconf 78' lang='grc' dir='ltr'>αὐτῆς</span> <span class='ocrx_word' id='word_1_639' title='bbox 3449 3933 3548 3998; x_wconf 76' lang='grc' dir='ltr'>τῆς</span> <span class='ocrx_word' id='word_1_640' title='bbox 3575 3931 3670 3984; x_wconf 88' lang='grc' dir='ltr'><strong>τοῦ</strong></span> <span class='ocrx_word' id='word_1_641' title='bbox 3715 3933 3957 3986; x_wconf 68' lang='grc' dir='ltr'>Ἰωάννου</span> 
     </span>
    </p>
   </div>
   <div class='ocr_carea' id='block_1_84' title="bbox 2390 4021 3955 4092">
    <p class='ocr_par' dir='ltr' id='par_1_84' title="bbox 2390 4021 3955 4092">
     <span class='ocr_line' id='line_1_84' title="bbox 2390 4021 3955 4092; baseline 0.006 -24"><span class='ocrx_word' id='word_1_642' title='bbox 2390 4021 2715 4088; x_wconf 73' lang='grc' dir='ltr'>γεννήσεως,</span> <span class='ocrx_word' id='word_1_643' title='bbox 2742 4023 2823 4072; x_wconf 85' lang='grc' dir='ltr'>ὅτι</span> <span class='ocrx_word' id='word_1_644' title='bbox 2856 4021 2994 4091; x_wconf 78' lang='grc' dir='ltr'>ὑπὲρ</span> <span class='ocrx_word' id='word_1_645' title='bbox 3021 4024 3144 4084; x_wconf 61' lang='lat' dir='ltr'><strong>ac);</strong></span> <span class='ocrx_word' id='word_1_646' title='bbox 3176 4021 3407 4083; x_wconf 84' lang='grc' dir='ltr'>πολλούς</span> <span class='ocrx_word' id='word_1_647' title='bbox 3447 4024 3614 4076; x_wconf 72' lang='grc' dir='ltr'>ἔστιν.</span> <span class='ocrx_word' id='word_1_648' title='bbox 3653 4024 3881 4092; x_wconf 80' lang='grc' dir='ltr'>Εὑλογεῖ</span> <span class='ocrx_word' id='word_1_649' title='bbox 3909 4026 3955 4077; x_wconf 81' lang='grc' dir='ltr'><strong>δὲ</strong></span> 
     </span>
    </p>
   </div>
   <div class='ocr_carea' id='block_1_85' title="bbox 2380 4111 3957 4185">
    <p class='ocr_par' dir='ltr' id='par_1_85' title="bbox 2380 4111 3957 4185">
     <span class='ocr_line' id='line_1_85' title="bbox 2380 4111 3957 4185; baseline 0.001 -19"><span class='ocrx_word' id='word_1_650' title='bbox 2380 4112 2408 4170; x_wconf 81' lang='lat'><strong>6</strong></span> <span class='ocrx_word' id='word_1_651' title='bbox 2449 4111 2721 4183; x_wconf 83' lang='grc' dir='ltr'>Ζαχαρίας</span> <span class='ocrx_word' id='word_1_652' title='bbox 2760 4113 2850 4165; x_wconf 75' lang='grc' dir='ltr'><strong>τὸν</strong></span> <span class='ocrx_word' id='word_1_653' title='bbox 2903 4112 3055 4176; x_wconf 79' lang='grc' dir='ltr'>Θεὸν,</span> <span class='ocrx_word' id='word_1_654' title='bbox 3089 4111 3164 4177; x_wconf 89' lang='grc' dir='ltr'>ὡς</span> <span class='ocrx_word' id='word_1_655' title='bbox 3199 4113 3642 4185; x_wconf 58' lang='grc' dir='ltr'>ἑπισκείιάμενον</span> <span class='ocrx_word' id='word_1_656' title='bbox 3676 4118 3805 4180; x_wconf 74' lang='grc' dir='ltr'>τοὺς</span> <span class='ocrx_word' id='word_1_657' title='bbox 3866 4120 3957 4172; x_wconf 78' lang='grc' dir='ltr'><strong>Ἰσ-</strong></span> 
     </span>
    </p>
   </div>
   <div class='ocr_carea' id='block_1_86' title="bbox 2384 4204 3952 4278">
    <p class='ocr_par' dir='ltr' id='par_1_86' title="bbox 2384 4204 3952 4278">
     <span class='ocr_line' id='line_1_86' title="bbox 2384 4204 3952 4278; baseline 0.004 -24"><span class='ocrx_word' id='word_1_658' title='bbox 2384 4204 2680 4273; x_wconf 86' lang='grc' dir='ltr'>ραηλίτας·</span> <span class='ocrx_word' id='word_1_659' title='bbox 2720 4204 2797 4274; x_wconf 82' lang='grc' dir='ltr'>τῷ</span> <span class='ocrx_word' id='word_1_660' title='bbox 2847 4204 2960 4258; x_wconf 80' lang='grc' dir='ltr'>ὄντι</span> <span class='ocrx_word' id='word_1_661' title='bbox 3003 4209 3111 4276; x_wconf 78' lang='grc' dir='ltr'>γὰρ</span> <span class='ocrx_word' id='word_1_662' title='bbox 3164 4209 3244 4269; x_wconf 82' lang='grc' dir='ltr'><strong>είς</strong></span> <span class='ocrx_word' id='word_1_663' title='bbox 3296 4210 3364 4260; x_wconf 78' lang='grc' dir='ltr'>τὰ</span> <span class='ocrx_word' id='word_1_664' title='bbox 3403 4208 3654 4278; x_wconf 80' lang='grc' dir='ltr'>πρὸὄατα</span> <span class='ocrx_word' id='word_1_665' title='bbox 3707 4205 3848 4277; x_wconf 73' lang='grc' dir='ltr'>ἦλθε</span> <span class='ocrx_word' id='word_1_666' title='bbox 3898 4213 3952 4261; x_wconf 66' lang='grc' dir='ltr'>τὰ</span> 
     </span>
    </p>
   </div>
   <div class='ocr_carea' id='block_1_87' title="bbox 2378 4295 3950 4376">
    <p class='ocr_par' dir='ltr' id='par_1_87' title="bbox 2378 4295 3950 4376">
     <span class='ocr_line' id='line_1_87' title="bbox 2378 4295 3950 4376; baseline 0.002 -28"><span class='ocrx_word' id='word_1_667' title='bbox 2378 4295 2695 4348; x_wconf 78' lang='grc' dir='ltr'>ἀπολωλότα</span> <span class='ocrx_word' id='word_1_668' title='bbox 2748 4297 2898 4349; x_wconf 73' lang='grc' dir='ltr'>οἴκου</span> <span class='ocrx_word' id='word_1_669' title='bbox 2958 4298 3201 4367; x_wconf 83' lang='grc' dir='ltr'>Ἰσραὴλ,</span> <span class='ocrx_word' id='word_1_670' title='bbox 3253 4298 3366 4351; x_wconf 80' lang='grc' dir='ltr'>ἀλλ’</span> <span class='ocrx_word' id='word_1_671' title='bbox 3419 4300 3536 4376; x_wconf 39' lang='grc' dir='ltr'>οὐκ.</span> <span class='ocrx_word' id='word_1_672' title='bbox 3596 4301 3874 4371; x_wconf 71' lang='grc' dir='ltr'>ἠθέλησαν</span> <span class='ocrx_word' id='word_1_673' title='bbox 3910 4304 3950 4352; x_wconf 73' lang='grc' dir='ltr'>οξ</span> 
     </span>
    </p>
   </div>
   <div class='ocr_carea' id='block_1_88' title="bbox 2382 4387 3952 4461">
    <p class='ocr_par' dir='ltr' id='par_1_88' title="bbox 2382 4387 3952 4461">
     <span class='ocr_line' id='line_1_88' title="bbox 2382 4387 3952 4461; baseline 0.003 -23"><span class='ocrx_word' id='word_1_674' title='bbox 2382 4387 2629 4450; x_wconf 86' lang='grc' dir='ltr'>πλείονες</span> <span class='ocrx_word' id='word_1_675' title='bbox 2683 4388 2860 4440; x_wconf 77' lang='grc' dir='ltr'>αὐτῶν</span> <span class='ocrx_word' id='word_1_676' title='bbox 2910 4389 3164 4452; x_wconf 83' lang='grc' dir='ltr'>δέξασθαι</span> <span class='ocrx_word' id='word_1_677' title='bbox 3209 4389 3310 4459; x_wconf 81' lang='grc' dir='ltr'><strong>τὴν</strong></span> <span class='ocrx_word' id='word_1_678' title='bbox 3357 4391 3517 4461; x_wconf 75' lang='grc' dir='ltr'>χάριν</span> <span class='ocrx_word' id='word_1_679' title='bbox 3545 4405 3556 4419; x_wconf 86' lang='grc'>·</span> <span class='ocrx_word' id='word_1_680' title='bbox 3590 4392 3674 4444; x_wconf 80' lang='grc' dir='ltr'><strong>διὸ</strong></span> <span class='ocrx_word' id='word_1_681' title='bbox 3718 4395 3812 4445; x_wconf 81' lang='grc' dir='ltr'><strong>καὶ</strong></span> <span class='ocrx_word' id='word_1_682' title='bbox 3842 4394 3952 4453; x_wconf 52' lang='grc' dir='ltr'>τοις</span> 
     </span>
    </p>
   </div>
   <div class='ocr_carea' id='block_1_89' title="bbox 710 4470 2281 4550">
    <p class='ocr_par' dir='ltr' id='par_1_89' title="bbox 710 4470 2267 4548">
     <span class='ocr_line' id='line_1_89' title="bbox 710 4470 2267 4548; baseline -0.008 -14"><span class='ocrx_word' id='word_1_683' title='bbox 710 4478 773 4534; x_wconf 84' lang='lat' dir='ltr'><strong>lli</strong></span> <span class='ocrx_word' id='word_1_684' title='bbox 806 4481 894 4548; x_wconf 88' lang='lat' dir='ltr'><strong>qui</strong></span> <span class='ocrx_word' id='word_1_685' title='bbox 935 4480 1295 4533; x_wconf 89' lang='lat' dir='ltr'><strong>crediderunt.</strong></span> <span class='ocrx_word' id='word_1_686' title='bbox 1344 4475 1611 4531; x_wconf 78' lang='lat' dir='ltr'><strong>Excitavit</strong></span> <span class='ocrx_word' id='word_1_687' title='bbox 1640 4485 1818 4527; x_wconf 89' lang='lat' dir='ltr'><strong>autem</strong></span> <span class='ocrx_word' id='word_1_688' title='bbox 1858 4487 2029 4527; x_wconf 87' lang='lat' dir='ltr'><strong>cornu</strong></span> <span class='ocrx_word' id='word_1_689' title='bbox 2057 4470 2267 4536; x_wconf 83' lang='lat' dir='ltr'><strong>salutis,</strong></span> 
     </span>
    </p>
   </div>
   <div class='ocr_carea' id='block_1_90' title="bbox 2388 4470 3950 4550">
    <p class='ocr_par' dir='ltr' id='par_1_90' title="bbox 2388 4479 3950 4550">
     <span class='ocr_line' id='line_1_90' title="bbox 2388 4479 3950 4550; baseline 0.001 -18"><span class='ocrx_word' id='word_1_690' title='bbox 2388 4479 2596 4549; x_wconf 68' lang='grc' dir='ltr'>ὶληθῶς</span> <span class='ocrx_word' id='word_1_691' title='bbox 2649 4479 2990 4549; x_wconf 77' lang='grc' dir='ltr'>Ἰσραηλίτας</span> <span class='ocrx_word' id='word_1_692' title='bbox 3042 4481 3425 4550; x_wconf 64' lang='grc' dir='ltr'>ἐπεσκέψατο,</span> <span class='ocrx_word' id='word_1_693' title='bbox 3486 4481 3689 4545; x_wconf 74' lang='grc' dir='ltr'>οἵτινές</span> <span class='ocrx_word' id='word_1_694' title='bbox 3736 4487 3878 4536; x_wconf 70' lang='grc' dir='ltr'>εἰσιν</span> <span class='ocrx_word' id='word_1_695' title='bbox 3912 4486 3950 4534; x_wconf 75' lang='grc' dir='ltr'>οὶ</span> 
     </span>
    </p>
   </div>
   <div class='ocr_carea' id='block_1_91' title="bbox 708 4563 2266 4637">
    <p class='ocr_par' dir='ltr' id='par_1_91' title="bbox 708 4563 2266 4637">
     <span class='ocr_line' id='line_1_91' title="bbox 708 4563 2266 4637; baseline -0.008 -9"><span class='ocrx_word' id='word_1_696' title='bbox 708 4576 810 4628; x_wconf 85' lang='lat' dir='ltr'><strong>hoc</strong></span> <span class='ocrx_word' id='word_1_697' title='bbox 847 4581 947 4636; x_wconf 87' lang='lat' dir='ltr'><strong>est,</strong></span> <span class='ocrx_word' id='word_1_698' title='bbox 992 4571 1242 4623; x_wconf 77' lang='lat' dir='ltr'><strong>virtutem</strong></span> <span class='ocrx_word' id='word_1_699' title='bbox 1276 4578 1331 4623; x_wconf 88' lang='lat' dir='ltr'><strong>et</strong></span> <span class='ocrx_word' id='word_1_700' title='bbox 1369 4582 1593 4637; x_wconf 80' lang='lat' dir='ltr'><strong>regnum</strong></span> <span class='ocrx_word' id='word_1_701' title='bbox 1625 4565 1882 4619; x_wconf 89' lang='lat' dir='ltr'><strong>salutare.</strong></span> <span class='ocrx_word' id='word_1_702' title='bbox 1914 4564 2092 4620; x_wconf 82' lang='lat' dir='ltr'><strong>Cornu</strong></span> <span class='ocrx_word' id='word_1_703' title='bbox 2125 4563 2266 4618; x_wconf 91' lang='lat' dir='ltr'><strong>enim</strong></span> 
     </span>
    </p>
   </div>
   <div class='ocr_carea' id='block_1_92' title="bbox 709 4656 2267 4732">
    <p class='ocr_par' dir='ltr' id='par_1_92' title="bbox 709 4656 2267 4732">
     <span class='ocr_line' id='line_1_92' title="bbox 709 4656 2267 4732; baseline -0.004 -17"><span class='ocrx_word' id='word_1_704' title='bbox 709 4663 791 4717; x_wconf 88' lang='lat' dir='ltr'><strong>vel</strong></span> <span class='ocrx_word' id='word_1_705' title='bbox 825 4664 1122 4732; x_wconf 85' lang='lat' dir='ltr'><strong>potentiam</strong></span> <span class='ocrx_word' id='word_1_706' title='bbox 1162 4660 1465 4729; x_wconf 82' lang='lat' dir='ltr'><strong>signiﬁcat,</strong></span> <span class='ocrx_word' id='word_1_707' title='bbox 1516 4667 1742 4714; x_wconf 87' lang='lat' dir='ltr'><strong>cornuta</strong></span> <span class='ocrx_word' id='word_1_708' title='bbox 1780 4658 1924 4712; x_wconf 89' lang='lat' dir='ltr'><strong>enim</strong></span> <span class='ocrx_word' id='word_1_709' title='bbox 1975 4656 2267 4711; x_wconf 88' lang='lat' dir='ltr'><strong>animantia</strong></span> 
     </span>
    </p>
   </div>
   <div class='ocr_carea' id='block_1_93' title="bbox 705 4750 2266 4820">
    <p class='ocr_par' dir='ltr' id='par_1_93' title="bbox 705 4750 2266 4820">
     <span class='ocr_line' id='line_1_93' title="bbox 705 4750 2266 4820; baseline -0.007 -11"><span class='ocrx_word' id='word_1_710' title='bbox 705 4753 759 4811; x_wconf 83' lang='lat' dir='ltr'><strong>iu</strong></span> <span class='ocrx_word' id='word_1_711' title='bbox 805 4768 969 4807; x_wconf 91' lang='lat' dir='ltr'><strong>cornu</strong></span> <span class='ocrx_word' id='word_1_712' title='bbox 1027 4751 1194 4806; x_wconf 90' lang='lat' dir='ltr'><strong>robur</strong></span> <span class='ocrx_word' id='word_1_713' title='bbox 1247 4750 1477 4816; x_wconf 88' lang='lat' dir='ltr'><strong>habent,</strong></span> <span class='ocrx_word' id='word_1_714' title='bbox 1525 4750 1609 4804; x_wconf 81' lang='lat' dir='ltr'><strong>vel</strong></span> <span class='ocrx_word' id='word_1_715' title='bbox 1658 4764 1880 4820; x_wconf 86' lang='lat' dir='ltr'><strong>regnum</strong></span> <span class='ocrx_word' id='word_1_716' title='bbox 1927 4768 1939 4803; x_wconf 90' lang='lat'><strong>:</strong></span> <span class='ocrx_word' id='word_1_717' title='bbox 2001 4763 2067 4802; x_wconf 81' lang='lat' dir='ltr'><strong>ex</strong></span> <span class='ocrx_word' id='word_1_718' title='bbox 2102 4762 2266 4801; x_wconf 91' lang='lat' dir='ltr'><strong>cornu</strong></span> 
     </span>
    </p>
   </div>
   <div class='ocr_carea' id='block_1_94' title="bbox 703 4841 2268 4922">
    <p class='ocr_par' dir='ltr' id='par_1_94' title="bbox 703 4841 2268 4922">
     <span class='ocr_line' id='line_1_94' title="bbox 703 4841 2268 4922; baseline -0.004 -23"><span class='ocrx_word' id='word_1_719' title='bbox 703 4846 851 4899; x_wconf 87' lang='lat' dir='ltr'><strong>enim</strong></span> <span class='ocrx_word' id='word_1_720' title='bbox 886 4859 1037 4912; x_wconf 87' lang='lat' dir='ltr'><strong>reges</strong></span> <span class='ocrx_word' id='word_1_721' title='bbox 1067 4843 1482 4922; x_wconf 74' lang='lat' dir='ltr'><strong>inungebantur.</strong></span> <span class='ocrx_word' id='word_1_722' title='bbox 1507 4844 1692 4910; x_wconf 87' lang='lat' dir='ltr'><strong>Itaque</strong></span> <span class='ocrx_word' id='word_1_723' title='bbox 1717 4841 1965 4896; x_wconf 83' lang='lat' dir='ltr'><strong>Christus</strong></span> <span class='ocrx_word' id='word_1_724' title='bbox 1995 4850 2048 4895; x_wconf 88' lang='lat' dir='ltr'><strong>et</strong></span> <span class='ocrx_word' id='word_1_725' title='bbox 2077 4851 2268 4910; x_wconf 88' lang='lat' dir='ltr'><strong>poten-</strong></span> 
     </span>
    </p>
   </div>
   <div class='ocr_carea' id='block_1_95' title="bbox 705 4924 2265 5004">
    <p class='ocr_par' dir='ltr' id='par_1_95' title="bbox 705 4924 2265 5004">
     <span class='ocr_line' id='line_1_95' title="bbox 705 4924 2265 5004; baseline -0.004 -13"><span class='ocrx_word' id='word_1_726' title='bbox 705 4937 775 4992; x_wconf 91' lang='lat' dir='ltr'><strong>tia</strong></span> <span class='ocrx_word' id='word_1_727' title='bbox 802 4945 882 4991; x_wconf 87' lang='lat' dir='ltr'><strong>est</strong></span> <span class='ocrx_word' id='word_1_728' title='bbox 920 4924 974 4988; x_wconf 81' lang='lat' dir='ltr'><strong>et</strong></span> <span class='ocrx_word' id='word_1_729' title='bbox 1015 4951 1237 5004; x_wconf 84' lang='lat' dir='ltr'><strong>regnum</strong></span> <span class='ocrx_word' id='word_1_730' title='bbox 1267 4934 1463 4989; x_wconf 81' lang='lat' dir='ltr'><strong>Patris.</strong></span> <span class='ocrx_word' id='word_1_731' title='bbox 1498 4936 1802 4990; x_wconf 76' lang='lat' dir='ltr'><strong>Excitatum</strong></span> <span class='ocrx_word' id='word_1_732' title='bbox 1851 4934 2009 5003; x_wconf 88' lang='lat' dir='ltr'><strong>igitur</strong></span> <span class='ocrx_word' id='word_1_733' title='bbox 2038 4940 2119 4987; x_wconf 86' lang='lat' dir='ltr'><strong>est</strong></span> <span class='ocrx_word' id='word_1_734' title='bbox 2166 4949 2265 4985; x_wconf 87' lang='lat' dir='ltr'><strong>no-</strong></span> 
     </span>
    </p>
   </div>
   <div class='ocr_carea' id='block_1_96' title="bbox 705 5025 2264 5093">
    <p class='ocr_par' dir='ltr' id='par_1_96' title="bbox 705 5025 2264 5093">
     <span class='ocr_line' id='line_1_96' title="bbox 705 5025 2264 5093; baseline -0.003 -12"><span class='ocrx_word' id='word_1_735' title='bbox 705 5029 786 5081; x_wconf 89' lang='lat' dir='ltr'><strong>bis</strong></span> <span class='ocrx_word' id='word_1_736' title='bbox 816 5041 984 5080; x_wconf 89' lang='lat' dir='ltr'><strong>cornu</strong></span> <span class='ocrx_word' id='word_1_737' title='bbox 1023 5026 1242 5093; x_wconf 86' lang='lat' dir='ltr'><strong>salutis,</strong></span> <span class='ocrx_word' id='word_1_738' title='bbox 1286 5026 1559 5082; x_wconf 86' lang='lat' dir='ltr'><strong>Christus.</strong></span> <span class='ocrx_word' id='word_1_739' title='bbox 1613 5025 1912 5079; x_wconf 72' lang='lat' dir='ltr'><strong>Videbatur</strong></span> <span class='ocrx_word' id='word_1_740' title='bbox 1943 5027 2084 5078; x_wconf 90' lang='lat' dir='ltr'><strong>enim</strong></span> <span class='ocrx_word' id='word_1_741' title='bbox 2135 5025 2264 5078; x_wconf 89' lang='lat' dir='ltr'><strong>dor-</strong></span> 
     </span>
    </p>
   </div>
   <div class='ocr_carea' id='block_1_97' title="bbox 707 5119 2266 5188">
    <p class='ocr_par' dir='ltr' id='par_1_97' title="bbox 707 5119 2266 5188">
     <span class='ocr_line' id='line_1_97' title="bbox 707 5119 2266 5188; baseline -0.001 -15"><span class='ocrx_word' id='word_1_742' title='bbox 707 5120 863 5184; x_wconf 86' lang='lat' dir='ltr'><strong>mire,</strong></span> <span class='ocrx_word' id='word_1_743' title='bbox 914 5128 1264 5173; x_wconf 86' lang='lat' dir='ltr'><strong>contemnens</strong></span> <span class='ocrx_word' id='word_1_744' title='bbox 1310 5119 1602 5174; x_wconf 91' lang='lat' dir='ltr'><strong>multorum</strong></span> <span class='ocrx_word' id='word_1_745' title='bbox 1653 5128 1894 5187; x_wconf 85' lang='lat' dir='ltr'><strong>peccata,</strong></span> <span class='ocrx_word' id='word_1_746' title='bbox 1937 5119 2266 5188; x_wconf 72' lang='lat' dir='ltr'><strong>longanimi-</strong></span> 
     </span>
    </p>
   </div>
   <div class='ocr_carea' id='block_1_98' title="bbox 707 5208 2261 5279">
    <p class='ocr_par' dir='ltr' id='par_1_98' title="bbox 707 5208 2261 5279">
     <span class='ocr_line' id='line_1_98' title="bbox 707 5208 2261 5279; baseline 0 -16"><span class='ocrx_word' id='word_1_747' title='bbox 707 5220 862 5266; x_wconf 80' lang='lat' dir='ltr'><strong>tatem</strong></span> <span class='ocrx_word' id='word_1_748' title='bbox 888 5210 941 5264; x_wconf 89' lang='lat' dir='ltr'><strong>in</strong></span> <span class='ocrx_word' id='word_1_749' title='bbox 974 5208 1381 5264; x_wconf 87' lang='lat' dir='ltr'><strong>simulacrorum</strong></span> <span class='ocrx_word' id='word_1_750' title='bbox 1415 5213 1606 5268; x_wconf 87' lang='lat' dir='ltr'><strong>insano</strong></span> <span class='ocrx_word' id='word_1_751' title='bbox 1637 5211 1782 5263; x_wconf 87' lang='lat' dir='ltr'><strong>cultu</strong></span> <span class='ocrx_word' id='word_1_752' title='bbox 1825 5226 1933 5279; x_wconf 79' lang='lat' dir='ltr'><strong>prae</strong></span> <span class='ocrx_word' id='word_1_753' title='bbox 1973 5225 2033 5264; x_wconf 89' lang='lat' dir='ltr'><strong>se</strong></span> <span class='ocrx_word' id='word_1_754' title='bbox 2062 5211 2261 5274; x_wconf 75' lang='lat' dir='ltr'><strong>ferens,</strong></span> 
     </span>
    </p>
   </div>
   <div class='ocr_carea' id='block_1_99' title="bbox 701 5301 2262 5373">
    <p class='ocr_par' dir='ltr' id='par_1_99' title="bbox 701 5301 2262 5373">
     <span class='ocr_line' id='line_1_99' title="bbox 701 5301 2262 5373; baseline 0 -16"><span class='ocrx_word' id='word_1_755' title='bbox 701 5301 793 5357; x_wconf 84' lang='lat' dir='ltr'><strong>sed</strong></span> <span class='ocrx_word' id='word_1_756' title='bbox 830 5302 883 5355; x_wconf 92' lang='lat' dir='ltr'><strong>in</strong></span> <span class='ocrx_word' id='word_1_757' title='bbox 934 5303 1239 5357; x_wconf 87' lang='lat' dir='ltr'><strong>novissimis</strong></span> <span class='ocrx_word' id='word_1_758' title='bbox 1279 5306 1606 5373; x_wconf 79' lang='lat' dir='ltr'><strong>temporibus</strong></span> <span class='ocrx_word' id='word_1_759' title='bbox 1647 5305 1964 5358; x_wconf 83' lang='lat' dir='ltr'><strong>incarnatus</strong></span> <span class='ocrx_word' id='word_1_760' title='bbox 1997 5305 2262 5360; x_wconf 70' lang='lat' dir='ltr'><strong>excitatus</strong></span> 
     </span>
    </p>
   </div>
   <div class='ocr_carea' id='block_1_100' title="bbox 701 5395 2261 5464">
    <p class='ocr_par' dir='ltr' id='par_1_100' title="bbox 701 5395 2261 5464">
     <span class='ocr_line' id='line_1_100' title="bbox 701 5395 2261 5464; baseline 0.001 -18"><span class='ocrx_word' id='word_1_761' title='bbox 701 5401 800 5455; x_wconf 82' lang='lat' dir='ltr'><strong>est,</strong></span> <span class='ocrx_word' id='word_1_762' title='bbox 835 5402 892 5452; x_wconf 77' lang='lat' dir='ltr'><strong>el.</strong></span> <span class='ocrx_word' id='word_1_763' title='bbox 935 5395 1190 5454; x_wconf 73' lang='lat' dir='ltr'><strong>contrivit</strong></span> <span class='ocrx_word' id='word_1_764' title='bbox 1219 5409 1405 5448; x_wconf 86' lang='lat' dir='ltr'><strong>omnes</strong></span> <span class='ocrx_word' id='word_1_765' title='bbox 1437 5411 1523 5464; x_wconf 82' lang='lat' dir='ltr'><strong>qm</strong></span> <span class='ocrx_word' id='word_1_766' title='bbox 1555 5407 1787 5450; x_wconf 83' lang='lat' dir='ltr'><strong>nuerunt</strong></span> <span class='ocrx_word' id='word_1_767' title='bbox 1829 5411 1925 5450; x_wconf 88' lang='lat' dir='ltr'><strong>nos</strong></span> <span class='ocrx_word' id='word_1_768' title='bbox 1972 5397 2261 5459; x_wconf 71' lang='lat' dir='ltr'><strong>tltntnones,</strong></span> 
     </span>
    </p>
   </div>
   <div class='ocr_carea' id='block_1_101' title="bbox 702 5484 2258 5555">
    <p class='ocr_par' dir='ltr' id='par_1_101' title="bbox 702 5484 2258 5555">
     <span class='ocr_line' id='line_1_101' title="bbox 702 5484 2258 5555; baseline 0.001 -17"><span class='ocrx_word' id='word_1_769' title='bbox 702 5500 806 5538; x_wconf 82' lang='lat' dir='ltr'><strong>non</strong></span> <span class='ocrx_word' id='word_1_770' title='bbox 853 5484 961 5552; x_wconf 88' lang='lat' dir='ltr'><strong>jam</strong></span> <span class='ocrx_word' id='word_1_771' title='bbox 1008 5486 1142 5538; x_wconf 86' lang='lat' dir='ltr'><strong>ultra</strong></span> <span class='ocrx_word' id='word_1_772' title='bbox 1185 5487 1501 5555; x_wconf 85' lang='lat' dir='ltr'><strong>longanimis</strong></span> <span class='ocrx_word' id='word_1_773' title='bbox 1559 5497 1611 5541; x_wconf 82' lang='lat' dir='ltr'><strong>et</strong></span> <span class='ocrx_word' id='word_1_774' title='bbox 1665 5490 1953 5541; x_wconf 86' lang='lat' dir='ltr'><strong>dormiens.</strong></span> <span class='ocrx_word' id='word_1_775' title='bbox 2002 5488 2168 5541; x_wconf 85' lang='lat' dir='ltr'><strong>Porro</strong></span> <span class='ocrx_word' id='word_1_776' title='bbox 2210 5489 2258 5540; x_wconf 90' lang='lat' dir='ltr'><strong>in</strong></span> 
     </span>
    </p>
   </div>
   <div class='ocr_carea' id='block_1_102' title="bbox 700 5577 2254 5645">
    <p class='ocr_par' dir='ltr' id='par_1_102' title="bbox 700 5577 2254 5645">
     <span class='ocr_line' id='line_1_102' title="bbox 700 5577 2254 5645; baseline 0.003 -16"><span class='ocrx_word' id='word_1_777' title='bbox 700 5577 858 5630; x_wconf 88' lang='lat' dir='ltr'><strong>domo</strong></span> <span class='ocrx_word' id='word_1_778' title='bbox 906 5577 1072 5631; x_wconf 86' lang='lat' dir='ltr'><strong>David</strong></span> <span class='ocrx_word' id='word_1_779' title='bbox 1116 5581 1376 5632; x_wconf 82' lang='lat' dir='ltr'><strong>excitatus</strong></span> <span class='ocrx_word' id='word_1_780' title='bbox 1409 5588 1521 5642; x_wconf 87' lang='lat' dir='ltr'><strong>est,</strong></span> <span class='ocrx_word' id='word_1_781' title='bbox 1552 5582 1648 5633; x_wconf 87' lang='lat' dir='ltr'><strong>huc</strong></span> <span class='ocrx_word' id='word_1_782' title='bbox 1690 5591 1808 5645; x_wconf 86' lang='lat' dir='ltr'><strong>est,</strong></span> <span class='ocrx_word' id='word_1_783' title='bbox 1849 5583 1898 5632; x_wconf 91' lang='lat' dir='ltr'><strong>in</strong></span> <span class='ocrx_word' id='word_1_784' title='bbox 1939 5581 2254 5635; x_wconf 80' lang='lat' dir='ltr'><strong>Bethleem:</strong></span> 
     </span>
    </p>
   </div>
   <div class='ocr_carea' id='block_1_103' title="bbox 698 5665 2258 5736">
    <p class='ocr_par' dir='ltr' id='par_1_103' title="bbox 698 5665 2258 5736">
     <span class='ocr_line' id='line_1_103' title="bbox 698 5665 2258 5736; baseline 0.003 -17"><span class='ocrx_word' id='word_1_785' title='bbox 698 5665 804 5719; x_wconf 75' lang='lat' dir='ltr'><strong>illic</strong></span> <span class='ocrx_word' id='word_1_786' title='bbox 840 5670 977 5721; x_wconf 89' lang='lat' dir='ltr'><strong>enim</strong></span> <span class='ocrx_word' id='word_1_787' title='bbox 1015 5678 1169 5722; x_wconf 90' lang='lat' dir='ltr'><strong>natus</strong></span> <span class='ocrx_word' id='word_1_788' title='bbox 1199 5680 1296 5722; x_wconf 80' lang='lat' dir='ltr'><strong>est.</strong></span> <span class='ocrx_word' id='word_1_789' title='bbox 1347 5669 1611 5722; x_wconf 69' lang='lat' dir='ltr'><strong>lit-.thlcetn</strong></span> <span class='ocrx_word' id='word_1_790' title='bbox 1660 5682 1838 5725; x_wconf 71' lang='lat' dir='ltr'><strong>autem</strong></span> <span class='ocrx_word' id='word_1_791' title='bbox 1884 5675 2049 5736; x_wconf 77' lang='lat' dir='ltr'><strong>patria</strong></span> <span class='ocrx_word' id='word_1_792' title='bbox 2098 5672 2258 5724; x_wconf 57' lang='lat' dir='ltr'><strong>llavnl</strong></span> 
     </span>
    </p>
   </div>
   <div class='ocr_carea' id='block_1_104' title="bbox 701 5760 2256 5830">
    <p class='ocr_par' dir='ltr' id='par_1_104' title="bbox 701 5760 2256 5830">
     <span class='ocr_line' id='line_1_104' title="bbox 701 5760 2256 5830; baseline 0.005 -21"><span class='ocrx_word' id='word_1_793' title='bbox 701 5769 839 5821; x_wconf 81' lang='lat' dir='ltr'><strong>erat,</strong></span> <span class='ocrx_word' id='word_1_794' title='bbox 888 5760 1205 5815; x_wconf 76' lang='lat' dir='ltr'><strong>sicullocuti</strong></span> <span class='ocrx_word' id='word_1_795' title='bbox 1257 5762 1471 5816; x_wconf 78' lang='lat' dir='ltr'><strong>fuerunt</strong></span> <span class='ocrx_word' id='word_1_796' title='bbox 1518 5763 1803 5830; x_wconf 60' lang='lat' dir='ltr'><strong>ptopltulnu</strong></span> <span class='ocrx_word' id='word_1_797' title='bbox 1873 5767 2070 5817; x_wconf 70' lang='lat' dir='ltr'><strong>Utntn-s</strong></span> <span class='ocrx_word' id='word_1_798' title='bbox 2118 5768 2256 5817; x_wconf 73' lang='lat' dir='ltr'><strong>enim</strong></span> 
     </span>
    </p>
   </div>
   <div class='ocr_carea' id='block_1_105' title="bbox 2377 4571 3950 4642">
    <p class='ocr_par' dir='ltr' id='par_1_105' title="bbox 2377 4571 3950 4642">
     <span class='ocr_line' id='line_1_105' title="bbox 2377 4571 3950 4642; baseline 0.003 -19"><span class='ocrx_word' id='word_1_799' title='bbox 2377 4574 2786 4634; x_wconf 84' lang='grc' dir='ltr'>πιστεύσαντες.</span> <span class='ocrx_word' id='word_1_800' title='bbox 2815 4573 3040 4638; x_wconf 83' lang='grc' dir='ltr'>Ἥγειρε</span> <span class='ocrx_word' id='word_1_801' title='bbox 3069 4571 3125 4624; x_wconf 83' lang='grc' dir='ltr'>δὲ</span> <span class='ocrx_word' id='word_1_802' title='bbox 3156 4573 3323 4638; x_wconf 85' lang='grc' dir='ltr'>κέρας</span> <span class='ocrx_word' id='word_1_803' title='bbox 3357 4574 3657 4642; x_wconf 85' lang='grc' dir='ltr'>σωτηρίας,</span> <span class='ocrx_word' id='word_1_804' title='bbox 3693 4578 3950 4636; x_wconf 70' lang='grc' dir='ltr'>τουτέστι,</span> 
     </span>
    </p>
   </div>
   <div class='ocr_carea' id='block_1_106' title="bbox 2373 4662 3946 4737">
    <p class='ocr_par' dir='ltr' id='par_1_106' title="bbox 2373 4662 3946 4737">
     <span class='ocr_line' id='line_1_106' title="bbox 2373 4662 3946 4737; baseline 0.003 -24"><span class='ocrx_word' id='word_1_805' title='bbox 2373 4662 2605 4732; x_wconf 81' lang='grc' dir='ltr'>δύναμιν</span> <span class='ocrx_word' id='word_1_806' title='bbox 2646 4663 2739 4716; x_wconf 75' lang='grc' dir='ltr'><strong>καὶ</strong></span> <span class='ocrx_word' id='word_1_807' title='bbox 2788 4662 3066 4733; x_wconf 87' lang='grc' dir='ltr'>βασιλείαν</span> <span class='ocrx_word' id='word_1_808' title='bbox 3110 4665 3379 4734; x_wconf 85' lang='grc' dir='ltr'>σωτήριον</span> <span class='ocrx_word' id='word_1_809' title='bbox 3405 4680 3420 4695; x_wconf 73' lang='grc' dir='ltr'><strong><em>ο</em></strong></span> <span class='ocrx_word' id='word_1_810' title='bbox 3471 4665 3532 4719; x_wconf 83' lang='grc' dir='ltr'>τὸ</span> <span class='ocrx_word' id='word_1_811' title='bbox 3579 4666 3688 4736; x_wconf 81' lang='grc' dir='ltr'><strong>γὰρ</strong></span> <span class='ocrx_word' id='word_1_812' title='bbox 3727 4668 3946 4737; x_wconf 65' lang='grc' dir='ltr'>κέραςῖ</span> 
     </span>
    </p>
   </div>
   <div class='ocr_carea' id='block_1_107' title="bbox 2373 4753 3951 4826">
    <p class='ocr_par' dir='ltr' id='par_1_107' title="bbox 2373 4753 3951 4826">
     <span class='ocr_line' id='line_1_107' title="bbox 2373 4753 3951 4826; baseline 0.004 -21"><span class='ocrx_word' id='word_1_813' title='bbox 2373 4753 2608 4823; x_wconf 75' lang='grc' dir='ltr'>δύναμιν</span> <span class='ocrx_word' id='word_1_814' title='bbox 2658 4755 2948 4824; x_wconf 86' lang='grc' dir='ltr'>σημαίνει·</span> <span class='ocrx_word' id='word_1_815' title='bbox 2980 4755 3047 4809; x_wconf 76' lang='grc' dir='ltr'><strong>τὰ</strong></span> <span class='ocrx_word' id='word_1_816' title='bbox 3091 4756 3199 4826; x_wconf 83' lang='grc' dir='ltr'>γὰρ</span> <span class='ocrx_word' id='word_1_817' title='bbox 3247 4757 3566 4825; x_wconf 80' lang='grc' dir='ltr'>κερασφόρα</span> <span class='ocrx_word' id='word_1_818' title='bbox 3607 4757 3727 4821; x_wconf 72' lang='grc' dir='ltr'>ζῶα</span> <span class='ocrx_word' id='word_1_819' title='bbox 3763 4761 3824 4812; x_wconf 85' lang='grc' dir='ltr'>ὲν</span> <span class='ocrx_word' id='word_1_820' title='bbox 3853 4762 3951 4822; x_wconf 66' lang='grc' dir='ltr'>τοῖς</span> 
     </span>
    </p>
   </div>
   <div class='ocr_carea' id='block_1_108' title="bbox 2378 4845 3953 4921">
    <p class='ocr_par' dir='ltr' id='par_1_108' title="bbox 2378 4845 3953 4921">
     <span class='ocr_line' id='line_1_108' title="bbox 2378 4845 3953 4921; baseline 0.003 -23"><span class='ocrx_word' id='word_1_821' title='bbox 2378 4847 2572 4916; x_wconf 70' lang='grc' dir='ltr'>κέρασι</span> <span class='ocrx_word' id='word_1_822' title='bbox 2608 4845 2703 4917; x_wconf 79' lang='grc' dir='ltr'>τὴν</span> <span class='ocrx_word' id='word_1_823' title='bbox 2752 4847 2980 4914; x_wconf 85' lang='grc' dir='ltr'>δύναμιν</span> <span class='ocrx_word' id='word_1_824' title='bbox 3031 4848 3266 4918; x_wconf 78' lang='grc' dir='ltr'>ἔχουσιν,</span> <span class='ocrx_word' id='word_1_825' title='bbox 3300 4848 3331 4915; x_wconf 73' lang='grc' dir='ltr'>ἢ</span> <span class='ocrx_word' id='word_1_826' title='bbox 3367 4848 3647 4917; x_wconf 83' lang='grc' dir='ltr'>βασιλείαν</span> <span class='ocrx_word' id='word_1_827' title='bbox 3678 4867 3691 4880; x_wconf 90' lang='grc'><strong>·</strong></span> <span class='ocrx_word' id='word_1_828' title='bbox 3738 4851 3820 4919; x_wconf 79' lang='grc' dir='ltr'>τῷ</span> <span class='ocrx_word' id='word_1_829' title='bbox 3858 4852 3953 4921; x_wconf 71' lang='grc' dir='ltr'>γὰρ</span> 
     </span>
    </p>
   </div>
   <div class='ocr_carea' id='block_1_109' title="bbox 2377 4936 3952 5011">
    <p class='ocr_par' dir='ltr' id='par_1_109' title="bbox 2377 4936 3952 5011">
     <span class='ocr_line' id='line_1_109' title="bbox 2377 4936 3952 5011; baseline 0.002 -21"><span class='ocrx_word' id='word_1_830' title='bbox 2377 4939 2566 5008; x_wconf 74' lang='grc' dir='ltr'>κέρατι</span> <span class='ocrx_word' id='word_1_831' title='bbox 2622 4942 2865 5009; x_wconf 72' lang='grc' dir='ltr'>ἐχρίοντο</span> <span class='ocrx_word' id='word_1_832' title='bbox 2913 4941 2960 4992; x_wconf 74' lang='lat' dir='ltr'><strong>oi</strong></span> <span class='ocrx_word' id='word_1_833' title='bbox 3005 4940 3267 5007; x_wconf 81' lang='grc' dir='ltr'>βασιλεῖς.</span> <span class='ocrx_word' id='word_1_834' title='bbox 3337 4940 3398 4992; x_wconf 91' lang='grc' dir='ltr'>Ὀ</span> <span class='ocrx_word' id='word_1_835' title='bbox 3437 4936 3529 4994; x_wconf 73' lang='grc' dir='ltr'>οὖν</span> <span class='ocrx_word' id='word_1_836' title='bbox 3577 4942 3823 5011; x_wconf 65' lang='grc' dir='ltr'>Χριστὸς</span> <span class='ocrx_word' id='word_1_837' title='bbox 3872 4945 3952 4995; x_wconf 72' lang='grc' dir='ltr'><strong>καὶ</strong></span> 
     </span>
    </p>
   </div>
   <div class='ocr_carea' id='block_1_110' title="bbox 2373 5029 3951 5105">
    <p class='ocr_par' dir='ltr' id='par_1_110' title="bbox 2373 5029 3951 5105">
     <span class='ocr_line' id='line_1_110' title="bbox 2373 5029 3951 5105; baseline 0.003 -24"><span class='ocrx_word' id='word_1_838' title='bbox 2373 5029 2602 5100; x_wconf 82' lang='grc' dir='ltr'>δύναμίς</span> <span class='ocrx_word' id='word_1_839' title='bbox 2653 5032 2899 5085; x_wconf 75' lang='grc' dir='ltr'>ἐστικαὶ</span> <span class='ocrx_word' id='word_1_840' title='bbox 2956 5031 3200 5102; x_wconf 83' lang='grc' dir='ltr'>βασιλεία</span> <span class='ocrx_word' id='word_1_841' title='bbox 3248 5030 3343 5084; x_wconf 86' lang='grc' dir='ltr'><strong>τοῦ</strong></span> <span class='ocrx_word' id='word_1_842' title='bbox 3381 5032 3631 5103; x_wconf 83' lang='grc' dir='ltr'>Πατρός·</span> <span class='ocrx_word' id='word_1_843' title='bbox 3689 5034 3951 5105; x_wconf 47' lang='grc' dir='ltr'>ἐξηρέρή</span> 
     </span>
    </p>
   </div>
   <div class='ocr_carea' id='block_1_111' title="bbox 2372 5125 3945 5197">
    <p class='ocr_par' dir='ltr' id='par_1_111' title="bbox 2372 5125 3945 5197">
     <span class='ocr_line' id='line_1_111' title="bbox 2372 5125 3945 5197; baseline 0.001 -19"><span class='ocrx_word' id='word_1_844' title='bbox 2372 5125 2463 5178; x_wconf 78' lang='grc' dir='ltr'><strong>οὖν</strong></span> <span class='ocrx_word' id='word_1_845' title='bbox 2497 5129 2629 5197; x_wconf 79' lang='grc' dir='ltr'>ἡμῖν</span> <span class='ocrx_word' id='word_1_846' title='bbox 2664 5129 2830 5197; x_wconf 83' lang='grc' dir='ltr'>κέρας</span> <span class='ocrx_word' id='word_1_847' title='bbox 2887 5128 3156 5194; x_wconf 82' lang='grc' dir='ltr'>σωτηρίας</span> <span class='ocrx_word' id='word_1_848' title='bbox 3190 5129 3217 5179; x_wconf 89' lang='lat'><strong>6</strong></span> <span class='ocrx_word' id='word_1_849' title='bbox 3270 5127 3523 5194; x_wconf 78' lang='grc' dir='ltr'>Χριστός.</span> <span class='ocrx_word' id='word_1_850' title='bbox 3584 5127 3794 5180; x_wconf 68' lang='grc' dir='ltr'>Ἐδόκει</span> <span class='ocrx_word' id='word_1_851' title='bbox 3847 5129 3945 5195; x_wconf 74' lang='grc' dir='ltr'>γὰρ</span> 
     </span>
    </p>
   </div>
   <div class='ocr_carea' id='block_1_112' title="bbox 2378 5219 3946 5289">
    <p class='ocr_par' dir='ltr' id='par_1_112' title="bbox 2378 5219 3946 5289">
     <span class='ocr_line' id='line_1_112' title="bbox 2378 5219 3946 5289; baseline 0 -17"><span class='ocrx_word' id='word_1_852' title='bbox 2378 5220 2678 5272; x_wconf 68' lang='grc' dir='ltr'>ὑπνώττεω</span> <span class='ocrx_word' id='word_1_853' title='bbox 2706 5264 2718 5284; x_wconf 87' lang='grc'><strong>,</strong></span> <span class='ocrx_word' id='word_1_854' title='bbox 2759 5221 3246 5289; x_wconf 75' lang='grc' dir='ltr'>παραὸλεπὸμενος</span> <span class='ocrx_word' id='word_1_855' title='bbox 3278 5219 3376 5282; x_wconf 85' lang='grc' dir='ltr'>τὰς</span> <span class='ocrx_word' id='word_1_856' title='bbox 3414 5219 3611 5281; x_wconf 72' lang='grc' dir='ltr'>πολλὰς</span> <span class='ocrx_word' id='word_1_857' title='bbox 3649 5221 3946 5289; x_wconf 77' lang='grc' dir='ltr'>ἁμαρτίας.</span> 
     </span>
    </p>
   </div>
   <div class='ocr_carea' id='block_1_113' title="bbox 2373 5311 3950 5380">
    <p class='ocr_par' dir='ltr' id='par_1_113' title="bbox 2373 5311 3950 5380">
     <span class='ocr_line' id='line_1_113' title="bbox 2373 5311 3950 5380; baseline -0.003 -15"><span class='ocrx_word' id='word_1_858' title='bbox 2373 5312 2467 5365; x_wconf 76' lang='grc' dir='ltr'>καὶ</span> <span class='ocrx_word' id='word_1_859' title='bbox 2524 5311 2896 5380; x_wconf 81' lang='grc' dir='ltr'>μακροθυμῶν</span> <span class='ocrx_word' id='word_1_860' title='bbox 2941 5312 3034 5363; x_wconf 72' lang='grc' dir='ltr'><strong>ἐπὶ</strong></span> <span class='ocrx_word' id='word_1_861' title='bbox 3067 5314 3133 5380; x_wconf 80' lang='grc' dir='ltr'>τῇ</span> <span class='ocrx_word' id='word_1_862' title='bbox 3170 5311 3530 5380; x_wconf 77' lang='grc' dir='ltr'>εἰδωλομανίᾳ</span> <span class='ocrx_word' id='word_1_863' title='bbox 3559 5326 3572 5340; x_wconf 90' lang='grc'><strong>·</strong></span> <span class='ocrx_word' id='word_1_864' title='bbox 3607 5311 3727 5362; x_wconf 81' lang='grc' dir='ltr'>ἀλλ’</span> <span class='ocrx_word' id='word_1_865' title='bbox 3762 5313 3820 5362; x_wconf 86' lang='grc' dir='ltr'>ὲν</span> <span class='ocrx_word' id='word_1_866' title='bbox 3849 5314 3950 5372; x_wconf 80' lang='grc' dir='ltr'>ττίς</span> 
     </span>
    </p>
   </div>
   <div class='ocr_carea' id='block_1_114' title="bbox 2369 5401 3942 5471">
    <p class='ocr_par' dir='ltr' id='par_1_114' title="bbox 2369 5401 3942 5471">
     <span class='ocr_line' id='line_1_114' title="bbox 2369 5401 3942 5471; baseline -0.002 -17"><span class='ocrx_word' id='word_1_867' title='bbox 2369 5404 2622 5471; x_wconf 76' lang='grc' dir='ltr'>ἐσχάτοις</span> <span class='ocrx_word' id='word_1_868' title='bbox 2654 5403 2956 5470; x_wconf 71' lang='grc' dir='ltr'>σαρκωθεὶς</span> <span class='ocrx_word' id='word_1_869' title='bbox 2986 5406 3216 5471; x_wconf 81' lang='grc' dir='ltr'>καιροῖς,</span> <span class='ocrx_word' id='word_1_870' title='bbox 3244 5401 3515 5471; x_wconf 75' lang='grc' dir='ltr'>ἐξηγέρθη</span> <span class='ocrx_word' id='word_1_871' title='bbox 3545 5403 3636 5454; x_wconf 75' lang='grc' dir='ltr'>καὶ</span> <span class='ocrx_word' id='word_1_872' title='bbox 3662 5401 3942 5470; x_wconf 62' lang='grc' dir='ltr'>συνέτραξι</span> 
     </span>
    </p>
   </div>
   <div class='ocr_carea' id='block_1_115' title="bbox 2371 5494 3911 5564">
    <p class='ocr_par' dir='ltr' id='par_1_115' title="bbox 2371 5494 3911 5564">
     <span class='ocr_line' id='line_1_115' title="bbox 2371 5494 3911 5564; baseline -0.001 -17"><span class='ocrx_word' id='word_1_873' title='bbox 2371 5497 2576 5556; x_wconf 84' lang='grc' dir='ltr'>πάντας</span> <span class='ocrx_word' id='word_1_874' title='bbox 2605 5494 2727 5556; x_wconf 72' lang='grc' dir='ltr'>τοὺς</span> <span class='ocrx_word' id='word_1_875' title='bbox 2762 5494 3051 5562; x_wconf 82' lang='grc' dir='ltr'>μισοῦντας</span> <span class='ocrx_word' id='word_1_876' title='bbox 3076 5498 3223 5564; x_wconf 80' lang='grc' dir='ltr'>ἡμᾶς</span> <span class='ocrx_word' id='word_1_877' title='bbox 3250 5496 3529 5564; x_wconf 60' lang='grc' dir='ltr'>δαίμονας.</span> <span class='ocrx_word' id='word_1_878' title='bbox 3573 5496 3788 5562; x_wconf 74' lang='grc' dir='ltr'>Μηκέτι</span> <span class='ocrx_word' id='word_1_879' title='bbox 3822 5496 3911 5547; x_wconf 57' lang='lat' dir='ltr'><strong>ﬁve</strong></span> 
     </span>
    </p>
   </div>
   <div class='ocr_carea' id='block_1_116' title="bbox 2373 5584 3936 5656">
    <p class='ocr_par' dir='ltr' id='par_1_116' title="bbox 2373 5584 3936 5656">
     <span class='ocr_line' id='line_1_116' title="bbox 2373 5584 3936 5656; baseline -0.003 -20"><span class='ocrx_word' id='word_1_880' title='bbox 2373 5587 2635 5654; x_wconf 69' lang='grc' dir='ltr'>σχόμενος</span> <span class='ocrx_word' id='word_1_881' title='bbox 2686 5584 2887 5637; x_wconf 84' lang='grc' dir='ltr'>ὑπνοῦν</span> <span class='ocrx_word' id='word_1_882' title='bbox 2922 5586 3015 5638; x_wconf 75' lang='grc' dir='ltr'><strong>καὶ</strong></span> <span class='ocrx_word' id='word_1_883' title='bbox 3067 5588 3438 5656; x_wconf 62' lang='grc' dir='ltr'>μακροθυμεῖν</span> <span class='ocrx_word' id='word_1_884' title='bbox 3467 5602 3476 5612; x_wconf 89' lang='grc'>·</span> <span class='ocrx_word' id='word_1_885' title='bbox 3529 5587 3585 5638; x_wconf 78' lang='grc' dir='ltr'>ἐν</span> <span class='ocrx_word' id='word_1_886' title='bbox 3623 5586 3701 5655; x_wconf 76' lang='grc' dir='ltr'>τῷ</span> <span class='ocrx_word' id='word_1_887' title='bbox 3730 5587 3859 5652; x_wconf 69' lang='grc' dir='ltr'>οἴκῳ</span> <span class='ocrx_word' id='word_1_888' title='bbox 3890 5584 3936 5635; x_wconf 76' lang='grc' dir='ltr'>δὲ</span> 
     </span>
    </p>
   </div>
   <div class='ocr_carea' id='block_1_117' title="bbox 2370 5677 3936 5750">
    <p class='ocr_par' dir='ltr' id='par_1_117' title="bbox 2370 5677 3936 5750">
     <span class='ocr_line' id='line_1_117' title="bbox 2370 5677 3936 5750; baseline -0.001 -21"><span class='ocrx_word' id='word_1_889' title='bbox 2370 5678 2532 5729; x_wconf 69' lang='grc' dir='ltr'>Δαὸὶδ</span> <span class='ocrx_word' id='word_1_890' title='bbox 2585 5677 2850 5747; x_wconf 69' lang='grc' dir='ltr'>ἐξηγέρθη</span> <span class='ocrx_word' id='word_1_891' title='bbox 2880 5719 2893 5737; x_wconf 86' lang='grc'><strong>,</strong></span> <span class='ocrx_word' id='word_1_892' title='bbox 2939 5679 3214 5730; x_wconf 73' lang='grc' dir='ltr'>τουτέστιν</span> <span class='ocrx_word' id='word_1_893' title='bbox 3267 5678 3324 5729; x_wconf 77' lang='grc' dir='ltr'>ἐν</span> <span class='ocrx_word' id='word_1_894' title='bbox 3375 5678 3640 5750; x_wconf 73' lang='grc' dir='ltr'>Βηθλεέμ,</span> <span class='ocrx_word' id='word_1_895' title='bbox 3681 5681 3794 5728; x_wconf 68' lang='grc' dir='ltr'>ἐκεῖ</span> <span class='ocrx_word' id='word_1_896' title='bbox 3840 5681 3936 5744; x_wconf 68' lang='grc' dir='ltr'>γὰρ</span> 
     </span>
    </p>
   </div>
   <div class='ocr_carea' id='block_1_118' title="bbox 2370 5765 3932 5838">
    <p class='ocr_par' dir='ltr' id='par_1_118' title="bbox 2370 5765 3932 5838">
     <span class='ocr_line' id='line_1_118' title="bbox 2370 5765 3932 5838; baseline -0.008 -11"><span class='ocrx_word' id='word_1_897' title='bbox 2370 5768 2630 5836; x_wconf 66' lang='grc' dir='ltr'>ἐγεννήθη</span> <span class='ocrx_word' id='word_1_898' title='bbox 2665 5784 2673 5794; x_wconf 93' lang='grc'>·</span> <span class='ocrx_word' id='word_1_899' title='bbox 2735 5770 2764 5838; x_wconf 81' lang='grc' dir='ltr'>ἡ</span> <span class='ocrx_word' id='word_1_900' title='bbox 2796 5768 2845 5822; x_wconf 73' lang='grc' dir='ltr'><strong>δὲ</strong></span> <span class='ocrx_word' id='word_1_901' title='bbox 2878 5767 3143 5838; x_wconf 75' lang='grc' dir='ltr'>Βηθλεὲμ,</span> <span class='ocrx_word' id='word_1_902' title='bbox 3180 5769 3396 5830; x_wconf 75' lang='grc' dir='ltr'>πάντως</span> <span class='ocrx_word' id='word_1_903' title='bbox 3434 5769 3587 5830; x_wconf 74' lang='grc' dir='ltr'>πόλις</span> <span class='ocrx_word' id='word_1_904' title='bbox 3633 5767 3723 5820; x_wconf 66' lang='grc' dir='ltr'><strong>τοῦ</strong></span> <span class='ocrx_word' id='word_1_905' title='bbox 3761 5765 3932 5823; x_wconf 63' lang='lat'><strong>516.6,</strong></span> 
     </span>
    </p>
   </div>
   <div class='ocr_carea' id='block_1_119' title="bbox 4063 3578 4074 4248">
    <p class='ocr_par' dir='ltr' id='par_1_119' title="bbox 4067 3578 4069 4192">
     <span class='ocr_line' id='line_1_119' title="bbox 4067 3578 4069 3730; baseline 0 0"><span class='ocrx_word' id='word_1_906' title='bbox 4067 3578 4069 3730; x_wconf 92' lang='grc' dir='ltr'><strong>Ι</strong></span> 
     </span>
     <span class='ocr_line' id='line_1_120' title="bbox 4067 4055 4069 4192; baseline 0 -10"><span class='ocrx_word' id='word_1_907' title='bbox 4067 4055 4069 4172; x_wconf 75' lang='lat' dir='ltr'><strong>l</strong></span> 
     </span>
    </p>
   </div>
  </div>
