4108 6334
158 403 261 471 721

874 396 1323 462 ENARRATIO
1364 393 1449 457 IN
1486 394 1992 458 EVANGELIUM
2026 394 2266 455 LUC/8.
2310 419 2379 429 --
2410 392 2572 455 CAP.
2609 392 2695 453 U.

3328 385 3437 449 722

160 515 380 584 ηθείαις
422 511 752 583 ἀνθρώπων·
781 511 896 580 ἅμα
938 509 995 562 δὲ
1040 509 1133 561 καὶ
1171 508 1257 561 ἵνα
1316 506 1629 571 ἀξιόπιστος
1667 506 1752 576 εἴη

1874 506 2130 561 :xceliens
2159 505 2317 560 alios.
2344 505 2526 560 Latuit
2575 512 2756 559 autem
2797 502 2848 557 in
2881 500 3132 568 desertis,
3156 500 3329 555 donec
3355 500 3438 552 vi-

165 598 554 678 μέλλωνπερὶ
598 602 840 674 Χριστοῦ
889 602 1211 673 κηρύττειν,
1245 596 1333 653 οἷα
1370 598 1434 669 δὴ
1480 598 1749 669 ὲρημίτης

164 704 264 754 καὶ
313 701 454 774 ὑπὲρ
498 701 625 761 τοὺς
676 695 905 757 πολλοὺς
950 693 1025 747 ὧν
1057 712 1069 725 ·
1111 693 1413 762 ἐκρύπτετο
1448 692 1504 746 δὲ
1535 692 1593 744 ἐν
1627 694 1747 754 ταῖς

167 793 403 862 ιρήμοις
429 790 586 861 ἄχρις
612 784 673 845 οὗ
721 788 1017 858 εὐδόκησεν
1047 788 1074 839 ό
1116 786 1248 848 Θεὸς
1271 784 1547 851 ἀναδεῖξαι
1587 784 1749 837 αὑτὸν

165 884 250 953 τῷ
290 882 596 955 Ἰσραηλίτῃ
640 881 773 953 λαῷ.

769 997 1023 1050 ΚΕΦΑΛ.
1062 994 1140 1047 B'.

171 1109 315 1176 Περὶ
353 1108 460 1174 τῆς
476 1110 852 1178 ἀπογραφῆς.
886 1108 1026 1176 Περὶ
1076 1107 1337 1175 τοῦτῆς
1377 1108 1611 1178 Μαρίας
1657 1124 1754 1160 το-

247 1178 445 1232 κετοῦ.
487 1176 641 1247 Περί
678 1177 797 1231 τῶν
850 1177 1171 1247 ποιμένων.
1224 1180 1362 1247 Περὶ
1416 1176 1752 1247 Συμεῶνος.

249 1247 391 1315 Περὶ
432 1246 655 1315 Ἀννης
694 1248 804 1314 τῆς
834 1248 1221 1316 προφήτιδος.
1249 1246 1385 1316 Περὶ
1432 1246 1630 1315 Ἰησοῦ
1657 1251 1757 1302 εὐ-

248 1317 537 1386 ρεθέντος
563 1319 632 1371 ἐν
658 1318 825 1387 μέσῳ
847 1318 965 1371 τῶν
985 1318 1393 1371 διδασκάλων.

258 1452 276 1484 ι
327 1432 575 1498 Ἐγένετο
609 1431 664 1484 δὲ
714 1433 773 1484 ὲν
819 1435 939 1495 ταῖς
976 1432 1213 1502 ἡμέραις
1256 1434 1515 1497 ἐκείναις,
1567 1432 1756 1503 ἐξῆλθε

174 1527 359 1593 δόγμα
412 1525 563 1595 παρὰ
623 1523 898 1593 Καίσαρος
962 1526 1277 1592 Αὐγούστου
1341 1523 1759 1595 ἀπογράφεσθαι

176 1620 367 1670 πᾶσαν
418 1616 516 1685 τὴν
546 1616 905 1685 οἰκουμένην·
948 1614 1088 1683 αὕτη
1121 1617 1153 1684 ἡ
1214 1616 1532 1684 ἀπογραφὴ,
1567 1614 1756 1684 πρώτη

178 1708 401 1772 ἐγένετο
439 1708 865 1774 ἡγεμονεύοντος
900 1706 997 1774 τῆς
1049 1706 1249 1775 Συρίας
1292 1705 1567 1775 Κυρηνίου
1592 1721 1606 1735 ⁸
1660 1705 1755 1758 καὶ

180 1796 510 1867 ἐπορεύοντο
544 1796 744 1859 πάντες
797 1797 1218 1866 ἀπογράφεσθαι
1267 1798 1497 1861 ἕκαστος
1538 1800 1619 1859 εἰς
1661 1796 1759 1866 τὴν

1858 613 1974 649 sum
2010 596 2111 651 fuit
2143 598 2253 653 Deo
2295 597 2664 651 Israelitarum
2702 594 2898 664 populo
2946 593 3095 650 illum
3141 589 3437 647 ostenden-

1856 688 1980 743 dum
2016 704 2155 743 esse.

2374 998 2536 1070 235
2562 994 2789 1053 CAPUT
2839 994 2905 1049 ιι.

1858 1116 1932 1171 De
1982 1114 2362 1182 conscriptione
2420 1112 2581 1182 orbis.
2634 1109 2706 1162 De
2757 1106 3029 1182 puerperio
3087 1101 3325 1182 Μανίαν..
3368 1098 3454 1154 De;

1930 1172 2253 1255 pastoribus.
2307 1182 2383 1235 De
2411 1180 2716 1255 iSymeone.
2755 1172 2830 1229 De
2873 1178 3024 1229 Anna
3085 1172 3438 1243 prophetissa.

1932 1251 2008 1311 De
2030 1255 2155 1310 Iesu
2188 1254 2542 1323 repertointer
2566 1251 2827 1303 doctores.

1933 1436 2097 1490 Vens.
2128 1433 2246 1488 1-7.
2274 1431 2525 1485 «Factum
2551 1438 2634 1483 est
2656 1436 2836 1481 autem
2864 1425 2917 1478 in
2937 1422 3129 1478 diebus
3155 1418 3279 1484 illis,
3314 1416 3447 1473 exiit

1860 1532 2134 1584 decretum
2155 1540 2180 1576 a
2197 1523 2413 1577 Caesare
2435 1522 2677 1590 Augusto
2695 1526 2751 1571 ut
2776 1522 3090 1571 censeretur
3115 1520 3259 1566 totus
3274 1508 3443 1564 orbis.

1862 1622 1987 1677 Haec
2040 1617 2333 1686 descriptio
2389 1614 2559 1683 prima
2622 1610 2765 1663 facta
2832 1617 2921 1663 est
2974 1604 3204 1677 praeside
3278 1600 3448 1672 Syria:

1861 1715 2096 1783 Cyrene.
2125 1708 2191 1763 Et
2239 1710 2391 1762 ibant
2421 1717 2613 1759 omnes
2651 1712 2711 1756 ut
2740 1702 3155 1770 proﬁterentur,
3194 1697 3243 1747 in
3293 1707 3447 1747 suam

1865 1807 2094 1875 quisque
2143 1801 2442 1857 civitatem.
2499 1794 2758 1851 Ascendit
2820 1802 3002 1846 autem
3058 1799 3110 1844 et
3158 1786 3360 1855 Joseplt
3422 1799 3450 1837 a

186 1890 324 1941 ἰδίαν
357 1888 534 1940 πόλιν.
575 1886 775 1956 Ἀνέϐη
824 1888 881 1945 δὲ
931 1890 1025 1940 καὶ
1075 1888 1275 1958 Ἰωσὴφ
1304 1887 1412 1941 ἀπὸ
1440 1889 1542 1958 τῆς
1597 1886 1759 1939 Γαλι-

1874 1894 2084 1951 Galilaaa
2112 1895 2177 1947 de
2212 1891 2434 1946 civitate
2485 1886 2757 1939 Nazareth
2796 1885 2850 1936 in
2880 1881 3146 1940 Judmam.
3169 1880 3221 1931 iu
3257 1876 3449 1930 civita-

181 1982 343 2043 λαίας
403 1983 467 2033 ὲκ
529 1980 735 2043 πόλεως
783 1978 1058 2048 Ναζαρὲτ,
1092 1981 1170 2042 είς
1216 1980 1315 2047 τὴν
1368 1980 1644 2043 Ἰουδαίαν,
1681 1982 1762 2043 είς

185 2072 345 2125 πόλιν
376 2073 557 2135 Δαυῒδ,
593 2074 715 2142 ἥτις
779 2073 1027 2126 καλεῖται
1080 2072 1347 2141 Βηθλεὲμ,
1381 2073 1467 2125 διὰ
1522 2075 1580 2127 τὸ
1623 2070 1763 2128 εἶναι

187 2166 351 2218 αὐτὸν
403 2163 458 2229 ἒξ
494 2164 646 2217 οἴκου
688 2164 781 2217 καὶ
823 2166 1061 2235 πατριᾶς
1117 2164 1303 2227 Δαυῒδ,
1336 2166 1763 2237 ἀπογράψασθαι

188 2258 287 2311 σὺν
320 2258 563 2326 Μαριὰμ
587 2260 653 2327 τῇ
689 2257 1149 2328 μεμνηστευμένῃ
1176 2257 1324 2327 αὐτῷ
1345 2259 1585 2325 γυναικὶ,
1627 2257 1767 2331 οῦσῃ

186 2351 408 2419 ἑγκύῳ·
444 2349 661 2415 ἐγένετο
698 2350 755 2401 δὲ
790 2352 845 2402 ὲν
899 2349 978 2419 τῷ
1022 2346 1162 2402 εἶναι
1197 2351 1395 2413 αὐτοὺς
1431 2353 1567 2413 ἐκεῖ,
1602 2350 1768 2419 ἐπλή-

187 2441 362 2511 θησαν
402 2441 457 2491 αἱ
490 2442 697 2509 ἡμέραι
744 2437 839 2491 τοῦ
881 2440 1062 2491 τεκεῖν
1107 2439 1278 2508 αὐτήν
1315 2455 1328 2469 ·
1352 2440 1445 2491 καὶ
1476 2440 1625 2493 ἔτεκε
1676 2440 1766 2493 τὸν

188 2531 317 2584 mw
350 2529 639 2603 αὐτῆςτὸν
683 2530 1050 2600 πρωτότοκον,
1086 2532 1179 2583 καὶ
1215 2531 1642 2602 ἐσπαργάνωσεν
1671 2532 1767 2583 αὐ-

188 2624 283 2675 τὸν
313 2624 407 2673 καὶ
438 2621 723 2674 ἀνέκλινεν
752 2622 915 2674 αὑτὸν
947 2623 1005 2674 ὲν
1032 2624 1098 2693 τῇ
1135 2621 1309 2693 φάτνῃ
1334 2639 1345 2651 °
1380 2623 1516 2676 διότι
1550 2623 1649 2677 οὐκ
1698 2619 1767 2693 ἦν

191 2714 375 2775 αὐτοῖς
411 2713 570 2774 τόπος
606 2716 662 2765 ὲν
681 2714 756 2781 τῷ
781 2714 1157 2781 καταλύματι.
1204 2736 1220 2766 ι
1252 2717 1350 2767 Διὰ
1379 2714 1537 2768 τοῦτο
1557 2716 1768 2783 γίνεται

189 2806 512 2875 ἀπογραφὴ,
551 2804 636 2857 ἴνα
686 2806 904 2857 πάντων
962 2804 1224 2872 ἐλθόντων
1280 2808 1359 2869 είς
1413 2806 1513 2867 τὰς
1562 2806 1769 2869 οἰκείας

192 2900 477 2967 πατρίδας.
516 2896 717 2970 ἀνέλθῃ
750 2898 842 2949 καὶ
874 2898 907 2961 ἡ
931 2896 1213 2966 ΙΙαρθένος
1244 2897 1322 2959 είς
1351 2897 1451 2966 τήν
1482 2896 1753 2973 Βηθλεὲμ,

188 2990 267 3054 ὡς
326 2990 530 3045 οἰκείαν
574 2990 837 3059 πατρίδα,
888 2990 981 3042 καὶ
1013 2986 1156 3041 οὕτω
1201 2988 1365 3059 τεχθῇ
1409 2992 1437 3043 ό
1482 2989 1682 3059 Κύριος
1713 2991 1770 3045 ἐν

190 3087 461 3155 Βηθλεὲμ,
518 3085 611 3138 καὶ
657 3084 916 3154 πληρωθῇ
949 3086 982 3151 ή
1012 3084 1353 3153 προφητεία⁶
1387 3083 1494 3136 ἔδει
1539 3084 1593 3136 δὲ
1632 3083 1769 3138 Θεοῦ

190 3176 309 3239 ἐνὸς
346 3175 633 3244 μέλλε-στος
672 3175 879 3228 παῦσαι
922 3173 1019 3244 τὴν
1072 3172 1383 3238 πολυθεΐαν,
1423 3175 1517 3227 καὶ
1542 3174 1637 3228 ἕνα
1677 3176 1773 3245 βα·

191 3234 357 3320 σιλέα
421 3234 719 3335 κρατῆσαι,
763 3266 855 3317 τὸν
912 3234 1204 3334 Κάίσαρω
1265 3234 1769 3336 ἀπογράφεταιΙδὲ
1799 3234 1843 3295 C

187 3358 288 3413 καὶ
312 3360 342 3412 ό
383 3358 617 3429 Χριστὸς
656 3358 793 3428 μετὰ
826 3358 1069 3423 πάντων,
1107 3357 1213 3411 ἔδει
1257 3356 1367 3428 γὰρ
1409 3358 1505 3410 καὶ
1538 3360 1630 3411 τὸν
1660 3357 1770 3410 Κύ-

196 3471 335 3523 ριον,
390 3456 458 3522 τῇ
497 3453 793 3525 οἰκουμένῃ
848 3451 1369 3521 συναπογραφῆναι,
1423 3451 1512 3505 ἵνα
1566 3450 1768 3523 ἁγιάσῃ

190 3544 321 3607 τοὺς
355 3545 869 3615 ἀπογραφομένους,
908 3544 1003 3596 καὶ
1030 3544 1359 3614 καταργήσῃ
1384 3542 1483 3613 τὴν
1503 3543 1769 3597 δουλείαν*

189 3635 382 3704 ὥσπερ
410 3634 517 3706 γάρ
553 3635 934 3705 περιτμηθεὶς,
965 3636 1287 3705 κατήργησε
1321 3634 1419 3705 τὴν
1444 3635 1771 3706 περιτομὴν,

191 3727 377 3790 οὓτως
424 3728 769 3795 άτιογραφεὶς
803 3725 875 3787 ὡς
907 3726 1113 3789 δοῦλος,
1146 3727 1466 3795 κατήργησε
1513 3708 1611 3796 τὴν
1655 3726 1775 3779 δου-

192 3818 345 3871 λείαν
370 3821 469 3887 τῆς
490 3819 711 3885 φύσεως
750 3817 928 3888 ἡμῶν.
964 3818 1079 3871 Οὐκ
1133 3818 1214 3871 ἔτι
1260 3818 1370 3890 γὰρ
1401 3817 1577 3872 δοῦλοί
1638 3818 1775 3871 εἰσιν

191 3906 518 3975 ἀνθρώπων,
574 3908 623 3959 οί
668 3908 747 3977 τῷ
795 3905 983 3977 Κυρίῳ
1016 3907 1379 3971 δουλεύοντες,
1414 3907 1489 3970 ὡς
1529 3909 1558 3960 ό
1615 3907 1776 3959 ’Δπόσ

195 3997 383 4061 στολος
449 3998 597 4066 λέγει
634 4014 647 4027 ’
712 4018 729 4049 ι
792 3999 884 4068 Μὴ
926 3998 1143 4066 γίνεσθε
1166 3999 1342 4051 δοῦλοι
1364 3996 1670 4069 ἀνθρώπων
1703 4013 1717 4027 ο
1750 4017 1768 4049 ι

190 4089 309 4145 ἀλλ’
337 4092 385 4142 εί
442 4091 537 4144 καὶ
568 4089 644 4159 τῷ
682 4088 899 4159 σώματι
932 4089 1136 4154 δοῦλοι,
1174 4090 1446 4159 ἐλεύθεροι
1497 4087 1577 4160 τῷ
1608 4088 1775 4143 πνεύ-

196 4197 355 4253 ματι,
388 4182 461 4251 μὴ
491 4183 556 4251 τῇ
588 4181 816 4253 ἀσεϐείᾳ
848 4181 955 4234 τῶν
982 4181 1260 4234 δεσποτῶν
1300 4181 1763 4251 συναπαγόμενοι.

194 4272 546 4342 Πρωτότοκον
598 4273 655 4326 δὲ
714 4273 840 4327 Υίδν
893 4274 1147 4343 ὠνόμασε
1206 4274 1307 4343 τῆς
1348 4273 1629 4343 Παρθένου
1686 4274 1778 4327 τδν

192 4364 423 4436 Κύριον,
467 4365 644 4419 καίτοι
685 4366 759 4437 μή
798 4366 1055 4437 δευτέρου
1105 4366 1250 4430 τινὸς
1296 4366 1603 4437 τεχθέντος,
1632 4366 1778 4420 εἰκό-

189 4473 334 4519 τίως’
378 4458 725 4527 πρωτότοκος
782 4458 893 4529 γὰρ
949 4460 1193 4527 λέγεται,
1222 4461 1251 4512 ό
1299 4460 1515 4529 πρῶτος
1565 4458 1779 4531 τεχθεὶς

1869 1999 1976 2045 tem
2026 1986 2216 2049 David,
2248 1998 2367 2053 qua:
2396 1989 2621 2035 vocatur
2664 1976 2967 2039 Bethleem,
3028 1988 3091 2027 eo
3118 1972 3261 2041 quod
3308 1976 3454 2023 esset

1868 2082 1934 2136 de
1974 2080 2137 2135 domo
2172 2088 2226 2131 et
2260 2074 2459 2129 familia
2493 2071 2681 2135 David,
2718 2080 2775 2124 ut
2808 2066 3157 2137 proﬁteretur
3187 2078 3309 2117 eum
3342 2060 3453 2113 Ma-

1866 2173 1947 2229 ria
1986 2176 2311 2240 desponsata
2348 2166 2447 2220 sibi
2480 2178 2666 2227 uxore,
2696 2176 2815 2231 qua:
2840 2168 2959 2216 erat
3005 2169 3311 2227 praegnans.
3349 2153 3452 2206 Ae-

1870 2263 1999 2321 cidit
2026 2273 2227 2323 autem,
2254 2275 2375 2314 cum
2420 2266 2601 2313 essent
2633 2256 2727 2320 ibi,
2767 2252 3021 2323 completi
3048 2258 3172 2307 sunt
3200 2248 3317 2301 dies
3352 2261 3453 2315 pa-

1871 2358 2081 2423 riendi;
2113 2351 2603 2424 etpeperitFilium
2624 2364 2783 2404 suum
2812 2344 3259 2417 primogenitum,
3281 2355 3343 2394 ac
3376 2336 3453 2389 ia-

1871 2452 2000 2507 seiis
2017 2464 2138 2504 eum
2161 2446 2384 2503 involvit
2407 2444 2796 2511 reclinavitque
2813 2455 2934 2495 eum
2962 2440 3011 2491 in
3036 2436 3285 2506 prresepi,
3308 2431 3452 2501 quod

1871 2558 1975 2598 non
2011 2552 2155 2597 esset
2178 2541 2257 2595 eis
2299 2540 2447 2593 locus
2477 2538 2528 2591 in
2548 2535 2908 2591 diversorio.»
2944 2530 3233 2600 Propterea
3273 2527 3329 2581 (it
3356 2527 3453 2580 de-

1871 2636 2120 2705 scriptio,
2139 2646 2215 2698 ut.
2245 2649 2367 2689 cum
2393 2647 2581 2688 omnes
2612 2631 2667 2685 in
2687 2646 2813 2686 suas
2838 2628 3043 2698 patrias
3073 2625 3237 2687 irent,
3265 2636 3457 2676 ascen«

1873 2732 2026 2785 deret
2052 2739 2105 2782 et
2140 2727 2303 2793 Virgo
2340 2730 2392 2779 in
2426 2725 2720 2787 Bethleem,
2777 2736 2897 2791 qua:
2940 2720 3057 2789 ejus
3104 2718 3276 2786 patria
3314 2719 3453 2777 erat,

1873 2832 2299 2889 nascereturque
2338 2819 2418 2873 sic
2486 2816 2745 2870 Dominus
2798 2816 2850 2867 in
2898 2811 3218 2865 Bethlchem
3280 2808 3344 2868 ¹³,
3390 2819 3456 2859 ac

1874 2914 2191 2983 impleretur
2223 2910 2523 2980 prophetia.
2560 2908 2795 2963 Decebat
2828 2914 3005 2960 autem
3040 2914 3115 2967 ut,
3146 2915 3268 2957 cum
3311 2898 3457 2952 Deus

1875 3020 2018 3059 unus
2048 3004 2342 3058 multorum
2379 3003 2605 3057 deorum
2648 3000 2818 3055 cultui
2850 2999 3010 3052 tinem
3042 3005 3191 3051 esset
3224 2991 3451 3061 imposi-

1877 3105 2052 3159 turus,
2080 3109 2222 3149 unus
2270 3092 2434 3147 etiam
2490 3108 2607 3159 rex,
2644 3106 2835 3161 nempe
2891 3090 3094 3153 Caesar,
3128 3088 3448 3155 imperaret.

1878 3187 2049 3241 Porro
2097 3186 2350 3242 Christus
2375 3199 2496 3239 eum
2531 3185 2785 3239 omnibus
2839 3183 3190 3237 describitur.
3225 3179 3460 3249 Oportet

1878 3280 2021 3335 enim
2073 3281 2237 3333 etiam
2294 3279 2581 3334 Dominum
2632 3291 2755 3333 eum
2809 3284 2920 3331 toto
2958 3276 3089 3330 orbe
3137 3272 3369 3336 censeri,
3404 3277 3457 3324 ut

1876 3372 2247 3427 sanctiﬁcaret
2303 3386 2395 3426 eos
2442 3370 2535 3441 qui
2590 3379 2909 3435 censentur,
2942 3368 3295 3434 aboleretque
3337 3378 3457 3418 ser-

1877 3464 2102 3515 vitutem
2126 3482 2138 3516 :
2162 3462 2418 3531 quoniam
2440 3463 2581 3516 sicut
2604 3459 2959 3515 circumcisus
2978 3446 3457 3511 circumcisionem

1876 3555 2112 3610 abolevit
2140 3554 2205 3619 “,
2236 3558 2308 3609 ita
2346 3555 2651 3622 descriptus
2681 3554 2824 3609 sicut
2884 3567 3099 3613 servus,
3135 3549 3458 3605 servitutem

1878 3657 2088 3702 natura:
2108 3658 2309 3703 nostrae
2342 3647 2597 3703 abolevit.
2635 3645 2754 3701 Non
2798 3646 2943 3705 enim
2979 3644 3121 3699 ultra
3153 3652 3281 3698 sunt
3316 3641 3460 3696 servi

1876 3740 2182 3803 hominum,
2215 3741 2307 3809 qui
2368 3740 2596 3795 Domino
2656 3740 2933 3804 serviunt,
2984 3740 3127 3793 sicut
3170 3735 3462 3805 Apostolus

1881 3831 2009 3886 dicit
2036 3850 2048 3884 :
2092 3850 2109 3883 ι
2133 3829 2310 3886 Nolite
2330 3832 2444 3887 ﬁeri
2470 3831 2914 3889 servihominum
2937 3832 2981 3863 ¹⁸
3013 3850 3025 3885 :
3059 3848 3078 3883 ι
3118 3830 3213 3885 sed
3243 3828 3461 3884 tametsi

1878 3937 2105 3992 corpore
2152 3922 2322 3977 simus
2382 3924 2545 3990 servi,
2582 3924 2775 3992 spiritu
2837 3932 3014 3978 tamen
3055 3936 3243 3978 sumus
3287 3922 3461 3986 liberi,

1881 4030 2056 4083 neque
2110 4030 2233 4071 eum
2286 4016 2563 4086 impietate
2621 4016 2964 4072 dominorum
3045 4016 3206 4071 simul
3242 4014 3466 4069 abduci-

1880 4120 2021 4159 mur.
2082 4105 2504 4175 Primogenitum
2554 4121 2681 4161 vero
2728 4106 2925 4161 Filium
2982 4106 3282 4162 nominavit
3338 4106 3461 4161 Vir-

1879 4197 2022 4267 ginis
2086 4197 2398 4265 Dominum,
2460 4201 2707 4265 quamvis
2764 4200 2973 4255 nullum
3026 4203 3325 4255 secundum
3374 4216 3469 4269 pe-

1881 4288 2044 4358 perit.
2102 4289 2266 4359 ldque
2320 4292 2535 4348 merito.
2581 4291 2983 4363 Primogeuitus
3044 4294 3189 4349 enim
3244 4294 3462 4358 dicitur,

1881 4380 1971 4449 qui
2004 4381 2213 4449 primus
2245 4390 2404 4435 natus
2433 4395 2536 4446 est,
2573 4384 2786 4437 etiamsi
2821 4400 2927 4438 non
2983 4395 3241 4440 nascatur
3276 4396 3461 4453 postea

1882 4475 2172 4527 secumlus.
2205 4474 2263 4527 lu
2288 4478 2610 4546 priesepium
2658 4486 2837 4532 autem
2862 4462 3189 4539 ireelinatur.
3228 4478 3373 4531 forte
3406 4489 3466 4531 ut

194 4548 301 4603 κᾶν
354 4549 429 4619 μὴ
467 4548 719 4621 δεύτερος
750 4550 1050 4620 ὲπετέχθη’
1090 4554 1147 4604 ὲν
1176 4552 1357 4623 φάτνῃ
1407 4551 1465 4603 δὲ
1513 4551 1770 4605 κατακλίσ

1884 4566 2066 4619 statim
2108 4566 2176 4619 ab
2240 4566 2397 4621 initio
2444 4567 2569 4620 vita:
2612 4567 2976 4637 frugalitatem
3033 4585 3130 4626 nos
3198 4570 3463 4625 doceret:

192 4654 367 4701 νεται,
400 4639 541 4709 τάχα
574 4638 673 4709 μὲν
720 4640 814 4692 καὶ
841 4640 1123 4694 εὐτέλειαν
1175 4642 1323 4711 ἡμᾶς
1358 4640 1420 4705 ἐξ
1449 4642 1623 4712 ἀρχῆς
1648 4658 1777 4695 παι-

192 4730 368 4784 δεύων
407 4745 422 4760 ’
468 4730 610 4802 τάχα
672 4730 729 4785 δὲ
781 4732 874 4785 καὶ
934 4733 1276 4803 συμϐολικῶς
1320 4734 1583 4789 δεικνύων
1618 4776 1632 4799 ,
1684 4736 1769 4789 ὅτι

191 4821 509 4891 ἐπεδήμησε
555 4822 632 4892 τῷ
682 4823 874 4893 κόσμῳ
903 4823 1099 4894 τούτῳ,
1139 4824 1291 4894 τόπῳ
1326 4824 1442 4878 δντι
1482 4826 1639 4896 ήμῶν
1668 4825 1777 4881 τῶν

190 4915 308 4973 τοῖς
363 4912 580 4982 ἀλόγοις
627 4916 885 4985 κτήνεσιν
938 4916 1320 4987 ὁμοιωθέντων
1341 4933 1356 4949 ο
1384 4916 1575 4989 ὥσπερ
1610 4919 1777 4991 γάρή

192 5006 371 5074 φάτνῃ
391 5004 501 5057 τῶν
526 5006 737 5074 ἀλόγων
767 5009 969 5071 οἰκεῖος
994 5010 1181 5073 τόπος,
1215 5008 1361 5062 οὕτω
1392 5010 1489 5067 καὶ
1512 5011 1539 5063 ό
1573 5012 1774 5081 κόσμος

190 5092 349 5160 οὗτος
371 5098 529 5167 ἡμῶν
561 5116 574 5128 ·
600 5098 750 5153 ἐστιν
800 5095 893 5154 οὖν
930 5103 962 5171 ή
995 5103 1195 5171 φάτνη,
1236 5102 1264 5153 ὁ
1294 5102 1501 5172 κόσμος
1532 5119 1546 5133 ’
1582 5104 1770 5173 ἡμεῖς,

187 5193 258 5244 τά
280 5189 451 5258 ἄλογα
479 5209 495 5225 ο
526 5192 613 5245 ἴνα
637 5192 693 5247 δὲ
726 5195 871 5265 ήμᾶς
894 5194 1241 5266 λυτρώσηται
1272 5196 1370 5263 τῆς
1398 5194 1646 5264 ἀλογίας,
1678 5197 1771 5251 διά

189 5281 350 5335 τοῦτο
377 5283 608 5337 ἐνταῦθα
647 5288 1004 5355 παρεγένετο.

271 5391 292 5425 r
334 5376 443 5428 Kal
476 5377 733 5446 ποιμένες
762 5374 903 5449 ἦσαν
932 5381 989 5432 ὲν
1032 5382 1098 5449 τῇ
1130 5381 1282 5451 χώρᾳ
1304 5385 1369 5453 τῇ
1403 5384 1538 5453 αὐτῇ
1566 5384 1775 5454 ἀγραυ-

188 5465 433 5529 λοῦντες,
467 5470 560 5521 καὶ
601 5469 969 5537 φυλάσσοντες
1014 5472 1261 5538 φυλακάς
1313 5474 1411 5543 τῆς
1441 5475 1635 5537 νυκτὸς
1679 5477 1772 5528 ἐπὶ

186 5558 292 5625 τὴν
328 5558 567 5628 ποίμνην
616 5561 816 5623 αὐτῶν,
850 5562 943 5615 καὶ
995 5563 1104 5615 ἰδοὺ
1149 5564 1380 5633 ἄγγελος
1417 5568 1623 5635 Κυρίου
1669 5570 1769 5621 ἐπ-

181 5648 321 5719 έστη
354 5652 534 5717 αὐτοῖς
569 5669 581 5682 ·
616 5654 710 5706 καὶ
734 5653 859 5720 δόξα
898 5656 1102 5725 Κυρίου
1131 5658 1503 5729 περιέλαμψεν
1533 5660 1731 5725 αὐτούς
1753 5678 1767 5691 ·

266 5826 313 5857 ’³
356 5824 517 5881 Μὶςίι.
556 5842 605 5892 ν,
638 5828 693 5881 9..
774 5830 816 5862 ’νδ
858 5830 1039 5887 Galat.
1078 5851 1129 5898 ν,
1184 5836 1237 5890 5.
1320 5838 1361 5867 ¹⁸
1398 5838 1415 5891 l
1464 5838 1589 5893 Cor.
1638 5852 1735 5906 VII,
1769 5840 1859 5898 25.

1883 4654 2022 4710 forte
2050 4657 2213 4711 etiam
2244 4658 2477 4726 quodam
2515 4658 2761 4730 symbolo
2787 4660 3085 4715 declaravit
3126 4663 3268 4730 quod
3313 4677 3469 4730 perc.-

1883 4746 2131 4815 griuatus
2164 4748 2237 4801 sit
2296 4749 2346 4802 in
2384 4749 2486 4804 boc
2522 4751 2740 4817 mundo,
2778 4751 2871 4821 qui
2917 4752 3069 4808 locus
3123 4763 3311 4809 noster
3358 4764 3464 4819 est,

1882 4838 1973 4904 qui
1998 4838 2170 4892 brutis
2203 4838 2570 4897 animantibus
2588 4844 2887 4911 comparati
2908 4858 3119 4899 sumus.
3137 4844 3289 4900 Sicut
3319 4846 3466 4898 enim

1884 4942 2125 4998 praesepe
2153 4930 2399 4999 proprius
2414 4933 2696 4989 brutorum
2726 4934 2877 4992 locus
2906 4945 3010 5003 est,
3035 4936 3106 4991 ita
3130 4936 3290 4991 nobis
3312 4938 3467 4991 locus

1882 5024 2144 5093 proprius
2177 5035 2260 5079 est
2306 5026 2578 5093 mundus;
2608 5031 2844 5084 mundus
2880 5030 3065 5100 itaque
3094 5045 3335 5099 praesepe
3365 5041 3467 5096 est,

1884 5130 1981 5169 nos
2006 5129 2135 5169 vero
2158 5117 2350 5172 bruta:
2386 5126 2641 5175 utautem
2666 5136 2762 5176 nos
2813 5124 3149 5179 redimereta
3184 5125 3467 5177 brutorum

1886 5220 2049 5259 sensu
2069 5216 2125 5259 et
2146 5207 2647 5277 irrationabilitate,
2674 5223 2963 5283 propterea
2997 5226 3050 5270 et
3083 5215 3196 5285 ipse
3229 5214 3318 5269 tali
3353 5216 3470 5269 loco

1885 5296 1986 5351 fuit
2011 5300 2329 5357 reclinatus.

1960 5390 2123 5446 Vsus.
2150 5393 2300 5448 8-H.
2344 5413 2362 5445 α
2388 5394 2453 5450 Ει
2483 5407 2728 5466 pastores
2762 5400 2995 5454 erantin
3030 5402 3243 5471 regione
3277 5401 3463 5455 eadem

1882 5482 2231 5548 rustieantes,
2287 5496 2342 5538 et
2391 5488 2727 5545 excubantes
2786 5491 3046 5545 excubias
3098 5499 3253 5545 nocte
3309 5506 3467 5559 super

1879 5586 2098 5642 gregem
2141 5589 2297 5629 suum
2338 5587 2431 5633 :et
2461 5594 2589 5635 ecce
2607 5581 2832 5651 angelus
2861 5582 3075 5638 Domini
3129 5585 3299 5639 astitit
3334 5583 3460 5644 illis,

1878 5676 1933 5719 et
1969 5666 2194 5726 claritas
2237 5670 2454 5729 Domini
2484 5673 2846 5733 eircuml‘ulsit
2874 5677 3014 5744 illos,
3052 5687 3106 5733 et
3166 5680 3463 5731 |imtmrttnt
