4108 6334
683 400 784 459 723

1589 403 2149 468 THEOPUYLACTI
2194 409 2600 470 BULGARUS
2642 410 2991 471 ARCHIEP.

3819 410 3904 471 ’ἶΞί

678 516 872 570 timore
901 529 1109 583 magno.
1147 516 1210 569 Et
1243 516 1375 570 dixit
1412 517 1514 573 illis
1543 521 1801 591 angelus:
1839 524 1919 577 Ne
1960 527 2230 578 timentis:

2347 530 2441 582 καὶ
2478 530 2828 600 ἐφοϐήθησαν
2863 530 3027 597 φοϐον
3067 529 3245 598 μέγαν
3280 545 3292 559 ·
3327 528 3421 582 καὶ
3459 524 3619 582 εἶπεν
3675 529 3852 591 uitri;
3885 534 3905 582 ί

674 627 798 667 ecce
826 615 964 668 enim
995 615 1258 668 annuntio
1294 617 1448 672 vobis
1474 620 1722 688 gaudium
1762 621 1928 692 286
1962 637 2232 692 magnum,

674 704 814 770 quod
846 701 1084 755 futurum
1113 714 1194 758 est
1232 707 1325 760 toti
1362 709 1574 777 pupulo,
1625 712 1744 778 quia
1773 723 1930 766 natus
1971 722 2054 767 est
2086 715 2236 767 vobis

675 795 832 848 hodie
875 794 1155 861 Servator,
1188 799 1277 866 qui
1311 809 1393 854 est
1429 800 1678 855 Christus
1709 801 1988 869 Dominus,
2018 806 2068 859 in
2103 807 2234 859 civi-

673 895 782 938 tate
832 884 1017 941 David.
1053 887 1120 941 Et
1171 888 1271 941 hoc
1325 891 1476 943 vobis
1517 892 1777 961 signum:
1819 895 2108 950 Invenietis
2155 898 2233 949 in-

673 977 872 1031 fantem
933 978 1112 1033 fasciis
1143 980 1467 1046 involutum,
1498 984 1733 1051 positum
1777 986 1832 1038 in
1881 988 2125 1054 prmsepi.
2168 986 2233 1039 Et

669 1069 846 1122 subito
879 1069 1013 1122 facta
1044 1080 1262 1125 esteum
1294 1075 1486 1143 angelo
1547 1075 1830 1130 multitudo
1871 1078 2082 1132 militia:
2114 1093 2232 1132 co:-

671 1159 820 1213 lcstis
852 1159 1187 1214 laudantium
1229 1163 1420 1228 Deum,
1459 1179 1518 1218 ac
1565 1160 1916 1221 dicentium:
1952 1167 2132 1222 Gloria
2179 1171 2229 1223 in

672 1250 952 1305 altissimis
982 1251 1110 1318 Deo,
1145 1264 1199 1306 et
1247 1254 1296 1306 in
1331 1263 1472 1308 terra
1513 1271 1638 1325 pax,
1675 1257 1725 1310 in
1755 1259 2067 1314 hominibus
2093 1260 2228 1313 bona

675 1344 945 1398 voluntas.
985 1363 1003 1394 ι
1036 1345 1282 1398 Pastores
1325 1356 1477 1398 erant
1506 1349 1855 1414 rusticantes,
1891 1351 1993 1406 hoc
2031 1362 2112 1404 est
2150 1351 2233 1404 vel

673 1435 927 1488 rusticam
979 1445 1196 1504 agentes
1235 1437 1423 1500 vitam,
1448 1439 1531 1493 vel
1574 1440 1625 1492 in
1668 1455 1796 1510 agro
1819 1442 2151 1497 stabulantes
2181 1450 2234 1498 et

675 1536 990 1580 versantes:
1048 1526 1239 1594 quibus
1289 1539 1508 1598 apparet
1541 1531 1783 1600 angelus,
1837 1544 2056 1602 propter
2097 1535 2226 1589 sim-

672 1617 960 1678 plicitatem
992 1626 1046 1671 et
1093 1620 1455 1674 innocentiam
1487 1637 1693 1677 morum
1718 1635 1773 1677 et
1805 1628 1942 1692 quod
1963 1625 2230 1692 justorum

675 1709 834 1762 vitam
886 1711 1424 1766 imitarivideantur.
1465 1712 1672 1768 Etenim
1704 1717 1860 1784 prisci
1909 1719 2228 1784 patriarcha:

674 1812 916 1865 pastores
951 1812 1126 1870 erant,
1171 1813 1227 1858 ut
1274 1802 1439 1859 Jacob
1477 1807 1540 1872 ¹⁰,
1578 1807 1774 1870 Moses,
1827 1809 2013 1862 David.
2050 1809 2232 1876 Neque

2349 622 2594 690 ἄγγελος·
2618 621 2975 691 Μηφοϐεἰσθε
3008 638 3021 652 ·
3073 621 3181 674 ίδοῦ
3207 621 3315 693 γὰρ
3339 621 3774 688 εὐαγγελίζομαι
3797 622 3907 687 ὑμῖν

2349 713 2521 782 χαρὰν
2551 713 2812 782 μεγάλην,
2843 713 2960 782 ἥτις
2996 713 3146 764 ἔσται
3181 714 3342 764 παντὶ
3383 713 3458 781 τῷ
3493 711 3632 778 λαῷ,
3672 711 3756 761 ὅτι
3804 710 3906 761 ἐτέ-

2350 804 2454 872 χθη
2485 803 2612 874 ὐμῖν
2639 805 2877 874 σήμερον
2909 804 3118 873 Σωτὴρ,
3149 806 3206 866 ὃς
3242 807 3358 855 ἐστι
3394 804 3636 874 Χριστὸς
3690 803 3902 870 Κύριος,

2346 899 2401 946 ὲν
2436 895 2584 947 πόλει
2614 895 2793 947 Δαὸίδο
2820 893 3086 946 καὶτοῦτο
3113 895 3239 962 ὑμῖν
3259 893 3318 945 τὸ
3348 897 3594 962 σημεῖον·
3638 894 3903 961 Εὐρήςετε

2348 983 2548 1052 βρέφος
2593 984 3110 1054 ἐσπαργανωμένον,
3165 983 3415 1052 κείμενον
3457 985 3513 1035 έν
3569 987 3635 1051 τῇ
3691 985 3903 1050 φάτνῃ·

2345 1078 2439 1130 καὶ
2489 1076 2746 1146 ἐξαίφνης
2777 1077 2992 1144 ἐγένετο
3024 1077 3118 1128 σὺν
3153 1075 3229 1144 τῷ
3260 1074 3476 1144 ἀγγέλῳ
3511 1074 3718 1142 πλῆθο;
3761 1092 3907 1144 στρα-

2347 1171 2468 1229 τιᾶς
2527 1169 2802 1239 οὐρανίου,
2834 1167 3127 1221 αἰνούντων
3180 1168 3268 1218 τὸν
3302 1168 3430 1219 Θεὸν
3463 1169 3557 1218 καὶ
3605 1168 3908 1234 λεγόντων·

2347 1263 2481 1327 Δὸξα
2525 1265 2579 1315 ὲν
2609 1261 2852 1328 ὑψίστοις
2882 1259 3000 1329 Θεῷ
3034 1273 3050 1289 ο
3084 1260 3178 1312 καὶ
3211 1261 3300 1312 ἐπὶ
3347 1259 3446 1326 γῆς
3476 1259 3696 1326 εἰρήνη,
3726 1258 3784 1308 ἐν
3828 1259 3910 1310 ἀν-

2347 1352 2584 1422 θρώποις
2644 1351 2878 1404 εὐδοκία.
2929 1369 2946 1402 ι
2987 1351 3252 1420 Ποιμένες
3297 1345 3435 1418 ἦσαν
3490 1348 3909 1419 ἀγραυλοῦντες.

2345 1445 2638 1506 τουτέστιν,
2686 1442 2976 1512 ἀγροτικον
3023 1440 3316 1501 αὐλοῦντες
3351 1480 3365 1503 ,
3418 1441 3451 1509 ἦ
3500 1441 3558 1490 ὲν
3636 1440 3715 1509 τῷ
3766 1437 3912 1506 ἀγρῷ

2343 1535 2684 1604 αὐλιζόμενοι
2713 1535 2806 1586 καὶ
2837 1534 3117 1600 διάγοντες
3175 1550 3186 1562 ·
3229 1532 3573 1600 ἐπιφαίνεται
3603 1532 3660 1582 δὲ
3706 1531 3911 1590 τούτοις

2345 1628 2372 1678 ὁ
2403 1626 2651 1695 ἄγγελος,
2679 1625 2763 1678 διὰ
2809 1625 2867 1676 τὸ
2897 1624 3170 1676 ἄπλαστον
3217 1621 3310 1674 τοῦ
3353 1621 3514 1691 ἤθους
3552 1620 3652 1672 νεὶ
3688 1621 3910 1672 ἄκακον.

2346 1719 2503 1772 Ἐπεὶ
2533 1718 2636 1786 καις
2659 1717 2758 1786 τὴν
2801 1715 2906 1767 τῶν
2941 1715 3166 1767 δικαίων
3200 1714 3473 1766 πολιτείαν
3515 1713 3802 1779 φαίνονται
3835 1728 3913 1778 μι-

2347 1808 2602 1876 μούμενοι
2633 1822 2644 1835 ν
2675 1807 2767 1859 καὶ
2793 1805 2900 1875 γὰρ
2926 1807 2972 1856 oi
3008 1804 3245 1866 παλαιοὶ,
3291 1802 3581 1870 ποιμένες,
3641 1802 3692 1851 oi
3723 1815 3911 1866 πατρι-

675 1899 724 1948 in
763 1893 1059 1950 Jerusalem
1115 1899 1360 1967 apparuit
1415 1897 1702 1955 Phariszeis
1745 1903 1827 1957 vel
1881 1903 2108 1968 Scribis,
2141 1905 2228 1974 qui

2347 1899 2523 1968 ἀρχαι,
2557 1895 2771 1953 Ἰακὼϐ,
2791 1893 3018 1963 Μωσῆς,
3043 1892 3222 1945 Δαϐἱδ.
3247 1892 3321 1944 Οὐ
3341 1891 3444 1961 γὰρ
3476 1893 3531 1942 ἐν
3561 1890 3625 1942 Ἰε
3638 1889 3914 1958 posuit}.

672 1989 850 2042 omnis
911 1989 1122 2042 malitiae
1176 1989 1513 2060 receptacula
1562 2001 1734 2046 erant.
1768 1993 1844 2048 llli
1881 2003 2058 2048 autem
2111 2011 2231 2050 cum

674 2081 948 2147 simplices
996 2089 1197 2145 essent,
1229 2083 1426 2136 divinis
1480 2085 1802 2152 spectaculis
1847 2087 2000 2154 potiti
2059 2097 2228 2141 sunt:

677 2182 1010 2226 monstrante
1035 2174 1165 2238 Deo,
1186 2177 1323 2240 quod
1343 2174 1521 2228 statim
1538 2175 1605 2229 ab
1625 2175 1775 2230 initio
1796 2191 1889 2231 eos
1909 2176 2235 2244 agrestiores

677 2278 784 2330 prae
821 2265 940 2318 aliis
1000 2265 1238 2333 elegerit,
1288 2281 1665 2335 prmconesqne
1712 2267 1918 2322 fecerit.
1979 2268 2236 2322 Abieruut

680 2355 845 2419 enim,
875 2363 926 2409 et
982 2355 1050 2409 de
1107 2357 1356 2411 omnibus
1403 2357 1508 2411 illis
1568 2359 1953 2427 praedicarunt.
2001 2360 2235 2428 Angelus

676 2461 805 2499 vero
830 2461 1076 2514 magnum
1110 2445 1214 2501 illis
1238 2448 1486 2516 gaudium
1511 2449 2072 2517 evangelizavit,quod
2111 2451 2234 2511 erit,

676 2535 870 2604 inquit,
904 2537 1048 2588 omni
1074 2535 1289 2603 populo,
1320 2537 1408 2606 qni
1453 2539 1669 2606 proprie
1706 2536 1931 2605 populus
1973 2535 2084 2589 Dei.
2124 2536 2234 2589 Non

676 2625 818 2679 enim
861 2640 1050 2678 omnes
1107 2625 1278 2680 Judaei
1315 2628 1545 2698 populus
1574 2627 1850 2682 Dei.Nam
1894 2637 1948 2681 et
1998 2629 2235 2681 omnium

679 2717 951 2769 hominum
976 2716 1174 2784 pupula
1201 2718 1505 2772 incarnatio
1546 2718 1639 2771 Dei
1677 2718 1813 2770 facta
1843 2725 1925 2770 est
1960 2717 2232 2786 gaudium.

679 2807 818 2873 Quid
863 2818 1040 2861 autem
1073 2809 1301 2877 hymnus
1342 2808 1652 2877 angelorum
1686 2807 1954 2862 declarat?
1980 2806 2074 2860 Vel
2123 2821 2238 2861 om-

678 2898 804 2951 nino
832 2898 1127 2967 grati-arum
1156 2900 1427 2953 actionem
1477 2914 1829 2968 supernorum
1879 2898 2232 2960 exercituum,

678 3002 730 3044 et
749 2992 1022 3058 gaudium,
1048 3007 1110 3044 eo
1147 2993 1288 3060 quod
1323 2991 1520 3046 terreni
1547 2991 1810 3045 beneﬁcia
1867 2998 2014 3043 tanta
2045 3002 2236 3043 conse-

677 3096 924 3149 quamur.
955 3079 1134 3134 Gloria
1185 3083 1326 3136 enim
1383 3083 1512 3141 Deo.
1563 3080 1796 3135 dicunt:
1849 3095 2011 3150 super
2039 3090 2237 3134 terram

678 3184 860 3225 aittem
878 3186 979 3240 pax
1015 3187 1158 3225 nunc
1189 3173 1324 3226 facta
1353 3184 1437 3227 est
1467 3192 1480 3237 ;
1510 3182 1563 3228 et
1621 3187 1743 3226 cum
1803 3172 1954 3240 prius
2004 3173 2237 3224 humana

681 3272 868 3316 natura
906 3262 1118 3316 inimica
1160 3262 1322 3316 fuerit
1356 3263 1486 3328 Deo,
1514 3279 1653 3317 nunc
1709 3264 1780 3316 ita
1811 3261 2095 3316 conciliata
2135 3272 2236 3324 est.

681 3363 738 3406 ut
773 3362 826 3406 et
862 3353 970 3407 Deo
1022 3355 1277 3423 adjuncta
1305 3355 1394 3420 sit,
1435 3365 1487 3408 et
1534 3357 1812 3410 incarnato
1874 3356 2046 3408 unita.
2086 3355 2242 3410 Vides

681 3449 841 3518 igitur
877 3462 1063 3515 pacem
1107 3447 1199 3501 Dei
1244 3463 1363 3502 cum
1428 3447 1678 3502 homine?
1706 3446 1770 3500 Et
1823 3447 1980 3502 aliter
2028 3461 2242 3517 quoque

682 3540 997 3609 intelligitur
1039 3561 1050 3594 :
1086 3557 1184 3612 pax
1234 3552 1315 3596 est
1374 3543 1485 3612 ipse
1527 3541 1691 3596 Filius
1743 3543 1856 3598 Dei.
1906 3542 2015 3613 Ego
2073 3545 2238 3608 enim,

683 3635 880 3702 inquit,
932 3633 1067 3687 Pax.
1113 3636 1214 3687 ista
1266 3635 1428 3703 igitur
1488 3649 1611 3704 pax,
1640 3633 1808 3689 Filius
1853 3635 1968 3698 Dei,
2003 3637 2238 3703 inquam,

684 3739 844 3794 super
878 3735 1078 3777 terram
1130 3726 1266 3779 facta
1299 3737 1401 3780 est.
1445 3725 1509 3778 Et
1554 3727 1605 3779 in
1642 3727 1946 3780 hominibus
1971 3727 2110 3780 bona
2158 3741 2244 3779 voc

688 3820 866 3870 luntas
895 3818 936 3847 ’⁷
969 3837 980 3870 :
1008 3817 1105 3870 hoc
1131 3825 1233 3879 est,
1260 3816 1352 3870 Dei
1383 3817 1614 3885 requies.
1662 3817 1941 3886 chuicvit
1971 3820 2111 3870 enim
2133 3819 2245 3873 sive

688 3907 1010 3962 refecillatus
1045 3916 1126 3962 est
1149 3923 1290 3962 nunc
1320 3918 1375 3963 et
1417 3909 1552 3962 bene
1582 3908 1792 3963 habitus
1823 3908 1872 3962 in
1900 3910 2239 3965 hominibus:

689 4015 808 4053 nam
841 4000 990 4068 prius
1031 3998 1245 4068 quidem
1275 4013 1379 4054 non
1414 3999 1513 4052 sibi
1547 3999 1886 4070 complacuit,
1916 4016 2012 4054 nec
2048 4002 2242 4054 bonum

695 4093 944 4147 aﬂectum
978 4093 1161 4148 habuit
1185 4093 1236 4145 in
1261 4093 1588 4148 hominibus.

768 4266 933 4323 Vens.
987 4266 1169 4325 15-20.
1209 4289 1226 4319 ι
1294 4271 1354 4323 Ει
1395 4270 1589 4325 factum
1650 4281 1749 4337 est,
1778 4283 1835 4326 ut
1882 4273 2250 4330 discesserunt

695 4362 762 4414 ab
790 4361 868 4413 eis
895 4361 1067 4429 angeli
1098 4362 1147 4412 in
1174 4361 1388 4425 celum,
1415 4361 1655 4418 homines
1681 4374 1922 4432 pastores
1956 4365 2250 4434 loqueban-

695 4461 779 4503 tur
813 4451 952 4504 inter
993 4465 1112 4505 sese
1141 4467 1151 4502 :
1176 4449 1540 4507 Transeamus
1583 4453 1690 4521 iam
1721 4454 1994 4510 Bethleem
2057 4471 2249 4526 usque,

2343 1991 2585 2058 ἐπεφάνη
2621 1986 2933 2056 Φαρισαίοις
2989 1986 3020 2056 ἦ
3065 1985 3490 2055 Γραμματεῦσι·
3548 1984 3734 2052 πάσης
3808 1981 3909 2050 γὰρ

2344 2083 2606 2158 ποηηρίας
2658 2080 2838 2148 δοχεῖα
2892 2080 3118 2130 ἐκεῖνοι·
3171 2069 3316 2129 οῦτοι
3368 2075 3423 2128 δὲ
3487 2075 3670 2128 ἄδολοι
3741 2074 3912 2135 ὗντες,

2343 2174 2501 2226 θείων
2547 2173 2832 2241 θεαμάτων
2868 2170 3178 2240 ἠξιώθησαν
3212 2187 3223 2199 ·
3268 2167 3575 2228 δεικνύντος
3616 2165 3714 2218 τοῦ
3758 2163 3914 2229 Θεοῦ,

2342 2270 2422 2320 ὅτι
2463 2268 2587 2330 τοὺς
2631 2265 3048 2335 ἀγροικοτέρους
3076 2264 3182 2316 τῶν
3209 2263 3410 2326 ἀλλων,
3445 2262 3606 2322 εὐθὺς
3639 2261 3701 2324 ἐξ
3741 2261 3916 2329 ἀρχῆς

2343 2357 2624 2425 ἐξελέξατο
2648 2362 2742 2409 καὶ
2789 2358 3038 2425 κήρυκας
3073 2356 3330 2422 ἐποίησεν
3359 2371 3373 2384 ο
3419 2352 3760 2414 ἀπελθόντες
3810 2353 3917 2419 γὰρ

2344 2450 2614 2520 ἐκήρυξαν
2646 2450 2770 2515 περὶ
2825 2448 3040 2500 πάντων
3088 2447 3291 2498 τούτων
3327 2462 3340 2478 ·
3367 2445 3765 2514 εὐηγγελίσατο
3809 2445 3865 2496 δὲ
3893 2446 3918 2498 6

2343 2542 2569 2610 ἄγγελος
2601 2540 2774 2610 χαρὰν
2803 2540 3064 2608 μεγάλην,
3091 2538 3211 2606 ἥτις
3247 2536 3415 2600 ἔσται,
3451 2537 3606 2607 φησι,
3644 2536 3816 2588 παντὶ
3844 2535 3918 2605 τῷ

2344 2634 2477 2704 λαῷ,
2509 2633 2586 2700 τῷ
2617 2631 2819 2701 κυρίως
2865 2630 2978 2698 λαῷ
3025 2629 3119 2682 τοῦ
3165 2627 3336 2680 Θεοῦ·
3379 2629 3438 2679 οὐ
3482 2629 3688 2690 πάντες
3717 2629 3830 2695 γὰρ
3873 2629 3919 2680 oi

2359 2725 2626 2785 Ἰουδαῖοι,
2671 2723 2796 2784 λαὸς
2841 2721 2934 2773 τοῦ
2978 2719 3134 2772 Θεοῦ.
3188 2718 3346 2772 Ἀλλὰ
3381 2717 3475 2770 καὶ
3503 2718 3670 2770 παντὶ
3702 2717 3782 2786 τῷ
3816 2717 3919 2770 τῶν

2347 2815 2646 2885 ἀνθρώπων
2677 2814 2791 2882 λαῷ
2831 2813 2973 2881 χαρά
3000 2811 3215 2878 ἐγένετο
3263 2812 3297 2880 ή
3331 2811 3600 2879 σάρκωσις
3632 2811 3728 2861 τοῦ
3757 2809 3917 2861 Θεοῦ.

2347 2909 2410 2964 Τί
2448 2909 2503 2960 δὲ
2528 2908 2676 2976 δηλοῖ
2693 2907 2719 2958 ὁ
2745 2905 2910 2974 ῦμνος
2935 2905 3040 2956 τῶν
3065 2903 3312 2971 ἀγγέλων
3330 2923 3344 2969 ;
3365 2905 3434 2955 Ἢ
3456 2903 3669 2963 πάντως
3698 2902 3923 2970 εὐχιρε.

2349 2999 2499 3052 στίαν
2531 2999 2637 3050 τῶν
2659 2999 2771 3050 ἄνω
2817 2997 3112 3065 ταγμάτων
3143 2996 3236 3047 καὶ
3271 2995 3465 3064 χαρὰν,
3493 2993 3628 3046 διότι
3681 2994 3922 3063 εὐηργε-

2347 3090 2589 3159 τήθημεν
2613 3091 2660 3141 οἱ
2696 3090 2787 3140 ἐπὶ
2841 3088 2937 3155 τῆς
2971 3087 3093 3156 γῆς.
3128 3086 3264 3150 Δόξα
3295 3086 3404 3157 γὰρ
3439 3085 3515 3154 τῷ
3540 3084 3686 3153 Θεῷ,
3723 3085 3916 3152 φασιν,

2347 3184 2440 3236 ἐπὶ
2469 3182 2570 3250 γῆς
2595 3182 2702 3250 γὰρ
2741 3181 2932 3248 εἰρήνη
2970 3179 3065 3232 νῦν
3101 3179 3290 3246 γέγονε
3321 3196 3335 3209 ·
3369 3176 3556 3247 πρώην
3593 3177 3696 3245 μὲν
3725 3176 3839 3244 γὰρ
3894 3177 3921 3244 it

2345 3273 2657 3344 ἀνθρωπίνη
2711 3270 2871 3338 φύσις
2932 3269 3132 3341 ἔχθραν
3192 3263 3304 3338 εἶχε
3377 3268 3511 3336 πρὸς
3564 3265 3702 3318 Θεόν
3735 3282 3749 3296 ·
3797 3265 3920 3317 νυνὶ

2339 3364 2395 3416 δὲ
2455 3362 2704 3415 τοσοῦτον
2773 3360 3122 3430 κατηλλάγη,
3195 3360 3332 3411 ὥστε
3411 3360 3506 3410 καὶ
3563 3357 3919 3426 nmo-mum

2339 3455 2416 3524 τῷ
2473 3453 2627 3523 Θεῷ,
2691 3453 2790 3508 καὶ
2856 3451 3037 3522 ὴνὼθη
3112 3449 3263 3520 αὐτῷ
3332 3448 3688 3518 σαρκωθένττ.
3753 3447 3920 3519 Ὀρίς

2341 3547 2432 3600 οῦν
2490 3546 2711 3617 εἰρήνην
2765 3543 2859 3596 τοῦ
2903 3543 3037 3596 Θεοῦ
3089 3542 3222 3613 πρὸς
3276 3543 3366 3595 τὸν
3411 3541 3744 3612 ἄνθρωπονς
3805 3539 3918 3595 Καὶ

2343 3636 2514 3698 ἄλλως
2547 3637 2602 3687 δὲ
2648 3635 2964 3702 νοηθήσεταε
3005 3651 3018 3665 ·
3053 3634 3256 3703 Εἰρήνη
3306 3634 3453 3685 ἐστὶν
3503 3634 3666 3694 αὐτὸς
3725 3633 3755 3683 ὀ
3789 3630 3916 3694 Υιδς

2343 3727 2436 3782 τοῦ
2467 3727 2639 3780 Θεοῦο
2667 3727 2808 3790 Ἐγὼ
2864 3727 2990 3794 γὰρ,
3041 3725 3224 3795 φησιν,
3276 3726 3310 3794 ή
3349 3725 3540 3796 εἰρήνη
3568 3739 3580 3752 ·
3632 3723 3772 3793 αὐτ-η
3825 3716 3918 3777 οὖν

2345 3822 2376 3889 ή
2435 3820 2642 3889 εἰρήνη,
2674 3821 2702 3871 ὁ
2757 3819 2880 3883 Tia;
2936 3817 3026 3870 τοῦ
3068 3815 3226 3882 Θεοῦ,
3280 3817 3371 3868 ἐπὶ
3417 3818 3518 3885 γῆς
3569 3819 3782 3883 γέγονε,
3825 3816 3919 3868 καὶ

2345 3914 2402 3965 ὲν
2433 3915 2545 3974 τοῖς
2587 3911 2891 3982 ἀνθρώποις
2942 3910 3176 3975 εὐδοκία,
3219 3909 3493 3962 τουτέστιν
3541 3910 3918 3968 ἑπανάπαυσις

2344 4004 2436 4056 τοῦ
2471 4003 2638 4065 Θεοῦ,
2675 4002 3022 4071 ὲπανεπαύθη
3071 4001 3179 4072 γὰρ
3219 4003 3247 4053 ὁ
3292 4000 3422 4063 Θεὸς
3463 3999 3559 4051 νῦν
3600 4003 3696 4052 καὶ
3727 4001 3915 4069 εὐηρε·

2349 4094 2518 4164 στήθη
2542 4097 2600 4146 ὲν
2626 4096 2738 4156 τοῖς
2778 4093 3108 4161 ἀνθρώποις,
3133 4092 3189 4155 δς
3221 4091 3407 4163 πρώην
3426 4107 3509 4158 γει
3544 4092 3647 4144 οὐκ
3677 4092 3913 4160 ηὐδόκει,

2349 4183 2470 4236 οὐδὲ
2503 4165 2768 4251 ἠρέσκετο
2797 4185 2854 4234 ὲν
2885 4186 2994 4242 τοῖς
3018 4182 3344 4252 ἀνθρώποις.

2425 4296 2443 4328 ι
2477 4277 2585 4330 Καὶ
2620 4275 2834 4341 ἐγένετο
2867 4275 2940 4338 ὡς
2986 4276 3228 4345 ἀπῆλθον
3271 4277 3364 4328 ἀπ’
3387 4276 3566 4329 αὐτῶν
3597 4279 3648 4328 oi
3695 4277 3915 4346 ἄγγελοι

2351 4370 2428 4430 είς
2449 4370 2539 4419 τὸν
2562 4366 2806 4436 οὐρανὸν,
2865 4368 2958 4419 καὶ
2982 4369 3028 4419 οί
3062 4368 3338 4438 ἄνθρωποι
3381 4372 3427 4421 οἱ
3461 4371 3722 4440 ποιμένες
3771 4367 3917 4424 εἷπον

2351 4456 2485 4525 πρὸς
2513 4457 2791 4526 ἀλλήλους.
2827 4458 3129 4528 Διέλθωμεν
3160 4458 3223 4529 δὴ
3261 4459 3364 4521 ἕως
3387 4460 3657 4531 Βηθλεὲμ,
3678 4463 3774 4515 καὶ
3806 4462 3915 4515 [δω-

692 4551 745 4596 et
775 4542 1053 4595 videamus
1085 4543 1186 4596 hoc
1209 4544 1350 4611 quod
1386 4544 1601 4607 accidit,
1635 4548 1773 4613 quod
1823 4546 2076 4602 Dominus
2120 4563 2238 4616 ape.

2357 4564 2454 4618 μεν
2481 4547 2538 4598 τὸ
2571 4548 2723 4617 ῥῆμα
2756 4547 2911 4601 τοῦτο
2938 4550 2997 4602 τδ
3019 4549 3303 4617 γεγονὸ;,ὃ
3327 4552 3354 4602 ὁ
3389 4551 3590 4621 Κύριος
3626 4552 3917 4624 ἐγνώρισεν

697 4635 804 4688 ruit
841 4635 1016 4688 nobis.
1069 4636 1132 4686 Et
1160 4645 1415 4690 venerunt
1468 4635 1799 4701 festinantes,
1833 4650 1883 4692 et
1933 4641 2250 4694 invenerunt.

699 4726 922 4781 Mariam
957 4737 1010 4780 et
1037 4725 1254 4796 Ioseph,
1288 4739 1342 4783 et
1369 4727 1626 4782 infantem
1655 4732 1886 4798 positum
1915 4731 2244 4799 in.pmsepi.

695 4819 826 4873 Cum
862 4818 1120 4874 vidissent
1148 4831 1343 4888 autem,
1379 4823 1788 4892 divulgaverunt
1823 4824 1890 4878 de
1923 4826 2084 4881 verbo
2109 4825 2248 4895 quod

698 4912 901 4966 dictum
926 4921 1044 4964 erat
1079 4912 1209 4980 ipsis
1235 4914 1298 4968 de
1333 4928 1496 4982 puero
1528 4914 1632 4968 hoc
1664 4931 1677 4966 :
1720 4923 1773 4967 et
1811 4929 1998 4971 omnes
2024 4917 2113 4984 qui
2150 4933 2248 4970 au-

695 5005 930 5062 dierunt.
967 5005 1141 5057 mirati
1188 5013 1311 5057 sunt
1359 5006 1424 5059 dc
1456 5007 1536 5060 his
1570 5021 1686 5075 qua:
1715 5007 1852 5060 dicta
1887 5017 2042 5060 erant
2067 5022 2095 5061 a
2158 5025 2251 5077 pa-

698 5093 934 5147 storibus
963 5094 1027 5147 ad
1077 5094 1245 5162 ipsos.
1292 5112 1309 5145 ι
1347 5093 1593 5149 Pastores
1626 5096 1697 5149 iili
1750 5096 1917 5166 ﬁgura
1983 5108 2107 5151 sunt
2142 5101 2252 5167 spi-

700 5184 968 5236 ritualium
1051 5194 1324 5251 pastorum
1379 5194 1430 5237 et
1483 5185 1787 5253 prmsulum.
1863 5184 2087 5252 Oportet
2148 5187 2250 5256 igi-

704 5284 786 5324 tur
827 5274 1104 5343 episcopos
1130 5275 1401 5329 custodire
1430 5292 1639 5346 gregem
1667 5293 1843 5341 suum,
1874 5290 1926 5331 ct
1963 5277 2253 5345 ἀγραυλείν

705 5365 754 5415 in
813 5378 943 5430 agro
996 5379 1212 5428 cauere,
1274 5367 1372 5420 hoc
1420 5378 1524 5431 εει,
1563 5382 1754 5421 canere
1809 5368 2108 5436 spiritualia
2150 5411 2162 5428 ,
2202 5379 2254 5422 et

705 5454 898 5509 docere
950 5457 1225 5523 populum,
1267 5470 1321 5511 et
1359 5459 1436 5512 sic
1487 5459 1627 5528 digni
1692 5462 1817 5514 [ient
1862 5461 1937 5530 (α)
1964 5461 2258 5517 visionibus

780 5633 818 5663 “"
852 5634 984 5686 Gen.
1011 5650 1170 5694 XLV“,
1209 5638 1260 5699 5,
1343 5639 1379 5666 ⁸⁷
1419 5637 1544 5691 Luc.
1573 5652 1631 5699 ll,
1668 5637 1751 5690 Μ.

2352 4640 2482 4710 ήμῖν
2510 4655 2523 4668 ο
2580 4639 2672 4692 καὶ
2721 4635 2882 4709 ἦλθον
2918 4641 3248 4704 σπεύσαντες
3279 4659 3292 4672 ·
3334 4643 3425 4694 καὶ
3469 4644 3700 4714 ἀνεῦρον
3735 4648 3832 4716 τήν
3863 4663 3913 4698 τε

2355 4731 2589 4800 Μαριὰμ
2619 4732 2715 4783 καὶ
2764 4731 2856 4784 τὸν
2908 4732 3120 4803 Ἰωσὴφ,
3153 4735 3246 4786 καὶ
3303 4733 3362 4786 τὸ
3417 4734 3616 4804 βρέφος
3668 4737 3916 4807 κείμενον

2354 4825 2413 4876 ὲν
2441 4825 2505 4893 τῇ
2534 4823 2707 4893 φάτνῃ
2733 4841 2746 4853 ·
2789 4823 2989 4887 ἰδόντες
3019 4825 3096 4887 δὲ,
3123 4825 3482 4896 διεγνιὺρισαν
3529 4829 3654 4900 περὶ
3683 4825 3781 4882 τοῦ
3827 4831 3893 4899 ῥή

2359 4930 2529 4982 ματος
2559 4911 2654 4967 τοῦ
2683 4914 3005 4985 λαληθέντος
3037 4918 3222 4980 αὐτοῖς
3256 4922 3385 4987 περὶ
3412 4919 3506 4972 τοῦ
3534 4921 3757 4976 παιδίου
3797 4922 3913 4975 τού-

2357 5023 2448 5058 του
2470 5021 2483 5034 ·
2504 5005 2594 5059 καὶ
2623 5009 2820 5070 πάντες
2857 5009 2905 5060 οἱ
2930 5008 3283 5078 ἀκούσαντες,
3324 5011 3644 5083 ἐθαύμασαν
3667 5017 3795 5084 περὶ
3818 5013 3919 5068 τῶν

2356 5096 2690 5167 λαληθέντων
2713 5097 2816 5150 ὑπὸ
2833 5098 2939 5151 τῶν
2970 5099 3246 5169 ποιμένων
3269 5101 3404 5171 πρὸς
3433 5102 3688 5167 αὐτούς.»
3715 5106 3782 5158 Ol
3805 5119 3917 5157 1m-

2359 5191 2516 5260 μένες
2556 5186 2699 5244 οῦτοι
2748 5191 3013 5262 σύμϐολόν
3068 5197 3172 5246 εἱσι
3218 5194 3328 5246 νῶν
3369 5197 3762 5266 πνευματικῶν
3813 5214 3916 5250 ποι-

2360 5281 2554 5349 μένων,
2588 5280 2696 5333 τῶν
2749 5283 3048 5352 ἀρχιερέων
3079 5298 3090 5309 °
3123 5284 3203 5336 δεῖ
3230 5279 3322 5338 οῦν
3361 5284 3485 5346 τούς
3517 5286 3796 5356 ἀρχιερεῖς
3826 5303 3914 5352 φυ-

2357 5370 2573 5424 λάσσειν
2600 5372 2696 5443 τὴν
2727 5374 2959 5442 ποίμνην
2977 5375 3154 5428 αὐτῶν
3173 5376 3264 5428 καὶ
3292 5375 3605 5445 ἀγραυλετν,
3626 5379 3911 5440 τουτέστιν,

2363 5463 2511 5531 ᾄδειν
2555 5465 2901 5533 πνευματικά
2952 5482 3095 5532 τινα,
3156 5466 3251 5520 καὶ
3292 5467 3565 5522 διδάσκειν
3617 5468 3711 5523 τὸν
3750 5467 3912 5530 λαὸν.

783 5812 857 5879 (ο)
911 5813 1052 5868 Edit.
1107 5815 1224 5868 Lul.
1281 5832 1380 5869 non
1436 5819 1686 5887 exprimit
1740 5820 1978 5874 Gripe-am
2035 5838 2216 5877 vocem

2347 5821 2707 5892 Ξιωίὶήσονῖαι.
