4108 6334
156 403 292 470 ἱὶὸ

901 396 1344 461 ENARRATIO
1379 397 1460 461 ΙΝ
1499 391 2000 457 EVANGELIUM
2034 390 2268 452 ωριτε.
2299 410 2368 424 ·-·
2407 389 2572 452 CAP.
2597 389 2683 450 II.

3362 382 3464 446 726

157 521 277 576 καὶ
335 520 510 585 οὕτως
582 516 978 588 ἀξιωθήσονται
1058 515 1218 568 θείων
1295 511 1585 584 θεαμάτων
1671 508 1765 562 καὶ

1871 509 2095 575 divinis,
2147 517 2202 563 et
2265 508 2654 563 auditionibus.
2697 505 2978 561 Bethleem
3033 506 3463 574 interpretamur

154 612 570 683 ἀκουσμάτων.
635 608 883 679 Βηθλεὲμ
946 609 1000 660 δὲ
1069 606 1430 678 ἑρμηνεύεται
1481 600 1627 666 οἶκος
1669 602 1762 656 τοῦ

155 706 383 774 ἄρτου·
427 704 508 765 τίς
545 702 602 754 δὲ
653 700 998 764 ἄλλος-ἐστὶν
1051 701 1078 752 6
1129 696 1276 761 οἶκος
1331 698 1426 753 τοῦ
1490 698 1681 767 ἄρτου,
1730 695 1788 772 ἦ,

161 799 201 865 ἡ
277 794 603 863 Ἐκκλησία,
644 788 762 865 ἐνῇ
803 794 829 844 6
857 792 1017 861 ἄρτος
1064 792 1388 853 ἁπόκειταις
1425 790 1626 859 Ἔργον
1673 785 1765 842 οὖν

162 891 300 940 ἐστι
326 890 436 950 τοῖς
461 887 696 955 λογικοῖς
716 884 970 954 ποιμέσιν
994 883 1272 954 ἐπιζητεῖν
1297 883 1548 954 οὐράνιον
1576 883 1762 954 ἄρτον·

164 982 272 1032 καὶ
350 981 470 1050 μεθ’
502 980 529 1032 ὃ
583 980 732 1032 ίδωσι
801 979 892 1030 τὸν
945 979 1132 1047 ἄρτον,
1180 978 1456 1046 ὀφείλουσι
1513 978 1608 1030 καὶ
1655 977 1766 1037 τοῖς

159 1073 362 1136 ἄλλοις
387 1071 673 1140 κηρύττειν
698 1087 712 1101 ·
746 1071 937 1141 ὥσπερ
968 1073 1062 1124 καὶ
1092 1073 1139 1124 οἱ
1164 1070 1422 1141 ποιμένες
1474 1070 1671 1130 ἰδόντες
1707 1070 1765 1120 τι

164 1166 406 1236 βρέφος,
435 1165 758 1233 διελάλησαν
787 1165 880 1218 καὶ
909 1168 1020 1228 τοῖς
1051 1165 1259 1229 ἄλλοις.

253 1271 274 1302 ‹
329 1251 389 1302 'H
413 1251 466 1304 δὲ
485 1253 718 1322 Μαριὰμ
742 1253 916 1306 πάντα
943 1255 1308 1324 συνετήρειτὰ
1329 1253 1550 1326 ῥήματα
1569 1251 1761 1319 ταῦτα,

166 1342 574 1410 συμϐάλλουσα
611 1346 671 1396 ἐν
712 1347 775 1415 τῇ
824 1346 1021 1416 καρδέᾳ
1049 1345 1237 1415 αὐτῆς·
1280 1347 1374 1399 καὶ
1414 1345 1763 1415 ὑπέστρεψαν

163 1437 220 1485 οἱ
261 1435 522 1503 ποιμένες
551 1477 563 1500 ,
598 1435 914 1500 δοξάζοντες
959 1439 1052 1491 καὶ
1087 1438 1366 1502 αἰνοῦντες
1399 1437 1490 1490 τὸν
1515 1436 1647 1490 Θεὸν
1673 1437 1764 1490 ἐπὶ

168 1524 373 1585 πζσιν,
420 1519 500 1586 οἷς
542 1526 780 1593 ἥκουσαν
817 1527 908 1579 καὶ
941 1523 1102 1593 εἶδον,
1137 1528 1319 1592 καθὼς
1354 1529 1589 1600 ἐλαλήθη
1626 1530 1764 1600 προς

167 1614 403 1676 αὐτούς.
431 1634 448 1665 ι
487 1616 618 1667 Ποῖα
647 1619 867 1687 ῥήματα
900 1621 1182 1692 συνετήρει
1214 1626 1244 1688 ἡ
1273 1621 1572 1692 Παρθένος;
1608 1623 1764 1685 Τινὲς

171 1705 282 1772 μὲν
332 1706 577 1772 λέγουσιν
620 1711 702 1762 ὅτι
745 1711 846 1764 ὅσα
891 1713 1103 1783 εἰρήκει
1134 1716 1271 1784 αὐτῇ
1307 1715 1334 1765 6
1373 1715 1633 1783 ἄγγελος,
1671 1715 1764 1768 καὶ

165 1797 277 1850 ὅσα
307 1799 358 1851 οί
391 1801 644 1868 ποιμένες
665 1798 842 1865 εἷπον,
874 1806 1133 1875 ἐπετήρει
1160 1806 1266 1877 γὰρ
1293 1805 1466 1859 ταῦτα
1502 1808 1596 1858 καὶ
1639 1823 1764 1859 συν-

168 1887 408 1940 ἑίῖαλλεν
454 1892 510 1942 ὲν
553 1895 614 1961 τῇ
657 1894 852 1963 καρδίᾳ
895 1896 1088 1963 αὐτῆς,
1124 1898 1398 1963 τουτέστι,
1451 1897 1761 1968 συνέκρινε,

173 1982 277 2032 καὶ
311 1979 565 2051 εὕρισκεν
597 1985 660 2036 ὲκ
700 1986 912 2038 πάντων
943 1986 1069 2056 μίαν
1093 1979 1381 2057 σύμφωνον
1404 1990 1650 2061 γνώμην,
1682 1991 1762 2042 ὅτι

169 2070 315 2132 Θεός
359 2073 506 2125 ἐστιν
553 2076 580 2126 6
628 2075 750 2138 Υἱὸς
804 2078 994 2145 αὐτῆς.
1045 2079 1200 2148 Ἐμοὶ
1247 2080 1303 2133 δὲ
1347 2081 1496 2141 δοκεῖ
1542 2084 1763 2153 ῥήματα

171 2163 415 2216 ινταῦθα
443 2165 512 2220 τὰ
542 2169 841 2238 πράγματα
871 2169 1143 2237 λέγεσθαι·
1176 2173 1318 2225 ὥστε
1350 2171 1488 2227 εἶναι
1520 2174 1578 2226 τὺ
1607 2176 1762 2243 λεγό-

173 2274 345 2326 μενον
387 2258 646 2312 τοιοῦτον·
693 2263 723 2332 ἡ
775 2264 830 2315 δὲ
875 2265 1115 2335 Μαριὰμ
1157 2269 1444 2337 συνετήρει
1483 2269 1660 2322 πάντα
1694 2270 1762 2323 τὰ

172 2348 431 2418 ῥήματα,
463 2352 578 2421 ἤτοι
609 2352 675 2405 τὰ
709 2353 1011 2425 πράγματα
1048 2355 1243 2423 ταῦτα,
1283 2357 1316 2411 ἃ
1351 2358 1445 2413 νῦν
1478 2359 1590 2422 ἐγὼ
1622 2359 1764 2427 λέγω

173 2444 273 2493 καὶ
312 2443 450 2495 ποιῶ
477 2440 615 2497 εἶναι
655 2448 895 2515 ῥήματα·
927 2449 986 2501 τὸ
1018 2449 1123 2521 γὰρ
1160 2454 1394 2523 πρᾶγμα
1413 2454 1540 2506 ὅταν
1572 2454 1760 2526 λεχθῇ,

171 2531 388 2598 γῖνεται
443 2537 616 2604 ῥῆμα·
655 2540 998 2610 ὑπέστρεψαν
1044 2543 1100 2594 δὲ
1146 2544 1195 2594 οἱ
1232 2547 1490 2614 ποιμένες
1536 2547 1760 2616 εὐχαρι-

173 2623 434 2687 στοῦντες
455 2627 528 2696 τῷ
557 2628 674 2699 Θεῷ
701 2632 792 2684 ἐπὶ
829 2635 997 2688 πᾶσιν
1029 2651 1043 2666 ·
1077 2634 1138 2686 οὐ
1172 2636 1279 2707 γὰρ
1315 2633 1761 2709 ἦσινφοονεροῖι

174 2717 323 2766 κατά
353 2717 478 2779 τοὺς
519 2719 822 2784 Ἰουδαίους.

255 2823 274 2855 ι
316 2809 422 2860 Καὶ
465 2803 553 2863 ὅτε
599 2812 950 2885 ιπλήσθησαν
1012 2819 1216 2890 ἡμέραι
1266 2820 1410 2874 ὀκτὼ
1464 2823 1558 2876 τοῦ
1605 2840 1762 2894 περι-

171 2904 368 2967 τεμεῖν
393 2904 573 2968 αὐτὸν,
607 2909 699 2960 καὶ
734 2909 935 2980 ἐκλήθη
971 2913 1031 2964 τὸ
1052 2913 1222 2983 ὄνομα
1241 2915 1406 2969 αὐτοῦ
1446 2918 1671 2987 Ἰησοῦς,
1704 2919 1764 2972 τὸ

177 2991 384 3061 κληθὲν
418 2994 520 3047 ὑπὸ
544 2997 636 3048 τοῦ
667 2999 900 3065 ἀγγέλου
935 3002 1039 3072 πρὸ
1075 3003 1168 3056 τοῦ
1202 3005 1573 3074 συλληφθῆναι
1599 3008 1763 3061 αὑτὸν

176 3088 238 3136 ἐν
264 3089 329 3156 τῇ
359 3088 557 3160 κοιλίᾳ·
589 3091 684 3142 καὶ
711 3092 799 3144 ὅτε
827 3093 1174 3166 ἐπλήσθησαν
1210 3099 1267 3149 ἀί
1309 3099 1508 3169 ἡμέραι
1537 3099 1630 3152 τοῦ
1660 3116 1762 3155 κα-

179 3173 662 3286 θαρισμοῦοαύτῶν
695 3181 834 3234 κατὰ
874 3182 964 3236 τὸν
993 3184 1154 3254 νόμον
1184 3187 1449 3253 Μωσέως,
1486 3189 1762 3259 ἀνήγαγον
1790 3224 1836 3286 C

176 3269 346 3321 αὐτὸν
365 3272 440 3332 είς
471 3271 840 3345 Ἰεροσόλυμα,
868 3280 1216 3348 παραστῆσαι
1238 3279 1314 3350 τῷ
1331 3281 1521 3353 Κυρίῳ
1545 3299 1560 3314 ·
1579 3283 1762 3349 καθὼς

181 3361 493 3431 γέγραπται
521 3367 576 3417 ἐν
607 3367 753 3436 νόμῳ
777 3369 1003 3438 Κυρίου,
1039 3371 1120 3423 ὅτι
1154 3373 1267 3426 Πᾶν
1298 3374 1465 3444 ἄρσεν
1493 3376 1765 3447 διανοῖγον

185 3453 422 3524 μήτραν,
445 3454 599 3522 ἅγιον
629 3459 706 3528 τῷ
736 3461 927 3531 Κυρίῳ
965 3463 1318 3534 κληθήσεται,
1344 3467 1554 3521 καὶτοῦ
1578 3463 1763 3525 δοῦναι

183 3543 374 3599 θυσίαν
411 3549 551 3602 κατὰ
580 3551 639 3602 τὸ
685 3554 977 3623 εἰρημένον
1021 3559 1079 3609 ἐν
1120 3560 1268 3628 νόμῳ
1309 3561 1539 3631 Κυρίου,
1571 3550 1764 3633 ζεῦγος

182 3638 482 3705 τρυγόνων,
537 3640 564 3710 ἦ
610 3641 701 3694 δύο
731 3647 982 3709 νεοσσοὺς
1011 3652 1370 3722 περιστερῶν.
1403 3673 1422 3706 t
1459 3652 1566 3708 Τοῦ
1598 3657 1764 3727 νόμου

183 3727 364 3820 ξύντος
388 3733 629 3795 ἐντολὰς,
649 3737 697 3787 οί
720 3739 1152 3807 παραϐαίνοντες
1172 3742 1375 3809 ταύτας
1394 3748 1499 3800 ὑπὸ
1522 3750 1766 3820 κατάραν

184 3813 337 3887 ἦσαν.
357 3823 434 3915 ,Ὀ
464 3825 641 3878 τοίνυν
669 3828 873 3898 Κύριος
902 3835 1308 3905 περιτέμνεται,
1344 3840 1429 3894 ἵνα
1465 3843 1568 3895 κάν
1592 3844 1765 3915 τούτῳ

187 3914 481 3984 πληρώσας
511 3919 600 3971 τὸν
641 3922 804 3987 νόμον
848 3925 942 3977 καὶ
979 3928 1144 3999 μηδὲν
1173 3929 1423 4000 enatam;
1459 3928 1534 3988 ὧν
1560 3914 1765 4000 ἐκεῖνος

186 4002 525 4069 ὲντέταλκεν,
572 4010 823 4080 ἐξέληται
875 4015 1022 4083 ἡμᾶς
1073 4017 1173 4087 τῆς
1218 4009 1465 4089 κατάρας
1509 4037 1520 4048 ⁸
1575 4023 1766 4094 ἐντρέ-

195 4112 393 4151 πωνται
419 4100 472 4152 δὲ
502 4101 751 4155 ἐντεῦθεν
784 4107 833 4158 oi
866 4105 1136 4176 λέγοντες,
1167 4111 1251 4164 ὅτι
1287 4113 1430 4166 κατὰ
1459 4118 1766 4183 φαντασίαν

189 4190 494 4264 ἑταρκώθη.
524 4195 645 4256 Πῶς
676 4197 784 4267 γὰρ
815 4203 1156 4274 περιετμήθη
1183 4241 1197 4266 ,
1224 4205 1273 4257 ει
1296 4205 1437 4261 κατὰ
1463 4210 1765 4277 φαντασίαν

190 4282 506 4355 ὲσαρκώθη;
540 4285 823 4358 ’Λνρνητον
849 4291 904 4344 δὲ
935 4294 1029 4345 καὶ
1055 4293 1118 4347 τὸ
1140 4295 1413 4361 ἐξετάζειν
1436 4299 1538 4352 ποῦ
1561 4303 1675 4355 ἐστι
1706 4302 1764 4357 τὸ

189 4373 497 4445 ἀποτμηθὲν
542 4379 717 4432 ἐκεῖνο
752 4382 963 4453 μόριον·
999 4385 1032 4439 ἀ
1067 4385 1176 4458 γὰρ
1226 4391 1258 4458 ἡ
1293 4390 1485 4462 Γραφὴ
1518 4393 1762 4448 ἀπεσιώ-

191 4481 382 4559 πησεν,
403 4472 462 4522 ού
485 4471 565 4524 δεῖ
584 4472 887 4544 ἐξετάζειν,
908 4479 1003 4530 καὶ
1037 4481 1210 4534 ταῦτα
1233 4484 1326 4536 ἐπὶ
1360 4486 1600 4559 μηδεμιᾷ
1621 4489 1764 4557 ὠφε-

1870 604 2090 658 domum
2140 603 2318 672 panis.
2354 601 2485 667 Quae
2517 608 2699 656 autem
2759 599 2986 654 aliaest
3032 598 3227 651 domus
3277 595 3455 666 pmis,

1870 714 2032 766 quam
2067 694 2333 759 Ecclesia,
2359 697 2410 748 in
2460 710 2564 765 qua
2605 692 2761 762 panis
2810 691 2973 762 287
3025 689 3296 758 repositus
3321 685 3458 742 est?

1870 789 2116 845 OtIicium
2167 790 2351 857 itaque
2375 785 2740 857 spiritualium
2777 794 3051 854 pastorum
3089 780 3274 842 fuerit.
3315 794 3460 849 Qua:-

1871 899 1993 937 rere
2020 898 2214 954 panem
2249 882 2554 946 caelestem,
2585 894 2745 949 quem
2789 894 2911 932 cum
2946 876 3209 941 viderint,
3259 875 3458 928 debent

1871 975 2024 1030 illum
2058 985 2112 1029 et
2163 974 2287 1026 aliis
2321 973 2622 1042 prtedicarc
2649 988 2663 1024 ε
2691 972 2834 1024 sicut
2864 977 2919 1021 et
2954 977 3203 1036 pastores
3253 962 3345 1034 qui
3381 963 3462 1016 vi-

1871 1068 2380 1132 deruntinlantetn,‘
2402 1066 2568 1121 locuti
2597 1073 2723 1118 sunt
2756 1064 2819 1117 de
2846 1077 2910 1115 eo
2942 1071 2993 1114 ct
3026 1060 3167 1113 aliis.

1941 1255 2110 1308 Vens.
2150 1251 2235 1313 l9,
2267 1249 2359 1302 20.
2396 1266 2414 1298 ι
2465 1246 2632 1300 Maria
2679 1253 2859 1295 autem
2894 1234 3250 1290 conservabat
3279 1229 3458 1283 ontnia

1870 1347 2034 1402 verba
2077 1346 2210 1410 lure,
2243 1341 2532 1396 conferens
2565 1339 2617 1391 in
2650 1334 2812 1389 corde
2850 1347 2970 1387 suo.
3001 1329 3066 1383 Et
3095 1326 3299 1380 reversi
3336 1330 3464 1377 sunt

1870 1450 2118 1512 pastores
2179 1436 2554 1510 gloriﬁcantes
2615 1447 2678 1485 ac
2731 1426 3017 1482 laudantes
3083 1421 3252 1476 Deum
3300 1429 3465 1484 super

1869 1508 2124 1588 omnibus
2163 1508 2283 1601 quae
2327 1508 2616 1582 audierant
2661 1532 2714 1577 et
2750 1523 3002 1576 viderant
3036 1518 3109 1571 ita
3153 1525 3213 1568 ut
3259 1513 3462 1568 dictum

1868 1627 2044 1681 fuerat
2065 1625 2250 1694 ipsis.»
2280 1621 2411 1687 Quae
2430 1619 2593 1671 verba
2619 1613 2985 1670 conservabat
3003 1608 3202 1678 Virgo?
3227 1603 3458 1671 Quidam

1870 1719 2060 1773 dicunt
2107 1715 2251 1786 quod
2307 1729 2367 1765 ea
2407 1726 2526 1781 qua:
2574 1707 2798 1778 angelus
2845 1706 2898 1760 ei
2949 1702 3196 1764 dixerat,
3250 1708 3301 1752 et
3341 1710 3464 1764 qua:

1869 1820 2120 1882 pastores
2156 1814 2552 1867 narraverant,
2585 1798 2926 1856 conservarit
2971 1808 3028 1850 et
3055 1791 3348 1848 contulerit
3381 1803 3463 1843 sc-

1871 1918 2018 1965 cum,
2051 1899 2431 1965 inveneritque
2461 1896 2513 1949 in
2536 1895 2791 1949 omnibus
2811 1889 3138 1946 sententiam
3163 1895 3461 1940 consonam

1869 1985 2063 2059 unam,
2109 1991 2251 2061 quod
2290 1989 2431 2043 Deus
2463 1984 2731 2041 sitFilius
2763 1998 2915 2038 suus.
2963 1980 3097 2034 Mihi
3147 1987 3326 2032 autem
3378 1977 3462 2030 vi-

1869 2085 2068 2140 dentur
2099 2082 2260 2136 verba
2303 2079 2410 2133 hoc
2445 2078 2564 2132 loco
2593 2091 2682 2130 res
2712 2074 2795 2128 vel
2825 2080 2977 2143 gesta
3011 2069 3142 2132 dici,
3175 2078 3229 2122 et
3254 2066 3306 2120 id
3340 2079 3460 2120 esse

1867 2179 2012 2250 quod
2035 2177 2234 2231 dicitur
2264 2171 2468 2226 :lllaria
2494 2179 2674 2224 autem
2705 2163 3069 2221 conservabat
3092 2162 3272 2216 omnia
3293 2157 3460 2214 verba

1869 2249 2006 2333 haec,
2042 2266 2094 2320 id
2125 2276 2238 2327 est,
2270 2272 2419 2334 gesta
2457 2261 2572 2314 haec
2592 2274 2713 2328 qum
2752 2271 2898 2311 nunc
2943 2270 3044 2324 ego
3075 2254 3197 2307 dico
3225 2258 3280 2304 et
3322 2249 3466 2304 facio

1867 2378 1988 2420 esse
2017 2361 2202 2417 verba.
2231 2357 2394 2413 Gesta
2423 2356 2568 2410 enim
2607 2350 2824 2421 quando
2855 2357 3171 2408 narrantur,
3206 2343 3466 2397 dicuntur

1868 2458 2054 2513 verba.
2092 2454 2260 2509 Porro
2296 2459 2545 2519 pastores
2581 2444 2788 2500 reversi
2831 2449 2961 2496 sunt
3005 2436 3207 2519 gratias
3239 2441 3464 2506 agentes

1868 2550 1976 2605 Deo
2015 2549 2068 2602 in
2097 2516 2376 2603 omnibus.
2407 2541 2594 2609 Neque
2617 2536 2760 2592 enim
2784 2542 2941 2589 erant
2976 2516 3141 2586 invidi
3175 2540 3233 2584 ut
3261 2524 3460 2583 Judaei.

1941 2822 2102 2877 Vens.
2144 2816 2337 2873 93—24.
2393 2834 2412 2867 ι
2476 2815 2541 2869 Et
2583 2822 2871 2882 postquam
2921 2804 3288 2864 consummati
3337 2812 3466 2862 sunt

1869 2919 1983 2970 dies
2038 2922 2162 2969 octo
2211 2920 2269 2966 ut
2318 2906 2810 2964 circumciderctur
2859 2917 3022 2973 puer,
3077 2910 3330 2955 vocatum
3379 2906 3467 2954 est

1869 3023 2065 3065 nomen
2102 3006 2223 3076 ejus
2274 3001 2466 3070 Jesus,
2519 2997 2662 3069 quod
2706 3007 2958 3051 vocatum
3003 3003 3122 3050 erat
3158 2993 3227 3047 ab
3270 2992 3464 3061 angelo

1869 3103 2185 3170 priusquam
2223 3098 2275 3151 in
2327 3103 2485 3150 utero
2531 3091 2932 3159 conciperetur.
2986 3089 3052 3142 Et
3102 3093 3457 3154 posteaquam

1871 3192 2122 3262 completi
2160 3190 2388 3246 Fuissent
2431 3186 2549 3241 dies
2575 3183 2920 3255 purgationis
2942 3196 3132 3236 eorum
3159 3179 3460 3235 secundum

1873 3289 2044 3357 legem
2096 3282 2302 3354 Moysi,
2350 3280 2698 3336 adduxerunt
2735 3290 2858 3330 eum
2903 3270 3363 3341 Hierosolymam,
3405 3276 3466 3324 ut

1870 3380 2130 3435 sisterent
2166 3387 2289 3430 eum
2338 3371 2600 3434 Domino,
2636 3369 2779 3423 sicut
2813 3366 3078 3436 scriptmn
3121 3373 3207 3418 est
3247 3364 3300 3417 in
3346 3362 3465 3432 lege

1870 3467 2086 3524 Domini
2131 3482 2146 3520 :
2184 3462 2359 3520 Omne
2413 3460 2782 3525 masculinum
2828 3457 3154 3526 adaperiens
3205 3455 3462 3523 vulvam,

1869 3569 2118 3614 sanctum
2167 3554 2404 3622 Domino
2429 3552 2719 3608 vocabitur
2753 3570 2765 3606 :
2802 3561 2856 3606 et
2889 3557 2944 3603 ut
2992 3549 3186 3604 darent
3228 3547 3462 3602 hostiam

1869 3649 2167 3706 secundum
2196 3647 2340 3716 quod
2366 3644 2571 3699 dictum
2599 3638 2766 3698 estin
2794 3643 2913 3712 lege
2944 3640 3180 3703 Domini,
3221 3656 3317 3708 par
3346 3651 3462 3693 tur-

1871 3754 2075 3806 turum,
2102 3748 2196 3796 aut
2214 3739 2352 3795 duos
2380 3736 2557 3810 pullos
2580 3735 2982 3791 columbarum.
3020 3753 3038 3786 ι
3074 3733 3178 3800 Qui
3206 3733 3464 3786 mandata

1867 3837 2002 3909 legis
2036 3833 2560 3907 pravaricabantur,
2593 3831 2698 3886 sub
2723 3827 3105 3884 maledictione
3141 3837 3320 3882 erant.
3358 3823 3463 3878 Do-

1869 3931 2052 3985 minus
2083 3927 2249 3998 igitur
2277 3925 2714 3991 circumciditur,
2747 3933 2805 3979 nt
2842 3923 3010 3977 ctiam
3049 3923 3100 3975 in
3147 3920 3251 3975 hoc
3293 3920 3465 3973 adim-

1867 4019 2010 4090 pleta
2044 4019 2183 4087 lege,
2208 4027 2264 4072 et
2293 4015 2443 4072 nullo
2466 4014 2835 4085 praetermisso
2859 4012 3005 4085 quod
3029 4011 3121 4074 illa
3153 4009 3465 4074 mandabat,

1868 4112 2064 4182 eripiat
2094 4126 2195 4166 nos
2239 4126 2269 4165 a
2310 4108 2620 4164 maledicto.
2666 4107 3046 4163 Revereantur
3079 4104 3210 4161 hinc
3246 4105 3342 4174 qui
3381 4105 3469 4160 dio

1868 4214 2002 4262 cunt
2044 4205 2189 4276 quod
2225 4203 2483 4260 Chrisws
2517 4203 2838 4257 incarnatus
2879 4201 2952 4255 sit
2985 4207 3313 4271 apparenter
3349 4208 3469 4252 tau-

1869 4311 2005 4355 tum.
2036 4296 2321 4365 Qdomodo
2349 4297 2495 4353 enim
2545 4295 2907 4352 circumcisus
2947 4293 3175 4360 fuisset,
3221 4293 3265 4349 si
3305 4307 3467 4362 appa-

1866 4405 2053 4450 renter
2087 4395 2402 4448 incarnatus
2429 4390 2660 4445 fuisset?
2685 4388 2958 4444 Inutiliter
2984 4396 3168 4442 autem
3197 4387 3467 4455 quaeritur

1867 4488 1961 4543 ubi
1992 4489 2062 4543 sit
2107 4487 2326 4542 abseeta
2375 4484 2466 4539 illa
2509 4482 2796 4554 particula.
2833 4480 2968 4534 Nam
3017 4495 3139 4550 qua:
3180 4479 3465 4547 Scriptura

193 4557 334 4652 λεία·
357 4561 470 4615 ἔστι
494 4561 547 4616 δὲ
570 4567 764 4630 εἰπεῖν,
793 4571 874 4622 ὅτι
906 4572 1027 4623 τότε
1060 4573 1159 4641 μὲν
1183 4574 1272 4626 ὅτε
1296 4557 1594 4648 ἀπετμήθη
1613 4620 1628 4643 ,
1663 4582 1763 4652 τῆς

1876 4581 2064 4645 tacuit,
2093 4594 2154 4635 ea
2179 4592 2428 4650 quaerere
2458 4591 2564 4633 non
2597 4584 2832 4647 oportet,
2863 4575 3167 4644 praesertim
3199 4573 3287 4626 ubi
3317 4571 3462 4627 nulla

192 4651 289 4720 γῆς
312 4651 545 4720 ψαῦσαν,
569 4656 766 4726 ήγίασε
794 4662 1001 4730 ταύτην
1025 4703 1039 4728 ,
1072 4663 1265 4735 ὥσπερ
1296 4669 1390 4720 καὶ
1422 4670 1483 4721 τὸ
1510 4664 1649 4740 αἷμα
1674 4651 1768 4726 καὶ

192 4745 250 4797 τὸ
282 4744 450 4817 ὕδωρ,
482 4748 518 4803 ἃ.
551 4753 615 4804 ὲκ
649 4752 749 4821 τῆς
780 4755 1019 4825 πλευρᾶς
1057 4759 1222 4812 αὑτοῦ
1253 4761 1519 4833 ἔρρευσαν
1541 4781 1554 4794 ·
1583 4760 1664 4829 οἷς
1710 4767 1766 4820 δὲ

193 4834 295 4892 οἶδε
323 4840 520 4910 λόγοις,
563 4846 795 4913 ἐφύλαξε
842 4850 999 4904 τοῦτο
1027 4851 1088 4904 τὸ
1125 4853 1314 4925 μόριον
1365 4857 1629 4922 ἀϐλαϐές·
1672 4861 1767 4913 καὶ

197 4934 327 5004 μετά
351 4933 450 5006 τὴν
498 4937 794 4993 ἀνάστασιν
841 4943 1248 5014 ἀναλαϐόμενος
1291 4947 1481 5014 τοῦτο,
1518 4952 1762 5023 ἠγέρθη,

194 5023 277 5078 ἵνα
316 5027 407 5079 καὶ
445 5031 584 5083 κατά
613 5031 772 5085 τοῦτο
819 5035 1120 5101 ἀνελλιπῶς
1157 5037 1298 5108 ἔχων
1354 5041 1551 5113 εὑρεθῇ
1577 5059 1591 5074 ·
1640 5045 1764 5098 ἐπεὶ

195 5114 284 5168 καὶ
307 5119 466 5188 ἡμεῖς
489 5120 696 5175 τέλειον
716 5123 775 5176 τὸ
798 5125 1070 5196 ἡμέτερον
1095 5129 1255 5198 σῶμα
1283 5131 1340 5185 ἐν
1369 5134 1434 5202 τῇ
1468 5134 1762 5190 ἀναστάσει
1812 5122 1815 5124 ’

193 5208 595 5283 ἀποληψόμεθα.
649 5217 963 5286 Σημείωσαι
994 5220 1051 5272 δὲ
1081 5223 1162 5276 ὅτι
1191 5223 1289 5293 οὐχ
1326 5226 1443 5295 ἅμα
1476 5227 1556 5297 τῷ
1589 5230 1764 5282 εἰπεῖν

191 5303 277 5355 τὸν
301 5305 545 5373 ἄγγελον,
571 5308 701 5362 Ἰδοὺ
731 5311 972 5384 συλλήῷῃ
997 5315 1131 5380 υίὸν,
1157 5319 1464 5390 συνελήφθη
1489 5321 1517 5372 6
1536 5321 1760 5392 Κύριος,

193 5395 492 5485 ἀλλὰᾼμετά
521 5399 699 5485 ,ταῦτα
734 5405 824 5456 ὅτε
875 5406 1141 5476 ἠθέλησεν
1166 5425 1177 5438 ·
1235 5412 1335 5480 ὓρα
1364 5412 1472 5480 γὰρ
1516 5416 1566 5467 τί
1614 5417 1761 5485 λέγει

195 5481 436 5572 ενταῦθα,
471 5484 542 5537 Τὸ
579 5488 774 5558 κληθὲν
805 5492 910 5546 ὑπὸ
957 5494 1046 5547 τοῦ
1078 5497 1314 5565 ἀγγέλου
1356 5503 1460 5572 πρὸ
1498 5504 1593 5557 τοῦ
1636 5481 1762 5559 συλ-

195 5571 457 5670 ληφθῆναι
485 5581 648 5632 αύτὸν
678 5584 735 5636 ἐν
774 5587 840 5654 τῇ
875 5588 1082 5658 κοιλίᾳ·
1125 5592 1217 5642 καὶ
1249 5593 1343 5644 ἀπ’
1377 5571 1546 5664 αὐτῆς
1576 5598 1632 5670 δὲ
1662 5600 1760 5670 τῆς

195 5665 401 5731 λέξεως,
433 5670 707 5727 δείκνυται
755 5677 942 5731 τοῦτο·
984 5680 1045 5730 οὐ
1086 5683 1193 5752 γὰρ
1223 5680 1398 5746 εἶπεν,
1464 5665 1760 5744 Ἰδοίίσυλ-

197 5757 498 5825 λαμϐάνεις·
523 5761 659 5828 ἀλλ’,
694 5765 827 5818 Ἰδοὺ
855 5766 1120 5840 συλλήψῃ.
1144 5772 1304 5825 Ὥστε
1328 5778 1389 5828 ἐκ
1411 5777 1614 5830 τούτων
1643 5781 1758 5834 ἔστι

198 5852 624 5920 σιλλογίσασθαι,
658 5859 737 5912 ὅτι
769 5864 834 5925 τῆ
864 5859 982 5926 ὥρα
1013 5865 1112 5925 μὲν
1154 5868 1337 5932 ἐκείνη
1391 5873 1694 5929 συνελήφθη
1731 5879 1757 5930 ὀ

1873 4676 2100 4731 utilitas.
2133 4672 2247 4729 Dici
2282 4682 2467 4727 autem
2499 4677 2684 4740 posset
2717 4669 2862 4739 quod
2892 4665 3113 4738 quando
3145 4679 3206 4720 ea
3243 4665 3462 4720 absecta

1872 4779 2073 4822 terram
2097 4764 2293 4835 tetigit,
2319 4763 2465 4818 illam
2488 4776 2707 4832 quoque
2729 4759 3110 4826 sanctiﬁcarit,
3135 4756 3270 4811 sicut
3294 4753 3460 4809 etiam

1869 4860 2089 4929 sanguis
2121 4866 2174 4913 et
2209 4871 2347 4928 aqua
2378 4871 2500 4926 qua:
2529 4869 2596 4910 ex
2631 4852 2938 4920 latcre~cjus
2969 4850 3260 4906 ﬂuxerunt:
3296 4845 3365 4902 Et
3389 4847 3464 4900 vi-

1868 4956 2027 5008 detur
2068 4952 2213 5022 qugd
2253 4950 2486 5005 servaril.
2517 4946 2841 5018 particulam
2891 4944 3139 5009 illaesam,
3174 4950 3228 4996 et
3274 4941 3324 4994 in
3373 4953 3461 4995 re-

1867 5047 2207 5101 surrectione
2238 5046 2432 5100 iterum
2466 5039 2846 5110 resnmpserit,
2879 5048 3015 5092 utet
3044 5037 3160 5092 haec
3191 5034 3456 5103 particula

1867 5153 1972 5192 non
1996 5137 2306 5191 inveniatur
2325 5135 2536 5191 deesse.
2557 5134 2764 5203 Quippe
2783 5143 2836 5187 ct
2857 5147 2956 5188 nos
2974 5131 3026 5184 in
3055 5129 3458 5184 resurrectione

1867 5229 2168 5301 perlectum
2202 5243 2401 5298 corpus
2423 5227 2755 5296 resumpturi
2781 5240 2989 5280 sumus.
3010 5222 3252 5277 Observa
3274 5230 3456 5276 autem

1865 5327 2010 5394 quod
2049 5339 2153 5378 non
2187 5324 2371 5377 statim
2408 5333 2467 5376 ut
2499 5320 2637 5375 dixit
2694 5319 2939 5388 angelus,
3000 5318 3140 5372 Ecce
3183 5317 3456 5390 concipies

1864 5415 2082 5478 Filium,
2114 5423 2409 5482 conceptus
2439 5420 2523 5466 est
2557 5410 2838 5471 Dominus,
2872 5408 2967 5462 sed
3002 5416 3213 5476 postea,
3238 5406 3454 5476 quando

1865 5507 2049 5562 voluit.
2080 5505 2213 5560 Vide
2232 5507 2376 5560 enim
2408 5505 2538 5573 quid
2563 5504 2699 5557 dicat
2733 5505 2833 5556 hoc
2861 5498 3173 5568 loco.Q.tod
3205 5510 3452 5555 vocatum

1863 5611 1945 5655 est
1975 5601 2043 5655 ab
2068 5599 2261 5670 angelo
2308 5599 2620 5667 priusquam
2660 5596 3042 5665 conciperetur
3072 5596 3126 5650 in
3162 5605 3365 5650 utero.,
3393 5594 3454 5647 Et

1863 5693 1965 5747 hoc
1998 5692 2166 5747 verbo
2201 5690 2510 5745 ostenditur
2557 5690 2608 5744 id
2659 5691 2799 5758 quod
2848 5689 3106 5742 diximus.
3153 5685 3270 5741 Non
3307 5687 3450 5740 enim

1862 5783 2019 5846 dixit,
2086 5783 2224 5837 Ecce
2260 5781 2518 5851 concipis,
2578 5782 2693 5845 scd,
2754 5780 2894 5835 Ecce
2941 5779 3237 5848 concipias.
3281 5779 3452 5845 Alqtt-t

1863 5891 1927 5930 cx
1965 5875 2047 5931 bis
2079 5873 2515 5927 animadvertere
2551 5871 2696 5927 licet.
2749 5871 2892 5934 quod
2928 5868 3060 5923 liora
3100 5865 3322 5936 quidem
3363 5865 3446 5918 illa
