4108 6334
673 376 775 437 79.7

1579 366 2159 432 THEOPHYLACTI
2199 361 2615 429 BULGABI/E
2647 359 3001 423 ARCHIEP.

3819 342 3918 409 7%

676 502 967 561 conceptus
999 492 1160 546 fuerit
1188 490 1445 545 Dominus
1471 509 1484 543 :
1514 505 1617 544 non
1644 498 1822 544 autem
1847 489 1943 544 illo
1969 495 2226 542 momeutt

2350 484 2574 551 Κύριος,
2604 482 2667 536 οὐ
2703 481 2810 552 μὴν
2844 480 2979 549 αὐτῇ
3003 476 3068 546 τῇ
3103 475 3306 543 στιγμῇ
3337 469 3460 524 καθ’
3494 469 3563 539 ἢν
3655 460 3915 561 ’δγγιλος

677 599 785 652 quo
814 582 1032 653 angelus
1060 582 1226 647 dixit;
1261 584 1353 637 sed
1384 584 1523 636 forte
1554 588 1904 650 posteaquam
1949 577 2244 642 camplevit

674 688 970 728 sermones.
988 673 1156 744 288
1171 672 1293 727 Haec
1310 682 1486 727 autem
1508 686 1611 726 non
1629 671 1927 726 dixerimus
1942 667 2237 725 delinitive.

676 764 880 833 impleti
915 774 1094 819 autem
1125 774 1250 819 sunt
1282 764 1393 818 dies
1426 763 1765 834 purgationis
1797 763 2008 817 illorum
2042 775 2239 815 secun-

673 855 799 906 dum
860 854 1026 923 legem
1081 854 1234 907 MOsi.
1292 855 1435 909 Bene
1506 854 1644 909 dixit
1716 855 2011 909 secundum
2068 853 2237 920 legem

677 942 804 996 Mosi
838 943 882 974 "
909 960 923 997 ε
950 958 1069 997 nam
1106 944 1403 998 secundum
1435 946 1716 999 veritatem
1743 945 1887 998 nulla
1921 943 2241 997 necessitate

679 1034 838 1102 Virgo
858 1036 1272 1106 astringebatur
1312 1048 1627 1105 exspectare
1660 1037 1777 1091 dies
1815 1035 2235 1104 puriﬁcationis,

671 1124 762 1191 qui
793 1136 918 1179 sunt
942 1128 1321 1197 quadraginta,
1360 1137 1485 1181 nato
1513 1144 1679 1181 mare.
1728 1127 1938 1181 Dictum
1962 1126 2106 1181 enim
2155 1135 2240 1197 est

672 1215 725 1267 in
756 1214 893 1282 lege,
926 1216 1112 1270 Mulier
1141 1233 1259 1285 quae
1284 1230 1537 1286 suscepto
1570 1221 1779 1273 semine
1806 1220 2154 1287 conceperit,
2186 1226 2238 1272 et

674 1305 940 1373 pepererit
982 1309 1299 1361 masculum.
1339 1308 1503 1379 Virgo
1534 1320 1713 1363 autem
1758 1325 1864 1363 non
1898 1310 2143 1379 concepit
2174 1310 2239 1364 de

672 1396 907 1459 semine,
958 1401 1047 1452 sed
1089 1416 1153 1453 ex
1186 1401 1387 1468 Spiritu
1419 1412 1603 1456 sancto
1632 1403 1835 1471 peperit
1877 1421 1889 1457 :
1921 1404 2062 1455 unde
2096 1401 2237 1455 nulla

672 1486 812 1539 illam
840 1490 1134 1543 necessitas
1164 1492 1423 1560 urgebat;
1450 1494 1542 1545 sed
1576 1494 1759 1548 volens
1791 1494 2013 1563 implere
2042 1493 2231 1561 legem,

670 1580 815 1632 venit
852 1580 904 1632 in
946 1583 1439 1651 templum..Quare
1468 1595 1645 1638 autem
1678 1586 1731 1639 in
1765 1585 2001 1638 masculo
2032 1592 2235 1651 septem

669 1673 805 1736 dies,
858 1673 909 1725 in
962 1676 1186 1729 muliere
1237 1690 1365 1729 vero
1402 1678 1483 1731 bis
1534 1678 1793 1732 totidem?
1843 1676 2025 1733 Mulier
2068 1678 2233 1741 enim,

671 1764 861 1830 inquit,
902 1765 945 1818 si
972 1777 1224 1834 suscepto
1253 1768 1457 1822 semine
1485 1772 1784 1823 masculum
1814 1770 2101 1837 pepererit,
2133 1770 2231 1821 im—
2264 1784 2311 1841 Β

670 1854 865 1908 munda
915 1858 1018 1910 erit
1060 1868 1264 1927 septem
1309 1861 1495 1914 diebus
1536 1878 1550 1913 :
1597 1862 1676 1914 siti
1720 1871 1899 1915 autem
1947 1862 2231 1924 feminam,

668 1945 943 2001 immunda
980 1950 1084 2003 erit
1125 1951 1333 2004 duabus
1382 1952 1827 2007 hebdomadibus.
1870 1952 2136 2019 Quoniam
2172 1967 2231 2006 ea

666 2050 784 2101 qua:
806 2038 1074 2106 pepererit
1105 2039 1248 2107 quod
1274 2041 1571 2094 masculum
1606 2053 1712 2105 est,
1750 2040 2041 2096 secundum
2064 2044 2232 2096 Adam

666 2130 718 2182 in
747 2130 1001 2184 mundum
1053 2131 1279 2186 induxit.
1338 2134 1466 2201 ριιῖρ
1495 2149 1620 2187 vero
1654 2136 1794 2203 quod
1826 2134 2108 2199 muliebre,
2145 2147 2232 2188 se-

662 2220 889 2272 cundam
923 2219 1085 2274 Evam
1128 2224 1425 2292 pepererit,
1468 2240 1563 2279 vas
1604 2234 1759 2292 putre
1795 2233 1850 2278 et
1888 2224 2085 2288 debile,
2119 2240 2218 2277 am-

664 2310 883 2375 phoram
920 2313 1228 2377 contritam,
1282 2315 1530 2369 baculum
1568 2314 1924 2386 deceptionis,
1964 2315 2228 2369 inductri-

661 2416 778 2455 rem
824 2402 1218 2458 inobedientiae.
1273 2405 1425 2469 Quod
1473 2414 1652 2458 autem
1707 2405 1868 2470 dicit,
1920 2404 2088 2458 Omne
2136 2407 2230 2458 ad-

658 2494 906 2562 aperiens
972 2496 1185 2549 vulvam
1260 2505 1505 2551 sanetum
1561 2496 1789 2552 Domino
1836 2514 1850 2551 :
1900 2499 2115 2565 proprie
2163 2500 2228 2553 ad

660 2584 937 2639 Christum
971 2587 1144 2640 solum
1176 2589 1429 2656 pertinet.
1476 2587 1593 2657 Ipse
1617 2590 1992 2657 enimaperuit
2019 2588 2225 2642 vulvam

664 2675 935 2745 Virginis,
978 2692 1100 2732 cum
1149 2678 1269 2732 aliis
1318 2679 1399 2731 vir
1441 2680 1651 2747 aperiat
1698 2678 1925 2732 vulvam.
1961 2678 2228 2733 Caeterum

658 2776 757 2827 par
788 2770 1058 2817 turturum
1104 2763 1284 2818 oﬂ‘erri
1322 2764 1485 2832 jussit
1518 2768 1601 2819 lex
1622 2806 1635 2828 ,
1667 2766 1957 2820 ostendens
1992 2769 2129 2835 quod
2162 2782 2228 2821 ex

659 2863 811 2909 casto
830 2856 1078 2924 conjugio
1103 2867 1423 2924 procreatus
1448 2858 1539 2911 sit.
1570 2857 1764 2911 Dicunt
1792 2859 1934 2912 enim
1964 2869 2225 2914 turturem

657 2960 775 3000 esse
800 2956 1005 3000 castum
1033 2947 1254 3014 animal,
1310 2962 1537 3017 cumque
1565 2947 1847 3018 coniugem
1875 2951 2093 3013 amittit,
2119 2964 2224 3004 non

654 3039 897 3091 secundo
942 3052 999 3092 se
1034 3038 1267 3106 copulet.
1302 3040 1433 3093 Cum
1463 3051 1639 3094 autem
1675 3055 1780 3094 non
1821 3041 2082 3095 haberent
2116 3051 2228 3095 tur-

2344 576 2545 643 ἔλεγεν,
2590 574 2725 628 ἀλλὰ
2774 571 2964 641 τυχὸν,
3013 569 3101 621 ὅτε
3170 565 3482 619 συνετέλεσε
3534 558 3665 620 τοὺς
3708 556 3909 621 λόγους.

2345 667 2529 722 Ταῦτα
2557 666 2612 720 δὲ
2647 666 2707 718 οὐ
2748 661 3096 733 δογματικῶς
3136 660 3389 727 λέγομεν.
3446 650 3827 722 Ἑπλήσθησαν
3858 648 3910 699 δὲ

2344 760 2401 813 αἱ
2444 759 2647 829 ἡμέραι
2700 754 2793 809 τοῦ
2844 751 3186 823 καθαρισμοῦ
3233 747 3413 802 αὐτῶν
3450 746 3594 798 κατὰ
3631 744 3725 795 τὸν
3757 741 3909 809 νόμον

2344 849 2601 911 Μωσέως.
2636 830 2833 908 Καλῶς
2862 840 2983 897 εἷπε
3009 841 3149 897 κατά
3171 841 3262 892 τὸν
3284 838 3448 907 νόμον
3477 834 3745 897 Μωσέως·
3779 832 3906 884 κατὰ

2342 940 2449 1009 γὰρ
2495 939 2592 1006 τὴν
2640 936 2919 1007 ἀλήθειαν,
2954 933 3053 987 οὐκ
3095 928 3239 1001 εἶχεν
3288 927 3600 995 ἀνάγκηνὴ
3646 923 3909 992 Παρθένος

2343 1030 2653 1101 περιμένειν
2703 1028 2801 1090 τὰς
2845 1026 3060 1096 ἡμέρας
3132 1022 3223 1074 τοῦ
3286 1016 3661 1086 καθαρισμοῦ,
3716 1016 3908 1077 αἵτινες

2341 1114 2479 1187 ἦσαν
2521 1116 2957 1187 τεσσαράκοντα,
2996 1114 3089 1166 ἐπὶ
3140 1113 3328 1181 ἄρσενι
3370 1106 3640 1175 τεχθέντι.
3691 1106 3909 1172 Εἴρηται

2342 1213 2448 1279 γὰρ
2480 1212 2536 1261 ὲν
2570 1208 2646 1277 τῷ
2689 1207 2866 1276 νόμῳξ·
2895 1204 3036 1275 Γυνὴ
3080 1205 3201 1273 ἥτις
3238 1202 3333 1253 ἐὰν
3381 1197 3791 1266 σπερματισθῇ,
3826 1194 3911 1246 καὶ

2340 1302 2472 1369 τέκῃ
2522 1300 2716 1368 ἄρσεν’
2765 1300 2797 1367 ἡ
2849 1296 2905 1348 δὲ
2978 1294 3251 1364 Παρθένος
3306 1292 3406 1343 οὒκ
3462 1285 3908 1355 ἐσπερματίσθη,

2340 1390 2453 1445 ἀλλ’
2489 1380 2552 1442 ἐκ
2601 1388 2917 1457 Πνεύματος
2968 1385 3123 1453 ἁγίου
3169 1383 3353 1438 ἔτεκεν
3430 1380 3571 1431 ὥστε
3621 1378 3724 1429 οὐκ
3772 1373 3909 1435 εἶχεν

2340 1484 2607 1552 ἀνᾶιγκην,
2635 1481 2769 1533 ἀλλὰ
2792 1477 3189 1550 πληρῶσαι¹τδν
3212 1475 3372 1543 νόμον
3403 1472 3658 1529 θέλουσα,
3691 1468 3911 1538 ἀνῆλθεν

2339 1576 2417 1637 εἰς
2450 1573 2508 1626 τὸ
2546 1574 2710 1636 ἱερόν.
2750 1570 2848 1623 Διά
2878 1569 3008 1622 τίδὲ
3041 1552 3133 1620 ὲπῗ
3166 1570 3264 1636 μὲν
3292 1563 3480 1634 ἄρσενι
3520 1562 3661 1613 ἑπτὰ
3691 1560 3912 1629 ἡμέραι,

2339 1665 2429 1716 ἐπὶ
2453 1664 2508 1717 δὲ
2542 1663 2728 1733 θηλείᾳ
2758 1661 2969 1727 Statili;
2999 1659 3139 1728 Γυνὴ
3170 1658 3300 1728 γάρ,
3326 1655 3515 1726 φησιν,
3544 1652 3642 1703 ἐὰν
3674 1667 3915 1720 σπέρμα-

2338 1756 2513 1827 τισθῇ.
2563 1758 2653 1809 καὶ
2697 1756 2834 1826 τέκῃ
2883 1752 3073 1822 ἄρσεν,
3124 1750 3264 1803 ἑπτὰ
3316 1748 3527 1818 ἡμέρας
3602 1744 3914 1812 ἀκάθαρτος

2339 1851 2509 1904 ἔσται·
2543 1849 2637 1901 ἐὰν
2664 1848 2720 1899 δὲ
2751 1846 2906 1917 θῆλυ,
2932 1844 3014 1908 δὶς
3042 1842 3199 1910 ἑπτά.
3240 1838 3462 1909 Ἐπειδὴ
3492 1840 3524 1907 ἡ
3552 1838 3654 1908 μὲν
3682 1832 3913 1889 τεκοῦσα

2337 1944 2397 1996 τὸ
2421 1944 2616 2013 ἄρσεν,
2646 1940 2899 2010 δεύτερον
2935 1937 3106 2006 Ἀδὰμ
3132 1938 3209 1998 εἰς
3240 1933 3331 1985 τὸν
3365 1935 3569 2000 κόσμον
3598 1930 3910 1998 εἰσήγαγεν·

2339 2038 2369 2103 ἡ
2430 2036 2486 2088 δὲ
2548 2034 2605 2087 τὸ
2654 2032 2821 2101 θῆλυ,
2857 2028 3117 2097 δευτέραν
3153 2025 3296 2079 Εὔαν
3348 2024 3555 2087 ἔτεκεν,
3608 2027 3670 2073 τὸ
3720 2019 3912 2088 σαθρὸν

2338 2128 2553 2189 σκεῦος,
2583 2126 2646 2177 τὸ
2681 2122 2906 2182 ἀσθενὲς
2942 2120 3183 2187 ἀγγεῖον,
3221 2119 3280 2170 τὸ
3318 2113 3792 2185 συντετριμμένον
3823 2127 3913 2163 κε-

2338 2214 2553 2287 ράμιον,
2581 2216 2677 2287 τὴν
2707 2212 3009 2284 βακτηρίαν
3039 2213 3136 2279 τῆς
3167 2209 3407 2278 ἀπάτης,
3438 2206 3539 2276 τὴν
3570 2204 3913 2277 χειραγωγὸν

2334 2310 2432 2376 τῆς
2465 2307 2775 2379 παρακοῆς.
2824 2306 2929 2361 Τοῦ
2962 2304 3016 2357 δὲ
3054 2304 3218 2372 νόμου
3251 2301 3525 2367 λέγοντος·
3573 2300 3693 2351 Πᾶν
3740 2298 3914 2363 τὸλι-

2335 2405 2549 2470 ανοῖγον
2576 2403 2809 2472 μήτραν,
2839 2401 2993 2467 ἅγιον
3016 2398 3094 2468 τῷ
3122 2395 3309 2467 Κυρίῳ
3328 2436 3344 2461 ,
3373 2398 3449 2457 είς
3481 2393 3725 2463 Χριστὸν
3756 2392 3913 2463 μόνον

2334 2496 2537 2564 κυρίως
2568 2492 2727 2563 ἐξέϐη
2753 2492 2938 2545 τοῦτο·
2972 2491 3132 2553 αὐτὸς
3160 2490 3268 2558 γὰρ
3295 2486 3525 2557 διήνοιξε
3559 2486 3660 2555 τὴν
3698 2486 3913 2555 μήτραν

2330 2588 2427 2654 τῆς
2461 2584 2762 2652 Παρθένου,
2790 2581 2916 2634 ἐπεὶ
2945 2583 3064 2643 ταῖς
3093 2596 3156 2648 γε
3180 2578 3364 2639 ἄλλαις
3392 2576 3691 2647 μητράσιν,
3716 2577 3743 2625 ὁ
3775 2578 3909 2643 ἀνὴρ

2331 2676 2592 2745 διανοίγει
2638 2674 3017 2746 τὴν“μήτραν.
3071 2672 3268 2740 Ζεῦγος
3316 2670 3372 2722 δὲ
3402 2670 3682 2741 τρυγόνων
3741 2683 3907 2737 προσ⁹

2332 2770 2522 2840 φέρειν
2553 2767 2833 2820 ἐκέλευσεν
2856 2768 2884 2818 ὁ
2904 2769 3067 2834 νόμος
3082 2803 3096 2826 ,
3116 2762 3374 2815 δεικνύων
3399 2762 3479 2813 ὅτι
3500 2760 3607 2813 ἀπὸ
3628 2763 3905 2829 σώφρονος

2332 2860 2591 2926 συζυγίας
2619 2860 2651 2927 ὴ
2682 2855 3023 2909 παιδοποιία-
3056 2854 3188 2923 φασὶ
3219 2854 3328 2921 γὰρ
3353 2851 3451 2921 τὴν
3481 2851 3753 2919 τρυγόνι,
3797 2851 3903 2902 σῶ-

2329 2967 2463 3021 φρον
2483 2945 2622 3002 εἶναι
2650 2947 2787 3013 ζῶον
2808 2987 2823 3012 ,
2851 2947 2991 2999 ὥστε
3014 2946 3109 2997 καὶ
3129 2942 3507 2996 ἀποϐαλοῦσαν
3530 2943 3623 2995 τὸν
3650 2942 3904 3009 σύζυγον,

2332 3044 2407 3113 μὴ
2441 3042 2895 3111 δευτερογαμεϊν·
2938 3040 2985 3091 εί
3013 3038 3070 3091 δὲ
3111 3038 3185 3108 μὴ
3214 3032 3360 3107 εἶχον
3391 3038 3661 3107 τρυγόνας
3683 3077 3697 3099 ,
3736 3053 3902 3106 προσ-

659 3140 828 3193 tures,
854 3129 1155 3185 ollcrebant
1179 3136 1311 3187 ducs
1345 3131 1516 3201 pullos
1539 3134 1932 3200 columbarum.
1961 3143 2018 3190 ut
2042 3135 2222 3188 multi-

2332 3136 2527 3205 ἑφερον
2554 3133 2648 3187 δύο
2682 3132 2930 3192 νεοσσοὺς
2958 3130 3315 3200 περιστερῶν,
3350 3130 3436 3181 ἵνα
3470 3131 3562 3181 ἐπὶ
3608 3130 3903 3198 πυλυτοκὶα

656 3219 873 3286 plicatio
918 3221 1087 3290 prolis
1138 3223 1291 3276 ﬁeret
1342 3222 1450 3277 vita
1510 3223 1663 3295 pueri
1711 3223 1888 3280 illius:
1941 3225 2227 3281 fecundum

656 3311 799 3366 enim
828 3312 1026 3366 animal
1055 3312 1323 3369 columba.

729 3401 895 3458 Vens.
930 3402 1127 3458 25-32.
1163 3421 1180 3453 ι
1228 3404 1293 3464 Et
1317 3418 1446 3460 ecce
1489 3409 1651 3461 homo
1683 3422 1804 3461 erat
1838 3406 2227 3479 Hierosolymis

656 3495 743 3549 cui
784 3509 977 3570 nomen
1025 3494 1270 3559 Simeon,
1315 3505 1368 3551 et
1400 3497 1561 3553 homo
1610 3499 1711 3554 iste
1737 3500 1922 3567 justus
1964 3516 2027 3556 ac
2071 3500 2224 3570 pius,

655 3584 1422 3652 exspectansconsolationem
1458 3586 1646 3654 l’srael,
1674 3598 1725 3644 et
1752 3589 1985 3659 Spiritus
2009 3600 2227 3646 sanctus

655 3684 772 3728 erat
804 3688 964 3743 super
990 3691 1112 3730 eum
1144 3693 1160 3729 :
1192 3686 1248 3731 et
1280 3693 1600 3735 resnonsum
1644 3691 1929 3748 acceperat
1961 3696 1989 3734 a
2023 3679 2223 3751 Spiritu

654 3773 871 3830 sancto,
905 3780 1009 3821 non
1041 3767 1286 3823 visurum
1319 3782 1379 3823 se
1413 3778 1665 3837 mortem,
1701 3772 1807 3825 nisi
1843 3772 1992 3839 prius
2024 3772 2228 3828 videret

653 3856 929 3911 Christum
953 3856 1185 3913 Domini.
1211 3858 1445 3915 Etveuit
1468 3875 1562 3929 per
1584 3860 1844 3931 Spiritum
1866 3862 1921 3917 in
1946 3865 2219 3933 templum.

654 3947 722 3999 Et
749 3962 871 4001 cum
904 3948 1221 4005 inducerent
1253 3966 1476 4021 puerum
1502 3950 1685 4007 Iesum
1708 3964 1960 4023 parentes
1991 3966 2049 4011 ut
2076 3954 2222 4014 lace-

657 4047 777 4094 rent
815 4044 1115 4096 secundum
1166 4044 1615 4100 consuetudinem
1676 4046 1808 4117 legis
1840 4062 1936 4117 pro
1984 4063 2070 4115 eo,
2108 4050 2223 4119 ipse

651 4144 865 4199 quoque
915 4133 1125 4200 accepit
1164 4148 1289 4186 eum
1338 4137 1388 4187 in
1439 4134 1592 4189 ulnas
1640 4152 1799 4203 suas,
1854 4148 1908 4191 et
1943 4138 2222 4195 benedixit

651 4219 844 4284 Deum,
876 4234 939 4275 ac
970 4223 1107 4275 dixit
1140 4241 1153 4275 :
1200 4216 1353 4276 Nune
1386 4223 1619 4279 absolvis
1649 4241 1866 4281 servum
1905 4237 2077 4293 tuum,
2114 4230 2222 4283 Do-

653 4310 815 4375 mine,
850 4312 1143 4367 secundum
1175 4315 1393 4369 verbum
1424 4323 1595 4382 tuum,
1629 4318 1679 4371 in
1714 4333 1845 4387 pace
1876 4336 1890 4372 :
1918 4320 2041 4390 quia
2072 4321 2222 4379 vide-

649 4409 775 4453 runt
814 4402 958 4456 oeuli
995 4404 1099 4457 mei
1146 4404 1383 4459 salutare
1416 4412 1599 4471 tuum,
1649 4409 1793 4477 quod
1844 4410 2045 4479 parasti
2090 4420 2217 4467 ante

648 4490 839 4545 faciem
864 4492 1107 4546 omnium
1136 4493 1450 4562 populorum
1482 4496 1697 4551 :lumeu
1740 4498 1806 4552 ad
1832 4499 2215 4558 revelationem

648 4582 908 4647 gentium,
940 4592 995 4636 et
1025 4583 1249 4652 gloriam
1296 4585 1468 4653 plebis
1515 4596 1617 4641 tuae
1664 4588 1849 4645 Israel.
1904 4608 1923 4641 ι
1952 4589 2067 4646 Νοιι
2102 4603 2219 4648 erat

649 4670 866 4727 Simeon
894 4675 1167 4738 sacerdos,
1198 4676 1292 4730 sed
1323 4675 1483 4732 homo
1508 4677 1675 4733 Deum
1708 4695 1916 4747 amans,
1945 4691 1998 4736 et
2024 4698 2217 4753 exspe-

646 4774 799 4819 ctans
819 4765 1035 4834 quando
1063 4768 1242 4821 veniat
1265 4767 1513 4824 Christus
1537 4772 1917 4833 consolaturus
1940 4773 2213 4843 Hebraeos,

644 4862 700 4905 et
728 4853 1059 4909 liberaturus
1091 4856 1121 4909 a
1151 4857 1412 4911 servitute
1451 4862 1695 4928 peccati,
1742 4861 1884 4917 forte
1916 4870 1970 4917 et
2014 4878 2075 4920 ea
2106 4878 2211 4933 qua

643 4941 906 4999 Romanis
948 4954 1004 5000 et
1052 4946 1246 5000 Herodi
1299 4950 1631 5005 serviebant.
1678 4950 1813 5006 Nam
1862 4954 1951 5023 qui
1994 4954 2211 5010 Christo

646 5034 850 5098 credit,
881 5035 1017 5089 liber
1049 5049 1131 5091 est
1160 5054 1379 5106 revera,
1415 5051 1469 5095 et
1501 5043 1802 5098 honoratur
1835 5061 1864 5099 a
1904 5047 2117 5116 regibus
2147 5062 2211 5101 ac

651 5126 955 5183 hominibus
999 5129 1272 5185 Omnibus.
1318 5131 1452 5188 Vide
1494 5137 1805 5205 apostolos,
1845 5153 1947 5191 non
1994 5138 2213 5194 fuerunt

648 5218 790 5271 servi
822 5217 1226 5275 Romanorum?
1252 5224 1347 5277 sed
1378 5240 1518 5280 nunc
1542 5237 1868 5281 venerantur
1893 5243 1998 5306 eos
2015 5229 2211 5283 Roma-

646 5322 837 5361 norum
885 5325 1057 5380 reges.
1116 5312 1303 5385 Itaque
1365 5316 1462 5371 hos
1512 5333 1631 5372 cum
1681 5330 1862 5374 essent
1913 5320 2204 5389 lsraelitm,

643 5400 957 5456 consolatus
988 5412 1069 5457 est
1111 5404 1380 5463 Christus.
1414 5409 1581 5464 Porro
1612 5411 1696 5467 hic
1731 5410 1949 5467 Simeon
2002 5412 2205 5481 Spiritu

645 5502 834 5546 sancto
875 5508 1054 5551 motus
1089 5501 1327 5556 ascendit
1361 5503 1411 5556 iit
1447 5504 1703 5573 templum
1734 5506 1950 5574 quando
1985 5508 2206 5563 adduxit

649 5584 925 5640 hominum
964 5588 1155 5657 Mater,
1188 5604 1240 5647 et
1268 5608 1518 5666 suscepto
1560 5597 1682 5665 illo,
1729 5598 1893 5656 Deum
1927 5602 2204 5659 confessus

722 5762 758 5792 ⁵⁸
790 5764 956 5823 Levit.
997 5786 1091 5828 xu.
1122 5770 1173 5829 3,
1224 5772 1266 5825 ξ.

2331 3227 2555 3297 γένηται
2578 3228 2611 3295 ἡ
2642 3224 2755 3294 ζωὴ
2788 3223 2881 3277 τοῦ
2906 3222 3093 3285 παιδὸς
3128 3222 3336 3274 ἐκείνου
3356 3239 3368 3252 ·
3407 3222 3439 3291 ἡ
3466 3221 3573 3293 γὰρ
3606 3224 3904 3291 περιστερὰ

2330 3318 2624 3372 πολύτοκον
2649 3316 2807 3380 ζῶον.

2404 3429 2423 3462 ι
2454 3410 2566 3465 Καὶ
2595 3409 2704 3463 ἰδοὺ
2726 3402 2795 3478 ἦν
2822 3406 3108 3477 ἄνθρωπος
3138 3408 3195 3460 ἐν
3234 3406 3591 3477 Ἰερουσαλὴμ
3612 3447 3628 3471 ,
3659 3401 3704 3473 ᾦ
3735 3408 3903 3475 ὄνομα

2330 3499 2582 3571 Δυμιών·
2608 3500 2704 3553 καὶ
2727 3500 2757 3553 ὀ
2776 3497 2871 3552 ἄνθ
2880 3513 3062 3568 ρωπος
3082 3488 3259 3565 οὗτος,
3282 3498 3493 3562 δίκαιος
3523 3498 3619 3553 καὶ
3648 3498 3900 3570 εὐλαϐὴς,

2329 3591 2758 3663 προσδεχόμενος
2783 3588 3130 3661 παράκλησιν
3159 3588 3255 3642 τοῦ
3289 3591 3524 3663 ’ῐσραήλ-
3558 3590 3657 3643 καὶ
3682 3590 3900 3662 Πνεῦμα

2329 3684 2481 3753 ἆγιον
2511 3678 2578 3755 ἦν
2612 3682 2698 3736 ἐπ’
2746 3682 2931 3746 αὑτὸν,
2982 3681 3077 3736 καὶ
3108 3677 3177 3752 ἧν
3211 3682 3358 3752 αὐτῷ
3389 3684 3902 3753 κεχρηματισμένον

2329 3776 2433 3829 ὑπὸ
2479 3773 2574 3827 τοῦ
2631 3773 2948 3843 Πνεύματος
2987 3772 3084 3827 τοῦ
3123 3774 3318 3842 ἁγίου,
3364 3775 3439 3844 μὴ
3490 3774 3623 3828 ἰδεῖν
3672 3758 3902 3830 θάνατον

2326 3864 2455 3935 πρὶν
2500 3864 2533 3934 ἢ
2576 3863 2663 3936 ῐδῃ
2691 3864 2786 3917 τὸν
2828 3862 3064 3933 Χριστὸν
3099 3862 3338 3934 Κυρίουο
3380 3864 3475 3917 καὶ
3508 3859 3677 3936 ἦλθεν
3727 3868 3787 3918 ἐν
3830 3865 3901 3935 τῷ

2324 3956 2603 4026 Πνεύματι
2638 3958 2717 4019 είς
2747 3957 2808 4008 τὸ
2849 3955 3025 4025 ἱερόν·
3071 3956 3164 4008 καὶ
3201 3956 3267 4007 ’ὲν
3309 3955 3389 4025 τῷ
3428 3958 3750 4023 εἰσαγαγεῖν
3779 3957 3901 4018 τοὺς

2324 4050 2499 4117 γονεῖς
2525 4048 2585 4101 τὸ
2612 4046 2824 4101 παιδίον
2868 4046 3077 4118 Ἰησοῦν
3096 4087 3111 4112 ,
3151 4046 3245 4100 τοῦ
3280 4050 3507 4119 ποιῆσαι
3534 4049 3738 4112 αὐτοὺς
3762 4050 3899 4103 κατὰ

2320 4139 2381 4193 τὸ
2399 4138 2709 4207 εἰθισμένον
2728 4136 2822 4190 τοῦ
2845 4138 3010 4207 νόμου
3033 4138 3163 4208 περὶ
3181 4137 3366 4204 αὑτοῦ,
3386 4138 3483 4191 καὶ
3500 4137 3668 4202 αὐτὸς
3687 4140 3899 4205 ἐδέξατο

2322 4230 2451 4284 αὐτὸ
2474 4230 2555 4292 είς
2586 4229 2685 4293 τὰς
2708 4230 2949 4295 ἀγκάλας
2978 4228 3143 4281 αὐτοῦ
3162 4244 3179 4258 ·
3210 4228 3306 4281 καὶ
3338 4229 3604 4300 εὐλόγησε
3630 4232 3725 4284 τὸν
3745 4232 3893 4296 Θεὸν,

2326 4321 2420 4373 καὶ
2451 4315 2608 4373 εἴπεο
2645 4318 2760 4373 Νῦν
2797 4320 3055 4385 ἀπολύεις
3095 4320 3186 4374 τὸν
3230 4319 3415 4374 δοῦλόν
3453 4338 3572 4384 σου,
3615 4324 3894 4387 Δέσποτα,

2322 4411 2465 4465 κατά
2492 4412 2551 4465 τὸ
2581 4412 2732 4483 ῥῆμά
2759 4428 2877 4476 σου,
2926 4413 2982 4465 ἐν
3011 4413 3203 4484 εἰρήνῃ
3224 4428 3238 4442 ·
3270 4413 3349 4465 ὅτι
3377 4406 3519 4466 εἶδον
3548 4413 3598 4467 oi
3631 4414 3895 4484 ὀφθαλμοί

2323 4521 2422 4575 μου
2455 4503 2515 4556 τὸ
2556 4503 2823 4573 σωτήριόν
2855 4519 2946 4557 σου
2974 4543 2987 4568 ,
3015 4502 3044 4555 ὃ
3091 4505 3394 4574 ἡτοίμασας
3425 4507 3566 4558 κατὰ
3603 4507 3891 4577 πρόσωπον

2321 4594 2537 4649 πάντων
2575 4594 2686 4647 τῶν
2716 4594 2891 4646 λαῶν·
2931 4595 3047 4663 φῶς
3084 4596 3162 4657 είς
3192 4595 3539 4664 ἀποκάλυψιν
3564 4596 3773 4661 ἐθνῶν.
3806 4597 3891 4651 καὶ

2322 4686 2483 4752 δόξαν
2512 4686 2644 4740 λαοῦ
2679 4702 2774 4738 σου
2818 4686 3054 4757 Ἰσραήλ.
3090 4705 3109 4737 ι
3147 4687 3258 4739 Οὐκ
3280 4682 3349 4758 ἦν
3381 4689 3562 4759 ἱερεὺς
3589 4691 3618 4742 ὁ
3645 4689 3889 4761 Συμεὼν,

2318 4774 2433 4828 ἀλλ’
2461 4775 2748 4855 ἄνθρωπος
2771 4774 3042 4847 θεοφιλὴς,
3066 4776 3163 4830 καὶ
3187 4778 3619 4849 προσδεχόμενος
3641 4781 3729 4834 δτι
3751 4782 3889 4836 ἐλεύ-

2320 4882 2471 4919 σεται
2498 4867 2527 4919 ὁ
2560 4866 2817 4937 Χριστὸς,
2850 4867 3386 4939 παραμυθησόμενος
3413 4871 3539 4932 τοὺς
3582 4869 3884 4941 Ἐϐραίους,

2320 4960 2414 5011 καὶ
2454 4958 2741 5013 ἀπολύσων
2772 4959 2870 5028 τῆς
2901 4958 3146 5021 δουλείας
3181 4958 3279 5029 τῆς
3310 4959 3415 5013 ὑπὸ
3445 4960 3545 5031 τὴν
3591 4963 3883 5035 ἁμαρτίαν,

2315 5051 2455 5119 τάχα
2487 5049 2543 5102 δὲ
2576 5050 2668 5103 καὶ
2697 5052 2797 5119 τῆς
2827 5050 2931 5102 ὑπὸ
2961 5051 3085 5114 τοὺς
3133 5050 3433 5120 Ῥωμαίους
3458 5053 3555 5106 καὶ
3582 5055 3677 5109 τὸν
3716 5057 3886 5127 Ἠρώ-

2315 5141 2446 5209 δηνο
2480 5144 2507 5195 ὁ
2530 5142 2637 5210 γὰρ
2668 5140 2745 5209 τῷ
2769 5140 2988 5211 Χριστῷ
3022 5142 3338 5207 πιστεύσας,
3366 5144 3652 5215 ἐλεύθερος
3682 5149 3761 5217 τῷ
3782 5148 3883 5201 ὄντι

2317 5234 2487 5294 ἐστὶν,
2523 5231 2628 5284 ὑπὸ
2655 5231 2917 5300 βασιλέων
2948 5232 3040 5286 καὶ
3074 5225 3293 5287 πάντων
3325 5235 3431 5287 τῶν
3471 5237 3782 5309 ἀνθρώπων
3810 5258 3884 5293 τι-

2318 5324 2587 5393 μώμενος.
2620 5325 2723 5379 Ἴδε
2737 5327 2862 5389 τοὺς
2893 5327 3245 5391 ἀποστόλους·
3277 5329 3378 5381 οὐκ
3406 5325 3547 5399 ἦσαν
3576 5329 3759 5385 δοῦλοι
3786 5331 3883 5386 τῶν

2325 5419 2610 5488 Ῥωμαίων
2639 5437 2653 5452 ο
2680 5420 2817 5475 ἀλλά
2862 5419 2957 5473 νῦν
2995 5420 3196 5490 τιμῶσι
3225 5422 3315 5474 καὶ
3357 5423 3765 5493 προσκυνοῦσιν
3792 5424 3879 5479 αὓ-

2314 5511 2439 5573 τοὺς
2471 5512 2519 5563 oi
2571 5510 2858 5580 Ῥωμαίων
2893 5512 3163 5581 βασιλεῖς·
3201 5512 3309 5565 ίδοὺ
3342 5508 3435 5567 οὖν
3462 5514 3678 5580 τούτοις
3714 5518 3879 5586 παραυ

2314 5604 2503 5673 κλησις
2540 5604 2760 5676 γίγονεν
2795 5607 2821 5658 ὁ
2847 5605 3100 5676 Χριστὸς,
3144 5606 3506 5677 Ἰσραηλίταις
3535 5604 3710 5664 οὖσιν·
3736 5606 3880 5671 οὗτος
