4108 6334
250 404 362 466 729

955 400 1401 463 ENABRATIO
1446 400 1524 460 IN
1555 396 2062 462 LVANGELIUM
2104 400 2336 462 LUCE.
2372 426 2441 437 -
2471 400 2635 462 CAP.
2682 397 2767 459 II.

3324 417 3328 422 '
3432 398 3541 464 733

252 513 355 570 οὖν
380 513 410 567 6
437 514 686 585 Συμεὼν,
733 513 1013 582 Πνεῦματι
1044 512 1185 584 ἁγίῳ
1221 512 1565 584 κινούμενος,
1612 510 1836 579 ἀνῆλθεν

1952 522 2055 569 cst.
2084 512 2273 569 Dicere
2298 515 2466 586 289
2481 516 2649 580 enim,
2687 514 2843 569 Nunc
2857 512 3092 570 absolris
3118 527 3337 570 servum
3361 518 3536 570 tuum.

253 606 339 668 εις
367 603 426 657 τὸ
461 604 628 675 ἱερὸν,
664 605 753 658 ὅτε
783 606 1027 675 ἀνήγαγε
1061 604 1154 657 τὸν
1196 606 1401 674 Κύριον
1435 606 1471 673 ή
1505 604 1711 674 μήτηρ·
1747 602 1843 658 καὶ

255 694 557 765 δεξάμενος
589 695 774 759 αὑτὸν,
811 695 945 749 Θεὸν
974 697 1249 767 ὁμολογεῖ·
1285 697 1345 751 τὸ
1394 699 1503 766 γὰρ
1539 698 1714 750 εἰπεῖν
1748 695 1843 749 νῦν

255 784 515 849 ἀπολύεις
544 803 634 856 με,
670 787 935 852 Δέσποτα,
964 788 1358 858 ὁμολογοῦντός
1403 789 1573 851 ἐστιν,
1605 789 1686 841 ὅτι
1728 787 1842 841 Κύ-

258 894 374 945 ριος
405 877 568 941 αὐτός
612 879 729 931 ἔστι
768 876 915 945 ζωῆς
945 879 1039 931 καὶ
1074 878 1329 932 θανάτου.
1375 878 1517 947 Ὅρα
1552 879 1608 931 δὲ
1643 878 1755 941 πῶς
1790 880 1841 931 οἰ

252 967 404 1035 ἆγιοι
427 1008 441 1033 ,
484 967 685 1037 δεσμὸν
718 968 1027 1037 λογίζονται
1056 969 1118 1024 τὸ
1154 969 1312 1038 σῶμα
1336 984 1347 998 ·
1400 969 1480 1022 διὸ
1524 968 1622 1023 καί¹
1652 968 1836 1037 λέγει·

252 1063 369 1116 Νῦν
401 1063 681 1129 ἀπολύεις,
717 1065 793 1129 ὡς
822 1065 929 1118 ἀπὸ
960 1066 1183 1134 δεσμοῦ·
1222 1066 1366 1119 κατὰ
1390 1065 1452 1119 τὸ
1483 1066 1635 1137 ρἦἀ
1667 1082 1760 1117 σου
1783 1065 1841 1119 δὲ

250 1150 396 1216 εἰπε,
424 1156 511 1208 διά
535 1157 626 1207 τὸν
654 1157 902 1226 χρησμὸν
935 1155 993 1207 ὃν
1026 1156 1242 1220 ἔλασεν,
1280 1158 1361 1211 ὃτι
1390 1158 1451 1209 οὐ
1484 1158 1558 1226 μὴ
1591 1138 1840 1227 ἀποθάνῃ

249 1246 356 1309 ἕως
392 1240 450 1300 οὗ
479 1246 562 1317 ἴδῃ
595 1247 687 1301 τὸν
702 1249 937 1318 Χριστόν
958 1265 970 1277 ·
999 1249 1060 1300 τὸ
1086 1248 1165 1313 δὲ,
1201 1249 1271 1302 ἐν
1302 1249 1538 1317 εἰρήνη,
1570 1248 1691 1302 ἀντὶ
1720 1248 1837 1315 τοῦ,

251 1341 311 1390 ὲν
342 1338 680 1392 ἀναπαύσει·
717 1339 822 1402 ἕως
858 1339 956 1407 μὲν
986 1340 1096 1410 γάρ
1130 1340 1194 1411 ζῇ
1227 1343 1255 1393 6
1280 1342 1588 1411 ἅνθρωπος,
1634 1342 1839 1411 ταράτο

250 1447 423 1491 τεται,
456 1431 599 1487 καθά
625 1432 721 1485 καὶ
749 1430 915 1484 Δαυῖδ
938 1431 1104 1499 λέγει·
1137 1431 1424 1485 ἀποθανὼν
1441 1422 1515 1496 δὲ,
1540 1433 1833 1504 εἰρηνεύει·

251 1524 347 1575 καὶ
376 1522 551 1587 ἄλλως
582 1524 724 1577 δὲτὸ
754 1525 810 1576 ἐν
843 1524 1039 1595 εἰρήνῃ
1072 1526 1308 1593 νοήσεις,
1348 1526 1647 1589 τουτέστιν,
1680 1527 1736 1578 ἐν
1770 1528 1835 1596 τῇ

246 1621 349 1684 της
375 1616 587 1680 ἐλπίδος
615 1616 902 1684 ἀπολήψει.
941 1618 1078 1687 [Iin
1110 1618 1207 1687 μὲν
1234 1617 1344 1686 γὰρ
1373 1618 1485 1682 ἴδω,
1534 1618 1670 1686 φησὶ
1698 1658 1711 1681 ,
1745 1617 1838 1669 τὸν

250 1705 477 1776 Κύριον,
520 1709 621 1759 οὑκ
665 1707 947 1778 εἰρήνευον
988 1709 1099 1770 τοῖς
1142 1707 1466 1777 λογισμοῖς,
1519 1708 1837 1777 προσδοκῶν

248 1797 413 1850 αὐτὸν
456 1800 549 1851 καὶ
595 1799 682 1851 ἀεὶ
730 1799 1035 1869 φροντίζων
1072 1800 1203 1853 πότε
1252 1800 1569 1853 ἐλεύσεται·
1609 1801 1705 1854 νῦν
1756 1801 1833 1865 δὴ,

252 1888 377 1939 ἰδὼν
427 1888 588 1941 αὑτὸν
629 1889 721 1942 καὶ
773 1890 1098 1960 εἰρηνεύσας
1148 1892 1241 1941 καὶ
1293 1890 1718 1961 ἀποφροντέσας,
1768 1890 1835 1941 ἵν’

246 1978 422 2041 οὕτως
450 1978 607 2041 εἴπω,
644 1979 973 2048 ἀπολύομαι·
1012 1982 1277 2050 σωτήριον
1309 1980 1363 2033 δὲ
1391 1977 1535 2044 εἶπε,
1571 1981 1670 2050 τὴν
1704 1981 1837 2049 σάρ-

248 2086 421 2123 κωσιν
468 2071 561 2123 τοῦ
612 2071 970 2137 Μονογενοῧς.
1002 2072 1069 2142 ἣν
1118 2075 1419 2142 ἡτοίμασεν
1465 2074 1493 2125 6
1544 2073 1678 2137 Θεὸς
1728 2074 1837 2141 πρὸ

248 2161 469 2214 πάντων
503 2162 613 2214 τῶν
640 2161 873 2216 αἰώνων·
900 2164 1041 2217 κατά
1071 2166 1364 2235 πρόσωπον
1397 2166 1453 2219 δὲ
1483 2166 1699 2220 πάντων
1725 2166 1836 2220 τῶν

246 2254 399 2307 λαῶν
427 2254 633 2325 ταύτην
656 2256 755 2325 τὴν
787 2258 1063 2324 σωτηρίαν
1093 2259 1414 2329 ἡτοίμασεν·
1441 2260 1531 2314 ἵνα
1554 2260 1663 2331 γὰρ
1686 2262 1834 2332 σώσῃ

244 2348 343 2401 τὸν
372 2348 601 2415 κόσμον,
640 2349 733 2401 καὶ
766 2348 851 2400 ἵνα
880 2350 1048 2402 πᾶσιν
1078 2348 1391 2421 ἑμφανισθῇ
1421 2352 1454 2419 ὴ
1497 2349 1663 2404 αὐτοῦ
1701 2350 1837 2420 σάρ-

249 2456 454 2503 κωσις,
500 2438 687 2493 τούτου
735 2439 921 2493 ἕνεκεν
969 2439 1280 2509 ὲσαρκὼθη.
1352 2441 1426 2501 Τὸ
1472 2439 1529 2494 δὲ
1567 2444 1835 2511 σωτήριον

248 2534 407 2585 τοῦτο
451 2532 567 2600 φῶς
612 2534 760 2585 ἐστιν
808 2534 888 2596 εξς
918 2532 1264 2601 ἀποκάλυψιν
1296 2532 1488 2597 ἐθνῶν,
1519 2530 1830 2601 τουτέστιν,

248 2625 331 2687 εἰς
376 2626 657 2695 φωτισμὸν
700 2624 807 2677 τῶν
853 2626 1258 2693 ὲσκοτισμὲνων
1305 2626 1495 2690 ὲθνῶν,
1545 2628 1638 2681 καὶ
1675 2627 1834 2693 δόξαν

246 2718 359 2772 τῶν
419 2719 792 2788 Ἰσραηλιτῶν·
840 2718 967 2783 δόξα
998 2721 1107 2790 γάρ
1141 2720 1171 2772 6
1203 2718 1441 2789 Χριστὸς
1488 2719 1582 2773 τοῦ
1617 2720 1835 2789 ἀληθῶς

245 2810 379 2864 λαοῦ
414 2810 508 2863 τοῦ
556 2812 795 2882 Ἰσραὴλ,
831 2810 967 2866 καθὸ
1010 2813 1069 2879 ἐξ
1104 2813 1285 2867 αὐτῶν
1332 2815 1701 2868 ἀνατέταλκε·
1738 2817 1834 2868 καὶ

242 2896 752 2969 ἀγκαλλωπίζονται
780 2904 955 2975 τούτῳ
980 2905 1031 2956 οἱ
1056 2903 1226 2966 ὅντως
1252 2903 1615 2972 εὐγνώμονες.
1646 2905 1833 2959 Ταῦτα

242 2991 272 3042 ὀ
298 2989 541 3060 Συμεών.
584 2992 743 3045 Δοκεῖ
768 2991 825 3044 δέ
869 3010 960 3062 μοι
1003 2992 1095 3046 καὶ
1122 2992 1191 3045 τὰ
1215 2993 1310 3046 τοῦ
1342 2992 1503 3047 Δαυῒδ
1537 2995 1629 3049 ἐπὶ
1658 2995 1834 3066 τούτῳ

249 3082 517 3155 ἁρμόζειν
540 3084 616 3153 τῷ
645 3086 712 3137 Συ
722 3085 909 3155 μεῶνι·
935 3085 1295 3157 Μακρότητος
1314 3087 1542 3158 ήμερῶν
1565 3088 1833 3163 ἐμπλήσω

244 3174 431 3239 αὑτὸν,
460 3177 554 3229 καὶ
577 3175 737 3242 δείξω
772 3175 920 3246 αὑτῷ
944 3177 1002 3228 τὸ
1038 3177 1309 3247 σωτήριόν
1339 3194 1465 3245 μου.

326 3285 345 3317 ι
378 3267 487 3319 Καὶ
508 3262 575 3336 ἦν
616 3267 815 3339 Ἰωσὴφ
842 3267 937 3321 καὶ
959 3269 993 3339 ή
1023 3268 1205 3339 μήτηρ
1232 3268 1419 3335 αὐτοῦ,
1452 3269 1829 3340 θαυμάζοντες

243 3359 344 3412 lxi
398 3360 512 3423 τοῖς
564 3358 921 3429 λαλουμένοις
976 3361 1106 3432 περὶ
1156 3361 1345 3416 αὐτό·
1396 3363 1495 3416 καὶ
1536 3363 1831 3436 εὐλόγησεν

243 3451 444 3514 αὐτοὺς
476 3450 725 3518 Συμεὼν,
764 3454 860 3507 καὶ
897 3450 1018 3507 εἷπε
1047 3455 1185 3525 πρὸς
1214 3456 1453 3527 Μαριάμ
1487 3457 1585 3525 τὴν
1617 3458 1831 3529 μητέρα

241 3541 434 3597 αὐτοῦ·
468 3542 601 3598 Ἰδοὺ
633 3539 788 3608 οὗτος
831 3547 1009 3601 κεῖται
1032 3548 1109 3611 εις
1155 3546 1364 3601 πτῶσιν
1393 3548 1489 3602 καὶ
1530 3549 1831 3606 ἀνάστασιν

244 3633 457 3689 πολλῶν
479 3637 536 3688 ὲν
556 3634 636 3707 τῷ
659 3635 897 3709 Ἰσραήλ,
924 3639 1020 3692 καὶ
1040 3639 1119 3703 εἰς
1145 3642 1372 3711 σημεῖον
1390 3642 1828 3712 ἀντιλεγόμενον·

244 3728 343 3783 καὶ
369 3728 463 3783 σοῦ
506 3729 563 3782 δὲ
608 3730 777 3800 αὐτῆς
823 3731 922 3801 τὴν
947 3731 1129 3803 ψυχὴν
1160 3732 1495 3788 διελεύσεται
1550 3735 1828 3807 ῥομφαία,

242 3822 396 3885 ὃπως
426 3820 493 3875 ἂν
523 3822 987 3893 ἀποκαλυφθῶσιν
1016 3826 1082 3879 ὲκ
1114 3824 1327 3880 πολλῶν
1362 3826 1606 3897 καρδιῶν
1649 3828 1832 3882 διαλο-

244 3914 462 3984 γισμοί.
503 3931 522 3965 ι
558 3912 837 3987 Εὐλόγησε
872 3916 972 3985 μὲν
1016 3917 1370 3990 ἀμφοτέρους
1399 3921 1428 3973 ὁ
1459 3918 1707 3991 Συμεών·
1739 3920 1833 3975 τὸν

242 4002 304 4057 δὲ
338 4004 695 4075 νομιζόμενον
724 4007 940 4077 πατέρα
966 4007 1151 4077 ἀφεὶς,
1184 4008 1321 4079 πρὸς
1351 4008 1451 4081 τὴν
1482 4008 1702 4081 ἀληθῶς
1728 4030 1836 4083 μη-

242 4096 382 4169 τέρα
410 4097 730 4168 ἑφθιγγετο·
764 4101 919 4167 Ἰδοὺ,
945 4102 1133 4173 φησὶν,
1165 4094 1323 4167 οὗτος
1354 4108 1533 4159 κεῖται
1569 4108 1651 4170 εἰς
1676 4106 1832 4161 πτῶ-

244 4202 334 4242 σιν
374 4192 469 4242 καὶ
513 4190 812 4244 ἀνάστασιν
854 4191 1066 4248 πολλῶν
1113 4194 1172 4247 ὲν
1204 4193 1284 4265 τῷ
1340 4196 1579 4267 Ἰσραήλ·
1625 4198 1833 4255 πτῶσιν

246 4282 369 4353 μὲν,
408 4283 519 4338 τῶν
556 4285 631 4358 μὴ
661 4288 1026 4342 πιστευόντων
1054 4305 1067 4319 ·
1128 4290 1429 4346 ἀνάστασιν
1459 4292 1538 4357 δὲ,
1585 4294 1693 4348 τῶν
1739 4313 1832 4349 πι-

247 4374 569 4430 στευόντων·
598 4377 632 4447 ἢ
659 4376 753 4430 καὶ
775 4377 971 4444 ἄλλως,
1001 4381 1080 4444 εἰς
1109 4380 1316 4436 πτῶσιν
1348 4385 1526 4437 κεῖται
1553 4386 1582 4438 6
1605 4384 1829 4458 Κύριος,

249 4466 354 4520 τῶν
382 4468 442 4521 ὲν
470 4471 589 4531 ταῖς
617 4468 816 4539 ψυχαῖς
859 4470 1019 4541 ήμῶν
1064 4473 1252 4528 κακῶν
1283 4493 1297 4505 ·
1333 4478 1413 4541 εὶς
1445 4479 1747 4534 ἀνάστασιν
1772 4480 1832 4535 δὲ

248 4559 357 4611 τῶν
384 4559 631 4630 ἀγαθῶν.
670 4560 870 4615 Πίπτει
896 4563 1146 4633 πορνεία,
1172 4564 1457 4622 ἀνίσταται
1479 4571 1829 4643 σωφροσύνη·
1865 4543 1910 4598 D

246 4653 343 4704 xui.
371 4648 546 4715 ἄλλως
570 4650 630 4704 δι
649 4650 873 4705 δύναται
900 4653 1185 4725 νοηθῆναι·
1214 4659 1389 4711 κεῖται
1415 4659 1525 4731 γάρ
1547 4664 1574 4715 ὁ
1596 4660 1835 4733 Χριστὸς

243 4742 577 4809 εἰς’πτῶσιν,
602 4743 725 4797 ἀντὶ
754 4743 849 4798 τοῦ
866 4743 1067 4798 Μέλλει
1091 4745 1286 4802 παθεῖν
1312 4748 1497 4815 αὐτὸς,
1523 4753 1624 4813 καὶ
1646 4755 1835 4806 πεσεῖν

244 4838 326 4901 εἰς
347 4834 601 4902 θάνατον,
632 4838 728 4894 καὶ
761 4840 1063 4913 ἀναστῆναι
1101 4842 1360 4913 μέλλουσι
1394 4844 1599 4911 πολλοὶ,
1637 4847 1836 4901 πεσόν-

246 4944 338 4991 τος
363 4926 551 4984 αΰτοῦ.
600 4930 787 4996 Στίεον
817 4931 909 5002 οὖν
934 4934 993 4987 ἑν
1011 4931 1112 5005 τῷ,
1138 4935 1220 4998 εις
1240 4934 1471 4989 πτῶσιν·
1502 4932 1623 4991 εἶτα
1649 4938 1836 5009 ἄρξαι,

246 5021 346 5074 καὶ
379 5020 676 5076 ἀνάστασιν
724 5022 935 5077 πολλῶν
971 5038 985 5053 ·
1013 5028 1244 5097 σημεῖον
1282 5026 1361 5095 δὲ,
1407 5031 1436 5083 6
1469 5030 1724 5102 σταυρὸς,
1774 5030 1833 5096 ὃς

252 5113 417 5185 μέχρι
437 5112 531 5166 τοῦ
563 5113 657 5168 νῦν
678 5116 1039 5187 ἀντιλέγεται,
1067 5120 1347 5174 τουτέστιν
1369 5124 1430 5174 οὐ
1454 5122 1830 5194 παραδέχεται

252 5204 406 5273 παρά
435 5203 544 5257 τῶν
577 5206 854 5262 ἀπίστων.
890 5209 1127 5279 Λέγεται
1158 5210 1215 5263 δὲ
1248 5215 1474 5283 σημεῖον
1511 5216 1604 5268 καὶ
1636 5217 1669 5286 ή
1702 5217 1835 5287 0&9-

250 5313 420 5359 κωσις
448 5296 542 5350 τοῦ
578 5299 807 5369 Κυρίου·
846 5302 941 5355 καὶ
971 5302 1122 5367 ξένον
1151 5306 1397 5374 σημεῖον.
1434 5305 1567 5370 Θεὸς
1596 5307 1707 5380 γάρ
1737 5308 1835 5363 ἀν-

250 5386 470 5457 θρωπος
494 5391 708 5459 γέγονε·
740 5392 836 5447 καὶ
864 5394 1158 5465 παρθένος,
1193 5398 1399 5470 μήτηρ·
1436 5402 1498 5453 τὸ
1524 5399 1580 5454 δὲ
1609 5404 1835 5472 σημεῖον

248 5477 432 5544 τοῦτο,
466 5480 500 5549 ή
548 5481 825 5555 σάρκωσις
854 5484 999 5553 λέγω
1029 5485 1123 5541 τοῦ
1162 5489 1427 5559 Χριστοῦ,
1464 5491 1829 5561 ἀντιλέγεται·

250 5571 303 5625 οἱ
335 5571 435 5642 μὲν
468 5572 599 5647 γὰρ,
626 5576 685 5640 ἐξ
727 5576 961 5647 οὐρανοῦ
991 5578 1051 5632 τὸ
1085 5581 1250 5652 σῶμά
1282 5599 1473 5651 φασιν·
1504 5585 1552 5637 οἱ
1576 5583 1659 5649 δὲ,
1694 5587 1839 5639 κατά

251 5666 571 5734 φαντασίαν·
590 5670 640 5721 οι
658 5668 732 5734 δὲ,
755 5669 883 5724 ἀλλο
901 5689 952 5725 τι
971 5673 1295 5744 φλυαροῦσι.
1319 5676 1427 5729 Καὶ
1451 5676 1545 5732 σοῦ
1569 5679 1625 5733 δὲ
1643 5678 1836 5749 αὐτῆς,

328 5844 371 5878 ι’
401 5844 542 5903 I‘sal.
593 5865 814 5917 Lxutx,
853 5850 903 5913 7,
980 5854 1025 5885 ’³
1063 5854 1181 5910 Psal
1249 5870 1335 5912 χιι
1381 5854 1460 5911 l0

1856 3192 1905 3255 (ἶ

1951 601 2197 666 Domine,
2225 605 2536 659 conﬁtentis
2565 616 2648 659 est
2671 645 2685 670 ,
2716 605 2860 674 quod
2890 604 3004 674 ipse
3026 603 3099 658 sit
3136 603 3397 657 Dominus
3417 603 3539 657 vitae

1949 709 2011 747 ac
2040 695 2250 749 mortis.
2293 692 2424 749 Vide
2460 706 2643 750 autem
2676 697 2951 765 quomodo
2978 696 3152 751 sancti
3190 710 3287 764 pro
3322 693 3541 749 vinculo

1946 801 2146 855 corpus
2189 787 2411 841 habent.
2445 787 2655 843 Idcirco
2683 790 2811 843 dicit
2845 807 2859 845 :
2890 787 3045 843 Nunc
3076 789 3349 852 absolvis,
3380 786 3537 857 quasi

1946 892 1975 930 ιι
2006 877 2223 932 vinculo
2264 897 2276 933 :
2309 879 2608 941 secundum
2655 879 2883 934 verbum
2937 891 3087 933 tuum
3110 919 3125 943 ,
3161 887 3381 947 propter
3411 892 3537 931 ora-

1945 971 2125 1026 culum
2163 973 2306 1041 quod
2340 984 2627 1040 acceperat
2670 974 2814 1041 quod
2864 988 2971 1026 non
3018 980 3164 1027 esset
3202 971 3537 1031 moriturus,

1944 1066 2117 1119 donec
2157 1065 2365 1121 videret
2405 1066 2706 1120 Christum.
2742 1066 2799 1118 In
2838 1080 2971 1133 pace
3010 1074 3191 1118 autem
3216 1105 3230 1126 ,
3278 1064 3381 1117 hoc
3417 1073 3535 1128 est,

1944 1159 2155 1227 quiete,
2188 1173 2313 1212 nam
2340 1159 2503 1212 homo
2534 1158 2711 1226 quoad
2742 1158 2875 1211 vivit
2906 1159 3159 1211 turbatur
3194 1156 3271 1219 η..
3310 1156 3454 1209 sicut
3484 1163 3540 1207 ct

1944 1250 2113 1303 David
2147 1249 2279 1303 dicit
2307 1267 2319 1301 :
2353 1258 2601 1302 mortuus
2633 1262 2762 1301 vero
2804 1262 2993 1316 pacem
3028 1247 3215 1300 habet.
3251 1244 3345 1298 Vel
3379 1244 3538 1297 aliter

1944 1342 2188 1411 intellige
2228 1358 2242 1394 :
2287 1343 2344 1394 In
2398 1356 2566 1410 pace,
2615 1342 2717 1395 hoc
2769 1349 2887 1404 est,
2948 1338 3063 1407 spei
3126 1337 3533 1392 consecutioue.

1904 1457 1915 1469 ι
1945 1435 2266 1504 Priusquam
2288 1477 2303 1501 ,
2332 1434 2530 1503 inquit,
2558 1434 2814 1487 vidissem
2850 1431 3174 1495 Dominum,
3205 1446 3311 1483 non
3344 1438 3537 1498 pacata

1942 1540 2123 1585 mente
2155 1544 2337 1593 cram,
2372 1536 2700 1598 exspectans
2735 1528 2908 1592 illum,
2943 1538 2998 1580 et
3025 1540 3242 1594 semper
3269 1523 3537 1578 sollicitus

1942 1621 2158 1691 quando
2193 1621 2377 1675 veniat
2421 1635 2433 1670 :
2480 1634 2625 1673 nunc
2662 1629 2845 1672 autem
2889 1618 3007 1685 ipso
3051 1617 3199 1677 viso,
3242 1625 3297 1668 et
3339 1629 3527 1684 pacem

1942 1721 2269 1766 consecutus
2289 1750 2303 1773 ,
2337 1719 2391 1765 et
2419 1708 2783 1764 sollicitudine
2814 1707 3109 1769 liberatus,
3138 1716 3196 1758 ut
3224 1705 3300 1758 sic
3331 1705 3531 1762 dicam.

1944 1805 2219 1859 absolvar.
2253 1801 2505 1857 Salutare
2531 1812 2708 1855 autem
2737 1842 2751 1866 ,
2779 1800 3085 1853 iucarnatio
3120 1797 3394 1866 Uuigeniti
3426 1804 3531 1855 est.

1942 1912 2106 1968 quam
2154 1904 2282 1950 ante
2327 1894 2523 1949 saecula
2571 1893 2754 1947 omnia
2814 1890 2954 1945 Deus
3003 1890 3351 1959 prarparavit.
3394 1891 3537 1941 Ante

1939 1988 2133 2044 faciem
2163 2002 2291 2041 vero
2324 1984 2567 2040 omnium
2593 1982 2915 2053 p0pulorum
2947 1986 3108 2035 istam
3137 1979 3369 2033 salutem
3396 1995 3535 2047 prae-

1938 2081 2183 2153 paravit,
2220 2089 2275 2133 ut
2299 2078 2539 2133 salvaret
2566 2077 2827 2130 mundum
2848 2118 2861 2139 ,
2889 2083 2943 2128 ct
2973 2082 3028 2127 ut
3050 2073 3306 2127 omnibus
3331 2071 3530 2141 liquida

1940 2174 2034 2229 ﬁat
2060 2170 2179 2241 cjus
2206 2168 2512 2225 incarnalio
2540 2209 2553 2232 ,
2589 2165 2749 2237 cujus
2776 2166 2951 2235 gratia
2979 2174 3033 2220 et
3069 2164 3390 2217 itmaruatus
3425 2172 3529 2217 est.

1940 2265 2197 2320 Salutare
2229 2275 2450 2332 quoque
2492 2260 2631 2323 hoc,
2679 2259 2862 2313 lumen
2900 2267 2983 2313 est
3032 2258 3099 2311 ad
3145 2255 3530 2309 revelationcm

1936 2358 2208 2427 gentium,
2251 2356 2351 2408 hoc
2379 2362 2496 2418 est,
2532 2352 2598 2406 ad
2629 2350 3051 2405 illustrationem
3097 2350 3341 2417 gentium
3376 2355 3532 2401 oute-

1937 2450 2289 2504 nebratarum
2310 2485 2325 2511 ,
2352 2454 2405 2499 et
2428 2444 2655 2517 gloriam
2685 2441 3083 2497 Israelitarum.
3107 2438 3361 2492 Chrisuis
3386 2436 3529 2491 enim

1936 2540 2105 2612 gloria
2134 2547 2215 2593 est
2246 2536 2428 2607 populi
2460 2536 2552 2605 qui
2587 2549 2713 2588 vero
2745 2531 2913 2586 Israel
2975 2534 3274 2585 secundum
3300 2529 3530 2597 quodex

1935 2633 2027 2687 illo
2058 2641 2211 2686 ortus
2242 2639 2321 2684 cst
2343 2668 2359 2693 ,
2392 2629 2523 2681 etin
2556 2628 2657 2680 hoc
2691 2632 2963 2680 ornantur
2992 2624 3082 2691 qui
3110 2621 3327 2689 sapiunt
3355 2636 3418 2673 ac
3451 2619 3534 2671 in—

1935 2724 2207 2792 telligunt.
2236 2720 2361 2777 Hauc
2392 2720 2639 2774 Simeon.
2673 2717 2939 2772 Videntur
2964 2724 3145 2769 autem
3175 2713 3305 2766 mihi
3333 2719 3386 2765 et
3412 2726 3535 2779 qua:

1936 2816 2076 2870 dicta
2105 2822 2281 2867 sunta
2318 2811 2511 2873 David,
2552 2808 2847 2865 convenire
2886 2806 3171 2861 Simeoui:
3208 2822 3226 2855 ι
3271 2803 3536 2872 Longitu-

1937 2901 2546 2971 diuedierumimplebo
2572 2916 2721 2967 eum,
2746 2908 2802 2954 et
2841 2898 3123 2954 ostendam
3168 2895 3243 2949 illi
3301 2894 3534 2950 salutare

1936 3014 2112 3054 meum
2130 2998 2194 3051 ὀ.
2232 3017 2250 3049 υ

2006 3271 2175 3327 Vens.
2202 3269 2397 3324 Ζῆν-55.
2430 3287 2448 3319 ι
2489 3268 2553 3320 Et
2586 3273 2743 3321 erant
2770 3273 2924 3334 pater
2970 3272 3025 3319 et
3065 3271 3239 3317 mater
3282 3276 3399 3330 eius
3433 3262 3534 3317 mi-

1934 3372 2119 3420 rantes
2160 3377 2323 3431 super
2357 3361 2443 3415 ltis
2472 3374 2595 3429 qua:
2638 3356 2963 3413 dicebantur
2991 3354 3057 3410 de
3104 3353 3216 3407 illo.
3257 3351 3323 3405 Et
3366 3352 3533 3406 benc-

1934 3458 2073 3513 dixit
2095 3456 2202 3512 illis
2227 3454 2447 3510 Simeon
2475 3471 2489 3507 :
2517 3460 2572 3507 et
2595 3451 2735 3507 dixit
2756 3450 2825 3506 ad
2848 3448 3075 3503 Mariam
3106 3456 3336 3500 matrem
3360 3445 3482 3513 eius
3509 3461 3527 3499 :

1934 3550 2077 3605 Ecce
2108 3550 2321 3618 positus
2349 3555 2431 3602 est
2459 3545 2549 3602 hic
2584 3545 2639 3599 in
2675 3543 2918 3608 ruinam,
2967 3548 3023 3595 et
3073 3537 3532 3595 resurrectionem

1935 3640 2230 3696 munitorum
2263 3639 2317 3692 in
2350 3635 2542 3701 Israel,
2570 3644 2626 3692 et
2650 3635 2703 3689 in
2729 3634 2945 3702 signum
2977 3631 3062 3685 cui
3099 3628 3530 3685 contradicelur.

1935 3733 2076 3801 Quin
2120 3741 2179 3787 et
2211 3743 2357 3786 tuam
2401 3728 2575 3800 ipsius
2610 3727 2855 3783 animam
2887 3721 3197 3795 penetrabit
3227 3721 3442 3802 gladius
3474 3728 3536 3774 ut

1938 3834 2258 3896 retegantur
2286 3837 2355 3878 ex
2384 3820 2570 3877 multis
2597 3819 2859 3876 cordibus
2884 3816 3267 3887 cogitationes.
3305 3831 3324 3867 ο
3360 3814 3536 3869 Bene-

1939 3916 2075 3972 dixit
2100 3914 2324 3985 quidem
2349 3912 2616 3967 ambobus
2645 3908 2871 3966 Simeon
2901 3928 2914 3965 :
2944 3910 3150 3980 reiecto
3172 3918 3353 3963 autem
3382 3918 3536 3978 patro

1937 4010 2213 4077 putativo,
2255 4007 2322 4063 ad
2357 4022 2539 4063 veram
2574 4016 2809 4062 matrem
2850 4005 3067 4061 locutus
3098 4016 3183 4059 est
3218 4022 3231 4059 :
3273 4004 3413 4059 Ecce
3444 4003 3537 4059 hic

1934 4105 2147 4177 positus
2173 4111 2257 4158 est
2286 4101 2338 4157 in
2370 4100 2583 4158 ruinam
2606 4139 2621 4163 .
2656 4108 2712 4155 et
2746 4098 3204 4154 resurrectionem
3240 4096 3533 4151 multorum

1938 4200 1991 4253 in
2022 4196 2210 4253 Israel.
2237 4196 2472 4251 Ruinam
2496 4192 2728 4272 quidem
2758 4190 2890 4246 dicit
2922 4205 3113 4247 eorum
3148 4189 3239 4259 qui
3277 4204 3386 4244 non
3416 4202 3536 4243 cre-

1937 4289 2230 4354 diderunt,
2279 4288 2372 4359 qui
2419 4300 2553 4341 vero
2602 4284 2989 4349 crediderunt,
3044 4280 3532 4336 resurrectionem.

1942 4381 2036 4437 Vel
2071 4381 2233 4437 etiam
2276 4380 2440 4434 aliter
2485 4397 2499 4434 :
2536 4378 2596 4431 In
2648 4377 2867 4432 ruinam
2905 4375 3116 4444 positus
3150 4382 3231 4427 cst
3274 4370 3536 4427 Dominus

1940 4475 2207 4529 malorum
2249 4487 2371 4543 qua:
2421 4470 2475 4525 in
2530 4470 2822 4525 animabus
2868 4465 3072 4522 nostris
3112 4484 3124 4520 :
3180 4465 3233 4519 in
3285 4478 3536 4519 resurre-

1938 4569 2176 4623 ctionem
2233 4579 2361 4619 vero
2418 4565 2707 4618 bonorum.
2772 4558 2932 4616 Cadit
2991 4556 3311 4622 l'oruiCatio,
3362 4555 3535 4626 surgit

1940 4660 2302 4714 continentia.
2363 4654 2463 4711 Vel
2515 4654 2678 4709 aliter
2731 4666 2950 4724 quoque
3000 4649 3228 4719 intelligi
3282 4656 3461 4719 potest
3515 4666 3530 4703 :

1938 4750 2157 4806 Positus
2188 4756 2278 4803 est
2305 4748 2451 4803 enim
2482 4745 2746 4801 Dominus
2774 4746 2827 4800 in
2872 4744 3116 4807 ruinam,
3151 4743 3254 4797 hoc
3280 4749 3384 4805 est,
3419 4740 3536 4811 ipse

1941 4859 2199 4916 passurus
2227 4849 2333 4908 est,
2368 4850 2425 4896 et
2448 4851 2677 4896 casurus
2698 4848 2785 4895 est
2815 4838 2870 4893 in
2903 4846 3133 4891 mortem
3170 4854 3183 4889 :
3216 4846 3269 4891 et
3297 4850 3421 4890 cum
3445 4848 3536 4890 ce-

1943 4936 2140 4993 ciderit
2174 4938 2311 5003 ipse,
2342 4942 2634 5005 resurgent
2668 4931 2847 4987 multi.
2877 4930 3147 4985 Punctum
3182 4936 3362 4983 autem
3395 4941 3536 4996 ponc

1942 5042 2066 5084 cum
2099 5026 2335 5092 dixeris,
2376 5027 2433 5081 in
2466 5024 2679 5079 ruinam
2728 5039 2743 5076 :
2780 5021 2977 5078 deinde
3009 5019 3217 5090 incipe,
3261 5027 3318 5074 et
3356 5033 3537 5073 resur-

1944 5120 2240 5175 rectionem
2266 5117 2583 5173 multorum.
2609 5112 2833 5185 Signum
2854 5122 3055 5179 autem,
3079 5126 3239 5179 crux,
3262 5110 3348 5165 cui
3368 5125 3538 5179 usque

1942 5214 1995 5267 in
2032 5214 2137 5268 hoc
2174 5221 2389 5281 tempus
2415 5208 2833 5273 contradicitur,
2864 5206 2965 5260 hoc
2992 5214 3100 5269 est,
3131 5218 3237 5259 non
3278 5202 3537 5272 recipitur

1942 5305 2011 5360 al)
2054 5304 2371 5361 incredulis.
2403 5300 2612 5355 Dicitur
2642 5309 2697 5355 et
2730 5296 3039 5353 iucarnatio
3056 5294 3273 5351 Domini
3300 5294 3535 5364 signum,

1941 5404 1998 5451 et
2020 5394 2271 5451 mirabile
2309 5396 2543 5463 signum.
2591 5390 2736 5445 Deus
2762 5390 2908 5445 enim
2940 5387 3103 5442 homo
3134 5384 3266 5451 luit,
3301 5395 3356 5440 et
3383 5385 3537 5455 virgo

1940 5499 2147 5553 mater;
2196 5486 2323 5541 huic
2370 5492 2550 5540 autem
2588 5484 2784 5552 signo,
2834 5478 3235 5543 incarnatioui,
3279 5477 3533 5546 inquam,

1939 5582 2142 5637 Christi
2174 5578 2589 5635 contradicitur.
2632 5575 2866 5643 Quidam
2907 5573 3053 5627 enim
3086 5570 3275 5626 dicunt
3310 5582 3535 5624 carnem

1940 5696 1970 5736 c
1988 5676 2153 5749 290
2168 5675 2328 5742 caelo,
2354 5673 2573 5744 quidam
2597 5684 2727 5728 vero
2742 5677 3087 5738 appetenter,
3106 5664 3328 5737 quidam
3349 5671 3531 5717 autem
