4108 6334
585 387 686 455 τοι

1507 393 2082 461 TI-IEOPIIYLACTI
2128 389 2535 455 BULGARhE
2577 388 2935 452 ARCHIEP.

3738 379 3835 443 732

587 507 730 562 aliud
767 510 1015 581 quiddam
1066 522 1350 588 angantur.
1395 513 1460 569 Et
1493 527 1636 573 tuam
1683 518 1850 586 ipsius
1868 557 1890 581 ,,
1923 515 2157 584 Virginis

2262 513 2358 582 τῆς
2386 509 2684 581 Παρθένου,
2713 509 2810 579 τὴν
2836 505 3014 576 ψυχὴν
3046 502 3372 558 διελεύσεται
3403 498 3652 572 ῥομφαία
3704 499 3832 568 τάχα

585 601 727 661 dico,
763 603 991 662 animam
1025 603 1370 666 pertransibit
1400 606 1630 675 gladius.
1666 605 1935 662 Fortassis
1972 616 2150 662 autem

583 701 639 744 et
678 693 910 746 dolorem
952 708 1108 764 quem
1137 695 1194 754 in.
1223 698 1476 764 passione
1508 699 1654 762 tulit,
1693 696 1939 752 ﬁntassis
1975 709 2152 751 autem

585 793 636 834 et
681 783 992 837 scandalum
1039 786 1166 839 dicit
1215 788 1612 856 rhomphmam,
1647 805 1752 857 quo
1785 788 1991 844 offensa
2034 789 2151 844 fuit.

591 871 783 924 Videas
817 873 957 926 enim
1003 875 1322 930 cruciﬁxum
1348 919 1363 944 ,
1396 876 1643 942 fortassis
1685 881 1989 948 cogitabat,
2020 896 2151 949 quo-

589 961 750 1015 modo
773 965 862 1030 qui
896 973 1052 1016 natus
1083 975 1165 1020 est
1191 969 1308 1021 sine
1330 971 1568 1035 semine,
1592 971 1683 1039 qui
1712 972 1969 1026 miracula
1996 971 2150 1035 fecit,

585 1051 674 1119 qui
703 1064 940 1108 mortuos
962 1057 1261 1122 suscitavit,
1285 1061 1576 1114 cruciﬁxus
1599 1071 1677 1115 est
1696 1103 1710 1126 ,
1731 1071 2026 1131 consputns
2051 1071 2153 1125 est,

586 1153 828 1197 mortuus
859 1146 977 1199 est?
1007 1147 1158 1212 Quod
1201 1157 1376 1204 autem
1417 1151 1566 1215 dicit,
1646 1153 1718 1207 Ut
1757 1152 2058 1206 revelentur
2087 1169 2150 1207 ex

586 1233 771 1289 multis
810 1237 1062 1294 cordibus
1107 1241 1492 1310 COgitationes,
1533 1245 1631 1298 hoc
1668 1245 1966 1315 significat,
2012 1246 2154 1315 quod

584 1322 991 1381 Revelabunlur
1021 1341 1075 1383 et
1107 1332 1593 1388 manifestabuntur
1633 1336 1920 1389 multorum
1951 1337 2155 1405 cogita-

584 1414 778 1480 tiones,
804 1420 890 1487 qui
914 1423 1369 1490 scaudalizantur,
1398 1436 1451 1479 et
1482 1427 1789 1495 reprehensi
1817 1431 2150 1495 repentinum

585 1509 854 1572 invenient
890 1513 1183 1568 remedium
1221 1517 1401 1570 :sicut
1437 1529 1490 1572 et
1533 1531 1582 1570 tu
1608 1561 1622 1586 ,
1652 1542 1682 1574 υ
1721 1520 1902 1586 Virgo,
1953 1519 2155 1574 revela-

584 1601 758 1666 beris,
804 1613 857 1656 et
899 1604 1178 1660 manifesta
1226 1610 1334 1662 eris
1382 1611 1508 1678 Quid
1552 1612 1754 1666 sentias
1799 1615 1862 1667 de
1903 1612 2152 1675 Christo,

582 1690 774 1748 deinde
810 1696 1122 1750 confirmata
1165 1699 1272 1753 eris
1322 1701 1425 1756 ﬁde
1469 1703 1520 1755 in
1567 1704 1736 1755 illum.
1792 1702 2051 1757 Similiter
2101 1714 2156 1758 et

585 1783 777 1840 Petrus
819 1788 1146 1843 revelabitur
1186 1807 1308 1846 cum
1355 1798 1660 1864 negaverit,
1707 1813 1888 1850 verum
1935 1799 2152 1853 demon-

587 1891 756 1940 strata
785 1890 866 1935 est
896 1884 984 1936 Dei
1012 1887 1268 1952 potentia,
1298 1903 1414 1956 qua:
1443 1905 1534 1958 per
1570 1892 1942 1957 pmnitentiam
1978 1894 2151 1962 ipsum

583 1974 840 2043 suscepit.
882 1974 943 2028 Et
970 1976 1123 2029 aliter
1159 1995 1171 2030 :
1209 1979 1475 2033 lievelataa
1505 1992 1630 2035 sunt
1661 1997 1688 2036 e
1721 1984 1973 2037 cordibus
2007 1984 2154 2054 cogi-

587 2061 834 2129 tationes,
865 2081 983 2118 cum
1029 2072 1338 2137 apparuerit
1375 2071 1648 2140 proditor,
1709 2082 1763 2127 et
1804 2076 2152 2144 apparuerint

586 2153 865 2223 diligentes
895 2157 1040 2210 illum
1066 2197 1080 2221 ,
1111 2161 1290 2228 qualis
1333 2162 1436 2217 fuit
1473 2163 1673 2234 Josepb‘
1702 2165 1790 2235 qui
1823 2166 2050 2222 accessit
2090 2168 2156 2221 ad

588 2243 814 2300 Pilatum
843 2265 854 2301 ι
882 2249 1068 2315 quales
1095 2251 1306 2306 fuerunt
1339 2256 1591 2312 mulieres
1615 2272 1733 2327 qua:
1769 2261 2157 2327 permanebant

588 2336 724 2400 apud
753 2350 986 2393 crucem.

663 2424 824 2483 Vens.
874 2429 1062 2485 36-40.
1113 2452 1132 2483 ι
1189 2435 1251 2487 Ει
1297 2445 1413 2490 erat
1464 2438 1618 2492 Anna
1672 2440 2008 2508 prepbetissa
2048 2443 2153 2504 ﬁlia

591 2517 857 2582 l‘bauuel,
888 2522 953 2576 de
977 2524 1116 2578 tribu
1153 2527 1304 2580 Aser.
1333 2527 1456 2583 Haec
1479 2543 1820 2598 processerat
1847 2535 1898 2587 in
1933 2535 2151 2592 multam

585 2619 794 2664 :utatem
815 2653 829 2675 ,
866 2621 917 2666 et
955 2615 1165 2670 vixerat
1194 2632 1315 2671 cum
1347 2620 1462 2674 viro
1487 2621 1646 2676 annis
1681 2634 1886 2693 septem
1919 2639 1948 2679 a
1989 2626 2155 2696 virgi-

588 2703 753 2757 nitate
779 2720 904 2768 sua,
949 2716 1002 2764 ct
1037 2708 1149 2763 haec
1188 2710 1341 2765 vidua
1381 2727 1643 2769 annorum
1679 2713 1846 2770 ferme
1884 2718 2154 2788 octOginta

586 2803 840 2862 quatuor,
870 2813 988 2866 quae
1028 2815 1134 2855 non
1167 2802 1479 2860 discedebat
1509 2821 1538 2860 e
1571 2807 1800 2877 templo,
1840 2807 2061 2877 jejuniis
2093 2826 2156 2867 ac

587 2890 1058 2958 deprecationibus
1075 2897 1320 2952 serviens
1344 2910 1500 2955 nocte
1528 2916 1589 2955 ac
1612 2903 1718 2958 die.
1744 2903 1810 2958 Et
1835 2905 1947 2961 haec
1967 2907 2154 2963 eadem

588 2984 716 3037 liora
759 2987 1187 3054 superveniens,
1222 2991 1457 3046 vicissim
1495 2996 1853 3050 confitebatur
1894 2997 2151 3064 Domino,

588 3084 644 3128 et
687 3076 1001 3146 loquebatur
1031 3080 1095 3134 de
1137 3081 1226 3136 illo
1254 3084 1504 3140 omnibus
1540 3088 1630 3156 qui
1658 3091 2042 3156 exspectabant
2072 3107 2156 3144 re-

2261 604 2360 674 μέν
2394 603 2488 656 καὶ
2519 603 2550 672 ἡ
2586 597 2817 669 θλίψιςὴ
2853 598 2943 650 ἐπὶ
2973 596 3050 668 τῷ
3085 595 3244 650 πάθει
3276 594 3567 662 γενομένη·
3593 593 3732 659 τάχα
3756 591 3827 652 δέ,

2259 696 2537 765 ῥομφαίαν
2567 693 2715 760 λέγει
2763 693 2854 744 καὶ
2898 691 2988 742 τὸν
3035 686 3435 757 σκανδαλισμὸν
3471 686 3530 737 ὃν
3573 683 3830 736 ἐσκανδα-

2256 787 2413 856 λίσθη
2464 787 2644 855 ὁρῶσα
2689 785 2778 837 τὸν
2815 784 3016 853 Κύριον
3055 780 3485 850 σταυρούμενον.
3535 779 3696 838 Ἴσως
3731 777 3831 845 γᾴρ

2257 880 2493 941 ὑπενόει,
2520 880 2639 942 Πῶς
2661 881 2687 930 6
2710 877 2919 948 τεχθεὶς
2948 876 3223 943 ἁσπόρως.
3250 878 3276 928 ὁ
3301 873 3556 940 θαύματα
3583 871 3828 939 ποιήσας,

2257 973 2284 1024 6
2317 971 2544 1040 νεκροὺς
2587 971 2926 1039 ἀναστήσας,
2983 968 3338 1036 ἐσταυρώθη,
3382 965 3478 1017 καὶ
3518 961 3828 1030 ἐνεκρώθη.

2259 1065 2352 1115 καὶ
2398 1060 2733 1129 ἐνεπτύσθη;
2781 1061 2950 1122 “rasa,
2989 1059 3176 1121 Ὅπως
3197 1059 3263 1111 ἂν
3285 1057 3748 1125 ἀποκαλυφθῶσιν
3775 1059 3832 1106 ἐκ

2259 1155 2472 1206 πολλῶν
2505 1152 2741 1223 καρδιῶν
2781 1152 3142 1220 διαλογισμοὶ,
3195 1149 3352 1202 τοῦτο
3407 1149 3660 1219 σημαίνει
3700 1190 3713 1211 ,
3757 1149 3834 1200 ὅτι

2256 1245 2932 1313 ἀποκαλυφθήσονται·κα“ι
2974 1240 3452 1312 φανερωθήσονται
3504 1240 3715 1293 πολλῶν
3755 1239 3838 1289 λο-

2256 1338 2446 1406 γισμοὶ
2470 1335 3000 1398 σκανδαλιξομὲνων,
3029 1333 3126 1385 καὶ
3147 1331 3521 1401 ἐλεγχθέντες,
3545 1330 3835 1399 εὑρήσουσι

2257 1432 2480 1498 ταχεῖαν
2516 1428 2613 1497 τὴν
2647 1428 2810 1480 ἴασιν·
2860 1421 2970 1478 οἷον
3005 1425 3098 1478 καὶ
3135 1425 3220 1488 συ,
3251 1417 3294 1475 ὦ
3331 1421 3598 1491 ΙΙαρθένε,
3629 1422 3837 1472 ἀποκα-

2256 1520 2508 1590 λυφθήσῃ
2562 1519 2656 1571 καὶ
2709 1516 3113 1588 φανερωθήσῃ,
3176 1516 3230 1568 τί
3262 1513 3264 1516 ’
3295 1515 3512 1583 φρονεῖς
3564 1520 3692 1580 περὶ
3740 1509 3832 1563 τοῦ

2258 1613 2493 1684 Χριστοῦ
2518 1629 2531 1643 ο
2563 1606 2680 1664 είτα
2715 1609 3057 1681 βεϐαιωθήσῃ
3089 1609 3182 1661 ἐπὶ
3220 1610 3285 1678 τῇ
3317 1611 3395 1669 εἰς
3425 1605 3588 1659 αὑτὸν
3633 1605 3832 1656 πίστει·

2258 1704 2456 1775 ὁμοίως
2491 1703 2583 1756 καὶ
2630 1703 2833 1771 Πέτρος
2864 1701 3228 1770 ἀπεκαλύφθη
3271 1699 3676 1770 ἀρνησάμενος,
3722 1695 3833 1747 ἀλλ’

2257 1795 2474 1866 ἐδείχθη
2509 1798 2542 1866 ἠ
2578 1795 2729 1865 ἰσχὺς
2765 1793 2856 1846 τοῦ
2885 1792 3047 1857 Θεοῦ,
3075 1791 3521 1862 προσλαϐομένου
3557 1789 3721 1843 αὐτὴν
3754 1788 3833 1840 διὰ

2258 1887 2357 1954 τῆς
2389 1888 2698 1956 μετανοίας·
2727 1889 2820 1938 καὶ
2843 1885 3020 1947 ἄλλως
3044 1885 3097 1938 δὲ
3123 1881 3595 1953 ἀπεκαλύφθησαν
3622 1883 3687 1932 ἐκ
3714 1881 3834 1932 πολ-

2259 1978 2366 2032 λῶν
2410 1977 2648 2048 καρδιῶν
2687 1976 3046 2045 διαλογισμοὶ,
3098 1976 3357 2044 φανέντος
3401 1974 3494 2026 τοῦ
3543 1972 3828 2042 προδότου,

2259 2070 2536 2140 φανέντων
2567 2068 2675 2121 τῶν
2707 2066 3049 2137 ἀγαπώντων
3089 2065 3273 2120 αὐτόν·
3309 2061 3423 2129 οἷος
3456 2060 3526 2136 ἦν
3570 2065 3770 2135 Ἰωσὴφ
3811 2067 3837 2118 6

2259 2160 2426 2213 ἐλθὼν
2458 2160 2590 2230 πρὸς
2610 2160 2843 2213 Πιλᾶτον
2863 2175 2876 2188 ·
2919 2155 3024 2211 οἶαι
3063 2159 3123 2214 ui
3149 2161 3406 2225 γυναῖκες
3431 2158 3487 2214 αἱ
3512 2155 3594 2217 τῶ
3616 2156 3834 2227 σταυρῷ

2259 2253 2693 2326 παραμένουσαι,

2338 2456 2356 2486 ‹
2404 2436 2512 2490 Καὶ
2558 2430 2626 2505 ἦν
2657 2434 2823 2486 ’Λννα
2859 2431 3149 2505 προφῆτις,
3191 2429 3438 2509 θυγάτηρ
3469 2431 3738 2502 Φανουὴλ,
3771 2433 3833 2489 ἐκ

2260 2527 2428 2596 φυλῆς
2464 2527 2656 2595 Ἀσήρ·
2679 2525 2816 2596 αὓτη
2846 2522 3220 2597 προϐεϐηκυῖα
3238 2525 3294 2581 ἐν
3321 2522 3557 2595 ἡμέραις
3583 2523 3829 2586 πολλαῖς,

2259 2618 2470 2687 ζήσασα
2509 2618 2603 2687 ἐτη
2650 2618 2784 2684 μετά
2817 2617 3006 2688 ἀνδρὸς
3038 2617 3178 2674 ἐπτά
3204 2656 3218 2679 ,
3261 2617 3368 2670 ἀπὸ
3403 2615 3504 2682 τῆς
3541 2616 3836 2687 παρθενίας

2260 2711 2444 2777 αὐτῆς.
2477 2710 2586 2762 Καὶ
2612 2709 2749 2796 αὖξη
2775 2706 2918 2779 χήρα
2943 2705 3016 2771 ὡς
3041 2709 3184 2760 ἐτῶν
3197 2708 3829 2776 ὀγδοηκοντατεσσάρων.

2260 2801 2292 2871 ἠ
2321 2802 2419 2854 οὐκ
2443 2801 2705 2869 ἀφίστατο
2731 2802 2837 2854 ἀπὸ
2859 2800 2950 2854 τοῦ
2985 2801 3156 2871 ίεροῦ,
3188 2801 3464 2868 νηστείαις
3497 2803 3590 2853 καὶ
3620 2800 3836 2871 δεήσεσι

2257 2894 2597 2966 λατρεύουσα
2633 2895 2804 2947 νύκτα
2846 2893 2938 2946 καὶ
2972 2893 3210 2963 ἡμέραν.
3248 2893 3357 2946 Καὶ
3409 2892 3550 2962 αὓτη
3598 2893 3736 2963 αὐτῇ
3770 2895 3833 2962 τῇ

2259 2987 2378 3058 ὥρᾳ
2411 2989 2700 3050 ἐπιστᾶσα,
2745 2986 3182 3057 ἀνθωμολογεῖτο
3203 2987 3280 3057 τῷ
3299 2986 3513 3057 Κυρίῳ,
3534 2987 3632 3040 καὶ
3660 2986 3834 3038 ἐλάλει

2259 3079 2386 3150 περὶ
2426 3077 2592 3132 αὑτοῦ
2638 3081 2770 3132 πᾶσι
2812 3080 2924 3140 τοῖς
2958 3078 3418 3148 προσδεχομένοις
3464 3077 3736 3148 λύτρωσιν
3781 3077 3836 3129 ἐν

587 3167 946 3234 (leiuptionem
983 3168 1390 3243 Hierosolymis.
1419 3176 1488 3232 Et
1514 3185 1568 3232 ut
1593 3179 1937 3249 perfecerunt
1969 3184 2150 3237 omnia

2268 3172 2643 3243 Ἰερουσαλήμ·
2683 3173 2779 3225 καί⁵
2821 3173 2898 3236 ὠς
2926 3172 3182 3225 ἐτέλεσαν
3219 3171 3436 3225 ἅπαντα
3465 3174 3530 3227 τὰ
3577 3173 3718 3227 κατά
3748 3171 3838 3226 τδν

587 3257 884 3312 secundum
924 3257 1094 3330 legem
1129 3264 1367 3332 Domini,
1402 3270 1602 3324 reversi
1637 3279 1763 3325 sunt
1799 3271 1848 3325 in
1883 3271 2152 3329 Galilaeam

590 3353 643 3400 iu
672 3349 943 3404 civitatem
970 3369 1121 3412 suam
1150 3354 1441 3412 Nazareth.
1474 3359 1616 3415 Puer
1637 3372 1816 3418 autem
1847 3380 2157 3422 succrescer

593 3442 716 3504 bat,
753 3443 1315 3517 corroborabaturque
1347 3450 1575 3519 spiritu,
1624 3461 1678 3508 et
1715 3455 2038 3524 implebatur
2067 3473 2154 3512 sa-

593 3533 788 3599 pientia
813 3544 902 3587 :.et
928 3538 1098 3603 gratia
1129 3538 1219 3592 Dei
1247 3549 1362 3594 erat
1384 3556 1544 3612 super
1572 3543 1740 3602 illum.
1774 3565 1792 3596 ι
1819 3546 2157 3618 Evangelista

591 3626 757 3677 Anna:
784 3625 991 3693 profert
1024 3633 1424 3703 genealogiam,
1459 3651 1784 3694 enumerans
1811 3639 1926 3708 ejus
1951 3653 2155 3710 patrem

592 3728 655 3767 ac
682 3717 911 3785 tribum,
939 3729 992 3772 ut
1017 3720 1252 3780 sciamus
1273 3725 1422 3779 illum
1447 3743 1573 3783 vera
1594 3730 1805 3794 dicere,
1833 3742 1908 3787 tot
1931 3735 2156 3790 testibus

591 3807 891 3875 accersitis,
948 3813 1038 3880 qui
1085 3824 1292 3881 patrium
1346 3819 1656 3888 tribumqne
1704 3823 1819 3889 ejus
1869 3835 2156 3879 noverunt.

591 3898 692 3954 Ista
743 3903 905 3970 igitur
934 3905 1168 3961 vicissim
1200 3908 1561 3965 conﬁtebatur
1594 3913 1819 3966 Domino
1840 3957 1853 3978 ,
1905 3917 2003 3970 hoc
2048 3929 2158 3984 εει,

591 3995 796 4061 gratias
827 3998 1050 4065 agebat,
1090 4009 1146 4053 et
1178 3999 1404 4056 docebat
1431 4018 1622 4059 omnes
1661 4007 1726 4062 de
1753 4005 1980 4065 Domino
2019 4012 2160 4077 quod

595 4083 709 4152 ipse
726 4097 866 4140 esset
883 4086 1208 4154 Salvator,et
1223 4093 1522 4151 consolatio
1540 4097 1712 4152 nostri
1729 4109 1978 4168 exspectat
1991 4102 2158 4155 ntitnn

598 4177 1042 4246 redemptionem.
1091 4180 1380 4252 Postquam
1438 4197 1616 4242 autem
1665 4188 2006 4256 perfecerunt
2047 4193 2158 4246 haec

598 4269 809 4334 omnia,
839 4272 1039 4326 reversi
1085 4281 1211 4326 sunt
1241 4275 1290 4328 in
1332 4274 1602 4334 Galilaeam
1631 4278 1683 4332 in
1713 4282 1985 4336 civitatem
2008 4298 2160 4337 suam

598 4359 882 4415 Nazaretb.
903 4363 1262 4433 Eratqnidem
1294 4376 1344 4421 et
1371 4367 1645 4424 Betbleem
1692 4372 2161 4442 civitasipsorum,

599 4455 690 4507 sed
725 4463 779 4506 ut
803 4456 972 4524 patria
1001 4474 1013 4507 :
1047 4455 1314 4512 Nazarer
1347 4474 1477 4515 vero
1503 4470 1559 4516 ul.
1591 4463 1942 4521 habitationis
1987 4466 2160 4522 locus.

2259 3265 2420 3334 νόμον
2456 3264 2703 3335 Κυρίου,
2749 3263 3098 3335 ὑπέστρεψαν
3139 3265 3220 3326 είς
3265 3255 3362 3333 τὴν
3397 3264 3712 3328 Γαλιλαίαν,
3763 3266 3838 3328 είς

2257 3356 2356 3426 τὴν
2383 3357 2536 3411 πόλιν
2566 3356 2744 3410 αὐτῶν
2773 3356 3048 3427 Ναζαρέτ.
3079 3355 3152 3410 Τὸ
3188 3355 3244 3408 δέ
3280 3357 3493 3410 παιδίον
3516 3356 3718 3426 ηὓξανε
3749 3359 3841 3412 καὶ

2261 3447 2626 3519 ἐκραταιοῦτο
2676 3446 2988 3518 πνεύματι,
3037 3446 3419 3518 πληρούμενον
3470 3446 3698 3517 σοφίας,
3749 3449 3842 3500 καὶ

2261 3537 2421 3607 χάρις
2469 3536 2605 3590 Θεοῦ
2656 3533 2723 3608 ἦν
2775 3537 2861 3589 ἐπ’
2909 3533 3076 3596 αύτῷ.
3127 3553 3148 3586 ι
3203 3537 3486 3605 Ἐπιμένει
3539 3539 3566 3589 6
3614 3539 3844 3605 εὐαγγε-

2260 3629 2444 3698 λιστὴς
2477 3632 2540 3698 τῇ
2571 3631 2698 3696 περὶ
2718 3629 2817 3697 τῆς
2846 3629 3045 3696 Ἀννης
3069 3629 3372 3698 ἀφηγήσει,
3399 3630 3495 3681 καὶ
3519 3628 3611 3682 τὸν
3637 3633 3843 3696 πατέρα

2261 3721 2353 3772 καὶ
2380 3723 2477 3790 τὴν
2507 3719 2677 3789 φυλὴν
2706 3719 3042 3786 καταλέγων,
3085 3718 3172 3772 ἵνα
3205 3720 3466 3787 μάθωμεν
3527 3721 3610 3772 ὅτι
3671 3721 3843 3790 ἀληθῆ

2261 3810 2441 3877 λέγει,
2484 3814 2770 3880 μάρτυρας
2799 3811 3003 3863 ὡσανεὶ
3053 3812 3279 3874 πολλοὺς
3327 3813 3842 3884 προσκαλούμενις,

2264 3903 2386 3963 τοὺς
2420 3903 2627 3965 εἰδότας
2682 3905 2776 3955 καὶ
2805 3903 2894 3955 τὸν
2942 3903 3154 3972 πατέρα
3188 3903 3282 3956 καὶ
3328 3906 3427 3974 τὴν
3470 3905 3664 3974 φυλήν·
3710 3907 3844 3975 αῦτη

2264 3987 2354 4044 οῦν
2376 3990 2806 4061 ἀνθωμολογεῖτο
2833 3991 2909 4062 τῷ
2934 3993 3144 4065 Κυρίῳ,
3172 3994 3472 4056 τουτέστιν,
3502 3995 3845 4064 ηὑχαρίστει,

2267 4084 2360 4136 καί
2392 4079 2637 4136 ἐδίδασκε
2667 4084 2877 4146 πάντας
2906 4085 3031 4155 περὶ
3065 4087 3157 4140 τοῦ
3188 4086 3418 4156 Κυρίου,
3455 4089 3538 4139 ὅτι
3564 4088 3726 4151 αὐτὸς
3763 4090 3842 4156 εἴη

2264 4177 2292 4228 6
2317 4176 2507 4245 Σωτὴρ
2537 4178 2632 4228 καὶ
2663 4177 2695 4245 ἡ
2723 4177 3068 4248 παράκλησις
3101 4178 3260 4248 ἡμῶν
3283 4179 3390 4230 τῶν
3423 4179 3847 4250 προσδοκώντων

2263 4267 2360 4338 τὴν
2394 4266 2805 4338 ἀπολύτρωσιν·
2853 4267 2990 4333 μετά
3025 4267 3081 4320 δὲ
3116 4269 3174 4321 τὸ
3221 4269 3438 4322 τελέσαι
3483 4271 3665 4323 πάντα
3692 4313 3705 4334 ,
3749 4274 3846 4323 νιπ-

2265 4357 2532 4428 ἔστρεψαν
2573 4359 2648 4419 είς
2689 4357 2784 4425 τὴν
2845 4357 3157 4424 Γαλιλαίαν,
3211 4361 3291 4422 είς
3335 4361 3432 4432 τὴν
3485 4363 3641 4414 πόλιν
3676 4365 3849 4416 αὐτῶν

2264 4432 2537 4521 Ναζαρέτ·
2579 4447 2646 4521 ἦν
2685 4452 2783 4520 μὲν
2818 4452 2923 4521 γὰρ
2953 4453 3045 4505 καὶ
3075 4455 3107 4522 ἡ
3137 4453 3406 4524 Βηθλεέμ,
3448 4455 3606 4519 πόλις
3641 4458 3843 4513 αὐτῶν.

596 4543 752 4598 Jcsus
787 4563 912 4610 vero
937 4556 1195 4617 quantum
1229 4551 1294 4606 ad
1321 4567 1520 4622 corpus
1549 4556 1741 4622 crevit,
1773 4561 2020 4626 quamvis
2055 4572 2157 4628 po.-

2266 4542 2382 4596 ἀλλ’
2423 4544 2496 4604 ὠς
2549 4541 2744 4610 πατρίς
2771 4556 2784 4569 ·
2818 4544 2851 4610 ἡ
2877 4541 2933 4597 δὲ
2981 4543 3258 4615 Ναζαρὲτ,
3298 4545 3373 4608 ὡς
3401 4550 3846 4620 κατοικητήριον·

601 4636 790 4687 luisset
827 4649 889 4688 ex
920 4646 1074 4689 utero
1107 4637 1293 4694 Matris
1324 4641 1380 4694 in
1411 4651 1616 4697 statura
1647 4645 1749 4699 viri
1783 4646 2009 4715 perfecti
2037 4663 2164 4719 prn-

599 4729 817 4792 cedere;
846 4727 1016 4782 visum
1041 4739 1218 4786 autem
1243 4731 1428 4788 fuisset
1449 4735 1788 4802 phantasma,
1810 4745 1862 4792 et
1885 4747 2163 4807 propterea

598 4821 853 4886 paulatim
885 4823 1102 4878 crescit.
1133 4821 1266 4878 Cum
1292 4834 1473 4881 autem
1501 4835 1792 4892 cresceret,
1825 4831 2045 4884 emicuit
2071 4831 2165 4886 Dei

597 4912 759 4965 Verbi
794 4913 1080 4981 sapientia.
1108 4913 1224 4970 Non
1251 4918 1393 4971 enim
1425 4919 1638 4988 sapiens
1675 4918 1774 4973 fuit
1797 4921 2127 4991 proﬁciendo
2149 4963 2164 4988 ,

599 5005 740 5057 absit
777 5020 790 5055 :
826 5006 916 5058 sed
949 5005 1204 5073 paulatim
1239 5007 1530 5068 declaravit
1567 5010 1780 5066 insitam
1815 5012 2164 5082 sapientiam,

599 5094 824 5160 etjuxta
863 5097 1103 5162 corporis
1143 5106 1406 5154 staturam
1443 5100 1640 5156 dicitur
1673 5103 1938 5173 proﬁcere
1962 5115 2018 5158 et
2050 5121 2170 5158 cor-

602 5189 840 5240 roborari
891 5189 1100 5256 spiritu.
1155 5190 1210 5246 Si
1267 5195 1412 5248 enim
1478 5194 1713 5262 quandiu
1768 5198 1944 5252 brevis
2006 5197 2164 5267 29],

602 5280 782 5332 fuisse!
811 5290 1037 5345 statura,
1065 5284 1388 5340 ostentﬁsset
1411 5299 1626 5340 omnem
1651 5288 1996 5356 sapientiam,
2024 5291 2169 5342 visus

603 5370 792 5423 fuisset
844 5372 1185 5440 prodigiosus
1234 5391 1248 5428 :
1291 5391 1432 5430 nunc
1483 5387 1663 5436 autem
1705 5377 1855 5445 juxta
1908 5381 2168 5434 rationem

603 5474 843 5524 stultum.
875 5464 1116 5531 seipsum
1155 5481 1252 5535 pro
1296 5468 1464 5536 ipsius
1499 5471 1798 5538 capacitate
1845 5473 2170 5535 ostendens,

601 5555 1059 5616 dispensationem
1080 5557 1354 5624 implebat,
1377 5575 1480 5617 non
1498 5576 1833 5629 praesumens
1851 5565 2168 5632 sapientiam

602 5646 756 5712 (quid
808 5647 954 5703 enim
1009 5651 1294 5718 perfectius
1338 5667 1438 5718 eo,
1477 5654 1565 5723 qui
1600 5653 1666 5708 ab
1713 5654 1867 5708 initio
1903 5654 1997 5708 fuit
2047 5673 2166 5725 per

603 5733 827 5807 fectus?)
865 5754 1044 5792 verum
1083 5742 1340 5810 paulatim
1379 5745 1520 5798 illam
1559 5745 1812 5803 denudat.

2267 4631 2464 4705 ηὔξανε
2514 4632 2569 4684 δὲ
2619 4634 2646 4685 ὁ
2688 4630 2897 4701 Ἰησοῦς
2946 4635 3085 4686 κατὰ
3119 4634 3179 4686 τὸ
3228 4634 3420 4706 σῶμα,
3468 4637 3648 4690 καίτοι
3697 4639 3849 4692 δινά-

2271 4741 2432 4794 μενος
2458 4726 2521 4774 ἐκ
2557 4727 2771 4794 μήτρας
2793 4725 2996 4794 αὐτῆς,
3023 4727 3102 4790 είς
3129 4728 3328 4800 μέτρον
3351 4728 3565 4798 ἡλικίας
3589 4731 3843 4799 ἀνδρικῆς

2267 4815 2532 4884 ἀναϐῆναι
2554 4857 2566 4879 ,
2606 4815 2719 4866 ἀλλ’
2753 4816 2933 4881 ἔδοξεν
2963 4816 3030 4870 ἂν
3066 4819 3358 4887 φαντασία,
3387 4810 3476 4872 διὰ
3508 4820 3669 4873 τοῦτο
3707 4823 3845 4873 κατά

2272 4907 2466 4976 μικρον
2516 4906 2760 4969 αὐξάνει·
2817 4907 3141 4972 αὺξάνοντος
3183 4910 3275 4974 δὲ,
3321 4911 3634 4980 ἐξεφαίνετο
3678 4915 3709 4981 ἡ
3758 4911 3845 4966 τοῦ

2270 5000 2404 5052 Θεοῦ
2434 5002 2609 5068 Λόγου
2653 5004 2837 5072 σοφία·
2887 5004 2949 5057 ού
2991 5004 3098 5076 γὰρ
3143 5006 3285 5059 κατὰ
3318 5008 3601 5078 προκοπὴν
3645 5010 3847 5076 ἐγίνετο

2274 5094 2457 5161 σορὸς,
2516 5096 2720 5164 ἄπαγε.
2785 5097 2944 5151 Ἀλλά
2996 5099 3138 5156 κατά
3190 5100 3384 5172 μικρὸν
3431 5102 3712 5170 ἐκφαίνων
3758 5106 3849 5172 τὴν

2271 5186 2508 5255 ἔμφυτον
2544 5173 2774 5255 σοφίαν,
2829 5189 3138 5254 ἀκολούθως
3193 5194 3257 5262 τῇ
3291 5197 3579 5264 σωματικῇ
3633 5194 3846 5266 ἡλικέᾳ,

2271 5281 2488 5347 λέγεται
2516 5283 2844 5353 προκόπτειν
2876 5283 2972 5335 καὶ
3010 5284 3402 5354 κραταιοῦσθαι
3431 5285 3508 5353 τῷ
3540 5289 3842 5354 πνεύματι·

2271 5378 2319 5426 εί
2351 5377 2460 5444 γὰρ
2485 5379 2541 5427 ἐν
2566 5377 2673 5444 ὅσῳ
2698 5371 2764 5446 ἦν
2795 5376 3001 5446 βραχὺς
3028 5375 3127 5447 τὴν
3153 5377 3387 5447 ἡλικίαν,
3417 5377 3647 5448 ἐξέφηνε
3672 5381 3846 5433 πᾶσαν

2277 5466 2488 5533 σοφίαν,
2519 5466 2696 5530 ἔδοξεν
2727 5467 2791 5519 Ξιν
2816 5467 3001 5536 τέρας·
3039 5468 3130 5521 νῦν
3167 5469 3223 5521 δὲ
3266 5469 3544 5537 ἀναλόγως
3573 5473 3638 5539 τῇ
3664 5470 3845 5540 ἡλικία

2279 5557 2552 5618 ἐνδεικνὶς
2584 5557 2774 5608 ἑαυτὸν
2804 5557 2879 5619 ὡς
2905 5557 3184 5628 ἐνεχώρει,
3214 5559 3310 5626 τὴν
3342 5562 3656 5629 οἰκονομίαν
3687 5560 3844 5629 ἐπλή-

2277 5667 2404 5720 ρου,
2456 5649 2516 5700 οῦ
2571 5650 2971 5719 προλαμϐάνων
3026 5653 3218 5720 σοφίαν
3274 5652 3357 5721 (τί
3408 5652 3519 5724 γὰρ
3597 5653 3690 5705 τοῦ
3757 5652 3845 5704 ἀπ’

2275 5742 2451 5810 ἀρχῆς
2505 5743 2708 5794 τελείου
2757 5742 2950 5809 γένοιτ’
3002 5744 3067 5795 ἂν
3118 5745 3521 5813 τελειότερον;)
3566 5746 3702 5800 ἀλλὰ
3751 5745 3844 5816 τὴν

2281 5832 2446 5886 οῧσαν
2479 5834 2616 5886 κατᾶ
2645 5836 2816 5905 βραχὺ
2852 5839 3248 5907 παραγυμνῶν.

4035 889 4039 1124 Ί

4039 1244 4041 1392 ι
