4108 6334
258 423 365 485 7l3

344 555 361 586 ι
402 536 506 588 Kal
547 534 873 605 ἐπορεύοντο
907 533 956 588 οἱ
991 535 1169 602 γονεῖς
1225 532 1392 587 αὑτοῦ
1452 532 1572 586 κατ’
1631 531 1748 596 ἔτος
1779 534 1859 596 εἰς
1889 535 1936 594 Α

268 629 633 699 Ἰερουσαλὴμ
671 629 736 698 τῇ
770 627 933 697 ἑορτῇ
964 626 1060 680 τοῦ
1112 626 1341 695 Πάσχα’
1379 624 1474 679 καὶ
1512 625 1602 677 ὅτε
1637 625 1859 693 ἐγένετο

261 721 404 774 ἑτῶν
455 722 682 783 δώδεκα,
749 719 1072 774 ἀναϐάντων
1125 718 1312 772 αὐτῶν
1365 721 1447 782 εἰς
1508 718 1860 787 Ἱεροσόλυμα

259 808 403 862 κατὰ
448 810 508 862 τὸ
578 808 698 874 ἔθος
736 809 835 878 τῆς
886 809 1104 878 ἑορτῆς,
1159 809 1254 861 καὶ
1307 807 1722 862 τελειωσάντων
1757 807 1856 870 τὰς

259 902 496 972 ἡμέρας,
553 903 610 954 ἐν
691 901 767 972 τῷ
845 902 1210 973 ὑποστρέφειν
1270 901 1492 964 αὑτοὺς,
1562 898 1858 969 ἀπέμεινεν

272 994 485 1065 Ἰησοῦς
513 999 540 1046 ὁ
574 997 705 1058 παῖς
736 997 795 1048 ἐν
833 995 1215 1065 Ἰερουσαλὴμ,
1272 995 1367 1048 καὶ
1399 998 1500 1049 οὐκ
1559 994 1700 1063 ἔγνω
1745 994 1858 1047 Ἰω-

261 1085 371 1155 σὴφ
403 1086 500 1140 καὶ
541 1089 572 1157 ἡ
602 1088 785 1157 μήτηρ
817 1087 984 1138 αὑτοῦ
1008 1101 1020 1113 ·
1055 1086 1384 1155 νομίσαντες
1417 1087 1474 1139 δὲ
1499 1085 1662 1139 αὑτὸν
1697 1088 1756 1139 ὲν
1788 1088 1855 1156 τῇ

260 1181 482 1253 συνοδίᾳ
541 1177 706 1247 εἶναι,
767 1177 932 1250 ἦλθον
986 1180 1206 1249 ἡμέρας
1242 1180 1359 1232 ὁδόν
1383 1196 1394 1210 ·
1434 1180 1530 1232 καὶ
1562 1179 1858 1250 ἀνεζήτουν

257 1274 424 1326 αὑτὸν
469 1275 526 1326 ὲν
575 1276 687 1336 τοῖς
724 1272 1010 1341 συγγενέσι
1055 1272 1148 1324 καὶ
1200 1274 1256 1324 ὲν
1289 1273 1399 1324 τοῖς
1432 1273 1721 1337 γνωστοῖς⁸
1763 1271 1859 1325 καὶ

252 1368 338 1440 μὴ
371 1365 621 1437 εὑρόντες
649 1364 832 1427 αὐτδν,
863 1364 1208 1434 ὑπέστρεψαν
1257 1366 1340 1426 εἰς
1381 1362 1739 1433 Ἰερουσαλὴμ
1761 1361 1859 1430 ζη-

256 1457 479 1521 τοῦντες
513 1457 699 1516 αὑτὸν,
728 1457 820 1508 καὶ
852 1456 1083 1522 ἐγένετο,
1121 1454 1239 1523 μεθ’
1277 1455 1490 1524 ἡμέρας
1524 1455 1672 1524 τρεῖς
1701 1448 1856 1520 εὗρον

254 1552 426 1605 αὑτὸν
461 1554 518 1604 ἐν
564 1549 642 1620 τῷ
694 1547 845 1618 ἱερῷ,
883 1546 1246 1617 καθεζόμενον
1294 1549 1351 1598 ἐν
1387 1547 1536 1617 μέσῳ
1573 1544 1682 1597 τῶν
1711 1545 1860 1597 διδα-

260 1644 500 1702 σκάλων,
540 1644 633 1695 καὶ
665 1640 935 1693 ἀκούοντα
977 1640 1179 1701 αὐτῶν,
1224 1641 1318 1692 καὶ
1368 1637 1736 1708 ἐπερωτῶντα
1762 1636 1829 1690 αὑ

254 1735 406 1800 τούς.
462 1735 772 1799 Ἑξίσταντο
802 1733 858 1785 δὲ
886 1734 1090 1796 πάντες
1132 1733 1180 1784 oi
1227 1730 1517 1793 ἀκούοντες
1538 1729 1726 1795 αὑτοῦ,
1769 1731 1860 1782 ἐπὶ

254 1829 324 1896 τῇ
360 1827 575 1879 συνέσει
610 1827 703 1877 καὶ
723 1827 843 1885 ταῖς
868 1822 1226 1893 ἀποκρίσεσιν
1268 1822 1434 1874 αὑτοῦ
1458 1838 1471 1851 ·
1510 1824 1604 1874 καὶ
1640 1821 1844 1882 ἰδόντες

256 1921 444 1984 αὑτὸν,
473 1918 858 1987 ἐξεπλάγησαν
886 1933 900 1945 ⁸
929 1919 1021 1970 καὶ
1051 1917 1183 1987 πρὸς
1208 1916 1373 1969 αὑτὸν
1401 1918 1434 1986 ἡ
1474 1917 1659 1986 μήτηρ
1691 1913 1857 1966 αὐτοῦ

255 2006 402 2066 εἴπεο
445 2012 668 2074 Τέκνον,
707 2011 760 2062 τί
792 2010 1057 2077 ἐποίησας
1084 2011 1220 2078 ἡμῖν
1255 2008 1459 2072 οὖτως;
1540 2006 1672 2059 Ἰδοὺ
1699 2008 1727 2058 ὁ
1752 2022 1858 2057 πα-

253 2105 364 2176 τήρ
392 2123 486 2158 σου
522 2103 699 2173 κάγὼ,
731 2102 1061 2173 ὀδυνώμενοι
1105 2101 1410 2172 ἐζητοῦμεν
1436 2118 1519 2156 σε,
1590 2101 1701 2153 Καὶ
1737 2096 1858 2152 εἷπε

255 2196 395 2267 πρὸς
425 2193 652 2258 αὐτούς·
683 2195 748 2247 Τί
791 2195 874 2247 ὅτι
905 2190 1148 2262 ἐζητεῖτέ
1181 2210 1247 2263 με
1274 2211 1287 2258 ;
1317 2193 1432 2246 Οὑκ
1461 2192 1638 2262 ᾔδειτε
1687 2192 1766 2244 ὅτι
1801 2193 1858 2242 ἐν

253 2289 369 2351 τοῖς
425 2286 521 2339 τοῦ
583 2287 796 2356 Πατρός
829 2302 929 2353 μου
984 2284 1067 2337 δεῖ
1110 2278 1249 2336 εἶναί
1303 2300 1408 2353 με;
1466 2284 1577 2336 Kal
1612 2283 1856 2335 αὐτοῖο-5

256 2378 502 2450 συνῆκαν
525 2379 585 2432 τὸ
615 2378 767 2448 ῥῆμα
801 2377 828 2429 δ
864 2376 1128 2446 ἐλάλησεν
1171 2376 1376 2438 αὑτοῖς.
1408 2395 1425 2428 ι
1463 2376 1856 2429 Συναναὸαίνει

252 2474 369 2536 τοῖς
397 2471 650 2539 γονεῦσιν
685 2472 766 2534 είς
811 2469 1194 2541 Ἰερουσαλὴμ,
1228 2469 1315 2522 ἵνα
1339 2469 1426 2522 διά
1465 2470 1684 2523 πάντων
1708 2469 1859 2541 δείξῃ

253 2565 341 2618 ὅτι
366 2564 466 2617 οὑκ
496 2563 644 2616 ἔστιν
676 2561 943 2625 ἀντίθεος,
985 2561 1095 2614 οὐδ’
1144 2560 1531 2615 ἀντιτάσσεται
1557 2563 1672 2624 τοῖς
1705 2579 1857 2615 νενο-

257 2657 685 2729 μοθετημένοιςο
738 2655 1151 2709 τελειωσάντων
1204 2655 1260 2708 δὲ
1310 2656 1408 2718 τὰς
1459 2655 1699 2726 ἡμέρας,
1759 2659 1858 2722 τὰς

255 2748 397 2803 ἑπτὰ
428 2747 633 2819 δηλαδὴ
660 2747 754 2800 τοῦ
783 2747 1002 2817 Πάσχα,
1039 2747 1340 2817 ἀπέμεινεν
1369 2749 1429 2800 ὲν
1467 2749 1854 2820 Ἰερουσαλήμ.

254 2841 548 2911 Συνεζήτει
579 2841 636 2894 δὲ
670 2840 809 2910 μετά
835 2841 944 2893 τῶν
981 2839 1391 2910 Γραμματέων,
1420 2840 1528 2894 ἀπὸ
1570 2841 1662 2893 τοῦ
1689 2843 1856 2913 νόμου

254 2935 478 3006 ιρωτῶν
510 2933 710 2995 αὑτούς
733 2950 746 2964 ·
788 2934 885 2986 καὶ
922 2932 1206 2998 ἐξίσταντο
1249 2935 1472 2997 πάντες.
1542 2932 1706 3006 Ὁρᾷς
1738 2935 1857 3002 πῶς

256 3027 595 3099 προέκοπτεν
625 3027 718 3080 ἐπὶ
765 3027 927 3099 σοφίᾳ
948 3068 963 3093 ,
1003 3027 1092 3080 διὰ
1125 3025 1220 3079 τοῦ
1243 3027 1610 3094 γινώσκεσθαι
1643 3027 1857 3089 πολλοῖς

254 3121 352 3174 καὶ
382 3121 762 3191 θαυμάζεσθαι
792 3137 805 3185 ;
865 3121 898 3188 ἡ
934 3121 1044 3189 γὰρ
1107 3120 1372 3189 ἔκφανσις
1404 3120 1502 3187 τῆς
1533 3118 1728 3187 σοφίας
1759 3119 1857 3171 αὖ-

257 3212 389 3278 τοΰ,
421 3211 559 3284 αὕτη
589 3213 738 3266 ἐστὶν
783 3213 814 3280 ἡ
851 3211 1108 3282 προκοπὴ
1157 3210 1348 3263 αὑτοῦ.
1396 3209 1616 3279 Πατέρα
1671 3209 1729 3262 δὲ
1766 3209 1856 3263 τὸν

268 3301 471 3373 Ἰωσὴφ
533 3304 794 3374 ὀνομάζει
855 3304 889 3373 ἡ
943 3302 1234 3366 Θεοτόκος,
1296 3301 1470 3354 εἰδυῖα
1508 3301 1608 3369 μὲν
1635 3301 1712 3364 ὼς
1756 3302 1856 3354 οὐκ

262 3397 380 3449 ἔστι
426 3398 646 3467 πατήρο
693 3395 835 3465 πλὴν
869 3393 958 3447 διά
1003 3393 1129 3457 τοὺς
1172 3393 1483 3455 Ἰουδαίους,
1522 3393 1608 3446 ἵνα
1658 3393 1732 3464 μὴ
1764 3411 1852 3446 νο-

262 3486 435 3557 μισθῇ
466 3489 531 3539 ὲκ
581 3485 840 3556 πορνείας
901 3479 1064 3547 εῖναι,
1100 3485 1314 3553 πατέρα
1369 3484 1534 3535 αὑτοῦ
1591 3483 1856 3550 λέγειτὸν

267 3579 468 3649 Ἰωσήφ
493 3595 507 3609 ·
566 3579 742 3642 ἄλλως
774 3595 834 3630 τε
879 3578 969 3629 καὶ
1022 3577 1228 3646 πατρὸς
1257 3575 1587 3646 κηδεμονίαν
1615 3577 1855 3640 ἐνδειξά-

260 3689 461 3742 μενον,
527 3673 622 3724 καὶ
680 3669 988 3741 ὑπουργίαν
1033 3669 1092 3722 ἐν
1156 3671 1223 3739 τῇ
1280 3669 1586 3740 ἀνατροφῇ,
1629 3669 1855 3732 εἰκότως

257 3762 545 3834 ὠνόμασεν
570 3761 734 3814 αὑτὸν
768 3760 983 3831 πατέρα
1003 3776 1015 3789 ·
1046 3759 1247 3812 ὡσανεὶ
1277 3759 1549 3827 τιμῶντος
1573 3759 1737 3812 αὑτὸν
1764 3760 1856 3814 τοῦ

258 3859 417 3928 ἁγίου
450 3856 769 3928 Πνεὺματος
811 3858 877 3926 τῇ
925 3855 1018 3909 τοῦ
1073 3854 1276 3925 πατρὸς
1325 3853 1690 3926 προσηγορίᾳ.
1762 3855 1858 3908 Διὰ

257 3952 390 4017 τίβὲ
415 3951 640 4020 ἐζήτουν
671 3950 832 4002 αὐτόν
855 3963 872 4013 ;
898 3943 964 4001 Ἀ
979 3965 1047 4018 ρα
1081 3946 1351 4018 ὑπόληψιν
1378 3947 1602 4016 ἔχοντες
1640 3947 1720 4000 ὅτι
1753 3949 1857 4000 ἁπ-

262 4044 464 4100 όλωλεν
488 4044 520 4113 ἧ
543 4042 880 4113 πεπλάνηται
907 4043 980 4103 ὼς
1003 4044 1130 4104 παῖς
1155 4059 1170 4108 ;
1199 4043 1439 4109 Ἀπαγε.
1459 4038 1598 4093 Οΰτε
1623 4040 1730 4110 γὰρ
1760 4041 1856 4110 τῆς

261 4137 544 4206 πανσόφου
575 4137 796 4207 Μαρίας
830 4135 989 4211 τοῦτο
1017 4132 1109 4208 ἦν,
1147 4135 1350 4206 μυρίας
1387 4133 1693 4204 δεξαμένης
1726 4135 1855 4211 περὶ

259 4229 427 4285 αὑτοῦ
450 4229 850 4298 ἀποκαλύψεις,
885 4227 1009 4282 οὔτε
1043 4226 1136 4281 τοῦ
1184 4229 1408 4297 Ἰωσὴφ,
1439 4227 1535 4280 τοῦ
1564 4230 1659 4279 καὶ
1689 4227 1855 4280 αὐτοῦ

260 4323 752 4392 ἀποκαλυφθέντος
782 4323 864 4377 ὄτι
889 4325 953 4376 ὲκ
985 4322 1123 4376 [Ινεύ
1135 4339 1305 4391 ματος
1337 4320 1492 4388 ἁγίου
1519 4320 1687 4373 ἐστίν.
1711 4320 1854 4373 Ἀλλ’

257 4417 491 4487 ἐζήτουν
543 4413 729 4482 αὑτδν,
794 4416 993 4485 μήπως
1046 4414 1261 4482 ἀπέστη
1295 4413 1389 4464 ἀπ’
1420 4411 1620 4478 αὐτῶν,
1657 4416 1856 4482 μήπως

261 4505 652 4561 καταλέλοιπεν
712 4503 936 4563 αὐτούς.
1004 4503 1157 4556 Ἐπεὶ
1216 4502 1273 4555 δὲ
1320 4496 1480 4571 εὖρον
1526 4504 1713 4566 αὑτὸν,
1757 4503 1856 4572 ὅρα

965 418 1411 499 ENARRATIO
1457 418 1536 480 [Ν
1580 417 2085 480 EVANGELIUM
2127 419 2269 480 LUC
2293 418 2364 479 Ε.
2396 445 2463 454 --
2496 419 2657 478 ΕΧΡ.
2702 419 2787 478 Π.

3458 413 3564 480 734

2042 530 2208 585 Vens.
2261 531 2448 585 iii-50.
2481 549 2499 581 t
2538 529 2602 583 Et
2635 529 2785 582 ibant
2830 534 3084 597 parentes
3120 525 3236 594 ejus
3268 529 3565 595 quotannis

1964 626 2400 697 Hierosolymam
2433 626 2489 678 in
2521 626 2608 678 die
2648 624 2783 678 festo
2845 621 3092 676 Paschae.
3133 620 3197 674 Et
3223 636 3345 674 cum
3393 620 3563 672 fat-tus

1964 731 2110 775 esset
2141 733 2409 774 annorum
2438 717 2746 781 duodecim,
2807 713 3230 770 ascendentibus
3283 713 3388 766 illis
3433 714 3566 766 Ilie-

1964 812 2297 883 rosolymatn
2371 812 2670 866 secundum
2756 807 3208 862 consuetudinem
3263 805 3369 860 diei
3418 805 3564 868 festi,

1965 908 2470 975 consummatisque
2501 905 2692 960 diebus
2718 919 2840 960 cum
2866 903 3108 957 redirent
3144 901 3242 967 illi,
3304 900 3567 953 remansit

1963 1016 2099 1071 puer
2128 997 2284 1054 Jesns
2310 998 2727 1069 Hierosolymis,
2752 1007 2805 1051 et
2831 1011 2941 1071 non
2976 1003 3349 1061 cognoverunt
3373 1008 3567 1060 paren-

1966 1103 2050 1150 tes
2135 1093 2276 1162 ejus.
2337 1092 2607 1146 Caeterum
2653 1091 2755 1141 rati
2818 1067 2968 1140 illum
2994 1101 3115 1140 esse
3171 1086 3224 1139 in
3283 1084 3563 1143 eunritatu,

1967 1195 2239 1241 venerunt
2301 1185 2498 1238 itinere
2557 1182 2684 1245 diei,
2721 1191 2776 1234 et
2850 1176 3204 1248 requirebant
3258 1192 3381 1229 cum
3423 1177 3567 1228 inter

1965 1290 2234 1350 cognatos
2261 1277 2710 1336 etintcrnotos.
2781 1273 3004 1327 Etcum
3058 1285 3162 1323 non
3227 1269 3566 1322 invenissent

1966 1390 2116 1437 eum,
2155 1371 2358 1425 reversi
2396 1379 2523 1422 sunt
2556 1366 3010 1437 Hierosolymam,
3053 1367 3363 1429 quazrcntes
3415 1374 3564 1414 eum.

1967 1463 2033 1518 Et
2072 1463 2270 1518 accidit
2296 1469 2410 1532 post
2454 1461 2715 1522 tridumn,
2759 1459 3085 1512 invenerunt
3112 1454 3260 1508 illum
3283 1454 3336 1507 in
3366 1453 3568 1521 templo

1967 1555 2327 1612 sedentemiu
2364 1553 2540 1609 medio
2599 1555 2911 1612 doctorum,
2957 1547 3271 1601 audientem
3329 1544 3472 1606 illos,
3514 1557 3567 1596 et

1965 1648 2395 1718 interrogantem
2449 1660 2562 1698 eos.
2616 1641 2922 1710 Stupebant
2983 1647 3164 1692 autem
3225 1651 3414 1690 omnes
3472 1635 3565 1704 qui

1965 1756 2089 1797 eum
2120 1740 2436 1800 audiebant,
2478 1732 3017 1806 superintelligentia
3047 1741 3100 1785 et
3126 1729 3404 1798 responsis
3427 1728 3565 1794 ejus,

1965 1844 2018 1888 et
2044 1832 2160 1887 viso
2195 1845 2282 1894 eo,
2310 1828 2562 1882 admirati
2589 1829 2735 1879 sunt.
2768 1823 2834 1878 Et
2887 1823 3025 1877 dixit
3089 1829 3268 1875 mater
3335 1819 3451 1888 ejus
3502 1820 3566 1870 ad

1966 1925 2112 1979 illum
2145 1940 2158 1976 :
2195 1922 2318 1987 Fili,
2344 1936 2440 1975 cur
2471 1918 2644 1973 fecisti
2679 1917 2837 1970 nobis
2857 1915 2985 1969 sic?
3012 1913 3152 1968 Ecce
3179 1925 3334 1982 pater
3365 1923 3490 1965 tuus
3518 1919 3571 1965 et

1963 2033 2065 2088 ego
2099 2017 2351 2071 dolentes
2375 2012 2754 2084 quaerebamus
2781 2021 2854 2068 te.
2889 2009 2956 2064 Et
2989 2009 3064 2062 ait
3095 2005 3161 2062 ad
3218 2007 3342 2062 illos
3377 2022 3391 2059 :
3429 2005 3568 2073 Quid

1960 2118 2044 2164 est
2076 2108 2218 2178 quod
2262 2105 2596 2175 qum-ebati‘s
2631 2103 2767 2161 me?
2800 2103 2884 2157 An
2935 2100 3265 2158 uesciebatis
3323 2097 3468 2169 quod
3510 2097 3564 2151 in

1965 2205 2049 2256 bis
2077 2216 2198 2271 quae
2231 2198 2417 2254 Patris
2457 2198 2561 2250 mei
2606 2205 2755 2262 sunt,
2787 2202 3002 2264 oportet
3037 2207 3124 2252 me
3155 2191 3343 2247 esse?
3365 2192 3434 2248 At
3494 2189 3566 2243 illi

1965 2311 2072 2350 non
2143 2293 2534 2348 intellexerunt
2606 2305 2941 2355 sermonem,
3015 2301 3175 2358 quem
3234 2286 3446 2341 locutus
3489 2296 3571 2339 est

1966 2386 2122 2456 ipsis.
2163 2403 2180 2435 ι
2217 2385 2392 2438 Simul
2430 2382 2579 2437 venit
2605 2397 2727 2437 cum
2772 2381 3092 2456 parentibus
3137 2380 3190 2434 in
3240 2376 3568 2440 Jerusalem,

1965 2490 2022 2532 ut
2057 2495 2153 2549 per
2185 2478 2368 2532 omnia
2403 2476 2652 2530 ostendat
2678 2489 2870 2530 senon
2908 2453 3291 2533 adversarium
3317 2473 3447 2536 Deo,
3477 2488 3542 2525 ne

1963 2586 2068 2643 que.
2100 2584 2494 2642 repugnantem
2525 2570 2611 2624 his
2633 2583 2752 2636 qua:
2774 2583 2801 2624 a
2823 2568 2943 2637 lege
2962 2568 3136 2637 posita
3165 2567 3402 2621 fuerunt.
3432 2566 3567 2620 Cum

1964 2663 2324 2738 perfecissent
2357 2672 2536 2717 autem
2593 2661 2708 2716 dies
2769 2670 3001 2732 septem,
3063 2660 3286 2714 Pascha!
3334 2660 3567 2724 scilicet,

1964 2753 2165 2808 mansit
2204 2755 2254 2806 in
2285 2753 2611 2808 Jerusalem.
2633 2753 2958 2822 Disputabat
2975 2750 3157 2804 aufem
3180 2765 3302 2804 cum
3326 2749 3568 2809 Scribis.

1967 2860 2172 2914 rogans
2202 2859 2296 2899 eos
2321 2846 2388 2899 de
2422 2845 2536 2915 lege
2574 2853 2666 2900 :et
2697 2846 3098 2913 obstupuerunt
3152 2856 3361 2897 omnes.
3411 2840 3574 2895 Vides

1966 2935 2240 3004 quomodo
2271 2935 2568 3002 profecerit
2591 2935 2643 2987 in
2670 2933 3042 3003 sapientia,eo
3074 2932 3218 3000 quod
3249 2941 3570 2986 nosceretur

1963 3041 1990 3081 a
2027 3026 2235 3087 multis,
2275 3036 2329 3080 ct
2357 3028 2409 3080 in
2451 3027 2814 3080 admiratione
2865 3025 3050 3081 esset?
3111 3023 3380 3078 Emicatio
3422 3022 3568 3076 enim

1961 3119 2245 3186 sapientiae
2268 3118 2407 3187 ejus,
2439 3118 2722 3188 profccws
2743 3118 2861 3188 ipse
2890 3127 2992 3174 est.
3024 3115 3198 3171 Porro
3251 3117 3427 3186 ipsum
3474 3113 3572 3168 Jo-

1887 3243 1931 3304 C
1965 3212 2097 3281 scph
2144 3220 2353 3280 patrem
2388 3213 2636 3265 nominat
2661 3210 2755 3264 Dei
2782 3208 3054 3272 Genitrix,
3120 3208 3300 3263 sciens
3348 3206 3571 3276 quidem

1964 3322 2072 3360 non
2135 3321 2255 3361 esse
2277 3316 2487 3377 patrem
2529 3325 2541 3360 :
2570 3315 2944 3362 verumtamen
2972 3315 3196 3374 propter
3225 3302 3462 3370 Judaaos,
3516 3310 3575 3357 ut

1966 3419 2034 3458 ne
2069 3405 2322 3459 videatur
2349 3419 2412 3457 ex
2451 3402 2816 3463 fornicatione
2843 3410 3168 3473 prognatus,
3196 3409 3404 3470 patrem
3456 3399 3574 3467 ejus

1962 3496 2094 3551 dicit
2121 3496 2347 3566 Josepb.
2383 3494 2478 3550 Vel
2506 3497 2690 3550 aliter:
2729 3494 2998 3561 Quoniam
3034 3493 3180 3547 velut
3201 3503 3354 3563 pater
3382 3508 3571 3546 curam

1965 3591 2120 3660 pueri
2152 3590 2401 3660 gerebat,
2437 3599 2492 3658 et
2529 3589 2694 3645 simul
2743 3587 3128 3643 conversando
3197 3587 3563 3651 ministrabat,

1964 3685 2160 3738 merito
2187 3671 2490 3737 nominavit
2512 3682 2665 3740 illum
2696 3691 2932 3751 patrem,
2974 3690 3232 3749 tanquam
3269 3678 3575 3734 ltonorante

1963 3775 2112 3828 illum
2193 3774 2398 3842 Spiritu
2496 3783 2688 3829 sancto
2770 3772 2947 3841 patris
3022 3771 3308 3825 vocabulo.
3395 3770 3577 3837 Quare

1964 3878 2142 3922 autem
2176 3868 2490 3937 quan-ebant
2524 3865 2719 3922 illum?
2750 3862 2891 3920 Num
2933 3865 3357 3932 suspicabantur
3393 3863 3576 3931 perdi-

1967 3973 2077 4012 tum
2113 3961 2262 4013 illum
2310 3969 2403 4014 aut
2455 3960 2600 4028 quod
2654 3961 2962 4014 aberrasset
3026 3969 3084 4012 ut
3142 3957 3313 4025 puer?
3377 3956 3574 4011 Absit!

1962 4051 2148 4122 Neque
2227 4054 2370 4106 enim
2447 4055 2551 4108 hoc
2622 4053 3038 4123 sapientissinm
3099 4051 3286 4105 Maria:
3385 4049 3574 4112 fuerit.

1961 4157 2080 4212 qua:
2122 4140 2388 4212 plurimas
2418 4141 2483 4195 de
2519 4142 2611 4197 illo
2646 4148 2936 4210 acceperat
2963 4140 3349 4204 revelationes,
3400 4153 3576 4209 neque

1960 4233 2185 4304 Josepb,
2213 4236 2298 4290 cui
2327 4243 2380 4289 et
2406 4235 2505 4303 ipsi
2529 4235 2597 4289 de
2625 4235 2716 4289 illo
2757 4236 3057 4289 revelatum
3086 4243 3205 4287 erat
3229 4234 3371 4301 quod
3398 4248 3424 4286 ιι
3453 4231 3580 4302 8ρῑ’

1965 4329 2070 4382 ritu
2105 4335 2296 4384 sancto
2341 4338 2506 4384 esset.
2540 4328 2740 4382 Verum
2795 4327 3120 4402 quaerebant
3170 4327 3342 4392 illum,
3379 4342 3444 4381 ne
3468 4342 3577 4395 quo

1965 4429 2124 4490 pacto
2144 4422 2212 4475 ab
2237 4423 2316 4476 eis
2347 4422 2591 4485 abiisset,
2612 4436 2789 4491 neque
2808 4420 2945 4476 forte
2965 4421 3282 4492 reliquisset
3301 4419 3443 4474 illos.
3471 4417 3571 4474 Ubi

1970 4524 2150 4569 autem
2185 4515 2514 4569 invenerunt
2546 4530 2694 4574 eum.
2726 4514 2846 4570 vide
2878 4517 3154 4584 quomodo
3177 4514 3310 4582 ipsis
3343 4529 3572 4585 rcSpon-

261 4598 382 4662 πῶς
426 4598 612 4660 αὐτοῖς
669 4595 1034 4666 ἀποκρίνεται
1062 4613 1074 4625 ’
1132 4595 1230 4662 τῆς
1279 4595 1388 4666 γὰρ
1425 4594 1735 4668 Παρθένου,
1768 4596 1857 4646 τὸν

1970 4612 2086 4666 det.
2122 4613 2255 4666 Cum
2283 4611 2429 4666 enim
2456 4611 2624 4682 Virgo
2659 4608 2858 4680 Josepb
2891 4620 3103 4680 patrem
3149 4610 3267 4679 ejus
3321 4609 3574 4673 dixisset,

274 4691 476 4761 Ἰωσὴφ
509 4691 721 4762 πατέρα
748 4689 1017 4758 εἰπούσης
1046 4687 1237 4752 αὐτοῦ,
1273 4688 1482 4749 ἐκεῖνός
1517 4705 1681 4756 φησιν
1705 4689 1861 4754 ’,Οὐκ

262 4766 435 4845 αὑτός·
460 4783 609 4835 ἐστιν
644 4783 672 4835 δ
699 4780 907 4852 ἀληθής
953 4797 1056 4850 μου
1105 4780 1314 4850 Πατὴρ,
1364 4775 1399 4849 ἦ
1455 4779 1566 4849 γὰρ
1596 4781 1662 4832 ἂν
1698 4781 1754 4831 ἐν
1785 4779 1860 4849 τῷ

261 4873 396 4945 οἴκῳ
424 4871 590 4926 αὑτοῦ
625 4873 796 4942 ἥμηνο
838 4871 952 4926 ἀλλ’
985 4874 1014 4926 ὁ
1040 4870 1173 4932 Θεός
1206 4872 1322 4924 ἐστί
1362 4889 1464 4942 μου
1498 4873 1708 4944 Πατήρ.
1750 4875 1861 4927 Kal

260 4965 351 5020 διὰ
388 4965 545 5019 τοῦτο
579 4967 637 5020 έν
676 4965 755 5036 τῷ
791 4965 923 5036 οἴκῳ
980 4965 1144 5019 αὑτοῦ
1194 4967 1332 5035 εἰμι,
1373 4965 1647 5019 τουτέστιν
1697 4968 1751 5019 ὲν
1784 4966 1860 5037 τῷ

263 5061 375 5129 ναῷ
412 5058 600 5114 αὑτοῦ.
648 5059 792 5112 Ἀλλ’
821 5057 978 5112 αὐτοὶ
1031 5057 1094 5112 οὑ
1121 5059 1367 5125 συνῆκαν
1402 5058 1430 5110 ὃ
1466 5058 1732 5126 ἐλάλησεν
1764 5061 1859 5112 αὖ·

262 5154 375 5215 τοῖς
396 5168 408 5178 ·
444 5153 749 5222 μυστήριον
783 5150 895 5221 γὰρ
925 5145 1015 5222 ἦν.

340 5261 358 5293 t
397 5242 508 5295 Kal
541 5241 752 5311 κατέϐη
804 5239 924 5311 μετ’
984 5241 1189 5307 αὑτῶν,
1225 5243 1317 5294 καὶ
1371 5238 1532 5314 ἦλθεν
1557 5252 1633 5305 εις
1671 5244 1856 5309 Ναζα-

265 5343 380 5413 ρέτ.
449 5339 558 5393 Kal
591 5334 660 5410 ἦν
711 5339 1162 5408 ὑποτασσόμενος
1197 5341 1380 5404 αὐτοῖς
1411 5357 1425 5372 ο
1475 5344 1570 5394 καὶ
1602 5344 1634 5414 ἡ
1675 5343 1859 5413 μήτηρ

261 5431 432 5487 αὐτοῦ
467 5432 709 5503 διετήρει
740 5433 921 5486 πάντα
949 5431 1019 5486 τὰ
1049 5434 1271 5507 ῥήματα
1314 5435 1487 5487 ταῦτα
1532 5439 1587 5488 ὲν
1614 5439 1678 5506 τῇ
1720 5455 1857 5506 καρ-

261 5523 350 5595 δία
372 5523 567 5593 αὐτῆς.
601 5523 708 5577 Καὶ
746 5522 960 5594 Ἰησοῦς
983 5527 1295 5594 προέκοπτε
1333 5529 1497 5597 σοφίᾳ
1532 5530 1625 5579 καὶ
1649 5529 1856 5599 ἡλικίᾳ,

265 5620 361 5670 καὶ
397 5617 582 5687 χάριτι
606 5616 757 5687 παρὰ
787 5616 908 5686 Θεῷ
933 5619 1026 5669 καὶ
1050 5617 1381 5687 ἀνθρώποις.
1421 5639 1438 5670 ι
1485 5620 1858 5674 ’Υπετὰσσετο

268 5713 371 5768 τοῖς
407 5709 649 5778 γονεῦσι,
685 5710 857 5764 τύπον
883 5711 1058 5774 διδοὺς
1090 5713 1182 5764 καὶ
1213 5713 1366 5781 ἡμῖν,
1400 5714 1472 5775 ὡς
1500 5713 1566 5766 ἂν
1605 5717 1715 5780 τοῖς
1756 5734 1859 5768 πα-

266 5805 456 5870 τράσιν
486 5802 922 5874 ὑποταττώμεϐα
945 5820 956 5831 ⁸
993 5808 1284 5876 συνετήρει
1330 5807 1385 5858 δὲ
1414 5806 1582 5860 ταῦτα
1610 5811 1786 5862 πάντα
1824 5812 1854 5879 ἡ

265 5897 566 5964 Παρθένιος.
620 5897 752 5952 Θεῖα
810 5897 916 5969 γὰρ
951 5893 1016 5969 ἧν
1061 5900 1125 5953 τά
1173 5916 1230 5952 τε.
1285 5898 1638 5975 πραττόμενα
1667 5903 1758 5955 καὶ
1791 5902 1856 5954 τὰ

1971 4703 2063 4758 ille
2090 4703 2224 4756 dixit
2269 4702 2428 4759 :Nou
2460 4702 2546 4756 hic
2578 4717 2741 4793 verus
2771 4709 2926 4772 pater
2959 4717 3109 4755 meus
3135 4711 3240 4766 est,
3288 4699 3491 4767 alioqui
3519 4700 3573 4754 in

1973 4797 2132 4849 domo
2169 4795 2287 4863 ejus
2313 4792 2674 4849 mansissetn:
2704 4797 2796 4850 sed
2847 4793 2986 4848 Deus
3040 4802 3122 4848 est
3177 4792 3341 4848 Pater
3402 4805 3574 4853 meus,

1972 4899 2025 4942 et
2057 4897 2342 4957 propterea
2377 4887 2430 4942 in
2463 4889 2626 4942 domo
2652 4888 2798 4942 illius
2836 4903 2981 4949 sum,
3018 4886 3121 4940 huc
3154 4895 3256 4949 est,
3297 4885 3348 4940 iu
3381 4885 3579 4952 templo

1971 4978 2135 5033 illius.
2170 4978 2367 5033 Verum
2415 4980 2513 5048 ipsi
2569 4995 2674 5034 non
2734 4979 3123 5032 intellexerunt
3189 4977 3316 5046 quid
3365 4975 3578 5031 locutus

1972 5071 2135 5141 292
2168 5082 2311 5127 cst-et
2344 5073 2425 5127 eis
2455 5091 2466 5126 :
2492 5080 2892 5126 sacramentum
2923 5073 3068 5126 enim
3103 5081 3239 5124 erat.

2049 5252 2216 5308 Vsus.
2283 5253 2374 5316 5|,
2404 5254 2494 5308 52.
2529 5271 2547 5305 ι
2586 5253 2648 5308 Et
2680 5253 2963 5310 descendit
3007 5269 3129 5308 cum
3185 5255 3282 5316 eis,
3323 5254 3581 5323 venitque

1972 5344 2290 5398 Nazaretb:
2353 5355 2585 5414 eratque
2640 5347 2891 5401 subditus
2947 5346 3075 5402 illis.
3138 5344 3202 5399 Et
3243 5358 3416 5400 mater
3460 5347 3577 5416 ejus

1973 5439 2339 5493 conservabat
2376 5441 2558 5494 omnia
2586 5442 2748 5495 verba
2772 5441 2888 5496 lucc
2917 5442 2965 5495 in
2991 5443 3156 5496 corde
3181 5456 3302 5495 suo.
3335 5441 3392 5492 Et
3418 5440 3578 5496 .lcsus

1971 5532 2290 5601 proficiebat
2327 5535 2618 5602 sapientia.
2643 5546 2692 5586 et
2731 5543 2911 5598 aetate,
2946 5545 3000 5588 et
3029 5536 3203 5604 gratia
3233 5542 3371 5602 apud
3406 5534 3573 5586 Deum

1970 5625 2414 5679 ataueltotnines.
2439 5644 2458 5677 ›
2485 5626 2745 5680 Subditus
2766 5626 2865 5680 fuit.
2890 5629 3224 5687 parentibus,
3252 5629 3380 5680 dato
3404 5627 3571 5682 etiam

1974 5719 2129 5771 nobis
2147 5720 2397 5782 exemplo
2429 5730 2484 5772 ut
2504 5735 2564 5788 pa
2582 5718 2752 5773 tribus
2785 5721 2964 5774 simus
2981 5723 3318 5774 obedieutcs.
3342 5723 3575 5774 Conser-

1969 5811 2330 5862 vabatautem
2378 5813 2488 5866 haec
2519 5813 2698 5865 omnia
2728 5812 2916 5880 Virgo.
2969 5812 3157 5867 Divina
3206 5815 3349 5866 enim
3415 5825 3573 5866 erant

1969 5917 2090 5973 qua:
2137 5901 2458 5959 dicebantur
2497 5918 2544 5959 et
2586 5903 2888 5976 agebantur
2933 5923 2960 5961 a
2993 5920 3182 5980 puero,
3232 5921 3338 5962 non
3416 5904 3575 5973 quasi
