4108 6334
578 407 684 473 ’135

1501 395 2070 464 THEOPHYLACTI
2104 389 2514 454 BULGARl/E
2545 383 2900 447 ARCHIEP.

3719 370 3828 436 736

580 519 867 578 duodecim
890 527 1177 578 annorum,
1201 514 1294 568 sed
1327 510 1478 580 quasi
1507 509 1767 578 perfecto.
1793 508 1928 562 Vide
1964 516 2141 559 autem

2260 501 2516 568 ιεγόμενα
2540 496 2691 566 παρὰ
2719 493 2812 548 τοῦ
2842 490 3052 553 παιδὸς,
3075 489 3169 544 καὶ
3198 489 3295 559 οὐχ
3321 489 3397 551 ὡς
3423 486 3821 550 δωδεκαετοῦςς

583 611 854 679 quomodo
874 607 975 662 hoc
1004 605 1120 659 loco
1147 601 1474 670 evangelista
1501 601 1885 667 interpretatur
1909 598 2035 666 quid
2075 595 2146 650 sit

585 699 843 769 proﬁcere
858 695 1152 766 sapientia;
1176 693 1358 748 subdit
1379 694 1542 754 enim,
1564 701 1619 744 et
1633 699 1811 744 aetate.
1836 687 2143 742 Proiectum

585 805 762 846 autem
796 791 990 854 aetatis,
1023 788 1300 858 sapientiae
1329 786 1623 854 profectum
1649 797 1767 838 esse
1794 783 1948 836 dicit.
2005 779 2145 835 Gra-

586 885 715 938 tiam
750 896 876 936 vero
910 881 1144 936 habebat
1174 882 1316 950 apud
1364 878 1530 933 Deum
1581 886 1635 930 et
1686 876 1827 944 apud
1878 875 2144 936 homines,

589 977 688 1027 hoc
712 983 812 1036 est,
882 971 1072 1039 agebat
1123 986 1186 1026 ea
1246 983 1363 1040 quae
1415 970 1521 1023 Deo
1579 964 1910 1033 beneplacita
1966 969 2144 1025 erant,

585 1071 637 1114 et
679 1078 797 1130 quae
829 1063 1039 1117 laudata
1067 1062 1136 1115 ab
1164 1061 1488 1114 hominibus.
1517 1059 1756 1111 Primum
1788 1068 1968 1109 autem
2007 1051 2144 1122 apud

588 1151 777 1215 Deum,
813 1163 864 1203 et
894 1159 1076 1218 postea
1108 1151 1249 1219 apud
1274 1149 1537 1202 homines.
1564 1146 1800 1200 Primum
1819 1144 1960 1198 enim
1985 1155 2145 1210 opor-

586 1251 659 1294 tet
697 1239 805 1294 Deo
834 1242 1066 1307 placere,
1101 1249 1155 1293 et
1185 1239 1376 1292 deinde
1408 1237 1734 1290 hominibus.

1181 1431 1404 1488 CAPUT
1469 1432 1550 1486 ιιι.

595 1639 668 1691 De
707 1641 1078 1700 pra'diralione
1105 1638 1352 1690 Joannis.
1383 1638 1457 1690 De
1486 1637 1926 1706 interrogantibus
1985 1639 2152 1691 Joan—

661 1726 794 1761 nem.
827 1709 902 1762 De
935 1707 1140 1762 Herode
1169 1719 1212 1759 et
1259 1707 1480 1774 Joanne,
1519 1707 1592 1760 De
1647 1709 1904 1774 baptismo
1967 1708 2150 1761 Salva—

663 1782 808 1832 turie.
839 1777 917 1832 De
943 1780 1243 1847 grnealogia
1285 1763 1500 1831 Christi.

668 2039 830 2090 Vens.
859 2039 967 2092 1—5.
1007 2056 1026 2088 ι
1062 2039 1215 2090 Anno
1253 2045 1430 2090 autem
1464 2036 1673 2089 decimo
1724 2037 1910 2102 quinto
1944 2037 2152 2106 imperii

593 2127 1053 2190 TiberiiCaesaris,
1073 2125 1261 2181 Pontio
1284 2125 1454 2180 Pilato
1475 2127 1698 2193 prmside
1719 2126 1934 2192 Iudaeae,
1957 2138 2154 2182 tetrar-

591 2223 688 2272 eha
742 2235 868 2272 vero
897 2217 1130 2271 Galilaaze
1179 2215 1410 2281 Herode,
1465 2216 1713 2286 Philippo
1773 2233 1950 2272 autem
1989 2219 2155 2274 fratre

593 2312 705 2376 eius
741 2310 1008 2362 tetrarcha
1051 2307 1263 2362 Imma:
1298 2319 1351 2362 et
1386 2307 1788 2362 Trachonitidis
1829 2312 2083 2380 regionis,
2104 2322 2157 2366 et

593 2401 818 2471 Lysania
845 2400 1095 2454 Abilenes
1130 2403 1421 2466 tetrarcha,
1477 2402 1573 2454 sub
1625 2402 1968 2470 pontiﬁcibus
1998 2404 2154 2457 Anna

591 2505 642 2545 et
667 2493 892 2561 Caipha,
930 2493 1132 2547 factum
1163 2505 1247 2546 est
1294 2494 1513 2547 verbum
1545 2492 1636 2546 Dei
1689 2509 1850 2561 super
1895 2493 2154 2549 Joannem

592 2584 865 2638 Zacharia:
897 2583 1062 2636 ﬁlium
1090 2585 1144 2637 in
1176 2585 1408 2638 deserto.
1441 2583 1504 2636 Et
1543 2585 1688 2637 venit
1722 2585 1771 2637 in
1824 2601 2038 2640 omnem
2070 2601 2154 2640 re-

591 2679 802 2745 gionem
858 2675 1141 2730 ﬁnitimam
1180 2675 1424 2739 Jordani,
1482 2677 1778 2742 pradicans
1835 2678 2155 2746 baptismum

593 2769 944 2836 pcenitentizn,
981 2768 1031 2820 in
1071 2768 1441 2821 remissionem
1501 2779 1864 2836 peccatorum.
1906 2788 1924 2820 ι
1988 2768 2156 2824 Recte

593 2876 801 2915 memor
832 2869 989 2914 estet
1028 2861 1300 2928 temporis,
1343 2868 1396 2915 et
1442 2862 1738 2932 principum
1792 2862 2044 2916 illorum:
2100 2870 2159 2916 ut

591 2953 671 3008 sic
704 2952 1039 3006 demonstret
1069 2962 1307 3020 tempore
1366 2951 1567 3006 Christi
1613 2953 1876 3009 defecisse
1905 2953 2158 3008 Judaico-

591 3058 710 3098 rum
748 3044 1048 3112 prmcipum
1085 3044 1503 3106 successionem,
1537 3043 1904 3113 prasidiatum
1940 3045 2154 3113 quidem

594 3135 765 3190 Pilato
802 3136 1015 3188 homine
1044 3135 1474 3204 alteriusgentis,
1530 3137 1916 3190 tetrarchatum
1973 3146 2153 3191 autem

598 3223 826 3278 Herodis
875 3226 1192 3278 Ascalonita:
1253 3225 1372 3278 ﬁliis
1408 3228 1714 3283 tenentibus
1751 3247 1764 3282 :
1800 3230 2158 3296 credaturque

592 3317 790 3368 merito
822 3318 1008 3368 adesse
1041 3316 1308 3380 Christus,
1351 3317 1500 3382 juxta
1533 3319 1866 3386 prophetiam
1905 3319 2070 3373 Jaeob
2093 3321 2159 3374 ¹¹.

605 3424 624 3458 ι
655 3404 878 3461 Factum
914 3417 996 3461 est
1017 3417 1217 3470 autem,
1243 3408 1436 3474 inquit.
1463 3412 1682 3466 verbum
1706 3411 1795 3464 Dei
1819 3426 1979 3478 super
1999 3411 2162 3464 Joan-

595 3512 763 3551 nem:
803 3517 822 3548 ›
867 3508 922 3550 ιιι
967 3498 1143 3554 discas
1175 3498 1319 3552 illum
1356 3515 1464 3553 non
1524 3511 1745 3567 temere,
1803 3518 1973 3572 neque
2024 3505 2159 3557 citra

594 3589 929 3642 vocationem
995 3591 1059 3643 ad
1125 3590 1518 3645 testiﬁcandum
1589 3594 1800 3648 Christo
1847 3597 2158 3663 prosiliisse,

595 3681 689 3734 sed
735 3681 919 3734 divino
949 3691 1152 3734 motum
1207 3679 1428 3749 Spiritu.
1463 3682 1564 3737 Per
1622 3686 1846 3738 verbum
1913 3687 2155 3756 intellige

595 3771 856 3840 Spiritum
888 3781 1154 3836 sanctum,
1196 3773 1278 3828 vel
1315 3773 1622 3828 tnandatum
1653 3777 1766 3830 Dei.
1803 3775 2026 3830 Factum
2073 3787 2155 3831 est

599 3871 781 3918 autem
824 3863 874 3916 in
906 3863 1120 3917 deserto
1155 3864 1376 3918 Verbum
1397 3863 1487 3918 Dei
1514 3867 1579 3918 ad
1601 3864 1888 3933 Joannem,
1923 3868 2159 3938 quando-

603 3956 819 4024 quidem
857 3957 998 4008 enim
1034 3955 1170 4010 ﬁlios
1229 3959 1456 4010 desertae
1517 3958 1968 4026 multiplicaturus
2017 3970 2155 4023 erat,

595 4047 892 4101 Ecclesiam
935 4048 1055 4101 dico
1089 4062 1150 4101 ex
1186 4046 1457 4115 gentibus,
1497 4050 1668 4119 magis
1700 4064 1860 4118 quam
1885 4051 1999 4118 ejus
2041 4067 2160 4122 quae

595 4139 758 4192 habet
786 4138 983 4203 virum,
1014 4137 1115 4190 hoc
1166 4145 1270 4202 est,
1318 4135 1555 4193 Judaica:
1611 4139 1928 4210 Synagogze,
1965 4145 2160 4197 merito

602 4232 658 4283 in
689 4230 906 4283 deserto
937 4229 994 4280 ﬁt
1028 4231 1091 4282 ad
1140 4229 1398 4283 Joannem
1471 4232 1691 4284 verbum
1749 4241 1801 4284 et.
1852 4235 2158 4290 inlaudatum

597 4319 713 4374 Dei.
739 4318 1056 4373 Praedicavit
1076 4329 1255 4374 autem
1281 4322 1541 4388 baptisma
1570 4325 1904 4390 poenitentiae
1929 4328 2158 4394 populis,

597 4411 699 4464 hoc
729 4421 832 4473 est,
864 4409 1242 4466 confessionis.
1260 4409 1430 4466 Porro
1464 4412 1724 4481 baptisma
1771 4419 2159 4483 cooperabatur

2246 593 2380 647 ἀλλὰ
2410 589 2642 643 τελείου.
2673 588 2819 655 Ὀρα
2860 583 2920 637 δέ
2954 583 3070 644 πῶς
3105 581 3340 634 ἐνταῦθα
3370 583 3398 632 ὁ
3427 579 3828 647 εὑαγγελιστὴς

2246 683 2562 754 ἑρμηνεύων
2596 681 2650 734 τί
2680 683 2793 732 ἐστι
2821 679 2878 730 τὸ
2903 679 3231 747 προκόπτειν
3250 672 3441 742 σοφίᾳ,
3480 671 3706 737 ἐπάγει,
3736 668 3828 722 καὶ

2245 775 2449 846 ἡλικία.
2500 775 2612 843 Τὴν
2640 772 2749 841 γὰρ
2783 767 3068 840 προκοπὴν
3090 769 3188 836 τῆς
3214 766 3455 836 ἡλικίας,
3495 765 3593 831 τῆς
3631 762 3825 828 coelo;

2246 863 2386 920 εἶναι
2407 867 2555 933 λέγει
2585 863 2888 934 προκοπήν.
2926 859 3284 929 Ἐχαριτοῦτο
3311 859 3366 909 δὲ
3403 857 3500 908 καὶ
3531 854 3684 924 παρὰ
3711 852 3826 922 Θεῷ

2250 957 2342 1010 καὶ
2369 954 2517 1024 παρὰ
2539 952 2865 1023 ἀνθρώποις,
2886 950 3156 1012 τουτέστι,
3186 949 3280 1001 καὶ
3309 948 3386 1016 τῷ
3417 947 3537 1016 Θεῷ
3559 946 3830 1013 εὑάρεστα

2250 1047 2508 1116 ἔπραττε,
2545 1046 2638 1097 καὶ
2672 1046 2783 1105 τοῖς
2836 1041 3150 1112 ἀνθρώποις
3178 1039 3462 1092 ἐπαινετά.
3505 1037 3734 1108 Πρῶτον
3767 1034 3822 1086 δὲ

2248 1136 2310 1188 τὸ
2338 1135 2489 1206 παρὰ
2509 1133 2648 1204 Θεῷ,
2682 1130 2800 1185 εἶτα
2827 1133 2886 1183 τὸ
2923 1132 3073 1200 παρὰ
3098 1131 3436 1200 ἀνθρώποις)
3462 1129 3690 1198 Πρῶτον
3727 1125 3828 1196 γὰρ

2251 1228 2331 1280 δεῖ
2358 1228 2432 1296 τῷ
2456 1225 2573 1294 Θεῷ
2601 1224 2875 1295 ἀρέσκειν,
2899 1217 3019 1275 εἶτα
3038 1225 3150 1284 τοῖς
3176 1221 3510 1294 ἀνθρώποις.

2867 1424 3121 1478 ΚΕΦΑΔ.
3158 1423 3228 1475 Γ’.

2256 1633 2391 1699 Περὶ
2418 1633 2524 1697 τῆς
2559 1628 2666 1684 τοῦ
2712 1633 2982 1684 Ἰωάννου
3017 1633 3340 1698 κηρύξεως.
3397 1631 3536 1696 Περὶ
3579 1629 3699 1682 τῶν
3725 1631 3828 1682 ἐκ·

2325 1701 2754 1768 ερωτησάντων
2817 1701 2921 1754 τὸν
2993 1700 3290 1768 Ἰωάννην.
3367 1702 3506 1767 Περὶ
3577 1699 3830 1766 Ἡρώδου

2331 1772 2427 1823 καὶ
2481 1771 2772 1838 Ἰωάννου.
2811 1772 2947 1838 Περὶ
2978 1771 3080 1824 τοῦ
3107 1773 3527 1838 ,βαπτίσματος
3575 1769 3684 1822 τοῦ
3714 1772 3830 1823 Σω-

2185 1849 2232 1905 Β
2328 1841 2524 1908 τῆρος.
2565 1841 2701 1907 Περὶ
2730 1841 3112 1910 γενεαλογίας
3147 1840 3250 1893 τοῦ
3282 1839 3562 1908 Χριστοῦ.

2337 2059 2354 2089 ι
2390 2039 2477 2093 Ἐν
2496 2039 2602 2092 ἔτει
2634 2039 2689 2091 δέ
2721 2039 3195 2107 πεντεκαιδεκάτῳ
3226 2037 3324 2105 τῆς
3351 2036 3650 2106 ἡγεμονίας
3674 2035 3830 2088 Τιϐε-

2261 2133 2378 2202 ρίου
2411 2133 2712 2200 Καίσαρος,
2739 2129 3164 2202 ἡγεμονεύοντος
3202 2129 3421 2181 Ποντίου
3472 2128 3708 2182 Πιλάτου
3737 2131 3832 2195 τῆς

2272 2222 2554 2285 Ἰουδαίας,
2583 2224 2677 2274 καὶ
2721 2221 3150 2290 τετραρχοῦντος
3178 2220 3277 2289 τῆς
3330 2221 3618 2282 Γαλιλαίας
3656 2219 3832 2288 Ἠρώ-

2257 2315 2366 2378 δον,
2399 2314 2665 2365 Φιλίππου
2703 2313 2760 2364 δέ
2812 2311 2905 2364 τοῦ
2948 2311 3179 2380 ἀδελφοῦ
3211 2311 3378 2364 αὑτοῦ
3402 2309 3830 2380 τετραρχοῦντος

2257 2407 2350 2475 τῆς
2391 2406 2690 2476 Ἰτουραίας
2724 2407 2817 2458 καὶ
2853 2403 3251 2473 Τραχωνίτιδος
3287 2403 3488 2473 χώρας,
3529 2405 3622 2455 καὶ
3654 2405 3832 2455 Λυσα-

2257 2497 2370 2548 νίου
2406 2498 2504 2565 τῆς
2558 2495 2862 2565 Ἀὅηληνῆς
2912 2493 3362 2566 τετραρχοῦντος,
3405 2496 3498 2546 ἐπὶ
3529 2494 3832 2563 ἀρχιερέων

2262 2590 2430 2639 Ἀννα
2468 2590 2557 2638 καὶ
2619 2589 2861 2654 Καῖάφα,
2915 2587 3133 2652 ἐγένετο
3165 2587 3316 2656 ρῆμα
3350 2585 3486 2638 Θεοῦ
3520 2587 3611 2637 ἐπὶ
3651 2586 3834 2640 Ἰωάν-

2259 2695 2353 2747 νην
2386 2677 2473 2728 τον
2508 2675 2598 2728 τοῦ
2632 2677 2901 2747 Ζαχαρίου
2941 2679 3054 2729 υἱὸν
3082 2679 3139 2728 ἐν
3169 2680 3236 2747 τῇ
3287 2677 3480 2746 ἐρήμῳ
3501 2692 3513 2706 ·
3548 2677 3640 2728 καὶ
3669 2671 3832 2745 ἦλθεν

2259 2772 2337 2832 εἰς
2371 2771 2546 2822 πᾶσαν
2585 2769 2682 2837 τὴν
2737 2770 3042 2839 περίχωρον
3090 2767 3184 2820 τοῦ
3223 2769 3513 2839 Ἰορδάνου,
3541 2768 3833 2838 κηρύσσων

2260 2859 2541 2929 βάπτισμα
2573 2857 2858 2927 μετανοίας
2889 2859 2968 2919 εἰς
2993 2859 3188 2926 ἄφεσιν
3217 2857 3524 2928 ἁμαρτιῶν.
3566 2877 3583 2907 ι
3611 2858 3834 2926 Μέμνη-

2258 2970 2342 3004 ται
2379 2951 2472 3003 τοῦ
2528 2968 2586 3002 τε
2644 2949 2835 3020 χρόνου
2886 2950 2979 3001 καὶ
3021 2950 3126 3002 τῶν
3167 2951 3446 3020 ἀρχόντων
3477 2950 3701 3012 δικαίως
3756 2950 3831 3012 ὡς

2259 3044 2323 3097 ἂν
2346 3044 2492 3113 δείξῃ
2530 3044 2611 3095 ὅτι
2667 3042 2970 3094 ἐκλελοίπει
3017 3043 3049 3106 ὴ
3098 3041 3319 3112 διαδοχὴ
3371 3041 3480 3095 τῶν
3525 3041 3831 3096 Ἰουδαϊκῶν

2258 3137 2559 3205 ἀρχόντων,
2589 3133 2680 3185 ἐπὶ
2709 3133 2973 3202 Χριστοῦ,
3015 3133 3442 3202 ἡγεμονεύοντος
3467 3133 3567 3202 μέν
3601 3134 3829 3186 Πιλάτου

2262 3225 2549 3295 ἀνθρώπου
2582 3224 2921 3289 ἀλλοεθνοῦς,
2956 3225 3403 3295 τετραρχοῦντων
3424 3225 3480 3277 δὲ
3507 3225 3616 3278 τῶν
3657 3224 3830 3295 Ἡρώ-

2262 3320 2351 3371 δου
2375 3317 2469 3370 τοῦ
2512 3316 2888 3370 ’Λσκαλονίτου
2918 3317 3047 3369 υίῶν
3091 3319 3183 3370 καὶ
3241 3317 3469 3380 εἰκότως
3520 3316 3832 3386 πιστευθείη

2262 3411 2550 3480 ἐπιστῆναι
2603 3412 2629 3461 ὀ
2676 3409 2932 3478 Χριστὸς,
2963 3409 3106 3461 κατὰ
3135 3410 3232 3478 τὴν
3265 3409 3357 3461 τοῦ
3383 3407 3584 3461 Ἰακὼὸ
3621 3424 3830 3480 προφη-

2261 3502 2429 3553 τείαν.
2487 3519 2504 3551 t
2561 3500 2809 3565 Ἐγένετο
2836 3499 2919 3561 δὲ,
2966 3501 3122 3568 φησὶ,
3159 3499 3311 3568 ῥῆμα
3341 3497 3480 3552 Θεοῦ
3513 3500 3608 3551 ἐπὶ
3650 3499 3832 3554 Ἰωάν-

2260 3609 2387 3661 νην⁹
2424 3611 2442 3641 »
2475 3591 2561 3642 ἵνα
2587 3589 2651 3641 σὺ
2686 3589 2884 3660 μάθῃς,
2907 3589 2987 3640 ὅτι
3011 3587 3111 3639 οὐκ
3139 3587 3475 3656 αὐτόκλητος
3529 3581 3660 3657 ἦλθε
3694 3602 3831 3656 μαρο

2259 3683 2496 3752 τυρῆσαι
2521 3682 2650 3752 περὶ
2685 3679 2944 3750 Χριστοῦ,
2975 3679 3110 3733 ἀλλὰ
3157 3679 3284 3748 θείῳ
3313 3678 3635 3748 κινούμενος
3665 3679 3832 3732 Πνεῦ-

2266 3776 2395 3845 μάτι
2422 3793 2434 3806 ο
2468 3775 2529 3826 τὸ
2557 3773 2662 3843 γὰρ
2690 3773 2862 3844 ῥῆμα,
2895 3772 2927 3842 ἢ
2955 3772 3016 3824 τὸ
3055 3771 3278 3842 Πνεῦμα
3312 3772 3372 3842 τὴ
3407 3771 3565 3840 ἅγιον
3595 3772 3828 3841 νοήσεις,

2261 3867 2293 3935 ἦ
2320 3866 2417 3939 τὴν
2439 3864 2735 3936 πρόσταξιν
2762 3866 2853 3918 τοῦ
2889 3864 3046 3917 Θεοῦ.
3097 3864 3186 3916 Ἐν
3210 3865 3274 3934 τῇ
3306 3864 3498 3933 ἐρήμῳ
3527 3864 3585 3916 δέ
3613 3865 3829 3931 ἐγένετο

2259 3957 2321 4009 τὸ
2342 3957 2495 4026 ῥῆμα
2516 3955 2609 4007 τοῦ
2649 3951 2783 4008 Θεοῦ
2832 3955 2968 4024 πρὸς
3005 3955 3289 4023 Ἰωάννηνο
3343 3955 3464 4005 ἐπεὶ
3496 3955 3605 4025 γὰρ
3635 3954 3823 4020 ἔμελλε

2260 4047 2326 4099 τὰ
2361 4047 2524 4100 τέκνα
2555 4049 2651 4116 τῆς
2681 4047 2912 4116 ἐρήμου,
2943 4047 3041 4114 τῆς
3070 4045 3178 4098 τῶν
3210 4045 3379 4098 ἐθνῶν
3405 4045 3547 4113 λέγω
3602 4045 3831 4116 Ἐκκλη-

2264 4140 2401 4203 σίας,
2431 4139 2658 4192 πλείονα
2697 4139 2953 4205 γενέσθαι
2985 4140 3094 4190 τῶν
3132 4139 3230 4206 τῆς
3262 4139 3490 4208 ἐχούσης
3523 4139 3615 4191 τὸν
3647 4141 3828 4209 ἄνδρα.

2260 4230 2524 4291 τουτέστι,
2553 4230 2652 4297 τῆς
2695 4228 2989 4296 Ἰουδαϊκῆς
3017 4229 3376 4297 Συναγωγῆς,
3423 4230 3654 4292 εἰκότως
3685 4233 3740 4282 ἐν
3770 4233 3829 4299 τῇ

2261 4323 2450 4392 ἐρήμῳ
2516 4321 2630 4373 ὄντι
2682 4321 2895 4389 γίνεται
2930 4320 3007 4389 τῷ
3071 4321 3294 4390 Ἰωάννῃ
3346 4322 3409 4372 τὸ
3465 4322 3618 4391 ῥῆμα
3682 4326 3830 4390 καὶὴ

2263 4413 2552 4484 πρόσταξις
2584 4413 2675 4464 τοῦ
2707 4412 2865 4465 Θεοῦ.
2915 4412 3218 4480 Ἐκήρυσσε
3241 4413 3299 4464 δὲ
3336 4412 3626 4481 βάπτισμα
3666 4430 3831 4482 μετα-

599 4501 704 4554 illis
738 4501 792 4554 in
846 4501 1217 4556 remissionem
1272 4513 1642 4567 peccatorum,
1679 4520 1797 4572 quae
1841 4521 1933 4574 per
1983 4508 2146 4576 bapti-

2260 4504 2404 4565 νοίας
2426 4505 2536 4565 τοῖς
2561 4504 2728 4566 λαοῖς,
2759 4504 3067 4564 τουτέστιν,
3101 4501 3528 4571 ἐξαγορεύσεως.
3572 4503 3744 4555 Τοῦτο
3781 4505 3831 4557 δὲ

596 4605 768 4645 sutum
799 4590 997 4645 Christi
1041 4593 1216 4645 datur.
1256 4590 1440 4660 Neque
1479 4593 1637 4662 293
1685 4595 1826 4647 enim
1894 4596 2156 4666 baptisma

597 4680 816 4736 Joannis
858 4685 1233 4739 remissionem
1264 4698 1602 4754 peccatorum
1664 4688 1917 4750 habebat,
1944 4690 2034 4743 sed
2093 4690 2158 4741 ad

597 4774 967 4830 remissionem
994 4777 1345 4833 conferebat:
1385 4780 1485 4832 hoc
1533 4789 1635 4844 est,
1681 4781 2017 4848 praeparabat
2064 4783 2160 4835 ho-

599 4871 768 4922 mines
801 4877 854 4920 ut
881 4871 1186 4937 acciperent
1210 4870 1413 4925 Christi
1443 4873 1730 4942 baptisma,
1767 4873 1906 4939 quod
1933 4872 2163 4927 habebat

599 4974 786 5012 I'CIHISS
797 4973 968 5011 tonent
1016 4974 1173 5025 pecca
1183 4970 1294 5015 ιοῐυ
1305 4977 1372 5014 m.

681 5222 841 5276 Vens.
875 5224 984 5288 5,6.
1020 5244 1036 5276 ι
1066 5223 1218 5279 Sicut
1242 5234 1498 5294 scriptqu
1519 5237 1600 5280 est
1623 5227 1675 5283 in
1696 5228 1833 5282 libro
1849 5242 2160 5282 sermonum

609 5314 757 5368 Isaiae
791 5317 1058 5382 propheta:
1074 5317 1300 5372 dicentis
1334 5336 1346 5370 :
1379 5317 1486 5372 Vox
1511 5318 1792 5374 clamantis
1828 5320 1880 5372 in
1900 5320 2110 5373 deserto
2144 5338 2155 5372 :

609 5406 796 5458 l‘arate
833 5406 970 5458 viam
1033 5407 1262 5471 Domini,
1315 5419 1492 5462 rectas
1542 5410 1698 5464 facite
1749 5413 1972 5465 semitas
2025 5411 2159 5478 ejus.

613 5501 796 5551 Utnnis
853 5501 1003 5552 vallis
1058 5502 1380 5567 implebitur,
1425 5512 1480 5556 et
1519 5504 1694 5556 omnis
1729 5519 1881 5556 mons
1908 5514 1968 5556 ’ct
2014 5505 2165 5559 collis

613 5591 1001 5656 Lumiliabitur,
1056 5604 1109 5648 ct
1153 5595 1281 5650 ﬁent
1338 5612 1455 5666 qua:
1483 5596 1700 5666 obliqua
1733 5607 1876 5661 sunt,
1939 5599 2161 5666 directa,

686 5769 724 5797 “
757 5769 887 5822 Cen.
923 5785 1067 5836 lux,
1106 5773 1156 5824 5.

2259 4599 2316 4647 τὸ
2341 4595 2626 4665 βάπτισμα
2677 4595 2938 4663 συνήργει
3003 4595 3186 4655 αὐτοῖς
3221 4595 3301 4656 είς
3357 4595 3454 4662 τὴν
3493 4596 3691 4662 ἄφεσιν
3732 4597 3830 4648 τῶν

2258 4685 2564 4757 ἁμαρτιῶν,
2593 4685 2689 4756 τὴν
2734 4685 2820 4737 διὰ
2869 4685 2963 4736 τοῦ
3022 4684 3398 4755 βαπτίσματος
3453 4685 3548 4737 τοῦ
3572 4675 3831 4756 Ἧριστοῦ

2260 4777 2563 4845 διδομένην.
2608 4777 2681 4828 Οὐ
2716 4777 2821 4845 γὰρ
2849 4775 2913 4844 δὴ
2943 4775 3004 4827 τὸ
3047 4775 3294 4828 Ἰωάννου
3332 4777 3618 4845 βάπτισμα
3645 4779 3832 4846 ἄφεσιν

2262 4864 2406 4936 εἶχεν
2439 4866 2742 4936 ἁμαρτιῶν,
2764 4866 2879 4918 ἀλλ’
2906 4866 2986 4927 είς
3015 4864 3215 4936 ἄφεσιν
3250 4866 3633 4932 συνεϐάλλετο,
3681 4886 3827 4926 τουτ-

2270 4962 2407 5022 έστι,
2447 4958 2831 5028 παρεσκεύαζε
2866 4958 2994 5019 τοὺς
3036 4958 3382 5026 ἀνθρώπους,
3435 4959 3521 5011 ἵνα
3579 4961 3832 5027 δέξωνται

2270 5048 2329 5098 τὸ
2376 5049 2466 5100 τοῦ
2525 5049 2762 5118 Χριστοῦ
2805 5048 3111 5119 βάπτισμα,
3165 5050 3224 5102 τὸ
3250 5049 3372 5116 ἔχον
3420 5050 3615 5117 ἄφεσιν
3654 5055 3830 5124 άμαρο

2272 5156 2417 5192 τιων.

2347 5249 2363 5278 ι
2418 5231 2500 5290 Ὠς
2525 5231 2829 5297 γέγραπται
2856 5231 2911 5281 ἐν
2932 5229 3095 5298 βίϐλῳ
3118 5229 3291 5297 λόγων
3329 5235 3551 5287 Ἠσαίου
3585 5237 3678 5288 τοῦ
3709 5255 3828 5306 προ-

2269 5324 2462 5388 φήτου,
2485 5321 2771 5385 λέγοντος·
2799 5320 2951 5388 Φωνὴ
2981 5319 3209 5389 βοῶντος
3238 5326 3294 5376 ἐν
3323 5329 3386 5394 τῇ
3415 5329 3628 5398 ἐρήμῳ,
3664 5329 3828 5382 Ἐτοιο

2275 5418 2478 5483 μάσατε
2512 5422 2610 5485 τὴν
2639 5417 2754 5467 ὁδὸν
2796 5417 3024 5483 Κυρίου,
3079 5415 3297 5478 εὐθείας
3349 5423 3555 5471 ποιεῖτε
3587 5422 3687 5482 τὰς
3721 5421 3826 5490 τρε·

2275 5509 2399 5570 6ους
2432 5509 2615 5561 αὑτοῦ.
2654 5511 2809 5562 Πᾶσα
2835 5509 3052 5579 φάραγξ
3103 5507 3550 5579 πληρωθήσεται,
3584 5513 3679 5565 καὶ
3731 5514 3826 5565 πᾶν

2277 5601 2397 5667 ὅρος
2435 5603 2525 5654 καὶ
2561 5602 2745 5670 βουνὸς
2769 5604 3258 5675 ταπεινωθήσεται,
3283 5606 3378 5658 καὶ
3410 5605 3564 5660 ἔσται
3614 5606 3680 5660 τά
3711 5621 3825 5658 σκο·
