4108 6334
309 354 415 420 737

1031 351 1471 414 ENARRATIO
1512 352 1590 411 [Ν
1628 321 2128 414 EVANGELIUM
2171 354 2404 415 Luce.
2451 354 2703 412 —CAP.
2734 352 2853 412 In.

3510 355 3619 422 7.18

310 468 405 521 λιὰ
440 468 519 531 εἰς
556 465 796 530 εὐθεῖαν,
830 466 925 518 καὶ
959 464 1015 518 αἱ
1056 468 1310 535 τραχεῖαι
1339 466 1419 527 εἰς
1443 466 1594 526 ὀδοὺς
1625 464 1900 526 λείας,καὶ

2015 477 2069 520 et
2128 480 2318 535 aspera
2374 467 2424 519 in
2488 466 2603 521 vias
2649 468 2862 534 planas,
2897 473 2951 519 et
2998 466 3203 521 videbit
3260 467 3443 523 omnis
3478 482 3615 525 caro

316 561 513 631 δψεται
548 562 693 613 πᾶσα
719 558 855 629 σὰρξ
878 560 939 610 τὸ
968 560 1238 629 σωτήριον
1268 557 1360 610 τοῦ
1385 555 1542 611 Θεοῦ.
1601 556 1751 619 Ὁδὸς
1787 557 1907 625 μὲν,

314 656 349 721 ὴ
382 653 522 707 κατὰ
552 651 789 721 Χριστὸν
823 636 1091 713 πολιτεία,
1137 652 1202 720 ἢν
1240 649 1453 703 κελεύει
1486 648 1906 719 ἑτοιμασθῆναι.

325 745 569 817 Ἔμελλε
606 744 715 813 γὰρ
738 744 860 796 ὅσον
892 742 1045 795 οὔπω
1080 744 1373 813 κηρύττειν
1400 744 1427 795 6
1460 742 1688 813 Κύριος.
1718 742 1910 811 Τρίσοι

328 840 408 905 δὲ,
432 840 486 891 αἱ
518 837 611 890 τοῦ
642 838 810 905 νόμου
843 835 1075 897 ἐντολαὶ,
1108 834 1185 897 ὡς
1236 835 1334 906 ἤδη
1365 833 1755 906 τετριμμέναι.
1813 837 1913 899 Ἃς

310 930 533 993 εὐθείας
568 931 739 981 ποιεῖν
769 927 1141 981 διατάττεται.
1174 928 1509 999 Διέστρεφον
1550 927 1661 998 γὰρ
1691 927 1791 991 τὰς
1829 929 1911 979 ὲν-

312 1021 478 1086 τολὰς
508 1024 556 1076 οἱ
587 1024 911 1094 Φαρισαῖοι*
948 1020 1171 1074 δύναται
1205 1020 1263 1072 δὲ
1287 1020 1549 1091 νοηθῆναι
1584 1021 1681 1074 καὶ
1701 1021 1842 1087 ὁδὸς,
1874 1022 1906 1090 ή

310 1118 458 1189 ψυχή
485 1135 498 1147 ’
532 1117 707 1185 τρίὸοι
754 1116 810 1168 δὲ
834 1157 847 1179 ,
883 1115 951 1167 τὰ
982 1117 1232 1185 νοήματα
1284 1116 1379 1168 καὶ
1418 1117 1474 1167 αἱ
1509 1114 1760 1185 πράξεις.
1820 1115 1913 1166 Δεῖ

311 1209 406 1266 οὖν
438 1213 584 1282 ἡμᾶς
608 1212 701 1264 καὶ
728 1211 830 1281 τὴν
851 1210 1031 1281 ψυχὴν
1064 1208 1403 1278 ἑτοιμάζειν,
1434 1210 1526 1263 καὶ
1556 1210 1656 1273 τὰς
1680 1210 1911 1280 πράξεις

312 1304 409 1355 καὶ
445 1302 511 1355 τὰ
540 1304 789 1371 νοήματα
838 1298 995 1369 ἡμῶν
1049 1298 1213 1351 εὐθέα
1271 1301 1470 1352 ποιεῖν.
1540 1294 1669 1350 Εἶτα
1717 1297 1908 1369 ὥσπερ

310 1391 631 1464 ὲρωτῶντός
683 1408 859 1454 τινος⁸
908 1391 1016 1444 Καὶ
1078 1389 1195 1453 πῶς
1242 1388 1681 1459 κατορθώσωμεν
1713 1390 1907 1455 τοῦτο;

309 1486 576 1555 δύσεργος
601 1484 707 1553 γὰρ
732 1485 763 1554 ἡ
788 1483 981 1553 ἀρετὴ,
1035 1484 1127 1535 καὶ
1157 1482 1357 1544 πολλὰς
1392 1483 1683 1552 φάραγγας
1710 1481 1910 1552 ἔχουσα

310 1580 405 1633 καὶ
446 1578 754 1640 δυσκολίας,
790 1576 909 1630 οιαὶ
935 1576 1042 1629 ἀπὸ
1060 1576 1169 1629 τῶν
1192 1575 1446 1645 πονηρῶν
1480 1574 1786 1643 δυνάμεων,
1814 1575 1910 1627 καὶ

308 1671 553 1726 ἀπδοτῶν
580 1671 809 1727 ἐνοίκων
840 1671 975 1740 ἡμῖν
1010 1669 1201 1723 παθῶν
1229 1684 1242 1699 ⁸
1279 1670 1446 1737 φησὶν
1495 1668 1573 1720 ὅτι
1620 1667 1788 1720 Οὐδὲν
1817 1670 1911 1739 ὲρ-

311 1768 684 1837 γῶδες.ἔσται,
722 1767 859 1821 ἀλλὰ
891 1766 1070 1818 πάντα
1105 1765 1221 1835 ρᾲω
1245 1780 1259 1793 “
1291 1764 1350 1816 αἴ
1382 1780 1439 1815 τε
1475 1763 1584 1833 γὰρ
1621 1762 1908 1829 φάραγγες

312 1858 787 1930 πληρωθήσονται,
814 1857 1139 1919 ’τουτέστιν,
1170 1858 1225 1908 al
1261 1854 1496 1923 φυσικαὶ
1532 1853 1693 1923 ἡμῶν
1743 1852 1907 1905 δυνά-

314 1968 460 2021 μεις,
510 1952 564 2003 αἱ
623 1950 758 2019 πρὸς
789 1952 849 2001 τὸ
896 1947 1060 2001 καλὸν
1096 1945 1479 2012 ἁσθενήσασαι
1506 1945 1600 1997 καὶ
1636 1960 1908 1994 ταπεινω-

310 2043 511 2102 θεῖσαι.
545 2042 1103 2112 ἀναπληρωθήσονται
1136 2056 1151 2072 ⁸
1173 2038 1270 2093 καὶ
1292 2038 1401 2092 πᾶν
1425 2036 1550 2108 ὅρος
1581 2037 1675 2090 καὶ
1697 2036 1904 2105 βουνὸς,

309 2144 367 2194 αἱ
398 2140 772 2209 ἀντικείμεναι
800 2137 944 2205 λέγω
970 2137 1253 2206 δυνάμεις,
1283 2136 1338 2188 αἱ
1368 2134 1459 2188 διὰ
1487 2132 1587 2203 τὴν
1616 2133 1908 2203 ὑπερηφα-

308 2232 431 2286 νίαν
453 2231 728 2301 ἀρθεῖσαι,
754 2229 1288 2298 ταπεινωθήσονται.
1325 2226 1672 2293 Ἦσθένησαν
1704 2223 1815 2293 γὰρ
1831 2221 1908 2284 ὡς

306 2324 525 2392 ἀληθῶς
550 2323 611 2375 αῖ
638 2341 695 2374 τε
720 2321 1098 2390 ἀντικείμεναι
1122 2319 1405 2388 δυνάμεις,
1432 2319 1527 2369 καὶ
1561 2316 1617 2369 αἱ
1642 2312 1908 2387 ,δοκοῦσαι

305 2416 444 2485 ἡμῖν
474 2413 717 2483 φυσικῶς
749 2411 1035 2481 ἐγκεῖσθαι
1079 2410 1395 2480 ἐπιθυμίαι.
1432 2410 1541 2461 Καὶ
1582 2409 1764 2460 πάντα
1788 2405 1907 2456 λεῖα

305 2505 603 2574 γεγόνασι·
662 2505 756 2557 καὶ
809 2506 887 2566 εἰς
929 2502 1147 2556 εὐθεῖαν
1176 2501 1244 2554 τὰ
1295 2501 1485 2553 σκολιὰ
1520 2497 1904 2569 μετήχθησαν.

318 2598 381 2653 ’0
401 2598 511 2668 γὰρ
541 2597 796 2667 Χριστὸς,
833 2596 933 2658 τάς
954 2613 1013 2647 τε
1049 2594 1439 2663 ἀντικειμένας
1473 2591 1735 2659 δυνάμεις
1771 2606 1906 2642 κατ-

305 2694 573 2764 ήργησεν,
646 2690 855 2752 αἵτινες
917 2687 1151 2741 ἐνταῦθα
1176 2687 1422 2753 λέγονται
1450 2684 1551 2755 ὅρη
1578 2686 1671 2736 καὶ
1705 2683 1905 2751 βουνιὶ,

306 2776 405 2839 καὶ
442 2784 539 2846 τὰς
573 2782 811 2850 φυσικὰς
856 2779 1015 2851 ἡμῶν
1049 2780 1184 2849 πρὸς
1230 2779 1289 2831 τὸ
1326 2778 1491 2831 καλὸν
1522 2778 1767 2847 κινήσεις
1810 2778 1902 2827 ἁν-

305 2879 594 2943 εζώωσεν*
640 2877 702 2938 3t;
743 2871 896 2927 εἶπεν
931 2874 1385 2941 ὀεύαγγελιστὴς
1425 2873 1716 2941 φάραγγας
1762 2869 1902 2939 πληι-

309 2973 603 3045 ρουμένας.
640 2971 741 3023 Διὰ
772 2970 930 3022 τοῦτο
961 2969 1070 3037 γὰρ
1110 2966 1424 3037 ὲσαρκώθη,
1488 2966 1574 3017 ἵνα
1607 2964 1705 3035 τὴν
1741 2964 1906 3029 φύσιν

306 3052 467 3140 ἡμῶν
493 3068 573 3129 είς
604 3066 664 3119 τὸ
692 3066 892 3118 οἰκεῖον
922 3062 1370 3131 ἀποκαταστήσῃ.
1400 3059 1503 3113 Καὶ
1545 3059 1713 3121 πᾶσα,
1747 3057 1902 3126 φησὶ,

2018 558 2256 611 salutare
2307 558 2426 611 Dei.
2472 577 2490 610 ι
2553 558 2647 613 Via
2720 558 2945 628 quidem
2989 574 3153 628 quam
3204 559 3357 629 jubet
3406 563 3612 631 parari,

2018 650 2122 703 vita
2152 658 2236 703 est
2265 649 2601 705 Christiana.
2638 650 2806 704 Paulo
2840 661 2964 718 post
3014 652 3159 705 enim
3219 653 3615 719 praedicaturus

2015 752 2134 795 erat
2190 743 2474 798 Dominus.
2511 742 2750 799 Semitas
2807 758 2940 799 vero
2978 744 3113 798 dicit
3176 746 3438 800 mandata
3480 746 3617 813 legis

2009 834 2120 902 jam
2146 836 2296 901 trita,
2326 850 2450 904 qua:
2479 837 2731 904 prmeipit
2778 846 2928 890 recta
2986 836 3187 891 facere.
3226 836 3618 891 Pervertebant

2015 929 2160 982 enim
2200 929 2457 982 mandata
2489 927 2775 983 Phariszei.
2808 929 2993 984 Potest
3027 930 3154 982 item
3184 945 3280 997 per
3317 932 3461 984 viain
3502 930 3617 983 ani-

2016 1036 2103 1074 ma
2132 1019 2398 1090 intelligi;
2449 1021 2659 1075 semitae
2724 1035 2855 1075 vero
2912 1021 3269 1090 cogitationes
3320 1030 3372 1075 et
3425 1038 3611 1091 Opera.

2015 1111 2244 1182 Oportet
2290 1114 2455 1185 igitur
2518 1121 2577 1167 ut
2632 1129 2731 1168 nos
2792 1128 3164 1183 praeparemus
3238 1122 3292 1167 et
3346 1115 3610 1179 animam,

2015 1213 2310 1274 rectasque
2388 1204 2655 1261 faciamus
2712 1206 3072 1275 cogitationes
3106 1222 3169 1261 ac
3222 1222 3410 1275 opera.
3453 1205 3614 1260 Dein-

2015 1297 2082 1351 de
2158 1297 2315 1366 quasi
2370 1298 2751 1368 interrogante
2821 1299 3106 1368 qu0piam,
3165 1297 3238 1352 Et
3292 1314 3400 1368 quo
3454 1309 3615 1365 pacto

2015 1388 2119 1443 hoc
2160 1388 2471 1444 faciemus?
2498 1391 2669 1444 virtus
2700 1390 2845 1444 enim
2880 1392 3047 1445 ardua
3087 1401 3171 1446 est
3236 1406 3301 1445 ac
3360 1390 3611 1455 dillicilis,

2016 1480 2325 1551 multosque
2380 1479 2666 1538 anfractus
2699 1484 2862 1536 habet
2896 1496 2950 1538 et
2990 1482 3368 1553 obliquitates,
3398 1495 3447 1536 et
3483 1499 3613 1551 pro—

2021 1584 2145 1642 pter
2189 1584 2493 1643 potestates
2526 1576 2892 1639 adversarias,
2935 1586 2989 1630 et
3036 1587 3261 1646 propter
3295 1575 3614 1630 affectiones

2014 1682 2136 1737 quae
2174 1669 2225 1721 in
2260 1668 2416 1722 nobis
2466 1668 2749 1723 habitant:
2780 1668 2914 1722 dicit
2973 1684 3079 1727 non
3136 1667 3253 1724 fore
3296 1683 3611 1738 Operosnm,

2012 1760 2107 1814 sed
2148 1760 2374 1815 omnino
2407 1759 2588 1814 facile.
2624 1758 2758 1813 Nam
2796 1760 2987 1825 valles,
3049 1760 3247 1831 inquit,
3307 1760 3615 1837 implebun-

2015 1864 2122 1919 tur,
2163 1855 2265 1910 hoc
2283 1864 2389 1919 est,
2424 1856 2703 1910 naturales
2748 1866 2951 1911 nostra:
3004 1864 3324 1925 potestates,
3365 1871 3486 1925 quae
3544 1858 3610 1909 ad

2012 1948 2212 2001 bonum
2248 1946 2480 2003 infirma:
2514 1948 2677 2002 facta:
2713 1958 2839 2002 sunt
2864 1960 2918 2001 et
2943 1948 3187 2016 dejectrc,
3235 1950 3611 2019 replebuntur,

2011 2039 2302 2108 omnisque
2340 2055 2501 2096 mons
2535 2051 2583 2095 et
2617 2042 2793 2107 collis,
2830 2042 3159 2097 adversaria:
3204 2044 3460 2096 nimirum
3513 2060 3613 2111 po-

2014 2143 2261 2199 testates,
2349 2150 2470 2203 quze
2534 2147 2754 2205 propter
2848 2136 3161 2205 superbiam
3204 2153 3264 2192 se
3320 2138 3609 2197 extollunt.

2010 2226 2464 2282 humiliabuntnr.
2499 2227 2641 2283 Vere
2676 2229 2820 2282 enim
2854 2228 3142 2284 infirmata:
3162 2240 3289 2284 sunt
3314 2239 3612 2300 potestates

2012 2320 2119 2373 illae
2157 2320 2512 2387 adversariae,
2543 2329 2595 2377 et
2632 2321 2968 2391 cupiditates
3022 2339 3143 2393 qua:
3192 2334 3385 2378 natura
3456 2326 3613 2382 nobis

2011 2412 2272 2466 videntur
2320 2412 2517 2467 insitae.
2568 2410 2733 2467 Facta
2770 2415 2936 2484 igitur
2994 2424 3122 2469 sunt
3168 2416 3354 2470 omnia
3403 2415 3610 2481 facilia,

2010 2515 2064 2562 et
2096 2506 2316 2576 obliqua
2348 2522 2509 2564 versa
2541 2511 2746 2563 suntin
2774 2518 2941 2564 recta.
2970 2509 3225 2566 Christus
3244 2513 3390 2568 enim
3413 2516 3610 2569 adver-

2010 2602 2185 2654 sarias
2215 2608 2513 2669 potestates
2556 2601 2829 2671 protrivit,
2853 2617 2973 2672 qua
3004 2603 3109 2659 hoc
3142 2604 3266 2659 loco
3300 2616 3517 2661 montes
3547 2622 3611 2662 ac

2012 2692 2177 2747 colles
2206 2693 2481 2758 dicuntur,
2499 2703 2553 2747 et
2582 2693 2862 2748 naturales
2888 2704 3105 2749 nostras
3132 2696 3519 2754 inclinationes
3544 2702 3611 2754 ad

2010 2784 2211 2839 bonum
2249 2786 2636 2849 reviviftcavil,
2679 2802 2816 2855 quas
2871 2788 3011 2843 dixit
3065 2790 3403 2860 evangelista
3443 2793 3612 2849 valles

2010 2892 2131 2946 qum
2159 2878 2474 2945 implentur.
2506 2876 2642 2933 Nam
2698 2888 2990 2948 propterea
3046 2882 3368 2942 incarnatus
3400 2896 3508 2955 est,
3549 2900 3611 2943 ut

2012 2976 2266 3021 naturam
2356 2979 2600 3024 nostram
2649 2970 2991 3028 restitueret.
3018 2974 3097 3039 .Et
3153 2978 3352 3044 omnis,
3410 2979 3609 3049 inquit,

2008 3078 2139 3118 caro
2188 3062 2393 3119 videbit
2460 3063 2699 3120 salutare
2755 3063 2872 3129 Dei,
2920 3082 3026 3121 non
3084 3066 3254 3123 Judzi
3317 3078 3525 3126 tantum
3557 3081 3611 3126 et

309 3160 450 3231 σὰρξ
484 3158 678 3228 ὄψεται
728 3159 788 3210 sb
829 3158 1095 3227 σωτήριον
1126 3152 1220 3207 τοῦ
1265 3152 1400 3205 Θεοῦ
1435 3169 1446 3181 ·
1481 3150 1581 3203 οὐκ
1650 3151 1727 3202 ἔτι
1775 3149 1900 3201 Ἰου-

2013 3158 2291 3230 proselyti,
2317 3158 2409 3214 sed
2442 3160 2621 3213 omnis
2648 3174 2801 3214 caro.
2832 3158 3049 3217 Etenim
3073 3160 3127 3215 in
3156 3175 3374 3217 omnem
3397 3175 3608 3220 terram

302 3252 444 3302 δαῖοι
482 3250 645 3318 μόνον
696 3246 793 3299 καὶ
829 3246 1191 3315 προσήλυτοι,
1226 3243 1363 3297 ἀλλά
1389 3243 1485 3295 καὶ
1536 3244 1686 3294 πᾶσα
1722 3242 1857 3309 σάρξ
1886 3259 1900 3271 ⁸

306 3345 387 3405 sl;
407 3345 586 3395 πᾶσαν
613 3343 717 3410 γὰρ
746 3343 845 3409 τὴν
884 3341 988 3408 γῆν
1023 3338 1228 3406 ἔφθασε
1252 3336 1314 3389 τὸ
1348 3335 1701 3404 Εὐαγγέλιον.
1726 3334 1903 3389 Πολλὰ

306 3436 403 3487 καὶ
438 3435 570 3487 ἄλλα
601 3429 669 3503 ἧν
706 3435 899 3498 εἰπεῖν,
955 3430 1095 3485 ἀλλὰ
1124 3432 1211 3485 διὰ
1262 3430 1323 3483 τὸ
1357 3431 1698 3499 σαφέστερον
1726 3429 1903 3481 ταῦτα

308 3528 572 3596 λελέχθω.

383 3641 400 3670 ι
440 3620 664 3686 Ἔλεγεν
711 3614 803 3671 οὖν
834 3620 949 3679 τοῖς
982 3616 1451 3687 ἐκπορευομένοις
1484 3615 1665 3685 ὄχλοις
1699 3616 1901 3683 βαπτι-

314 3712 505 3781 σθῆναι
539 3712 630 3763 ὑπ’
654 3710 843 3763 αὑτοῦ·
898 3710 1221 3778 Γεννήματα
1272 3707 1519 3777 ἐχιδνῶν,
1568 3708 1649 3769 τίς
1678 3707 1898 3760 ὑπέδει-

305 3804 397 3869 ξεν
424 3805 552 3874 ὑμῖν
588 3806 779 3871 φυγεῖν
812 3802 922 3856 ἀπὸ
981 3805 1077 3871 τῆς
1114 3801 1414 3871 μελλούσης
1467 3801 1672 3869 ὀργῆς;
1733 3801 1900 3870 Ποιή-

304 3913 438 3949 σατε
462 3892 552 3949 οὗν
587 3895 836 3965 καρποὺς
863 3895 1051 3960 ἀξίους
1081 3894 1177 3961 τῆς
1215 3892 1531 3963 μετανοίας.
1568 3892 1662 3943 καὶ
1700 3894 1772 3962 μὴ
1797 3894 1898 3960 ἄρ-

305 3990 473 4061 ξησθε
496 3989 677 4055 λέγειν
700 3990 757 4040 ἐν
774 3989 1009 4046 ἑαυτοῖς·
1046 3984 1265 4053 Πατέρα
1292 3983 1489 4053 ἔχομεν
1509 3982 1602 4035 τὸν
1622 3983 1895 4053 ’Ᾱὸραιιὶμ⁸

302 4086 448 4153 λέγω
484 4085 590 4154 γὰρ
635 4085 785 4153 ὑμῖν,
840 4083 920 4134 ὅτι
948 4080 1168 4133 δύναται
1197 4082 1223 4131 6
1250 4077 1381 4142 Θεδς
1405 4077 1498 4131 καὶ
1517 4081 1581 4130 ὲκ
1605 4077 1713 4130 τῶν
1734 4077 1898 4130 λίθων

300 4179 508 4231 τούτων
550 4179 763 4247 ἐγεῖραι
812 4175 977 4227 τέκνα
1015 4173 1092 4242 τῷ
1140 4171 1414 4247 ’Λὸραᾴμ.
1458 4171 1596 4241 Ἤδη
1646 4171 1703 4223 δὲ
1738 4172 1828 4229 καὶ
1862 4175 1895 4243 ή

300 4272 459 4340 ἀξίνη
492 4270 625 4340 πρὸς
660 4269 759 4337 τὴν
797 4267 953 4338 ῥίζαν
980 4267 1087 4317 των
1132 4265 1359 4334 ῑένδρων
1393 4266 1593 4317 κεῖται.
1636 4266 1752 4317 Πᾶν
1796 4262 1894 4319 οὖν

299 4361 517 4427 δένδρον
569 4359 644 4428 μὴ
696 4357 884 4410 ποιοῦν
935 4355 1101 4427 καρπθ
1131 4374 1147 4404 ι
1207 4355 1392 4419 καλὸν,
1430 4355 1766 4409 ἐκκόπτεται
1802 4358 1897 4409 καὶ

302 4458 382 4516 εἰς
406 4454 515 4522 πῦρ
552 4450 827 4520 βάλλεται.
872 4470 887 4499 ι
938 4449 1070 4501 Γενν
1122 4464 1270 4517 ματα
1302 4447 1530 4517 ἐχιδνῶν
1560 4448 1719 4501 καλεῖ
1766 4450 1892 4511 τοὺς

2010 3253 2262 3323 pervenit
2296 3250 2672 3322 Evangeiium.
2716 3251 2947 3309 Possent
2976 3254 3199 3325 quidem
3230 3266 3287 3310 et
3314 3257 3417 3311 alia
3439 3257 3609 3314 multa

2006 3345 2135 3411 dici,
2170 3344 2267 3399 sed
2297 3344 2409 3399 haec
2437 3353 2493 3399 ut
2527 3344 2906 3401 manifestiora
2939 3346 3084 3403 dicta
3119 3347 3249 3403 sint.

2076 3612 2241 3669 Vens.
2274 3614 2390 3669 7-9.
2433 3633 2451 3665 ι
2508 3614 2551 3668 Ι)
2574 3615 2733 3670 ccbat
2764 3631 2895 3687 ergo
2925 3617 2993 3673 ad
3022 3618 3214 3675 turbas
3242 3632 3366 3690 qua
3384 3618 3610 3677 exibant

2004 3718 2065 3762 ut
2108 3708 2525 3777 beptizarentur
2576 3707 2643 3762 ab
2697 3710 2821 3777 ipso
2859 3729 2872 3763 :
2916 3708 3217 3781 Progenies
3268 3715 3605 3783 viperarum.

2003 3802 2128 3868 quis
2156 3800 2312 3855 vobis
2368 3800 2808 3856 submonstravit
2865 3810 2925 3857 ut
2984 3801 3313 3872 fugeretisa
3369 3814 3607 3863 ventura

2004 3891 2082 3947 ira
2117 3892 2141 3945 ’Ξ
2171 3891 2357 3947 Facite
2384 3906 2519 3963 ergo
2566 3892 2779 3949 fructus
2804 3894 3000 3962 dignos
3038 3898 3401 3967 pmnitentize,
3431 3906 3491 3954 et
3536 3913 3608 3955 ne

2002 3983 2281 4051 cmperitis
2310 3983 2492 4039 dicere
2538 3984 2681 4039 intra
2725 3985 2977 4053 vosipsos
3008 4004 3023 4041 :
3060 3984 3281 4041 Patrem
3336 3988 3607 4045 habemus

2002 4075 2281 4129 Abraham
2319 4094 2332 4129 :
2366 4076 2487 4131 dico
2517 4079 2662 4131 enim
2697 4077 2875 4142 vobis,
2914 4086 3113 4148 potens
3137 4088 3223 4135 est
3249 4079 3397 4137 Deus
3425 4080 3495 4137 de
3524 4081 3607 4137 ls—

1999 4166 2218 4235 pidibus
2248 4167 2371 4222 istis
2400 4170 2671 4223 suscitare
2703 4167 2841 4223 filios
2863 4169 2967 4241 ipsi
2988 4170 3243 4226 Abrahae.
3290 4170 3413 4227 Jam
3472 4187 3605 4229 vero

1999 4266 2054 4313 et
2092 4260 2301 4314 securis
2330 4259 2397 4314 ad
2420 4259 2659 4313 radii-em
2695 4261 2956 4317 arborum
3017 4264 3193 4333 posita
3260 4274 3365 4320 est.
3409 4263 3602 4322 Omnis

1997 4368 2129 4423 ergo
2155 4353 2320 4409 arbor
2362 4370 2467 4408 non
2505 4353 2713 4408 faciens
2746 4354 2984 4411 fructum
3018 4357 3243 4424 bonum,
3300 4360 3598 4422 exciditur,

1998 4452 2053 4496 et
2082 4443 2135 4496 in
2156 4444 2333 4513 ignem
2367 4444 2679 4512 conjicitur.
2710 4464 2727 4496 ι
2760 4444 3061 4517 Progenies
3090 4449 3404 4516 viperarum
3428 4463 3589 4506 vocat

315 4548 627 4610 Ἰουδαίους,
654 4544 729 4607 ὠς
759 4544 889 4607 τοὺς
914 4543 1159 4611 πατέρας
1182 4542 1363 4593 αὐτῶν
1387 4541 1479 4594 καὶ
1519 4542 1617 4603 τὰς
1650 4544 1892 4614 μητέρας

2006 4535 2237 4601 hidros,
2269 4547 2524 4606 tauquam
2561 4536 2863 4607 aﬂligentes
2895 4549 3078 4607 patres
3109 4551 3161 4595 et
3189 4553 3393 4598 matres
3438 4560 3594 4599 suas.

301 4640 605 4700 θλίϐοντας.
648 4638 759 4689 Καὶ
793 4638 901 4707 γὰρ
929 4634 1089 4687 τοῦτο
1123 4633 1184 4686 τὸ
1212 4632 1355 4697 ζῶον
1400 4635 1620 4703 λέγουσι
1644 4635 1743 4704 τὴν
1791 4638 1895 4705 μή-

299 4750 440 4802 τραν
468 4730 716 4793 διεσθίον,
742 4727 885 4782 οὕτω
924 4727 1248 4781 τίκτεσθαι·
1284 4727 1423 4779 ἀλλὰ
1466 4728 1561 4779 καὶ
1596 4728 1720 4789 τοὺς
1754 4744 1892 4798 προ-

304 4826 485 4892 φήτας
508 4822 852 4886 ἀπέκτεινον,
891 4821 983 4873 καὶ
1008 4820 1133 4879 τοὺς
1162 4818 1540 4880 διδασκάλους.
1567 4818 1781 4870 Μέλλου
1793 4836 1892 4871 σαν

296 4917 356 4971 δὲ
384 4917 573 4987 ὀργὴν,
605 4915 701 4984 τὴν
728 4914 947 4967 αἰώνιόν
979 4928 1113 4981 φησι
1139 4911 1385 4964 κόλασιν.
1407 4910 1633 4981 Καρποὶ
1662 4911 1717 4963 δὲ
1748 4912 1891 4973 ἄξιοι

295 5010 397 5077 τῆς
430 5007 739 5078 μετανοίας,
768 5007 828 5058 οὐ
856 5006 1016 5075 μόνον
1044 5006 1075 5074 ὴ
1110 5003 1372 5073 ἀποφυγὴ
1404 5003 1498 5056 τοῦ
1527 5003 1724 5067 κακοῦ,
1755 5004 1893 5056 ἀλλὰ

296 5100 459 5169 καὶὴ
520 5098 890 5168 ὲπεξεργασία
948 5097 1041 5150 τοῦ
1085 5095 1315 5165 ἀγαθοῦ.
1353 5097 1525 5147 Τοῦτο
1573 5099 1681 5165 γὰρ
1722 5097 1890 5155 ὅπως

299 5192 515 5261 καρπὸς
566 5194 660 5243 καὶ
691 5190 939 5259 γέννημα
973 5190 1069 5259 τῆς
1112 5188 1425 5257 μετανοίας,
1458 5186 1518 5239 τὸ
1548 5188 1890 5257 ἐργάσασθαι

294 5287 358 5339 τὸ
390 5284 612 5351 ἀγαθόν.
643 5285 734 5352 Μὴ
765 5281 1006 5353 ἄρξησθε
1054 5280 1111 5333 δὲ
1172 5278 1355 5347 λέγειν
1394 5283 1451 5332 ὲν
1510 5281 1751 5344 ἑαυτοῖς,
1807 5283 1888 5332 ὅτι

298 5376 554 5443 ῐζυγενεῖς
574 5376 761 5445 ἐσμεν,
790 5375 882 5427 καὶ
909 5372 1241 5444 θαρροῦντες
1263 5374 1373 5433 τοῖς
1418 5370 1707 5440 πατράσιν,
1754 5373 1891 5441 ἁμεο

296 5470 427 5539 λῆτε
456 5469 557 5539 τῆς
588 5467 810 5538 ἀρετῆς.
840 5468 952 5520 Καὶ
986 5466 1097 5536 γὰρ
1130 5465 1225 5517 καὶ
1256 5465 1318 5517 ἐκ
1351 5463 1460 5516 τῶν
1490 5463 1654 5516 λίθων
1683 5464 1889 5516 τούτων

292 5564 584 5633 δυνήσεται
614 5563 640 5613 6
670 5561 804 5623 Θεὸς
832 5559 909 5627 τῷ
957 5558 1276 5628 πατριάρχῃ
1310 5556 1506 5617 παῖδας
1542 5553 1745 5618 δοῦνιι,
1778 5553 1887 5607 ὥσ-

296 5672 404 5725 περ
445 5654 631 5724 σχεδον
667 5652 762 5706 καὶ
794 5650 986 5720 πρώην
1015 5649 1293 5718 εποίησεν.
1335 5646 1401 5698 Ἦ
1440 5645 1545 5716 γὰρ
1578 5648 1760 5715 μήτρα
1792 5647 1889 5715 τῆς

294 5748 538 5819 Σάρρας,
586 5746 748 5798 λίθων
797 5740 931 5798 οὖσα
973 5743 1340 5813 σκληροτέρα,
1392 5742 1541 5809 ὅμως
1574 5742 1651 5803 εἰς
1706 5740 1887 5791 παιδο-

298 5842 491 5897 ποιίαν
527 5838 866 5912 ὲχαριτώθη*
904 5840 1064 5910 ἀξίνη
1097 5837 1177 5903 δὲ,
1220 5839 1252 5907 ἠ
1286 5834 1405 5889 θεία
1432 5833 1689 5902 κρίσι;,ή
1726 5831 1885 5884 ἐκκό-

1999 4629 2244 4681 Tradnnt
2266 4629 2410 4682 enim
2439 4629 2511 4684 de
2534 4630 2635 4683 hoc
2662 4622 2906 4697 animali,
2939 4633 3081 4699 quod
3114 4642 3329 4687 uterum
3352 4633 3595 4700 devoret,

1997 4730 2052 4773 et
2092 4720 2173 4773 sic
2230 4731 2507 4787 nascatur,
2540 4721 2619 4775 sic
2644 4729 2699 4775 et
2730 4720 2900 4777 Judaei
2940 4725 3235 4792 prophetas
3259 4734 3312 4779 et
3344 4724 3596 4781 doctores

1996 4812 2338 4865 occidebant.
2396 4812 2690 4865 Venturam
2725 4812 2861 4865 iram
2887 4812 3053 4885 294
3082 4814 3213 4869 dicit
3270 4826 3593 4883 perpetuum

1998 4902 2346 4972 supplicium.
2397 4901 2635 4958 Fructus
2673 4913 2851 4958 autem
2878 4906 3214 4973 poenitentiae
3271 4921 3376 4961 non
3419 4907 3592 4963 solum

1996 5007 2078 5051 est
2110 4995 2233 5064 fuga
2272 4995 2419 5057 mali,
2454 4994 2547 5049 sed
2583 4996 2748 5049 etiam
2773 4996 3078 5053 elaboratio
3111 4999 3262 5054 boni.
3298 4997 3411 5054 Hoc
3441 5000 3587 5055 enim

1998 5104 2191 5143 revera
2222 5098 2306 5143 est
2332 5087 2581 5158 proferre
2611 5087 2847 5141 fructum
2872 5090 3226 5158 paenitentiae,
3286 5093 3331 5145 si
3389 5093 3592 5147 bonum

1996 5180 2204 5249 operati
2237 5178 2521 5234 fuerimus.
2562 5177 2642 5233 Ne
2668 5181 2949 5247 cmperitis
2988 5191 3171 5237 autem
3213 5182 3400 5239 dicere
3452 5185 3593 5238 intra

1995 5289 2007 5303 ·
2034 5289 2093 5326 os
2135 5290 2147 5324 :
2177 5271 2399 5327 Nobiles
2435 5288 2662 5327 sumus:
2700 5288 2833 5325 neve
2858 5274 3195 5329 conﬁdentes
3239 5276 3292 5327 in
3321 5277 3591 5343 patribus,

1994 5367 2250 5419 virtutem
2282 5365 2589 5435 negligatis.
2627 5350 2828 5417 Poterit
2852 5366 2997 5418 enim
3030 5365 3170 5419 Deus
3195 5381 3257 5420 ex
3316 5366 3593 5435 lapidibus

1996 5456 2112 5509 istis
2127 5456 2451 5525 patriarchae
2474 5457 2607 5509 lilios
2625 5456 2777 5520 dare,
2798 5458 2940 5510 sicut
2962 5457 3071 5509 fere
3092 5458 3241 5525 prius
3254 5460 3417 5512 etiam
3441 5458 3589 5514 fecit.

1996 5548 2166 5602 Vulva
2198 5549 2343 5602 enim
2373 5548 2845 5617 Sau'rmiapidibus
2890 5557 3012 5603 erat
3076 5549 3286 5610 durior,
3350 5559 3589 5603 attamen

1995 5643 2059 5696 ad
2095 5642 2464 5711 procreandos
2512 5643 2648 5696 ﬁlios
2680 5643 2916 5712 gratiam
2955 5652 3249 5697 consecuta
3282 5654 3385 5697 est.
3422 5643 3592 5698 Porro

1995 5736 2202 5792 securis
2252 5737 2499 5790 divinum
2539 5736 2805 5805 judicium
2836 5745 2944 5801 est,
2979 5736 3278 5807 indignose
3306 5739 3416 5793 vita
3443 5752 3591 5793 rese-

1994 5845 2144 5885 caus.
2183 5828 2298 5885 Nisi
2330 5828 2499 5899 igitur
2523 5828 2903 5901 prenitentiam
2931 5830 3174 5902 egeritis,
3212 5830 3415 5902 inquit,
3444 5834 3592 5887 exci-
