4108 6334
292 350 396 414 τιι

1049 350 1502 412 ENARRATIO
1544 349 1623 410 ΙΝ
1658 345 2162 408 EVANGELIUM
2200 349 2434 412 LUCAZ.
2477 352 2710 411 -—CAP.
2751 352 2867 413 ΙΙΙ.

3487 347 3594 412 742

297 469 495 535 ἱμάντα
530 468 637 520 τῶν
675 466 1038 538 ὑποδημάτων
1073 467 1240 520 αὑτοῦ
1303 465 1483 528 ἱκανός
1530 467 1646 533 εἰμι
1690 465 1872 516 λῦσαι.

1991 470 2091 517 tem
2147 465 2261 522 haec
2291 468 2394 523 sibi
2427 469 2649 524 volunt?
2692 466 3000 538 Baptizabit
3038 479 3132 520 vos
3166 463 3218 519 in
3268 461 3476 532 Spiritu
3521 476 3577 518 et

295 559 360 612 Τί
386 561 440 612 δὲ
463 559 638 613 ταῦτα
657 559 874 631 δηλοῦσι
898 575 911 624 ;
933 558 1004 612 Τὸ
1030 560 1146 629 μὲν,
1170 558 1434 614 Βαπτίσει
1459 559 1599 626 ὑμᾶς
1625 559 1681 616 ὲν
1709 555 1882 607 Πνεύ-

299 670 432 722 ματι
466 652 561 706 καὶ
614 654 770 723 πυρὶ,
837 651 1107 723 πρόδηλον
1165 654 1425 714 πάντως⁹
1460 652 1552 702 καὶ
1611 650 1721 719 γὰρ
1771 651 1884 710 τοῖς

296 745 618 806 ἀποστόλοις
649 745 743 798 ἕπε
756 744 864 814 μψε
892 744 952 798 τὸ
991 745 1235 816 πνεῦμα,
1263 745 1360 799 καὶ
1392 743 1618 812 πύριναι
1641 741 1886 810 γλῶσσαι

295 839 558 908 ῶιρθησαν
592 839 948 909 μεριζόμεναι
980 839 1185 901 αὐτοῖς.
1230 838 1302 890 T6
1332 837 1387 890 δὲ
1419 838 1492 908 μὴ
1523 835 1664 890 εἶναι
1701 835 1888 888 ἱκανὸν

295 932 455 984 λῦσαι
477 931 566 983 τὸν
599 931 802 998 ἱμάντα
842 930 951 983 τῶν
981 929 1346 1000 ὑποδημάτων
1373 929 1559 989 αὑτοῦ,
1614 927 1752 979 κατὰ
1790 924 1888 996 μὲν

294 1021 393 1092 τὴν
427 1022 677 1090 προφανῆ
717 1021 946 1088 ἔννοιαν,
974 1022 1056 1074 ὅτι
1078 1021 1211 1073 Οὐδὲ
1246 1022 1475 1090 ἔσχατος
1502 1017 1688 1080 δοῦλος
1719 1015 1886 1070 αὑτοῦ

296 1115 411 1182 εἰμι
445 1112 591 1177 ἄξιος
626 1111 939 1165 τάττεσθαι.
977 1111 1133 1162 Κατὰ
1167 1111 1222 1162 δὲ
1255 1110 1315 1162 τὸ
1353 1110 1754 1179 κρυφιώτερον,
1795 1107 1890 1159 δύο

299 1203 626 1272 ὑποδήματά
655 1205 762 1254 εἰσι
813 1202 906 1254 τοῦ
938 1202 1174 1270 Κυρίου,
1231 1203 1264 1270 ἦ
1315 1219 1374 1253 τε
1405 1201 1464 1266 ἐξ
1525 1197 1758 1270 ούρανοῦ
1794 1197 1888 1249 ἐπὶ

295 1297 396 1366 τὴν
445 1296 546 1364 γῆν
578 1294 862 1365 ἐπιδημία,
910 1295 1004 1347 καὶ
1033 1296 1065 1362 ἡ
1100 1295 1163 1346 ὲκ
1186 1293 1289 1362 γῆς
1313 1293 1404 1345 ἐπὶ
1437 1294 1529 1346 τὸν
1559 1291 1690 1362 ᾅδην
1714 1308 1725 1320 ·
1763 1290 1888 1343 τού-

297 1405 406 1438 τι-δν
429 1386 522 1439 οῦν
552 1387 657 1438 τῶν
684 1385 778 1438 δύο
806 1384 1113 1453 ὲπιδημιῶν
1141 1386 1266 1446 τοὺς
1291 1385 1548 1455 τρόπους,
1573 1383 1634 1435 ού
1663 1381 1890 1436 δύναταί

296 1496 380 1540 τις
417 1478 595 1540 λῦσαι,
638 1478 757 1529 οὐδὲ
789 1478 834 1528 εί
869 1478 1010 1528 κατὰ
1045 1476 1301 1546 Ἰωάννην
1335 1475 1472 1530 ἐστί.
1539 1474 1632 1538 Τίς
1663 1475 1770 1546 γὰρ
1797 1475 1888 1526 δύ-

299 1587 456 1622 νιιται
489 1571 682 1636 εἰπεῖν,
719 1571 748 1639 ἣ
788 1568 905 1631 πῶς
934 1569 1246 1641 ἐσαρκώθη,
1288 1569 1320 1639 ἢ
1355 1569 1473 1632 πῶς
1505 1567 1778 1638 κατῆλθεν
1807 1571 1886 1631 είς

301 1661 468 1732 ᾆδην;
529 1663 601 1714 T6
632 1663 686 1714 δὲ
725 1655 800 1714 Ob
835 1661 895 1714 τὸ
925 1662 1100 1715 πτύον
1131 1665 1188 1714 ὲν
1235 1665 1301 1734 τῇ
1331 1664 1474 1732 χειρὶ
1505 1661 1694 1725 αὐτοῦ,
1729 1661 1890 1714 τοῦτο

301 1752 578 1822 σημαίνει,
624 1754 727 1817 ὅτι,
787 1755 847 1806 Ei
881 1756 974 1806 καὶ
1028 1754 1282 1824 βαπτίσει
1331 1755 1496 1824 ὑμᾶς,
1535 1755 1608 1825 μὴ
1637 1752 1887 1824 νομίζετε

297 1845 381 1897 ἔτι
411 1844 510 1914 ἥδη
537 1845 702 1898 ἀθῶοί
739 1845 861 1897 ἐστε
892 1863 907 1876 ο
943 1847 1056 1898 ἀλλ’
1103 1848 1151 1899 εξ
1181 1847 1255 1917 μὴ
1294 1847 1383 1899 τὸν
1408 1844 1546 1915 μετὰ
1577 1846 1750 1900 ταῦτα
1775 1845 1887 1914 βίον

298 1937 530 2004 ἄμωμον
552 1937 874 2003 ἐνδείξεσθε,
904 1939 1243 1993 κατακαύσει
1268 1941 1411 2009 ὑμᾶς
1438 1941 1571 2010 πυρὶ
1598 1940 1852 2009 ἀσϐέστῳ
1873 1956 1884 1968 ·

299 2029 503 2096 ἄχυρον
543 2029 650 2097 γάρ
681 2031 850 2093 ἐστιν,
900 2031 928 2082 6
958 2030 1206 2100 ἄκαρπον
1236 2030 1375 2100 ἔχων
1408 2031 1554 2096 νοῦν,
1607 2032 1700 2084 καὶ
1728 2031 1887 2099 μόνον

299 2116 568 2184 συρφετὸν
599 2119 766 2173 πολὺν
786 2120 1060 2188 βιωτικῶν
1088 2123 1430 2192 πραγμάτων
1472 2123 1885 2191 ἐπιφερόμενος.

305 2227 326 2259 ι
373 2208 552 2262 Πολλὰ
579 2210 633 2262 δὲ
667 2214 759 2264 καὶ
786 2213 953 2284 ⁴έτερα
984 2214 1340 2284 παρακαλῶν,
1381 2214 1767 2284 εὐηγγελίζετο
1795 2213 1888 2266 τὸν

297 2299 446 2352 λαόν.
486 2319 503 2350 ι
543 2303 898 2374 Παράκλησις
932 2305 1041 2374 γὰρ
1071 2307 1242 2368 ὅντως
1277 2307 1426 2358 ἐστὶν
1463 2308 1494 2376 ἠ
1527 2306 1708 2375 ἀγαθὴ
1740 2305 1888 2358 διδα-

298 2391 499 2444 σκαλία
530 2410 542 2420 ·
573 2396 667 2446 καὶ
717 2397 1035 2463 εὐαγγέλιον
1069 2398 1124 2448 δὲ
1155 2398 1380 2460 εἰκότως
1402 2397 1467 2450 ἂν
1488 2397 1727 2466 λεχθείη.

375 2501 392 2532 ι
441 2484 500 2535 '0
530 2484 585 2536 δὲ
623 2486 872 2556 Ἡρώδης
923 2490 950 2540 6
1006 2488 1326 2558 Τετράρχης
1389 2489 1747 2558 ἐλεγχόμενος
1795 2487 1885 2540 ὑπ’·

292 2574 464 2628 αὐτοῦ
510 2577 639 2647 περὶ
676 2579 1005 2648 Ἡρωδιάδος
1062 2580 1161 2642 τῆς
1219 2581 1480 2648 γυναικὸς
1529 2579 1621 2633 τοῦ
1651 2579 1886 2648 ἀδελφοῦ

298 2667 494 2732 αὑτοῦ,
563 2671 654 2722 καὶ
716 2672 846 2740 περὶ
912 2674 1131 2725 πάντων
1174 2666 1248 2725 ὧν
1279 2673 1506 2743 εποίησε
1548 2672 1802 2743 πονηρῶν
1860 2675 1888 2726 ὁ

308 2757 579 2830 Ἡρώδης,
612 2761 920 2830 προσέθηκε
953 2763 1048 2815 καὶ
1087 2762 1245 2816 τοῦτο
1297 2766 1388 2816 ἐπὶ
1424 2766 1578 2828 πᾶσι,
1630 2769 1724 2816 καὶ
1756 2782 1890 2818 κατ-

297 2849 511 2901 έκλεισε
543 2852 634 2904 τὸν
679 2853 933 2923 Ἰωάννην
961 2856 1018 2906 ὲν
1049 2859 1114 2925 τῇ
1161 2857 1399 2927 φυλακῇ.
1452 2856 1701 2925 Ἐγένετο
1730 2856 1786 2908 δὲ
1829 2857 1888 2908 ἐν

294 2939 376 3008 τῷ
403 2940 766 3013 βαπτισθῆναι
791 2946 1008 3000 ἅπαντα
1037 2949 1131 2999 τὸν
1165 2949 1314 3013 λαὸν,
1346 2950 1443 3002 καὶ
1480 2948 1657 3020 Ἰησοῦ
1691 2950 1888 3019 βαπτι-

296 3032 518 3096 σθέντος
541 3039 634 3089 καὶ
669 3042 1132 3110 προσευχομένου,
1168 3042 1510 3113 ἀνεῳχθῆναι
1535 3043 1625 3096 τὸν
1657 3045 1888 3112 οὐρανὸν

296 3125 395 3177 καὶ
438 3127 742 3196 καταϐῆναι
773 3130 834 3183 τὸ
860 3131 1084 3201 Πνεῦμα
1119 3132 1178 3185 τὸ
1233 3132 1388 3202 ἆγιον
1427 3135 1728 3205 σωματικῷ
1758 3137 1886 3188 εῖδει
1917 3152 1960 3212 C

293 3214 432 3267 ὡσεὶ
468 3219 797 3288 περιστερὰν
821 3223 908 3274 ἐπ’
957 3225 1140 3290 αὐτὸν,
1193 3229 1288 3277 καὶ
1336 3225 1522 3296 φωνὴν
1562 3226 1621 3290 ἐξ
1651 3229 1886 3298 οὐρανοῦ

295 3306 570 3384 γενέσθαι,
598 3308 862 3377 λέγουσαν
884 3331 898 3344 ·
935 3315 1005 3366 Σὺ
1030 3311 1080 3366 εἶ
1101 3317 1128 3367 6
1163 3315 1290 3378 Υἱός
1314 3334 1417 3386 μου
1450 3321 1477 3370 6
1503 3318 1807 3388 ἀγαπητὸς,
1831 3320 1890 3373 ὲν

302 3398 383 3451 τοι
407 3399 739 3470 ηύδόκησα.»
779 3403 1019 3467 Εἰκότως
1045 3407 1416 3476 παρενέὸαλεν
1437 3410 1463 3460 6
1497 3409 1890 3476 εύαγγελιστὴς

293 3490 531 3544 ενταῦθα
557 3491 625 3544 τὰ
649 3493 777 3562 περὶ
818 3495 1086 3564 Ἡρώδου,
1145 3500 1429 3567 μονονουχὶ
1459 3499 1638 3552 τοιάδε
1672 3499 1846 3566 λέγων
1869 3515 1886 3531 ο

326 3585 370 3634 0
396 3583 494 3651 μὲν
511 3581 690 3653 ὄχλος,
716 3584 944 3640 τοιαῦτα
971 3591 1098 3658 περὶ
1133 3590 1380 3642 Ἰωάννου
1406 3590 1752 3657 διελογίζετο,
1775 3594 1802 3644 ό
1833 3592 1888 3644 δὲ

302 3674 554 3744 Ἡρώδης
601 3675 958 3746 ἐλεγχόμενος
1011 3681 1102 3731 ὑπ’
1154 3680 1342 3744 αὑτοῦ,
1415 3683 1728 3752 προσέθηκε
1791 3685 1888 3736 καὶ

291 3765 455 3818 τοῦτο
478 3768 570 3819 ἐπὶ
601 3769 758 3831 πᾶσι,
783 3769 844 3820 τὸ
874 3771 1229 3824 κατακλεῖσαι
1261 3774 1422 3827 αὑτὸν
1456 3779 1512 3828 ὲν
1536 3778 1599 3844 τῇ
1631 3776 1847 3845 φυλακῇ
1871 3792 1885 3807 ο

290 3859 495 3912 ὡσανεὶ
522 3854 616 3913 οῦν
652 3862 1016 3930 σχετλιάζων,
1047 3865 1223 3918 ταῦτα
1266 3867 1538 3935 διηγεῖται
1578 3872 1673 3922 καὶ
1712 3870 1888 3922 δεινο·

292 3949 510 4014 παθῶν,
589 3953 704 4020 εῐγε
747 3954 840 4006 τοῦ
870 3955 1027 4024 δχλου
1075 3959 1335 4030 τοιαύτην
1369 3961 1640 4031 ὑπόληψιν
1673 3963 1766 4015 ἐπὶ
1811 3964 1888 4032 τῷ

305 4041 526 4112 Ἰωάννῃ
582 4042 830 4112 ἔχοντος,
876 4047 903 4097 6
966 4046 1209 4117 Ἡρώδης
1255 4048 1480 4104 τοιαῦτα
1549 4053 1883 4118 ἐπεδείξατο.

309 4135 595 4203 Λνοίγεται
621 4135 675 4188 δὲ
709 4137 737 4188 6
762 4138 1010 4207 οὐρανὸς,
1040 4139 1129 4193 ἶνα
1149 4141 1330 4212 δειχθῇ
1360 4145 1487 4213 ἡμῖν
1507 4145 1588 4196 ὅτι
1617 4145 1674 4197 τὸ
1698 4146 1888 4214 βάπτι-

293 4239 411 4293 σμα
439 4226 645 4294 ἀνοίγει
675 4227 810 4280 πᾶσι
843 4228 935 4280 τὸν
983 4231 1233 4297 οὐρανὸν,
1270 4231 1328 4283 δν
1380 4237 1407 4286 6
1451 4234 1622 4304 Ἀδὰμ
1649 4235 1881 4292 ἔκλεισε.

291 4317 524 4373 Κάτεισί
554 4334 610 4370 τε
643 4319 703 4372 τὸ
756 4319 981 4390 Πνεῦμα
1025 4323 1119 4374 ἐπὶ
1165 4323 1258 4376 τὸν
1299 4325 1527 4394 Ἰησοῦν,
1567 4328 1655 4380 ἵνα
1698 4331 1789 4382 καὶ
1822 4331 1886 4383 ἐκ

288 4412 484 4465 τούτου
511 4413 773 4483 μάθωμεν
803 4418 886 4469 ὃτι
921 4418 1016 4470 καὶ
1061 4420 1196 4488 ἡμῖν
1243 4419 1663 4492 βάπτιζομένοις
1701 4425 1880 4479 ἔπεισι

1992 561 2125 632 igni,
2154 562 2502 617 manifestum
2527 563 2767 617 omnino.
2785 561 3001 616 Etenim
3034 557 3294 629 apostolis
3318 557 3584 627 Spiritum

1989 658 2160 722 misit,
2185 667 2239 711 et
2263 657 2434 726 ignere
2484 655 2682 726 [iugum
2712 662 3085 724 apparuerunt
3120 653 3423 721 dispertitte
3455 651 3585 709 illis.

1990 748 2107 802 Non
2143 759 2321 803 autem
2355 749 2576 818 dignum
2619 761 2742 801 esse
2765 757 2822 800 ut
2849 746 3022 800 solvat
3057 745 3358 816 corrigiam
3373 744 3588 799 calcea-

1991 851 2323 906 mentorum,
2355 842 2501 895 clara
2529 839 2802 895 sententia
2832 848 2936 903 est,
2966 840 3110 908 quod
3139 855 3242 890 non
3265 837 3338 891 sit
3391 838 3586 906 dignus

1990 934 2080 1002 qui
2106 934 2245 986 inter
2274 943 2557 990 extremos
2586 946 2775 986 servos
2803 931 3107 985 ordinetur.
3140 927 3196 982 ln
3216 942 3377 983 sensu
3403 939 3589 982 autem

1990 1027 2310 1094 occultiore,
2337 1029 2443 1082 duo
2471 1029 2838 1082 calceamenta
2879 1023 3116 1088 Domini,
3153 1031 3280 1076 sunt
3306 1021 3593 1090 profectio-

1992 1135 2090 1173 nes
2120 1119 2238 1188 ejus
2256 1119 2396 1182 duae,
2422 1133 2527 1172 una
2555 1134 2585 1173 e
2612 1118 2766 1172 costis
2797 1117 2848 1170 in
2877 1128 3104 1184 terram,
3158 1115 3330 1168 altera
3359 1128 3390 1168 e
3440 1123 3587 1166 terra

1994 1212 2046 1264 in
2105 1210 2387 1264 infernum
2433 1212 2670 1264 :harmn
2720 1211 2864 1264 enim
2913 1210 3142 1262 duarum
3197 1205 3593 1277 profectionum

1992 1304 2212 1356 modum
2241 1317 2346 1357 non
2384 1312 2564 1370 potest
2599 1301 2867 1370 quispiam
2917 1301 3154 1365 solvere,
3198 1315 3266 1353 ne
3297 1299 3340 1352 si
3389 1296 3588 1350 Joanni

1996 1397 2215 1464 quidem
2246 1394 2442 1449 similis
2469 1393 2654 1446 fuerit.
2694 1393 2826 1460 Quis
2852 1393 2996 1445 enim
3038 1391 3313 1460 explicare
3359 1389 3586 1459 pcterit,

1992 1497 2085 1540 aut
2111 1488 2386 1556 quomodo
2427 1485 2743 1540 incarnatus
2775 1484 2869 1546 sit,
2905 1494 2998 1536 aut
3032 1483 3304 1552 quomodo
3335 1483 3389 1536 in
3416 1481 3590 1534 infer-

1995 1595 2124 1631 nmn
2159 1577 2501 1632 descenderit
2533 1574 2698 1630 ?Jam
2730 1576 3089 1629 ventilahrum
3139 1575 3192 1628 in
3231 1589 3392 1628 manu
3449 1573 3590 1643 ejus,

1994 1670 2095 1724 hoc
2113 1670 2310 1738 signat,
2331 1666 2475 1737 quod
2504 1667 2655 1722 Licet
2678 1668 2967 1738 baptizarit
2993 1682 3110 1730 vos,
3136 1681 3202 1720 ne
3222 1666 3424 1736 putetis
3447 1666 3591 1735 quod

1994 1762 2104 1830 jam
2135 1763 2382 1816 insontes
2401 1761 2561 1815 sitis:
2609 1761 2701 1814 sed
2732 1761 2834 1815 nisi
2877 1760 3104 1827 posthac
3162 1761 3326 1812 vitam
3368 1759 3591 1827 egeritis

1995 1855 2425 1920 immaculatam,
2448 1864 2640 1908 exuret
2672 1869 2768 1907 vos
2805 1854 2912 1922 igni
2945 1852 3396 1920 inexstinguihili.
3429 1851 3589 1906 I’alea

1992 1951 2136 2004 enint
2161 1950 2353 2017 estqui
2378 1946 2730 2001 infecundam
2766 1957 3000 1999 mentem
3031 1945 3221 2009 habet,
3259 1954 3313 1998 et
3346 1955 3586 1998 tantum-

1992 2041 2151 2096 modo
2206 2055 2458 2110 magnam
2513 2054 2694 2093 rerum
2765 2038 3145 2107 temporalium
3192 2052 3379 2092 curam
3433 2041 3604 2107 gerit.-

1997 2133 2212 2187 (Multa
2272 2139 2534 2187 autemet
2606 2132 2707 2185 alia
2784 2131 3086 2185 exhortans
3181 2131 3596 2200 evangelizaiaat

1993 2224 2206 2296 populo.
2241 2243 2258 2275 ι
2295 2224 2605 2278 Consolatio
2631 2223 2776 2277 enim
2808 2234 2864 2276 et
2899 2222 3236 2286 exhortatio,
3268 2237 3459 2276 revera
3512 2231 3594 2274 est

2010 2313 2249 2370 doctrin:
2286 2315 2448 2380 bona,
2477 2323 2528 2368 et
2555 2313 2677 2383 jure
2710 2313 2908 2368 dicitur
2939 2314 3281 2384 evangelium

2064 2477 2228 2531 Vsus.
2263 2476 2455 2531 i9-22.
2495 2495 2512 2527 ι
2565 2475 2810 2530 Herodes
2871 2485 3050 2529 autem
3116 2474 3413 2530 Tetrart-ha
3467 2492 3589 2530 cum

1994 2569 2363 2636 corriperetur
2393 2570 2458 2620 ab
2492 2567 2584 2620 illo
2627 2568 2693 2620 de
2725 2565 3032 2620 llerodiade
3060 2581 3232 2621 uxore
3262 2565 3451 2621 fratris
3487 2584 3591 2629 su,

1995 2661 2168 2728 deque
2209 2660 2462 2714 omnibus
2504 2659 2662 2712 malis
2695 2673 2812 2727 quae
2850 2657 3084 2712 faciebat
3128 2656 3394 2722 Herodes,
3447 2659 3596 2727 adje-

1993 2753 2062 2806 cit
2093 2762 2146 2805 et
2181 2752 2283 2806 hoc
2316 2767 2480 2820 super
2507 2753 2710 2813 omnia,
2753 2761 2805 2803 et
2841 2749 3058 2804 inclusit
3084 2750 3352 2806 Joannem
3389 2751 3439 2803 in
3470 2766 3594 2803 car-

1994 2858 2195 2898 cerem.
2232 2844 2459 2899 Factum
2491 2855 2572 2898 est
2615 2855 2798 2897 autem
2840 2861 2966 2898 cum
3004 2845 3377 2912 baptizaretur
3411 2842 3593 2896 omnis

1991 2938 2244 3006 pepulus,
2276 2948 2332 2990 ιιι
2363 2948 2416 2990 et
2455 2934 2584 2990 Jesu
2626 2937 2904 3005 Iraptizato
2931 2945 2986 2991 et
3019 2947 3212 2989 orante
3245 2946 3490 3004 apertum
3525 2935 3596 2988 sit

1994 3031 2214 3094 malum,
2279 3044 2344 3083 ae
2401 3030 2687 3084 descendit
2747 3029 2985 3097 Spiritus
3043 3038 3266 3084 sanctus
3321 3028 3592 3096 corporali

1993 3125 2170 3192 specie
2191 3123 2345 3191 quasi
2374 3124 2622 3176 columba
2655 3124 2706 3175 in
2741 3122 2940 3191 ipsum,
2976 3133 3028 3176 et
3061 3137 3164 3176 vox
3191 3127 3255 3174 de
3283 3121 3423 3191 coelo
3451 3120 3594 3175 facta

1993 3225 2076 3269 est
2104 3231 2222 3284 qua:
2259 3213 2465 3268 diceret
2502 3233 2515 3267 :
2546 3214 2623 3267 Tu
2680 3230 2737 3268 es
2773 3213 2943 3268 Filius
2968 3215 3054 3268 ille
3081 3229 3236 3269 meus
3264 3215 3517 3277 dilectus,
3540 3215 3594 3267 in

1997 3318 2045 3363 te
2068 3308 2447 3377 complacitum
2469 3317 2552 3361 est
2581 3307 2733 3362 mihi.
2769 3325 2786 3358 ι
2824 3306 3320 3362 Meritointerserit
3349 3308 3451 3361 hoc
3475 3306 3596 3361 loco

1992 3400 2324 3468 evangelista
2349 3400 2414 3454 de
2435 3399 2668 3466 Herode,
2689 3399 2842 3467 quasi
2864 3399 2917 3452 in
2949 3400 3092 3453 hunc
3119 3402 3336 3453 modum
3365 3399 3550 3453 dicens
3580 3420 3591 3456 :

1993 3493 2173 3546 'l‘urha
2224 3492 2440 3562 quidem
2483 3493 2610 3546 talia
2669 3495 2734 3546 de
2771 3491 2982 3546 Joanne
3016 3491 3314 3555 sentiebat,
3355 3491 3594 3545 Herodes

1994 3593 2178 3637 autem
2223 3599 2344 3635 cum
2380 3583 2874 3650 reprehenderetur
2896 3583 2965 3636 ab
2995 3597 3081 3647 eo,
3117 3583 3282 3635 etiam
3311 3584 3377 3636 ad
3412 3583 3595 3640 omnia

1992 3677 2096 3729 alia
2128 3676 2368 3729 facinora
2401 3675 2601 3745 adjecit
2632 3684 2689 3728 ut
2719 3675 3026 3729 includeret
3060 3674 3206 3728 illum
3252 3675 3304 3728 in
3340 3690 3583 3730 carcere.

1991 3769 2188 3823 Narrat
2235 3770 2419 3836 itaque
2461 3770 2575 3822 hcce
2627 3770 2888 3822 miserum
2937 3768 3086 3822 illum
3119 3777 3173 3822 et
3219 3783 3590 3823 aerumnosum

1995 3861 2263 3924 indicans,
2299 3861 2741 3930 quandoquidem
2778 3861 2903 3914 talia
2955 3875 3125 3914 ausus
3179 3859 3379 3925 fuerat,
3438 3862 3596 3917 turba

1995 3962 2220 4017 tantam,
2244 3954 2552 4023 opinionem
2594 3953 2827 4007 habente
2865 3953 2929 4008 de
2977 3953 3144 4024 296
3179 3953 3414 4009 Joanne.
3446 3955 3593 4024 Ape-

1993 4045 2134 4099 ritur
2181 4055 2360 4100 autem
2408 4047 2629 4111 coelum,
2669 4057 2724 4099 nt
2756 4057 3093 4102 monstretur
3126 4048 3281 4101 nobis
3315 4050 3458 4116 quod
3495 4047 3594 4103 ba-

1992 4140 2190 4206 ptisma
2209 4131 2684 4208 aperiatnmni’hus
2703 4139 2900 4194 ccelum
2917 4183 2928 4202 ,
2947 4139 3090 4206 quod
3108 4141 3279 4194 Adam
3301 4140 3592 4197 clauserat.

1990 4232 2283 4287 Descendit
2316 4240 2499 4286 autem
2535 4233 2769 4301 Spiritus
2819 4233 2871 4286 in
2925 4231 3131 4296 Jesunt,
3170 4244 3227 4287 ut
3269 4252 3332 4288 ex
3362 4235 3464 4289 hoc
3515 4236 3600 4290 di-

1990 4341 2208 4379 scamus
2239 4328 2383 4395 quod
2410 4335 2464 4379 et
2495 4325 2550 4378 in
2584 4341 2708 4389 nos,
2735 4340 2855 4378 cum
2877 4325 3245 4392 baptizamur,
3296 4327 3593 4380 descendat

1977 4417 2253 4487 .Spiritus.
2285 4416 2472 4486 Neque
2503 4419 2648 4470 enim
2673 4415 2875 4484 Spiritu
2901 4416 3159 4470 Dominus
3182 4432 3316 4486 opus
3336 4418 3591 4482 habebat,

288 4506 355 4558 τὺ
372 4507 631 4575 Πνεῦμα·
673 4509 734 4560 υύ
769 4511 876 4580 γὰρ
904 4511 966 4582 δὴ
994 4512 1023 4564 6
1058 4513 1260 4587 Κύριος
1283 4515 1461 4568 ἐδέετο
1494 4517 1586 4570 τοῦ
1620 4519 1885 4589 Πνεύμα-

1994 4511 2086 4565 sed
2115 4511 2300 4564 omnia
2349 4520 2573 4579 propter
2607 4525 2706 4564 nos
2760 4509 2913 4574 facit,
2951 4515 3006 4564 et
3064 4510 3321 4578 primitiae
3379 4511 3495 4579 ipse
3534 4510 3596 4565 fit

289 4615 406 4661 τος.
452 4600 615 4653 Ἀλλὰ
653 4602 834 4656 πάντα
863 4603 931 4655 δι’
966 4605 1113 4673 ἡμᾶς
1139 4609 1302 4671 ποιεῖ,
1343 4609 1434 4661 καὶ
1466 4610 1691 4680 ἀπαρχὴ
1722 4612 1885 4676 αὐτὸς

289 4691 497 4760 γίνεται
555 4694 808 4759 πάντων,
861 4689 937 4749 ὧν
987 4698 1288 4768 ἐμέλλομεν
1344 4701 1506 4770 ἡμεῖς
1576 4702 1882 4771 λαμϐάνειν

292 4781 542 4852 ὕστερον,
575 4785 649 4848 ὡς
676 4787 742 4839 ἄν
774 4788 1119 4856 πρωτότοκος
1152 4792 1209 4842 ἐν
1265 4791 1480 4854 πολλοῖς
1513 4793 1758 4862 ἀδελφοῖς
1785 4796 1880 4862 γέο

292 4889 486 4944 νηται’
541 4876 617 4939 ὡς
667 4879 970 4952 περιστερὰ
991 4881 1068 4948 δὲ,
1121 4882 1209 4935 ἵνα
1245 4884 1505 4954 μάθωμεν
1558 4888 1639 4940 ὅτι
1668 4889 1878 4959 πράους

291 4969 451 5050 ἡμᾶς.
473 4964 613 5022 εἶναι
646 4970 843 5024 δεῖκαὶ
873 4972 1147 5044 καθαρούς
1171 4992 1182 5004 ”
1216 4977 1312 5029 καὶ
1335 4979 1417 5030 ὅτι
1445 4979 1633 5049 ῶσπερ
1663 4981 1756 5034 ἐπὶ
1788 4981 1879 5034 τοῦ

287 5056 438 5124 Νῶε,
497 5063 799 5133 περιστερά
853 5065 1091 5134 ἐμήνυσε
1125 5068 1220 5136 τὴν
1249 5069 1597 5122 κατάπαυσιν
1651 5072 1750 5140 τῆς
1784 5058 1878 5124 τδῦ

288 5149 429 5203 Θεοῦ
461 5151 651 5222 ὀργῆς,
684 5153 826 5207 οὕτω
871 5159 964 5210 καὶ
1009 5159 1263 5225 ἐνταῦθα,
1298 5161 1357 5214 τὸ
1388 5162 1610 5232 Πνεῦμα
1638 5164 1697 5214 τὸ
1725 5163 1880 5231 ἅγιον

289 5244 631 5311 κατήλλαξεν
662 5250 809 5317 ἡμᾶς
850 5249 927 5318 τῷ
978 5250 1117 5322 Θεῷ,
1153 5254 1540 5324 κατακλυσμὸν
1573 5257 1670 5325 τῆς
1695 5257 1880 5326 άμαρο

288 5335 415 5398 τίας
475 5341 875 5408 ποιησάμενον’
941 5345 1034 5395 καὶ
1073 5344 1201 5406 Υἱὸς
1245 5345 1299 5398 δὲ
1337 5349 1547 5413 ἀκούει,
1601 5349 1749 5419 παρὰ
1786 5351 1879 5403 τοῦ

293 5428 511 5498 Πατρός
538 5432 852 5504 ἐνεχθείσης
885 5436 981 5504 τῆς
1013 5439 1220 5507 φωνῆς,
1272 5440 1485 5503 δεικνὺς
1514 5442 1594 5493 ὅτι
1629 5443 1724 5494 καὶ
1754 5444 1886 5512 ἡμῖν

297 5521 741 5591 βαπτιζομένοις,
775 5528 871 5595 τὴν
915 5527 1190 5581 υἱοθεσίαν
1237 5532 1527 5602 ἐχαρίσατο
1592 5535 1680 5586 Ἐν
1707 5537 1785 5589 σοὶ
1833 5535 1886 5587 δὲ

295 5611 590 5680 εὐδόκησα,
633 5616 751 5668 ἀντὶ
785 5618 902 5682 τοῦ,
931 5621 1346 5691 ὲπανεπαύῦην.

376 5797 420 5826 ’⁸
460 5793 598 5852 Gen.
629 5813 742 5862 vm,
776 5800 858 5852 Η.

1993 4604 2236 4658 omnium
2266 4617 2384 4670 quae
2418 4617 2520 4659 nos
2556 4603 2830 4673 sumpturi
2881 4618 3072 4660 sumus
3120 4602 3372 4672 posthac,
3407 4612 3464 4656 ut
3503 4606 3596 4658 fiat

1995 4695 2398 4765 primogenitus
2443 4696 2496 4749 in
2529 4697 2717 4752 multis
2749 4696 3034 4755 fratribus.
3078 4698 3139 4750 In
3177 4697 3362 4766 specie
3410 4707 3593 4752 autem

1991 4788 2254 4843 columbae
2274 4789 2574 4854 descendit,
2609 4791 2956 4845 utdiscamus
2989 4791 3132 4860 quod
3161 4802 3476 4846 mansuetos
3497 4806 3592 4846 nos
3619 4859 3625 4868 Ι

1989 4894 2110 4936 esse
2129 4889 2403 4950 oporteat,
2433 4895 2496 4935 ac
2526 4883 2774 4934 mundos.
2807 4881 2874 4935 Et
2909 4881 3048 4935 sicut
3081 4891 3326 4950 tempore
3353 4881 3464 4936 Noe
3494 4897 3588 4936 cu-
3623 4873 3630 4884 ’

1989 4966 2171 5026 lumba
2219 4972 2846 5042 significavitquievisse
2893 4973 3028 5026 iram
3061 4973 3154 5027 Dei
3183 4975 3248 5038 ",
3283 4975 3360 5027 sic
3401 4985 3453 5027 et
3491 4976 3589 5028 hoc

1983 5064 2104 5122 loco
2130 5063 2370 5133 Spiritus
2396 5075 2620 5120 sanctus
2643 5066 2951 5120 conciliavit
2983 5082 3083 5120 nos
3121 5069 3250 5135 Deo,
3290 5068 3433 5121 facto
3462 5084 3589 5136 pec-

1982 5161 2086 5215 ca’ti
2110 5159 2334 5214 diluvio.
2363 5159 2429 5212 Et
2459 5159 2628 5214 Filius
2652 5159 2851 5213 audita
2901 5157 3062 5213 Patre
3123 5175 3314 5214 vocem
3346 5160 3589 5224 allatam,

1985 5265 2300 5308 monstrans
2329 5255 2470 5320 quod
2501 5263 2554 5308 et
2587 5254 2748 5308 nobis
2788 5255 2878 5320 qui
2921 5254 3284 5321 baptizamur,
3339 5255 3587 5322 adoptio-

1980 5359 2104 5400 nem
2135 5344 2364 5398 filiorum
2397 5344 2488 5398 Dei
2511 5344 2738 5413 largitus
2761 5345 2854 5398 sit.
2887 5344 2944 5398 In
2982 5354 3032 5398 te
3058 5347 3194 5399 bene
3225 5345 3481 5415 placitum
3508 5351 3588 5397 est

1991 5436 2146 5503 mihi,
2183 5438 2286 5492 hoc
2317 5447 2421 5503 est,
2454 5438 2503 5491 in
2531 5447 2581 5492 te
2609 5438 2845 5507 quietem
2876 5437 3082 5508 acet-pi.
