  <div class='ocr_page' id='page_1' title='image "/cluster/home/n/w/nwhite01/storage/ocr_20150623/123/pst.000005714384/393.png"; bbox 0 0 4108 6334; ppageno 0'>
   <div class='ocr_carea' id='block_1_1' title="bbox 1498 300 3846 380">
    <p class='ocr_par' dir='ltr' id='par_1_1' title="bbox 1498 300 3846 380">
     <span class='ocr_line' id='line_1_1' title="bbox 1498 300 3846 380; baseline -0.008 0"><span class='ocrx_word' id='word_1_1' title='bbox 1498 316 2078 380; x_wconf 77' lang='lat' dir='ltr'><strong>THEOPHYLACTI</strong></span> <span class='ocrx_word' id='word_1_2' title='bbox 2125 311 2534 373; x_wconf 75' lang='lat' dir='ltr'><strong>BULGARUE</strong></span> <span class='ocrx_word' id='word_1_3' title='bbox 2561 312 2915 374; x_wconf 83' lang='lat' dir='ltr'><strong>ARCHIEP.</strong></span> <span class='ocrx_word' id='word_1_4' title='bbox 3746 300 3846 362; x_wconf 73' lang='lat' dir='ltr'><strong>7H</strong></span> 
     </span>
    </p>
   </div>
   <div class='ocr_carea' id='block_1_2' title="bbox 586 331 690 396">
    <p class='ocr_par' dir='ltr' id='par_1_2' title="bbox 586 331 690 396">
     <span class='ocr_line' id='line_1_2' title="bbox 586 331 690 396; baseline -0.029 0"><span class='ocrx_word' id='word_1_5' title='bbox 586 331 690 396; x_wconf 67' lang='lat'><strong>743</strong></span> 
     </span>
    </p>
   </div>
   <div class='ocr_carea' id='block_1_3' title="bbox 654 412 2181 499">
    <p class='ocr_par' dir='ltr' id='par_1_3' title="bbox 654 425 2164 499">
     <span class='ocr_line' id='line_1_3' title="bbox 654 425 2164 499; baseline -0.012 -8"><span class='ocrx_word' id='word_1_6' title='bbox 654 444 814 493; x_wconf 70' lang='lat' dir='ltr'><strong>Vsus.</strong></span> <span class='ocrx_word' id='word_1_7' title='bbox 846 440 914 492; x_wconf 70' lang='lat'><strong>25</strong></span> <span class='ocrx_word' id='word_1_8' title='bbox 942 435 1030 491; x_wconf 71' lang='lat'><strong>28.</strong></span> <span class='ocrx_word' id='word_1_9' title='bbox 1063 453 1079 485; x_wconf 82' lang='grc' dir='ltr'><strong>ι</strong></span> <span class='ocrx_word' id='word_1_10' title='bbox 1113 432 1175 487; x_wconf 80' lang='lat' dir='ltr'><strong>Et</strong></span> <span class='ocrx_word' id='word_1_11' title='bbox 1204 433 1313 499; x_wconf 80' lang='lat' dir='ltr'><strong>ipse</strong></span> <span class='ocrx_word' id='word_1_12' title='bbox 1344 430 1498 485; x_wconf 82' lang='lat' dir='ltr'><strong>Jesus</strong></span> <span class='ocrx_word' id='word_1_13' title='bbox 1528 429 1818 497; x_wconf 71' lang='lat' dir='ltr'><strong>incipiebat</strong></span> <span class='ocrx_word' id='word_1_14' title='bbox 1850 440 1971 478; x_wconf 79' lang='lat' dir='ltr'><strong>esse</strong></span> <span class='ocrx_word' id='word_1_15' title='bbox 1997 425 2164 475; x_wconf 78' lang='lat' dir='ltr'><strong>ferme</strong></span> 
     </span>
    </p>
   </div>
   <div class='ocr_carea' id='block_1_4' title="bbox 2288 412 3847 499">
    <p class='ocr_par' dir='ltr' id='par_1_4' title="bbox 2346 412 3847 493">
     <span class='ocr_line' id='line_1_4' title="bbox 2346 412 3847 493; baseline -0.005 -20"><span class='ocrx_word' id='word_1_16' title='bbox 2346 442 2361 473; x_wconf 78' lang='grc' dir='ltr'><strong>ι</strong></span> <span class='ocrx_word' id='word_1_17' title='bbox 2395 424 2500 477; x_wconf 77' lang='grc' dir='ltr'><strong>Καὶ</strong></span> <span class='ocrx_word' id='word_1_18' title='bbox 2532 422 2690 487; x_wconf 80' lang='grc' dir='ltr'>αὐτὸς</span> <span class='ocrx_word' id='word_1_19' title='bbox 2710 418 2777 493; x_wconf 76' lang='grc' dir='ltr'>ἦν</span> <span class='ocrx_word' id='word_1_20' title='bbox 2806 422 2834 474; x_wconf 90' lang='lat'><strong>6</strong></span> <span class='ocrx_word' id='word_1_21' title='bbox 2872 417 3073 490; x_wconf 77' lang='grc' dir='ltr'><strong>Ἰησοῦς</strong></span> <span class='ocrx_word' id='word_1_22' title='bbox 3101 418 3231 470; x_wconf 77' lang='grc' dir='ltr'>ὡσεὶ</span> <span class='ocrx_word' id='word_1_23' title='bbox 3254 414 3391 485; x_wconf 83' lang='grc' dir='ltr'><strong>ὲτῶν</strong></span> <span class='ocrx_word' id='word_1_24' title='bbox 3423 412 3725 482; x_wconf 72' lang='grc' dir='ltr'>τριάκοντα</span> <span class='ocrx_word' id='word_1_25' title='bbox 3748 416 3847 482; x_wconf 75' lang='grc' dir='ltr'><strong>ἀρ·</strong></span> 
     </span>
    </p>
   </div>
   <div class='ocr_carea' id='block_1_5' title="bbox 584 504 2181 593">
    <p class='ocr_par' dir='ltr' id='par_1_5' title="bbox 584 514 2162 593">
     <span class='ocr_line' id='line_1_5' title="bbox 584 514 2162 593; baseline -0.01 -10"><span class='ocrx_word' id='word_1_26' title='bbox 584 546 847 584; x_wconf 86' lang='lat' dir='ltr'><strong>aunorum</strong></span> <span class='ocrx_word' id='word_1_27' title='bbox 908 526 1145 593; x_wconf 80' lang='lat' dir='ltr'><strong>triginta,</strong></span> <span class='ocrx_word' id='word_1_28' title='bbox 1190 532 1246 574; x_wconf 88' lang='lat' dir='ltr'><strong>ut</strong></span> <span class='ocrx_word' id='word_1_29' title='bbox 1275 523 1589 589; x_wconf 87' lang='lat' dir='ltr'><strong>putabatur,</strong></span> <span class='ocrx_word' id='word_1_30' title='bbox 1638 519 1779 571; x_wconf 82' lang='lat' dir='ltr'><strong>ﬁlius</strong></span> <span class='ocrx_word' id='word_1_31' title='bbox 1806 516 2033 584; x_wconf 68' lang='lat' dir='ltr'><strong>Ioseph,</strong></span> <span class='ocrx_word' id='word_1_32' title='bbox 2070 514 2162 583; x_wconf 75' lang='lat' dir='ltr'><strong>qui</strong></span> 
     </span>
    </p>
   </div>
   <div class='ocr_carea' id='block_1_6' title="bbox 2288 504 3847 593">
    <p class='ocr_par' dir='ltr' id='par_1_6' title="bbox 2288 504 3847 585">
     <span class='ocr_line' id='line_1_6' title="bbox 2288 504 3847 585; baseline -0.008 -18"><span class='ocrx_word' id='word_1_33' title='bbox 2288 514 2496 585; x_wconf 66' lang='grc' dir='ltr'>ςὸμενος</span> <span class='ocrx_word' id='word_1_34' title='bbox 2551 513 2648 578; x_wconf 84' lang='grc' dir='ltr'>ὣν,</span> <span class='ocrx_word' id='word_1_35' title='bbox 2699 513 2775 575; x_wconf 79' lang='grc' dir='ltr'><strong>ὡς</strong></span> <span class='ocrx_word' id='word_1_36' title='bbox 2814 512 3114 581; x_wconf 75' lang='grc' dir='ltr'><strong>ἐνομίζετο,</strong></span> <span class='ocrx_word' id='word_1_37' title='bbox 3147 507 3259 572; x_wconf 77' lang='grc' dir='ltr'><strong>υἱὸς</strong></span> <span class='ocrx_word' id='word_1_38' title='bbox 3295 507 3524 577; x_wconf 77' lang='grc' dir='ltr'>Ἰωσὴφ,</span> <span class='ocrx_word' id='word_1_39' title='bbox 3553 504 3650 557; x_wconf 80' lang='lat'><strong>106</strong></span> <span class='ocrx_word' id='word_1_40' title='bbox 3712 506 3847 565; x_wconf 74' lang='grc' dir='ltr'><strong>Ἠλὶ,</strong></span> 
     </span>
    </p>
   </div>
   <div class='ocr_carea' id='block_1_7' title="bbox 585 592 2181 684">
    <p class='ocr_par' dir='ltr' id='par_1_7' title="bbox 585 592 2164 684">
     <span class='ocr_line' id='line_1_7' title="bbox 585 592 2164 684; baseline -0.009 -10"><span class='ocrx_word' id='word_1_41' title='bbox 585 623 683 674; x_wconf 83' lang='grc' dir='ltr'>[υἷι</span> <span class='ocrx_word' id='word_1_42' title='bbox 717 620 856 673; x_wconf 88' lang='lat' dir='ltr'><strong>lilius</strong></span> <span class='ocrx_word' id='word_1_43' title='bbox 881 592 1017 681; x_wconf 82' lang='lat' dir='ltr'><strong>Heli,</strong></span> <span class='ocrx_word' id='word_1_44' title='bbox 1040 616 1128 684; x_wconf 93' lang='lat' dir='ltr'><strong>qui</strong></span> <span class='ocrx_word' id='word_1_45' title='bbox 1150 614 1247 667; x_wconf 89' lang='grc' dir='ltr'>[υἷι</span> <span class='ocrx_word' id='word_1_46' title='bbox 1272 613 1493 675; x_wconf 80' lang='lat' dir='ltr'><strong>Matltat,</strong></span> <span class='ocrx_word' id='word_1_47' title='bbox 1524 612 1613 680; x_wconf 87' lang='lat' dir='ltr'><strong>qui</strong></span> <span class='ocrx_word' id='word_1_48' title='bbox 1645 608 1911 672; x_wconf 76' lang='lat' dir='ltr'><strong>iuit&#39;Levi,</strong></span> <span class='ocrx_word' id='word_1_49' title='bbox 1936 609 2029 676; x_wconf 86' lang='lat' dir='ltr'><strong>qui</strong></span> <span class='ocrx_word' id='word_1_50' title='bbox 2066 606 2164 659; x_wconf 77' lang='lat' dir='ltr'><strong>fuit</strong></span> 
     </span>
    </p>
   </div>
   <div class='ocr_carea' id='block_1_8' title="bbox 2288 592 3844 684">
    <p class='ocr_par' dir='ltr' id='par_1_8' title="bbox 2288 592 3844 674">
     <span class='ocr_line' id='line_1_8' title="bbox 2288 592 3844 674; baseline -0.007 -15"><span class='ocrx_word' id='word_1_51' title='bbox 2288 608 2357 661; x_wconf 86' lang='lat'><strong>:06</strong></span> <span class='ocrx_word' id='word_1_52' title='bbox 2384 592 2616 674; x_wconf 69' lang='grc' dir='ltr'>Μαθὰτ,</span> <span class='ocrx_word' id='word_1_53' title='bbox 2672 606 2766 659; x_wconf 83' lang='grc' dir='ltr'>τοῦ</span> <span class='ocrx_word' id='word_1_54' title='bbox 2803 604 2954 667; x_wconf 81' lang='grc' dir='ltr'><strong>Λευῖ,</strong></span> <span class='ocrx_word' id='word_1_55' title='bbox 2990 600 3084 657; x_wconf 89' lang='lat'><strong>106</strong></span> <span class='ocrx_word' id='word_1_56' title='bbox 3128 601 3325 672; x_wconf 74' lang='grc' dir='ltr'>Μελχὶ,</span> <span class='ocrx_word' id='word_1_57' title='bbox 3366 600 3462 653; x_wconf 87' lang='lat'><strong>106</strong></span> <span class='ocrx_word' id='word_1_58' title='bbox 3507 596 3705 661; x_wconf 67' lang='lat'><strong>1.16631,</strong></span> <span class='ocrx_word' id='word_1_59' title='bbox 3754 597 3844 649; x_wconf 72' lang='grc' dir='ltr'>τοῦ</span> 
     </span>
    </p>
   </div>
   <div class='ocr_carea' id='block_1_9' title="bbox 591 684 2181 777">
    <p class='ocr_par' dir='ltr' id='par_1_9' title="bbox 591 698 2167 777">
     <span class='ocr_line' id='line_1_9' title="bbox 591 698 2167 777; baseline -0.01 -12"><span class='ocrx_word' id='word_1_60' title='bbox 591 712 801 771; x_wconf 78' lang='lat' dir='ltr'><strong>Melelii,</strong></span> <span class='ocrx_word' id='word_1_61' title='bbox 830 709 919 777; x_wconf 88' lang='lat' dir='ltr'><strong>qui</strong></span> <span class='ocrx_word' id='word_1_62' title='bbox 944 708 1044 760; x_wconf 83' lang='lat' dir='ltr'><strong>fuit</strong></span> <span class='ocrx_word' id='word_1_63' title='bbox 1066 706 1262 768; x_wconf 79' lang='lat' dir='ltr'><strong>Janne,</strong></span> <span class='ocrx_word' id='word_1_64' title='bbox 1285 704 1373 773; x_wconf 92' lang='lat' dir='ltr'><strong>qui</strong></span> <span class='ocrx_word' id='word_1_65' title='bbox 1404 704 1503 756; x_wconf 84' lang='grc' dir='ltr'>[υἷι</span> <span class='ocrx_word' id='word_1_66' title='bbox 1531 701 1866 769; x_wconf 81' lang='lat' dir='ltr'><strong>Joseph,qui</strong></span> <span class='ocrx_word' id='word_1_67' title='bbox 1898 699 1998 754; x_wconf 89' lang='grc' dir='ltr'>[υἷι</span> <span class='ocrx_word' id='word_1_68' title='bbox 2033 698 2167 751; x_wconf 82' lang='lat' dir='ltr'><strong>Mat-</strong></span> 
     </span>
    </p>
   </div>
   <div class='ocr_carea' id='block_1_10' title="bbox 2288 684 3840 777">
    <p class='ocr_par' dir='ltr' id='par_1_10' title="bbox 2288 684 3840 770">
     <span class='ocr_line' id='line_1_10' title="bbox 2288 684 3840 770; baseline -0.007 -17"><span class='ocrx_word' id='word_1_69' title='bbox 2288 700 2493 770; x_wconf 79' lang='grc' dir='ltr'><strong>’ἷωσὴφ,</strong></span> <span class='ocrx_word' id='word_1_70' title='bbox 2518 684 2619 752; x_wconf 86' lang='lat'><strong>106</strong></span> <span class='ocrx_word' id='word_1_71' title='bbox 2638 697 2973 760; x_wconf 78' lang='grc' dir='ltr'><strong>Ματταθίου,</strong></span> <span class='ocrx_word' id='word_1_72' title='bbox 3011 695 3101 749; x_wconf 82' lang='grc' dir='ltr'>τοῦ</span> <span class='ocrx_word' id='word_1_73' title='bbox 3143 694 3347 763; x_wconf 77' lang='grc' dir='ltr'><strong>Ἀμὼς,</strong></span> <span class='ocrx_word' id='word_1_74' title='bbox 3374 692 3469 744; x_wconf 87' lang='lat'><strong>106</strong></span> <span class='ocrx_word' id='word_1_75' title='bbox 3494 692 3715 760; x_wconf 76' lang='grc' dir='ltr'>Ναοὺμ,</span> <span class='ocrx_word' id='word_1_76' title='bbox 3747 689 3840 743; x_wconf 77' lang='lat'><strong>106</strong></span> 
     </span>
    </p>
   </div>
   <div class='ocr_carea' id='block_1_11' title="bbox 584 782 2181 869">
    <p class='ocr_par' dir='ltr' id='par_1_11' title="bbox 584 789 2162 869">
     <span class='ocr_line' id='line_1_11' title="bbox 584 789 2162 869; baseline -0.01 -10"><span class='ocrx_word' id='word_1_77' title='bbox 584 806 787 860; x_wconf 75' lang='lat' dir='ltr'><strong>tatliize.</strong></span> <span class='ocrx_word' id='word_1_78' title='bbox 816 802 905 869; x_wconf 92' lang='lat' dir='ltr'><strong>qui</strong></span> <span class='ocrx_word' id='word_1_79' title='bbox 941 800 1040 852; x_wconf 84' lang='lat' dir='ltr'><strong>fuit</strong></span> <span class='ocrx_word' id='word_1_80' title='bbox 1070 805 1254 860; x_wconf 82' lang='lat' dir='ltr'><strong>Amos,</strong></span> <span class='ocrx_word' id='word_1_81' title='bbox 1285 795 1376 865; x_wconf 90' lang='lat' dir='ltr'><strong>qui</strong></span> <span class='ocrx_word' id='word_1_82' title='bbox 1408 791 1716 858; x_wconf 78' lang='lat' dir='ltr'><strong>fuitNaum,</strong></span> <span class='ocrx_word' id='word_1_83' title='bbox 1750 792 1841 861; x_wconf 92' lang='lat' dir='ltr'><strong>qui</strong></span> <span class='ocrx_word' id='word_1_84' title='bbox 1872 789 2162 855; x_wconf 77' lang='lat' dir='ltr'><strong>fititHcsli,</strong></span> 
     </span>
    </p>
   </div>
   <div class='ocr_carea' id='block_1_12' title="bbox 2288 782 3845 869">
    <p class='ocr_par' dir='ltr' id='par_1_12' title="bbox 2288 782 3845 858">
     <span class='ocr_line' id='line_1_12' title="bbox 2288 782 3845 858; baseline -0.006 -15"><span class='ocrx_word' id='word_1_85' title='bbox 2288 791 2442 854; x_wconf 76' lang='grc' dir='ltr'>Ἐσλὶ,</span> <span class='ocrx_word' id='word_1_86' title='bbox 2483 791 2577 845; x_wconf 80' lang='grc' dir='ltr'><strong>τοῦ</strong></span> <span class='ocrx_word' id='word_1_87' title='bbox 2607 788 2849 858; x_wconf 74' lang='grc' dir='ltr'>Ναγγαὶ,</span> <span class='ocrx_word' id='word_1_88' title='bbox 2879 787 2971 840; x_wconf 85' lang='lat'><strong>106</strong></span> <span class='ocrx_word' id='word_1_89' title='bbox 3010 785 3201 847; x_wconf 77' lang='grc' dir='ltr'>Μαὰθ,</span> <span class='ocrx_word' id='word_1_90' title='bbox 3231 784 3323 837; x_wconf 83' lang='lat'><strong>106</strong></span> <span class='ocrx_word' id='word_1_91' title='bbox 3374 782 3716 845; x_wconf 62' lang='grc' dir='ltr'>Ματταῧωυ,</span> <span class='ocrx_word' id='word_1_92' title='bbox 3749 782 3845 834; x_wconf 78' lang='lat'><strong>106</strong></span> 
     </span>
    </p>
   </div>
   <div class='ocr_carea' id='block_1_13' title="bbox 585 872 2181 964">
    <p class='ocr_par' dir='ltr' id='par_1_13' title="bbox 585 882 2158 964">
     <span class='ocr_line' id='line_1_13' title="bbox 585 882 2158 964; baseline -0.01 -14"><span class='ocrx_word' id='word_1_93' title='bbox 585 897 674 964; x_wconf 85' lang='lat' dir='ltr'><strong>qui</strong></span> <span class='ocrx_word' id='word_1_94' title='bbox 706 894 806 948; x_wconf 86' lang='lat' dir='ltr'><strong>fuit</strong></span> <span class='ocrx_word' id='word_1_95' title='bbox 837 893 1053 962; x_wconf 68' lang='lat' dir='ltr'><strong>Naggzc,</strong></span> <span class='ocrx_word' id='word_1_96' title='bbox 1093 891 1180 959; x_wconf 90' lang='lat' dir='ltr'><strong>qui</strong></span> <span class='ocrx_word' id='word_1_97' title='bbox 1215 886 1316 942; x_wconf 78' lang='lat' dir='ltr'><strong>fuit</strong></span> <span class='ocrx_word' id='word_1_98' title='bbox 1353 886 1556 951; x_wconf 77' lang='lat' dir='ltr'><strong>Maath,</strong></span> <span class='ocrx_word' id='word_1_99' title='bbox 1585 885 1676 955; x_wconf 86' lang='lat' dir='ltr'><strong>qui</strong></span> <span class='ocrx_word' id='word_1_100' title='bbox 1716 884 1817 938; x_wconf 80' lang='lat' dir='ltr'><strong>fuit</strong></span> <span class='ocrx_word' id='word_1_101' title='bbox 1844 882 2158 943; x_wconf 73' lang='lat' dir='ltr'><strong>Mattatliize,</strong></span> 
     </span>
    </p>
   </div>
   <div class='ocr_carea' id='block_1_14' title="bbox 2288 872 3845 964">
    <p class='ocr_par' dir='ltr' id='par_1_14' title="bbox 2288 872 3845 952">
     <span class='ocr_line' id='line_1_14' title="bbox 2288 872 3845 952; baseline -0.007 -16"><span class='ocrx_word' id='word_1_102' title='bbox 2288 882 2462 952; x_wconf 74' lang='grc' dir='ltr'>Ξεμεῒ,</span> <span class='ocrx_word' id='word_1_103' title='bbox 2516 882 2610 936; x_wconf 88' lang='lat'><strong>106</strong></span> <span class='ocrx_word' id='word_1_104' title='bbox 2653 882 2865 950; x_wconf 85' lang='grc' dir='ltr'><strong>Ἰωσὴχ,</strong></span> <span class='ocrx_word' id='word_1_105' title='bbox 2926 879 3018 933; x_wconf 85' lang='lat'><strong>106</strong></span> <span class='ocrx_word' id='word_1_106' title='bbox 3063 877 3267 939; x_wconf 80' lang='grc' dir='ltr'>Ἰούδα,</span> <span class='ocrx_word' id='word_1_107' title='bbox 3318 877 3409 929; x_wconf 74' lang='lat'><strong>106</strong></span> <span class='ocrx_word' id='word_1_108' title='bbox 3456 875 3708 938; x_wconf 69' lang='lat' dir='ltr'><strong>&#39;lwawa,</strong></span> <span class='ocrx_word' id='word_1_109' title='bbox 3753 872 3845 926; x_wconf 67' lang='grc' dir='ltr'>τοῦ</span> 
     </span>
    </p>
   </div>
   <div class='ocr_carea' id='block_1_15' title="bbox 587 964 2181 1059">
    <p class='ocr_par' dir='ltr' id='par_1_15' title="bbox 587 974 2160 1059">
     <span class='ocr_line' id='line_1_15' title="bbox 587 974 2160 1059; baseline -0.011 -15"><span class='ocrx_word' id='word_1_110' title='bbox 587 991 677 1059; x_wconf 93' lang='lat' dir='ltr'><strong>qui</strong></span> <span class='ocrx_word' id='word_1_111' title='bbox 747 988 842 1040; x_wconf 81' lang='lat' dir='ltr'><strong>fuit</strong></span> <span class='ocrx_word' id='word_1_112' title='bbox 910 985 1109 1048; x_wconf 86' lang='lat' dir='ltr'><strong>Semei,</strong></span> <span class='ocrx_word' id='word_1_113' title='bbox 1172 983 1264 1051; x_wconf 91' lang='lat' dir='ltr'><strong>qui</strong></span> <span class='ocrx_word' id='word_1_114' title='bbox 1326 980 1425 1034; x_wconf 81' lang='lat' dir='ltr'><strong>fuit</strong></span> <span class='ocrx_word' id='word_1_115' title='bbox 1459 978 1678 1041; x_wconf 79' lang='lat' dir='ltr'><strong>Josech,</strong></span> <span class='ocrx_word' id='word_1_116' title='bbox 1716 978 1808 1047; x_wconf 90' lang='lat' dir='ltr'><strong>qui</strong></span> <span class='ocrx_word' id='word_1_117' title='bbox 1851 975 1951 1029; x_wconf 81' lang='lat' dir='ltr'><strong>fuit</strong></span> <span class='ocrx_word' id='word_1_118' title='bbox 2002 974 2160 1038; x_wconf 84' lang='lat' dir='ltr'><strong>Juda,</strong></span> 
     </span>
    </p>
   </div>
   <div class='ocr_carea' id='block_1_16' title="bbox 2288 964 3845 1059">
    <p class='ocr_par' dir='ltr' id='par_1_16' title="bbox 2288 964 3845 1045">
     <span class='ocr_line' id='line_1_16' title="bbox 2288 964 3845 1045; baseline -0.006 -19"><span class='ocrx_word' id='word_1_119' title='bbox 2288 973 2467 1043; x_wconf 69' lang='lat' dir='ltr'><strong>&#39;P&#39;qad,</strong></span> <span class='ocrx_word' id='word_1_120' title='bbox 2500 973 2594 1045; x_wconf 86' lang='lat'><strong>106</strong></span> <span class='ocrx_word' id='word_1_121' title='bbox 2628 972 2950 1040; x_wconf 75' lang='grc' dir='ltr'>Ζοροϐάϐελ,</span> <span class='ocrx_word' id='word_1_122' title='bbox 2978 970 3072 1023; x_wconf 80' lang='grc' dir='ltr'>τοῦ</span> <span class='ocrx_word' id='word_1_123' title='bbox 3105 967 3394 1039; x_wconf 77' lang='grc' dir='ltr'>Σαλαθιὴλ,</span> <span class='ocrx_word' id='word_1_124' title='bbox 3419 966 3514 1019; x_wconf 80' lang='grc' dir='ltr'>τοῦ</span> <span class='ocrx_word' id='word_1_125' title='bbox 3550 967 3721 1037; x_wconf 74' lang='grc' dir='ltr'><strong>Νηρὶ,</strong></span> <span class='ocrx_word' id='word_1_126' title='bbox 3751 964 3845 1017; x_wconf 81' lang='lat'><strong>106</strong></span> 
     </span>
    </p>
   </div>
   <div class='ocr_carea' id='block_1_17' title="bbox 591 1057 2181 1150">
    <p class='ocr_par' dir='ltr' id='par_1_17' title="bbox 591 1057 2161 1150">
     <span class='ocr_line' id='line_1_17' title="bbox 591 1057 2161 1150; baseline -0.01 -17"><span class='ocrx_word' id='word_1_127' title='bbox 591 1057 679 1150; x_wconf 84' lang='lat' dir='ltr'><strong>qui</strong></span> <span class='ocrx_word' id='word_1_128' title='bbox 703 1081 803 1135; x_wconf 81' lang='lat' dir='ltr'><strong>fuit</strong></span> <span class='ocrx_word' id='word_1_129' title='bbox 828 1077 1058 1141; x_wconf 82' lang='lat' dir='ltr'><strong>Joanna,</strong></span> <span class='ocrx_word' id='word_1_130' title='bbox 1095 1074 1184 1144; x_wconf 92' lang='lat' dir='ltr'><strong>qui</strong></span> <span class='ocrx_word' id='word_1_131' title='bbox 1219 1074 1318 1127; x_wconf 88' lang='lat' dir='ltr'><strong>luit</strong></span> <span class='ocrx_word' id='word_1_132' title='bbox 1348 1072 1549 1136; x_wconf 80' lang='lat' dir='ltr'><strong>Riiesa,</strong></span> <span class='ocrx_word' id='word_1_133' title='bbox 1588 1072 1679 1139; x_wconf 89' lang='lat' dir='ltr'><strong>qui</strong></span> <span class='ocrx_word' id='word_1_134' title='bbox 1712 1068 1813 1124; x_wconf 83' lang='lat' dir='ltr'><strong>fuit</strong></span> <span class='ocrx_word' id='word_1_135' title='bbox 1843 1065 2161 1132; x_wconf 85' lang='lat' dir='ltr'><strong>Zorobabel,</strong></span> 
     </span>
    </p>
   </div>
   <div class='ocr_carea' id='block_1_18' title="bbox 2288 1057 3851 1150">
    <p class='ocr_par' dir='ltr' id='par_1_18' title="bbox 2288 1057 3851 1135">
     <span class='ocr_line' id='line_1_18' title="bbox 2288 1057 3851 1135; baseline -0.006 -17"><span class='ocrx_word' id='word_1_136' title='bbox 2288 1064 2490 1135; x_wconf 68' lang='grc' dir='ltr'>Ᾰελχεὶ,</span> <span class='ocrx_word' id='word_1_137' title='bbox 2520 1063 2611 1117; x_wconf 80' lang='grc' dir='ltr'>τοῦ</span> <span class='ocrx_word' id='word_1_138' title='bbox 2651 1063 2843 1127; x_wconf 79' lang='grc' dir='ltr'><strong>Ἀδδεὶ,</strong></span> <span class='ocrx_word' id='word_1_139' title='bbox 2866 1062 2962 1115; x_wconf 85' lang='lat'><strong>106</strong></span> <span class='ocrx_word' id='word_1_140' title='bbox 3015 1063 3249 1131; x_wconf 68' lang='grc' dir='ltr'>Κωσὰμ,</span> <span class='ocrx_word' id='word_1_141' title='bbox 3279 1059 3373 1113; x_wconf 82' lang='grc' dir='ltr'>τοῦ</span> <span class='ocrx_word' id='word_1_142' title='bbox 3409 1057 3721 1129; x_wconf 70' lang='grc' dir='ltr'>Ἐλμαδὰμ,</span> <span class='ocrx_word' id='word_1_143' title='bbox 3755 1059 3851 1110; x_wconf 73' lang='grc' dir='ltr'><strong>τοῦ</strong></span> 
     </span>
    </p>
   </div>
   <div class='ocr_carea' id='block_1_19' title="bbox 590 1157 2159 1239">
    <p class='ocr_par' dir='ltr' id='par_1_19' title="bbox 590 1157 2159 1239">
     <span class='ocr_line' id='line_1_19' title="bbox 590 1157 2159 1239; baseline -0.012 -13"><span class='ocrx_word' id='word_1_144' title='bbox 590 1174 679 1239; x_wconf 88' lang='lat' dir='ltr'><strong>qui</strong></span> <span class='ocrx_word' id='word_1_145' title='bbox 728 1169 829 1224; x_wconf 79' lang='lat' dir='ltr'><strong>fuit</strong></span> <span class='ocrx_word' id='word_1_146' title='bbox 880 1166 1162 1230; x_wconf 76' lang='lat' dir='ltr'><strong>Salatliiel,</strong></span> <span class='ocrx_word' id='word_1_147' title='bbox 1239 1166 1328 1233; x_wconf 89' lang='lat' dir='ltr'><strong>qui</strong></span> <span class='ocrx_word' id='word_1_148' title='bbox 1369 1164 1469 1217; x_wconf 81' lang='lat' dir='ltr'><strong>fuit</strong></span> <span class='ocrx_word' id='word_1_149' title='bbox 1500 1161 1649 1224; x_wconf 83' lang='lat' dir='ltr'><strong>Neri,</strong></span> <span class='ocrx_word' id='word_1_150' title='bbox 1681 1161 1769 1229; x_wconf 89' lang='lat' dir='ltr'><strong>qui</strong></span> <span class='ocrx_word' id='word_1_151' title='bbox 1818 1157 2159 1234; x_wconf 76' lang='lat' dir='ltr'><strong>fuitMelclti,</strong></span> 
     </span>
    </p>
   </div>
   <div class='ocr_carea' id='block_1_20' title="bbox 591 1248 2157 1328">
    <p class='ocr_par' dir='ltr' id='par_1_20' title="bbox 591 1248 2157 1328">
     <span class='ocr_line' id='line_1_20' title="bbox 591 1248 2157 1328; baseline -0.007 -15"><span class='ocrx_word' id='word_1_152' title='bbox 591 1261 679 1328; x_wconf 85' lang='lat' dir='ltr'><strong>qui</strong></span> <span class='ocrx_word' id='word_1_153' title='bbox 714 1258 811 1312; x_wconf 83' lang='grc' dir='ltr'>[υἷι</span> <span class='ocrx_word' id='word_1_154' title='bbox 849 1256 1008 1320; x_wconf 82' lang='lat' dir='ltr'><strong>Addi,</strong></span> <span class='ocrx_word' id='word_1_155' title='bbox 1045 1256 1133 1325; x_wconf 89' lang='lat' dir='ltr'><strong>qui</strong></span> <span class='ocrx_word' id='word_1_156' title='bbox 1164 1254 1266 1307; x_wconf 84' lang='lat' dir='ltr'><strong>fuit</strong></span> <span class='ocrx_word' id='word_1_157' title='bbox 1314 1252 1529 1315; x_wconf 87' lang='lat' dir='ltr'><strong>Cosam,</strong></span> <span class='ocrx_word' id='word_1_158' title='bbox 1559 1253 1650 1321; x_wconf 86' lang='lat' dir='ltr'><strong>qui</strong></span> <span class='ocrx_word' id='word_1_159' title='bbox 1679 1248 1781 1303; x_wconf 80' lang='lat' dir='ltr'><strong>fuit</strong></span> <span class='ocrx_word' id='word_1_160' title='bbox 1820 1248 2157 1313; x_wconf 85' lang='lat' dir='ltr'><strong>llclmadam,</strong></span> 
     </span>
    </p>
   </div>
   <div class='ocr_carea' id='block_1_21' title="bbox 592 1341 2165 1420">
    <p class='ocr_par' dir='ltr' id='par_1_21' title="bbox 592 1341 2165 1420">
     <span class='ocr_line' id='line_1_21' title="bbox 592 1341 2165 1420; baseline -0.006 -17"><span class='ocrx_word' id='word_1_161' title='bbox 592 1352 684 1420; x_wconf 91' lang='lat' dir='ltr'><strong>qui</strong></span> <span class='ocrx_word' id='word_1_162' title='bbox 726 1349 821 1402; x_wconf 87' lang='grc' dir='ltr'>[υἷι</span> <span class='ocrx_word' id='word_1_163' title='bbox 871 1348 999 1411; x_wconf 90' lang='lat' dir='ltr'><strong>Her,</strong></span> <span class='ocrx_word' id='word_1_164' title='bbox 1043 1348 1135 1415; x_wconf 90' lang='lat' dir='ltr'><strong>qui</strong></span> <span class='ocrx_word' id='word_1_165' title='bbox 1177 1345 1277 1400; x_wconf 78' lang='lat' dir='ltr'><strong>fuit</strong></span> <span class='ocrx_word' id='word_1_166' title='bbox 1317 1344 1467 1409; x_wconf 82' lang='lat' dir='ltr'><strong>Jeso,</strong></span> <span class='ocrx_word' id='word_1_167' title='bbox 1519 1343 1609 1411; x_wconf 85' lang='lat' dir='ltr'><strong>qui</strong></span> <span class='ocrx_word' id='word_1_168' title='bbox 1661 1342 1754 1395; x_wconf 78' lang='lat' dir='ltr'><strong>fuit</strong></span> <span class='ocrx_word' id='word_1_169' title='bbox 1807 1342 2037 1406; x_wconf 82' lang='lat' dir='ltr'><strong>Eliezer,</strong></span> <span class='ocrx_word' id='word_1_170' title='bbox 2072 1341 2165 1411; x_wconf 91' lang='lat' dir='ltr'><strong>qui</strong></span> 
     </span>
    </p>
   </div>
   <div class='ocr_carea' id='block_1_22' title="bbox 592 1430 2167 1505">
    <p class='ocr_par' dir='ltr' id='par_1_22' title="bbox 592 1430 2167 1505">
     <span class='ocr_line' id='line_1_22' title="bbox 592 1430 2167 1505; baseline -0.005 -12"><span class='ocrx_word' id='word_1_171' title='bbox 592 1440 693 1493; x_wconf 88' lang='grc' dir='ltr'>[υἷι</span> <span class='ocrx_word' id='word_1_172' title='bbox 756 1435 958 1500; x_wconf 78' lang='lat' dir='ltr'><strong>Jorem,</strong></span> <span class='ocrx_word' id='word_1_173' title='bbox 1001 1435 1092 1505; x_wconf 90' lang='lat' dir='ltr'><strong>qui</strong></span> <span class='ocrx_word' id='word_1_174' title='bbox 1149 1434 1249 1487; x_wconf 88' lang='grc' dir='ltr'>[υἷι</span> <span class='ocrx_word' id='word_1_175' title='bbox 1299 1433 1529 1496; x_wconf 84' lang='lat' dir='ltr'><strong>Mattba,</strong></span> <span class='ocrx_word' id='word_1_176' title='bbox 1575 1432 1671 1500; x_wconf 86' lang='lat' dir='ltr'><strong>qui</strong></span> <span class='ocrx_word' id='word_1_177' title='bbox 1727 1431 1826 1484; x_wconf 79' lang='lat' dir='ltr'><strong>fuit</strong></span> <span class='ocrx_word' id='word_1_178' title='bbox 1876 1430 2024 1497; x_wconf 83' lang='lat' dir='ltr'><strong>Levi,</strong></span> <span class='ocrx_word' id='word_1_179' title='bbox 2076 1432 2167 1501; x_wconf 89' lang='lat' dir='ltr'><strong>qui</strong></span> 
     </span>
    </p>
   </div>
   <div class='ocr_carea' id='block_1_23' title="bbox 601 1522 2167 1595">
    <p class='ocr_par' dir='ltr' id='par_1_23' title="bbox 601 1522 2167 1595">
     <span class='ocr_line' id='line_1_23' title="bbox 601 1522 2167 1595; baseline -0.004 -13"><span class='ocrx_word' id='word_1_180' title='bbox 601 1530 701 1583; x_wconf 82' lang='lat' dir='ltr'><strong>fuit</strong></span> <span class='ocrx_word' id='word_1_181' title='bbox 753 1528 996 1591; x_wconf 88' lang='lat' dir='ltr'><strong>Simeon,</strong></span> <span class='ocrx_word' id='word_1_182' title='bbox 1045 1527 1137 1595; x_wconf 90' lang='lat' dir='ltr'><strong>qui</strong></span> <span class='ocrx_word' id='word_1_183' title='bbox 1172 1524 1273 1578; x_wconf 77' lang='lat' dir='ltr'><strong>fuit</strong></span> <span class='ocrx_word' id='word_1_184' title='bbox 1321 1522 1482 1588; x_wconf 84' lang='lat' dir='ltr'><strong>Juda,</strong></span> <span class='ocrx_word' id='word_1_185' title='bbox 1529 1524 1621 1593; x_wconf 88' lang='lat' dir='ltr'><strong>qui</strong></span> <span class='ocrx_word' id='word_1_186' title='bbox 1660 1524 1759 1577; x_wconf 77' lang='grc' dir='ltr'>[υἷι</span> <span class='ocrx_word' id='word_1_187' title='bbox 1811 1523 2029 1591; x_wconf 82' lang='lat' dir='ltr'><strong>Joseplt,</strong></span> <span class='ocrx_word' id='word_1_188' title='bbox 2076 1522 2167 1591; x_wconf 90' lang='lat' dir='ltr'><strong>qui</strong></span> 
     </span>
    </p>
   </div>
   <div class='ocr_carea' id='block_1_24' title="bbox 594 1612 2164 1686">
    <p class='ocr_par' dir='ltr' id='par_1_24' title="bbox 594 1612 2164 1686">
     <span class='ocr_line' id='line_1_24' title="bbox 594 1612 2164 1686; baseline -0.004 -14"><span class='ocrx_word' id='word_1_189' title='bbox 594 1618 694 1672; x_wconf 79' lang='lat' dir='ltr'><strong>fuit</strong></span> <span class='ocrx_word' id='word_1_190' title='bbox 744 1617 956 1681; x_wconf 84' lang='lat' dir='ltr'><strong>Jonam,</strong></span> <span class='ocrx_word' id='word_1_191' title='bbox 984 1616 1077 1686; x_wconf 90' lang='lat' dir='ltr'><strong>qui</strong></span> <span class='ocrx_word' id='word_1_192' title='bbox 1128 1615 1232 1668; x_wconf 86' lang='lat' dir='ltr'><strong>fuit</strong></span> <span class='ocrx_word' id='word_1_193' title='bbox 1278 1613 1599 1679; x_wconf 77' lang='lat' dir='ltr'><strong>Heliacltim,</strong></span> <span class='ocrx_word' id='word_1_194' title='bbox 1646 1614 1736 1682; x_wconf 86' lang='lat' dir='ltr'><strong>qui</strong></span> <span class='ocrx_word' id='word_1_195' title='bbox 1792 1612 1893 1666; x_wconf 79' lang='lat' dir='ltr'><strong>fuit</strong></span> <span class='ocrx_word' id='word_1_196' title='bbox 1938 1612 2164 1677; x_wconf 84' lang='lat' dir='ltr'><strong>Meleah,</strong></span> 
     </span>
    </p>
   </div>
   <div class='ocr_carea' id='block_1_25' title="bbox 599 1704 2165 1781">
    <p class='ocr_par' dir='ltr' id='par_1_25' title="bbox 599 1704 2165 1781">
     <span class='ocr_line' id='line_1_25' title="bbox 599 1704 2165 1781; baseline -0.004 -16"><span class='ocrx_word' id='word_1_197' title='bbox 599 1712 691 1781; x_wconf 91' lang='lat' dir='ltr'><strong>qui</strong></span> <span class='ocrx_word' id='word_1_198' title='bbox 720 1712 817 1764; x_wconf 85' lang='grc' dir='ltr'>[υἷι</span> <span class='ocrx_word' id='word_1_199' title='bbox 846 1710 1057 1772; x_wconf 80' lang='lat' dir='ltr'><strong>Mcnna,</strong></span> <span class='ocrx_word' id='word_1_200' title='bbox 1090 1710 1180 1778; x_wconf 88' lang='lat' dir='ltr'><strong>qui</strong></span> <span class='ocrx_word' id='word_1_201' title='bbox 1202 1708 1300 1761; x_wconf 77' lang='lat' dir='ltr'><strong>fuit</strong></span> <span class='ocrx_word' id='word_1_202' title='bbox 1324 1705 1643 1771; x_wconf 85' lang='lat' dir='ltr'><strong>Matthatlta,</strong></span> <span class='ocrx_word' id='word_1_203' title='bbox 1677 1707 1764 1777; x_wconf 89' lang='lat' dir='ltr'><strong>qui</strong></span> <span class='ocrx_word' id='word_1_204' title='bbox 1793 1705 1895 1760; x_wconf 88' lang='grc' dir='ltr'>[υἷι</span> <span class='ocrx_word' id='word_1_205' title='bbox 1928 1704 2165 1769; x_wconf 85' lang='lat' dir='ltr'><strong>Nathan,</strong></span> 
     </span>
    </p>
   </div>
   <div class='ocr_carea' id='block_1_26' title="bbox 2270 1152 3851 1232">
    <p class='ocr_par' dir='ltr' id='par_1_26' title="bbox 2270 1152 3851 1232">
     <span class='ocr_line' id='line_1_26' title="bbox 2270 1152 3851 1232; baseline -0.006 -17"><span class='ocrx_word' id='word_1_206' title='bbox 2270 1162 2396 1232; x_wconf 84' lang='grc' dir='ltr'>Ἲῖρ,</span> <span class='ocrx_word' id='word_1_207' title='bbox 2414 1160 2512 1214; x_wconf 83' lang='grc' dir='ltr'>τοῦ</span> <span class='ocrx_word' id='word_1_208' title='bbox 2557 1160 2735 1231; x_wconf 85' lang='grc' dir='ltr'>Ἰησὼ,</span> <span class='ocrx_word' id='word_1_209' title='bbox 2761 1159 2856 1213; x_wconf 89' lang='lat'><strong>106</strong></span> <span class='ocrx_word' id='word_1_210' title='bbox 2896 1157 3167 1228; x_wconf 74' lang='grc' dir='ltr'>Ἐλιέζερ,</span> <span class='ocrx_word' id='word_1_211' title='bbox 3192 1155 3287 1210; x_wconf 83' lang='grc' dir='ltr'><strong>τοῦ</strong></span> <span class='ocrx_word' id='word_1_212' title='bbox 3324 1154 3543 1225; x_wconf 77' lang='grc' dir='ltr'>Ίωρὴμ,</span> <span class='ocrx_word' id='word_1_213' title='bbox 3578 1152 3674 1207; x_wconf 79' lang='lat'><strong>106</strong></span> <span class='ocrx_word' id='word_1_214' title='bbox 3701 1154 3851 1206; x_wconf 77' lang='grc' dir='ltr'>Ματ-</span> 
     </span>
    </p>
   </div>
   <div class='ocr_carea' id='block_1_27' title="bbox 2267 1246 3854 1322">
    <p class='ocr_par' dir='ltr' id='par_1_27' title="bbox 2267 1246 3854 1322">
     <span class='ocr_line' id='line_1_27' title="bbox 2267 1246 3854 1322; baseline -0.005 -15"><span class='ocrx_word' id='word_1_215' title='bbox 2267 1254 2390 1319; x_wconf 82' lang='grc' dir='ltr'>θὰτ,</span> <span class='ocrx_word' id='word_1_216' title='bbox 2425 1251 2520 1307; x_wconf 83' lang='grc' dir='ltr'><strong>τοῦ</strong></span> <span class='ocrx_word' id='word_1_217' title='bbox 2547 1251 2734 1317; x_wconf 70' lang='grc' dir='ltr'>Λευεὶ,</span> <span class='ocrx_word' id='word_1_218' title='bbox 2770 1250 2862 1304; x_wconf 82' lang='grc' dir='ltr'>τοῦ</span> <span class='ocrx_word' id='word_1_219' title='bbox 2912 1250 3160 1322; x_wconf 80' lang='grc' dir='ltr'>Συμεὼν,</span> <span class='ocrx_word' id='word_1_220' title='bbox 3212 1248 3307 1303; x_wconf 88' lang='lat'><strong>106</strong></span> <span class='ocrx_word' id='word_1_221' title='bbox 3349 1248 3543 1314; x_wconf 80' lang='grc' dir='ltr'><strong>Ἰούδα,</strong></span> <span class='ocrx_word' id='word_1_222' title='bbox 3606 1246 3702 1300; x_wconf 84' lang='lat'><strong>106</strong></span> <span class='ocrx_word' id='word_1_223' title='bbox 3742 1246 3854 1299; x_wconf 80' lang='grc' dir='ltr'><strong>Ἰω-</strong></span> 
     </span>
    </p>
   </div>
   <div class='ocr_carea' id='block_1_28' title="bbox 2270 1337 3852 1416">
    <p class='ocr_par' dir='ltr' id='par_1_28' title="bbox 2270 1337 3852 1416">
     <span class='ocr_line' id='line_1_28' title="bbox 2270 1337 3852 1416; baseline -0.006 -17"><span class='ocrx_word' id='word_1_224' title='bbox 2270 1346 2400 1416; x_wconf 80' lang='grc' dir='ltr'>σὴφ,</span> <span class='ocrx_word' id='word_1_225' title='bbox 2430 1344 2523 1398; x_wconf 86' lang='lat'><strong>106</strong></span> <span class='ocrx_word' id='word_1_226' title='bbox 2565 1344 2790 1414; x_wconf 76' lang='grc' dir='ltr'>Ἰωνὰμ,</span> <span class='ocrx_word' id='word_1_227' title='bbox 2841 1341 2937 1414; x_wconf 86' lang='lat'><strong>106</strong></span> <span class='ocrx_word' id='word_1_228' title='bbox 2996 1342 3298 1410; x_wconf 74' lang='grc' dir='ltr'>Ἐλιακεὶμ,</span> <span class='ocrx_word' id='word_1_229' title='bbox 3348 1340 3443 1393; x_wconf 82' lang='grc' dir='ltr'><strong>τοῦ</strong></span> <span class='ocrx_word' id='word_1_230' title='bbox 3498 1340 3705 1402; x_wconf 61' lang='lat' dir='ltr'><strong>Malea,</strong></span> <span class='ocrx_word' id='word_1_231' title='bbox 3758 1337 3852 1391; x_wconf 73' lang='grc' dir='ltr'>τοῦ</span> 
     </span>
    </p>
   </div>
   <div class='ocr_carea' id='block_1_29' title="bbox 2268 1428 3851 1501">
    <p class='ocr_par' dir='ltr' id='par_1_29' title="bbox 2268 1428 3851 1501">
     <span class='ocr_line' id='line_1_29' title="bbox 2268 1428 3851 1501; baseline -0.006 -10"><span class='ocrx_word' id='word_1_232' title='bbox 2268 1436 2502 1501; x_wconf 79' lang='grc' dir='ltr'>Μαινὰν,</span> <span class='ocrx_word' id='word_1_233' title='bbox 2562 1436 2655 1489; x_wconf 86' lang='lat'><strong>106</strong></span> <span class='ocrx_word' id='word_1_234' title='bbox 2689 1435 2974 1500; x_wconf 77' lang='grc' dir='ltr'>Ματταθᾶ,</span> <span class='ocrx_word' id='word_1_235' title='bbox 3014 1434 3109 1487; x_wconf 84' lang='grc' dir='ltr'>τοῦ</span> <span class='ocrx_word' id='word_1_236' title='bbox 3168 1432 3376 1495; x_wconf 72' lang='grc' dir='ltr'>Ναϐὰν,</span> <span class='ocrx_word' id='word_1_237' title='bbox 3410 1432 3504 1485; x_wconf 70' lang='grc' dir='ltr'>τοῦ</span> <span class='ocrx_word' id='word_1_238' title='bbox 3537 1430 3728 1494; x_wconf 73' lang='grc' dir='ltr'>Δαυῒδ,</span> <span class='ocrx_word' id='word_1_239' title='bbox 3759 1428 3851 1482; x_wconf 81' lang='lat'><strong>106</strong></span> 
     </span>
    </p>
   </div>
   <div class='ocr_carea' id='block_1_30' title="bbox 2282 1520 3849 1595">
    <p class='ocr_par' dir='ltr' id='par_1_30' title="bbox 2282 1520 3849 1595">
     <span class='ocr_line' id='line_1_30' title="bbox 2282 1520 3849 1595; baseline -0.004 -16"><span class='ocrx_word' id='word_1_240' title='bbox 2282 1526 2497 1591; x_wconf 72' lang='grc' dir='ltr'>Ἰεσσαὶ,</span> <span class='ocrx_word' id='word_1_241' title='bbox 2530 1525 2621 1578; x_wconf 83' lang='lat'><strong>106</strong></span> <span class='ocrx_word' id='word_1_242' title='bbox 2646 1524 2830 1595; x_wconf 75' lang='grc' dir='ltr'><strong>Ὠὄὴδ,</strong></span> <span class='ocrx_word' id='word_1_243' title='bbox 2856 1524 2951 1576; x_wconf 85' lang='lat'><strong>106</strong></span> <span class='ocrx_word' id='word_1_244' title='bbox 2982 1522 3136 1587; x_wconf 69' lang='grc' dir='ltr'><strong>Βοὸζ,</strong></span> <span class='ocrx_word' id='word_1_245' title='bbox 3155 1522 3249 1575; x_wconf 83' lang='lat'><strong>106</strong></span> <span class='ocrx_word' id='word_1_246' title='bbox 3273 1520 3528 1591; x_wconf 83' lang='grc' dir='ltr'>Σαλμὼν,</span> <span class='ocrx_word' id='word_1_247' title='bbox 3543 1522 3639 1573; x_wconf 81' lang='grc' dir='ltr'><strong>τοῦ</strong></span> <span class='ocrx_word' id='word_1_248' title='bbox 3666 1520 3849 1573; x_wconf 82' lang='grc' dir='ltr'>Ναασ-</span> 
     </span>
    </p>
   </div>
   <div class='ocr_carea' id='block_1_31' title="bbox 2272 1610 3853 1686">
    <p class='ocr_par' dir='ltr' id='par_1_31' title="bbox 2272 1610 3853 1686">
     <span class='ocr_line' id='line_1_31' title="bbox 2272 1610 3853 1686; baseline -0.004 -16"><span class='ocrx_word' id='word_1_249' title='bbox 2272 1616 2405 1680; x_wconf 86' lang='grc' dir='ltr'>σὼν,</span> <span class='ocrx_word' id='word_1_250' title='bbox 2440 1616 2534 1670; x_wconf 80' lang='grc' dir='ltr'><strong>τοῦ</strong></span> <span class='ocrx_word' id='word_1_251' title='bbox 2584 1615 2908 1686; x_wconf 80' lang='grc' dir='ltr'>Ἀμιναδὰσ,</span> <span class='ocrx_word' id='word_1_252' title='bbox 2934 1614 3028 1668; x_wconf 80' lang='lat'><strong>106</strong></span> <span class='ocrx_word' id='word_1_253' title='bbox 3074 1614 3272 1685; x_wconf 71' lang='grc' dir='ltr'>Ἀρὰμ,</span> <span class='ocrx_word' id='word_1_254' title='bbox 3320 1612 3415 1666; x_wconf 81' lang='grc' dir='ltr'>τοῦ</span> <span class='ocrx_word' id='word_1_255' title='bbox 3462 1611 3708 1682; x_wconf 85' lang='grc' dir='ltr'>Ἐσρὼμ,</span> <span class='ocrx_word' id='word_1_256' title='bbox 3761 1610 3853 1664; x_wconf 85' lang='lat'><strong>106</strong></span> 
     </span>
    </p>
   </div>
   <div class='ocr_carea' id='block_1_32' title="bbox 2270 1702 3853 1777">
    <p class='ocr_par' dir='ltr' id='par_1_32' title="bbox 2270 1702 3853 1777">
     <span class='ocr_line' id='line_1_32' title="bbox 2270 1702 3853 1777; baseline -0.003 -17"><span class='ocrx_word' id='word_1_257' title='bbox 2270 1710 2465 1777; x_wconf 79' lang='grc' dir='ltr'>Φαρὲς,</span> <span class='ocrx_word' id='word_1_258' title='bbox 2522 1708 2617 1761; x_wconf 83' lang='lat'><strong>106</strong></span> <span class='ocrx_word' id='word_1_259' title='bbox 2663 1706 2855 1770; x_wconf 76' lang='grc' dir='ltr'><strong>Ἰούδα,</strong></span> <span class='ocrx_word' id='word_1_260' title='bbox 2902 1705 2997 1759; x_wconf 80' lang='grc' dir='ltr'>τοῦ</span> <span class='ocrx_word' id='word_1_261' title='bbox 3062 1705 3281 1768; x_wconf 72' lang='grc' dir='ltr'><strong>Ἰακὼϐ,</strong></span> <span class='ocrx_word' id='word_1_262' title='bbox 3342 1704 3438 1759; x_wconf 81' lang='grc' dir='ltr'>τοῦ</span> <span class='ocrx_word' id='word_1_263' title='bbox 3503 1704 3714 1769; x_wconf 71' lang='grc' dir='ltr'>Ἰσαὰκ,</span> <span class='ocrx_word' id='word_1_264' title='bbox 3762 1702 3853 1756; x_wconf 82' lang='lat'><strong>106</strong></span> 
     </span>
    </p>
   </div>
   <div class='ocr_carea' id='block_1_33' title="bbox 596 1768 2181 1873">
    <p class='ocr_par' dir='ltr' id='par_1_33' title="bbox 596 1768 2168 1873">
     <span class='ocr_line' id='line_1_33' title="bbox 596 1768 2168 1873; baseline -0.007 -13"><span class='ocrx_word' id='word_1_265' title='bbox 596 1768 685 1873; x_wconf 69' lang='lat' dir='ltr'><strong>qui</strong></span> <span class='ocrx_word' id='word_1_266' title='bbox 742 1804 841 1859; x_wconf 83' lang='lat' dir='ltr'><strong>fuit</strong></span> <span class='ocrx_word' id='word_1_267' title='bbox 879 1768 1065 1868; x_wconf 77' lang='lat' dir='ltr'><strong>David,</strong></span> <span class='ocrx_word' id='word_1_268' title='bbox 1109 1768 1211 1870; x_wconf 47' lang='lat' dir='ltr'><strong>&#39;qui</strong></span> <span class='ocrx_word' id='word_1_269' title='bbox 1239 1800 1337 1853; x_wconf 81' lang='lat' dir='ltr'><strong>fuit</strong></span> <span class='ocrx_word' id='word_1_270' title='bbox 1370 1798 1543 1862; x_wconf 80' lang='lat' dir='ltr'><strong>Jesse,</strong></span> <span class='ocrx_word' id='word_1_271' title='bbox 1574 1768 1664 1866; x_wconf 85' lang='lat' dir='ltr'><strong>qui</strong></span> <span class='ocrx_word' id='word_1_272' title='bbox 1694 1768 1831 1852; x_wconf 48' lang='lat' dir='ltr'><strong>&#39;l‘uit</strong></span> <span class='ocrx_word' id='word_1_273' title='bbox 1872 1796 2041 1859; x_wconf 86' lang='lat' dir='ltr'><strong>Obed,</strong></span> <span class='ocrx_word' id='word_1_274' title='bbox 2076 1797 2168 1864; x_wconf 77' lang='lat' dir='ltr'><strong>qui</strong></span> 
     </span>
    </p>
   </div>
   <div class='ocr_carea' id='block_1_34' title="bbox 2288 1768 3854 1873">
    <p class='ocr_par' dir='ltr' id='par_1_34' title="bbox 2289 1768 3854 1869">
     <span class='ocr_line' id='line_1_34' title="bbox 2289 1768 3854 1869; baseline -0.003 -19"><span class='ocrx_word' id='word_1_275' title='bbox 2289 1768 2558 1869; x_wconf 57' lang='grc' dir='ltr'>Ἀδραὰμη</span> <span class='ocrx_word' id='word_1_276' title='bbox 2619 1798 2712 1851; x_wconf 81' lang='grc' dir='ltr'>τοῦ</span> <span class='ocrx_word' id='word_1_277' title='bbox 2743 1768 2919 1867; x_wconf 79' lang='grc' dir='ltr'>Θὰρα,</span> <span class='ocrx_word' id='word_1_278' title='bbox 2956 1798 3049 1851; x_wconf 81' lang='grc' dir='ltr'><strong>τοῦ</strong></span> <span class='ocrx_word' id='word_1_279' title='bbox 3096 1796 3317 1867; x_wconf 84' lang='grc' dir='ltr'>Ναχὼρ,</span> <span class='ocrx_word' id='word_1_280' title='bbox 3348 1797 3441 1849; x_wconf 82' lang='grc' dir='ltr'>τοῦ</span> <span class='ocrx_word' id='word_1_281' title='bbox 3477 1796 3713 1866; x_wconf 72' lang='grc' dir='ltr'>Σαροίιχ.</span> <span class='ocrx_word' id='word_1_282' title='bbox 3765 1794 3854 1847; x_wconf 71' lang='grc' dir='ltr'>τοῦ</span> 
     </span>
    </p>
   </div>
   <div class='ocr_carea' id='block_1_35' title="bbox 596 1887 2175 1962">
    <p class='ocr_par' dir='ltr' id='par_1_35' title="bbox 596 1887 2175 1962">
     <span class='ocr_line' id='line_1_35' title="bbox 596 1887 2175 1962; baseline -0.005 -13"><span class='ocrx_word' id='word_1_283' title='bbox 596 1897 697 1949; x_wconf 87' lang='grc' dir='ltr'>[υἷι</span> <span class='ocrx_word' id='word_1_284' title='bbox 722 1895 887 1959; x_wconf 82' lang='lat' dir='ltr'><strong>Booz,</strong></span> <span class='ocrx_word' id='word_1_285' title='bbox 917 1894 1006 1962; x_wconf 93' lang='lat' dir='ltr'><strong>qui</strong></span> <span class='ocrx_word' id='word_1_286' title='bbox 1035 1891 1133 1945; x_wconf 80' lang='lat' dir='ltr'><strong>fuit</strong></span> <span class='ocrx_word' id='word_1_287' title='bbox 1162 1890 1365 1952; x_wconf 82' lang='lat' dir='ltr'><strong>Saluto,</strong></span> <span class='ocrx_word' id='word_1_288' title='bbox 1412 1892 1499 1957; x_wconf 90' lang='lat' dir='ltr'><strong>qui</strong></span> <span class='ocrx_word' id='word_1_289' title='bbox 1532 1888 1631 1942; x_wconf 80' lang='lat' dir='ltr'><strong>fuit</strong></span> <span class='ocrx_word' id='word_1_290' title='bbox 1674 1887 1911 1952; x_wconf 78' lang='lat' dir='ltr'><strong>Naason,</strong></span> <span class='ocrx_word' id='word_1_291' title='bbox 1943 1890 2034 1957; x_wconf 90' lang='lat' dir='ltr'><strong>qui</strong></span> <span class='ocrx_word' id='word_1_292' title='bbox 2072 1890 2175 1941; x_wconf 86' lang='grc' dir='ltr'>[υἷι</span> 
     </span>
    </p>
   </div>
   <div class='ocr_carea' id='block_1_36' title="bbox 594 1980 2175 2053">
    <p class='ocr_par' dir='ltr' id='par_1_36' title="bbox 594 1980 2175 2053">
     <span class='ocr_line' id='line_1_36' title="bbox 594 1980 2175 2053; baseline -0.005 -12"><span class='ocrx_word' id='word_1_293' title='bbox 594 1986 912 2048; x_wconf 76' lang='lat' dir='ltr'><strong>Antiuadab,</strong></span> <span class='ocrx_word' id='word_1_294' title='bbox 951 1986 1037 2053; x_wconf 91' lang='lat' dir='ltr'><strong>qui</strong></span> <span class='ocrx_word' id='word_1_295' title='bbox 1072 1984 1170 2036; x_wconf 89' lang='grc' dir='ltr'>[υἷι</span> <span class='ocrx_word' id='word_1_296' title='bbox 1221 1989 1409 2043; x_wconf 85' lang='lat' dir='ltr'><strong>Aram,</strong></span> <span class='ocrx_word' id='word_1_297' title='bbox 1451 1981 1540 2049; x_wconf 91' lang='lat' dir='ltr'><strong>qui</strong></span> <span class='ocrx_word' id='word_1_298' title='bbox 1574 1980 1675 2033; x_wconf 73' lang='lat' dir='ltr'><strong>fuit</strong></span> <span class='ocrx_word' id='word_1_299' title='bbox 1713 1983 1924 2041; x_wconf 69' lang='grc' dir='ltr'><strong>[εἰει-θυι,</strong></span> <span class='ocrx_word' id='word_1_300' title='bbox 1954 1981 2042 2050; x_wconf 89' lang='lat' dir='ltr'><strong>qui</strong></span> <span class='ocrx_word' id='word_1_301' title='bbox 2076 1980 2175 2033; x_wconf 83' lang='lat' dir='ltr'><strong>fuit</strong></span> 
     </span>
    </p>
   </div>
   <div class='ocr_carea' id='block_1_37' title="bbox 597 2071 2171 2145">
    <p class='ocr_par' dir='ltr' id='par_1_37' title="bbox 597 2071 2171 2145">
     <span class='ocr_line' id='line_1_37' title="bbox 597 2071 2171 2145; baseline -0.003 -14"><span class='ocrx_word' id='word_1_302' title='bbox 597 2078 825 2141; x_wconf 79' lang='lat' dir='ltr'><strong>Phares,</strong></span> <span class='ocrx_word' id='word_1_303' title='bbox 855 2078 943 2145; x_wconf 87' lang='lat' dir='ltr'><strong>qui</strong></span> <span class='ocrx_word' id='word_1_304' title='bbox 978 2076 1075 2129; x_wconf 78' lang='lat' dir='ltr'><strong>fuit</strong></span> <span class='ocrx_word' id='word_1_305' title='bbox 1097 2073 1271 2137; x_wconf 66' lang='lat' dir='ltr'><strong>Judre,</strong></span> <span class='ocrx_word' id='word_1_306' title='bbox 1299 2075 1386 2143; x_wconf 90' lang='lat' dir='ltr'><strong>qui</strong></span> <span class='ocrx_word' id='word_1_307' title='bbox 1414 2071 1513 2127; x_wconf 78' lang='lat' dir='ltr'><strong>fuit</strong></span> <span class='ocrx_word' id='word_1_308' title='bbox 1535 2074 1722 2139; x_wconf 83' lang='lat' dir='ltr'><strong>Jacob,</strong></span> <span class='ocrx_word' id='word_1_309' title='bbox 1752 2073 1843 2141; x_wconf 89' lang='lat' dir='ltr'><strong>qui</strong></span> <span class='ocrx_word' id='word_1_310' title='bbox 1874 2071 1975 2127; x_wconf 79' lang='lat' dir='ltr'><strong>fuit</strong></span> <span class='ocrx_word' id='word_1_311' title='bbox 1999 2072 2171 2135; x_wconf 75' lang='lat' dir='ltr'><strong>Isaac,</strong></span> 
     </span>
    </p>
   </div>
   <div class='ocr_carea' id='block_1_38' title="bbox 598 2160 2175 2239">
    <p class='ocr_par' dir='ltr' id='par_1_38' title="bbox 598 2160 2175 2239">
     <span class='ocr_line' id='line_1_38' title="bbox 598 2160 2175 2239; baseline -0.006 -16"><span class='ocrx_word' id='word_1_312' title='bbox 598 2170 689 2239; x_wconf 91' lang='lat' dir='ltr'><strong>qui</strong></span> <span class='ocrx_word' id='word_1_313' title='bbox 721 2169 818 2221; x_wconf 75' lang='lat' dir='ltr'><strong>fuit</strong></span> <span class='ocrx_word' id='word_1_314' title='bbox 846 2166 1094 2232; x_wconf 68' lang='lat' dir='ltr'><strong>Abralim,</strong></span> <span class='ocrx_word' id='word_1_315' title='bbox 1128 2165 1218 2235; x_wconf 90' lang='lat' dir='ltr'><strong>qui</strong></span> <span class='ocrx_word' id='word_1_316' title='bbox 1262 2163 1361 2217; x_wconf 84' lang='lat' dir='ltr'><strong>fuit</strong></span> <span class='ocrx_word' id='word_1_317' title='bbox 1390 2160 1637 2225; x_wconf 72' lang='lat' dir='ltr'><strong>Thai-rte,</strong></span> <span class='ocrx_word' id='word_1_318' title='bbox 1670 2162 1759 2231; x_wconf 91' lang='lat' dir='ltr'><strong>qui</strong></span> <span class='ocrx_word' id='word_1_319' title='bbox 1805 2162 1908 2216; x_wconf 84' lang='lat' dir='ltr'><strong>fuit</strong></span> <span class='ocrx_word' id='word_1_320' title='bbox 1941 2160 2175 2227; x_wconf 77' lang='lat' dir='ltr'><strong>Naelior,</strong></span> 
     </span>
    </p>
   </div>
   <div class='ocr_carea' id='block_1_39' title="bbox 600 2252 2173 2328">
    <p class='ocr_par' dir='ltr' id='par_1_39' title="bbox 600 2252 2173 2328">
     <span class='ocr_line' id='line_1_39' title="bbox 600 2252 2173 2328; baseline -0.004 -17"><span class='ocrx_word' id='word_1_321' title='bbox 600 2259 690 2328; x_wconf 89' lang='lat' dir='ltr'><strong>qui</strong></span> <span class='ocrx_word' id='word_1_322' title='bbox 731 2258 832 2312; x_wconf 81' lang='lat' dir='ltr'><strong>fuit</strong></span> <span class='ocrx_word' id='word_1_323' title='bbox 882 2258 1113 2322; x_wconf 77' lang='lat' dir='ltr'><strong>Szirucli,</strong></span> <span class='ocrx_word' id='word_1_324' title='bbox 1162 2258 1250 2325; x_wconf 88' lang='lat' dir='ltr'><strong>qui</strong></span> <span class='ocrx_word' id='word_1_325' title='bbox 1294 2256 1391 2308; x_wconf 89' lang='grc' dir='ltr'>[υἷι</span> <span class='ocrx_word' id='word_1_326' title='bbox 1430 2254 1639 2323; x_wconf 63' lang='grc' dir='ltr'>Βτιιςιιι,</span> <span class='ocrx_word' id='word_1_327' title='bbox 1671 2255 1760 2319; x_wconf 92' lang='lat' dir='ltr'><strong>qui</strong></span> <span class='ocrx_word' id='word_1_328' title='bbox 1807 2252 1907 2309; x_wconf 79' lang='lat' dir='ltr'><strong>fuit</strong></span> <span class='ocrx_word' id='word_1_329' title='bbox 1954 2254 2173 2317; x_wconf 81' lang='lat' dir='ltr'><strong>Plialec,</strong></span> 
     </span>
    </p>
   </div>
   <div class='ocr_carea' id='block_1_40' title="bbox 598 2344 2175 2419">
    <p class='ocr_par' dir='ltr' id='par_1_40' title="bbox 598 2344 2175 2419">
     <span class='ocr_line' id='line_1_40' title="bbox 598 2344 2175 2419; baseline -0.003 -18"><span class='ocrx_word' id='word_1_330' title='bbox 598 2349 690 2419; x_wconf 81' lang='lat' dir='ltr'><strong>qui</strong></span> <span class='ocrx_word' id='word_1_331' title='bbox 724 2347 824 2401; x_wconf 83' lang='grc' dir='ltr'>[υἷι</span> <span class='ocrx_word' id='word_1_332' title='bbox 854 2346 1050 2412; x_wconf 69' lang='lat' dir='ltr'><strong>“alter,</strong></span> <span class='ocrx_word' id='word_1_333' title='bbox 1092 2348 1182 2416; x_wconf 90' lang='lat' dir='ltr'><strong>qui</strong></span> <span class='ocrx_word' id='word_1_334' title='bbox 1238 2346 1339 2400; x_wconf 73' lang='lat' dir='ltr'><strong>fuit</strong></span> <span class='ocrx_word' id='word_1_335' title='bbox 1371 2346 1510 2411; x_wconf 79' lang='lat' dir='ltr'><strong>Sale,</strong></span> <span class='ocrx_word' id='word_1_336' title='bbox 1562 2346 1653 2415; x_wconf 86' lang='lat' dir='ltr'><strong>qui</strong></span> <span class='ocrx_word' id='word_1_337' title='bbox 1681 2344 1782 2399; x_wconf 78' lang='lat' dir='ltr'><strong>fuit</strong></span> <span class='ocrx_word' id='word_1_338' title='bbox 1830 2344 2056 2406; x_wconf 80' lang='lat' dir='ltr'><strong>Caittun.</strong></span> <span class='ocrx_word' id='word_1_339' title='bbox 2086 2344 2175 2413; x_wconf 88' lang='lat' dir='ltr'><strong>qui</strong></span> 
     </span>
    </p>
   </div>
   <div class='ocr_carea' id='block_1_41' title="bbox 601 2435 2179 2510">
    <p class='ocr_par' dir='ltr' id='par_1_41' title="bbox 601 2435 2179 2510">
     <span class='ocr_line' id='line_1_41' title="bbox 601 2435 2179 2510; baseline -0.004 -13"><span class='ocrx_word' id='word_1_340' title='bbox 601 2442 704 2497; x_wconf 78' lang='lat' dir='ltr'><strong>fuit</strong></span> <span class='ocrx_word' id='word_1_341' title='bbox 735 2441 1041 2510; x_wconf 80' lang='lat' dir='ltr'><strong>Arphaxad,</strong></span> <span class='ocrx_word' id='word_1_342' title='bbox 1076 2440 1165 2507; x_wconf 91' lang='lat' dir='ltr'><strong>qui</strong></span> <span class='ocrx_word' id='word_1_343' title='bbox 1199 2436 1299 2492; x_wconf 79' lang='lat' dir='ltr'><strong>fuit</strong></span> <span class='ocrx_word' id='word_1_344' title='bbox 1330 2438 1477 2501; x_wconf 75' lang='lat' dir='ltr'><strong>Seni,</strong></span> <span class='ocrx_word' id='word_1_345' title='bbox 1513 2437 1605 2507; x_wconf 87' lang='lat' dir='ltr'><strong>qui</strong></span> <span class='ocrx_word' id='word_1_346' title='bbox 1640 2437 1739 2490; x_wconf 79' lang='lat' dir='ltr'><strong>fuit</strong></span> <span class='ocrx_word' id='word_1_347' title='bbox 1772 2436 1901 2499; x_wconf 86' lang='lat' dir='ltr'><strong>Noe,</strong></span> <span class='ocrx_word' id='word_1_348' title='bbox 1939 2436 2027 2506; x_wconf 89' lang='lat' dir='ltr'><strong>qui</strong></span> <span class='ocrx_word' id='word_1_349' title='bbox 2078 2435 2179 2490; x_wconf 84' lang='grc' dir='ltr'>[υἷι</span> 
     </span>
    </p>
   </div>
   <div class='ocr_carea' id='block_1_42' title="bbox 2286 1886 3856 1960">
    <p class='ocr_par' dir='ltr' id='par_1_42' title="bbox 2286 1886 3856 1960">
     <span class='ocr_line' id='line_1_42' title="bbox 2286 1886 3856 1960; baseline -0.003 -18"><span class='ocrx_word' id='word_1_350' title='bbox 2286 1890 2512 1957; x_wconf 81' lang='grc' dir='ltr'><strong>Ῥαγαῦ,</strong></span> <span class='ocrx_word' id='word_1_351' title='bbox 2544 1890 2645 1943; x_wconf 80' lang='lat'><strong>106&#39;</strong></span> <span class='ocrx_word' id='word_1_352' title='bbox 2667 1890 2868 1953; x_wconf 71' lang='grc' dir='ltr'>Φαλὶκ,</span> <span class='ocrx_word' id='word_1_353' title='bbox 2916 1888 3012 1943; x_wconf 82' lang='grc' dir='ltr'>τοῦ</span> <span class='ocrx_word' id='word_1_354' title='bbox 3058 1887 3238 1960; x_wconf 75' lang='grc' dir='ltr'>Ἕὸὲρ,</span> <span class='ocrx_word' id='word_1_355' title='bbox 3274 1889 3367 1942; x_wconf 87' lang='lat'><strong>106</strong></span> <span class='ocrx_word' id='word_1_356' title='bbox 3398 1888 3567 1953; x_wconf 62' lang='grc' dir='ltr'>Σαλα,</span> <span class='ocrx_word' id='word_1_357' title='bbox 3599 1886 3697 1941; x_wconf 87' lang='lat'><strong>106</strong></span> <span class='ocrx_word' id='word_1_358' title='bbox 3721 1889 3856 1940; x_wconf 79' lang='grc' dir='ltr'>Καῖ-</span> 
     </span>
    </p>
   </div>
   <div class='ocr_carea' id='block_1_43' title="bbox 2276 1978 3850 2052">
    <p class='ocr_par' dir='ltr' id='par_1_43' title="bbox 2276 1978 3850 2052">
     <span class='ocr_line' id='line_1_43' title="bbox 2276 1978 3850 2052; baseline 0.001 -20"><span class='ocrx_word' id='word_1_359' title='bbox 2276 1982 2407 2049; x_wconf 77' lang='grc' dir='ltr'><strong>νὰμ,</strong></span> <span class='ocrx_word' id='word_1_360' title='bbox 2435 1981 2527 2033; x_wconf 87' lang='lat'><strong>106</strong></span> <span class='ocrx_word' id='word_1_361' title='bbox 2569 1980 2868 2050; x_wconf 79' lang='grc' dir='ltr'>’Λρφαξὰδ,</span> <span class='ocrx_word' id='word_1_362' title='bbox 2898 1980 2993 2033; x_wconf 81' lang='grc' dir='ltr'><strong>τοῦ</strong></span> <span class='ocrx_word' id='word_1_363' title='bbox 3043 1981 3185 2052; x_wconf 71' lang='grc' dir='ltr'>Σήμ,</span> <span class='ocrx_word' id='word_1_364' title='bbox 3217 1980 3314 2034; x_wconf 81' lang='grc' dir='ltr'><strong>τοῦ</strong></span> <span class='ocrx_word' id='word_1_365' title='bbox 3341 1978 3488 2045; x_wconf 67' lang='grc' dir='ltr'>Νῶε,</span> <span class='ocrx_word' id='word_1_366' title='bbox 3514 1979 3613 2032; x_wconf 83' lang='grc' dir='ltr'>τοῦ</span> <span class='ocrx_word' id='word_1_367' title='bbox 3645 1979 3850 2047; x_wconf 77' lang='grc' dir='ltr'>Λάμεχ,</span> 
     </span>
    </p>
   </div>
   <div class='ocr_carea' id='block_1_44' title="bbox 2277 2067 3855 2141">
    <p class='ocr_par' dir='ltr' id='par_1_44' title="bbox 2277 2067 3855 2141">
     <span class='ocr_line' id='line_1_44' title="bbox 2277 2067 3855 2141; baseline -0.001 -18"><span class='ocrx_word' id='word_1_368' title='bbox 2277 2070 2371 2123; x_wconf 80' lang='grc' dir='ltr'>τοῦ</span> <span class='ocrx_word' id='word_1_369' title='bbox 2395 2072 2746 2135; x_wconf 81' lang='grc' dir='ltr'>Μαθουσάλα,</span> <span class='ocrx_word' id='word_1_370' title='bbox 2777 2072 2870 2124; x_wconf 81' lang='grc' dir='ltr'><strong>τοῦ</strong></span> <span class='ocrx_word' id='word_1_371' title='bbox 2917 2070 3111 2141; x_wconf 82' lang='grc' dir='ltr'><strong>Ἑνὼχ,</strong></span> <span class='ocrx_word' id='word_1_372' title='bbox 3160 2072 3256 2125; x_wconf 81' lang='grc' dir='ltr'>τοῦ</span> <span class='ocrx_word' id='word_1_373' title='bbox 3294 2071 3491 2141; x_wconf 69' lang='grc' dir='ltr'>Ἰαρὶδ,</span> <span class='ocrx_word' id='word_1_374' title='bbox 3516 2067 3614 2123; x_wconf 82' lang='lat'><strong>106</strong></span> <span class='ocrx_word' id='word_1_375' title='bbox 3680 2069 3855 2124; x_wconf 72' lang='grc' dir='ltr'>Μαλεο</span> 
     </span>
    </p>
   </div>
   <div class='ocr_carea' id='block_1_45' title="bbox 2278 2160 3857 2233">
    <p class='ocr_par' dir='ltr' id='par_1_45' title="bbox 2278 2160 3857 2233">
     <span class='ocr_line' id='line_1_45' title="bbox 2278 2160 3857 2233; baseline -0.002 -18"><span class='ocrx_word' id='word_1_376' title='bbox 2278 2164 2429 2233; x_wconf 81' lang='grc' dir='ltr'><strong>λεὴλ,</strong></span> <span class='ocrx_word' id='word_1_377' title='bbox 2466 2163 2561 2216; x_wconf 83' lang='lat'><strong>106</strong></span> <span class='ocrx_word' id='word_1_378' title='bbox 2600 2165 2827 2228; x_wconf 78' lang='grc' dir='ltr'>Καῖνᾶν,</span> <span class='ocrx_word' id='word_1_379' title='bbox 2878 2164 2971 2219; x_wconf 83' lang='lat'><strong>106</strong></span> <span class='ocrx_word' id='word_1_380' title='bbox 3017 2162 3204 2227; x_wconf 81' lang='grc' dir='ltr'>Ἐνὼς,</span> <span class='ocrx_word' id='word_1_381' title='bbox 3239 2162 3333 2216; x_wconf 80' lang='grc' dir='ltr'>τοῦ</span> <span class='ocrx_word' id='word_1_382' title='bbox 3366 2161 3499 2233; x_wconf 74' lang='grc' dir='ltr'><strong>Σὴθ,</strong></span> <span class='ocrx_word' id='word_1_383' title='bbox 3532 2161 3630 2214; x_wconf 81' lang='grc' dir='ltr'>τοῦ</span> <span class='ocrx_word' id='word_1_384' title='bbox 3674 2160 3857 2230; x_wconf 73' lang='grc' dir='ltr'><strong>’Δδὰμ,</strong></span> 
     </span>
    </p>
   </div>
   <div class='ocr_carea' id='block_1_46' title="bbox 2279 2252 3859 2326">
    <p class='ocr_par' dir='ltr' id='par_1_46' title="bbox 2279 2252 3859 2326">
     <span class='ocr_line' id='line_1_46' title="bbox 2279 2252 3859 2326; baseline -0.003 -17"><span class='ocrx_word' id='word_1_385' title='bbox 2279 2256 2372 2309; x_wconf 83' lang='grc' dir='ltr'>τοῦ</span> <span class='ocrx_word' id='word_1_386' title='bbox 2421 2255 2579 2309; x_wconf 75' lang='grc' dir='ltr'>Θεοῦ.</span> <span class='ocrx_word' id='word_1_387' title='bbox 2616 2274 2636 2306; x_wconf 69' lang='grc' dir='ltr'><strong>ι</strong></span> <span class='ocrx_word' id='word_1_388' title='bbox 2687 2257 2995 2326; x_wconf 72' lang='grc' dir='ltr'><strong>Τριάκοντα</strong></span> <span class='ocrx_word' id='word_1_389' title='bbox 3031 2254 3132 2325; x_wconf 82' lang='grc' dir='ltr'>μὲν</span> <span class='ocrx_word' id='word_1_390' title='bbox 3167 2254 3243 2309; x_wconf 83' lang='grc' dir='ltr'>ὢν</span> <span class='ocrx_word' id='word_1_391' title='bbox 3275 2254 3435 2319; x_wconf 71' lang='grc' dir='ltr'>ἐτῶν,</span> <span class='ocrx_word' id='word_1_392' title='bbox 3492 2252 3799 2323; x_wconf 71' lang='grc' dir='ltr'><strong>ἐϐαπτίσθη</strong></span> <span class='ocrx_word' id='word_1_393' title='bbox 3832 2255 3859 2304; x_wconf 79' lang='lat'><strong>6</strong></span> 
     </span>
    </p>
   </div>
   <div class='ocr_carea' id='block_1_47' title="bbox 2279 2345 3859 2418">
    <p class='ocr_par' dir='ltr' id='par_1_47' title="bbox 2279 2345 3859 2418">
     <span class='ocr_line' id='line_1_47' title="bbox 2279 2345 3859 2418; baseline -0.003 -17"><span class='ocrx_word' id='word_1_394' title='bbox 2279 2349 2507 2418; x_wconf 65' lang='grc' dir='ltr'>Κύριος,</span> <span class='ocrx_word' id='word_1_395' title='bbox 2560 2346 2693 2399; x_wconf 84' lang='grc' dir='ltr'>διότι</span> <span class='ocrx_word' id='word_1_396' title='bbox 2724 2345 2863 2415; x_wconf 80' lang='grc' dir='ltr'>αὓτη</span> <span class='ocrx_word' id='word_1_397' title='bbox 2912 2349 2946 2417; x_wconf 75' lang='grc' dir='ltr'>ἡ</span> <span class='ocrx_word' id='word_1_398' title='bbox 2976 2347 3167 2417; x_wconf 76' lang='grc' dir='ltr'>ἡλικία</span> <span class='ocrx_word' id='word_1_399' title='bbox 3212 2347 3328 2401; x_wconf 72' lang='grc' dir='ltr'>ἐστὶ</span> <span class='ocrx_word' id='word_1_400' title='bbox 3380 2345 3737 2414; x_wconf 73' lang='grc' dir='ltr'>τελειοτάτη*</span> <span class='ocrx_word' id='word_1_401' title='bbox 3768 2346 3859 2399; x_wconf 74' lang='grc' dir='ltr'><strong>καὶ</strong></span> 
     </span>
    </p>
   </div>
   <div class='ocr_carea' id='block_1_48' title="bbox 2280 2435 3855 2507">
    <p class='ocr_par' dir='ltr' id='par_1_48' title="bbox 2280 2435 3855 2507">
     <span class='ocr_line' id='line_1_48' title="bbox 2280 2435 3855 2507; baseline -0.003 -15"><span class='ocrx_word' id='word_1_402' title='bbox 2280 2441 2424 2494; x_wconf 72' lang='grc' dir='ltr'>κατὰ</span> <span class='ocrx_word' id='word_1_403' title='bbox 2475 2438 2679 2505; x_wconf 79' lang='grc' dir='ltr'>ταύτην</span> <span class='ocrx_word' id='word_1_404' title='bbox 2732 2438 2761 2489; x_wconf 91' lang='lat'><strong>6</strong></span> <span class='ocrx_word' id='word_1_405' title='bbox 2822 2436 3195 2507; x_wconf 81' lang='grc' dir='ltr'>ᾶνθρωπος,ἥ</span> <span class='ocrx_word' id='word_1_406' title='bbox 3249 2438 3471 2506; x_wconf 80' lang='grc' dir='ltr'><strong>δόκιμος</strong></span> <span class='ocrx_word' id='word_1_407' title='bbox 3513 2435 3855 2507; x_wconf 73' lang='grc' dir='ltr'><strong>ἢάδόκιμος.</strong></span> 
     </span>
    </p>
   </div>
   <div class='ocr_carea' id='block_1_49' title="bbox 602 2525 2181 2601">
    <p class='ocr_par' dir='ltr' id='par_1_49' title="bbox 602 2527 2181 2601">
     <span class='ocr_line' id='line_1_49' title="bbox 602 2527 2181 2601; baseline -0.003 -14"><span class='ocrx_word' id='word_1_408' title='bbox 602 2533 859 2596; x_wconf 87' lang='lat' dir='ltr'><strong>Lamech,</strong></span> <span class='ocrx_word' id='word_1_409' title='bbox 893 2534 982 2601; x_wconf 88' lang='lat' dir='ltr'><strong>qui</strong></span> <span class='ocrx_word' id='word_1_410' title='bbox 1012 2530 1452 2595; x_wconf 67' lang='lat' dir='ltr'><strong>fuitblzttliusale,</strong></span> <span class='ocrx_word' id='word_1_411' title='bbox 1480 2532 1567 2599; x_wconf 90' lang='lat' dir='ltr'><strong>qui</strong></span> <span class='ocrx_word' id='word_1_412' title='bbox 1600 2529 1700 2583; x_wconf 80' lang='lat' dir='ltr'><strong>fuit</strong></span> <span class='ocrx_word' id='word_1_413' title='bbox 1727 2527 1932 2593; x_wconf 82' lang='lat' dir='ltr'><strong>Enoclt,</strong></span> <span class='ocrx_word' id='word_1_414' title='bbox 1965 2531 2054 2597; x_wconf 90' lang='lat' dir='ltr'><strong>qui</strong></span> <span class='ocrx_word' id='word_1_415' title='bbox 2082 2528 2181 2582; x_wconf 79' lang='lat' dir='ltr'><strong>fuit</strong></span> 
     </span>
    </p>
   </div>
   <div class='ocr_carea' id='block_1_50' title="bbox 2288 2525 3863 2601">
    <p class='ocr_par' dir='ltr' id='par_1_50' title="bbox 2288 2525 3863 2599">
     <span class='ocr_line' id='line_1_50' title="bbox 2288 2525 3863 2599; baseline -0.001 -20"><span class='ocrx_word' id='word_1_416' title='bbox 2288 2529 2599 2594; x_wconf 83' lang='grc' dir='ltr'>Γενεαλογεῖ</span> <span class='ocrx_word' id='word_1_417' title='bbox 2620 2526 2676 2579; x_wconf 78' lang='grc' dir='ltr'><strong>δὲ</strong></span> <span class='ocrx_word' id='word_1_418' title='bbox 2712 2526 2873 2580; x_wconf 84' lang='grc' dir='ltr'>αὑτὸν</span> <span class='ocrx_word' id='word_1_419' title='bbox 2897 2530 2924 2580; x_wconf 98' lang='lat'><strong>6</strong></span> <span class='ocrx_word' id='word_1_420' title='bbox 2945 2529 3181 2591; x_wconf 80' lang='grc' dir='ltr'><strong>Λουκᾶς,</strong></span> <span class='ocrx_word' id='word_1_421' title='bbox 3212 2528 3589 2599; x_wconf 74' lang='grc' dir='ltr'><strong>ἀντιστρόφως</strong></span> <span class='ocrx_word' id='word_1_422' title='bbox 3610 2525 3692 2596; x_wconf 79' lang='grc' dir='ltr'><strong>τῷ</strong></span> <span class='ocrx_word' id='word_1_423' title='bbox 3722 2526 3863 2580; x_wconf 76' lang='lat' dir='ltr'><strong>M01-</strong></span> 
     </span>
    </p>
   </div>
   <div class='ocr_carea' id='block_1_51' title="bbox 602 2618 2181 2692">
    <p class='ocr_par' dir='ltr' id='par_1_51' title="bbox 602 2620 2181 2691">
     <span class='ocr_line' id='line_1_51' title="bbox 602 2620 2181 2691; baseline -0.004 -13"><span class='ocrx_word' id='word_1_424' title='bbox 602 2623 787 2688; x_wconf 80' lang='lat' dir='ltr'><strong>Jared,</strong></span> <span class='ocrx_word' id='word_1_425' title='bbox 816 2625 905 2691; x_wconf 92' lang='lat' dir='ltr'><strong>qui</strong></span> <span class='ocrx_word' id='word_1_426' title='bbox 946 2624 1043 2675; x_wconf 85' lang='lat' dir='ltr'><strong>luit</strong></span> <span class='ocrx_word' id='word_1_427' title='bbox 1073 2621 1373 2681; x_wconf 84' lang='lat' dir='ltr'><strong>Malalehel,</strong></span> <span class='ocrx_word' id='word_1_428' title='bbox 1409 2622 1498 2689; x_wconf 91' lang='lat' dir='ltr'><strong>qui</strong></span> <span class='ocrx_word' id='word_1_429' title='bbox 1531 2621 1630 2674; x_wconf 90' lang='grc' dir='ltr'>[υἷι</span> <span class='ocrx_word' id='word_1_430' title='bbox 1671 2620 1899 2684; x_wconf 82' lang='lat' dir='ltr'><strong>Cainan,</strong></span> <span class='ocrx_word' id='word_1_431' title='bbox 1936 2622 2024 2689; x_wconf 87' lang='lat' dir='ltr'><strong>qui</strong></span> <span class='ocrx_word' id='word_1_432' title='bbox 2082 2620 2181 2672; x_wconf 89' lang='grc' dir='ltr'>[υἷι</span> 
     </span>
    </p>
   </div>
   <div class='ocr_carea' id='block_1_52' title="bbox 2288 2618 3863 2692">
    <p class='ocr_par' dir='ltr' id='par_1_52' title="bbox 2288 2618 3863 2692">
     <span class='ocr_line' id='line_1_52' title="bbox 2288 2618 3863 2692; baseline 0.001 -22"><span class='ocrx_word' id='word_1_433' title='bbox 2288 2619 2440 2689; x_wconf 67' lang='grc' dir='ltr'>θαιὶῳ,</span> <span class='ocrx_word' id='word_1_434' title='bbox 2484 2620 2570 2672; x_wconf 80' lang='grc' dir='ltr'><strong>ἵνα</strong></span> <span class='ocrx_word' id='word_1_435' title='bbox 2622 2620 2769 2692; x_wconf 75' lang='grc' dir='ltr'><strong>δείξῃ</strong></span> <span class='ocrx_word' id='word_1_436' title='bbox 2801 2621 2882 2673; x_wconf 86' lang='grc' dir='ltr'>ὅτι</span> <span class='ocrx_word' id='word_1_437' title='bbox 2924 2620 2952 2671; x_wconf 89' lang='lat'><strong>6</strong></span> <span class='ocrx_word' id='word_1_438' title='bbox 2982 2618 3077 2673; x_wconf 78' lang='grc' dir='ltr'>νῦν</span> <span class='ocrx_word' id='word_1_439' title='bbox 3108 2618 3390 2689; x_wconf 79' lang='grc' dir='ltr'>γεννηθεὶς</span> <span class='ocrx_word' id='word_1_440' title='bbox 3438 2620 3495 2671; x_wconf 74' lang='grc' dir='ltr'>ἐν</span> <span class='ocrx_word' id='word_1_441' title='bbox 3524 2618 3716 2689; x_wconf 78' lang='grc' dir='ltr'>σαρκὶ,</span> <span class='ocrx_word' id='word_1_442' title='bbox 3759 2619 3863 2672; x_wconf 67' lang='grc' dir='ltr'><strong>ἀπὸ</strong></span> 
     </span>
    </p>
   </div>
   <div class='ocr_carea' id='block_1_53' title="bbox 606 2710 2181 2782">
    <p class='ocr_par' dir='ltr' id='par_1_53' title="bbox 606 2710 2175 2781">
     <span class='ocr_line' id='line_1_53' title="bbox 606 2710 2175 2781; baseline -0.004 -13"><span class='ocrx_word' id='word_1_443' title='bbox 606 2715 773 2778; x_wconf 88' lang='lat' dir='ltr'><strong>Euos,</strong></span> <span class='ocrx_word' id='word_1_444' title='bbox 813 2716 905 2781; x_wconf 87' lang='lat' dir='ltr'><strong>qui</strong></span> <span class='ocrx_word' id='word_1_445' title='bbox 946 2712 1044 2766; x_wconf 87' lang='grc' dir='ltr'>[υἷι</span> <span class='ocrx_word' id='word_1_446' title='bbox 1076 2712 1230 2776; x_wconf 82' lang='lat' dir='ltr'><strong>Seth,</strong></span> <span class='ocrx_word' id='word_1_447' title='bbox 1260 2712 1352 2781; x_wconf 86' lang='lat' dir='ltr'><strong>qui</strong></span> <span class='ocrx_word' id='word_1_448' title='bbox 1384 2710 1484 2764; x_wconf 86' lang='grc' dir='ltr'>[υἷι</span> <span class='ocrx_word' id='word_1_449' title='bbox 1512 2713 1709 2776; x_wconf 84' lang='lat' dir='ltr'><strong>Adam,</strong></span> <span class='ocrx_word' id='word_1_450' title='bbox 1751 2712 1839 2780; x_wconf 88' lang='lat' dir='ltr'><strong>qui</strong></span> <span class='ocrx_word' id='word_1_451' title='bbox 1870 2710 1968 2764; x_wconf 82' lang='lat' dir='ltr'><strong>fuit</strong></span> <span class='ocrx_word' id='word_1_452' title='bbox 2006 2711 2117 2765; x_wconf 87' lang='lat' dir='ltr'><strong>Dei.</strong></span> <span class='ocrx_word' id='word_1_453' title='bbox 2159 2731 2175 2762; x_wconf 70' lang='grc' dir='ltr'><strong>ι</strong></span> 
     </span>
    </p>
   </div>
   <div class='ocr_carea' id='block_1_54' title="bbox 2288 2710 3863 2782">
    <p class='ocr_par' dir='ltr' id='par_1_54' title="bbox 2288 2710 3863 2782">
     <span class='ocr_line' id='line_1_54' title="bbox 2288 2710 3863 2782; baseline -0.001 -19"><span class='ocrx_word' id='word_1_454' title='bbox 2288 2713 2376 2765; x_wconf 81' lang='grc' dir='ltr'>τοῦ</span> <span class='ocrx_word' id='word_1_455' title='bbox 2432 2711 2566 2765; x_wconf 83' lang='grc' dir='ltr'>Θεοῦ</span> <span class='ocrx_word' id='word_1_456' title='bbox 2612 2716 2777 2765; x_wconf 74' lang='grc' dir='ltr'>ὲττιν.</span> <span class='ocrx_word' id='word_1_457' title='bbox 2843 2713 2986 2781; x_wconf 84' lang='grc' dir='ltr'><strong>Ὅρα</strong></span> <span class='ocrx_word' id='word_1_458' title='bbox 3031 2711 3137 2782; x_wconf 80' lang='grc' dir='ltr'><strong>γὰρ</strong></span> <span class='ocrx_word' id='word_1_459' title='bbox 3190 2713 3286 2781; x_wconf 69' lang='grc' dir='ltr'>τὴν</span> <span class='ocrx_word' id='word_1_460' title='bbox 3330 2710 3700 2779; x_wconf 70' lang='grc' dir='ltr'><strong>γενεαλογίαν,</strong></span> <span class='ocrx_word' id='word_1_461' title='bbox 3752 2711 3863 2773; x_wconf 79' lang='grc' dir='ltr'><strong>πῶς</strong></span> 
     </span>
    </p>
   </div>
   <div class='ocr_carea' id='block_1_55' title="bbox 606 2802 2181 2875">
    <p class='ocr_par' dir='ltr' id='par_1_55' title="bbox 606 2802 2180 2871">
     <span class='ocr_line' id='line_1_55' title="bbox 606 2802 2180 2871; baseline -0.004 -11"><span class='ocrx_word' id='word_1_462' title='bbox 606 2806 740 2860; x_wconf 83' lang='lat' dir='ltr'><strong>Cum</strong></span> <span class='ocrx_word' id='word_1_463' title='bbox 761 2806 976 2871; x_wconf 74' lang='lat' dir='ltr'><strong>triginta</strong></span> <span class='ocrx_word' id='word_1_464' title='bbox 999 2818 1260 2857; x_wconf 87' lang='lat' dir='ltr'><strong>annorum</strong></span> <span class='ocrx_word' id='word_1_465' title='bbox 1286 2814 1429 2856; x_wconf 78' lang='lat' dir='ltr'><strong>esset</strong></span> <span class='ocrx_word' id='word_1_466' title='bbox 1457 2802 1733 2865; x_wconf 87' lang='lat' dir='ltr'><strong>Dominus,</strong></span> <span class='ocrx_word' id='word_1_467' title='bbox 1754 2802 2055 2871; x_wconf 71' lang='lat' dir='ltr'><strong>baptizatus</strong></span> <span class='ocrx_word' id='word_1_468' title='bbox 2077 2811 2180 2866; x_wconf 85' lang='lat' dir='ltr'><strong>est,</strong></span> 
     </span>
    </p>
   </div>
   <div class='ocr_carea' id='block_1_56' title="bbox 2288 2802 3866 2875">
    <p class='ocr_par' dir='ltr' id='par_1_56' title="bbox 2288 2802 3866 2875">
     <span class='ocr_line' id='line_1_56' title="bbox 2288 2802 3866 2875; baseline 0 -20"><span class='ocrx_word' id='word_1_469' title='bbox 2288 2806 2527 2875; x_wconf 76' lang='grc' dir='ltr'>καταντᾷ</span> <span class='ocrx_word' id='word_1_470' title='bbox 2548 2806 2625 2866; x_wconf 83' lang='grc' dir='ltr'><strong>εἰς</strong></span> <span class='ocrx_word' id='word_1_471' title='bbox 2650 2804 2739 2857; x_wconf 82' lang='grc' dir='ltr'>τὸν</span> <span class='ocrx_word' id='word_1_472' title='bbox 2758 2803 2910 2868; x_wconf 81' lang='grc' dir='ltr'>Θεὸν,</span> <span class='ocrx_word' id='word_1_473' title='bbox 2944 2805 3040 2857; x_wconf 69' lang='grc' dir='ltr'><strong>καὶ</strong></span> <span class='ocrx_word' id='word_1_474' title='bbox 3063 2804 3203 2872; x_wconf 74' lang='grc' dir='ltr'>ἃμα,</span> <span class='ocrx_word' id='word_1_475' title='bbox 3239 2804 3327 2856; x_wconf 81' lang='grc' dir='ltr'>ἵνα</span> <span class='ocrx_word' id='word_1_476' title='bbox 3356 2804 3642 2873; x_wconf 72' lang='grc' dir='ltr'>μάθωμεν.</span> <span class='ocrx_word' id='word_1_477' title='bbox 3670 2803 3753 2855; x_wconf 74' lang='grc' dir='ltr'>ὅτι</span> <span class='ocrx_word' id='word_1_478' title='bbox 3782 2802 3866 2856; x_wconf 74' lang='grc' dir='ltr'>ἵνα</span> 
     </span>
    </p>
   </div>
   <div class='ocr_carea' id='block_1_57' title="bbox 606 2893 2181 2966">
    <p class='ocr_par' dir='ltr' id='par_1_57' title="bbox 606 2894 2181 2963">
     <span class='ocr_line' id='line_1_57' title="bbox 606 2894 2181 2963; baseline -0.001 -14"><span class='ocrx_word' id='word_1_479' title='bbox 606 2911 673 2949; x_wconf 89' lang='lat' dir='ltr'><strong>eo</strong></span> <span class='ocrx_word' id='word_1_480' title='bbox 706 2895 846 2963; x_wconf 80' lang='lat' dir='ltr'><strong>quod</strong></span> <span class='ocrx_word' id='word_1_481' title='bbox 899 2905 1027 2947; x_wconf 83' lang='lat' dir='ltr'><strong>:etas</strong></span> <span class='ocrx_word' id='word_1_482' title='bbox 1081 2894 1163 2945; x_wconf 82' lang='lat' dir='ltr'><strong>illa</strong></span> <span class='ocrx_word' id='word_1_483' title='bbox 1209 2894 1599 2962; x_wconf 80' lang='lat' dir='ltr'><strong>perfectissima</strong></span> <span class='ocrx_word' id='word_1_484' title='bbox 1651 2901 1754 2955; x_wconf 83' lang='lat' dir='ltr'><strong>est,</strong></span> <span class='ocrx_word' id='word_1_485' title='bbox 1789 2902 1842 2946; x_wconf 86' lang='lat' dir='ltr'><strong>et</strong></span> <span class='ocrx_word' id='word_1_486' title='bbox 1881 2894 1967 2947; x_wconf 91' lang='lat' dir='ltr'><strong>illa</strong></span> <span class='ocrx_word' id='word_1_487' title='bbox 2025 2895 2181 2949; x_wconf 89' lang='lat' dir='ltr'><strong>homo</strong></span> 
     </span>
    </p>
   </div>
   <div class='ocr_carea' id='block_1_58' title="bbox 2288 2893 3867 2966">
    <p class='ocr_par' dir='ltr' id='par_1_58' title="bbox 2288 2893 3867 2966">
     <span class='ocr_line' id='line_1_58' title="bbox 2288 2893 3867 2966; baseline -0.002 -19"><span class='ocrx_word' id='word_1_488' title='bbox 2288 2898 2492 2959; x_wconf 79' lang='grc' dir='ltr'><strong>πάντας</strong></span> <span class='ocrx_word' id='word_1_489' title='bbox 2522 2896 2649 2959; x_wconf 82' lang='grc' dir='ltr'>τοὺς</span> <span class='ocrx_word' id='word_1_490' title='bbox 2675 2899 2731 2948; x_wconf 79' lang='grc' dir='ltr'>ἐν</span> <span class='ocrx_word' id='word_1_491' title='bbox 2770 2896 2925 2966; x_wconf 80' lang='grc' dir='ltr'>μέσῳ</span> <span class='ocrx_word' id='word_1_492' title='bbox 2953 2895 3200 2965; x_wconf 81' lang='grc' dir='ltr'>πατέρας</span> <span class='ocrx_word' id='word_1_493' title='bbox 3229 2898 3310 2956; x_wconf 80' lang='grc' dir='ltr'>εἰς</span> <span class='ocrx_word' id='word_1_494' title='bbox 3339 2893 3473 2947; x_wconf 77' lang='grc' dir='ltr'>Θεὸν</span> <span class='ocrx_word' id='word_1_495' title='bbox 3502 2896 3759 2965; x_wconf 75' lang='grc' dir='ltr'>ἀναγάγῃ</span> <span class='ocrx_word' id='word_1_496' title='bbox 3776 2897 3867 2946; x_wconf 74' lang='grc' dir='ltr'><strong>καὶ</strong></span> 
     </span>
    </p>
   </div>
   <div class='ocr_carea' id='block_1_59' title="bbox 610 2983 2181 3059">
    <p class='ocr_par' dir='ltr' id='par_1_59' title="bbox 610 2983 2180 3053">
     <span class='ocr_line' id='line_1_59' title="bbox 610 2983 2180 3053; baseline 0.001 -14"><span class='ocrx_word' id='word_1_497' title='bbox 610 2988 692 3041; x_wconf 78' lang='lat' dir='ltr'><strong>vel</strong></span> <span class='ocrx_word' id='word_1_498' title='bbox 730 2986 927 3052; x_wconf 82' lang='lat' dir='ltr'><strong>probus</strong></span> <span class='ocrx_word' id='word_1_499' title='bbox 976 2983 1059 3039; x_wconf 83' lang='lat' dir='ltr'><strong>vel</strong></span> <span class='ocrx_word' id='word_1_500' title='bbox 1094 2986 1367 3053; x_wconf 84' lang='lat' dir='ltr'><strong>improbus</strong></span> <span class='ocrx_word' id='word_1_501' title='bbox 1394 2985 1756 3053; x_wconf 77' lang='lat' dir='ltr'><strong>cognoscitur.</strong></span> <span class='ocrx_word' id='word_1_502' title='bbox 1792 2984 1963 3052; x_wconf 89' lang='lat' dir='ltr'><strong>Ipsius</strong></span> <span class='ocrx_word' id='word_1_503' title='bbox 2000 2997 2180 3041; x_wconf 87' lang='lat' dir='ltr'><strong>autem</strong></span> 
     </span>
    </p>
   </div>
   <div class='ocr_carea' id='block_1_60' title="bbox 2288 2983 3868 3059">
    <p class='ocr_par' dir='ltr' id='par_1_60' title="bbox 2288 2984 3868 3059">
     <span class='ocr_line' id='line_1_60' title="bbox 2288 2984 3868 3059; baseline -0.001 -21"><span class='ocrx_word' id='word_1_504' title='bbox 2288 2988 2434 3046; x_wconf 71' lang='grc' dir='ltr'>υἱοὺς</span> <span class='ocrx_word' id='word_1_505' title='bbox 2466 2988 2687 3059; x_wconf 84' lang='grc' dir='ltr'><strong>ποιήσῃ,</strong></span> <span class='ocrx_word' id='word_1_506' title='bbox 2714 2987 2903 3039; x_wconf 66' lang='lat'><strong>106176</strong></span> <span class='ocrx_word' id='word_1_507' title='bbox 2929 2986 3117 3041; x_wconf 65' lang='grc' dir='ltr'>ἕνεκεν</span> <span class='ocrx_word' id='word_1_508' title='bbox 3146 2984 3456 3056; x_wconf 80' lang='grc' dir='ltr'><strong>ὲσαρκώθη.</strong></span> <span class='ocrx_word' id='word_1_509' title='bbox 3489 2985 3642 3055; x_wconf 79' lang='grc' dir='ltr'><strong>Ἔχω</strong></span> <span class='ocrx_word' id='word_1_510' title='bbox 3686 2985 3745 3038; x_wconf 68' lang='grc' dir='ltr'><strong>δὲ</strong></span> <span class='ocrx_word' id='word_1_511' title='bbox 3780 2986 3868 3039; x_wconf 67' lang='grc' dir='ltr'><strong>καὶ</strong></span> 
     </span>
    </p>
   </div>
   <div class='ocr_carea' id='block_1_61' title="bbox 608 3074 2181 3168">
    <p class='ocr_par' dir='ltr' id='par_1_61' title="bbox 608 3076 2180 3149">
     <span class='ocr_line' id='line_1_61' title="bbox 608 3076 2180 3149; baseline 0.001 -18"><span class='ocrx_word' id='word_1_512' title='bbox 608 3079 976 3149; x_wconf 71' lang='lat' dir='ltr'><strong>genczilOgium</strong></span> <span class='ocrx_word' id='word_1_513' title='bbox 1036 3086 1280 3129; x_wconf 84' lang='lat' dir='ltr'><strong>recenset.</strong></span> <span class='ocrx_word' id='word_1_514' title='bbox 1332 3076 1505 3131; x_wconf 87' lang='lat' dir='ltr'><strong>Lucas</strong></span> <span class='ocrx_word' id='word_1_515' title='bbox 1550 3078 1865 3146; x_wconf 81' lang='lat' dir='ltr'><strong>retrogrado</strong></span> <span class='ocrx_word' id='word_1_516' title='bbox 1915 3078 2105 3133; x_wconf 79' lang='lat' dir='ltr'><strong>ordine</strong></span> <span class='ocrx_word' id='word_1_517' title='bbox 2152 3096 2180 3132; x_wconf 88' lang='lat' dir='ltr'><strong>a</strong></span> 
     </span>
    </p>
   </div>
   <div class='ocr_carea' id='block_1_62' title="bbox 2288 3074 3869 3168">
    <p class='ocr_par' dir='ltr' id='par_1_62' title="bbox 2288 3074 3869 3149">
     <span class='ocr_line' id='line_1_62' title="bbox 2288 3074 3869 3149; baseline -0.001 -20"><span class='ocrx_word' id='word_1_518' title='bbox 2288 3079 2490 3146; x_wconf 77' lang='grc' dir='ltr'><strong>ἑτέρως</strong></span> <span class='ocrx_word' id='word_1_519' title='bbox 2511 3080 2687 3130; x_wconf 72' lang='grc' dir='ltr'>εἰπεῖν</span> <span class='ocrx_word' id='word_1_520' title='bbox 2709 3094 2720 3105; x_wconf 91' lang='grc'><strong>·</strong></span> <span class='ocrx_word' id='word_1_521' title='bbox 2752 3077 3063 3129; x_wconf 80' lang='grc' dir='ltr'>Ἦπιστεῖτο</span> <span class='ocrx_word' id='word_1_522' title='bbox 3081 3077 3114 3144; x_wconf 76' lang='grc' dir='ltr'>ἡ</span> <span class='ocrx_word' id='word_1_523' title='bbox 3146 3075 3398 3149; x_wconf 70' lang='grc' dir='ltr'>γέννησις</span> <span class='ocrx_word' id='word_1_524' title='bbox 3422 3074 3516 3127; x_wconf 82' lang='grc' dir='ltr'>τοῦ</span> <span class='ocrx_word' id='word_1_525' title='bbox 3544 3075 3774 3144; x_wconf 77' lang='grc' dir='ltr'><strong>Κυρίου,</strong></span> <span class='ocrx_word' id='word_1_526' title='bbox 3798 3074 3869 3136; x_wconf 79' lang='grc' dir='ltr'><strong>ὡς</strong></span> 
     </span>
    </p>
   </div>
   <div class='ocr_carea' id='block_1_63' title="bbox 616 3159 2181 3239">
    <p class='ocr_par' dir='ltr' id='par_1_63' title="bbox 616 3168 2181 3237">
     <span class='ocr_line' id='line_1_63' title="bbox 616 3168 2181 3237; baseline 0.001 -15"><span class='ocrx_word' id='word_1_527' title='bbox 616 3170 892 3232; x_wconf 67' lang='grc' dir='ltr'>Μοιιιιιυυ,</span> <span class='ocrx_word' id='word_1_528' title='bbox 927 3180 980 3221; x_wconf 82' lang='grc' dir='ltr'>ιιι</span> <span class='ocrx_word' id='word_1_529' title='bbox 1006 3171 1254 3221; x_wconf 59' lang='lat' dir='ltr'><strong>ostendat</strong></span> <span class='ocrx_word' id='word_1_530' title='bbox 1280 3169 1423 3237; x_wconf 92' lang='lat' dir='ltr'><strong>quod</strong></span> <span class='ocrx_word' id='word_1_531' title='bbox 1452 3168 1495 3222; x_wconf 89' lang='lat' dir='ltr'><strong>is</strong></span> <span class='ocrx_word' id='word_1_532' title='bbox 1527 3168 1615 3237; x_wconf 89' lang='lat' dir='ltr'><strong>qui</strong></span> <span class='ocrx_word' id='word_1_533' title='bbox 1658 3184 1801 3223; x_wconf 92' lang='lat' dir='ltr'><strong>nunc</strong></span> <span class='ocrx_word' id='word_1_534' title='bbox 1836 3179 1993 3224; x_wconf 85' lang='lat' dir='ltr'><strong>natus</strong></span> <span class='ocrx_word' id='word_1_535' title='bbox 2018 3180 2100 3225; x_wconf 84' lang='lat' dir='ltr'><strong>est</strong></span> <span class='ocrx_word' id='word_1_536' title='bbox 2131 3173 2181 3224; x_wconf 93' lang='lat' dir='ltr'><strong>in</strong></span> 
     </span>
    </p>
   </div>
   <div class='ocr_carea' id='block_1_64' title="bbox 2288 3159 3867 3239">
    <p class='ocr_par' dir='ltr' id='par_1_64' title="bbox 2291 3159 3867 3239">
     <span class='ocr_line' id='line_1_64' title="bbox 2291 3159 3867 3239; baseline -0.004 -15"><span class='ocrx_word' id='word_1_537' title='bbox 2291 3171 2418 3224; x_wconf 82' lang='grc' dir='ltr'>ἄνευ</span> <span class='ocrx_word' id='word_1_538' title='bbox 2452 3171 2658 3239; x_wconf 80' lang='grc' dir='ltr'><strong>σπορᾶς</strong></span> <span class='ocrx_word' id='word_1_539' title='bbox 2682 3166 2844 3222; x_wconf 72' lang='lat'><strong>0600&#39;</strong></span> <span class='ocrx_word' id='word_1_540' title='bbox 2874 3168 3045 3222; x_wconf 70' lang='grc' dir='ltr'>θέλων</span> <span class='ocrx_word' id='word_1_541' title='bbox 3071 3164 3166 3223; x_wconf 84' lang='lat' dir='ltr'><strong>06v</strong></span> <span class='ocrx_word' id='word_1_542' title='bbox 3194 3167 3365 3233; x_wconf 74' lang='grc' dir='ltr'>δεῖξαι</span> <span class='ocrx_word' id='word_1_543' title='bbox 3396 3169 3423 3220; x_wconf 90' lang='grc' dir='ltr'>ὁ</span> <span class='ocrx_word' id='word_1_544' title='bbox 3453 3159 3867 3235; x_wconf 67' lang='grc' dir='ltr'>εὐαγγελιστὴς,</span> 
     </span>
    </p>
   </div>
   <div class='ocr_carea' id='block_1_65' title="bbox 610 3258 2188 3325">
    <p class='ocr_par' dir='ltr' id='par_1_65' title="bbox 610 3258 2188 3325">
     <span class='ocr_line' id='line_1_65' title="bbox 610 3258 2188 3325; baseline 0 -12"><span class='ocrx_word' id='word_1_545' title='bbox 610 3276 793 3321; x_wconf 75' lang='lat' dir='ltr'><strong>carne,</strong></span> <span class='ocrx_word' id='word_1_546' title='bbox 836 3276 861 3311; x_wconf 88' lang='lat' dir='ltr'><strong>a</strong></span> <span class='ocrx_word' id='word_1_547' title='bbox 918 3258 1025 3311; x_wconf 58' lang='grc' dir='ltr'>[δυο</span> <span class='ocrx_word' id='word_1_548' title='bbox 1056 3261 1146 3312; x_wconf 85' lang='lat' dir='ltr'><strong>sit.</strong></span> <span class='ocrx_word' id='word_1_549' title='bbox 1185 3258 1318 3312; x_wconf 81' lang='lat' dir='ltr'><strong>Vide</strong></span> <span class='ocrx_word' id='word_1_550' title='bbox 1360 3258 1821 3325; x_wconf 77' lang='lat' dir='ltr'><strong>enim&#39;quomodo</strong></span> <span class='ocrx_word' id='word_1_551' title='bbox 1860 3261 2188 3315; x_wconf 89' lang='lat' dir='ltr'><strong>recensendo</strong></span> 
     </span>
    </p>
   </div>
   <div class='ocr_carea' id='block_1_66' title="bbox 610 3351 2189 3428">
    <p class='ocr_par' dir='ltr' id='par_1_66' title="bbox 610 3351 2189 3428">
     <span class='ocr_line' id='line_1_66' title="bbox 610 3351 2189 3428; baseline 0.003 -25"><span class='ocrx_word' id='word_1_552' title='bbox 610 3354 930 3420; x_wconf 70' lang='lat' dir='ltr'><strong>catalogum,</strong></span> <span class='ocrx_word' id='word_1_553' title='bbox 984 3363 1230 3405; x_wconf 81' lang='lat' dir='ltr'><strong>recurrat</strong></span> <span class='ocrx_word' id='word_1_554' title='bbox 1277 3352 1328 3405; x_wconf 90' lang='lat' dir='ltr'><strong>in</strong></span> <span class='ocrx_word' id='word_1_555' title='bbox 1378 3351 1566 3428; x_wconf 79' lang='lat' dir='ltr'><strong>Deum,</strong></span> <span class='ocrx_word' id='word_1_556' title='bbox 1629 3363 1685 3407; x_wconf 91' lang='lat' dir='ltr'><strong>ut</strong></span> <span class='ocrx_word' id='word_1_557' title='bbox 1742 3353 2015 3408; x_wconf 83' lang='lat' dir='ltr'><strong>discamus</strong></span> <span class='ocrx_word' id='word_1_558' title='bbox 2045 3356 2189 3422; x_wconf 89' lang='lat' dir='ltr'><strong>quod</strong></span> 
     </span>
    </p>
   </div>
   <div class='ocr_carea' id='block_1_67' title="bbox 612 3443 2187 3513">
    <p class='ocr_par' dir='ltr' id='par_1_67' title="bbox 612 3443 2187 3513">
     <span class='ocr_line' id='line_1_67' title="bbox 612 3443 2187 3513; baseline 0.004 -21"><span class='ocrx_word' id='word_1_559' title='bbox 612 3458 791 3513; x_wconf 71' lang='lat' dir='ltr'><strong>patres</strong></span> <span class='ocrx_word' id='word_1_560' title='bbox 832 3459 1019 3498; x_wconf 86' lang='lat' dir='ltr'><strong>omnes</strong></span> <span class='ocrx_word' id='word_1_561' title='bbox 1050 3444 1393 3496; x_wconf 84' lang='lat' dir='ltr'><strong>intermedios</strong></span> <span class='ocrx_word' id='word_1_562' title='bbox 1421 3444 1471 3496; x_wconf 88' lang='lat' dir='ltr'><strong>iu</strong></span> <span class='ocrx_word' id='word_1_563' title='bbox 1501 3444 1666 3497; x_wconf 88' lang='lat' dir='ltr'><strong>Deum</strong></span> <span class='ocrx_word' id='word_1_564' title='bbox 1700 3446 1942 3507; x_wconf 74' lang='lat' dir='ltr'><strong>redueat,</strong></span> <span class='ocrx_word' id='word_1_565' title='bbox 1976 3454 2029 3498; x_wconf 86' lang='lat' dir='ltr'><strong>et</strong></span> <span class='ocrx_word' id='word_1_566' title='bbox 2050 3443 2187 3498; x_wconf 82' lang='lat' dir='ltr'><strong>[ilius</strong></span> 
     </span>
    </p>
   </div>
   <div class='ocr_carea' id='block_1_68' title="bbox 613 3534 2189 3595">
    <p class='ocr_par' dir='ltr' id='par_1_68' title="bbox 613 3534 2189 3595">
     <span class='ocr_line' id='line_1_68' title="bbox 613 3534 2189 3595; baseline 0 -6"><span class='ocrx_word' id='word_1_567' title='bbox 613 3534 794 3595; x_wconf 69' lang='lat' dir='ltr'><strong>iaciat,</strong></span> <span class='ocrx_word' id='word_1_568' title='bbox 852 3534 971 3587; x_wconf 87' lang='lat' dir='ltr'><strong>ideo</strong></span> <span class='ocrx_word' id='word_1_569' title='bbox 1041 3546 1353 3588; x_wconf 82' lang='lat' dir='ltr'><strong>incarnatus</strong></span> <span class='ocrx_word' id='word_1_570' title='bbox 1422 3544 1524 3589; x_wconf 82' lang='lat' dir='ltr'><strong>est.</strong></span> <span class='ocrx_word' id='word_1_571' title='bbox 1584 3534 1808 3589; x_wconf 87' lang='lat' dir='ltr'><strong>Possum</strong></span> <span class='ocrx_word' id='word_1_572' title='bbox 1882 3545 2062 3589; x_wconf 87' lang='lat' dir='ltr'><strong>autem</strong></span> <span class='ocrx_word' id='word_1_573' title='bbox 2135 3544 2189 3589; x_wconf 87' lang='lat' dir='ltr'><strong>et</strong></span> 
     </span>
    </p>
   </div>
   <div class='ocr_carea' id='block_1_69' title="bbox 612 3626 2189 3684">
    <p class='ocr_par' dir='ltr' id='par_1_69' title="bbox 612 3626 2189 3684">
     <span class='ocr_line' id='line_1_69' title="bbox 612 3626 2189 3684; baseline 0.003 -4"><span class='ocrx_word' id='word_1_574' title='bbox 612 3628 771 3681; x_wconf 84' lang='lat' dir='ltr'><strong>aliter</strong></span> <span class='ocrx_word' id='word_1_575' title='bbox 838 3628 1081 3681; x_wconf 82' lang='lat' dir='ltr'><strong>dicere:</strong></span> <span class='ocrx_word' id='word_1_576' title='bbox 1166 3626 1400 3681; x_wconf 73' lang='lat' dir='ltr'><strong>Difﬁcilis</strong></span> <span class='ocrx_word' id='word_1_577' title='bbox 1466 3628 1670 3682; x_wconf 80' lang='lat' dir='ltr'><strong>creditu</strong></span> <span class='ocrx_word' id='word_1_578' title='bbox 1752 3637 1870 3681; x_wconf 84' lang='lat' dir='ltr'><strong>erat</strong></span> <span class='ocrx_word' id='word_1_579' title='bbox 1931 3629 2189 3684; x_wconf 88' lang='lat' dir='ltr'><strong>nativitas</strong></span> 
     </span>
    </p>
   </div>
   <div class='ocr_carea' id='block_1_70' title="bbox 614 3718 2189 3788">
    <p class='ocr_par' dir='ltr' id='par_1_70' title="bbox 614 3718 2189 3788">
     <span class='ocr_line' id='line_1_70' title="bbox 614 3718 2189 3788; baseline 0.003 -18"><span class='ocrx_word' id='word_1_580' title='bbox 614 3718 811 3771; x_wconf 79' lang='lat' dir='ltr'><strong>Christi</strong></span> <span class='ocrx_word' id='word_1_581' title='bbox 842 3720 981 3787; x_wconf 87' lang='lat' dir='ltr'><strong>quod</strong></span> <span class='ocrx_word' id='word_1_582' title='bbox 1015 3719 1149 3771; x_wconf 52' lang='lat' dir='ltr'><strong>sint:</strong></span> <span class='ocrx_word' id='word_1_583' title='bbox 1174 3719 1381 3771; x_wconf 86' lang='lat' dir='ltr'><strong>semine</strong></span> <span class='ocrx_word' id='word_1_584' title='bbox 1408 3718 1479 3771; x_wconf 89' lang='lat' dir='ltr'><strong>sit</strong></span> <span class='ocrx_word' id='word_1_585' title='bbox 1514 3735 1527 3785; x_wconf 93' lang='lat'>;</span> <span class='ocrx_word' id='word_1_586' title='bbox 1565 3718 1748 3772; x_wconf 80' lang='lat' dir='ltr'><strong>volens</strong></span> <span class='ocrx_word' id='word_1_587' title='bbox 1773 3719 1933 3788; x_wconf 77' lang='lat' dir='ltr'><strong>igitur</strong></span> <span class='ocrx_word' id='word_1_588' title='bbox 1957 3733 2189 3788; x_wconf 78' lang='lat' dir='ltr'><strong>evange-</strong></span> 
     </span>
    </p>
   </div>
   <div class='ocr_carea' id='block_1_71' title="bbox 615 3808 2191 3878">
    <p class='ocr_par' dir='ltr' id='par_1_71' title="bbox 615 3808 2191 3878">
     <span class='ocr_line' id='line_1_71' title="bbox 615 3808 2191 3878; baseline 0.001 -15"><span class='ocrx_word' id='word_1_589' title='bbox 615 3811 735 3863; x_wconf 76' lang='lat' dir='ltr'><strong>lista</strong></span> <span class='ocrx_word' id='word_1_590' title='bbox 763 3811 1067 3871; x_wconf 81' lang='lat' dir='ltr'><strong>ostendere,</strong></span> <span class='ocrx_word' id='word_1_591' title='bbox 1090 3808 1248 3877; x_wconf 83' lang='lat'><strong>297</strong></span> <span class='ocrx_word' id='word_1_592' title='bbox 1271 3811 1411 3878; x_wconf 88' lang='lat' dir='ltr'><strong>quod</strong></span> <span class='ocrx_word' id='word_1_593' title='bbox 1436 3820 1487 3863; x_wconf 87' lang='lat' dir='ltr'><strong>et.</strong></span> <span class='ocrx_word' id='word_1_594' title='bbox 1507 3810 1642 3864; x_wconf 86' lang='lat' dir='ltr'><strong>alias</strong></span> <span class='ocrx_word' id='word_1_595' title='bbox 1658 3812 1773 3864; x_wconf 89' lang='lat' dir='ltr'><strong>sine</strong></span> <span class='ocrx_word' id='word_1_596' title='bbox 1789 3812 1993 3865; x_wconf 85' lang='lat' dir='ltr'><strong>semine</strong></span> <span class='ocrx_word' id='word_1_597' title='bbox 2014 3811 2191 3865; x_wconf 80' lang='lat' dir='ltr'><strong>factus</strong></span> 
     </span>
    </p>
   </div>
   <div class='ocr_carea' id='block_1_72' title="bbox 616 3900 2186 3969">
    <p class='ocr_par' dir='ltr' id='par_1_72' title="bbox 616 3900 2186 3969">
     <span class='ocr_line' id='line_1_72' title="bbox 616 3900 2186 3969; baseline 0.002 -15"><span class='ocrx_word' id='word_1_598' title='bbox 616 3902 686 3954; x_wconf 90' lang='lat' dir='ltr'><strong>sit</strong></span> <span class='ocrx_word' id='word_1_599' title='bbox 708 3900 888 3964; x_wconf 89' lang='lat' dir='ltr'><strong>homo,</strong></span> <span class='ocrx_word' id='word_1_600' title='bbox 914 3901 977 3954; x_wconf 86' lang='lat' dir='ltr'><strong>ab</strong></span> <span class='ocrx_word' id='word_1_601' title='bbox 1004 3900 1355 3954; x_wconf 83' lang='lat' dir='ltr'><strong>inferioribus</strong></span> <span class='ocrx_word' id='word_1_602' title='bbox 1377 3902 1618 3955; x_wconf 84' lang='lat' dir='ltr'><strong>ascendit</strong></span> <span class='ocrx_word' id='word_1_603' title='bbox 1636 3903 1701 3955; x_wconf 90' lang='lat' dir='ltr'><strong>ad</strong></span> <span class='ocrx_word' id='word_1_604' title='bbox 1722 3903 1889 3955; x_wconf 80' lang='lat' dir='ltr'><strong>Adam</strong></span> <span class='ocrx_word' id='word_1_605' title='bbox 1910 3912 1964 3955; x_wconf 89' lang='lat' dir='ltr'><strong>et</strong></span> <span class='ocrx_word' id='word_1_606' title='bbox 1983 3902 2149 3957; x_wconf 91' lang='lat' dir='ltr'><strong>Deum</strong></span> <span class='ocrx_word' id='word_1_607' title='bbox 2171 3944 2186 3969; x_wconf 89' lang='lat'><strong>,</strong></span> 
     </span>
    </p>
   </div>
   <div class='ocr_carea' id='block_1_73' title="bbox 616 3991 2189 4061">
    <p class='ocr_par' dir='ltr' id='par_1_73' title="bbox 616 3991 2189 4061">
     <span class='ocr_line' id='line_1_73' title="bbox 616 3991 2189 4061; baseline 0.001 -16"><span class='ocrx_word' id='word_1_608' title='bbox 616 3994 769 4060; x_wconf 85' lang='lat' dir='ltr'><strong>quasi</strong></span> <span class='ocrx_word' id='word_1_609' title='bbox 828 3992 1055 4045; x_wconf 86' lang='lat' dir='ltr'><strong>dicens:</strong></span> <span class='ocrx_word' id='word_1_610' title='bbox 1088 3991 1146 4045; x_wconf 87' lang='lat' dir='ltr'><strong>Si</strong></span> <span class='ocrx_word' id='word_1_611' title='bbox 1179 4007 1283 4046; x_wconf 91' lang='lat' dir='ltr'><strong>non</strong></span> <span class='ocrx_word' id='word_1_612' title='bbox 1334 3993 1509 4047; x_wconf 88' lang='lat' dir='ltr'><strong>credis</strong></span> <span class='ocrx_word' id='word_1_613' title='bbox 1540 3993 1681 4061; x_wconf 90' lang='lat' dir='ltr'><strong>quod</strong></span> <span class='ocrx_word' id='word_1_614' title='bbox 1713 3993 1981 4048; x_wconf 88' lang='lat' dir='ltr'><strong>secundus</strong></span> <span class='ocrx_word' id='word_1_615' title='bbox 2020 3994 2189 4048; x_wconf 81' lang='lat' dir='ltr'><strong>Adam</strong></span> 
     </span>
    </p>
   </div>
   <div class='ocr_carea' id='block_1_74' title="bbox 616 4081 2191 4152">
    <p class='ocr_par' dir='ltr' id='par_1_74' title="bbox 616 4081 2191 4152">
     <span class='ocr_line' id='line_1_74' title="bbox 616 4081 2191 4152; baseline 0.003 -16"><span class='ocrx_word' id='word_1_616' title='bbox 616 4086 735 4137; x_wconf 87' lang='lat' dir='ltr'><strong>sine</strong></span> <span class='ocrx_word' id='word_1_617' title='bbox 756 4083 961 4136; x_wconf 85' lang='lat' dir='ltr'><strong>semine</strong></span> <span class='ocrx_word' id='word_1_618' title='bbox 987 4081 1160 4136; x_wconf 81' lang='lat' dir='ltr'><strong>factus</strong></span> <span class='ocrx_word' id='word_1_619' title='bbox 1189 4084 1278 4146; x_wconf 91' lang='lat' dir='ltr'><strong>sit,</strong></span> <span class='ocrx_word' id='word_1_620' title='bbox 1319 4085 1574 4147; x_wconf 83' lang='lat' dir='ltr'><strong>ascende,</strong></span> <span class='ocrx_word' id='word_1_621' title='bbox 1599 4098 1812 4152; x_wconf 90' lang='lat' dir='ltr'><strong>precor,</strong></span> <span class='ocrx_word' id='word_1_622' title='bbox 1835 4085 2091 4137; x_wconf 84' lang='lat' dir='ltr'><strong>memoria</strong></span> <span class='ocrx_word' id='word_1_623' title='bbox 2125 4087 2191 4141; x_wconf 85' lang='lat' dir='ltr'><strong>ad</strong></span> 
     </span>
    </p>
   </div>
   <div class='ocr_carea' id='block_1_75' title="bbox 618 4172 2193 4241">
    <p class='ocr_par' dir='ltr' id='par_1_75' title="bbox 618 4172 2193 4241">
     <span class='ocr_line' id='line_1_75' title="bbox 618 4172 2193 4241; baseline 0.003 -16"><span class='ocrx_word' id='word_1_624' title='bbox 618 4174 855 4241; x_wconf 85' lang='lat' dir='ltr'><strong>priorem</strong></span> <span class='ocrx_word' id='word_1_625' title='bbox 890 4174 1084 4238; x_wconf 84' lang='lat' dir='ltr'><strong>Adam,</strong></span> <span class='ocrx_word' id='word_1_626' title='bbox 1116 4183 1171 4228; x_wconf 80' lang='lat' dir='ltr'><strong>et</strong></span> <span class='ocrx_word' id='word_1_627' title='bbox 1200 4174 1443 4227; x_wconf 82' lang='lat' dir='ltr'><strong>invenies</strong></span> <span class='ocrx_word' id='word_1_628' title='bbox 1473 4176 1636 4227; x_wconf 82' lang='lat' dir='ltr'><strong>etiam</strong></span> <span class='ocrx_word' id='word_1_629' title='bbox 1672 4173 1819 4226; x_wconf 87' lang='lat' dir='ltr'><strong>illum</strong></span> <span class='ocrx_word' id='word_1_630' title='bbox 1848 4172 1965 4228; x_wconf 86' lang='lat' dir='ltr'><strong>sine</strong></span> <span class='ocrx_word' id='word_1_631' title='bbox 1988 4174 2193 4229; x_wconf 85' lang='lat' dir='ltr'><strong>semine</strong></span> 
     </span>
    </p>
   </div>
   <div class='ocr_carea' id='block_1_76' title="bbox 622 4264 2188 4331">
    <p class='ocr_par' dir='ltr' id='par_1_76' title="bbox 622 4264 2188 4331">
     <span class='ocr_line' id='line_1_76' title="bbox 622 4264 2188 4331; baseline 0.003 -17"><span class='ocrx_word' id='word_1_632' title='bbox 622 4266 820 4316; x_wconf 71' lang='lat' dir='ltr'><strong>factum</strong></span> <span class='ocrx_word' id='word_1_633' title='bbox 858 4280 885 4315; x_wconf 86' lang='lat' dir='ltr'><strong>a</strong></span> <span class='ocrx_word' id='word_1_634' title='bbox 919 4264 1051 4329; x_wconf 84' lang='lat' dir='ltr'><strong>Deo,</strong></span> <span class='ocrx_word' id='word_1_635' title='bbox 1076 4273 1128 4316; x_wconf 86' lang='lat' dir='ltr'><strong>et</strong></span> <span class='ocrx_word' id='word_1_636' title='bbox 1169 4264 1392 4331; x_wconf 85' lang='lat' dir='ltr'><strong>posthac</strong></span> <span class='ocrx_word' id='word_1_637' title='bbox 1426 4280 1493 4317; x_wconf 88' lang='lat' dir='ltr'><strong>ne</strong></span> <span class='ocrx_word' id='word_1_638' title='bbox 1542 4266 1616 4317; x_wconf 87' lang='lat' dir='ltr'><strong>sis</strong></span> <span class='ocrx_word' id='word_1_639' title='bbox 1670 4265 1996 4319; x_wconf 84' lang='lat' dir='ltr'><strong>incredulus.</strong></span> <span class='ocrx_word' id='word_1_640' title='bbox 2035 4264 2188 4331; x_wconf 83' lang='lat' dir='ltr'><strong>Quae-</strong></span> 
     </span>
    </p>
   </div>
   <div class='ocr_carea' id='block_1_77' title="bbox 621 4354 2187 4425">
    <p class='ocr_par' dir='ltr' id='par_1_77' title="bbox 621 4354 2187 4425">
     <span class='ocr_line' id='line_1_77' title="bbox 621 4354 2187 4425; baseline 0.001 -17"><span class='ocrx_word' id='word_1_641' title='bbox 621 4364 745 4408; x_wconf 88' lang='lat' dir='ltr'><strong>runt</strong></span> <span class='ocrx_word' id='word_1_642' title='bbox 787 4364 963 4407; x_wconf 86' lang='lat' dir='ltr'><strong>autem</strong></span> <span class='ocrx_word' id='word_1_643' title='bbox 996 4355 1212 4422; x_wconf 89' lang='lat' dir='ltr'><strong>quidam</strong></span> <span class='ocrx_word' id='word_1_644' title='bbox 1250 4355 1521 4422; x_wconf 85' lang='lat' dir='ltr'><strong>quomodo</strong></span> <span class='ocrx_word' id='word_1_645' title='bbox 1562 4354 1843 4411; x_wconf 72' lang='lat' dir='ltr'><strong>Matthzeus</strong></span> <span class='ocrx_word' id='word_1_646' title='bbox 1898 4356 2187 4425; x_wconf 82' lang='lat' dir='ltr'><strong>Joscplnnu</strong></span> 
     </span>
    </p>
   </div>
   <div class='ocr_carea' id='block_1_78' title="bbox 2292 3262 3873 3334">
    <p class='ocr_par' dir='ltr' id='par_1_78' title="bbox 2292 3262 3873 3334">
     <span class='ocr_line' id='line_1_78' title="bbox 2292 3262 3873 3334; baseline -0.002 -18"><span class='ocrx_word' id='word_1_647' title='bbox 2292 3266 2372 3317; x_wconf 76' lang='grc' dir='ltr'>ὅτι</span> <span class='ocrx_word' id='word_1_648' title='bbox 2402 3265 2495 3318; x_wconf 79' lang='grc' dir='ltr'><strong>καὶ</strong></span> <span class='ocrx_word' id='word_1_649' title='bbox 2519 3265 2709 3319; x_wconf 77' lang='grc' dir='ltr'>ἄλλοτε</span> <span class='ocrx_word' id='word_1_650' title='bbox 2737 3265 2867 3318; x_wconf 76' lang='grc' dir='ltr'>ἄνευ</span> <span class='ocrx_word' id='word_1_651' title='bbox 2901 3266 3109 3334; x_wconf 83' lang='grc' dir='ltr'><strong>σπορᾶς</strong></span> <span class='ocrx_word' id='word_1_652' title='bbox 3152 3265 3375 3332; x_wconf 69' lang='grc' dir='ltr'>ἐγένετο</span> <span class='ocrx_word' id='word_1_653' title='bbox 3401 3263 3715 3333; x_wconf 73' lang='grc' dir='ltr'>ἄνθρωπος,</span> <span class='ocrx_word' id='word_1_654' title='bbox 3768 3262 3873 3315; x_wconf 68' lang='grc' dir='ltr'><strong>ἀπὸ</strong></span> 
     </span>
    </p>
   </div>
   <div class='ocr_carea' id='block_1_79' title="bbox 2293 3356 3866 3428">
    <p class='ocr_par' dir='ltr' id='par_1_79' title="bbox 2293 3356 3866 3428">
     <span class='ocr_line' id='line_1_79' title="bbox 2293 3356 3866 3428; baseline -0.001 -20"><span class='ocrx_word' id='word_1_655' title='bbox 2293 3358 2400 3411; x_wconf 73' lang='grc' dir='ltr'>τῶν</span> <span class='ocrx_word' id='word_1_656' title='bbox 2436 3356 2587 3410; x_wconf 79' lang='grc' dir='ltr'><strong>κάτω</strong></span> <span class='ocrx_word' id='word_1_657' title='bbox 2620 3357 2909 3428; x_wconf 69' lang='grc' dir='ltr'>ἀνέρχεται</span> <span class='ocrx_word' id='word_1_658' title='bbox 2942 3358 3035 3410; x_wconf 68' lang='grc' dir='ltr'><strong>ἐπὶ</strong></span> <span class='ocrx_word' id='word_1_659' title='bbox 3075 3356 3167 3410; x_wconf 77' lang='grc' dir='ltr'>τὸν</span> <span class='ocrx_word' id='word_1_660' title='bbox 3200 3356 3375 3426; x_wconf 80' lang='grc' dir='ltr'>Ἀδὰμ</span> <span class='ocrx_word' id='word_1_661' title='bbox 3430 3357 3528 3409; x_wconf 70' lang='grc' dir='ltr'><strong>καὶ</strong></span> <span class='ocrx_word' id='word_1_662' title='bbox 3580 3356 3677 3408; x_wconf 76' lang='grc' dir='ltr'><strong>τὸν</strong></span> <span class='ocrx_word' id='word_1_663' title='bbox 3706 3359 3866 3407; x_wconf 67' lang='grc' dir='ltr'><strong>Θτόψ</strong></span> 
     </span>
    </p>
   </div>
   <div class='ocr_carea' id='block_1_80' title="bbox 2295 3446 3871 3518">
    <p class='ocr_par' dir='ltr' id='par_1_80' title="bbox 2295 3446 3871 3518">
     <span class='ocr_line' id='line_1_80' title="bbox 2295 3446 3871 3518; baseline -0.001 -18"><span class='ocrx_word' id='word_1_664' title='bbox 2295 3447 2579 3518; x_wconf 80' lang='grc' dir='ltr'>μονονουχὶ</span> <span class='ocrx_word' id='word_1_665' title='bbox 2616 3448 2792 3515; x_wconf 82' lang='grc' dir='ltr'>λέγων</span> <span class='ocrx_word' id='word_1_666' title='bbox 2824 3451 2954 3518; x_wconf 79' lang='grc' dir='ltr'>ἡμῖν</span> <span class='ocrx_word' id='word_1_667' title='bbox 2976 3465 2989 3477; x_wconf 71' lang='grc'><strong><em>⁸</em></strong></span> <span class='ocrx_word' id='word_1_668' title='bbox 3036 3450 3100 3502; x_wconf 82' lang='lat' dir='ltr'><strong>Ei</strong></span> <span class='ocrx_word' id='word_1_669' title='bbox 3132 3450 3377 3511; x_wconf 74' lang='grc' dir='ltr'><strong>ἀπιστεῖς</strong></span> <span class='ocrx_word' id='word_1_670' title='bbox 3414 3446 3532 3511; x_wconf 83' lang='grc' dir='ltr'><strong>πῶς</strong></span> <span class='ocrx_word' id='word_1_671' title='bbox 3560 3450 3590 3503; x_wconf 84' lang='lat'><strong>6</strong></span> <span class='ocrx_word' id='word_1_672' title='bbox 3622 3448 3871 3517; x_wconf 79' lang='grc' dir='ltr'>δεύτερος</span> 
     </span>
    </p>
   </div>
   <div class='ocr_carea' id='block_1_81' title="bbox 2304 3539 3871 3611">
    <p class='ocr_par' dir='ltr' id='par_1_81' title="bbox 2304 3539 3871 3611">
     <span class='ocr_line' id='line_1_81' title="bbox 2304 3539 3871 3611; baseline -0.002 -17"><span class='ocrx_word' id='word_1_673' title='bbox 2304 3541 2476 3611; x_wconf 70' lang='grc' dir='ltr'><strong>Ἀδὰμ</strong></span> <span class='ocrx_word' id='word_1_674' title='bbox 2504 3540 2722 3608; x_wconf 78' lang='grc' dir='ltr'>ἐγένετο</span> <span class='ocrx_word' id='word_1_675' title='bbox 2742 3541 2865 3609; x_wconf 78' lang='grc' dir='ltr'>δίχα</span> <span class='ocrx_word' id='word_1_676' title='bbox 2920 3542 3149 3610; x_wconf 72' lang='grc' dir='ltr'>σπορᾶς,</span> <span class='ocrx_word' id='word_1_677' title='bbox 3199 3540 3392 3596; x_wconf 74' lang='grc' dir='ltr'>ἄνελθέ</span> <span class='ocrx_word' id='word_1_678' title='bbox 3427 3556 3518 3610; x_wconf 83' lang='grc' dir='ltr'><strong>μοι</strong></span> <span class='ocrx_word' id='word_1_679' title='bbox 3563 3540 3642 3610; x_wconf 85' lang='grc' dir='ltr'><strong>τῷ</strong></span> <span class='ocrx_word' id='word_1_680' title='bbox 3672 3540 3750 3610; x_wconf 78' lang='grc' dir='ltr'><strong>νῷ</strong></span> <span class='ocrx_word' id='word_1_681' title='bbox 3780 3539 3871 3592; x_wconf 65' lang='grc' dir='ltr'><strong>ἐπὶ</strong></span> 
     </span>
    </p>
   </div>
   <div class='ocr_carea' id='block_1_82' title="bbox 2289 3633 3869 3705">
    <p class='ocr_par' dir='ltr' id='par_1_82' title="bbox 2289 3633 3869 3705">
     <span class='ocr_line' id='line_1_82' title="bbox 2289 3633 3869 3705; baseline -0.001 -19"><span class='ocrx_word' id='word_1_682' title='bbox 2289 3636 2380 3687; x_wconf 65' lang='grc' dir='ltr'>τδν</span> <span class='ocrx_word' id='word_1_683' title='bbox 2404 3634 2669 3705; x_wconf 79' lang='grc' dir='ltr'>πρότερον</span> <span class='ocrx_word' id='word_1_684' title='bbox 2703 3633 2893 3702; x_wconf 81' lang='grc' dir='ltr'>Ἀδὰμ,</span> <span class='ocrx_word' id='word_1_685' title='bbox 2915 3634 3012 3686; x_wconf 71' lang='grc' dir='ltr'><strong>καὶ</strong></span> <span class='ocrx_word' id='word_1_686' title='bbox 3030 3633 3285 3704; x_wconf 80' lang='grc' dir='ltr'><strong>εὑρήσεις</strong></span> <span class='ocrx_word' id='word_1_687' title='bbox 3312 3634 3475 3688; x_wconf 71' lang='grc' dir='ltr'>αὑτὸν</span> <span class='ocrx_word' id='word_1_688' title='bbox 3504 3635 3635 3687; x_wconf 70' lang='grc' dir='ltr'>ἀνευ</span> <span class='ocrx_word' id='word_1_689' title='bbox 3668 3635 3869 3704; x_wconf 68' lang='grc' dir='ltr'>σπορᾶς</span> 
     </span>
    </p>
   </div>
   <div class='ocr_carea' id='block_1_83' title="bbox 2293 3724 3867 3796">
    <p class='ocr_par' dir='ltr' id='par_1_83' title="bbox 2293 3724 3867 3796">
     <span class='ocr_line' id='line_1_83' title="bbox 2293 3724 3867 3796; baseline 0 -18"><span class='ocrx_word' id='word_1_690' title='bbox 2293 3727 2588 3795; x_wconf 82' lang='grc' dir='ltr'>γενόμενον</span> <span class='ocrx_word' id='word_1_691' title='bbox 2622 3725 2728 3778; x_wconf 80' lang='grc' dir='ltr'><strong>ὑπὸ</strong></span> <span class='ocrx_word' id='word_1_692' title='bbox 2780 3725 2874 3778; x_wconf 89' lang='lat'><strong>106</strong></span> <span class='ocrx_word' id='word_1_693' title='bbox 2918 3724 3079 3790; x_wconf 84' lang='grc' dir='ltr'><strong>Θεοῦ,</strong></span> <span class='ocrx_word' id='word_1_694' title='bbox 3132 3728 3228 3780; x_wconf 72' lang='grc' dir='ltr'><strong>καὶ</strong></span> <span class='ocrx_word' id='word_1_695' title='bbox 3256 3725 3467 3791; x_wconf 81' lang='grc' dir='ltr'>λοιπὸν,</span> <span class='ocrx_word' id='word_1_696' title='bbox 3526 3725 3601 3796; x_wconf 78' lang='grc' dir='ltr'>μὴ</span> <span class='ocrx_word' id='word_1_697' title='bbox 3634 3726 3867 3779; x_wconf 72' lang='grc' dir='ltr'>ἀπίστει.</span> 
     </span>
    </p>
   </div>
   <div class='ocr_carea' id='block_1_84' title="bbox 2295 3816 3870 3889">
    <p class='ocr_par' dir='ltr' id='par_1_84' title="bbox 2295 3816 3870 3889">
     <span class='ocr_line' id='line_1_84' title="bbox 2295 3816 3870 3889; baseline 0 -18"><span class='ocrx_word' id='word_1_698' title='bbox 2295 3816 2525 3885; x_wconf 80' lang='grc' dir='ltr'>Ζητοῦσι</span> <span class='ocrx_word' id='word_1_699' title='bbox 2551 3817 2608 3869; x_wconf 83' lang='grc' dir='ltr'><strong>δέ</strong></span> <span class='ocrx_word' id='word_1_700' title='bbox 2628 3833 2797 3880; x_wconf 77' lang='grc' dir='ltr'>τινες,</span> <span class='ocrx_word' id='word_1_701' title='bbox 2829 3816 2948 3880; x_wconf 82' lang='grc' dir='ltr'><strong>πῶς</strong></span> <span class='ocrx_word' id='word_1_702' title='bbox 2975 3819 3005 3870; x_wconf 86' lang='lat'><strong>6</strong></span> <span class='ocrx_word' id='word_1_703' title='bbox 3049 3816 3151 3888; x_wconf 73' lang='grc' dir='ltr'>μὲν</span> <span class='ocrx_word' id='word_1_704' title='bbox 3194 3817 3475 3881; x_wconf 80' lang='grc' dir='ltr'>Ματθατος</span> <span class='ocrx_word' id='word_1_705' title='bbox 3522 3818 3615 3870; x_wconf 82' lang='grc' dir='ltr'>τὸν</span> <span class='ocrx_word' id='word_1_706' title='bbox 3680 3817 3870 3889; x_wconf 70' lang='grc' dir='ltr'>Ἰωσὴφ</span> 
     </span>
    </p>
   </div>
   <div class='ocr_carea' id='block_1_85' title="bbox 2293 3903 3869 3975">
    <p class='ocr_par' dir='ltr' id='par_1_85' title="bbox 2293 3903 3869 3975">
     <span class='ocr_line' id='line_1_85' title="bbox 2293 3903 3869 3975; baseline 0.002 -15"><span class='ocrx_word' id='word_1_707' title='bbox 2293 3909 2387 3961; x_wconf 85' lang='lat'><strong>106</strong></span> <span class='ocrx_word' id='word_1_708' title='bbox 2448 3906 2638 3963; x_wconf 78' lang='grc' dir='ltr'><strong>Ἰακὼϐ</strong></span> <span class='ocrx_word' id='word_1_709' title='bbox 2699 3908 2850 3975; x_wconf 74' lang='grc' dir='ltr'>λέγει</span> <span class='ocrx_word' id='word_1_710' title='bbox 2908 3903 3048 3963; x_wconf 77' lang='grc' dir='ltr'>εῖναι</span> <span class='ocrx_word' id='word_1_711' title='bbox 3110 3908 3310 3963; x_wconf 81' lang='grc' dir='ltr'>παῖδα·</span> <span class='ocrx_word' id='word_1_712' title='bbox 3359 3912 3387 3962; x_wconf 89' lang='lat'><strong>6</strong></span> <span class='ocrx_word' id='word_1_713' title='bbox 3424 3909 3480 3961; x_wconf 76' lang='grc' dir='ltr'><strong>δὲ</strong></span> <span class='ocrx_word' id='word_1_714' title='bbox 3502 3910 3745 3972; x_wconf 70' lang='grc' dir='ltr'><strong>Λουκᾶς.</strong></span> <span class='ocrx_word' id='word_1_715' title='bbox 3784 3910 3869 3963; x_wconf 83' lang='lat'><strong>106</strong></span> 
     </span>
    </p>
   </div>
   <div class='ocr_carea' id='block_1_86' title="bbox 2305 3999 3871 4071">
    <p class='ocr_par' dir='ltr' id='par_1_86' title="bbox 2305 3999 3871 4071">
     <span class='ocr_line' id='line_1_86' title="bbox 2305 3999 3871 4071; baseline 0.001 -19"><span class='ocrx_word' id='word_1_716' title='bbox 2305 4001 2423 4052; x_wconf 80' lang='grc' dir='ltr'><strong>Ἥλι</strong></span> <span class='ocrx_word' id='word_1_717' title='bbox 2445 4019 2456 4030; x_wconf 69' lang='grc' dir='ltr'><strong>ι</strong></span> <span class='ocrx_word' id='word_1_718' title='bbox 2489 4001 2751 4054; x_wconf 79' lang='grc' dir='ltr'>ἀδύνατον</span> <span class='ocrx_word' id='word_1_719' title='bbox 2784 4001 2913 4071; x_wconf 84' lang='grc' dir='ltr'>γὰρ,</span> <span class='ocrx_word' id='word_1_720' title='bbox 2946 4000 3101 4071; x_wconf 78' lang='grc' dir='ltr'>φασὶ,</span> <span class='ocrx_word' id='word_1_721' title='bbox 3153 4001 3245 4054; x_wconf 81' lang='grc' dir='ltr'>τὸν</span> <span class='ocrx_word' id='word_1_722' title='bbox 3275 4000 3438 4053; x_wconf 70' lang='grc' dir='ltr'>αὐτὸν</span> <span class='ocrx_word' id='word_1_723' title='bbox 3480 3999 3576 4053; x_wconf 72' lang='grc' dir='ltr'><strong>δύο</strong></span> <span class='ocrx_word' id='word_1_724' title='bbox 3624 4001 3871 4067; x_wconf 73' lang='grc' dir='ltr'>πατέρων</span> 
     </span>
    </p>
   </div>
   <div class='ocr_carea' id='block_1_87' title="bbox 2299 4088 3872 4163">
    <p class='ocr_par' dir='ltr' id='par_1_87' title="bbox 2299 4088 3872 4163">
     <span class='ocr_line' id='line_1_87' title="bbox 2299 4088 3872 4163; baseline 0.001 -19"><span class='ocrx_word' id='word_1_725' title='bbox 2299 4088 2433 4145; x_wconf 81' lang='grc' dir='ltr'>εἶναι</span> <span class='ocrx_word' id='word_1_726' title='bbox 2469 4093 2653 4147; x_wconf 73' lang='grc' dir='ltr'>παῖδα.</span> <span class='ocrx_word' id='word_1_727' title='bbox 2725 4093 2989 4161; x_wconf 81' lang='grc' dir='ltr'>Λέγουσιν</span> <span class='ocrx_word' id='word_1_728' title='bbox 3024 4092 3119 4147; x_wconf 84' lang='lat' dir='ltr'><strong>06v</strong></span> <span class='ocrx_word' id='word_1_729' title='bbox 3161 4094 3298 4163; x_wconf 84' lang='grc' dir='ltr'>πρὸς</span> <span class='ocrx_word' id='word_1_730' title='bbox 3350 4091 3529 4159; x_wconf 77' lang='grc' dir='ltr'>τοῦτο,</span> <span class='ocrx_word' id='word_1_731' title='bbox 3579 4093 3664 4146; x_wconf 81' lang='grc' dir='ltr'>δτι</span> <span class='ocrx_word' id='word_1_732' title='bbox 3702 4095 3731 4147; x_wconf 90' lang='lat'><strong>6</strong></span> <span class='ocrx_word' id='word_1_733' title='bbox 3781 4094 3872 4147; x_wconf 69' lang='grc' dir='ltr'><strong>Ἰα-</strong></span> 
     </span>
    </p>
   </div>
   <div class='ocr_carea' id='block_1_88' title="bbox 2296 4184 3871 4255">
    <p class='ocr_par' dir='ltr' id='par_1_88' title="bbox 2296 4184 3871 4255">
     <span class='ocr_line' id='line_1_88' title="bbox 2296 4184 3871 4255; baseline 0.001 -18"><span class='ocrx_word' id='word_1_734' title='bbox 2296 4184 2409 4238; x_wconf 77' lang='grc' dir='ltr'><strong>κὼῆ</strong></span> <span class='ocrx_word' id='word_1_735' title='bbox 2438 4185 2530 4237; x_wconf 84' lang='grc' dir='ltr'><strong>καὶ</strong></span> <span class='ocrx_word' id='word_1_736' title='bbox 2573 4187 2600 4239; x_wconf 91' lang='lat'><strong>6</strong></span> <span class='ocrx_word' id='word_1_737' title='bbox 2645 4184 2786 4251; x_wconf 71' lang='grc' dir='ltr'><strong>Ἠλὶ,</strong></span> <span class='ocrx_word' id='word_1_738' title='bbox 2814 4186 3147 4255; x_wconf 81' lang='grc' dir='ltr'>ὁμομήτριοι</span> <span class='ocrx_word' id='word_1_739' title='bbox 3191 4186 3435 4254; x_wconf 78' lang='grc' dir='ltr'><strong>ἀδελφοὶ,</strong></span> <span class='ocrx_word' id='word_1_740' title='bbox 3486 4185 3649 4239; x_wconf 74' lang='grc' dir='ltr'><strong>ἄλλον</strong></span> <span class='ocrx_word' id='word_1_741' title='bbox 3677 4186 3735 4239; x_wconf 70' lang='grc' dir='ltr'><strong>δὶ</strong></span> <span class='ocrx_word' id='word_1_742' title='bbox 3787 4186 3871 4239; x_wconf 74' lang='grc' dir='ltr'><strong>καὶ</strong></span> 
     </span>
    </p>
   </div>
   <div class='ocr_carea' id='block_1_89' title="bbox 2295 4274 3869 4345">
    <p class='ocr_par' dir='ltr' id='par_1_89' title="bbox 2295 4274 3869 4345">
     <span class='ocr_line' id='line_1_89' title="bbox 2295 4274 3869 4345; baseline 0 -16"><span class='ocrx_word' id='word_1_743' title='bbox 2295 4277 2454 4329; x_wconf 74' lang='grc' dir='ltr'>ἄλλου</span> <span class='ocrx_word' id='word_1_744' title='bbox 2498 4276 2705 4345; x_wconf 82' lang='grc' dir='ltr'>πατρός</span> <span class='ocrx_word' id='word_1_745' title='bbox 2732 4292 2746 4307; x_wconf 74' lang='grc' dir='ltr'><strong><em>ο</em></strong></span> <span class='ocrx_word' id='word_1_746' title='bbox 2782 4277 3147 4339; x_wconf 83' lang='grc' dir='ltr'>ἀποθανόντος</span> <span class='ocrx_word' id='word_1_747' title='bbox 3177 4276 3270 4330; x_wconf 84' lang='lat' dir='ltr'><strong>06v</strong></span> <span class='ocrx_word' id='word_1_748' title='bbox 3320 4274 3415 4329; x_wconf 78' lang='grc' dir='ltr'><strong>τοῦ</strong></span> <span class='ocrx_word' id='word_1_749' title='bbox 3457 4275 3577 4329; x_wconf 79' lang='grc' dir='ltr'><strong>Ἠλὶ</strong></span> <span class='ocrx_word' id='word_1_750' title='bbox 3628 4276 3869 4341; x_wconf 71' lang='grc' dir='ltr'><strong>ἄπαιδος,</strong></span> 
     </span>
    </p>
   </div>
   <div class='ocr_carea' id='block_1_90' title="bbox 2296 4366 3871 4441">
    <p class='ocr_par' dir='ltr' id='par_1_90' title="bbox 2296 4366 3871 4441">
     <span class='ocr_line' id='line_1_90' title="bbox 2296 4366 3871 4441; baseline 0.001 -21"><span class='ocrx_word' id='word_1_751' title='bbox 2296 4369 2533 4437; x_wconf 74' lang='grc' dir='ltr'>ἠγάγετο</span> <span class='ocrx_word' id='word_1_752' title='bbox 2560 4368 2656 4439; x_wconf 82' lang='grc' dir='ltr'>τὴν</span> <span class='ocrx_word' id='word_1_753' title='bbox 2682 4371 2919 4435; x_wconf 82' lang='grc' dir='ltr'>γυναῖκα</span> <span class='ocrx_word' id='word_1_754' title='bbox 2967 4366 3133 4421; x_wconf 81' lang='grc' dir='ltr'>αὐτοῦ</span> <span class='ocrx_word' id='word_1_755' title='bbox 3157 4369 3185 4421; x_wconf 91' lang='lat'><strong>6</strong></span> <span class='ocrx_word' id='word_1_756' title='bbox 3220 4366 3435 4435; x_wconf 74' lang='grc' dir='ltr'><strong>Ἰακὼϐ,</strong></span> <span class='ocrx_word' id='word_1_757' title='bbox 3470 4368 3871 4441; x_wconf 76' lang='grc' dir='ltr'>παιδοποιήσων</span> 
     </span>
    </p>
   </div>
   <div class='ocr_carea' id='block_1_91' title="bbox 616 4444 2181 4532">
    <p class='ocr_par' dir='ltr' id='par_1_91' title="bbox 616 4444 2181 4510">
     <span class='ocr_line' id='line_1_91' title="bbox 616 4444 2181 4510; baseline 0 -9"><span class='ocrx_word' id='word_1_758' title='bbox 616 4448 759 4501; x_wconf 83' lang='lat' dir='ltr'><strong>dicat</strong></span> <span class='ocrx_word' id='word_1_759' title='bbox 789 4446 954 4499; x_wconf 85' lang='lat' dir='ltr'><strong>lilium</strong></span> <span class='ocrx_word' id='word_1_760' title='bbox 1021 4444 1209 4510; x_wconf 80' lang='lat' dir='ltr'><strong>Jacob,</strong></span> <span class='ocrx_word' id='word_1_761' title='bbox 1251 4445 1424 4500; x_wconf 86' lang='lat' dir='ltr'><strong>Lucas</strong></span> <span class='ocrx_word' id='word_1_762' title='bbox 1457 4456 1635 4501; x_wconf 87' lang='lat' dir='ltr'><strong>autem</strong></span> <span class='ocrx_word' id='word_1_763' title='bbox 1671 4448 1835 4501; x_wconf 90' lang='lat' dir='ltr'><strong>lilium</strong></span> <span class='ocrx_word' id='word_1_764' title='bbox 1897 4447 2010 4501; x_wconf 88' lang='lat' dir='ltr'><strong>Hcli</strong></span> <span class='ocrx_word' id='word_1_765' title='bbox 2042 4450 2181 4502; x_wconf 87' lang='lat' dir='ltr'><strong>:im-</strong></span> 
     </span>
    </p>
   </div>
   <div class='ocr_carea' id='block_1_92' title="bbox 2288 4444 3869 4532">
    <p class='ocr_par' dir='ltr' id='par_1_92' title="bbox 2298 4458 3869 4532">
     <span class='ocr_line' id='line_1_92' title="bbox 2298 4458 3869 4532; baseline -0.007 -8"><span class='ocrx_word' id='word_1_766' title='bbox 2298 4461 2565 4529; x_wconf 71' lang='grc' dir='ltr'><strong>ὲξαῦτῆς·</strong></span> <span class='ocrx_word' id='word_1_767' title='bbox 2603 4462 2695 4512; x_wconf 80' lang='grc' dir='ltr'><strong>καὶ</strong></span> <span class='ocrx_word' id='word_1_768' title='bbox 2729 4458 2872 4513; x_wconf 70' lang='grc' dir='ltr'>οὕτω</span> <span class='ocrx_word' id='word_1_769' title='bbox 2922 4460 3138 4528; x_wconf 75' lang='grc' dir='ltr'>λέγεται</span> <span class='ocrx_word' id='word_1_770' title='bbox 3165 4461 3193 4512; x_wconf 77' lang='lat'><strong>6</strong></span> <span class='ocrx_word' id='word_1_771' title='bbox 3236 4460 3457 4532; x_wconf 78' lang='grc' dir='ltr'>Ἰωσὴφ,</span> <span class='ocrx_word' id='word_1_772' title='bbox 3514 4461 3712 4513; x_wconf 80' lang='grc' dir='ltr'><strong>Ἰακὼό</strong></span> <span class='ocrx_word' id='word_1_773' title='bbox 3743 4459 3869 4515; x_wconf 62' lang='grc' dir='ltr'>εἶναι</span> 
     </span>
    </p>
   </div>
   <div class='ocr_carea' id='block_1_93' title="bbox 615 4538 2187 4608">
    <p class='ocr_par' dir='ltr' id='par_1_93' title="bbox 615 4538 2187 4608">
     <span class='ocr_line' id='line_1_93' title="bbox 615 4538 2187 4608; baseline 0.003 -18"><span class='ocrx_word' id='word_1_774' title='bbox 615 4538 871 4606; x_wconf 77' lang='lat' dir='ltr'><strong>possibile</strong></span> <span class='ocrx_word' id='word_1_775' title='bbox 904 4548 1079 4590; x_wconf 88' lang='lat' dir='ltr'><strong>autem</strong></span> <span class='ocrx_word' id='word_1_776' title='bbox 1112 4554 1271 4590; x_wconf 90' lang='lat' dir='ltr'><strong>unum</strong></span> <span class='ocrx_word' id='word_1_777' title='bbox 1317 4540 1566 4593; x_wconf 83' lang='lat' dir='ltr'><strong>habuisse</strong></span> <span class='ocrx_word' id='word_1_778' title='bbox 1595 4540 1727 4593; x_wconf 91' lang='lat' dir='ltr'><strong>duos</strong></span> <span class='ocrx_word' id='word_1_779' title='bbox 1753 4551 1956 4608; x_wconf 84' lang='lat' dir='ltr'><strong>patres.</strong></span> <span class='ocrx_word' id='word_1_780' title='bbox 1996 4541 2187 4596; x_wconf 84' lang='lat' dir='ltr'><strong>Dicunt</strong></span> 
     </span>
    </p>
   </div>
   <div class='ocr_carea' id='block_1_94' title="bbox 618 4628 2188 4695">
    <p class='ocr_par' dir='ltr' id='par_1_94' title="bbox 618 4628 2188 4695">
     <span class='ocr_line' id='line_1_94' title="bbox 618 4628 2188 4695; baseline 0.004 -14"><span class='ocrx_word' id='word_1_781' title='bbox 618 4630 803 4695; x_wconf 81' lang='lat' dir='ltr'><strong>itaque</strong></span> <span class='ocrx_word' id='word_1_782' title='bbox 832 4631 896 4681; x_wconf 86' lang='lat' dir='ltr'><strong>ad</strong></span> <span class='ocrx_word' id='word_1_783' title='bbox 938 4631 1059 4691; x_wconf 81' lang='lat' dir='ltr'><strong>hoc,</strong></span> <span class='ocrx_word' id='word_1_784' title='bbox 1094 4630 1233 4695; x_wconf 87' lang='lat' dir='ltr'><strong>quod</strong></span> <span class='ocrx_word' id='word_1_785' title='bbox 1286 4628 1449 4681; x_wconf 83' lang='lat' dir='ltr'><strong>Jacob</strong></span> <span class='ocrx_word' id='word_1_786' title='bbox 1482 4640 1531 4683; x_wconf 89' lang='lat' dir='ltr'><strong>et</strong></span> <span class='ocrx_word' id='word_1_787' title='bbox 1574 4629 1689 4683; x_wconf 81' lang='lat' dir='ltr'><strong>Heli</strong></span> <span class='ocrx_word' id='word_1_788' title='bbox 1744 4632 1939 4684; x_wconf 87' lang='lat' dir='ltr'><strong>uterini</strong></span> <span class='ocrx_word' id='word_1_789' title='bbox 1994 4634 2188 4687; x_wconf 78' lang='lat' dir='ltr'><strong>fratres</strong></span> 
     </span>
    </p>
   </div>
   <div class='ocr_carea' id='block_1_95' title="bbox 617 4720 2189 4787">
    <p class='ocr_par' dir='ltr' id='par_1_95' title="bbox 617 4720 2189 4787">
     <span class='ocr_line' id='line_1_95' title="bbox 617 4720 2189 4787; baseline 0.001 -12"><span class='ocrx_word' id='word_1_790' title='bbox 617 4720 820 4775; x_wconf 75' lang='lat' dir='ltr'><strong>fuerint</strong></span> <span class='ocrx_word' id='word_1_791' title='bbox 846 4736 907 4772; x_wconf 80' lang='lat' dir='ltr'><strong>ex</strong></span> <span class='ocrx_word' id='word_1_792' title='bbox 932 4721 1159 4772; x_wconf 80' lang='lat' dir='ltr'><strong>diversis</strong></span> <span class='ocrx_word' id='word_1_793' title='bbox 1183 4720 1425 4787; x_wconf 81' lang='lat' dir='ltr'><strong>patrihus</strong></span> <span class='ocrx_word' id='word_1_794' title='bbox 1456 4738 1466 4771; x_wconf 90' lang='lat'>:</span> <span class='ocrx_word' id='word_1_795' title='bbox 1502 4731 1711 4775; x_wconf 85' lang='lat' dir='ltr'><strong>mortuo</strong></span> <span class='ocrx_word' id='word_1_796' title='bbox 1736 4732 1912 4775; x_wconf 88' lang='lat' dir='ltr'><strong>autem</strong></span> <span class='ocrx_word' id='word_1_797' title='bbox 1940 4721 2050 4775; x_wconf 86' lang='lat' dir='ltr'><strong>Heli</strong></span> <span class='ocrx_word' id='word_1_798' title='bbox 2075 4724 2189 4777; x_wconf 90' lang='lat' dir='ltr'><strong>sine</strong></span> 
     </span>
    </p>
   </div>
   <div class='ocr_carea' id='block_1_96' title="bbox 616 4811 2193 4883">
    <p class='ocr_par' dir='ltr' id='par_1_96' title="bbox 616 4811 2193 4883">
     <span class='ocr_line' id='line_1_96' title="bbox 616 4811 2193 4883; baseline 0.003 -18"><span class='ocrx_word' id='word_1_799' title='bbox 616 4811 1005 4873; x_wconf 72' lang='lat' dir='ltr'><strong>ilel&#39;iS,JJCOil</strong></span> <span class='ocrx_word' id='word_1_800' title='bbox 1030 4813 1143 4879; x_wconf 79' lang='lat' dir='ltr'><strong>ejus</strong></span> <span class='ocrx_word' id='word_1_801' title='bbox 1172 4829 1387 4866; x_wconf 79' lang='lat' dir='ltr'><strong>uxorem</strong></span> <span class='ocrx_word' id='word_1_802' title='bbox 1415 4814 1643 4878; x_wconf 72' lang='lat' dir='ltr'><strong>duxerit,</strong></span> <span class='ocrx_word' id='word_1_803' title='bbox 1678 4829 1741 4866; x_wconf 83' lang='lat' dir='ltr'><strong>ex</strong></span> <span class='ocrx_word' id='word_1_804' title='bbox 1772 4814 1858 4868; x_wconf 88' lang='lat' dir='ltr'><strong>illa</strong></span> <span class='ocrx_word' id='word_1_805' title='bbox 1883 4828 2193 4883; x_wconf 84' lang='lat' dir='ltr'><strong>procreatu-</strong></span> 
     </span>
    </p>
   </div>
   <div class='ocr_carea' id='block_1_97' title="bbox 619 4903 2191 4973">
    <p class='ocr_par' dir='ltr' id='par_1_97' title="bbox 619 4903 2191 4973">
     <span class='ocr_line' id='line_1_97' title="bbox 619 4903 2191 4973; baseline 0.004 -17"><span class='ocrx_word' id='word_1_806' title='bbox 619 4918 710 4959; x_wconf 83' lang='lat' dir='ltr'><strong>rus</strong></span> <span class='ocrx_word' id='word_1_807' title='bbox 744 4903 901 4958; x_wconf 83' lang='lat' dir='ltr'><strong>ﬁlios.</strong></span> <span class='ocrx_word' id='word_1_808' title='bbox 963 4904 1023 4955; x_wconf 81' lang='lat' dir='ltr'><strong>Et</strong></span> <span class='ocrx_word' id='word_1_809' title='bbox 1062 4903 1137 4955; x_wconf 88' lang='lat' dir='ltr'><strong>sic</strong></span> <span class='ocrx_word' id='word_1_810' title='bbox 1195 4906 1391 4957; x_wconf 80' lang='lat' dir='ltr'><strong>dicitur</strong></span> <span class='ocrx_word' id='word_1_811' title='bbox 1424 4904 1615 4973; x_wconf 86' lang='lat' dir='ltr'><strong>Joseph</strong></span> <span class='ocrx_word' id='word_1_812' title='bbox 1659 4922 1777 4960; x_wconf 86' lang='lat' dir='ltr'><strong>csse</strong></span> <span class='ocrx_word' id='word_1_813' title='bbox 1835 4908 1973 4959; x_wconf 75' lang='lat' dir='ltr'><strong>filius</strong></span> <span class='ocrx_word' id='word_1_814' title='bbox 2025 4907 2191 4961; x_wconf 76' lang='lat' dir='ltr'><strong>Jacob</strong></span> 
     </span>
    </p>
   </div>
   <div class='ocr_carea' id='block_1_98' title="bbox 617 4992 2189 5067">
    <p class='ocr_par' dir='ltr' id='par_1_98' title="bbox 617 4992 2189 5067">
     <span class='ocr_line' id='line_1_98' title="bbox 617 4992 2189 5067; baseline 0.003 -20"><span class='ocrx_word' id='word_1_815' title='bbox 617 5004 809 5047; x_wconf 79' lang='lat' dir='ltr'><strong>natura</strong></span> <span class='ocrx_word' id='word_1_816' title='bbox 843 5010 855 5046; x_wconf 90' lang='lat'><strong>:</strong></span> <span class='ocrx_word' id='word_1_817' title='bbox 893 4992 1035 5047; x_wconf 82' lang='lat' dir='ltr'><strong>ﬁlius</strong></span> <span class='ocrx_word' id='word_1_818' title='bbox 1068 5004 1243 5049; x_wconf 89' lang='lat' dir='ltr'><strong>autem</strong></span> <span class='ocrx_word' id='word_1_819' title='bbox 1277 4994 1415 5057; x_wconf 87' lang='lat' dir='ltr'><strong>Heli,</strong></span> <span class='ocrx_word' id='word_1_820' title='bbox 1452 4996 1584 5062; x_wconf 85' lang='lat' dir='ltr'><strong>lege.</strong></span> <span class='ocrx_word' id='word_1_821' title='bbox 1630 4994 1797 5049; x_wconf 86' lang='lat' dir='ltr'><strong>Jacob</strong></span> <span class='ocrx_word' id='word_1_822' title='bbox 1839 4998 1980 5057; x_wconf 83' lang='lat' dir='ltr'><strong>enim</strong></span> <span class='ocrx_word' id='word_1_823' title='bbox 2016 4999 2189 5067; x_wconf 86' lang='lat' dir='ltr'><strong>ipsum</strong></span> 
     </span>
    </p>
   </div>
   <div class='ocr_carea' id='block_1_99' title="bbox 620 5088 2187 5159">
    <p class='ocr_par' dir='ltr' id='par_1_99' title="bbox 620 5088 2187 5159">
     <span class='ocr_line' id='line_1_99' title="bbox 620 5088 2187 5159; baseline 0.005 -22"><span class='ocrx_word' id='word_1_824' title='bbox 620 5096 815 5140; x_wconf 85' lang='lat' dir='ltr'><strong>natura</strong></span> <span class='ocrx_word' id='word_1_825' title='bbox 862 5088 1067 5153; x_wconf 70' lang='lat' dir='ltr'><strong>genuit,</strong></span> <span class='ocrx_word' id='word_1_826' title='bbox 1121 5096 1173 5140; x_wconf 88' lang='lat' dir='ltr'><strong>et</strong></span> <span class='ocrx_word' id='word_1_827' title='bbox 1206 5104 1347 5150; x_wconf 74' lang='lat' dir='ltr'><strong>vere,</strong></span> <span class='ocrx_word' id='word_1_828' title='bbox 1392 5088 1621 5156; x_wconf 86' lang='lat' dir='ltr'><strong>denique</strong></span> <span class='ocrx_word' id='word_1_829' title='bbox 1668 5101 1718 5142; x_wconf 90' lang='lat' dir='ltr'><strong>et</strong></span> <span class='ocrx_word' id='word_1_830' title='bbox 1757 5091 2019 5143; x_wconf 86' lang='lat' dir='ltr'><strong>naturalis</strong></span> <span class='ocrx_word' id='word_1_831' title='bbox 2070 5091 2187 5159; x_wconf 82' lang='lat' dir='ltr'><strong>ejus</strong></span> 
     </span>
    </p>
   </div>
   <div class='ocr_carea' id='block_1_100' title="bbox 622 5176 2187 5250">
    <p class='ocr_par' dir='ltr' id='par_1_100' title="bbox 622 5176 2187 5250">
     <span class='ocr_line' id='line_1_100' title="bbox 622 5176 2187 5250; baseline 0.004 -23"><span class='ocrx_word' id='word_1_832' title='bbox 622 5176 760 5228; x_wconf 88' lang='lat' dir='ltr'><strong>lilius</strong></span> <span class='ocrx_word' id='word_1_833' title='bbox 776 5184 877 5237; x_wconf 86' lang='lat' dir='ltr'><strong>est,</strong></span> <span class='ocrx_word' id='word_1_834' title='bbox 905 5176 1015 5229; x_wconf 88' lang='lat' dir='ltr'><strong>Heli</strong></span> <span class='ocrx_word' id='word_1_835' title='bbox 1046 5194 1172 5231; x_wconf 74' lang='lat' dir='ltr'><strong>vero</strong></span> <span class='ocrx_word' id='word_1_836' title='bbox 1204 5178 1338 5230; x_wconf 87' lang='lat' dir='ltr'><strong>lilius</strong></span> <span class='ocrx_word' id='word_1_837' title='bbox 1372 5179 1659 5247; x_wconf 79' lang='lat' dir='ltr'><strong>legitimus.</strong></span> <span class='ocrx_word' id='word_1_838' title='bbox 1694 5178 1798 5232; x_wconf 81' lang='lat' dir='ltr'><strong>Lex</strong></span> <span class='ocrx_word' id='word_1_839' title='bbox 1822 5182 1961 5234; x_wconf 86' lang='lat' dir='ltr'><strong>enim</strong></span> <span class='ocrx_word' id='word_1_840' title='bbox 1992 5182 2187 5250; x_wconf 83' lang='lat' dir='ltr'><strong>jussit,</strong></span> 
     </span>
    </p>
   </div>
   <div class='ocr_carea' id='block_1_101' title="bbox 620 5268 2188 5343">
    <p class='ocr_par' dir='ltr' id='par_1_101' title="bbox 620 5268 2188 5343">
     <span class='ocr_line' id='line_1_101' title="bbox 620 5268 2188 5343; baseline 0.006 -23"><span class='ocrx_word' id='word_1_841' title='bbox 620 5268 665 5320; x_wconf 78' lang='lat' dir='ltr'><strong>si</strong></span> <span class='ocrx_word' id='word_1_842' title='bbox 701 5268 821 5336; x_wconf 85' lang='lat' dir='ltr'><strong>quis</strong></span> <span class='ocrx_word' id='word_1_843' title='bbox 876 5270 989 5322; x_wconf 85' lang='lat' dir='ltr'><strong>sine</strong></span> <span class='ocrx_word' id='word_1_844' title='bbox 1025 5269 1205 5323; x_wconf 84' lang='lat' dir='ltr'><strong>liberis</strong></span> <span class='ocrx_word' id='word_1_845' title='bbox 1263 5273 1544 5335; x_wconf 83' lang='lat' dir='ltr'><strong>moriatur,</strong></span> <span class='ocrx_word' id='word_1_846' title='bbox 1581 5283 1636 5325; x_wconf 91' lang='lat' dir='ltr'><strong>ut</strong></span> <span class='ocrx_word' id='word_1_847' title='bbox 1670 5273 1785 5339; x_wconf 81' lang='lat' dir='ltr'><strong>ejus</strong></span> <span class='ocrx_word' id='word_1_848' title='bbox 1850 5289 1982 5327; x_wconf 83' lang='lat' dir='ltr'><strong>uxor</strong></span> <span class='ocrx_word' id='word_1_849' title='bbox 2022 5276 2188 5343; x_wconf 85' lang='lat' dir='ltr'><strong>ipsius</strong></span> 
     </span>
    </p>
   </div>
   <div class='ocr_carea' id='block_1_102' title="bbox 622 5360 2183 5433">
    <p class='ocr_par' dir='ltr' id='par_1_102' title="bbox 622 5360 2183 5433">
     <span class='ocr_line' id='line_1_102' title="bbox 622 5360 2183 5433; baseline 0.007 -22"><span class='ocrx_word' id='word_1_850' title='bbox 622 5360 774 5412; x_wconf 79' lang='lat' dir='ltr'><strong>fratri</strong></span> <span class='ocrx_word' id='word_1_851' title='bbox 828 5362 1194 5429; x_wconf 76' lang='lat' dir='ltr'><strong>copuletur&quot;,</strong></span> <span class='ocrx_word' id='word_1_852' title='bbox 1227 5368 1438 5433; x_wconf 79' lang='lat' dir='ltr'><strong>etquod</strong></span> <span class='ocrx_word' id='word_1_853' title='bbox 1490 5366 1613 5421; x_wconf 83' lang='lat' dir='ltr'><strong>inde</strong></span> <span class='ocrx_word' id='word_1_854' title='bbox 1673 5377 1943 5431; x_wconf 85' lang='lat' dir='ltr'><strong>nascetur,</strong></span> <span class='ocrx_word' id='word_1_855' title='bbox 1989 5370 2183 5422; x_wconf 88' lang='lat' dir='ltr'><strong>mortui</strong></span> 
     </span>
    </p>
   </div>
   <div class='ocr_carea' id='block_1_103' title="bbox 621 5458 2188 5519">
    <p class='ocr_par' dir='ltr' id='par_1_103' title="bbox 621 5458 2188 5519">
     <span class='ocr_line' id='line_1_103' title="bbox 621 5458 2188 5519; baseline 0.009 -19"><span class='ocrx_word' id='word_1_856' title='bbox 621 5465 738 5503; x_wconf 86' lang='lat' dir='ltr'><strong>esse</strong></span> <span class='ocrx_word' id='word_1_857' title='bbox 774 5463 1075 5519; x_wconf 85' lang='lat' dir='ltr'><strong>censeatur,</strong></span> <span class='ocrx_word' id='word_1_858' title='bbox 1114 5458 1323 5509; x_wconf 74' lang='lat' dir='ltr'><strong>tamet:i</strong></span> <span class='ocrx_word' id='word_1_859' title='bbox 1368 5468 1554 5511; x_wconf 82' lang='lat' dir='ltr'><strong>natura</strong></span> <span class='ocrx_word' id='word_1_860' title='bbox 1593 5461 1663 5513; x_wconf 92' lang='lat' dir='ltr'><strong>sit</strong></span> <span class='ocrx_word' id='word_1_861' title='bbox 1702 5458 1948 5512; x_wconf 89' lang='lat' dir='ltr'><strong>viventis.</strong></span> <span class='ocrx_word' id='word_1_862' title='bbox 2008 5458 2073 5513; x_wconf 85' lang='lat' dir='ltr'><strong>Et</strong></span> <span class='ocrx_word' id='word_1_863' title='bbox 2110 5459 2188 5514; x_wconf 85' lang='lat' dir='ltr'><strong>sic</strong></span> 
     </span>
    </p>
   </div>
   <div class='ocr_carea' id='block_1_104' title="bbox 626 5538 2177 5622">
    <p class='ocr_par' dir='ltr' id='par_1_104' title="bbox 626 5538 2177 5622">
     <span class='ocr_line' id='line_1_104' title="bbox 626 5538 2177 5622; baseline 0.013 -30"><span class='ocrx_word' id='word_1_864' title='bbox 626 5538 760 5595; x_wconf 71' lang='lat' dir='ltr'><strong>bene</strong></span> <span class='ocrx_word' id='word_1_865' title='bbox 798 5544 980 5598; x_wconf 86' lang='lat' dir='ltr'><strong>dicunt</strong></span> <span class='ocrx_word' id='word_1_866' title='bbox 1016 5550 1376 5617; x_wconf 70' lang='lat' dir='ltr'><strong>evangelistm,</strong></span> <span class='ocrx_word' id='word_1_867' title='bbox 1418 5568 1585 5622; x_wconf 77' lang='lat' dir='ltr'><strong>neque</strong></span> <span class='ocrx_word' id='word_1_868' title='bbox 1630 5564 1754 5610; x_wconf 88' lang='lat' dir='ltr'><strong>sunt</strong></span> <span class='ocrx_word' id='word_1_869' title='bbox 1802 5556 1940 5612; x_wconf 88' lang='lat' dir='ltr'><strong>inter</strong></span> <span class='ocrx_word' id='word_1_870' title='bbox 1970 5569 2029 5610; x_wconf 89' lang='lat' dir='ltr'><strong>se</strong></span> <span class='ocrx_word' id='word_1_871' title='bbox 2060 5570 2177 5611; x_wconf 82' lang='lat' dir='ltr'><strong>con-</strong></span> 
     </span>
    </p>
   </div>
   <div class='ocr_carea' id='block_1_105' title="bbox 714 5722 1110 5791">
    <p class='ocr_par' dir='ltr' id='par_1_105' title="bbox 714 5722 1110 5791">
     <span class='ocr_line' id='line_1_105' title="bbox 714 5722 1110 5791; baseline 0.005 -14"><span class='ocrx_word' id='word_1_872' title='bbox 714 5722 760 5753; x_wconf 85' lang='lat'>&quot;</span> <span class='ocrx_word' id='word_1_873' title='bbox 794 5723 944 5779; x_wconf 79' lang='lat' dir='ltr'><strong>Dcut.</strong></span> <span class='ocrx_word' id='word_1_874' title='bbox 988 5743 1110 5791; x_wconf 66' lang='lat' dir='ltr'><strong>xxv,</strong></span> 
     </span>
    </p>
   </div>
   <div class='ocr_carea' id='block_1_106' title="bbox 2294 4546 3870 4620">
    <p class='ocr_par' dir='ltr' id='par_1_106' title="bbox 2294 4546 3870 4620">
     <span class='ocr_line' id='line_1_106' title="bbox 2294 4546 3870 4620; baseline 0.005 -24"><span class='ocrx_word' id='word_1_875' title='bbox 2294 4549 2420 4607; x_wconf 71' lang='grc' dir='ltr'>παῖς</span> <span class='ocrx_word' id='word_1_876' title='bbox 2458 4550 2521 4615; x_wconf 80' lang='grc' dir='ltr'>τῇ</span> <span class='ocrx_word' id='word_1_877' title='bbox 2554 4547 2736 4614; x_wconf 73' lang='grc' dir='ltr'>φύσει,</span> <span class='ocrx_word' id='word_1_878' title='bbox 2768 4548 2860 4599; x_wconf 84' lang='grc' dir='ltr'>καὶ</span> <span class='ocrx_word' id='word_1_879' title='bbox 2910 4546 3003 4599; x_wconf 77' lang='lat'><strong>105</strong></span> <span class='ocrx_word' id='word_1_880' title='bbox 3061 4548 3180 4601; x_wconf 72' lang='grc' dir='ltr'><strong>Ἠλὶ</strong></span> <span class='ocrx_word' id='word_1_881' title='bbox 3212 4549 3288 4618; x_wconf 81' lang='grc' dir='ltr'>τῷ</span> <span class='ocrx_word' id='word_1_882' title='bbox 3339 4550 3526 4620; x_wconf 73' lang='grc' dir='ltr'>νόμῳ·</span> <span class='ocrx_word' id='word_1_883' title='bbox 3580 4552 3609 4601; x_wconf 90' lang='lat'><strong>6</strong></span> <span class='ocrx_word' id='word_1_884' title='bbox 3646 4550 3749 4620; x_wconf 82' lang='grc' dir='ltr'>μὲν</span> <span class='ocrx_word' id='word_1_885' title='bbox 3774 4552 3870 4619; x_wconf 70' lang='grc' dir='ltr'>γὰρ</span> 
     </span>
    </p>
   </div>
   <div class='ocr_carea' id='block_1_107' title="bbox 2305 4636 3868 4711">
    <p class='ocr_par' dir='ltr' id='par_1_107' title="bbox 2305 4636 3868 4711">
     <span class='ocr_line' id='line_1_107' title="bbox 2305 4636 3868 4711; baseline 0.004 -25"><span class='ocrx_word' id='word_1_886' title='bbox 2305 4636 2517 4697; x_wconf 69' lang='grc' dir='ltr'><strong>Ἰακὼϐ,</strong></span> <span class='ocrx_word' id='word_1_887' title='bbox 2554 4638 2710 4703; x_wconf 73' lang='grc' dir='ltr'>φύσει</span> <span class='ocrx_word' id='word_1_888' title='bbox 2747 4638 2909 4689; x_wconf 62' lang='grc' dir='ltr'>αὐτὸν</span> <span class='ocrx_word' id='word_1_889' title='bbox 2941 4639 3199 4709; x_wconf 78' lang='grc' dir='ltr'>ἐγέννησε</span> <span class='ocrx_word' id='word_1_890' title='bbox 3230 4639 3322 4693; x_wconf 72' lang='lat' dir='ltr'><strong>xui.</strong></span> <span class='ocrx_word' id='word_1_891' title='bbox 3350 4640 3592 4709; x_wconf 79' lang='grc' dir='ltr'><strong>ἀληθῶς,</strong></span> <span class='ocrx_word' id='word_1_892' title='bbox 3650 4644 3747 4693; x_wconf 77' lang='grc' dir='ltr'>καὶ</span> <span class='ocrx_word' id='word_1_893' title='bbox 3780 4661 3868 4711; x_wconf 65' lang='grc' dir='ltr'><strong>φυ-</strong></span> 
     </span>
    </p>
   </div>
   <div class='ocr_carea' id='block_1_108' title="bbox 2298 4731 3867 4797">
    <p class='ocr_par' dir='ltr' id='par_1_108' title="bbox 2298 4731 3867 4797">
     <span class='ocr_line' id='line_1_108' title="bbox 2298 4731 3867 4797; baseline 0.003 -17"><span class='ocrx_word' id='word_1_894' title='bbox 2298 4732 2444 4788; x_wconf 62' lang='grc' dir='ltr'>σικῆς</span> <span class='ocrx_word' id='word_1_895' title='bbox 2476 4731 2658 4781; x_wconf 66' lang='grc' dir='ltr'>λοιπὸν</span> <span class='ocrx_word' id='word_1_896' title='bbox 2686 4731 2795 4793; x_wconf 80' lang='grc' dir='ltr'><strong>υἱός</strong></span> <span class='ocrx_word' id='word_1_897' title='bbox 2833 4734 2978 4784; x_wconf 81' lang='grc' dir='ltr'>ἐστιν</span> <span class='ocrx_word' id='word_1_898' title='bbox 3012 4732 3175 4785; x_wconf 73' lang='grc' dir='ltr'>αὐτοῦ</span> <span class='ocrx_word' id='word_1_899' title='bbox 3200 4750 3213 4763; x_wconf 71' lang='grc' dir='ltr'>ο</span> <span class='ocrx_word' id='word_1_900' title='bbox 3244 4734 3339 4786; x_wconf 84' lang='grc' dir='ltr'>τοῦ</span> <span class='ocrx_word' id='word_1_901' title='bbox 3365 4734 3421 4786; x_wconf 78' lang='grc' dir='ltr'>δὲ</span> <span class='ocrx_word' id='word_1_902' title='bbox 3457 4735 3597 4797; x_wconf 66' lang='grc' dir='ltr'><strong>Ἠλὶ,</strong></span> <span class='ocrx_word' id='word_1_903' title='bbox 3628 4738 3767 4788; x_wconf 74' lang='grc' dir='ltr'><strong>κατὰ</strong></span> <span class='ocrx_word' id='word_1_904' title='bbox 3788 4737 3867 4789; x_wconf 55' lang='grc' dir='ltr'>τὶν</span> 
     </span>
    </p>
   </div>
   <div class='ocr_carea' id='block_1_109' title="bbox 2296 4818 3867 4895">
    <p class='ocr_par' dir='ltr' id='par_1_109' title="bbox 2296 4818 3867 4895">
     <span class='ocr_line' id='line_1_109' title="bbox 2296 4818 3867 4895; baseline 0.004 -23"><span class='ocrx_word' id='word_1_905' title='bbox 2296 4821 2459 4889; x_wconf 74' lang='grc' dir='ltr'>νόμον</span> <span class='ocrx_word' id='word_1_906' title='bbox 2494 4821 2652 4889; x_wconf 78' lang='grc' dir='ltr'>μόνον</span> <span class='ocrx_word' id='word_1_907' title='bbox 2678 4818 2744 4891; x_wconf 77' lang='grc' dir='ltr'>ἦν</span> <span class='ocrx_word' id='word_1_908' title='bbox 2775 4826 2900 4885; x_wconf 79' lang='grc' dir='ltr'>παῖς</span> <span class='ocrx_word' id='word_1_909' title='bbox 2923 4841 2934 4852; x_wconf 92' lang='grc'><strong>·</strong></span> <span class='ocrx_word' id='word_1_910' title='bbox 2966 4826 2992 4875; x_wconf 89' lang='grc' dir='ltr'>ὀ</span> <span class='ocrx_word' id='word_1_911' title='bbox 3018 4825 3125 4895; x_wconf 72' lang='grc' dir='ltr'>γὰρ</span> <span class='ocrx_word' id='word_1_912' title='bbox 3172 4827 3330 4894; x_wconf 81' lang='grc' dir='ltr'>νόμος</span> <span class='ocrx_word' id='word_1_913' title='bbox 3363 4827 3637 4889; x_wconf 68' lang='grc' dir='ltr'>ἐκέλευεν,</span> <span class='ocrx_word' id='word_1_914' title='bbox 3676 4831 3771 4881; x_wconf 77' lang='grc' dir='ltr'><strong>ἐάν</strong></span> <span class='ocrx_word' id='word_1_915' title='bbox 3798 4846 3867 4888; x_wconf 70' lang='grc' dir='ltr'><strong>τῖς</strong></span> 
     </span>
    </p>
   </div>
   <div class='ocr_carea' id='block_1_110' title="bbox 2297 4916 3868 4987">
    <p class='ocr_par' dir='ltr' id='par_1_110' title="bbox 2297 4916 3868 4987">
     <span class='ocr_line' id='line_1_110' title="bbox 2297 4916 3868 4987; baseline 0.003 -21"><span class='ocrx_word' id='word_1_916' title='bbox 2297 4916 2595 4985; x_wconf 63' lang='grc' dir='ltr'>τελευτήσῃ</span> <span class='ocrx_word' id='word_1_917' title='bbox 2620 4916 2809 4979; x_wconf 77' lang='grc' dir='ltr'>ἄπαις,</span> <span class='ocrx_word' id='word_1_918' title='bbox 2862 4917 3048 4968; x_wconf 76' lang='grc' dir='ltr'>τούτου</span> <span class='ocrx_word' id='word_1_919' title='bbox 3080 4918 3177 4985; x_wconf 83' lang='grc' dir='ltr'>τὴν</span> <span class='ocrx_word' id='word_1_920' title='bbox 3213 4920 3446 4984; x_wconf 81' lang='grc' dir='ltr'>γυναῖκα</span> <span class='ocrx_word' id='word_1_921' title='bbox 3481 4919 3868 4987; x_wconf 65' lang='grc' dir='ltr'>συζεύγνυσθαι</span> 
     </span>
    </p>
   </div>
   <div class='ocr_carea' id='block_1_111' title="bbox 2296 5005 3866 5080">
    <p class='ocr_par' dir='ltr' id='par_1_111' title="bbox 2296 5005 3866 5080">
     <span class='ocr_line' id='line_1_111' title="bbox 2296 5005 3866 5080; baseline 0.004 -24"><span class='ocrx_word' id='word_1_922' title='bbox 2296 5005 2369 5073; x_wconf 69' lang='grc' dir='ltr'>τῷ</span> <span class='ocrx_word' id='word_1_923' title='bbox 2398 5006 2608 5075; x_wconf 70' lang='grc' dir='ltr'>ἀδελφῷ</span> <span class='ocrx_word' id='word_1_924' title='bbox 2646 5005 2832 5067; x_wconf 73' lang='grc' dir='ltr'>αὑτοῦ,</span> <span class='ocrx_word' id='word_1_925' title='bbox 2899 5006 3083 5059; x_wconf 78' lang='grc' dir='ltr'>καὶτὸ</span> <span class='ocrx_word' id='word_1_926' title='bbox 3123 5008 3186 5059; x_wconf 76' lang='grc' dir='ltr'>ἐκ</span> <span class='ocrx_word' id='word_1_927' title='bbox 3217 5012 3406 5061; x_wconf 74' lang='lat'><strong>106106</strong></span> <span class='ocrx_word' id='word_1_928' title='bbox 3453 5009 3866 5080; x_wconf 76' lang='grc' dir='ltr'>τεχθησόμενον,</span> 
     </span>
    </p>
   </div>
   <div class='ocr_carea' id='block_1_112' title="bbox 2294 5094 3867 5170">
    <p class='ocr_par' dir='ltr' id='par_1_112' title="bbox 2294 5094 3867 5170">
     <span class='ocr_line' id='line_1_112' title="bbox 2294 5094 3867 5170; baseline 0.006 -24"><span class='ocrx_word' id='word_1_929' title='bbox 2294 5096 2607 5164; x_wconf 63' lang='grc' dir='ltr'>νομίζεσθαι</span> <span class='ocrx_word' id='word_1_930' title='bbox 2640 5094 2777 5149; x_wconf 73' lang='grc' dir='ltr'>εἶναι</span> <span class='ocrx_word' id='word_1_931' title='bbox 2822 5099 2913 5150; x_wconf 88' lang='lat'><strong>106</strong></span> <span class='ocrx_word' id='word_1_932' title='bbox 2942 5100 3285 5167; x_wconf 66' lang='grc' dir='ltr'>τεθνηκότος,</span> <span class='ocrx_word' id='word_1_933' title='bbox 3340 5100 3388 5152; x_wconf 78' lang='grc' dir='ltr'>εἰ</span> <span class='ocrx_word' id='word_1_934' title='bbox 3434 5102 3529 5153; x_wconf 79' lang='grc' dir='ltr'><strong>καὶ</strong></span> <span class='ocrx_word' id='word_1_935' title='bbox 3580 5102 3743 5170; x_wconf 74' lang='grc' dir='ltr'>φύσει</span> <span class='ocrx_word' id='word_1_936' title='bbox 3782 5103 3867 5155; x_wconf 71' lang='grc' dir='ltr'>τιῦ</span> 
     </span>
    </p>
   </div>
   <div class='ocr_carea' id='block_1_113' title="bbox 2295 5184 3864 5261">
    <p class='ocr_par' dir='ltr' id='par_1_113' title="bbox 2295 5184 3864 5261">
     <span class='ocr_line' id='line_1_113' title="bbox 2295 5184 3864 5261; baseline 0.006 -24"><span class='ocrx_word' id='word_1_937' title='bbox 2295 5187 2492 5250; x_wconf 74' lang='grc' dir='ltr'>ζῶντος</span> <span class='ocrx_word' id='word_1_938' title='bbox 2543 5184 2641 5257; x_wconf 77' lang='grc' dir='ltr'><strong>ἦν’</strong></span> <span class='ocrx_word' id='word_1_939' title='bbox 2679 5189 2818 5241; x_wconf 81' lang='grc' dir='ltr'>ὥστε</span> <span class='ocrx_word' id='word_1_940' title='bbox 2871 5189 3047 5252; x_wconf 81' lang='grc' dir='ltr'>καλῶς</span> <span class='ocrx_word' id='word_1_941' title='bbox 3097 5190 3343 5256; x_wconf 77' lang='grc' dir='ltr'>λέγουσιν</span> <span class='ocrx_word' id='word_1_942' title='bbox 3375 5192 3424 5243; x_wconf 79' lang='lat' dir='ltr'><strong>0i</strong></span> <span class='ocrx_word' id='word_1_943' title='bbox 3468 5193 3864 5261; x_wconf 74' lang='grc' dir='ltr'>εὐαγγελισταὶ,</span> 
     </span>
    </p>
   </div>
   <div class='ocr_carea' id='block_1_114' title="bbox 2294 5278 3861 5351">
    <p class='ocr_par' dir='ltr' id='par_1_114' title="bbox 2294 5278 3861 5351">
     <span class='ocr_line' id='line_1_114' title="bbox 2294 5278 3861 5351; baseline 0.003 -21"><span class='ocrx_word' id='word_1_944' title='bbox 2294 5280 2386 5330; x_wconf 68' lang='grc' dir='ltr'><strong>καὶ</strong></span> <span class='ocrx_word' id='word_1_945' title='bbox 2418 5278 2515 5329; x_wconf 76' lang='grc' dir='ltr'><strong>οὐκ</strong></span> <span class='ocrx_word' id='word_1_946' title='bbox 2546 5280 2914 5333; x_wconf 74' lang='grc' dir='ltr'>ἐναντιοῦνται</span> <span class='ocrx_word' id='word_1_947' title='bbox 2935 5296 2949 5309; x_wconf 79' lang='grc'><strong>⁸</strong></span> <span class='ocrx_word' id='word_1_948' title='bbox 2981 5283 3009 5333; x_wconf 91' lang='lat'><strong>6</strong></span> <span class='ocrx_word' id='word_1_949' title='bbox 3045 5282 3142 5349; x_wconf 85' lang='grc' dir='ltr'>μὲν</span> <span class='ocrx_word' id='word_1_950' title='bbox 3176 5284 3285 5349; x_wconf 72' lang='grc' dir='ltr'>γὰρ</span> <span class='ocrx_word' id='word_1_951' title='bbox 3316 5283 3617 5347; x_wconf 67' lang='grc' dir='ltr'>Ματθαίος,</span> <span class='ocrx_word' id='word_1_952' title='bbox 3656 5284 3745 5336; x_wconf 81' lang='grc' dir='ltr'>τὸν</span> <span class='ocrx_word' id='word_1_953' title='bbox 3772 5302 3861 5351; x_wconf 73' lang='grc' dir='ltr'><strong>φυ-</strong></span> 
     </span>
    </p>
   </div>
   <div class='ocr_carea' id='block_1_115' title="bbox 2293 5372 3857 5445">
    <p class='ocr_par' dir='ltr' id='par_1_115' title="bbox 2293 5372 3857 5445">
     <span class='ocr_line' id='line_1_115' title="bbox 2293 5372 3857 5445; baseline 0.007 -24"><span class='ocrx_word' id='word_1_954' title='bbox 2293 5372 2443 5423; x_wconf 77' lang='grc' dir='ltr'>σικὸν</span> <span class='ocrx_word' id='word_1_955' title='bbox 2474 5374 2683 5441; x_wconf 74' lang='grc' dir='ltr'>πατέρα</span> <span class='ocrx_word' id='word_1_956' title='bbox 2720 5375 2813 5426; x_wconf 84' lang='grc' dir='ltr'>τοῦ</span> <span class='ocrx_word' id='word_1_957' title='bbox 2845 5374 3037 5445; x_wconf 71' lang='grc' dir='ltr'>Ἰωσὴφ</span> <span class='ocrx_word' id='word_1_958' title='bbox 3070 5376 3415 5445; x_wconf 71' lang='grc' dir='ltr'>ἀνεγράψατο</span> <span class='ocrx_word' id='word_1_959' title='bbox 3436 5394 3450 5407; x_wconf 70' lang='grc' dir='ltr'><strong>θ</strong></span> <span class='ocrx_word' id='word_1_960' title='bbox 3486 5380 3516 5431; x_wconf 86' lang='lat'><strong>6</strong></span> <span class='ocrx_word' id='word_1_961' title='bbox 3545 5379 3601 5431; x_wconf 82' lang='grc' dir='ltr'><strong>δὲ</strong></span> <span class='ocrx_word' id='word_1_962' title='bbox 3634 5382 3857 5441; x_wconf 80' lang='grc' dir='ltr'><strong>Λουκᾶς,</strong></span> 
     </span>
    </p>
   </div>
   <div class='ocr_carea' id='block_1_116' title="bbox 2289 5463 3859 5541">
    <p class='ocr_par' dir='ltr' id='par_1_116' title="bbox 2289 5463 3859 5541">
     <span class='ocr_line' id='line_1_116' title="bbox 2289 5463 3859 5541; baseline 0.006 -26"><span class='ocrx_word' id='word_1_963' title='bbox 2289 5463 2379 5516; x_wconf 82' lang='grc' dir='ltr'>τὸν</span> <span class='ocrx_word' id='word_1_964' title='bbox 2413 5465 2551 5518; x_wconf 80' lang='grc' dir='ltr'>κατὰ</span> <span class='ocrx_word' id='word_1_965' title='bbox 2586 5468 2674 5518; x_wconf 71' lang='grc' dir='ltr'><strong>τὸν</strong></span> <span class='ocrx_word' id='word_1_966' title='bbox 2698 5468 2859 5537; x_wconf 74' lang='grc' dir='ltr'>νόμον</span> <span class='ocrx_word' id='word_1_967' title='bbox 2885 5470 3097 5541; x_wconf 77' lang='grc' dir='ltr'>πατέρα</span> <span class='ocrx_word' id='word_1_968' title='bbox 3122 5469 3286 5522; x_wconf 80' lang='grc' dir='ltr'>αὑτοῦ</span> <span class='ocrx_word' id='word_1_969' title='bbox 3307 5470 3683 5541; x_wconf 70' lang='grc' dir='ltr'>λογιζόμενον,</span> <span class='ocrx_word' id='word_1_970' title='bbox 3712 5489 3859 5525; x_wconf 82' lang='grc' dir='ltr'>τουτ-</span> 
     </span>
    </p>
   </div>
   <div class='ocr_carea' id='block_1_117' title="bbox 2289 5557 3861 5635">
    <p class='ocr_par' dir='ltr' id='par_1_117' title="bbox 2289 5557 3861 5635">
     <span class='ocr_line' id='line_1_117' title="bbox 2289 5557 3861 5635; baseline 0.006 -26"><span class='ocrx_word' id='word_1_971' title='bbox 2289 5557 2424 5623; x_wconf 77' lang='grc' dir='ltr'>έστι,</span> <span class='ocrx_word' id='word_1_972' title='bbox 2485 5559 2577 5612; x_wconf 78' lang='grc' dir='ltr'>τὸν</span> <span class='ocrx_word' id='word_1_973' title='bbox 2640 5560 2781 5628; x_wconf 77' lang='grc' dir='ltr'><strong>Ἠλὶ,</strong></span> <span class='ocrx_word' id='word_1_974' title='bbox 2842 5561 2926 5615; x_wconf 82' lang='grc' dir='ltr'>ἵνα</span> <span class='ocrx_word' id='word_1_975' title='bbox 2975 5562 3219 5627; x_wconf 58' lang='grc' dir='ltr'>δείξωσιν</span> <span class='ocrx_word' id='word_1_976' title='bbox 3264 5565 3593 5635; x_wconf 79' lang='grc' dir='ltr'>ἀμφότεροι,</span> <span class='ocrx_word' id='word_1_977' title='bbox 3640 5567 3723 5619; x_wconf 76' lang='grc' dir='ltr'>ὅτι</span> <span class='ocrx_word' id='word_1_978' title='bbox 3783 5566 3861 5619; x_wconf 68' lang='grc' dir='ltr'>διὰ</span> 
     </span>
    </p>
   </div>
  </div>
