4108 6334
250 397 364 462 ⁸145

973 395 1414 457 ENARRATIO
1448 395 1524 455 ΙΝ
1583 394 2080 456 EVANGELlUM
2113 394 2346 456 LUCIE.
2386 419 2452 430 -·-
2480 396 2640 457 CAP.
2689 396 2785 456 IV.

3436 388 3542 454 746

249 517 414 572 τοῦτο
446 509 713 582 ἐγεννήθη
751 511 781 565 ό
810 508 1016 580 Κύριος
1052 511 1142 565 ἵνα
1181 511 1275 567 καὶ
1313 508 1478 578 φύσιν
1533 509 1628 563 καὶ
1683 508 1838 580 νόμον

1957 509 2131 563 trarii.
2163 508 2448 564 Matthaeus
2481 510 2625 564 enim
2662 507 2964 564 naturalem
2991 517 3198 578 patrem
3225 506 3427 579 Ioseph
3451 512 3539 565 de-

255 608 486 678 ἁγιάσῃ.

1959 603 2200 671 scripsit,
2226 602 2401 657 Lucas
2427 613 2610 657 autem
2637 602 2860 673 legalem
2895 611 2948 658 et
2979 605 3280 674 putativum
3307 613 3541 674 patrem,

252 705 358 759 hoc
386 712 490 767 est,
524 697 642 755 Heli
671 715 684 754 :
715 705 775 752 ut
812 700 974 753 ambo
1003 696 1292 752 osmndant
1317 697 1458 766 quod
1491 704 1715 766 propter
1742 696 1846 749 hoc
1888 704 2044 749 natus
2079 695 2151 750 sit
2183 696 2466 766 Dominus,
2508 706 2566 752 ut
2623 705 2678 752 et
2743 707 2993 752 naturam
3033 706 3088 751 et
3124 696 3296 766 legent
3345 697 3546 755 sancti-

256 796 408 852 licet.

822 909 1074 964 ΚΕΦΑΛ.
1128 910 1182 960 Δ⁸

246 1024 392 1092 Περὶ
415 1023 706 1091 νηστείας
731 1024 827 1077 καὶ
859 1037 1196 1092 πειρασμου
1221 1019 1329 1092 τοῦ
1376 1019 1676 1088 Σωτῆρος.
1706 1021 1844 1088 Περὶ

325 1090 529 1164 Ἰησοῦ
550 1094 840 1164 ἀχθέντος
872 1090 1453 1164 ὺπὸᾼτῶνβιουδιιίων
1476 1095 1567 1156 εὶς
1589 1093 1654 1145 τὸ
1673 1092 1843 1164 νδρος,

326 1167 424 1240 παι
463 1163 561 1217 διὰ
593 1162 804 1240 ’μέσον
868 1162 1066 1240 αὐτῶν
1099 1162 1488 1240 ,διελρόιςτοςὲ
1548 1163 1699 1240 Περὶᾼ
1736 1162 1842 1240 τοῦ

324 1238 574 1305 ἔχοντος
605 1231 842 1305 πνεῦμα
873 1235 1201 1305 δαιμονίου.
1234 1233 1371 1305 Περὶ
1402 1231 1511 1299 τῆς
1551 1231 1845 1299 πενθερᾶς

326 1303 572 1374 Πέτρου.
607 1303 892 1374 Heptth
942 1304 1230 1359 taﬂér-rw
1251 1303 1371 1358 ἀπὸ
1409 1306 1698 1356 ποικίλων
1743 1305 1841 1354 νό-

324 1393 473 1431 σων.

331 1467 572 1561 «Ἰησοῦς
595 1488 652 1542 δέ
685 1487 1002 1559 Πνεῦματος
1038 1488 1193 1556 ἁγίου
1227 1488 1464 1559 πλήρης,
1502 1487 1840 1557 ὑπέστρεψεν

249 1581 365 1635 ἀπὸ
415 1582 509 1634 τοῦ
541 1579 840 1650 Ἰορδάνου’
875 1581 969 1632 καὶ
1014 1580 1180 1650 ἦγετο
1211 1580 1268 1632 ὲν
1316 1580 1390 1650 τῷ
1437 1579 1711 1647 πνεύματι
1761 1579 1842 1641 εἰς

245 1669 354 1737 τὴν
379 1667 475 1739 ἐρη
486 1683 604 1736 μον,
640 1667 852 1738 ἡμέρας
873 1668 1284 1739 τεσσαράκοντα
1313 1668 1709 1738 πειραζόμενος
1735 1670 1841 1722 ὑπὸ

244 1756 349 1811 τοῦ
379 1757 623 1811 διαϐόλου
645 1775 662 1790 ‘
699 1761 792 1813 καὶ
820 1761 920 1812 οὐκ
948 1758 1154 1829 ἔφαγεν
1186 1760 1336 1814 οὐδὲν
1366 1761 1424 1814 ἐν
1455 1765 1576 1824 ταῖς
1607 1762 1842 1833 ἡμέραις

2565 899 2798 958 CAPUT
2831 899 2920 957 IV.

1946 1025 2022 1079 De
2037 1024 2246 1094 jejunio
2273 1033 2321 1076 et
2345 1022 2636 1075 tentatione
2668 1017 3092 1094 Saluatoris.-_De
3119 1017 3246 1070 Jesu
3283 1035 3312 1071 α
3333 1016 3543 1071 Iudicis

2022 1091 2074 1149 in
2120 1104 2346 1148 montem
2381 1095 2630 1152 abducto,
2666 1101 2714 1144 et
2750 1106 2840 1155 per
2871 1091 3101 1143 medium
3156 1104 3336 1141 eorum
3372 1101 3546 1142 trum-

2017 1177 2191 1219 eunle.
2234 1166 2307 1219 De
2339 1166 2544 1216 obsesso
2591 1179 2620 1214 a
2653 1162 2909 1214 daemone.
2958 1159 3036 1213 De
3063 1163 3232 1228 [socru
3263 1159 3429 1214 Petri.
3474 1158 3548 1212 De

2021 1237 2086 1290 iis
2113 1239 2203 1306 qui
2235 1236 2412 1290 sanati
2439 1243 2560 1288 sunt
2596 1248 2627 1284 a
2661 1231 2820 1285 variis
2859 1229 3075 1284 morbis.

2019 1484 2182 1538 Vens.
2213 1480 2367 1536 μιν.
2405 1501 2421 1532 ι
2459 1481 2620 1537 Jesus
2653 1494 2837 1536 autem
2870 1482 3061 1550 plenus
3108 1479 3318 1551 Spiritu
3350 1489 3543 1534 sancto

1944 1591 2228 1646 regressus
2263 1583 2344 1627 est
2371 1589 2398 1627 a
2432 1572 2690 1636 Jordane,
2739 1581 2793 1626 et
2843 1584 2996 1627 actus
3040 1582 3122 1626 est
3159 1586 3253 1642 per
3286 1571 3539 1641 spiritum

1949 1668 2004 1721 in
2053 1668 2353 1727 desertum,
2409 1679 2471 1717 ac
2522 1664 2712 1718 diebus
2756 1663 3116 1733 quadraginta
3167 1665 3479 1726 tentabatur
3510 1680 3541 1716 a

1956 1756 2166 1812 diabolo
2205 1776 2218 1810 :
2272 1755 2514 1825 nihilque
2545 1755 2780 1809 comedit
2806 1756 2857 1809 in
2906 1748 3098 1810 diebus
3134 1755 3261 1810 illis.
3313 1755 3379 1810 Et
3411 1771 3542 1810 con-

248 1849 519 1912 ἐκείναιςο
562 1851 657 1904 καὶ
690 1852 1148 1906 συντελεσθεισῶν
1182 1854 1381 1917 αὐτῶν,
1429 1852 1659 1922 ὕστερον
1690 1855 1838 1907 ἐπεί-

1949 1847 2236 1900 summatis
2270 1845 2376 1899 illis
2420 1846 2614 1900 deinde
2650 1845 2885 1915 θευνίἱι,⁸
2921 1845 3067 1900 Dixit
3104 1855 3284 1901 autem
3320 1847 3393 1902 illi
3427 1847 3544 1901 dia-

249 1958 386 1994 νασε
408 1957 421 1970 ·
453 1943 546 1995 καὶ
568 1938 723 1996 εἷπεν
740 1944 888 2015 αύτῷ
908 1945 935 1998 ό
957 1944 1200 2008 διάϐολος
1223 1959 1238 1975 °
1269 1946 1329 1998 Et
1362 1946 1472 2008 υίδς
1496 1941 1545 1998 εἷ
1569 1945 1662 1999 τοῦ
1681 1946 1840 2011 Θεοῦ,

250 2032 374 2085 εἰπὲ
403 2033 482 2104 τῷ
514 2033 647 2105 λίθῳ
695 2036 895 2104 τούτῳ,
948 2037 1037 2091 ἴνα
1068 2038 1294 2107 γένηται
1325 2037 1525 2106 ἄρτος·
1576 2041 1671 2091 καὶ
1729 2039 1839 2090 άπ-

243 2124 448 2194 εκρίθη
480 2125 686 2198 Ἰησοῦς
718 2128 851 2198 πρὸς
876 2129 1058 2195 αὑτὸν,
1107 2128 1282 2197 λέγων
1321 2144 1334 2157 ⁸
1368 2129 1710 2198 Γέγραπται,
1760 2132 1842 2184 ὅτι

249 2217 356 2271 σιξ-ι..
379 2220 466 2271 ἐπ’
497 2219 648 2290 ἄρτῳ
671 2222 817 2292 μόνῳ
835 2220 1061 2291 ζήσεται
1091 2223 1399 2295 ἄνθρωπος,
1417 2224 1542 2276 ’ἀλλ’
1563 2226 1654 2277 ἐπὶ
1678 2223 1844 2278 παντὶ

253 2313 465 2386 Plin“
517 2312 676 2366 θεοῦ.
736 2316 844 2369 Καὶ
893 2315 1185 2384 ἀναγαγὼν
1225 2317 1387 2371 αὑτὸν
1425 2321 1452 2370 ό
1485 2317 1730 2381 διάϐολος
1762 2319 1842 2381 ei;

255 2402 384 2474 ιρος
420 2402 644 2474 ὑψηλὸν,
679 2404 879 2469 ιἔδειξεν
917 2406 1069 2476 αὐτῷ
1100 2408 1278 2470 πάσας
1309 2406 1408 2471 τὰς
1441 2407 1723 2477 βασιλείας
1743 2409 1843 2478 τῆς

249 2494 581 2567 οἰκουμένης
622 2497 682 2550 ἐν
727 2499 930 2568 στιγμῇ
979 2499 1199 2569 χρόνου,
1261 2501 1357 2553 καὶ
1415 2495 1574 2553 εἶπεν
1624 2500 1774 2571 αύτῷ
1815 2503 1844 2554 ὁ

246 2587 499 2653 διάϐολος
527 2604 544 2617 ⁸
580 2589 671 2642 Σοὶ
708 2589 866 2644 δώσω
915 2590 1015 2662 τὴν
1059 2592 1309 2657 ἐξουσίαν
1363 2593 1569 2663 ταύτην
1597 2592 1840 2657 ἅπασαν,

252 2685 352 2737 καὶ
374 2683 474 2754 τὴν
497 2683 656 2751 δόξαν
687 2685 887 2751 αὐτῶν,
920 2687 1002 2739 ὅτι
1051 2688 1176 2756 ἐμοὶ
1219 2688 1602 2756 παραδέδοται,
1656 2689 1750 2742 καὶ
1799 2683 1844 2758 ᾧ

252 2776 354 2829 ἐὰν
402 2775 542 2831 θέλω
573 2777 766 2848 δίδωμι
803 2779 974 2854 αὑτήν
1005 2791 1020 2808 ·
1082 2779 1148 2832 σὺ
1179 2776 1272 2834 οὖν
1319 2781 1414 2833 ἐὰν
1456 2781 1844 2856 προσκυνήσῃς

248 2867 483 2923 ἐνώπιόν
506 2886 630 2940 μου,
662 2870 815 2924 ἔσται
846 2888 941 2924 σου
978 2873 1159 2926 πᾶσαο
1201 2871 1297 2926 καὶ
1333 2874 1659 2944 ἀποκριθεὶς
1690 2869 1843 2928 εἶπεν

248 2959 405 3031 αύτῷ
432 2963 460 3014 ὁ
488 2959 733 3032 Ἰησοῦς·
764 2962 986 3031 ’Υπαγε
1016 2963 1192 3019 ὀπίσω
1227 2983 1349 3036 μου,
1375 2967 1612 3021 Σατανᾶο
1641 2969 1846 3039 γέγρα-

253 3069 387 3105 πται
415 3052 554 3123 γάρ·
593 3053 1002 3126 Προσκυνήσεις
1041 3056 1246 3128 Κύριον
1286 3057 1379 3110 τὸν
1410 3057 1542 3111 Θεόν
1573 3076 1668 3112 σου
1685 3101 1707 3126 ,.
1747 3059 1844 3113 καὶ

250 3143 405 3216 αύτῷ
437 3146 582 3217 μόνῳ
600 3145 939 3218 λατρεύσεις.
976 3149 1086 3202 Καὶ
1115 3149 1323 3220 ἤγαγεν
1349 3150 1510 3206 αὑτὸν
1531 3152 1611 3216 είς
1640 3153 1842 3222 Ἰερου-

254 3235 462 3307 σαλὴμ.
499 3238 596 3292 καὶ
628 3237 857 3310 ἔστησεν
888 3240 1052 3294 αὐτὸν
1081 3242 1174 3295 ἐπὶ
1215 3242 1278 3295 τὸ
1309 3244 1606 3314 πτερύγιον
1635 3245 1730 3298 τοῦ
1765 3246 1839 3298 is-

254 3326 378 3400 ροῦ,
431 3329 524 3383 καὶ
573 3326 729 3384 εἶπεν
790 3333 975 3403 αὐτῷ’
1024 3333 1089 3387 Et
1143 3335 1258 3400 υίὸς
1291 3332 1342 3389 si
1390 3337 1483 3389 τοῦ
1519 3337 1675 3401 Θεοῦ,
1709 3338 1838 3408 βάλε

250 3418 481 3471 σεαυτὸν
532 3418 785 3474 ἐντεῦθεν
832 3422 1019 3476 κάτω·
1057 3424 1367 3496 γέγραπται
1421 3428 1553 3497 γὰρ,
1604 3431 1686 3483 ὅτι
1715 3432 1840 3494 Τοῖς

252 3511 510 3579 ἀγγέλοις
531 3513 697 3568 αὑτοῦ
728 3515 1023 3569 ἐντελεῖται
1059 3519 1188 3588 περὶ
1242 3519 1355 3586 σοῦ,
1388 3521 1482 3573 τοῦ
1510 3521 1838 3589 διαφυλάξαι

251 3619 352 3656 σε’
391 3604 486 3657 καὶ
525 3605 619 3657 ἐπὶ
666 3607 867 3678 χειρῶν
919 3609 1111 3679 ἀροΰσί
1151 3625 1232 3674 σε,
1273 3613 1484 3681 μήποτε
1517 3615 1838 3686 προσκόψῃς

254 3694 398 3766 πρὸς
413 3694 559 3749 λίθον
582 3698 675 3750 τὸν
704 3698 844 3751 πόδα
887 3717 1006 3754 σου.
1045 3701 1157 3754 Καὶ
1192 3702 1510 3774 ἀποκριθεὶς
1559 3701 1715 3758 εἶπεν
1744 3708 1841 3759 αύ-

254 3786 336 3857 τῷ
377 3789 406 3841 δ
440 3789 672 3859 Ἰησοῦς,
721 3792 800 3845 ὅτι
830 3793 1080 3864 Εἴρηται,
1112 3795 1226 3848 Ούκ
1249 3797 1602 3866 ἐκπειράσεις
1637 3797 1839 3869 Κύριον

252 3879 349 3932 τὸν
379 3878 512 3933 Θεόν
541 3899 688 3936 σου.)
713 3883 1048 3956 Ἐϐαπτίσθη
1084 3891 1182 3955 μὲν
1207 3890 1233 3939 ὁ
1258 3888 1483 3956 Κύριος,
1518 3890 1604 3943 ἵνα
1632 3892 1840 3964 ἁγιάσῃ

250 3971 326 4023 τὰ
352 3969 540 4037 ὕδατα,
559 3973 628 4026 δι’
657 3976 803 4044 ἡμᾶς
844 3979 970 4040 τοὺς
997 3978 1290 4046 μέλλοντας
1333 3980 1436 4049 τῆς
1458 3981 1678 4051 χάριτος
1704 3984 1841 4036 ἀπο·

251 4061 512 4118 λαύσεινο
551 4067 689 4134 μετὰ
725 4067 783 4120 δέ
821 4067 880 4120 τὸ
931 4067 1319 4140 βαπτισθῆναι,
1355 4073 1688 4143 ἀναφέρεται
1735 4075 1840 4127 ὑπὸ

251 4157 350 4208 τοῦ
375 4155 688 4228 πνεύματος
712 4161 790 4223 εις
830 4159 954 4228 δρος
978 4161 1209 4232 ἔρημον.
1262 4164 1335 4216 Τὸ
1365 4166 1473 4234 γάρ
1528 4166 1751 4236 Πνεῦμα
1780 4169 1840 4221 τὸ

250 4244 411 4313 ἅγιον
436 4246 631 4317 ἐνῆγεν
652 4250 814 4302 αὐτὸν
840 4254 917 4313 εἰς
941 4251 1033 4304 τὸν
1053 4254 1192 4305 κατὰ
1223 4253 1315 4306 τοῦ
1359 4255 1605 4309 διαϐόλου
1628 4258 1835 4326 ἀγῶνα.

251 4337 348 4400 Εἰς
387 4337 592 4414 ἔρημον
617 4345 674 4394 δε
700 4348 938 4410 ammte,
985 4343 1073 4398 ἵνα
1113 4344 1260 4417 δώτῃ
1293 4347 1459 4419 λαϐὴν
1501 4352 1582 4420 τῷ
1607 4351 1839 4423 διαϐόλῳ

248 4428 353 4482 τοῦ
381 4430 666 4485 ἐπιθέσθαι
695 4433 844 4504 αὑτῷ
864 4451 878 4465 ο
906 4436 1000 4488 ἰαὶ
1021 4437 1130 4504 γὰρ
1168 4437 1404 4506 μάλιστα
1430 4442 1839 4512 μεμονωμένοις

249 4522 558 4580 ἐπιτίθεται
589 4526 719 4596 ἡμῖν
741 4542 754 4555 ·
781 4529 1190 4597 τεσσαράκοντα
1221 4530 1276 4582 δὲ
1311 4532 1525 4602 ἡμέρας
1561 4535 1835 4606 νηστεύει,

251 4613 352 4665 καὶ
411 4613 510 4683 οὐχ
569 4614 889 4686 ὑπερϐαίνει
936 4618 995 4669 τὸ
1048 4619 1248 4689 μέτρον
1309 4622 1409 4691 τῆς
1455 4624 1702 4688 Μωσέως
1743 4628 1836 4679 καὶ

263 4703 447 4758 Ἦλιοὺ
481 4708 753 4778 νηστείας,
789 4710 875 4761 ἵνα
910 4707 985 4778 μὴ
1025 4709 1171 4782 δώσῃ
1210 4711 1287 4782 τῷ
1313 4713 1531 4785 Σατανᾷ
1585 4717 1838 4771 ἐντεῦθεν

244 4796 352 4869 ῆδη
383 4798 641 4853 ὑπόνοιαν
658 4800 740 4853 ὅτι
762 4800 963 4870 μείζων
988 4805 1105 4855 ἐστὶ
1134 4804 1367 4857 τούτων’
1396 4806 1532 4861 ἀλλὰ
1554 4811 1834 4882 προσϐάλῃ

247 4890 422 4959 αύτῷ,
459 4892 696 4962 νομίζων
723 4894 804 4945 ὃτι
855 4894 946 4946 καὶ
978 4895 1138 4958 αὐτὸς
1173 4895 1459 4965 ἄνθρωπός
1489 4902 1636 4954 ἐστιν
1659 4920 1672 4933 ο
1719 4905 1834 4973 ἅμα

245 4982 309 5037 δέ
351 4986 448 5036 καὶ
498 4984 588 5039 ἵνα
617 4987 692 5055 μὴ
727 4985 868 5038 κατὰ
925 4988 1226 5055 φαντασίαν
1274 4989 1399 5060 δόξῃ
1456 4994 1830 5064 σαρκωθῆναι.

246 5075 406 5128 Μετὰ
435 5075 496 5128 τὸ
521 5076 807 5146 βάπτισμα
826 5078 882 5130 δέ
918 5079 1259 5148 πειράζεται,
1289 5081 1552 5136 δεικνύων
1585 5087 1715 5156 ἡμῖν
1751 5088 1832 5141 ὄτι

252 5167 398 5236 μετὰ
441 5167 501 5220 τὺ
544 5168 825 5237 βάπτισμα
861 5169 1168 5234 nassam.
1196 5172 1344 5239 ἡμᾶς
1373 5178 1671 5244 πειρασμοί
1693 5193 1705 5205 ’
1737 5196 1831 5246 νη-

251 5259 434 5312 στεύει
477 5259 554 5322 δέ,
586 5259 720 5312 διότι
753 5261 894 5330 μέγα
928 5261 1092 5314 ὅπλον
1150 5264 1208 5314 ἐν
1254 5267 1364 5326 τοῖς
1413 5273 1744 5338 πειρασμοῖς
1797 5274 1831 5342 ἡ

245 5350 492 5421 νηστεία,
513 5354 605 5406 καὶ
627 5353 714 5405 ὅτι
741 5353 881 5422 μετὰ
899 5355 960 5405 τὸ
978 5354 1261 5425 βάπτισμα
1282 5359 1372 5411 καὶ
1392 5361 1541 5429 ἡμᾶς
1571 5362 1631 5414 ού
1651 5369 1829 5436 τρυφῇ

243 5444 330 5499 δεῖ
355 5443 579 5506 διδόναι,
625 5445 763 5498 ἀλλὰ
793 5445 1019 5516 νηστείᾳ
1039 5461 1052 5474 ·
1119 5449 1450 5517 προσϐάλλει
1483 5451 1575 5521 οὖν
1621 5455 1770 5527 αὐτῷ
1803 5460 1830 5510 ὁ

244 5537 464 5609 ἐχθρὸς,
525 5538 740 5607 πρῶτον
767 5540 875 5592 ἀπὸ
902 5540 1003 5608 τῆς
1034 5545 1499 5614 γαστριμαργίας,
1537 5547 1595 5612 ἐξ
1626 5543 1716 5621 ἦςζ¹
1737 5552 1829 5606 καὶ

249 5629 328 5698 τῷ
371 5628 582 5698 Ἀδάμ’
612 5625 730 5681 εἶτα
765 5630 870 5683 ἀπὸ
905 5633 1003 5701 τῆς
1047 5634 1504 5706 φιλοχρηματίας,
1540 5642 1829 5710 ὑποδείξας

245 5719 400 5790 αὑτῷ
426 5722 604 5786 πάσας
642 5722 740 5786 τὰς
763 5723 1039 5792 βασιλείας
1065 5745 1076 5757 ·
1110 5730 1224 5793 πῶς
1251 5733 1307 5784 δὲ
1353 5733 1597 5801 ὑπέδειξε
1623 5754 1637 5802 ;
1673 5729 1829 5800 me;

255 5810 355 5882 μὲν
400 5811 648 5883 λέγουσιν
696 5815 779 5868 ὅτι
833 5819 973 5871 κατὰ
1009 5819 1248 5874 διάνοιαν
1302 5825 1450 5897 αὐτῷ
1480 5827 1828 5900 ὑπεστήσατο

515 5908 784 5969 Ρηιιυι..
835 5911 954 5974 Gn.
1002 5913 1278 5978 CXXIII.

1946 1939 2134 1994 bolos:
2165 1939 2220 1992 Si
2255 1938 2397 1992 (ilius
2448 1953 2506 1992 es
2540 1937 2654 2004 Dei,
2687 1937 2775 1993 dic
2801 1938 2965 2006 lapidi
2991 1937 3118 1992 huic
3151 1948 3209 1993 ut
3235 1939 3391 2008 panis
3423 1937 3539 1994 ﬂat.

1945 2033 2010 2087 Et
2043 2033 2321 2102 respondit
2351 2034 2417 2086 ad
2445 2032 2594 2086 illum
2626 2030 2805 2097 .Iesus,
2859 2033 3048 2087 dicens
3086 2050 3098 2085 :
3135 2032 3410 2103 Scriptum
3437 2046 3538 2098 ost,

1945 2126 2062 2181 Non
2095 2128 2148 2181 in
2209 2126 2328 2181 solo
2379 2137 2517 2197 pane
2551 2127 2688 2179 vivet
2741 2128 2923 2192 homo,
2957 2126 3049 2180 sed
3104 2126 3158 2180 in
3187 2130 3333 2182 omni
3377 2129 3544 2182 verbo

1948 2220 2062 2274 Dei.
2095 2219 2437 2274 Etsubduxit
2458 2219 2604 2273 illum
2625 2215 2874 2273 diabolus
2891 2219 2946 2272 in
2975 2229 3212 2275 montem
3242 2221 3540 2283 excelsum,

1943 2319 1997 2366 et
2037 2311 2275 2366 ostendit
2303 2311 2378 2364 illi
2418 2312 2600 2366 omnia
2641 2326 2803 2381 regna
2837 2309 2987 2365 orbis
3048 2322 3209 2366 terra:
3243 2308 3294 2366 in
3342 2321 3543 2383 puncto

1947 2403 2207 2472 temporis
2234 2420 2249 2470 ;
2274 2411 2329 2457 et
2358 2402 2434 2456 ait
2464 2402 2539 2456 illi
2560 2402 2811 2458 diabolus
2843 2420 2859 2456 :
2897 2401 3020 2458 Tibi
3052 2403 3190 2458 dabo
3215 2415 3544 2473 potestatem

1946 2497 2088 2552 hanc
2118 2497 2429 2551 universam
2455 2504 2509 2550 et
2540 2495 2770 2565 gloriam
2824 2495 3063 2560 illorum,
3096 2497 3224 2566 quia
3259 2499 3390 2552 mihi
3424 2505 3543 2553 tra-

1947 2586 2057 2640 dita
2103 2594 2207 2651 est,
2262 2595 2318 2641 et
2369 2586 2676 2655 cuicunque
2716 2587 2846 2640 volo
2900 2587 2967 2642 do
2999 2586 3143 2641 illam
3178 2607 3192 2642 :
3232 2597 3284 2642 tu
3339 2605 3468 2660 ergo
3498 2591 3542 2645 si

1947 2679 2264 2734 ador‘averis
2295 2679 2612 2748 provolutus
2640 2693 2824 2733 coram
2857 2695 2962 2744 me,
2997 2691 3156 2735 erunt
3198 2693 3286 2736 tua
3333 2684 3539 2738 omnia.

1947 2770 2016 2826 Et
2039 2770 2572 2840 respondensJesus,
2601 2772 2736 2825 dixit
2756 2771 2831 2826 illi
2861 2790 2873 2827 :
2907 2773 3005 2828 Abi
3033 2782 3277 2842 postme,
3301 2774 3543 2842 Satana;

1949 2862 2205 2931 scriptum
2235 2873 2318 2920 εει
2339 2863 2485 2917 enim
2521 2882 2533 2914 :
2561 2864 2829 2919 Adorabis
2855 2863 3142 2920 Dominum
3168 2865 3335 2921 Deum
3366 2877 3541 2934 tuutu,

1949 2964 2002 3008 et
2027 2954 2176 3008 illum
2201 2954 2377 3009 solum
2409 2957 2576 3011 coles.
2613 2955 2678 3011 Et
2708 2958 2861 3014 duxit
2902 2959 3048 3013 illum
3084 2959 3538 3033 Hierosolymam,

1949 3048 2250 3116 statuitque
2287 3063 2409 3102 eum
2442 3064 2604 3117 super
2635 3049 2858 3119 pinnam
2899 3053 3121 3120 templi;
3169 3061 3225 3108 et
3259 3053 3398 3109 dixit
3426 3053 3539 3108 illi:

1871 3126 1917 3187 C
1952 3134 2010 3191 Si
2035 3137 2176 3192 [ilius
2219 3138 2312 3195 Dei
2341 3155 2418 3206 es,
2458 3141 2610 3196 mitte
2643 3153 2695 3196 te
2727 3141 2905 3213 ipsum
2938 3142 3069 3198 hinc
3094 3143 3370 3212 deorsum,
3406 3149 3544 3202 scri-

1952 3240 2101 3301 ptum
2130 3243 2214 3287 est
2257 3233 2423 3298 enim,
2466 3234 2687 3304 Angelis
2724 3237 2838 3291 suis
2883 3237 3164 3292 mandavit
3203 3239 3269 3294 de
3297 3249 3368 3305 te,
3397 3249 3452 3295 et
3488 3241 3542 3294 in

1949 3326 2200 3381 manibus
2249 3327 2439 3382 tollent
2472 3337 2543 3392 te,
2576 3343 2640 3382 ne
2669 3327 2914 3384 oll'endas
2947 3331 3014 3383 ad
3057 3329 3291 3400 lapidem
3343 3334 3540 3402 pedem

1949 3417 2116 3488 298
2147 3430 2318 3473 tuum.
2369 3420 2434 3474 Et
2467 3423 2807 3490 respondens
2837 3421 2999 3478 Jesus
3047 3424 3124 3478 ait
3157 3425 3232 3480 illi
3278 3445 3291 3481 :
3333 3427 3541 3483 Dictum

1948 3521 2052 3577 est,
2089 3510 2206 3566 Non
2227 3514 2462 3567 tentabis
2489 3515 2773 3568 Dominum
2793 3517 2960 3570 Deum
2989 3526 3194 3572 tuum.»
3223 3518 3542 3591 Baptizatus

1948 3615 2034 3660 est
2077 3603 2358 3672 Dominus,
2421 3617 2477 3660 ut
2533 3607 2900 3664 sanctiﬁcaret
2948 3625 3118 3680 aquas
3161 3624 3384 3685 propter
3418 3631 3541 3677 nos.

1950 3697 2041 3767 qui
2072 3698 2301 3767 gratiam
2337 3701 2679 3754 consecuturi
2708 3715 2926 3757 eramus
2955 3720 2970 3756 :
3027 3720 3213 3760 verum
3251 3719 3540 3779 postquam

1950 3789 2256 3859 baptizatus
2279 3798 2383 3857 est,
2413 3789 2583 3845 fertur
2610 3807 2639 3846 a
2658 3792 2850 3863 spiritu
2878 3796 2931 3848 in
2960 3805 3200 3852 montem
3237 3800 3538 3855 desertmn.

1954 3880 2185 3951 Spiritus
2203 3884 2349 3937 enim
2373 3891 2593 3940 sanctus
2615 3885 2851 3941 ducebat
2874 3901 2996 3941 eum
3025 3889 3093 3943 ad
3123 3903 3402 3948 certamen
3420 3910 3543 3949 cum

1951 3975 2188 4029 diabolo.
2245 3974 2395 4030 Unde
2425 3987 2478 4030 et
2511 3977 2565 4031 in
2601 3978 2880 4035 desertum
2913 3982 3046 4048 abit,
3085 3995 3143 4038 ut
3193 3985 3414 4044 diabolo
3454 3990 3546 4044 det

1950 4080 2138 4120 ansam
2172 4067 2461 4123 insidiandi
2488 4070 2630 4125 sibi:
2663 4074 2897 4130 maxime
2923 4077 3066 4131 enim
3088 4093 3212 4133 cum
3245 4081 3350 4136 soli
3374 4081 3538 4138 tueri.

1949 4173 2090 4223 mus,
2141 4160 2385 4215 insidiari
2417 4162 2574 4217 solet.
2614 4165 2684 4216 At
2717 4165 2974 4236 jejunans
3011 4169 3129 4226 dies
3158 4176 3541 4245 quadraginta,

1952 4265 2263 4306 mensuram
2293 4255 2486 4324 jejunii
2524 4256 2689 4312 Mosis
2716 4271 2769 4313 et
2809 4259 2939 4315 Elim
2972 4280 3079 4319 non
3116 4269 3537 4340 transgreditur,

1951 4353 2008 4398 ut
2041 4360 2107 4399 ne
2138 4348 2225 4401 det
2261 4349 2479 4405 Satana:
2521 4351 2625 4406 hoc
2652 4353 2772 4408 loco
2801 4359 3165 4425 suspicionem
3193 4375 3255 4417 se
3283 4363 3389 4418 illis
3425 4380 3545 4420 eSso

1951 4438 2232 4504 majorem,
2260 4441 2351 4494 sed
2383 4459 2662 4497 accessum
2699 4449 2763 4499 ad
2800 4462 2880 4511 se,
2911 4453 3123 4518 putanti
3160 4457 3306 4522 quod
3342 4467 3395 4510 et
3430 4458 3544 4527 ipse

1949 4529 2109 4584 homo
2136 4532 2225 4586 sit.
2254 4532 2335 4587 Ad
2359 4536 2495 4600 haec,
2521 4545 2576 4589 ut
2609 4553 2672 4592 ne
2704 4540 2949 4594 videatur
2980 4555 3304 4612 apparenter
3328 4557 3539 4603 tantum

1946 4621 2281 4678 incarnatus.
2306 4625 2433 4680 Post
2459 4628 2721 4694 baptisma
2745 4644 2925 4685 antem
2953 4644 3212 4702 tentatur,
3241 4639 3540 4694 ostendens

1945 4714 2102 4768 nobis
2132 4719 2271 4784 quod
2297 4727 2416 4784 post
2436 4717 2702 4786 baptisma
2738 4725 3069 4778 tentationes
3100 4740 3201 4780 nos
3233 4727 3344 4781 sint
3374 4743 3541 4785 exce-

1942 4815 2132 4875 pturre.
2169 4805 2441 4876 Jejunavit
2495 4822 2676 4865 autem
2733 4828 2797 4868 eo
2852 4818 2994 4882 quod
3032 4819 3083 4870 in
3145 4820 3538 4878 tentationibus

1945 4915 2219 4953 armorum
2253 4901 2375 4955 loco
2409 4902 2521 4957 sint
2557 4903 2790 4974 jejunia,
2835 4918 2888 4961 et
2942 4919 3069 4964 tunc
3104 4912 3400 4970 debeamus
3429 4934 3536 4972 non

1942 5005 2136 5044 vacare
2171 4993 2402 5057 deliciis,
2435 4997 2528 5048 sed
2555 4996 2796 5065 jejuniis.
2833 5000 3059 5055 Accedit
3089 5004 3256 5073 igitur
3285 5008 3350 5059 ad
3382 5008 3532 5062 illum

1942 5085 2234 5151 inimicus;
2269 5099 2320 5141 et
2349 5089 2579 5159 primum
2615 5093 2679 5145 de
2709 5093 2833 5162 gula
2869 5103 3062 5163 tentat,
3095 5097 3161 5152 d'e
3205 5115 3309 5168 qua
3357 5110 3538 5158 tenta-

1941 5188 2088 5231 verat
2121 5191 2172 5233 et
2204 5182 2396 5245 Adam,
2431 5182 2625 5237 deinde
2653 5195 2706 5237 et
2739 5200 2834 5254 per
2870 5189 3176 5256 avaritiam,
3211 5199 3534 5250 monstratis

1939 5270 1986 5324 ei
2043 5272 2227 5341 regnis
2281 5275 2554 5329 omnibus.
2612 5274 2896 5342 Quomodo
2955 5291 3134 5335 autem
3171 5289 3534 5341 monstravit?

1941 5361 2082 5418 Sane
2125 5366 2342 5432 quidam
2383 5365 2571 5420 dicunt
2611 5369 2753 5436 quod
2797 5369 3171 5439 imaginationi
3209 5376 3358 5430 illius
3399 5393 3530 5446 pro-

1938 5459 2180 5527 posuerit
2209 5477 2223 5524 ;
2257 5461 2349 5512 sed
2380 5475 2484 5512 non
2515 5461 2711 5528 Opinor
2737 5463 2884 5531 quod
2909 5463 3283 5534 imaginationi
3316 5480 3529 5527 tantum

1937 5549 2214 5615 obtulerit,
2274 5553 2368 5605 sed
2398 5553 2729 5608 sensibiliter
2761 5553 2852 5608 illa
2908 5565 3208 5612 monstrata
3243 5557 3435 5614 fecerit
3475 5563 3530 5618 ei

1936 5643 2102 5696 clara.
2139 5643 2323 5698 Tertio
2351 5655 2532 5700 autem
2561 5648 2894 5716 aggreditur,
2932 5649 2997 5703 de
3028 5664 3164 5703 vana
3193 5650 3365 5721 gloria
3397 5663 3520 5710 ten-

1936 5747 2092 5801 tans;
2126 5738 2254 5791 dicit
2282 5738 2425 5794 enim
2458 5757 2470 5792 :
2502 5740 2558 5796 Si
2589 5740 2729 5795 [ilius
2753 5740 2846 5794 Dei
2874 5757 2934 5796 es
2959 5753 3035 5809 tu,
3057 5745 3259 5800 mittito
3290 5756 3341 5802 te
3366 5748 3526 5805 deor-

1938 5847 2077 5889 sum.
2125 5833 2365 5893 Adulaus
2402 5847 2580 5895 autem
2608 5836 2659 5894 ei
2715 5838 2790 5894 ita
2819 5842 3147 5912 negabatur,
3192 5844 3240 5899 si
3277 5845 3528 5904 fortassis

3128 5936 3208 6004 24
