4108 6334
703 416 803 482 747

1611 416 2191 488 'I‘HEOPHYLACTI
2218 421 2634 484 BULGARI/E
2666 420 3019 480 ARCHIEP.
3848 410 3937 475 ⁸748

701 531 1000 587 adulatione
1040 535 1293 603 deceptus
1332 549 1388 588 se.
1450 535 1640 590 Filium
1678 537 1770 591 Dei
1803 544 2079 591 ostentare
2123 536 2262 589 velit.

2376 532 2576 595 ταύτας
2602 547 2614 562 ·
2650 531 2788 599 πλὴν
2814 530 2928 582 ἀλλ’
2955 530 3015 582 ού
3052 527 3189 580 κατὰ
3227 525 3468 579 διάνοιαν
3497 518 3683 592 οἶμαι,
3739 521 3850 577 ἀλλ’
3869 529 3945 578 ai-

700 625 997 691 dejiciendo
1048 643 1107 682 se
1147 631 1420 688 deorsum,
1474 643 1580 696 quo
1619 638 1969 700 cognosceret
2012 629 2261 697 quisnam

699 726 862 770 esset.
899 719 968 771 At
1012 718 1261 774 Dominus
1293 717 1440 773 illum
1479 718 1773 789 Scripturis
1803 721 2052 789 repellit:
2093 740 2110 771 ι
2149 720 2263 773 Non

703 810 948 871 tentabis,
1008 811 1203 877 inquit,
1259 811 1540 866 Dominum
1575 813 1736 866 Deum
1799 824 1972 867 tuum.
2009 832 2026 864 ι
2082 812 2265 881 Neque

699 900 837 952 enim
860 901 979 966 quis
1011 915 1065 952 se
1087 899 1139 952 in
1162 901 1528 957 manifestaria
1555 903 1789 971 pericula
1817 904 1974 956 debet
2004 903 2261 970 objicere,

701 994 975 1060 probando
1011 1010 1136 1046 num
1163 996 1312 1063 juvel
1344 1010 1401 1048 se
1437 996 1594 1048 Deus.
1623 995 2004 1048 Animadverte
2046 995 2262 1048 interim

685 1094 893 1150 'quanta
935 1087 1003 1139 sit
1038 1086 1238 1139 utilitas
1268 1087 1407 1141 scire
1439 1086 1768 1154 Seripturns.
1805 1085 2100 1154 Scripturis
2121 1085 2262 1137 enim

698 1175 956 1232 Dominus
979 1177 1236 1232 Satanam
1271 1179 1482 1247 repulit.
1509 1177 1620 1232 lloc
1649 1179 1813 1240 enim,
1851 1177 1961 1231 Non
1989 1177 2105 1230 solo
2128 1189 2262 1244 pane

697 1268 825 1321 vivit
857 1270 1036 1334 homo,
1067 1268 1359 1324 Mosaicum
1389 1280 1472 1324 est
1506 1272 1568 1324 de
1605 1269 1794 1323 Manna
1849 1269 2050 1324 dictum
2085 1286 2098 1321 :
2139 1283 2262 1321 nam

697 1361 824 1415 licet
853 1378 955 1414 non
986 1373 1127 1417 esset
1165 1365 1317 1432 panis
1359 1363 1574 1425 Manna,
1609 1378 1674 1416 eo
1700 1374 1873 1416 tamen
1902 1362 2144 1416 alebatur
2178 1376 2264 1429 po-

697 1451 871 1520 pulus.
900 1453 1159 1506 Similiter
1183 1464 1234 1507 et
1273 1455 1358 1506 illa
1393 1471 1418 1506 a
1453 1453 1598 1507 Mose
1633 1454 1946 1522 deprompta
1982 1463 2126 1516 sunt,
2160 1450 2264 1503 Do-

700 1543 899 1598 minum
934 1556 1110 1598 autem
1144 1544 1308 1600 Deum
1343 1557 1490 1598 tuum
1525 1547 1799 1608 adorabis,
1851 1555 1943 1597 et:
1985 1542 2098 1596 Non
2143 1554 2259 1596 teu-

698 1637 860 1692 tabis.

2373 626 2584 694 σθητῶς
2603 623 2804 684 ταύτας
2832 621 2978 691 αὐτῷ
3010 617 3306 684 ὑπέδειξεν,
3334 621 3392 671 ὲν
3419 617 3705 687 φαντασίᾳ
3735 617 3943 686 ποιήσας

2373 718 2630 787 φανῆναι,
2656 715 2747 768 τοῦ
2768 713 2970 784 Κυρίου
2999 711 3516 782 μὴ·φανταξομένου
3548 729 3560 741 ·
3600 710 3792 778 τρίτον
3816 709 3947 778 αὐτῷ

2374 807 2722 878 προσϐάλλει,
2757 807 2862 858 ἀπὸ
2883 805 2981 873 τῆς
3013 803 3316 871 φιλοδοξίας
3337 816 3354 832 °
3385 803 3446 855 Εἰ
3473 803 3590 864 υἱὸς
3616 801 3750 870 γὰρ,
3779 803 3945 870 φησὶ»,

2373 895 2421 951 εἷ
2458 897 2554 950 τοῦ
2578 896 2735 961 Θεοῦ,
2765 897 2891 965 βάλε
2938 897 3163 948 σεαυτὸν
3196 896 3347 947 κάτω
3369 910 3382 923 ·
3417 895 3746 948 κολακεύων
3784 893 3839 946 δὲ
3863 895 3944 947 αὐ-

2371 1000 2483 1062 τὸν,
2520 999 2586 1051 τὰ
2621 997 2843 1050 τοιαῦτα
2875 996 3081 1064 ἐλήρει,
3115 994 3165 1046 εί
3200 1011 3313 1056 πως
3365 993 3471 1045 ἀπὸ
3519 993 3624 1060 τῆς
3668 993 3948 1051 κολακείας

2371 1090 2693 1158 ἀπατηθεὶς,
2737 1089 2831 1142 καὶ
2869 1087 3036 1140 θέλων
3059 1087 3229 1150 δεῖξαι
3259 1086 3452 1138 ἑαυτὸν
3483 1086 3614 1138 Υἱὸν
3644 1085 3808 1151 Θεοῦ,
3828 1086 3946 1154 βάλῃ

2373 1179 2566 1230 ἑαυτὸν
2590 1178 2740 1232 κάτω
2761 1219 2773 1240 ,
2812 1179 2904 1229 καὶ
2933 1176 3076 1230 οὕτω
3103 1175 3408 1244 διαγνωσθῇ
3438 1176 3612 1245 αὐτῷ,
3658 1176 3747 1237 τίς
3790 1177 3945 1227 ἐστιν.

2381 1270 2441 1324 '0
2477 1271 2533 1325 δὲ
2574 1271 2776 1342 Κύριος
2808 1272 2907 1338 δρα
2946 1270 3062 1333 πῶς
3090 1269 3454 1338 ἀποκρούεται
3494 1269 3659 1321 αὐτὸν
3698 1270 3809 1323 ἀπὸ
3863 1272 3949 1332 τῆς

2369 1362 2624 1433 Γραφῆρ
2689 1381 2706 1414 ι
2743 1363 2856 1434 Οὐκ
2890 1362 3235 1431 ἐκπειράσεις
3272 1361 3401 1430 γὰρ,
3439 1363 3595 1430 φησὶ,
3635 1359 3848 1428 Κύριον
3871 1362 3950 1412 τὸν

2369 1453 2502 1508 Θεόν
2541 1470 2656 1509 σου.
2703 1473 2720 1506 ι
2783 1456 2856 1508 Οὐ
2889 1453 2995 1525 γὰρ
3049 1455 3132 1507 δεῖ
3187 1455 3266 1516 είς
3317 1454 3618 1524 προφανεῐς
3679 1452 3952 1515 κινδύνους

2366 1546 2660 1616 ἐμϐάλλειν
2709 1547 2829 1600 τινὰ
2882 1549 3098 1608 ἑαυτὸν,
3160 1547 3524 1616 δοκιμάζοντα
3581 1547 3628 1597 εί
3701 1545 3949 1614 βοηθήσει

2364 1640 2510 1708 αὑτῷ
2537 1641 2563 1691 6
2585 1638 2736 1701 Θεός.
2770 1639 3080 1709 Σημείωσαι
3105 1639 3158 1692 δὲ
3185 1639 3274 1692 καὶ
3306 1638 3482 1704 τοῦτο,
3519 1637 3602 1691 ἔτι
3640 1637 3787 1707 μέγα
3830 1636 3949 1703 δοε-

694 1730 782 1792 λος
804 1730 863 1782 τὸ
891 1729 1085 1783 εἰδέναι
1115 1733 1212 1793 τὰς
1237 1730 1457 1801 Γραφάς
1479 1746 1491 1760 ·
1528 1729 1622 1782 καὶ
1653 1730 1760 1797 γὰρ
1789 1731 1882 1782 καὶ
1905 1731 1930 1781 6
1955 1728 2154 1797 Κύριος
2212 1729 2301 1780 τὸν
2342 1728 2586 1781 Σατανᾶν
2623 1730 2730 1782 ἀπὸ
2753 1730 2859 1781 τῶν
2892 1729 3123 1798 Γραφῶν
3149 1728 3532 1798 ἀπεκρούσατο
3568 1744 3579 1755 ·
3617 1729 3679 1780 τό
3736 1745 3794 1780 τε
3825 1731 3946 1796 vap-

696 1824 809 1875 Οὐκ
853 1824 938 1876 ἐπ’
965 1823 1113 1891 ἄρτῳ
1155 1825 1297 1892 μόνῳ
1345 1822 1567 1891 ζήσεται
1613 1823 1932 1892 ἄνθρωπος,
1973 1823 2262 1874 Μωσαῖκόν
2300 1823 2438 1884 ἐστι,
2464 1824 2590 1893 περὶ
2630 1822 2722 1875 τοῦ
2773 1823 2965 1876 Μαννα
3029 1822 3230 1892 ῥηθέν
3267 1821 3328 1874 τὸ
3394 1823 3502 1891 γὰρ
3558 1822 3756 1875 Μάννα
3796 1821 3951 1891 ἄρτος

698 1915 771 1984 μή
797 1912 876 1980 δν,
907 1916 1054 1985 ὅμως
1091 1914 1284 1986 ἔθρεψε
1317 1920 1404 1969 τὸν
1428 1915 1555 1969 λαόν
1576 1933 1588 1944 ο
1621 1919 1712 1968 καὶ
1740 1916 1818 1978 τὸ,
1851 1917 2052 1986 Κύριον
2086 1915 2141 1967 δὲ
2174 1915 2263 1967 τὸν
2300 1916 2432 1968 Θεὸν
2467 1933 2560 1970 σου
2635 1919 3054 1987 προσκυνήσεις,
3102 1917 3196 1970 καὶ
3224 1916 3318 1980 τὸ,

696 2011 790 2062 καὶ
827 2010 993 2064 ταῦτα
1033 2012 1338 2088 Μωσαῖκά..

767 2107 927 2160 Vens.
974 2106 1161 2160 l5-15.
1199 2124 1216 2155 ι
1256 2107 1314 2157 Et
1346 2117 1721 2159 consummata
1769 2105 1912 2160 omni
1965 2105 2264 2157 tentatith
2301 2113 2338 2165 [ς

693 2200 936 2254 diabolus
986 2200 1207 2252 recessit
1259 2197 1325 2250 ab
1371 2197 1462 2251 illo
1513 2213 1680 2267 usque
1711 2200 1776 2251 ad
1823 2207 2050 2265 tempus.
2088 2197 2148 2251 Et
2181 2213 2264 2249 re-

696 2307 880 2346 versus
912 2301 994 2345 est
1041 2291 1196 2346 Jesus
1238 2292 1286 2344 in
1344 2292 1538 2343 virtute
1591 2291 1814 2358 S‘ptt'lllts
1869 2292 1918 2344 in
1967 2289 2261 2353 Galilmam,

691 2395 742 2438 et
779 2385 918 2438 fama
975 2385 1103 2438 exiit
1138 2399 1231 2452 per
1277 2384 1581 2437 universam
1641 2385 1913 2452 regionem
1948 2386 2011 2436 de
2044 2383 2151 2436 illo.
2202 2384 2265 2434 Et

695 2481 807 2544 ipse
829 2477 1053 2532 docebat
1097 2476 1149 2530 in
1194 2473 1481 2545 synagogis
1513 2489 1722 2537 eorum,
1767 2482 1819 2528 et
1862 2474 2263 2542 gloriticabatnr

690 2569 757 2620 ab
785 2568 1057 2621 omnibus.
1094 2585 1110 2616 ι
1140 2567 1363 2618 Umnein
1395 2566 1742 2618 tentationem
1776 2565 1902 2618 dicit
1934 2563 2105 2618 Lucas
2134 2579 2263 2617 con-

690 2673 990 2714 suinmasse
1023 2657 1331 2720 Dominum,
1373 2656 1619 2724 quamvis
1651 2655 1824 2708 tribus
1853 2657 2112 2709 duntaxat
2147 2665 2262 2709 ten-

695 2752 986 2807 tationibus
1016 2761 1276 2805 tentatum
1304 2767 1317 2803 :
1347 2764 1412 2802 eo
1448 2749 1590 2817 quod
1635 2748 1986 2801 tentationum
2022 2749 2259 2801 omnium

693 2847 799 2900 sint
852 2846 1027 2914 capita
1077 2845 1199 2908 tria,
1261 2841 1509 2904 avaritia,
1564 2841 1706 2910 gula,
1743 2849 1796 2894 et
1844 2840 2018 2894 inanis
2067 2841 2259 2906 gloria.

694 2940 862 2992 l‘orro
910 2937 1437 3005 gnlaetentationem
1495 2933 1707 3002 repulit.
1760 2936 1949 2987 dicens
1988 2951 1999 2986 :
2040 2929 2155 2985 Non
2207 2934 2258 2986 in

692 3033 806 3083 suto
835 3044 970 3096 pane
996 3029 1138 3081 vivet
1167 3025 1346 3080 homo.
1392 3023 1504 3077 Hac
1527 3025 1670 3077 enim
1703 3026 1874 3093 primo
1897 3024 2092 3077 invasit
2113 3039 2257 3087 eum,

691 3121 830 3174 sicut
861 3128 914 3172 et
939 3119 1223 3172 Adamum.
1252 3116 1420 3170 Adam
1456 3116 1599 3170 enim
1630 3130 1732 3169 non
1756 3117 1923 3185 potuit
1963 3129 2057 3182 per
2085 3116 2259 3169 avari-

693 3213 818 3266 tiam
836 3210 1167 3278 snpplantari
1197 3226 1210 3262 :
1237 3224 1338 3261 non
1361 3207 1504 3260 enim
1525 3216 1729 3276 poterat
1753 3208 1900 3276 plura
1928 3207 2015 3262 ille
2038 3221 2253 3274 cupere,

693 3305 743 3358 id
779 3301 942 3374 299
970 3303 1109 3372 quod
1162 3301 1402 3355 avaritia:
1429 3309 1532 3364 est,
1568 3300 1711 3354 solus
1757 3300 2044 3354 exsistens.
2075 3297 2256 3368 Neque

693 3411 788 3464 per
821 3397 955 3448 iram
987 3413 1000 3447 :
1033 3394 1115 3446 eui
1147 3392 1287 3446 enim
1319 3391 1750 3446 succensuisset‘!
1775 3390 1959 3461 Neque
1993 3406 2088 3459 per
2119 3391 2257 3444 invi-

3401 1918 3515 1969 Οὐκ
3582 1917 3950 1985 ὲκπειῴσεψ

2446 2105 2607 2156 «Kal
2657 2104 2977 2165 συντελέσας
3037 2104 3216 2156 πάντα
3253 2101 3561 2172 πειρασμὸν
3607 2103 3638 2154 6
3688 2101 3950 2164 διάϐολος.

2371 2194 2583 2264 ἀπέστη
2627 2195 2720 2245 ἀπ’
2755 2194 2916 2247 αὐτοῦ
2962 2195 3087 2264 ἄχρι
3139 2192 3364 2262 καιροῦ·
3398 2195 3491 2245 καὶ
3535 2192 3882 2259 ὑπέστρεψεν
3929 2194 3952 2242 6

2382 2289 2588 2359 Ἰησοῦς
2619 2291 2676 2342 ἐν
2704 2293 2770 2358 τῇ
2801 2290 3028 2357 δυνάμει
3066 2288 3157 2341 τοῦ
3199 2289 3507 2356 πνεύματος
3557 2289 3638 2343 εἰς
3670 2290 3771 2354 τὴν
3805 2287 3954 2337 Γαλι-

2368 2382 2524 2435 λαίαν
2552 2399 2563 2410 ·
2602 2384 2696 2434 καὶ
2731 2385 2888 2453 φήμη
2934 2383 3126 2452 ἐξῆλθε
3165 2382 3284 2436 καθ’
3314 2383 3438 2450 ὅλης
3492 2382 3591 2449 τῆς
3637 2379 3948 2449 περιχώρου

2368 2475 2496 2544 περὶ
2544 2475 2742 2528 αὑτοῦ·
2800 2476 2895 2528 καὶ
2930 2477 3093 2538 αὐτὸς
3128 2476 3408 2528 ἐδίδασκεν
3443 2477 3497 2526 ὲν
3535 2475 3659 2536 ταῖς
3701 2489 3950 2540 συναγω-

2370 2567 2486 2633 γαῖς
2523 2566 2721 2628 αὐτῶν,
2763 2566 3119 2636 δοξαζόμενος
3165 2567 3267 2620 ὑπὸ
3289 2567 3525 2618 πάντων.
3560 2583 3578 2616 ι
3612 2566 3805 2617 Πάντα
3839 2581 3951 2616 rm-

2368 2658 2573 2727 ρασμόν
2625 2675 2787 2728 φησιν
2835 2661 2862 2711 6
2915 2661 3126 2722 Λουκᾶς
3182 2658 3506 2711 συντελέσαι
3555 2657 3648 2709 τὸν
3725 2658 3950 2726 Κύριον,

2366 2750 2542 2802 καίτοι
2567 2753 2716 2819 τρεῖς
2747 2752 3084 2820 πειρασμοὺς
3103 2749 3484 2814 πειρασθέντα,
3514 2749 3652 2800 διότι
3678 2748 3950 2816 κεφάλαια

2363 2840 2472 2894 τῶν
2514 2843 2836 2914 πειρασμῶν
2869 2844 3089 2896 πάντων
3123 2844 3172 2896 ot
3200 2845 3346 2913 τρεῖς
3368 2838 3510 2897 οὗτοί
3545 2844 3709 2902 εἰσιν,
3769 2843 3800 2893 6
3854 2840 3948 2907 τῆς

2365 2932 2824 3004 φιλοχρηματίας.
2878 2936 2906 2988 6
2942 2935 3040 3004 τῆς
3087 2936 3554 3005 γαστριμαργίας,
3601 2936 3630 2986 ὁ
3661 2938 3764 3004 τῆς
3808 2933 3950 3002 φιλο-

2362 3023 2560 3088 δοξίας.
2601 3025 2702 3078 Τὸν
2732 3026 2831 3095 μὲν
2863 3021 2956 3078 οὖν
2998 3027 3094 3095 τῆς
3119 3027 3562 3095 γαστριμαργίας
3597 3023 3949 3092 ἀπεκρούσαο

2361 3132 2421 3168 το
2446 3117 2532 3169 διὰ
2566 3117 2659 3169 τοῦ
2715 3119 2910 3182 είπείν,
2947 3119 3028 3170 ὅτι
3057 3119 3170 3171 Οὐκ
3227 3120 3312 3170 ἐπ’
3341 3117 3489 3188 ἄρτῳ
3540 3117 3691 3186 μόνῳ
3725 3117 3949 3187 ζήσεται

2360 3208 2685 3279 ἅνθρωπος·
2752 3211 2970 3280 πρῶτον
3037 3209 3144 3279 γὰρ
3213 3209 3302 3260 τὸν
3370 3209 3684 3280 πειρασμὸν
3754 3208 3947 3261 τοῦτον

2361 3301 2714 3368 προσήγαγεν
2740 3300 2910 3369 αὐτῷ,
2937 3299 3010 3362 ὡς
3038 3303 3130 3353 καὶ
3159 3298 3236 3369 τῷ
3270 3298 3442 3367 Ἀδάμ
3464 3315 3475 3325 '
3512 3299 3604 3351 τὸν
3638 3299 3749 3368 γὰρ
3775 3299 3948 3367 Ἀδὰμ

2313 3381 2316 3384 ’
2360 3391 2484 3444 οὔτε
2519 3393 2626 3444 ἀπὸ
2670 3392 2980 3455 πλεονεξίας
3021 3393 3255 3460 ἠδύνατο
3301 3390 3678 3455 ὑποσκελίσαι,
3732 3391 3798 3442 ού
3846 3391 3949 3461 γὰρ

694 3485 860 3538 diam.
912 3481 1140 3536 Proinde
1189 3494 1282 3549 per
1326 3481 1503 3548 gulam
1552 3478 1933 3548 supplantavit.
1982 3477 2252 3532 Cmterum

2368 3479 2472 3554 εἶχε
2520 3485 2609 3536 τὸν
2648 3484 3160 3553 πλεονεκτούμενον,
3200 3485 3357 3554 μόνος
3401 3481 3496 3537 ὢν.
3543 3482 3684 3534 Οῦτε
3716 3483 3828 3535 ἀπὸ
3859 3485 3947 3551 6p-

695 3575 935 3628 avaritiae
977 3573 1326 3627 tentationem
1397 3569 1588 3639 repulit
1654 3583 1759 3622 non
1810 3567 2097 3639 procidens
2133 3577 2258 3620 ante

695 3667 981 3730 diabolum,
1018 3680 1187 3732 neque
1220 3679 1338 3718 eum
1375 3662 1625 3717 adorans.
1672 3661 1804 3714 Nam
1863 3676 1983 3715 eum
2038 3663 2258 3714 demon-

695 3767 919 3813 strasset
947 3757 1128 3811 omnia
1161 3769 1322 3824 regna
1365 3752 1691 3808 sensibiliter
1719 3752 1838 3822 ejus
1869 3751 2258 3822 imaginationi,

696 3863 802 3903 non
837 3850 899 3900 ad
931 3863 994 3901 ea
1044 3839 1330 3915 respexit?
1363 3845 1572 3900 tametsi
1621 3844 1860 3899 nonnulli
1899 3845 1998 3898 lioe
2051 3859 2156 3897 non
2197 3842 2262 3896 de

697 3939 1040 3995 sensibilibus
1071 3936 1271 4006 regnis,
1301 3935 1396 3990 sed
1425 3935 1748 4009 inentalibus
1790 3935 2172 3996 intellexerint,
2208 3945 2263 3985 nt

697 4031 837 4098 quod
871 4026 1254 4081 monstraverit
1285 4027 1330 4080 ei
1387 4041 1607 4094 regnum
1666 4025 1899 4090 invidiae,
1937 4040 2156 4094 regnum
2181 4027 2264 4076 in-

696 4116 1036 4173 continentis:
1069 4128 1122 4170 et
1151 4118 1199 4170 in
1222 4131 1429 4170 summa
1451 4115 1689 4168 omnium
1706 4125 2042 4182 peccatorum
2066 4128 2257 4182 regna:

697 4222 750 4263 et
780 4213 933 4280 quasi
968 4209 1095 4262 talia
1131 4209 1178 4262 ei
1216 4209 1421 4262 diceret
1450 4222 1467 4259 :
1498 4206 1553 4259 Si
1585 4206 1665 4261 vis
1708 4221 1933 4275 regnare
1963 4204 2261 4259 affectioni-

699 4306 797 4357 bus
826 4302 950 4366 illis,
983 4311 1035 4355 et
1064 4301 1115 4354 in
1151 4301 1252 4353 hoc
1286 4299 1500 4361 venisti,
1539 4306 1595 4351 ut
1627 4312 1720 4352 eos
1773 4299 1861 4367 qui
1887 4297 1985 4351 sub
2011 4312 2094 4350 me
2135 4306 2262 4350 sunt

700 4396 896 4466 rapias,
930 4393 1147 4462 procide
1187 4401 1238 4446 et
1270 4392 1432 4444 adora
1480 4403 1606 4443 me:
1643 4399 1695 4444 et
1738 4391 1920 4457 accipe
1954 4403 2142 4442 omnes
2169 4389 2260 4457 qui

696 4504 724 4540 τι
766 4502 848 4542 me
868 4488 1254 4556 gubernantur.
1287 4483 1540 4536 Dominus
1575 4490 1752 4536 autem
1800 4495 2023 4551 regnare
2047 4480 2261 4549 quidem

699 4579 828 4643 \ult,
861 4591 914 4632 et
947 4577 1011 4631 ad
1049 4579 1149 4631 hoc
1179 4575 1360 4629 venit:
1388 4589 1615 4642 regnare
1638 4581 1814 4626 autem
1851 4587 1954 4626 non
1987 4587 2108 4626 eum
2141 4585 2265 4641 pec-‘-

698 4680 839 4733 cato,
879 4684 1051 4738 neque
1081 4669 1197 4720 sine
1229 4668 1542 4732 certamine,
1573 4667 1664 4722 sed
1694 4679 1906 4722 certans
1946 4674 1998 4721 et
2018 4669 2258 4720 vincens.

700 4763 790 4817 Sic
815 4763 1030 4831 quidam
1061 4758 1440 4812 intellexerunt
1473 4774 1484 4811 :
1515 4773 1674 4826 quem
1706 4771 1947 4823 sensum,
1971 4758 2012 4811 si
2046 4760 2126 4811 cui
2152 4761 2263 4826 plu-

698 4865 805 4915 Cet,
849 4851 1090 4919 recipiat.
1117 4848 1285 4904 Porro
1307 4858 1359 4902 et
1392 4849 1602 4902 inanem
1631 4849 1852 4916 gloriam
1882 4848 2074 4917 repulit
2099 4848 2262 4902 verbo

701 4945 1006 5013 Scriptura.
1037 4941 1193 5011 Eripe
1220 4941 1383 5010 igitur
1407 4948 1460 4994 et
1488 4954 1607 5004 nos,
1634 4937 1883 5001 Domine,
1906 4954 1935 4990 ιι
1968 4936 2142 4992 tribus
2162 4937 2265 4992 illis

699 5038 964 5108 capitibus
990 5036 1255 5090 draconis.
1279 5032 1549 5088 Reversus
1575 5041 1660 5086 est
1685 5042 1862 5085 autem
1884 5028 2044 5084 Jesus
2069 5030 2120 5083 in
2154 5029 2266 5082 vir-

704 5142 814 5184 tute
852 5130 1092 5198 spiritus.
1131 5127 1355 5182 Videtur
1411 5125 1538 5180 mihi
1595 5124 1741 5193 quod
1795 5123 1977 5177 divino
2029 5123 2262 5190 quodam

702 5220 882 5276 κωκυ
912 5229 1189 5288 correptus
1224 5219 1439 5272 redierit
1467 5220 1602 5285 :Jtoe
1630 5217 1773 5271 enim
1800 5225 1882 5270 est
1913 5217 2055 5278 quod
2088 5216 2184 5279 ait,
2211 5216 2262 5267 in

701 5318 896 5366 virtute
927 5313 1169 5377 spiritus.
1214 5310 1442 5362 Attende
1481 5323 1691 5377 quoque
1721 5307 2080 5378 Scripturam,
2121 5308 2262 5374 quod

699 5417 983 5476 postquam
1032 5401 1154 5455 vicit
1206 5411 1525 5457 tentantem.
1565 5410 1617 5454 et
1661 5401 2261 5454 monstravitvirtutcm

701 5511 875 5561 suam,
911 5504 1033 5548 tunc
1070 5493 1195 5546 illud
1247 5492 1503 5559 scriptum
1555 5492 1645 5555 sit,
1673 5492 1724 5544 in
1759 5494 1958 5546 virtute
2019 5492 2259 5560 spiritus.

698 5585 940 5641 Recessit
971 5593 1151 5638 autem
1194 5588 1257 5636 ab
1290 5584 1381 5636 illo
1418 5585 1661 5650 usquead
1691 5593 1917 5652 tempus,
1958 5586 2100 5638 hunc
2143 5600 2263 5638 sen-

703 5698 817 5734 sum
845 5681 1046 5733 liabet:
1083 5675 1332 5729 Diabolus
1352 5674 1725 5728 affectionibus
1747 5676 1951 5729 duabus
1978 5675 2261 5728 Dominum

702 5775 918 5825 adortus
945 5782 1046 5830 est,
1077 5770 1364 5838 voluptatis
1388 5766 1591 5820 scilicet
1614 5781 1674 5819 ac
1709 5765 1975 5829 tristitiae;
1998 5776 2052 5822 et
2086 5783 2263 5820 acces-

703 5868 769 5917 sit
805 5865 866 5916 ad
901 5861 1181 5916 Dominum
1225 5860 1290 5915 de
1315 5860 1585 5927 voluptate
1607 5866 1818 5913 teutaus
1849 5859 1900 5912 lu
1944 5871 2146 5924 tuente,
2185 5877 2266 5914 te-

2365 3573 2492 3644 Υῆς⁹
2534 3578 2591 3628 οὗ
2633 3576 2740 3645 γὰρ
2766 3572 2911 3645 εἶχεν
2941 3571 2983 3644 ᾦ
3016 3579 3264 3646 ὀργισθῇ.
3301 3573 3439 3628 Οὒτε
3459 3574 3567 3627 ἀπὺ
3589 3574 3816 3641 φθόνουο
3847 3575 3949 3628 ἀπὸ

2360 3667 2459 3735 τῆς
2495 3668 2698 3730 κοιλίας
2723 3664 2814 3721 οὖν
2843 3669 3200 3722 ὑπεσκέλισεν
3228 3668 3412 3722 αὐτόν.
3447 3666 3552 3720 Τὸν
3585 3667 3640 3720 δὲ
3668 3667 3771 3738 τῆς
3803 3667 3946 3736 φιλο-

2363 3761 2668 3829 χρηματίας
2709 3760 3111 3832 ἀπεκρούσατο,
3157 3763 3246 3815 διὰ
3276 3762 3371 3815 τοῦ
3411 3765 3486 3834 μὴ
3539 3765 3754 3828 πεσεῖν,
3811 3763 3944 3831 μηδὲ

2365 3854 2734 3922 προσκυνῆσαι
2766 3853 2934 3919 αὐτῷ.
2979 3854 3350 3919 Ὑποδείξαντι
3383 3859 3493 3926 γὰρ
3529 3858 3628 3919 τὰς
3663 3854 3945 3926 βασιλείας

2366 3945 2539 4006 πάσας
2598 3943 2870 4014 αἰσθητῶς
2914 3947 3053 3999 κατὰ
3114 3948 3440 4015 φαντασίαν,
3504 3949 3604 4017 οὐχ
3655 3947 3938 4015 ὑπέκυψα-

2365 4034 2540 4086 καίτοι
2569 4034 2630 4100 γέ
2653 4051 2805 4098 ,τινες
2855 4036 2915 4088 οὐ
2964 4037 3091 4106 περὶ
3120 4037 3394 4107 αἰσθητῶν
3449 4038 3746 4109 βασιλειῶν
3789 4039 3942 4092 τοῦτο

2364 4124 2610 4192 ἐνόησαν,
2647 4126 2780 4177 ἀλλὰ
2813 4127 2940 4194 περὶ
2962 4128 3262 4196 νοουμένων
3288 4145 3303 4159 ’
3336 4125 3468 4192 οἷον,
3497 4129 3777 4194 ὑπέδειξεν
3798 4128 3943 4198 αὑτῷ

2362 4214 2458 4286 τὴν
2513 4215 2788 4284 βασιλείαν
2845 4218 2938 4284 τῆς
2975 4218 3270 4282 ἀκολασίας
3301 4258 3315 4282 ,
3373 4221 3475 4291 τὴν
3522 4220 3805 4290 βασιλείαν
3854 4218 3941 4272 τοῦ

2364 4305 2557 4374 φθόνου
2579 4344 2594 4372 ,
2627 4308 2721 4359 καὶ
2750 4307 2933 4368 ἁπλῶς
2986 4309 3176 4362 πασῶν
3205 4309 3314 4366 τῶν
3343 4311 3634 4380 ἁμαρτιῶν
3664 4313 3766 4375 τὰς
3796 4311 3942 4381 βασι·

2363 4397 2511 4459 λείας
2533 4415 2545 4426 ·
2577 4401 2669 4449 καὶ
2709 4398 2911 4452 ὡσανεὶ
2959 4402 3183 4454 τοιαῦτα
3227 4401 3412 4470 ἔλεγεν
3446 4403 3598 4473 αὺτῷ
3621 4420 3634 4432 ⁸
3669 4404 3735 4457 Εί
3768 4404 3934 4465 Θέλεις

2366 4488 2681 4557 βασιλεῦσαι
2713 4481 2914 4542 τούτων
2933 4489 3040 4543 τῶν
3069 4491 3276 4560 παθῶν,
3299 4495 3396 4547 καὶ
3426 4495 3520 4546 ἐπὶ
3551 4493 3735 4564 τούτῳ
3759 4495 3941 4566 ἐλήλυ-

2365 4579 2486 4643 θας,
2522 4579 2607 4631 ἵνα
2655 4581 2786 4642 τοὺς
2836 4580 2926 4632 ὑπ’
2973 4579 3108 4650 ἐμοῦ
3141 4587 3540 4658 κατεχομένους
3585 4586 3935 4657 ἀφαρπάσῃς.

2367 4670 2545 4722 πεσὼν
2576 4670 2954 4741 προσκύνησόν
2989 4689 3077 4742 μοι
3099 4715 3116 4740 ,
3152 4675 3244 4727 καὶ
3269 4675 3551 4744 παράλαϐε
3583 4677 3800 4739 πάντας
3828 4678 3938 4738 τοὺς

2367 4761 2459 4813 ὑπ’
2485 4762 2618 4831 ἐμοῦ
2657 4761 3125 4832 βασιλευομένους.
3173 4765 3233 4818 '0
3285 4766 3340 4819 δὲ
3377 4768 3579 4837 Κύριος
3627 4768 3940 4837 βασιλεῦσαι

2373 4855 2472 4922 μὲν
2499 4855 2670 4916 θέλει,
2703 4858 2794 4909 καὶ
2821 4857 2898 4918 είς
2943 4856 3100 4909 τοῦτο
3135 4857 3386 4928 ἐλήλυθε,
3438 4859 3764 4929 βασιλεῦσαι
3807 4860 3864 4914 ἃ
3885 4857 3939 4914 οὐ

2375 4945 2514 5012 μετὰ
2549 4946 2847 5016 ἁμαρτίας,
2887 4947 2995 4999 οὐδ’
3025 4949 3156 5004 ἄνευ
3183 4950 3392 5018 ἀγῶνος
3415 4989 3432 5016 ,
3483 4951 3621 5005 ἀλλά
3679 4953 3942 5014 παλαίσας

2373 5039 2469 5091 καὶ
2498 5038 2751 5108 νικήσας.
2809 5039 2996 5094 Ταῦτά
3043 5058 3189 5106 τινες
3238 5043 3499 5111 ἐνόησαν·
3541 5044 3652 5116 ὅτῳ
3684 5044 3745 5098 δι
3778 5045 3938 5113 φίλον,

2377 5130 2767 5200 παραδεχέσθω
2821 5130 3014 5185 ταῦτα.
3044 5135 3208 5188 Ἀλλὰ
3248 5136 3461 5188 καὶτὸν
3491 5137 3591 5205 τῆς
3645 5137 3940 5206 φιλοδοξίας

2372 5223 2783 5292 ἀπεκρούσατο,
2825 5224 2911 5278 διὰ
2945 5225 3038 5277 τοῦ
3085 5226 3146 5278 τὸ
3205 5228 3479 5298 γραφικδν
3532 5231 3713 5282 siml»:
3765 5229 3936 5300 ῥητόν.

2372 5315 2584 5380 Ἐξελοῦ
2609 5312 2810 5384 οὗνικαὶ
2827 5317 2992 5386 ἡμᾶς.
3014 5317 3203 5388 Κύριε,
3224 5319 3430 5373 τούτων
3449 5323 3555 5373 τῶν
3575 5319 3750 5390 τριῶν
3784 5337 3939 5389 κιφα-

2372 5407 2478 5461 λῶν
2511 5409 2603 5462 τοῦ
2648 5409 2954 5477 δράκοντος.
3017 5410 3356 5482 Ύπέστρεψε
3394 5413 3451 5466 δὲ
3491 5412 3522 5464 6
3547 5413 3760 5483 Ἰησοῦς
3789 5416 3846 5467 ιν
3883 5413 3937 5479 τῇ

2371 5499 2596 5569 δυνάμει
2636 5499 2729 5552 τοῦ
2763 5501 3100 5569 πνεύματος·
3136 5501 3283 5554 δοκεί
3335 5519 3424 5570 μοι
3461 5504 3544 5556 ὅτι
3597 5501 3937 5558 ινειουσιῶνό

2385 5589 2593 5659 Ἰησοῦς
2619 5592 2986 5662 ὑπέστρεψεν
3023 5593 3182 5645 τοῦτο
3218 5593 3326 5664 γάρ
3357 5596 3470 5648 ἐστι
3502 5596 3588 5661 τὸ.
3619 5599 3684 5650 ἑν
3704 5601 3771 5668 τῇ
3799 5596 3938 5650 δυνά·

2377 5698 2465 5749 μει
2487 5681 2582 5734 τοῦ
2616 5681 2951 5752 πνεύματοςο
2996 5685 3135 5754 τάχα
3163 5685 3218 5739 δὲ
3248 5686 3487 5758 πρόσχες
3515 5692 3584 5759 τῇ
3625 5689 3844 5760 Γραφῇ.
3868 5688 3935 5741 δτι

2379 5775 2494 5842 μεθ’
2525 5775 2790 5842 ὃὲνίκησε
2820 5776 2910 5828 τὸν
2939 5778 3286 5846 πειράζοντα,
3323 5781 3418 5833 καὶ⁵
3450 5780 3622 5848 ἔδειξε
3659 5785 3762 5852 τήν
3798 5781 3936 5836 δίνε-

2382 5881 2470 5932 μιν
2500 5863 2689 5931 αὑτοῦ,
2726 5865 2843 5917 τότε
2892 5867 3203 5940 γέγραπται
3247 5870 3327 5937 τὸ,
3366 5873 3424 5925 ἐν
3475 5873 3542 5942 τῇ
3601 5867 3931 5943 δυνάμιιτσῧ

4045 5267 4047 5409 ι
