4108 6334
190 452 296 514 ’149
929 442 1378 506 ENARRATIO
1417 440 1495 499 ΙΝ
1542 435 1790 498 EVANG

1902 431 2046 493 [ΠΜ
2094 427 2309 490 ιυΟίΕ
2365 452 2428 462 -
2459 425 2746 486 CAPJV.
3380 416 3489 482 750

189 564 536 633 πνεύματος·
580 562 642 615 τδ
681 561 759 625 δὲ,
811 559 1022 626 ἀπέστη
1055 558 1149 612 ἀπ’
1198 556 1362 610 αὐτοῦ
1397 556 1525 624 ἄχρι
1560 549 1779 622 καιροῦ,

1900 548 2053 603 :essit
2093 558 2223 600 vero
2254 557 2425 613 usque
2468 543 2534 594 ad
2584 548 2820 608 tempus,
2855 533 3036 589 crucis
3071 530 3303 595 scilicet,
3359 541 3485 586 tunc

189 632 435 710 τοῖοῦτον
467 655 578 725 ἔχει
606 652 754 705 νοῦν,
802 650 865 702 ’0
894 647 1138 721 διάϐολος
1159 647 1245 700 διὰ
1268 647 1361 699 δύο
1393 644 1584 697 παθῶν
1616 659 1786 712 προσ-

1902 641 2050 693 illnm
2083 654 2176 708 per
2199 637 2428 691 adversa
2463 647 2526 687 ac
2559 632 2691 687 dura
2721 638 3054 683 tentaturus.

194 747 475 818 ϐάλλειτῷ
496 723 718 814 Κυρίῳ,
748 742 942 812 ἡδονῆς
981 739 1078 794 καὶ
1108 739 1288 808 λύπης
1310 756 1323 770 ·
1375 740 1471 792 καὶ
1497 739 1606 808 γὰρ
1635 736 1944 808 προσέϐαλε
2005 737 2083 805 τῷ
2142 733 2335 833 Κυρίιρ
2369 731 2457 784 διὰ
2515 727 2733 833 ήδρνῆς,
2793 725 2986 833 ῶαπερ
3020 723 3282 833 ιπὶιτρῦ.
3302 723 3485 833 ὄρους’·

193 842 406 911 ἀπέστη
441 841 485 892 δ’
526 836 621 892 ἀπ’
647 833 836 899 αὑτοῦ,
873 834 1003 904 ἄχρι
1044 833 1262 904 καιροῦ,
1319 833 1601 885 τουτέστιν
1656 831 1782 900 ἄχρι
1822 828 1916 881 τοῦ
1949 827 2151 898 καιροῦ
2212 825 2311 879 τοῦ
2369 822 2640 895 σταυροῦ*
2667 821 2791 873 τότε
2821 821 2930 888 γὰρ
2979 819 3309 890 προσϐαλεῖν
3339 819 3488 890 αὐτῷ

191 937 283 991 διὰ
316 935 492 1003 λύπης
525 931 772 1001 ἔμελλενο
1290 1017 1313 1022 _
1355 1018 1379 1022 ῳ
1544 1021 1549 1022 ί
1971 1016 2012 1022 __
2287 1013 2329 1022 ,,
2458 1010 2518 1022 _._
2665 1011 2698 1022 ._
2763 1009 2800 1022 ..
2981 1008 3011 1022 ν.
3135 1009 3185 1022 ..

272 1051 292 1085 ι
335 1030 446 1084 Καὶ⁸
485 1024 650 1100 ἦλθεν
681 1029 759 1090 είς
792 1027 891 1096 τὴν
939 1023 1217 1097 Ναζαρὲτ,
1257 1017 1320 1077 οῦ
1351 1018 1419 1093 ἦν
1466 1021 1786 1090 τεθραμμέ-

1971 1016 2135 1068 Vens.
2174 1013 2359 1066 Mitti.
2407 1030 2422 1062 ι
2458 1010 2524 1066 Et
2559 1011 2705 1064 venit
2759 1008 3052 1074 Nazaretb,
3096 1009 3187 1062 ubi
3236 1019 3353 1064 erat
3388 1025 3488 1063 nu-

194 1141 308 1186 νος,
341 1123 438 1174 καὶ
489 1093 713 1189 εἰσῆλθε
760 1093 900 1172 κατὰ
930 1118 993 1170 τὸ
1018 1093 1214 1180 εἰωθὸς
1243 1114 1394 1185 αύτῷ
1425 1116 1480 1166 ὲν
1511 1117 1578 1184 τῇ
1606 1113 1790 1183 ήμέρα

1900 1107 2062 1159 tritus
2094 1121 2107 1158 :
2144 1113 2198 1157 et
2227 1101 2450 1155 intravit
2501 1099 2802 1152 secundum
2852 1093 3302 1152 consuetudinem
3331 1101 3485 1150 suam

192 1213 306 1267 τῶν
353 1187 690 1272 Σαϐϐάτων,
736 1211 816 1272 εἰς
856 1211 957 1278 τὴν
1010 1207 1386 1276 Συναγωγὴν,
1440 1207 1536 1259 καὶ
1586 1207 1786 1285 ἀνέστη

1900 1199 1988 1252 die
2024 1196 2390 1251 Sabbetorum
2422 1193 2475 1248 in
2509 1191 2873 1263 Synagogam,
2904 1199 2959 1245 et
2985 1190 3219 1243 surrexit
3254 1197 3312 1242 ut
3339 1187 3489 1257 lege-

191 1303 530 1372 ἀναγνῶναι,
579 1301 674 1356 καὶ
723 1299 957 1370 ἐπεδόθη
984 1298 1132 1369 αὖτῷ
1168 1297 1374 1368 βιϐλίον
1441 1283 1662 1350 Ἠσαίου
1693 1294 1788 1349 τοῦ

1900 1301 2002 1345 ret.
2034 1288 2101 1344 Et
2127 1288 2360 1343 traditus
2393 1295 2477 1341 est
2513 1286 2588 1339 illi
2634 1285 2773 1339 liber
2801 1284 2952 1338 Isaiae
3001 1283 3280 1352 prophetae
3310 1297 3325 1336 :
3354 1292 3406 1337 et
3433 1293 3490 1337 ut

195 1397 482 1466 προφήτου
506 1411 520 1425 ⁸
556 1395 651 1448 καὶ
703 1392 1019 1459 ἀναπτύξας
1050 1393 1110 1445 τὸ
1146 1388 1375 1461 βιϐλίον,
1416 1383 1543 1458 εῦρε
1574 1389 1667 1442 τὸν
1698 1387 1790 1440 τό·

195 1505 302 1542 πον
343 1480 403 1541 οῦ
435 1482 501 1556 ἦν
539 1485 932 1555 γεγραμμένον
957 1501 969 1513 ·
1009 1481 1235 1552 Πνεῦμα
1279 1479 1488 1551 Κυρίου
1536 1479 1623 1535 ἐπ’
1672 1479 1795 1546 ἐμὲ,

193 1570 262 1632 οὗ
304 1577 489 1630 ἕνεκεν
537 1576 722 1645 ἐχρισέ
762 1591 829 1644 με
859 1614 872 1637 ,
907 1572 1363 1642 εὐαγγελίσασθαι
1413 1573 1646 1642 πτωχοῖς
1686 1573 1794 1625 ὰπ-

196 1669 428 1723 έσταλκέ
463 1685 550 1738 με·
579 1667 833 1721 ἰάσασθαι
857 1667 983 1728 τοὺς
1011 1666 1505 1737 συντετριμμένους
1538 1668 1634 1736 τὴν
1657 1681 1795 1734 καρ-

1897 1381 2409 1454 esplicuit'librnm,
2440 1378 2653 1433 invenit
2700 1377 2878 1432 locum
2919 1376 3005 1431 ubi
3038 1377 3303 1446 scriptum
3330 1374 3487 1432 eiatzr

1902 1477 2141 1547 Spiritus
2199 1473 2410 1528 Domini
2454 1487 2618 1540 super
2667 1485 2772 1532 me,
2826 1479 3115 1539 propterea
3155 1470 3298 1537 quod
3336 1470 3490 1524 unxit

1899 1585 2026 1633 me,
2068 1565 2139 1621 ad
2183 1564 2668 1634 evangelizandum
2719 1562 3048 1632 pauperibus
3091 1562 3239 1615 misit
3277 1560 3395 1625 me,
3433 1572 3492 1614 nt

1899 1676 2086 1716 sanem
2123 1658 2388 1712 contritas
2413 1656 2598 1720 corde,
2634 1666 2693 1709 ut
2719 1655 3002 1722 praedicem
3028 1654 3260 1723 captivis
3300 1655 3490 1708 remis-

196 1761 360 1814 8iav'
417 1759 654 1830 κηρύξαι
714 1757 1085 1830 αἰχμαλώτοις
1135 1758 1373 1828 ἄφεσιν,
1426 1758 1520 1811 καὶ
1573 1756 1794 1825 τυφλοῖς

1900 1751 2130 1814 sionem,
2169 1759 2222 1804 et
2249 1749 2410 1804 caecis
2449 1748 2645 1809 visum,
2693 1754 2749 1799 ut
2777 1746 3020 1798 emittam
3058 1746 3366 1800 catafractos
3397 1759 3492 1813 per
3563 1821 3573 1832 θ

197 1850 528 1919 ἀνάϐλεψιν
583 1850 906 1903 ἀποστεῖλαι
963 1849 1410 1919 τεθραυσμένους
1452 1850 1508 1901 ὲν
1558 1848 1788 1916 ἀφέσει·

205 1942 445 2013 κηρύξαι
497 1942 746 1994 ἐνιαυτὸν
802 1942 1011 2012 Κυρίου
1069 1929 1278 1995 δεκτόν.
1335 1943 1445 1996 Καὶ
1495 1940 1706 2007 πτύξας
1734 1937 1796 1992 τὸ

200 2035 428 2105 βιϐλίον,
469 2035 703 2098 ἀποδοὺς
736 2036 816 2105 τῷ
842 2034 1116 2107 ὑπηρέτῃ,
1147 2035 1373 2089 ἐκάθισε
1406 2051 1418 2062 ·
1457 2034 1552 2089 καὶ
1577 2035 1795 2088 πάντων

196 2128 249 2179 ol
285 2125 556 2197 ὀφθαλμοὶ
586 2129 643 2180 ὲν
663 2129 728 2198 τῇ
758 2128 1058 2198 Συναγωγῇ
1081 2122 1222 2198 ἦσαν
1252 2127 1591 2190 ἀτενίζοντες
1621 2124 1792 2194 αύτῷ.

200 2220 449 2289 ’Ἤρξατο
477 2220 533 2274 δὲ
563 2219 746 2288 λέγειν
778 2220 915 2290 πρὸς
946 2221 1167 2283 αὐτοὺς,
1193 2219 1272 2272 ὅτι
1298 2219 1545 2289 Σήμερον
1586 2216 1796 2288 πεπλή-

201 2328 373 2382 ρωται
401 2313 433 2382 ή
463 2311 654 2385 Γραφὴ
679 2310 818 2381 αὕτη
838 2313 894 2364 ὲν
923 2313 1034 2375 τοῖς
1061 2311 1193 2366 ὠσὶν
1222 2310 1396 2381 ὑμῶν,
1434 2329 1453 2362 ι
1502 2309 1797 2362 Ἢϐούλετο

202 2401 310 2473 μὲν
334 2404 363 2456 ὁ
387 2402 592 2475 Κύριος
623 2403 839 2474 ἐμφανῆ
865 2403 1057 2456 ἑαυτὸν
1096 2405 1436 2472 καταστῆσαι
1469 2404 1582 2465 τοῖς
1617 2402 1796 2472 Ἰσρα-

198 2496 437 2566 ηλίταις,
471 2495 564 2550 καὶ
597 2497 680 2550 ὃτι
724 2495 874 2567 παρὰ
905 2495 1001 2549 τοῦ
1032 2494 1168 2548 Θεοῦ
1195 2495 1286 2549 καὶ
1326 2494 1539 2564 Πατρδς
1567 2493 1796 2565 ἐχρίσθη

197 2587 284 2649 εἰς
305 2587 366 2640 τὸ
392 2586 565 2641 σῶσαι
609 2587 737 2652 τοὺς
770 2585 860 2640 ὑπ’
913 2587 1166 2657 οὐρανόν.
1226 2585 1561 2656 Θαυμασίως
1599 2587 1657 2641 δὲ
1701 2588 1798 2640 καὶ

197 2676 362 2734 τοῦτο
397 2681 694 2747 οἰκονομεῖ.
754 2680 867 2749 ΙΙρῦ
916 2679 1027 2731 τῶν
1081 2679 1256 2732 ἄλλων
1307 2683 1421 2742 τοῖς
1454 2682 1512 2733 ὲν
1541 2679 1796 2750 Ναζαρὲτ

199 2771 397 2826 ἑαυτὸν
451 2769 793 2841 ἐμφανίζων,
825 2768 909 2836 οἷς
942 2771 1322 2843 συνανετράφη
1348 2787 1362 2803 ·
1404 2773 1490 2826 ἵνα
1522 2773 1614 2826 καὶ
1649 2773 1795 2842 ἡμᾶς

199 2862 414 2934 διδάξῃ,
456 2863 724 2934 πρότερον
754 2863 882 2925 τοὺς
909 2864 1144 2930 οἰκείους
1186 2865 1523 2934 εὐεργετεῖν,
1549 2864 1647 2916 καὶ
1673 2864 1796 2917 τού-

199 2972 330 3019 τους
358 2954 716 3021 ἐκδιδάσκειν,
751 2951 870 3010 εἶτα.
895 2956 989 3007 καὶ
1019 2956 1101 3018 είς
1137 2956 1265 3020 τοῦς
1289 2957 1510 3020 λοιποὺς
1538 2959 1637 3026 τὴν
1675 2958 1796 3027 φιλ-

201 3044 525 3115 ανθρωπίαν
591 3047 827 3116 ὲκχέειν.
897 3045 1174 3101 Ἑπιδοθὲν
1237 3048 1295 3101 δὲ
1375 3048 1526 3121 αὐτῷ
1592 3049 1794 3120 βιϐλίον

1899 1842 2300 1904 remissionem,
2327 1850 2382 1896 ut
2403 1839 2692 1909 praedicem
2721 1853 2921 1891 annum
2942 1837 3156 1891 Domini
3182 1847 3486 1908 acceptum.

1901 1935 1964 1988 Et
1995 1935 2326 2005 complicato
2368 1933 2508 2001 libro
2559 1931 2794 1986 reddidit
2846 1933 3120 1998 ministro,
3170 1947 3235 1987 ac
3266 1931 3489 1987 resedit.

1897 2025 1966 2080 Et
2002 2029 2243 2082 omnium
2279 2028 2330 2080 in
2371 2024 2653 2097 Synagoga
2691 2025 2831 2078 oculi
2867 2033 3023 2078 erant
3054 2025 3217 2079 defixi
3256 2026 3307 2078 in
3341 2038 3487 2078 eum.

1896 2119 2074 2189 Coepit
2104 2131 2286 2173 autem
2317 2120 2502 2174 dicere
2533 2119 2598 2174 ad
2631 2118 2789 2172 illos:
2815 2117 2988 2172 Hodie
3015 2118 3232 2185 impleta
3269 2127 3354 2172 est
3377 2118 3491 2172 haec

1899 2214 2182 2282 Scriptura
2246 2213 2296 2265 in
2349 2213 2573 2267 auribus
2636 2212 2854 2266 vestris.
2903 2231 2922 2264 ι
2976 2210 3210 2266 Volebat
3267 2211 3488 2282 quidem

1896 2305 2055 2362 Jesus
2106 2306 2451 2359 manifestqu
2490 2320 2549 2359 se
2580 2305 2804 2359 reddere
2861 2304 3145 2370 lsraelitis,
3178 2315 3234 2359 et
3279 2304 3422 2375 quod
3460 2319 3489 2358 a

1899 2403 2107 2457 Deo‘ac
2140 2399 2303 2455 Patre
2336 2409 2536 2456 unctus
2573 2402 2640 2457 sit
2668 2413 2722 2456 ut
2755 2403 2925 2458 salvet
2954 2417 3048 2458 eos
3078 2403 3172 2473 qui
3214 2402 3317 2456 sub
3352 2401 3491 2459 caelo

1900 2502 2046 2545 sunt.
2075 2489 2207 2544 Cum
2243 2506 2432 2564 magna
2467 2493 2828 2556 admiratione
2859 2502 2913 2548 et
2947 2495 3049 2549 hoc
3067 2495 3196 2564 agit.
3226 2493 3345 2550 Prae
3368 2495 3491 2551 aliis

1901 2594 2080 2639 autem
2127 2601 2185 2640 se
2233 2585 2528 2641 Nazarenis
2583 2603 2702 2640 cum
2760 2588 2961 2658 quibus
3024 2591 3486 2673 couversabatur,

1901 2677 2213 2732 manifestat
2247 2697 2258 2732 :
2293 2688 2349 2731 ut
2380 2687 2434 2732 et
2467 2694 2563 2732 nos
2613 2678 2827 2744 doceat,
2871 2679 3105 2748 primum
3153 2689 3206 2734 et
3255 2682 3490 2750 propriis

1902 2762 2248 2833 benefacere,
2299 2782 2465 2840 atque
2511 2771 2633 2826 illos
2687 2771 2908 2837 docere,
2949 2781 3005 2826 et
3045 2781 3232 2843 postea
3268 2773 3319 2826 in
3356 2772 3493 2830 alios

1901 2871 2116 2925 quoque
2169 2857 2558 2940 benignitatem
2596 2859 3008 2914 transfundere.
3044 2858 3218 2916 Porro
3246 2860 3491 2916 oblatum

1899 2948 2004 3005 sibi
2025 2949 2218 3004 librum
2248 2951 2479 3018 aperuit,
2507 2966 2572 3006 ac
2598 2951 2825 3017 invenit,
2843 2967 2952 3006 non
2977 2953 3116 3022 quod
3142 2949 3283 3008 forte
3304 2967 3496 3008 occur-

1901 3042 1992 3106 rit,
2018 3041 2181 3112 300
2209 3046 2301 3096 sed
2328 3044 2468 3112 quod
2518 3044 2633 3113 ipse
2680 3044 2868 3100 voluit.
2913 3044 2995 3102 Ne
3028 3045 3173 3100 enim
3205 3047 3490 3102 existimes

202 3136 494 3204 ἀνέπτυξε,
536 3141 632 3192 καὶ
673 3131 854 3204 εὗρεν,
892 3138 991 3208 οὐχ
1020 3138 1048 3191 ὃ
1076 3141 1406 3210 παρέτυχεν,
1439 3140 1556 3194 ἀλλ’
1578 3141 1606 3193 ὃ
1641 3141 1795 3210 ὴϐούυ

1902 3134 2042 3189 forte
2079 3146 2267 3205 aperto
2318 3135 2458 3190 llbro
2494 3136 2751 3192 incidisse
2785 3153 2909 3192 eum
2947 3139 2999 3192 in
3044 3138 3194 3192 illum
3230 3139 3404 3194 locum
3435 3141 3489 3195 lu

202 3229 332 3282 λετο
382 3232 566 3293 αὑτός.
610 3231 702 3289 Μὴ
740 3230 846 3301 γάρ
895 3229 1104 3300 νόμιζε,
1161 3232 1243 3285 ὅτι
1297 3232 1439 3285 κατὰ
1503 3233 1794 3304 συντυχίαν

202 3321 518 3388 ἀνοίξαντος
543 3323 708 3376 αὑτοῦ
739 3322 800 3385 τὸ
831 3322 1060 3392 βιϐλίον,
1093 3324 1292 3395 εὑρέθη
1318 3325 1528 3390 ὀτὸττος
1562 3329 1790 3392 ἐκεῖνος,

201 3409 268 3470 οὗ
304 3415 616 3488 ἐγέγραπτο
644 3416 713 3469 τὰ
738 3417 866 3487 περὶ
897 3417 1066 3471 αὐτοῦ
1089 3435 1101 3448 ·
1131 3419 1246 3472 ἀλλ’
1271 3419 1436 3472 αὑτοῦ
1468 3419 1796 3491 θελήσαντος

203 3505 368 3559 τοῦτο
392 3507 631 3574 ἐγένετο.
660 3509 724 3561 Τί
743 3507 795 3561 δὲ
815 3509 1162 3580 ὲγέγραπτο;
1187 3511 1311 3564 ’Ὁτι
1346 3509 1563 3580 πνεῦμα
1591 3511 1795 3580 Κυρίου

206 3597 394 3668 ἔχρισέ
419 3616 509 3668 με,
529 3599 829 3664 τουτέστιν,
854 3601 1129 3673 ἀφιέρωσέ
1160 3621 1248 3672 με.
1273 3603 1595 3672 Κατέστησέ
1620 3621 1687 3673 με
1719 3606 1797 3667 είς

204 3693 271 3744 τὸ
297 3691 762 3760 εὐαγγελίσασθαι
784 3698 895 3758 τοῖς
922 3700 1184 3767 πτωχοῖς,
1216 3697 1466 3750 τουτέστι
1510 3699 1621 3760 τοῖς
1650 3696 1798 3749 ἔθνε-

208 3802 299 3838 σιν
323 3825 339 3850 ,
377 3784 412 3837 ἃ
442 3783 566 3838 οὔτε
602 3786 782 3855 νόμον,
821 3786 946 3840 οὔτε
998 3790 1285 3860 προφήτας
1335 3791 1550 3859 ἔχοντα,
1578 3791 1656 3860 τῷ
1683 3791 1796 3844 ὄντι

209 3877 274 3932 ἐν
303 3874 472 3946 πολλῇ
509 3877 753 3946 πτωχείᾳ
799 3873 968 3947 ἦσαν·
1006 3881 1054 3931 oi.
1097 3879 1152 3932 δὲ
1187 3882 1647 3950 συντετριμμένοι
1698 3881 1798 3952 τὴν

207 3967 475 4035 καρδίαν,
538 3962 676 4037 ἦσαν
742 3967 882 4037 τάχα
927 3971 976 4021 οἱ
1032 3969 1092 4034 ἐξ
1149 3969 1399 4042 Ἰσραὴλ,
1472 3964 1547 4026 ὧν
1586 3974 1618 4042 ἡ
1662 3988 1799 4043 καρ-

204 4059 298 4112 δία
346 4059 607 4130 πρότερον
664 4061 872 4132 μεγάλη
909 4079 966 4115 τε
1007 4057 1075 4133 ἦν
1111 4063 1207 4117 κς).
1244 4064 1444 4134 ὑψηλὴ,
1501 4064 1596 4117 καὶ
1648 4059 1798 4128 οἶκος

207 4150 368 4204 Θεοῦ.
397 4150 661 4222 ’Ὕστερον
688 4152 744 4206 δὲ
767 4153 1370 4225 είδωλολατρησάντων,
1407 4155 1499 4208 καὶ
1524 4154 1798 4226 διαφόρως

205 4243 610 4313 ἁμαρτόντωνέ,
663 4245 952 4315 συνετρίϐη
985 4247 1019 4316 ή
1055 4246 1251 4311 καρδία
1299 4247 1500 4314 αὐτῶν,
1534 4249 1624 4300 καὶ
1663 4265 1797 4301 κατ-

205 4335 400 4404 ελύθη.
421 4336 543 4388 ἀντὶ⁹
585 4336 681 4389 τοῦ
710 4332 857 4400 οἶκος
890 4332 1027 4391 εἶναι
1050 4338 1205 4403 Θεοῦ,
1237 4340 1504 4412 γενομένη
1535 4342 1798 4412 σπήλαιον

1897 3241 2008 3297 quo
2048 3225 2166 3280 haec
2211 3227 2278 3280 de
2323 3227 2440 3298 ipso
2490 3227 2692 3298 scripta
2729 3238 2887 3284 erant
2919 3247 2934 3285 :
2969 3245 3091 3284 nam
3127 3231 3246 3301 ipso
3278 3231 3492 3287 volente

1898 3317 2005 3372 hoc
2039 3317 2258 3372 accidit.
2294 3318 2434 3386 Quid
2486 3330 2679 3379 autem.
2727 3321 2988 3390 scriptum
3050 3322 3204 3378 erat?
3256 3323 3494 3395 Spiritus

1901 3409 2116 3465 Domini
2171 3411 2329 3465 unxit
2363 3428 2472 3473 me,
2507 3413 2609 3468 hoc
2639 3422 2745 3478 est,
2777 3417 3118 3470 consecravit
3147 3432 3255 3483 me,
3287 3420 3496 3474 constio

1903 3503 2004 3556 tuit
2033 3518 2139 3566 me,
2175 3512 2234 3556 ut
2259 3506 2695 3573 evangelizarem
2721 3508 3077 3576 pauperibus,
3108 3509 3209 3564 hoc
3230 3518 3335 3576 est,
3363 3525 3495 3581 gen-

1903 3596 2046 3650 tibus
2082 3610 2204 3664 qua:
2230 3610 2406 3664 neque
2438 3597 2635 3666 legem,
2661 3614 2838 3667 neque
2871 3602 3162 3672 prophetas
3195 3602 3491 3669 habebant,

1901 3694 1956 3741 et
2004 3701 2192 3741 revera
2241 3688 2397 3742 valde
2451 3704 2719 3756 pauperes
2779 3702 2960 3747 erant.
3020 3693 3258 3749 Contriti
3311 3707 3492 3751 autem

1900 3781 2067 3832 corde
2110 3777 2363 3835 fortassis
2393 3780 2615 3836 fuerunt
2637 3782 2921 3852 lsraelitm,
2959 3801 3192 3856 quorum
3217 3805 3314 3843 cor
3341 3792 3494 3859 prius

1901 3870 2006 3926 fuit
2045 3888 2298 3941 magnum
2331 3883 2384 3929 el
2416 3875 2670 3944 sublime,
2704 3889 2760 3933 et
2795 3879 2988 3935 domus
3017 3880 3133 3937 Dei.
3168 3881 3363 3940 Postea
3392 3901 3491 3940 au-

1905 3971 2011 4018 tem
2050 3962 2138 4018 ubi
2189 3979 2387 4022 vacare
2441 3978 2725 4038 coeperunt
2778 3970 2963 4038 idolis,
3009 3983 3065 4027 et
3099 3975 3268 4030 variis
3319 3978 3496 4033 modis

1903 4065 2222 4123 peccarunt,
2252 4059 2546 4114 contritum
2567 4071 2621 4113 et
2654 4063 2991 4118 destructum
3022 4073 3108 4121 est
3131 4081 3228 4122 cor
3252 4067 3493 4137 Illorum,

1904 4146 2007 4202 hoc
2037 4156 2144 4215 est,
2204 4149 2396 4205 domus
2433 4151 2527 4206 Dei
2578 4151 2718 4207 facta
2755 4165 2838 4209 est
2892 4158 3150 4226 spelunca
3195 4159 3492 4219 latronum.

1905 4239 2067 4294 Venit
2101 4240 2268 4311 igitur
2306 4239 2569 4299 Dominus
2598 4254 2655 4300 ut
2685 4259 2738 4300 et
2767 4247 2888 4302 illos
2909 4262 3148 4319 sanaret,
3181 4264 3234 4307 et
3266 4254 3494 4323 captivis

1906 4334 2279 4390 remissionem
2326 4337 2505 4403 daret,
2537 4348 2590 4393 et
2626 4340 2785 4394 caecis
2813 4342 3011 4409 visum,
3041 4344 3144 4400 hoc
3201 4356 3286 4402 est
3315 4350 3495 4419 genti-

204 4425 445 4497 λῃστῶν.
478 4421 682 4481 Ἦλθεν
712 4423 805 4482 οὖν
836 4431 862 4482 ὁ
887 4431 1112 4499 Κύριος,
1147 4431 1234 4484 ἵνα
1256 4435 1346 4484 καὶ
1385 4432 1608 4498 τούτους
1637 4436 1795 4507 ἰάση-

1906 4425 2005 4480 bus
2023 4437 2078 4482 et
2101 4424 2324 4484 Iudaeis.
2359 4430 2535 4485 Ambo
2553 4432 2700 4488 enim
2726 4433 2804 4486 illi
2823 4435 3004 4505 populi
3025 4445 3082 4492 et
3103 4440 3306 4508 captivi
3333 4451 3490 4497 erant

204 4536 320 4584 ται,
369 4519 463 4572 καὶ
506 4520 616 4582 τοῖς
661 4521 1029 4590 αἰχμαλώτοις
1081 4523 1137 4576 δὲ
1198 4525 1415 4593 ἄφεσιν,
1448 4526 1544 4580 καὶ
1577 4529 1798 4597 τυφλοῖς

204 4609 507 4681 ἀνάϐλεψιν
529 4611 626 4682 δῷ,
659 4614 771 4676 τοῖς
799 4630 858 4666 τε
891 4613 948 4680 ἐξ
975 4614 1145 4667 ἐθνῶν
1174 4620 1268 4669 καὶ
1308 4621 1422 4680 τοῖς
1455 4618 1514 4683 ὲξ
1557 4619 1794 4690 Ἰσραήλ.

221 4704 541 4774 ’Δμφότερα
569 4705 679 4777 γὰρ
705 4706 880 4761 ταῦτα
899 4708 967 4759 τὰ
993 4708 1134 4780 μέρη
1179 4710 1274 4762 καὶ
1310 4711 1632 4781 αἰχμάλωτα
1657 4708 1798 4785 ἦσαν

206 4795 320 4849 ὑπὸ
370 4796 460 4848 τὸν
508 4796 776 4863 Σατανᾶν,
831 4797 928 4851 καὶ
975 4800 1173 4869 τυφλά.
1227 4800 1579 4858 Δύνανταιδὲ
1624 4797 1798 4860 ταῦτα

205 4887 472 4958 νοηθῆναι
513 4891 608 4943 καὶ
640 4892 771 4960 περὶ
803 4892 911 4944 τῶν
945 4893 1155 4963 νεκρῶν
1187 4910 1198 4922 ·
1239 4897 1335 4949 καὶ
1363 4891 1510 4951 οὗτοι
1538 4899 1647 4970 γὰρ
1672 4904 1797 4970 αἰχ-

210 4981 457 5053 μάλωτοι
510 4982 662 5046 ὄντες
701 4984 796 5037 καὶ
829 4984 1246 5056 τεθραυσμένοι,
1293 4989 1648 5063 ἀπελύθησαν
1691 4993 1794 5062 τῆς

205 5073 310 5129 τοῦ
335 5074 462 5146 ᾅδου
495 5075 742 5140 ἐξουσίας
780 5077 870 5131 διὰ
915 5077 1020 5144 τῆς
1050 5082 1402 5145 ἀναστάσεως
1423 5099 1438 5114 ο
1477 5085 1712 5156 ἐκήρυξε
1742 5087 1798 5141 δὲ

207 5164 312 5219 καὶ
341 5166 586 5219 ινιαυτδν
619 5167 830 5222 δεκτόν.
868 5167 967 5233 Τίς
995 5163 1052 5224 δὲ
1082 5168 1150 5242 ἦν
1181 5175 1208 5227 ὁ
1238 5175 1486 5238 ὲνιαυτὸς
1518 5178 1546 5229 ὁ
1570 5177 1792 5246 δεκτός;

208 5253 366 5324 Τάχα
422 5253 522 5325 μὲν
569 5257 660 5309 καὶ
691 5259 719 5310 ὁ
756 5259 966 5328 μέλλων
1006 5262 1165 5328 αἰὼν,
1208 5268 1336 5334 περὶ
1385 5260 1446 5318 οῦ
1480 5269 1746 5340 ἐκήρυξεν
1770 5273 1797 5324 ὁ

211 5344 444 5417 Κύριος,
478 5349 652 5417 λέγων
677 5366 690 5381 ο
733 5352 820 5405 Ἐν
849 5353 1031 5425 ἐκείνῃ
1061 5359 1127 5426 τῇ
1156 5358 1339 5428 ἡμέρᾳ
1359 5360 1459 5413 οὐκ
1493 5363 1799 5433 έρωτήσετέ

215 5457 284 5510 με
316 5440 492 5496 οὐδέν.
549 5444 659 5496 Καὶ
711 5444 874 5498 πάλιν
896 5462 910 5478 ο
953 5447 1215 5518 Ἔρχεται
1248 5449 1367 5522 ὥρα
1413 5454 1502 5507 ὅτε
1535 5456 1584 5508 οί
1613 5460 1800 5528 νεκροὶ

211 5533 632 5601 ἀναστήσονται.
684 5535 884 5599 Δεκτὸς
928 5535 985 5589 δέ
1025 5539 1175 5592 ἐστιν
1228 5540 1436 5605 ἐκεῖνος
1468 5546 1496 5597 ὁ
1529 5546 1797 5611 ἐνιαυτὸς,

209 5624 518 5688 τουτέστιν,
565 5625 903 5698 ἐπιθυμητδς
938 5631 1051 5693 τοῖς
1079 5631 1312 5696 δικαίοις
1352 5636 1444 5688 καὶ
1474 5638 1797 5710 ἐπέραστος·

211 5716 276 5772 δν
309 5717 702 5788 προσδέχονται
755 5721 958 5786 πάντες
1005 5724 1055 5776 οί
1103 5725 1342 5781 ἐνταῦθα
1397 5729 1796 5802 ἐργαζόμενοι·

291 5883 336 5915 τι
367 5883 409 5937 ll
439 5884 565 5940 Cor.
617 5902 689 5952 vl,
720 5886 773 5940 2.

1904 4517 2006 4573 sub
2067 4517 2287 4586 Satana,
2343 4536 2406 4576 ac
2451 4524 2601 4578 caeci.
2646 4522 2885 4580 Possunt
2932 4543 3112 4583 autem
3147 4530 3263 4586 haec
3317 4546 3370 4587 et
3429 4536 3495 4589 de

1902 4612 2134 4669 mortuis
2193 4613 2444 4685 intelligi.
2483 4616 2656 4672 Erant
2705 4621 2850 4675 enim
2883 4632 2939 4677 et
2983 4623 3059 4679 illi
3093 4627 3294 4694 captivi
3331 4638 3494 4699 atque

1897 4703 2091 4770 saucii,
2151 4704 2480 4779 liberalique
2520 4720 2646 4766 sunt
2668 4728 2702 4767 a
2735 4723 3007 4782 potestate
3038 4717 3240 4775 inferni
3274 4737 3372 4790 per
3401 4740 3492 4779 re-

1896 4798 2318 4855 surrectionem.
2353 4802 2674 4860 Przedicavit
2707 4806 2837 4861 item
2866 4816 2920 4864 et
2946 4825 3148 4866 annum
3181 4825 3492 4884 acceptum.

1898 4888 2032 4954 Quis
2085 4897 2264 4947 autem
2327 4894 2429 4947 fuit
2494 4911 2670 4953 annus
2725 4900 2812 4954 ille
2865 4908 3160 4972 acceptus?
3218 4903 3494 4966 Fortassis

1899 4982 2155 5037 saeculum
2211 4986 2482 5054 futurum,
2519 4989 2585 5045 de
2617 5006 2724 5060 quo
2761 4996 3074 5063 przrdicavit
3108 4997 3372 5056 Dominus
3407 5004 3494 5060 di-

1899 5087 2028 5129 cens
2061 5093 2074 5129 :
2111 5074 2169 5130 1n
2199 5078 2288 5133 die
2319 5080 2405 5134 illa
2445 5097 2550 5137 non
2603 5084 3013 5157 interrogabitis
3046 5108 3134 5148 tne
3165 5096 3489 5167 quidquam.

1901 5165 1966 5222 Et
1998 5168 2192 5223 iterum
2227 5188 2242 5227 :
2278 5170 2438 5228 Venit
2475 5173 2608 5229 hora
2663 5182 2883 5248 quando
2919 5186 3118 5238 mortui
3171 5165 3486 5259 resurgent.

1900 5265 2178 5338 Acceptus
2204 5280 2386 5326 autem
2417 5283 2501 5328 est
2541 5273 2634 5330 ille
2665 5293 2861 5345 annus,
2913 5280 3016 5336 hoc
3039 5293 3124 5338 est
3153 5282 3494 5343 desiderabi-

1901 5359 1988 5428 lis,
2017 5372 2070 5415 et
2094 5361 2255 5430 justis
2288 5366 2539 5421 amabilis
2573 5385 2586 5421 :
2625 5384 2786 5437 quem
2820 5385 3142 5442 exspectant
3181 5393 3371 5435 onmes
3396 5383 3491 5450 qui

1902 5453 1991 5508 hic
2036 5469 2353 5524 operantur.
2388 5459 2484 5514 Est
2515 5470 2693 5516 autem
2740 5472 2795 5517 et
2831 5474 3042 5534 tempus
3093 5466 3358 5526 Dominici
3391 5474 3492 5528 ad-

1900 5558 2093 5604 ventus
2126 5550 2178 5604 in
2217 5564 2384 5607 carne
2439 5568 2613 5610 anuus
2667 5570 2925 5627 acceptus
2962 5577 2975 5613 :
3006 5563 3072 5616 de
3124 5578 3233 5634 quo
3286 5564 3491 5622 Paulus

1901 5645 2078 5699 dicit:
2119 5663 2137 5697 ι
2185 5645 2340 5700 Nunc
2397 5657 2607 5719 tempus
2658 5661 2742 5705 est
2795 5657 3151 5725 acceptabile,
3204 5673 3347 5714 lttlllc
3376 5660 3493 5716 dies

1902 5734 2095 5791 salutis
2126 5735 2196 5790 “.
2238 5755 2255 5788 ι
2303 5736 2474 5797 Porro
2509 5741 2598 5796 ubi
2636 5742 2751 5800 haec
2793 5744 2946 5817 legit,
2976 5748 3156 5806 dixit:
3186 5748 3357 5807 Hodie
3388 5753 3495 5810 im-
