4110 6332
710 417 810 483 75!

1623 405 2204 469 THEOPHYLACTl
2255 387 2669 466 BULGARIE
2701 399 3054 464 ARCHIEP.
3887 392 3967 456 732
4053 387 4055 480 l

4045 78 4055 456 ί

710 535 852 602 pleta
880 538 961 583 est
991 528 1258 597 scriptura
1312 524 1426 579 hac
1456 523 1509 578 in
1545 522 1766 576 auribus
1825 521 2043 582 vestris.
2097 520 2269 574 maui-

2383 519 2494 573 ἐστι
2521 517 2586 572 δὶ
2618 517 2714 572 καὶ
2743 519 2771 571 ὁ
2796 519 2897 584 τῆς
2945 515 3040 569 τοῦ
3097 514 3306 586 Κυρίου
3355 513 3433 602 ἐν.
3463 511 3646 583 σαρκὶ
3699 510 3967 580 ἐπιδημῶ

712 621 850 675 feste
876 634 935 673 se
970 616 1315 670 audientibus
1360 611 1768 674 commendans,
1802 609 1924 678 quia
1970 608 2089 677 ipse
2114 607 2184 662 sit
2211 609 2279 663 de

710 728 816 778 quo
846 713 959 764 hac
984 709 1180 777 scripta
1211 705 1433 759 fuerint.

2392 611 2584 681 καιρὸς
2634 609 2880 671 ἐνιαυτὸς
2944 608 3170 670 δεκτός·
3221 606 3349 676 περὶ
3376 598 3442 658 οὗ
3483 606 3513 658 ὁ
3551 602 3780 665 Παῦλος
3813 603 3957 670 λέγει·

2393 722 2412 754 ι
2441 702 2555 756 Νῦν
2582 703 2769 770 καιρὸς
2804 700 3202 771 εὐπρόσδεκτος
3225 717 3237 729 ·
3273 698 3368 752 νῦν
3394 698 3582 769 ἡμέρα
3615 695 3914 763 σωτηρίας.
3949 718 3959 744 ι

724 804 1014 869 Ἀναγνοὺς
1043 800 1100 853 δὲ
1146 795 1344 861 ταῦτα,
1388 793 1530 858 εἷπε,
1590 795 1837 864 Σήμερον
1867 793 2227 863 πεπλήρωται
2288 795 2322 865 ἡ
2361 795 2552 867 Γραφὴ
2605 794 2746 864 αὕτη
2791 795 2848 846 ἐν
2915 797 3025 856 τοῖς
3075 793 3206 845 ὠσὶν
3260 791 3434 861 ὑμῶν,
3474 789 3742 859 φανερῶς
3799 789 3967 840 ἐαυτν
4054 791 4055 800 ‘

712 893 987 965 παριστῶν
1039 895 1150 954 τοῖς
1192 892 1502 955 ἀκούουσιν,
1558 889 1639 942 ὅτι
1681 888 1840 952 αὐτός
1887 890 2001 941 ἐστι
2052 889 2179 958 περὶ
2209 882 2270 943 οὗ
2307 889 2477 944 ταῦτα
2497 889 2830 960 γέγραπται.

783 991 951 1044 Vens.
978 989 1168 1042 22-30.
1201 1005 1218 1038 ι
1252 987 1314 1041 Et
1342 1000 1527 1041 omnes
1562 986 1927 1039 testimonium
1960 985 2032 1037 illi
2061 983 2256 1038 dabant

709 1097 769 1133 ac
802 1083 1136 1133 mirabantur
1186 1093 1352 1148 super
1400 1077 1573 1147 gratia
1609 1091 1920 1131 sermonum
1969 1074 2059 1144 qui
2093 1091 2279 1143 proce-

708 1175 907 1229 debant
941 1188 1006 1225 ex
1043 1186 1135 1224 ure
1176 1171 1365 1237 ipsius,
1423 1171 1824 1237 dicebantque:
1858 1167 2044 1222 Nonne
2081 1167 2164 1242 hic
2194 1177 2277 1223 est

712 1267 852 1318 filius
885 1262 1120 1329 Ioseph?
1151 1261 1213 1315 Et
1239 1263 1314 1315 ait
1348 1260 1449 1315 illis
1478 1277 1491 1314 :
1516 1258 1747 1314 Omnino
1774 1259 1964 1313 dicetis
1982 1257 2112 1312 mihi
2141 1249 2279 1312 hanc

676 1359 808 1412 Isim
836 1355 1137 1416 Iitudiuem,
1179 1353 1412 1414 Medice,
1447 1367 1571 1406 cura
1625 1352 1877 1421 teipsum.
1928 1349 2272 1416 Qniecunqne

711 1446 1015 1500 audivimus
1053 1447 1188 1497 facta
1221 1444 1272 1495 in
1305 1443 1664 1512 Capernaum,
1711 1441 1794 1496 fac
1823 1450 1877 1496 et
1905 1444 1988 1496 hic
2021 1443 2070 1494 in
2100 1442 2273 1510 patria

715 1547 822 1591 tua.
859 1535 944 1590 Ait
975 1545 1152 1588 autem
1192 1549 1204 1586 :
1243 1534 1412 1586 Amen
1452 1534 1570 1585 diro
1606 1535 1778 1597 vobis,
1813 1547 1970 1586 nemo
2013 1531 2275 1601 propheta

710 1637 961 1694 acceptus
987 1635 1068 1679 est
1099 1625 1150 1678 in
1186 1627 1356 1693 pa‘ria
1394 1641 1510 1677 sua.
1543 1624 1644 1677 Sed
1681 1623 1733 1690 i_u
1779 1623 2000 1677 veritate
2030 1624 2150 1676 dico
2178 1638 2274 1675 vo-

2460 1007 2477 1038 ι
2517 987 2628 1041 Καὶ
2666 987 2865 1048 πάντες
2915 986 3260 1055 ἐμαρτύρουν
3290 985 3461 1054 αὐτῷ.
3503 984 3615 1037 Kal
3668 981 3967 1050 ἐθαύμαζον
4054 1013 4055 1016 η

2379 1081 2470 1133 ἐπὶ
2500 1083 2608 1143 τοῖς
2637 1077 2816 1146 λόγοις
2849 1078 2946 1148 τῆς
2977 1079 3196 1147 χάριτος
3232 1079 3342 1139 τοῖς
3389 1077 3868 1147 ἐκπορευομένοις
3905 1077 3955 1124 ἐκ

2379 1171 2472 1223 τοῦ
2497 1171 2763 1241 στόματος
2796 1169 2988 1234 αὑτοῦ,
3038 1169 3131 1222 καὶ
3167 1169 3346 1237 ἔλεγον
3367 1184 3380 1198 ο
3419 1169 3530 1236 Οὐχ
3565 1159 3732 1229 οὗτός
3766 1167 3952 1217 ἐστινὸ

2380 1263 2495 1325 υίὸς
2528 1263 2617 1314 τοῦ
2657 1261 2890 1331 Ίωσήφ;
2951 1262 3058 1314 Καὶ
3101 1259 3221 1313 εἶπε
3274 1260 3407 1329 πρὸς
3458 1260 3680 1320 αὐτοὺς,
3740 1259 3952 1319 Πάντως
4054 1289 4055 1336 γ

2377 1353 2550 1422 ἐρεῖτέ
2586 1369 2675 1423 μοι
2709 1355 2808 1422 τὴν
2843 1353 3160 1421 παραϐολὴν
3190 1350 3411 1420 ταύτην,
3461 1350 3656 1420 ’ίατρέ,
3700 1349 3960 1418 θεράπευ-
4054 1349 4055 1360 ¹

2384 1462 2477 1497 σον
2505 1447 2728 1498 σεαυτόν
2747 1463 2758 1475 ·
2783 1448 2882 1499 ὅσα
2915 1445 3231 1513 ἠκούσαμεν
3261 1445 3530 1511 γενόμενα
3554 1446 3613 1493 ἐν
3650 1445 3718 1511 τῇ
3752 1444 3966 1511 Καπερ-

2383 1533 2579 1603 ναοὺμ,
2618 1535 2842 1604 ποίησον
2874 1536 2969 1588 καὶ
3001 1528 3101 1587 ὧδε
3133 1536 3190 1586 ἐν
3217 1537 3280 1602 τῇ
3305 1533 3523 1603 πατρίδι
3555 1549 3673 1585 σου.
3715 1526 3855 1583 Eine
3883 1533 3963 1583 δε·

2382 1627 2557 1695 Ἀμὴν
2581 1627 2725 1694 λέγω
2775 1628 2925 1696 ὑμῖν,
2962 1628 3042 1680 ὅτι
3079 1627 3252 1689 οὐδεὶς
3294 1629 3578 1697 προφήτης
3604 1625 3795 1685 δεκτός
3829 1629 3964 1677 ἐστιν

711 1720 791 1772 bis
821 1735 836 1772 :
869 1719 1048 1773 multae
1087 1718 1259 1771 vidua:
1299 1728 1454 1771 erant
1507 1718 1558 1769 in
1601 1717 1795 1781 diebus
1839 1717 1966 1770 Elite
2015 1717 2067 1770 in
2113 1716 2274 1771 Israel

2383 1720 2436 1772 ἐν
2465 1723 2532 1790 τῇ
2565 1721 2786 1789 πατρίδι
2824 1720 3009 1774 αὑτοῦ.
3070 1720 3189 1773 Ἐπ’
3235 1719 3496 1789 ἀληθείας
3536 1720 3592 1771 δὲ
3626 1718 3775 1785 λέγω
3818 1720 3961 1786 ὑμῖν,

709 1811 924 1877 quando
949 1813 1190 1864 clausum
1211 1820 1292 1863 est
1323 1809 1517 1862 coelum
1541 1809 1698 1862 annis
1729 1808 1901 1864 tribus
1927 1818 1980 1862 et
2010 1810 2280 1862 mensibus

708 1922 823 1970 sex,
860 1920 982 1960 cum
1013 1905 1152 1958 facta
1189 1911 1334 1957 esset
1365 1902 1535 1956 fames
1571 1916 1763 1971 magna
1795 1916 1889 1970 per
1919 1916 2134 1954 omnem
2169 1911 2277 1953 ter-

709 2015 821 2052 ram
856 2008 871 2056 :
905 2007 959 2051 et
989 1996 1055 2051 ad
1085 1996 1279 2049 nullam
1318 1995 1528 2048 illarum
1574 1995 1770 2048 missus
1808 2004 1891 2047 est
1927 1993 2070 2047 Elias
2099 1993 2200 2047 nisi
2225 1993 2278 2046 iu

713 2087 1016 2157 Sarephtlia
1064 2085 1286 2139 Sidonis
1321 2088 1388 2138 ad
1428 2085 1706 2138 mulierem
1754 2081 1998 2138 viduam.
2036 2081 2098 2136 Et
2129 2085 2276 2138 multi

706 2183 904 2251 leprosi
940 2187 1093 2232 erant
1120 2178 1168 2230 iu
1195 2177 1355 2232 Israel
1385 2177 1486 2231 sub
1513 2176 1708 2231 Elisteo
1733 2175 2012 2246 propheta,
2041 2183 2095 2230 et
2121 2190 2280 2229 nemo

705 2287 895 2327 eorum
927 2270 1217 2323 mundatus
1257 2277 1340 2320 est
1366 2266 1466 2320 nisi
1505 2265 1743 2320 Naaman
1778 2262 1967 2338 Syrus.
2001 2265 2062 2320 Et
2091 2264 2277 2334 repleti

707 2369 834 2415 sunt
884 2373 1074 2414 omnes
1119 2359 1168 2411 in
1213 2358 1498 2426 Synagoga
1536 2357 1636 2420 ira,
1673 2357 1785 2410 haec
1845 2357 2149 2412 audientes.
2209 2355 2278 2412 Et

708 2455 1157 2508 insurrexerunt.
1223 2447 1611 2518 ejeceruntque
1673 2447 1823 2500 illum
1861 2461 1890 2499 e
1926 2447 2178 2512 civitate,
2225 2455 2281 2501 et

707 2547 982 2597 duxerunt
1014 2541 1158 2594 illum
1195 2555 1375 2608 usque
1399 2540 1463 2592 ad
1490 2540 1834 2608 supercilium
1869 2538 2088 2601 montis,
2117 2553 2280 2608 super

705 2650 863 2704 quem
917 2632 1105 2687 civitas
1140 2631 1348 2685 illorum
1382 2641 1499 2685 erat
1561 2630 1845 2695 mdiﬂcata,
1884 2639 1938 2682 ut
1969 2631 2275 2701 praecipita-

705 2735 825 2780 rent
849 2738 994 2780 eum.
1014 2721 1142 2791 Ipse
1177 2733 1356 2775 autem
1385 2722 1652 2776 transiens
1670 2735 1766 2789 per
1796 2720 2029 2775 medium
2063 2719 2274 2776 illorum

707 2817 838 2870 ibat.
884 2832 902 2866 ι
951 2811 1088 2866 Cum
1156 2811 1403 2866 audirent
1459 2811 1631 2866 turbae
1700 2825 1822 2880 qua
1889 2813 2203 2868 dicebantur
2246 2831 2275 2867 a

708 2906 963 2970 Christo,
1019 2902 1429 2957 admirabantur
1480 2916 1644 2972 super
1705 2901 2054 2958 sermonibus
2116 2902 2273 2973 301

708 2995 1023 3064 gratiarum.
1055 2991 1401 3048 Admirantes
1435 3002 1636 3059 autem,
1668 2992 1909 3047 dicteriis
1934 2992 2276 3048 incessebant

2383 1811 2575 1863 πολλαὶ
2619 1813 2785 1880 χῆραι
2829 1806 2971 1880 ἦσαν
3004 1813 3060 1864 ἐν
3096 1813 3216 1872 ταῖς
3265 1812 3501 1880 ἡμέραις
3572 1810 3762 1861 Ἦλιου
3807 1811 3862 1860 ἐν
3899 1810 3964 1877 τῷ
4054 1833 4055 1840 η

2381 1896 2619 1970 Ἰσραὴλ,
2680 1903 2767 1954 ὅτε
2819 1901 3070 1970 ἐκλείσθη
3106 1903 3134 1954 ό
3160 1901 3387 1971 οὐρανὸς
3438 1901 3532 1954 ἐπὶ
3573 1901 3670 1970 ἐτη
3709 1900 3842 1970 τρία
3882 1903 3962 1952 καὶ
4054 1897 4055 1902 “

2383 1991 2556 2061 μῆνας
2589 1991 2669 2056 ἐξ,
2714 1993 2790 2056 ὼς
2835 1994 3053 2061 ἐγένετο
3103 1992 3263 2063 λιμὸς
3310 1993 3483 2062 μέγας
3529 1993 3625 2044 ἐπὶ
3660 1994 3845 2044 πᾶσαν
3875 1995 3960 2060 τὴν

2381 2082 2510 2152 γῆν,
2545 2085 2638 2135 καὶ
2684 2084 2818 2154 πρὸς
2853 2084 3110 2154 οὐδεμίαν
3146 2084 3324 2136 αὐτῶν
3357 2083 3617 2153 ἐπέμφθη
3680 2083 3891 2146 Ἠλίας,
3922 2086 3960 2134 εἰ

2383 2175 2567 2245 μὴἐίς
2601 2175 2860 2245 Σαραρθὰ
2903 2175 3000 2244 τῆς
3033 2175 3263 2238 Σιδῶνος
3295 2175 3429 2243 πρὸς
3461 2176 3698 2242 γυναῖκα
3758 2175 3957 2245 χήραν·

2380 2268 2474 2319 καὶ
2503 2266 2689 2318 πολλοὶ
2742 2267 2934 2337 λεπροὶ
2968 2263 3109 2336 ἦταν
3145 2268 3238 2320 ἐπὶ
3286 2266 3597 2320 Ἐλισσαίου
3623 2265 3722 2317 τοῦ
3764 2266 3964 2334 προςηο

2378 2361 2471 2410 του
2503 2358 2559 2409 ἐν
2587 2356 2665 2426 τῷ
2703 2355 2936 2427 Ἰσραὴλ,
2968 2359 3063 2411 καὶ
3103 2358 3282 2421 οὐδεὶς
3316 2358 3497 2412 αὐτῶν
3540 2357 3897 2429 ἐκαθαρίσθη
3923 2361 3962 2408 εἰ

2383 2448 2457 2519 μὴ
2483 2447 2702 2518 Νεεμὰν
2733 2451 2758 2501 ὁ
2780 2448 2971 2520 Σύρος.
3005 2451 3114 2504 Kal
3144 2450 3495 2520 ἐπλήσθησαν
3539 2452 3749 2512 πάντες
3803 2450 3965 2519 θυμοῖ,

2381 2536 2440 2588 ἐν
2468 2537 2533 2606 τῇ
2566 2535 2864 2607 Συναγωγῇ
2891 2536 3225 2601 ἀκούσαντες
3251 2537 3446 2593 ταῦτα.
3469 2540 3583 2593 Καὶ
3609 2541 3963 2600 ἀναστάντες,

2385 2628 2638 2694 ἐεέόαλον
2672 2629 2836 2681 αὑτὸν
2872 2629 2977 2695 ἔξω
3003 2632 3101 2700 τῆς
3137 2629 3380 2694 πόλεως·
3425 2632 3516 2683 καὶ
3559 2633 3776 2702 ἤγαγον
3816 2633 3965 2685 αὐτὶ-ί

2377 2719 2483 2784 ἓως
2508 2722 2606 2790 τῆς
2635 2722 2832 2793 ὀφρύος
2863 2721 2956 2774 τοῦ
2981 2722 3162 2793 ὅρους,
3187 2723 3272 2792 ἐφ’
3304 2715 3364 2776 οὗ
3395 2724 3426 2793 ἡ
3450 2722 3603 2786 πόλις
3629 2725 3821 2777 αὐτῶν
3843 2726 3968 2795 (bno-
4054 2717 4055 2768 ί

2377 2813 2598 2885 sam-.0,
2619 2817 2696 2878 εἰς
2714 2815 2773 2868 τὸ
2793 2814 3235 2885 κατακρημνίσαι
3262 2817 3445 2870 αὐτόν·
3480 2817 3646 2880 αὐτὸς
3666 2818 3723 2870 δὲ
3751 2818 3970 2870 διελθὼδ

2377 2906 2465 2960 διὰ
2505 2908 2671 2978 μέσου
2727 2909 2929 2971 αὐτῶν,
2977 2909 3294 2978 ἐπορεύετο.
3332 2927 3351 2961 ι
3404 2910 3724 2970 Ἀκούοντες
3773 2909 3846 2961 τὰ
3875 2910 3969 2961 ὑπὸ

2379 2998 2614 3068 Χριστοῦ
2647 3000 2912 3069 λεγόμενα
2937 3002 2986 3052 οἱ
3010 2999 3180 3070 ὄχλοι,
3210 2989 3519 3068 ἐθαῦμαζον
3544 3002 3635 3051 ἐπὶ
3655 3001 3772 3060 τοῖς
3799 2999 3968 3066 λόγοις
4054 3025 4055 3032 ι

708 3104 827 3142 eum
856 3087 1095 3140 dicentes
1125 3101 1139 3138 :
1178 3082 1364 3137 Nonne
1397 3083 1485 3136 hic.
1512 3094 1594 3138 est
1627 3085 1773 3138 labri
1803 3084 1990 3138 ﬁlius?
2019 3084 2274 3150 Quamvis

2383 3088 2480 3157 τῆς
2529 3090 2772 3160 χάριτος.
2826 3089 3214 3160 Θαυμάζοντες
3241 3091 3323 3154 δὲ,
3355 3087 3746 3160 διεκωμῴδουν
3786 3089 3966 3152 αὑτὸν,
4054 3117 4055 3160 3

705 3179 832 3246 quid
865 3176 1176 3245 prohiberet
1207 3175 1378 3243 ipsum
1407 3172 1513 3228 dici
1545 3172 1919 3226 admirabilem
1949 3182 2003 3226 et
2028 3172 2276 3226 adorabi-

701 3267 856 3322 lmn?
889 3267 1001 3320 Non
1027 3267 1177 3320 vides
1194 3274 1394 3334 quanta
1427 3262 1598 3318 facit?
1625 3261 1744 3316 Non
1770 3262 1923 3317 audis
1945 3277 2278 3332 quaecunque

708 3359 879 3413 dicit?
917 3355 1120 3412 Deinde
1159 3355 1419 3410 cenviciis
1468 3362 1678 3424 patrem
1713 3352 1857 3408 illius
1887 3353 2139 3408 lacessis?
2172 3353 2275 3407 Re-

709 3469 834 3506 vera
864 3452 928 3505 de
971 3449 1074 3504 illis
1116 3449 1295 3503 dicere
1335 3448 1507 3502 licet:
1543 3445 1684 3500 Ecce
1725 3446 1961 3515 populus
2005 3445 2198 3500 stultus
2226 3453 2279 3498 et

710 3547 911 3612 absque
935 3543 1126 3602 corde;
1155 3538 1292 3592 oculi
1327 3539 1540 3593 illorum
1571 3553 1676 3592 non
1702 3536 1907 3600 vident,
1934 3551 2094 3591 aures
2114 3539 2276 3590 etiam

711 3649 819 3689 nOu
854 3633 1077 3688 audiunt
1108 3631 1174 3682 ’³.
1206 3630 1464 3686 Dominus
1498 3629 1659 3699 igitur
1687 3628 1814 3698 quid
1847 3628 2013 3682 dicit?
2045 3624 2277 3683 Omnino

709 3725 908 3781 dicetis
946 3722 1100 3790 mihi,
1132 3722 1238 3776 Fac
1268 3730 1321 3776 et
1348 3721 1400 3775 in
1441 3723 1612 3789 patria
1644 3728 1729 3773 tua
1776 3720 2040 3775 mirabilia
2069 3734 2188 3789 quae
2221 3720 2275 3774 in

712 3818 1050 3887 Capernaum
1071 3814 1272 3870 fecisti.
1295 3811 1410 3873 H’oc
1428 3813 1572 3868 enim
1597 3821 1680 3867 est
1702 3812 1845 3883 quod
1868 3813 2030 3867 dicit:
2050 3811 2276 3877 Medice,

712 3925 842 3967 cura
875 3912 1125 3980 teipsum.
1154 3907 1506 3964 Pmerbiutii
1548 3907 1692 3960 enim
1726 3914 1846 3959 erat
1890 3906 2028 3973 apud
2061 3904 2280 3961 Iudaeos

713 4003 854 4072 quod
884 3999 1277 4072 aegrotantibus
1328 3997 1553 4052 medicis
1591 3996 1890 4051 dicebatur.
1923 3997 1992 4050 At
2032 4011 2131 4066 ego
2158 3998 2279 4051 dico

710 4098 865 4152 vobis
894 4094 1036 4164 quod
1066 4091 1313 4148 fecissem
1363 4090 1529 4144 multa
1574 4089 1728 4158 signa
1769 4087 1934 4142 etiam
1964 4091 2105 4157 apud
2153 4103 2276 4156 vos,

712 4188 977 4259 patriotas
1014 4198 1163 4239 meos
1191 4201 1206 4237 :
1233 4181 1328 4237 sed
1363 4181 1480 4236 scio
1511 4195 1852 4236 communem
1882 4181 2121 4235 omnium
2147 4179 2280 4236 affe-

713 4292 882 4344 ctum,
918 4277 1059 4347 quod
1093 4281 1513 4329 contemnantur
1542 4272 1707 4326 etiam
1745 4286 1834 4328 res
1875 4271 2145 4338 maximae,
2176 4272 2278 4328 nisi

711 4388 831 4426 cum
862 4385 1000 4425 rara:
1032 4369 1250 4433 fuerint;
1277 4365 1580 4436 si'vulgatze
1625 4364 1736 4420 sint
1753 4374 1814 4420 et
1838 4365 2188 4435 quotidianae,
2223 4374 2278 4420 et

713 4465 792 4518 eis
827 4477 1018 4517 omnes
1072 4461 1290 4528 copiose
1341 4459 1608 4513 fruantur.
1666 4456 1891 4526 Semper
1918 4458 2059 4512 enim
2100 4457 2280 4512 solent

713 4555 960 4610 homines
1012 4567 1129 4605 rara
1155 4565 1210 4605 et
1237 4549 1576 4605 admirabilia
1622 4563 1838 4613 curare,
1871 4551 2149 4620 despicere
2181 4565 2280 4604 au-

717 4657 822 4700 tem
855 4643 1157 4699 communia
1190 4652 1242 4696 et
1269 4640 1577 4694 familiaria.
1607 4639 1676 4694 Et
1701 4640 1903 4696 idcirco
1938 4643 2116 4696 nullus
2150 4657 2277 4712 pro-

713 4738 874 4807 pheta
899 4736 950 4789 in
977 4734 1151 4804 patria
1175 4746 1274 4787 sua
1304 4733 1572 4801 pretiosus
1602 4732 1741 4785 :tsed
1769 4732 1812 4785 si
1838 4732 2051 4785 aliunde
2075 4734 2276 4798 veniat,

718 4831 1057 4881 admirantur
1093 4825 1265 4880 illum.
1319 4823 1410 4877 Sic
1440 4832 1495 4877 et
1536 4821 1710 4876 Eliam
1762 4819 2067 4876 Judmorum
2109 4825 2278 4878 vidua:

723 4937 826 4972 non
864 4925 1252 4985 susceperunt:
1283 4915 1655 4984 Sarepbthana
1702 4921 1880 4968 autem
1922 4916 2178 4984 suscepit.
2215 4914 2280 4968 Et

720 5014 940 5066 Elis-cens
993 5011 1347 5079 alienigenam
1395 5011 1671 5078 leprosum
1727 5008 2051 5077 puriticavit,
2100 5009 2201 5062 fide
2226 5012 2280 5064 in

718 5107 865 5160 illum
898 5104 1189 5157 declarata.
1235 5101 1367 5154 Nam
1401 5102 1692 5156 familiares
1744 5102 1881 5170 ejus,
1922 5103 2013 5170 qui
2041 5103 2281 5170 ejusdem

719 5209 872 5252 erant
898 5196 1111 5265 patriae,
1145 5195 1192 5248 ei
1233 5208 1335 5246 non
1386 5195 1732 5248 crediderunt
1764 5207 1817 5248 et
1858 5202 2141 5264 propterea
2178 5210 2282 5247 non

722 5300 848 5341 sunt
882 5288 1168 5355 puriﬁcati.
1210 5286 1469 5338 Similiter
1499 5297 1550 5338 et
1575 5300 1674 5354 ego
1716 5286 1863 5339 vobis
1897 5285 2145 5354 putriotis
2176 5300 2281 5338 non

727 5382 908 5434 videor
936 5380 1293 5442 admirabilis,
1324 5379 1414 5432 sed
1453 5387 1790 5447 contetiiptus
1820 5397 1832 5431 :
1865 5390 1917 5431 et
1950 5378 2152 5432 idcirco
2190 5393 2286 5431 ne-

727 5487 830 5538 que
863 5473 1013 5540 signa
1041 5470 1201 5525 facio.
1233 5471 1325 5524 llis
1349 5486 1480 5525 sane
1509 5471 1601 5539 qui
1631 5473 1681 5524 in
1707 5471 2068 5539 Capernaum,
2102 5471 2288 5524 videor

727 5565 1077 5628 admirabilis,
1128 5576 1181 5620 et
1230 5570 1379 5636 signa
1433 5566 1590 5629 facio,
1641 5577 1694 5619 et
1733 5577 1986 5634 acceptus
2030 5565 2108 5620 eis
2141 5581 2281 5620 sum.

729 5660 1020 5715 Audientes
1076 5671 1256 5715 autem
1297 5662 1407 5717 haec
1439 5661 1491 5714 hi
1534 5661 1622 5730 qui
1672 5661 1721 5712 iii
1772 5657 2050 5730 Sytiagugu
2107 5672 2284 5724 erant,

807 5818 848 5847 "‘
893 5815 1086 5869 derum.
1120 5832 1166 5878 ν,
1206 5817 1294 5871 il.

2380 3179 2629 3248 λέγοντες
2647 3194 2660 3207 ·
2697 3181 2810 3250 Οὐχ
2838 3173 2991 3242 οὗτός
3019 3182 3167 3233 ἐστιν
3189 3183 3215 3234 ὁ
3243 3181 3335 3234 τοῦ
3365 3180 3617 3244 τέκτονος
3648 3181 3768 3242 υίός
3791 3199 3808 3247 ;
3844 3184 3968 3236 Καί-

2378 3287 2461 3324 τοι
2491 3269 2543 3323 τί
2568 3270 2632 3324 τὺ
2661 3272 2869 3325 κωλῦον
2896 3266 3036 3325 εἶναι
3059 3273 3221 3326 αὑτὸν
3253 3272 3571 3344 θαυμαστὸν
3598 3273 3698 3326 καὶ
3727 3290 3968 3343 apemtu-

2381 3363 2578 3430 νητόν;
2611 3362 2724 3432 Οὐχ
2748 3365 2879 3433 ὁρᾷς
2909 3363 3007 3416 ὅσα
3040 3365 3219 3429 ποιεῖς
3254 3364 3368 3416 Οὐκ
3399 3358 3620 3427 ἀκούεις
3649 3365 3752 3417 ὅσα
3790 3365 3964 3431 iteret;

2387 3450 2518 3506 Εἶτα
2569 3455 2846 3524 κωμῳδείς
2893 3456 2983 3507 τὸν
3026 3457 3242 3525 πατέρα
3278 3454 3476 3522 αὐτοῦς
3515 3457 3731 3518 Ὄντως
3771 3456 3964 3526 ἀληθὲς

2383 3544 2469 3595 ἐπ’
2504 3544 2687 3607 αὐτοῖς
2734 3547 2909 3597 είπεῑν
2933 3561 2945 3575 ·
2992 3545 3125 3599 Ἰδοὺ
3157 3547 3285 3610 λαὸς
3329 3546 3510 3620 μωρὸς
3540 3548 3635 3599 καὶ
3671 3548 3964 3619 ἀκάρδικο

2378 3633 2644 3704 ὀφθαλμοὶ
2694 3637 2895 3699 αὐτοῖς,
2945 3638 3038 3689 καὶ
3066 3637 3128 3690 οὐ
3181 3638 3512 3708 βλέπουσιν·
3556 3631 3696 3703 ὦτα,
3749 3641 3849 3692 καὶ
3874 3641 3964 3692 οὐκ

2377 3725 2683 3782 ἀκούουσιν.
2733 3727 2789 3780 '0
2822 3727 3023 3796 Κύριος
3055 3727 3148 3782 οὖν
3182 3729 3233 3782 τί
3266 3746 3430 3799 φησιν
3472 3730 3699 3797 αὑτοῖς;
3739 3731 3960 3788 Πάντως

2378 3818 2552 3888 ἐρεῖτέ
2577 3837 2691 3889 μοι,
2721 3820 2803 3872 ὅτι
2847 3820 2936 3872 Ἐν
2962 3825 3030 3892 τῇ
3059 3823 3280 3892 πατρίδι
3308 3839 3402 3876 σου
3430 3823 3655 3893 ποίησον
3685 3823 3960 3893 θαυμάσια

2377 3912 2478 3964 ὅσα
2506 3911 2600 3964 καὶ
2627 3913 2683 3965 ἐν
2707 3913 3103 3982 Καπερναούμ.
3137 3913 3308 3968 Τοῦτο
3341 3915 3447 3985 γάρ
3479 3916 3594 3968 ἐστι
3643 3915 3729 3981 τὸ,
3771 3916 3957 3986 Ἰατρὲ,

2380 4003 2717 4074 θεράπευσον
2743 4005 2969 4059 σεαυτόν
2989 4023 3001 4036 ·
3032 4006 3211 4070 κοινὸς
3250 4006 3357 4076 γὰρ
3379 4001 3448 4078 ἦν
3474 4007 3632 4075 λόγος
3671 4011 3832 4075 παρὰ
3856 4011 3958 4067 τοῖς

2392 4097 2668 4161 Ἰουδαίοις
2695 4093 2871 4164 οὗτος,
2908 4102 3021 4162 τοῖς
3052 4099 3428 4171 ἀρῤωστοῦσιν
3471 4101 3681 4168 ίατροίς
3720 4099 3958 4164 ἐπιλεγό·

2382 4207 2564 4261 μενος.
2593 4189 2748 4243 ”Αλλ’
2773 4189 2892 4259 ’ἐγὼ
2922 4189 3065 4259 λέγω
3107 4190 3259 4261 ὑμῖν,
3292 4192 3372 4244 ὅτι
3414 4192 3649 4262 ἐποίησα
3698 4193 3767 4246 ἂν
3800 4193 3956 4246 πολλὰ

2381 4285 2582 4352 σημεῖα
2613 4283 2709 4336 καὶ
2738 4284 2866 4352 παρ’
2895 4284 3025 4352 ὑμῖν
3053 4284 3168 4346 τοῖς
3215 4285 3370 4353 ἐμοῖς
3429 4284 3776 4354 πατριώταις
3801 4303 3813 4316 ·
3855 4285 3958 4339 ἀλλ’

2301 4416 2355 4476 D
2380 4369 2497 4428 οἶδα
2523 4374 2584 4428 τὸ
2613 4374 2791 4428 κοινὸν
2826 4377 2920 4428 καὶ
2952 4375 3126 4429 ἅπασι
3153 4376 3449 4445 συμϐαῖνον
3477 4377 3672 4442 πάθος,
3700 4380 3787 4433 ὅτι
3807 4397 3956 4432 κατα-

2386 4465 2710 4537 φρονοῦνται
2739 4468 2835 4518 καὶ
2878 4467 2948 4520 τὰ
2980 4467 3238 4536 ἐξαίρετα
3278 4467 3386 4520 τῶν
3420 4473 3792 4540 πραγμάτων,
3841 4473 3956 4524 ὅταν

2390 4556 2465 4629 μὴ
2493 4558 2694 4612 σπάνια
2717 4554 2777 4634 ᾖ,
2821 4557 2956 4613 ἀλλὰ
3003 4560 3158 4612 κοινὰ
3202 4559 3298 4613 καὶ
3339 4560 3568 4630 συνήθη,
3617 4563 3716 4615 καὶ
3771 4564 3955 4624 πάντες

2386 4653 2475 4704 ἐπ’
2499 4651 2682 4715 ἀδείας
2705 4652 2903 4721 ἔχωσιν
2933 4651 3231 4706 ἀπολαύειν
3261 4653 3439 4706 αὐτῶν
3465 4672 3477 4685 ·
3512 4655 3600 4708 ἀεὶ
3630 4655 3748 4726 γὰρ
3778 4657 3953 4708 εἰώθα-

2387 4759 2473 4796 σιν
2501 4745 2563 4797 οί’
2591 4743 2871 4816 ἄνθρωποι
2933 4742 3045 4796 τῶν
3097 4743 3196 4814 μὲν
3237 4743 3409 4808 ξένων
3455 4747 3548 4799 καὶ
3598 4750 3849 4801 σπανίων
3879 4749 3956 4800 καὶ

2385 4831 2690 4902 φροντίζειν
2720 4835 2815 4885 καὶ
2853 4819 3180 4902 θαυμάζειν,
3211 4834 3319 4886 τῶν
3354 4833 3411 4886 δὲ
3445 4829 3645 4887 κοινῶν
3674 4839 3776 4888 καὶ
3810 4841 3956 4903 συνή-

2386 4925 2494 4977 θων
2523 4925 2886 4994 καταφρονεῖν
2910 4941 2922 4954 ’
2954 4924 3043 4979 διὰ
3072 4925 3231 4979 τοῦτο
3256 4926 3433 4991 οὐδεὶς
3464 4931 3760 4998 προφήτης
3798 4931 3959 5000 τίμιὰ

2391 5017 2536 5066 ἐστιν
2562 5015 2619 5066 ἐν
2659 5016 2724 5084 τῇ
2753 5014 2969 5086 πατρίδι
3014 5016 3179 5070 αὑτοῦ
3201 5032 3218 5048 ·
3252 5015 3366 5070 ἀλλ’
3414 5019 3508 5071 ἐὰν
3541 5019 3775 5072 ἄλλοθέν
3816 5022 3958 5074 ποθεν

2391 5106 2542 5177 ἔλθῃ,
2576 5107 2950 5176 θαυμάζουσιν
2999 5109 3195 5162 αὐτόν·
3227 5108 3371 5162 οὕτω
3403 5112 3498 5162 καὶ
3553 5111 3649 5164 τὸν
3693 5111 3882 5166 Ἠλίαν
3913 5116 3959 5164 αἱ

2394 5198 2492 5267 μὲν
2516 5198 2612 5265 τῆς
2651 5197 2912 5259 Ἰουδαίας
2956 5199 3123 5269 χῆραι
3162 5199 3264 5254 οὐκ
3301 5200 3572 5266 ἐδέξαντο,
3609 5205 3644 5272 ἡ
3696 5202 3756 5256 δὲ
3785 5203 3954 5272 Σαρα-

2392 5287 2519 5356 φθία
2562 5288 2810 5354 ἐδέξατοο
2862 5289 2956 5342 καὶ
2983 5291 3010 5341 ὁ
3078 5288 3380 5352 Ἐλισσαῖος
3429 5291 3521 5344 τὸν
3566 5290 3724 5357 ξένον
3774 5291 3960 5362 λεπρὸη

2391 5380 2680 5450 ἐκαθάρισε
2703 5420 2718 5446 ,
2769 5379 2954 5434 πίστιν
3004 5383 3080 5444 εἰς
3115 5383 3280 5436 αὐτὸν
3319 5381 3701 5453 ἐνδειξάμενον
3727 5397 3740 5412 ·
3775 5386 3827 5436 οἱ
3867 5399 3961 5450 γαρ

2391 5475 2642 5545 συνήθεις
2700 5474 2793 5528 καὶ
2849 5475 3271 5545 συμπατριῶται
3320 5474 3487 5529 αὐτοῦ
3532 5475 3636 5528 οὐκ
3687 5476 3960 5530 ἐπίστευον

2389 5567 2566 5636 αὐτῷ,
2618 5569 2710 5618 καὶ
2754 5567 2840 5620 διὰ
2878 5566 3038 5620 τοῦτο
3086 5567 3186 5619 οὐκ
3219 5567 3694 5638 ἐκαθαρίσθησαν.
3740 5568 3958 5640 Ὁμοίως

2388 5653 2479 5711 οὖν
2539 5657 2688 5724 κάγὼ
2731 5657 2858 5726 ὑμῖν
2911 5659 3009 5725 μὲν
3039 5658 3151 5720 τοῖς
3196 5656 3537 5730 πατριώταις
3565 5659 3626 5713 οὐ
3652 5658 3797 5713 δοκῶ
3834 5658 3954 5713 Gav-
