4110 6332
177 355 294 418 753

926 353 1371 414 ENARRATIO
1415 351 1490 410 1N
1534 349 2040 411 EVANGELIUM
2085 347 2326 409 LUCzE.
2353 371 2423 382 -
2451 345 2612 408 CAP.
2645 346 2739 406 ιν.

3375 341 3476 401 γει

185 467 422 537 μαστὸς,
445 467 581 521 ἀλλά
603 466 951 538 καταφρονυῦ
961 485 1060 537 μαι
1080 484 1094 498 ο
1127 468 1207 520 διδ
1231 468 1351 521 οὐδὲ
1385 468 1591 536 σημεῖα
1611 465 1778 521 ποιῶ·

1892 466 2262 536 implebantur
2289 464 2490 529 furore,
2524 463 2665 532 quod
2696 468 2911 531 Oportet
2943 459 3228 526 admirari,
3258 468 3309 512 et
3338 475 3478 526 prae.

181 564 302 625 τοῑς
327 561 372 614 δ’
399 564 455 614 ἐν
492 561 868 630 Καπιρναοὺμ
897 560 1071 613 δοκῶν
1097 560 1432 629 Θαυμαστὸς,
1457 561 1552 612 καὶ
1578 563 1780 630 σημεῖα

185 655 331 708 ποιῶ
353 656 446 707 καὶ
477 652 664 715 δεκτὸς
693 654 877 714 α-ύτοῖς
908 656 1044 723 εἰμι.
1081 653 1400 715 Ἀκούοντες
1429 654 1486 705 δὲ
1513 654 1687 706 ταῦτα
1717 656 1780 707 ἐν

182 751 253 818 τῇ
294 749 612 816 συναγωγῇ,
671 745 1005 815 ἐπληροῦντο
1034 746 1230 814 θυμοῦ,
1279 745 1399 799 δέον
1448 745 1777 814 θαυμάζειν,

186 840 288 890 καὶ
337 838 642 905 ἐπειρῶντο
697 835 1152 908 κατακρημνίσαι
1194 837 1377 889 αὐτόν.
1432 837 1570 889 Ἀλλ’
1618 836 1780 900 αὐτὸς

182 931 418 985 διελθὼν
464 931 552 984 διὰ
601 931 768 1000 μέσου
812 931 1013 995 αὐτῶν,
1063 929 1335 1000 ἐπορεύθη
1362 945 1373 958 ·
1407 931 1468 983 ού
1499 931 1559 984 τὸ
1588 931 1780 984 παθεῖν

182 1025 426 1092 φεύγων,
460 1023 596 1076 ἀλλὰ
621 1024 712 1076 τὸν
743 1025 934 1093 καιρὸν
965 1023 1271 1092 ἀναμένων.
1301 1023 1392 1086 Εἰς
1416 1022 1524 1092 γὰρ
1552 1021 1614 1075 τὸ
1638 1021 1780 1092 ὑπὲρ

181 1119 346 1188 ἡμῶν
382 1118 576 1171 παθεῖν
610 1117 870 1187 ἐλήλυθεν
894 1132 906 1144 °
932 1116 1066 1168 ἀλλὰ
1113 1115 1208 1168 νῦν
1235 1116 1409 1184 ἀρχὴν
1442 1115 1658 1183 ἔχοντος
1686 1111 1779 1165 τοῦ

181 1209 571 1280 κηρύγματος,
608 1212 708 1262 ούκ
748 1208 854 1261 ἔδει
891 1208 1084 1261 ἑαυτὸν
1116 1207 1396 1260 ἐπιδοῦναι
1429 1207 1505 1277 τῷ
1537 1206 1777 1277 θανάτῳ,

180 1301 305 1355 ἀλλ’
372 1301 571 1365 ἱκανῶς
627 1300 950 1364 διδάξαντα,
1006 1298 1151 1352 οὕτω
1199 1298 1589 1367 τελειωθῆναι⁹
1635 1298 1780 1351 ὥστε

181 1397 252 1446 ἐκ
300 1391 490 1446 τούτου
540 1393 723 1460 δῆλον,
762 1393 841 1444 ὅτι
881 1391 941 1443 ού
969 1391 1014 1444 δ’
1044 1391 1173 1444 ὅταν
1225 1384 1576 1460 ἐσταυρώθη,
1629 1389 1780 1443 ἀκων

182 1483 537 1554 ἐσταυρώθη,
576 1482 693 1536 ἀλλ’
727 1481 867 1535 ἑκὼν
922 1484 1116 1536 ἑαυτὸν
1164 1482 1396 1547 ἐξέδωκε
1428 1482 1506 1548 τῷ
1537 1480 1777 1551 θανάτῳ.

188 1577 330 1629 Ἵσθι
359 1576 414 1629 δὲ
445 1578 526 1630 δτι
560 1556 757 1644 ποιπῶς
787 1575 894 1628 τῶν
921 1576 1217 1645 προφητῶν
1267 1576 1298 1645 ἡ
1345 1575 1614 1628 Ἰουδαίων
1643 1575 1778 1628 Σινα-

183 1669 402 1735 αγωγὴ,
454 1661 573 1739 ἐνῇ
617 1667 980 1736 ἀτιμάζονται
1024 1670 1078 1736 οἱ,
1120 1670 1439 1738 προφῆται·
1497 1666 1618 1719 οὐδὲ
1671 1667 1780 1736 γὰρ

180 1759 365 1811 δεκτοί
397 1760 534 1811 εἰσιν
556 1776 568 1789 ·
607 1761 766 1828 ἡμεῖς
801 1760 854 1810 δέ
889 1760 937 1810 οἱ
989 1759 1259 1829 ἀλλότριοι
1315 1759 1616 1830 ἐδεξάμεθα
1657 1757 1781 1811 τού-

1887 562 2118 627 cipitare
2171 560 2533 615 conabantur.
2570 558 2638 610 At
2691 557 2803 626 ipse
2842 571 2938 623 pcr
2983 553 3212 608 medium
3263 553 3474 605 illorum

1888 657 2001 719 ivit,
2049 671 2152 707 non
2200 653 2415 720 quidem
2472 650 2780 721 passionem
2838 649 3069 710 fugiens,
3125 648 3217 701 sed
3261 655 3476 714 tempus

1884 757 2226 817 exspectans.
2256 746 2419 801 Venit
2445 743 2590 799 enim
2630 754 2688 796 ut
2716 759 2812 810 pro
2841 742 2995 795 nobis
3033 750 3310 810 pateretur
3379 740 3473 791 sed

1886 857 2028 895 llltltC
2058 843 2110 894 in
2141 838 2543 908 pratdicationis
2577 837 2802 891 exordio
2833 851 2935 888 non
2961 834 3191 887 debebat
3225 849 3283 887 se
3310 833 3472 886 murti

1884 945 2157 998 esponere
2188 947 2200 982 :
2233 928 2328 984 sed
2361 939 2489 983 tunc
2516 928 2677 992 mori,
2707 940 2830 980 cum
2854 920 3244 980 snﬁicientibus
3274 923 3476 976 duetri-

1886 1024 1971 1076 nis
2002 1040 2100 1077 nos
2134 1024 2430 1078 docuisset.
2459 1023 2524 1077 Et
2549 1024 2620 1075 ita
2639 1038 2704 1076 cx
2726 1021 2827 1073 hoc
2853 1018 3196 1073 manifestum
3217 1027 3298 1071 est
3326 1018 3473 1086 quod

1885 1135 2059 1186 neque
2089 1135 2212 1172 cum
2242 1118 2673 1183 cruciﬁgeretur,
2712 1116 2915 1169 invitus
2939 1113 3008 1168 sit
3032 1111 3349 1175 cruciﬁxus,
3378 1111 3473 1165 sed

1884 1221 2077 1280 sponte
2106 1217 2331 1263 mortem
2362 1210 2578 1263 obicrit.
2611 1206 2765 1262 Scias
2800 1217 2978 1260 autem
3009 1204 3148 1274 quod
3181 1203 3471 1272 propheta-

1885 1319 2002 1357 runt
2056 1302 2250 1371 patria,
2297 1301 2582 1372 Synagoga
2620 1298 2939 1366 Iudaeorum
2975 1309 3077 1362 est,
3118 1297 3170 1350 in
3200 1310 3305 1365 qua
3344 1310 3471 1365 pro-

1885 1397 2059 1466 pheta:
2104 1393 2463 1459 despicabiles
2517 1403 2668 1459 sunt,
2698 1402 2751 1447 et
2785 1408 2890 1446 non
2923 1391 3295 1460 suscipiuntur
3329 1407 3340 1441 :
3378 1403 3474 1441 nos

1883 1493 2064 1540 autem
2117 1484 2434 1554 alienigena:
2497 1486 2838 1554 suscepimus
2912 1483 3054 1538 illos.
3104 1479 3279 1536 Vidua
3329 1481 3474 1534 enim

1888 1577 2147 1641 Ecclesia,
2187 1577 2429 1644 inquam,
2468 1592 2590 1647 quae
2622 1594 2685 1632 ex
2729 1577 2978 1647 gentibus
3005 1576 3252 1640 collecta,
3290 1588 3477 1628 susce-

1886 1671 1960 1738 pit
2018 1669 2210 1734 Eliam,
2268 1671 2368 1724 hoc
2409 1680 2491 1725 est
2540 1670 2915 1739 propheticum
2968 1683 3298 1731 sermonem,
3354 1681 3476 1721 cum

1884 1771 2028 1814 esset
2045 1760 2215 1813 {anites
2235 1759 2538 1828 spiritualis
2555 1759 2693 1813 facta
2713 1760 2762 1812 in
2788 1758 2965 1815 .Iudaca
2987 1777 3000 1822 ;
3020 1758 3209 1820 fames,
3228 1756 3478 1824 inquam,

183 1868 314 1915 τους
335 1868 348 1880 '
382 1853 545 1922 ἡγὰρ
571 1817 802 1922 χηρα,-ἡ
832 1853 889 1915 ἐξ
921 1852 1093 1904 ἐθνῶν
1137 1817 1438 1923 Ἓκκλησίά
1468 1817 1634 1921 λέγω,
1666 1849 1780 1905 ἐδέ-

1890 1853 2143 1908 audiendi
2177 1853 2623 1908 sermonem'Dei.
2647 1851 2722 1907 De
2750 1853 2850 1925 hac
2875 1865 3008 1906 sane
3027 1849 3187 1904 vidua
3216 1847 3479 1918 propheta

185 1943 316 2007 ξιιτο
359 1946 448 1997 τὸν
495 1946 705 2010 Ἠλίαν,
760 1945 1034 2010 τουτέστι,
1083 1946 1173 1998 τὸν
1209 1945 1552 2017 προφητικὸν
1600 1945 1780 2012 λόγον,

190 2035 356 2104 λιμοῦ
389 2039 683 2108 γενομένου
734 2039 924 2109 νοητοῦ
963 2041 1021 2092 ἐν
1054 2043 1122 2109 τῇ
1177 2040 1420 2108 Ἰουδαίᾳ,
1477 2037 1642 2109 λιμοῦ
1686 2036 1782 2091 τοῦ

185 2132 421 2186 ἀκούσαι
474 2133 630 2201 λόγον
678 2135 812 2187 Θεοῦ
843 2152 855 2167 ο
891 2136 1018 2204 περὶ
1065 2136 1270 2204 ταύτης
1304 2133 1360 2186 δέ
1407 2133 1506 2202 τῆς
1551 2134 1725 2203 χήρας
1753 2133 1781 2184 ὁ

1887 1946 2019 1999 dicit
2059 1947 2199 2013 quod
2232 1945 2415 2012 plures
2447 1955 2573 1999 sunt
2606 1944 2701 1999 ﬁlii
2734 1945 2982 2006 desertae,
3025 1958 3186 2013 quam
3219 1939 3341 2010 ejus
3363 1954 3481 2008 qua:

1889 2038 2051 2092 habet
2073 2039 2272 2092 virum.
2298 2039 2359 2090 Et
2387 2053 2599 2091 rursum
2624 2036 2749 2104 quia
2770 2035 2971 2089 sterilis
2997 2033 3204 2104 peperit
3232 2042 3436 2102 septem
3464 2045 3479 2082 :

1885 2141 1941 2184 et
1967 2145 2086 2199 quae
2124 2131 2319 2186 multos
2357 2131 2589 2185 habebat
2624 2129 2784 2193 ﬁlios,
2823 2128 3095 2182 inﬁrmata
3125 2136 3230 2181 est.

186 2226 477 2292 προφήτης
533 2227 720 2295 φησὶν,
759 2228 839 2280 ὅτι
889 2227 1059 2279 πολλὰ
1120 2228 1186 2278 τὰ
1262 2227 1424 2277 τέκνα
1470 2225 1568 2293 τῆς
1630 2224 1841 2295 ἐρήμου
1884 2221 2086 2293 μᾶλλον
2140 2223 2173 2293 ἢ
2243 2224 2342 2292 τῆς
2394 2222 2625 2293 ἐχούσης
2678 2220 2769 2273 τὸν
2820 2218 3015 2289 ἄνδρα·
3060 2216 3156 2271 καὶ
3200 2213 3364 2268 πάλιν
3403 2214 3505 2268 iit--

189 2321 380 2386 στεῖρα
416 2319 598 2371 ἔτεκεν
640 2321 800 2385 ἑπτὰ,
845 2321 1001 2389 καὶὴ
1041 2322 1210 2391 πολλὴ
1249 2323 1303 2371 ἐν
1345 2322 1559 2389 τέκνοις
1593 2320 1919 2390 ἠσθένησεν.

268 2429 288 2460 c
339 2412 445 2462 Καὶ
481 2414 749 2480 κατῆλθεν
791 2419 870 2477 εἰς
909 2417 1309 2485 Καπερναοὺμ,
1361 2415 1518 2467 πόλιν
1554 2416 1646 2484 τῆς
1677 2415 1784 2468 Γαο

187 2503 434 2568 λιλαίαςο
477 2508 571 2559 καὶ
599 2505 665 2578 ἦν
716 2510 983 2562 διδάσκων
1025 2510 1222 2572 αὐτοὺς
1260 2512 1316 2562 ἐν
1344 2515 1456 2572 τοῖς
1503 2509 1776 2562 Σάϐϐασι’

190 2600 288 2648 καὶ
315 2597 710 2668 ἐξεπλήσσοντο
753 2603 843 2654 ἐπί
875 2607 938 2672 τῇ
976 2604 1164 2673 διδαχῇ
1209 2603 1396 2665 αὑτοῦ,
1427 2605 1506 2656 ὅτι
1536 2605 1593 2655 ἐν
1629 2603 1780 2668 ἐξου-

194 2687 287 2758 σία
319 2685 384 2758 ἦν
422 2692 448 2742 ὁ
481 2691 638 2756 λόγος
685 2692 874 2745 αὐτοῦ’
911 2696 1003 2747 καὶ
1038 2699 1095 2748 ἐν
1141 2699 1203 2764 τῇ
1254 2699 1554 2770 Συναγωγῇ
1588 2695 1653 2770 ἦν
1680 2701 1779 2754 ἄν·

195 2781 436 2849 θρωπος,
487 2786 624 2855 ἔχων
687 2788 903 2858 πνεῦμα
963 2790 1243 2858 δαιμονίου
1296 2793 1640 2861 ἀκαθάρτου·
1687 2795 1782 2847 καὶ

197 2875 467 2943 ἀνέκρσξε
517 2881 668 2948 φωνῇ
732 2881 965 2951 μεγάλῃ,
1008 2882 1210 2950 λέγων’
1269 2885 1394 2949 Ἔα,
1425 2884 1478 2938 τί
1508 2886 1641 2955 ἡμῖν
1691 2885 1789 2938 καὶ

199 2968 307 3029 σοὶ,
358 2970 531 3037 Ἰησοῦ
580 2972 907 3042 Ναζαρηνὲ,
955 2971 1118 3045 ἦλθες
1152 2977 1415 3030 ἀπολέσαι
1451 2974 1789 3048 ἡμᾶς;οῐδά

196 3076 257 3110 σε
294 3060 375 3122 τίς
412 3058 493 3112 εἷ’
539 3063 598 3115 Ὀ
633 3065 785 3130 ἅγιος
812 3067 903 3118 τού
925 3067 1080 3122 Θεοῦ.
1122 3069 1228 3121 Καὶ
1261 3071 1596 3139 ἐπετίμησεν
1631 3070 1782 3141 αύπῷ

1970 2411 2134 2469 Vsus.
2165 2413 2359 2469 51-57.
2402 2432 2419 2466 ι
2453 2412 2520 2467 Ει
2565 2412 2849 2468 descendit
2880 2412 2930 2465 in
2963 2410 3302 2479 Capernaum
3351 2407 3485 2461 civi-

1890 2514 2057 2561 tatem
2112 2507 2369 2572 Galilteze,
2429 2509 2610 2578 ibique
2652 2507 2878 2561 docebat
2929 2505 3045 2558 illos
3101 2502 3375 2557 Sabbatis.
3423 2500 3483 2554 lit

1890 2603 2182 2669 stupebant
2211 2618 2376 2672 super
2409 2604 2655 2657 doctrina
2711 2601 2851 2670 ejus,
2892 2600 3013 2669 quia
3057 2613 3178 2653 cum
3214 2593 3485 2666 potestate

1891 2697 2216 2765 coniunctus
2244 2707 2360 2750 erat
2393 2711 2572 2750 sermo
2601 2697 2790 2766 ipsius.
2831 2693 2893 2746 Et
2926 2694 2976 2746 in
3008 2691 3171 2762 302
3198 2690 3481 2760 Synagoga

1889 2799 2008 2845 erat
2043 2789 2206 2843 homo
2262 2789 2472 2844 habens
2507 2789 2760 2858 spiritum
2799 2785 3058 2840 daemonis
3111 2779 3396 2838 immundi.
3432 2789 3484 2830 et

1888 2882 2210 2937 exclamavit
2263 2898 2397 2936 voce
2444 2897 2639 2950 magna
2683 2883 2910 2936 dicens:
2949 2879 3042 2931 Eia
3077 2876 3203 2945 quid
3253 2872 3348 2926 tibi
3387 2889 3484 2923 no-

1889 2977 2097 3029 bisCum
2130 2986 2234 3042 est,
2276 2973 2403 3029 Iesu
2455 2975 2777 3029 Nazarene?
2825 2973 3020 3025 venisti
3051 2972 3116 3023 ad
3149 2968 3480 3040 perdendum

1893 3068 2029 3121 nos?
2063 3065 2188 3122 Scio
2218 3077 2268 3122 te
2292 3068 2384 3136 qui
2415 3068 2490 3121 sis
2520 3086 2532 3120 :
2571 3066 2802 3122 Sanctus
2829 3065 2904 3120 illi
2944 3065 3054 3117 Dei.
3090 3062 3153 3116 Et
3186 3059 3487 3128 increpavit

193 3153 223 3201 ὁ
269 3151 502 3220 Ἰησοῦς,
553 3156 729 3222 λέγων
755 3172 768 3187 ·
812 3159 1095 3228 Φιμώθητι
1152 3161 1248 3214 καὶ
1278 3161 1458 3226 ἔξελθε
1486 3161 1542 3228 ἐξ
1569 3163 1737 3216 αὐτοῦ
1763 3178 1779 3195 ⁸

1893 3162 2041 3214 illum
2071 3160 2230 3216 Jesus
2266 3178 2280 3215 :
2315 3161 2663 3224 Obmutesce,
2693 3169 2746 3212 et
2783 3157 2868 3211 exi
2897 3156 2964 3210 ab
2998 3172 3082 3209 eo.
3115 3154 3179 3208 Et
3208 3169 3330 3207 cum
3358 3165 3484 3218 pro-

197 3243 295 3294 καὶ
328 3243 488 3311 ῥίψαν
527 3248 690 3300 αὑτὸν
721 3249 781 3301 τὸ
808 3249 1088 3319 δαιμόνιον
1124 3254 1206 3312 εἰς
1238 3253 1298 3304 τὸ
1335 3254 1519 3322 μέσον,
1559 3253 1787 3323 ἐξῆλθεν

197 3336 297 3388 ἀπ’
327 3338 516 3402 αὐτοῦ,
548 3341 713 3411 μηδὲν
746 3341 957 3412 βλάψαν
979 3345 1165 3398 αὐτόν.
1193 3346 1301 3399 Καὶ
1333 3347 1552 3414 ἐγένετο
1578 3347 1788 3417 θάμδος

197 3429 296 3481 ἐπὶ
331 3429 538 3494 πάντας
563 3448 576 3460 ”
615 3435 706 3486 καὶ
753 3435 1080 3488 συνελάλουν
1111 3437 1250 3506 πρὸς
1280 3438 1563 3506 ἀλλήλους,
1602 3439 1789 3506 λέγον-

195 3536 289 3583 τες
316 3536 331 3550 ο
369 3521 462 3574 Τίς
500 3523 525 3572 ὁ
552 3522 711 3590 λόγος
758 3517 934 3587 οὗτος,
967 3529 1047 3579 ὅτι
1081 3529 1137 3579 ἐν
1168 3528 1391 3600 ἐξουσίᾳ
1431 3531 1525 3582 καὶ
1556 3529 1787 3601 δυνάμει

196 3613 488 3668 ἐπιτάσσει
520 3619 633 3680 τοῖς
677 3618 1011 3689 ἀκαθάρτοις
1063 3621 1366 3690 πνεύμασι,
1402 3623 1494 3675 καί
1533 3623 1786 3694 ἐξέρχον-

194 3724 325 3770 ται;
377 3708 487 3760 Καὶ
540 3709 898 3780 ἐξεπορεύετο
922 3709 1058 3782 ἦχος
1104 3716 1234 3784 περὶ
1279 3714 1446 3768 αὑτοῦ
1486 3718 1566 3781 είς
1610 3718 1792 3774 πάντα.

195 3798 366 3851 τόπον
396 3801 496 3868 τῆς
523 3802 859 3874 περιχώρου.
899 3823 917 3855 ι
973 3806 1192 3877 Ἐπειδὴ
1215 3809 1342 3870 τοὺς
1371 3808 1637 3874 ἀπίστους
1663 3809 1787 3864 οὔτε

194 3891 518 3945 ὁιδασκαλία
549 3893 834 3962 ἐφέλκεται
861 3896 997 3967 πρὸς
1015 3898 1220 3958 πίστιν,
1241 3899 1327 3951 διὰ
1357 3900 1517 3954 τοῦτο
1538 3904 1564 3954 ὁ
1583 3902 1790 3974 Κύριος

195 3984 299 4047 τὰς
329 3985 778 4057 θαυματουργίας
804 3990 1093 4058 προσάγει,
1126 3987 1241 4046 οἷόν
1268 4010 1316 4046 τι
1344 3992 1789 4063 δραστικώτατον

195 4074 494 4143 φάρμακον
519 4090 532 4104 °
560 4075 973 4148 θαυματουργετ
1005 4076 1098 4133 οὖν
1129 4084 1185 4133 ἐν
1225 4084 1603 4156 Καπερναούμ
1621 4104 1636 4119 ο
1661 4089 1790 4144 ἀπιο

196 4165 453 4219 στότατοι
476 4165 584 4235 γὰρ
604 4161 749 4220 οὗτοι
771 4169 866 4221 καὶ
886 4170 1101 4223 πολλῶν
1126 4171 1373 4241 δεόμενοι
1401 4176 1538 4245 πρὸς
1567 4177 1749 4232 πίστιν
1769 4196 1783 4210 ·

193 4259 325 4312 ἐπεὶ
365 4259 546 4313 τοίνυν
577 4259 818 4327 ἐδίδαξεν
851 4262 1076 4327 ἱκανῶς,
1115 4266 1210 4318 καὶ
1239 4267 1402 4321 τοῦτο
1432 4267 1507 4332 ὠς
1537 4269 1787 4336 ἐξουσίαν

193 4351 338 4422 ἔχων
375 4353 473 4414 (ού
509 4352 619 4423 γὰρ
649 4353 824 4420 ἔλεγε,
872 4355 997 4411 τάδε
1051 4357 1202 4426 λέγει
1246 4361 1474 4431 Κύριος,
1525 4362 1640 4416 ἀλλ’
1672 4366 1783 4432 ἐγὼ

192 4436 344 4504 λέγω
375 4439 524 4507 ύμῖν,
560 4440 643 4493 ὅτι
677 4441 812 4508 μηδὲ
844 4441 920 4505 ὡς
963 4438 1043 4506 εἷς
1075 4446 1183 4500 τῶν
1226 4450 1524 4518 προφητῶν
1551 4446 1641 4524 ἦν,
1669 4455 1785 4509 ἀλλ’

1888 3255 2110 3325 jecisset
2142 3253 2293 3307 illum
2353 3253 2681 3306 daemonium
2717 3252 2766 3304 in
2804 3251 3062 3312 medium,
3101 3247 3234 3301 exiit
3274 3246 3340 3299 ab
3371 3245 3484 3306 illo,

1895 3347 2140 3414 nihilque
2197 3344 2272 3398 illi
2335 3345 2539 3399 nocuit.
2600 3344 2666 3398 Et
2721 3345 2900 3399 factus
2962 3354 3044 3397 est
3099 3357 3266 3412 pavor
3326 3357 3488 3410 super

1894 3453 2106 3499 omnes,
2137 3447 2187 3491 et
2216 3435 2674 3507 colloquebantur
2707 3437 2848 3490 inter
2875 3451 3014 3501 sese,
3046 3436 3290 3489 dicentes
3316 3450 3328 3486 :
3357 3433 3489 3499 Quis

1895 3545 2076 3584 sermo
2110 3529 2197 3583 hic
2249 3541 2353 3592 est,
2409 3529 2534 3596 quia
2578 3543 2699 3582 cum
2760 3529 3083 3581 auctoritate
3113 3535 3166 3579 et
3217 3535 3489 3594 potestate

1904 3624 2133 3692 imperat
2159 3622 2454 3676 immundis
2479 3621 2781 3690 Spiritibus,
2806 3628 2859 3673 et
2877 3629 3074 3674 exeunt
3097 3619 3119 3671 ?
3146 3617 3207 3671 Et
3242 3619 3486 3687 divulga-

1895 3714 2212 3769 baturfama
2241 3716 2307 3770 de
2329 3714 2418 3768 illo
2439 3714 2490 3768 in
2520 3729 2737 3767 omnem
2770 3712 2949 3767 locum
2982 3712 3219 3781 undique
3244 3712 3487 3765 ﬁnitima:

1896 3809 2154 3878 regionis.
2183 3827 2201 3859 ι
2227 3806 2523 3876 Postquam
2553 3821 2726 3874 neque
2763 3805 2901 3859 ratio
2942 3822 3118 3876 neque
3141 3805 3388 3860 doctrina
3420 3803 3487 3859 ad

1896 3900 2056 3955 ﬁdem
2113 3899 2289 3965 rapuit
2337 3897 2667 3962 incredulos,
2710 3896 2968 3952 Dominus
2995 3897 3059 3951 ad
3096 3899 3479 3952 miraculormn

1893 3990 2265 4058 operationem
2299 4002 2357 4043 se
2393 3991 2686 4052 convertit,
2726 4004 2821 4042 ceu
2858 3985 3290 4042 efﬁcacissimum
3315 3989 3484 4054 phar-

1895 4098 2129 4137 macum.
2189 4080 2446 4135 Miracula
2501 4082 2664 4151 igitur
2714 4090 2971 4148 Operatur
3009 4081 3058 4134 in
3107 4083 3478 4148 Lapernanm.

1893 4173 2062 4229 Valde
2094 4173 2238 4227 enim
2271 4172 2534 4227 increduli
2567 4182 2746 4235 erant,
2778 4183 2824 4226 ct
2855 4173 3038 4226 Innliis
3060 4175 3124 4226 ad
3153 4176 3310 4226 tidem
3344 4173 3487 4227 indi-

1891 4271 2090 4338 gebant
2113 4286 2126 4322 :
2153 4267 2359 4321 idcirco
2378 4277 2662 4334 postquam
2687 4267 2819 4321 satis
2838 4266 3043 4331 docuit,
3065 4275 3119 4321 et
3143 4268 3194 4321 id
3225 4277 3483 4338 tanquam

1895 4369 2168 4424 potestate
2219 4357 2482 4427 praeditus
2519 4358 2648 4426 (non
2699 4358 2845 4412 cnim
2890 4357 3124 4421 dicebat,
3177 4358 3302 4413 Hinc
3354 4360 3487 4412 dicit

1892 4452 2176 4517 Dominus,
2223 4455 2341 4515 sed,
2389 4451 2503 4521 Ego
2557 4451 2677 4504 dico
2708 4450 2858 4504 vobis
2888 4469 2898 4502 :
2931 4451 3056 4519 quia
3092 4467 3197 4504 non
3246 4467 3385 4504 unus
3419 4468 3485 4506 ex

191 4529 405 4598 ἀληθὴς
451 4530 578 4595 Tib;
613 4533 704 4585 τοῦ
737 4534 920 4600 θεοῦ),
951 4538 1091 4604 μετὰ
1143 4540 1314 4599 ταῦτα
1364 4544 1564 4613 ἐπάγει
1602 4547 1784 4602 καὶτὸ

1893 4544 2170 4617 prophetis
2203 4550 2343 4606 erat,
2385 4545 2480 4597 sed
2518 4557 2642 4597 vere
2703 4541 2794 4595 Dei
2841 4541 3057 4612 Filius),
3096 4543 3279 4596 subdit
3317 4545 3483 4598 etiam

194 4621 409 4690 θαῦμα,
467 4629 562 4677 καὶ
616 4625 909 4697 θεραπεύει
959 4630 1052 4682 τὸν
1100 4631 1571 4706 δαιμονιζόμενον.
1637 4641 1695 4693 ’0
1733 4642 1790 4695 δὲ

193 4714 411 4784 δαίμων
461 4717 728 4787 πρότερον
765 4722 1021 4790 ὁμολογεῖ
1050 4725 1146 4796 τὴν
1179 4727 1401 4799 ἔχθραν,
1459 4730 1547 4784 ἴνα
1577 4732 1609 4803 ὴ
1643 4750 1788 4805 μαρ·

193 4808 362 4895 τυρία
393 4807 709 4873 ἀξιόπιστος
741 4814 826 4882 εἴη
851 4831 865 4846 σ
903 4811 1025 4868 εἶτα
1081 4813 1277 4886 ἐπάγει
1310 4820 1408 4892 τὴν
1439 4826 1784 4895 μαρτυρίαν·

193 4894 332 4953 Οἶδά
346 4919 405 4954 σε
424 4902 505 4964 τίς
532 4901 598 4956 εἴ.
618 4905 677 4957 '0
694 4905 848 4974 ἆγιος
869 4909 963 4962 τοῦ
983 4910 1140 4968 Θεοῦ.
1161 4906 1436 4987 Πρότερον
1449 4911 1542 4970 οὖν
1563 4894 1791 4986 ἐγκαλεῖ

193 4991 368 5062 αὐτῷ’
397 4993 461 5045 Ti
483 4989 645 5064 ἦλθες
668 4990 770 5051 ὧδε
800 4994 1065 5056 ἀπολέσαι
1098 5005 1282 5074 ήμᾶς;
1308 5001 1441 5060 Εἶτα
1473 5008 1786 5075 κολακεύει,

191 5083 371 5139 δοκῶν
401 5085 494 5140 τὸν
529 5087 736 5159 Κύριον
760 5091 864 5146 ὑπὸ
884 5098 991 5162 τῆς
1024 5093 1318 5162 κολακείας
1353 5093 1785 5169 μαλακισθέντα,

192 5177 384 5232 ἐάσειν
441 5180 644 5232 αὐτόν’
701 5181 880 5248 οὕτως
947 5186 1243 5259 ἀνόητονῆ
1287 5193 1559 5264 πονηρία·
1613 5193 1789 5248 ἀλλ’ὁ

196 5269 430 5340 Κύριος,
468 5271 739 5327 διδάσκων
792 5277 962 5345 ἡμᾶς,
999 5278 1088 5334 ἵνα
1122 5281 1197 5352 μὴ
1229 5283 1521 5354 χρῄζωμεν
1549 5289 1649 5357 τῆς
1681 5287 1788 5341 ἀπὸ
1810 5348 1823 5360 κ

190 5361 309 5416 τῶν
361 5361 635 5433 δαιμόνων
695 5370 1006 5439 μαρτυρίας
1063 5371 1161 5425 καὶ
1217 5375 1556 5441 συστάσεως,
1616 5380 1784 5448 φησί·

192 5453 502 5524 Φιμώθητι,
560 5458 657 5510 καὶ
708 5459 890 5524 ἔξελθε
935 5463 995 5526 ἐξ
1041 5465 1229 5522 αὐτοῦ.
1291 5469 1577 5539 Συγχωρεῑ
1620 5472 1787 5535 δέτῷ

191 5544 414 5613 δαίμονι
471 5547 623 5618 ῥίψαι
670 5553 761 5604 τὸν
805 5553 1118 5623 ἄνθρωπον,
1153 5558 1240 5611 ἳνα
1289 5560 1536 5630 μάθωσιν
1564 5564 1616 5616 οἱ
1649 5582 1788 5637 παρ-

193 5638 457 5706 εστῶτες,
487 5641 571 5694 ὅτι
616 5643 784 5708 ὅντως
840 5647 1115 5717 δαιμόνιον
1149 5649 1279 5723 εἶχε.
1324 5655 1594 5709 Κάκείνου
1628 5653 1696 5728 ἦν
1717 5660 1786 5713 τὰ

198 5733 445 5824 ῥήματα,
471 5736 518 5786 εί
557 5738 651 5790 καὶ
679 5739 710 5808 ὴ
744 5740 966 5808 γλῶσσα
1007 5744 1101 5798 τοῦ
1151 5746 1446 5818 ἀνθρώπου
1479 5750 1745 5824 ὑπούργει
1767 5770 1781 5784 ο

197 5823 296 5880 καὶ
319 5824 388 5896 δὴ
421 5827 750 5889 συνελάλουν
783 5836 917 5904 πρὸς
954 5837 1218 5909 ἀλλήλους
1259 5840 1518 5909 ἅπαντες,
1574 5823 1785 5916 θαυμά-

1895 4635 2250 4700 miraculum,
2283 4643 2335 4689 et
2369 4641 2528 4689 sanat
2564 4633 2833 4688 tlmnionio
2860 4633 3145 4702 agitatum.
3168 4632 3238 4686 At
3272 4633 3482 4688 daemon

1893 4731 2216 4785 inimicitias
2257 4729 2494 4798 primum
2553 4726 2778 4790 fatetur,
2821 4743 2928 4796 quo
2963 4729 3327 4782 testimonium
3369 4728 3486 4797 ejus

1893 4822 1999 4877 ﬁde
2030 4822 2246 4892 dignius
2277 4821 2385 4880 sit:
2414 4821 2538 4877 dein
2566 4821 2785 4888 subjicit
2812 4821 3186 4876 testimonium
3213 4837 3226 4875 :
3253 4819 3379 4876 Scio
3409 4832 3480 4887 te,

1891 4916 1984 4986 qui
2032 4915 2133 4984 sis,
2200 4915 2436 4969 Sanctus
2489 4913 2578 4968 ille
2629 4915 2746 4968 Dei.
2809 4913 2968 4968 Prius
3028 4914 3191 4981 igitur
3234 4913 3482 4984 increpat

1892 5008 2042 5064 illum
2069 5025 2084 5063 :
2117 5007 2230 5062 Cur
2258 5007 2453 5062 venisti
2481 5007 2587 5061 huc
2614 5007 2846 5076 perdere
2881 5008 3024 5063 nos?
3055 5008 3250 5063 Postea
3289 5010 3485 5064 adula-

1894 5110 2002 5167 tur,
2030 5093 2360 5156 existimans
2385 5099 2674 5154 Dominum
2700 5101 3014 5156 adulatione
3043 5100 3273 5155 fractum
3303 5103 3484 5159 sinere

1892 5195 2043 5250 illum
2072 5210 2086 5248 :
2123 5202 2231 5248 tam
2255 5191 2420 5248 stulta
2457 5208 2543 5248 res
2579 5202 2661 5247 est
2695 5193 2934 5261 malitia;
2973 5195 3066 5249 sed
3095 5195 3358 5250 Dominus
3386 5197 3480 5250 do-

1891 5304 2021 5344 cens
2059 5301 2159 5342 nos
2188 5302 2255 5343 ne
2283 5296 2502 5342 utamur
2548 5287 2855 5342 daemonum
2910 5289 3239 5345 testimoniis
3270 5302 3324 5345 et
3354 5305 3480 5343 sen-

1893 5381 2122 5436 tentiis:
2157 5379 2486 5436 Obmutesce
2511 5421 2526 5447 ,
2592 5381 2812 5452 inquit,
2849 5390 2903 5436 et
2941 5383 3203 5451 egredere
3249 5399 3313 5438 cx
3367 5384 3482 5438 illo.

1889 5471 2165 5528 Permittit
2215 5481 2394 5528 autem
2430 5474 2661 5527 dmmoni
2696 5483 2750 5527 ut
2789 5477 3040 5543 projiciat
3086 5476 3382 5539 hominem,
3419 5486 3479 5530 ut

1889 5569 2164 5622 discerent
2193 5565 2613 5620 circumsmutes
2646 5566 2796 5619 illum
2835 5583 2958 5621 vere
2985 5568 3235 5622 habuisse
3271 5570 3479 5621 dmino-

1892 5659 2060 5724 nium,
2097 5658 2253 5728 cujus
2307 5666 2462 5712 erant
2508 5658 2696 5722 verba,
2753 5663 2966 5714 tametsi
3026 5661 3204 5731 lingua
3246 5662 3483 5716 hominis

1891 5750 2254 5806 ministraret.
2307 5749 2606 5817 Propterea
2663 5750 3112 5821 colloquebantur
3167 5755 3308 5807 inter
3363 5769 3483 5808 sese

1888 5859 2077 5901 omnes
2109 5845 2445 5900 admirantes
2467 5843 2535 5899 dc
2563 5843 2762 5900 talibus
2787 5843 2944 5901 {actis
2963 5857 3013 5902 ct
3043 5847 3319 5904 dicentes:
3351 5850 3481 5911 Quis
