4110 6332
218 346 331 415 757

232 594 378 662 "cpi
420 590 524 658 τῆς
553 589 750 662 ⁸ἀγγκις
784 583 915 662 τῶν
946 581 1202 662 ἰχθύ-ων..
1238 574 1382 662 ῌερί

307 642 579 729 [Inplebit
602 642 1037 729 Ᾰίαραλντικοῧ.
1069 650 1206 729 ηεξρί
1235 642 1382 703 Ast)?
1401 644 1507 725 tgﬁ
1536 642 1823 729 τεξιῲκου.

606 711 851 801 ν’Ῑῆοῇοὗ-
885 711 1326 801 συνεσθίοντος
1355 715 1483 781 τοῖς
1513 711 1823 801 τελώναιςἒ

309 782 419 857 ῖιῖ
430 782 1004 855 τίοι-τοῦκιωάννου
1020 791 1281 864 μαθηταί
1301 782 1753 855 ⁷ν’ἠσιτεςύουσιτνκ
1774 782 1828 834 οι

312 874 380 926 δὲ
410 872 519 927 τοῦ
548 867 812 938 Χριστοῦ
834 864 1012 935 οὐχί;

323 1028 341 1061 ι
392 1005 646 1074 Ἐγένετο
669 1002 728 1056 δὲ
758 1003 816 1054 ὲν
846 998 922 1070 τῷ
966 998 1057 1050 τὸν
1092 994 1252 1065 ὄχλον
1306 990 1619 1046 ἐπικεῖσθαι
1656 985 1827 1054 αὐτῷ,

237 1100 338 1154 τοῦ
373 1097 596 1155 ἀκούειν
637 1093 728 1148 τὸν
750 1091 908 1159 λόγον
949 1088 1042 1143 τοῦ
1064 1086 1224 1147 Θεοῦ,
1258 1083 1354 1139 καὶ
1378 1082 1541 1145 αὐτὸς
1566 1074 1633 1151 ἦν
1660 1075 1832 1139 ἑστὼς

240 1190 397 1260 παρὰ
438 1187 536 1259 τὴν
578 1184 776 1255 λίμνην
816 1177 1183 1251 Γεννησαρέτ.
1220 1175 1333 1229 Καὶ
1382 1167 1490 1226 εἶδε
1525 1170 1619 1225 δύο
1671 1168 1832 1221 πλοῖα

242 1279 470 1336 ἑστῶτα
502 1276 653 1347 παρὰ
694 1276 793 1345 τὴν
841 1272 1041 1342 λίμνην
1067 1285 1079 1298 ’
1112 1269 1163 1322 οἰ
1192 1267 1247 1321 δὲ
1291 1266 1480 1330 ἁλιεῖς,
1526 1259 1833 1321 ἀποϐάντες

243 1373 345 1426 ἀπτ
390 1369 590 1434 αὐτῶν,
638 1362 956 1421 ἀπέπλυνον
988 1363 1058 1418 τὰ
1100 1362 1324 1414 δίκτυα’
1380 1356 1555 1427 ὲμὸὰς
1584 1354 1640 1407 δὲ
1670 1353 1749 1416 εἰς
1776 1351 1834 1404 ἓν

239 1462 357 1516 τῶν
389 1458 590 1513 πλοίων
618 1456 647 1510 δ
669 1449 738 1526 ἦν
766 1454 861 1507 τοῦ
917 1454 1183 1523 Σίμωνος,
1218 1447 1506 1520 ὴρώτησεν
1538 1444 1703 1499 αὑτὸν
1727 1440 1835 1496 ἀπὸ

246 1553 353 1623 τῆς
382 1549 487 1620 γῆς
511 1547 883 1617 ἐπαναγαγεῖν
911 1543 1090 1610 ὀλίγον
1112 1559 1127 1573 ’
1152 1541 1246 1593 καὶ
1273 1537 1525 1601 καθίσας,
1560 1535 1834 1589 ἐδίδασκεν

246 1648 315 1699 ἐκ
346 1642 440 1697 τοῦ
472 1641 659 1696 πλοίου
687 1641 812 1703 τοὺς
870 1635 1079 1706 ὄχλους.
1125 1634 1213 1696 Ὠς
1239 1634 1295 1687 δὲ
1334 1631 1609 1685 ἐπαύσατο
1637 1628 1833 1691 λαλῶν,

969 328 1413 398 ENARRATIO
1454 324 1535 387 IN
1568 317 2071 387 EVANGELIUM
2103 314 2343 379 LUCEE.
2376 336 2442 351 -··
2468 312 2628 375 CAP.
2658 310 2727 370 V.

740 472 743 473 ν
768 486 771 487 ν
831 447 1061 503 ΚΕΦΑΔ
1117 445 1194 503 Ε’.
1847 433 1901 494 Α

3413 300 3521 367 758

2543 420 2777 482 CAPUT
2828 418 2890 473 V.

1930 569 2006 625 De
2036 577 2256 635 captum
2303 564 2549 635 piscium:
2602 558 2927 635 Detegit-osa.
2968 552 3044 606 De
3082 548 3410 635 paralgtico.
3446 550 3519 603 De

2005 622 2127 693 Levi
2174 622 2475 705 publicano.
2498 622 2826 705 VDeAACItristo
2855 643 2974 705 cum
3003 622 3326 705 publicanis"
3349 635 3524 705 come:

2001 688 2186 764 dente:
2224 705 2334 760 Cur
2371 702 2620 771 discipuli
2667 698 2899 755 Joannis
2936 688 3185 765 jejunam
3211 731 3226 757 ,
3270 688 3518 759 discipuli

2002 797 2121 834 vero
2147 776 2347 833 Christi
2391 773 2536 829 non?

2002 982 2170 1039 Vsus.
2206 979 2352 1035 l-H.
2402 997 2419 1029 ι
2458 975 2685 1031 Factum
2724 980 2811 1027 est
2852 979 3038 1026 autem
3072 982 3195 1023 cum
3233 966 3387 1021 turba
3419 964 3526 1019 int-

1936 1078 2168 1132 mineret
2206 1075 2255 1129 ei
2302 1081 2359 1126 ιιι
2392 1071 2603 1124 audiret
2640 1068 2861 1125 verbum
2895 1064 3009 1129 Dei,
3061 1072 3117 1117 et
3171 1060 3290 1129 ipse
3346 1057 3526 1115 stabat

1928 1170 2082 1237 juxta
2134 1178 2384 1236 stagnum
2434 1159 2795 1218 Genezareth.
2852 1158 2917 1211 Et
2974 1154 3109 1208 vidit
3160 1154 3296 1208 duas
3361 1163 3529 1205 naves

1935 1272 2146 1317 stantes
2198 1259 2271 1311 ad
2347 1264 2597 1327 stagnum
2644 1271 2660 1308 :
2704 1252 3004 1321 piscatores
3044 1256 3231 1315 autem
3295 1244 3530 1300 descen-

1937 1360 2212 1409 derantex
2246 1349 2372 1415 illis,
2400 1358 2450 1403 et
2494 1346 2786 1401 abluebant
2826 1343 2983 1397 retia.
3022 1340 3306 1410 Ingressus
3348 1344 3530 1415 autem

1939 1448 1993 1502 in
2026 1460 2187 1500 unam
2223 1444 2399 1496 navim
2440 1454 2561 1512 qua
2597 1446 2716 1493 erat
2767 1434 3031 1496 Simonis,
3073 1430 3276 1503 rogavit
3312 1443 3435 1483 eum
3474 1435 3535 1481 rt

1939 1555 1966 1591 τι
2001 1549 2143 1592 terra
2186 1536 2482 1590 abduceret
2520 1532 2772 1604 pusillum
2799 1569 2814 1593 ,
2851 1540 2905 1585 et
2949 1528 3148 1583 sedens
3199 1522 3431 1580 docebat
3467 1522 3536 1574 t'e

1942 1631 2064 1685 navi
2098 1630 2306 1684 turbas.
2357 1625 2426 1681 Ut
2458 1627 2695 1681 cessavit
2742 1634 2925 1678 autem
2957 1619 3130 1691 loqui,
3170 1618 3304 1671 dixit
3337 1615 3402 1669 ad
3450 1614 3537 1669 Si-

245 1733 372 1791 εἷπε
399 1736 537 1806 πρὸς
556 1734 648 1787 τὸν
675 1734 897 1801 Σίμωνα
917 1746 930 1759 ·
950 1728 1308 1795 Ἐπανάγαγε
1335 1728 1413 1788 εἰς
1435 1723 1497 1778 τὸ
1527 1722 1711 1794 βάθος,
1744 1720 1837 1773 καί

1954 1736 2205 1776 monem:
2256 1717 2369 1773 Duc
2402 1718 2455 1773 in
2503 1716 2713 1781 altum,
2754 1722 2808 1769 et
2850 1712 3034 1767 laxate
3071 1709 3209 1765 retia
3252 1715 3437 1760 vestra
3482 1705 3535 1757 in

246 1829 524 1899 χαλάσατε
559 1826 629 1880 τά
675 1824 868 1878 δίκτυα
901 1822 1055 1893 ὑμῶν
1090 1822 1170 1883 εἰς
1201 1820 1379 1889 ἄγραν
1402 1834 1416 1847 ⁰
1462 1816 1560 1872 καὶ
1605 1816 1836 1883 ἀποκρι-

248 1920 367 1981 θεὶς
395 1919 423 1969 ό
449 1915 652 1985 Σίμων,
686 1910 838 1967 εἶπεν
889 1910 1069 1981 αῦτῷ-
1113 1908 1433 1971 Ἐπιστάτα,
1470 1906 1537 1959 δι’
1572 1905 1698 1974 ὅλης
1736 1905 1835 1971 τῆς

247 2009 446 2071 νυκτὸς
509 2007 911 2069 κοπιάσαντες,
961 2003 1113 2059 οὐδὲν
1162 2001 1462 2070 ἐλάϐομεν,
1509 1999 1603 2051 ἐπὶ
1658 1996 1715 2049 δὲ
1760 1995 1837 2065 τῷ

253 2100 460 2173 ῥήματί
496 2114 590 2152 σου
624 2096 848 2171 χαλάσω
871 2095 931 2149 τὺ
954 2093 1189 2148 δίκτυον.
1225 2091 1336 2147 Kal.
1388 2090 1544 2144 τοῦτο
1576 2090 1836 2156 ποιήσαν-

246 2210 367 2256 τες,
407 2189 762 2246 συνέκλεισαν
803 2186 1005 2257 πλῆθος
1048 2185 1249 2256 ἰχθύων
1280 2182 1433 2237 πολύ.
1471 2183 1838 2252 Διεῤῥήγνυτο

249 2278 312 2332 δὲ
343 2278 403 2331 τὺ
431 2277 645 2330 δίκτυον
686 2276 864 2329 αὐτῶν
889 2293 902 2308 ⁸
941 2276 1035 2328 καὶ
1081 2275 1419 2328 κατένευσαν
1448 2275 1560 2334 τοῖς
1591 2273 1837 2341 μετόχοις

248 2373 366 2434 τοῖς
392 2372 449 2424 ὲν
485 2369 561 2439 τῷ
588 2367 762 2439 ἑτέρῳ
819 2366 1012 2437 πλοίῳ,
1052 2366 1145 2418 τοῦ
1179 2364 1432 2427 ἐλθόντας
1478 2361 1838 2416 συλλαϐέσθαι

249 2463 472 2526 αὐτοῖς·
503 2464 595 2515 καὶ
628 2457 793 2529 ἦλθον
827 2462 922 2514 καὶ
965 2458 1209 2527 ἔπλησαν
1242 2458 1529 2527 ἀμφότερα
1554 2455 1623 2508 τὰ
1655 2455 1836 2521 πλοῖα,

247 2556 396 2610 ὥστε
420 2553 733 2627 βυθίζεσθαι
754 2552 912 2607 αὐτά.
934 2551 1084 2605 Ἰδὼν
1112 2551 1169 2604 δὲ
1198 2551 1383 2621 Σίμων
1406 2550 1629 2620 Πέτρος,
1665 2564 1840 2617 προσο

257 2650 426 2703 ἔπεσε
475 2650 585 2711 τοῖς
631 2648 821 2717 γόνασι
868 2645 963 2698 τοῦ
1008 2643 1209 2714 Ἰησοῦ,
1247 2642 1451 2711 λέγων·
1492 2640 1718 2709 Ἔξελθε
1744 2640 1840 2695 ἀπ’

252 2735 419 2807 ἐμοῦ,
445 2738 697 2813 ὅτιεὰνὴρ
736 2734 1062 2806 ἁμαρτωλός
1092 2734 1232 2804 εἰμι,
1264 2733 1435 2804 Κύριε
1455 2750 1467 2763 ·
1499 2731 1708 2802 θάμϐος
1733 2730 1842 2801 γάρ

254 2818 552 2902 περιίσχεν
586 2830 749 2883 αὑτὸν
784 2829 880 2882 καὶ
910 2827 1119 2889 πάντας
1150 2825 1278 2890 τοὺς
1315 2826 1412 2878 σῦν
1444 2824 1615 2896 αύτῷ,
1650 2824 1743 2877 ἐπὶ
1778 2824 1842 2895 τῇ

256 2922 408 2992 ἄγρᾳ
432 2921 539 2975 τῶν
571 2920 792 2992 ἰχθύων,
890 2917 1208 2972 συνέλαϐον.
1264 2916 1496 2987 Ὁμοίως
1522 2916 1578 2969 δὲ
1606 2917 1701 2969 καὶ
1736 2916 1844 2971 ’ἰά-

258 3013 462 3077 κωδον,
491 3015 586 3067 καὶ
628 3012 885 3083 Ἰωάννην
931 3013 1078 3075 υἱοὺς
1124 3008 1434 3074 Ζεδεδαίου,
1476 3009 1525 3063 οἳ
1554 3005 1695 3080 ἦσαν
1728 3026 1843 3063 κοι-

260 3104 424 3159 νωνοί
452 3104 533 3175 τῷ
562 3105 771 3175 Σίμωνι
794 3121 807 3134 ·
844 3104 943 3157 καὶ
975 3099 1096 3156 εἷπε
1137 3102 1272 3173 πρὸς
1297 3102 1388 3155 τὸν
1423 3103 1644 3171 Σίμωνα
1673 3102 1701 3156 ό
1741 3103 1847 3172 ⁸1η-

260 3197 413 3261 σοῦς·
436 3198 525 3266 Μὴ
547 3196 736 3266 φοϐοῦ,
762 3198 871 3249 άπὸ
900 3196 994 3249 τοῦ
1019 3194 1113 3249 νῦν
1132 3194 1450 3267 ἀνθρώπους
1469 3195 1567 3267 ἔσῃ
1585 3192 1817 3265 ζωγρῶν
1833 3211 1848 3227 ·

262 3294 362 3345 καὶ
413 3290 820 3359 καταγαγόντες
868 3290 937 3343 τὰ
972 3288 1133 3341 πλοῖα
1168 3289 1262 3341 ἐπὶ
1308 3289 1409 3359 τὴν
1439 3289 1565 3357 γῆν,
1623 3288 1873 3357 ἀφέντες)

262 3381 505 3447 ἅπαντα,
563 3380 939 3450 ἡκολούθησαν
969 3379 1137 3451 αύτῷ.
1182 3399 1200 3432 ι
1229 3378 1423 3446 Φεύγει
1468 3379 1567 3450 μὲν
1596 3376 1853 3446 ὁΚύριος

264 3475 368 3543 τὴν
397 3474 576 3541 δόξαν,
601 3477 635 3545 ἡ
668 3473 724 3526 δὲ
767 3474 911 3537 τόσῳ
946 3474 1145 3543 μᾶλλον
1169 3471 1497 3527 καταδιώκει
1529 3467 1712 3525 αὖτόνζ
1744 3468 1852 3523 Τοῦ

266 3569 400 3639 γοῦν
424 3568 580 3639 ὄχλου
612 3569 989 3637 ἐπικειμένου,
1018 3568 1099 3632 εἰς
1120 3567 1183 3620 τὸ
1210 3566 1392 3621 πλοῖον
1421 3567 1729 3638 εἰσέρχεται
1748 3563 1873 3637 ’ὡς’

266 3659 337 3714 ἂν
363 3660 470 3714 ἀπὸ
491 3659 585 3713 τοῦ
609 3660 820 3725 πλοίου,
851 3659 1076 3729 διδάσκῃ
1101 3658 1227 3721 τοὺς
1254 3662 1310 3712 ὲν
1342 3657 1417 3730 τῷ
1441 3656 1677 3727 αἰγιαλῷ
1712 3656 1858 3709 ἰστα-

272 3749 492 3823 μὲνους,
535 3752 757 3805 πάντων
806 3752 950 3805 κατὰ
986 3751 1281 3821 πρόσωπον
1318 3749 1487 3803 αὐτοῦ
1531 3749 1725 3812 όντων,
1760 3748 1857 3801 καὶ

272 3844 501 3914 μηδενὸς
529 3845 772 3909 ἐλθόντος
805 3845 949 3897 κατὰ
983 3842 1177 3897 νώτου.
1200 3843 1356 3897 Ἐπεὶ
1383 3842 1443 3896 δὲ
1468 3842 1557 3895 τὸν
1578 3841 1736 3911 όχλον
1760 3841 1860 3894 ὲδί-

267 3934 432 4001 δαξεν
470 3936 535 3988 ἐκ
565 3934 661 3988 τοῦ
695 3935 905 3994 πλοίου,
937 3936 1038 3987 οὐκ
1090 3934 1325 4004 ἄμισθον
1382 3933 1576 4003 ἀφίησι
1626 3932 1720 3986 τὸν
1761 3931 1855 3986 τοῦ

274 4024 465 4078 πλοίου
496 4025 787 4097 δεσπότην,
820 4023 957 4079 ἀλλὰ
983 4024 1186 4088 διπλῶς
1228 4023 1391 4078 αὑτὸν
1422 4024 1736 4092 εὐεργετεῖ’
1774 4024 1859 4077 ὅτι

275 4133 335 4173 ἰε
367 4116 564 4187 ἰχθύων
594 4116 799 4188 πλῆθος
838 4115 987 4187 αὑτῷ
1024 4117 1341 4189 ἐχαρίσατο,
1375 4120 1469 4171 καὶ
1492 4118 1576 4171 ὅτι
1608 4117 1858 4190 μαθητὴν

271 4206 441 4263 αὐτοῦ
470 4212 783 4282 ἐποιήσατο.
812 4208 1107 4279 Θαύμασον
1136 4208 1192 4261 δὲ
1220 4209 1315 4263 τοῦ
1348 4209 1554 4281 Κυρίου
1586 4210 1684 4281 τὴν
1711 4212 1862 4265 οἰκο-

272 4299 490 4371 νομίαν,
523 4302 640 4364 πῶς
663 4301 895 4355 ἕκαστον
927 4301 1016 4355 διὰ
1042 4300 1153 4355 τῶν
1183 4302 1399 4355 οἰκείων
1418 4303 1515 4356 καί
1541 4304 1859 4374 συντρόφων

272 4392 595 4463 ἐφέλκεται*
640 4393 715 4457 ὡς
749 4393 859 4464 γὰρ
900 4394 1027 4457 τοὺς
1084 4392 1293 4463 μάγους
1330 4393 1417 4446 διὰ
1460 4392 1554 4445 τοῦ
1607 4395 1855 4466 ἀστέρος,

1944 1822 2245 1884 capturam.
2283 1808 2345 1863 Et
2393 1809 2725 1878 respondens
2772 1805 2984 1871 Simon,
3038 1801 3177 1857 dixit
3225 1798 3301 1855 illi
3342 1821 3351 1853 :
3397 1796 3539 1851 ἰδιοπ-

1945 1916 2159 1976 ccptor,
2202 1920 2299 1973 per
2347 1911 2515 1957 totam
2569 1910 2780 1955 noctem
2828 1897 3138 1973 laborantes
3188 1890 3355 1967 30E.
3406 1888 3538 1944 nihil

1945 2000 2210 2069 Cepimus,
2255 2007 2435 2051 tamen
2471 2004 2565 2048 tuo
2590 1992 2746 2061 jussu
2794 1989 2988 2043 laxabo
3016 1994 3155 2041 rete.
3182 1982 3250 2038 Et
3280 1997 3403 2038 cum
3436 1982 3541 2036 hoc

1947 2093 2230 2155 fecissent,
2283 2088 2668 2144 concluserunt
2716 2083 2947 2154 piscium
2997 2076 3403 2147 multitudinem
3449 2088 3541 2129 co-

1945 2187 2175 2257 piosam.
2224 2182 2596 2252 Rumpebatur
2639 2187 2819 2235 autem
2864 2186 2979 2232 rete
3011 2187 3224 2231 eorum.
3260 2168 3326 2227 Et
3365 2183 3543 2225 annu-

1946 2288 2109 2336 crunt
2139 2277 2305 2335 sociis
2332 2275 2424 2346 qui
2458 2282 2613 2329 erant
2646 2272 2699 2328 in
2738 2271 2909 2326 altera
2938 2267 3086 2332 navi,
3122 2273 3181 2319 ut
3208 2263 3462 2319 venirent
3485 2271 3542 2316 et

1948 2376 2283 2442 adjuvarent
2312 2369 2493 2439 ipsos.
2526 2368 2597 2422 Et
2643 2374 2935 2428 venerunt,
2982 2371 3143 2431 atque
3177 2358 3543 2429 impleverunt

1950 2465 2139 2521 ambas
2171 2477 2362 2527 naves,
2401 2461 2475 2517 ita
2505 2470 2565 2516 ut
2596 2466 2995 2530 mergerentur.
3026 2450 3182 2521 Quod
3225 2466 3351 2506 cum
3389 2448 3542 2505 vidc-

1950 2568 2029 2612 ret
2058 2556 2246 2613 Simon
2282 2555 2477 2611 Petrus
2501 2594 2517 2620 ,
2549 2551 2747 2608 accidit
2784 2549 2850 2607 ad
2883 2563 3059 2622 genua
3109 2546 3263 2608 Jesu.
3300 2543 3492 2601 dicens
3522 2559 3538 2597 :

1952 2649 2178 2705 Discede
2222 2664 2252 2703 a
2288 2663 2398 2714 me,
2447 2645 2708 2710 Domine,
2746 2646 2873 2715 quia
2905 2643 3067 2697 homo
3102 2645 3357 2712 peccator
3398 2651 3540 2694 sum.

1953 2744 2156 2814 Stnpor
2192 2743 2342 2797 ’enim
2388 2738 2828 2797 circumdederat
2878 2752 3044 2801 eum,
3100 2742 3156 2789 et
3201 2746 3394 2788 omnes
3450 2729 3541 2800 qui

1952 2850 2075 2891 cum
2100 2835 2191 2891 illo
2219 2834 2457 2900 fuerant,
2486 2847 2650 2903 super
2680 2826 2905 2901 captura
2938 2826 3169 2900 piscium
3203 2841 3364 2896 quam
3396 2823 3537 2879 fec»

1952 2940 2118 2984 rant:
2156 2927 2408 2985 similiter
2449 2937 2631 2982 autem
2685 2922 2947 2977 Jacolnnn
2978 2929 3033 2975 et
3080 2918 3346 2974 Joannem
3401 2918 3542 2973 ltlios

1953 3021 2223 3085 Zehedaei,
2259 3021 2352 3090 qui
2382 3028 2536 3075 erant
2566 3016 2701 3074 socii
2727 3014 3042 3071 Simoni.Et
3078 3013 3241 3066 aitad
3266 3010 3545 3066 Simonem

1952 3114 2114 3171 Jesus
2162 3134 2173 3170 :
2218 3114 2295 3169 Ne
2338 3123 2583 3175 metuas,
2644 3110 2874 3179 posthac
2929 3106 3181 3161 homines
3230 3105 3435 3175 capies.
3480 3101 3548 3157 Et

1954 3204 2237 3264 subductis
2288 3204 2343 3259 in
2382 3212 2582 3258 terram
2629 3198 2885 3263 navibus,
2927 3196 3133 3255 relictis
3174 3195 3429 3249 omnibus
3462 3208 3551 3248 sc-

1955 3303 2064 3357 cuti
2095 3309 2224 3356 sunt
2252 3313 2398 3355 eum.
2441 3318 2459 3348 ι
2492 3294 2651 3364 Fugit
2684 3292 2950 3348 Dominus
2980 3290 3231 3360 gloriam,
3269 3302 3391 3357 qme
3424 3302 3547 3339 eum

1957 3397 2025 3450 ob
2068 3394 2171 3448 hoe
2220 3391 2392 3463 magis
2425 3386 2778 3459 sequebatur.
2824 3383 2992 3454 Igitur
3023 3392 3253 3451 urgente
3301 3380 3458 3433 turba
3495 3380 3548 3431 in

1957 3484 2139 3540 navim
2179 3480 2505 3551 ingreditur,
2555 3486 2614 3531 ut
2656 3473 2803 3531 vela
2855 3488 2991 3528 nave
3040 3472 3233 3526 doceat
3279 3471 3333 3525 in
3368 3470 3551 3524 littore

1958 3584 2187 3636 stantes.
2217 3572 2474 3626 omnibus
2500 3583 2531 3625 e
2554 3567 2775 3637 regione
2813 3564 3278 3635 comparentibns,
3313 3572 3368 3617 et
3404 3563 3550 3616 nullo

1960 3684 1987 3721 a
2023 3679 2173 3735 tergo
2213 3665 2481 3719 veniente.
2525 3659 2822 3731 Postquam
2873 3667 3053 3712 autem
3102 3660 3318 3710 turbam
3351 3671 3378 3708 a
3424 3655 3549 3710 navi

1960 3760 2161 3821 docuit,
2188 3757 2466 3811 dominum
2495 3754 2650 3809 navis
2677 3768 2784 3807 non
2810 3750 3033 3821 reliquit
3062 3749 3553 3817 irremuneratum,

1960 3852 2053 3907 sed
2108 3848 2360 3905 bifariam
2412 3848 2461 3902 ei
2515 3844 2807 3912 benefecit,
2855 3845 2980 3915 quia
3036 3854 3092 3899 et
3144 3842 3551 3897 multitudinem

1961 3944 2186 4015 piaclum
2222 3943 2270 3997 ei
2315 3940 2561 4013 donavit,
2599 3949 2652 3994 et
2696 3938 3023 4007 discipulum
3061 3952 3219 3989 suum
3256 3934 3407 3991 fecit.
3441 3933 3556 3989 Ad-

1961 4037 2162 4091 mirare
2195 4045 2375 4089 autem
2405 4033 2616 4088 Domini
2645 4030 3130 4103 dispensationem,
3160 4028 3433 4103 quomodo
3460 4043 3556 4096 per

1962 4126 2180 4197 propria
2225 4138 2281 4182 et
2304 4124 2607 4197 familiaria
2645 4139 2743 4180 sua
2791 4138 3067 4194 quemque
3104 4124 3333 4176 attrahit
3371 4123 3558 4176 :sieut

1965 4234 2153 4290 magos
2193 4234 2288 4285 per
2336 4216 2571 4282 stellam,
2624 4216 2697 4271 ita
2747 4225 2802 4270 et
2850 4215 3154 4286 piscatores
3208 4228 3307 4283 per
3354 4213 3557 4283 pisces.

1960 4307 2133 4363 Porro
2158 4306 2360 4363 Christi
2392 4305 2867 4361 mansuetudinem
2908 4304 3053 4370 vide,
3082 4304 3353 4372 quomodo
3398 4304 3559 4358 obse-

1963 4411 2077 4455 cret
2108 4399 2326 4454 Petrum
2352 4409 2410 4452 ut
2437 4414 2465 4453 a
2495 4408 2637 4453 terra
2662 4398 2897 4453 abducat
2923 4412 2937 4449 :
2968 4396 3178 4467 rogavit
3206 4396 3376 4460 enim,
3413 4395 3553 4450 idem

273 4484 420 4542 οὕτω
449 4488 541 4540 καὶ
570 4489 697 4549 τοὺς
754 4486 923 4549 ἁλιεῖς
956 4486 1045 4539 διὰ
1074 4487 1181 4539 τῶν
1236 4486 1455 4557 ἰχθύων.
1500 4488 1643 4555 Ὅρα
1672 4488 1728 4541 δὲ
1761 4486 1849 4541 τοῦ

1965 4503 2048 4547 est
2074 4493 2216 4561 quod
2243 4490 2548 4546 obsecravit
2577 4506 2589 4542 :
2628 4491 2721 4544 sed
2750 4500 2805 4545 et
2834 4490 3106 4558 quomodo
3155 4489 3351 4544 Petrus
3383 4489 3555 4543 mori-

272 4579 517 4650 Χριστοῦ
542 4580 640 4649 τὴν
670 4578 997 4642 ἐπιείκειαν,
1029 4579 1146 4642 πῶς
1184 4582 1493 4649 παρακαλεῖ
1522 4581 1613 4633 τὸν
1653 4581 1859 4651 Πέτρον

272 4671 385 4726 άπὸ
407 4671 506 4741 τῆς
549 4673 651 4740 γῆς
684 4672 1054 4741 ἐπαναγαγεῖν
1076 4688 1089 4701 ·
1120 4673 1181 4724 τὸ
1227 4673 1358 4742 γὰρ,
1388 4671 1695 4743 ἠρώτησεν,
1738 4673 1861 4726 ἀντὶ

269 4764 393 4828 τοῦ,
428 4766 771 4835 παρεκάλεσε
821 4766 949 4819 νόει·
1003 4766 1138 4818 ἀλλὰ
1188 4765 1283 4817 καὶ
1313 4768 1339 4819 ό
1372 4766 1607 4835 Πέτρος,
1645 4766 1761 4829 πῶς
1791 4762 1860 4836 ἦν

271 4858 557 4927 εὐπειθὴς,
594 4858 735 4911 ὥστε
774 4859 1083 4929 ἄνθρωπον,
1120 4860 1178 4910 ὃν
1204 4860 1302 4911 οὐκ
1328 4858 1465 4929 ᾔδει,
1492 4857 1859 4923 ὑποδέξασθαί

271 4967 333 5003 τε
361 4950 441 5012 εἰς
473 4948 534 5002 τὸ
561 4951 745 5002 πλοῖον
774 4949 961 5014 αὑτοῦ,
1005 4952 1100 5002 καὶ
1133 4951 1310 5002 πάντα
1336 4947 1502 5002 αὑτοῦ
1530 4950 1857 5003 ὑπακούειν·

273 5040 487 5119 ὡςλγάρ
535 5037 689 5095 εἶπεν
726 5042 876 5109 αὐτῷ
929 5044 1301 5109 ἐπαναγαγεῖν
1333 5044 1412 5105 εἰς
1442 5042 1503 5095 τὸ
1533 5042 1715 5112 βάθος,
1761 5043 1862 5096 οὐκ

276 5134 749 5205 ἀπεδυσπέτησεν,
794 5135 904 5188 οὐδ’
938 5130 1082 5198 εἰπε,
1117 5136 1199 5187 Δι’
1232 5136 1359 5204 ὅλης
1393 5138 1490 5203 τῆς
1540 5138 1734 5199 νυκτὸς
1766 5153 1860 5189 κο-

280 5226 482 5291 πιάσας
516 5229 611 5281 καί⁵
663 5228 831 5299 μηδὲν
878 5229 1168 5298 κερδάνας,
1207 5228 1303 5281 νῦν
1351 5230 1437 5281 σοὶ
1470 5231 1859 5300 πεισθήσομαι,

279 5323 371 5375 καὶ
400 5320 672 5391 δευτέροις
712 5324 895 5383 πόνοις
936 5322 1172 5391 ἐμαυτὸν
1203 5322 1487 5387 ὲπιδώσω;
1524 5323 1690 5376 Οὐδὲν
1735 5324 1860 5377 τού-

280 5429 383 5467 των
416 5410 587 5480 εἶπεν,
620 5412 757 5466 ἀλλὰ
798 5414 1020 5483 μᾶλλον,
1040 5416 1163 5469 Ἐπί
1184 5414 1264 5485 τῷ
1296 5415 1501 5485 ῥήματί
1526 5434 1618 5469 σου
1639 5418 1862 5487 χαλάσω

281 5503 336 5556 τὸ
370 5502 618 5556 δίκτυον·
660 5503 833 5567 οὕτως
876 5501 943 5577 ἦν
976 5506 1073 5577 τὴν
1129 5507 1314 5559 πίστιν
1361 5508 1562 5578 θερμὸς
1611 5512 1705 5562 καὶ
1758 5509 1862 5579 πρὸ

284 5596 378 5665 τῆς
412 5593 651 5660 πίστεως
673 5614 685 5627 ·
722 5597 845 5650 ὅθεν
877 5599 969 5652 καὶ
995 5600 1284 5664 τοσούτους
1320 5602 1509 5670 ἰχθύας
1547 5602 1863 5671 συλλαμδά-

285 5705 383 5755 ιιι,
411 5687 556 5742 ὥστε
588 5688 666 5760 μὴ
712 5690 1013 5762 δυνάμενος
1064 5692 1285 5757 τούτους
1341 5694 1591 5756 ἑλκύσαι,
1625 5695 1718 5747 καὶ
1749 5697 1861 5757 τοῖς

285 5782 533 5849 μετόχοις
564 5782 731 5846 νεύει,
770 5786 1038 5847 τουτέστι.
1080 5789 1192 5851 τοῖς
1243 5791 1518 5852 κοινωνοῖς
1563 5791 1675 5853 τοῖς
1703 5790 1758 5842 ἐν
1784 5789 1861 5852 τῷ

1964 4599 2124 4653 gerus
2159 4584 2342 4649 fuerit,
2382 4584 2452 4637 ita
2486 4592 2546 4638 ut
2582 4584 2857 4638 hominem
2886 4596 3049 4652 quem
3084 4598 3190 4636 non
3228 4582 3461 4648 viderat,
3499 4585 3555 4640 in

1965 4678 2142 4756 navim
2180 4692 2333 4731 suam
2367 4676 2691 4756 susceperit,
2722 4684 2776 4729 ct
2805 4676 2853 4729 ei
2894 4676 2948 4728 in
2978 4674 3233 4729 omnibus
3267 4674 3555 4733 obedierit.

1962 4748 2103 4821 Nam.
2127 4775 2183 4821 ut
2210 4768 2347 4821 dixit
2386 4767 2433 4821 ei
2458 4746 2606 4836 quod
2634 4768 2929 4821 abduceret
2963 4766 3015 4820 in
3069 4765 3417 4835 profundum,
3444 4781 3553 4823 non
3620 4754 3623 4763 λ

1963 4861 2171 4926 abnuit,
2207 4876 2382 4930 neque
2414 4860 2571 4923 dixit.
2624 4860 2726 4914 Per
2755 4870 2919 4915 totam
2954 4872 3169 4915 noctem
3204 4860 3469 4926 laboravi,
3502 4871 3560 4918 et

1964 4952 2095 5005 nihil
2127 4964 2453 5006 consecutus
2486 4966 2646 5016 sum;
2712 4966 2858 5004 nunc
2896 4949 2988 5004 tibi
3029 4966 3299 5018 parerem,
3336 4963 3391 5004 et
3433 4950 3557 5009 aliis

1965 5042 2273 5113 fatigandus
2300 5043 2579 5098 laboribus
2616 5044 3025 5098 incumberem?
3060 5042 3157 5098 sed
3185 5044 3279 5106 ait,
3309 5040 3366 5095 lu
3391 5042 3557 5099 verbo

1967 5144 2057 5190 tuo
2114 5134 2310 5190 laxabo
2370 5145 2507 5189 rete.
2561 5135 2712 5190 Adeo
2770 5135 3013 5190 fervebat
3061 5137 3166 5191 ﬁde
3211 5135 3378 5192 etiam
3430 5148 3557 5194 ante

1967 5227 2125 5284 ﬁdem
2163 5246 2177 5283 :
2214 5229 2353 5284 unde
2379 5240 2435 5284 et
2465 5238 2645 5283 tantos
2680 5230 2855 5299 pisces
2881 5230 3315 5299 comprehendit,
3350 5240 3407 5284 ut
3436 5230 3557 5285 illos

1966 5337 2071 5376 non
2123 5321 2361 5390 potuerit
2414 5323 2655 5387 trahere,
2688 5332 2741 5375 et
2788 5324 3044 5377 annnerit
3080 5323 3267 5385 sociis,
3316 5322 3417 5377 hoc
3475 5332 3559 5376 est

1965 5415 2319 5484 participibus
2344 5415 2398 5468 in
2428 5414 2529 5468 alia
2554 5412 2847 5468 navi.Nutu
2873 5424 3053 5470 autent
3085 5416 3205 5471 illos
3231 5425 3408 5479 vocat,
3430 5416 3555 5482 quia

1965 5514 2190 5576 propter
2225 5516 2503 5575 stuporem
2557 5522 2814 5575 magnum
2865 5509 3013 5575 loqui
3057 5507 3332 5577 nequibat.
3385 5507 3555 5560 Porro

1967 5598 2132 5652 multa
2168 5599 2472 5653 reverentia
2500 5598 2697 5653 Petrus
2736 5608 2891 5669 rogat
2921 5597 3103 5655 Jesum
3142 5610 3197 5653 ut
3228 5599 3350 5653 navi
3389 5614 3552 5665 exce-

1968 5693 2077 5757 dat,
2112 5700 2450 5762 peceatorem
2486 5691 2724 5759 seipsu‘m
2759 5691 2969 5757 dicens,
3011 5702 3065 5747 et
3097 5692 3378 5761 indignum
3412 5691 3553 5746 illius

1968 5786 2400 5843 conversatione.
2444 5784 2567 5841 Πιυο
2594 5788 2761 5841 etiam
2798 5803 2893 5857 per
2930 5789 3244 5859 anagogiam
3286 5789 3331 5846 si
3361 5791 3440 5844 τις
3470 5790 3551 5837 ῑυο
