4110 6332
626 343 731 406 759

1511 339 2085 402 THEOPHYLACTI
2115 339 2524 402 BULGARI/E
2557 340 2896 402 ARCHIEP

3770 337 3874 405 760

628 458 856 527 telligas.
910 454 1072 512 Navis
1117 464 1196 511 est
1224 454 1526 511 Judmorum
1565 456 1844 528 Synagoga
1871 497 1885 520 ,
1926 467 1978 510 et
2012 457 2193 513 Petrus

2305 457 2475 526 ἑτέρῳ
2510 456 2681 526 πλοίῳ
2697 471 2709 484 ·
2731 456 2819 509 διὰ
2844 453 3112 526 νεύματος
3139 452 3197 508 δὲ
3220 451 3417 518 αὐτοὺς
3447 453 3866 523 προσκαλεῖται·

625 554 761 620 gerit
797 563 977 620 typum
1020 551 1299 603 doetorutn
1350 548 1504 618 legis.
1551 547 1959 603 Laboraverunt
2012 559 2188 603 autem

626 658 722 709 per
771 652 936 694 telam
991 647 1200 692 noctem
1230 639 1478 693 doctores
1521 639 1610 708 qui
1651 649 1775 692 ante
1806 639 2078 692 Christum
2114 638 2196 692 fu-

625 744 805 789 erunt.
837 733 1068 801 Tempus
1123 731 1262 784 enim
1295 741 1419 784 ante
1449 730 1564 798 ejus
1593 733 1877 785 adventum
1917 748 2019 786 nox
2053 739 2190 793 erat,

628 833 681 875 et
715 821 845 875 nihil
887 822 1413 889 comprehenderunt
1458 839 1472 875 :
1507 831 1788 889 postquam
1841 831 2016 875 autem
2046 820 2194 873 venit

628 914 898 975 Christus.
931 915 1154 983 diesque
1198 906 1374 966 factus
1405 922 1506 976 est,
1551 913 1779 981 apostoli
1820 913 1870 966 in
1903 911 2076 966 locum
2106 911 2188 964 le-

627 1008 707 1077 gis
737 1008 1013 1061 doctorum
1057 1005 1347 1073 surrogati,
1391 1004 1448 1058 in
1485 1004 1647 1058 verbo
1691 1005 1827 1073 ejus,
1871 1003 1973 1056 hoc
2008 1012 2091 1057 est
2138 1003 2191 1057 in

532 1095 550 1140 -’
631 1111 896 1168 prmcepto
942 1100 1078 1168 ejus,
1130 1097 1310 1150 laxant
1360 1105 1475 1150 rete
1523 1095 1816 1163 Evangelii,
1861 1105 1913 1148 et
1950 1095 2191 1148 multitu-

627 1194 804 1245 dinem
841 1191 1120 1245 hominum
1149 1200 1434 1244 venantur.
1469 1189 1577 1242 Soli
1615 1197 1792 1242 autem
1828 1188 2054 1256 apostoli
2087 1204 2190 1242 non

627 1293 854 1353 possunt
907 1285 1125 1338 trahere
1165 1293 1278 1337 rete
1335 1283 1587 1352 piscium,
1637 1291 1989 1350 annuuntque
2033 1280 2192 1334 sociis

627 1375 760 1438 suis,
794 1384 848 1428 et
869 1375 1289 1438 communicant,
1313 1382 1367 1428 et
1396 1389 1516 1428 eum
1546 1374 1626 1426 eis
1658 1372 1893 1427 trahunt.
1929 1371 1990 1425 Hi
2013 1382 2189 1426 autem

625 1465 786 1536 305
821 1476 946 1533 sunt
969 1476 1212 1534 pastores
1246 1475 1300 1520 et
1332 1469 1581 1519 doctores
1605 1465 1967 1520 Ecclesiarum
1997 1466 2048 1518 iu
2081 1465 2192 1519 sin-

631 1557 767 1626 gulis
805 1558 1137 1626 temporibus
1182 1558 1273 1627 qui
1312 1560 1736 1626 interpretantur
1760 1567 1813 1611 et
1852 1559 2043 1611 docent
2069 1570 2194 1625 apo-

628 1648 837 1711 stolica,
901 1650 1226 1718 trahuntque
1293 1665 1413 1704 eum
1478 1649 1755 1717 apostolis,
1805 1657 1866 1702 ut
1921 1649 2191 1716 piscemur

628 1739 893 1794 homines.
931 1740 1309 1794 Animadverte
1351 1741 1475 1793 item
1511 1751 1565 1793 et
1606 1741 1942 1804 dictionem,
1987 1738 2194 1792 Laxare

630 1841 761 1885 rete.
793 1831 1141 1901 Evangelium
1177 1833 1318 1885 enim
1361 1842 1444 1887 est
1478 1842 1610 1894 rete,
1646 1835 1944 1886 orationem
1990 1832 2193 1886 habens

628 1923 880 1976 humilem
914 1933 966 1976 et
995 1923 1316 1991 pedestrem,
1355 1934 1404 1978 et
1450 1925 1514 1975 ad
1559 1923 1858 1978 auditorum
1912 1923 2193 1975 inﬁrmita-

629 2027 732 2067 tem
760 2029 818 2067 se
849 2024 1294 2083 attemperantem
1330 2034 1339 2067 :
1375 2022 1427 2068 et
1452 2013 1655 2067 idcirco
1685 2014 1881 2067 dicitur
1907 2013 2096 2068 laxari.
2134 2012 2191 2066 Si

625 2108 710 2161 cui
743 2117 918 2160 autem
953 2115 1008 2160 et
1039 2122 1290 2161 sensuum
1322 2105 1657 2174 profunditas
1686 2105 1978 2174 significari
2016 2107 2199 2162 videa—

629 2211 715 2253 tur
761 2215 854 2264 per
903 2198 1227 2253 laxationem
1287 2199 1456 2260 retis,
1520 2212 1695 2267 neque
1748 2198 1921 2266 ipsum
1983 2213 2012 2251 a
2069 2214 2196 2254 vero

629 2290 854 2346 abludit.
887 2290 1142 2360 Impletur
1171 2290 1311 2344 enim
1347 2298 1401 2344 et
1441 2291 1538 2343 hoc
1567 2290 1844 2359 prOphetre
1884 2290 1976 2358 qui
2007 2291 2136 2345 dicit
2177 2308 2189 2343 :

634 2402 651 2435 ι
685 2382 823 2438 Ecce
851 2398 950 2453 ego
985 2385 1141 2436 mitto
1170 2382 1464 2450 piscatores
1491 2381 1712 2442 multos,
1754 2382 1885 2435 dicit
1915 2382 2190 2447 Dominus,

626 2484 681 2528 et
723 2482 904 2543 postea
937 2473 1145 2527 mittam
1176 2471 1372 2526 multos
1420 2479 1724 2535 venatores,
1757 2481 1810 2524 et
1852 2472 2193 2526 venabuntur

626 2566 744 2620 illus
783 2565 828 2597 "’
871 2582 884 2617 :
933 2583 950 2617 ι
1006 2565 1299 2634 piscatores
1362 2563 1573 2631 quidem
1643 2577 1859 2619 sanctos
1917 2565 2188 2631 apostolos

625 2671 868 2720 vocans,
925 2667 1208 2710 venatores
1282 2665 1461 2708 autem
1533 2670 1626 2710 eos
1703 2657 1792 2724 qui
1861 2658 2191 2726 temporibus

625 2750 974 2819 sequentibus
1024 2747 1191 2802 habiti
1255 2756 1379 2801 sunt
1433 2748 1681 2802 doctores
1731 2746 2092 2804 Ecclesiarum
2144 2759 2198 2805 et

627 2843 883 2911 praefecti.

2296 548 2482 617 ἐπειδὴ
2515 548 2604 601 διὰ
2635 548 2732 618 τὴν
2761 548 2853 601 ἐπὶ
2879 550 2944 619 τῇ
2974 547 3122 618 ἄγρᾳ
3152 544 3438 616 ἔκπληξιν,
3464 545 3592 600 οὐδὲ
3637 544 3864 614 λαλῆσαι

2294 639 2524 708 ἠδύνατο
2549 657 2564 670 ο
2595 638 2703 693 άπὸ
2733 639 2931 709 πολλῆς
2979 637 3036 692 δὲ
3061 637 3345 702 εὐλαϐείας
3375 639 3403 690 ὀ
3435 639 3645 708 Πέτρος
3672 653 3868 708 παραι-

2296 734 2471 785 τεῖται
2492 733 2582 786 τὸν
2612 731 2820 800 Ἰησοῦν
2840 731 2937 786 τοῦ
2956 732 3031 803 μὴ
3052 727 3191 786 εἶναι
3220 733 3278 784 ὲν
3295 731 3373 801 τῶ
3393 732 3588 800 πλοίῳ,
3610 733 3871 802 ἁμαρτω-

2297 825 2387 876 λὸν
2419 825 2611 879 ἑαυτὸν
2630 824 2824 890 λέγων,
2851 827 2945 878 καὶ
2977 811 3076 878 οὐκ
3099 824 3247 890 ἀξιον
3275 823 3368 878 τοῦ
3391 825 3587 893 ἐκείνῳ
3613 826 3869 879 συνεῖναι.

2297 916 2510 984 Νόησον
2543 917 2596 968 δὲ
2622 917 2793 970 ταῦτα
2834 916 2928 970 καὶ
2958 916 3104 969 κατά
3135 915 3451 988 ἀναγωγὴν,
3483 918 3530 968 εξ
3561 916 3762 978 θέλεις.
3803 915 3872 968 To

2297 1004 2485 1062 πλοῖόν
2514 1010 2659 1061 ἐστιν
2691 1009 2857 1078 ἡτῶν
2910 1008 3178 1063 Ἰουδαίων
3218 1008 3516 1078 Συναγωγή
3537 1022 3552 1035 ⁶
3605 1009 3633 1060 ὁ
3669 1007 3872 1078 Πέτρος

2297 1100 2467 1154 τύπον
2497 1102 2682 1170 ἐπέχει
2711 1100 2818 1154 τῶν
2853 1103 2911 1154 ὲν
2937 1101 3016 1170 τῷ
3059 1102 3208 1171 νόμῳ
3236 1100 3574 1155 διδασκάλων
3595 1118 3608 1129 ’
3643 1101 3868 1153 {texta-

2301 1211 2398 1245 σαν
2443 1193 2538 1247 οὖν
2580 1194 2645 1247 δι’
2696 1194 2824 1263 ὅλης
2883 1194 2980 1263 τῆς
3015 1193 3210 1255 νυκτὸς
3266 1193 3316 1245 οἱ
3357 1192 3462 1263 πρὸ
3504 1192 3600 1245 τοῦ
3633 1193 3871 1263 Χριστοῦ

2298 1285 2607 1340 διδάσκαλοι
2642 1285 2759 1357 (νὺξ
2805 1286 2912 1354 γὰρ
2937 1288 2964 1338 ὁ
2994 1286 3098 1357 πρὸ
3148 1284 3250 1354 τῆς
3289 1285 3529 1355 Χριστοῦ
3573 1285 3872 1355 ἐπιδημίας

2301 1376 2533 1446 καιρὸς),
2565 1376 2656 1428 καὶ
2682 1376 2834 1428 οὐδὲν
2855 1374 3068 1427 ελαὸον.
3101 1374 3378 1438 Ἐλθόντος
3405 1374 3461 1428 δὲ
3487 1372 3583 1427 τοῦ
3611 1374 3870 1444 Χριστοῦ,

2299 1468 2396 1518 καὶ
2418 1467 2634 1536 ἡμέρας
2681 1466 3001 1535 γενομένης,
3035 1467 3114 1529 εἰς
3139 1465 3231 1518 τὸν
3262 1466 3426 1518 τόπον
3456 1465 3565 1518 τῶν
3596 1463 3876 1535 νομοδιδαῖ

2302 1560 2516 1613 σκάλων
2554 1558 2800 1620 τεθέντες
2824 1554 2873 1610 οῐ
2897 1559 3205 1621 ἀπόστολοι,
3230 1558 3322 1612 ἐπὶ
3348 1557 3424 1628 τῷ
3455 1559 3662 1627 ῥήματι
3685 1557 3871 1618 αὐτοῦ,

2300 1652 2576 1704 τουτέστιν
2623 1651 2716 1704 ἐπὶ
2755 1654 2819 1722 τῇ
2883 1647 3212 1723 προστάξει,
3268 1649 3473 1720 χαλῶσι
3542 1649 3603 1701 τὸ
3661 1648 3873 1702 δίκτυον

2301 1747 2392 1799 τοῦ
2437 1745 2788 1814 Εὐαγγελίου,
2839 1745 2932 1797 καὶ
2971 1743 3174 1814 πλῆθος
3218 1742 3520 1812 ἀνθρώπων
3575 1740 3870 1812 ζωγροῦσι.

2303 1839 2467 1892 Μύνοι
2526 1838 2580 1891 δὲ
2641 1838 2688 1890 οἱ
2751 1835 3040 1890 ἀπόστολοι
3092 1837 3154 1888 οὐ
3213 1835 3465 1887 δύνανται
3537 1833 3766 1887 ἑλκύσαι
3818 1833 3876 1885 τὸ

2301 1933 2512 1986 δέκτυον
2548 1931 2657 1985 τῶν
2701 1930 2920 2001 ἰχθύων,
2964 1929 3057 1982 καὶ
3090 1927 3304 1980 νεύουσι
3345 1927 3440 1979 καὶ
3477 1927 3594 1988 τοῖς
3629 1924 3875 1994 μετόχοις

2302 2025 2481 2077 αὐτῶν
2515 2024 2606 2077 καὶ
2641 2025 2940 2084 κοινωνοῖς,
2970 2020 3065 2074 καὶ
3093 2018 3436 2089 συναίρονται
3479 2018 3686 2079 αὐτοῖς.
3720 2011 3874 2069 Οὗτοι

2300 2114 2356 2167 δέ
2389 2116 2525 2168 εἰσιν
2562 2115 2610 2166 οἱ
2663 2113 2785 2166 καθ’
2819 2111 3082 2173 ἑκάστους
3117 2109 3343 2180 καιροὺς
3379 2107 3640 2178 ποιμένες
3671 2108 3765 2160 καὶ
3796 2106 3874 2159 δι·

2299 2206 2556 2260 δάσκαλοι
2589 2205 2698 2259 τῶν
2743 2204 3106 2273 Ἐκκλησιῶν,
3134 2203 3184 2256 οἳ
3214 2205 3281 2255 τὰ
3323 2199 3657 2255 ἀποστολικά
3703 2201 3875 2269 ἑρμη-

2297 2299 2543 2362 νεύοντες
2581 2299 2673 2352 καὶ
2702 2297 3044 2358 διδάσκοντες
3064 2337 3080 2359 ,
3114 2294 3457 2364 συναιρονται
3488 2293 3600 2354 τοῖς
3644 2291 3875 2344 suam.

2298 2392 2409 2452 λοις
2437 2394 2573 2460 πρὸς
2603 2389 2662 2441 τὸ
2682 2388 2966 2459 ζωγρῆσαι
2989 2385 3307 2457 ἀνθρώπους
3329 2401 3343 2416 °
3367 2383 3557 2437 σκόπει
3581 2382 3638 2434 δὲ
3663 2383 3760 2433 καὶ
3782 2382 3877 2448 τὴν

2296 2479 2438 2546 λέξιν
2459 2481 2573 2543 τοῦ,
2595 2478 2816 2533 Χαλῶσι
2860 2478 2920 2531 τὸ
2937 2477 3174 2531 δίκτυον.
3199 2477 3270 2531 To
3297 2477 3394 2546 μὲν
3415 2475 3523 2544 γάρ
3548 2473 3876 2543 Εύαγγέλιόν

2296 2575 2410 2626 ἐστι
2445 2571 2506 2624 τὸ
2538 2572 2786 2624 δίκτυον·
2822 2569 2968 2635 λέξιν
3009 2569 3065 2623 δὲ
3093 2569 3216 2640 ἔχον
3245 2567 3506 2637 ταπεινὴν
3541 2565 3639 2620 sui.
3680 2565 3874 2634 πεζὴν,

2293 2665 2389 2718 καὶ
2428 2661 2905 2733 συγκαταδατικὴν
2945 2662 3082 2732 πρὸς
3117 2661 3214 2732 τήν
3261 2659 3523 2713 ἰδιωτειαν
3559 2659 3670 2712 τῶν
3704 2660 3871 2710 ἀκου-

2306 2755 2496 2815 όντων,
2533 2753 2619 2807 διὰ
2649 2753 2808 2807 τοῦτο
2840 2752 3058 2820 λέγεται
3087 2750 3441 2823 χαλασθῆναι.
3475 2750 3537 2802 Ei
3565 2750 3620 2801 δέ
3658 2765 3741 2812 τις
3786 2748 3879 2800 καὶ

2305 2846 2365 2898 τὸ
2417 2846 2577 2918 βάθος
2633 2845 2740 2900 τῶν
2789 2845 3083 2913 νοημάτων
3129 2841 3420 2912 δηλοῦσθαι
3465 2841 3600 2910 φαίη
3647 2840 3734 2893 διὰ
3785 2839 3877 2892 τοῦ

626 2935 889 3005 χαλᾶσθαι
915 2937 973 2987 τὸ
1004 2937 1238 3000 δίκτυον,
1270 2939 1390 2991 οὐδὲ
1421 2937 1578 2991 τοῦτο
1613 2937 1836 2996 ἀπεικός
1864 2954 1877 2968 ·
1935 2935 2290 3006 πεπλήρωται
2328 2935 2459 3006 γοῦν
2491 2937 2586 2990 καὶ
2614 2938 2674 2990 τὸ
2698 2935 2791 2990 τοῦ
2854 2937 3160 3007 προφήτου,
3200 2935 3442 2996 εἰπόντος
3470 2950 3484 2964 ο
3519 2952 3539 2985 ι
3585 2933 3716 2987 Ἰδοὺ
3769 2931 3879 3000 ἐγὼ

624 3029 910 3084 ἀποστελῶ
948 3031 1119 3094 ἁλιεῖς
1160 3032 1423 3096 πολλοὺς,
1461 3032 1610 3100 λέγει
1656 3032 1890 3102 Κύριος·
1934 3032 2030 3084 καὶ
2067 3033 2205 3102 μετὰ
2238 3032 2411 3086 ταῦτα
2434 3031 2719 3087 ἀποστελῶ
2750 3031 2976 3095 πολλοὺς
3043 3028 3336 3101 θηρευτὰς,
3395 3027 3490 3080 καὶ
3517 3025 3879 3095 θηρεύσουσιν

624 3123 819 3187 αὐτούς
844 3140 858 3157 ο
901 3143 920 3176 ι
963 3123 1088 3187 τοὺς
1130 3125 1228 3193 μὲν
1268 3126 1433 3188 ἁλιεῖς
1457 3169 1468 3186 ,
1524 3126 1649 3188 τοὺς
1676 3126 1864 3193 ἁγίους
1894 3125 2223 3188 ἀποστόλους
2262 3125 2434 3191 λέγων
2458 3142 2471 3155 ·
2516 3125 2789 3197 θηρευτὰς
2827 3125 2906 3187 δὲ,
2938 3125 3063 3188 τοὺς
3093 3121 3237 3177 κατά
3263 3120 3487 3191 καιροὺς
3512 3119 3621 3172 τῶν
3650 3118 3879 3186 Ἐκκλη-

628 3216 758 3270 σιῶν
789 3218 1126 3287 ἡγουμένους
1158 3219 1252 3272 καὶ
1272 3220 1641 3282 διδασκάλους.

697 3313 863 3366 V'sas.
898 3311 1080 3368 l2-i6.
1113 3331 1131 3364 t
1178 3312 1243 3366 Et
1272 3314 1471 3368 factum
1507 3325 1609 3379 est,
1639 3332 1758 3368 cum
1793 3326 1936 3371 esset
1977 3317 2027 3371 in
2066 3332 2193 3387 qua~

2382 3335 2400 3367 t
2432 3317 2540 3370 Καὶ
2571 3314 2784 3383 ἐγένετο
2813 3314 2871 3364 ἐν
2905 3310 2984 3380 τῷ
3016 3305 3156 3365 εἶναι
3185 3310 3350 3365 αὐτὸν
3386 3310 3444 3363 ὲν
3480 3310 3582 3380 μιᾷ
3622 3308 3733 3362 τῶν
3783 3307 3878 3361 πύ-

625 3406 748 3457 dam
803 3405 1046 3470 civitate,
1093 3412 1147 3458 et
1200 3420 1326 3460 ecce
1383 3405 1467 3484 vir
1508 3406 1700 3476 plenus
1744 3407 1912 3477 lepra,
1969 3423 2193 3478 cumque

2305 3408 2462 3471 λεων,
2499 3408 2593 3460 καὶ
2637 3407 2743 3458 ἰδοὺ
2772 3405 2911 3474 ἀνὴρ
2959 3403 3175 3475 πλήρης
3207 3402 3412 3472 λέπρας
3435 3441 3450 3466 ,
3490 3402 3588 3454 καὶ
3622 3399 3748 3454 ιδὼν
3791 3402 3878 3454 τὸν

630 3497 847 3551 vidisset
879 3495 1085 3560 Jesum,
1128 3507 1433 3567 prostratus
1481 3501 1532 3552 in
1576 3498 1767 3554 iaciem
1803 3501 2008 3571 rogavit
2051 3516 2194 3566 eum,

626 3589 812 3644 dicens
855 3607 865 3641 :
910 3588 1154 3652 Domine,
1192 3591 1232 3644 si
1270 3590 1372 3654 vis,
1409 3603 1559 3658 potes
1585 3607 1668 3645 me
1693 3591 2197 3660 mundare.Etpro-

627 3695 776 3735 tensa
812 3697 970 3734 manu
997 3684 1167 3751 tetigit
1198 3698 1343 3746 eum,
1377 3685 1594 3738 dicens:
1616 3683 1768 3747 Volo,
1804 3686 2032 3739 mundus
2056 3696 2192 3740 esto.

627 3774 691 3826 Et
720 3773 1003 3826 confestim
1045 3773 1186 3842 lepra
1224 3774 1472 3828 discessit
1503 3775 1569 3827 ab
1606 3774 1715 3826 illo.
1763 3774 1827 3827 Et
1858 3775 1971 3843 ipse
1999 3791 2200 3844 praece-

627 3865 704 3931 pit
734 3865 804 3918 illi
833 3881 896 3918 ne
929 3866 1178 3933 cuiquam
1207 3867 1443 3922 diceret:
1466 3865 1561 3921 sed
1591 3867 1743 3930 vade,
1764 3867 1957 3935 inquit,
1977 3869 2198 3922 ostende

631 3959 853 4027 teipsum
884 3959 1175 4022 sacerdoti,
1216 3967 1267 4013 et
1308 3957 1440 4013 oll‘er
1473 3974 1675 4015 munus
1704 3974 1802 4030 pro
1823 3959 2198 4015 emundatione

629 4053 732 4115 tui,
758 4049 1214 4119 quemadmodum
1247 4054 1499 4120 praecepit
1530 4051 1707 4107 Moses
1740 4052 1791 4105 in
1826 4051 2191 4107 testimonium

627 4143 755 4194 illis.
804 4140 1205 4210 Pervagabatur
1245 4150 1426 4195 autem
1467 4144 1636 4212 magis
1664 4157 1850 4197 rumor
1879 4143 1946 4197 de
1987 4143 2099 4206 illo,
2143 4153 2196 4199 et

626 4229 1028 4287 conveniebant
1065 4232 1234 4286 turbte
1284 4233 1462 4287 multa:
1509 4243 1568 4287 ut
1604 4237 1887 4297 audirent,
1942 4245 1994 4287 et
2035 4249 2195 4287 sana-

627 4333 813 4377 rentur
843 4322 909 4375 ab
953 4321 1354 4376 infirmitatibus
1389 4324 1521 4377 suis.
1557 4324 1677 4393 Ipse
1706 4333 1885 4376 autem
1925 4320 2116 4388 agebat
2142 4321 2195 4374 in

627 4431 841 4472 secessu
880 4418 930 4469 in
955 4416 1182 4471 desertis
1213 4425 1264 4471 et
1299 4419 1506 4471 orabat.
1545 4435 1561 4466 ι
1599 4415 1969 4470 Admiratione
2001 4415 2196 4484 dignus

627 4515 710 4559 est
749 4505 991 4575 lcprosus
1022 4505 1130 4583 ille,
1167 4506 1292 4574 quia
1324 4508 1536 4575 dignam
1568 4505 1680 4560 Deo
1718 4507 1784 4559 de
1831 4503 2047 4560 Christo
2076 4503 2195 4572 opi-

627 4601 844 4655 nionem
874 4600 1060 4655 hahuit
1090 4608 1144 4654 et
1175 4600 1308 4653 dixit
1341 4617 1354 4652 :
1385 4599 1440 4652 Si
1479 4600 1578 4660 vis,
1605 4609 1756 4665 potes
1783 4611 1870 4650 me
1913 4596 2189 4650 mundare.

2314 3499 2556 3570 Ἰησοῦν,
2594 3497 2773 3551 πεσὼν
2815 3499 2908 3550 ἐπὶ
2953 3495 3276 3566 πρόσωπον,
3313 3493 3503 3564 ἐδεήθη
3543 3491 3745 3556 αὑτοῦ,
3787 3494 3878 3545 λέ-

2301 3607 2441 3659 γων’
2480 3580 2672 3662 Κύριε,
2710 3591 2801 3643 ἐὰν
2835 3590 3017 3660 θέλῃς,
3047 3588 3273 3642 δύνασαί
3315 3605 3382 3657 με
3418 3586 3734 3658 καθαρίσαι.
3769 3586 3880 3639 Καὶ

2298 3685 2544 3745 ἐκτείνας
2594 3684 2691 3754 τὴν
2734 3685 2918 3753 χεῖρα,
2972 3681 3152 3751 ἥψατο
3199 3679 3363 3734 αὐτοῦ
3389 3720 3403 3744 ,
3455 3678 3663 3742 εἰπὼν,
3689 3676 3877 3737 Θέλω,

2300 3777 2696 3846 καθαρίσθητι·
2759 3776 2853 3827 καὶ
2913 3772 3116 3836 εὐθέως
3171 3775 3205 3841 ή
3265 3770 3441 3841 λέπρα
3486 3769 3735 3838 ἀπῆλθεν
3784 3768 3876 3822 ἀπ’

2302 3865 2485 3920 αὑτοῦ.
2529 3866 2638 3918 Καὶ
2669 3865 2830 3926 αὐτὸς
2864 3861 3232 3933 παρήγγειλεν
3259 3860 3406 3929 αὑτῷ
3442 3859 3635 3929 μηδενὶ⁸
3678 3861 3872 3912 εἰπεῖν·

2300 3957 2437 4011 ἀλλὰ
2463 3955 2736 4016 ἀπελθὼν,
2780 3953 2950 4021 δεῖξον
2981 3954 3204 4006 σεαυτὸν
3232 3953 3310 4024 τῷ
3363 3954 3522 4023 ἱερεῖ,
3554 3950 3654 4004 καὶ
3677 3967 3872 4021 ,προσ-

2301 4051 2491 4117 ένεγκε
2524 4047 2772 4119 περὶτοῦ
2813 4045 3158 4118 καθαρισμοῦ
3205 4063 3298 4100 σου
3338 4044 3522 4109 καθὼς
3574 4045 3873 4117 πίοσέταξε

2297 4141 2525 4211 Μωσῆς,
2558 4142 2637 4204 εἰς
2669 4139 2974 4212 μαρτύριον
3001 4139 3208 4200 αὐτοῖς.
3233 4137 3498 4206 Διήρχετο
3529 4135 3587 4188 δὲ
3624 4120 3880 4206 μᾶλλονδ

2298 4233 2452 4300 λόγος
2502 4234 2632 4302 περὶ
2681 4231 2869 4285 αὑτοῦ.
2926 4231 3038 4284 Καὶ
3091 4230 3420 4301 συνήρχοντο
3463 4227 3614 4298 ὄχλοι
3668 4227 3871 4288 πολλοὶ.

2300 4321 2520 4377 ἀκούειν
2548 4321 2641 4374 καὶ
2672 4318 3075 4389 θεραπεύεσθαι
3112 4318 3204 4372 ὑπ’
3233 4317 3401 4371 αὐτοῦ
3434 4317 3544 4370 ἀπὸ
3575 4317 3687 4371 τῶν
3717 4319 3872 4371 ἀσθε-

2298 4419 2458 4471 νειῶν
2481 4415 2682 4472 αὐτῶν.
2708 4414 2880 4476 Αὐτὸς
2901 4414 2957 4467 δὲ
2975 4408 3044 4484 ἦν
3074 4410 3377 4483 ὑποχωρῶν
3398 4411 3454 4464 ὲν
3471 4413 3593 4474 ταῖς
3622 4412 3723 4482 ἒρή
3732 4428 3869 4480 μοις,

2298 4509 2393 4562 καὶ
2429 4505 2886 4578 προσευχόμενος.
2918 4523 2936 4556 ι
2982 4501 3447 4572 ’Λειοθαύμαστος
3471 4503 3500 4554 δ
3525 4501 3729 4572 λεπρὸς
3748 4542 3765 4566 ,
3794 4501 3870 4554 ὅτι

2299 4598 2579 4669 θεοπρεπῆ
2607 4599 2817 4650 ἔννοιαν
2839 4595 2968 4666 περὶ
2997 4593 3093 4646 τοῦ
3113 4593 3318 4665 Κυρίου
3338 4593 3497 4663 ἔχων,
3517 4594 3711 4661 φησὶν,
3753 4593 3871 4646 Ἐάν

627 4693 740 4748 lloc
769 4693 912 4747 enim
939 4692 1141 4746 indicat
1183 4693 1354 4760 ipsum
1398 4692 1716 4745 sentientem
1759 4691 1824 4743 de
1872 4689 2090 4742 Christo
2136 4699 2192 4740 ut

2299 4691 2459 4761 θέλῃς
2479 4732 2492 4755 ,
2524 4691 2750 4743 δύνασαι
2783 4707 2848 4760 με
2892 4687 3214 4761 καθαρίσαι.
3246 4685 3417 4740 Τοῦτο
3459 4686 3571 4756 γὰρ
3597 4685 3871 4739 δείκνυσιν

628 4790 693 4842 de
721 4787 851 4842 Deo.
885 4785 1003 4842 Non
1032 4786 1174 4840 enim
1203 4795 1259 4838 ut
1284 4786 1347 4838 ad
1377 4785 1642 4839 medicum
1671 4789 1996 4845 accesserat,
2020 4795 2194 4849 neque

627 4881 770 4935 enim
794 4879 941 4949 lepra
972 4894 1000 4932 a
1023 4878 1248 4933 medicis
1277 4878 1453 4933 curari
1479 4885 1679 4947 potest,
1706 4880 1800 4931 sed
1823 4885 1879 4930 ut
1908 4878 1972 4932 ad
2003 4877 2191 4944 Deum,

627 4970 781 5039 cujus
828 4969 996 5024 solius
1046 4979 1128 5024 est
1179 4983 1375 5023 sanare
1429 4970 1478 5023 id
1522 4983 1690 5039 genus
1742 4969 2074 5022 morborum.
2128 4969 2197 5021 At

627 5063 782 5118 .lesus
815 5062 982 5132 tangit
1006 5063 1179 5124 illum,
1211 5078 1307 5116 nec
1336 5063 1452 5117 sine
1481 5077 1663 5126 causa,
1693 5061 1786 5116 sed
1808 5063 2062 5127 quoniam
2097 5062 2198 5114 im-

551 5210 554 5218 ,
629 5154 862 5208 mundus
899 5153 1198 5206 habebatur
1231 5150 1382 5218 juxta
1417 5151 1609 5221 legem,
1642 5152 1729 5220 qui
1763 5151 2028 5220 leprosum
2068 5161 2192 5206 tan-

627 5246 808 5313 gebat,
837 5245 1025 5300 volens
1053 5245 1335 5299 ostendere
1373 5246 1513 5313 quod
1559 5259 1662 5298 non
1699 5253 1940 5299 teneatur
1981 5246 2047 5298 ad
2075 5259 2194 5298 ser—

2299 4782 2462 4835 αὑτὸν
2491 4781 2778 4834 ἐννοοῦντα
2816 4780 2944 4851 περὶ
2967 4779 3062 4833 τοῦ
3088 4779 3348 4851 Χριστοῦ,
3370 4779 3446 4843 ὼς
3475 4778 3604 4848 περὶ
3631 4779 3788 4835 Θεοῦ·
3812 4780 3867 4832 οὐ

2300 4874 2409 4944 γὰρ
2446 4871 2522 4936 ὡς
2573 4873 2740 4945 ἰατρῷ
2791 4873 3134 4944 προσήρχετο
3181 4871 3238 4942 (ή
3271 4871 3381 4941 γὰρ
3439 4869 3614 4943 λέπρα
3674 4870 3868 4940 ἰατρῶν

2302 4967 2490 5037 χερσὶν
2513 4964 2970 5038 ἀνεπιχείρητος),
3004 4963 3119 5018 ἀλλ’
3149 4963 3224 5027 ὡς
3246 4963 3384 5032 Θεῷ·
3415 4965 3605 5018 τούτου
3631 4963 3742 5034 γάρ
3774 4963 3866 5035 μό·

2301 5075 2392 5110 νου
2421 5058 2482 5112 τὸ
2513 5058 2578 5110 τὰ
2599 5058 2822 5112 τοιαῦτα
2858 5057 3061 5111 ἰᾶσθαι.
3100 5055 3162 5110 '0
3181 5057 3239 5110 δὲ
3279 5057 3485 5129 Κύριος
3510 5057 3746 5111 ἅπτεται
3778 5057 3865 5112 αὐ-

2301 5145 2429 5210 τοῦ,
2484 5146 2584 5198 οὐκ
2636 5143 2866 5212 ἀλόγως,
2910 5145 3029 5198 ἀλλ’
3072 5144 3260 5216 ἐπειδὴ
3317 5145 3462 5200 κατά
3494 5146 3589 5201 τὸν
3621 5147 3806 5218 νόμον,
3839 5148 3864 5200 δ

2301 5237 2606 5309 ἁπτόμενος
2656 5237 2861 5310 λεπροῦ
2907 5237 3084 5293 ἐδόκει
3132 5239 3442 5311 ἀκάθαρτος
3477 5234 3660 5306 εἶναι,
3701 5241 3862 5295 θέλων

628 5336 801 5390 vanda
852 5345 956 5390 tam
1018 5335 1211 5405 exigua
1263 5335 1400 5404 legis
1454 5335 1618 5399 dicta,
1661 5345 1714 5388 et
1765 5336 1903 5403 quod
1965 5336 2077 5388 iose
2123 5335 2193 5388 sit

2299 5333 2489 5400 δεῖξαι,
2525 5332 2606 5384 ὅτι
2635 5333 2734 5395 τάς
2760 5331 3013 5395 τοιαύτας
3049 5334 3400 5407 μικρολογίας
3432 5335 3526 5389 τοῦ
3561 5337 3730 5406 νόμον
3770 5335 3861 5392 οὐκ

636 5425 894 5478 Dominus
945 5423 1098 5493 legis,
1131 5434 1183 5478 et
1223 5426 1363 5495 quod
1395 5427 1627 5479 mundus
1676 5439 1780 5478 non
1812 5425 2190 5494 coinquinetur

2299 5423 2545 5491 ἀνάγκην
2573 5424 2688 5494 ἔχει
2722 5425 3010 5494 φυλάττειν
3028 5467 3042 5492 ,
3072 5427 3188 5482 ἀλλ’
3215 5428 3379 5493 αὑτός
3411 5431 3559 5484 ἐστιν
3585 5430 3614 5483 ὁ
3653 5430 3747 5485 τοῦ
3777 5429 3858 5484 νύ-

630 5532 698 5570 ρχ
760 5531 826 5570 eo
868 5518 1008 5584 quod
1066 5517 1281 5572 videtur
1335 5518 1692 5583 immundum,
1751 5518 1843 5572 sed
1883 5501 2188 5571 animorum

2300 5532 2401 5582 μου
2447 5514 2674 5585 Κύριος,
2709 5518 2804 5571 καὶ
2847 5519 2928 5570 ὅτι
2968 5518 3120 5572 οὐδὲν
3151 5522 3179 5573 ὁ
3208 5518 3448 5590 καθαρὸς
3481 5521 3772 5592 μολύνεται
3799 5520 3857 5573 ὲκ

632 5606 782 5675 lepra
818 5607 890 5662 sit
919 5622 1034 5676 qua:
1066 5609 1400 5678 coinquinat,
1443 5621 1511 5666 et»
1540 5610 1657 5665 ideo
1687 5607 1854 5676 tangit
1906 5627 1918 5662 :
1970 5606 2190 5668 interim

2299 5606 2390 5661 τοῦ
2423 5605 2706 5672 δοκοῦντος
2729 5609 3068 5682 ἀκαθάρτου.
3096 5613 3213 5666 ἀλλ’
3240 5614 3272 5685 ἠ
3307 5613 3416 5668 τῶν
3439 5613 3631 5687 ψυχῶν
3663 5612 3851 5686 λέπρα,

702 5765 748 5796 ’τ
780 5762 976 5817 Jcrcm.
1005 5780 1110 5829 xw,
1147 5766 1230 5820 16.
