4110 6332
200 367 304 431 τοι

919 370 1393 434 ΙΕΝΑΒΒΑΤΙΟ
1429 372 1512 436 IN
1549 371 2059 436 EVANGELIUM
2101 374 2338 438 LUC/ﬁ.
2369 398 2437 409 -
2465 374 2629 435 CAP.
2663 374 2734 433 V.

3395 361 3504 426 762

200 488 390 560 εκείνη
432 486 582 542 ιοτὶν
618 487 654 558 ἠ
706 483 1013 558 μολύνουσα
1039 503 1052 516 ·
1086 487 1280 540 τούτου
1309 486 1499 540 ἕνεκεν
1532 486 1767 540 ἅπτεται
1791 499 1804 514 ·

1928 494 1970 542 ει
2015 488 2117 543 Ιιοο
2160 487 2412 543 indicans
2465 485 2607 556 quod
2675 491 2864 539 sancta
2911 479 3032 548 eius
3083 477 3504 534 carodivlnam

199 580 320 650 ἃμα
346 579 427 646 δὲ,
462 580 553 635 καὶ
581 578 667 634 ἵνα
697 576 848 649 δείξῃ
876 578 957 630 ὅτι
985 580 1018 649 ἡ
1054 579 1185 646 ἁγία
1230 577 1399 633 αὑτοῦ
1468 578 1609 651 σὰρξ
1649 577 1818 632 θείαν³

200 668 316 741 ἔχει
349 673 602 742 δύναμιν,
633 670 724 724 καὶ
765 669 1076 740 καθαρτικη
1116 669 1252 723 οὖσα
1283 670 1378 724 καὶ
1412 668 1759 738 ζωογονοῦσα
1785 710 1800 735 ,

201 765 282 824 ὼς
327 765 422 818 τοῦ
455 762 593 818 Θεοῦ
638 762 814 832 Λόγου
845 758 979 816 οὖσα
1014 763 1173 832 σάρξ.
1207 763 1588 832 Παραγγέλλει
1632 763 1692 817 δὲ
1726 763 1805 833 τῷ

203 857 397 927 λεπρῴ
429 858 515 911 ἵνα
540 857 730 926 μηδενὶ
759 857 911 928 εῐπῃ,
944 856 1209 909 διδάσκων
1240 856 1386 925 ἡμᾶς
1414 857 1490 927 μὴ
1514 855 1698 928 ζητεῖν
1722 857 1808 909 εύ-

205 967 282 1020 φη
294 949 423 1019 μίας
443 949 595 1019 παρά
618 948 726 1000 τῶν
746 947 1241 1018 εὐεργετουμένων.
1263 947 1543 1003 Ἀπελθὼν
1564 949 1621 1003 δὲ
1648 949 1803 1019 φησι,

201 1041 382 1107 δεῖξον
411 1040 638 1094 σεαυτὸν
658 1038 736 1111 τῷ
765 1040 902 1110 ἰερεῖ
923 1080 938 1106 ,
973 1040 1067 1093 καὶ
1092 1039 1425 1110 προσένεγκε
1448 1040 1510 1094 τὸ
1525 1040 1699 1113 δῶρον
1726 1040 1807 1104 εἰς

208 1133 514 1206 μαρτύριον
539 1132 744 1195 αὐτοῖς⁸
768 1131 931 1201 νόμος
952 1131 1063 1203 γὰρ
1087 1128 1174 1202 ἦν,
1194 1131 1286 1185 τὸν
1313 1133 1464 1205 ἱερέα
1480 1131 1805 1204 δοκιμάζειν

204 1229 336 1288 τοὺς
390 1225 794 1295 λεπρωθέντας,
830 1224 928 1278 καὶ
977 1224 1188 1295 κρίνειν
1227 1225 1276 1278 εἰ
1324 1223 1803 1296 ἐκαθαρίσθησαν·

207 1322 307 1374 καὶ
360 1319 456 1373 ἐὰν
487 1321 587 1388 μὲν
623 1317 689 1371 δι’
722 1318 867 1370 emat
903 1320 1131 1388 ἡμερῶν
1177 1317 1516 1388 ἐκαθαρίσθη
1543 1358 1558 1383 ,
1611 1317 1807 1388 ἔμενεν

210 1415 322 1471 ἔσω
363 1418 462 1486 τῆς
498 1415 708 1476 πόλεως
754 1415 782 1468 ὁ
827 1413 1068 1481 λεπρὸς·
1119 1413 1167 1466 εἰ
1213 1411 1270 1467 δὲ
1311 1413 1426 1485 μὴ,
1463 1413 1805 1477 ὲξεϐάλλετο.

208 1510 383 1564 Τοῦτο
412 1508 591 1562 τοίνυν
613 1507 780 1577 φησιν
805 1508 833 1560 ὁ
852 1507 1082 1579 Κύριος,
1114 1526 1134 1559 ι
1172 1507 1416 1575 ”Υπαγε,
1441 1507 1615 1573 δεῖξον
1645 1523 1808 1559 σεαυο

208 1604 305 1656 τὶν
336 1603 415 1672 τῷ
453 1603 590 1672 ίερεί
611 1644 624 1663 ,
661 1601 757 1653 καὶ
785 1600 1125 1670 προσένεγκε
1149 1600 1210 1653 τὸ
1262 1600 1457 1671 δῶρον.
1496 1619 1513 1653 ι
1556 1599 1621 1653 Τί
1652 1600 1710 1654 δὲ
1739 1597 1807 1671 ἦν

213 1698 276 1752 τὸ
312 1697 520 1768 δῶρονς
550 1697 654 1749 Δύο
678 1695 914 1768 ὀρνίθια’
959 1694 1010 1748 τί
1049 1694 1106 1748 δέ
1139 1696 1256 1748 ἐστι
1285 1694 1368 1760 τὸ,
1392 1695 1473 1757 εἰς
1507 1693 1809 1764 μαρτύριον

217 1794 440 1858 αὐτοίςς
478 1789 810 1856 Τουτέστιν,
840 1790 918 1851 εἰς
954 1787 1178 1858 ἔλεγχον
1219 1788 1400 1842 αὐτῶν
1430 1788 1524 1842 καὶ
1567 1803 1810 1857 κατηγο-

223 1883 367 1954 ρίαν,
392 1882 460 1935 ἵν’
488 1883 619 1936 ὅταν
645 1879 997 1952 κατηγορῶσί
1027 1897 1129 1950 μου
1152 1880 1228 1944 ὼς
1259 1879 1695 1951 παραϐαίνοντος
1717 1877 1810 1931 τὸν

216 1977 403 2047 νόμον,
436 1976 501 2029 ἐκ
537 1973 730 2030 τούτου
764 1973 1096 2043 ἐλέγχωνται
1123 1975 1207 2028 ὅτι
1241 1975 1301 2027 ού
1340 1973 1666 2044 παραϐαίνω
1692 2014 1708 2038 ,
1749 1973 1814 2025 ὲκ

217 2067 316 2123 τοῦ
361 2066 666 2136 προστάξαι.
700 2083 783 2120 σοι
815 2068 1212 2137 προσενεγκεῖν
1243 2066 1305 2118 τὸ
1337 2066 1510 2137 δῶρον
1532 2078 1556 2128 ,⁸
1580 2066 1608 2119 δ
1638 2082 1814 2135 προσο

216 2159 375 2227 έταξε
398 2163 639 2231 Μωσῆςο
676 2159 803 2224 Πῶς
834 2159 892 2213 δὲ
927 2161 995 2214 τὰ
1028 2159 1122 2214 δύο
1168 2159 1380 2230 ὀρνίθια
1412 2161 1595 2212 ὲκεῖνα
1640 2176 1813 2230 προσ-

216 2255 419 2325 ήγοντο
446 2254 522 2325 τῷ
553 2253 674 2325 Θεῷ
700 2291 716 2317 ,
766 2254 868 2307 ούκ
899 2253 1131 2324 ἄκαιρον
1157 2254 1355 2305 εἰπεῖν·
1387 2252 1653 2321 ἐσφάζετο
1680 2250 1817 2305 τὸὲν

215 2348 472 2420 ὀρνίθιον.
510 2347 622 2402 Καὶ
655 2346 980 2416 ὑπεδέχοντο
1009 2345 1069 2398 τὸ
1101 2340 1244 2413 αἷμα
1276 2345 1476 2408 αὐτοῦ,
1523 2345 1581 2397 ὲν
1610 2343 1819 2412 ἀγγείῳ

216 2437 528 2510 δστρακίνῳ
553 2435 753 2508 καινῷ-
776 2433 896 2501 εἷτα
918 2434 1012 2488 τοῦ
1036 2435 1224 2505 ἐτέρου
1253 2434 1494 2505 ὀρνιθίου
1520 2434 1815 2504 ἀμφότερα

215 2532 289 2586 τὰ
325 2530 503 2602 πτερά
542 2530 844 2584 ὲϐάπτοντο
874 2529 933 2582 ἰν
985 2527 1063 2597 τῷ
1103 2528 1327 2595 αἵματι,
1365 2527 1459 2579 καὶ
1489 2525 1664 2588 οὕτως
1709 2527 1820 2579 ἀπ-

220 2621 412 2680 ελύετο
444 2622 503 2677 τὸ
527 2621 760 2694 ὀρνίθιον
793 2620 923 2685 ζῶν.
948 2617 1226 2684 Εἰκόνιζον
1261 2614 1353 2672 οὖν
1386 2617 1558 2671 ταῦτα
1585 2617 1654 2670 τά
1680 2617 1824 2672 κατὰ

221 2716 319 2770 τὸν
351 2716 588 2786 Χριστόν
610 2728 623 2744 ·
655 2715 724 2768 τά
755 2712 849 2766 δύο
878 2714 984 2783 γὰρ
1019 2711 1255 2783 ὀρνίθια,
1289 2713 1346 2764 αἰ
1379 2708 1471 2764 δύο
1504 2709 1698 2779 φύσεις
1728 2707 1822 2762 τοῦ

222 2806 488 2880 Χριστοῦ,
517 2807 552 2878 ἦ
590 2823 650 2858 τε
682 2805 804 2860 θεία
835 2805 929 2859 καὶ
956 2807 989 2875 ή
1022 2804 1365 2875 ἀνθρωπίνη,
1414 2794 1488 2856 ὧν
1527 2802 1588 2856 τὸ
1623 2803 1722 2872 μὲν
1767 2801 1825 2855 ἓν

223 2904 443 2972 ἐσφάγη
467 2943 483 2965 ,
531 2899 814 2954 τουτέστιν
873 2901 906 2968 ή
946 2896 1284 2969 ἀνθρωπίνη
1317 2898 1378 2950 τὸ
1403 2897 1460 2950 δι
1492 2897 1680 2967 ἕτερον
1715 2897 1828 2950 άπ-

225 2990 393 3060 ελύθη
420 2989 550 3055 ζῶν.
588 2987 656 3043 Ἦ
687 2988 797 3060 γὰρ
822 2988 945 3040 θεία
969 2988 1133 3056 φύσις
1166 2986 1386 3056 ἀπαθὴς
1413 2987 1672 3058 διέμεινε,
1702 3005 1828 3057 χρι-

229 3084 424 3139 σθείσα
451 3087 529 3154 τῷ
559 3083 753 3154 αἵματι
778 3084 878 3151 τῆς
901 3081 1186 3152 παθούσης
1210 3080 1448 3148 φύσεως,
1483 3081 1579 3134 καὶ
1602 3081 1682 3142 εἰς
1703 3081 1829 3134 tau—

1913 582 2110 636 liabeat
2130 580 2406 644 virtutem,
2429 589 2485 635 et
2512 576 2765 648 purilicet
2788 591 2854 630 ac
2881 573 3143 634 viviﬂcet,
3172 581 3356 641 utpote
3382 585 3506 640 quae

1912 673 1984 729 sit
2023 689 2151 730 caro
2182 670 2347 728 Verbi
2387 672 2499 726 Dei.
2533 670 2800 740 Prazcepit
2829 677 3009 722 autem
3056 666 3273 734 leproso
3321 680 3387 717 ne
3414 663 3508 717 cui

1912 768 2141 832 diceret,
2185 781 2282 822 nos
2332 766 2534 821 docens
2566 773 2624 818 ut
2670 763 2738 816 ab
2773 762 2877 826 his,
2914 759 3117 830 quibus
3167 755 3510 812 benefeceri-

1914 873 2054 921 mus,
2091 859 2305 912 laudem
2345 873 2452 912 non
2482 869 2814 925 qumramus.
2849 853 2951 907 Abi
2984 859 3191 910 autem.
3221 847 3422 919 inquit,
3452 855 3513 902 et

1912 951 2143 1008 ostende
2172 951 2401 1020 teipsum
2433 949 2730 1010 sacerdoti,
2763 957 2817 1002 et
2853 945 2988 1001 oﬂ'er
3020 958 3218 1000 munus
3259 943 3312 996 in
3357 940 3511 996 testi-

1917 1047 2156 1102 monium
2219 1045 2347 1100 illis.
2391 1042 2501 1098 Lex
2542 1041 2772 1096 cavebat
2804 1054 2834 1092 a
2870 1037 3160 1093 sacerdote
3202 1032 3514 1106 probandos

1914 1137 2178 1208 leprosos,
2224 1137 2315 1208 qui
2353 1135 2626 1202 iudicaret
2655 1148 2724 1187 an
2771 1130 3042 1201 purilicati
3088 1136 3297 1184 essent.
3353 1125 3423 1180 Et
3459 1123 3510 1179 sl

1915 1232 2132 1300 quidem
2166 1230 2306 1283 intra
2339 1227 2454 1282 dies
2478 1232 2687 1293 septem
2722 1222 3118 1290 purillcabatur
3150 1221 3297 1288 quis,
3325 1229 3518 1270 manc-

1915 1323 2010 1378 but
2045 1323 2185 1376 intra
2221 1321 2499 1374 civitatem
2540 1333 2554 1373 :
2590 1322 2671 1372 sin
2712 1315 2916 1378 minus,
2941 1313 3283 1381 eiiciebatur.
3321 1309 3388 1364 Et
3413 1309 3520 1362 hoc

1917 1431 2019 1483 est,
2044 1419 2187 1490 quod
2222 1418 2351 1473 dicit
2381 1418 2643 1472 Dominus
2678 1432 2692 1468 :
2735 1431 2754 1466 ι
2789 1410 2961 1472 Vade,
2986 1411 3217 1465 ostende
3248 1418 3300 1462 te
3334 1421 3516 1461 sacer—

1917 1515 2053 1576 doti.
2096 1523 2152 1568 et
2203 1513 2338 1568 oﬂ'er
2376 1527 2592 1565 munus.
2628 1531 2646 1561 ι
2682 1509 2838 1576 Quod
2887 1516 3070 1560 autem
3115 1513 3235 1559 erat
3284 1499 3518 1556 munus?

1920 1610 2048 1664 Diue
2071 1623 2223 1662 aves.
2261 1606 2366 1660 Sed
2402 1605 2525 1672 quid
2555 1604 2723 1675 306
2753 1612 2855 1668 est,
2884 1603 2938 1657 in
2973 1596 3346 1654 testimonium
3375 1594 3518 1650 illis?

1921 1700 2034 1754 lloc
2091 1708 2196 1764 est,
2245 1697 2295 1750 in
2347 1696 2825 1765 reprehensionem
2875 1703 2929 1748 et
2998 1685 3521 1746 condemnationem

1919 1793 2179 1856 illorum,
2211 1801 2268 1845 ut
2300 1783 2518 1859 quando
2559 1788 2945 1843 comdemnant
2989 1798 3077 1838 me
3114 1797 3213 1838 ceu
3261 1778 3524 1850 praevari-

1850 1858 1894 1912 Β
1921 1895 2160 1940 catorem
2204 1884 2356 1952 legis,
2408 1897 2470 1935 es
2502 1883 2606 1936 hoc
2639 1878 2938 1949 arguantur
2985 1891 3072 1930 me
3122 1888 3227 1928 non
3262 1869 3524 1943 praevari-

1918 1977 2032 2032 cari
2073 1978 2214 2045 quod
2262 1973 2571 2029 mandarim
2605 1981 2664 2026 ut
2706 1970 2813 2025 illis
2857 1968 3119 2024 oll'eratur
3153 1970 3352 2020 donum
3383 1965 3524 2020 sicut

1919 2072 2177 2142 prmocpit
2198 2070 2392 2125 Moses.
2423 2068 2708 2136 Quomodo
2738 2073 2918 2118 autem
2947 2062 3064 2117 dure
3085 2076 3214 2116 aves
3237 2059 3342 2114 ιιιω
3370 2055 3509 2112 oﬂ'e-

1921 2163 2185 2218 rebautur
2222 2161 2469 2223 Domino,
2502 2175 2608 2213 non
2639 2154 3084 2226 intempestivum
3109 2151 3272 2206 luerit
3297 2150 3519 2204 dixisse.

1925 2251 1970 2307 Ο
2008 2252 2290 2306 cidebatur
2343 2265 2450 2304 una
2499 2251 2640 2314 avis,
2671 2257 2726 2301 et
2772 2244 3150 2314 suscipiebant
3199 2239 3524 2312 sanguinem

1923 2347 2043 2413 ejus
2087 2347 2140 2401 in
2187 2361 2318 2401 vase
2372 2353 2611 2398 testaceo
2658 2357 2798 2396 novo
2842 2359 2855 2394 :
2891 2340 3090 2395 deinde
3134 2338 3365 2393 alterius
3409 2336 3526 2392 avis

1925 2458 2170 2515 utraeque
2198 2444 2298 2499 alre
2334 2443 2686 2512 tingebantur
2727 2440 2779 2493 in
2812 2438 3102 2508 sanguine,
3139 2447 3195 2492 et
3229 2438 3309 2492 sic
3336 2434 3524 2490 dimit-

1928 2539 2144 2592 tebatnr
2187 2536 2303 2589 avis
2367 2537 2516 2590 viva.
2563 2531 2996 2603 Prmlignrabant
3041 2538 3222 2584 autem
3273 2528 3390 2583 haec
3437 2539 3524 2580 res

1926 2630 2152 2689 Christi.
2198 2630 2325 2686 Duae
2376 2632 2521 2686 enim
2556 2642 2685 2684 aves
2729 2627 2848 2682 duae
2879 2635 3091 2680 natura:
3136 2632 3264 2678 sunt
3295 2619 3529 2686 Christi,

1928 2728 2112 2780 divina
2157 2734 2211 2778 et
2252 2725 2518 2786 humana,
2559 2736 2790 2793 quarum
2829 2735 2934 2774 una
2970 2719 3153 2774 occisa
3194 2725 3299 2780 cst,
3334 2727 3528 2785 nempe

1931 2821 2188 2881 humana,
2241 2819 2410 2872 altera
2469 2831 2599 2872 vero
2653 2815 2878 2869 dimissa
2933 2814 3076 2868 viva.
3132 2811 3322 2867 Divina
3375 2807 3525 2864 enim

1931 2908 2288 2978 impassibilis
2341 2908 2679 2977 permansit,
2723 2914 2888 2961 uncta
2936 2902 3203 2972 sanguine
3251 2897 3532 2972 passibilis

1934 3008 2143 3054 natura:
2203 3008 2257 3053 et
2293 2999 2346 3052 in
2389 3015 2447 3052 se
2481 2999 2793 3068 passionem
2824 2995 3150 3064 suscipiens.
3190 2991 3527 3063 Sanguinem

1936 3103 2118 3147 autem
2153 3091 2364 3146 Domini
2399 3105 2494 3145 vos
2527 3089 2769 3158 suscepit
2798 3088 3080 3159 tlgulinum
3114 3101 3338 3148 novum,
3361 3098 3533 3152 popu-

229 3178 333 3247 τὴν
356 3177 419 3230 τὸ
460 3176 633 3240 πάθος
665 3173 1070 3245 ἀναδεξαμένηο
1101 3173 1162 3226 τὸ
1191 3171 1249 3226 δὲ
1285 3166 1424 3242 αἷμα
1477 3170 1571 3225 τοῦ
1619 3171 1823 3242 Κυρίου

1937 3185 2043 3252 lus,
2095 3185 2340 3254 inquam,
2385 3198 2560 3237 novus
2602 3198 2666 3236 ex
2708 3182 2985 3250 gentibus,
3022 3178 3157 3234 Novi
3192 3174 3534 3232 Testamentl

232 3266 456 3332 ἐδέξατο
495 3267 720 3335 ἀγγεῖον
746 3264 1072 3336 δστράκινον
1095 3263 1281 3317 καινόν
1301 3277 1315 3292 ·
1350 3264 1379 3317 δ
1411 3262 1560 3326 λαὸς,
1591 3263 1762 3333 φημι,
1798 3261 1823 3314 ὁ

1939 3293 2134 3346 capax.
2167 3275 2304 3331 Vide
2336 3283 2518 3329 autem
2554 3272 2700 3343 quod
2748 3273 2836 3326 ubi
2874 3272 3072 3341 aliquis
3101 3270 3264 3325 fuerit
3308 3283 3335 3320 a
3386 3273 3534 3336 tepra

228 3356 420 3420 καινὸς
447 3359 475 3411 δ
503 3356 565 3423 ἐξ
589 3355 782 3422 ἐθνῶν,
814 3358 842 3409 ὁ
875 3355 976 3425 τῆς
1000 3355 1210 3424 Καινῆς
1252 3354 1526 3426 Διαθήκης
1555 3354 1827 3417 δεκτικός.

229 3451 379 3522 Ὅρα
405 3450 462 3505 δὲ
502 3451 586 3505 ὅτι
621 3449 741 3521 μεθ’
767 3450 794 3503 ὅ
827 3467 910 3512 τις
953 3449 1264 3520 καθαρισθῇ
1295 3449 1394 3520 τῆς
1436 3448 1677 3519 λέπρας,
1707 3448 1831 3502 τότε

229 3543 383 3609 ἄξιός
406 3544 525 3598 ἔστι
549 3542 882 3614 προσφέρειν
903 3543 965 3596 τὸ
986 3541 1163 3614 δῶρον
1183 3541 1364 3605 τοῦτο,
1389 3541 1657 3608 τουτέστι,
1683 3539 1832 3595 θύειν

230 3635 472 3706 Χριστὸν
494 3637 589 3690 καὶ
617 3636 949 3706 ἰερουργείνο
983 3634 1188 3708 λεπρὸς
1220 3635 1330 3706 γὰρ
1357 3634 1434 3688 ὢν
1457 3636 1552 3688 καὶ
1580 3634 1831 3705 ἀκάθαρ-

230 3746 327 3794 τος
356 3728 453 3799 τὴν
486 3727 686 3799 ψυχὴν,
711 3731 810 3782 οὐκ
838 3728 906 3784 ἂν
930 3728 1192 3799 ἀξιωθείη
1221 3728 1447 3782 τοιαῦτα
1477 3727 1628 3799 δῶρα
1663 3743 1834 3797 προσ-

234 3821 462 3894 φέρειν,
490 3822 622 3893 ,ἦτοι
683 3821 1081 3892 προσκομίζειν
1122 3822 1182 3875 τὸ
1222 3821 1382 3890 σῶμα
1407 3823 1504 3874 καὶ
1551 3815 1695 3890 αἷμα
1739 3817 1834 3873 τοῦ

236 3913 476 3984 Κυρίου,
516 3913 576 3966 τὸ
617 3915 685 3985 τῇ
716 3913 839 3984 θεία
883 3911 1045 3982 φύσει
1088 3912 1309 3967 ένωθέν.
1361 3913 1606 3985 Πρόσχες
1639 3914 1696 3967 δὲ
1743 3915 1840 3965 καὶ

235 4004 416 4072 τοῦτο,
458 4005 577 4069 πῶς
617 4005 903 4075 ἀμύθητον
941 4004 1054 4075 ἔχει
1101 4005 1203 4076 τὴν
1235 4004 1514 4076 ὑπεροχὴν
1560 4006 1588 4058 ὁ
1631 4005 1840 4074 Κύριος

237 4099 381 4172 πρὸς
412 4098 504 4153 τὸν
545 4098 780 4170 Μωσῆν.
809 4099 1015 4168 Μωσῆς
1051 4099 1148 4169 μὲν
1181 4097 1290 4168 γὰρ
1321 4098 1702 4169 λεπρωθεῖσαν
1739 4097 1839 4168 τὴν

238 4191 477 4262 ἀδελφὴν
517 4190 708 4255 αὑτοῦ,
743 4190 929 4245 καίτοι
966 4191 1136 4243 πολλὰ
1174 4190 1425 4261 δεηθεὶς,
1467 4192 1569 4244 οὐκ
1597 4190 1838 4262 ἠδυνήθη

241 4284 605 4353 θεραπεῦσαιο
634 4283 662 4336 ὁ
683 4283 739 4336 δὲ
773 4281 975 4353 Κύριος
999 4281 1145 4353 λόγῳ
1169 4280 1316 4352 μόνῳ
1345 4281 1439 4335 τὸν
1463 4280 1669 4352 λεπρδν
1704 4282 1839 4333 ἐκα-

244 4374 496 4446 θάρισεν.
541 4373 745 4427 Ἐννόει
775 4372 830 4426 δὲ
862 4373 955 4426 καὶ
986 4371 1084 4442 τὴν
1116 4369 1447 4425 ταπείνωσιν
1474 4369 1570 4423 τοῦ
1605 4370 1838 4439 Κυρίου,

245 4465 369 4528 πῶς
401 4463 496 4518 τοῦ
520 4463 680 4535 δχλου
715 4461 1112 4533 ἐπιθυμοῦντος
1141 4461 1411 4518 ἅπτεσθαι
1441 4462 1610 4516 αὑτοῦ
1630 4501 1646 4524 ,
1673 4460 1841 4524 αὐτὸς

1934 3368 2278 3438 puriﬁcatus,
2307 3374 2441 3421 tunc
2473 3366 2709 3432 denique
2737 3363 2934 3432 dignus
2957 3371 3042 3417 est
3075 3359 3272 3415 oll'erre
3306 3358 3536 3413 Domino

1938 3464 2140 3518 donum
2176 3461 2345 3526 istud,
2380 3460 2484 3513 hoc
2511 3467 2615 3522 est,
2664 3457 2949 3512 immolare
2974 3456 3252 3508 Christum
3282 3463 3335 3507 et
3363 3451 3538 3506 sacrl-

1941 3558 2131 3611 licere.
2166 3553 2301 3608 Nam
2339 3555 2428 3623 qui
2463 3552 2712 3622 leprosos
2746 3559 2831 3604 est
2878 3557 2934 3602 et
2982 3547 3295 3603 immundus
3329 3545 3537 3610 anima,

1941 3649 2085 3703 haud
2126 3647 2322 3715 dignus
2374 3644 2540 3698 fuerit
2599 3641 2800 3698 oﬂ‘erre
2855 3640 2983 3695 talia
3046 3639 3213 3702 dona,
3271 3637 3377 3693 hoc
3429 3646 3534 3700 est,

1943 3744 2145 3796 ollerre
2175 3752 2376 3807 corpus
2423 3745 2477 3791 et
2515 3735 2837 3805 sanguinem
2871 3731 3111 3798 Domini,
3161 3730 3305 3800 quod
3337 3730 3537 3785 divinas

1941 3841 2156 3888 natura:
2198 3831 2410 3884 unitum
2459 3837 2562 3882 est.
2617 3825 2750 3882 Vide
2798 3836 2980 3881 autem
3025 3824 3217 3879 ethoc
3266 3823 3540 3892 quomodo

1943 3922 2207 3980 ineffabili
2261 3920 2587 3977 excellentia
2641 3917 2865 3990 Moysen
2922 3916 3201 3984 pracellat
3254 3916 3539 3971 Dominus.

1941 4018 2159 4088 Moyses
2219 4015 2364 4069 enim
2417 4027 2664 4068 sororem
2717 4026 2872 4066 suam
2941 4011 3092 4078 lepra
3159 4009 3536 4072 laborantem,

1944 4107 2196 4179 quamvis
2232 4106 2462 4161 multum
2491 4114 2698 4170 oraret,
2734 4119 2838 4157 non
2882 4103 3059 4172 potuit
3092 4116 3289 4156 sanare
3317 4102 3364 4132 "
3397 4119 3410 4156 :
3445 4101 3543 4155 Do-

1944 4200 2124 4254 minus
2155 4210 2284 4252 vero
2329 4208 2589 4251 sermone
2618 4193 2738 4247 solo
2782 4191 3065 4245 Inundavit
3101 4190 3400 4258 leprosum.
3432 4185 3542 4242 0b-

1944 4306 2100 4347 serva
2133 4289 2262 4344 item
2310 4296 2366 4342 et
2402 4285 2766 4340 humilitatem
2802 4283 3039 4347 Domini,
3073 4282 3344 4350 quomodo
3389 4282 3543 4335 turba

1946 4385 2292 4440 desiderante
2328 4391 2384 4435 ιιι
2413 4382 2568 4435 illum
2604 4385 2872 4449 tangeret,
2914 4376 2968 4430 in
3008 4375 3394 4430 solitudinibus
3425 4388 3545 4425 ma-

1947 4478 2030 4547 gis
2085 4475 2404 4531 versabatur
2450 4473 2719 4542 placidus,
2775 4484 2838 4525 ac
2885 4469 3077 4523 orabat
3125 4483 3138 4520 :
3176 4474 3236 4520 ut
3283 4465 3441 4520 nobis
3489 4465 3543 4518 in

241 4562 303 4614 δν
324 4560 445 4623 ταῖς
469 4559 702 4630 ἐρήμοις
732 4557 934 4628 μᾶλλον
953 4556 1221 4626 διέτριϐεν
1243 4555 1520 4626 ἀσμένως,
1548 4557 1643 4610 καὶ
1668 4573 1823 4626 προσ-

1952 4569 2204 4623 omnibns
2251 4567 2561 4635 exemplum
2613 4563 2881 4634 praeberet
2926 4572 2984 4616 et
3031 4560 3258 4615 seorsim
3311 4557 3542 4621 orandi,

239 4653 465 4724 ηύχετοο
493 4649 668 4714 οὕτως
691 4650 799 4721 ἄρα
839 4652 1048 4712 τύπους
1073 4649 1204 4717 ἡμῖν
1237 4649 1294 4701 ὲν
1337 4649 1504 4702 πᾶσιν
1551 4647 1720 4700 ὲδίδου
1743 4647 1838 4700 τοῦ

241 4762 305 4799 τε
341 4743 462 4799 κατ’
496 4742 634 4798 ἰδίαν
677 4741 1123 4814 προσεύχεσθαι,
1158 4741 1252 4794 καὶ
1281 4739 1378 4794 τοῦ
1424 4740 1521 4811 τὴν
1555 4740 1715 4804 δόξαν
1745 4741 1840 4793 ὲκ-

241 4835 476 4892 κλίνειν.

322 4947 343 4981 ι
371 4927 482 4982 Καὶ
496 4925 714 4995 ἐγένετο
732 4927 790 4978 ὲν
811 4925 910 4997 μιᾷ
931 4923 1041 4977 τῶν
1058 4923 1090 4996 ἠ
1100 4921 1304 4995 μερῶν,
1327 4922 1421 4977 καὶ
1441 4922 1603 4987 αὐτὸς
1620 4917 1691 4996 ἦν
1705 4922 1844 4978 διδά-

1947 4670 2004 4717 et
2036 4661 2265 4731 gloriam
2303 4657 2634 4715 declinandi.

2028 4933 2192 4990 Vsus.
2233 4931 2421 4987 l7—26.
2478 4950 2496 4983 ι
2560 4930 2627 4984 Ει
2672 4927 2875 4984 factum
2922 4937 3006 4984 est
3055 4925 3294 4996 quodam
3341 4923 3450 4991 die,
3496 4934 3552 4978 et

241 5035 416 5085 oxmv
438 5019 535 5073 καὶ
554 5015 696 5090 ἦσαν
709 5018 1012 5089 καθήμενοι
1031 5018 1318 5088 Φαρισαῖοι
1341 5016 1437 5070 καί
1452 5017 1823 5086 νομοδιδάσκα

1953 5027 2068 5096 ipse
2094 5025 2343 5090 docebat,
2380 5035 2644 5093 erantque
2691 5020 2956 5077 Pharisaei
2991 5021 3265 5080 sedentes.
3311 5033 3376 5072 ac
3416 5017 3552 5089 legis

242 5113 352 5178 λοι,
374 5110 422 5166 οἳ
444 5107 585 5183 ἦσαν
600 5109 995 5181 ἐληλυθότεςέκ
1009 5109 1190 5180 πάσης
1204 5107 1399 5178 κώμης
1417 5108 1512 5176 τῆς
1531 5107 1846 5172 Γαλιλαίας,

244 5206 343 5261 καὶ
385 5202 667 5268 Ἰουδαίας,
694 5202 1176 5272 καίἹερουσαλήμ·
1207 5203 1303 5255 καὶ
1326 5204 1360 5272 ἠ
1382 5201 1613 5270 δύναμις
1639 5201 1847 5272 Κυρίου

245 5293 316 5370 ἦν
345 5297 425 5360 εἰς
469 5295 532 5348 τδ
576 5294 763 5348 ἰᾶσθαι
801 5293 1022 5356 αὐτούς.
1059 5293 1171 5348 Καὶ
1212 5293 1324 5347 ἰδοίι
1360 5293 1556 5364 ἄνδρες
1588 5295 1849 5367 φέροντες

246 5392 345 5448 ἰπὶ
378 5390 567 5461 κλίνης
588 5389 879 5460 ἄνθρωπον
902 5389 960 5452 ὃς
988 5384 1057 5459 ἦν
1087 5388 1556 5461 παραλελυμένος
1597 5392 1692 5444 καὶ
1722 5390 1851 5461 ἐζή-

1956 5121 2231 5185 doctores,
2259 5118 2352 5188 qui
2381 5126 2646 5173 venerant
2675 5133 2742 5172 ex
2775 5116 2922 5171 omni
2953 5114 3179 5168 castello
3209 5111 3468 5177 Galilzeas,
3498 5119 3553 5165 et

1955 5208 2181 5276 ludam,
2223 5218 2280 5266 et
2325 5206 2657 5275 Jerusalem,
2694 5217 2751 5264 et
2797 5208 2974 5263 virtus
3025 5203 3238 5260 Domini
3271 5206 3463 5260 aderat
3485 5201 3552 5256 ad

1955 5306 2257 5359 sanandum
2287 5318 2402 5358 eos.
2435 5300 2501 5356 Et
2528 5316 2659 5357 ecce
2684 5299 2792 5356 viri
2816 5310 3103 5372 portantes
3131 5299 3182 5352 in
3210 5296 3351 5353 lecto
3377 5294 3537 5351 homi-

1958 5413 2081 5454 nem
2122 5398 2215 5466 qui
2265 5405 2385 5450 erat
2431 5394 2807 5466 paralyticos,
2844 5404 2898 5448 et
2932 5392 3248 5464 quaerebant
3289 5405 3413 5447 eum
3466 5387 3555 5443 in-

247 5501 380 5541 τουν
405 5481 568 5539 αὐτδν
592 5485 927 5551 εἰσενεγκεῖν
951 5483 1046 5536 καὶ
1073 5483 1249 5538 θεῖναι
1272 5482 1504 5537 ἐνώπιον
1531 5483 1724 5538 αὐτοῦ’
1756 5501 1823 5538 κα

1960 5490 2102 5546 ferre
2132 5502 2187 5546 et
2213 5503 2416 5560 ponere
2453 5499 2578 5544 ante
2610 5488 2786 5543 illum.
2825 5486 2892 5541 Et
2921 5500 3028 5541 non
3082 5485 3421 5540 invenientes
3446 5495 3555 5552 qua

253 5579 332 5650 μὴ
365 5577 619 5650 εὑρόντες
647 5577 738 5630 διὰ
781 5576 944 5642 ποίας
995 5577 1389 5646 εἰσενέγκωσιν
1432 5578 1602 5632 αὐτὸν
1635 5579 1726 5633 διὰ
1763 5578 1823 5632 τὸ

1953 5591 2109 5650 parte
2144 5580 2296 5635 illum
2331 5579 2602 5634 inlerrent
2631 5594 2744 5650 pra:
2781 5577 2962 5642 turba,
3001 5575 3366 5632 ascenderunt
3386 5587 3552 5643 supra

249 5669 414 5742 ὄχλον
435 5707 452 5736 ,
490 5669 798 5734 ἀναϐάντες
825 5669 922 5723 ἐπὶ
954 5671 1015 5725 τὸ
1062 5669 1222 5742 δῶμα
1248 5712 1264 5733 ,
1321 5670 1411 5725 διά
1441 5670 1551 5726 τῶν
1592 5670 1823 5745 κεράμω

1957 5680 2183 5741 tectum,
2211 5686 2277 5728 ac
2307 5686 2404 5741 per
2435 5671 2646 5743 tegulas
2671 5669 3010 5727 demiserunt
3041 5682 3167 5723 cum
3189 5679 3312 5722 cum
3349 5662 3553 5720 lectulo

336 5830 384 5864 "
410 5829 568 5885 Num.
595 5846 691 5892 xu.
738 5831 825 5886 15.
