4110 6332
612 259 716 324 763

1515 253 2088 323 THEOPHYLACTI
2128 249 2541 314 ΒυιοΑιιιΑι
2566 248 2924 312 ΑΒΟΗΙΕΡ.

3754 241 3852 309 ’166

610 373 667 425 in
717 369 947 427 medium
992 378 1118 426 Iule
1177 369 1380 426 Jesum.
1429 373 1667 437 Quorum
1713 372 1874 425 fidem
1914 378 1972 424 ut
2021 367 2174 430 vidit,

2281 360 2530 432 καθῆκαν
2563 362 2729 418 αὑτὸν
2753 361 2849 414 σὺν
2879 359 2956 430 τῷ
2983 358 3221 428 κλινιδίῳ
3246 357 3325 420 είς
3354 361 3416 410 τὸ
3449 357 3622 426 μέσον
3651 359 3850 431 ἔμπρο-

610 463 748 518 dixit
775 462 890 516 illl:
932 459 1128 526 Homo,
1170 465 1514 517 remittantur
1553 462 1649 516 tibi
1702 471 1922 530 peccata
1958 470 2066 514 tua.
2102 457 2169 512 Et

610 566 890 624 ceperunt
924 555 1161 624 cogitare
1212 556 1418 609 Scribe
1463 561 1516 607 et
1571 553 1825 608 Pliarisxei
1875 553 2166 607 dicentes:

611 646 740 713 Quis
765 654 848 702 est
899 649 944 701 is
974 649 1064 716 qni
1113 647 1344 715 loquitur
1394 645 1753 716 blasphemias
1780 647 1802 699 τ
1825 643 1954 710 Quis
1997 651 2171 712 petest

611 739 886 792 remittere
927 751 1168 806 peccata,
1214 739 1316 792 nisi
1364 737 1511 792 solus
1567 738 1754 793 Dens?
1793 735 1861 791 Ut
1921 737 2171 804 cognovit

609 837 787 881 autem
829 826 981 882 Jesus
1017 829 1374 896 cogitationes
1419 846 1626 894 eorum,
1666 830 1992 898 respondens
2037 829 2170 882 ditit

611 919 675 970 ad
710 919 828 972 illos
861 937 873 972 :
911 919 1047 984 Quid
1075 920 1326 988 cogitatis
1359 921 1409 973 in
1435 919 1687 974 cordibus
1715 921 1906 973 vestris
1933 919 1951 971 ί
1976 918 2168 974 Utrum

609 1016 690 1060 est
729 1007 939 1062 facilius
966 1009 1148 1063 dicere
1185 1028 1200 1064 :
1249 1008 1616 1064 Remittantur
1657 1011 1749 1064 tibi
1788 1019 2010 1079 peccata
2058 1019 2166 1072 tua,

609 1116 677 1154 an
724 1101 950 1156 dicere:
988 1100 1162 1169 Surge
1207 1113 1260 1156 et
1304 1102 1560 1156 ambula?
1608 1099 1675 1156 Ut
1722 1111 1900 1155 autem
1961 1103 2167 1169 sciatis,

611 1188 753 1253 quod
780 1186 946 1240 Filius
989 1187 1220 1243 hominis
1253 1189 1444 1244 habeat
1472 1198 1788 1259 potestatem
1817 1191 1867 1244 in
1907 1200 2048 1245 terra
2086 1206 2172 1246 re-

611 1279 853 1331 mittendi
884 1291 1124 1347 peccata,
1154 1282 1228 1336 ait
1268 1283 1566 1351 paralytico
1605 1302 1617 1337 :
1656 1284 1772 1339 Tibi
1806 1285 1944 1345 dico,
1976 1282 2168 1355 Surge,

612 1370 734 1423 tolle
761 1371 1014 1426 lectulum
1047 1385 1215 1438 tuum,
1236 1386 1289 1429 et
1312 1378 1446 1431 vade
1477 1379 1527 1431 in
1561 1379 1776 1431 domum
1805 1376 1969 1446 307
1999 1386 2167 1433 tuam.

611 1462 765 1533 isque
797 1466 1078 1521 confestim
1118 1484 1344 1538 surgens
1374 1484 1558 1525 coram
1584 1471 1709 1534 illis,
1737 1471 1953 1524 tollebat
1980 1471 2031 1523 in
2065 1485 2172 1538 quo

609 1556 879 1623 iacuerat,
939 1559 1178 1627 abiitque
1232 1561 1283 1614 in
1341 1562 1558 1615 domum
1627 1577 1816 1624 suam,
1866 1561 2173 1629 gloriﬁcans

614 1642 801 1700 Deum.
847 1645 910 1701 Et
953 1658 1138 1715 stupor
1172 1651 1430 1718 corripuit
1459 1666 1665 1714 omnes,
1714 1660 1766 1707 et
1799 1650 2172 1720 gloriﬁrabant

615 1736 803 1798 Deum.
833 1744 888 1792 et
931 1739 1116 1801 repleti
1153 1750 1281 1793 sunt
1330 1741 1538 1805 timore,
1587 1743 1830 1798 dicentes
1873 1763 1885 1796 -.
1931 1743 2174 1798 Vidimus

613 1827 952 1883 incredibilia
1008 1830 1187 1885 hodie.
1242 1851 1259 1883 ι
1320 1834 1610 1900 Oportebat
1666 1833 1948 1888 Dominum
1998 1836 2174 1890 rarius

612 1917 878 1983 quoddam
928 1934 1109 1973 coram
1162 1921 1394 1975 inimicis
1428 1920 1608 1976 facere
1654 1923 2000 1988 miraculum,
2049 1937 2175 1991 pro-

614 2005 737 2059 inde
771 2018 922 2063 sanat
960 2009 1234 2064 hominem
1265 2009 1565 2065 dimcilliml
1615 2011 1807 2076 morbi,
1845 2021 1902 2065 ut
1932 2013 2173 2066 sanando

616 2108 824 2153 tantum
861 2102 1128 2164 morbum,
1167 2113 1385 2155 sanaret
1413 2111 1467 2156 et
1511 2103 1860 2157 insanabilem
1907 2101 2172 2156 Pliarism-

613 2206 767 2244 orum
810 2192 1096 2248 insaniam.
1134 2192 1371 2247 Primum
1406 2194 1568 2264 igitur
1605 2195 1839 2248 animam
1871 2205 2048 2259 sanat,
2095 2197 2176 2250 di-

613 2297 741 2336 cens
771 2301 783 2335 :
811 2281 1171 2336 Remittantur
1197 2285 1288 2338 tibi
1314 2295 1535 2352 peccata
1563 2303 1577 2351 ;
1609 2295 1665 2338 ut
1686 2285 1958 2340 discamus
1981 2287 2175 2342 multas

616 2372 956 2429 infirmitates
991 2391 1018 2428 a
1048 2377 1280 2443 peccatis
1307 2378 1498 2442 nasci;
1536 2378 1727 2433 deinde
1759 2387 1813 2432 et
1841 2393 2039 2448 corpus
2080 2395 2172 2434 sa-

616 2473 732 2529 nat,
761 2466 874 2520 visa
901 2464 1236 2530 adferentium
1266 2471 1390 2524 nde.
1427 2468 1580 2537 Smpe
1619 2471 1760 2527 enim
1791 2471 1925 2524 alios
1958 2481 2175 2539 propter

616 2553 843 2607 aliorum
886 2565 1070 2611 servat
1100 2555 1280 2611 fidem.
1307 2557 1474 2612 Porro
1506 2556 1761 2612 Pharisaei
1803 2560 1988 2613 dicunt
2014 2578 2033 2617 ι
2065 2561 2176 2616 Cur

617 2643 706 2699 ille
760 2644 998 2715 loquitur
1056 2648 1455 2715 blasphemias?
1501 2649 1631 2715 Quis
1681 2661 1856 2717 potest
1901 2653 2176 2708 remittere

616 2745 838 2804 peccata
875 2737 976 2793 nisi
1005 2737 1153 2792 solus
1179 2738 1318 2792 Deus
1341 2737 1365 2792 ?
1390 2738 1512 2793 Haec
1538 2749 1718 2794 autem
1743 2741 1951 2806 dicunt,
1987 2744 2176 2799 mortis

616 2843 763 2882 reum
794 2830 1232 2885 condemnantes.
1268 2830 1410 2898 Lege
1450 2832 1594 2887 enim
1629 2841 1913 2901 statutum,
1941 2845 1997 2889 ut
2032 2835 2174 2891 blas-

616 2918 877 2985 pbemans
930 2921 982 2974 in
1032 2921 1200 2974 Deum
1251 2933 1422 2976 morte
1481 2924 1761 2991 puniretur
1795 2927 1858 2980 ".
1915 2925 2180 2984 Dominus

2280 457 2406 507 σθεν
2435 452 2530 507 τοῦ
2573 451 2750 521 Ἰησοῦ
2771 468 2783 481 ·
2831 453 2924 504 καὶ
2959 451 3081 503 ίδὼν
3107 451 3206 522 τὴν
3241 448 3422 501 πίστιν
3457 449 3641 501 αὐτῶν
3664 491 3676 511 ,
3707 447 3849 502 εἶπεν

2273 546 2439 616 αὐτῷ·
2475 546 2780 614 Ἀι.θρωπε,
2805 543 3079 612 ἀφέωνταί
3103 558 3183 594 σοι
3219 543 3272 593 αἱ
3294 539 3560 609 ἁμαρτίαι
3593 557 3711 593 σου.
3747 542 3848 595 Καὶ

2273 639 2503 708 ἤρξαντο
2549 635 2952 700 διαλογίζεσθαι
2992 636 3041 688 οἱ
3077 635 3430 703 Γραμματεῖς
3462 634 3556 684 καὶ
3593 633 3643 683 oi
3687 634 3823 702 Φαρι

2275 734 2434 791 σαῖσι.
2461 731 2728 797 λέγοντες·
2757 725 2850 790 Τίς
2873 729 3018 778 ἐστιν
3038 719 3190 787 οὗτος
3209 726 3264 788 δς
3289 724 3441 777 λαλεῖ
3463 725 3850 793 βλασφημίαςς

2275 824 2368 884 Τίς
2410 823 2631 874 δύναται
2688 821 2904 888 ἀφιέναι
2934 818 3226 888 ἁμαρτίας,
3259 818 3306 868 εί
3332 817 3405 886 μὴ
3439 817 3600 886 μόνος
3633 818 3660 868 6
3689 817 3848 880 Θεόςς

2273 917 2562 982 Ἐπιγνοὺς
2597 913 2653 966 δὲ
2703 915 2732 964 ὁ
2782 911 2991 983 Ἰησοῦς
3029 911 3154 973 τοὺς
3199 910 3586 978 διαλογισμοὺς
3638 910 3848 974 αὐτῶν,

2273 1006 2587 1075 ἀποκριθεὶς
2610 1001 2730 1058 εἷπε
2759 1005 2893 1073 πρὸς
2924 1005 3118 1066 αύτούς
3141 1019 3154 1032 ·
3177 1002 3245 1054 Τί
3263 1001 3635 1068 διαλογίζεσθε
3663 1003 3721 1054 ὲν
3741 1003 3850 1063 ταῖς

2273 1097 2522 1167 καρδίαις
2539 1095 2720 1165 ὐμῶνς
2750 1097 2814 1148 Τί
2835 1097 2980 1148 ἑστιν
3002 1092 3380 1162 εὐκοπώτερον
3402 1093 3598 1154 εἰπεῖν,
3620 1093 3854 1161 Ἀφέων-

2273 1190 2361 1242 ταί
2393 1206 2476 1242 σοι
2504 1189 2559 1240 αἱ
2591 1189 2857 1258 ἁμαρτίαι
2880 1202 2996 1249 σου,
3023 1186 3056 1256 ἢ
3087 1185 3544 1254 είπεῖν,’ῑγειραι
3574 1186 3667 1236 καὶ
3699 1201 3853 1254 περι-

2274 1282 2469 1346 uitat;
2514 1280 2630 1332 Ἵνα
2669 1280 2723 1332 δὲ
2749 1278 2956 1347 εἰδῆτε,
2985 1279 3066 1330 ὅτι
3102 1276 3353 1341 ἐξουσίαν
3386 1275 3497 1345 ἔχει
3530 1277 3556 1328 ὁ
3597 1275 3728 1338 Tib;
3766 1275 3854 1328 τοῦ

2274 1369 2560 1440 ἀνθρώπου
2601 1372 2692 1432 ἐπὶ
2731 1369 2830 1438 τῆς
2861 1370 2963 1439 γῆς
3007 1370 3224 1439 ἀφιέναι
3276 1369 3575 1438 ἁμαρτίας,
3611 1365 3737 1421 εἶπε
3781 1370 3859 1436 τῷ

2276 1463 2730 1533 παραλελυμένον
2767 1463 2856 1515 Σοὶ
2886 1463 3050 1529 λέγω,
3075 1461 3312 1530 ἑγειραιο
3345 1461 3440 1514 καὶ
3484 1463 3626 1530 ἄρας
3651 1461 3714 1513 τὸ
3742 1463 3855 1513 κλι-

2277 1554 2438 1606 νίδιόν
2479 1571 2573 1606 σου
2603 1597 2616 1619 ,
2673 1555 2907 1624 πορεύου
2943 1558 3021 1616 είς
3046 1555 3136 1606 τὸν
3165 1551 3313 1606 οἶκόν
3363 1570 3481 1606 σου.
3523 1555 3636 1606 Καὶ
3683 1570 3854 1624 παρα-

2276 1646 2464 1716 χρῆμα
2486 1647 2726 1707 ἀναστὰς
2751 1646 2981 1699 ἐνώπιον
3005 1646 3205 1708 αὐτῶν,
3231 1644 3368 1714 ἄρας
3390 1647 3477 1712 ἐφ’
3499 1645 3528 1696 δ
3547 1645 3854 1710 κατέκειτο,

2276 1740 2516 1808 ἀπῆλθεν
2559 1743 2640 1802 είς
2674 1739 2764 1791 τὸν
2795 1735 2942 1792 οἷκον
2975 1738 3138 1791 αὑτοῦ
3173 1738 3411 1802 δοξάζων
3439 1739 3532 1790 τὸν
3562 1738 3725 1790 Θεῶν
3765 1739 3858 1789 καὶ

2275 1829 2533 1893 ἔκστασις
2562 1830 2722 1882 ἔλαϐε
2751 1829 2982 1890 πάντας,
3015 1828 3126 1881 Καὶ
3152 1827 3400 1894 ἐδόξζζον
3430 1827 3522 1880 τὸν
3551 1827 3689 1881 Θεὸν
3712 1867 3728 1890 ,
3767 1828 3857 1878 καὶ

2280 1921 2628 1992 ἐπλήσθησαν
2660 1920 2822 1987 φόϐου
2849 1961 2862 1983 ,
2883 1919 3154 1987 λέγοντες,
3191 1921 3269 1972 ὅτι
3312 1918 3539 1986 Εἶδομεν
3564 1918 3857 1986 ,παράδοξα

2275 2015 2532 2084 σήμερον.
2559 2031 2576 2064 ι
2598 2012 2767 2077 Ἔδει,
2794 2012 3150 2080 συνηγμένων
3171 2010 3278 2062 τῶν
3294 2009 3524 2078 ἐχθρῶν,
3549 2009 3860 2079 καινότερόν

2273 2121 2324 2175 τι
2352 2107 2792 2175 τερατουργῆσαι
2815 2103 2906 2156 τὸν
2930 2103 3134 2172 Κύριον
3156 2122 3168 2134 ο
3195 2101 3492 2171 θεραπεύει
3525 2099 3621 2156 οὖν
3651 2101 3860 2172 ἀνθρω-

2273 2170 2380 2249 4ιον
2409 2195 2669 2251 νοσοῦντα
2693 2195 2846 2249 νόσον
2871 2195 3138 2248 δυσίατον·
3174 2194 3262 2248 ἵνα
3287 2194 3372 2247 δια
3399 2191 3494 2246 τοῦ
3523 2194 3588 2246 τὸ·
3615 2193 3860 2247 τοιοῦτον

2277 2287 2529 2342 ἰάσασθαι
2566 2285 2777 2354 νόσημα
2804 2285 2900 2339 καὶ
2929 2285 3025 2355 τὴν
3053 2284 3491 2353 δυσθεράπευτον
3538 2282 3655 2334 τῶν
3687 2284 3858 2352 Φαρι-

2276 2379 2444 2432 σαίων
2476 2377 2675 2448 μανίαν
2703 2377 3012 2445 ἐξιάσηται.
3046 2375 3268 2445 Πρῶτον
3308 2372 3402 2428 οὖν
3435 2375 3504 2428 τὰ
3541 2374 3642 2442 τῆς
3683 2373 3860 2443 ψυχῆς

2274 2470 2586 2538 θεραπεύει,
2625 2468 2794 2524 εἰπών
2817 2487 2830 2500 ο
2877 2468 3182 2536 Ἀφέωνταί
3217 2485 3295 2520 σοι
3333 2469 3386 2519 al
3420 2467 3691 2538 ἁμαρτίαι
3724 2484 3818 2520 σου
3843 2508 3859 2528 ,

2275 2561 2360 2614 ἵνα
2391 2559 2673 2628 μάθωμεν,
2706 2560 2787 2613 δτι
2811 2558 2882 2612 τά
2911 2557 3082 2611 πολλὰ
3109 2558 3216 2610 τῶν
3255 2559 3712 2628 ἀρρωστημάτων
3757 2557 3862 2610 ἀπὸ

2273 2654 2382 2706 τῶν
2418 2651 2701 2721 ἁμαρτιῶν
2748 2652 3019 2705 τίκτονται
3043 2667 3056 2678 '
3090 2648 3212 2704 εἶτα
3245 2651 3338 2702 καὶ
3372 2652 3438 2701 τὰ
3469 2650 3566 2702 τοῦ
3601 2651 3858 2720 σώματος

2275 2743 2600 2814 θεραπεύει,
2651 2743 2775 2798 ίδὼν
2819 2745 2918 2814 τὴν
2967 2742 3153 2795 πίστιν
3190 2744 3297 2795 τῶν
3343 2744 3855 2810 προσενεγκάντων.

2273 2835 2535 2898 Πολλάκις
2564 2833 2672 2903 γὰρ
2701 2834 2790 2888 διὰ
2817 2834 2916 2903 τὴν
2940 2835 3143 2901 ἐτέρων
3201 2836 3384 2887 πίστιν
3413 2834 3636 2900 ἑτέρους
3675 2833 3856 2896 σώζει.

2272 2930 2336 2983 Ui
2357 2930 2411 2984 δὲ
2434 2930 2717 2999 Φαρισαῖοι
2739 2944 2889 2996 φασιο
2915 2927 2978 2982 Τί
3001 2921 3154 2988 οὗτος
3178 2926 3326 2978 λαλεί
3355 2925 3741 2996 βλασφημίαςς
3765 2925 3859 2987 Τίς

617 3010 778 3080 igitur
808 3021 1113 3066 monstrans
1141 3014 1218 3066 eis
1256 3028 1312 3067 se
1345 3028 1528 3068 verum
1570 3013 1760 3079 Deum,
1798 3026 1851 3070 et
1881 3033 1985 3071 non
2021 3032 2174 3073 arro-

2277 3021 2495 3076 δύναται
2519 3021 2736 3090 ἀφιέναι
2767 3019 3042 3088 ἁμαρτίας
3067 3020 3116 3070 εί
3146 3018 3219 3086 μὴ
3249 3017 3406 3087 μόνος
3429 3020 3458 3070 ὁ
3477 3017 3648 3080 Θεός;
3676 3014 3859 3068 Ταῦτα

616 3103 796 3171 ganlia
845 3101 976 3157 illud
1027 3119 1054 3156 a
1100 3117 1159 3157 se
1201 3104 1422 3168 dictum,
1477 3105 1580 3160 alio
1627 3109 1779 3176 signa
1817 3109 2174 3181 illislsuadet.

619 3192 835 3247 Sciebat
862 3193 1005 3248 enim
1053 3194 1178 3261 quid
1216 3194 1288 3247 illi
1332 3197 1648 3263 cogitarent.
1690 3199 1836 3253 Unde
1863 3203 2081 3255 omnino
2110 3201 2176 3254 li-

617 3282 858 3352 quidam,
890 3299 1010 3337 eum
1040 3299 1159 3338 esse
1195 3285 1378 3339 Deum.
1412 3287 1502 3339 Dei
1539 3289 1680 3342 enim
1713 3299 1795 3342 est
1826 3291 2009 3346 videre
2049 3308 2174 3360 cor;

619 3382 897 3445 pmpterea
930 3375 1064 3428 dixit
1097 3394 1107 3427 :
1143 3376 1276 3442 Quid
1314 3378 1463 3431 vobis
1492 3378 1742 3433 videtur?
1772 3379 2051 3437 faciliusne
2092 3400 2178 3438 re-

620 3464 833 3518 mittere
857 3475 1157 3533 peccatum,
1186 3467 1265 3518 vel
1291 3483 1386 3521 san
1407 3483 1481 3522 ire
1505 3471 1742 3538 corpus?
1767 3470 1998 3528 Omnino
2023 3474 2175 3542 juxta

617 3563 852 3608 vestram
879 3558 1200 3609 sententiam
1235 3560 1446 3612 videtur
1481 3559 1690 3616 facilius
1735 3564 2010 3618 remittere
2050 3581 2176 3634 pec-

619 3653 760 3709 cata,
790 3654 846 3700 ut
874 3647 1187 3711 obscurum,
1224 3660 1276 3718 et
1313 3667 1414 3703 non
1454 3652 1900 3718 reprehensibile,
1935 3659 2178 3724 quamvis

618 3733 885 3792 difﬁcilius
918 3741 988 3790 sit
1018 3756 1028 3790 :
1068 3725 1261 3792 sanare
1303 3752 1477 3793 autem
1504 3757 1718 3810 corpus,
1758 3755 1812 3797 ut
1844 3747 2013 3802 oculis
2046 3763 2177 3802 con-

619 3829 883 3896 spicuum,
907 3828 1174 3885 dilIlcilius
1191 3831 1691 3902 videturgquamvis
1717 3846 1904 3890 natura
1931 3836 2136 3892 facilius
2161 3855 2174 3893 :

619 3928 856 3975 attamen
881 3935 979 3989 ego
1010 3933 1063 3974 et
1092 3924 1192 3976 hoc
1215 3933 1265 3976 et
1301 3923 1426 3975 illud
1459 3923 1649 3979 faciam
1685 3945 1696 3980 :
1731 3939 1784 3981 et
1812 3929 2033 3994 idcirco,
2057 3946 2178 3984 cum

620 4013 823 4067 satiabo
873 4029 1092 4082 corpus,
1135 4030 1253 4082 quae
1305 4029 1388 4069 res
1436 4017 1585 4071 vobis
1634 4017 1896 4074 dillicilior
1944 4022 2176 4087 videtur,

616 4100 931 4158 credibilem
964 4105 1114 4157 vobis
1143 4107 1335 4159 faciam
1366 4116 1419 4162 et
1442 4108 1637 4163 animae
1670 4113 2025 4178 sanationem,
2059 4129 2178 4182 quae

619 4209 806 4249 revera
835 4193 1098 4249 dilIicilior
1123 4205 1226 4262 est,
1261 4201 1506 4266 quamvis
1537 4200 1707 4263 vobis,
1739 4203 1861 4270 quia
1907 4219 2009 4257 non
2040 4206 2180 4259 vide-

616 4300 726 4353 tur,
758 4288 925 4343 facilis
951 4290 1214 4345 videatur.
1246 4290 1373 4344 Vide
1392 4301 1568 4346 autem
1604 4293 1749 4360 quod
1780 4310 1943 4363 super
1975 4307 2172 4351 terram

2277 3114 2333 3168 δὲ
2357 3113 2592 3183 λέγουσι,
2611 3112 2838 3166 θάνατον
2863 3109 3026 3163 αὑτοῦ
3060 3109 3592 3177 καταγινώσκοντες.
3621 3110 3724 3161 Τὸν
3753 3110 3857 3177 γὰρ

2279 3205 2500 3258 είπόντα
2525 3202 2869 3273 βλασφημίαν
2897 3202 3039 3255 κατά
3063 3201 3155 3257 τοῦ
3194 3200 3332 3255 Θεοῦ
3366 3201 3602 3255 θάνατον
3654 3199 3855 3269 ὑπομέ-

2277 3311 2387 3348 νειν
2418 3295 2780 3365 προσέταττεν
2825 3295 2853 3346 ὁ
2892 3295 3076 3363 νόμος.
3127 3295 3184 3346 Ὀ
3223 3293 3354 3362 γοῦν
3397 3293 3602 3364 Κύριος
3645 3292 3858 3352 δεικνὺς

2276 3387 2480 3454 αὐτοῖς,
2514 3388 2596 3440 ὅτι
2619 3387 2788 3449 ὅντως
2813 3386 2944 3450 Θεός
2979 3391 3115 3452 ἐστι,
3142 3385 3235 3440 καὶ
3264 3387 3327 3439 οὐ
3358 3385 3637 3454 κομπάζει
3660 3387 3852 3455 μάτην,

2278 3482 2370 3550 ἀφ’
2408 3481 2592 3550 ἑτέρου
2643 3480 2872 3549 σημείου
2920 3479 3098 3532 πείθει
3140 3478 3358 3543 αὐτούς.
3406 3481 3474 3530 Ἀ
3519 3478 3632 3547 γὰρ
3664 3480 3855 3531 enim

2280 3571 2660 3637 διελογίζοντο,
2694 3569 2867 3623 ταῦτα
2911 3569 3074 3632 αὐτὸς
3122 3570 3390 3639 συνίησιν.
3426 3568 3591 3621 Ὅθεν
3643 3571 3854 3631 πάντως

2279 3662 2461 3732 δῆλον,
2490 3664 2572 3716 ὅτι
2615 3662 2747 3724 Θεὸς
2781 3664 2917 3713 ἐστι.
2947 3660 3086 3715 Θεοῦ
3118 3662 3229 3732 γὰρ
3273 3662 3335 3714 τὸ
3370 3661 3567 3714 ειδέναι
3609 3662 3849 3730 καρδίας.

2279 3756 2446 3825 Φησίν
2480 3753 2590 3820 οὖν,
2627 3754 2690 3806 Τί
2726 3753 2874 3806 δοκεῖ
2921 3755 3047 3824 ὑμῖν
3092 3755 3497 3823 εὐκοπώτερον,
3539 3756 3597 3807 τὺ
3642 3756 3850 3824 ἀφιέναι

2281 3846 2572 3912 ἁμαρτίας,
2624 3846 2657 3913 ἢ
2691 3844 2754 3895 τὸ
2798 3844 3016 3913 ὑγιάσαι
3064 3846 3257 3915 σῶμα;
3298 3847 3517 3909 Πάντως
3573 3850 3716 3901 κατὰ
3760 3847 3852 3917 τὴν

2280 3937 2551 4006 ὑμετέραν
2601 3935 2781 4003 ψῆφον
2837 3936 2897 3988 τὸ
2944 3938 3158 4004 ἀφιέναι
3198 3939 3476 4007 ἁμαρτίας
3515 3941 3666 3992 δοκεῖ
3704 3944 3852 3994 εὐκο-

2280 4028 2560 4097 πώτερον,
2594 4027 2668 4088 ὼς
2693 4028 2894 4094 ἀφανὲς
2927 4028 3020 4080 καὶ
3066 4029 3412 4097 ἀνέλεγκτον,
3455 4032 3637 4084 καίτοι
3668 4033 3854 4086 δυσκο-

2278 4120 2410 4173 λώτε
2424 4137 2511 4190 ρον
2534 4121 2614 4174 ὃν.
2649 4119 2721 4173 Τὸ
2743 4121 2798 4173 δέ
2829 4137 2891 4188 γε
2925 4119 3254 4191 θεραπεῦσαι
3290 4123 3450 4192 σῶμα
3506 4123 3657 4177 δοκεί
3683 4127 3854 4179 δυσκο-

2281 4212 2538 4282 λώτερον,
2580 4210 2656 4273 ὼς
2690 4212 3036 4281 φαινόμενον,
3071 4214 3249 4266 καίτοι
3280 4213 3666 4286 εὐκοπώτερον
3709 4218 3768 4270 ὃν
3793 4223 3849 4288 τῇ

2281 4301 2460 4369 φύσει.
2507 4303 2694 4370 Ὅμως
2733 4300 2858 4368 ἐγὼ,
2898 4307 2988 4354 καὶ
3022 4303 3180 4356 τοῦτο
3226 4305 3446 4356 κάκεῖνο
3488 4306 3723 4375 ποιήσω.
3757 4309 3853 4361 Καὶ

617 4386 962 4441 remittantur
1007 4395 1247 4452 peccata.
1285 4385 1550 4451 Quamdiu
1598 4391 1741 4442 enim
1783 4405 1944 4459 super
1974 4402 2167 4446 terram

2277 4395 2362 4448 διὰ
2394 4395 2487 4447 τοῦ
2521 4395 2864 4465 θεραπεύσαι
2900 4397 2958 4446 τὸ
2990 4396 3168 4463 σῶμα,
3200 4396 3226 4447 ὃ
3257 4396 3405 4449 δοκεῖ
3431 4397 3559 4465 ὑμῖν
3588 4400 3853 4453 δυσκολώ-

619 4493 823 4542 sumus,
856 4481 1156 4548 poterimus
1204 4479 1381 4533 delere
1421 4491 1638 4547 peccata
1679 4493 1904 4536 nostra:
1949 4493 2001 4536 at
2033 4494 2180 4553 post-

619 4584 780 4636 quam
828 4585 856 4622 θ
914 4579 1053 4622 terra
1094 4571 1525 4637 migraverimus,
1564 4588 1666 4626 non
1705 4574 1839 4626 ultra
1892 4577 2180 4645 nobisipsis

618 4661 912 4731 poterimus
942 4677 1034 4728 per
1066 4662 1457 4716 confessionem
1496 4674 1709 4730 peccata
1743 4667 1918 4720 delere
1947 4685 1959 4717 :
1999 4668 2178 4722 clausa

615 4752 761 4805 enim
812 4761 892 4803 est
933 4753 1116 4818 ianua.
1168 4752 1412 4808 Diximus
1454 4753 1520 4807 de
1555 4757 1654 4809 bac
1696 4756 1932 4810 clausula
1968 4758 2020 4811 in
2064 4759 2182 4812 aliis

618 4841 976 4912 Evangelistis
1016 4847 1252 4900 uberius.

2279 4503 2458 4555 τερον,
2516 4485 2858 4554 πιστώσομαι
2913 4486 3007 4538 καὶ
3047 4486 3144 4555 τὴν
3181 4486 3483 4554 θεραπείαν
3529 4489 3627 4555 τῆς
3661 4491 3854 4560 ψυχῆς,

2281 4577 2402 4645 ἥτις
2432 4578 2478 4627 εί
2522 4577 2615 4626 καὶ
2643 4574 2896 4637 δύσκολός
2926 4576 3064 4636 ἐστι,
3110 4575 3257 4628 δοκεῖ
3301 4577 3428 4645 ὑμῖν
3479 4577 3708 4630 εὔκολον
3732 4621 3745 4643 ,
3780 4580 3856 4632 διὰ

2282 4667 2342 4718 τὸ
2367 4667 2588 4733 ἀφανές.
2619 4668 2758 4735 Ὅρα
2785 4666 2838 4716 δὲ
2867 4666 2945 4718 ὅτι
2965 4668 3058 4718 ὲπὶ
3082 4668 3177 4735 τῆς
3195 4668 3295 4735 γῆς
3326 4668 3576 4735 ἀφίενται
3603 4673 3660 4722 ai
3683 4674 3854 4741 ἀμαρο

2281 4759 2410 4813 τίαι.
2453 4760 2594 4821 Ἕως
2639 4753 2700 4811 οὗ
2747 4759 2853 4828 γάρ
2906 4760 3075 4828 ἐσμεν
3121 4760 3210 4812 ἐπὶ
3252 4760 3350 4828 τῆς
3385 4762 3526 4831 γῆς,
3588 4765 3854 4833 δυνάμεθα

2281 4852 2561 4919 ἐξαλεῖψαι
2595 4851 2692 4910 τὰς
2735 4850 3008 4918 ἁμαρτίας
3062 4852 3238 4919 ἡμῶν.
3280 4852 3416 4904 Μεθ’
3465 4853 3493 4904 ὃ
3530 4854 3716 4922 μέντοι
3767 4856 3853 4922 τῆς

616 4937 719 5006 γῆς
746 4935 1165 5002 ἀπαναστῶμεν,
1199 4938 1294 4988 οὐκ
1325 4938 1403 4991 ἔτι
1437 4942 1598 5008 ἡμεῖς
1632 4941 1781 4992 αὐτοὶ
1808 4943 2084 5009 δυνάμεθα
2152 4942 2219 4996 δι’
2261 4943 2702 5010 ἐξομολογήσεως
2765 4943 3042 5011 ἐξαλεῖψαι
3072 4944 3169 5002 τὰς
3197 4941 3472 5012 ἁμαρτίας
3497 4943 3674 5012 ήμῶν.
3717 4948 3854 4996 Ἀπο.

623 5026 928 5080 κέκλεισται
954 5029 1058 5095 γὰρ
1092 5030 1121 5096 ἠ
1153 5029 1306 5096 θύρα.
1339 5032 1576 5100 Εἴπομεν
1607 5032 1662 5085 δὲ
1695 5036 1820 5102 περὶ
1853 5033 2055 5102 ταύτης
2084 5039 2182 5104 τῆς
2223 5035 2524 5106 napum-ﬁ;
2552 5036 2606 5084 ὲν
2629 5037 2738 5094 τοῖς
2804 5037 3009 5103 ἑτέροις
3061 5035 3488 5102 Εὑαγγελισταῖς
3508 5038 3849 5108 πλατύτερον.

695 5122 857 5179 Vens.
888 5126 1074 5179 27-52.
1117 5145 1132 5176 ι
1173 5127 1231 5178 Et
1269 5141 1385 5195 pUSt
1424 5132 1534 5183 liwc
1583 5132 1712 5183 exiit
1762 5149 1823 5184 ac
1858 5134 1983 5184 ιιιίὶι
2020 5135 2193 5200 publi-

2372 5151 2388 5182 ι
2439 5134 2545 5184 Καὶ
2583 5133 2718 5198 μετά
2753 5132 2924 5185 ταῦτα
2958 5131 3169 5201 ἐξῆλθε,
3200 5132 3295 5185 καὶ
3330 5132 3596 5186 ἐθεάσατο
3626 5135 3850 5202 τελώνην

624 5232 818 5270 canum
873 5223 1084 5273 nomine
1116 5219 1240 5273 Levi
1271 5223 1543 5276 sedentem
1587 5226 1650 5275 ad
1689 5227 1941 5278 telnninm
1979 5245 1992 5290 ;
2035 5237 2089 5281 et
2116 5228 2161 5281 ai

2289 5233 2512 5299 ὀνόματι
2559 5231 2743 5294 Λειατν,
2805 5229 3109 5298 καθήμενον
3164 5228 3256 5279 ἐπὶ
3312 5227 3374 5279 τὸ
3419 5228 3694 5283 τελώνιον.
3756 5231 3851 5283 Καὶ

628 5310 737 5363 illi:
773 5312 1007 5379 Sequere
1043 5329 1144 5366 me.
1195 5314 1366 5382 Atque
1401 5317 1465 5378 is,
1507 5316 1707 5370 relictis
1748 5322 2018 5385 Omnibus,
2075 5336 2194 5373 sur-

2290 5320 2440 5374 εἷτεεν
2470 5323 2636 5391 αὐτῷ·
2671 5321 3121 5390 Ἀκολούθει“μοι.
3151 5319 3259 5373 Καὶ
3279 5319 3596 5373 καταλιπὼν
3627 5322 3845 5382 ἅπαντα.

629 5418 757 5465 gens
788 5414 1003 5457 secutus
1024 5417 1101 5459 est
1132 5422 1253 5458 Clllll
1280 5427 1290 5459 :
1314 5418 1366 5461 et
1395 5410 1519 5462 fecit
1540 5412 1587 5463 ei
1612 5414 1909 5465 convivium
1940 5430 2171 5482 iiwgnuu

2293 5415 2527 5476 ἀναστὰς
2574 5413 2939 5483 ἠκολούθησεν
2968 5413 3133 5482 αὐτῷ.
3173 5414 3281 5466 Καὶ
3319 5412 3544 5481 ἐποίησε
3569 5414 3726 5485 δοχὴν
3766 5431 3846 5484 με·

633 5493 758 5547 ι.ι;ιὶ
796 5496 845 5548 in
886 5498 1040 5550 (iOllIU
1074 5515 1167 5550 rllti
1204 5517 1214 5548 :
1250 5511 1300 5554 et
1331 5514 1444 5553 erat
1492 5504 1646 5556 turba
1682 5504 1841 5558 multa
1876 5505 2188 5574 publican0~

719 5657 755 5684 ’³
794 5654 958 5710 Lstil.
1001 5675 1156 5722 \'.\i\';
1195 5660 1206 5712 Ι
1251 5659 1421 5715 Parui.
1467 5677 1574 5716 un.

2298 5508 2469 5575 ’ζάλην
2500 5509 2524 5559 δ
2562 5505 2719 5559 Λευῖν
2750 5505 2893 5574 αὐτῷ
2922 5508 2978 5557 ἐν
2999 5508 3060 5575 τῇ
3087 5504 3234 5572 οἰκίᾳ
3256 5503 3420 5556 αὑτοῦ
3479 5504 3587 5555 Καὶ
3619 5501 3683 5573 ἦν
3710 5505 3845 5572 ὄκλος
