4110 6332
236 306 358 374 765

968 313 1418 403 ENARRATIO
1458 315 1540 378 IN
1571 316 2081 381 BVANGELIUM
2114 318 2351 382 LUCIE.
2384 342 2439 359 ·-
2484 316 2646 379 CAP.
2691 317 2761 379 V.

3445 311 3553 378 766

238 425 501 483 τελωνῶν
566 424 757 489 πολὺς,
793 426 886 480 καῖ.
930 425 1129 495 ἄλλων,
1158 428 1228 484 Δοι
1275 425 1415 502 ἦσαν
1478 430 1597 501 μετ’
1650 429 1831 485 αὐτῶν

1941 448 2058 487 rmn
2091 440 2147 489 et
2179 432 2411 487 aliorum
2442 432 2681 502 quicum
2709 428 2824 483 illis
2859 425 3283 484 accumbebant.
3318 424 3554 481 Etmur-

244 521 666 591 κατακείμενοι.
706 520 820 575 Καὶ
851 521 1154 601 ἐγόγγυζον
1194 523 1247 578 οἱ
1284 523 1641 595 Γραμματεῖς
1660 522 1831 578 αὐτῶν

1948 525 2246 580 murabant
2280 524 2488 579 Scriba:
2532 534 2587 578 ct
2634 520 2895 577 Pharisaei
2935 521 3201 574 adversus
3251 516 3551 590 discipulos

244 612 350 665 καὶ
365 612 411 664 οἱ
429 612 714 680 Φαρισαῖοι
740 609 878 682 πρὸς
898 610 1027 675 τοὺς
1055 608 1308 683 μαθητὰς
1332 610 1522 675 αὑτοῦ,
1542 611 1795 679 λέγοντες
1824 625 1839 640 ο

244 703 355 758 Διά
406 702 457 755 τί
488 701 630 771 μετά
659 703 910 758 τελωνῶν
944 703 1039 758 καὶ
1093 704 1444 776 ἁμαρτωλῶν
1481 702 1693 758 εσθίετε
1746 702 1842 755 καὶ

254 797 445 850 πίνετε
468 810 482 859 ;
505 795 617 849 Kal.
639 794 962 863 ἀποκριθεὶς
991 798 1018 850 6
1036 795 1266 867 Ἰησοῦς,
1297 790 1419 850 εἶπε
1445 797 1583 867 πρὸς
1599 794 1800 859 αὐτούς
1824 810 1839 824 ”

257 888 337 943 οὐ
366 886 557 958 χρείαν
584 885 799 958 [κουσιν
817 886 865 941 οἱ
895 888 1237 955 ὑγιαίνοντες
1268 886 1482 959 ίατροῦ,
1515 888 1633 943 ἀλλ’
1654 886 1706 939 oi
1738 903 1840 941 κα-

246 980 365 1040 κῶς
394 966 630 1049 ἔχοντες.
672 979 785 1033 Οὐκ
815 979 1049 1049 ἰλήλυθα
1096 978 1327 1034 καλέσαι
1374 980 1672 1051 δικαίουςη
1702 976 1841 1032 ἀλλὰ

248 1072 619 1141 ἁμαρτωλοὺς
668 1073 749 1133 είς
809 1072 1125 1142 μετάνοιαν.
1181 1092 1201 1126 ι
1240 1058 1324 1126 νὍ
1399 1073 1499 1143 μὲν
1559 1071 1841 1137 Ματθαῖος

247 1166 739 1237 ἀπαρακαλύπτως
768 1167 828 1221 τὸ
857 1167 1052 1221 ἑαυτοῦ
1080 1168 1255 1247 ὄνομα
1294 1166 1686 1239 ἀνακηρύττει,
1745 1166 1837 1219 λέ-

249 1276 365 1328 γων
384 1275 400 1291 '
440 1280 459 1314 ι
500 1255 620 1315 Εἶδε
652 1260 931 1316 Ματθαϊον
963 1262 1055 1315 τὸν
1087 1262 1329 1333 τελώνην
1355 1266 1383 1317 6
1427 1261 1637 1331 Ἰησοῦς
1664 1260 1835 1332 καθή-

252 1369 421 1423 μενον
455 1355 549 1408 επὶ
577 1354 639 1408 τὸ
674 1336 947 1407 τελώνιον.
1001 1372 1022 1408 ε
1069 1355 1126 1409 '0
1150 1355 1210 1410 δὲ
1238 1355 1460 1418 Λουκᾶς
1500 1354 1594 1410 καὶ
1623 1356 1649 1407 6
1677 1354 1836 1424 Μάρ-

254 1463 378 1512 κος,
402 1444 676 1519 τιμῶντες
729 1446 822 1499 τὸν
865 1444 1289 1517 εὐαγγελιστὴν,
1350 1445 1413 1499 τὸ
1442 1444 1630 1514 ἕτερον
1669 1442 1838 1498 αὐτοῦ

245 1536 445 1606 ὄνομα,
478 1537 538 1591 τὸ
563 1536 751 1601 Δευῒν,
816 1538 897 1601 είς
928 1538 1096 1607 μέσον
1144 1537 1493 1608 προτιθέασι.
1543 1534 1839 1607 Θαύμασον

246 1626 309 1680 ὃδ
332 1624 426 1681 τοῦ
461 1624 599 1680 Θεοῦ
631 1626 733 1697 τὴν
786 1625 1226 1697 φιλανθρωπίαν,
1283 1627 1406 1691 πῶς
1434 1626 1506 1680 τὰ
1541 1626 1711 1696 σκεύη
1742 1623 1835 1678 τοῦ

248 1715 493 1789 πονηροῦ
523 1716 842 1787 διαρπάζει.
878 1717 1132 1788 Τελώνης
1160 1719 1293 1788 γὰρ,
1324 1718 1522 1782 σκεῦος
1543 1718 1637 1772 τοῦ
1666 1734 1836 1786 πονη-

1945 618 2081 685 eius,
2115 617 2360 672 dicentes
2411 634 2425 671 :
2458 616 2638 683 Quare
2673 630 2799 669 cum
2833 612 3142 683 publicanis
3177 621 3233 667 et
3286 621 3550 680 peccato-

1945 709 2099 764 ribus
2142 707 2306 763 editis
2335 718 2390 762 et
2421 707 2641 762 bibitis?
2691 706 3049 774 Respondens
3095 702 3256 759 Jesus
3304 701 3442 758 dixit
3478 700 3550 757 ad

1946 800 2114 855 illos:
2161 798 2275 854 Non
2309 810 2467 870 egent
2526 798 2620 870 qui
2664 798 2785 852 sani
2835 806 2965 851 sunt
3012 798 3247 857 medico.
3307 795 3399 849 sed
3450 795 3543 863 qui

1945 894 2086 947 male
2123 893 2347 947 habent.
2386 891 2502 948 Non
2541 892 2664 946 veni
2717 905 2914 944 vocare
2944 890 3144 959 justos,
3203 889 3298 941 sed
3351 902 3548 956 pecca-

1947 996 2094 1044 tores
2152 990 2217 1041 ad
2266 987 2672 1056 paenitentiam.
2722 1005 2741 1038 ι
2780 985 3075 1039 Mattheus
3138 998 3336 1038 nomen
3389 997 3548 1035 suum

1946 1096 2053 1134 non
2096 1080 2251 1152 tegit,
2281 1080 2373 1135 sed
2408 1080 2555 1134 clare
2604 1077 2845 1144 invulgat
2874 1077 3104 1131 dicens:
3144 1093 3164 1126 ‹
3207 1073 3355 1128 Vidit
3412 1071 3551 1127 Mat-

1943 1173 2146 1226 thaaum
2186 1171 2541 1240 publicanum
2576 1168 2739 1227 Jesus
2761 1171 3046 1226 sedentem
3085 1171 3138 1223 in
3166 1168 3358 1224 telenic
3393 1168 3478 1232 ";
3523 1185 3542 1218 ι

1945 1259 2117 1314 Lucas
2150 1275 2279 1314 vero
2328 1269 2383 1315 et
2432 1259 2652 1314 Marcus
2722 1260 3060 1314 honorantes
3127 1256 3546 1324 evangelistam,

1944 1352 2092 1406 aliud
2120 1352 2237 1421 ejus
2265 1366 2461 1407 nomen
2496 1350 2625 1405 Levi
2658 1349 2713 1404 in
2740 1350 2983 1405 medium
3018 1350 3187 1421 308
3213 1354 3545 1419 preponnnt.

1942 1442 2231 1497 Admirare
2265 1450 2444 1495 autem
2472 1438 2568 1511 Dei
2615 1438 3077 1506 misericordiam,
3111 1440 3386 1509 quomodo
3418 1453 3545 1491 vasa

1944 1530 2164 1599 maligni
2209 1531 2456 1600 diripiat.
2514 1528 2751 1585 Telones
2792 1530 2937 1583 enim
2972 1544 3072 1583 vas
3117 1537 3239 1585 erat
3294 1529 3540 1598 maligni,

1942 1632 1995 1678 et
2038 1622 2180 1675 mala
2222 1622 2421 1677 bestia.
2476 1622 2668 1678 Sciunt
2693 1621 2785 1691 qui
2818 1622 3029 1691 experti
3066 1634 3201 1675 sunt
3238 1637 3402 1691 quam
3434 1623 3548 1676 sint

1947 1714 2247 1783 importuni
2281 1725 2589 1772 exactores.
2624 1714 2904 1771 Publicani
2961 1716 3105 1770 enim
3138 1724 3269 1772 sunt
3307 1717 3400 1786 qui
3441 1730 3545 1785 ρει-

248 1805 372 1878 ροῦ,
407 1806 501 1861 καὶ
533 1805 768 1879 πονηρὸν
802 1806 1015 1879 θηρίον.
1092 1806 1305 1862 Ἰσασιν
1347 1808 1397 1860 οί
1438 1806 1831 1877 πεπειραμένοι

1943 1808 2082 1863 blica
2131 1808 2417 1878 vectigalia
2464 1819 2673 1875 emunt,
2710 1817 2987 1879 quatenus
3036 1810 3164 1864 inde
3217 1811 3545 1863 damnosum

246 1895 361 1949 τῶν
392 1894 609 1967 πικρῶν
649 1896 993 1966 ἀπαιτητῶν.
1051 1890 1212 1951 Οὗτοι
1263 1896 1373 1973 γάρ
1411 1895 1461 1950 οί
1499 1896 1751 1959 τελῶναι,
1787 1896 1837 1947 oi

246 1987 321 2042 τὰ
360 1983 600 2061 δημόσια
652 1988 780 2059 τέλη
838 1986 1162 2058 ὠνούμενοι,
1218 1988 1304 2058 ἐφ’
1362 1982 1408 2057 ᾧ
1454 1987 1837 2059 ἀποκερδῆσαι

246 2060 532 2149 κατακτῶν
555 2081 776 2136 οίκείων
797 2082 1009 2154 ψυχῶν.
1043 2085 1118 2138 Οὐ
1152 2084 1314 2153 μόνον
1344 2080 1403 2137 δὶ
1426 2082 1537 2154 ἀρα
1566 2081 1660 2136 τὸν
1686 2081 1836 2135 Ματ-

244 2170 402 2229 θαίον
430 2173 741 2245 ικέρδησεν,
774 2175 911 2229 ἀλλά
937 2176 1033 2231 καὶ
1063 2177 1189 2239 τοὺς
1223 2174 1445 2245 ἑτέρους
1480 2173 1721 2237 τελώνας
1753 2168 1834 2237 οἷς

246 2269 614 2335 συνειστιᾶτο,
666 2269 934 2341 κερδῆσαι
988 2268 1323 2335 ἑσπούδαζεν
1368 2268 1398 2321 6
1449 2268 1676 2337 Κύριος.
1734 2268 1838 2321 Διά

248 2362 365 2433 γὰρ
418 2361 579 2415 τοῦτο
614 2360 867 2426 καταξιοῐ
914 2361 1357 2431 συνεστιαθῆναι,
1416 2361 1501 2414 ῐνα
1548 2358 1835 2421 κάκείνους

242 2452 641 2525 ἀφελκύσηται.
674 2454 740 2507 Ol
772 2456 1058 2522 Φαρισαῖοι
1088 2454 1145 2506 δὶ
1177 2452 1697 2523 αιτιώμενοιαύτὺν,
1731 2452 1833 2522 δρα

242 2541 301 2598 τί
331 2541 656 2608 ἀκούουσινς
694 2544 810 2597 Οὐκ
832 2544 1090 2614 ἐλήλυθα,
1118 2546 1273 2613 φησὶ,
1306 2543 1534 2598 καλέσαι
1562 2543 1831 2605 δικαίους,

240 2630 547 2695 τουτέστιν,
600 2632 747 2701 ὑμᾶς
781 2632 909 2691 τοὺς
952 2632 1300 2695 δικαιοῦν-ξας
1350 2633 1582 2697 ἑαυτούς
1613 2650 1626 2665 ⁸
1692 2632 1831 2686 ἀλλὰ

242 2713 612 2787 ἁμαρτωλοὺς
639 2713 806 2789 ἦλθον
868 2717 1118 2784 καλέσαι,
1176 2720 1276 2789 οὐχ
1333 2719 1423 2773 ἵνα
1470 2722 1535 2791 τῇ
1586 2720 1834 2793 ἁμαρτίᾳ

243 2807 575 2877 ἐμμένωσιν,
609 2809 725 2863 ἀλλ’
755 2808 841 2862 ίνα
872 2812 1270 2881 μετανοήσωσι.
1307 2812 1415 2867 Καὶ
1438 2811 1617 2876 ἄλλως
1650 2829 1665 2843 ο
1715 2813 1832 2866 Οὐκ

244 2894 415 2970 ἦλθον
443 2900 677 2955 καλέσαι
709 2900 975 2965 δικαίους.
1014 2902 1147 2956 Οὐδὲ
1179 2902 1290 2973 γὰρ
1313 2903 1574 2974 εὑρίσκω,
1609 2904 1832 2959 πάντων

241 2993 627 3069 ἁμαρτόντων.
671 2994 827 3047 Ἐπεὶ
870 2995 919 3048 εί
944 2989 1015 3066 ἦν
1067 2994 1298 3050 δυνατὸν
1324 2995 1509 3067 εὑρεῖν
1556 2995 1824 3063 δικαίους,

239 3074 346 3138 οὐκ
374 3082 441 3138 ἂν
471 3080 658 3155 ἦλθον.
700 3085 860 3139 Ἔστι
902 3084 959 3140 δὲ
990 3084 1232 3158 τελώνης
1262 3088 1359 3142 καὶ
1392 3089 1499 3151 πᾶς
1529 3088 1557 3141 6
1600 3087 1682 3159 τῷ
1728 3105 1828 3143 κο-

1949 1900 2065 1957 suis
2098 1901 2385 1956 animabus
2424 1900 2554 1970 quid
2590 1902 2892 1957 lucrentur.
2928 1902 3000 1956 At
3034 1916 3142 1957 non
3197 1902 3373 1957 solum
3412 1900 3548 1956 Mat-

1948 1991 2148 2046 tbzeum
2171 2000 2299 2046 tunc
2330 1992 2577 2048 lucratus
2604 2002 2710 2056 est,
2730 1995 2823 2049 sed
2845 1993 3012 2049 etiam
3036 1994 3172 2048 alios
3196 1994 3546 2065 publicanos,

1946 2096 2071 2135 cum
2098 2080 2295 2150 quibus
2330 2082 2743 2148 convivabatur,
2771 2084 2971 2138 lucrari
2999 2083 3215 2138 volebat
3245 2082 3536 2138 Dominus.

1946 2171 2083 2227 Nam
2125 2183 2411 2243 prepterea
2442 2175 2741 2229 eteonviva
2769 2174 2984 2229 illorum
3036 2175 3117 2237 (it,
3151 2175 3399 2228 utetiam
3428 2175 3548 2228 illus

1946 2264 2207 2330 attrahat.
2242 2263 2374 2321 Vide
2430 2277 2613 2321 autem
2665 2267 2793 2337 quid
2828 2268 2975 2321 dicat
3024 2266 3319 2323 Pharisaeis
3371 2268 3546 2336 ipsum

1945 2358 2493 2429 reprehendentibus.
2530 2360 2645 2414 Non
2685 2361 2830 2425 veni,
2878 2361 3078 2429 inquit,
3116 2374 3315 2416 vocare
3340 2359 3545 2427 justos,

1944 2451 2047 2508 hoc
2070 2460 2153 2507 est
2213 2466 2333 2517 vos,
2382 2453 2473 2520 qui
2529 2468 2626 2509 vos
2686 2454 2835 2523 ipsos
2878 2453 3197 2525 iustificatis
3241 2454 3385 2510 :sed
3419 2468 3548 2521 pec-

1947 2552 2164 2599 catores
2197 2546 2317 2598 veni
2367 2560 2591 2610 vocare,
2645 2560 2749 2600 non
2784 2555 2843 2600 ut
2899 2548 2950 2600 in
2985 2546 3229 2615 peccatis
3260 2554 3544 2610 maneant,

1888 2678 1893 2681 -
1942 2637 2038 2691 sed
2084 2648 2145 2691 ut
2185 2637 2564 2705 ptenitentium
2616 2648 2802 2708 agant.
2866 2637 2958 2693 Vel
2998 2638 3199 2693 aliter:
3252 2636 3370 2691 Non
3420 2638 3542 2692 veni

1941 2728 2354 2798 vocarejustos.
2385 2728 2572 2785 Nullos
2614 2731 2759 2785 enim
2797 2731 3035 2796 invenio,
3099 2730 3545 2801 quandoquidem

1939 2835 2129 2877 omnes
2158 2832 2389 2891 peccant
2413 2823 2482 2878 ³¹.
2521 2822 2677 2889 Quod
2729 2824 2775 2878 si
2813 2823 3069 2893 possibile
3098 2832 3245 2879 esset
3296 2823 3546 2879 invenire

1934 2913 2134 2983 justas,
2168 2930 2276 2971 non
2310 2918 2611 2972 venissem.
2645 2916 2739 2972 Est
2777 2927 2960 2972 autem
2981 2916 3303 2986 publicanus
3335 2916 3540 2981 omnis,

1938 3006 2029 3074 qui
2078 3006 2263 3063 mundi
2320 3006 2544 3062 domino
2602 3007 2793 3072 servit,
2853 3017 2910 3061 et
2957 3008 3165 3061 tributa
3217 3008 3370 3062 carni
3426 3008 3522 3061 dat

1937 3098 2185 3165 Gulosus
2200 3102 2383 3156 ventri
2420 3101 2622 3156 tributa
2683 3106 2776 3155 dat
2809 3100 2987 3166 cibos,
3021 3108 3299 3157 scortator
3331 3099 3543 3155 findunt

244 3175 589 3246 σμοκράτορι
628 3174 919 3240 δουλεύων,
951 3176 1047 3228 καὶ
1101 3175 1233 3246 τέλη
1280 3178 1347 3246 τῇ
1382 3175 1547 3247 σαρκὶ
1584 3175 1831 3247 προσφέ-

1937 3206 2313 3262 congressum,
2343 3203 2396 3248 et
2421 3194 2563 3248 alius
2588 3193 2754 3247 aliud.
2785 3193 2920 3248 Cum
2957 3194 3121 3263 igitur
3155 3192 3303 3247 illum
3328 3192 3534 3248 viderit

243 3280 382 3335 ρων.
421 3263 479 3318 Ὀ
508 3265 930 3336 γαστρίμαργος
984 3264 1130 3319 τελεῖ
1171 3267 1240 3338 τῇ
1292 3267 1495 3337 γαστρὶ
1537 3266 1828 3339 βρώματα,

240 3354 273 3407 6
328 3353 560 3424 πόρνος,
602 3356 700 3425 τὴν
737 3355 990 3425 ῥυπαρὰν
1063 3354 1233 3427 μίξιν,
1307 3358 1403 3410 καὶ
1458 3356 1619 3421 ἄλλος
1677 3355 1829 3413 ἄλλο.

242 3444 419 3503 Ὅταν
471 3442 566 3503 οῦν
597 3449 685 3521 ίδῃ
717 3449 879 3502 αὐτὸν
906 3450 934 3502 6
961 3448 1188 3520 Κύριος,
1225 3452 1504 3505 τουτέστιν
1532 3453 1560 3505 6
1599 3450 1836 3521 εὐαγγε-

238 3540 395 3605 λικδς
424 3541 615 3609 ςλόγος,
661 3540 979 3612 καθήμενον
1011 3544 1104 3596 επὶ
1137 3543 1199 3596 τὺ
1229 3544 1507 3611 τελώνιον,
1559 3544 1835 3609 τουτέστι,

242 3633 326 3707 μή
361 3635 745 3709 προκόπτοντα
778 3635 914 3705 μηδὲ
960 3634 1326 3705 προοδεύοντα
1352 3636 1451 3691 καὶ
1507 3637 1832 3708 κινούμενον

239 3730 326 3790 είς
350 3727 577 3784 πλείονα
603 3728 828 3792 κακίαν,
854 3728 971 3783 ἀλλ’
1006 3728 1172 3781 οἱονεὶ
1196 3728 1496 3799 ἀργοῦντα,
1523 3729 1645 3783 τότε
1696 3732 1831 3785 ἀνα-

241 3821 502 3891 στήσεται
524 3818 753 3882 ἀπὸξτοῦ
791 3821 963 3873 κακοῦ
993 3821 1089 3874 καὶ
1111 3820 1473 3892 ἀκολουθήσει
1504 3822 1584 3891 τῷ
1623 3822 1825 3895 Ἰησοῦ,

240 3916 340 3969 καὶ
372 3913 693 3985 ὑποδέχεται
748 3916 809 3967 ὲν
849 3914 927 3985 τῷ
974 3913 1113 3987 οίκῳ
1144 3915 1246 3986 τῆς
1274 3915 1457 3988 ψυχῆς
1502 3916 1671 3971 αὑτοῦ
1735 3917 1828 3971 τὸν

1935 3284 2221 3351 Dominus,
2260 3284 2361 3338 hoc
2384 3292 2469 3340 est
2510 3284 2863 3355 evangelicus
2890 3300 3097 3349 sermo,
3144 3285 3422 3339 sedentem
3483 3285 3540 3339 in

1932 3374 2159 3442 tclunio,
2209 3376 2314 3431 hoc
2358 3385 2442 3431 est
2491 3392 2599 3431 non
2635 3376 2924 3445 prolicere,
2984 3391 3162 3445 neque
3218 3376 3541 3446 procedere.-

1935 3482 2114 3539 neque
2173 3470 2378 3525 moveri
2446 3468 2514 3525 ad
2567 3468 2836 3537 majorem
2898 3469 3191 3533 malitiam,
3230 3470 3326 3523 sed
3379 3468 3541 3540 quasi

1935 3562 2197 3630 otiosum,
2242 3573 2371 3618 tunc
2410 3566 2759 3619 resuscitahit
2795 3582 2824 3619 ιι
2867 3567 3029 3630 malo,
3062 3575 3115 3619 et
3150 3573 3418 3633 sequetur
3450 3563 3546 3619 illo

1938 3651 2145 3721 Jesum,
2190 3664 2243 3710 et
2274 3656 2512 3725 excipiet
2542 3657 2595 3711 in
2622 3658 2783 3711 domo
2822 3658 3017 3711 animm
3051 3657 3367 3718 Dominum.
3396 3655 3541 3711 Pha-

1940 3746 2084 3800 risaei
2124 3757 2308 3803 autem
2344 3762 2669 3821 arrogantes
2703 3759 2752 3803 ct
2809 3751 3085 3805 daemones
3131 3751 3360 3817 absecti,
3397 3748 3544 3805 Pha-

1940 3835 2136 3892 risaus
2164 3839 2310 3895 enim
2348 3840 2549 3895 dicitur
2578 3840 2666 3909 qui
2698 3842 2765 3894 ab
2793 3840 2913 3895 aliis
2947 3850 3353 3910 sequestratur,
3388 3855 3544 3896 [ηυμ-

1943 3939 2161 3983 murant
2196 3932 2339 4001 quod
2373 3946 2499 3986 cum
2535 3932 2921 3999 peccatoribus
2945 3934 3201 3988 comedit.

242 4004 647 4097 K6ptW.Ol5§
669 4005 977 4097 Φαρισαῖοι,
1014 4008 1065 4060 οί
1094 4005 1357 4071 ἀλαζόνες
1384 4009 1481 4062 καὶ
1504 4010 1960 4087 ἀποκεκομμένοι
2024 4020 2305 4092 δαίμονες,
2370 4023 2530 4085 τοῦτο
2579 4028 2687 4097 γὰρ
2755 4029 2784 4080 6
2852 4028 3174 4097 Φαρισαῖος,
3223 4028 3543 4096 ἀποκεκομυ

242 4097 406 4169 μίνος
428 4096 538 4150 τῶν
577 4097 771 4163 ἀλλων,
803 4096 1191 4165 γογγύζουσιν,
1222 4100 1305 4153 ὅτι
1328 4102 1443 4164 τοῖς
1480 4102 1831 4173 ἁμαρτωλοῖς
1864 4112 2162 4167 συνεσθίει,

320 4210 341 4243 ι
364 4191 429 4243 Ui
448 4192 503 4244 δὲ
525 4188 681 4244 εἷπον
717 4193 854 4261 πρὸς
879 4194 1071 4246 αὐτόν·
1105 4198 1135 4245 .2
1158 4195 1203 4248 ἀ
1224 4196 1277 4247 τί
1300 4197 1348 4247 oi
1376 4196 1617 4268 μαθηταὶ
1650 4201 1837 4257 Ἰωάνα

2019 4208 2187 4264 Vans.
2228 4210 2423 4271 35-39.
2460 4230 2479 4264 ι
2518 4213 2590 4268 At
2633 4214 2707 4270 illi
2742 4217 2996 4273 dixerunt
3041 4218 3107 4271 ad
3141 4231 3263 4269 eum
3307 4232 3319 4267 :
3360 4216 3543 4281 Quare

245 4299 337 4337 νου
367 4284 693 4352 νηττεύςυσι
720 4284 905 4338 πυκνὰ
936 4286 1031 4338 καὶ¹
1058 4286 1275 4351 δείσεις
1305 4290 1609 4357 ποιοῦνται,
1630 4295 1831 4363 ὁμοίως

1942 4301 2192 4372 discipuli
2225 4304 2453 4361 Joannis
2499 4308 2754 4377 jejunaut
2798 4310 3133 4381 frequenter,
3191 4322 3245 4363 et
3283 4311 3537 4363 obsceno

250 4375 344 4431 καὶ.
371 4378 421 4429 οί
451 4378 559 4429 τῶν
609 4378 935 4449 Φαρισαίων,
974 4381 1021 4431 οἱ
1076 4380 1118 4430 ὂῗ
1172 4382 1253 4432 σοὶ
1318 4381 1563 4437 ἐσθίουσι
1612 4388 1706 4439 καὶ
1738 4389 1832 4439 πί-

244 4484 465 4534 νουσιν;
503 4469 562 4522 Ὁ
590 4469 645 4523 δὲ
679 4465 799 4523 εἷπε
861 4471 998 4542 πρὸς
1024 4472 1225 4535 αὐτούς
1246 4490 1259 4502 ·
1288 4473 1382 4545 Μὴ
1428 4474 1662 4531 δύνασθε
1707 4482 1833 4545 τοὺς

240 4557 395 4621 υίοὺς
425 4558 521 4611 τοῦ
558 4559 873 4629 νυμφῶνος,
912 4563 969 4614 ὲν
1016 4554 1061 4631 ᾧ
1096 4562 1217 4632 μετ’
1256 4565 1440 4618 αὐτῶν
1479 4568 1832 4641 ὲστινόνυμ-

245 4651 392 4719 φίος,
422 4650 647 4719 ποιῆσαι
678 4654 990 4721 νηστεύειν;
1019 4655 1364 4713 Ἐλεύσονται
1387 4659 1445 4713 δὲ
1471 4661 1700 4731 ἡμέραι,
1734 4664 1830 4717 καὶ

237 4745 368 4797 ὅταν
406 4743 629 4815 ἀπαρθῇ
680 4746 780 4800 ἀπ’
815 4746 997 4799 αὐτῶν
1057 4750 1084 4802 6
1117 4752 1378 4821 νυμφίος,
1431 4754 1557 4806 τότε
1597 4755 1827 4825 νηστεύ-

240 4853 427 4890 σουσιν
458 4840 516 4891 ὲν
543 4839 781 4903 ἐκείναις
820 4843 937 4903 ταῖς
965 4842 1223 4913 ἡμέραις.
1257 4847 1453 4916 Ἔλεγε
1477 4848 1535 4902 6's
1583 4849 1678 4903 καὶ
1720 4868 1826 4904 πα-

240 4928 477 4999 ραϐολὴν
511 4932 645 5001 πρὸς
672 4932 888 4996 αὐτοὺς,
937 4934 1019 4987 ὅτι
1074 4936 1263 4999 Οὐδεὶς
1295 4938 1576 5010 ἐπίϐλημα
1605 4942 1825 5013 ίματίου

237 5023 431 5085 καινοῦ
460 5022 743 5078 means:
787 5026 882 5078 ἐπὶ
917 5026 1133 5096 ίμὰτιον
1164 5029 1394 5085 παλαιόν
1420 5050 1434 5063 ⁸
1468 5035 1521 5088 εἰ
1559 5035 1615 5090 δὲ
1646 5037 1720 5107 μή
1760 5053 1825 5104 γε

236 5116 333 5170 καὶ
357 5116 418 5169 τὸ
446 5118 633 5171 καινὸν
660 5118 854 5188 σχίζει,
896 5121 991 5173 καὶ
1011 5120 1089 5191 τῷ
1120 5123 1339 5193 παλαιῷ
1364 5127 1426 5179 οὐ
1464 5131 1825 5200 συμφωνήσει

235 5210 295 5263 τὸ
336 5209 617 5284 ὶπίόλημα
654 5212 713 5265 τὸ
744 5212 854 5265 ἀπὸ
885 5214 980 5267 τοῦ
1022 5216 1376 5272 καινοῦ.Καὶ
1418 5220 1597 5285 οὐδεὶς
1639 5222 1823 5293 βάλλει

234 5294 379 5357 οἶνον
404 5303 527 5357 νέον
554 5305 635 5367 είς
663 5304 867 5368 ἀσκοὺς
896 5305 1162 5371 παλαιούς
1182 5324 1197 5340 ο
1229 5310 1278 5362 εί
1312 5310 1369 5363 δὲ
1403 5314 1476 5382 μή
1523 5330 1610 5381 γε,
1668 5316 1821 5386 ῥήξει

234 5394 264 5449 6
290 5394 413 5457 νᾶος
448 5390 593 5459 οἶνος
627 5396 754 5459 τοὺς
791 5398 1018 5461 ἀσκοὺς,
1074 5401 1170 5453 καὶ
1220 5402 1380 5465 αὐτὸς
1431 5406 1818 5478 ἐκχυθήσεται,

234 5488 327 5541 καὶ
351 5488 398 5540 οἱ
422 5489 583 5542 ἀσκοὶ
615 5489 967 5544 ἀπολοῦνται.
1005 5490 1168 5544 Ἀλλά
1190 5488 1333 5547 οἶνον
1352 5496 1472 5551 νέον
1505 5499 1585 5563 είς
1615 5500 1818 5566 ἀσκοὺς

232 5568 455 5645 καινοὺς
494 5582 738 5654 βλητέον,
792 5582 884 5636 καὶ
915 5584 1199 5654 ἀμφότερα
1236 5589 1647 5659 συντηροῦνται.
1705 5593 1816 5647 Καὶ

311 5764 361 5794 ³⁸
393 5764 581 5822 Matth.
617 5782 693 5830 Ix,
726 5767 776 5823 9.
857 5767 896 5798 "
931 5763 1087 5825 Rom.
1148 5787 1263 5832 vitt.
1298 5774 1384 5828 ᾖε).

1940 4394 2115 4450 tiones
2142 4388 2375 4463 faciunt,
2418 4399 2674 4455 similiter
2706 4412 2762 4457 et
2798 4401 3200 4457 Pharisaeorum
3242 4421 3255 4454 :
3293 4402 3367 4454 tui
3407 4416 3539 4453 Vero

1936 4486 2104 4541 edunt
2150 4498 2205 4542 et
2256 4490 2490 4545 bibunt?
2522 4492 2733 4559 Quibus
2783 4482 2903 4565 ipse
2957 4496 3034 4549 ait
3071 4513 3084 4548 :
3124 4493 3262 4547 Num
3300 4494 3537 4562 potestis

1936 4576 2117 4633 facere
2142 4589 2199 4634 ut
2226 4580 2317 4636 ﬁlii
2370 4584 2621 4652 thalami,
2660 4587 2789 4641 dum
2840 4604 2965 4643 cum
3007 4589 3115 4643 illis
3141 4598 3225 4642 est
3258 4603 3523 4657 sputisns,

1928 4670 2212 4740 jejunent?
2239 4672 2463 4731 Venicnt
2497 4689 2679 4733 autem
2707 4682 2844 4746 dies,
2890 4692 2945 4737 et
2980 4698 3101 4737 cum
3131 4681 3347 4736 ablatus
3372 4680 3534 4736 luerit

1933 4767 2000 4820 ab
2029 4767 2139 4824 illis
2170 4785 2424 4838 sponsus,
2456 4774 2931 4843 tuncjejtmabunt
2963 4777 3015 4831 in
3051 4776 3157 4831 illis
3187 4777 3401 4831 diebus.
3433 4778 3522 4831 Di-

1934 4861 2091 4914 cebat
2132 4871 2314 4917 autem
2358 4866 2773 4923 similitudinem
2808 4871 2873 4923 ad
2907 4870 3029 4924 illos
3063 4888 3077 4924 :
3112 4870 3283 4925 Nemo
3320 4871 3533 4925 immis-

1933 4966 2118 5007 suram
2171 4957 2294 5010 novi
2346 4960 2659 5015 vestimenti
2730 4963 2977 5018 immittit
3034 4966 3085 5018 in
3130 4965 3521 5019 vestimentum

1929 5050 2085 5098 vetus
2137 5045 2430 5115 :alioquin
2468 5060 2523 5103 et
2581 5066 2782 5105 novum
2833 5065 3051 5123 rumpet
3100 5063 3155 5108 et
3192 5057 3361 5110 veteri
3415 5071 3525 5109 non

1928 5134 2220 5190 conveniet
2252 5135 2564 5193 immissura
2589 5156 2651 5194 ex
2677 5157 2835 5196 novo.
2870 5142 3115 5198 Etnemo
3137 5146 3303 5199 mittit
3336 5136 3523 5199 vinum

1927 5241 2125 5281 novum
2177 5230 2227 5281 in
2288 5240 2439 5284 utres
2492 5242 2739 5298 veteres,
2779 5236 3020 5310 alioquin
3080 5249 3299 5306 rumpet
3342 5239 3525 5293 vinum

1927 5332 2127 5373 novum
2170 5330 2344 5381 utres.
2382 5333 2437 5379 et
2476 5326 2653 5393 ipsum
2685 5327 3024 5391 elfundetur,
3074 5339 3129 5383 et
3184 5342 3333 5386 utres
3387 5330 3523 5399 peri-

1924 5410 2080 5465 bunt.
2109 5412 2214 5468 Sed
2248 5416 2431 5471 vinum
2458 5429 2698 5474 mustum
2737 5421 2788 5474 in
2819 5430 2969 5475 utres
3004 5437 3171 5476 novos
3197 5424 3519 5477 mittendum

1923 5511 2027 5565 est,
2066 5513 2119 5558 et
2147 5515 2373 5576 utraque
2404 5524 2818 5567 conservantur.
2858 5512 2921 5567 Et
2978 5529 3136 5568 nemo
3177 5517 3266 5585 qui
3310 5514 3510 5570 biberit

1934 5606 2104 5661 vetus,
2140 5599 2321 5654 statim
2360 5602 2469 5656 vult
2512 5618 2710 5660 novum
2742 5623 2755 5671 ;
2794 5608 2922 5663 dicit
2955 5609 3136 5663 enim:
3201 5608 3367 5663 Vetus
3408 5622 3519 5664 me-
