4110 6332
289 399 405 462 769

1013 392 1464 456 ENARRATIO
1509 391 1588 452 ΙΝ
1626 391 2145 456 EVANGELIUM
2185 391 2510 455 LUC.E.—
2534 389 2698 452 CAP.
2735 388 2837 452 VI.

3488 385 3596 450 770

292 513 542 577 σπῶντες
583 510 713 572 τοὺς
769 508 1031 582 στάχυας,
1069 511 1165 562 καὶ
1213 508 1514 579 ψώχοντες,
1551 507 1580 562 δ
1619 507 1736 561 ἔστι
1779 506 1882 576 τρί-

2002 509 2186 573 nibus,
2220 506 2442 561 adducit
2466 505 2734 561 Dominus
2765 503 2933 560 David
2959 505 3296 561 esurientem
3327 513 3382 560 et
3410 519 3597 561 eome-

295 605 492 669 σοντες
529 607 651 669 ταῖς
672 604 850 676 χερσὶ,
884 607 1125 672 παράγει
1159 603 1188 654 ὁ
1211 601 1417 671 Κύριος
1444 600 1534 652 τὸν
1563 598 1744 663 Δαυτδ,
1773 613 1890 650 πει-

289 698 538 751 νάσαντα
579 696 674 750 καὶ
699 694 945 763 φαγόντα
976 694 1100 755 τοὺς
1156 692 1356 762 ἄρτους
1386 691 1486 761 τῆς
1555 689 1885 760 προθέσεως.

292 788 520 856 Φεύγων
579 788 689 858 γὰρ
728 787 821 840 τὸν
858 785 1055 850 Σαοὺλ,
1107 783 1446 855 παρεγένετο
1499 783 1577 846 είς
1627 781 1890 851 Ἀϐιάθαρ

289 883 386 935 τὸν
422 881 708 952 ἀρχιερέα,
735 879 828 931 καὶ
859 877 1144 948 ἠπάτησεν
1171 877 1332 930 αὑτὸν
1366 876 1564 945 λέγων,
1598 875 1678 936 ὡς
1725 875 1833 944 ἀρα
1863 877 1891 928 ὁ

293 975 553 1046 βασιλεὺς
615 971 936 1025 ἀποστέλλει
989 971 1152 1023 αὐτὸν
1212 969 1306 1021 ἐπί
1357 986 1411 1022 τι
1459 967 1890 1036 ἀναγκαιότατον

292 1068 479 1136 ἔργον,
514 1067 607 1119 καὶ
644 1064 710 1134 δὴ
748 1063 950 1117 πεινῶν
981 1063 1146 1115 ἔλαόε
1197 1063 1295 1132 μὲν
1327 1062 1481 1133 παρά
1534 1062 1630 1113 τοῦ
1695 1061 1886 1133 ἱερέως

293 1157 540 1220 καὶτοὺς
585 1157 785 1226 ἄρτους
815 1158 914 1225 τῆς
942 1153 1281 1226 προθέσεως,
1341 1153 1434 1215 οὓς
1475 1153 1598 1206 καθ’
1650 1153 1889 1220 ἑκάστην

293 1251 657 1322 προετίθεσαν
687 1249 895 1303 δώδεκα
935 1250 1029 1300 ἐπὶ
1065 1251 1163 1317 τῆς
1199 1249 1348 1318 ἱερᾶς
1397 1248 1699 1316 τραπέζης,
1737 1246 1794 1310 ἓξ
1824 1247 1888 1298 ἐκ

290 1343 483 1409 δεξιῶν
507 1344 600 1395 καὶ
627 1341 686 1406 ἒξ
718 1341 778 1406 ἐξ
801 1339 1125 1410 εὐωνύμων.
1162 1339 1370 1392 Ἐλαὸε
1402 1339 1461 1390 δὲ
1493 1341 1588 1391 καὶ
1621 1340 1718 1410 τὴν
1753 1341 1888 1409 pop.-

291 1437 461 1505 φαίαν
480 1437 576 1489 τοῦ
610 1435 826 1488 Γολιάθ.
853 1434 1072 1504 Ταύτην
1097 1433 1196 1504 τὴν
1232 1433 1475 1503 ἱστορίαν
1500 1433 1670 1486 εἰπὼν
1703 1435 1887 1496 αὐτοῖς

287 1526 318 1579 ὁ
350 1525 576 1598 Κύριος,
635 1526 892 1596 ἐντρέπει
943 1525 1143 1587 αὐτοὺς
1197 1525 1305 1578 ἀπὸ
1358 1525 1456 1592 τῆς
1489 1525 1742 1595 πράξεως
1791 1527 1885 1578 τοῦ

287 1621 474 1676 Δαυῒδ.
515 1621 575 1672 El
620 1620 728 1691 γὰρ
768 1619 859 1671 τὸν
895 1617 1079 1684 Δαυῒδ,
1138 1619 1294 1687 φησι,
1330 1620 1551 1686 τιμᾶτε,
1607 1619 1726 1678 πῶς
1758 1618 1888 1681 τοὺς

286 1714 457 1782 ἐμοὺς
493 1711 852 1782 κατακρίνετε
899 1710 1189 1780 μαθητάς;
1225 1710 1435 1772 ’Δλλως
1463 1727 1545 1773 τε,
1576 1711 1603 1762 ὁ
1627 1709 1758 1772 Υἱὸς
1789 1710 1881 1761 τοῦ

286 1804 606 1875 ἀνθρώπου,
646 1803 926 1857 τουτέστιν
968 1802 1100 1872 ἐγὼ,
1135 1801 1340 1873 Κύριός
1387 1803 1503 1873 είμι
1535 1800 1632 1854 τοῦ
1663 1799 1881 1856 Σαϐϐά-

283 1911 408 1959 του,
441 1895 516 1958 ὡς
544 1894 891 1964 Δημιουργὸς
923 1896 1014 1948 καὶ
1049 1895 1288 1964 Ποιητης
1315 1895 1428 1946 και
1463 1894 1763 1962 Δεσπότης,
1790 1893 1888 1946 καὶ

283 1986 613 2058 νομοθέτης,
667 1987 920 2054 ἐξουσίαν
964 1987 1103 2057 ἔχων
1149 1987 1445 2040 καταλύειν
1477 1988 1538 2040 τὸ
1583 1987 1887 2043 Σάϐϐατον.

282 2080 417 2143 Υἱὸς
455 2082 564 2150 γὰρ
596 2079 888 2150 ἀνθρώπου
945 2081 1043 2133 οὐκ
1086 2080 1248 2143 ἄλλος
1290 2080 1358 2134 ἂν
1382 2080 1633 2151 κληθείη,
1660 2083 1709 2135 εί
1758 2082 1834 2153 μὴ
1860 2085 1888 2136 ὁ

285 2170 548 2243 Χριστὸς,
597 2170 656 2234 ὃς
698 2170 824 2234 Υἱὸς
856 2169 993 2223 Θεοῦ
1018 2169 1114 2237 ὢν,
1152 2169 1476 2242 παραδόξως
1537 2172 1879 2241 κατηξίωσε,

285 2263 387 2319 καὶ
444 2263 570 2326 Υἱὸς
629 2262 926 2334 ἀνθρώπου
979 2262 1049 2316 δι’
1102 2263 1433 2334 ἀνθρώπους
1469 2265 1728 2334 γενέσθαι
1783 2271 1881 2321 καὶ

283 2357 573 2429 κληθῆναι.
594 2357 668 2410 Τὸ
698 2359 806 2428 γὰρ
834 2358 934 2427 ἐμὲ
966 2359 1062 2411 καὶ
1096 2358 1158 2411 σέ
1183 2358 1467 2413 καλεῖσθαι
1497 2359 1612 2412 υίὸν
1655 2362 1971 2435 ἀνθρώπου,

277 2447 601 2520 ἀνθρώπου,
643 2449 736 2502 τὸν
761 2449 1082 2518 παραδόξως
1114 2449 1596 2520 ἀνθρωπισθέντα.

359 2564 380 2599 ε
431 2545 682 2614 Ἐγένετο
725 2544 780 2595 δέ
826 2542 921 2596 καὶ
969 2544 1027 2605 ἐν
1077 2541 1251 2612 ἑτέρῳ
1293 2543 1563 2614 Σαϐϐάτῳ
1613 2543 1880 2598 εἰσελθεῖν

281 2638 449 2692 αὑτὸν
503 2639 584 2702 είς
621 2635 720 2708 τὴν
774 2635 1108 2706 Συναγωγὴν
1177 2636 1271 2688 καὶ
1321 2635 1618 2690 διδάσκειν.
1673 2639 1783 2691 Καὶ
1811 2634 1880 2708 ἦν

281 2733 403 2786 ἐκεῖ
424 2730 735 2801 ἅνθρωπος,
761 2730 856 2780 καὶ
895 2729 927 2798 ὴ
964 2727 1087 2798 χεὶρ
1115 2725 1340 2797 αὑτοῦὴ
1379 2727 1530 2793 δεξιά
1578 2723 1646 2798 ἦν
1705 2729 1867 2799 ξηρά.

282 2825 639 2894 Παρετήρουν
673 2820 727 2873 δὲ
768 2820 932 2872 αὑτὸν
961 2820 1011 2872 οἱ
1059 2820 1418 2891 Γραμματείς
1453 2820 1550 2872 καὶ
1615 2823 1664 2873 οἱ
1715 2821 1881 2891 Φαρι-

280 2920 449 2981 σαῖοι,
498 2917 545 2968 ει
595 2917 653 2968 ὲν
711 2914 789 2984 τῷ
839 2912 1106 2980 Σαόὅάτῳ
1165 2911 1518 2982 θεραπεύσει,
1556 2913 1641 2967 ἵνα
1677 2913 1884 2985 εὕρωσι

282 3009 627 3080 κατηγορίαν
677 3007 796 3061 κατ’
837 3004 1026 3059 αὑτοῦ.
1079 3005 1257 3068 Αὐτὸς
1287 3005 1343 3056 δὲ
1373 3005 1490 3075 ᾔδει
1538 3006 1666 3069 τοὺς
1698 3006 1881 3060 διαλο-

284 3101 526 3171 γισμοὺς
581 3099 785 3154 αὐτῶν.
845 3099 952 3152 Καὶ
983 3094 1104 3150 εἷπε
1163 3095 1238 3168 τῷ
1271 3096 1547 3168 ἀνθρώπῳ
1579 3098 1654 3170 τῷ
1707 3098 1881 3169 ξηράν

1913 1861 1961 1916 ’Β

1998 601 2214 654 dentem
2249 612 2415 667 panes
2441 597 2858 668 propositionis,
2882 611 3022 665 quos
3053 598 3434 666 proponebant
3458 613 3598 666 quo-

1998 695 2146 749 tidie.
2171 692 2565 764 Fugiensenim
2588 692 2754 763 310
2778 707 2806 744 a
2833 689 3314 746 Saulveniebatad
3331 689 3599 745 Abiathar

1997 787 2330 857 pontiﬁcem,
2357 797 2411 842 et
2443 789 2657 855 decepit
2682 801 2804 840 eum
2830 786 2986 855 quasi
3012 800 3042 839 a
3077 799 3202 855 rege
3228 786 3428 840 missus
3450 795 3598 840 esset

1997 882 2052 935 in
2084 895 2219 948 Opus
2249 881 2520 950 quoddam
2551 880 2950 944 necessarium,
3008 888 3064 932 et
3101 879 3354 933 esuriens
3387 877 3597 945 accepit

1994 991 2022 1028 a
2057 975 2314 1044 pontiﬁce
2339 973 2504 1028 etiam
2549 988 2718 1043 panes
2745 971 3160 1042 prepositiouis,
3186 987 3421 1041 quorum
3454 972 3600 1025 duo-

1994 1065 2169 1117 decim
2201 1062 2448 1132 quotidie
2505 1077 2670 1129 super
2716 1076 2930 1117 sacram
2989 1076 3236 1114 mensam
3295 1061 3599 1131 ponebant,

1994 1171 2137 1210 scxa
2167 1157 2398 1218 dextris,
2425 1164 2480 1208 et
2510 1169 2607 1208 sex
2655 1170 2683 1207 a
2733 1153 2998 1208 sinistris.
3036 1152 3264 1223 Act-epit
3303 1163 3486 1208 autem
3545 1162 3600 1210 et

1994 1248 2231 1315 gladium
2257 1246 2498 1303 Goliath.
2526 1247 2676 1302 Hanc
2703 1248 2988 1303 historiam
3014 1247 3153 1300 dixit
3185 1247 3291 1302 illis
3315 1249 3595 1312 Dominus,

1990 1352 2046 1395 et
2094 1343 2349 1395 admonet
2391 1357 2484 1396 eos
2516 1357 2545 1396 a
2583 1339 2728 1396 facto
2785 1340 2977 1394 David.
3035 1339 3173 1394 Nam
3230 1342 3273 1394 si
3315 1342 3596 1407 Davidem,

1993 1432 2192 1500 inquit,
2245 1435 2554 1498 honoratis,
2590 1434 2867 1503 quomodo
2895 1447 3046 1487 meos
3075 1435 3456 1488 condemnatis
3488 1435 3602 1488 dis-

1990 1525 2244 1595 cipulos?
2280 1524 2374 1580 Vel
2430 1528 2609 1590 aliter,
2666 1525 2838 1580 Filius
2893 1525 3153 1589 hominis,
3198 1526 3302 1580 hoc
3331 1537 3437 1591 est,
3472 1541 3597 1595 ego,

1991 1616 2256 1671 Dominus
2320 1631 2439 1670 sum
2496 1615 2745 1681 Sabbati,
2783 1626 2841 1670 ut
2886 1615 3154 1671 Conditor
3197 1626 3250 1671 et
3292 1615 3490 1672 Factor
3547 1628 3602 1672 et

1996 1709 2323 1780 Legislator,
2356 1719 2682 1778 potestatem
2717 1709 2923 1765 habens
2978 1709 3220 1765 solvendi
3269 1709 3594 1767 Sabbatum.

1991 1803 2161 1858 Filius
2195 1806 2341 1859 enim
2376 1804 2616 1857 hominis
2659 1819 2767 1857 non
2813 1803 2953 1858 alius
3011 1815 3236 1857 vocatus
3293 1816 3380 1859 est
3427 1820 3594 1874 quam

1993 1894 2268 1960 Christus,
2292 1895 2383 1964 qui
2421 1909 2549 1947 cum
2600 1904 2746 1948 esset
2799 1892 2972 1949 Filius
3001 1893 3118 1958 Dei,
3152 1895 3477 1951 mirabiliter
3512 1897 3600 1951 di-

1991 1996 2190 2050 gnatus
2217 1997 2300 2042 est
2337 1986 2511 2040 Filius
2554 1987 2802 2042 hominis
2841 1999 3068 2058 propter
3097 1989 3348 2044 homines
3389 1999 3444 2046 et
3479 1990 3596 2044 ﬁeri

1991 2089 2047 2136 et
2065 2081 2270 2136 vocari.
2305 2083 2372 2134 At
2400 2079 2546 2148 quod
2571 2095 2671 2150 ego
2693 2089 2748 2135 et
2799 2089 2856 2134 tu
2900 2081 3134 2138 dicimur
3164 2083 3309 2139 ﬁlius
3336 2083 3596 2146 hominis,

1990 2175 2130 2230 nihil
2164 2175 2312 2230 novi.
2349 2171 2507 2228 lllum
2552 2186 2736 2229 autem
2765 2175 2988 2242 dignum
3021 2186 3106 2230 est
3162 2177 3347 2232 vocari
3395 2173 3598 2232 Filium

1992 2269 2250 2334 hominis,
2287 2269 2379 2337 qui
2407 2269 2548 2322 miro
2587 2268 2749 2322 modo
2785 2265 2966 2323 factus
3005 2278 3089 2324 est
3121 2270 3305 2327 homo.

2028 2364 2183 2419 οὐδὲν
2238 2364 2451 2418 καινόν’
2521 2363 2734 2416 ἐκεῖνον
2805 2361 2864 2416 δέ
2923 2362 3076 2428 ἀξιον
3105 2360 3394 2417 καλεῖσθαι
3465 2361 3597 2417 Υἱδν

2065 2541 2231 2597 Vens.
2259 2541 2412 2595 (3-H.
2452 2560 2469 2593 ι
2513 2539 2741 2594 Factum
2779 2549 2861 2594 est
2890 2548 3074 2595 autem
3104 2540 3158 2593 in
3209 2539 3317 2594 alio
3351 2537 3597 2593 Sabbato

1993 2645 2048 2692 ut
2082 2636 2316 2689 intraret
2363 2635 2419 2688 in
2455 2632 2825 2703 Syna3033m,
2853 2647 2915 2685 ac
2947 2633 3194 2687 doceret.
3242 2633 3310 2687 Et
3338 2642 3460 2686 erat
3518 2631 3592 2687 ibi

1992 2731 2176 2794 homo,
2217 2737 2272 2782 et
2319 2742 2513 2781 manus
2541 2725 2657 2795 ejus
2693 2729 2886 2780 dextra
2915 2735 3034 2780 erat
3104 2727 3280 2780 arida.
3319 2722 3596 2780 Observa-

1990 2822 2119 2876 bant
2150 2830 2331 2876 autem
2355 2835 2479 2876 eum
2510 2818 2718 2874 Scriba:
2745 2834 2811 2875 ac
2843 2818 3102 2874 Pharisaei
3138 2833 3207 2872 an
3240 2817 3296 2872 in
3347 2817 3596 2873 Sabbato

1988 2923 2285 2969 sanaturus
2305 2923 2474 2975 esset,
2499 2920 2558 2967 ut
2589 2912 2902 2967 invenirent
2934 2913 3076 2966 unde
3099 2920 3426 2967 accusarent
3445 2926 3595 2965 eum.

1988 3006 2110 3074 ipse
2141 3018 2270 3059 vero
2309 3002 2520 3058 sciebat
2552 3002 2916 3073 cogitationes
2946 3016 3161 3066 eorum,
3197 3011 3252 3057 et
3277 3002 3356 3054 ait
3385 3000 3595 3055 homini

1985 3099 2076 3167 qui
2098 3098 2336 3152 habebat
2357 3111 2578 3150 manum
2605 3094 2818 3148 aridam
2846 3112 2859 3147 :
2886 3093 3082 3164 Surge,
3113 3102 3168 3150 et
3191 3104 3274 3149 sta
3303 3095 3356 3149 itt
3382 3095 3592 3150 medio.

280 3193 460 3264 ἔχοντι
481 3192 581 3263 τὴν
605 3194 763 3262 χεῖρα
792 3207 803 3219 ·
845 3191 1120 3258 Ἐγειραι,
1153 3190 1250 3242 καὶ
1282 3189 1443 3259 στῆθι
1487 3191 1566 3252 εἰς
1606 3189 1665 3242 τὸ
1691 3191 1882 3258 μέσον.

1995 3192 2058 3246 Et
2087 3206 2316 3260 surgens
2346 3190 2518 3244 stetit.
2571 3188 2664 3244 Ait
2706 3187 2868 3257 igitur
2899 3188 2967 3242 ad
3002 3189 3124 3243 illos
3157 3187 3317 3244 Jesus
3351 3205 3366 3242 :
3409 3187 3587 3243 Inter-

293 3283 352 3338 Ὀ
376 3284 430 3337 δὲ
481 3282 718 3345 ἀναστὰς
745 3282 898 3350 ἔστη.
946 3277 1113 3332 Εἶπεν
1152 3276 1247 3333 οὖν
1286 3280 1313 3332 ὁ
1353 3280 1562 3350 Ἰησοῦς
1599 3282 1734 3352 πρὸς
1778 3281 1880 3333 αὑ-

283 3376 412 3436 τούς
445 3391 455 3401 ·
514 3375 881 3446 Ἐπερωτήσω
935 3374 1079 3444 ὑμᾶς
1119 3386 1194 3425 τι⁶
1248 3370 1426 3438 ἔξεστι
1461 3376 1575 3435 τοῖς
1607 3373 1881 3429 Σάὁϐασιν

279 3467 764 3538 ἀγαθοποιῆσαι,ἢ
793 3467 1198 3536 κακοποιῆσαι;
1232 3466 1412 3537 ψυχὴν
1446 3467 1641 3531 σῶσαι,
1671 3467 1703 3537 ἢ
1745 3469 1879 3520 ἀπο-

283 3560 471 3626 licet;
517 3561 626 3613 Καὶ
681 3559 1158 3632 περιϐλεψᾴμενος
1207 3563 1417 3619 πάντας
1449 3560 1672 3624 αὐτοὺς,
1719 3555 1878 3613 εἶπεν

282 3651 431 3720 αὑτῷ
455 3667 468 3682 ο
513 3652 796 3703 Ἔκτεινον
827 3650 923 3720 τὴν
954 3650 1113 3720 χεῖρά
1145 3667 1257 3703 σου.
1305 3649 1363 3703 Ὀ
1401 3649 1457 3703 δὲ
1508 3650 1754 3720 ἐποίησε,
1787 3651 1880 3703 καὶ

286 3741 712 3812 ἀποκατεστάθη
744 3745 776 3814 ἠ
819 3743 942 3812 χεὶρ
965 3743 1132 3796 αὑτοῦ
1157 3744 1321 3813 ὑγιὴς
1353 3742 1484 3812 ὼςὴ
1516 3741 1675 3812 ἄλλη.
1707 3741 1876 3795 Αὐτοὶ

286 3837 343 3891 δέ
367 3837 719 3907 ἐπλήσθησαν
747 3840 956 3900 ἀνοίας,
983 3839 1074 3889 καὶ
1101 3835 1381 3888 διελάλουν
1418 3837 1554 3905 πρὸς
1590 3835 1877 3906 ἀλλήλους,

287 3929 340 3983 τί
362 3929 430 3984 ἂν
469 3931 756 4000 ποιήσειαν
802 3929 881 3996 τῷ
926 3928 1127 3995 Ἰησοῦ.
1169 3947 1188 3980 ι
1221 3928 1364 3980 Ὅσα
1390 3917 1508 3998 ’μὲν
1539 3928 1770 3998 εἴπομεν
1820 3929 1878 3980 ἐν

282 4020 364 4094 τῷ
411 4037 556 4075 κατα
594 4021 899 4084 Ματθαίον,
936 4021 1092 4090 δῆλω
1126 4019 1221 4073 νῦν
1247 4019 1305 4073 δέ
1340 4020 1459 4074 τόδε
1485 4020 1742 4090 λὲγομεν,
1794 4021 1877 4072 ὅτι

283 4115 458 4188 ξηρὰν
490 4114 604 4184 ἔχει
641 4115 740 4183 τὴν
765 4115 943 4186 χεῖρα,
979 4113 1035 4176 ὃς
1063 4114 1125 4166 οὐ
1159 4115 1390 4185 πράττει
1413 4129 1465 4166 τι
1491 4113 1600 4165 τῶν
1623 4116 1723 4184 τῆς
1748 4113 1878 4184 ἀρε-

280 4208 383 4278 τῆς
418 4207 617 4278 ἔργων.
658 4207 724 4260 Ἦ
761 4207 862 4278 μὲν
903 4208 1011 4278 γὰρ
1042 4209 1164 4276 χεὶρ
1215 4206 1496 4276 ἐνεργείας
1523 4207 1777 4276 ὄργανον,
1818 4206 1878 4271 ὃς

282 4301 342 4355 δέ
377 4299 673 4370 ἐξήρανται
723 4299 951 4366 ταύτην,
1014 4301 1179 4369 ἀργεῖ
1237 4299 1478 4362 πάντως.
1527 4299 1718 4363 Ὅστις
1784 4294 1879 4354 οὖν

287 4391 432 4446 θέλει
459 4391 788 4461 ὑγιασθῆναι
820 4390 918 4461 τὴν
952 4393 1130 4460 χεῖρα,
1167 4390 1224 4442 ἐν
1256 4390 1334 4460 τῷ
1373 4389 1640 4460 Σασὸἀτῳ
1670 4389 1879 4462 ταύτην

285 4482 698 4553 ὑγιασθήσεται.
732 4477 858 4534 Οἷον
891 4483 942 4533 τί
965 4483 1130 4550 λέγω·
1169 4483 1283 4534 Οὐκ
1321 4481 1467 4535 ἔστιν
1499 4482 1798 4553 ἐνεργῆσαί
1825 4501 1876 4536 τι

285 4573 395 4628 τῶν
435 4575 533 4644 τῆς
562 4574 761 4643 ἀρετῆς
812 4572 1016 4642 ἔργων,
1053 4575 1149 4626 ἐὰν
1185 4573 1261 4644 μὴ
1292 4573 1475 4645 παυθῇ
1506 4591 1588 4636 τις
1622 4575 1732 4628 ἀπὸ
1775 4576 1874 4645 τῆς

285 4666 485 4729 κακίας
541 4666 830 4719 Ἔκκλινον
870 4668 978 4738 γὰρ
1001 4667 1220 4738 πρῶτον
1272 4668 1381 4721 ἀπὸ
1417 4668 1513 4721 τοῦ
1553 4669 1751 4732 κακοῦ,
1785 4669 1880 4722 καὶ

285 4761 412 4814 τότε
460 4760 688 4830 ποίησον
750 4759 812 4811 τὺ
866 4758 1094 4824 ἀγαθόν.
1139 4759 1309 4814 Ὅταν
1364 4755 1459 4814 οὗν
1515 4761 1876 4832 σαϐϐατίσῃς,

284 4845 589 4910 τουτέστιν,
619 4848 872 4918 ἀργήσῃς
897 4847 1004 4900 ἀπὸ
1026 4848 1135 4902 τῶν
1168 4849 1270 4917 τῆς
1306 4849 1508 4914 κακίας
1533 4851 1734 4922 ἔργων,
1753 4851 1877 4903 τότε

286 4939 527 5000 ἐκτενεῖς
566 4956 658 4991 σου
687 4943 786 5010 τὴν
812 4945 970 5011 χεῖρα
1001 4943 1094 4994 ἐπὶ
1131 4941 1201 4994 τά
1225 4943 1322 5013 τῆς
1349 4944 1572 5013 ἀρετῆς,
1607 4947 1700 4997 καὶ
1736 4946 1876 4998 ἀπο·

287 5030 694 5098 καταστήσεταί
737 5047 820 5083 σοι
858 5031 1018 5102 αὕτη.
1069 5031 1310 5097 Είκότως
1339 5033 1394 5086 δὲ
1417 5029 1539 5087 εἷπε
1569 5035 1653 5098 τὸ,
1697 5035 1870 5088 Ἀπο-

287 5123 623 5194 κατεστάθη.
655 5119 766 5178 Ἦν
799 5126 908 5194 γὰρ
966 5127 1054 5178 ὅτε
1107 5127 1140 5197 ἡ
1181 5125 1503 5198 ἀνθρωπίνη
1542 5127 1705 5196 φύσις
1759 5125 1872 5198 εἶχε

284 5215 384 5284 τὴν
446 5217 713 5288 ἐργασίαν
748 5217 843 5270 τοῦ
906 5217 1098 5283 καλοῦ,
1144 5220 1236 5271 καὶ
1277 5219 1375 5289 τὴν
1406 5220 1588 5289 χεῖρα,
1625 5218 1877 5272 τουτέστι

1989 3283 2193 3352 rogabo
2250 3298 2370 3350 vos,
2413 3290 2597 3336 utrum
2659 3280 2787 3334 licet
2838 3277 3096 3335 Sabbatis
3133 3279 3479 3348 benefacere,
3517 3297 3591 3336 att

1986 3376 2348 3431 malefacere?
2378 3378 2619 3431 animam
2655 3391 2900 3442 servare,
2950 3390 3023 3429 an
3057 3375 3332 3444 perdere?
3378 3373 3446 3428 Et
3477 3375 3586 3428 eir-

1985 3469 2320 3539 cumspectis
2341 3470 2596 3524 omnibus
2625 3469 2767 3525 dixit
2799 3467 3028 3532 homini,
3070 3465 3314 3523 Extende
3358 3482 3590 3521 manum

1987 3573 2157 3617 luant.
2190 3562 2283 3615 Ille
2311 3572 2492 3616 autem
2531 3562 2680 3627 fecit,
2718 3571 2776 3616 et
2801 3562 3054 3616 restituta
3107 3570 3191 3616 est
3250 3576 3447 3615 manus
3476 3561 3594 3630 ejus

1985 3670 2116 3710 sana
2144 3655 2288 3708 sicut
2316 3653 2507 3709 altera.
2551 3655 2656 3724 Ipsi
2690 3665 2873 3709 autem
2929 3653 3120 3724 repleti
3159 3662 3288 3708 sunt
3326 3655 3594 3721 amentia,

1982 3760 2038 3805 et
2060 3748 2512 3818 colloquebantur
2533 3747 2676 3802 inter
2697 3762 2819 3802 sese
2837 3745 3097 3815 quidnam
3123 3743 3535 3802 facerentJesu.
3566 3769 3586 3799 ο

1984 3843 2116 3911 Quae
2169 3842 2410 3897 diximus
2432 3842 2486 3895 in
2515 3839 2795 3902 Matthteo,
2855 3838 3150 3894 manifesta
3201 3849 3371 3894 sunt:
3442 3856 3591 3896 nunc

1983 3946 2169 3989 autem
2219 3934 2320 3989 hoc
2375 3933 2626 3999 dicimus,
2675 3931 2820 4002 quod
2877 3929 3090 3985 aridam
3135 3945 3358 3984 manum
3406 3931 3590 3993 habet,

1984 4028 2076 4095 qui
2103 4023 2253 4080 nulla
2275 4023 2538 4078 virtutum
2563 4035 2729 4092 opera
2753 4019 2904 4077 facit.
2933 4021 3126 4076 Manus
3154 4022 3300 4076 enim
3326 4024 3591 4092 operandi

1982 4132 2251 4188 organum
2301 4127 2387 4172 est
2442 4132 2457 4170 :
2505 4115 2592 4170 cui
2647 4125 2828 4170 autem
2861 4113 2947 4169 illa
2985 4114 3206 4178 arescit,
3253 4114 3298 4169 is
3355 4115 3588 4170 omnino

1982 4213 2191 4267 otiosus
2218 4220 2322 4266 est.
2359 4210 2418 4266 Si
2471 4210 2595 4280 quis
2644 4209 2810 4278 igitur
2859 4224 3080 4262 manum
3130 4206 3314 4261 sanari
3364 4208 3497 4273 vult,
3534 4207 3586 4259 iu

1986 4304 2230 4360 Sabbato
2257 4305 2404 4358 illam
2443 4303 2773 4358 sanctillcet.
2811 4301 2999 4371 Neque
3025 4301 3172 4355 enim
3227 4308 3408 4370 potest
3461 4302 3588 4370 quis

1984 4409 2152 4463 opera
2191 4395 2453 4447 virtutum
2490 4395 2693 4461 facere,
2737 4393 2845 4447 nisi
2877 4392 3029 4462 prius
3058 4407 3087 4444 a
3136 4393 3345 4445 malitia
3385 4402 3588 4446 cesset.

1985 4485 2207 4541 Declina
2249 4487 2417 4553 enim,
2450 4486 2644 4556 inquit,
2709 4487 2886 4555 primo
2935 4499 2964 4537 a
3003 4484 3174 4548 malo,
3221 4494 3277 4540 et
3309 4492 3442 4539 tunc
3501 4483 3590 4539 fac

1984 4581 2186 4635 bonum
2226 4577 2295 4632 ".
2325 4579 2513 4648 Itaque
2545 4577 2768 4648 quando
2792 4577 3096 4631 Sabbatum
3155 4577 3294 4645 agis,
3327 4577 3431 4631 hoc
3477 4587 3589 4638 cst.

1983 4676 2194 4730 otiosus
2225 4690 2286 4729 es
2318 4677 2387 4730 ab
2417 4674 2677 4744 operibus
2709 4673 2887 4738 malis,
2911 4680 3040 4726 tunc
3062 4670 3333 4727 extendas
3365 4687 3588 4726 manum

1986 4766 2052 4820 ad
2094 4780 2259 4836 opera
2288 4770 2569 4831 virtutum,
2599 4773 2654 4819 et
2684 4764 3008 4820 restituetur
3057 4763 3201 4834 ipsa.
3266 4763 3334 4817 Et
3387 4764 3589 4818 merito

1983 4857 2142 4919 dixit,
2169 4858 2417 4910 restituta
2452 4866 2556 4912 est.
2591 4855 2718 4911 Fuit
2769 4857 2915 4912 enim
2954 4856 3180 4927 quando
3216 4856 3456 4911 humana
3488 4871 3585 4910 nae

1985 4958 2105 5002 tura
2140 4950 2376 5004 habebat
2404 4951 2510 5003 vim
2547 4950 2811 5019 operandi
2848 4949 3078 5016 bonum,
3101 4965 3164 5004 ac
3196 4964 3445 5017 manum,
3484 4949 3587 5003 huc

1983 5053 2066 5097 est
2107 5044 2372 5111 operandi
2416 5042 2738 5112 eliicaciam,
2801 5059 3037 5100 sanam:
3095 5045 3189 5100 sed
3227 5054 3582 5115 posteaquam

1988 5136 2197 5205 perdita
2226 5132 2352 5202 fuit,
2384 5136 2564 5206 gratia
2600 5135 2804 5191 Christi
2831 5137 2981 5192 illam
3013 5139 3217 5193 iterum
3253 5138 3478 5208 recepit,
3535 5147 3589 5191 et

1989 5223 2056 5278 ad
2091 5227 2330 5294 priorem
2355 5229 2648 5282 sanitatem
2689 5228 2945 5284 restituta
2969 5241 3078 5286 est.

284 5311 386 5380 τὴν
440 5311 798 5382 ἐνεργητικὴν
849 5312 1104 5385 δύναμιν,
1161 5315 1309 5384 ὑγιᾶ.
1384 5311 1518 5368 Εῐτα
1564 5316 1902 5388 ἀπολέσασα,
1939 5320 2125 5392 χάριτι
2172 5323 2412 5394 Χριστοῦ
2463 5324 2712 5380 ἀπέλαῦε
2773 5325 3026 5398 ταύτην,
3080 5327 3177 5379 καὶ
3226 5326 3584 5398 ἀποκατέστη

285 5404 368 5463 εἰς
396 5401 455 5454 τὸ
485 5401 678 5470 πρώην
702 5403 929 5471 ἀγαθόν.

365 5513 384 5545 ι
426 5495 672 5563 Ἐγένετο
717 5497 773 5549 δὲ
814 5499 872 5550 ἐν
918 5501 1037 5560 ταῖς
1071 5500 1311 5570 ἡμέραις
1339 5499 1592 5566 ταύταις,
1642 5501 1871 5572 ἐξῆλθεν

286 5589 367 5649 είς
403 5586 465 5638 τὸ
516 5587 640 5656 ὅρος
695 5589 1124 5658 προσεύξασθαι.
1164 5592 1272 5643 Καὶ
1322 5588 1390 5663 ἦν
1436 5593 1871 5665 διανυκτερεύων

284 5681 342 5733 ἐν
379 5684 444 5751 τῇ
486 5684 766 5750 προσευχῇ
811 5683 906 5735 τοῦ
939 5683 1094 5738 Θεοῦ.
1135 5684 1246 5737 Καὶ
1269 5685 1356 5739 ὅτε
1398 5686 1617 5756 ἐγένετο
1659 5688 1864 5757 ἡμέρα,

363 5837 407 5868 ³³
445 5833 588 5893 Psal.
634 5835 816 5903 xxxvi,
841 5836 930 5892 27.

2058 5506 2228 5560 Vens.
2257 5504 2452 5559 lii-l9.
2500 5523 2518 5555 ι
2569 5503 2796 5558 Factum
2827 5513 2911 5559 est
2941 5513 3123 5559 autem
3156 5504 3208 5558 in
3236 5504 3342 5560 illis
3366 5504 3582 5567 diebus.

1981 5596 2116 5652 exiit
2174 5596 2225 5647 in
2260 5605 2501 5648 montem
2545 5598 2610 5647 ad
2645 5595 2938 5661 orandum,
2974 5604 3205 5666 eratque
3254 5606 3584 5667 pernocuns

1983 5689 2036 5743 in
2070 5687 2463 5757 deprecatione
2493 5689 2610 5742 Dei.
2646 5687 2712 5742 Et
2741 5703 2866 5743 cum
2899 5691 3016 5746 dies
3069 5688 3246 5746 factus
3289 5698 3456 5755 esset,
3488 5703 3584 5746 v0-
