4110 6332
616 386 717 452 771
1526 377 1626 436 ΤΗ
1639 370 2103 436 EOPHYLACTI
2153 362 2560 429 BULGARIIE
2602 360 2953 423 ARCHIEP.
3755 353 3851 419 772

617 495 762 551 cavit
787 491 1084 563 discipulos
1133 503 1280 553 suos,
1314 498 1369 541 et
1413 486 1576 555 elegit
1627 483 1906 538 duodecim
1943 497 2010 538 ex
2045 482 2175 552 ipsis

2299 478 2669 546 ιροσεφὼνησε
2699 474 2824 534 τοὺς
2867 470 3116 541 μαθητὰς
3144 467 3331 522 αὑτοῦ.
3366 469 3481 522 Καὶ
3500 467 3850 535 ἐκλεξάμενος

611 603 748 656 quos
769 597 824 642 et
865 583 1138 657 apostolos
1179 579 1518 634 nominavit:
1585 576 1885 638 Simonem,
1924 590 2084 644 quem
2126 584 2182 628 et

611 681 827 736 Petrum
863 674 1180 734 nominavit,
1215 682 1268 725 et
1292 670 1560 722 Andream
1595 669 1814 730 fratrem
1849 667 1986 734 ejus,
2019 665 2176 734 311

615 769 938 825 lacobumet
960 763 1246 826 Joannem,
1281 761 1580 827 Philippum
1610 766 1663 810 et
1699 755 2174 816 Bartholomaaum,

615 859 924 913 Mattlneum
969 865 1023 906 et
1051 848 1619 912 ThomamJacobum
1678 846 1880 915 Alphmi
1913 847 2082 899 lilium
2125 855 2180 897 et

615 951 917 1010 Simonem,
976 948 1066 1014 qui
1120 953 1341 998 vocatur
1383 943 1614 1003 Zelotes,
1651 941 1844 1017 JutLam
1887 938 2072 993 Jacobi
2131 947 2183 992 et

613 1039 804 1095 Judam
836 1037 1169 1100 lscariotem,
1211 1037 1297 1102 qui
1352 1034 1487 1087 idem
1527 1035 1626 1086 luit
1652 1033 1917 1102 proditor.
1963 1032 2029 1085 Et
2061 1032 2183 1084 des-

621 1132 864 1186 cendens
887 1144 1008 1182 cum
1045 1128 1150 1182 illis
1176 1128 1324 1181 stetit
1354 1127 1404 1179 in
1433 1127 1548 1180 loco
1576 1126 1890 1195 campestri,
1923 1124 2184 1192 turbaque

617 1222 1000 1290 discipulorum
1039 1219 1176 1287 ejus,
1207 1229 1261 1274 et
1311 1219 1597 1272 multitudo
1634 1221 1850 1286 copiosa
1899 1217 2070 1286 plebis
2103 1230 2182 1272 lex

619 1313 764 1368 omni
791 1312 973 1366 Judaza
1008 1310 1443 1375 etHierusalem,
1494 1322 1548 1364 et
1590 1325 1619 1363 a
1651 1310 1923 1363 maritima
1945 1307 2088 1379 Tyro
2134 1314 2188 1360 et

621 1408 854 1462 Sidone:
888 1406 976 1473 qui
1012 1413 1271 1458 venerant
1299 1412 1354 1455 ut
1390 1404 1635 1455 audirent
1683 1417 1826 1465 eum,
1849 1411 1900 1452 et
1929 1414 2187 1454 sanaren-

622 1507 709 1552 tur
739 1513 765 1550 ε
811 1499 1015 1550 morbis
1050 1497 1194 1559 suis;
1246 1504 1300 1548 et
1325 1495 1414 1562 qui
1464 1494 1857 1545 vexabantura
1909 1492 2188 1559 spiritibus

623 1591 912 1642 immundis
938 1600 989 1640 et
1018 1589 1370 1640 sanabantur.
1415 1584 1481 1638 Et
1512 1584 1687 1638 omnis
1720 1583 1871 1637 turba
1911 1581 2190 1651 qumrebat

621 1695 740 1733 eum
769 1687 1010 1747 tangere,
1061 1678 1188 1746 quia
1233 1675 1405 1729 virtus
1434 1676 1500 1728 ab
1543 1674 1632 1727 illo
1664 1673 1844 1726 exibat
1890 1683 1944 1727 et
1963 1675 2189 1727 sanabat

621 1783 830 1823 omnes.
871 1786 888 1819 ›
912 1767 1171 1821 Dominus
1197 1769 1352 1820 docet
1375 1781 1476 1819 nos
1506 1774 1564 1819 ut
1585 1779 1746 1832 opera
1768 1780 1862 1816 sua
1890 1764 2183 1826 imitemur,

2280 567 2375 621 ἀπ’
2405 566 2585 620 αὐτῶν
2615 564 2842 626 δώδεκα,
2887 561 2981 625 οὒς
3037 559 3133 615 καὶ
3170 560 3508 622 ἀποστόλους
3557 559 3810 628 ὠνόμασε
3835 578 3847 590 ·

2281 658 2519 726 Σίμωνα,
2542 657 2599 710 δν
2642 658 2736 708 καὶ
2771 652 3024 721 ὠνόμαᾶε
3050 653 3276 723 Πέτρον,
3311 653 3408 705 καὶ
3468 651 3735 722 Ἀνδρέαν
3769 653 3854 705 τὸν

2280 748 2508 816 ἀδελφὸν
2542 747 2730 810 αὑτοῦ,
2776 745 3056 809 Ἰάκωϐον,
3083 745 3180 797 καὶ
3251 745 3526 813 Ἰωάννην,
3573 744 3851 808 Φίλιππον,

2282 842 2376 893 καλ
2406 841 2830 910 Βαρθολομαῖον,
2877 839 3172 900 Ματθαὼν,
3211 837 3305 890 καὶ
3348 837 3574 905 Θωμᾶν,
3607 836 3854 889 Ἰάκωϐον

2282 935 2372 986 τὸν
2406 934 2500 986 τοῦ
2529 932 2805 1000 Ἁλφαίου,
2856 932 2950 984 καὶ
2981 931 3199 1002 Σίμωνα
3239 931 3328 984 τὸν
3375 931 3716 1000 καλούμενον
3764 932 3856 998 (ης

2283 1025 2480 1094 λωτὴν,
2521 1025 2719 1078 Ἰούδαν
2763 1023 3045 1088 Ἰακώϐου,
3093 1025 3186 1076 καὶ
3233 1023 3433 1077 Ἰούδαν
3480 1021 3854 1092 Ἰσκαριώτην,

2284 1118 2341 1181 δς
2369 1120 2463 1173 καὶ
2509 1117 2724 1185 ἐγένετο
2777 1117 3062 1187 προδότης.
3096 1118 3204 1170 Καὶ
3236 1116 3479 1180 καταϐὰς
3506 1118 3628 1185 μετ’
3659 1116 3856 1179 αὐτῶν,

2285 1211 2416 1281 ἔστη
2443 1210 2535 1262 ἐπὶ
2567 1211 2733 1262 τόπου
2774 1208 3010 1272 πεδινοῦ,
3045 1210 3137 1262 καὶ
3178 1207 3331 1278 δχλος
3362 1208 3627 1277 μαθητῶν
3672 1206 3858 1272 αὐτοῦ,

2287 1303 2383 1357 καὶ
2415 1302 2617 1373 πλῆθος
2641 1303 2778 1355 πολὺ
2819 1301 2914 1354 τοῦ
2947 1301 3076 1354 λαοῦ
3117 1301 3224 1354 άπὸ
3255 1301 3433 1372 πάσης
3467 1301 3568 1370 τῆς
3603 1299 3862 1364 Ἰουδαίας

2290 1397 2383 1449 καὶ
2425 1396 2799 1466 Ἰερουσαλὴμ,
2836 1397 2930 1448 καὶ
2979 1393 3079 1463 τῆς
3121 1395 3386 1463 παραλίου
3429 1394 3610 1464 Τύρου
3648 1395 3744 1446 καὶ
3776 1393 3861 1446 Σι-

2287 1488 2475 1551 δῶνος,
2511 1486 2559 1540 οἶ
2589 1483 2751 1558 ἦλθον
2777 1485 3006 1539 ἀκοῦσαι
3037 1486 3201 1539 αὐτοῦ
3230 1488 3325 1540 καὶ
3365 1486 3584 1555 ἰαθῆναι
3621 1485 3732 1538 ἀπὸ
3761 1485 3865 1538 τῶν

2288 1577 2460 1631 νόσων
2511 1577 2723 1640 αὐτῶν,
2773 1576 2867 1628 καὶ
2914 1575 2964 1628 οἰ
3016 1575 3331 1645 όχλούμενοι
3383 1574 3487 1627 ὑπὸ
3537 1575 3865 1644 πνευμάτων

2287 1667 2638 1735 ἀκαθάρτων,
2703 1667 2798 1720 καὶ
2861 1667 3273 1737 ἐθεραπεύοντο.
3322 1667 3431 1720 Kal
3488 1667 3596 1730 πᾶς
3637 1669 3667 1720 ό
3713 1665 3867 1736 δχλος

2290 1759 2469 1828 ἐζήτει
2526 1757 2795 1812 ἃπτεσθαι
2847 1757 3049 1823 αὑτοῦ,
3101 1759 3184 1811 δτι
3231 1757 3461 1826 δύναμις
3517 1756 3649 1826 παρ’
3703 1755 3866 1810 αὑτοῦ

623 1871 680 1914 et
694 1860 836 1913 sicut
859 1861 969 1928 ipse
998 1859 1143 1922 fecit,
1171 1858 1245 1911 ita
1270 1867 1320 1910 et
1354 1872 1450 1910 nos
1473 1857 1751 1910 faciamus.
1779 1855 1917 1910 Ecce
1941 1866 2191 1910 oraturus

2299 1853 2575 1923 ἰεήρχετο.
2620 1853 2726 1905 Kal
2763 1853 2879 1906 ἰᾶτο
2908 1853 3134 1915 πάντας.
3174 1871 3192 1905 ι
3231 1852 3413 1904 Πάντα
3440 1854 3584 1904 ποιεῖ
3608 1853 3638 1904 ό
3669 1850 3870 1920 Κύριος

627 1961 765 2017 erat,
797 1961 850 2004 et
872 1950 1116 2004 ascendit
1152 1951 1203 2004 in
1240 1958 1502 2003 moutem.
1550 1947 1764 2004 Etenim
1792 1958 2005 2018 oportet
2031 1949 2193 2003 etiam

626 2057 724 2096 nos
758 2057 786 2093 a
837 2042 1066 2110 negotiis
1096 2041 1302 2095 otiosos
1332 2054 1510 2108 orare,
1536 2051 1589 2095 et
1615 2055 1721 2095 non
1759 2040 1810 2093 in
1847 2041 2023 2094 medio
2057 2037 2195 2092 mul-

628 2143 828 2200 torum,
865 2135 959 2188 sed
1007 2142 1405 2201 pernoctantes,
1438 2147 1503 2186 ne
1529 2132 1709 2185 statim
1748 2140 1806 2184 ut
1836 2129 2184 2198 coeperimus,

625 2237 919 2278 cessemus.
951 2222 1078 2277 Post
1126 2225 1428 2279 orationem
1461 2232 1640 2277 autem
1677 2223 1840 2292 elegit
1875 2221 2190 2291 discipulos,

629 2319 686 2364 ut
710 2312 899 2367 doceat
925 2315 1088 2366 etiam
1119 2327 1222 2368 nos
1249 2314 1465 2382 quando
1496 2314 1804 2383 quempiam
1834 2314 1891 2366 in
1919 2312 2201 2382 spirituale

630 2403 994 2456 ministerium
1053 2418 1241 2456 sumus
1275 2405 1575 2457 ordiuaturi
1611 2418 1732 2457 cum
1781 2404 2032 2472 precibus
2057 2404 2199 2458 hunc

630 2493 917 2563 eligamus,
961 2502 1015 2546 ut
1060 2495 1232 2549 doctis
1261 2508 1290 2547 a
1342 2493 1451 2549 Deo
1482 2503 1536 2548 et
1571 2493 1638 2548 ab
1666 2495 1755 2548 illo
1781 2495 2091 2563 petentibus
2117 2509 2202 2548 re-

631 2583 771 2638 velet
799 2584 922 2653 quis
959 2585 1186 2640 idoneus
1216 2585 1306 2639 sit.
1340 2587 1650 2654 Assumpsit
1704 2600 1832 2655 ergo
1883 2586 2196 2650 duodecim,

632 2678 1017 2746 descenditque
1064 2693 1185 2732 cum
1237 2677 1343 2731 illis
1373 2678 1441 2732 de
1490 2687 1712 2744 monte;
1766 2687 1824 2734 ut
1864 2693 1956 2734 eos
1993 2681 2084 2748 qui
2134 2694 2201 2734 ex

639 2769 865 2823 urbibus
920 2778 1202 2831 venerant,
1233 2781 1410 2836 sanet,
1439 2777 1493 2824 et
1519 2772 1746 2839 geminis
1772 2770 2047 2825 beneﬁciis
2082 2786 2205 2841 pro-

636 2869 912 2929 sequatur.
945 2860 1208 2913 inanima
1248 2861 1457 2916 scilicet
1497 2878 1559 2917 ac
1593 2877 1841 2931 corpore.
1877 2862 2015 2916 Audi
2059 2865 2201 2918 enim

635 2949 764 3013 quid
812 2951 1001 3004 dicat:
1037 2949 1313 3006 Venerunt
1375 2963 1433 3006 ut
1465 2955 1714 3008 audirent
1759 2969 1906 3016 eum,
1945 2957 2087 3024 quod
2134 2955 2202 3009 ad

635 3041 833 3096 animae
863 3055 1046 3096 curam
1102 3044 1405 3111 pertinebat
1439 3061 1452 3096 :
1493 3055 1547 3098 et
1576 3055 1900 3100 sanarentur
1935 3062 1963 3099 a
2002 3048 2204 3102 morbis

638 3132 769 3199 suis,
797 3133 902 3188 hoc
934 3135 999 3187 de
1041 3136 1360 3205 corporibus
1382 3135 1534 3190 dicit.
1559 3136 1771 3190 Etenin.
1819 3139 1988 3192 virtus
2019 3140 2087 3194 ab
2112 3139 2203 3194 illo

638 3227 1034 3297 egrediebatur,
1062 3240 1117 3282 et
1163 3231 1394 3282 sanabat
1419 3244 1628 3284 omnes.
1667 3229 1799 3284 Nam
1832 3232 2105 3299 propheta:
2150 3241 2202 3286 et

640 3318 730 3372 alii
761 3321 930 3373 sancti
957 3335 1067 3373 non
1097 3321 1368 3374 habebant
1390 3321 1643 3375 virtutem
1671 3335 1701 3375 a
1729 3335 1785 3377 se
1815 3324 2204 3391 egredientem.

639 3411 758 3465 Non
783 3414 927 3467 enim
963 3411 1180 3468 l'uerunt
1214 3413 1316 3482 ipsi
1354 3413 1529 3468 lontes
1558 3413 1835 3468 virtutum.
1863 3414 1931 3468 At
1951 3414 2206 3471 Dominus

643 3506 830 3559 habuit
874 3506 1126 3560 virtutem
1164 3521 1194 3559 a
1237 3522 1295 3559 se
1327 3508 1718 3576 egredientem,
1767 3507 2202 3576 quandoquidem

641 3598 753 3666 ipse
771 3597 889 3652 fons
915 3597 1196 3652 virtutum.
1223 3597 1289 3652 Et
1315 3599 1387 3652 ita
1415 3600 1695 3670 propheta
1728 3615 1790 3655 ac
1832 3600 2007 3654 sancti
2036 3599 2204 3654 virtu-

641 3695 746 3742 tem
773 3701 925 3742 suam
953 3702 1187 3757 superne
1218 3701 1567 3760 acceperunt.

714 3975 884 4031 Vens.
928 3975 1123 4030 20—26.
1159 3994 1178 4026 ι
1220 3974 1283 4031 Et
1325 3977 1440 4045 ipse
1481 3975 1728 4032 attollens
1769 3975 1950 4032 oculos
1992 3991 2120 4032 suos
2153 3977 2204 4032 in

643 4066 933 4136 discipulos
955 4104 970 4130 ,
1001 4066 1217 4122 dicebat
1251 4085 1265 4121 :
1304 4066 1449 4120 Beati
1484 4081 1769 4135 pauperes,
1805 4067 1934 4136 quia
1968 4080 2206 4123 vestrum

643 4165 736 4211 est
778 4173 1000 4227 regnum
1029 4155 1144 4213 Dei.
1180 4155 1327 4212 Beati
1356 4157 1447 4226 qui
1477 4158 1694 4212 esuritis
1718 4173 1879 4222 nunc,
1906 4158 2031 4226 quia
2057 4167 2204 4212 satu-

643 4248 914 4303 rabimini.
946 4248 1092 4302 Beati
1122 4251 1210 4317 qui
1243 4247 1384 4301 ﬂetis
1411 4263 1578 4311 nunc,
1613 4247 1737 4318 quia
1761 4249 2024 4304 ridebitis.
2056 4248 2204 4302 Beati

653 4339 806 4394 eritis
867 4354 986 4394 cum
1025 4353 1120 4393 vos
1162 4340 1376 4394 oderint
1417 4339 1690 4399 homines.
1732 4350 1784 4394 et
1839 4341 2208 4408 separaverint

647 4446 763 4496 vos,
788 4440 842 4484 et
865 4432 1324 4500 exprobraverint,
1356 4440 1409 4484 et
1433 4430 1688 4497 ejeceriut
1734 4446 1928 4485 nomen
1962 4443 2200 4485 vestrum

2295 1944 2560 1998 διδάσκων
2591 1946 2759 2014 ἡμᾶς,
2795 1943 2882 1997 ῑνα
2923 1945 3016 1998 καὶ
3047 1946 3206 2014 ἡμεῖς
3245 1943 3389 1996 οῦτω
3437 1943 3708 2012 ποιῶμεν.
3739 1942 3869 1995 Ἰδοὺ

2295 2036 2426 2105 γοῦν
2460 2036 2669 2107 μέλλων
2713 2035 2994 2103 εὔξασθαι,
3024 2035 3200 2090 άνεισί
3239 2052 3296 2088 τε
3332 2037 3411 2099 εἰς
3445 2037 3590 2106 δρος,
3623 2036 3733 2088 Kal
3762 2035 3870 2104 γάρ

2298 2129 2376 2182 δεῖ
2400 2129 2757 2199 σχολάζοντας
2791 2129 3211 2200 προσεύχεσθαι,
3236 2131 3329 2182 καὶ
3364 2130 3436 2198 μὴ
3463 2130 3523 2180 ἐν
3558 2128 3711 2198 μέσῳ
3743 2127 3872 2181 πολ·-

2299 2220 2427 2285 λῶν,
2462 2220 2598 2275 ἀλλὰ
2635 2222 2730 2273 καὶ
2767 2219 3299 2287 διανυκτερεύοντας,
3330 2218 3405 2288 μὴ
3448 2219 3612 2280 εὐθὺς
3642 2216 3868 2288 ισταμιο

2300 2330 2424 2377 νους
2451 2315 2530 2376 εἰς
2560 2315 2885 2383 προσευχὴν,
2907 2307 3023 2364 εἶτα
3055 2310 3480 2380 ἀφισταμένους.
3506 2310 3662 2362 Μετὰ
3691 2308 3748 2362 δὲ
3777 2309 3873 2378 τὴν

2299 2405 2466 2475 εὐχὴν
2515 2403 2794 2472 ἐκλέγεται
2844 2404 2967 2466 τοὺς
3021 2402 3288 2473 μαθητὰς,
3333 2401 3407 2465 ὡς
3452 2400 3523 2454 ἂν
3557 2400 3746 2472 διδάξῃ
3781 2401 3875 2454 xal

2301 2498 2446 2568 ἡμᾶς
2481 2497 2609 2551 ὅταν
2643 2497 2925 2568 μέλλωμέν
2951 2513 3070 2549 τινα
3099 2499 3177 2558 εἰς
3201 2494 3475 2548 διακονίαν
3508 2494 3683 2548 θεῖναι
3713 2511 3872 2548 πνευ-

2305 2590 2563 2662 ματικὴν,
2604 2589 2741 2662 μετὰ
2765 2592 2933 2660 εὐχῆς
2962 2589 3118 2642 τοῦτο
3142 2588 3439 2660 αἰρετσθαι,
3474 2589 3877 2658 όδηγουμένους

2303 2683 2410 2736 ὑπὸ
2432 2683 2587 2745 Θεοῦ,
2609 2683 2703 2736 καὶ
2727 2682 2857 2751 παρ’
2883 2683 3089 2733 ἐκείνου
3121 2679 3406 2741 αἰτοῦντας
3427 2677 3878 2747 ἀποκαλυφθῆναι

2302 2773 2436 2842 ἡμῖν
2481 2771 2572 2825 τὸν
2601 2771 2847 2840 δόκιμον.
2878 2769 3162 2838 Ἐλόμενος
3203 2769 3260 2822 δὲ
3303 2769 3426 2831 τοὺς
3465 2767 3696 2829 δώδεκα,
3746 2769 3879 2821 κάτ-

2306 2881 2444 2917 εισιν
2493 2864 2558 2917 εκ
2599 2861 2691 2916 τοῦ
2734 2861 2912 2931 ὅρους,
2958 2863 3032 2924 ὼς
3077 2861 3144 2916 ἂν
3184 2860 3310 2924 τοὺς
3359 2861 3465 2913 ἀπὸ
3512 2859 3624 2912 τῶν
3672 2861 3880 2914 πόλεων

2307 2956 2560 3020 ἐλθόντας
2614 2958 2850 3027 ἰάσηται,
2891 2957 2986 3008 καὶ
3032 2953 3234 3017 διπλῶς
3268 2954 3601 3024 εῦεργετήσῃ
3647 2954 3788 3007 κατά
3819 2971 3878 3006 τε

2305 3050 2482 3122 ψυχὴν
2510 3051 2604 3103 καὶ
2629 3049 2765 3102 κατὰ
2797 3048 2978 3118 σῶμα.
3011 3049 3210 3102 ⁸’Δκουε
3239 3047 3368 3119 γὰρ,
3399 3043 3698 3101 δτιἮλθον
3714 3047 3882 3102 suos.

2230 3171 2272 3230 ε
2311 3161 2398 3197 σαι
2437 3143 2621 3209 αὐτοῦ,
2651 3142 2807 3196 τοῦτο
2835 3141 2988 3196 ἔστιν
3036 3142 3068 3212 ἠ
3101 3141 3208 3196 τῶν
3249 3141 3760 3212 ψυχῶνθεραπεία,
3786 3139 3882 3195 καὶ

2309 3232 2524 3302 ἰαθῆναι
2565 3231 2672 3286 ἀπὸ
2708 3232 2817 3285 τῶν
2858 3231 3026 3285 νόσων
3078 3231 3278 3296 αὐτῶν,
3323 3230 3500 3296 τοῦτο,
3549 3233 3583 3301 ή
3632 3231 3745 3284 τῶν
3780 3249 3881 3284 σω-

2309 3325 2516 3395 μάτων·
2555 3325 2785 3396 δύναμις
2823 3325 2932 3396 γὰρ
2977 3325 3104 3396 παρ’
3135 3324 3301 3378 αὐτοῦ
3350 3323 3613 3396 ἐξήρχετο
3641 3327 3734 3379 καὶ
3769 3327 3881 3379 ἰᾶτο

2307 3417 2538 3480 πάντας.
2563 3417 2629 3470 Ol
2660 3417 2759 3487 μὲν
2785 3417 2895 3487 γὰρ
2918 3417 3194 3488 προφῆται
3220 3416 3315 3470 καὶ
3340 3416 3389 3468 οἰ
3416 3416 3569 3469 ἄλλοι
3595 3416 3746 3483 ἃγιοι
3781 3416 3876 3470 οὐκ

2305 3508 2448 3581 εἰχον
2484 3508 2711 3579 δύναμιν
2738 3508 3102 3578 ὲξερχομένην
3134 3507 3228 3560 ἀπ’
3259 3506 3456 3560 αὐτῶν·
3505 3507 3566 3559 οὐ
3599 3507 3711 3577 γὰρ
3743 3501 3881 3576 ἦσαν

2304 3602 2460 3655 αὐτοὶ
2486 3601 2661 3670 πηγαὶ
2689 3601 2990 3669 δυνάμεων.
3041 3598 3099 3652 '0
3126 3597 3182 3651 δὲ
3229 3597 3434 3667 Κύριος
3483 3596 3718 3668 δύναμιν
3743 3595 3880 3665 εἶχεν

2305 3691 2668 3764 ἐξερχομίνην
2720 3691 2814 3744 ἀπ’
2849 3690 3032 3743 αὐτοῦ·
3065 3689 3226 3754 αὐτὸς
3261 3690 3371 3760 γὰρ
3405 3686 3473 3760 ἦν
3515 3691 3551 3761 ἡ
3587 3689 3743 3760 πηγὴ
3790 3691 3882 3759 τῆς

2305 3783 2606 3852 δυνάμεως.
2657 3783 2744 3846 Ὦς
2779 3783 2835 3836 οἴ
2857 3799 2918 3851 γε
2949 3785 3226 3854 προφῆται
3260 3783 3356 3836 καὶ
3392 3783 3439 3835 οἰ
3470 3783 3616 3850 ἆγιοι
3644 3782 3881 3852 ἐδέχοντο

2311 3880 2512 3950 μᾶλλον
2543 3878 2746 3934 ἀνωθεν
2784 3877 3032 3947 δύναμιν.

2388 3993 2405 4025 ι
2437 3973 2548 4027 Καὶ
2594 3972 2754 4036 αὐτὸς
2810 3973 3020 4042 ἐπάρας
3054 3971 3180 4034 τοὺς
3230 3971 3543 4041 ὀφθαλμοὺς
3595 3973 3766 4026 αὐτοῦ
3807 3974 3880 4035 εἰς

2307 4064 2433 4124 τοὺς
2477 4061 2722 4132 μαθητὰς
2772 4061 2960 4124 αὐτοῦ,
2990 4061 3144 4128 ἔλεγε
3174 4077 3188 4091 ο
3235 4061 3518 4131 Μακάριοι
3561 4063 3610 4116 οἰ
3656 4064 3877 4132 πτωχοὶ,

2307 4155 2390 4208 ὅτι
2418 4153 2659 4224 ὑμετέρα
2696 4155 2844 4206 ἐστὶν
2871 4155 2904 4220 ή
2941 4152 3186 4223 βασιλεία
3211 4151 3304 4206 τοῦ
3335 4150 3491 4206 Θεοῦ.
3523 4154 3805 4226 Μακάριοι
3835 4157 3878 4210 οἰ

2309 4245 2587 4306 κλαίοντες
2628 4243 2743 4309 νῦν,
2792 4244 2874 4296 ὅτι
2922 4244 3203 4311 γελάσετε.
3257 4244 3535 4315 Μακάριοι
3585 4246 3712 4300 ἐστε
3760 4250 3880 4303 ὅταν

2313 4339 2614 4408 μισήσωσιν
2645 4337 2789 4406 ὑμᾶς
2811 4338 2860 4389 οἱ
2889 4336 3186 4406 ἄνθρωποι,
3220 4336 3315 4391 καὶ
3343 4337 3688 4407 ἀφορίσωσιν
3721 4341 3877 4410 ὑμᾶς,

2312 4431 2405 4485 καὶ
2430 4431 2750 4497 όνειδίσωσι,
2778 4430 2874 4484 καὶ
2898 4429 3168 4483 εκδάλωσι
3195 4430 3257 4483 τὸ
3286 4429 3455 4501 ὄνομα
3486 4431 3644 4500 ὑμῶν
3680 4433 3760 4496 ὡς
3793 4452 3881 4488 πο-

647 4534 898 4591 tanquam
934 4522 1134 4576 malum
1177 4534 1394 4591 propter
1432 4520 1624 4574 Filium
1662 4522 1911 4575 hominis.
1971 4521 2198 4577 Gaudete

2313 4525 2496 4596 νηρὸν,
2531 4525 2693 4578 ἓνεκα
2741 4524 2835 4577 τοῦ
2889 4521 3019 4576 Υἱοῦ
3066 4522 3160 4577 τοῦ
3194 4524 3505 4594 ἀνθρώπου.
3552 4527 3791 4598 Χαίρετε
3830 4530 3881 4581 ἰν

644 4617 698 4672 in
740 4618 833 4670 illo
868 4616 954 4670 die
991 4625 1046 4669 et
1090 4615 1397 4669 exsultate:
1441 4627 1569 4668 ecce
1600 4615 1742 4667 enim
1781 4629 1990 4669 merces
2027 4626 2207 4670 vestra

645 4707 810 4762 multa
842 4714 924 4760 est
968 4707 1019 4759 iu
1053 4706 1228 4760 caelis.
1264 4705 1568 4758 Secundum
1611 4707 1724 4760 huic
1758 4707 1898 4759 enim
1942 4706 2210 4762 faciebant

646 4798 926 4868 prophetis
945 4805 1128 4864 patres
1163 4810 1370 4850 eorum.
1412 4795 1786 4850 Verumtamen
1830 4813 1906 4851 va!
1946 4799 2094 4853 vobis
2123 4800 2201 4853 di-

644 4891 872 4953 vitibus,
913 4890 1040 4958 quia
1091 4888 1300 4942 babetis
1347 4885 1768 4941 consolationem
1815 4903 2068 4943 vestram.
2117 4888 2210 4946 Va:

647 4982 798 5034 vobis
839 4982 929 5048 qui
980 4980 1208 5033 saturati
1253 4978 1385 5033 estis
1427 4993 1608 5043 nunc,
1639 4979 1763 5047 quia
1807 4981 2078 5035 esurietis.
2125 4984 2210 5036 Va:

647 5072 799 5126 vobis
841 5071 933 5140 qui
979 5071 1164 5124 ridetis
1213 5085 1387 5136 nunc,
1433 5071 1558 5139 quia
1603 5071 1858 5138 lugebit-is
1891 5082 1943 5124 et
1988 5071 2205 5128 ﬂebitis.

646 5163 737 5218 Vae
764 5180 882 5218 cum
916 5161 1250 5215 laudaverint
1279 5176 1370 5215 vos
1397 5177 1584 5216 omnes
1611 5163 1875 5215 homines.
1907 5162 2208 5216 Secundum

650 5258 761 5308 haec
785 5254 926 5308 enim
953 5252 1220 5306 faciebant
1244 5254 1722 5321 pseudoprophetis
1747 5265 1924 5320 patres
1947 5269 2154 5330 eorum.
2186 5274 2203 5306 ι

647 5347 936 5415 Postquam
969 5345 1243 5398 ordinavit
1275 5345 1563 5410 discipulos
1585 5389 1600 5411 ,
1638 5361 1732 5414 per
1770 5346 2127 5402 beatitudines
2160 5358 2213 5403 et

647 5440 917 5494 doctrinas
952 5438 1002 5491 in
1038 5436 1286 5490 ordinem
1323 5437 1493 5507 magis
1529 5438 1864 5505 spiritualem
1909 5439 2113 5496 inducit
2150 5456 2213 5495 ac

648 5531 938 5598 componit.
971 5527 1106 5582 Nam
1135 5529 1201 5582 ad
1229 5527 1348 5582 illos
1377 5542 1437 5582 se
1470 5540 1687 5583 vertens
1713 5545 2020 5585 sermonem
2060 5531 2208 5587 facit.

645 5621 716 5677 Et
743 5622 969 5688 primum
1004 5623 1190 5676 beatos
1221 5621 1355 5675 dicit
1389 5636 1674 5690 pauperes,
1707 5623 1868 5694 312
1891 5625 2004 5678 sive
2038 5627 2214 5679 Immi-

645 5715 725 5769 les
766 5714 1058 5784 intelligere
1094 5717 1367 5781 volueris,
1407 5716 1519 5771 sive
1561 5733 1588 5770 a
1637 5721 1875 5787 pecunia:
1919 5720 2215 5787 cupiditate

652 5805 872 5862 alienus.
911 5807 976 5863 Et
1016 5822 1204 5864 omnes
1235 5807 1599 5866 beatitudines
1641 5810 1957 5881 simpliciter
1987 5809 2212 5882 frugali-

2312 4619 2497 4690 ἐκείνῃ
2524 4620 2589 4687 τῇ
2617 4617 2801 4688 ἡμέρᾳ.
2833 4621 2926 4670 καὶ
2951 4618 3300 4688 σκιρτήσατε.
3345 4617 3472 4670 Ἰδοὺ
3503 4619 3614 4688 γὰρ
3642 4622 3670 4673 ό
3696 4623 3881 4689 μισθὸς

2311 4710 2464 4780 ὑμῶν
2523 4708 2688 4770 πολὺς
2739 4709 2796 4760 εν
2847 4708 2960 4770 τοῖς
3018 4690 3288 4778 οὐρανοῖς.
3347 4707 3503 4761 Κατὰ
3553 4709 3734 4764 ταῦτα
3782 4713 3883 4782 γὰρ

2310 4803 2524 4855 ὲποίουν
2577 4804 2690 4862 τοῖς
2741 4800 3049 4870 προφήταις
3099 4801 3148 4853 οἰ
3199 4799 3434 4869 πατέρες
3480 4800 3684 4855 αὐτῶν.
3742 4803 3881 4872 Πλὴν

2308 4894 2432 4947 οὐαὶ
2475 4895 2602 4964 ὑμῖν
2648 4895 2760 4955 τοῖς
2811 4891 3106 4957 πλουσίοις,
3150 4893 3231 4946 δτι
3275 4894 3506 4962 ἀπέχετε
3557 4893 3660 4964 τὴν
3705 4895 3880 4964 παρά.

2311 4987 2504 5055 κλῆσιν
2545 4984 2716 5055 ὑμῶν.
2739 4985 2876 5038 Οὐαὶ
2897 4984 3046 5054 ὑμῖν,
3083 4985 3132 5037 οἰ
3167 4985 3619 5056 ιμπεπλησμένοι
3655 4986 3776 5052 νῦν,
3805 4989 3879 5041 δτι

2312 5078 2619 5130 πεινάσετε.
2655 5076 2790 5130 Οὐαὶ
2837 5077 2987 5147 ὑμῖν,
3018 5077 3070 5130 οἱ
3105 5077 3374 5145 γελῶντες
3409 5075 3524 5141 νῦν,
3567 5079 3652 5132 ὅτι
3683 5079 3879 5149 πενθή-

2314 5187 2432 5223 σετε
2468 5171 2558 5222 καὶ
2592 5169 2874 5222 κλαύσετε.
2913 5166 3050 5221 υύαλ¹
3081 5168 3210 5221 ὅταν
3262 5169 3441 5231 καλῶς
3494 5170 3641 5241 ὑμᾶς
3687 5173 3878 5226 εἴπωσι

2312 5265 2511 5327 πάντες
2537 5264 2586 5316 οἰ
2621 5262 2916 5332 ἄνθρωποι.
2950 5261 3106 5315 Κατὰ
3153 5260 3325 5315 ταῦτα
3370 5261 3480 5334 γὰρ
3510 5263 3731 5317 ἐποίουν
3774 5265 3876 5326 τοῖς

2309 5355 2777 5428 ψευδοπροφήταις
2798 5354 2847 5405 οἰ
2875 5353 3107 5424 πατέρες
3130 5354 3329 5411 αὐτῶν.
3369 5373 3388 5407 ι
3427 5356 3582 5408 Μετὰ
3609 5355 3672 5409 τὸ
3705 5373 3874 5426 χειρο-

2311 5449 2527 5516 τονῆσαι
2567 5448 2690 5509 τοῦς
2737 5445 3006 5516 μαθητὰς,
3039 5445 3290 5516 ῥυθμίζει
3331 5447 3527 5509 αὐτοὺς
3565 5447 3654 5500 διά
3681 5465 3744 5500 τε
3772 5447 3872 5500 τῶν

2314 5535 2676 5606 μακαρισμὼν
2707 5537 2802 5590 καὶ
2856 5535 2954 5604 τῆς
2999 5536 3344 5599 διδασκαλίας
3387 5541 3466 5600 εἰς
3498 5555 3871 5608 πνευματικω-

2309 5632 2473 5699 τέραν
2504 5632 2857 5684 κατάστασιν.
2901 5630 3044 5700 Πρὸς
3088 5631 3196 5702 γὰρ
3233 5631 3430 5695 αὐτοὺς
3463 5632 3868 5701 ἀποτεινόμενος

2313 5725 2545 5776 ποιεῖται
2597 5723 2687 5776 τὸν
2747 5722 2922 5792 λόγον.
2979 5725 3089 5777 Kal
3142 5726 3356 5796 πρῶτον
3409 5725 3708 5797 μακαρίζει
3757 5723 3868 5786 τοὺς

2315 5817 2587 5885 πτωχοὺς,
2643 5815 2752 5870 εἴτε
2807 5817 2932 5882 τοὺς
2980 5817 3410 5890 ταπεινόφρονας
3461 5815 3677 5888 βούλοιο
3719 5816 3866 5881 mhi,
