4110 6332
236 427 357 489 ’Π3

1005 412 1451 479 ENARRATIO
1484 411 1565 471 IN
1610 402 2114 469 EVANGELIUM
2158 398 2394 463 LUC/E.
2415 420 2479 435 ·-
2501 396 2658 457 CAP.
2689 398 2787 458 VI.

3432 388 3543 456 7'“

246 537 368 591 εἴτε
391 536 517 599 τοὺς
545 535 921 605 ἀφιλάργυρον
969 532 1189 603 ἔχοντας
1234 529 1327 583 τὸν
1368 528 1591 597 τρόπον.
1634 522 1843 587 Ἀπλῶς

1954 527 2117 575 tatem
2158 534 2254 573 nos
2286 524 2481 571 domat
2532 528 2592 568 ac
2631 512 3022 575 humilitatem,
3061 518 3115 565 et
3152 516 3543 578 comtemptum

242 629 312 681 δὲ
343 628 545 691 πάντες
577 629 625 680 οἱ
655 624 1001 698 μακαρισμοὶ
1031 620 1309 675 εὐτέλειαν
1339 619 1488 690 ἡμᾶς
1510 617 1848 680 διδάσκουσι,

245 722 356 775 καὶ
410 722 744 775 ταπείνωσιν
803 720 896 771 καὶ
952 716 1305 780 ὲξουδένωσιν
1367 714 1462 765 καὶ
1516 710 1849 777 ὸνειδισμόν.

247 814 475 885 Ὠσπερ
516 809 609 867 οὖν
638 812 733 865 καὶ
757 811 815 863 τὸ
850 810 987 864 Οὐαὶ
1018 808 1251 869 ἐκείνοις
1275 803 1708 889 ἀποκληροῦται,
1740 801 1853 863 τοῖς

249 923 321 960 τε
358 907 633 968 πλουσίοις
667 905 723 956 ὲν
768 902 846 972 τῷ
888 903 981 956 νῦν
1014 898 1193 963 αἰῶνι,
1245 898 1337 961 οὒς
1376 898 1468 950 καὶ
1490 894 1716 964 ἀπέχειν
1754 892 1853 963 τὴν

250 998 607 1069 παράκλησίν
659 1013 843 1067 φησιν.
918 994 1041 1049 ἀντὶ
1097 992 1192 1045 τοῦ
1236 985 1339 1044 ὦδε
1380 992 1438 1043 ὲν
1493 987 1570 1057 τῷ
1624 986 1853 1057 παρόντι

256 1090 424 1144 αἰῶνι
461 1089 873 1157 ἀπολαμϐάνειν
907 1086 1005 1155 τὴν
1047 1083 1413 1153 εὐφροσύνην,
1462 1080 1556 1133 καὶ
1604 1080 1717 1141 τοῖς
1750 1094 1845 1144 γε·

257 1179 415 1243 λῶσι,
461 1181 553 1233 καὶ
603 1178 874 1251 τρυφῶσι,
927 1177 1017 1229 καὶ
1052 1172 1489 1239 ἐπαινουμένοις.
1536 1168 1846 1239 Φρίξωμεν,

1954 626 2017 667 ac
2050 609 2341 680 opprobria
2374 607 2594 663 ferenda
2626 624 2639 660 :
2674 603 3135 675 quemadmodum
3164 611 3219 657 et
3252 617 3332 657 va:
3364 603 3547 673 dirigit

1952 708 2005 759 in
2036 705 2233 758 divites
2268 700 2427 768 hujus
2464 700 2679 761 saeculi,
2710 712 2848 768 quos
2882 707 2934 750 et
2978 695 3408 752 consolationem
3450 696 3548 751 ba-

1954 798 2081 849 bere
2114 794 2269 857 dicit,
2307 794 2409 846 hoc
2438 800 2543 856 est,
2578 790 2665 843 hic
2694 788 2748 843 in
2779 790 3035 858 praesenti
3072 789 3271 843 seculo
3300 789 3543 844 latitlam

1955 889 2225 955 accipere,
2253 895 2307 939 et
2341 884 2539 949 ridere,
2567 893 2616 936 et
2657 882 2710 935 in
2744 881 2957 936 deliciis
2988 894 3051 935 ac
3092 882 3337 937 laudibus
3366 881 3545 939 claros

1956 980 2156 1033 vivere.
2188 977 2547 1041 Horreamus,
2586 974 2809 1041 fratres,
2842 974 2966 1043 quia
3010 990 3090 1027 vae
3126 974 3324 1029 habent
3346 976 3443 1044 ‘qul
3474 978 3545 1031 ab

1958 1071 2270 1125 hominibus
2301 1068 2615 1122 laudantur.
2645 1065 2812 1120 Decet
2839 1066 3056 1136 quidem
3096 1076 3154 1119 ut
3184 1074 3241 1119 et
3278 1065 3345 1120 ab
3368 1066 3544 1120 homi-

1959 1162 2119 1216 nibus
2147 1162 2453 1223 laudemur,
2481 1160 2575 1216 srd
2606 1161 2754 1229 prius
2782 1173 2811 1211 a
2844 1157 2973 1212 Deo.

254 1273 500 1340 ἀδελφοὶ,
534 1248 654 1335 πῶς
682 1273 741 1324 τὸ
773 1271 908 1325 06al
936 1270 1133 1341 ἔχωσιν
1157 1270 1205 1322 ol
1238 1266 1390 1335 παρὰ
1418 1265 1525 1318 τῶν
1547 1260 1849 1331 ἀνθρώπων
1889 1256 2302 1325 ἐπαινούμενοι.
2367 1256 2459 1307 Δεῖ
2487 1253 2585 1323 μὲν
2640 1254 2753 1321 γὰρ
2789 1253 2884 1305 καί
2914 1252 3065 1321 παρά
3105 1249 3217 1304 τῶν
3240 1248 3547 1322 ἀνθρώπων

256 1364 625 1429 ἐπαινεῖσθαι,
661 1362 794 1417 ἀλλά
816 1363 1084 1436 πρότερον
1114 1362 1222 1414 ἀπὸ
1250 1359 1412 1413 Θεοῦ.

339 1476 358 1510 ι
394 1457 555 1510 Ἀλλὰ
593 1455 722 1527 ὑμῖν
748 1455 890 1523 λέγω
917 1456 1029 1519 τοῖς
1058 1454 1350 1507 ἀκούουσιν
1380 1468 1391 1480 ·
1421 1450 1697 1517 ’Δγαπᾶτε
1719 1447 1846 1509 τοὺς

256 1546 490 1618 ἐχθροὺς
526 1547 701 1617 ὑμῶν.
747 1542 943 1607 Καλῶς
989 1546 1193 1598 ποιεῖτε
1244 1544 1357 1605 τοῖς
1400 1538 1650 1611 μισοῦσιν
1678 1538 1843 1608 ὑμᾶς.

261 1640 549 1710 Εὑλογεῖτε
570 1640 693 1703 τοὺς
716 1636 1141 1711 καταρωμένους
1171 1637 1337 1707 ὑμᾶς,
1356 1637 1449 1689 καὶ
1469 1630 1844 1707 προσεύχεσθε

257 1732 404 1804 ὑπὲρ
435 1731 543 1785 τῶν
582 1730 995 1802 ιπηρεαζόντων
1028 1731 1193 1799 ὑμᾶς.
1238 1726 1331 1798 Τῷ
1364 1725 1624 1780 τύπτοντί
1660 1743 1718 1777 σε
1751 1724 1846 1777 ἐπὶ

2029 1438 2195 1492 Vens.
2226 1433 2418 1491 27-36.
2449 1452 2468 1486 ι
2503 1432 2608 1488 Sed
2633 1432 2787 1487 vobis
2811 1433 2932 1488 dico
2954 1434 3267 1503 qui‘auditis
3292 1452 3306 1489 :
3331 1435 3547 1508 Diliglte

1954 1533 2202 1587 inimicos
2241 1539 2477 1594 vestros,
2528 1527 2829 1582 benefacite
2884 1526 2969 1581 his
3021 1528 3112 1596 qui
3161 1542 3257 1583 vos
3291 1529 3543 1587 oderunt.
3588 1548 3593 1551 ‘

1955 1622 2268 1679 Benedicite
2316 1618 2768 1674 maledicentibus
2810 1618 2964 1671 vobis
2988 1656 3003 1681 ,
3042 1626 3097 1671 et
3141 1629 3296 1674 orate
3325 1634 3423 1690 pro
3454 1635 3546 1676 ca-

1953 1716 2349 1772 lumniantibus
2371 1728 2488 1767 vos.
2516 1712 2847 1767 Percutienti
2874 1720 2925 1763 te
2954 1711 3009 1765 in
3040 1712 3338 1778 maxillam,
3365 1715 3545 1781 praebe

256 1803 654 1897 τὴνίσιαγόνα,
689 1822 901 1895 πάρεχε
942 1823 1035 1877 καὶ
1080 1822 1179 1894 τὴν
1223 1820 1412 1891 ἀλλην,
1462 1820 1557 1874 καὶ
1600 1818 1708 1871 ἀπὸ
1752 1815 1843 1870 τοῦ

1952 1818 2006 1865 et
2031 1808 2292 1862 alteram:
2327 1817 2383 1862 et
2412 1805 2479 1859 ab
2508 1819 2573 1859 eo
2604 1804 2697 1874 qui
2731 1803 2913 1858 aufert
2941 1803 3047 1856 tibi
3084 1804 3341 1873 pallium,
3377 1808 3541 1862 etiam

256 1918 506 1989 αἴροντός
530 1934 623 1972 σου
648 1916 708 1971 τὺ
736 1917 971 1988 ἱμάτιον,
998 1916 1095 1970 καὶ
1120 1914 1213 1969 τὸν
1242 1914 1445 1985 χιτῶνα
1470 1914 1545 1984 μὴ
1567 1911 1839 1981 κωλύσῃς.

260 2008 432 2063 Παντὶ
460 2008 515 2063 δὲ
546 2008 623 2079 τῷ
653 2008 892 2063 αἰτοῦντί
922 2024 980 2061 σε
1010 2006 1177 2063 δίδου.
1205 2006 1314 2060 Καὶ
1342 2006 1448 2059 ἀπὸ
1474 2003 1567 2058 τοῦ
1598 2004 1843 2074 αἴροντος

257 2100 328 2155 τά
366 2101 435 2153 σά
504 2102 577 2171 μὴ
612 2100 853 2155 ἀπαίτει.
889 2100 1000 2153 Kal
1049 2098 1232 2161 καθὼς
1272 2098 1455 2152 Θέλετε
1498 2098 1583 2149 ἵνα
1617 2096 1843 2149 ποιῶσιν

254 2192 390 2261 ὑμῖν
418 2192 465 2243 οί
496 2192 794 2263 ἄνθρωποι,
845 2192 937 2246 καὶ
970 2191 1129 2262 ὑμεῖς
1164 2193 1369 2245 ποιεῖτε
1400 2190 1584 2253 αὐτοῖς
1617 2188 1839 2258 ὁμοίως.

256 2284 371 2339 Καὶ
412 2286 460 2337 εί
507 2286 761 2352 ἀγαπᾶτε
808 2286 933 2348 τοὺς
967 2285 1299 2353 ἀγαπῶντας
1334 2286 1500 2353 ὑμᾶς,
1548 2284 1675 2337 ποία
1716 2282 1844 2351 ὑμῖν

256 2376 420 2447 χάρις
450 2377 565 2431 ὲστί
592 2394 606 2442 ;
641 2378 752 2431 Kal
793 2378 902 2449 γὰρ
928 2378 977 2431 cl
1008 2378 1322 2450 ἁμαρτωλοὶ
1357 2379 1481 2441 τοὺς
1514 2376 1844 2445 ἀγαπῶντας

256 2469 458 2532 αὐτοὺς
490 2468 768 2537 ἀγαπῶσι.
804 2470 913 2523 Kal
956 2469 1052 2522 ἐὰν
1090 2470 1455 2538 ἀγαθοποιῆτε
1487 2470 1611 2530 τοὺς
1640 2466 1843 2534 ἁγαθο-

258 2560 548 2625 ποιοῦντας
584 2564 748 2632 ὑμᾶς,
780 2563 905 2615 ποία
933 2563 1061 2632 ὑμῖν
1118 2563 1278 2633 χάρις
1325 2561 1475 2627 Earl;
1518 2559 1626 2612 Kal
1660 2558 1769 2629 γὰρ
1796 2558 1845 2611 οί

259 2650 582 2722 ἁμαρτωλοὶ
609 2652 668 2705 τὸ
696 2652 828 2706 αὐτὸ
860 2652 1093 2706 ποιοῦσι.
1130 2653 1238 2706 Kal
1282 2652 1375 2705 ἐὰν
1402 2652 1683 2722 δανείζητε
1713 2649 1843 2719 παρ’

257 2739 339 2799 ὦν
370 2744 618 2809 ἐλπίζετε
668 2746 988 2809 ἀπολαϐεῖν,
1026 2745 1153 2797 ποία
1200 2746 1327 2814 ὑμῖν
1362 2746 1518 2815 χάρις
1556 2743 1701 2808 lari;
1736 2745 1845 2795 Kal

259 2837 371 2909 γὰρ
400 2839 446 2892 οί
470 2837 788 2907 ἁμαρτωλοὶ
809 2836 1151 2907 ἁμαρτωλοῖς
1176 2836 1499 2900 δανείζουσι,
1531 2835 1618 2889 ἵνα
1643 2834 1848 2889 ἀπολά-

260 2926 400 2981 6ωσι
448 2929 515 2981 τὰ
572 2930 679 2981 ἴσα.
732 2928 877 2999 Πλὴν
925 2929 1173 2997 ἀγαπᾶτε
1223 2927 1349 2990 τοὺς
1395 2927 1623 2997 ἐχθροὺς
1671 2926 1843 2996 ὑμῶν,

264 3020 358 3073 καὶ
391 3018 794 3086 ἀγαθοποιεῖτε,
842 3021 935 3072 καὶ
967 3018 1260 3083 δανείζετε,
1310 3017 1476 3088 μηδὲν
1520 3014 1847 3080 ἀπελπίζον-

260 3126 374 3173 τες,
404 3110 496 3164 καὶ
519 3110 671 3163 ἔσται
706 3113 733 3164 6
764 3111 956 3181 μισθὸς
987 3110 1142 3181 ὑμῶν
1165 3108 1331 3173 πολύς
1352 3128 1365 3140 ·
1401 3110 1493 3163 καὶ
1523 3108 1708 3161 ἔσεσθε
1739 3108 1844 3161 υίοὶ

261 3202 359 3256 τοῦ
419 3201 699 3271 Ὑψίστου,
741 3202 823 3255 ὅτι
878 3203 1043 3267 αὐτὸς
1087 3202 1323 3271 χρηστός
1373 3202 1517 3253 ἔστιν
1571 3200 1665 3253 ἐπὶ
1714 3201 1839 3263 τοὺς

259 3292 593 3365 ἀχαρίστους
625 3293 719 3347 καὶ
750 3293 1041 3363 πονηρούς.
1080 3292 1300 3345 Γίνεσθε
1337 3287 1431 3345 οὖν
1473 3292 1842 3363 οἰκτίρμονες,

257 3386 443 3449 καθὼς
502 3387 591 3439 καὶ
644 3387 671 3437 6
722 3385 911 3457 Πατὴρ
965 3385 1120 3455 ὑμῶν
1166 3387 1195 3438 6
1245 3385 1494 3453 οὐράνιος
1547 3385 1847 3454 οἰκτίρμων

257 3480 428 3535 ὶστίν.
468 3499 487 3532 ι
536 3480 753 3548 Ἐπειδὴ
792 3499 895 3551 περ
922 3482 970 3534 σί
1002 3480 1289 3534 ἀπόστολοι
1318 3479 1543 3548 ἔμελλον
1580 3478 1845 3550 σταλῆναι

258 3572 353 3623 ἐπὶ
376 3571 437 3623 τὺ
473 3572 757 3642 κήρυγμα,
798 3574 891 3625 καὶ
931 3572 1338 3643 προσεδοκῶντο
1374 3571 1625 3623 ἐντεῦθεν
1654 3570 1846 3624 πολλοὶ

257 3661 445 3725 αὐτοῖς
474 3662 700 3715 διῶκται
728 3662 823 3715 καὶ
844 3663 1116 3715 ἐπίϐουλοι
1136 3676 1151 3691 '
1191 3664 1239 3714 εἰ
1268 3659 1360 3715 οὖν
1394 3663 1484 3713 ἐπὶ
1515 3659 1589 3729 τῷ
1614 3661 1845 3733 διωγμῷ

257 3752 549 3824 ἀχθόμενοι
570 3754 618 3805 οί
644 3753 950 3817 ἀπόστολοι,
972 3749 1091 3807 εἶτα
1115 3753 1358 3815 θέλοντες
1384 3751 1693 3822 ἀμύνασθαι
1716 3754 1844 3817 τοὺς

256 3844 628 3913 λυπήσαντας,
671 3844 933 3913 ἐσίγησαν
965 3844 1060 3897 καὶ
1095 3844 1195 3896 οὐκ
1224 3842 1493 3909 ἐδίδαξαν,
1527 3842 1749 3895 ἔσϐεστο
1776 3842 1844 3897 ἂν

256 3938 287 3989 6
319 3934 412 3988 τοῦ
440 3935 780 4003 Εὑαγγελίου
809 3936 957 4007 ἥλιος
987 3952 1001 3966 ’
1035 3934 1125 3990 διὰ
1158 3934 1317 3988 τοῦτο
1362 3936 1541 3987 τοίνυν
1571 3936 1598 3987 ὁ
1634 3935 1842 4005 Κύριος

258 4029 681 4097 προλαμϐάνων,
729 4030 989 4100 παραινεῖ
1034 4030 1148 4091 τοῖς
1197 4027 1516 4087 ἀποστόλοις
1575 4026 1650 4097 μὴ
1707 4027 1845 4098 πρὸς

256 4119 472 4190 ἄμυναν
500 4122 607 4173 τῶν
645 4120 858 4191 ἐχθρῶν
903 4123 1122 4190 χωρεῖν,
1173 4120 1310 4174 ἀλλὰ
1353 4121 1532 4173 πάντα
1580 4118 1843 4187 γενναίως

258 4214 447 4283 φέρειν
469 4215 536 4266 τὰ
572 4212 956 4281 συμβαίνοντα,
984 4214 1087 4267 κᾶν
1112 4213 1375 4283 ὑϐρίζωσί
1404 4230 1568 4277 τινες,
1589 4213 1691 4266 κᾶν
1719 4214 1844 4266 ἀνο-

258 4306 389 4367 σίως
418 4304 879 4369 ιπιόουλεύωσινχ
910 4303 1053 4357 οὓτω
1098 4306 1193 4356 καὶ
1222 4304 1383 4367 αὐτὸς
1416 4305 1473 4358 ὲν
1506 4303 1584 4373 τῷ
1619 4304 1840 4375 σταυρῷ

258 4395 454 4461 ἐποίει,
485 4394 695 4463 λέγων’
740 4394 942 4463 Πάτερ,
990 4396 1127 4463 ἄφες
1176 4395 1383 4459 αὐτοῖς,
1424 4396 1484 4447 οὐ
1527 4397 1636 4467 γὰρ
1666 4396 1839 4449 οῖδασι

255 4487 310 4539 τί
336 4486 598 4540 ποιοῦσιν.
631 4484 765 4539 Εἶτα
794 4486 880 4538 ἵνα
920 4485 993 4555 μὴ
1025 4485 1221 4555 ἔχωσιν
1263 4487 1437 4539 εἰπεῖν
1464 4487 1513 4539 οί
1553 4487 1840 4540 ἀπόστολοι

1949 1899 2056 1955 noli
2098 1898 2335 1952 tunicam
2379 1895 2695 1967 prohibere.
2732 1893 2893 1948 Omni
2940 1905 3124 1949 autem
3160 1895 3398 1965 exigenti
3444 1897 3540 1950 abs

1950 2002 2027 2055 te,
2071 1990 2288 2045 tribue:
2330 2000 2388 2045 et
2436 1990 2504 2053 ab
2546 2003 2611 2043 eo
2650 1989 2743 2057 qui
2787 1986 2964 2042 aufert
3004 2004 3125 2057 qua
3168 1998 3257 2043 tua
3293 1999 3438 2053 sunt,
3475 2001 3543 2044 ne

1950 2082 2205 2154 reposca's
2238 2103 2249 2137 :
2282 2092 2336 2137 et
2372 2090 2531 2151 prout
2560 2080 2723 2135 vultis
2756 2090 2813 2134 ut
2849 2080 3058 2135 faciant
3082 2080 3235 2135 vobis
3270 2081 3541 2149 homines,

1948 2194 2043 2233 vos
2082 2190 2298 2246 quoque
2328 2173 2491 2229 facile
2534 2174 2638 2227 illis
2679 2173 2955 2227 similiter.
2997 2172 3068 2227 Et
3100 2172 3145 2226 si
3182 2172 3408 2243 diligitis
3443 2187 3539 2228 eos

1945 2268 2038 2338 qui
2076 2283 2170 2322 vos
2200 2267 2450 2337 diligunt,
2477 2279 2598 2335 qua:
2624 2266 2776 2319 vobis
2809 2274 2894 2318 est
2919 2262 3131 2332 gratia?
3156 2262 3297 2318 Nam
3328 2273 3384 2320 et
3411 2278 3513 2336 pec

1948 2371 2163 2417 calores
2185 2376 2280 2415 eos
2304 2376 2333 2413 a
2363 2360 2556 2428 quibus
2579 2358 2897 2429 diliguntur,
2925 2356 3180 2427 diligunt.
3215 2356 3279 2412 Et
3303 2357 3349 2413 sl
3376 2358 3545 2414 bene-

1950 2452 2191 2508 feceritis
2230 2452 2431 2521 bisqui
2474 2452 2627 2505 vobis
2669 2448 3052 2514 benefaclunt,
3108 2463 3229 2518 qua:
3272 2448 3426 2503 vobis
3458 2456 3545 2503 est

1948 2546 2165 2619 gratia?
2208 2544 2486 2616 Siquidem
2530 2553 2585 2599 et
2626 2552 2948 2615 peccatores
2985 2542 3088 2597 hoc
3128 2540 3357 2597 faciunt.
3396 2541 3462 2599 Et
3494 2542 3540 2598 sl

1948 2651 2197 2695 mutuum
2218 2640 2477 2693 dederitis
2507 2637 2588 2692 bis
2614 2651 2644 2689 a
2671 2634 2874 2707 quibus
2902 2635 3139 2706 speratis
3171 2650 3269 2690 vos
3296 2644 3544 2705 receptu-

1951 2746 2060 2795 ros,
2102 2746 2221 2800 qua:
2254 2733 2423 2802 gratia
2454 2741 2540 2786 est
2574 2732 2770 2791 vobis!
2804 2731 2941 2786 Nam
2975 2742 3030 2787 et
3064 2741 3383 2801 peccatores
3418 2746 3545 2802 pec-

1950 2823 2226 2878 catoribus
2252 2822 2383 2877 dant
2404 2834 2675 2889 mutuum,
2703 2829 2761 2876 ut
2786 2822 3057 2892 recipiant
3085 2822 3260 2892 paria.
3286 2821 3545 2887 Quinimo

1950 2916 2159 2988 diligite
2199 2918 2452 2971 inimicos
2486 2926 2725 2984 vestros,
2758 2924 2813 2972 et
2841 2915 3175 2980 benefacite,
3210 2926 3263 2972 et
3295 2923 3542 2971 mutuum

1951 3012 2107 3075 date,
2160 3009 2291 3063 nihil
2339 3009 2464 3063 inde
2507 3018 2835 3079 sperantes:
2874 3017 2931 3064 et
2967 3008 3074 3064 erit
3120 3021 3332 3063 merces
3361 3016 3541 3063 vestra

1955 3105 2152 3166 multa,
2187 3114 2240 3156 et
2283 3102 2440 3158 eritis
2485 3102 2577 3155 lilii
2612 3101 2877 3157 Altissimi
2912 3118 2926 3154 :
2962 3100 3089 3169 quia
3131 3098 3249 3170 ipse
3279 3098 3545 3168 benignus

1949 3208 2033 3254 est
2062 3213 2189 3267 erga
2226 3198 2468 3266 ingratos
2507 3206 2557 3249 et
2594 3195 2791 3248 malos.
2831 3192 3026 3249 Estote
3061 3206 3194 3262 ergo
3229 3190 3545 3245 misericor-

1952 3292 2071 3355 des,
2098 3292 2237 3344 sicut
2263 3303 2315 3343 et
2340 3290 2499 3343 Pater
2528 3297 2711 3341 vester
2738 3286 3051 3341 misericors
3069 3292 3181 3343 est.
3212 3302 3231 3335 ι
3270 3283 3543 3350 Quoniam

1950 3380 2181 3450 apostoli
2206 3383 2270 3434 ad
2291 3378 2693 3449 pra-dicandum
2716 3376 2963 3432 mittendi
2988 3386 3168 3443 erant,
3188 3383 3244 3431 et
3262 3383 3545 3446 exspecta-

1950 3472 2147 3525 bantur
2176 3473 2330 3527 multi
2369 3479 2746 3541 persecutores
2776 3480 2830 3525 et
2858 3470 3207 3524 insidiatores
3238 3487 3255 3524 ε
3296 3468 3343 3524 si
3378 3470 3547 3538 igitur

1951 3564 2179 3632 apostoli
2203 3567 2255 3618 in
2276 3563 2655 3633 persecutione
2668 3577 2765 3618 sua
2784 3562 3048 3627 dolentes,
3073 3562 3137 3617 sd
3157 3559 3540 3617 vindicandum

1950 3671 2045 3712 eos
2074 3658 2163 3727 qui
2198 3673 2256 3712 se
2286 3656 2647 3722 offenderant,
2686 3655 2935 3710 conversi
2977 3654 3231 3721 fuissent,
3261 3654 3547 3709 slluissent

1948 3758 2003 3804 et
2026 3764 2132 3803 non
2149 3749 2483 3813 docuissent,
2506 3748 2811 3803 exstinctus
2839 3748 3026 3817 utique
3046 3745 3240 3801 fuisset
3263 3745 3343 3799 sol
3363 3741 3545 3799 Evan-

1948 3841 2074 3912 gelii
2104 3859 2123 3895 τ
2149 3851 2434 3912 propterea
2462 3840 2721 3897 Dominus
2753 3840 3062 3910 anticipans
3093 3841 3350 3894 admonet
3376 3838 3545 3895 disci-

1948 3935 2103 4005 pulos
2135 3951 2201 3989 ne
2231 3935 2524 3988 vindictam
2557 3935 2622 3988 de
2666 3934 2903 3989 inimicis
2934 3940 3194 3997 sumant,
3237 3932 3339 3985 sed
3360 3930 3544 3987 omnia

1950 4043 2069 4098 qute
2089 4029 2368 4092 eveniunt,
2405 4027 2618 4083 fortiter
2646 4025 2844 4090 ferant,
2874 4026 3125 4097 quamvis
3146 4024 3367 4095 quidam
3399 4025 3544 4092 inju-

1948 4120 2028 4176 ria
2061 4118 2328 4183 alliciant,
2367 4120 2618 4190 quamvis
2656 4118 2961 4186 irraligiose
2993 4118 3355 4183 insidientur;
3399 4118 3545 4171 sicut

1946 4223 2002 4269 et
2028 4214 2142 4283 ipse
2173 4214 2405 4267 iucruce
2433 4210 2685 4276 faciebat,
2713 4210 2938 4266 dicens:
2972 4210 3155 4279 Pater,
3189 4210 3401 4263 dimitte
3424 4209 3540 4277 eis;

1949 4306 2202 4359 nesciunt
2256 4305 2399 4357 enim
2452 4302 2580 4370 quid
2646 4301 2873 4355 faciunt.
2930 4300 3132 4355 Deinde
3188 4314 3255 4355 ne
3311 4300 3539 4369 apostoli

1948 4397 2130 4450 dicere
2161 4394 2371 4463 possint
2396 4393 2737 4463 impossibile
2764 4407 2886 4447 esse
2918 4400 3248 4461 praeceptum
3278 4391 3537 4460 diligendi

1952 4485 2235 4547 inimicos,
2286 4483 2417 4536 dicit
2456 4500 2469 4537 :
2515 4483 2670 4549 Quod
2711 4481 2809 4536 tibi
2862 4484 2946 4537 vis
2975 4481 3125 4546 ﬁeri,
3178 4481 3279 4535 hoc
3320 4491 3377 4536 et
3420 4482 3541 4536 aliis

256 4578 521 4632 ἀδύνατον
564 4574 702 4631 εἶναι
757 4579 817 4629 τὸ
872 4578 1113 4631 τοιοῦτον
1166 4578 1468 4647 ἐπίταγμα,
1506 4578 1567 4630 τὸ
1620 4581 1842 4649 ἀγαπᾷν

1952 4573 2117 4628 facito
2144 4592 2158 4628 :
2189 4583 2241 4627 et
2274 4584 2390 4628 esto
2428 4573 2550 4627 talis
2580 4573 2727 4637 aliis,
2761 4572 2952 4641 quales
2984 4574 3122 4625 alios
3156 4572 3252 4626 tibi
3283 4587 3407 4627 esse
3435 4574 3537 4630 vis.

256 4672 383 4733 τοὺς
416 4670 665 4741 ἐχθροὺς,
696 4669 880 4739 φησὶν,
916 4671 981 4722 Ὀ
1011 4670 1106 4721 ἐὰν
1144 4669 1303 4741 θέλῃς
1347 4672 1411 4723 σὺ
1459 4672 1553 4724 ἐπὶ
1587 4672 1839 4739 σεαυτοῦ,

257 4764 417 4818 τοῦτο
450 4764 681 4830 ἔνδειξαι
713 4765 807 4815 καὶ
850 4766 963 4825 τοῖς
996 4764 1226 4834 ἑτέροις.
1259 4763 1371 4817 Kal
1411 4763 1572 4832 γενοῦ
1600 4764 1840 4829 τοιοῦτος

257 4857 455 4919 ἄλλοις,
493 4857 639 4918 οἴους
670 4856 735 4908 ἂν
772 4856 934 4926 θέλῃς
982 4857 1113 4927 περὶ
1163 4856 1389 4909 σεαυτὸν
1423 4856 1677 4924 γενέσθαι
1724 4856 1842 4910 ἑτέ-

259 4965 406 5019 ρους.
443 4948 501 5001 El
532 4948 631 5015 μὲν
658 4948 927 5018 σκληροὺς
960 4950 1052 5001 καὶ
1080 4948 1426 5018 ἀσυμπαθεῖς
1470 4949 1563 5001 καὶ
1590 4949 1841 5019 ὀργίλους

262 5039 438 5102 θέλεις
468 5036 607 5092 εἶναι
637 5042 760 5104 τοὺς
808 5040 1038 5111 ἐχθρούς
1067 5058 1171 5106 σοι,
1218 5039 1310 5093 ltro
1352 5042 1445 5093 καὶ
1480 5042 1543 5093 σὺ
1573 5042 1838 5109 τοιοῦτος,

263 5134 311 5184 εί
336 5131 389 5183 δὲ
415 5132 725 5184 τούναντίον
753 5132 995 5199 ἀγαθοὺς
1034 5135 1126 5187 καὶ
1157 5135 1463 5202 συμπαθεῖς
1488 5134 1581 5186 καὶ
1606 5134 1842 5205 ἀμνησι-

261 5223 485 5286 κάκους,
529 5225 603 5292 μὴ
639 5224 899 5277 ἀδύνατον
934 5221 1075 5278 εἶναι
1132 5224 1323 5295 νόμιζε
1367 5224 1426 5278 τὸ
1465 5225 1705 5288 τοιοῦτος
1744 5228 1841 5279 καὶ

260 5316 422 5378 αὐτὸς
455 5312 613 5369 εἶναι.
662 5316 823 5387 Ὁρᾷς
856 5316 1019 5386 νόμον
1056 5317 1296 5387 ἔμφυτον
1326 5320 1383 5369 ἑν
1422 5319 1543 5381 ταῖς
1590 5318 1839 5389 καρδίαις

260 5409 417 5480 ήμῶν
466 5409 959 5478 ὲγγεγραμμένον;
993 5410 1149 5463 Οὕτω
1193 5411 1286 5464 καὶ
1328 5414 1355 5464 6
1391 5411 1596 5481 Κύριος
1643 5407 1835 5465 εἶπεν

272 5500 361 5552 Ἐν
391 5503 508 5563 ταῖς
551 5500 790 5570 ἡμέραις
833 5502 1071 5564 ἐκείναις
1120 5501 1297 5566 διδοὺς
1346 5503 1543 5573 νόμους
1590 5521 1713 5573 μου,
1760 5506 1840 5569 είς

258 5590 356 5663 τὴν
384 5591 625 5645 διάνοιαν
656 5593 835 5645 αὐτῶν
860 5592 955 5647 καὶ
989 5594 1080 5647 ἐπὶ
1109 5593 1219 5645 τῶν
1248 5594 1486 5661 καρδιῶν
1510 5595 1690 5647 αὐτῶν
1718 5596 1840 5648 ἑπι-

260 5682 458 5755 γράψω
486 5682 705 5750 αὐτούς,
742 5681 877 5737 Εἶτα
908 5685 1001 5737 καὶ
1047 5683 1215 5754 ἀλλην
1253 5686 1499 5755 ἀνάγκην
1531 5685 1841 5755 επιτίθησιν

259 5777 417 5847 ἡμῖν,
458 5777 539 5830 ὃτι
608 5778 733 5830 Ἐὰν
785 5780 1038 5845 ἀγαπᾶτε
1090 5777 1216 5840 τοὺς
1268 5777 1619 5845 ἀγαπῶντας,
1664 5778 1840 5847 ὅμοιοί

258 5868 379 5921 locs
412 5867 755 5939 ἁμαρτωλοῖς
785 5870 879 5923 καὶ
913 5868 1163 5933 ὲθνικοῖς.
1197 5868 1322 5925 Ἐὰν
1350 5868 1404 5923 δὲ
1436 5872 1684 5939 ἀγαπᾶτε
1714 5873 1839 5931 τοὺς

1953 4666 2009 4721 Si
2054 4667 2271 4736 quidem
2313 4665 2481 4721 duros
2536 4674 2590 4719 et
2637 4664 3091 4733 incompatieutes
3136 4676 3189 4718 et
3244 4664 3540 4721 iracundos

1952 4758 2190 4814 volueris
2223 4773 2349 4813 esse
2380 4757 2475 4811 tibi
2505 4757 2776 4821 inimicos,
2805 4766 2924 4811 esto
2948 4767 3004 4811 et
3032 4766 3089 4810 tu
3121 4756 3263 4819 talis,
3295 4756 3377 4811 sin
3418 4756 3537 4812 illos

1951 4851 2192 4907 volueris
2219 4864 2341 4906 esse
2376 4850 2567 4916 bonos,
2590 4861 2644 4905 et
2668 4850 3091 4919 compatientes,
3124 4858 3178 4904 et
3213 4848 3541 4919 injuriarum

1951 4944 2328 5007 immemores,
2370 4957 2437 4997 ne
2478 4942 2812 5013 impossibile
2841 4944 3034 4999 credas
3063 4958 3187 4998 esse
3224 4945 3367 5012 Quod
3399 4952 3455 4998 et
3485 4954 3537 4996 tu

1954 5035 2075 5090 talis
2108 5036 2226 5090 fias.
2257 5035 2419 5090 Vides
2442 5035 2612 5105 legem
2644 5034 2945 5089 naturalem
2973 5037 3027 5089 in
3052 5036 3307 5090 cordibus
3336 5038 3538 5090 nostris

1951 5117 2411 5197 insc'riptamlSic
2434 5140 2489 5183 et
2508 5127 2773 5183 Dominus
2794 5130 2958 5184 dixit:
2984 5128 3042 5183 In
3063 5130 3251 5185 diebus
3277 5131 3383 5184 illis
3406 5130 3539 5184 dans

1949 5221 2097 5292 leges
2142 5237 2291 5277 meas
2335 5223 2389 5276 in
2436 5232 2673 5277 mentem
2708 5222 2871 5293 313
2901 5224 3136 5287 illorum,
3188 5234 3243 5279 et
3278 5223 3331 5278 in
3375 5226 3537 5279 corda

1950 5315 2162 5369 illorum
2197 5316 2495 5371 inscribam
2543 5331 2659 5370 eas.
2709 5317 2903 5372 Postea
2960 5328 3016 5372 et
3055 5318 3159 5372 alia
3209 5319 3541 5374 necessitate

1950 5422 2048 5461 nos
2085 5419 2260 5477 urget.
2324 5408 2382 5461 Si
2418 5407 2645 5474 diligitis
2680 5423 2775 5464 eos
2812 5409 2902 5477 qui
2942 5410 3097 5465 vobis
3131 5411 3268 5465 bene
3309 5409 3537 5475 faciunt,

1950 5498 2156 5554 similes
2182 5499 2315 5553 estis
2341 5502 2718 5569 peccatoribus
2748 5510 2802 5555 et
2840 5502 3154 5571 gentilibus.
3189 5502 3284 5556 Sin
3314 5501 3539 5573 diligitis

1949 5608 2043 5649 eos
2076 5594 2169 5662 qui
2222 5596 2372 5649 vobis
2414 5594 2799 5659 maleluoiuut,
2839 5594 3047 5650 similes
3087 5592 3219 5649 estis
3256 5590 3404 5659 Deo,
3446 5590 3539 5662 qui

1948 5695 2035 5741 est
2066 5689 2241 5742 bonus
2272 5688 2498 5754 ingratis
2541 5699 2595 5741 et
2639 5687 2815 5743 malis.
2880 5687 3077 5743 Utrum
3123 5686 3287 5757 igitur
3324 5686 3435 5740 Deo
3468 5698 3539 5739 sn

1950 5779 2331 5851 peccatoribus
2390 5780 2597 5836 similes
2649 5782 2764 5834 ﬁeri
2816 5780 3014 5835 vultis?
3072 5778 3233 5834 Vides
3293 5777 3536 5833 divinam

1952 5872 2300 5928 doctrinam?
2334 5871 2575 5929 Primum
2610 5888 2639 5929 a
2668 5872 2901 5931 naturali
2938 5872 3057 5944 lege
3090 5884 3139 5930 te
3162 5871 3367 5928 docuit.
3400 5868 3538 5926 Nam
