4110 6332
643 376 754 442 ’175

1555 358 2132 426 THEOPIIYLACTI
2168 351 2576 418 BULGARL’E
2616 349 2973 412 ARCHIEP.

3808 341 3913 403 7Ἱὸ

648 490 794 560 quod
819 500 870 543 tu
898 488 994 544 tibi
1016 487 1094 542 vis
1124 486 1261 551 lleri,
1295 483 1394 538 hoc
1418 483 1582 538 etiam
1611 479 1767 558 alteri
1797 477 1904 532 fac.
1937 476 2138 531 Deinde
2160 484 2213 527 et

2335 471 2457 540 πρὸς
2491 469 2635 538 ὑμᾶς
2666 465 3156 538 πονηρευομένους,
3185 463 3363 532 ὅμοιοί
3406 462 3534 515 ἐστι
3564 458 3646 530 τῷ
3692 457 3829 528 Θεῷ,
3857 458 3912 519 ὃς

650 599 678 636 a
706 582 809 637 ﬂne
830 598 890 634 ac
915 578 1176 640 mercede,
1221 573 1518 630 mercedem
1547 571 1691 625 enim
1739 569 2021 640 pollicetur
2045 564 2217 627 vobis,

649 670 790 742 quod
819 670 1020 724 similes
1052 667 1191 720 ﬁalis
1222 665 1334 719 liei.

2327 562 2476 615 iactv
2511 559 2714 627 ἀγαθὸς
2761 559 2856 611 ἐπὶ
2904 559 3027 620 τοὺς
3085 557 3414 626 ἀχαρίστους
3472 555 3570 606 καὶ
3618 549 3911 622 πονηρούς.

2325 654 2484 707 Ποῖον
2513 650 2606 706 οὖν
2647 652 2852 714 θέλετε,
2892 653 3065 719 ὅμοιοι
3112 647 3253 702 εἶναι
3302 648 3412 700 τῶν
3461 644 3834 716 ἁμαρτωλῶν,
3879 645 3908 698 ἢ

648 765 822 832 ὅμοιοι
872 757 1011 813 εἶναι
1057 761 1149 813 τοῦ
1197 759 1373 824 Θεοῦ;
1427 759 1589 827 Ὀρᾷς
1629 756 1977 809 διδασκαλίαν
2027 754 2220 817 θείαν;
2263 749 2489 803 Ἐπεισέ
2554 765 2612 801 σε
2679 749 2894 818 πρῶτον
2925 748 3033 801 ἀπὸ
3071 747 3164 800 τοῦ
3203 743 3435 815 φυσικοῦ
3463 743 3653 813 νόμου.
3695 743 3759 793 ⁸0
3801 742 3912 811 γὰρ

650 857 820 918 Θέλεις
870 859 933 908 σὺ
986 854 1237 922 γενέσθαι
1289 870 1391 916 σοι,
1452 852 1610 904 τοῦτο
1667 852 1761 904 καὶ
1816 850 1976 911 αὐτὸς
2030 847 2209 908 ἄλλοις
2248 844 2410 896 ποίει.
2451 839 2582 895 Εἶτα
2627 841 2802 894 πείθει
2845 859 2903 895 σε
2940 842 3033 894 καὶ
3085 840 3193 893 ἀπὸ
3231 838 3325 892 τοῦ
3347 838 3535 901 τέλους
3565 839 3660 890 καὶ
3686 834 3783 888 τοῦ
3817 854 3912 905 με.

650 949 802 1003 σθοῦ·
836 947 1024 1017 μισθὸν
1051 945 1155 1014 γὰρ
1191 945 1533 1012 ὑπισχνεῖται
1567 945 1695 1012 ὑμῖν
1736 941 1796 994 τὸ
1825 938 2042 1010 ὁμοίους
2068 937 2321 1006 γενέσθαι
2350 934 2491 1004 Θεῷ.

722 1036 888 1090 Vens.
949 1035 1135 1090 37-40.
1177 1054 1194 1086 (
1234 1034 1405 1087 Nolite
1433 1035 1693 1099 judicare,
1732 1043 1785 1086 et
1819 1048 1920 1086 non
1947 1030 2219 1096 judicabi-

651 1132 802 1184 tuint.
832 1126 1008 1181 Nolite
1049 1127 1410 1180 condemnare
1433 1165 1446 1187 ,
1483 1132 1537 1177 et
1569 1139 1670 1176 non
1702 1118 2215 1176 comlemnabimini.

652 1221 966 1284 Remittite,
1020 1228 1073 1272 et
1118 1216 1424 1271 remittetur
1475 1216 1647 1268 vobis.
1705 1215 1867 1276 Date,
1913 1225 1965 1264 et
2008 1212 2220 1264 dabitur

650 1314 823 1366 vobis.
862 1313 1164 1365 Mensuram
1193 1310 1386 1362 bonam
1419 1317 1471 1360 et
1499 1305 1796 1360 confertam
1826 1315 1877 1357 et
1904 1319 2217 1356 concussam

654 1414 814 1471 atque
839 1404 1196 1456 exundantem
1222 1402 1417 1453 dabunt
1450 1401 1499 1451 in
1526 1400 1701 1452 sinum
1737 1408 1992 1451 vestrum.
2019 1396 2217 1450 Eadem

655 1496 849 1563 quippe
873 1507 1120 1544 mensura
1156 1506 1258 1558 qua
1297 1490 1579 1552 metimini,
1615 1490 1902 1540 metientur
1927 1486 2012 1538 alii
2047 1489 2218 1538 vobis.

659 1583 871 1638 Dicebat
907 1591 1082 1636 autem
1121 1582 1224 1635 illis
1267 1581 1694 1634 similitudinem.
1743 1577 1993 1645 Nunquid
2046 1585 2220 1644 potest

653 1688 826 1729 caicus
847 1689 1046 1727 cacum
1071 1674 1299 1727 ducere?
1322 1688 1497 1726 nonne
1519 1671 1674 1725 ambo
1698 1671 1748 1723 in
1775 1673 1982 1723 foveam
2005 1668 2223 1722 cadent?

2412 1045 2428 1077 ι
2460 1027 2548 1084 Μὴ
2585 1027 2814 1096 κρίνετε,
2863 1024 2957 1077 καὶ
2991 1024 3052 1076 οὐ
3089 1022 3162 1094 μὴ
3211 1024 3460 1094 κριθῆτε.
3497 1024 3586 1090 Μὴ
3624 1020 3914 1074 καταδικά-

2330 1118 2469 1183 ζετε,
2527 1119 2619 1171 καὶ
2671 1119 2732 1170 οὐ
2798 1117 2872 1188 μὴ
2925 1117 3359 1186 καταδικασθῆτε
3390 1133 3405 1148 ·
3456 1116 3763 1181 ἀπολύετε,
3817 1117 3910 1168 καὶ

2328 1212 2759 1281 ἀπολυθήσεσθε.
2804 1213 3006 1275 Δίδοτε,
3039 1210 3134 1263 καὶ
3181 1209 3469 1279 δοθήσεται
3503 1210 3656 1279 ὑμῖν.
3695 1210 3911 1277 Μέτρον

2330 1304 2491 1356 καλὸν
2514 1305 2898 1372 πεπιεσμένον,
2929 1304 3020 1356 καὶ
3045 1301 3461 1370 σεσαλευμένον,
3485 1300 3578 1352 καὶ
3605 1303 3910 1368 ὑπερεκχυ·

2328 1397 2548 1466 νόμενον
2585 1396 2816 1448 δώσουσι
2842 1400 2919 1458 είς
2943 1395 3034 1448 τὸν
3056 1395 3255 1448 κόλπον
3289 1392 3463 1462 ὑμῶν.
3499 1391 3588 1459 Τῷ
3620 1392 3729 1458 γάρ
3763 1390 3912 1458 αὐτῷ

2333 1491 2517 1558 μέτρῳ
2550 1482 2591 1554 ᾧ
2629 1491 2899 1558 μετρεῖτε,
2932 1486 3464 1556 ἀντιμετρηθήσεται
3500 1485 3651 1553 ὑμῖν.
3691 1477 3826 1533 Eine
3860 1482 3912 1533 δὲ

2328 1583 2423 1632 καὶ
2448 1581 2762 1651 παραϐολὴν
2793 1583 2994 1642 αὐτοῖς.
3032 1579 3120 1650 Μή
3150 1597 3198 1631 τι
3229 1577 3447 1631 δύναται
3487 1577 3680 1646 τυφλὸς
3714 1576 3912 1643 τυφλὸν

2327 1673 2572 1741 όδηγείνς
2606 1673 3056 1742 Οὐχὶοάμφότεροι
3086 1675 3162 1732 εἰς
3189 1671 3409 1741 βόθυνον
3434 1669 3724 1722 πεσοῦνται
3756 1685 3768 1731 ;
3803 1669 3910 1721 Οὐκ

655 1763 769 1818 Non
794 1775 877 1818 est
903 1764 1196 1833 discipulus
1226 1779 1386 1833 supra
1414 1765 1728 1832 magistrum
1758 1777 1938 1824 suum,
1964 1760 2230 1829 perfectus

2335 1765 2448 1818 ἔστι
2487 1765 2736 1835 μαθητὴς
2771 1765 2910 1834 ὑπὲρ
2942 1764 3030 1815 τὸν
3077 1764 3394 1816 διδάσκαλον
3447 1762 3634 1816 αὑτοῦ.
3690 1764 3912 1829 Κατηρ-

657 1865 835 1909 autem
868 1856 1044 1908 omnis
1075 1857 1176 1908 erit
1203 1893 1217 1918 ,
1257 1856 1392 1909 sicut
1429 1857 1688 1925 magister
1724 1856 1906 1924 ipsius.
1950 1874 1966 1904 ι
2000 1853 2225 1908 Omnem

659 1947 905 2000 morbum
938 1943 1202 1999 diﬂicilem
1235 1946 1301 1998 ab
1331 1947 1617 2001 animabus
1657 1948 1855 2000 nostris
1880 1956 2092 1998 amovet
2122 1944 2226 1997 Do-

662 2034 840 2090 minus
863 2074 877 2100 ,
913 2034 1150 2089 radicem
1185 2035 1308 2090 dico
1353 2036 1640 2104 superbiai;
1686 2035 1819 2090 Nam
1850 2037 1940 2106 qui
1989 2036 2227 2102 seipsum

660 2135 764 2179 neu
805 2127 1142 2192 considerat,
1194 2136 1246 2182 et
1292 2125 1467 2181 solum
1549 2127 1778 2181 attendit
1835 2142 1918 2181 res
1967 2127 2220 2196 proximi,

658 2215 888 2287 illasque
911 2227 1097 2272 taxare
1127 2217 1259 2282 vult,
1289 2228 1495 2271 certum
1533 2217 1675 2286 quod
1713 2218 1962 2285 superbia
1995 2218 2224 2286 capitur,

657 2317 714 2365 et
753 2307 1090 2363 obliviscitur
1125 2311 1228 2362 sui.
1271 2301 1502 2362 Oninino
1547 2309 1690 2361 enim
1735 2311 1798 2362 de
1842 2325 1898 2363 se
1944 2313 2082 2376 quod
2121 2324 2226 2364 non

659 2408 847 2469 peCCet
887 2401 1080 2465 sentit,
1131 2411 1186 2454 et
1230 2412 1511 2470 propterea
1552 2401 1686 2456 alios
1725 2414 2006 2470 peceaintcs
2047 2418 2226 2470 repre-

662 2492 867 2546 hendit.
916 2489 1082 2561 igitur
1120 2493 1163 2545 si
1209 2493 1289 2546 vis
1329 2493 1772 2547 incondenmatus
1809 2508 1957 2557 esse,
2004 2513 2068 2548 ne
2097 2509 2226 2548 con-

662 2582 884 2636 dcmnes
909 2582 1065 2636 alios.
1105 2582 1200 2636 Dic
1225 2583 1368 2637 enim
1391 2623 1407 2649 ,
1445 2598 1658 2651 quaeso,
1699 2600 1864 2652 quare
1901 2587 2228 2641 condemnas

659 2671 824 2732 alium
870 2683 926 2725 ut
977 2676 1414 2744 praavaricantem
1459 2675 1676 2730 divinas
1713 2676 1897 2745 leges?
1943 2680 2132 2731 Annon
2175 2687 2228 2732 et

662 2773 719 2818 tu
752 2768 1123 2834 prmaricaris
1154 2768 1392 2821 divinam
1428 2768 1640 2838 legem?
1667 2767 1735 2822 Ut
1774 2777 1980 2823 taceam
2014 2771 2077 2823 de
2109 2770 2230 2824 aliis

662 2856 924 2923 peccatis,
954 2870 1102 2910 certe
1133 2858 1187 2910 in
1222 2858 1309 2911 illo
1339 2858 1457 2928 ipso
1494 2859 1631 2927 quod
1665 2859 1800 2913 aiios
1829 2861 2062 2927 judicas,
2103 2876 2231 2930 pec-

663 2959 757 3000 cas
777 2944 845 3000 ³³.
877 2945 1087 3000 Etenim
1131 2949 1310 3002 divina
1365 2949 1446 3004 lex
1493 2951 1738 3019 pra-cipit
1783 2953 1874 3004 tibi
1919 2967 1986 3004 ne
2020 2952 2231 3019 jmtices

665 3036 906 3090 fratrem.
934 3037 995 3090 Et
1019 3039 1089 3091 ita
1118 3040 1282 3093 etiam
1313 3050 1367 3093 tu
1398 3043 1772 3109 praevaricaris
1801 3044 1992 3112 legem.
2016 3043 2080 3096 Et
2106 3060 2227 3100 cum

664 3128 1044 3198 praevaricator
1076 3145 1163 3196 es,
1196 3147 1301 3187 non
1343 3133 1503 3188 debes
1530 3134 1776 3201 judicare
1807 3136 1967 3188 alium
2000 3145 2056 3189 ut
2088 3151 2227 3205 pra:-
2259 3127 2300 3148 ’³

661 3221 1040 3275 νειιίιιιιιοιίιιη.
1071 3220 1316 3278 iudicem
1345 3225 1492 3279 enim
1518 3229 1851 3296 superiorem
1877 3244 1998 3283 esse
2019 3241 2233 3298 oportet

666 3321 860 3364 natura
899 3323 1170 3380 peccante.
1202 3313 1438 3371 Remitte
1463 3317 1640 3386 igitur,
1673 3328 1728 3373 et
1764 3324 2063 3375 remittetur
2097 3323 2228 3376 tibi:

667 3403 756 3464 da,
789 3413 844 3453 et
872 3399 1086 3455 dabitur
1115 3403 1231 3458 tibi.
1262 3403 1564 3460 Mansuram
1601 3409 1744 3461 enim
1775 3411 1988 3474 bonum,
2022 3412 2233 3466 confer—

667 3501 774 3546 tam
813 3504 869 3548 et
900 3507 1214 3549 concussam
1247 3506 1304 3551 et
1332 3499 1696 3553 exundantem
1737 3502 1938 3554 dabunt
1976 3503 2026 3554 in
2054 3504 2228 3556 sinum

665 3593 926 3637 vestrum.
969 3584 1086 3638 Non
1123 3588 1264 3641 enim
1312 3603 1469 3656 parce
1509 3593 1789 3643 remetitur
1831 3591 2107 3657 Dominus,
2139 3596 2230 3649 sed

668 3674 937 3743 apulente.
983 3679 1343 3753 Sicut.igitur
1386 3696 1672 3736 mensurus
1725 3681 1955 3737 farinam
2005 3688 2229 3754 promis.

668 3767 940 3832 concutis,
971 3756 1350 3838 exundareque
1385 3769 1544 3836 facis,
1579 3759 1842 3840 siquidem
1876 3776 2076 3845 absque
2107 3793 2231 3847 par-

671 3857 907 3911 ciiiionla
938 3860 1113 3913 metiri
1145 3863 1223 3915 vis
1257 3881 1269 3915 :
1307 3863 1378 3940 ita
1409 3874 1462 3917 et
1498 3863 1757 3919 Dominus
1787 3883 2094 3922 mensuram
2123 3886 2238 3924 ma-

670 3963 828 4018 gnam
869 3963 921 4002 et
962 3955 1328 4006 exundantem
1373 3956 1521 4009 dabit
1561 3957 1678 4011 tibi.
1716 3957 1812 4011 Hic
1854 3959 1991 4014 forte
2029 3965 2237 4018 acutior

669 4037 938 4106 quispiam
970 4042 1269 4107 quaesierit,
1308 4044 1578 4112 quomodo
1611 4057 1895 4117 postquam
1933 4052 2088 4120 dixit,
2123 4056 2237 4120 Qua

670 4144 921 4188 mensura
955 4135 1239 4203 metlmini,
1277 4138 1564 4192 metientur
1605 4142 1756 4196 vobis
1786 4152 1839 4196 et
1879 4144 1967 4198 alii
1995 4186 2010 4212 ,
2041 4147 2235 4202 iterum

671 4223 803 4277 dicit
823 4226 966 4294 quod
993 4242 1241 4282 mensura
1266 4231 1540 4285 exundet?
1570 4231 1626 4286 Si
1655 4233 1796 4286 enim
1824 4237 2077 4303 exundet,
2100 4255 2236 4310 quo-

677 4316 835 4369 modo
869 4333 1119 4372 mensura
1149 4321 1261 4375 iure
1291 4323 1477 4376 eadem
1508 4323 1636 4377 est?
1665 4325 1899 4381 Dicimus
1923 4329 2103 4398 itaque
2130 4347 2235 4386 non

676 4419 800 4460 esse
827 4407 1025 4474 dictum
1057 4411 1200 4479 quod
1230 4421 1376 4465 tanta
1409 4428 1658 4468 mensura
1690 4420 1980 4473 metientur
2006 4424 2156 4477 vobis
2178 4435 2229 4478 et

676 4497 788 4562 alii,
822 4501 912 4552 sed
951 4503 1159 4554 eadem.
1201 4503 1474 4572 Siquidem
1511 4507 1736 4562 dixisset
1777 4521 1923 4565 tanta
1959 4529 2230 4582 mensura,

673 4599 802 4645 tunc
848 4607 951 4645 non
995 4595 1255 4648 defuisset
1296 4597 1577 4654 diﬂlcultas
1622 4611 1676 4655 et
1720 4606 2079 4661 contrarietas
2123 4624 2236 4662 ser-

671 4681 840 4734 moni.
880 4682 1032 4736 Nunc
1064 4695 1239 4736 autem
1270 4699 1390 4739 cum
1423 4691 1610 4742 eadem
1652 4693 1875 4758 dixerit,
1917 4695 2075 4750 solvit
2107 4714 2235 4750 con-

675 4773 1031 4826 trarietatem.
1062 4772 1213 4828 Licet
1239 4777 1382 4828 enim
1413 4780 1540 4831 dare
1560 4782 1746 4834 eadem
1780 4799 2053 4850 mensura,
2076 4786 2240 4858 314

674 4859 769 4912 sed
794 4877 896 4914 ιιοιι
942 4873 1108 4917 tanta.
1144 4864 1254 4919 Hoc
1283 4867 1445 4936 igitur
1484 4871 1611 4924 dicit
1643 4875 1894 4928 Dominus
1925 4892 1938 4928 :
1981 4875 2042 4930 Si
2076 4879 2240 4933 bene-

675 4948 892 5015 feceris,
921 4952 1147 5007 beneﬂet
1179 4957 1294 5008 tibi.
1331 4957 1441 5012 lloc
1471 4962 1612 5013 enim
1637 4971 1721 5014 est
1744 4963 1930 5017 eadem
1961 4980 2236 5020 mensura.

676 5042 1050 5099 Exundantem
1079 5057 1254 5102 autem
1289 5050 1450 5115 dicit,
1490 5054 1629 5120 quod
1666 5068 1786 5108 cum
1822 5059 1988 5109 semel
2024 5057 2238 5112 benefe-

676 5138 837 5202 ceris,
869 5138 1167 5193 innumeris
1199 5144 1368 5197 modis
1393 5145 1488 5199 tibi
1519 5145 1768 5202 beneﬁet.
1797 5146 1935 5201 Idem
1969 5159 2050 5203 est
2073 5152 2233 5205 etiam

680 5225 731 5277 in
766 5227 1234 5284 condemnatione.
1276 5234 1376 5298 Qui
1417 5237 1557 5288 enim
1597 5239 1921 5292 condemnat
1959 5250 2014 5293 et
2047 5242 2238 5295 deinde

676 5324 1087 5383 uindeumatur,
1146 5323 1332 5376 eadem
1388 5341 1636 5382 mensura
1688 5331 1928 5397 recipit:
1975 5343 2239 5401 quatenus

683 5418 862 5462 autem
890 5412 1117 5479 amplius
1147 5415 1536 5471 condemnatur
1555 5423 1695 5489 quod
1724 5424 1949 5478 similem
1980 5427 2236 5479 condem-

681 5499 845 5561 narit,
889 5501 938 5552 in
982 5503 1081 5558 ltoc
1121 5509 1398 5560 exundans
1448 5520 1531 5564 est
1577 5530 1849 5568 mensura.
1893 5513 2020 5571 Haec
2059 5526 2236 5571 autem

684 5587 817 5642 dixit
875 5591 1127 5651 Dominus
1177 5613 1206 5652 a
1260 5602 1709 5660 condemnatione
1771 5622 1867 5662 nos
1929 5607 2237 5676 prohibens.

756 5780 799 5815 ³³
847 5779 1000 5840 Rom.
1037 5800 1095 5854 ιι,
1136 5787 1183 5842 l.

2329 1857 2583 1927 τισμένος
2631 1856 2688 1909 δὲ
2739 1857 2845 1918 πᾶς
2892 1855 3043 1908 ἔσται
3094 1856 3167 1915 ὡς
3213 1855 3242 1906 ὁ
3281 1852 3600 1915 διδάσκαλος
3661 1851 3852 1904 αὑτοῦ.
3888 1869 3904 1901 ι

2331 1950 2684 2020 Παγχάλεπον
2711 1949 2923 2017 νόσημα
2953 1947 3247 2016 ἀποτέμνει
3272 1945 3379 1998 τῶν
3409 1944 3698 2014 ἡμετέρων
3725 1943 3912 2012 ψυχῶν

2329 2042 2356 2092 ὁ
2389 2041 2614 2109 Κύριος,
2662 2040 2758 2108 τὴν
2810 2038 2966 2106 ῥίζαν
3014 2037 3156 2105 λέγω
3198 2039 3296 2108 τῆς
3344 2034 3668 2105 ὑπεροψίας.
3709 2034 3771 2086 ὐ
3806 2037 3912 2101 γὰρ

2333 2130 2408 2202 μή
2458 2132 2648 2185 ἑαυτὸν
2695 2131 3182 2200 ἐπισκεπτόμενος,
3234 2130 3369 2183 ἀλλά
3419 2130 3487 2182 τὰ.
3537 2129 3631 2182 τοῦ
3683 2129 3912 2198 πλησίον

2333 2225 2496 2294 μόνον
2520 2221 2753 2292 ἐφορῶν,
2783 2223 2878 2276 καὶ
2911 2221 3083 2275 ταῦτα
3116 2221 3394 2290 μωμεύειν
3421 2219 3611 2282 θέλων,
3649 2219 3913 2291 πρόδηλον

2329 2317 2410 2370 ὃτι
2457 2313 2730 2386 ὑπεροψία
2781 2315 3133 2383 ἁλισκόμενος
3174 2312 3396 2384 λέληθεν
3451 2313 3670 2366 ἑαυτόν.
3723 2313 3911 2367 Distat

2332 2406 2438 2477 γὰρ
2472 2406 2685 2468 πάντως
2719 2407 2846 2476 περὶ
2887 2404 3105 2468 ἑαυτοῦ,
3156 2405 3236 2458 ὅτι
3285 2406 3383 2475 οὐχ
3424 2405 3755 2475 ἁμαρτάνει.
3808 2406 3912 2458 Καὶ

2329 2498 2416 2551 διὰ
2459 2498 2618 2550 τοῦτο
2675 2497 2800 2558 τοὺς
2848 2496 3041 2557 ἄλλους
3090 2497 3504 2566 ἁμαρτάνοντας
3551 2497 3819 2550 αἰτιᾶται.
3855 2496 3912 2547 Ei

2329 2589 2421 2642 οὖν
2451 2589 2625 2652 θέλεις
2655 2589 3020 2659 ἀκατάκριτος
3048 2582 3209 2653 εἶναι,
3237 2588 3312 2658 μὴ
3341 2588 3639 2658 κατακρινε
3668 2588 3909 2657 ἑτέρους.

2331 2681 2466 2732 Είπέ
2500 2696 2588 2750 μοι
2629 2680 2735 2749 γάρ
2771 2678 2913 2731 διατί
2967 2677 3315 2746 κατακρίνεις
3369 2678 3579 2748 ἓτερον,
3623 2677 3700 2740 ὡς
3736 2693 3912 2749 παρα·

2333 2773 2591 2826 ϐαίνοντα
2620 2775 2834 2835 πάντως
2861 2771 2985 2832 τοὺς
3010 2769 3187 2833 θείους
3215 2770 3410 2840 νόμους
3434 2786 3449 2836 ;
3482 2772 3552 2825 Σὺ
3584 2770 3640 2822 δὲ
3663 2773 3827 2834 αὐτὸς
3851 2773 3907 2823 οὗ

2334 2863 2692 2930 παραϐαίνεις
2731 2862 2873 2915 θεῖον
2914 2862 3114 2932 νόμον,
3164 2862 3391 2932 Ἀφίημι
3447 2863 3506 2914 ἐν
3561 2864 3682 2921 ταῖς
3729 2861 3910 2925 ἄλλαις

2333 2955 2647 3024 ἁμαρτίαις,
2687 2955 2803 3006 ἀλλ’
2831 2958 2889 3008 ἐν
2918 2955 3068 3025 αὑτῴ
3093 2954 3269 3025 τούτῳ
3315 2953 3392 3024 τῷ
3423 2955 3634 3024 κρίνειν
3669 2956 3908 3025 ἐτέρους,

2333 3046 2549 3105 πάντως
2581 3046 2689 3116 γάρ
2717 3045 2879 3114 νόμος
2909 3044 3049 3108 θεῖος
3085 3043 3458 3099 διακελεύεται
3489 3061 3569 3096 σοι
3600 3045 3676 3115 μὴ
3704 3046 3909 3114 κρίνειν

2333 3138 2423 3190 τὸν
2457 3137 2706 3206 ἀδελφόν
2744 3136 2884 3190 ὥστε
2912 3136 3005 3190 καὶ
3033 3138 3099 3189 σὺ
3127 3136 3487 3206 παραϐαίνεις
3518 3138 3704 3205 νόμον.
3732 3137 3912 3206 Παρα-

2334 3228 2503 3297 6ἁτης
2529 3228 2585 3281 δὲ
2617 3227 2713 3291 ὢν,
2746 3229 2845 3280 οὐκ
2886 3226 3123 3298 ὀφείλεις
3166 3226 3354 3296 ἕτερον
3388 3227 3595 3295 κρίνειν
3623 3227 3702 3290 ὡς
3747 3243 3907 3298 παρα-

2334 3322 2524 3390 ϐάτην.
2581 3318 2877 3392 Ἀνώτερον
2913 3321 3022 3390 γὰρ
3059 3315 3196 3371 εἶναι
3230 3317 3310 3373 δεῖ
3349 3320 3445 3388 τῆς
3492 3319 3908 3389 ἁμαρτανούσῃ

2334 3412 2550 3480 φύσεως
2593 3412 2682 3466 τὸν
2729 3414 2941 3484 κριτήν.
2985 3412 3212 3464 Ἀπόλυε
3251 3407 3366 3477 οῦν,
3422 3412 3517 3464 καὶ
3568 3411 3903 3481 ἀπολυθήσῃο

2331 3503 2498 3564 δίδου,
2551 3503 2644 3555 καὶ
2690 3501 2976 3572 δοθήσεταί
3028 3518 3133 3558 σοι.
3174 3503 3390 3572 Μέτρον
3425 3504 3533 3570 γάρ
3576 3502 3762 3567 καλὸν,
3815 3521 3904 3554 πεο

2335 3593 2628 3662 πιεσμένον
2667 3595 2760 3646 καὶ
2811 3593 3226 3664 σεσαλευμένον,
3280 3593 3374 3646 καὶ
3404 3594 3903 3664 ὑπερεκχυνόμενον

2335 3681 2599 3736 δώσουσιν
2631 3687 2705 3748 τίς
2743 3684 2834 3737 τὸν
2875 3685 3075 3737 κόλπον
3109 3684 3287 3754 ὑμῶν.
3329 3685 3404 3737 Οὐ
3446 3690 3555 3754 γάρ
3587 3684 3904 3754 φειδομένως

2337 3779 2656 3847 ἀντιμετρεῖ
2693 3779 2722 3830 ὁ
2777 3776 3002 3847 Κύριος,
3058 3775 3195 3829 ἀλλά
3244 3774 3537 3837 πλουσίως.
3572 3773 3786 3846 Ὠσπερ
3820 3771 3904 3830 οὗν

2339 3870 2434 3920 ἐὰν
2473 3869 2670 3940 μέλλῃς
2702 3869 2996 3938 μετρήσειν
3033 3866 3194 3937 τυχὸν
3229 3867 3478 3936 ἄλευρον,
3511 3867 3725 3932 πιέζεις
3761 3867 3903 3920 τοῦτο

2337 3962 2430 4014 καὶ
2464 3959 2730 4023 σαλεύεις,
2762 3959 2855 4012 καὶ
2901 3958 3324 4029 ὑπερεκχεῖσθαι
3365 3961 3563 4024 ποιεῖς,
3601 3958 3717 4027 εῐγε
3742 3958 3902 4020 (illa;

2337 4051 2497 4104 τοῦτο
2532 4051 2800 4120 μετρῆσα;
2847 4049 3019 4119 χωρὶς
3068 4048 3353 4117 φειδωλίας
3379 4065 3391 4078 ·
3441 4047 3586 4104 οὕτω
3620 4051 3718 4104 καὶ
3746 4053 3775 4104 ὀ
3807 4051 3903 4104 Κύ-

2342 4160 2450 4215 ριος
2486 4143 2685 4213 μέτρον
2730 4143 2874 4212 μέγα
2919 4142 3013 4194 καὶ
3055 4141 3560 4212 ὑπερεκχυνόμενον
3605 4143 3770 4197 δώσει
3807 4160 3897 4197 σοι.

2337 4238 2600 4308 Ζητήσειε
2630 4235 2673 4288 δ’
2702 4236 2766 4288 ἄν
2793 4249 2874 4298 τις
2897 4233 3171 4302 ὀξύτερος,
3205 4234 3321 4296 πῶς
3343 4233 3513 4286 εἰπὼν
3538 4235 3620 4287 ὃτι
3641 4228 3713 4304 Ὦ
3736 4237 3901 4306 μέτρῳ

2339 4329 2608 4398 μετρεῖτε,
2663 4323 3195 4395 ἀντιμετρηθήσεται
3232 4324 3382 4394 ὑμῖν,
3432 4324 3594 4378 πάλιν
3635 4324 3808 4395 λέγει,
3831 4327 3900 4379 ὅτι

2341 4417 2535 4486 μέτρον
2587 4416 3093 4486 ὑπερεκχυνόμενον
3140 4414 3403 4468 δώσουσιν
3448 4417 3526 4477 είς
3580 4415 3674 4468 τὸν
3723 4416 3900 4468 κόλπον

2336 4509 2519 4577 ὑμῶν;
2551 4509 2614 4560 Εί
2647 4508 2755 4576 γάρ
2798 4506 3250 4577 ὑπερεκχύνεται,
3303 4506 3422 4568 πῶς
3470 4505 3530 4558 τὸ
3582 4505 3724 4560 αὑτό
3761 4509 3894 4571 im;

2335 4601 2580 4670 Λέγομεν
2601 4599 2691 4652 οὖν
2713 4602 2794 4653 ὃτι
2811 4595 3070 4665 οὺκεῖπε,
3097 4597 3348 4668 Τοσούτῳ
3377 4599 3558 4668 μέτρῳ
3588 4600 3898 4670 ἀντιμετρη·

2338 4693 2562 4762 θήσεται
2592 4692 2743 4761 ὑμῖν,
2774 4691 2932 4756 ἀλλά,
2970 4690 3048 4760 τῷ
3080 4689 3252 4759 αὐτῷ.
3290 4688 3354 4742 Ei
3387 4689 3486 4757 μὲν
3509 4689 3634 4758 ⁸γὰρ
3663 4684 3807 4753 εἷπε,
3828 4705 3898 4742 το-

2341 4783 2514 4854 σούτῳ
2547 4782 2753 4853 μέτρῳ,
2780 4781 2901 4834 τότε
2940 4781 3006 4834 ἂν
3051 4776 3163 4850 εἷχε
3207 4779 3526 4849 δυσχέρειαν
3554 4781 3649 4832 καὶ
3678 4778 3897 4832 ἐναντιό-

2343 4891 2480 4943 τητα
2517 4876 2546 4926 ὁ
2592 4873 2767 4941 λόγος.
2820 4873 2934 4925 Νῦν
2967 4872 3044 4936 δὲ,
3094 4870 3170 4941 τῷ
3215 4871 3364 4940 αῦτῴ
3413 4868 3606 4932 εἰπὼν,
3651 4869 3770 4922 λύει
3818 4870 3897 4939 τήν

2344 4965 2717 5034 ἐναντιότητα.
2756 4964 2909 5017 Ἐστι
2942 4963 3051 5034 γάρ
3089 4962 3286 5016 διδόναι
3323 4961 3400 5032 τῷ
3435 4959 3585 5032 αὐτῷ
3622 4962 3822 5033 μέτρῳ,
3849 4962 3895 5014 οὐ

2348 5058 2452 5127 μὴν
2510 5057 2768 5127 τοσούτῳ.
2831 5054 3005 5108 Τοῦτο
3058 5053 3190 5123 γοῦν
3246 5053 3393 5121 λέγει
3449 5056 3478 5106 ὁ
3541 5053 3788 5124 Κύριος,
3833 5053 3896 5106 ὅτι

2346 5148 2756 5220 Εὑεργέτησας,
2788 5147 3197 5218 εὐεργετηθήσῃ
3232 5143 3392 5198 τοῦτο
3429 5144 3490 5196 τὸ
3536 5143 3671 5197 αὐτὸ
3701 5144 3894 5212 μέτρον.

2341 5243 2414 5295 Τὸ
2445 5243 2499 5295 δὲ
2528 5242 3056 5313 ὑπερεκχυνόμενον,
3090 5239 3172 5291 ὃτι
3213 5239 3584 5309 εὐεργετήσας
3619 5235 3787 5302 απαξ,
3816 5252 3900 5305 μυ·

2346 5335 2674 5407 ριοπλασίως
2728 5332 3160 5405 εὐεργετηθήσῃ.
3217 5328 3290 5384 Τὸ
3339 5330 3473 5384 αὐτὸ
3529 5330 3622 5383 καὶ
3677 5330 3770 5383 ἰπὶ
3816 5327 3895 5395 τῆς

2345 5430 2742 5496 κατακρίσεως.
2782 5426 2840 5479 Ὀ
2868 5425 2973 5495 γὰρ
3008 5422 3372 5494 κατακρίνων,
3417 5417 3541 5475 εἶτα
3593 5419 3894 5488 κατακρινό-

2349 5537 2531 5590 μενος,
2572 5519 2648 5588 τῷ
2675 5518 2823 5588 αὑτῷ
2853 5519 3036 5588 μέτρῳ
3062 5515 3472 5585 ἀντιλαμϐάνει·
3498 5513 3634 5567 καθὸ
3656 5512 3714 5566 δὲ
3740 5513 3892 5564 πλεῖον

2349 5611 2761 5682 κατακρίνεται,
2788 5610 2869 5664 ὃτι
2910 5610 3002 5664 τὸν
3039 5609 3222 5680 ὅμοιον
3254 5606 3567 5678 κατέκρινε,
3600 5605 3740 5659 κατά
3765 5601 3893 5657 τοῦτο
