  <div class='ocr_page' id='page_1' title='image "/cluster/home/n/w/nwhite01/storage/ocr_20150623/123/pst.000005714384/410.png"; bbox 0 0 4110 6332; ppageno 0'>
   <div class='ocr_carea' id='block_1_1' title="bbox 252 381 368 444">
    <p class='ocr_par' dir='ltr' id='par_1_1' title="bbox 252 381 368 444">
     <span class='ocr_line' id='line_1_1' title="bbox 252 381 368 444; baseline 0 0"><span class='ocrx_word' id='word_1_1' title='bbox 252 381 368 444; x_wconf 80' lang='grc' dir='ltr'><strong>ἿΠ</strong></span> 
     </span>
    </p>
   </div>
   <div class='ocr_carea' id='block_1_2' title="bbox 992 378 2748 444">
    <p class='ocr_par' dir='ltr' id='par_1_2' title="bbox 992 378 2748 444">
     <span class='ocr_line' id='line_1_2' title="bbox 992 378 2748 444; baseline -0.003 -3"><span class='ocrx_word' id='word_1_2' title='bbox 992 383 1431 443; x_wconf 76' lang='lat' dir='ltr'><strong>ENAllllATlO</strong></span> <span class='ocrx_word' id='word_1_3' title='bbox 1463 382 1544 444; x_wconf 87' lang='lat' dir='ltr'><strong>IN</strong></span> <span class='ocrx_word' id='word_1_4' title='bbox 1575 381 2073 443; x_wconf 81' lang='lat' dir='ltr'><strong>EVANGELIUM</strong></span> <span class='ocrx_word' id='word_1_5' title='bbox 2096 381 2309 444; x_wconf 67' lang='lat' dir='ltr'><strong>LUCAS</strong></span> <span class='ocrx_word' id='word_1_6' title='bbox 2371 406 2424 416; x_wconf 85' lang='grc'><strong><em>-</em></strong></span> <span class='ocrx_word' id='word_1_7' title='bbox 2455 379 2612 438; x_wconf 70' lang='lat' dir='ltr'><strong>CAP.</strong></span> <span class='ocrx_word' id='word_1_8' title='bbox 2651 378 2748 438; x_wconf 89' lang='lat' dir='ltr'><strong>VI.</strong></span> 
     </span>
    </p>
   </div>
   <div class='ocr_carea' id='block_1_3' title="bbox 3399 374 3505 438">
    <p class='ocr_par' dir='ltr' id='par_1_3' title="bbox 3399 374 3505 438">
     <span class='ocr_line' id='line_1_3' title="bbox 3399 374 3505 438; baseline -0.019 -1"><span class='ocrx_word' id='word_1_9' title='bbox 3399 374 3505 438; x_wconf 74' lang='lat'><strong>773</strong></span> 
     </span>
    </p>
   </div>
   <div class='ocr_carea' id='block_1_4' title="bbox 262 492 1821 568">
    <p class='ocr_par' dir='ltr' id='par_1_4' title="bbox 262 496 1821 568">
     <span class='ocr_line' id='line_1_4' title="bbox 262 496 1821 568; baseline -0.001 -18"><span class='ocrx_word' id='word_1_10' title='bbox 262 497 770 568; x_wconf 79' lang='grc' dir='ltr'>ὖπερεκχυνομενόν</span> <span class='ocrx_word' id='word_1_11' title='bbox 804 501 919 551; x_wconf 81' lang='grc' dir='ltr'>ἐστι</span> <span class='ocrx_word' id='word_1_12' title='bbox 967 498 1027 550; x_wconf 85' lang='grc' dir='ltr'>τὸ</span> <span class='ocrx_word' id='word_1_13' title='bbox 1066 498 1283 566; x_wconf 80' lang='grc' dir='ltr'>μέτρον.</span> <span class='ocrx_word' id='word_1_14' title='bbox 1338 496 1521 549; x_wconf 87' lang='grc' dir='ltr'>Ταῦτα</span> <span class='ocrx_word' id='word_1_15' title='bbox 1561 497 1614 550; x_wconf 78' lang='grc' dir='ltr'>δὲ</span> <span class='ocrx_word' id='word_1_16' title='bbox 1662 498 1821 550; x_wconf 66' lang='grc' dir='ltr'>εἰπὼν</span> 
     </span>
    </p>
   </div>
   <div class='ocr_carea' id='block_1_5' title="bbox 1922 492 3500 568">
    <p class='ocr_par' dir='ltr' id='par_1_5' title="bbox 1938 492 3500 565">
     <span class='ocr_line' id='line_1_5' title="bbox 1938 492 3500 565; baseline -0.003 -15"><span class='ocrx_word' id='word_1_17' title='bbox 1938 495 2075 550; x_wconf 85' lang='lat' dir='ltr'><strong>Dicit</strong></span> <span class='ocrx_word' id='word_1_18' title='bbox 2103 506 2280 551; x_wconf 80' lang='lat' dir='ltr'><strong>autem</strong></span> <span class='ocrx_word' id='word_1_19' title='bbox 2310 505 2360 550; x_wconf 86' lang='lat' dir='ltr'><strong>et</strong></span> <span class='ocrx_word' id='word_1_20' title='bbox 2388 495 2699 565; x_wconf 85' lang='lat' dir='ltr'><strong>parabulam</strong></span> <span class='ocrx_word' id='word_1_21' title='bbox 2730 494 2900 558; x_wconf 84' lang='lat' dir='ltr'><strong>nobis,</strong></span> <span class='ocrx_word' id='word_1_22' title='bbox 2929 492 3028 546; x_wconf 74' lang='lat' dir='ltr'><strong>lioc</strong></span> <span class='ocrx_word' id='word_1_23' title='bbox 3059 500 3143 546; x_wconf 88' lang='lat' dir='ltr'><strong>est</strong></span> <span class='ocrx_word' id='word_1_24' title='bbox 3172 493 3500 558; x_wconf 79' lang='lat' dir='ltr'><strong>exemplum.</strong></span> 
     </span>
    </p>
   </div>
   <div class='ocr_carea' id='block_1_6' title="bbox 260 589 1826 659">
    <p class='ocr_par' dir='ltr' id='par_1_6' title="bbox 260 589 1826 659">
     <span class='ocr_line' id='line_1_6' title="bbox 260 589 1826 659; baseline 0 -17"><span class='ocrx_word' id='word_1_25' title='bbox 260 595 290 642; x_wconf 85' lang='lat'><strong>6</strong></span> <span class='ocrx_word' id='word_1_26' title='bbox 320 589 539 659; x_wconf 78' lang='grc' dir='ltr'>Κύριος,</span> <span class='ocrx_word' id='word_1_27' title='bbox 582 589 674 643; x_wconf 74' lang='grc' dir='ltr'>καὶ</span> <span class='ocrx_word' id='word_1_28' title='bbox 707 589 951 653; x_wconf 67' lang='grc' dir='ltr'>κωλύσας</span> <span class='ocrx_word' id='word_1_29' title='bbox 1005 590 1149 658; x_wconf 78' lang='grc' dir='ltr'>ἡμᾶς</span> <span class='ocrx_word' id='word_1_30' title='bbox 1194 589 1300 643; x_wconf 77' lang='grc' dir='ltr'><strong>ἀπὸ</strong></span> <span class='ocrx_word' id='word_1_31' title='bbox 1338 589 1430 641; x_wconf 78' lang='grc' dir='ltr'><strong>τοῦ</strong></span> <span class='ocrx_word' id='word_1_32' title='bbox 1461 590 1826 658; x_wconf 66' lang='grc' dir='ltr'><strong>κατακρίνειν,</strong></span> 
     </span>
    </p>
   </div>
   <div class='ocr_carea' id='block_1_7' title="bbox 255 681 1828 752">
    <p class='ocr_par' dir='ltr' id='par_1_7' title="bbox 255 681 1828 752">
     <span class='ocr_line' id='line_1_7' title="bbox 255 681 1828 752; baseline 0.003 -22"><span class='ocrx_word' id='word_1_33' title='bbox 255 681 409 748; x_wconf 79' lang='grc' dir='ltr'>λέγει</span> <span class='ocrx_word' id='word_1_34' title='bbox 459 683 551 735; x_wconf 73' lang='grc' dir='ltr'>καὶ</span> <span class='ocrx_word' id='word_1_35' title='bbox 593 682 904 750; x_wconf 77' lang='grc' dir='ltr'>παραϐολὴν</span> <span class='ocrx_word' id='word_1_36' title='bbox 973 683 1129 752; x_wconf 81' lang='grc' dir='ltr'>ἡμῖν,</span> <span class='ocrx_word' id='word_1_37' title='bbox 1185 681 1468 734; x_wconf 78' lang='grc' dir='ltr'>τουτέστιν</span> <span class='ocrx_word' id='word_1_38' title='bbox 1507 682 1828 750; x_wconf 72' lang='grc' dir='ltr'>ὑπόδειγμα.</span> 
     </span>
    </p>
   </div>
   <div class='ocr_carea' id='block_1_8' title="bbox 257 772 1830 843">
    <p class='ocr_par' dir='ltr' id='par_1_8' title="bbox 257 772 1830 843">
     <span class='ocr_line' id='line_1_8' title="bbox 257 772 1830 843; baseline 0.001 -20"><span class='ocrx_word' id='word_1_39' title='bbox 257 773 398 824; x_wconf 79' lang='grc' dir='ltr'><strong>Εἱπέ</strong></span> <span class='ocrx_word' id='word_1_40' title='bbox 435 789 524 842; x_wconf 87' lang='grc' dir='ltr'><strong>μοι</strong></span> <span class='ocrx_word' id='word_1_41' title='bbox 563 774 688 843; x_wconf 76' lang='grc' dir='ltr'>γάρ,</span> <span class='ocrx_word' id='word_1_42' title='bbox 725 775 908 841; x_wconf 64' lang='grc' dir='ltr'>φησιν,</span> <span class='ocrx_word' id='word_1_43' title='bbox 964 775 992 824; x_wconf 98' lang='lat'><strong>6</strong></span> <span class='ocrx_word' id='word_1_44' title='bbox 1037 772 1224 842; x_wconf 75' lang='grc' dir='ltr'>ἕτερον</span> <span class='ocrx_word' id='word_1_45' title='bbox 1270 773 1488 842; x_wconf 81' lang='grc' dir='ltr'>κρίνων,</span> <span class='ocrx_word' id='word_1_46' title='bbox 1531 773 1624 824; x_wconf 74' lang='grc' dir='ltr'><strong>καὶ</strong></span> <span class='ocrx_word' id='word_1_47' title='bbox 1671 772 1830 835; x_wconf 65' lang='grc' dir='ltr'>αὐτὸς</span> 
     </span>
    </p>
   </div>
   <div class='ocr_carea' id='block_1_9' title="bbox 253 862 1829 934">
    <p class='ocr_par' dir='ltr' id='par_1_9' title="bbox 253 862 1829 934">
     <span class='ocr_line' id='line_1_9' title="bbox 253 862 1829 934; baseline 0.001 -19"><span class='ocrx_word' id='word_1_48' title='bbox 253 865 325 915; x_wconf 78' lang='grc' dir='ltr'>τΞι</span> <span class='ocrx_word' id='word_1_49' title='bbox 353 866 491 917; x_wconf 69' lang='grc' dir='ltr'>αὐτὰ</span> <span class='ocrx_word' id='word_1_50' title='bbox 526 866 871 934; x_wconf 80' lang='grc' dir='ltr'>ἁμαρτάνων,</span> <span class='ocrx_word' id='word_1_51' title='bbox 923 865 1020 916; x_wconf 69' lang='grc' dir='ltr'>οὐκ</span> <span class='ocrx_word' id='word_1_52' title='bbox 1063 862 1246 927; x_wconf 81' lang='grc' dir='ltr'>ἔοικας</span> <span class='ocrx_word' id='word_1_53' title='bbox 1281 865 1461 934; x_wconf 74' lang='grc' dir='ltr'>τυφλῷ</span> <span class='ocrx_word' id='word_1_54' title='bbox 1495 865 1692 933; x_wconf 75' lang='grc' dir='ltr'>τυφλὸν</span> <span class='ocrx_word' id='word_1_55' title='bbox 1741 864 1829 916; x_wconf 77' lang='grc' dir='ltr'>ὀδο</span> 
     </span>
    </p>
   </div>
   <div class='ocr_carea' id='block_1_10' title="bbox 254 954 1830 1024">
    <p class='ocr_par' dir='ltr' id='par_1_10' title="bbox 254 954 1830 1024">
     <span class='ocr_line' id='line_1_10' title="bbox 254 954 1830 1024; baseline -0.001 -18"><span class='ocrx_word' id='word_1_56' title='bbox 254 955 512 1023; x_wconf 73' lang='grc' dir='ltr'>ηγοῦντις</span> <span class='ocrx_word' id='word_1_57' title='bbox 564 954 626 1006; x_wconf 77' lang='lat' dir='ltr'><strong>Et</strong></span> <span class='ocrx_word' id='word_1_58' title='bbox 671 956 778 1023; x_wconf 70' lang='grc' dir='ltr'>γὰρ</span> <span class='ocrx_word' id='word_1_59' title='bbox 810 955 897 1006; x_wconf 86' lang='grc' dir='ltr'>τὸν</span> <span class='ocrx_word' id='word_1_60' title='bbox 929 954 1114 1024; x_wconf 73' lang='grc' dir='ltr'>ἕτερον</span> <span class='ocrx_word' id='word_1_61' title='bbox 1150 954 1354 1024; x_wconf 82' lang='grc' dir='ltr'>κρίνεις</span> <span class='ocrx_word' id='word_1_62' title='bbox 1376 996 1389 1020; x_wconf 92' lang='grc'><strong>,</strong></span> <span class='ocrx_word' id='word_1_63' title='bbox 1420 954 1586 1017; x_wconf 76' lang='grc' dir='ltr'>αὐτὸς</span> <span class='ocrx_word' id='word_1_64' title='bbox 1616 956 1670 1007; x_wconf 80' lang='grc' dir='ltr'>δὲ</span> <span class='ocrx_word' id='word_1_65' title='bbox 1719 955 1830 1015; x_wconf 82' lang='grc' dir='ltr'>τοῖς</span> 
     </span>
    </p>
   </div>
   <div class='ocr_carea' id='block_1_11' title="bbox 252 1041 1829 1113">
    <p class='ocr_par' dir='ltr' id='par_1_11' title="bbox 252 1041 1829 1113">
     <span class='ocr_line' id='line_1_11' title="bbox 252 1041 1829 1113; baseline 0 -19"><span class='ocrx_word' id='word_1_66' title='bbox 252 1042 441 1104; x_wconf 82' lang='grc' dir='ltr'>αὐτοῖς</span> <span class='ocrx_word' id='word_1_67' title='bbox 477 1043 854 1113; x_wconf 78' lang='grc' dir='ltr'>περιπίπτεις,</span> <span class='ocrx_word' id='word_1_68' title='bbox 897 1043 1196 1113; x_wconf 78' lang='grc' dir='ltr'>ἀμφότεροι</span> <span class='ocrx_word' id='word_1_69' title='bbox 1243 1041 1474 1111; x_wconf 87' lang='grc' dir='ltr'>τυφλοί·</span> <span class='ocrx_word' id='word_1_70' title='bbox 1511 1044 1604 1095; x_wconf 72' lang='grc' dir='ltr'>καὶ</span> <span class='ocrx_word' id='word_1_71' title='bbox 1654 1043 1829 1105; x_wconf 75' lang='grc' dir='ltr'>δοκεις</span> 
     </span>
    </p>
   </div>
   <div class='ocr_carea' id='block_1_12' title="bbox 256 1134 1827 1204">
    <p class='ocr_par' dir='ltr' id='par_1_12' title="bbox 256 1134 1827 1204">
     <span class='ocr_line' id='line_1_12' title="bbox 256 1134 1827 1204; baseline -0.001 -17"><span class='ocrx_word' id='word_1_72' title='bbox 256 1134 362 1204; x_wconf 82' lang='grc' dir='ltr'>μὲν</span> <span class='ocrx_word' id='word_1_73' title='bbox 408 1134 620 1202; x_wconf 75' lang='grc' dir='ltr'><strong>ὁδηγεῖν</strong></span> <span class='ocrx_word' id='word_1_74' title='bbox 671 1137 876 1187; x_wconf 84' lang='grc' dir='ltr'>ἐκεῖνον</span> <span class='ocrx_word' id='word_1_75' title='bbox 925 1134 1017 1187; x_wconf 76' lang='grc' dir='ltr'><strong>ἐπὶ</strong></span> <span class='ocrx_word' id='word_1_76' title='bbox 1064 1136 1123 1186; x_wconf 78' lang='grc' dir='ltr'>τὸ</span> <span class='ocrx_word' id='word_1_77' title='bbox 1174 1134 1338 1188; x_wconf 76' lang='grc' dir='ltr'>καλὸν</span> <span class='ocrx_word' id='word_1_78' title='bbox 1384 1135 1471 1186; x_wconf 80' lang='grc' dir='ltr'>διὰ</span> <span class='ocrx_word' id='word_1_79' title='bbox 1524 1134 1615 1187; x_wconf 89' lang='grc' dir='ltr'><strong>τοῦ</strong></span> <span class='ocrx_word' id='word_1_80' title='bbox 1653 1151 1827 1187; x_wconf 83' lang='grc' dir='ltr'>κατα-</span> 
     </span>
    </p>
   </div>
   <div class='ocr_carea' id='block_1_13' title="bbox 252 1225 1829 1296">
    <p class='ocr_par' dir='ltr' id='par_1_13' title="bbox 252 1225 1829 1296">
     <span class='ocr_line' id='line_1_13' title="bbox 252 1225 1829 1296; baseline 0.002 -21"><span class='ocrx_word' id='word_1_81' title='bbox 252 1225 485 1295; x_wconf 74' lang='grc' dir='ltr'>κρίνειν,</span> <span class='ocrx_word' id='word_1_82' title='bbox 522 1226 620 1295; x_wconf 72' lang='grc' dir='ltr'><strong>οὐχ</strong></span> <span class='ocrx_word' id='word_1_83' title='bbox 638 1225 851 1296; x_wconf 84' lang='grc' dir='ltr'>ὀδηγεῖς</span> <span class='ocrx_word' id='word_1_84' title='bbox 889 1226 964 1279; x_wconf 82' lang='grc' dir='ltr'>δέ.</span> <span class='ocrx_word' id='word_1_85' title='bbox 1008 1225 1129 1287; x_wconf 79' lang='grc' dir='ltr'><strong>Πῶς</strong></span> <span class='ocrx_word' id='word_1_86' title='bbox 1175 1225 1282 1296; x_wconf 79' lang='grc' dir='ltr'>γάρ</span> <span class='ocrx_word' id='word_1_87' title='bbox 1312 1226 1464 1278; x_wconf 75' lang='grc' dir='ltr'>ἔσται</span> <span class='ocrx_word' id='word_1_88' title='bbox 1502 1227 1706 1287; x_wconf 74' lang='grc' dir='ltr'>ἐκεῖνος</span> <span class='ocrx_word' id='word_1_89' title='bbox 1738 1226 1829 1278; x_wconf 79' lang='grc' dir='ltr'><strong>ἐπὶ</strong></span> 
     </span>
    </p>
   </div>
   <div class='ocr_carea' id='block_1_14' title="bbox 249 1315 1825 1388">
    <p class='ocr_par' dir='ltr' id='par_1_14' title="bbox 249 1315 1825 1388">
     <span class='ocr_line' id='line_1_14' title="bbox 249 1315 1825 1388; baseline 0.001 -22"><span class='ocrx_word' id='word_1_90' title='bbox 249 1317 317 1367; x_wconf 74' lang='grc' dir='ltr'>τὸ</span> <span class='ocrx_word' id='word_1_91' title='bbox 340 1316 503 1368; x_wconf 69' lang='grc' dir='ltr'>καλὸν</span> <span class='ocrx_word' id='word_1_92' title='bbox 543 1317 899 1385; x_wconf 71' lang='grc' dir='ltr'>ὀδηγούμενος</span> <span class='ocrx_word' id='word_1_93' title='bbox 932 1315 1036 1368; x_wconf 74' lang='grc' dir='ltr'><strong>ὑπὸ</strong></span> <span class='ocrx_word' id='word_1_94' title='bbox 1069 1316 1186 1382; x_wconf 81' lang='grc' dir='ltr'>σοῦ,</span> <span class='ocrx_word' id='word_1_95' title='bbox 1223 1317 1350 1370; x_wconf 85' lang='grc' dir='ltr'>ὅταν</span> <span class='ocrx_word' id='word_1_96' title='bbox 1380 1319 1475 1370; x_wconf 70' lang='grc' dir='ltr'>καὶ</span> <span class='ocrx_word' id='word_1_97' title='bbox 1499 1317 1561 1370; x_wconf 81' lang='grc' dir='ltr'>σὺ</span> <span class='ocrx_word' id='word_1_98' title='bbox 1589 1316 1825 1388; x_wconf 72' lang='grc' dir='ltr'>πταίῃςς</span> 
     </span>
    </p>
   </div>
   <div class='ocr_carea' id='block_1_15' title="bbox 253 1403 1828 1475">
    <p class='ocr_par' dir='ltr' id='par_1_15' title="bbox 253 1403 1828 1475">
     <span class='ocr_line' id='line_1_15' title="bbox 253 1403 1828 1475; baseline 0.004 -21"><span class='ocrx_word' id='word_1_99' title='bbox 253 1405 374 1457; x_wconf 76' lang='grc' dir='ltr'><strong>οὐκ</strong></span> <span class='ocrx_word' id='word_1_100' title='bbox 403 1405 518 1458; x_wconf 78' lang='grc' dir='ltr'>ἔστι</span> <span class='ocrx_word' id='word_1_101' title='bbox 547 1405 654 1475; x_wconf 71' lang='grc' dir='ltr'>γὰρ</span> <span class='ocrx_word' id='word_1_102' title='bbox 696 1405 943 1475; x_wconf 81' lang='grc' dir='ltr'>μαθητὴς</span> <span class='ocrx_word' id='word_1_103' title='bbox 983 1405 1122 1475; x_wconf 77' lang='grc' dir='ltr'>ὑπὲρ</span> <span class='ocrx_word' id='word_1_104' title='bbox 1151 1406 1242 1458; x_wconf 82' lang='grc' dir='ltr'><strong>τὸν</strong></span> <span class='ocrx_word' id='word_1_105' title='bbox 1269 1405 1606 1460; x_wconf 85' lang='grc' dir='ltr'>διδάσκαλον.</span> <span class='ocrx_word' id='word_1_106' title='bbox 1640 1406 1700 1460; x_wconf 84' lang='lat' dir='ltr'><strong>El</strong></span> <span class='ocrx_word' id='word_1_107' title='bbox 1735 1403 1828 1460; x_wconf 77' lang='grc' dir='ltr'>οὖν</span> 
     </span>
    </p>
   </div>
   <div class='ocr_carea' id='block_1_16' title="bbox 257 1497 1826 1568">
    <p class='ocr_par' dir='ltr' id='par_1_16' title="bbox 257 1497 1826 1568">
     <span class='ocr_line' id='line_1_16' title="bbox 257 1497 1826 1568; baseline 0.001 -18"><span class='ocrx_word' id='word_1_108' title='bbox 257 1498 327 1550; x_wconf 76' lang='grc' dir='ltr'>σὺ</span> <span class='ocrx_word' id='word_1_109' title='bbox 359 1501 386 1552; x_wconf 86' lang='grc' dir='ltr'><strong>ὀ</strong></span> <span class='ocrx_word' id='word_1_110' title='bbox 415 1497 729 1560; x_wconf 75' lang='grc' dir='ltr'>διδάσκαλος</span> <span class='ocrx_word' id='word_1_111' title='bbox 752 1497 924 1550; x_wconf 80' lang='grc' dir='ltr'>δοκῶν</span> <span class='ocrx_word' id='word_1_112' title='bbox 961 1501 1053 1550; x_wconf 56' lang='grc' dir='ltr'><strong>καὶ⁵</strong></span> <span class='ocrx_word' id='word_1_113' title='bbox 1088 1499 1298 1568; x_wconf 80' lang='grc' dir='ltr'>ὁδηγδς,</span> <span class='ocrx_word' id='word_1_114' title='bbox 1341 1499 1579 1565; x_wconf 85' lang='grc' dir='ltr'>πταίεις,</span> <span class='ocrx_word' id='word_1_115' title='bbox 1609 1499 1826 1561; x_wconf 86' lang='grc' dir='ltr'>πάντως</span> 
     </span>
    </p>
   </div>
   <div class='ocr_carea' id='block_1_17' title="bbox 255 1589 1828 1662">
    <p class='ocr_par' dir='ltr' id='par_1_17' title="bbox 255 1589 1828 1662">
     <span class='ocr_line' id='line_1_17' title="bbox 255 1589 1828 1662; baseline 0.001 -22"><span class='ocrx_word' id='word_1_116' title='bbox 255 1603 360 1640; x_wconf 82' lang='grc' dir='ltr'><strong>που</strong></span> <span class='ocrx_word' id='word_1_117' title='bbox 388 1589 479 1640; x_wconf 74' lang='grc' dir='ltr'>καὶ</span> <span class='ocrx_word' id='word_1_118' title='bbox 506 1590 534 1640; x_wconf 90' lang='lat'><strong>6</strong></span> <span class='ocrx_word' id='word_1_119' title='bbox 582 1589 1019 1658; x_wconf 77' lang='grc' dir='ltr'>μαθητευόμενος</span> <span class='ocrx_word' id='word_1_120' title='bbox 1062 1589 1158 1642; x_wconf 71' lang='grc' dir='ltr'>καὶ</span> <span class='ocrx_word' id='word_1_121' title='bbox 1198 1589 1580 1660; x_wconf 81' lang='grc' dir='ltr'>ὀδηγούμενος.</span> <span class='ocrx_word' id='word_1_122' title='bbox 1618 1591 1681 1644; x_wconf 89' lang='lat'><strong>&#39;0</strong></span> <span class='ocrx_word' id='word_1_123' title='bbox 1720 1591 1828 1662; x_wconf 83' lang='grc' dir='ltr'>γὰρ</span> 
     </span>
    </p>
   </div>
   <div class='ocr_carea' id='block_1_18' title="bbox 249 1679 1826 1752">
    <p class='ocr_par' dir='ltr' id='par_1_18' title="bbox 249 1679 1826 1752">
     <span class='ocr_line' id='line_1_18' title="bbox 249 1679 1826 1752; baseline 0.003 -22"><span class='ocrx_word' id='word_1_124' title='bbox 249 1679 685 1748; x_wconf 74' lang='grc' dir='ltr'>κατηρτισμένος</span> <span class='ocrx_word' id='word_1_125' title='bbox 731 1679 1004 1751; x_wconf 82' lang='grc' dir='ltr'>μαθητὴς,</span> <span class='ocrx_word' id='word_1_126' title='bbox 1081 1679 1328 1733; x_wconf 77' lang='grc' dir='ltr'><strong>τουτέστι</strong></span> <span class='ocrx_word' id='word_1_127' title='bbox 1387 1681 1826 1752; x_wconf 84' lang='grc' dir='ltr'>τετελειωμένος,</span> 
     </span>
    </p>
   </div>
   <div class='ocr_carea' id='block_1_19' title="bbox 246 1769 1827 1844">
    <p class='ocr_par' dir='ltr' id='par_1_19' title="bbox 246 1769 1827 1844">
     <span class='ocr_line' id='line_1_19' title="bbox 246 1769 1827 1844; baseline 0.001 -21"><span class='ocrx_word' id='word_1_128' title='bbox 246 1772 407 1828; x_wconf 61' lang='grc' dir='ltr'>ἔσται</span> <span class='ocrx_word' id='word_1_129' title='bbox 444 1774 518 1840; x_wconf 77' lang='grc' dir='ltr'>ὡς</span> <span class='ocrx_word' id='word_1_130' title='bbox 553 1773 868 1837; x_wconf 80' lang='grc' dir='ltr'>διδάσκαλος</span> <span class='ocrx_word' id='word_1_131' title='bbox 917 1775 1104 1828; x_wconf 70' lang='grc' dir='ltr'>αὑτοῦ.</span> <span class='ocrx_word' id='word_1_132' title='bbox 1155 1774 1337 1828; x_wconf 83' lang='grc' dir='ltr'>Ταῦτα</span> <span class='ocrx_word' id='word_1_133' title='bbox 1387 1769 1508 1828; x_wconf 83' lang='grc' dir='ltr'>εἷπε</span> <span class='ocrx_word' id='word_1_134' title='bbox 1555 1774 1685 1844; x_wconf 82' lang='grc' dir='ltr'>περὶ</span> <span class='ocrx_word' id='word_1_135' title='bbox 1732 1772 1827 1826; x_wconf 87' lang='grc' dir='ltr'><strong>τοῦ</strong></span> 
     </span>
    </p>
   </div>
   <div class='ocr_carea' id='block_1_20' title="bbox 1938 583 3503 657">
    <p class='ocr_par' dir='ltr' id='par_1_20' title="bbox 1938 583 3503 657">
     <span class='ocr_line' id='line_1_20' title="bbox 1938 583 3503 657; baseline -0.001 -18"><span class='ocrx_word' id='word_1_136' title='bbox 1938 588 2028 642; x_wconf 85' lang='lat' dir='ltr'><strong>Dic</strong></span> <span class='ocrx_word' id='word_1_137' title='bbox 2057 589 2219 652; x_wconf 88' lang='lat' dir='ltr'><strong>enim,</strong></span> <span class='ocrx_word' id='word_1_138' title='bbox 2247 604 2450 657; x_wconf 77' lang='lat' dir='ltr'><strong>quaeso,</strong></span> <span class='ocrx_word' id='word_1_139' title='bbox 2479 589 2670 657; x_wconf 84' lang='lat' dir='ltr'><strong>inquit,</strong></span> <span class='ocrx_word' id='word_1_140' title='bbox 2698 601 2872 640; x_wconf 85' lang='lat' dir='ltr'><strong>nonne</strong></span> <span class='ocrx_word' id='word_1_141' title='bbox 2903 585 3129 639; x_wconf 89' lang='lat' dir='ltr'><strong>alterum</strong></span> <span class='ocrx_word' id='word_1_142' title='bbox 3151 583 3421 652; x_wconf 73' lang='lat' dir='ltr'><strong>judicans,</strong></span> <span class='ocrx_word' id='word_1_143' title='bbox 3448 597 3503 640; x_wconf 88' lang='lat' dir='ltr'><strong>et</strong></span> 
     </span>
    </p>
   </div>
   <div class='ocr_carea' id='block_1_21' title="bbox 1936 681 3502 750">
    <p class='ocr_par' dir='ltr' id='par_1_21' title="bbox 1936 681 3502 750">
     <span class='ocr_line' id='line_1_21' title="bbox 1936 681 3502 750; baseline -0.001 -20"><span class='ocrx_word' id='word_1_144' title='bbox 1936 681 2044 746; x_wconf 80' lang='lat' dir='ltr'><strong>ipse</strong></span> <span class='ocrx_word' id='word_1_145' title='bbox 2077 682 2264 735; x_wconf 83' lang='lat' dir='ltr'><strong>cadem</strong></span> <span class='ocrx_word' id='word_1_146' title='bbox 2309 697 2572 750; x_wconf 82' lang='lat' dir='ltr'><strong>peccans,</strong></span> <span class='ocrx_word' id='word_1_147' title='bbox 2615 689 2960 746; x_wconf 80' lang='lat' dir='ltr'><strong>comparatus</strong></span> <span class='ocrx_word' id='word_1_148' title='bbox 3005 693 3064 733; x_wconf 89' lang='lat' dir='ltr'><strong>es</strong></span> <span class='ocrx_word' id='word_1_149' title='bbox 3109 692 3252 732; x_wconf 67' lang='lat' dir='ltr'><strong>caeco</strong></span> <span class='ocrx_word' id='word_1_150' title='bbox 3303 691 3502 730; x_wconf 71' lang='lat' dir='ltr'><strong>caecum</strong></span> 
     </span>
    </p>
   </div>
   <div class='ocr_carea' id='block_1_22' title="bbox 1935 763 3503 836">
    <p class='ocr_par' dir='ltr' id='par_1_22' title="bbox 1935 763 3503 836">
     <span class='ocr_line' id='line_1_22' title="bbox 1935 763 3503 836; baseline -0.003 -13"><span class='ocrx_word' id='word_1_151' title='bbox 1935 769 2189 823; x_wconf 78' lang='lat' dir='ltr'><strong>ducenti?</strong></span> <span class='ocrx_word' id='word_1_152' title='bbox 2246 767 2378 824; x_wconf 86' lang='lat' dir='ltr'><strong>Nam</strong></span> <span class='ocrx_word' id='word_1_153' title='bbox 2437 763 2480 824; x_wconf 80' lang='lat' dir='ltr'><strong>si</strong></span> <span class='ocrx_word' id='word_1_154' title='bbox 2535 772 2694 824; x_wconf 90' lang='lat' dir='ltr'><strong>alium</strong></span> <span class='ocrx_word' id='word_1_155' title='bbox 2759 769 3119 831; x_wconf 88' lang='lat' dir='ltr'><strong>condemnas,</strong></span> <span class='ocrx_word' id='word_1_156' title='bbox 3179 776 3233 822; x_wconf 87' lang='lat' dir='ltr'><strong>et</strong></span> <span class='ocrx_word' id='word_1_157' title='bbox 3285 768 3397 836; x_wconf 88' lang='lat' dir='ltr'><strong>ipse</strong></span> <span class='ocrx_word' id='word_1_158' title='bbox 3449 768 3503 820; x_wconf 88' lang='lat' dir='ltr'><strong>in</strong></span> 
     </span>
    </p>
   </div>
   <div class='ocr_carea' id='block_1_23' title="bbox 1916 859 3503 934">
    <p class='ocr_par' dir='ltr' id='par_1_23' title="bbox 1916 859 3503 934">
     <span class='ocr_line' id='line_1_23' title="bbox 1916 859 3503 934; baseline -0.001 -19"><span class='ocrx_word' id='word_1_159' title='bbox 1916 867 2120 916; x_wconf 81' lang='lat' dir='ltr'><strong>cadem</strong></span> <span class='ocrx_word' id='word_1_160' title='bbox 2157 862 2347 934; x_wconf 80' lang='lat' dir='ltr'><strong>incidis</strong></span> <span class='ocrx_word' id='word_1_161' title='bbox 2378 872 2620 930; x_wconf 84' lang='lat' dir='ltr'><strong>peccata,</strong></span> <span class='ocrx_word' id='word_1_162' title='bbox 2646 861 2862 930; x_wconf 90' lang='lat' dir='ltr'><strong>utrique</strong></span> <span class='ocrx_word' id='word_1_163' title='bbox 2896 862 3026 914; x_wconf 67' lang='lat' dir='ltr'><strong>caeci</strong></span> <span class='ocrx_word' id='word_1_164' title='bbox 3057 859 3189 914; x_wconf 83' lang='lat' dir='ltr'><strong>estis</strong></span> <span class='ocrx_word' id='word_1_165' title='bbox 3215 876 3228 912; x_wconf 93' lang='lat'><strong>:</strong></span> <span class='ocrx_word' id='word_1_166' title='bbox 3268 870 3320 914; x_wconf 92' lang='lat' dir='ltr'><strong>et</strong></span> <span class='ocrx_word' id='word_1_167' title='bbox 3351 859 3503 913; x_wconf 89' lang='lat' dir='ltr'><strong>vide-</strong></span> 
     </span>
    </p>
   </div>
   <div class='ocr_carea' id='block_1_24' title="bbox 1935 945 3504 1022">
    <p class='ocr_par' dir='ltr' id='par_1_24' title="bbox 1935 945 3504 1022">
     <span class='ocr_line' id='line_1_24' title="bbox 1935 945 3504 1022; baseline -0.001 -16"><span class='ocrx_word' id='word_1_168' title='bbox 1935 955 2009 1008; x_wconf 88' lang='lat' dir='ltr'><strong>ris</strong></span> <span class='ocrx_word' id='word_1_169' title='bbox 2052 955 2267 1022; x_wconf 83' lang='lat' dir='ltr'><strong>quidem</strong></span> <span class='ocrx_word' id='word_1_170' title='bbox 2309 945 2382 1008; x_wconf 90' lang='lat' dir='ltr'><strong>illi</strong></span> <span class='ocrx_word' id='word_1_171' title='bbox 2428 953 2534 1008; x_wconf 83' lang='lat' dir='ltr'><strong>dux</strong></span> <span class='ocrx_word' id='word_1_172' title='bbox 2570 968 2696 1009; x_wconf 89' lang='lat' dir='ltr'><strong>esse</strong></span> <span class='ocrx_word' id='word_1_173' title='bbox 2727 957 2794 1008; x_wconf 91' lang='lat' dir='ltr'><strong>ad</strong></span> <span class='ocrx_word' id='word_1_174' title='bbox 2827 956 3058 1016; x_wconf 88' lang='lat' dir='ltr'><strong>bonum,</strong></span> <span class='ocrx_word' id='word_1_175' title='bbox 3093 966 3160 1005; x_wconf 89' lang='lat' dir='ltr'><strong>eo</strong></span> <span class='ocrx_word' id='word_1_176' title='bbox 3194 954 3337 1019; x_wconf 86' lang='lat' dir='ltr'><strong>quod</strong></span> <span class='ocrx_word' id='word_1_177' title='bbox 3373 966 3504 1005; x_wconf 82' lang='lat' dir='ltr'><strong>cou-</strong></span> 
     </span>
    </p>
   </div>
   <div class='ocr_carea' id='block_1_25' title="bbox 1931 1044 3504 1112">
    <p class='ocr_par' dir='ltr' id='par_1_25' title="bbox 1931 1044 3504 1112">
     <span class='ocr_line' id='line_1_25' title="bbox 1931 1044 3504 1112; baseline 0 -13"><span class='ocrx_word' id='word_1_178' title='bbox 1931 1045 2197 1099; x_wconf 89' lang='lat' dir='ltr'><strong>demnas:</strong></span> <span class='ocrx_word' id='word_1_179' title='bbox 2236 1060 2342 1100; x_wconf 90' lang='lat' dir='ltr'><strong>non</strong></span> <span class='ocrx_word' id='word_1_180' title='bbox 2381 1061 2440 1100; x_wconf 85' lang='lat' dir='ltr'><strong>es</strong></span> <span class='ocrx_word' id='word_1_181' title='bbox 2475 1057 2655 1100; x_wconf 87' lang='lat' dir='ltr'><strong>autem</strong></span> <span class='ocrx_word' id='word_1_182' title='bbox 2685 1047 2814 1101; x_wconf 78' lang='lat' dir='ltr'><strong>dux.</strong></span> <span class='ocrx_word' id='word_1_183' title='bbox 2859 1045 3139 1112; x_wconf 80' lang='lat' dir='ltr'><strong>Quomodo</strong></span> <span class='ocrx_word' id='word_1_184' title='bbox 3169 1046 3312 1099; x_wconf 87' lang='lat' dir='ltr'><strong>enim</strong></span> <span class='ocrx_word' id='word_1_185' title='bbox 3357 1044 3444 1098; x_wconf 91' lang='lat' dir='ltr'><strong>ille</strong></span> <span class='ocrx_word' id='word_1_186' title='bbox 3471 1061 3504 1099; x_wconf 87' lang='lat' dir='ltr'><strong>a</strong></span> 
     </span>
    </p>
   </div>
   <div class='ocr_carea' id='block_1_26' title="bbox 1936 1134 3508 1198">
    <p class='ocr_par' dir='ltr' id='par_1_26' title="bbox 1936 1134 3508 1198">
     <span class='ocr_line' id='line_1_26' title="bbox 1936 1134 3508 1198; baseline 0.001 -11"><span class='ocrx_word' id='word_1_187' title='bbox 1936 1144 1986 1187; x_wconf 91' lang='lat' dir='ltr'><strong>te</strong></span> <span class='ocrx_word' id='word_1_188' title='bbox 2012 1137 2077 1188; x_wconf 90' lang='lat' dir='ltr'><strong>ad</strong></span> <span class='ocrx_word' id='word_1_189' title='bbox 2107 1136 2303 1190; x_wconf 88' lang='lat' dir='ltr'><strong>bonum</strong></span> <span class='ocrx_word' id='word_1_190' title='bbox 2333 1137 2634 1198; x_wconf 90' lang='lat' dir='ltr'><strong>inducetur,</strong></span> <span class='ocrx_word' id='word_1_191' title='bbox 2674 1153 2796 1192; x_wconf 87' lang='lat' dir='ltr'><strong>cum</strong></span> <span class='ocrx_word' id='word_1_192' title='bbox 2829 1145 2883 1192; x_wconf 87' lang='lat' dir='ltr'><strong>et</strong></span> <span class='ocrx_word' id='word_1_193' title='bbox 2915 1148 2969 1190; x_wconf 91' lang='lat' dir='ltr'><strong>tu</strong></span> <span class='ocrx_word' id='word_1_194' title='bbox 2999 1135 3242 1190; x_wconf 76' lang='lat' dir='ltr'><strong>labaris?</strong></span> <span class='ocrx_word' id='word_1_195' title='bbox 3271 1134 3392 1189; x_wconf 85' lang='lat' dir='ltr'><strong>Non</strong></span> <span class='ocrx_word' id='word_1_196' title='bbox 3422 1143 3508 1189; x_wconf 61' lang='lat' dir='ltr'><strong>Cet</strong></span> 
     </span>
    </p>
   </div>
   <div class='ocr_carea' id='block_1_27' title="bbox 1929 1227 3503 1299">
    <p class='ocr_par' dir='ltr' id='par_1_27' title="bbox 1929 1227 3503 1299">
     <span class='ocr_line' id='line_1_27' title="bbox 1929 1227 3503 1299; baseline -0.001 -17"><span class='ocrx_word' id='word_1_197' title='bbox 1929 1231 2076 1283; x_wconf 89' lang='lat' dir='ltr'><strong>enim</strong></span> <span class='ocrx_word' id='word_1_198' title='bbox 2125 1229 2423 1298; x_wconf 79' lang='lat' dir='ltr'><strong>discipulus</strong></span> <span class='ocrx_word' id='word_1_199' title='bbox 2471 1245 2636 1299; x_wconf 87' lang='lat' dir='ltr'><strong>super</strong></span> <span class='ocrx_word' id='word_1_200' title='bbox 2686 1230 3004 1299; x_wconf 77' lang='lat' dir='ltr'><strong>magistrum</strong></span> <span class='ocrx_word' id='word_1_201' title='bbox 3043 1228 3106 1281; x_wconf 70' lang='lat'><strong>“.</strong></span> <span class='ocrx_word' id='word_1_202' title='bbox 3148 1227 3204 1282; x_wconf 89' lang='lat' dir='ltr'><strong>Si</strong></span> <span class='ocrx_word' id='word_1_203' title='bbox 3247 1227 3412 1297; x_wconf 79' lang='lat' dir='ltr'><strong>igitur</strong></span> <span class='ocrx_word' id='word_1_204' title='bbox 3449 1239 3503 1280; x_wconf 90' lang='lat' dir='ltr'><strong>tu</strong></span> 
     </span>
    </p>
   </div>
   <div class='ocr_carea' id='block_1_28' title="bbox 1931 1319 3507 1396">
    <p class='ocr_par' dir='ltr' id='par_1_28' title="bbox 1931 1319 3507 1396">
     <span class='ocr_line' id='line_1_28' title="bbox 1931 1319 3507 1396; baseline 0.001 -26"><span class='ocrx_word' id='word_1_205' title='bbox 1931 1319 2021 1387; x_wconf 86' lang='lat' dir='ltr'><strong>qui</strong></span> <span class='ocrx_word' id='word_1_206' title='bbox 2056 1319 2256 1396; x_wconf 85' lang='lat' dir='ltr'><strong>videris</strong></span> <span class='ocrx_word' id='word_1_207' title='bbox 2290 1335 2410 1376; x_wconf 85' lang='lat' dir='ltr'><strong>esse</strong></span> <span class='ocrx_word' id='word_1_208' title='bbox 2446 1322 2704 1390; x_wconf 78' lang='lat' dir='ltr'><strong>magister</strong></span> <span class='ocrx_word' id='word_1_209' title='bbox 2735 1331 2790 1374; x_wconf 89' lang='lat' dir='ltr'><strong>ct</strong></span> <span class='ocrx_word' id='word_1_210' title='bbox 2819 1323 2945 1388; x_wconf 78' lang='lat' dir='ltr'><strong>dux,</strong></span> <span class='ocrx_word' id='word_1_211' title='bbox 2978 1320 3180 1375; x_wconf 79' lang='lat' dir='ltr'><strong>laberis</strong></span> <span class='ocrx_word' id='word_1_212' title='bbox 3207 1337 3221 1374; x_wconf 87' lang='lat'><strong>:</strong></span> <span class='ocrx_word' id='word_1_213' title='bbox 3254 1319 3507 1373; x_wconf 80' lang='lat' dir='ltr'><strong>Omnibus</strong></span> 
     </span>
    </p>
   </div>
   <div class='ocr_carea' id='block_1_29' title="bbox 1932 1409 3507 1481">
    <p class='ocr_par' dir='ltr' id='par_1_29' title="bbox 1932 1409 3507 1481">
     <span class='ocr_line' id='line_1_29' title="bbox 1932 1409 3507 1481; baseline -0.001 -19"><span class='ocrx_word' id='word_1_214' title='bbox 1932 1409 2108 1465; x_wconf 88' lang='lat' dir='ltr'><strong>modis</strong></span> <span class='ocrx_word' id='word_1_215' title='bbox 2133 1413 2291 1466; x_wconf 85' lang='lat' dir='ltr'><strong>cadet</strong></span> <span class='ocrx_word' id='word_1_216' title='bbox 2325 1412 2486 1466; x_wconf 89' lang='lat' dir='ltr'><strong>etiam</strong></span> <span class='ocrx_word' id='word_1_217' title='bbox 2516 1414 2608 1481; x_wconf 87' lang='lat' dir='ltr'><strong>qui</strong></span> <span class='ocrx_word' id='word_1_218' title='bbox 2637 1414 2860 1468; x_wconf 91' lang='lat' dir='ltr'><strong>docetur</strong></span> <span class='ocrx_word' id='word_1_219' title='bbox 2883 1428 2946 1466; x_wconf 90' lang='lat' dir='ltr'><strong>ac</strong></span> <span class='ocrx_word' id='word_1_220' title='bbox 2976 1410 3215 1466; x_wconf 88' lang='lat' dir='ltr'><strong>ducitur.</strong></span> <span class='ocrx_word' id='word_1_221' title='bbox 3244 1409 3507 1465; x_wconf 87' lang='lat' dir='ltr'><strong>Elabora-</strong></span> 
     </span>
    </p>
   </div>
   <div class='ocr_carea' id='block_1_30' title="bbox 1932 1502 3510 1574">
    <p class='ocr_par' dir='ltr' id='par_1_30' title="bbox 1932 1502 3510 1574">
     <span class='ocr_line' id='line_1_30' title="bbox 1932 1502 3510 1574; baseline -0.002 -19"><span class='ocrx_word' id='word_1_222' title='bbox 1932 1513 2017 1556; x_wconf 90' lang='lat' dir='ltr'><strong>tus</strong></span> <span class='ocrx_word' id='word_1_223' title='bbox 2066 1503 2211 1558; x_wconf 85' lang='lat' dir='ltr'><strong>enim</strong></span> <span class='ocrx_word' id='word_1_224' title='bbox 2243 1503 2579 1574; x_wconf 86' lang='lat' dir='ltr'><strong>discipulus,</strong></span> <span class='ocrx_word' id='word_1_225' title='bbox 2616 1505 2720 1560; x_wconf 79' lang='lat' dir='ltr'><strong>lioc</strong></span> <span class='ocrx_word' id='word_1_226' title='bbox 2760 1515 2843 1559; x_wconf 87' lang='lat' dir='ltr'><strong>est</strong></span> <span class='ocrx_word' id='word_1_227' title='bbox 2875 1503 3181 1574; x_wconf 75' lang='lat' dir='ltr'><strong>perfectus,</strong></span> <span class='ocrx_word' id='word_1_228' title='bbox 3230 1502 3335 1556; x_wconf 90' lang='lat' dir='ltr'><strong>erit</strong></span> <span class='ocrx_word' id='word_1_229' title='bbox 3368 1503 3510 1555; x_wconf 81' lang='lat' dir='ltr'><strong>sicut</strong></span> 
     </span>
    </p>
   </div>
   <div class='ocr_carea' id='block_1_31' title="bbox 1931 1594 3510 1666">
    <p class='ocr_par' dir='ltr' id='par_1_31' title="bbox 1931 1594 3510 1666">
     <span class='ocr_line' id='line_1_31' title="bbox 1931 1594 3510 1666; baseline -0.001 -20"><span class='ocrx_word' id='word_1_230' title='bbox 1931 1594 2192 1663; x_wconf 80' lang='lat' dir='ltr'><strong>magister</strong></span> <span class='ocrx_word' id='word_1_231' title='bbox 2220 1597 2354 1666; x_wconf 89' lang='lat' dir='ltr'><strong>ejus.</strong></span> <span class='ocrx_word' id='word_1_232' title='bbox 2385 1596 2512 1652; x_wconf 82' lang='lat' dir='ltr'><strong>llaec</strong></span> <span class='ocrx_word' id='word_1_233' title='bbox 2544 1598 2679 1652; x_wconf 82' lang='lat' dir='ltr'><strong>dicit</strong></span> <span class='ocrx_word' id='word_1_234' title='bbox 2704 1598 2864 1651; x_wconf 86' lang='lat' dir='ltr'><strong>etiam</strong></span> <span class='ocrx_word' id='word_1_235' title='bbox 2899 1606 2956 1650; x_wconf 92' lang='lat' dir='ltr'><strong>ut</strong></span> <span class='ocrx_word' id='word_1_236' title='bbox 2991 1612 3059 1652; x_wconf 87' lang='lat' dir='ltr'><strong>ne</strong></span> <span class='ocrx_word' id='word_1_237' title='bbox 3080 1595 3510 1651; x_wconf 81' lang='lat' dir='ltr'><strong>condemnemur</strong></span> 
     </span>
    </p>
   </div>
   <div class='ocr_carea' id='block_1_32' title="bbox 1934 1684 3505 1756">
    <p class='ocr_par' dir='ltr' id='par_1_32' title="bbox 1934 1684 3505 1756">
     <span class='ocr_line' id='line_1_32' title="bbox 1934 1684 3505 1756; baseline 0 -21"><span class='ocrx_word' id='word_1_238' title='bbox 1934 1684 1984 1736; x_wconf 76' lang='grc' dir='ltr'><strong>1ιί</strong></span> <span class='ocrx_word' id='word_1_239' title='bbox 2012 1685 2100 1752; x_wconf 92' lang='lat' dir='ltr'><strong>qui</strong></span> <span class='ocrx_word' id='word_1_240' title='bbox 2129 1697 2252 1741; x_wconf 89' lang='lat' dir='ltr'><strong>sunt</strong></span> <span class='ocrx_word' id='word_1_241' title='bbox 2304 1687 2589 1743; x_wconf 88' lang='lat' dir='ltr'><strong>inferiores</strong></span> <span class='ocrx_word' id='word_1_242' title='bbox 2622 1689 2814 1754; x_wconf 89' lang='lat' dir='ltr'><strong>nobis,</strong></span> <span class='ocrx_word' id='word_1_243' title='bbox 2859 1691 2906 1742; x_wconf 74' lang='lat' dir='ltr'><strong>si</strong></span> <span class='ocrx_word' id='word_1_244' title='bbox 2947 1689 3232 1744; x_wconf 84' lang='lat' dir='ltr'><strong>vidcantur</strong></span> <span class='ocrx_word' id='word_1_245' title='bbox 3257 1698 3505 1756; x_wconf 85' lang='lat' dir='ltr'><strong>peccare.</strong></span> 
     </span>
    </p>
   </div>
   <div class='ocr_carea' id='block_1_33' title="bbox 1934 1775 3266 1852">
    <p class='ocr_par' dir='ltr' id='par_1_33' title="bbox 1934 1775 3266 1852">
     <span class='ocr_line' id='line_1_33' title="bbox 1934 1775 3266 1852; baseline 0.006 -23"><span class='ocrx_word' id='word_1_246' title='bbox 1934 1775 2126 1831; x_wconf 88' lang='lat' dir='ltr'><strong>Subdit</strong></span> <span class='ocrx_word' id='word_1_247' title='bbox 2163 1792 2378 1848; x_wconf 85' lang='lat' dir='ltr'><strong>quoque</strong></span> <span class='ocrx_word' id='word_1_248' title='bbox 2413 1789 2468 1834; x_wconf 86' lang='lat' dir='ltr'><strong>et</strong></span> <span class='ocrx_word' id='word_1_249' title='bbox 2494 1781 2638 1834; x_wconf 86' lang='lat' dir='ltr'><strong>aliud</strong></span> <span class='ocrx_word' id='word_1_250' title='bbox 2664 1782 2905 1850; x_wconf 74' lang='lat' dir='ltr'><strong>ejusdem</strong></span> <span class='ocrx_word' id='word_1_251' title='bbox 2942 1781 3266 1852; x_wconf 77' lang='lat' dir='ltr'><strong>argumenti.</strong></span> 
     </span>
    </p>
   </div>
   <div class='ocr_carea' id='block_1_34' title="bbox 253 1865 3508 1947">
    <p class='ocr_par' dir='ltr' id='par_1_34' title="bbox 253 1865 3508 1947">
     <span class='ocr_line' id='line_1_34' title="bbox 253 1865 3508 1947; baseline 0.002 -28"><span class='ocrx_word' id='word_1_252' title='bbox 253 1865 332 1936; x_wconf 74' lang='grc' dir='ltr'>μὴ</span> <span class='ocrx_word' id='word_1_253' title='bbox 361 1867 471 1919; x_wconf 80' lang='grc' dir='ltr'>δεῖν</span> <span class='ocrx_word' id='word_1_254' title='bbox 519 1867 869 1938; x_wconf 78' lang='grc' dir='ltr'><strong>κατακρίνειν</strong></span> <span class='ocrx_word' id='word_1_255' title='bbox 905 1868 1033 1930; x_wconf 75' lang='grc' dir='ltr'>τοὺς</span> <span class='ocrx_word' id='word_1_256' title='bbox 1063 1866 1482 1936; x_wconf 75' lang='grc' dir='ltr'><strong>ὑποδεεστέρους</strong></span> <span class='ocrx_word' id='word_1_257' title='bbox 1524 1865 1698 1935; x_wconf 77' lang='grc' dir='ltr'>ἡμῶν,</span> <span class='ocrx_word' id='word_1_258' title='bbox 1733 1866 1825 1920; x_wconf 85' lang='grc' dir='ltr'>καὶ</span> <span class='ocrx_word' id='word_1_259' title='bbox 1859 1865 2144 1932; x_wconf 83' lang='grc' dir='ltr'><strong>δοκοῦντας</strong></span> <span class='ocrx_word' id='word_1_260' title='bbox 2213 1872 2568 1942; x_wconf 79' lang='grc' dir='ltr'><strong>ἁμαρτάνειν.</strong></span> <span class='ocrx_word' id='word_1_261' title='bbox 2634 1875 2860 1943; x_wconf 82' lang='grc' dir='ltr'>Ἐπάγει</span> <span class='ocrx_word' id='word_1_262' title='bbox 2891 1873 2946 1928; x_wconf 81' lang='grc' dir='ltr'>δὲ</span> <span class='ocrx_word' id='word_1_263' title='bbox 2980 1875 3070 1929; x_wconf 75' lang='grc' dir='ltr'>καὶ</span> <span class='ocrx_word' id='word_1_264' title='bbox 3099 1875 3263 1946; x_wconf 70' lang='grc' dir='ltr'>ἕτερα</span> <span class='ocrx_word' id='word_1_265' title='bbox 3289 1878 3381 1947; x_wconf 74' lang='grc' dir='ltr'>τῆς</span> <span class='ocrx_word' id='word_1_266' title='bbox 3410 1876 3508 1928; x_wconf 76' lang='grc' dir='ltr'><strong>αὑ-</strong></span> 
     </span>
    </p>
   </div>
   <div class='ocr_carea' id='block_1_35' title="bbox 244 1956 707 2026">
    <p class='ocr_par' dir='ltr' id='par_1_35' title="bbox 244 1956 707 2026">
     <span class='ocr_line' id='line_1_35' title="bbox 244 1956 707 2026; baseline 0.013 -18"><span class='ocrx_word' id='word_1_267' title='bbox 244 1956 354 2026; x_wconf 77' lang='grc' dir='ltr'>τῆς</span> <span class='ocrx_word' id='word_1_268' title='bbox 380 1959 707 2022; x_wconf 74' lang='grc' dir='ltr'><strong>ὑποθέσεως.</strong></span> 
     </span>
    </p>
   </div>
   <div class='ocr_carea' id='block_1_36' title="bbox 331 2054 1898 2127">
    <p class='ocr_par' dir='ltr' id='par_1_36' title="bbox 331 2054 1898 2127">
     <span class='ocr_line' id='line_1_36' title="bbox 331 2054 1898 2127; baseline 0.003 -23"><span class='ocrx_word' id='word_1_269' title='bbox 331 2074 348 2104; x_wconf 77' lang='grc' dir='ltr'><strong>ι</strong></span> <span class='ocrx_word' id='word_1_270' title='bbox 386 2055 449 2107; x_wconf 88' lang='grc' dir='ltr'>Τί</span> <span class='ocrx_word' id='word_1_271' title='bbox 477 2056 535 2108; x_wconf 72' lang='grc' dir='ltr'>δὶ</span> <span class='ocrx_word' id='word_1_272' title='bbox 563 2055 778 2124; x_wconf 78' lang='grc' dir='ltr'><strong>βλέπεις</strong></span> <span class='ocrx_word' id='word_1_273' title='bbox 806 2056 867 2109; x_wconf 87' lang='grc' dir='ltr'>τὸ</span> <span class='ocrx_word' id='word_1_274' title='bbox 898 2056 1126 2127; x_wconf 82' lang='grc' dir='ltr'>κάρφος,</span> <span class='ocrx_word' id='word_1_275' title='bbox 1159 2057 1220 2109; x_wconf 82' lang='grc' dir='ltr'>τὸ</span> <span class='ocrx_word' id='word_1_276' title='bbox 1247 2058 1304 2110; x_wconf 74' lang='grc' dir='ltr'>ἐν</span> <span class='ocrx_word' id='word_1_277' title='bbox 1329 2055 1403 2126; x_wconf 80' lang='grc' dir='ltr'><strong>τῷ</strong></span> <span class='ocrx_word' id='word_1_278' title='bbox 1433 2054 1696 2126; x_wconf 75' lang='grc' dir='ltr'><strong>ὀφθαλμῷ</strong></span> <span class='ocrx_word' id='word_1_279' title='bbox 1725 2054 1820 2108; x_wconf 87' lang='grc' dir='ltr'><strong>τοῦ</strong></span> <span class='ocrx_word' id='word_1_280' title='bbox 1855 2067 1898 2122; x_wconf 79' lang='grc' dir='ltr'>Β</span> 
     </span>
    </p>
   </div>
   <div class='ocr_carea' id='block_1_37' title="bbox 247 2146 1826 2218">
    <p class='ocr_par' dir='ltr' id='par_1_37' title="bbox 247 2146 1826 2218">
     <span class='ocr_line' id='line_1_37' title="bbox 247 2146 1826 2218; baseline 0.001 -20"><span class='ocrx_word' id='word_1_281' title='bbox 247 2146 480 2213; x_wconf 77' lang='grc' dir='ltr'>ἀδελφοῦ</span> <span class='ocrx_word' id='word_1_282' title='bbox 507 2163 622 2212; x_wconf 81' lang='grc' dir='ltr'>σου,</span> <span class='ocrx_word' id='word_1_283' title='bbox 651 2147 756 2217; x_wconf 78' lang='grc' dir='ltr'>τὴν</span> <span class='ocrx_word' id='word_1_284' title='bbox 781 2148 838 2199; x_wconf 83' lang='grc' dir='ltr'>δὲ</span> <span class='ocrx_word' id='word_1_285' title='bbox 878 2147 1031 2201; x_wconf 78' lang='grc' dir='ltr'>δοκὸν</span> <span class='ocrx_word' id='word_1_286' title='bbox 1061 2148 1158 2218; x_wconf 79' lang='grc' dir='ltr'>τὴν</span> <span class='ocrx_word' id='word_1_287' title='bbox 1193 2147 1249 2201; x_wconf 75' lang='grc' dir='ltr'>ὲν</span> <span class='ocrx_word' id='word_1_288' title='bbox 1295 2147 1374 2217; x_wconf 81' lang='grc' dir='ltr'>τῷ</span> <span class='ocrx_word' id='word_1_289' title='bbox 1420 2148 1534 2217; x_wconf 85' lang='grc' dir='ltr'>ίδίῳ</span> <span class='ocrx_word' id='word_1_290' title='bbox 1561 2148 1826 2217; x_wconf 84' lang='grc' dir='ltr'>ὀφθαλμῷ</span> 
     </span>
    </p>
   </div>
   <div class='ocr_carea' id='block_1_38' title="bbox 246 2237 1826 2308">
    <p class='ocr_par' dir='ltr' id='par_1_38' title="bbox 246 2237 1826 2308">
     <span class='ocr_line' id='line_1_38' title="bbox 246 2237 1826 2308; baseline 0.003 -20"><span class='ocrx_word' id='word_1_291' title='bbox 246 2237 314 2289; x_wconf 76' lang='grc' dir='ltr'>οὐ</span> <span class='ocrx_word' id='word_1_292' title='bbox 354 2239 676 2303; x_wconf 81' lang='grc' dir='ltr'>κατανοεῖς;</span> <span class='ocrx_word' id='word_1_293' title='bbox 717 2239 785 2290; x_wconf 83' lang='grc' dir='ltr'><em>Ἣ</em></span> <span class='ocrx_word' id='word_1_294' title='bbox 820 2238 936 2301; x_wconf 84' lang='grc' dir='ltr'>πῶς</span> <span class='ocrx_word' id='word_1_295' title='bbox 977 2237 1202 2291; x_wconf 86' lang='grc' dir='ltr'>δύνασαι</span> <span class='ocrx_word' id='word_1_296' title='bbox 1254 2239 1433 2306; x_wconf 80' lang='grc' dir='ltr'>λέγειν</span> <span class='ocrx_word' id='word_1_297' title='bbox 1488 2239 1569 2308; x_wconf 85' lang='grc' dir='ltr'>τῷ</span> <span class='ocrx_word' id='word_1_298' title='bbox 1612 2238 1826 2308; x_wconf 77' lang='grc' dir='ltr'><strong>ἀδελφῷ</strong></span> 
     </span>
    </p>
   </div>
   <div class='ocr_carea' id='block_1_39' title="bbox 251 2325 1826 2400">
    <p class='ocr_par' dir='ltr' id='par_1_39' title="bbox 251 2325 1826 2400">
     <span class='ocr_line' id='line_1_39' title="bbox 251 2325 1826 2400; baseline 0.004 -24"><span class='ocrx_word' id='word_1_299' title='bbox 251 2342 369 2391; x_wconf 87' lang='grc' dir='ltr'>σου,</span> <span class='ocrx_word' id='word_1_300' title='bbox 426 2325 664 2394; x_wconf 77' lang='grc' dir='ltr'>Ἀδελφὲ,</span> <span class='ocrx_word' id='word_1_301' title='bbox 703 2327 836 2394; x_wconf 78' lang='grc' dir='ltr'>ἄφες</span> <span class='ocrx_word' id='word_1_302' title='bbox 884 2327 1096 2382; x_wconf 72' lang='grc' dir='ltr'>ἰκὸἀλω</span> <span class='ocrx_word' id='word_1_303' title='bbox 1145 2328 1205 2381; x_wconf 83' lang='grc' dir='ltr'>τὸ</span> <span class='ocrx_word' id='word_1_304' title='bbox 1258 2330 1496 2398; x_wconf 82' lang='grc' dir='ltr'>κάρφος,</span> <span class='ocrx_word' id='word_1_305' title='bbox 1532 2331 1591 2381; x_wconf 66' lang='grc' dir='ltr'>τὸ</span> <span class='ocrx_word' id='word_1_306' title='bbox 1639 2330 1698 2381; x_wconf 88' lang='grc' dir='ltr'>ὲν</span> <span class='ocrx_word' id='word_1_307' title='bbox 1749 2329 1826 2400; x_wconf 82' lang='grc' dir='ltr'>τῷ</span> 
     </span>
    </p>
   </div>
   <div class='ocr_carea' id='block_1_40' title="bbox 247 2416 1826 2491">
    <p class='ocr_par' dir='ltr' id='par_1_40' title="bbox 247 2416 1826 2491">
     <span class='ocr_line' id='line_1_40' title="bbox 247 2416 1826 2491; baseline 0.003 -21"><span class='ocrx_word' id='word_1_308' title='bbox 247 2416 514 2488; x_wconf 78' lang='grc' dir='ltr'>ὀφθαλμῷ</span> <span class='ocrx_word' id='word_1_309' title='bbox 547 2435 662 2481; x_wconf 88' lang='grc' dir='ltr'>σου,</span> <span class='ocrx_word' id='word_1_310' title='bbox 698 2419 857 2483; x_wconf 79' lang='grc' dir='ltr'>αὐτὸς</span> <span class='ocrx_word' id='word_1_311' title='bbox 885 2419 984 2491; x_wconf 83' lang='grc' dir='ltr'>τὴν</span> <span class='ocrx_word' id='word_1_312' title='bbox 1022 2422 1080 2472; x_wconf 80' lang='grc' dir='ltr'>ἐν</span> <span class='ocrx_word' id='word_1_313' title='bbox 1119 2419 1195 2490; x_wconf 85' lang='grc' dir='ltr'>τῷ</span> <span class='ocrx_word' id='word_1_314' title='bbox 1225 2419 1489 2490; x_wconf 78' lang='grc' dir='ltr'>ὀφθαλμῷ</span> <span class='ocrx_word' id='word_1_315' title='bbox 1529 2437 1623 2473; x_wconf 88' lang='grc' dir='ltr'><strong>σου</strong></span> <span class='ocrx_word' id='word_1_316' title='bbox 1669 2421 1826 2474; x_wconf 79' lang='grc' dir='ltr'>δοκὸν</span> 
     </span>
    </p>
   </div>
   <div class='ocr_carea' id='block_1_41' title="bbox 245 2509 1824 2583">
    <p class='ocr_par' dir='ltr' id='par_1_41' title="bbox 245 2509 1824 2583">
     <span class='ocr_line' id='line_1_41' title="bbox 245 2509 1824 2583; baseline 0.003 -21"><span class='ocrx_word' id='word_1_317' title='bbox 245 2511 311 2562; x_wconf 78' lang='grc' dir='ltr'>οὐ</span> <span class='ocrx_word' id='word_1_318' title='bbox 347 2510 558 2578; x_wconf 77' lang='grc' dir='ltr'>βλέπων</span> <span class='ocrx_word' id='word_1_319' title='bbox 583 2527 599 2577; x_wconf 89' lang='grc'><strong>;</strong></span> <span class='ocrx_word' id='word_1_320' title='bbox 642 2510 966 2580; x_wconf 73' lang='grc' dir='ltr'>Ὑποκριτα,</span> <span class='ocrx_word' id='word_1_321' title='bbox 993 2511 1186 2564; x_wconf 74' lang='grc' dir='ltr'>ἑκδαλε</span> <span class='ocrx_word' id='word_1_322' title='bbox 1211 2511 1426 2582; x_wconf 79' lang='grc' dir='ltr'>πρῶτον</span> <span class='ocrx_word' id='word_1_323' title='bbox 1453 2509 1549 2583; x_wconf 82' lang='grc' dir='ltr'>τὴν</span> <span class='ocrx_word' id='word_1_324' title='bbox 1578 2513 1732 2566; x_wconf 80' lang='grc' dir='ltr'>δοκὸν</span> <span class='ocrx_word' id='word_1_325' title='bbox 1759 2513 1824 2565; x_wconf 84' lang='grc' dir='ltr'>ὲκ</span> 
     </span>
    </p>
   </div>
   <div class='ocr_carea' id='block_1_42' title="bbox 246 2599 1824 2673">
    <p class='ocr_par' dir='ltr' id='par_1_42' title="bbox 246 2599 1824 2673">
     <span class='ocr_line' id='line_1_42' title="bbox 246 2599 1824 2673; baseline 0.003 -21"><span class='ocrx_word' id='word_1_326' title='bbox 246 2599 349 2652; x_wconf 79' lang='grc' dir='ltr'><strong>τοῦ</strong></span> <span class='ocrx_word' id='word_1_327' title='bbox 379 2599 654 2669; x_wconf 68' lang='grc' dir='ltr'>ὀφθαλμοῦ</span> <span class='ocrx_word' id='word_1_328' title='bbox 685 2617 802 2665; x_wconf 85' lang='grc' dir='ltr'>σου,</span> <span class='ocrx_word' id='word_1_329' title='bbox 855 2604 945 2655; x_wconf 79' lang='grc' dir='ltr'>καὶ</span> <span class='ocrx_word' id='word_1_330' title='bbox 993 2604 1112 2655; x_wconf 86' lang='grc' dir='ltr'>τότε</span> <span class='ocrx_word' id='word_1_331' title='bbox 1145 2603 1450 2673; x_wconf 62' lang='grc' dir='ltr'>διαϐλέψεις</span> <span class='ocrx_word' id='word_1_332' title='bbox 1484 2604 1733 2656; x_wconf 73' lang='grc' dir='ltr'>ἐκϐαλεῖν</span> <span class='ocrx_word' id='word_1_333' title='bbox 1761 2605 1824 2658; x_wconf 84' lang='grc' dir='ltr'>τὸ</span> 
     </span>
    </p>
   </div>
   <div class='ocr_carea' id='block_1_43' title="bbox 247 2689 1825 2768">
    <p class='ocr_par' dir='ltr' id='par_1_43' title="bbox 247 2689 1825 2768">
     <span class='ocr_line' id='line_1_43' title="bbox 247 2689 1825 2768; baseline 0.004 -26"><span class='ocrx_word' id='word_1_334' title='bbox 247 2689 460 2759; x_wconf 78' lang='grc' dir='ltr'>κάρφος</span> <span class='ocrx_word' id='word_1_335' title='bbox 487 2690 547 2744; x_wconf 82' lang='grc' dir='ltr'>τὸ</span> <span class='ocrx_word' id='word_1_336' title='bbox 578 2692 637 2744; x_wconf 78' lang='grc' dir='ltr'>ὲν</span> <span class='ocrx_word' id='word_1_337' title='bbox 667 2692 744 2760; x_wconf 82' lang='grc' dir='ltr'>τῷ</span> <span class='ocrx_word' id='word_1_338' title='bbox 779 2692 1045 2763; x_wconf 85' lang='grc' dir='ltr'>ὀφθαλμῷ</span> <span class='ocrx_word' id='word_1_339' title='bbox 1081 2694 1173 2747; x_wconf 85' lang='grc' dir='ltr'><strong>τοῦ</strong></span> <span class='ocrx_word' id='word_1_340' title='bbox 1204 2694 1429 2763; x_wconf 81' lang='grc' dir='ltr'>ἀδελφοῦ</span> <span class='ocrx_word' id='word_1_341' title='bbox 1462 2712 1578 2750; x_wconf 89' lang='grc' dir='ltr'>σου.</span> <span class='ocrx_word' id='word_1_342' title='bbox 1609 2697 1683 2748; x_wconf 85' lang='grc' dir='ltr'><strong>Οὐ</strong></span> <span class='ocrx_word' id='word_1_343' title='bbox 1707 2697 1825 2768; x_wconf 84' lang='grc' dir='ltr'>,γάρ</span> 
     </span>
    </p>
   </div>
   <div class='ocr_carea' id='block_1_44' title="bbox 247 2779 1823 2854">
    <p class='ocr_par' dir='ltr' id='par_1_44' title="bbox 247 2779 1823 2854">
     <span class='ocr_line' id='line_1_44' title="bbox 247 2779 1823 2854; baseline 0.006 -25"><span class='ocrx_word' id='word_1_344' title='bbox 247 2780 368 2830; x_wconf 68' lang='grc' dir='ltr'>ἔστι</span> <span class='ocrx_word' id='word_1_345' title='bbox 413 2779 864 2850; x_wconf 81' lang='grc' dir='ltr'>δένδρονκαλδν,</span> <span class='ocrx_word' id='word_1_346' title='bbox 917 2782 1105 2835; x_wconf 87' lang='grc' dir='ltr'>ποιοῦν</span> <span class='ocrx_word' id='word_1_347' title='bbox 1159 2783 1367 2853; x_wconf 82' lang='grc' dir='ltr'>καρπὸν</span> <span class='ocrx_word' id='word_1_348' title='bbox 1425 2786 1653 2854; x_wconf 69' lang='grc' dir='ltr'>σαπρὸν,</span> <span class='ocrx_word' id='word_1_349' title='bbox 1702 2786 1823 2840; x_wconf 82' lang='grc' dir='ltr'>οὐδὲ</span> 
     </span>
    </p>
   </div>
   <div class='ocr_carea' id='block_1_45' title="bbox 245 2859 1822 2947">
    <p class='ocr_par' dir='ltr' id='par_1_45' title="bbox 245 2859 1822 2947">
     <span class='ocr_line' id='line_1_45' title="bbox 245 2859 1822 2947; baseline 0.008 -29"><span class='ocrx_word' id='word_1_350' title='bbox 245 2867 463 2937; x_wconf 77' lang='grc' dir='ltr'>δένδρον</span> <span class='ocrx_word' id='word_1_351' title='bbox 493 2859 722 2940; x_wconf 75' lang='grc' dir='ltr'>σαπρὸν,</span> <span class='ocrx_word' id='word_1_352' title='bbox 759 2869 948 2924; x_wconf 84' lang='grc' dir='ltr'>ποιοῦν</span> <span class='ocrx_word' id='word_1_353' title='bbox 982 2873 1194 2944; x_wconf 82' lang='grc' dir='ltr'>καρπὸν</span> <span class='ocrx_word' id='word_1_354' title='bbox 1219 2873 1402 2928; x_wconf 88' lang='grc' dir='ltr'>καλόν.</span> <span class='ocrx_word' id='word_1_355' title='bbox 1420 2875 1688 2930; x_wconf 80' lang='grc' dir='ltr'>’Έκαστον</span> <span class='ocrx_word' id='word_1_356' title='bbox 1715 2877 1822 2947; x_wconf 81' lang='grc' dir='ltr'>γὰρ</span> 
     </span>
    </p>
   </div>
   <div class='ocr_carea' id='block_1_46' title="bbox 246 2956 1825 3037">
    <p class='ocr_par' dir='ltr' id='par_1_46' title="bbox 246 2956 1825 3037">
     <span class='ocr_line' id='line_1_46' title="bbox 246 2956 1825 3037; baseline 0.008 -29"><span class='ocrx_word' id='word_1_357' title='bbox 246 2956 557 3037; x_wconf 79' lang='grc' dir='ltr'>δένδρονὲκ</span> <span class='ocrx_word' id='word_1_358' title='bbox 583 2958 677 3012; x_wconf 86' lang='grc' dir='ltr'><strong>τοῦ</strong></span> <span class='ocrx_word' id='word_1_359' title='bbox 731 2959 860 3013; x_wconf 85' lang='grc' dir='ltr'>ίδίου</span> <span class='ocrx_word' id='word_1_360' title='bbox 888 2960 1103 3031; x_wconf 83' lang='grc' dir='ltr'>καρποῦ</span> <span class='ocrx_word' id='word_1_361' title='bbox 1137 2962 1486 3030; x_wconf 82' lang='grc' dir='ltr'>γινώσκεται.</span> <span class='ocrx_word' id='word_1_362' title='bbox 1517 2965 1592 3018; x_wconf 79' lang='grc' dir='ltr'><strong>Οὐ</strong></span> <span class='ocrx_word' id='word_1_363' title='bbox 1632 2966 1740 3037; x_wconf 82' lang='grc' dir='ltr'>γάρ</span> <span class='ocrx_word' id='word_1_364' title='bbox 1765 2966 1825 3032; x_wconf 77' lang='grc' dir='ltr'><strong>ἐξ</strong></span> 
     </span>
    </p>
   </div>
   <div class='ocr_carea' id='block_1_47' title="bbox 248 3033 1822 3127">
    <p class='ocr_par' dir='ltr' id='par_1_47' title="bbox 248 3033 1822 3127">
     <span class='ocr_line' id='line_1_47' title="bbox 248 3033 1822 3127; baseline 0.006 -27"><span class='ocrx_word' id='word_1_365' title='bbox 248 3033 500 3110; x_wconf 70' lang='grc' dir='ltr'>ἀκανθῶν</span> <span class='ocrx_word' id='word_1_366' title='bbox 532 3049 850 3118; x_wconf 79' lang='grc' dir='ltr'>συλλέγουσι</span> <span class='ocrx_word' id='word_1_367' title='bbox 893 3052 1054 3118; x_wconf 86' lang='grc' dir='ltr'>σῦκα,</span> <span class='ocrx_word' id='word_1_368' title='bbox 1091 3054 1210 3106; x_wconf 81' lang='grc' dir='ltr'>οὐδὲ</span> <span class='ocrx_word' id='word_1_369' title='bbox 1257 3055 1323 3107; x_wconf 78' lang='grc' dir='ltr'>ὲκ</span> <span class='ocrx_word' id='word_1_370' title='bbox 1371 3055 1533 3124; x_wconf 80' lang='grc' dir='ltr'>βάτου</span> <span class='ocrx_word' id='word_1_371' title='bbox 1580 3058 1822 3127; x_wconf 78' lang='grc' dir='ltr'><strong>τρυγῶσι</strong></span> 
     </span>
    </p>
   </div>
   <div class='ocr_carea' id='block_1_48' title="bbox 250 3141 1815 3220">
    <p class='ocr_par' dir='ltr' id='par_1_48' title="bbox 250 3141 1815 3220">
     <span class='ocr_line' id='line_1_48' title="bbox 250 3141 1815 3220; baseline 0.008 -29"><span class='ocrx_word' id='word_1_372' title='bbox 250 3141 551 3212; x_wconf 81' lang='grc' dir='ltr'>σταφυλήν.</span> <span class='ocrx_word' id='word_1_373' title='bbox 602 3142 660 3196; x_wconf 88' lang='lat'><strong>&#39;0</strong></span> <span class='ocrx_word' id='word_1_374' title='bbox 691 3144 893 3211; x_wconf 79' lang='grc' dir='ltr'>ἀγαθὸς</span> <span class='ocrx_word' id='word_1_375' title='bbox 939 3143 1221 3213; x_wconf 75' lang='grc' dir='ltr'>ἄνθρωπος</span> <span class='ocrx_word' id='word_1_376' title='bbox 1252 3148 1316 3198; x_wconf 81' lang='grc' dir='ltr'>ἐκ</span> <span class='ocrx_word' id='word_1_377' title='bbox 1364 3147 1461 3200; x_wconf 86' lang='grc' dir='ltr'><strong>τοῦ</strong></span> <span class='ocrx_word' id='word_1_378' title='bbox 1492 3149 1698 3216; x_wconf 83' lang='grc' dir='ltr'>ἀγαθοῦ</span> <span class='ocrx_word' id='word_1_379' title='bbox 1723 3152 1815 3220; x_wconf 88' lang='grc' dir='ltr'><strong>θη-</strong></span> 
     </span>
    </p>
   </div>
   <div class='ocr_carea' id='block_1_49' title="bbox 253 3232 1822 3306">
    <p class='ocr_par' dir='ltr' id='par_1_49' title="bbox 253 3232 1822 3306">
     <span class='ocr_line' id='line_1_49' title="bbox 253 3232 1822 3306; baseline 0.008 -22"><span class='ocrx_word' id='word_1_380' title='bbox 253 3232 456 3302; x_wconf 85' lang='grc' dir='ltr'>σαυροῦ</span> <span class='ocrx_word' id='word_1_381' title='bbox 483 3233 580 3303; x_wconf 80' lang='grc' dir='ltr'>τῆς</span> <span class='ocrx_word' id='word_1_382' title='bbox 628 3234 850 3304; x_wconf 78' lang='grc' dir='ltr'>καρδίας</span> <span class='ocrx_word' id='word_1_383' title='bbox 883 3234 1044 3287; x_wconf 76' lang='grc' dir='ltr'>αὐτοῦ</span> <span class='ocrx_word' id='word_1_384' title='bbox 1082 3235 1346 3306; x_wconf 84' lang='grc' dir='ltr'>προφέρει</span> <span class='ocrx_word' id='word_1_385' title='bbox 1373 3237 1431 3290; x_wconf 85' lang='grc' dir='ltr'><strong>τὺ</strong></span> <span class='ocrx_word' id='word_1_386' title='bbox 1461 3239 1663 3306; x_wconf 83' lang='grc' dir='ltr'>ἀγαθόν</span> <span class='ocrx_word' id='word_1_387' title='bbox 1688 3257 1702 3270; x_wconf 85' lang='grc'><em>’</em></span> <span class='ocrx_word' id='word_1_388' title='bbox 1730 3245 1822 3296; x_wconf 80' lang='grc' dir='ltr'>καὶ</span> 
     </span>
    </p>
   </div>
   <div class='ocr_carea' id='block_1_50' title="bbox 249 3322 1820 3403">
    <p class='ocr_par' dir='ltr' id='par_1_50' title="bbox 249 3322 1820 3403">
     <span class='ocr_line' id='line_1_50' title="bbox 249 3322 1820 3403; baseline 0.003 -27"><span class='ocrx_word' id='word_1_389' title='bbox 249 3322 284 3376; x_wconf 78' lang='grc'>6</span> <span class='ocrx_word' id='word_1_390' title='bbox 314 3324 544 3394; x_wconf 77' lang='grc' dir='ltr'>πονηρὸς</span> <span class='ocrx_word' id='word_1_391' title='bbox 580 3324 860 3395; x_wconf 75' lang='grc' dir='ltr'>ἄνθρωπος</span> <span class='ocrx_word' id='word_1_392' title='bbox 894 3329 958 3379; x_wconf 81' lang='grc' dir='ltr'>ἐκ</span> <span class='ocrx_word' id='word_1_393' title='bbox 995 3326 1089 3380; x_wconf 88' lang='grc' dir='ltr'><strong>τοῦ</strong></span> <span class='ocrx_word' id='word_1_394' title='bbox 1131 3327 1370 3398; x_wconf 85' lang='grc' dir='ltr'>πονηροῦ</span> <span class='ocrx_word' id='word_1_395' title='bbox 1411 3329 1685 3402; x_wconf 65' lang='grc' dir='ltr'>θησαυροῦ</span> <span class='ocrx_word' id='word_1_396' title='bbox 1722 3338 1820 3403; x_wconf 78' lang='grc' dir='ltr'>τῆς</span> 
     </span>
    </p>
   </div>
   <div class='ocr_carea' id='block_1_51' title="bbox 245 3405 1887 3495">
    <p class='ocr_par' dir='ltr' id='par_1_51' title="bbox 245 3405 1887 3495">
     <span class='ocr_line' id='line_1_51' title="bbox 245 3405 1887 3495; baseline 0.007 -27"><span class='ocrx_word' id='word_1_397' title='bbox 245 3415 479 3485; x_wconf 78' lang='grc' dir='ltr'>καρδίας</span> <span class='ocrx_word' id='word_1_398' title='bbox 524 3415 689 3469; x_wconf 83' lang='grc' dir='ltr'>αὐτοῦ</span> <span class='ocrx_word' id='word_1_399' title='bbox 741 3417 1004 3489; x_wconf 80' lang='grc' dir='ltr'>προφέρει</span> <span class='ocrx_word' id='word_1_400' title='bbox 1054 3418 1114 3472; x_wconf 81' lang='grc' dir='ltr'>τὸ</span> <span class='ocrx_word' id='word_1_401' title='bbox 1160 3422 1414 3490; x_wconf 83' lang='grc' dir='ltr'>πονηρόν.</span> <span class='ocrx_word' id='word_1_402' title='bbox 1456 3421 1551 3475; x_wconf 85' lang='grc' dir='ltr'>Ἐκ</span> <span class='ocrx_word' id='word_1_403' title='bbox 1581 3425 1688 3495; x_wconf 80' lang='grc' dir='ltr'>γὰρ</span> <span class='ocrx_word' id='word_1_404' title='bbox 1723 3426 1816 3478; x_wconf 79' lang='grc' dir='ltr'><strong>τοῦ</strong></span> <span class='ocrx_word' id='word_1_405' title='bbox 1841 3405 1887 3469; x_wconf 79' lang='lat' dir='ltr'>C</span> 
     </span>
    </p>
   </div>
   <div class='ocr_carea' id='block_1_52' title="bbox 247 3506 1811 3583">
    <p class='ocr_par' dir='ltr' id='par_1_52' title="bbox 247 3506 1811 3583">
     <span class='ocr_line' id='line_1_52' title="bbox 247 3506 1811 3583; baseline 0.004 -25"><span class='ocrx_word' id='word_1_406' title='bbox 247 3506 683 3578; x_wconf 80' lang='grc' dir='ltr'>περισσεύματος</span> <span class='ocrx_word' id='word_1_407' title='bbox 713 3509 810 3578; x_wconf 83' lang='grc' dir='ltr'>τῆς</span> <span class='ocrx_word' id='word_1_408' title='bbox 848 3509 1075 3579; x_wconf 82' lang='grc' dir='ltr'>καρδίας</span> <span class='ocrx_word' id='word_1_409' title='bbox 1105 3511 1253 3563; x_wconf 87' lang='grc' dir='ltr'><strong>λαλεί</strong></span> <span class='ocrx_word' id='word_1_410' title='bbox 1283 3513 1344 3564; x_wconf 85' lang='grc' dir='ltr'>τὸ</span> <span class='ocrx_word' id='word_1_411' title='bbox 1376 3513 1548 3583; x_wconf 83' lang='grc' dir='ltr'>στόμα</span> <span class='ocrx_word' id='word_1_412' title='bbox 1576 3515 1760 3568; x_wconf 79' lang='grc' dir='ltr'>αὑτοῦ.</span> <span class='ocrx_word' id='word_1_413' title='bbox 1793 3536 1811 3565; x_wconf 79' lang='grc' dir='ltr'><strong>ι</strong></span> 
     </span>
    </p>
   </div>
   <div class='ocr_carea' id='block_1_53' title="bbox 246 3600 1820 3678">
    <p class='ocr_par' dir='ltr' id='par_1_53' title="bbox 246 3600 1820 3678">
     <span class='ocr_line' id='line_1_53' title="bbox 246 3600 1820 3678; baseline 0.004 -24"><span class='ocrx_word' id='word_1_414' title='bbox 246 3600 316 3654; x_wconf 85' lang='grc' dir='ltr'>Τί</span> <span class='ocrx_word' id='word_1_415' title='bbox 381 3600 612 3670; x_wconf 78' lang='grc' dir='ltr'>βλέπεις,</span> <span class='ocrx_word' id='word_1_416' title='bbox 653 3603 805 3671; x_wconf 68' lang='grc' dir='ltr'>φησὶ,</span> <span class='ocrx_word' id='word_1_417' title='bbox 858 3605 916 3654; x_wconf 57' lang='lat' dir='ltr'><strong>ea</strong></span> <span class='ocrx_word' id='word_1_418' title='bbox 943 3603 1169 3674; x_wconf 80' lang='grc' dir='ltr'>κάρφος,</span> <span class='ocrx_word' id='word_1_419' title='bbox 1222 3605 1484 3671; x_wconf 78' lang='grc' dir='ltr'>τουτέστι,</span> <span class='ocrx_word' id='word_1_420' title='bbox 1533 3606 1594 3657; x_wconf 78' lang='grc' dir='ltr'>τὸ</span> <span class='ocrx_word' id='word_1_421' title='bbox 1628 3611 1820 3678; x_wconf 71' lang='grc' dir='ltr'>μικρὸν</span> 
     </span>
    </p>
   </div>
   <div class='ocr_carea' id='block_1_54' title="bbox 247 3680 1818 3767">
    <p class='ocr_par' dir='ltr' id='par_1_54' title="bbox 247 3680 1818 3767">
     <span class='ocr_line' id='line_1_54' title="bbox 247 3680 1818 3767; baseline 0.004 -23"><span class='ocrx_word' id='word_1_422' title='bbox 247 3693 553 3761; x_wconf 74' lang='grc' dir='ltr'>ἁμάρτημα</span> <span class='ocrx_word' id='word_1_423' title='bbox 587 3692 678 3745; x_wconf 88' lang='grc' dir='ltr'><strong>τοῦ</strong></span> <span class='ocrx_word' id='word_1_424' title='bbox 719 3692 947 3761; x_wconf 82' lang='grc' dir='ltr'>ἀδελφοῦ</span> <span class='ocrx_word' id='word_1_425' title='bbox 988 3709 1102 3757; x_wconf 89' lang='grc' dir='ltr'>σου,</span> <span class='ocrx_word' id='word_1_426' title='bbox 1150 3696 1248 3763; x_wconf 78' lang='grc' dir='ltr'>τὴν</span> <span class='ocrx_word' id='word_1_427' title='bbox 1284 3695 1340 3747; x_wconf 81' lang='grc' dir='ltr'>δὲ</span> <span class='ocrx_word' id='word_1_428' title='bbox 1371 3680 1552 3758; x_wconf 77' lang='grc' dir='ltr'>δοκὸν,</span> <span class='ocrx_word' id='word_1_429' title='bbox 1584 3697 1644 3747; x_wconf 86' lang='grc' dir='ltr'>τὸ</span> <span class='ocrx_word' id='word_1_430' title='bbox 1674 3699 1818 3767; x_wconf 66' lang='grc' dir='ltr'>μέγα</span> 
     </span>
    </p>
   </div>
   <div class='ocr_carea' id='block_1_55' title="bbox 248 3784 1816 3858">
    <p class='ocr_par' dir='ltr' id='par_1_55' title="bbox 248 3784 1816 3858">
     <span class='ocr_line' id='line_1_55' title="bbox 248 3784 1816 3858; baseline 0.004 -21"><span class='ocrx_word' id='word_1_431' title='bbox 248 3784 550 3854; x_wconf 62' lang='grc' dir='ltr'>ἁμάρτημα</span> <span class='ocrx_word' id='word_1_432' title='bbox 586 3786 646 3836; x_wconf 79' lang='grc' dir='ltr'><strong>τὸ</strong></span> <span class='ocrx_word' id='word_1_433' title='bbox 678 3784 768 3836; x_wconf 78' lang='grc' dir='ltr'><strong>σὺν</strong></span> <span class='ocrx_word' id='word_1_434' title='bbox 796 3786 854 3837; x_wconf 81' lang='grc' dir='ltr'>οὐ</span> <span class='ocrx_word' id='word_1_435' title='bbox 897 3789 1216 3850; x_wconf 76' lang='grc' dir='ltr'>κατανοεῖς,</span> <span class='ocrx_word' id='word_1_436' title='bbox 1266 3786 1436 3839; x_wconf 84' lang='grc' dir='ltr'>Τοῦτο</span> <span class='ocrx_word' id='word_1_437' title='bbox 1481 3787 1538 3839; x_wconf 84' lang='grc' dir='ltr'>δὲ</span> <span class='ocrx_word' id='word_1_438' title='bbox 1587 3787 1816 3858; x_wconf 75' lang='grc' dir='ltr'>ἁρμόζει</span> 
     </span>
    </p>
   </div>
   <div class='ocr_carea' id='block_1_56' title="bbox 246 3875 1815 3947">
    <p class='ocr_par' dir='ltr' id='par_1_56' title="bbox 246 3875 1815 3947">
     <span class='ocr_line' id='line_1_56' title="bbox 246 3875 1815 3947; baseline 0.003 -17"><span class='ocrx_word' id='word_1_439' title='bbox 246 3875 346 3930; x_wconf 68' lang='grc' dir='ltr'>καὶ</span> <span class='ocrx_word' id='word_1_440' title='bbox 373 3876 508 3947; x_wconf 69' lang='grc' dir='ltr'>πρὸς</span> <span class='ocrx_word' id='word_1_441' title='bbox 542 3877 748 3940; x_wconf 85' lang='grc' dir='ltr'>πάντας</span> <span class='ocrx_word' id='word_1_442' title='bbox 787 3877 916 3946; x_wconf 80' lang='grc' dir='ltr'>μὲν,’</span> <span class='ocrx_word' id='word_1_443' title='bbox 941 3876 1176 3946; x_wconf 87' lang='grc' dir='ltr'>μάλιστα</span> <span class='ocrx_word' id='word_1_444' title='bbox 1203 3877 1260 3929; x_wconf 82' lang='grc' dir='ltr'>δὲ</span> <span class='ocrx_word' id='word_1_445' title='bbox 1301 3879 1436 3947; x_wconf 83' lang='grc' dir='ltr'>πρὸς</span> <span class='ocrx_word' id='word_1_446' title='bbox 1468 3878 1815 3944; x_wconf 69' lang='grc' dir='ltr'>διδασκάλους</span> 
     </span>
    </p>
   </div>
   <div class='ocr_carea' id='block_1_57' title="bbox 247 3966 1812 4041">
    <p class='ocr_par' dir='ltr' id='par_1_57' title="bbox 247 3966 1812 4041">
     <span class='ocr_line' id='line_1_57' title="bbox 247 3966 1812 4041; baseline 0.003 -21"><span class='ocrx_word' id='word_1_447' title='bbox 247 3966 344 4022; x_wconf 68' lang='grc' dir='ltr'>καὶ</span> <span class='ocrx_word' id='word_1_448' title='bbox 370 3969 652 4037; x_wconf 72' lang='grc' dir='ltr'>ἄρχοντας,</span> <span class='ocrx_word' id='word_1_449' title='bbox 675 3968 724 4018; x_wconf 75' lang='grc' dir='ltr'>οἶ</span> <span class='ocrx_word' id='word_1_450' title='bbox 751 3969 820 4020; x_wconf 86' lang='grc' dir='ltr'>τὰ</span> <span class='ocrx_word' id='word_1_451' title='bbox 847 3968 944 4038; x_wconf 86' lang='grc' dir='ltr'>μὲν</span> <span class='ocrx_word' id='word_1_452' title='bbox 964 3967 1073 4024; x_wconf 81' lang='grc' dir='ltr'>τῶν</span> <span class='ocrx_word' id='word_1_453' title='bbox 1099 3967 1202 4020; x_wconf 80' lang='grc' dir='ltr'><strong>ὑπὸ</strong></span> <span class='ocrx_word' id='word_1_454' title='bbox 1226 3970 1382 4039; x_wconf 84' lang='grc' dir='ltr'>χεῖρα</span> <span class='ocrx_word' id='word_1_455' title='bbox 1422 3971 1812 4041; x_wconf 76' lang='grc' dir='ltr'>ἁμαρτήματα,</span> 
     </span>
    </p>
   </div>
   <div class='ocr_carea' id='block_1_58' title="bbox 247 4059 1815 4134">
    <p class='ocr_par' dir='ltr' id='par_1_58' title="bbox 247 4059 1815 4134">
     <span class='ocr_line' id='line_1_58' title="bbox 247 4059 1815 4134; baseline 0.003 -21"><span class='ocrx_word' id='word_1_456' title='bbox 247 4062 343 4113; x_wconf 71' lang='grc' dir='ltr'>καὶ</span> <span class='ocrx_word' id='word_1_457' title='bbox 374 4059 543 4130; x_wconf 62' lang='grc' dir='ltr'>μικρὰ</span> <span class='ocrx_word' id='word_1_458' title='bbox 571 4061 699 4113; x_wconf 75' lang='grc' dir='ltr'>ὄντα</span> <span class='ocrx_word' id='word_1_459' title='bbox 727 4061 1034 4126; x_wconf 77' lang='grc' dir='ltr'>κολάζουσι,</span> <span class='ocrx_word' id='word_1_460' title='bbox 1071 4062 1138 4113; x_wconf 85' lang='grc' dir='ltr'>τὰ</span> <span class='ocrx_word' id='word_1_461' title='bbox 1165 4059 1221 4113; x_wconf 79' lang='grc' dir='ltr'>δὲ</span> <span class='ocrx_word' id='word_1_462' title='bbox 1251 4061 1445 4127; x_wconf 83' lang='grc' dir='ltr'>οἰκεῖα,</span> <span class='ocrx_word' id='word_1_463' title='bbox 1478 4064 1582 4115; x_wconf 66' lang='grc' dir='ltr'>κᾶν</span> <span class='ocrx_word' id='word_1_464' title='bbox 1608 4065 1815 4134; x_wconf 80' lang='grc' dir='ltr'>μεγάλα</span> 
     </span>
    </p>
   </div>
   <div class='ocr_carea' id='block_1_59' title="bbox 241 4147 1815 4229">
    <p class='ocr_par' dir='ltr' id='par_1_59' title="bbox 241 4147 1815 4229">
     <span class='ocr_line' id='line_1_59' title="bbox 241 4147 1815 4229; baseline 0.003 -21"><span class='ocrx_word' id='word_1_465' title='bbox 241 4147 402 4220; x_wconf 78' lang='grc' dir='ltr'>ὦσιν,</span> <span class='ocrx_word' id='word_1_466' title='bbox 433 4155 594 4208; x_wconf 79' lang='grc' dir='ltr'>ἐῶσιν</span> <span class='ocrx_word' id='word_1_467' title='bbox 635 4155 927 4211; x_wconf 79' lang='grc' dir='ltr'>ἀκόλαστα.</span> <span class='ocrx_word' id='word_1_468' title='bbox 982 4156 1075 4210; x_wconf 79' lang='grc' dir='ltr'><strong>Διὸ</strong></span> <span class='ocrx_word' id='word_1_469' title='bbox 1111 4159 1205 4210; x_wconf 79' lang='grc' dir='ltr'>καὶ</span> <span class='ocrx_word' id='word_1_470' title='bbox 1260 4157 1560 4229; x_wconf 78' lang='grc' dir='ltr'>ὑποκριτὰς</span> <span class='ocrx_word' id='word_1_471' title='bbox 1593 4160 1815 4222; x_wconf 82' lang='grc' dir='ltr'>τούτους</span> 
     </span>
    </p>
   </div>
   <div class='ocr_carea' id='block_1_60' title="bbox 244 4233 1818 4316">
    <p class='ocr_par' dir='ltr' id='par_1_60' title="bbox 244 4233 1818 4316">
     <span class='ocr_line' id='line_1_60' title="bbox 244 4233 1818 4316; baseline 0.002 -16"><span class='ocrx_word' id='word_1_472' title='bbox 244 4243 449 4300; x_wconf 73' lang='grc' dir='ltr'>καλεῐό</span> <span class='ocrx_word' id='word_1_473' title='bbox 479 4247 700 4316; x_wconf 82' lang='grc' dir='ltr'>Κύριος,</span> <span class='ocrx_word' id='word_1_474' title='bbox 730 4247 805 4308; x_wconf 86' lang='grc' dir='ltr'>ὼς</span> <span class='ocrx_word' id='word_1_475' title='bbox 830 4245 956 4298; x_wconf 75' lang='grc' dir='ltr'>ἄλλο</span> <span class='ocrx_word' id='word_1_476' title='bbox 985 4247 1082 4316; x_wconf 75' lang='grc' dir='ltr'>μὲν</span> <span class='ocrx_word' id='word_1_477' title='bbox 1123 4233 1496 4316; x_wconf 76' lang='grc' dir='ltr'>φαινομένους,</span> <span class='ocrx_word' id='word_1_478' title='bbox 1528 4250 1591 4305; x_wconf 83' lang='grc' dir='ltr'>ὲκ</span> <span class='ocrx_word' id='word_1_479' title='bbox 1623 4249 1716 4302; x_wconf 86' lang='grc' dir='ltr'><strong>τοῦ</strong></span> <span class='ocrx_word' id='word_1_480' title='bbox 1751 4253 1818 4303; x_wconf 76' lang='grc' dir='ltr'><strong>τά</strong></span> 
     </span>
    </p>
   </div>
   <div class='ocr_carea' id='block_1_61' title="bbox 243 4335 1815 4413">
    <p class='ocr_par' dir='ltr' id='par_1_61' title="bbox 243 4335 1815 4413">
     <span class='ocr_line' id='line_1_61' title="bbox 243 4335 1815 4413; baseline 0.004 -24"><span class='ocrx_word' id='word_1_481' title='bbox 243 4335 356 4390; x_wconf 83' lang='grc' dir='ltr'><strong>τῶν</strong></span> <span class='ocrx_word' id='word_1_482' title='bbox 411 4337 586 4390; x_wconf 74' lang='grc' dir='ltr'>ἄλλων</span> <span class='ocrx_word' id='word_1_483' title='bbox 630 4339 1002 4407; x_wconf 81' lang='grc' dir='ltr'>ἁμαρτήματα</span> <span class='ocrx_word' id='word_1_484' title='bbox 1051 4340 1320 4405; x_wconf 74' lang='grc' dir='ltr'>κολάζειν,</span> <span class='ocrx_word' id='word_1_485' title='bbox 1369 4342 1652 4408; x_wconf 85' lang='grc' dir='ltr'>φαίνονται</span> <span class='ocrx_word' id='word_1_486' title='bbox 1707 4344 1815 4413; x_wconf 77' lang='grc' dir='ltr'><strong>γὰρ</strong></span> 
     </span>
    </p>
   </div>
   <div class='ocr_carea' id='block_1_62' title="bbox 240 4428 1815 4504">
    <p class='ocr_par' dir='ltr' id='par_1_62' title="bbox 240 4428 1815 4504">
     <span class='ocr_line' id='line_1_62' title="bbox 240 4428 1815 4504; baseline 0.001 -20"><span class='ocrx_word' id='word_1_487' title='bbox 240 4429 461 4496; x_wconf 83' lang='grc' dir='ltr'>δίκαιοι,</span> <span class='ocrx_word' id='word_1_488' title='bbox 513 4429 642 4482; x_wconf 74' lang='grc' dir='ltr'>ἄλλο</span> <span class='ocrx_word' id='word_1_489' title='bbox 693 4429 748 4482; x_wconf 84' lang='grc' dir='ltr'>δὲ</span> <span class='ocrx_word' id='word_1_490' title='bbox 799 4428 977 4496; x_wconf 78' lang='grc' dir='ltr'>ὄντας,</span> <span class='ocrx_word' id='word_1_491' title='bbox 1030 4433 1094 4484; x_wconf 81' lang='grc' dir='ltr'>ὲκ</span> <span class='ocrx_word' id='word_1_492' title='bbox 1141 4429 1234 4483; x_wconf 85' lang='grc' dir='ltr'><strong>τοῦ</strong></span> <span class='ocrx_word' id='word_1_493' title='bbox 1273 4433 1363 4485; x_wconf 77' lang='grc' dir='ltr'>καὶ</span> <span class='ocrx_word' id='word_1_494' title='bbox 1406 4433 1603 4495; x_wconf 72' lang='grc' dir='ltr'>αὐτοὺς</span> <span class='ocrx_word' id='word_1_495' title='bbox 1647 4434 1815 4504; x_wconf 85' lang='grc' dir='ltr'>χείρω</span> 
     </span>
    </p>
   </div>
   <div class='ocr_carea' id='block_1_63' title="bbox 241 4517 1812 4592">
    <p class='ocr_par' dir='ltr' id='par_1_63' title="bbox 241 4517 1812 4592">
     <span class='ocr_line' id='line_1_63' title="bbox 241 4517 1812 4592; baseline 0.001 -18"><span class='ocrx_word' id='word_1_496' title='bbox 241 4521 596 4590; x_wconf 81' lang='grc' dir='ltr'>ἁμαρτάνειν.</span> <span class='ocrx_word' id='word_1_497' title='bbox 639 4517 774 4573; x_wconf 70' lang='grc' dir='ltr'>Εἶτα</span> <span class='ocrx_word' id='word_1_498' title='bbox 818 4522 911 4572; x_wconf 72' lang='grc' dir='ltr'><strong>καὶ</strong></span> <span class='ocrx_word' id='word_1_499' title='bbox 956 4521 1062 4574; x_wconf 81' lang='grc' dir='ltr'><strong>ἀπὸ</strong></span> <span class='ocrx_word' id='word_1_500' title='bbox 1093 4521 1492 4592; x_wconf 66' lang='grc' dir='ltr'>ὑποδεί-;·ματος</span> <span class='ocrx_word' id='word_1_501' title='bbox 1528 4524 1812 4577; x_wconf 85' lang='grc' dir='ltr'>πιστοῦται</span> 
     </span>
    </p>
   </div>
   <div class='ocr_carea' id='block_1_64' title="bbox 241 4611 1813 4683">
    <p class='ocr_par' dir='ltr' id='par_1_64' title="bbox 241 4611 1813 4683">
     <span class='ocr_line' id='line_1_64' title="bbox 241 4611 1813 4683; baseline 0.003 -19"><span class='ocrx_word' id='word_1_502' title='bbox 241 4614 335 4664; x_wconf 68' lang='grc' dir='ltr'>τὶν</span> <span class='ocrx_word' id='word_1_503' title='bbox 368 4611 524 4680; x_wconf 78' lang='grc' dir='ltr'>λόγον</span> <span class='ocrx_word' id='word_1_504' title='bbox 556 4611 742 4666; x_wconf 77' lang='grc' dir='ltr'>αὑτοῦ.</span> <span class='ocrx_word' id='word_1_505' title='bbox 778 4611 985 4681; x_wconf 68' lang='grc' dir='ltr'>’Ὠσπερ</span> <span class='ocrx_word' id='word_1_506' title='bbox 1018 4613 1146 4682; x_wconf 80' lang='grc' dir='ltr'>γάρ,</span> <span class='ocrx_word' id='word_1_507' title='bbox 1196 4615 1380 4683; x_wconf 74' lang='grc' dir='ltr'>φησὶν,</span> <span class='ocrx_word' id='word_1_508' title='bbox 1416 4615 1514 4667; x_wconf 72' lang='grc' dir='ltr'>οὐκ</span> <span class='ocrx_word' id='word_1_509' title='bbox 1544 4615 1658 4668; x_wconf 78' lang='grc' dir='ltr'>ἐστι</span> <span class='ocrx_word' id='word_1_510' title='bbox 1697 4615 1813 4668; x_wconf 63' lang='grc' dir='ltr'>δένε</span> 
     </span>
    </p>
   </div>
   <div class='ocr_carea' id='block_1_65' title="bbox 239 4687 1813 4775">
    <p class='ocr_par' dir='ltr' id='par_1_65' title="bbox 239 4687 1813 4775">
     <span class='ocr_line' id='line_1_65' title="bbox 239 4687 1813 4775; baseline 0.002 -19"><span class='ocrx_word' id='word_1_511' title='bbox 239 4687 366 4773; x_wconf 83' lang='grc' dir='ltr'>δρον</span> <span class='ocrx_word' id='word_1_512' title='bbox 393 4703 578 4766; x_wconf 73' lang='grc' dir='ltr'>καλὸν,</span> <span class='ocrx_word' id='word_1_513' title='bbox 605 4704 790 4756; x_wconf 86' lang='grc' dir='ltr'>ποιοῦν</span> <span class='ocrx_word' id='word_1_514' title='bbox 817 4703 1027 4774; x_wconf 85' lang='grc' dir='ltr'>καρπὸν</span> <span class='ocrx_word' id='word_1_515' title='bbox 1069 4706 1298 4772; x_wconf 83' lang='grc' dir='ltr'>σαπρὸν,</span> <span class='ocrx_word' id='word_1_516' title='bbox 1329 4706 1447 4757; x_wconf 77' lang='grc' dir='ltr'>οὐδὲ</span> <span class='ocrx_word' id='word_1_517' title='bbox 1474 4705 1687 4775; x_wconf 84' lang='grc' dir='ltr'>δένδρον</span> <span class='ocrx_word' id='word_1_518' title='bbox 1723 4724 1813 4773; x_wconf 84' lang='grc' dir='ltr'>σα-</span> 
     </span>
    </p>
   </div>
   <div class='ocr_carea' id='block_1_66' title="bbox 240 4795 1806 4864">
    <p class='ocr_par' dir='ltr' id='par_1_66' title="bbox 240 4795 1806 4864">
     <span class='ocr_line' id='line_1_66' title="bbox 240 4795 1806 4864; baseline 0.002 -17"><span class='ocrx_word' id='word_1_519' title='bbox 240 4795 400 4864; x_wconf 77' lang='grc' dir='ltr'>πρὸν,</span> <span class='ocrx_word' id='word_1_520' title='bbox 433 4796 616 4847; x_wconf 85' lang='grc' dir='ltr'>ποιοῦν</span> <span class='ocrx_word' id='word_1_521' title='bbox 646 4796 858 4863; x_wconf 86' lang='grc' dir='ltr'>καρπὸν</span> <span class='ocrx_word' id='word_1_522' title='bbox 887 4795 1067 4859; x_wconf 76' lang='grc' dir='ltr'>καλὸν,</span> <span class='ocrx_word' id='word_1_523' title='bbox 1097 4796 1239 4850; x_wconf 76' lang='grc' dir='ltr'>οὕτω</span> <span class='ocrx_word' id='word_1_524' title='bbox 1279 4797 1371 4849; x_wconf 72' lang='grc' dir='ltr'><strong>καὶ</strong></span> <span class='ocrx_word' id='word_1_525' title='bbox 1403 4800 1431 4850; x_wconf 93' lang='lat'><strong>6</strong></span> <span class='ocrx_word' id='word_1_526' title='bbox 1461 4800 1584 4861; x_wconf 76' lang='grc' dir='ltr'>τοὺς</span> <span class='ocrx_word' id='word_1_527' title='bbox 1613 4799 1806 4864; x_wconf 81' lang='grc' dir='ltr'>ἄλλους</span> 
     </span>
    </p>
   </div>
   <div class='ocr_carea' id='block_1_67' title="bbox 245 4888 1804 4963">
    <p class='ocr_par' dir='ltr' id='par_1_67' title="bbox 245 4888 1804 4963">
     <span class='ocr_line' id='line_1_67' title="bbox 245 4888 1804 4963; baseline 0.006 -27"><span class='ocrx_word' id='word_1_528' title='bbox 245 4889 597 4956; x_wconf 76' lang='grc' dir='ltr'>σωφρονίζειν</span> <span class='ocrx_word' id='word_1_529' title='bbox 638 4890 729 4939; x_wconf 75' lang='grc' dir='ltr'>καὶ</span> <span class='ocrx_word' id='word_1_530' title='bbox 772 4888 1114 4957; x_wconf 84' lang='grc' dir='ltr'>διορθοῦσθαι</span> <span class='ocrx_word' id='word_1_531' title='bbox 1160 4891 1452 4961; x_wconf 80' lang='grc' dir='ltr'>ἐπιχειρῶν</span> <span class='ocrx_word' id='word_1_532' title='bbox 1521 4891 1614 4944; x_wconf 77' lang='grc' dir='ltr'>καὶ</span> <span class='ocrx_word' id='word_1_533' title='bbox 1673 4910 1804 4963; x_wconf 87' lang='grc' dir='ltr'>μετ-</span> 
     </span>
    </p>
   </div>
   <div class='ocr_carea' id='block_1_68' title="bbox 239 4981 1806 5056">
    <p class='ocr_par' dir='ltr' id='par_1_68' title="bbox 239 4981 1806 5056">
     <span class='ocr_line' id='line_1_68' title="bbox 239 4981 1806 5056; baseline 0.001 -20"><span class='ocrx_word' id='word_1_534' title='bbox 239 4983 393 5051; x_wconf 79' lang='grc' dir='ltr'>άγειν</span> <span class='ocrx_word' id='word_1_535' title='bbox 414 4984 502 5034; x_wconf 74' lang='grc' dir='ltr'><strong>ἐπὶ</strong></span> <span class='ocrx_word' id='word_1_536' title='bbox 527 4982 588 5034; x_wconf 87' lang='grc' dir='ltr'>τὸ</span> <span class='ocrx_word' id='word_1_537' title='bbox 609 4981 950 5051; x_wconf 78' lang='grc' dir='ltr'>βέλτιον,οὐκ</span> <span class='ocrx_word' id='word_1_538' title='bbox 971 4984 1034 5034; x_wconf 84' lang='grc' dir='ltr'>ἂν</span> <span class='ocrx_word' id='word_1_539' title='bbox 1057 4983 1141 5055; x_wconf 67' lang='grc' dir='ltr'><strong>εἴη</strong></span> <span class='ocrx_word' id='word_1_540' title='bbox 1165 4984 1418 5055; x_wconf 77' lang='grc' dir='ltr'>πονηρὸς,</span> <span class='ocrx_word' id='word_1_541' title='bbox 1433 4985 1480 5037; x_wconf 86' lang='grc' dir='ltr'><strong>εί</strong></span> <span class='ocrx_word' id='word_1_542' title='bbox 1496 4985 1552 5037; x_wconf 84' lang='grc' dir='ltr'>δὲ</span> <span class='ocrx_word' id='word_1_543' title='bbox 1575 4988 1806 5056; x_wconf 83' lang='grc' dir='ltr'>πονηρὸς</span> 
     </span>
    </p>
   </div>
   <div class='ocr_carea' id='block_1_69' title="bbox 239 5074 1806 5148">
    <p class='ocr_par' dir='ltr' id='par_1_69' title="bbox 239 5074 1806 5148">
     <span class='ocr_line' id='line_1_69' title="bbox 239 5074 1806 5148; baseline 0.003 -22"><span class='ocrx_word' id='word_1_544' title='bbox 239 5074 348 5143; x_wconf 81' lang='grc' dir='ltr'>εἴη,</span> <span class='ocrx_word' id='word_1_545' title='bbox 403 5077 502 5128; x_wconf 77' lang='grc' dir='ltr'>οὐκ</span> <span class='ocrx_word' id='word_1_546' title='bbox 557 5077 624 5128; x_wconf 81' lang='grc' dir='ltr'>ἂν</span> <span class='ocrx_word' id='word_1_547' title='bbox 676 5076 893 5146; x_wconf 77' lang='grc' dir='ltr'>ἑτέρους</span> <span class='ocrx_word' id='word_1_548' title='bbox 951 5074 1188 5145; x_wconf 82' lang='grc' dir='ltr'>βελτίους</span> <span class='ocrx_word' id='word_1_549' title='bbox 1240 5077 1550 5148; x_wconf 70' lang='grc' dir='ltr'>ἐργάσαιτο.</span> <span class='ocrx_word' id='word_1_550' title='bbox 1602 5077 1663 5130; x_wconf 85' lang='grc' dir='ltr'>Ἡ</span> <span class='ocrx_word' id='word_1_551' title='bbox 1704 5081 1806 5148; x_wconf 75' lang='grc' dir='ltr'>γάρ</span> 
     </span>
    </p>
   </div>
   <div class='ocr_carea' id='block_1_70' title="bbox 242 5168 1805 5243">
    <p class='ocr_par' dir='ltr' id='par_1_70' title="bbox 242 5168 1805 5243">
     <span class='ocr_line' id='line_1_70' title="bbox 242 5168 1805 5243; baseline 0.004 -25"><span class='ocrx_word' id='word_1_552' title='bbox 242 5169 472 5220; x_wconf 78' lang='grc' dir='ltr'>ἑκάστου</span> <span class='ocrx_word' id='word_1_553' title='bbox 499 5169 694 5236; x_wconf 73' lang='grc' dir='ltr'>καρδία</span> <span class='ocrx_word' id='word_1_554' title='bbox 733 5168 1000 5238; x_wconf 81' lang='grc' dir='ltr'>θησαυρός</span> <span class='ocrx_word' id='word_1_555' title='bbox 1025 5171 1163 5232; x_wconf 77' lang='grc' dir='ltr'>ἐστι,</span> <span class='ocrx_word' id='word_1_556' title='bbox 1219 5169 1322 5223; x_wconf 77' lang='grc' dir='ltr'>κᾶν</span> <span class='ocrx_word' id='word_1_557' title='bbox 1359 5172 1454 5240; x_wconf 85' lang='grc' dir='ltr'>μὲν</span> <span class='ocrx_word' id='word_1_558' title='bbox 1482 5171 1660 5239; x_wconf 81' lang='grc' dir='ltr'>ἀγαθὰ</span> <span class='ocrx_word' id='word_1_559' title='bbox 1685 5173 1805 5243; x_wconf 74' lang='grc' dir='ltr'><strong>ἔχῃ,</strong></span> 
     </span>
    </p>
   </div>
   <div class='ocr_carea' id='block_1_71' title="bbox 239 5259 1806 5332">
    <p class='ocr_par' dir='ltr' id='par_1_71' title="bbox 239 5259 1806 5332">
     <span class='ocr_line' id='line_1_71' title="bbox 239 5259 1806 5332; baseline 0.003 -20"><span class='ocrx_word' id='word_1_560' title='bbox 239 5263 334 5312; x_wconf 74' lang='grc' dir='ltr'>καὶ</span> <span class='ocrx_word' id='word_1_561' title='bbox 361 5263 399 5312; x_wconf 78' lang='lat'><strong>.6</strong></span> <span class='ocrx_word' id='word_1_562' title='bbox 426 5259 709 5329; x_wconf 75' lang='grc' dir='ltr'>ἄνθρωπος</span> <span class='ocrx_word' id='word_1_563' title='bbox 762 5263 964 5329; x_wconf 77' lang='grc' dir='ltr'>ἀγαθός</span> <span class='ocrx_word' id='word_1_564' title='bbox 1011 5263 1148 5329; x_wconf 71' lang='grc' dir='ltr'>ἐστι,</span> <span class='ocrx_word' id='word_1_565' title='bbox 1203 5265 1295 5315; x_wconf 72' lang='grc' dir='ltr'>καὶ</span> <span class='ocrx_word' id='word_1_566' title='bbox 1341 5263 1519 5332; x_wconf 79' lang='grc' dir='ltr'>ἀγαθὰ</span> <span class='ocrx_word' id='word_1_567' title='bbox 1559 5265 1728 5318; x_wconf 70' lang='grc' dir='ltr'>λαλεῖ*</span> <span class='ocrx_word' id='word_1_568' title='bbox 1759 5267 1806 5317; x_wconf 84' lang='grc' dir='ltr'><strong>εί</strong></span> 
     </span>
    </p>
   </div>
   <div class='ocr_carea' id='block_1_72' title="bbox 239 5352 1806 5426">
    <p class='ocr_par' dir='ltr' id='par_1_72' title="bbox 239 5352 1806 5426">
     <span class='ocr_line' id='line_1_72' title="bbox 239 5352 1806 5426; baseline 0.003 -24"><span class='ocrx_word' id='word_1_569' title='bbox 239 5352 296 5403; x_wconf 79' lang='grc' dir='ltr'>δὲ</span> <span class='ocrx_word' id='word_1_570' title='bbox 328 5352 578 5420; x_wconf 77' lang='grc' dir='ltr'>πονηρῶν</span> <span class='ocrx_word' id='word_1_571' title='bbox 609 5355 777 5422; x_wconf 82' lang='grc' dir='ltr'>μεστή</span> <span class='ocrx_word' id='word_1_572' title='bbox 811 5356 958 5404; x_wconf 76' lang='grc' dir='ltr'>ἐστιν</span> <span class='ocrx_word' id='word_1_573' title='bbox 1009 5354 1041 5422; x_wconf 82' lang='grc' dir='ltr'>ἠ</span> <span class='ocrx_word' id='word_1_574' title='bbox 1089 5353 1302 5423; x_wconf 81' lang='grc' dir='ltr'>καρδία,</span> <span class='ocrx_word' id='word_1_575' title='bbox 1345 5356 1444 5406; x_wconf 68' lang='grc' dir='ltr'>καῖ</span> <span class='ocrx_word' id='word_1_576' title='bbox 1467 5357 1494 5407; x_wconf 92' lang='lat'><strong>6</strong></span> <span class='ocrx_word' id='word_1_577' title='bbox 1523 5354 1806 5426; x_wconf 82' lang='grc' dir='ltr'>ἄνθρωπος</span> 
     </span>
    </p>
   </div>
   <div class='ocr_carea' id='block_1_73' title="bbox 240 5445 1808 5515">
    <p class='ocr_par' dir='ltr' id='par_1_73' title="bbox 240 5445 1808 5515">
     <span class='ocr_line' id='line_1_73' title="bbox 240 5445 1808 5515; baseline 0.003 -19"><span class='ocrx_word' id='word_1_578' title='bbox 240 5445 471 5514; x_wconf 67' lang='grc' dir='ltr'>πονηρός</span> <span class='ocrx_word' id='word_1_579' title='bbox 505 5446 642 5506; x_wconf 79' lang='grc' dir='ltr'>ἐστι,</span> <span class='ocrx_word' id='word_1_580' title='bbox 682 5447 772 5497; x_wconf 82' lang='grc' dir='ltr'>καὶ</span> <span class='ocrx_word' id='word_1_581' title='bbox 809 5445 1019 5515; x_wconf 80' lang='grc' dir='ltr'>πονηρὰ</span> <span class='ocrx_word' id='word_1_582' title='bbox 1055 5445 1222 5498; x_wconf 82' lang='grc' dir='ltr'>λαλεῖ.</span> <span class='ocrx_word' id='word_1_583' title='bbox 1269 5448 1502 5500; x_wconf 71' lang='grc' dir='ltr'>Δύνασαι</span> <span class='ocrx_word' id='word_1_584' title='bbox 1537 5447 1591 5500; x_wconf 83' lang='grc' dir='ltr'>δὲ</span> <span class='ocrx_word' id='word_1_585' title='bbox 1635 5448 1808 5500; x_wconf 84' lang='grc' dir='ltr'>ταῦτα</span> 
     </span>
    </p>
   </div>
   <div class='ocr_carea' id='block_1_74' title="bbox 241 5534 1805 5605">
    <p class='ocr_par' dir='ltr' id='par_1_74' title="bbox 241 5534 1805 5605">
     <span class='ocr_line' id='line_1_74' title="bbox 241 5534 1805 5605; baseline 0.001 -20"><span class='ocrx_word' id='word_1_586' title='bbox 241 5535 418 5587; x_wconf 84' lang='grc' dir='ltr'>πάντα</span> <span class='ocrx_word' id='word_1_587' title='bbox 441 5536 534 5587; x_wconf 77' lang='grc' dir='ltr'>καὶ</span> <span class='ocrx_word' id='word_1_588' title='bbox 560 5534 636 5597; x_wconf 85' lang='grc' dir='ltr'>ὡς</span> <span class='ocrx_word' id='word_1_589' title='bbox 665 5535 790 5604; x_wconf 77' lang='grc' dir='ltr'>περὶ</span> <span class='ocrx_word' id='word_1_590' title='bbox 822 5537 927 5589; x_wconf 83' lang='grc' dir='ltr'>τῶν</span> <span class='ocrx_word' id='word_1_591' title='bbox 956 5537 1267 5605; x_wconf 77' lang='grc' dir='ltr'>Φαρισαίων</span> <span class='ocrx_word' id='word_1_592' title='bbox 1297 5537 1563 5604; x_wconf 64' lang='grc' dir='ltr'>λεγόμενα</span> <span class='ocrx_word' id='word_1_593' title='bbox 1595 5539 1805 5605; x_wconf 78' lang='grc' dir='ltr'>νοῆσαι.</span> 
     </span>
    </p>
   </div>
   <div class='ocr_carea' id='block_1_75' title="bbox 242 5627 1809 5700">
    <p class='ocr_par' dir='ltr' id='par_1_75' title="bbox 242 5627 1809 5700">
     <span class='ocr_line' id='line_1_75' title="bbox 242 5627 1809 5700; baseline -0.001 -18"><span class='ocrx_word' id='word_1_594' title='bbox 242 5630 383 5700; x_wconf 74' lang='grc' dir='ltr'>Πρὸς</span> <span class='ocrx_word' id='word_1_595' title='bbox 409 5629 643 5688; x_wconf 75' lang='grc' dir='ltr'>ἐκείνους</span> <span class='ocrx_word' id='word_1_596' title='bbox 666 5627 1219 5698; x_wconf 79' lang='grc' dir='ltr'>γὰράποτεινόμενος,</span> <span class='ocrx_word' id='word_1_597' title='bbox 1239 5631 1421 5699; x_wconf 70' lang='grc' dir='ltr'>φησιν,</span> <span class='ocrx_word' id='word_1_598' title='bbox 1453 5628 1809 5694; x_wconf 43' lang='grc' dir='ltr'>ὅτι,,”Εκ6αλε</span> 
     </span>
    </p>
   </div>
   <div class='ocr_carea' id='block_1_76' title="bbox 323 5787 880 5846">
    <p class='ocr_par' dir='ltr' id='par_1_76' title="bbox 323 5787 880 5846">
     <span class='ocr_line' id='line_1_76' title="bbox 323 5787 880 5846; baseline -0.004 -4"><span class='ocrx_word' id='word_1_599' title='bbox 323 5790 364 5818; x_wconf 66' lang='grc'><strong>³³</strong></span> <span class='ocrx_word' id='word_1_600' title='bbox 421 5789 576 5842; x_wconf 80' lang='lat' dir='ltr'><strong>Joan.</strong></span> <span class='ocrx_word' id='word_1_601' title='bbox 645 5787 880 5846; x_wconf 66' lang='lat' dir='ltr'><strong>tumlti.</strong></span> 
     </span>
    </p>
   </div>
   <div class='ocr_carea' id='block_1_77' title="bbox 523 5878 1269 5938">
    <p class='ocr_par' dir='ltr' id='par_1_77' title="bbox 523 5878 1269 5938">
     <span class='ocr_line' id='line_1_77' title="bbox 523 5878 1269 5938; baseline -0.001 0"><span class='ocrx_word' id='word_1_602' title='bbox 523 5879 785 5938; x_wconf 67' lang='lat' dir='ltr'><strong>PA&#39;t&#39;nOL.</strong></span> <span class='ocrx_word' id='word_1_603' title='bbox 823 5881 935 5936; x_wconf 51' lang='lat' dir='ltr'><strong>(in.</strong></span> <span class='ocrx_word' id='word_1_604' title='bbox 985 5879 1086 5937; x_wconf 70' lang='lat' dir='ltr'><strong>LIX</strong></span> <span class='ocrx_word' id='word_1_605' title='bbox 1102 5878 1269 5938; x_wconf 73' lang='lat' dir='ltr'><strong>X111.</strong></span> 
     </span>
    </p>
   </div>
   <div class='ocr_carea' id='block_1_78' title="bbox 2008 2054 3507 2121">
    <p class='ocr_par' dir='ltr' id='par_1_78' title="bbox 2008 2054 3507 2121">
     <span class='ocr_line' id='line_1_78' title="bbox 2008 2054 3507 2121; baseline 0.002 -12"><span class='ocrx_word' id='word_1_606' title='bbox 2008 2055 2167 2110; x_wconf 73' lang='lat' dir='ltr'><strong>Vens.</strong></span> <span class='ocrx_word' id='word_1_607' title='bbox 2203 2055 2391 2110; x_wconf 69' lang='grc' dir='ltr'>ιιι-45.</span> <span class='ocrx_word' id='word_1_608' title='bbox 2418 2054 2556 2121; x_wconf 86' lang='lat' dir='ltr'><strong>Quid</strong></span> <span class='ocrx_word' id='word_1_609' title='bbox 2591 2063 2770 2110; x_wconf 88' lang='lat' dir='ltr'><strong>autem</strong></span> <span class='ocrx_word' id='word_1_610' title='bbox 2802 2055 2950 2112; x_wconf 82' lang='lat' dir='ltr'><strong>vides</strong></span> <span class='ocrx_word' id='word_1_611' title='bbox 2970 2055 3234 2112; x_wconf 79' lang='lat' dir='ltr'><strong>festucam</strong></span> <span class='ocrx_word' id='word_1_612' title='bbox 3262 2058 3314 2111; x_wconf 90' lang='lat' dir='ltr'><strong>in</strong></span> <span class='ocrx_word' id='word_1_613' title='bbox 3346 2058 3507 2114; x_wconf 87' lang='lat' dir='ltr'><strong>oculo</strong></span> 
     </span>
    </p>
   </div>
   <div class='ocr_carea' id='block_1_79' title="bbox 1932 2147 3504 2220">
    <p class='ocr_par' dir='ltr' id='par_1_79' title="bbox 1932 2147 3504 2220">
     <span class='ocr_line' id='line_1_79' title="bbox 1932 2147 3504 2220; baseline 0.001 -18"><span class='ocrx_word' id='word_1_614' title='bbox 1932 2147 2114 2202; x_wconf 80' lang='lat' dir='ltr'><strong>fratris</strong></span> <span class='ocrx_word' id='word_1_615' title='bbox 2145 2149 2240 2211; x_wconf 86' lang='lat' dir='ltr'><strong>tui,</strong></span> <span class='ocrx_word' id='word_1_616' title='bbox 2275 2149 2484 2202; x_wconf 85' lang='lat' dir='ltr'><strong>trabem</strong></span> <span class='ocrx_word' id='word_1_617' title='bbox 2517 2159 2697 2203; x_wconf 87' lang='lat' dir='ltr'><strong>autem</strong></span> <span class='ocrx_word' id='word_1_618' title='bbox 2728 2164 2846 2218; x_wconf 65' lang='lat' dir='ltr'><strong>qua:</strong></span> <span class='ocrx_word' id='word_1_619' title='bbox 2872 2150 2924 2203; x_wconf 90' lang='lat' dir='ltr'><strong>in</strong></span> <span class='ocrx_word' id='word_1_620' title='bbox 2948 2149 3104 2204; x_wconf 86' lang='lat' dir='ltr'><strong>oculo</strong></span> <span class='ocrx_word' id='word_1_621' title='bbox 3137 2153 3358 2220; x_wconf 88' lang='lat' dir='ltr'><strong>proprio</strong></span> <span class='ocrx_word' id='word_1_622' title='bbox 3390 2161 3504 2214; x_wconf 88' lang='lat' dir='ltr'><strong>tuo,</strong></span> 
     </span>
    </p>
   </div>
   <div class='ocr_carea' id='block_1_80' title="bbox 1929 2240 3506 2312">
    <p class='ocr_par' dir='ltr' id='par_1_80' title="bbox 1929 2240 3506 2312">
     <span class='ocr_line' id='line_1_80' title="bbox 1929 2240 3506 2312; baseline 0.001 -18"><span class='ocrx_word' id='word_1_623' title='bbox 1929 2256 2034 2294; x_wconf 87' lang='lat' dir='ltr'><strong>non</strong></span> <span class='ocrx_word' id='word_1_624' title='bbox 2063 2240 2499 2296; x_wconf 79' lang='lat' dir='ltr'><strong>animadvertis?</strong></span> <span class='ocrx_word' id='word_1_625' title='bbox 2526 2242 2632 2295; x_wconf 80' lang='lat' dir='ltr'><strong>Aut</strong></span> <span class='ocrx_word' id='word_1_626' title='bbox 2660 2245 2930 2309; x_wconf 87' lang='lat' dir='ltr'><strong>quomodo</strong></span> <span class='ocrx_word' id='word_1_627' title='bbox 2960 2252 3115 2312; x_wconf 85' lang='lat' dir='ltr'><strong>potes</strong></span> <span class='ocrx_word' id='word_1_628' title='bbox 3146 2243 3325 2297; x_wconf 86' lang='lat' dir='ltr'><strong>dicere</strong></span> <span class='ocrx_word' id='word_1_629' title='bbox 3350 2243 3506 2296; x_wconf 81' lang='lat' dir='ltr'><strong>fratri</strong></span> 
     </span>
    </p>
   </div>
   <div class='ocr_carea' id='block_1_81' title="bbox 1930 2332 3507 2400">
    <p class='ocr_par' dir='ltr' id='par_1_81' title="bbox 1930 2332 3507 2400">
     <span class='ocr_line' id='line_1_81' title="bbox 1930 2332 3507 2400; baseline 0.002 -14"><span class='ocrx_word' id='word_1_630' title='bbox 1930 2343 2020 2388; x_wconf 89' lang='lat' dir='ltr'><strong>tuo</strong></span> <span class='ocrx_word' id='word_1_631' title='bbox 2045 2351 2061 2388; x_wconf 72' lang='grc' dir='ltr'><strong>ε</strong></span> <span class='ocrx_word' id='word_1_632' title='bbox 2084 2333 2294 2396; x_wconf 79' lang='lat' dir='ltr'><strong>Frater,</strong></span> <span class='ocrx_word' id='word_1_633' title='bbox 2321 2333 2459 2398; x_wconf 86' lang='lat' dir='ltr'><strong>sine,</strong></span> <span class='ocrx_word' id='word_1_634' title='bbox 2482 2332 2692 2400; x_wconf 88' lang='lat' dir='ltr'><strong>ejiciam</strong></span> <span class='ocrx_word' id='word_1_635' title='bbox 2711 2332 2970 2387; x_wconf 83' lang='lat' dir='ltr'><strong>festucam</strong></span> <span class='ocrx_word' id='word_1_636' title='bbox 2990 2350 3112 2393; x_wconf 74' lang='lat' dir='ltr'><strong>qua:</strong></span> <span class='ocrx_word' id='word_1_637' title='bbox 3142 2335 3195 2387; x_wconf 88' lang='lat' dir='ltr'><strong>in</strong></span> <span class='ocrx_word' id='word_1_638' title='bbox 3223 2335 3380 2388; x_wconf 91' lang='lat' dir='ltr'><strong>oculo</strong></span> <span class='ocrx_word' id='word_1_639' title='bbox 3413 2346 3507 2389; x_wconf 83' lang='lat' dir='ltr'><strong>tuo</strong></span> 
     </span>
    </p>
   </div>
   <div class='ocr_carea' id='block_1_82' title="bbox 1926 2425 3501 2498">
    <p class='ocr_par' dir='ltr' id='par_1_82' title="bbox 1926 2425 3501 2498">
     <span class='ocr_line' id='line_1_82' title="bbox 1926 2425 3501 2498; baseline -0.003 -16"><span class='ocrx_word' id='word_1_640' title='bbox 1926 2434 2030 2493; x_wconf 87' lang='lat' dir='ltr'><strong>est,</strong></span> <span class='ocrx_word' id='word_1_641' title='bbox 2067 2428 2180 2496; x_wconf 88' lang='lat' dir='ltr'><strong>ipse</strong></span> <span class='ocrx_word' id='word_1_642' title='bbox 2206 2427 2259 2480; x_wconf 87' lang='lat' dir='ltr'><strong>in</strong></span> <span class='ocrx_word' id='word_1_643' title='bbox 2283 2427 2440 2482; x_wconf 92' lang='lat' dir='ltr'><strong>oculo</strong></span> <span class='ocrx_word' id='word_1_644' title='bbox 2464 2435 2556 2481; x_wconf 91' lang='lat' dir='ltr'><strong>tuo</strong></span> <span class='ocrx_word' id='word_1_645' title='bbox 2579 2427 2785 2480; x_wconf 86' lang='lat' dir='ltr'><strong>trabem</strong></span> <span class='ocrx_word' id='word_1_646' title='bbox 2806 2441 2912 2480; x_wconf 88' lang='lat' dir='ltr'><strong>non</strong></span> <span class='ocrx_word' id='word_1_647' title='bbox 2939 2425 3165 2482; x_wconf 81' lang='lat' dir='ltr'><strong>videns?</strong></span> <span class='ocrx_word' id='word_1_648' title='bbox 3187 2426 3501 2498; x_wconf 81' lang='lat' dir='ltr'><strong>Hypocrita,</strong></span> 
     </span>
    </p>
   </div>
   <div class='ocr_carea' id='block_1_83' title="bbox 1926 2519 3502 2592">
    <p class='ocr_par' dir='ltr' id='par_1_83' title="bbox 1926 2519 3502 2592">
     <span class='ocr_line' id='line_1_83' title="bbox 1926 2519 3502 2592; baseline -0.001 -18"><span class='ocrx_word' id='word_1_649' title='bbox 1926 2519 2064 2589; x_wconf 85' lang='lat' dir='ltr'><strong>ejice</strong></span> <span class='ocrx_word' id='word_1_650' title='bbox 2091 2521 2324 2590; x_wconf 90' lang='lat' dir='ltr'><strong>primum</strong></span> <span class='ocrx_word' id='word_1_651' title='bbox 2355 2521 2562 2574; x_wconf 76' lang='lat' dir='ltr'><strong>trahent</strong></span> <span class='ocrx_word' id='word_1_652' title='bbox 2595 2535 2661 2575; x_wconf 72' lang='lat' dir='ltr'><strong>ex</strong></span> <span class='ocrx_word' id='word_1_653' title='bbox 2697 2521 2853 2575; x_wconf 91' lang='lat' dir='ltr'><strong>oculo</strong></span> <span class='ocrx_word' id='word_1_654' title='bbox 2891 2529 3000 2583; x_wconf 89' lang='lat' dir='ltr'><strong>tuo,</strong></span> <span class='ocrx_word' id='word_1_655' title='bbox 3038 2529 3093 2575; x_wconf 88' lang='lat' dir='ltr'><strong>et</strong></span> <span class='ocrx_word' id='word_1_656' title='bbox 3133 2531 3263 2576; x_wconf 90' lang='lat' dir='ltr'><strong>tunc</strong></span> <span class='ocrx_word' id='word_1_657' title='bbox 3291 2523 3502 2592; x_wconf 84' lang='lat' dir='ltr'><strong>perspi-</strong></span> 
     </span>
    </p>
   </div>
   <div class='ocr_carea' id='block_1_84' title="bbox 1927 2610 3500 2679">
    <p class='ocr_par' dir='ltr' id='par_1_84' title="bbox 1927 2610 3500 2679">
     <span class='ocr_line' id='line_1_84' title="bbox 1927 2610 3500 2679; baseline 0.001 -15"><span class='ocrx_word' id='word_1_658' title='bbox 1927 2610 2121 2664; x_wconf 89' lang='lat' dir='ltr'><strong>cies-ut</strong></span> <span class='ocrx_word' id='word_1_659' title='bbox 2152 2610 2336 2679; x_wconf 87' lang='lat' dir='ltr'><strong>ejicias</strong></span> <span class='ocrx_word' id='word_1_660' title='bbox 2367 2615 2631 2666; x_wconf 81' lang='lat' dir='ltr'><strong>festucam</strong></span> <span class='ocrx_word' id='word_1_661' title='bbox 2661 2627 2780 2679; x_wconf 84' lang='lat' dir='ltr'><strong>quae</strong></span> <span class='ocrx_word' id='word_1_662' title='bbox 2812 2623 2894 2666; x_wconf 85' lang='lat' dir='ltr'><strong>est</strong></span> <span class='ocrx_word' id='word_1_663' title='bbox 2919 2612 2974 2666; x_wconf 87' lang='lat' dir='ltr'><strong>in</strong></span> <span class='ocrx_word' id='word_1_664' title='bbox 3001 2612 3160 2666; x_wconf 90' lang='lat' dir='ltr'><strong>oculo</strong></span> <span class='ocrx_word' id='word_1_665' title='bbox 3189 2612 3378 2669; x_wconf 86' lang='lat' dir='ltr'><strong>fratris</strong></span> <span class='ocrx_word' id='word_1_666' title='bbox 3401 2617 3500 2667; x_wconf 83' lang='lat' dir='ltr'><strong>tui.</strong></span> 
     </span>
    </p>
   </div>
   <div class='ocr_carea' id='block_1_85' title="bbox 1927 2699 3499 2771">
    <p class='ocr_par' dir='ltr' id='par_1_85' title="bbox 1927 2699 3499 2771">
     <span class='ocr_line' id='line_1_85' title="bbox 1927 2699 3499 2771; baseline 0.004 -19"><span class='ocrx_word' id='word_1_667' title='bbox 1927 2699 2044 2754; x_wconf 80' lang='lat' dir='ltr'><strong>Non</strong></span> <span class='ocrx_word' id='word_1_668' title='bbox 2076 2710 2160 2754; x_wconf 87' lang='lat' dir='ltr'><strong>est</strong></span> <span class='ocrx_word' id='word_1_669' title='bbox 2181 2701 2324 2755; x_wconf 89' lang='lat' dir='ltr'><strong>enim</strong></span> <span class='ocrx_word' id='word_1_670' title='bbox 2355 2701 2516 2755; x_wconf 86' lang='lat' dir='ltr'><strong>arbor</strong></span> <span class='ocrx_word' id='word_1_671' title='bbox 2538 2700 2675 2755; x_wconf 90' lang='lat' dir='ltr'><strong>bona</strong></span> <span class='ocrx_word' id='word_1_672' title='bbox 2707 2717 2826 2771; x_wconf 64' lang='lat' dir='ltr'><strong>qua:</strong></span> <span class='ocrx_word' id='word_1_673' title='bbox 2853 2703 2981 2756; x_wconf 84' lang='lat' dir='ltr'><strong>facit</strong></span> <span class='ocrx_word' id='word_1_674' title='bbox 3004 2703 3238 2758; x_wconf 87' lang='lat' dir='ltr'><strong>fructum</strong></span> <span class='ocrx_word' id='word_1_675' title='bbox 3263 2704 3499 2759; x_wconf 85' lang='lat' dir='ltr'><strong>malum:</strong></span> 
     </span>
    </p>
   </div>
   <div class='ocr_carea' id='block_1_86' title="bbox 1926 2789 3502 2865">
    <p class='ocr_par' dir='ltr' id='par_1_86' title="bbox 1926 2789 3502 2865">
     <span class='ocr_line' id='line_1_86' title="bbox 1926 2789 3502 2865; baseline 0.005 -23"><span class='ocrx_word' id='word_1_676' title='bbox 1926 2804 2100 2858; x_wconf 87' lang='lat' dir='ltr'><strong>neque</strong></span> <span class='ocrx_word' id='word_1_677' title='bbox 2125 2789 2287 2844; x_wconf 90' lang='lat' dir='ltr'><strong>arbor</strong></span> <span class='ocrx_word' id='word_1_678' title='bbox 2314 2790 2452 2844; x_wconf 87' lang='lat' dir='ltr'><strong>mala</strong></span> <span class='ocrx_word' id='word_1_679' title='bbox 2484 2790 2686 2844; x_wconf 81' lang='lat' dir='ltr'><strong>faciens</strong></span> <span class='ocrx_word' id='word_1_680' title='bbox 2715 2790 2948 2845; x_wconf 84' lang='lat' dir='ltr'><strong>fructum</strong></span> <span class='ocrx_word' id='word_1_681' title='bbox 2981 2793 3202 2848; x_wconf 88' lang='lat' dir='ltr'><strong>bonum.</strong></span> <span class='ocrx_word' id='word_1_682' title='bbox 3237 2794 3502 2865; x_wconf 64' lang='lat' dir='ltr'><strong>Unaquae-</strong></span> 
     </span>
    </p>
   </div>
   <div class='ocr_carea' id='block_1_87' title="bbox 1924 2881 3504 2960">
    <p class='ocr_par' dir='ltr' id='par_1_87' title="bbox 1924 2881 3504 2960">
     <span class='ocr_line' id='line_1_87' title="bbox 1924 2881 3504 2960; baseline 0.008 -28"><span class='ocrx_word' id='word_1_683' title='bbox 1924 2895 2027 2949; x_wconf 85' lang='lat' dir='ltr'><strong>que</strong></span> <span class='ocrx_word' id='word_1_684' title='bbox 2067 2881 2210 2935; x_wconf 86' lang='lat' dir='ltr'><strong>enim</strong></span> <span class='ocrx_word' id='word_1_685' title='bbox 2250 2881 2417 2935; x_wconf 87' lang='lat' dir='ltr'><strong>arbor</strong></span> <span class='ocrx_word' id='word_1_686' title='bbox 2455 2897 2518 2936; x_wconf 82' lang='lat' dir='ltr'><strong>ex</strong></span> <span class='ocrx_word' id='word_1_687' title='bbox 2565 2881 2744 2937; x_wconf 88' lang='lat' dir='ltr'><strong>fructu</strong></span> <span class='ocrx_word' id='word_1_688' title='bbox 2794 2899 2896 2939; x_wconf 88' lang='lat' dir='ltr'><strong>suo</strong></span> <span class='ocrx_word' id='word_1_689' title='bbox 2935 2888 3269 2956; x_wconf 77' lang='lat' dir='ltr'><strong>agnoscitur.</strong></span> <span class='ocrx_word' id='word_1_690' title='bbox 3313 2886 3504 2960; x_wconf 85' lang='lat' dir='ltr'><strong>Neque</strong></span> 
     </span>
    </p>
   </div>
   <div class='ocr_carea' id='block_1_88' title="bbox 1926 2971 3502 3047">
    <p class='ocr_par' dir='ltr' id='par_1_88' title="bbox 1926 2971 3502 3047">
     <span class='ocr_line' id='line_1_88' title="bbox 1926 2971 3502 3047; baseline 0.007 -21"><span class='ocrx_word' id='word_1_691' title='bbox 1926 2971 2067 3026; x_wconf 88' lang='lat' dir='ltr'><strong>enim</strong></span> <span class='ocrx_word' id='word_1_692' title='bbox 2095 2987 2126 3027; x_wconf 79' lang='grc' dir='ltr'><strong>ο</strong></span> <span class='ocrx_word' id='word_1_693' title='bbox 2159 2971 2328 3041; x_wconf 84' lang='lat' dir='ltr'><strong>spinis</strong></span> <span class='ocrx_word' id='word_1_694' title='bbox 2365 2973 2625 3042; x_wconf 79' lang='lat' dir='ltr'><strong>colligunt</strong></span> <span class='ocrx_word' id='word_1_695' title='bbox 2659 2975 2792 3029; x_wconf 80' lang='lat' dir='ltr'><strong>ficus</strong></span> <span class='ocrx_word' id='word_1_696' title='bbox 2813 3017 2826 3039; x_wconf 91' lang='lat'><strong>,</strong></span> <span class='ocrx_word' id='word_1_697' title='bbox 2867 2991 3039 3047; x_wconf 84' lang='lat' dir='ltr'><strong>neque</strong></span> <span class='ocrx_word' id='word_1_698' title='bbox 3076 2994 3108 3035; x_wconf 83' lang='grc' dir='ltr'><strong>ο</strong></span> <span class='ocrx_word' id='word_1_699' title='bbox 3137 2981 3272 3035; x_wconf 90' lang='lat' dir='ltr'><strong>rubo</strong></span> <span class='ocrx_word' id='word_1_700' title='bbox 3314 2982 3502 3037; x_wconf 78' lang='lat' dir='ltr'><strong>vinde-</strong></span> 
     </span>
    </p>
   </div>
   <div class='ocr_carea' id='block_1_89' title="bbox 1887 3062 3503 3127">
    <p class='ocr_par' dir='ltr' id='par_1_89' title="bbox 1887 3062 3503 3127">
     <span class='ocr_line' id='line_1_89' title="bbox 1887 3062 3503 3127; baseline 0.007 -12"><span class='ocrx_word' id='word_1_701' title='bbox 1887 3090 1892 3094; x_wconf 93' lang='lat'><strong><em>-</em></strong></span> <span class='ocrx_word' id='word_1_702' title='bbox 1926 3063 2094 3116; x_wconf 88' lang='lat' dir='ltr'><strong>miant</strong></span> <span class='ocrx_word' id='word_1_703' title='bbox 2126 3073 2305 3117; x_wconf 80' lang='lat' dir='ltr'><strong>uvam.</strong></span> <span class='ocrx_word' id='word_1_704' title='bbox 2339 3062 2522 3119; x_wconf 91' lang='lat' dir='ltr'><strong>Bonus</strong></span> <span class='ocrx_word' id='word_1_705' title='bbox 2554 3065 2716 3120; x_wconf 89' lang='lat' dir='ltr'><strong>homo</strong></span> <span class='ocrx_word' id='word_1_706' title='bbox 2747 3080 2814 3120; x_wconf 83' lang='lat' dir='ltr'><strong>ex</strong></span> <span class='ocrx_word' id='word_1_707' title='bbox 2848 3067 2994 3122; x_wconf 90' lang='lat' dir='ltr'><strong>bono</strong></span> <span class='ocrx_word' id='word_1_708' title='bbox 3032 3068 3287 3125; x_wconf 79' lang='lat' dir='ltr'><strong>thesauro</strong></span> <span class='ocrx_word' id='word_1_709' title='bbox 3320 3073 3503 3127; x_wconf 84' lang='lat' dir='ltr'><strong>cordis</strong></span> 
     </span>
    </p>
   </div>
   <div class='ocr_carea' id='block_1_90' title="bbox 1925 3155 3500 3224">
    <p class='ocr_par' dir='ltr' id='par_1_90' title="bbox 1925 3155 3500 3224">
     <span class='ocr_line' id='line_1_90' title="bbox 1925 3155 3500 3224; baseline 0.006 -15"><span class='ocrx_word' id='word_1_710' title='bbox 1925 3157 2007 3209; x_wconf 87' lang='lat' dir='ltr'><strong>sui</strong></span> <span class='ocrx_word' id='word_1_711' title='bbox 2034 3155 2238 3224; x_wconf 84' lang='lat' dir='ltr'><strong>profert</strong></span> <span class='ocrx_word' id='word_1_712' title='bbox 2262 3158 2487 3223; x_wconf 84' lang='lat' dir='ltr'><strong>bonum,</strong></span> <span class='ocrx_word' id='word_1_713' title='bbox 2512 3168 2568 3212; x_wconf 93' lang='lat' dir='ltr'><strong>et</strong></span> <span class='ocrx_word' id='word_1_714' title='bbox 2598 3159 2772 3214; x_wconf 85' lang='lat' dir='ltr'><strong>malus</strong></span> <span class='ocrx_word' id='word_1_715' title='bbox 2799 3161 2963 3216; x_wconf 90' lang='lat' dir='ltr'><strong>homo</strong></span> <span class='ocrx_word' id='word_1_716' title='bbox 2983 3178 3046 3216; x_wconf 82' lang='lat' dir='ltr'><strong>ex</strong></span> <span class='ocrx_word' id='word_1_717' title='bbox 3075 3162 3217 3218; x_wconf 88' lang='lat' dir='ltr'><strong>man</strong></span> <span class='ocrx_word' id='word_1_718' title='bbox 3243 3164 3500 3221; x_wconf 85' lang='lat' dir='ltr'><strong>thesauro</strong></span> 
     </span>
    </p>
   </div>
   <div class='ocr_carea' id='block_1_91' title="bbox 1923 3245 3500 3316">
    <p class='ocr_par' dir='ltr' id='par_1_91' title="bbox 1923 3245 3500 3316">
     <span class='ocr_line' id='line_1_91' title="bbox 1923 3245 3500 3316; baseline 0.008 -18"><span class='ocrx_word' id='word_1_719' title='bbox 1923 3245 2102 3299; x_wconf 81' lang='lat' dir='ltr'><strong>cordis</strong></span> <span class='ocrx_word' id='word_1_720' title='bbox 2131 3247 2212 3299; x_wconf 91' lang='lat' dir='ltr'><strong>sui</strong></span> <span class='ocrx_word' id='word_1_721' title='bbox 2240 3246 2446 3316; x_wconf 57' lang='lat' dir='ltr'><strong>proicit</strong></span> <span class='ocrx_word' id='word_1_722' title='bbox 2471 3249 2694 3302; x_wconf 88' lang='lat' dir='ltr'><strong>malum.</strong></span> <span class='ocrx_word' id='word_1_723' title='bbox 2727 3249 2802 3309; x_wconf 80' lang='lat' dir='ltr'><strong>Ex</strong></span> <span class='ocrx_word' id='word_1_724' title='bbox 2830 3251 3122 3306; x_wconf 88' lang='lat' dir='ltr'><strong>abundatia</strong></span> <span class='ocrx_word' id='word_1_725' title='bbox 3150 3252 3295 3308; x_wconf 90' lang='lat' dir='ltr'><strong>enim</strong></span> <span class='ocrx_word' id='word_1_726' title='bbox 3319 3256 3500 3310; x_wconf 88' lang='lat' dir='ltr'><strong>cordis</strong></span> 
     </span>
    </p>
   </div>
   <div class='ocr_carea' id='block_1_92' title="bbox 1924 3335 3500 3413">
    <p class='ocr_par' dir='ltr' id='par_1_92' title="bbox 1924 3335 3500 3413">
     <span class='ocr_line' id='line_1_92' title="bbox 1924 3335 3500 3413; baseline 0.008 -26"><span class='ocrx_word' id='word_1_727' title='bbox 1924 3335 2159 3404; x_wconf 82' lang='lat' dir='ltr'><strong>loquitur</strong></span> <span class='ocrx_word' id='word_1_728' title='bbox 2187 3352 2249 3392; x_wconf 93' lang='lat' dir='ltr'><strong>os</strong></span> <span class='ocrx_word' id='word_1_729' title='bbox 2276 3339 2415 3407; x_wconf 82' lang='lat' dir='ltr'><strong>ejus.</strong></span> <span class='ocrx_word' id='word_1_730' title='bbox 2456 3357 2474 3390; x_wconf 79' lang='grc' dir='ltr'><strong>ι</strong></span> <span class='ocrx_word' id='word_1_731' title='bbox 2510 3339 2647 3406; x_wconf 88' lang='lat' dir='ltr'><strong>Quid</strong></span> <span class='ocrx_word' id='word_1_732' title='bbox 2677 3349 2855 3396; x_wconf 84' lang='lat' dir='ltr'><strong>autem</strong></span> <span class='ocrx_word' id='word_1_733' title='bbox 2887 3342 3061 3408; x_wconf 87' lang='lat' dir='ltr'><strong>vides,</strong></span> <span class='ocrx_word' id='word_1_734' title='bbox 3096 3343 3293 3413; x_wconf 88' lang='lat' dir='ltr'><strong>inquit,</strong></span> <span class='ocrx_word' id='word_1_735' title='bbox 3329 3344 3500 3400; x_wconf 86' lang='lat' dir='ltr'><strong>festu-</strong></span> 
     </span>
    </p>
   </div>
   <div class='ocr_carea' id='block_1_93' title="bbox 1922 3431 3496 3502">
    <p class='ocr_par' dir='ltr' id='par_1_93' title="bbox 1922 3431 3496 3502">
     <span class='ocr_line' id='line_1_93' title="bbox 1922 3431 3496 3502; baseline 0.01 -22"><span class='ocrx_word' id='word_1_736' title='bbox 1922 3444 2061 3494; x_wconf 85' lang='lat' dir='ltr'><strong>cam,</strong></span> <span class='ocrx_word' id='word_1_737' title='bbox 2104 3431 2206 3485; x_wconf 79' lang='lat' dir='ltr'><strong>lioc</strong></span> <span class='ocrx_word' id='word_1_738' title='bbox 2235 3438 2338 3496; x_wconf 84' lang='lat' dir='ltr'><strong>est,</strong></span> <span class='ocrx_word' id='word_1_739' title='bbox 2367 3447 2589 3500; x_wconf 66' lang='lat' dir='ltr'><strong>parvum</strong></span> <span class='ocrx_word' id='word_1_740' title='bbox 2621 3447 2900 3502; x_wconf 86' lang='lat' dir='ltr'><strong>peccatum</strong></span> <span class='ocrx_word' id='word_1_741' title='bbox 2927 3435 3116 3492; x_wconf 83' lang='lat' dir='ltr'><strong>fratris</strong></span> <span class='ocrx_word' id='word_1_742' title='bbox 3150 3439 3247 3502; x_wconf 90' lang='lat' dir='ltr'><strong>tui,</strong></span> <span class='ocrx_word' id='word_1_743' title='bbox 3289 3441 3496 3495; x_wconf 84' lang='lat' dir='ltr'><strong>trabem</strong></span> 
     </span>
    </p>
   </div>
   <div class='ocr_carea' id='block_1_94' title="bbox 1923 3530 3500 3593">
    <p class='ocr_par' dir='ltr' id='par_1_94' title="bbox 1923 3530 3500 3593">
     <span class='ocr_line' id='line_1_94' title="bbox 1923 3530 3500 3593; baseline 0.008 -17"><span class='ocrx_word' id='word_1_744' title='bbox 1923 3530 2119 3584; x_wconf 86' lang='lat' dir='ltr'><strong>autem,</strong></span> <span class='ocrx_word' id='word_1_745' title='bbox 2151 3538 2403 3593; x_wconf 76' lang='lat' dir='ltr'><strong>magnum</strong></span> <span class='ocrx_word' id='word_1_746' title='bbox 2426 3536 2710 3592; x_wconf 88' lang='lat' dir='ltr'><strong>peccatum</strong></span> <span class='ocrx_word' id='word_1_747' title='bbox 2747 3537 2917 3591; x_wconf 87' lang='lat' dir='ltr'><strong>tuum,</strong></span> <span class='ocrx_word' id='word_1_748' title='bbox 2950 3544 3058 3583; x_wconf 89' lang='lat' dir='ltr'><strong>non</strong></span> <span class='ocrx_word' id='word_1_749' title='bbox 3088 3532 3500 3590; x_wconf 66' lang='lat' dir='ltr'><strong>advertisﬂloi:</strong></span> 
     </span>
    </p>
   </div>
   <div class='ocr_carea' id='block_1_95' title="bbox 1921 3613 3500 3686">
    <p class='ocr_par' dir='ltr' id='par_1_95' title="bbox 1921 3613 3500 3686">
     <span class='ocr_line' id='line_1_95' title="bbox 1921 3613 3500 3686; baseline 0.009 -20"><span class='ocrx_word' id='word_1_750' title='bbox 1921 3621 2098 3666; x_wconf 85' lang='lat' dir='ltr'><strong>autem</strong></span> <span class='ocrx_word' id='word_1_751' title='bbox 2138 3613 2389 3668; x_wconf 89' lang='lat' dir='ltr'><strong>omnibus</strong></span> <span class='ocrx_word' id='word_1_752' title='bbox 2425 3615 2528 3670; x_wconf 85' lang='lat' dir='ltr'><strong>dici</strong></span> <span class='ocrx_word' id='word_1_753' title='bbox 2565 3626 2776 3686; x_wconf 80' lang='lat' dir='ltr'><strong>potest,</strong></span> <span class='ocrx_word' id='word_1_754' title='bbox 2819 3629 2872 3672; x_wconf 89' lang='lat' dir='ltr'><strong>et</strong></span> <span class='ocrx_word' id='word_1_755' title='bbox 2918 3621 3152 3678; x_wconf 80' lang='lat' dir='ltr'><strong>maxime</strong></span> <span class='ocrx_word' id='word_1_756' title='bbox 3189 3621 3500 3681; x_wconf 79' lang='lat' dir='ltr'><strong>doctoribus</strong></span> 
     </span>
    </p>
   </div>
   <div class='ocr_carea' id='block_1_96' title="bbox 1921 3703 3500 3784">
    <p class='ocr_par' dir='ltr' id='par_1_96' title="bbox 1921 3703 3500 3784">
     <span class='ocr_line' id='line_1_96' title="bbox 1921 3703 3500 3784; baseline 0.008 -28"><span class='ocrx_word' id='word_1_757' title='bbox 1921 3712 1976 3756; x_wconf 88' lang='lat' dir='ltr'><strong>et</strong></span> <span class='ocrx_word' id='word_1_758' title='bbox 2023 3703 2395 3772; x_wconf 84' lang='lat' dir='ltr'><strong>principibus,</strong></span> <span class='ocrx_word' id='word_1_759' title='bbox 2449 3708 2540 3775; x_wconf 88' lang='lat' dir='ltr'><strong>qui</strong></span> <span class='ocrx_word' id='word_1_760' title='bbox 2595 3709 2938 3764; x_wconf 85' lang='lat' dir='ltr'><strong>subditorum</strong></span> <span class='ocrx_word' id='word_1_761' title='bbox 2988 3725 3206 3781; x_wconf 88' lang='lat' dir='ltr'><strong>peccata</strong></span> <span class='ocrx_word' id='word_1_762' title='bbox 3253 3720 3500 3784; x_wconf 66' lang='lat' dir='ltr'><strong>quamvis</strong></span> 
     </span>
    </p>
   </div>
   <div class='ocr_carea' id='block_1_97' title="bbox 1921 3784 3499 3879">
    <p class='ocr_par' dir='ltr' id='par_1_97' title="bbox 1921 3784 3499 3879">
     <span class='ocr_line' id='line_1_97' title="bbox 1921 3784 3499 3879; baseline 0.011 -30"><span class='ocrx_word' id='word_1_763' title='bbox 1921 3812 2083 3866; x_wconf 84' lang='lat' dir='ltr'><strong>parva</strong></span> <span class='ocrx_word' id='word_1_764' title='bbox 2115 3799 2343 3866; x_wconf 89' lang='lat' dir='ltr'><strong>puniunt</strong></span> <span class='ocrx_word' id='word_1_765' title='bbox 2365 3816 2384 3853; x_wconf 85' lang='lat'><strong><em>:</em></strong></span> <span class='ocrx_word' id='word_1_766' title='bbox 2419 3815 2512 3853; x_wconf 89' lang='lat' dir='ltr'><strong>sua</strong></span> <span class='ocrx_word' id='word_1_767' title='bbox 2548 3810 2729 3856; x_wconf 87' lang='lat' dir='ltr'><strong>autem</strong></span> <span class='ocrx_word' id='word_1_768' title='bbox 2771 3803 2936 3857; x_wconf 86' lang='lat' dir='ltr'><strong>etiam</strong></span> <span class='ocrx_word' id='word_1_769' title='bbox 2968 3806 3201 3860; x_wconf 79' lang='lat' dir='ltr'><strong>maxima</strong></span> <span class='ocrx_word' id='word_1_770' title='bbox 3240 3784 3499 3879; x_wconf 74' lang='lat' dir='ltr'><strong>impunita</strong></span> 
     </span>
    </p>
   </div>
   <div class='ocr_carea' id='block_1_98' title="bbox 1919 3889 3493 3964">
    <p class='ocr_par' dir='ltr' id='par_1_98' title="bbox 1919 3889 3493 3964">
     <span class='ocr_line' id='line_1_98' title="bbox 1919 3889 3493 3964; baseline 0.01 -21"><span class='ocrx_word' id='word_1_771' title='bbox 1919 3890 2122 3943; x_wconf 84' lang='lat' dir='ltr'><strong>sinunt.</strong></span> <span class='ocrx_word' id='word_1_772' title='bbox 2157 3889 2363 3944; x_wconf 90' lang='lat' dir='ltr'><strong>Idcirco</strong></span> <span class='ocrx_word' id='word_1_773' title='bbox 2400 3891 2522 3947; x_wconf 77' lang='lat' dir='ltr'><strong>illos</strong></span> <span class='ocrx_word' id='word_1_774' title='bbox 2567 3901 2622 3946; x_wconf 87' lang='lat' dir='ltr'><strong>et</strong></span> <span class='ocrx_word' id='word_1_775' title='bbox 2670 3894 2983 3964; x_wconf 76' lang='lat' dir='ltr'><strong>liypocritas</strong></span> <span class='ocrx_word' id='word_1_776' title='bbox 3022 3910 3181 3952; x_wconf 87' lang='lat' dir='ltr'><strong>vocat</strong></span> <span class='ocrx_word' id='word_1_777' title='bbox 3215 3898 3493 3958; x_wconf 84' lang='lat' dir='ltr'><strong>Dominus.</strong></span> 
     </span>
    </p>
   </div>
   <div class='ocr_carea' id='block_1_99' title="bbox 1920 3981 3494 4062">
    <p class='ocr_par' dir='ltr' id='par_1_99' title="bbox 1920 3981 3494 4062">
     <span class='ocr_line' id='line_1_99' title="bbox 1920 3981 3494 4062; baseline 0.008 -26"><span class='ocrx_word' id='word_1_778' title='bbox 1920 3981 2060 4037; x_wconf 85' lang='lat' dir='ltr'><strong>Sunt</strong></span> <span class='ocrx_word' id='word_1_779' title='bbox 2091 3982 2178 4037; x_wconf 84' lang='lat' dir='ltr'><strong>alii</strong></span> <span class='ocrx_word' id='word_1_780' title='bbox 2211 3984 2426 4054; x_wconf 86' lang='lat' dir='ltr'><strong>quidem</strong></span> <span class='ocrx_word' id='word_1_781' title='bbox 2461 3997 2806 4056; x_wconf 85' lang='lat' dir='ltr'><strong>apparentes,</strong></span> <span class='ocrx_word' id='word_1_782' title='bbox 2846 3991 2972 4044; x_wconf 88' lang='lat' dir='ltr'><strong>dum</strong></span> <span class='ocrx_word' id='word_1_783' title='bbox 3009 3993 3240 4047; x_wconf 90' lang='lat' dir='ltr'><strong>aliorum</strong></span> <span class='ocrx_word' id='word_1_784' title='bbox 3277 4007 3494 4062; x_wconf 82' lang='lat' dir='ltr'><strong>peccata</strong></span> 
     </span>
    </p>
   </div>
   <div class='ocr_carea' id='block_1_100' title="bbox 1920 4075 3495 4148">
    <p class='ocr_par' dir='ltr' id='par_1_100' title="bbox 1920 4075 3495 4148">
     <span class='ocr_line' id='line_1_100' title="bbox 1920 4075 3495 4148; baseline 0.008 -21"><span class='ocrx_word' id='word_1_785' title='bbox 1920 4075 2184 4143; x_wconf 86' lang='lat' dir='ltr'><strong>puniunt:</strong></span> <span class='ocrx_word' id='word_1_786' title='bbox 2233 4077 2285 4129; x_wconf 90' lang='lat' dir='ltr'><strong>in</strong></span> <span class='ocrx_word' id='word_1_787' title='bbox 2338 4077 2440 4130; x_wconf 88' lang='lat' dir='ltr'><strong>hoc</strong></span> <span class='ocrx_word' id='word_1_788' title='bbox 2481 4080 2625 4131; x_wconf 87' lang='lat' dir='ltr'><strong>enim</strong></span> <span class='ocrx_word' id='word_1_789' title='bbox 2663 4079 2797 4142; x_wconf 87' lang='lat' dir='ltr'><strong>justi</strong></span> <span class='ocrx_word' id='word_1_790' title='bbox 2838 4092 3122 4148; x_wconf 88' lang='lat' dir='ltr'><strong>apparent.</strong></span> <span class='ocrx_word' id='word_1_791' title='bbox 3171 4085 3274 4138; x_wconf 81' lang='lat' dir='ltr'><strong>Alii</strong></span> <span class='ocrx_word' id='word_1_792' title='bbox 3317 4097 3495 4140; x_wconf 85' lang='lat' dir='ltr'><strong>autem</strong></span> 
     </span>
    </p>
   </div>
   <div class='ocr_carea' id='block_1_101' title="bbox 1917 4170 3494 4245">
    <p class='ocr_par' dir='ltr' id='par_1_101' title="bbox 1917 4170 3494 4245">
     <span class='ocr_line' id='line_1_101' title="bbox 1917 4170 3494 4245; baseline 0.008 -24"><span class='ocrx_word' id='word_1_793' title='bbox 1917 4177 2047 4221; x_wconf 82' lang='lat' dir='ltr'><strong>sunt</strong></span> <span class='ocrx_word' id='word_1_794' title='bbox 2093 4184 2162 4222; x_wconf 72' lang='lat' dir='ltr'><strong>ex</strong></span> <span class='ocrx_word' id='word_1_795' title='bbox 2208 4183 2274 4223; x_wconf 91' lang='lat' dir='ltr'><strong>eo</strong></span> <span class='ocrx_word' id='word_1_796' title='bbox 2314 4170 2458 4236; x_wconf 86' lang='lat' dir='ltr'><strong>quod</strong></span> <span class='ocrx_word' id='word_1_797' title='bbox 2505 4181 2562 4226; x_wconf 90' lang='lat' dir='ltr'><strong>et</strong></span> <span class='ocrx_word' id='word_1_798' title='bbox 2604 4171 2705 4238; x_wconf 82' lang='lat' dir='ltr'><strong>ipsi</strong></span> <span class='ocrx_word' id='word_1_799' title='bbox 2745 4175 2964 4240; x_wconf 76' lang='lat' dir='ltr'><strong>gravius</strong></span> <span class='ocrx_word' id='word_1_800' title='bbox 3011 4190 3256 4245; x_wconf 88' lang='lat' dir='ltr'><strong>peccent.</strong></span> <span class='ocrx_word' id='word_1_801' title='bbox 3302 4178 3494 4236; x_wconf 67' lang='lat' dir='ltr'><strong>Poste.</strong></span> 
     </span>
    </p>
   </div>
   <div class='ocr_carea' id='block_1_102' title="bbox 1918 4259 3493 4332">
    <p class='ocr_par' dir='ltr' id='par_1_102' title="bbox 1918 4259 3493 4332">
     <span class='ocr_line' id='line_1_102' title="bbox 1918 4259 3493 4332; baseline 0.013 -21"><span class='ocrx_word' id='word_1_802' title='bbox 1918 4259 2078 4312; x_wconf 90' lang='lat' dir='ltr'><strong>etiam</strong></span> <span class='ocrx_word' id='word_1_803' title='bbox 2103 4269 2154 4312; x_wconf 90' lang='lat' dir='ltr'><strong>et</strong></span> <span class='ocrx_word' id='word_1_804' title='bbox 2181 4261 2426 4329; x_wconf 82' lang='lat' dir='ltr'><strong>exemplo</strong></span> <span class='ocrx_word' id='word_1_805' title='bbox 2455 4263 2739 4316; x_wconf 85' lang='lat' dir='ltr'><strong>confirmat</strong></span> <span class='ocrx_word' id='word_1_806' title='bbox 2774 4280 3083 4321; x_wconf 86' lang='lat' dir='ltr'><strong>sermonem</strong></span> <span class='ocrx_word' id='word_1_807' title='bbox 3109 4285 3286 4326; x_wconf 87' lang='lat' dir='ltr'><strong>suum.</strong></span> <span class='ocrx_word' id='word_1_808' title='bbox 3323 4273 3493 4332; x_wconf 82' lang='lat' dir='ltr'><strong>Sicut.</strong></span> 
     </span>
    </p>
   </div>
   <div class='ocr_carea' id='block_1_103' title="bbox 1918 4349 3500 4436">
    <p class='ocr_par' dir='ltr' id='par_1_103' title="bbox 1918 4349 3500 4436">
     <span class='ocr_line' id='line_1_103' title="bbox 1918 4349 3500 4436; baseline 0.011 -34"><span class='ocrx_word' id='word_1_809' title='bbox 1918 4349 2126 4418; x_wconf 87' lang='lat' dir='ltr'><strong>inquit,</strong></span> <span class='ocrx_word' id='word_1_810' title='bbox 2157 4368 2262 4406; x_wconf 91' lang='lat' dir='ltr'><strong>non</strong></span> <span class='ocrx_word' id='word_1_811' title='bbox 2293 4361 2377 4406; x_wconf 89' lang='lat' dir='ltr'><strong>est</strong></span> <span class='ocrx_word' id='word_1_812' title='bbox 2407 4352 2568 4408; x_wconf 84' lang='lat' dir='ltr'><strong>arbor</strong></span> <span class='ocrx_word' id='word_1_813' title='bbox 2611 4353 2750 4409; x_wconf 85' lang='lat' dir='ltr'><strong>bona</strong></span> <span class='ocrx_word' id='word_1_814' title='bbox 2801 4375 2921 4425; x_wconf 69' lang='lat' dir='ltr'><strong>qute</strong></span> <span class='ocrx_word' id='word_1_815' title='bbox 2963 4361 3092 4416; x_wconf 87' lang='lat' dir='ltr'><strong>facit</strong></span> <span class='ocrx_word' id='word_1_816' title='bbox 3128 4361 3362 4418; x_wconf 90' lang='lat' dir='ltr'><strong>fructum</strong></span> <span class='ocrx_word' id='word_1_817' title='bbox 3397 4383 3500 4436; x_wconf 90' lang='lat' dir='ltr'><strong>pu--</strong></span> 
     </span>
    </p>
   </div>
   <div class='ocr_carea' id='block_1_104' title="bbox 1917 4443 3491 4516">
    <p class='ocr_par' dir='ltr' id='par_1_104' title="bbox 1917 4443 3491 4516">
     <span class='ocr_line' id='line_1_104' title="bbox 1917 4443 3491 4516; baseline 0.012 -23"><span class='ocrx_word' id='word_1_818' title='bbox 1917 4450 2074 4507; x_wconf 88' lang='lat' dir='ltr'><strong>trem,</strong></span> <span class='ocrx_word' id='word_1_819' title='bbox 2099 4457 2271 4511; x_wconf 89' lang='lat' dir='ltr'><strong>neque</strong></span> <span class='ocrx_word' id='word_1_820' title='bbox 2293 4443 2454 4498; x_wconf 85' lang='lat' dir='ltr'><strong>arbor</strong></span> <span class='ocrx_word' id='word_1_821' title='bbox 2476 4447 2651 4513; x_wconf 82' lang='lat' dir='ltr'><strong>putris</strong></span> <span class='ocrx_word' id='word_1_822' title='bbox 2667 4462 2788 4515; x_wconf 67' lang='lat' dir='ltr'><strong>quae</strong></span> <span class='ocrx_word' id='word_1_823' title='bbox 2810 4449 2956 4516; x_wconf 62' lang='lat' dir='ltr'><strong>gfacit</strong></span> <span class='ocrx_word' id='word_1_824' title='bbox 2985 4450 3220 4507; x_wconf 88' lang='lat' dir='ltr'><strong>fructum</strong></span> <span class='ocrx_word' id='word_1_825' title='bbox 3253 4455 3491 4512; x_wconf 86' lang='lat' dir='ltr'><strong>bonum:</strong></span> 
     </span>
    </p>
   </div>
   <div class='ocr_carea' id='block_1_105' title="bbox 1916 4533 3490 4612">
    <p class='ocr_par' dir='ltr' id='par_1_105' title="bbox 1916 4533 3490 4612">
     <span class='ocr_line' id='line_1_105' title="bbox 1916 4533 3490 4612; baseline 0.011 -27"><span class='ocrx_word' id='word_1_826' title='bbox 1916 4533 1987 4585; x_wconf 91' lang='lat' dir='ltr'><strong>ita</strong></span> <span class='ocrx_word' id='word_1_827' title='bbox 2018 4541 2070 4587; x_wconf 91' lang='lat' dir='ltr'><strong>et</strong></span> <span class='ocrx_word' id='word_1_828' title='bbox 2097 4534 2189 4602; x_wconf 89' lang='lat' dir='ltr'><strong>qui</strong></span> <span class='ocrx_word' id='word_1_829' title='bbox 2219 4533 2355 4589; x_wconf 90' lang='lat' dir='ltr'><strong>alios</strong></span> <span class='ocrx_word' id='word_1_830' title='bbox 2389 4539 2657 4608; x_wconf 76' lang='lat' dir='ltr'><strong>castigare</strong></span> <span class='ocrx_word' id='word_1_831' title='bbox 2685 4548 2741 4593; x_wconf 92' lang='lat' dir='ltr'><strong>et</strong></span> <span class='ocrx_word' id='word_1_832' title='bbox 2773 4543 3068 4612; x_wconf 81' lang='lat' dir='ltr'><strong>corrigere,</strong></span> <span class='ocrx_word' id='word_1_833' title='bbox 3100 4555 3154 4598; x_wconf 94' lang='lat' dir='ltr'><strong>et</strong></span> <span class='ocrx_word' id='word_1_834' title='bbox 3183 4545 3248 4598; x_wconf 86' lang='lat' dir='ltr'><strong>ad</strong></span> <span class='ocrx_word' id='word_1_835' title='bbox 3291 4549 3490 4602; x_wconf 87' lang='lat' dir='ltr'><strong>bonum</strong></span> 
     </span>
    </p>
   </div>
   <div class='ocr_carea' id='block_1_106' title="bbox 1917 4623 3490 4695">
    <p class='ocr_par' dir='ltr' id='par_1_106' title="bbox 1917 4623 3490 4695">
     <span class='ocr_line' id='line_1_106' title="bbox 1917 4623 3490 4695; baseline 0.012 -21"><span class='ocrx_word' id='word_1_836' title='bbox 1917 4623 2080 4693; x_wconf 77' lang='lat'><strong>315</strong></span> <span class='ocrx_word' id='word_1_837' title='bbox 2115 4626 2411 4682; x_wconf 84' lang='lat' dir='ltr'><strong>transferre</strong></span> <span class='ocrx_word' id='word_1_838' title='bbox 2467 4639 2735 4695; x_wconf 85' lang='lat' dir='ltr'><strong>attentat,</strong></span> <span class='ocrx_word' id='word_1_839' title='bbox 2792 4647 2896 4686; x_wconf 90' lang='lat' dir='ltr'><strong>non</strong></span> <span class='ocrx_word' id='word_1_840' title='bbox 2954 4633 3117 4688; x_wconf 78' lang='lat' dir='ltr'><strong>fuerit</strong></span> <span class='ocrx_word' id='word_1_841' title='bbox 3179 4638 3400 4694; x_wconf 86' lang='lat' dir='ltr'><strong>malus:</strong></span> <span class='ocrx_word' id='word_1_842' title='bbox 3448 4644 3490 4695; x_wconf 91' lang='lat' dir='ltr'><strong>si</strong></span> 
     </span>
    </p>
   </div>
   <div class='ocr_carea' id='block_1_107' title="bbox 1904 4716 3486 4788">
    <p class='ocr_par' dir='ltr' id='par_1_107' title="bbox 1904 4716 3486 4788">
     <span class='ocr_line' id='line_1_107' title="bbox 1904 4716 3486 4788; baseline 0.011 -19"><span class='ocrx_word' id='word_1_843' title='bbox 1904 4725 2096 4788; x_wconf 25' lang='lat' dir='ltr'><strong>[autem</strong></span> <span class='ocrx_word' id='word_1_844' title='bbox 2121 4716 2292 4771; x_wconf 86' lang='lat' dir='ltr'><strong>malus</strong></span> <span class='ocrx_word' id='word_1_845' title='bbox 2314 4718 2496 4783; x_wconf 90' lang='lat' dir='ltr'><strong>fuerit,</strong></span> <span class='ocrx_word' id='word_1_846' title='bbox 2520 4720 2655 4774; x_wconf 87' lang='lat' dir='ltr'><strong>alios</strong></span> <span class='ocrx_word' id='word_1_847' title='bbox 2681 4736 2783 4775; x_wconf 89' lang='lat' dir='ltr'><strong>non</strong></span> <span class='ocrx_word' id='word_1_848' title='bbox 2810 4723 2972 4777; x_wconf 77' lang='lat' dir='ltr'><strong>faciet</strong></span> <span class='ocrx_word' id='word_1_849' title='bbox 2997 4726 3267 4784; x_wconf 83' lang='lat' dir='ltr'><strong>meliores.</strong></span> <span class='ocrx_word' id='word_1_850' title='bbox 3296 4727 3486 4786; x_wconf 86' lang='lat' dir='ltr'><strong>Unius-</strong></span> 
     </span>
    </p>
   </div>
   <div class='ocr_carea' id='block_1_108' title="bbox 1916 4808 3487 4888">
    <p class='ocr_par' dir='ltr' id='par_1_108' title="bbox 1916 4808 3487 4888">
     <span class='ocr_line' id='line_1_108' title="bbox 1916 4808 3487 4888; baseline 0.01 -26"><span class='ocrx_word' id='word_1_851' title='bbox 1916 4808 2174 4880; x_wconf 86' lang='lat' dir='ltr'><strong>cujusque</strong></span> <span class='ocrx_word' id='word_1_852' title='bbox 2197 4811 2341 4866; x_wconf 87' lang='lat' dir='ltr'><strong>enim</strong></span> <span class='ocrx_word' id='word_1_853' title='bbox 2368 4825 2462 4865; x_wconf 90' lang='lat' dir='ltr'><strong>cor</strong></span> <span class='ocrx_word' id='word_1_854' title='bbox 2484 4813 2775 4868; x_wconf 85' lang='lat' dir='ltr'><strong>thesaurus</strong></span> <span class='ocrx_word' id='word_1_855' title='bbox 2801 4827 2885 4871; x_wconf 90' lang='lat' dir='ltr'><strong>est</strong></span> <span class='ocrx_word' id='word_1_856' title='bbox 2909 4833 2922 4869; x_wconf 92' lang='lat'>:</span> <span class='ocrx_word' id='word_1_857' title='bbox 2955 4827 3010 4870; x_wconf 89' lang='lat' dir='ltr'><strong>ct</strong></span> <span class='ocrx_word' id='word_1_858' title='bbox 3039 4820 3081 4871; x_wconf 86' lang='lat' dir='ltr'><strong>si</strong></span> <span class='ocrx_word' id='word_1_859' title='bbox 3107 4821 3325 4888; x_wconf 77' lang='lat' dir='ltr'><strong>quidem</strong></span> <span class='ocrx_word' id='word_1_860' title='bbox 3352 4824 3487 4878; x_wconf 85' lang='lat' dir='ltr'><strong>bona</strong></span> 
     </span>
    </p>
   </div>
   <div class='ocr_carea' id='block_1_109' title="bbox 1918 4900 3486 4984">
    <p class='ocr_par' dir='ltr' id='par_1_109' title="bbox 1918 4900 3486 4984">
     <span class='ocr_line' id='line_1_109' title="bbox 1918 4900 3486 4984; baseline 0.011 -30"><span class='ocrx_word' id='word_1_861' title='bbox 1918 4900 2145 4967; x_wconf 86' lang='lat' dir='ltr'><strong>habeat,</strong></span> <span class='ocrx_word' id='word_1_862' title='bbox 2186 4905 2350 4956; x_wconf 86' lang='lat' dir='ltr'><strong>etiam</strong></span> <span class='ocrx_word' id='word_1_863' title='bbox 2394 4904 2554 4960; x_wconf 87' lang='lat' dir='ltr'><strong>homo</strong></span> <span class='ocrx_word' id='word_1_864' title='bbox 2600 4906 2774 4963; x_wconf 90' lang='lat' dir='ltr'><strong>bonus</strong></span> <span class='ocrx_word' id='word_1_865' title='bbox 2803 4919 2921 4974; x_wconf 86' lang='lat' dir='ltr'><strong>est,</strong></span> <span class='ocrx_word' id='word_1_866' title='bbox 2955 4921 3011 4963; x_wconf 88' lang='lat' dir='ltr'><strong>et</strong></span> <span class='ocrx_word' id='word_1_867' title='bbox 3041 4913 3179 4966; x_wconf 88' lang='lat' dir='ltr'><strong>bona</strong></span> <span class='ocrx_word' id='word_1_868' title='bbox 3211 4913 3486 4984; x_wconf 80' lang='lat' dir='ltr'><strong>loquitur:</strong></span> 
     </span>
    </p>
   </div>
   <div class='ocr_carea' id='block_1_110' title="bbox 1916 4995 3490 5066">
    <p class='ocr_par' dir='ltr' id='par_1_110' title="bbox 1916 4995 3490 5066">
     <span class='ocr_line' id='line_1_110' title="bbox 1916 4995 3490 5066; baseline 0.011 -20"><span class='ocrx_word' id='word_1_869' title='bbox 1916 4995 1999 5047; x_wconf 87' lang='lat' dir='ltr'><strong>sin</strong></span> <span class='ocrx_word' id='word_1_870' title='bbox 2036 5009 2162 5049; x_wconf 80' lang='lat' dir='ltr'><strong>vero</strong></span> <span class='ocrx_word' id='word_1_871' title='bbox 2189 4997 2346 5051; x_wconf 89' lang='lat' dir='ltr'><strong>malis</strong></span> <span class='ocrx_word' id='word_1_872' title='bbox 2369 5012 2464 5052; x_wconf 88' lang='lat' dir='ltr'><strong>cor</strong></span> <span class='ocrx_word' id='word_1_873' title='bbox 2485 4997 2702 5066; x_wconf 90' lang='lat' dir='ltr'><strong>plenum</strong></span> <span class='ocrx_word' id='word_1_874' title='bbox 2731 4999 2916 5066; x_wconf 89' lang='lat' dir='ltr'><strong>fuerit,</strong></span> <span class='ocrx_word' id='word_1_875' title='bbox 2942 5005 3102 5058; x_wconf 85' lang='lat' dir='ltr'><strong>etiam</strong></span> <span class='ocrx_word' id='word_1_876' title='bbox 3130 5005 3290 5063; x_wconf 90' lang='lat' dir='ltr'><strong>homo</strong></span> <span class='ocrx_word' id='word_1_877' title='bbox 3316 5010 3490 5064; x_wconf 87' lang='lat' dir='ltr'><strong>malus</strong></span> 
     </span>
    </p>
   </div>
   <div class='ocr_carea' id='block_1_111' title="bbox 1915 5084 3488 5154">
    <p class='ocr_par' dir='ltr' id='par_1_111' title="bbox 1915 5084 3488 5154">
     <span class='ocr_line' id='line_1_111' title="bbox 1915 5084 3488 5154; baseline 0.013 -20"><span class='ocrx_word' id='word_1_878' title='bbox 1915 5091 2017 5147; x_wconf 86' lang='lat' dir='ltr'><strong>est,</strong></span> <span class='ocrx_word' id='word_1_879' title='bbox 2046 5093 2100 5138; x_wconf 85' lang='lat' dir='ltr'><strong>et</strong></span> <span class='ocrx_word' id='word_1_880' title='bbox 2127 5084 2265 5137; x_wconf 88' lang='lat' dir='ltr'><strong>mala</strong></span> <span class='ocrx_word' id='word_1_881' title='bbox 2296 5087 2549 5154; x_wconf 89' lang='lat' dir='ltr'><strong>loquitur.</strong></span> <span class='ocrx_word' id='word_1_882' title='bbox 2581 5087 2744 5143; x_wconf 86' lang='lat' dir='ltr'><strong>Potes</strong></span> <span class='ocrx_word' id='word_1_883' title='bbox 2767 5100 2950 5145; x_wconf 88' lang='lat' dir='ltr'><strong>autem</strong></span> <span class='ocrx_word' id='word_1_884' title='bbox 2973 5085 3096 5148; x_wconf 70' lang='lat' dir='ltr'><strong>haec</strong></span> <span class='ocrx_word' id='word_1_885' title='bbox 3122 5106 3175 5148; x_wconf 87' lang='lat' dir='ltr'><strong>et</strong></span> <span class='ocrx_word' id='word_1_886' title='bbox 3204 5096 3270 5151; x_wconf 90' lang='lat' dir='ltr'><strong>de</strong></span> <span class='ocrx_word' id='word_1_887' title='bbox 3298 5097 3488 5154; x_wconf 83' lang='lat' dir='ltr'><strong>Phari-</strong></span> 
     </span>
    </p>
   </div>
   <div class='ocr_carea' id='block_1_112' title="bbox 1913 5173 3486 5247">
    <p class='ocr_par' dir='ltr' id='par_1_112' title="bbox 1913 5173 3486 5247">
     <span class='ocr_line' id='line_1_112' title="bbox 1913 5173 3486 5247; baseline 0.013 -24"><span class='ocrx_word' id='word_1_888' title='bbox 1913 5173 2035 5226; x_wconf 66' lang='grc' dir='ltr'>διεὶς</span> <span class='ocrx_word' id='word_1_889' title='bbox 2075 5175 2152 5226; x_wconf 91' lang='lat' dir='ltr'><strong>sic</strong></span> <span class='ocrx_word' id='word_1_890' title='bbox 2185 5174 2504 5247; x_wconf 77' lang='lat' dir='ltr'><strong>intelligere.</strong></span> <span class='ocrx_word' id='word_1_891' title='bbox 2538 5178 2618 5231; x_wconf 79' lang='lat' dir='ltr'><strong>Ad</strong></span> <span class='ocrx_word' id='word_1_892' title='bbox 2656 5178 2774 5234; x_wconf 85' lang='lat' dir='ltr'><strong>illos</strong></span> <span class='ocrx_word' id='word_1_893' title='bbox 2813 5181 2954 5234; x_wconf 87' lang='lat' dir='ltr'><strong>enim</strong></span> <span class='ocrx_word' id='word_1_894' title='bbox 2998 5197 3306 5239; x_wconf 87' lang='lat' dir='ltr'><strong>sermonem</strong></span> <span class='ocrx_word' id='word_1_895' title='bbox 3354 5189 3486 5244; x_wconf 89' lang='lat' dir='ltr'><strong>diri-</strong></span> 
     </span>
    </p>
   </div>
   <div class='ocr_carea' id='block_1_113' title="bbox 1913 5266 3487 5343">
    <p class='ocr_par' dir='ltr' id='par_1_113' title="bbox 1913 5266 3487 5343">
     <span class='ocr_line' id='line_1_113' title="bbox 1913 5266 3487 5343; baseline 0.013 -28"><span class='ocrx_word' id='word_1_896' title='bbox 1913 5278 2068 5335; x_wconf 76' lang='lat' dir='ltr'><strong>gens,</strong></span> <span class='ocrx_word' id='word_1_897' title='bbox 2115 5266 2305 5336; x_wconf 87' lang='lat' dir='ltr'><strong>inquit,</strong></span> <span class='ocrx_word' id='word_1_898' title='bbox 2335 5267 2481 5337; x_wconf 85' lang='lat' dir='ltr'><strong>Ejice</strong></span> <span class='ocrx_word' id='word_1_899' title='bbox 2506 5269 2738 5338; x_wconf 85' lang='lat' dir='ltr'><strong>primum</strong></span> <span class='ocrx_word' id='word_1_900' title='bbox 2768 5273 2972 5327; x_wconf 85' lang='lat' dir='ltr'><strong>trabem</strong></span> <span class='ocrx_word' id='word_1_901' title='bbox 3007 5287 3070 5327; x_wconf 71' lang='lat' dir='ltr'><strong>et</strong></span> <span class='ocrx_word' id='word_1_902' title='bbox 3105 5278 3260 5330; x_wconf 89' lang='lat' dir='ltr'><strong>oculo</strong></span> <span class='ocrx_word' id='word_1_903' title='bbox 3285 5289 3401 5343; x_wconf 90' lang='lat' dir='ltr'><strong>tuo,</strong></span> <span class='ocrx_word' id='word_1_904' title='bbox 3435 5293 3487 5335; x_wconf 90' lang='lat' dir='ltr'><strong>et</strong></span> 
     </span>
    </p>
   </div>
   <div class='ocr_carea' id='block_1_114' title="bbox 1915 5357 3487 5430">
    <p class='ocr_par' dir='ltr' id='par_1_114' title="bbox 1915 5357 3487 5430">
     <span class='ocr_line' id='line_1_114' title="bbox 1915 5357 3487 5430; baseline 0.015 -23"><span class='ocrx_word' id='word_1_905' title='bbox 1915 5363 2040 5411; x_wconf 89' lang='lat' dir='ltr'><strong>tunc</strong></span> <span class='ocrx_word' id='word_1_906' title='bbox 2081 5357 2341 5414; x_wconf 71' lang='lat' dir='ltr'><strong>festucam</strong></span> <span class='ocrx_word' id='word_1_907' title='bbox 2386 5375 2504 5429; x_wconf 69' lang='lat' dir='ltr'><strong>quae</strong></span> <span class='ocrx_word' id='word_1_908' title='bbox 2547 5372 2632 5416; x_wconf 74' lang='lat' dir='ltr'><strong>cet</strong></span> <span class='ocrx_word' id='word_1_909' title='bbox 2679 5363 2729 5415; x_wconf 89' lang='lat' dir='ltr'><strong>in</strong></span> <span class='ocrx_word' id='word_1_910' title='bbox 2775 5365 2933 5418; x_wconf 89' lang='lat' dir='ltr'><strong>oculo</strong></span> <span class='ocrx_word' id='word_1_911' title='bbox 2976 5368 3158 5422; x_wconf 59' lang='lat' dir='ltr'><strong>fratris</strong></span> <span class='ocrx_word' id='word_1_912' title='bbox 3187 5370 3304 5423; x_wconf 89' lang='lat' dir='ltr'><strong>tui:</strong></span> <span class='ocrx_word' id='word_1_913' title='bbox 3349 5375 3487 5430; x_wconf 88' lang='lat' dir='ltr'><strong>sicut</strong></span> 
     </span>
    </p>
   </div>
   <div class='ocr_carea' id='block_1_115' title="bbox 1906 5449 3484 5523">
    <p class='ocr_par' dir='ltr' id='par_1_115' title="bbox 1906 5449 3484 5523">
     <span class='ocr_line' id='line_1_115' title="bbox 1906 5449 3484 5523; baseline 0.012 -24"><span class='ocrx_word' id='word_1_914' title='bbox 1906 5449 2070 5501; x_wconf 89' lang='lat' dir='ltr'><strong>etiam</strong></span> <span class='ocrx_word' id='word_1_915' title='bbox 2111 5449 2242 5503; x_wconf 88' lang='lat' dir='ltr'><strong>alibi</strong></span> <span class='ocrx_word' id='word_1_916' title='bbox 2288 5451 2436 5515; x_wconf 88' lang='lat' dir='ltr'><strong>dicit,</strong></span> <span class='ocrx_word' id='word_1_917' title='bbox 2468 5451 2757 5507; x_wconf 86' lang='lat' dir='ltr'><strong>.Camelum</strong></span> <span class='ocrx_word' id='word_1_918' title='bbox 2802 5455 3124 5523; x_wconf 80' lang='lat' dir='ltr'><strong>glutientes,</strong></span> <span class='ocrx_word' id='word_1_919' title='bbox 3167 5472 3220 5514; x_wconf 89' lang='lat' dir='ltr'><strong>ct</strong></span> <span class='ocrx_word' id='word_1_920' title='bbox 3258 5462 3484 5519; x_wconf 81' lang='lat' dir='ltr'><strong>culicem</strong></span> 
     </span>
    </p>
   </div>
   <div class='ocr_carea' id='block_1_116' title="bbox 1908 5542 3485 5623">
    <p class='ocr_par' dir='ltr' id='par_1_116' title="bbox 1908 5542 3485 5623">
     <span class='ocr_line' id='line_1_116' title="bbox 1908 5542 3485 5623; baseline 0.011 -30"><span class='ocrx_word' id='word_1_921' title='bbox 1908 5542 2236 5596; x_wconf 78' lang='lat' dir='ltr'><strong>excolantes.</strong></span> <span class='ocrx_word' id='word_1_922' title='bbox 2271 5542 2553 5608; x_wconf 83' lang='lat' dir='ltr'><strong>Quomodo</strong></span> <span class='ocrx_word' id='word_1_923' title='bbox 2588 5546 2752 5614; x_wconf 72' lang='lat' dir='ltr'><strong>igitur</strong></span> <span class='ocrx_word' id='word_1_924' title='bbox 2793 5561 2890 5600; x_wconf 88' lang='lat' dir='ltr'><strong>vos</strong></span> <span class='ocrx_word' id='word_1_925' title='bbox 2931 5545 3185 5607; x_wconf 67' lang='lat' dir='ltr'><strong>Pharisai</strong></span> <span class='ocrx_word' id='word_1_926' title='bbox 3224 5554 3316 5623; x_wconf 88' lang='lat' dir='ltr'><strong>qui</strong></span> <span class='ocrx_word' id='word_1_927' title='bbox 3353 5557 3485 5610; x_wconf 72' lang='lat' dir='ltr'><strong>estis</strong></span> 
     </span>
    </p>
   </div>
   <div class='ocr_carea' id='block_1_117' title="bbox 1910 5633 3484 5705">
    <p class='ocr_par' dir='ltr' id='par_1_117' title="bbox 1910 5633 3484 5705">
     <span class='ocr_line' id='line_1_117' title="bbox 1910 5633 3484 5705; baseline 0.01 -22"><span class='ocrx_word' id='word_1_928' title='bbox 1910 5633 2134 5686; x_wconf 84' lang='lat' dir='ltr'><strong>arbores</strong></span> <span class='ocrx_word' id='word_1_929' title='bbox 2186 5643 2405 5702; x_wconf 80' lang='lat' dir='ltr'><strong>putres,</strong></span> <span class='ocrx_word' id='word_1_930' title='bbox 2464 5637 2712 5705; x_wconf 82' lang='lat' dir='ltr'><strong>poteritis</strong></span> <span class='ocrx_word' id='word_1_931' title='bbox 2769 5639 2972 5695; x_wconf 82' lang='lat' dir='ltr'><strong>fructus</strong></span> <span class='ocrx_word' id='word_1_932' title='bbox 3028 5642 3200 5699; x_wconf 80' lang='lat' dir='ltr'><strong>bonos</strong></span> <span class='ocrx_word' id='word_1_933' title='bbox 3247 5645 3484 5701; x_wconf 64' lang='lat' dir='ltr'><strong>aliene?</strong></span> 
     </span>
    </p>
   </div>
   <div class='ocr_carea' id='block_1_118' title="bbox 3035 5906 3105 5959">
    <p class='ocr_par' dir='ltr' id='par_1_118' title="bbox 3035 5906 3105 5959">
     <span class='ocr_line' id='line_1_118' title="bbox 3035 5906 3105 5959; baseline 0.014 -1"><span class='ocrx_word' id='word_1_934' title='bbox 3035 5906 3105 5959; x_wconf 69' lang='grc'><strong>25</strong></span> 
     </span>
    </p>
   </div>
  </div>
