4110 6332
637 421 740 485 ’179
1559 410 2133 475 THEOPHYLACTI
2168 407 2574 470 BULGARLE
2611 402 2962 465 AlitllllEP.
3792 399 3893 461 780

647 533 834 589 Vester
862 533 1006 588 enim
1034 545 1212 588 sermo
1245 541 1456 597 semper
1493 529 1664 596 putris
1695 536 1798 591 est,
1836 527 1973 579 sicut
2001 535 2051 578 et
2085 526 2191 578 vita

2325 522 2539 592 πρῶτον
2565 523 2663 590 τὴν
2690 518 2842 572 δοκὸν
2871 519 2932 571 ἐκ
2960 514 3050 569 τοῦ
3083 510 3360 583 ὀφθαλμοῦ
3411 529 3531 578 σου,
3568 511 3663 567 καὶ
3698 512 3814 566 τότε
3845 521 3894 568 τι

643 624 947 695 Loquimini
995 623 1136 677 enim
1190 637 1254 676 ex
1301 620 1628 674 abundantia
1677 618 1874 670 cordis.
1931 617 2210 681 Quomodo

641 718 800 786 igitur
827 717 960 771 alios
1001 714 1285 784 eorrigetis
1311 755 1323 779 ,
1357 725 1406 769 et
1438 712 1659 766 aliorum
1696 719 1911 780 peccata
1947 709 2202 778 punietis,

637 809 733 878 ipsi
758 809 972 876 gravius
1005 805 1334 876 peccantes?

2321 615 2528 683 κάρφοῖ
2559 611 2617 663 τὸ
2657 613 2714 662 έν
2740 610 2817 680 τῷ
2843 608 3105 678 ὀφθαλμῷ
3140 606 3234 660 τοῦ
3272 606 3502 674 ἀδελφοῦ
3539 624 3659 661 σου.
3691 607 3896 676 Ὥσπερ

2317 707 2409 760 καὶ
2441 705 2673 774 ἀλλαχοῦ
2724 704 2891 772 λέγει,
2928 705 2975 754 oi
3023 702 3120 773 τὴν
3179 702 3423 771 κάμηλον
3483 702 3893 765 καταπίνοντες,

2318 801 2411 853 καὶ
2441 798 2531 851 τὸν
2555 798 2791 850 κώνωπα
2820 794 3166 860 διῦλίζοντες.
3193 794 3315 858 Πῶς
3345 794 3459 860 οῦν,
3497 794 3690 863 φησὶν,
3724 793 3895 864 epse,

634 899 993 972 ὧφαρισαῖοι,
1022 903 1212 973 δένδρα
1231 902 1378 964 ὅντες
1407 899 1614 970 σαπρὰ,
1673 899 1965 970 δυνήσεσθε
2031 900 2274 968 καρποὺς
2314 897 2557 965 ἀγαθοὺς
2602 896 2991 968 προενεγκεῖν;
3036 892 3220 962 ’Υμῶν
3267 893 3376 963 γὰρ
3420 893 3514 944 καὶ
3556 893 3583 943 6
3627 892 3784 958 λόγος
3810 909 3892 943 σα-

633 1000 791 1070 πρὸς,
823 999 897 1063 ὼς
925 998 1019 1052 καὶ
1050 999 1076 1049 6
1115 996 1246 1066 βίος,
1280 997 1342 1048 ἐκ
1374 996 1482 1066 γὰρ
1509 996 1601 1047 τοῦ
1637 996 2074 1065 περισσεύματος
2109 993 2208 1063 τῆς
2245 993 2503 1077 ,καρδίας
2552 994 2760 1060 λέγετε.
2835 990 2956 1053 ιῙῶς
2994 988 3174 1042 τοίνυν
3226 990 3446 1060 ἑτέρους
3497 988 3854 1058 διορθώσεσθε
3878 1004 3890 1018 ·

632 1096 723 1148 καὶ
757 1093 958 1161 ἐτέρων
1000 1092 1377 1162 ἁμαρτήματα
1415 1092 1696 1156 κολάσετε,
1739 1092 1894 1144 αὐτοὶ
1937 1091 2004 1143 τὰ
2036 1090 2208 1160 μείζω
2243 1091 2689 1160 ἁμαρτάνοντεςς

707 1213 870 1266 Vens.
908 1210 1097 1266 liti-i9.
1143 1229 1159 1261 ι
1199 1210 1336 1277 Quid
1364 1219 1542 1264 autem
1578 1212 1782 1265 vocatis
1815 1227 1920 1271 me.
1955 1211 2200 1276 Domine,

631 1302 878 1366 Domine,
922 1314 976 1357 et
1027 1316 1130 1355 non
1182 1301 1360 1356 facitis
1405 1316 1525 1369 qua:
1563 1302 1729 1355 dico?
1769 1301 2022 1370 Quisquis
2053 1300 2205 1354 venit

635 1396 701 1448 ad
729 1410 830 1458 me,
865 1404 920 1449 et
949 1393 1098 1448 audit
1121 1407 1398 1448 sermones
1435 1407 1601 1457 meos,
1629 1404 1682 1446 et
1715 1391 1842 1448 facit
1874 1408 1986 1457 eos,
2021 1404 2198 1448 osten-

635 1489 755 1542 dam
792 1485 945 1540 vobis
980 1487 1068 1540 cui
1098 1485 1290 1540 similis
1315 1486 1405 1539 sit.
1459 1483 1664 1538 Similis
1692 1492 1776 1539 est
1803 1484 2006 1539 homini
2032 1484 2202 1539 aediﬁ—

633 1579 773 1632 canti
810 1577 1054 1641 domum,
1085 1577 1173 1645 qui
1214 1575 1349 1631 fodit
1383 1576 1434 1630 in
1471 1576 1636 1630 altum
1665 1617 1678 1641 ,
1723 1587 1778 1630 et
1808 1576 1986 1647 posuit
2017 1574 2209 1630 funda-

635 1679 875 1724 mentum
937 1683 1102 1738 super
1155 1676 1387 1738 petram.
1430 1663 1786 1721 lnundatione
1832 1676 2010 1720 autem
2042 1665 2206 1727 facta,

630 1762 827 1816 illisum
883 1770 963 1816 est
1016 1760 1210 1815 ﬂumen
1262 1762 1442 1815 domui
1476 1761 1574 1826 illi,
1632 1770 1685 1814 et
1727 1776 1830 1814 non
1885 1760 2057 1829 potuit
2091 1773 2206 1813 eam

2390 1229 2408 1262 ‹
2451 1210 2519 1263 Τί
2547 1211 2604 1263 δέ
2634 1227 2700 1280 με
2737 1209 2974 1274 καλεῖτε,
3008 1207 3204 1278 Κύριε,
3238 1207 3435 1276 Κύριε,
3465 1207 3560 1258 καὶ
3588 1206 3651 1258 οὒ
3692 1208 3892 1259 ποιεῖτε

2313 1303 2348 1356 ἃ
2380 1301 2559 1371 λέγω;
2593 1303 2707 1366 Πᾶς
2741 1305 2768 1355 6
2795 1301 3088 1372 ἐρχόμενος
3130 1301 3265 1370 πρός
3295 1316 3383 1367 με,
3417 1301 3512 1352 καὶ
3544 1299 3765 1351 ἀκούων
3804 1315 3894 1368 μου

2315 1397 2422 1447 τῶν
2453 1389 2649 1463 λόγων,
2685 1394 2780 1447 καὶ
2825 1393 2992 1446 ποιῶν
3039 1392 3257 1454 αὐτοὺς,
3314 1391 3581 1456 ὑποδείξω
3633 1392 3764 1459 ὑμῖν
3797 1393 3896 1443 τίνι

2317 1487 2466 1540 ἐστὶν
2501 1488 2705 1556 ὅμοιος.
2754 1486 2982 1555 Ὃμοιός
3013 1485 3160 1536 ἐστιν
3200 1483 3473 1553 ἀνθρώπῳ
3521 1481 3895 1551 οἰκοδομοῦντι

2316 1582 2513 1643 οίκίαν,
2548 1579 2605 1642 ὃς
2647 1579 2848 1647 ἔσκαψε
2883 1579 2976 1631 καὶ
3020 1576 3275 1641 ὲϐἀθυνε,
3321 1575 3416 1629 καὶ
3442 1574 3607 1645 ἔθηκε
3651 1574 3893 1644 θεμέλιον

2316 1675 2409 1726 ἐπὶ
2450 1674 2547 1744 τὴν
2579 1672 2805 1743 πέτραν.
2840 1671 3186 1742 Πλημμύρας
3217 1670 3272 1722 δὲ
3299 1669 3621 1738 γενομένης,
3658 1667 3891 1737 προσέρ-

2320 1766 2479 1837 ρηξεν
2529 1768 2556 1818 ὁ
2599 1765 2842 1835 ποταμὸς
2890 1767 2956 1834 τῇ
3011 1764 3158 1832 οἰκίᾳ
3194 1762 3398 1831 ἐκείνῃ,
3437 1762 3532 1813 καὶ
3579 1760 3682 1813 οὐκ
3712 1761 3894 1828 [clusa

631 1861 885 1917 movere,
946 1852 1166 1906 fundata
1224 1853 1365 1906 enim
1429 1862 1544 1907 erat
1604 1867 1764 1920 super
1825 1861 2052 1921 petram.
2109 1850 2204 1915 Qui

2324 1858 2576 1910 σαλεῦσαι
2628 1857 2832 1927 αὐτὴν
2871 1855 3232 1924 τεθεμελίωτο
3263 1855 3368 1924 γὰρ
3411 1854 3505 1906 ἐπὶ
3534 1854 3634 1923 τὴν
3671 1854 3887 1922 πέτραν.

635 1953 815 1996 autem
835 1940 1072 2006 audivit,
1109 1950 1162 1996 et
1190 1957 1291 1995 non
1332 1941 1479 2006 fecit,
1519 1942 1720 1996 similis
1760 1952 1845 1997 est
1885 1942 2087 1997 homini
2119 1944 2209 2012 qui

634 2034 923 2090 mdiﬁcavit
952 2034 1170 2088 domum
1203 2048 1353 2088 suam
1387 2048 1551 2104 super
1589 2044 1786 2088 terram
1833 2035 2039 2103 absque
2089 2034 2210 2088 t'un-

635 2131 908 2195 damento,
943 2130 1186 2196 inquam
1243 2126 1416 2182 illisus
1455 2134 1534 2181 est
1587 2125 1802 2190 ﬂuvius,
1850 2135 1903 2182 et
1951 2126 2211 2181 continuo

635 2219 848 2285 cecidit,
898 2228 952 2273 et
1009 2214 1148 2270 facta
1197 2224 1278 2270 est
1316 2215 1470 2269 ruina
1517 2215 1708 2269 domus
1753 2215 1897 2269 illius
1932 2230 2144 2285 magna.
2187 2235 2206 2267 ι

635 2312 701 2367 Ει
749 2313 851 2366 hoc
894 2308 1204 2365 necessario
1236 2307 1390 2362 nobis
1426 2308 1656 2372 dicitur,
1711 2308 1800 2375 qui
1858 2319 1952 2361 ore
1992 2307 2208 2375 quidem

631 2405 903 2461 Christum
937 2402 1296 2465 confitemur,
1333 2415 1496 2468 opere
1543 2409 1722 2454 autem
1770 2414 2028 2469 negamus
2057 2400 2120 2452 ⁸⁵.
2151 2398 2207 2452 Si

631 2498 775 2551 enim
815 2494 1074 2550 Dominus
1126 2508 1270 2558 sum,
1328 2492 1543 2561 inquit,
1583 2491 1806 2544 omnino
1840 2498 2080 2544 vestrum
2124 2499 2209 2543 est

633 2589 813 2642 facere
843 2601 905 2640 ea
935 2599 1054 2654 quae
1081 2593 1207 2639 sunt
1239 2597 1543 2639 servorum.
1575 2582 1722 2636 Servi
1753 2583 1897 2636 enim
1945 2595 2078 2648 opus
2125 2589 2209 2636 est

641 2691 789 2733 recte
822 2677 1003 2732 facere
1039 2675 1182 2745 quod
1236 2674 1488 2729 dominus
1534 2673 1784 2742 imperat.
1837 2671 2052 2740 Deinde,
2081 2671 2211 2727 dicit

638 2767 791 2822 nobis
830 2765 960 2836 quid
1008 2765 1249 2821 lucretur
1297 2778 1356 2818 se
1389 2762 1646 2830 audiens,
1676 2772 1728 2816 ct
1767 2778 1870 2817 non
1903 2762 2075 2818 solum
2110 2778 2212 2815 au-

637 2860 815 2921 diens,
849 2857 940 2911 sed
966 2866 1017 2911 ct
1049 2856 1272 2908 faciens.
1302 2851 1507 2908 Similis
1529 2862 1613 2906 est
1639 2852 1781 2905 enim
1811 2853 2012 2906 homini
2045 2853 2209 2906 aedili-

634 2950 804 3012 eanti,
843 2948 933 3017 qui
963 2935 1256 3000 atdilicavit
1286 2957 1448 3011 super
1471 2951 1695 3012 petram.
1731 2943 1890 2996 Petra
1925 2942 2085 3012 igitur
2127 2952 2208 2996 est

632 3043 899 3106 Christus,
936 3041 1078 3096 sicut
1120 3035 1415 3107 Apostolus
1464 3044 1691 3090 testatur
1719 3034 1781 3086 ³⁸.
1830 3034 1989 3090 Fodit
2024 3042 2207 3089 autem

631 3137 684 3188 in
740 3132 1086 3204 profundum,
1138 3131 1230 3200 qui
1295 3143 1400 3184 non
1462 3125 1876 3195 superﬁcialiter
1927 3140 2207 3179 sermones

634 3199 927 3293 Scriptura:
958 3199 1170 3291 accipit,
1216 3223 1310 3274 sed
1347 3229 1628 3275 scrutatur
1675 3218 1944 3287 profunda
1992 3217 2202 3271 illarum
2228 3199 2272 3262 (ἶ

635 3321 689 3372 in
722 3317 942 3385 spiritu.
974 3312 1120 3367 Talis
1163 3313 1327 3381 igitur
1357 3322 1411 3366 et
1457 3325 1618 3379 supra
1653 3321 1862 3378 petram
1899 3308 2108 3371 fundat,
2150 3317 2205 3362 et

633 3407 828 3463 deinde
873 3405 1012 3462 facta
1063 3414 1405 3474 tempestate,
1456 3404 1555 3457 hoc
1595 3409 1676 3456 est
1716 3404 2088 3469 persecutione
2123 3401 2204 3454 vel

635 3501 949 3564 tentatione,
983 3496 1361 3553 illidittlumen
1411 3495 1593 3550 domui
1643 3494 1740 3560 illi,
1781 3502 2035 3557 tentatur,
2087 3493 2203 3547 sive

629 3595 874 3658 daemon,
927 3592 1041 3645 sive
1093 3591 1275 3652 homo,
1334 3596 1388 3641 et
1427 3602 1530 3642 non
1566 3589 1707 3640 valet
1759 3599 1974 3639 movere
2032 3584 2198 3638 illam.

631 3683 867 3739 Flumini
907 3697 1038 3738 sane
1066 3667 1280 3736 tcutans
1313 3679 1400 3734 ille
1447 3679 1606 3734 homo
1635 3677 1932 3742 confertur,
1969 3687 2022 3732 et
2051 3675 2203 3731 valde

632 3774 825 3830 merito
852 3791 866 3842 ;
896 3773 1034 3828 sicut
1057 3775 1198 3827 enim
1233 3770 1429 3824 [lumen
1462 3769 1724 3824 inundare
1756 3767 1885 3824 facit
1914 3785 2053 3839 aqua
2083 3784 2201 3838 qua:

632 3880 865 3935 superne
916 3864 1139 3925 decidit,
1173 3865 1241 3916 ita
1279 3873 1332 3916 et
1380 3869 1673 3916 tentantem
1731 3861 1878 3915 illum
1929 3861 2200 3914 hominem

637 3955 887 4020 Satanas,
928 3954 1016 4023 qui
1061 3969 1090 4008 c
1113 3952 1362 4024 superuis
1393 3953 1609 4017 cecidit,
1643 3966 1887 4008 crescere
1916 3952 2061 4006 facit.
2099 3951 2201 4006 D0-

631 4062 752 4101 mus
779 4057 958 4101 autem
988 4060 1174 4101 eorum
1209 4045 1298 4114 qui
1329 4060 1431 4098 non
1467 4043 1674 4099 faciunt
1697 4059 2001 4099 sermonem
2030 4043 2203 4099 Domi-

630 4140 682 4194 ni
715 4139 876 4204 cadit,
906 4147 959 4193 et
1006 4139 1064 4191 lit
1110 4137 1264 4191 ruina
1316 4139 1506 4192 domus
1555 4137 1696 4191 illius
1749 4150 1960 4208 magna.
2012 4137 2200 4207 Magna

631 4233 773 4285 enim
823 4231 977 4284 ruina
1021 4239 1323 4283 esteorum
1365 4229 1452 4298 qui
1488 4228 1711 4282 audiunt
1741 4239 1792 4281 et
1827 4246 1932 4282 nun
1976 4229 2196 4283 faciunt.

629 4323 761 4376 Nam
788 4325 879 4392 qui
932 4338 1035 4376 non
1079 4322 1248 4384 audit,
1281 4332 1332 4374 et
1362 4335 1466 4373 non
1497 4319 1659 4386 faciti,
1692 4338 1794 4374 non
1831 4331 1936 4374 tam
1967 4324 2201 4388 graviter

629 4419 790 4480 cadit,
828 4416 916 4485 qui
960 4426 1139 4470 autem
1171 4415 1317 4466 audit
1340 4423 1393 4466 ct
1427 4429 1528 4466 non
1559 4413 1707 4478 facit,
1740 4415 1956 4482 gravius
1991 4423 2196 4481 peccat.

1220 4710 1447 4766 CAPUT
1496 4709 1603 4762 VH.

785 4832 859 4884 De
892 4829 1208 4883 centurione.
1253 4827 1324 4878 De
1377 4825 1488 4891 ﬁlio
1525 4827 1710 4878 vidum.
1749 4823 1820 4875 De
1860 4826 2030 4877 mis-sis

1260 4914 1289 4949 α
1325 4894 1552 4950 Joanne.

704 5013 861 5066 Ὺωις.
915 5011 1062 5064 t-tﬂ.
1100 5011 1264 5082 316
1294 5029 1312 5061 ι
1352 5010 1485 5064 Cum
1541 5020 1721 5065 autem
1767 5020 2196 5066 cuusnnnnassct

624 5107 809 5160 omnia
843 5106 1006 5160 verba
1043 5120 1159 5172 ~sua
1210 5105 1460 5160 audiente
1488 5105 1704 5175 populo,
1737 5103 1960 5159 intravit
1993 5103 2195 5175 Caper-

635 5198 1191 5254 naum.Ccntui-ionis
1249 5208 1424 5253 autem
1486 5198 1762 5267 cujusdam
1822 5212 2012 5253 servus
2060 5199 2197 5253 male

627 5295 834 5348 hat-ens
872 5291 1064 5362 agebat
1095 5291 1325 5342 animam
1351 5299 1373 5353 ,'
1397 5290 1486 5359 qui
1529 5289 1603 5343 ilii
1653 5300 1770 5345 erat
1797 5291 2018 5346 charus.
2063 5292 2197 5346 Cum

633 5385 868 5440 audisset
900 5392 1075 5437 autem
1109 5383 1174 5435 de
1201 5379 1350 5448 Jesn,
1388 5381 1535 5436 misit
1563 5383 1626 5435 ad
1658 5397 1779 5436 eum
1812 5385 2059 5438 seniores
2093 5383 2194 5438 Ju-

627 5479 885 5539 dzeorum,
917 5491 1112 5545 rogans
1142 5490 1261 5530 eum
1292 5485 1351 5528 ut
1378 5474 1587 5528 veniret
1613 5482 1668 5529 et
1701 5485 1943 5530 servaret
1975 5491 2191 5530 servum

630 5586 806 5624 stium.
843 5570 913 5624 At
963 5569 1032 5621 illi
1084 5583 1204 5622 cum
1251 5569 1525 5623 venissent
1574 5570 1639 5622 ad
1692 5567 1894 5632 Jesum,
1933 5569 2196 5639 rogabant

630 5678 748 5711 ιἰιιι
803 5662 1060 5725 studiose,
1115 5661 1392 5714 dicentes:
1453 5660 1654 5729 Dignus
1708 5670 1792 5716 est
1843 5671 1898 5714 ut
1956 5662 2058 5714 huc
2124 5661 2195 5714 ilti

703 5842 741 5870 λε
777 5839 878 5892 ἰ’ἱι.
918 5860 954 5902 ι,
1001 5839 1079 5893 ιο.
1159 5840 1201 5870 ³⁸
1233 5839 1248 5891 l
1277 5838 1400 5892 Cor.
1436 5857 1490 5906 κ,
1529 5841 1576 5892 .i.

2227 4508 2414 4590 Βὸδὲ
2476 4507 2713 4567 ἀκούσας
2779 4508 2895 4576 μὲν,
2957 4508 3030 4576 μὴ
3097 4508 3329 4576 ποιήσας
3386 4507 3463 4572 δὲ,

2326 1947 2384 2001 'O
2414 1949 2469 2000 δὲ
2522 1948 2759 2008 ἀκούσας
2807 1950 2900 1999 καὶ
2956 1945 3029 2016 μὴ
3072 1948 3329 2015 ποιήσας,
3382 1945 3564 2012 ὅμοιός
3620 1946 3772 1996 ἐστιν
3803 1944 3892 1996 ἀνο

2315 2037 2516 2107 θρώπῳ
2551 2037 2969 2106 οἰκοδομήσαντι
3004 2035 3182 2087 οίκίαν
3213 2035 3304 2086 ἐπὶ
3335 2033 3431 2103 τὴν
3466 2037 3570 2102 γῆν
3600 2033 3773 2103 χωρὶς
3807 2032 3892 2085 θε-

2317 2130 2500 2195 μελίου
2525 2146 2537 2159 ·
2571 2125 3000 2203 προσέῤῥηξεν
3021 2129 3048 2180 6
3069 2125 3331 2196 ποταμὸς,
3356 2127 3452 2179 καὶ
3471 2127 3675 2188 εὐθέως
3708 2126 3888 2186 ἔπεσε,

2313 2223 2407 2274 καὶ
2435 2223 2655 2289 ἐγένετο
2677 2240 2736 2273 το
2762 2222 2949 2290 ῥῆγμα
2971 2223 3070 2288 τῆς
3090 2219 3268 2281 οίκίας
3287 2219 3500 2284 ἐκείνης
3533 2222 3699 2286 μέγα.
3732 2237 3750 2269 ι
3783 2219 3890 2270 Καὶ

2311 2314 2468 2368 τοῦτο
2493 2316 2793 2382 ἀναγκαῖον
2828 2324 2964 2380 προς
2994 2313 3145 2381 ἡμᾶς
3166 2353 3178 2376 ,
3203 2313 3331 2373 τοὺς
3361 2312 3759 2380 ὁμολογοῦντας
3797 2312 3889 2379 μὲν

2314 2403 2475 2456 αὐτὸν
2506 2406 2621 2466 τοῖς
2674 2403 2878 2471 χείλεσι
2920 2401 3145 2471 Κύριον,
3177 2405 3286 2464 τοῖς
3317 2402 3372 2452 δὲ
3409 2402 3592 2470 ἔργοις
3624 2402 3891 2470 ἀρνουμέ-

2315 2513 2454 2558 νους.
2489 2496 2550 2548 Ei
2576 2497 2679 2565 γὰρ
2711 2495 2913 2565 Κύριός
2944 2496 3080 2564 είμι,
3102 2495 3254 2563 φησὶ,
3281 2494 3500 2557 πάντως
3532 2495 3677 2563 ὑμᾶς
3707 2493 3814 2546 ἔδει
3835 2497 3890 2545 τ’]

2313 2588 2423 2640 τῶν
2443 2586 2645 2640 δούλων
2677 2605 2868 2640 ποιειν.
2903 2586 3114 2640 Δούλων
3144 2587 3199 2638 δὲ
3228 2585 3407 2656 ἔργον,
3433 2587 3492 2637 τὸ
3517 2587 3782 2654 πράττειν
3807 2584 3840 2638 ἃ
3865 2588 3890 2634 6

2313 2677 2499 2747 κύριος
2540 2677 2837 2729 ἐπιτάττει.
2871 2672 3003 2729 Εῐτα
3030 2676 3178 2743 λέγει
3210 2678 3342 2744 ἡμῖν
3372 2675 3423 2727 τί
3456 2675 3733 2743 κερδαίνει
3756 2675 3867 2727 ὁαύ

2311 2768 2405 2820 τοῦ
2438 2754 2674 2832 ἁκούων,
2709 2769 2803 2820 καὶ
2831 2768 2904 2837 μὴ
2935 2768 3094 2836 μόνον
3141 2767 3377 2831 ἁκούων,
3417 2767 3553 2820 ἀλλὰ
3584 2768 3676 2818 καὶ
3701 2767 3887 2819 ποιῶν.

2316 2860 2536 2928 Ὅμοιος
2563 2860 2671 2929 γάρ
2692 2860 2839 2912 ἐστιν
2866 2859 3137 2929 ἀνθρώπῳ
3164 2860 3430 2927 οἰκοδόμῳ
3460 2858 3517 2920 ὃς
3539 2859 3887 2928 ᾠκοδόμησεν

2314 2951 2406 3002 ἐπὶ
2453 2950 2550 3020 τὴν
2598 2951 2823 3022 πέτραν,
2887 2952 3067 3021 Πέτρα
3123 2952 3220 3020 μὲν
3268 2947 3361 3004 οῦν
3392 2952 3419 3004 6
3456 2951 3714 3020 Χριστος,
3762 2951 3888 3014 ὠςό

2324 3042 2645 3106 Ἀπδστολος
2697 3045 2988 3114 μαρτυρεῖ.
3037 3044 3283 3097 Σκάπτει
3333 3043 3388 3098 δὲ
3430 3044 3523 3097 καὶ
3560 3043 3803 3112 partem,
3833 3045 3887 3105 ὃς

2315 3133 2389 3203 μὴ
2423 3135 2751 3197 ἐπιπολαίως
2809 3135 3022 3203 δέχεται
3070 3135 3196 3195 τοὺς
3241 3135 3340 3204 τῆς
3389 3134 3613 3205 Γραφῆς
3679 3135 3886 3202 λόγους,

2309 3225 2421 3278 ἀλλ’
2456 3229 2653 3296 ἐρευνᾷ
2692 3229 2758 3278 τὰ
2801 3226 2935 3296 βάθη
2983 3226 3189 3278 τούτων
3235 3226 3372 3296 μετὰ
3422 3227 3516 3278 τοῦ
3555 3227 3884 3297 πνεύματος.

2321 3317 2380 3371 Ὀ
2405 3317 2642 3381 τοιοῦτος
2674 3319 2765 3371 οῦν
2800 3319 2893 3370 καὶ
2944 3314 3037 3370 ἐπὶ
3075 3318 3173 3388 τὴν
3207 3321 3412 3388 πέτραν
3460 3319 3727 3389 θεμελιοῖ.
3761 3316 3886 3372 Εἶτα

2309 3408 2646 3479 πλημμύρας
2677 3410 2992 3479 γενομένης,
3031 3409 3272 3479 διωγμοῦ
3307 3411 3468 3480 τυχὸν
3491 3411 3525 3481 ἢ
3555 3411 3882 3480 πειρασμοῦ,

2309 3502 2608 3570 προσρήσει
2649 3503 2674 3553 6
2701 3501 2942 3571 ποταμὸς
2985 3505 3050 3574 τῇ
3084 3503 3230 3565 οἰκία
3270 3504 3475 3574 ἐκείνῃ,
3520 3505 3548 3556 ὀ
3587 3504 3886 3573 πειρασιὴς

2308 3592 2415 3644 εἴτε
2445 3591 2650 3662 δαίμων
2681 3592 2788 3643 εἴτε
2826 3590 3133 3660 ἅνθρωπος,
3165 3591 3258 3644 καὶ
3289 3591 3388 3644 οῦκ
3425 3589 3599 3660 ἰσχύει
3631 3589 3884 3643 σαλεῦσαι

2307 3685 2529 3754 ταύτην.
2574 3683 2809 3753 Ποταμῷ
2850 3683 2895 3736 δ’
2926 3682 2992 3737 ἂν
3024 3684 3398 3754 παραϐληθείη
3428 3685 3456 3737 6
3486 3683 3769 3753 πειράζων
3797 3686 3886 3739 ἇν-

2309 3777 2545 3847 Ορωπος,
2579 3780 2670 3830 καὶ
2704 3777 2848 3846 μάλα
2878 3779 3123 3839 είκότως·
3154 3776 3341 3846 ὥσπερ
3372 3778 3476 3844 γὰρ
3509 3777 3601 3829 τὸν
3646 3777 3882 3846 οπο-ταμών

2309 3867 2575 3937 ήᾶνωοεν
2625 3870 2896 3923 πίπτουσα
2937 3868 3107 3940 βροχὴ
3158 3870 3512 3938 πὶιημμυρείν
3549 3873 3716 3931 ποιεῖ,
3749 3869 3883 3922 οῦτοι

2308 3959 2398 4009 καὶ
2426 3958 2516 4012 τὸν
2561 3959 2862 4029 πειίιοιστὴν
2911 3959 3252 4030 ἄνθρωπονό
3283 3958 3490 4012 ἄνωθεν
3550 3960 3738 4011 πεσὼν
3782 3959 3879 4010 Σι-

2306 4052 2472 4112 τανᾶς
2506 4048 2694 4112 αὒξειν
2731 4052 2890 4104 ποιεῖ.
2923 4051 3043 4102 Τῶν
3085 4049 3139 4102 δὲ
3177 4050 3251 4119 μὴ
3291 4051 3590 4103 ποιούντων
3633 4051 3762 4112 τοὺς
3794 4050 3876 4101 τοῦ

2307 4142 2509 4211 Κυρίου
2536 4143 2726 4208 λόγους
2758 4144 2788 4212 ἡ
2823 4142 2967 4195 οἰκία
2991 4143 3204 4208 πίπτει,
3239 4143 3329 4194 καὶ
3360 4142 3574 4209 γίνεται
3604 4143 3664 4194 τὸ
3697 4143 3875 4212 ῥῆγμα

2305 4233 2402 4299 τῆς
2430 4232 2607 4293 οἰκίας
2637 4232 2852 4298 ἐκείνης
2899 4231 3062 4300 μέγα.
3096 4231 3323 4298 Μεγάλα
3352 4232 3457 4300 γάρ
3501 4232 3608 4284 εισι
3637 4233 3707 4284 τὰ
3744 4229 3880 4283 τττὼ-

2309 4342 2441 4395 ματο
2488 4324 2594 4375 τῶν
2623 4323 2926 4377 ἀκουόντων
2959 4324 3078 4392 μὲν,
3121 4324 3196 4395 μὴ
3228 4323 3525 4376 ποιούντων
3559 4323 3638 4377 δέ.
3693 4324 3752 4376 Ὁ
3789 4323 3876 4392 μὲν

2306 4418 2412 4481 γὰρ
2439 4409 2578 4484 μήτε
2602 4414 2837 4478 ἀκούσας
2867 4416 3004 4484 μήτε
3029 4418 3283 4484 ποιήσας,
3309 4415 3653 4486 ἐλαφρότερα
3682 4417 3874 4478 πταίει,

3525 4508 3871 4577 χαλεπώτερα

2308 4601 2629 4668 ἁμαρτάνει.

2918 4715 3143 4768 ΚΕΦΑᾹ
3190 4716 3264 4770 Ζ’.

2304 4832 2439 4899 Περὶ
2474 4831 2578 4883 rei"
2618 4829 3080 4903 ἑκατοντάρχου.
3124 4831 3260 4898 Περὶ
3293 4831 3397 4886 τοῦ
3457 4833 3586 4886 υἱοῦ
3615 4833 3717 4900 τῆς
3769 4836 3870 4903 χὴ-

2399 4918 2532 4969 ρας.
2569 4902 2701 4968 Περὶ
2741 4900 2856 4954 τῶν
2885 4901 3232 4955 σταλέντων
3261 4904 3422 4972 παρὰ
3465 4904 3773 4958 Ἰωάννου.

2386 5036 2396 5067 ι
2449 5017 2598 5070 Ἐπεὶ
2632 5017 2687 5070 δὲ
2711 5017 2997 5087 ἐπλήρωσε
3041 5018 3218 5070 πάντα
3247 5018 3315 5071 τὰ
3350 5019 3572 5089 ῥήματα
3600 5019 3769 5072 αὐτοῦ
3802 5023 3870 5082 εἰς

2298 5112 2394 5173 τὰς
2427 5110 2594 5174 ἀκοὰς
2611 5109 2702 5162 τοῦ
2721 5109 2873 5175 λαοῦ,
2899 5109 3146 5181 εἰσῆλθεν
3169 5111 3248 5174 εις
3273 5112 3678 5182 Καπερναούμ.
3724 5112 3871 5166 Ἐκα-

2297 5204 2590 5272 τοντάρχου
2629 5202 2685 5256 δέ
2730 5220 2873 5266 τινος
2910 5202 3094 5266 δοῦλος
3142 5203 3326 5266 κακῶς
3361 5203 3522 5272 ἔχων,
3561 5205 3760 5274 ἔμελλε
3791 5223 3868 5256 τεο

2297 5295 2488 5366 λευτᾷν
2522 5297 2580 5359 ὃς
2629 5291 2697 5365 ἦν
2729 5296 2877 5367 αὐτῷ
2931 5295 3169 5366 ἔντιμος.
3223 5297 3497 5360 ’Λκούσας
3527 5298 3584 5350 δὲ
3622 5300 3755 5370 περὶ
3788 5297 3867 5350 τοῦ

2310 5387 2507 5459 Ἰησοῦ,
2561 5388 2849 5440 ἀπέστειλε
2904 5388 3038 5459 πρὸς
3087 5388 3251 5442 αὐτὸν
3306 5390 3719 5462 πρεσϐυτέρους
3769 5389 3869 5442 τῶν

2308 5480 2597 5545 Ἰουδαίων,
2641 5481 2861 5551 ὲρι·›τῶν
2907 5482 3071 5535 αὑτὸν
3100 5483 3248 5546 ὅπως
3277 5482 3446 5537 ἐλθὼν
3493 5483 3740 5556 διασώσῃ
3787 5485 3868 5537 τὸν

2295 5573 2476 5626 δοῦλον
2512 5573 2697 5627 αὑτοῦ.
2752 5575 2815 5628 Oi
2849 5573 2926 5639 δὲ,
2983 5576 3423 5647 παραγενόμενοι
3459 5577 3596 5647 πρὸς
3647 5578 3738 5630 τὸν
3780 5576 3868 5641 Ἰη·

2297 5665 2438 5725 σοῦν,
2482 5664 2824 5734 παρεκάλουν
2884 5666 3044 5720 αὐτὸν
3100 5668 3432 5730 σπουδαίως,
3489 5668 3741 5734 λέγοντες
3796 5668 3865 5720 Et:

4029 78 4047 404 ί
