4110 6332
257 350 376 417 789

976 341 1425 408 ENARRATIO
1456 338 1537 403 IN
1576 335 2081 404 EVANGELIUM
2122 338 2359 401 LUC/El.
2396 362 2468 373 --
2520 336 2680 399 CAP.
2720 334 2854 401 VII.

3447 335 3555 400 790

272 459 633 535 μαρτυρήσας
677 456 807 529 περὶ
838 455 1104 528 Χριστοῦ,
1140 455 1235 509 νῦν
1282 452 1612 517 ἀποστείλας
1651 453 1853 524 ἐρωτᾷ,

1969 452 2289 509 testificetur
2320 451 2387 507 de
2420 464 2527 516 me,
2582 464 2729 505 nunc
2765 457 2947 504 autem
3005 446 3216 517 ignoret
3268 459 3376 503 me.
3420 445 3555 501 Nam

266 557 319 608 εί
350 555 511 617 αὑτός
556 556 706 606 ἐστιν
746 551 775 604 ὁ
806 549 1124 620 ἐρχόμενος,
1158 549 1246 601 διὰ
1291 546 1449 600 τοῦτο
1481 546 1629 613 λέγει
1659 545 1686 598 ὁ
1723 546 1857 617 Χρι-

272 648 400 711 στος
431 645 565 717 πρὸς
619 645 744 707 τοὺς
775 643 965 713 ὄχλους
985 685 997 707 ,
1029 644 1111 696 ὅτι
1143 641 1325 709 Μηδὲν
1367 638 1609 694 τοιοῦτον
1651 638 1858 692 ὑπολά-

273 739 410 804 ϐητε
438 738 567 804 περὶ
604 736 875 789 Ἰωάννου.
900 737 992 805 Μή
1016 733 1125 804 γὰρ
1157 733 1403 802 κάλαμός
1430 726 1600 793 ἐστιν,
1623 730 1698 794 ὡς
1728 730 1857 784 ποτὲ

276 831 380 899 μὲν
413 822 536 891 ὧδε,
576 826 705 879 ποτὲ
741 826 797 880 δὲ
830 826 946 878 ἐκεῖ
988 823 1287 888 κλίνεσθαι,
1330 824 1425 877 καὶ
1455 822 1552 876 νῦν
1584 824 1683 893 μὲν
1717 838 1859 891 μαρ-

268 924 458 993 τυρεῖν
489 922 617 992 περὶ
669 918 825 990 ἐμοῦ,
857 916 951 971 νῦν
1004 917 1060 970 δὲ
1113 920 1327 985 ἀγνοεῖν
1383 916 1502 987 ἐμέ.
1539 917 1601 969 Εἰ
1652 917 1759 987 γάρ
1790 911 1859 987 ἦν

267 1011 535 1077 τοιοῦτος,
560 1011 703 1074 τίνος
734 1009 920 1063 ἕνεκεν
947 1008 1199 1079 ἐξήλθετε
1233 1010 1312 1072 εἰς
1341 1008 1438 1077 τήν
1474 1008 1683 1077 ἔρημον
1713 1006 1854 1067 τότε,

270 1104 415 1158 ὥστε
448 1103 749 1159 θεάσασθαι
784 1103 984 1168 αὐτόν;
1021 1101 1184 1155 Ἀλλά
1217 1102 1427 1173 μήποτέ
1460 1100 1564 1154 ὑπὸ
1595 1102 1692 1170 τῆς
1727 1116 1860 1168 τρυγ-

271 1199 382 1266 φῆς
412 1197 679 1269 διεφθάρη
706 1196 796 1250 τὸν
824 1198 969 1260 νοῦν,
1009 1195 1147 1249 ἀλλὰ
1193 1192 1353 1264 στολὴ
1384 1192 1657 1247 δείκνυσιν
1698 1192 1858 1245 αὑτὸν

271 1290 534 1361 ὑπεράνω
583 1291 766 1359 πάσης
810 1288 1044 1360 τρυφῆς.
1076 1289 1138 1341 El
1178 1287 1288 1358 γὰρ
1322 1286 1555 1356 ἐτρύφα,
1603 1287 1660 1338 ἐν
1701 1284 1856 1353 βασι-

268 1382 438 1446 λείοις
460 1384 525 1435 ἂν
554 1378 639 1452 ἦν.
673 1380 835 1435 Ἀλλὰ
864 1382 1150 1451 προφήτην
1177 1380 1340 1435 αὑτὸν
1366 1378 1548 1450 ἔχετες
1580 1379 1689 1433 Ναὶ
1716 1381 1860 1447 λέγω

272 1452 430 1544 ὑμῖν,
472 1476 565 1528 καὶ
596 1475 981 1546 περισσότερον
1015 1474 1320 1545 προφήτου.
1354 1474 1416 1527 Ol
1442 1473 1541 1542 μὲν
1575 1474 1683 1543 γὰρ
1710 1474 1859 1528 ἄλλοι

276 1570 541 1633 προεῖπον
573 1567 703 1637 περὶ
736 1566 977 1635 Χριστοῦ
1013 1568 1197 1636 μόνον,
1231 1559 1386 1629 οὗτος
1421 1567 1478 1620 δὲ
1513 1568 1603 1619 καὶ
1636 1566 1743 1620 εἶδε
1767 1569 1861 1623 καὶ

271 1660 467 1726 ἔδειξε,
498 1659 675 1728 λέγων
697 1674 709 1687 ⁸
743 1661 849 1713 Ἴδε
889 1660 915 1710 ὁ
960 1660 1155 1728 Ἀμνὸς
1203 1659 1295 1713 τοῦ
1328 1658 1485 1714 Θεοῦ.
1533 1662 1643 1715 Καὶ
1675 1662 1723 1714 el
1761 1660 1861 1731 μὲν

273 1751 423 1803 ἄλλοι
447 1752 743 1821 προφῆται,
800 1752 945 1820 μετὰ
975 1752 1035 1804 τὸ
1094 1750 1333 1816 ἐξελθεῖν
1384 1753 1447 1804 ἐκ
1496 1752 1599 1821 τῆς
1650 1751 1858 1815 κοιλίας

268 1843 383 1896 τῶν
413 1845 663 1915 μητέρων
712 1845 913 1907 αὐτῶν,
946 1845 1414 1915 προεφήτευσαν*
1460 1840 1614 1908 οὗτος
1671 1845 1725 1897 δέ
1770 1845 1862 1898 καὶ

275 1935 383 2005 πρὸ
421 1936 513 1989 τοῦ
562 1936 797 2001 ἐξελθεῖν
824 1938 886 1989 ἐκ
924 1936 1024 2003 τῆς
1065 1938 1298 2006 μήτρας,
1348 1934 1563 2003 ἐπέγνω
1604 1935 1695 1987 τὸν
1746 1937 1861 1989 Κύ-

274 2043 417 2098 ριον,
448 2030 543 2083 καὶ
570 2029 917 2099 ἐσκίρτησεν.
956 2024 1090 2080 Εἶτα
1119 2029 1364 2100 παράγει
1399 2030 1492 2083 καὶ
1528 2030 1620 2082 τὸν
1648 2032 1862 2101 προφή-

268 2136 373 2189 ιεην
406 2121 681 2192 μάρτυρα.
710 2122 847 2191 Φησὶ
874 2122 1004 2191 γὰρ,
1036 2114 1207 2184 Οὗτός
1236 2122 1351 2174 ἐστι
1389 2122 1516 2193 περὶ
1564 2116 1626 2174 οὗ
1659 2122 1861 2191 γέγρα-

271 2227 426 2264 πται·
448 2213 583 2265 Ἰδοὺ
614 2213 932 2266 ἀποστέλλω
951 2213 1042 2266 τὸν
1060 2214 1290 2283 ἅγγελδν
1316 2231 1436 2285 μου.
1467 2212 1731 2281 ’Ἄγγελος
1754 2214 1862 2284 γὰρ

267 2306 299 2358 ὁ
343 2305 618 2373 Ἰωάννης,
658 2308 800 2375 τάχα
841 2306 938 2374 μὲν
977 2306 1071 2359 καὶ
1111 2306 1198 2359 διὰ
1233 2306 1293 2359 τὸ
1337 2306 1524 2375 σχεδὸν
1572 2307 1733 2361 άῦλον
1769 2307 1861 2361 τοῦ
1894 2346 1905 2356 .

272 2397 392 2457 βίου
427 2401 517 2451 καὶ
544 2399 857 2466 ἁγγελικὺν,
893 2399 1037 2468 τάχα
1064 2399 1121 2451 δὲ
1154 2400 1249 2451 καὶ
1283 2398 1371 2451 διὰ
1400 2401 1460 2452 τὸ
1490 2400 1743 2467 ἀγγεῖλαι
1767 2400 1863 2470 τὴν

269 2488 370 2540 τοῦ
399 2489 650 2560 Σωτῆρος
682 2490 996 2559 ἐπιδημίαν.
1043 2489 1215 2561 Ἀμὴν
1253 2489 1395 2556 λέγω
1431 2490 1582 2559 ὑμῖν,
1610 2493 1709 2544 οὐκ
1735 2492 1865 2563 ἐγή-

266 2597 465 2649 γερται
500 2582 557 2632 ἐν
596 2583 875 2648 γεννητοῖς
897 2581 1179 2648 γυναικῶν
1224 2580 1425 2650 μείζων
1458 2582 1727 2641 Ἰωάννου.
1753 2582 1863 2636 τῶν

272 2673 456 2727 ἄλλων
487 2674 709 2727 πάντων
742 2672 976 2742 ἐξαίρων
1013 2674 1103 2725 τὸν
1130 2673 1467 2744 Πρόδρομυν.
1500 2668 1634 2727 Εἶτα
1661 2675 1863 2728 ὡσανεί

266 2784 418 2830 τινος
442 2767 711 2830 είπὸντος,
738 2768 847 2820 Καὶ
888 2764 980 2819 σοῦ
1013 2764 1068 2817 δέ
1102 2764 1290 2829 αὑτοῦ,
1319 2759 1363 2818 ὦ
1396 2767 1618 2835 Χριστὲ,
1661 2766 1863 2836 μείζων

266 2858 456 2924 ἑστίη
489 2858 686 2925 ἐπάγει
707 2876 720 2888 ο
765 2858 822 2912 ’0
851 2857 907 2909 δὲ
939 2856 1260 2926 μικρότερος
1288 2855 1454 2909 αὐτοῦ
1488 2854 1617 2925 ἐγὼ,
1659 2856 1864 2926 μείζων

266 2934 385 3019 είμὶ
405 2953 463 3003 ἐν
491 2952 556 3019 τῇ
581 2949 831 3021 βασιλείᾳ
859 2949 968 3001 τῶν
988 2948 1257 3018 οὐρανῶν.
1282 2947 1597 3018 Νομίζομαι
1628 2948 1725 3019 μὲν
1753 2950 1862 3019 γὰρ

268 3040 370 3092 νῦν
412 3041 736 3111 μικρότερος
779 3040 944 3093 αὑτοῦ
979 3041 1071 3092 καὶ
1122 3038 1266 3092 κατὰ
1298 3040 1579 3107 εὐγένειαν
1621 3043 1714 3093 καὶ
1745 3042 1862 3110 ήλι-

1962 547 2005 600 si
2040 544 2232 601 fuisset
2273 545 2415 608 talis,
2447 543 2604 613 cujus
2630 544 2805 615 gratia
2837 540 3148 598 exivissetis
3188 540 3243 594 in
3273 540 3552 597 desertum

1964 649 2023 694 ιιι
2056 638 2311 693 videretis
2341 654 2465 693 eum
2489 638 2511 692 ?
2539 636 2645 693 Sed
2675 648 2849 706 neque
2880 634 3123 690 animum
3155 648 3315 688 suum
3347 632 3556 689 deliciis

1962 733 2224 803 corrupit,
2279 733 2447 787 vestis
2494 732 2637 785 enim
2695 730 2814 799 ejus
2867 728 3109 782 declarat
3164 725 3377 781 deliciis
3429 740 3553 780 eum

1962 827 2301 897 superiorem
2336 810 2482 879 esse.
2520 822 2733 877 Etenim
2766 822 2809 876 si
2858 821 3179 876 arrisisscnt
3228 819 3277 874 ei
3326 818 3551 879 delicim,

1965 919 2015 971 in
2072 918 2286 988 palatiis
2320 917 2562 971 vixisset.
2628 916 2697 968 At
2746 914 3067 984 praphetam
3123 910 3274 965 illum
3327 910 3555 966 dicitis?

1964 1011 2166 1081 Utique
2199 1012 2319 1063 dico
2346 1010 2523 1069 vobis.
2560 1008 2733 1078 major
2762 1017 2844 1060 cst
2873 1004 3160 1076 propheta.
3208 1003 3343 1058 Nam
3375 1002 3463 1055 alii
3494 1002 3561 1055 de

1962 1101 2181 1157 Christo
2211 1108 2419 1154 tantum
2449 1100 2844 1169 praedixerunt,
2877 1098 2966 1151 hic
3001 1096 3167 1152 etiam
3200 1104 3256 1151 et
3284 1096 3459 1161 vidit,
3507 1104 3563 1147 et

1963 1192 2288 1248 monstravit
2328 1192 2557 1247 dicens:
2618 1190 2760 1245 Ecce
2805 1191 2991 1260 Agnus
3040 1188 3129 1244 illo
3183 1188 3299 1243 Dei.
3348 1187 3415 1241 Et
3467 1189 3560 1241 al.i

1965 1286 2181 1356 quidem
2220 1286 2497 1355 propheta:
2547 1284 2999 1354 prophetizarunt
3041 1291 3328 1353 postquam
3356 1280 3563 1348 egressi

1966 1386 2093 1432 sunt
2121 1394 2184 1431 ex
2223 1378 2395 1431 uteris
2425 1387 2659 1431 matrum
2688 1395 2701 1430 :
2740 1377 2829 1431 hic
2857 1385 3039 1431 autem
3068 1385 3359 1443 antequam
3386 1374 3564 1428 exiret

1964 1472 2031 1524 dc
2058 1478 2233 1534 utero,
2268 1471 2491 1538 agnovit
2513 1467 2823 1534 Dominum,
2857 1477 2913 1522 et
2936 1466 3254 1521 exsultavit.
3288 1464 3415 1519 Post
3447 1465 3564 1519 lucc

1965 1560 2123 1615 all‘ert
2156 1572 2210 1614 et
2241 1560 2557 1629 prophetam
2591 1568 2807 1624 testem;
2842 1559 2973 1614 dicit
3005 1558 3150 1612 enim
3190 1574 3204 1611 :
3244 1555 3341 1613 llic
3371 1565 3455 1610 est
3497 1558 3564 1610 de

1964 1670 2071 1726 quo
2101 1653 2363 1723 scriptum
2397 1660 2519 1707 est:
2553 1652 2694 1707 Ecce
2731 1653 2889 1706 mitto
2923 1651 3176 1720 angelum
3212 1665 3413 1704 meum.
3446 1650 3562 1702 Au-

1965 1750 2119 1820 gelus
2144 1749 2288 1803 enim
2320 1746 2558 1804 Joannes
2600 1745 2730 1810 fuit,
2782 1743 3035 1800 fortassis
3078 1742 3223 1811 quod
3260 1741 3583 1813 angelicam'

1966 1844 2132 1896 vitam
2184 1850 2239 1897 et
2296 1856 2403 1895 non
2458 1838 2759 1902 carnalem,
2815 1837 2911 1892 sed
2968 1833 3311 1906 spiritualem
3368 1834 3562 1906 egerit,

1965 1933 2223 1991 fortassis
2257 1932 2423 1989 etiam
2446 1931 2592 2002 quod
2629 1932 2919 1986 adventum
2944 1928 3242 1983 Salvatoris
3273 1927 3563 1981 nuntiarit.

1965 2030 2139 2083 Amen
2172 2026 2294 2083 dico
2326 2025 2504 2093 vobis,
2555 2040 2662 2080 non
2713 2024 2955 2078 surrexit
2994 2023 3138 2077 inter
3178 2030 3334 2077 natos
3368 2020 3564 2075 mulie-

1967 2134 2088 2174 rum
2123 2119 2297 2188 major
2346 2116 2577 2173 Joanne.
2613 2114 2842 2174 Praefert
2878 2114 2999 2169 aliis
3031 2113 3285 2169 omnibus
3316 2113 3567 2168 Praecur-

1969 2226 2171 2269 sorem.
2208 2209 2416 2265 Deinde
2452 2210 2608 2279 quasi
2663 2208 2787 2278 quis
2810 2206 3061 2271 dixisset,
3096 2206 3178 2258 An
3214 2212 3269 2258 et
3312 2214 3361 2259 te
3395 2204 3568 2273 major

1970 2304 2057 2359 ille
2110 2302 2243 2358 est?
2295 2301 2523 2358 subdit:
2579 2300 2693 2370 Ego
2745 2310 2927 2354 autem
2960 2299 3052 2367 qui
3088 2298 3269 2351 minor
3299 2297 3391 2352 illo
3420 2312 3562 2362 smn,

1968 2397 2143 2466 major
2190 2410 2311 2450 sum
2364 2395 2416 2450 in
2469 2408 2637 2465 regno
2672 2392 2959 2448 cmlorum.
2996 2390 3209 2447 Habeor
3243 2391 3387 2445 enim
3423 2404 3566 2445 nunc

1969 2492 2148 2545 minor
2188 2490 2280 2544 illo
2308 2498 2364 2543 et
2394 2499 2617 2558 prepter
2667 2495 2908 2551 aetatem,
2941 2496 2995 2539 et
3029 2495 3249 2554 propter
3280 2499 3473 2555 genus,
3508 2492 3565 2538 et

1968 2594 2188 2654 propter
2214 2582 2467 2651 gloriam,
2515 2581 2609 2636 sed
2664 2581 2715 2635 in
2766 2594 2933 2650 regno
2965 2568 3230 2634 caelorum
3262 2578 3439 2647 major
3475 2577 3567 2630 illo

1968 2691 2109 2740 sum,
2147 2676 2250 2730 hoc
2281 2683 2386 2739 est,
2420 2674 2491 2728 in.
2528 2672 2784 2728 omnibus
2838 2671 3035 2726 divinis
3077 2680 3133 2725 et
3163 2670 3563 2740 spiritualibus.

1974 2766 2205 2821 Proinde
2238 2764 2417 2820 omnis
2443 2762 2670 2833 populus
2700 2762 2790 2832 qui
2823 2762 3073 2817 audierat
3098 2759 3387 2826 Joannem,
3411 2760 3567 2831 justi-

1969 2861 2154 2915 licavit
2187 2859 2375 2925 Deum,
2410 2858 2511 2913 hoc
2535 2865 2638 2921 est,
2665 2856 3071 2951 imperaverunt
3093 2853 3288 2919 Deum,
3319 2868 3386 2910 eo
3416 2852 3562 2924 quod

1969 2952 2286 3022 prophetam
2315 2951 2434 3019 ejus
2471 2948 2572 3017 ipsi
2618 2945 3335 3018 susc'epissentanarisad
3380 2954 3564 3001 autem

1971 3056 2075 3093 non
2126 3040 2533 3093 honoraverunt
2586 3035 2794 3102 Deum,
2861 3050 2966 3089 non
3030 3044 3288 3104 suscepto
3334 3032 3567 3089 Joanne.

268 3131 397 3185 κὶαν
424 3133 517 3186 καὶ
568 3132 747 3196 δόξαν,
798 3133 915 3186 ἀλλ’
967 3134 1024 3185 ἐν
1070 3134 1136 3202 τῇ
1176 3131 1425 3202 βασιλείᾳ
1465 3132 1574 3184 τῶν
1620 3132 1863 3203 οὐρανῶν

1969 3131 2199 3197 Quidam
2232 3140 2439 3197 autem,
2468 3128 2612 3183 inter
2641 3127 2782 3183 filios
2824 3126 3138 3192 mulierum,
3171 3127 3251 3182 sic
3283 3125 3569 3184 intellexe-

271 3223 477 3293 μείζων
508 3224 673 3277 αὐτοῦ
714 3225 851 3293 εἰμι,
912 3223 1193 3277 τουτέστιν
1236 3225 1295 3276 ἐν
1359 3225 1495 3276 πᾶσι
1548 3226 1660 3287 τοῖς
1696 3224 1860 3288 θείοις

268 3314 367 3367 καὶ
414 3318 826 3385 πνευματικοῖς.
899 3317 1015 3377 Πᾶς
1073 3315 1166 3368 οὖν
1219 3317 1246 3366 ὁ
1279 3315 1405 3378 λαὸς
1470 3317 1710 3379 ἀκούσας
1766 3318 1858 3371 τοῦ

284 3406 556 3473 Ἰωάννου,
600 3407 927 3461 ἐδικαίωσαν
962 3409 1051 3461 τὸν
1082 3408 1238 3471 Θεὸν,
1275 3408 1556 3461 τουτέστιν
1591 3409 1860 3480 ἐτίμησαν

267 3501 362 3553 τὸν
398 3502 553 3562 Θεὸν,
599 3503 680 3555 ὅτι
731 3502 821 3553 τὸν
864 3503 1151 3571 προφήτην
1184 3500 1348 3553 αὑτοῦ
1398 3500 1669 3564 ἐδέξαντο.
1714 3502 1776 3555 Οἱ
1804 3502 1861 3556 δὲ

266 3593 555 3663 Φαρισαῖοι
575 3592 855 3660 ἠτίμασαν
872 3593 961 3642 τὸν
985 3590 1139 3651 θεὸν,
1169 3590 1241 3659 μὴ
1264 3589 1548 3657 δεξάμενοι
1583 3590 1856 3657 Ἰωάννην.

270 3684 431 3746 Τινὲς
457 3682 514 3737 δὲ
535 3684 614 3746 τὸ,
649 3685 706 3736 ἐν
739 3685 1019 3753 γεννητοῖς
1070 3681 1369 3747 γυναικῶν,
1396 3679 1569 3743 οὕτως
1605 3680 1858 3750 ἐνόησαν,

268 3776 351 3829 ὅτι
378 3775 557 3838 καλῶς
592 3771 764 3840 εἶπεν,
805 3776 862 3827 ἐν
916 3776 1193 3843 γεννητοῖς
1231 3770 1527 3841 γυναικῶν,
1551 3772 1861 3843 ὑπεξαίρων

272 3866 466 3921 ἐαυτὸν
496 3870 523 3921 ὁ
556 3867 781 3937 Κύριος.
816 3868 988 3928 Αὐτὸς
1015 3867 1125 3936 γάρ
1165 3866 1440 3937 παρθένου
1477 3862 1545 3936 ἧν
1579 3868 1857 3939 γεννητὸς,

269 3959 392 4029 οὐχὶ
450 3958 727 4026 γυναικὸς,
781 3959 1031 4010 τουτέστι
1076 3960 1475 4029 γεγαμημένης
1522 3959 1695 4029 ἀνδρί.
1750 3960 1860 4013 Καὶ

270 4051 353 4113 τὸ,
384 4053 411 4104 ὁ
444 4053 770 4121 μικρότερος
810 4052 866 4103 δὲ
912 4052 968 4103 ἐν
1022 4053 1087 4121 τῇ
1147 4051 1392 4120 βασιλεία
1434 4052 1544 4103 τιῖιν
1590 4052 1857 4121 οὐρανῶν,

270 4139 447 4203 ἄλλως
496 4140 749 4211 ἐνόησαν,
794 4142 875 4193 ὅτι
907 4142 934 4191 ὁ
969 4141 1293 4211 μικρότερος
1322 4141 1382 4193 ’ἐν
1412 4141 1488 4210 τῷ
1550 4143 1691 4193 κατὰ
1727 4144 1859 4211 Χρι-

275 4231 400 4284 στὸν
436 4231 555 4302 βίῳ,
592 4232 794 4301 μείζων
828 4233 921 4284 ἐπὶ
950 4233 1044 4285 τοῦ
1087 4236 1145 4285 ἐν
1183 4232 1260 4303 τῷ
1282 4234 1431 4304 νόμῳ
1463 4232 1698 4297 δικαίου,
1749 4230 1860 4288 οἷον

284 4321 543 4393 Ἰωάννης
588 4324 687 4394 μὲν
738 4323 879 4378 κατὰ
926 4325 1026 4393 τὴν
1067 4327 1122 4377 ἐν
1179 4325 1259 4394 τῷ
1302 4325 1453 4396 νόμῳ
1512 4326 1859 4397 δικαιοσύνην

269 4414 583 4485 ἄμεμπτος.
637 4414 705 4469 Ei’
738 4433 823 4479 τις
893 4416 950 4470 δὲ
1004 4417 1202 4487 εὑρεθῇ
1251 4417 1687 4488 βεδαπτισμένος
1735 4419 1857 4489 μὲν,

1975 3233 2123 3287 runt,
2154 3222 2297 3293 quod
2329 3224 2467 3277 bene
2501 3221 2719 3284 dixerit,
2759 3223 2900 3277 inter
2943 3219 3081 3279 filios
3119 3220 3409 3275 mulierum
3440 3240 3451 3275 :
3490 3223 3567 3277 ita

1972 3315 2111 3368 enim
2145 3312 2362 3380 excepit
2412 3313 2648 3381 sclpsum
2696 3312 2980 3376 Dominus.
3015 3313 3459 3383 quandoquidem
3503 3313 3570 3367 dc

1972 3407 2180 3477 virgine
2218 3405 2385 3460 fuerit
2418 3415 2601 3472 natus,
2629 3420 2735 3460 non
2770 3406 2836 3460 de
2871 3406 3094 3460 muliere
3118 3407 3291 3459 virum
3319 3415 3568 3475 experta.

1974 3498 2040 3552 Et
2072 3500 2214 3567 quod
2244 3498 2397 3565 dicit,
2439 3498 2624 3554 minor
2653 3501 2705 3553 in
2737 3512 2905 3568 regno
2938 3499 3228 3565 caelorum,
3273 3498 3433 3553 aliter
3486 3499 3569 3553 in-

1973 3592 2323 3646 tellexerunt.
2376 3590 2553 3647 Minor
2590 3591 2643 3645 in
2698 3593 2807 3645 vita
2859 3591 3205 3658 Christiana,
3264 3592 3438 3660 major
3489 3602 3574 3649 est

1970 3684 2118 3754 justo
2143 3683 2298 3751 juxta
2332 3684 2527 3755 legem,
2566 3692 2623 3739 ut
2650 3683 2892 3740 Joannes
2940 3685 3095 3755 juxta
3129 3684 3403 3755 juStitiam
3433 3685 3571 3757 legis

1972 3787 2094 3831 erat
2153 3776 2669 3845 irreprehensibilis.
2735 3776 2791 3833 Si
2852 3779 2976 3848 quis
3037 3788 3219 3833 autem
3259 3779 3571 3835 inveniatur

1972 3868 2283 3939 baptizatus
2333 3868 2553 3939 quidem
2582 3909 2596 3934 ,
2652 3869 2891 3922 nondum
2947 3880 3129 3933 autem
3163 3868 3332 3943 320
3367 3870 3567 3925 malum

1973 3962 2243 4031 quoddam
2278 3962 2362 4015 vel
2409 3964 2610 4017 bonum
2646 3972 2905 4031 Operatos
2943 3962 3126 4029 fuerit,
3171 3966 3259 4020 hic
3310 3968 3571 4022 minimus

1971 4065 2053 4108 est
2095 4055 2145 4107 in
2205 4068 2371 4123 regno
2434 4054 2719 4120 caelorum,
2764 4055 2864 4110 hoc
2913 4064 3016 4120 est,
3075 4058 3128 4111 in
3182 4060 3571 4126 praedicatione

1972 4142 2201 4209 Christi,
2233 4154 2475 4197 attamen
2514 4146 2687 4211 major
2718 4156 2805 4199 est
2835 4161 2941 4199 non
2984 4146 3281 4215 baptizato,
3321 4151 3575 4219 quamvis

1973 4235 2062 4289 ille
2097 4236 2151 4288 in
2176 4233 2294 4304 lege
2315 4234 2494 4303 justus
2518 4235 2700 4289 fuerit.
2727 4235 2820 4288 Vel
2844 4235 3005 4290 aliter
3030 4254 3043 4291 :
3073 4237 3161 4292 Sis
3190 4237 3317 4294 licet
3344 4240 3569 4297 minimc

1972 4325 2230 4390 carnalis,
2269 4326 2363 4380 sed
2387 4324 2561 4381 ferme
2596 4336 2656 4381 ut
2678 4324 2922 4383 Joannes
2945 4330 3286 4397 spiritua‘lis:
3320 4342 3567 4388 attamen

1971 4419 2414 4491 quandoquidem
2447 4420 2626 4476 adhuc
2668 4423 2719 4475 in
2754 4436 2920 4480 carne
2950 4439 3046 4489 es,
3084 4433 3369 4495 propterea
3405 4428 3569 4481 mini-

273 4507 444 4578 μήπω
495 4506 550 4560 δέ
595 4525 647 4560 τι
700 4508 870 4561 κακὸν
927 4509 959 4577 ἢ
1020 4508 1224 4575 ἀγαθὸν
1262 4510 1661 4580 ἐργασάμενος,
1704 4505 1860 4575 οὗτος

1970 4527 2089 4567 mus
2136 4512 2187 4566 iu
2236 4513 2660 4578 resurrectione,
2692 4530 2855 4583 quam
2887 4531 3112 4585 regnum
3150 4517 3413 4572 caelorum
3449 4534 3573 4575 esse

271 4601 555 4670 ἐλάχιστος
579 4600 654 4653 ὦν
675 4604 732 4653 ἐν
754 4605 817 4671 τῇ
846 4602 1097 4673 βασιλείᾳ
1144 4601 1253 4655 τῶν
1282 4602 1551 4673 οὐρανῶν,
1580 4603 1861 4658 τουτέστιν
1888 4670 1893 4675 ἡ

270 4690 330 4743 ὲν
366 4691 444 4761 τῷ
476 4691 621 4745 κατὰ
665 4692 904 4762 Χριστὸν
946 4694 1290 4763 κηρύγματι,
1330 4694 1479 4763 ὅμως
1513 4693 1715 4764 μείζων
1747 4696 1862 4747 ἐστὶ

269 4781 368 4835 τοῦ
404 4783 766 4848 ἁῦαπτίστου,
820 4786 878 4835 ἐν
917 4785 1067 4854 νόμῳ
1103 4784 1159 4837 δέ
1216 4784 1449 4837 δικαίου.
1485 4784 1593 4837 Καὶ
1652 4784 1858 4848 ἄλλωςο

270 4874 357 4928 ὅτι
384 4878 432 4928 εἰ
465 4876 559 4930 καὶ
593 4877 835 4947 ἄσαρκος
874 4877 1070 4947 μικροῦ
1098 4880 1123 4929 ὁ
1161 4878 1434 4947 Ἰωάννης,
1461 4879 1552 4929 καί
1575 4877 1736 4942 ἇῦλος
1770 4876 1862 4933 οὖν

1974 4604 2125 4671 dicit,
2186 4604 2357 4673 major
2403 4612 2454 4659 te
2509 4617 2616 4661 est.
2672 4607 2827 4662 Tunc
2870 4610 3015 4663 enim
3056 4609 3123 4663 ab
3160 4608 3570 4678 incorruptione

1973 4699 2119 4753 omni
2153 4698 2332 4766 liberi,
2363 4714 2469 4754 non
2518 4701 2659 4755 ultra
2689 4700 2844 4771 juxta
2889 4717 3109 4757 carnem
3142 4702 3566 4761 ambulabitnus.

1977 4788 2041 4843 Et
2070 4789 2162 4860 qui
2198 4799 2326 4844 tunc
2361 4805 2581 4858 parvus,
2619 4793 2796 4863 major
2835 4802 2920 4849 est
2952 4810 3017 4850 eo
3050 4796 3144 4865 qui
3180 4812 3327 4852 nunc
3350 4797 3565 4867 quidem

1974 4890 2054 4933 cst
2090 4881 2294 4947 justus,
2328 4881 2422 4935 scd
2463 4897 2685 4937 carnem
2722 4884 2900 4940 adhuc
2932 4896 3131 4956 gestat.

273 4972 437 5025 ἕτιέν
470 4972 656 5041 σαρκί.
692 4974 805 5029 Καὶ
835 4972 920 5025 διὰ
952 4973 1107 5026 τοῦτο
1140 4976 1167 5027 ὁ
1200 4974 1486 5043 ἐλάχιστος
1558 4976 1615 5027 ἐν
1669 4979 1733 5047 τῇ
1802 4977 2121 5043 ἁλαστάσει,
2168 4980 2234 5049 ἣν
2304 4980 2583 5049 βασιλείαν
2636 4979 2883 5048 οὐρανῶν
2957 4976 3099 5033 εἶναί
3150 4997 3305 5051 φησι,
3364 4980 3570 5049 μείζων

273 5063 443 5119 αὐτοῦ
482 5066 617 5118 ἐστι.
650 5066 782 5118 Τότε
822 5067 931 5137 γὰρ
967 5066 1186 5130 τελείως
1220 5066 1703 5137 άφθαρτισθέντες,
1726 5072 1825 5123 οὐκ
1853 5072 1934 5125 ἔτι
1975 5072 2115 5125 κατᾶ
2146 5074 2322 5143 σάρκα
2360 5076 2835 5145 περιπατήσομεν.
2867 5074 2975 5126 Καὶ
3004 5074 3031 5126 ὁ
3060 5075 3181 5127 τότε
3213 5074 3410 5145 μικρὸς
3444 5075 3567 5146 μεί-

273 5162 385 5225 ζων
425 5162 541 5214 ἐστὶ
583 5161 677 5214 τοῦ
715 5162 809 5214 νῦν
848 5161 1059 5215 δικαίου
1103 5162 1223 5233 μὲν,
1258 5162 1400 5234 πλὴν
1439 5165 1520 5218 ἔτι
1561 5164 1738 5236 σάρκα
1772 5166 2086 5237 φοροῦντος.

359 5291 378 5323 ι
410 5266 546 5325 Εῖπε
598 5275 655 5329 δὲ
687 5277 713 5328 ὁ
748 5276 979 5347 Κύριος·
1016 5276 1140 5329 Τίνι
1192 5270 1285 5331 οὖν
1327 5278 1580 5347 ὁμοιώσω
1609 5282 1733 5344 τοὺς
1778 5283 1871 5335 ἁν-

278 5363 534 5434 θρὼπους
568 5368 667 5437 τῆς
698 5371 889 5435 γενεᾶς
923 5368 1127 5441 ταύτης
1154 5372 1297 5437 ;.καὶ
1330 5371 1437 5424 τίνι
1488 5374 1625 5425 εἰσὶν
1656 5376 1870 5444 ὅμοιοι;

280 5457 499 5526 Ὀμοιοί
526 5460 632 5511 είσι
662 5459 897 5523 παιδίοις
928 5464 1040 5525 τοῖς
1076 5463 1135 5514 ἐν
1177 5464 1354 5534 ἀγορᾷ
1389 5465 1744 5536 καθημένοις,
1779 5470 1872 5521 καὶ

281 5550 698 5620 προσφωνοῦσιν
753 5551 1005 5621 ἀλλήλοις
1055 5553 1148 5607 καὶ
1196 5553 1485 5623 λέγουσιν’
1536 5557 1866 5630 Ηύλήσαμεν

280 5640 435 5711 ὑμῖν,
469 5643 563 5694 καὶ
602 5643 702 5695 οὐκ
733 5642 1083 5713 ὠρχήσασθε.
1134 5646 1551 5718 Ἐθρηνήσαμεν
1601 5649 1751 5719 ὑμῖν,
1779 5650 1878 5711 κα).-

278 5729 383 5783 (ὐκ
416 5731 742 5789 ἐκλαύσατε.
792 5736 1049 5806 Ἐλήλυθε
1079 5738 1188 5808 γὰρ
1226 5738 1480 5808 Ἰωάννη,
1505 5742 1532 5793 ὁ
1561 5742 1873 5810 Ιῖαπτιστὴς

282 5820 423 5893 μήτε
452 5825 617 5895 ἄρτον
651 5827 867 5895 ἐσθίων,
914 5832 1050 5899 μήτε
1088 5829 1228 5887 οἶνον
1270 5830 1461 5896 πίνω),
1500 5832 1591 5886 καὶ
1643 5832 1863 5901 λέγετε’

2040 5283 2204 5338 Vens.
2238 5283 2430 5339 50-55.
2464 5304 2483 5338 ι
2520 5286 2613 5340 Ait
2650 5296 2827 5341 autem
2864 5287 3167 5341 Dominus:
3203 5287 3304 5341 Cui
3330 5303 3460 5358 ergo
3494 5290 3565 5343 si-

1970 5374 2123 5429 miles
2145 5377 2321 5430 dicam
2348 5378 2593 5433 homines
2612 5378 2980 5448 generationis
3004 5378 3203 5441 beius?
3227 5390 3281 5434 et
3298 5382 3382 5435 cui
3414 5383 3565 5436 simi-

1970 5468 2049 5523 les
2091 5470 2257 5522 sunt?
2290 5467 2508 5524 Similes
2544 5481 2671 5525 sunt
2702 5472 2887 5539 pueris
2916 5472 3235 5527 sedentibus
3258 5473 3309 5527 in
3340 5472 3479 5540 foro,
3512 5483 3564 5526 ct

1970 5558 2399 5619 acclamantibus
2444 5565 2583 5618 intcr
2618 5580 2698 5629 se,
2742 5580 2803 5619 ac
2831 5566 3135 5621 dicentibus
3168 5586 3182 5623 ι
3210 5566 3564 5621 Cantavinms

1974 5653 2126 5707 vobis
2158 5654 2328 5718 tibiis,
2360 5664 2415 5709 et
2441 5670 2546 5709 non
2579 5656 2842 5720 saltastis,
2885 5656 3187 5712 cecinimus
3228 5660 3383 5713 vobis
3409 5660 3563 5729 lugu-

1974 5744 2113 5812 bria,
2150 5755 2203 5799 et
2236 5762 2341 5799 non
2378 5745 2649 5815 plorastis.
2686 5744 2844 5799 Venit
2876 5746 3020 5801 enim
3055 5745 3294 5802 Joannes
3326 5749 3564 5819 Baptista

1974 5852 2147 5904 neque
2179 5836 2341 5892 edens
2386 5853 2603 5905 punctu,
2641 5853 2813 5906 neque
2848 5838 3036 5895 bil'cns
3075 5839 3281 5900 viuum.
3336 5852 3388 5897 ct
3428 5840 3560 5897 diti
