4110 6332
189 385 299 448 793

877 383 1319 444 ENARRATIO
1364 384 1443 442 ΙΝ
1483 382 1991 443 EVANGELIUM
2056 381 2291 443 LUCIE.
2325 405 2391 414 -
2425 380 2588 440 CAP.
2630 380 2763 441 VII.

3380 375 3487 440 794

195 506 404 576 Κύριος
441 507 612 576 ὅμως,
646 503 822 557 καίτοι
857 504 1014 567 εἰδὼς
1043 503 1206 556 αὑτὸν
1243 503 1317 572 μὴ
1345 502 1476 571 εὑθῆ
1503 502 1655 566 ὄντα,
1685 503 1796 553 ela-

1907 505 2065 559 sciret
2101 518 2226 557 eum
2275 519 2382 557 non
2429 516 2550 556 esse
2611 501 2924 563 candidum,
2971 499 3246 569 ingressus
3287 513 3369 555 est
3421 504 3488 555 ad

196 602 424 668 ἑρχεται
452 600 587 669 πρὸς
612 597 773 650 αὐτὸν
810 597 903 648 καὶ
949 595 1235 658 συνεσθίει,
1271 595 1539 647 διδάσκων
1574 595 1793 656 πάντως

213 694 366 762 ἡμᾶς
403 693 487 744 διὰ
546 691 758 754 τούτου,
792 689 864 751 ὡς
909 692 975 742 ἂν
1006 692 1116 752 τοῖς
1168 688 1418 751 ὑπούλως
1465 687 1600 756 πρὸς
1647 688 1795 756 ἡμᾶς

207 784 454 854 ἔχουσιν,
501 785 665 853 ἡμεῖς
722 782 906 844 ἁπλῶς
957 783 1052 835 καὶ⁹
1098 783 1298 846 ἀδόλως
1328 779 1789 852 προσφερώμεθα.

207 877 442 945 Ζητοῦσι
479 878 535 929 δὲ
588 875 776 929 πολλοὶ
820 876 983 927 πόσαι
1006 871 1146 946 ἦσαν
1169 878 1222 927 αἱ
1254 877 1510 943 γυναῖκες
1561 875 1616 926 αἱ
1649 871 1794 924 ἀλεί-

201 968 377 1036 ψασαι
414 969 504 1036 τρν
556 968 760 1038 Κύριον
798 969 974 1038 μύρῳ.
1011 969 1121 1020 Καὶ
1159 969 1208 1021 οἱ
1250 968 1349 1038 μέν
1382 984 1546 1034 φασιν
1577 968 1660 1019 ὅτι
1702 965 1795 1018 δύο

199 1056 427 1131 ﬁdam!)
484 1063 634 1130 παρά
680 1063 758 1131 τῷ
801 1061 1025 1130 Ἰωάννῃ
1067 1061 1186 1129 μία,
1231 1061 1262 1128 ἡ
1307 1061 1400 1112 καὶ
1457 1057 1659 1126 ἀδελφὴ
1699 1056 1792 1108 τοῦ

201 1154 482 1223 Λαζάρου,
525 1154 618 1206 καὶ
645 1154 806 1223 ἑτέρα
849 1154 880 1220 ἡ
937 1152 1088 1221 παρὰ
1117 1151 1193 1220 τῷ
1219 1149 1488 1218 Mattiain
1515 1149 1608 1201 καὶ
1635 1147 1795 1216 Μάρ-

205 1263 308 1314 κῳ,
340 1247 434 1298 καὶ
459 1244 553 1297 νῦν
584 1243 733 1314 παρὰ
759 1243 842 1314 τῷ
880 1245 1084 1313 Aoum}.
1129 1241 1269 1311 Ἐγὼ
1299 1242 1356 1292 δὲ
1390 1240 1649 1307 πείθομαι
1681 1239 1794 1300 τοῖς

200 1338 422 1404 λέγουσι
456 1341 603 1409 τρεῖς
648 1335 790 1390 εἶναι
824 1337 1049 1400 ταύτας.
1085 1335 1234 1389 Μίαν
1269 1337 1368 1406 μὲν
1397 1336 1496 1401 τὴν
1530 1333 1680 1404 παρὰ
1717 1332 1794 1400 τῷ

214 1431 440 1500 Ἰωάννῃ
477 1432 581 1501 πρὸ
617 1429 676 1495 ἒξ
709 1430 934 1502 ἡμερῶν
960 1429 1054 1482 τοῦ
1099 1430 1309 1500 Πάσχα,
1335 1430 1401 1498 ἣν
1442 1427 1534 1481 καὶ
1559 1426 1795 1494 ἀδελφὴν

203 1519 347 1576 εἶναι
396 1525 668 1592 Λαζάρου.
713 1523 942 1594 Ἑτέραν
985 1523 1040 1575 δὲ
1087 1521 1185 1592 τὴν
1217 1521 1367 1588 παρὰ
1401 1519 1478 1588 τῷ
1525 1517 1794 1586 Ματθαεῳ

203 1621 301 1669 καὶ
341 1619 572 1686 Μάρκῳ,
605 1617 709 1686 προ
739 1616 833 1669 δύο
859 1616 1082 1685 ἡμερῶν
1112 1614 1206 1666 τοῦ
1244 1614 1456 1682 Πάσχα,
1479 1614 1570 1664 καὶ
1603 1611 1794 1681 τρίτην

202 1711 414 1776 ’πότην
445 1709 541 1775 τὴν
577 1707 673 1759 νῦν
710 1708 859 1776 παρὰ
899 1708 977 1777 τῷ
1014 1708 1218 1777 Λουκᾷ,
1258 1709 1387 1773 περὶ
1419 1706 1486 1757 τὰ
1527 1707 1670 1772 μέσα
1700 1705 1792 1756 τοῦ

206 1797 567 1864 Εὑαγγελίου,
615 1799 923 1867 μυρίσασαν
961 1799 1056 1866 τὴν
1086 1797 1314 1866 Κύριον,
1357 1797 1450 1849 καὶ
1482 1796 1634 1847 οὐδὲν
1666 1813 1789 1847 και-

197 1889 294 1940 νὸν
327 1891 592 1960 πρότερον
624 1890 834 1960 ταύτην
863 1892 1087 1958 ποιῆσαι
1107 1888 1286 1947 τοῦτο,
1315 1889 1481 1957 μήπω
1502 1886 1789 1947 ἐνστάντος

201 1983 299 2036 τοῦ
335 1984 529 2053 καιροῦ
572 1983 664 2036 τοῦ
698 1983 926 2048 πάθους,
973 1979 1092 2035 εἶτα
1147 1983 1360 2043 ἐκείνας
1397 1983 1506 2034 εἴτε
1551 1996 1793 2050 μιμησα-

204 2076 380 2145 μένας
407 2077 640 2142 ταύτην,
665 2076 774 2128 εἴτε
810 2077 908 2136 καὶ,
942 2074 1140 2140 ἄλλως,
1185 2074 1409 2142 πλησίον
1451 2072 1543 2125 τοῦ
1587 2073 1796 2134 πάθους

201 2165 265 2218 τὸ
301 2167 432 2218 αὐτὸ
493 2166 739 2232 ποιῆσαι.
778 2166 838 2217 Εἰ
889 2166 944 2218 δὲ
981 2166 1076 2218 καὶ
1135 2165 1162 2215 ό
1205 2164 1357 2232 παρὰ
1412 2163 1489 2232 τῷ
1529 2164 1794 2231 Ματθαὲῳ

199 2258 297 2309 τὸν
353 2257 556 2328 Κύριον
607 2258 869 2319 καλέσας,
908 2257 1093 2325 Σίμων
1141 2258 1449 2325 ὡνόμαστο,
1496 2257 1589 2308 καὶ
1637 2258 1663 2307 ὁ
1700 2255 1794 2308 νῦν

201 2347 360 2417 παρὰ
387 2348 464 2417 τῷ
507 2349 710 2416 Λουκᾷ,
753 2349 806 2399 τί
851 2349 1040 2402 καινόν
1072 2352 1374 2419 συμπεσεῖν
1412 2349 1480 2399 τά
1512 2347 1751 2415 ὀνόματα
1781 2365 1793 2411 ;

215 2443 375 2494 Ἐπεὶ
407 2442 612 2504 ἐκεῖνός
639 2459 700 2508 γε
722 2443 814 2494 καὶ
845 2441 1046 2510 λεπρῦς
1079 2438 1168 2512 ἦν,
1197 2442 1312 2494 ἀλλ’
1344 2441 1463 2510 οὖχὶ
1492 2441 1586 2494 καὶ
1617 2436 1794 2502 οὗτος.

209 2536 478 2596 Κάκεῖνος
514 2536 635 2603 μὲν,
667 2534 1142 2612 τεθεραπενμένος
1171 2534 1282 2586 ἀπὸ
1313 2535 1408 2601 τῆς
1433 2534 1660 2602 λέπρας,
1697 2550 1795 2601 χα-

207 2625 494 2694 ριστήριον
532 2624 632 2695 τὴν
683 2624 878 2693 κλῆσιν
905 2624 1204 2677 ἀποδίδωσι
1232 2623 1310 2694 τῷ
1348 2623 1591 2694 Χριστῷ.
1627 2617 1796 2684 Οὗτος

202 2717 295 2782 δὲ,
356 2716 477 2769 οὔτε
539 2717 783 2786 λεπρὸς,
831 2715 957 2768 οὔτε
1015 2715 1111 2768 ἐπὶ
1165 2715 1543 2786 χαριεττιρίοις
1599 2713 1793 2767 λαλῶν.

207 2811 482 2872 Κάκεῖνος
538 2809 636 2878 μὲν
677 2808 828 2861 οὐδὲν
872 2802 1047 2871 εἶπεν,
1093 2801 1246 2867 οὗτος
1273 2807 1331 2858 δὲ
1375 2807 1663 2873 ὲγόγγυσε,
1706 2805 1798 2858 καὶ

207 2901 533 2971 κατακρίνει
571 2904 628 2952 έν
649 2898 832 2970 ταύτῷ
858 2900 946 2951 τόν
972 2916 1030 2950 τε
1058 2897 1268 2968 Ἰησοῦν
1305 2900 1393 2949 καὶ
1417 2898 1517 2965 τὴν
1541 2901 1794 2964 γυναῖκα.

206 2995 324 3064 Τὴν
363 2993 483 3065 μὲν,
523 2994 599 3057 ὡς
647 2992 994 3062 ἁμαρτωλὸν,
1027 2991 1117 3043 τὸν
1160 2989 1238 3056 δὲ,
1273 2990 1347 3054 ὡς
1394 2989 1794 3060 φιλάνθρωπον.

214 3090 282 3140 Ὤ
315 3091 415 3158 τῆς
467 3087 758 3148 ἁπονοίαςῐ
804 3087 1013 3147 Ὄντως
1061 3086 1354 3156 Φαρισαῖος
1401 3086 1428 3137 ὁ
1473 3083 1794 3154 ἄνθρωπος’

1900 615 2046 661 eum,
2081 609 2136 651 et
2167 597 2401 651 comedit
2436 611 2556 649 cum
2585 611 2669 659 eo,
2702 595 2903 661 doceps
2952 609 3047 661 per
3104 594 3206 646 hoc
3266 593 3488 646 omnino

1900 692 2042 759 quod
2077 703 2174 743 nos
2207 687 2482 757 simplices
2504 689 2863 740 exhibeamus
2886 701 3011 754 erga
3045 701 3137 738 eos
3165 685 3254 754 qui
3305 686 3489 736 dolose

1902 786 2188 838 nobiscum
2226 791 2409 850 agunt.
2471 781 2726 847 Qumrunt
2771 791 2977 833 autcm-
3011 779 3162 832 multi
3217 789 3349 848 quot
3375 779 3490 831 fue—

1901 879 2012 930 rint
2053 875 2307 928 mulieres
2341 890 2460 943 quae
2487 875 2744 927 unxeriut
2778 872 3062 925 Dominum
3099 881 3393 938 unguento.
3423 871 3487 923 Ει

1900 970 1988 1022 alii
2013 969 2228 1036 quidem
2269 969 2457 1020 dicunt
2512 968 2656 1035 quod
2691 970 2809 1019 dua:
2862 966 3104 1026 fuerunt,
3141 981 3244 1017 una
3279 964 3490 1017 scilicnt

1901 1061 2040 1129 apud
2078 1058 2361 1124 Joannem,
2388 1075 2508 1129 quae
2540 1059 2642 1111 fuit
2666 1073 2821 1112 soror
2855 1055 3067 1118 Lazari,
3111 1066 3166 1109 et
3205 1057 3305 1109 alia
3349 1057 3484 1125 apud

1900 1154 2212 1208 Matthazum
2240 1139 2576 1217 etMarcum,
2602 1162 2655 1204 et
2678 1165 2821 1205 nunc
2843 1151 2984 1217 apud
3008 1148 3232 1201 Lucam.
3262 1148 3369 1218 Ego
3396 1165 3494 1200 an-

1905 1259 2008 1303 tem
2048 1249 2210 1303 credo
2240 1248 2323 1301 his
2353 1248 2441 1316 qui
2495 1247 2817 1298 dicunttres
2861 1259 3002 1309 esse,
3052 1260 3213 1296 unam
3271 1243 3488 1312 quidem

1900 1341 2039 1408 apud
2067 1340 2329 1394 Joannem
2367 1348 2490 1392 ante
2521 1353 2612 1392 sex
2645 1339 2760 1391 dies
2809 1335 3058 1399 Paschae,
3094 1351 3213 1400 quae
3244 1346 3296 1389 et
3330 1349 3489 1388 soror

1902 1434 1998 1487 fuit
2030 1433 2220 1486 Lazari
2266 1449 2278 1485 :
2307 1430 2468 1484 aliam
2519 1440 2697 1484 autem
2732 1428 2870 1497 apud
2931 1427 3242 1481 Matthzcum
3276 1426 3496 1480 (διιππ-

1901 1543 2021 1581 eum
2047 1536 2170 1580 ante
2205 1525 2342 1579 duos
2375 1525 2488 1578 dies
2550 1523 2794 1587 Pascitur,
2829 1531 2885 1577 ct
2939 1521 3152 1573 tertiam
3226 1521 3368 1573 hanc
3427 1522 3492 1573 de

1899 1637 2005 1690 qua
2039 1636 2181 1675 nunc
2210 1619 2409 1684 Lucas,
2439 1633 2559 1688 qua:
2605 1619 2654 1671 in
2687 1617 2860 1670 media
2915 1613 3192 1682 Evangelii
3230 1615 3495 1680 praedica-

1900 1716 2047 1770 tione
2079 1713 2363 1767 Dominum
2396 1712 2570 1766 unxit.
2619 1711 2808 1780 Neque
2860 1712 3060 1764 mirum
3091 1719 3175 1766 est
3207 1709 3348 1778 quod
3380 1710 3495 1762 lure

1903 1817 2026 1860 ante
2054 1806 2361 1876 passionem
2395 1805 2495 1858 hoc
2531 1805 2744 1868 fecerit,
2791 1812 2845 1857 et
2892 1803 3016 1856 inde
3050 1801 3154 1855 illa:
3183 1802 3264 1854 vel
3293 1805 3355 1853 ad
3387 1801 3490 1853 hu-

1893 1901 1982 1969 jus
2008 1899 2386 1959 imitationem,
2430 1897 2545 1950 sive
2577 1897 2678 1949 alia
2715 1895 2782 1949 de
2820 1911 2980 1950 causa
3029 1896 3249 1950 circiter
3283 1895 3494 1962 passiv-

1901 2009 2021 2047 ncm
2055 1993 2193 2046 idem
2228 1991 2478 2047 fecerint.
2516 1989 2776 2056 Quamvis
2802 2000 2982 2042 autem
3021 1998 3075 2041 et
3123 1989 3167 2042 is
3212 1989 3302 2057 qui
3353 1990 3492 2055 apud

1899 2086 2211 2139 Matthaeum
2256 2090 2740 2145 commemoratur,
2773 2094 2827 2136 et
2854 2082 3012 2150 cujus
3059 2098 3205 2136 none
3243 2083 3300 2134 lit
3338 2098 3491 2133 men-

1891 2180 1994 2240 .tio,
2023 2179 2211 2232 eodem
2260 2175 2499 2229 Simonis
2529 2176 2748 2228 nomine
2778 2186 3061 2235 vocentur,
3102 2175 3244 2227 haud
3292 2174 3490 2224 mirum

1902 2270 2082 2323 fuerit.
2120 2268 2274 2337 Sarpe
2307 2269 2449 2321 enim
2488 2267 2640 2320 multi
2665 2268 2802 2321 idem
2840 2281 3035 2320 nomen
3069 2267 3394 2320 sortiuntur.
3425 2266 3496 2319 At

1901 2362 1988 2415 ille
2024 2361 2121 2414 fuit
2153 2362 2420 2428 leprosus,
2451 2359 2546 2414 sed
2582 2359 2670 2411 hic
2716 2373 2844 2411 non.
2876 2358 2934 2410 Et
2975 2358 3061 2411 ille
3084 2358 3302 2427 quidem
3332 2371 3495 2409 sana-

1901 2462 1985 2505 tus
2017 2466 2044 2503 a
2077 2451 2224 2518 lepra
2265 2451 2315 2503 in
2371 2450 2668 2520 gratiarum
2722 2447 2989 2502 actionem
3037 2430 3250 2500 vocavit
3312 2447 3496 2504 Domi-

1901 2557 2052 2603 num,
2082 2541 2170 2594 hic
2200 2548 2380 2594 autem
2410 2554 2586 2608 neque
2616 2539 2886 2605 leprosus,
2921 2553 3098 2606 neque
3152 2539 3355 2608 gratias
3407 2552 3494 2591 rc-

1903 2635 2103 2688 ferens.
2139 2634 2203 2687 Et
2234 2633 2320 2687 ille
2345 2633 2563 2702 quidem
2599 2631 2732 2686 nihil
2767 2631 2899 2685 dicit
2949 2648 2963 2681 :
3035 2631 3123 2684 hie
3185 2641 3365 2683 autent
3393 2630 3491 2683 ob-

1902 2727 2285 2791 murmuravit,
2336 2734 2390 2779 et
2419 2715 2887 2780 condetnnavit'in
2951 2723 3053 2777 hoc
3115 2731 3221 2775 tam
3280 2720 3490 2796 Jesum,

1903 2833 2065 2888 quam
2099 2817 2383 2870 mulierem
2429 2833 2443 2869 :
2499 2815 2641 2870 hanc
2699 2827 2756 2870 ut
2805 2816 3188 2886 peccatricem,
3238 2801 3386 2865 illum
3436 2822 3497 2866 ut

1902 2910 2337 2965 misericordem.
2375 2907 2418 2964 Ο
2453 2909 2856 2978 arrogantiam!
2894 2907 3030 2963 Vere
3063 2907 3372 2961 Pharis-atus
3397 2907 3494 2960 lto-

1905 3021 2010 3060 mo.
2048 3003 2154 3058 Sed
2183 3002 2443 3058 Dominus
2468 3017 2664 3071 rogans
2692 3003 2842 3056 illum
2879 3002 2928 3054 in
2961 3001 3254 3070 paraboli=,
3293 3000 3343 3053 in
3380 3014 3496 3054 me—

1904 3098 2050 3150 dium
2086 3096 2336 3166 producit
2371 3095 2647 3150 debitores
2682 3096 2836 3159 duos,
2873 3094 3212 3162 latenterque
3243 3103 3295 3147 et
3346 3092 3495 3145 illum

209 3182 328 3233 ἀλλ’
359 3181 387 3231 ὁ
416 3179 623 3248 Κύριος
653 3177 877 3247 ἐρωτῶν
906 3177 1068 3230 αὑτὸν
1107 3179 1164 3230 ὲν
1194 3176 1550 3247 παραϐολαῖς,
1583 3176 1677 3230 καὶ
1707 3175 1800 3228 δύο

1908 3187 2205 3241 debitorem
2243 3201 2362 3241 esse
2393 3187 2653 3242 insinuat.
2690 3186 2753 3240 Et
2786 3201 2977 3254 parum
3012 3186 3233 3254 quidem
3295 3185 3496 3238 debere
3533 3195 3543 3221 ά

214 3272 619 3344 χρεωφειλέτας
652 3269 920 3339 παράγων
953 3272 1031 3331 είς
1062 3269 1120 3322 τὸ
1156 3269 1344 3339 μέσον,
1378 3268 1681 3338 λεληθότως
1709 3269 1804 3320 καλ⁶

212 3368 376 3418 αὑτδιν
401 3363 804 3435 χρεωφειλέτην
842 3355 992 3413 ἐἶναι
1038 3361 1210 3428 λέγει,
1254 3361 1464 3413 ὲλάττω
1493 3361 1590 3430 μὲν
1619 3377 1797 3430 χρεω-

214 3463 361 3511 στεῖν
387 3458 668 3518 δοκοῦντα,
699 3456 1083 3527 χρεωστοῠντα
1120 3455 1166 3509 δ’
1199 3455 1316 3508 οὖν.
1355 3454 1494 3508 Οὔτε
1522 3457 1653 3522 γοῦν
1679 3456 1706 3507 ὁ
1734 3455 1802 3508 τὰ

214 3553 424 3606 ἐλάττω
465 3551 759 3622 χρεωστῶν
791 3551 877 3614 σὺ,
911 3548 1138 3602 δύνασαι
1169 3547 1355 3600 δοῦναι
1403 3547 1502 3616 τὴν
1556 3546 1802 3614 ὀφειλὴν,

212 3650 276 3702 οὐ
316 3648 426 3718 γὰρ
455 3648 595 3715 ἔχεις
641 3644 1033 3716 ἐξομολόγησιν
1061 3645 1127 3712 τῇ
1165 3641 1516 3710 ὑπερηφανίᾳ
1569 3640 1806 3708 κρατού-

217 3758 402 3813 μενος,
443 3739 568 3792 alits
609 3739 640 3806 ἡ
677 3739 838 3809 γυνή.
895 3735 1253 3806 Ἀμφοτέροις
1302 3732 1398 3785 οὖν
1441 3731 1802 3802 ἀφεθήσεται,

1904 3278 2213 3341 videbatur,
2271 3278 2503 3332 debebat
2559 3278 2744 3346 igitur.
2798 3277 2985 3344 Itaque
3047 3291 3222 3344 neque
3257 3286 3314 3330 tu
3347 3285 3500 3342 potes

1904 3370 2033 3423 dare
2067 3369 2232 3422 etiam
2269 3369 2456 3424 minus
2483 3370 2724 3424 debitum
2757 3387 2768 3421 :
2805 3384 2910 3424 non
2944 3369 3088 3423 enim
3147 3368 3314 3423 habes
3365 3384 3498 3422 con-

1903 3460 2194 3514 fessionem
2239 3463 2494 3532 superbia
2551 3461 2804 3526 inﬂatus,
2869 3477 3044 3529 neque
3070 3462 3284 3516 mulier.
3325 3460 3505 3517 Utris-

1902 3567 2007 3620 que
2037 3553 2198 3623 igitur
2236 3553 2491 3608 remittet.
2544 3553 2610 3607 Et
2675 3562 2793 3606 uter
2819 3552 2937 3621 plus
2993 3553 3220 3622 diliget?
3262 3550 3500 3608 Omnino

1902 3645 1987 3698 cui
2013 3644 2177 3697 multa
2211 3645 2432 3700 dimissa
2468 3657 2616 3700 sunt.
2638 3631 2706 3699 Et
2735 3661 2858 3700 cum
2887 3647 3002 3700 haec
3029 3644 3281 3711 dixisset,
3307 3645 3504 3700 obmu-

1902 3741 2111 3791 tescere
2152 3735 2282 3791 fecit
2309 3748 2678 3808 arrogantem.

215 3833 313 3886 καὶ
374 3833 456 3893 τίς
517 3831 701 3883 πλεῖον
761 3830 1073 3900 ἀγαπήσει;
1147 3825 1375 3889 Πάντως
1426 3819 1471 3893 ᾧ
1528 3826 1599 3880 τὰ
1657 3825 1829 3880 πολλὰ
1891 3827 2095 3900 άφέθη.
2175 3831 2285 3908 Καὶ
2355 3829 2531 3884 ταῦτα
2584 3829 2758 3885 εἰπὼν
2819 3829 3166 3897 ἐπιστομίζει
3217 3828 3311 3884 τὸν
3371 3829 3507 3886 άλα-

214 3925 366 3992 Cava.

294 4043 314 4075 ι
350 4023 460 4077 Καὶ
501 4039 761 4091 στιραφεις
812 4023 950 4091 πρὸς
1010 4020 1109 4091 τὴν
1157 4023 1432 4088 γυναῖκα,
1473 4018 1550 4090 τῷ
1603 4020 1810 4090 Σίμωνι

216 4120 359 4189 ἔφη·
408 4114 632 4177 Βλέπεις
669 4111 873 4182 ταύτην
919 4111 1017 4183 τὴν
1071 4115 1346 4180 γυναῖκας
1397 4113 1668 4182 ΕξσῆλΘον
1731 4116 1816 4176 εἰς

214 4214 315 4284 τὴν
360 4211 534 4263 οἰκίαν
564 4226 681 4271 σου,
729 4207 874 4276 ὓδωρ
910 4207 1003 4258 ἐπὶ
1035 4208 1161 4268 τοὺς
1197 4205 1365 4268 πόδας
1403 4221 1505 4275 μου
1544 4207 1646 4258 οὐκ
1679 4204 1812 4258 ἔδων

216 4318 342 4365 κας·
381 4301 522 4371 αὕτη
557 4301 613 4353 δὲ
645 4301 760 4370 τοῖς
802 4299 1066 4366 δάκρυσιν
1097 4296 1288 4367 ἔϐρεξε
1324 4315 1425 4367 μου
1455 4299 1580 4360 τοὺς
1623 4299 1811 4363 πόδας,

217 4398 313 4449 καὶ
353 4391 475 4455 ταῖς
509 4392 656 4463 θριξὶ
694 4391 792 4460 τῆς
825 4389 1067 4456 κεφαλῆς
1101 4390 1272 4460 αὐτῆς
1304 4389 1556 4460 ἐξὲμαξε.
1593 4391 1813 4459 Φίλημά

223 4506 316 4558 μοι
345 4487 444 4540 οὐκ
475 4485 705 4547 ἔδωκας,
737 4483 874 4551 αὕτη
916 4483 970 4536 δε
991 4483 1083 4549 ἀφ’
1115 4479 1182 4555 ἦς
1210 4485 1483 4555 εἰσῆλθον,
1509 4484 1570 4536 οὐ
1601 4483 1809 4537 διέλιπε

1994 4019 2156 4073 Vens.
2189 4016 2385 4072 44-50.
2432 4036 2450 4068 ι
2483 4015 2547 4070 Ει
2578 4029 2875 4071 conversus
2900 4016 2967 4068 ad
3031 4014 3340 4075 mulierem.
3370 4014 3508 4071 dixit

1913 4112 2120 4167 Simoni
2167 4127 2180 4164 :
2219 4110 2383 4165 Vides
2411 4109 2552 4164 hanc
2587 4109 2920 4164 mulierem?
2945 4107 3149 4163 lntrari
3193 4108 3249 4161 in
3283 4107 3506 4161 domum

1913 4218 2059 4262 tuam
2100 4226 2113 4261 :
2144 4221 2339 4274 aquam
2369 4205 2600 4276 pedibus
2633 4206 2770 4260 meis
2801 4219 2909 4259 non
2955 4204 3192 4260 dedisti:
3239 4204 3358 4260 haec
3408 4219 3513 4260 au-

1919 4307 2027 4352 tem
2066 4296 2327 4368 lacrymis
2384 4294 2582 4366 rigavit
2622 4294 2788 4364 pedes
2827 4309 3002 4359 meos,
3040 4303 3095 4350 et
3123 4294 3334 4362 eapillis
3365 4295 3511 4363 capi-

1910 4392 1979 4446 tis
2019 4391 2097 4446 sui
2129 4388 2377 4445 extersit.
2405 4388 2662 4444 Osculum
2686 4387 2822 4444 mihi
2847 4403 2954 4444 non
3001 4386 3226 4450 dedisti,
3261 4389 3378 4442 haec
3411 4401 3511 4443 au-

1909 4493 2017 4538 tem
2050 4497 2113 4536 ex
2145 4498 2254 4550 quo
2296 4480 2514 4547 intravi,
2560 4495 2667 4535 non
2727 4483 2969 4536 cessavit
3005 4480 3311 4534 deosculari
3342 4482 3513 4550 pedes

219 4575 601 4645 καταφιλοῦσά
650 4591 751 4644 μου
784 4575 908 4632 τοὺς
947 4574 1136 4636 πόδας.
1184 4573 1380 4643 Ἐλαίῳ
1412 4574 1510 4645 τὴν
1565 4576 1801 4643 κεφαλήν

1921 4590 2089 4631 meos.
2128 4574 2258 4629 Oleo
2285 4581 2447 4644 caput
2487 4588 2670 4628 meum
2722 4589 2829 4627 non
2876 4575 3106 4640 unxisti,
3163 4575 3280 4628 haec
3328 4583 3510 4628 autem

223 4689 325 4740 μου
353 4671 452 4722 οὐκ
479 4669 729 4739 ἠλειψας,
754 4666 894 4734 αὕτη
924 4666 979 4719 δὲ
1008 4665 1166 4737 μύρῳ
1205 4667 1393 4738 ηλειψέ
1429 4685 1528 4736 μου
1563 4669 1686 4729 τοὺς
1718 4671 1813 4721 πό-

218 4752 423 4825 ὃας.οὗ
456 4762 616 4830 χάριν
636 4759 780 4824 λέγω
820 4775 925 4824 σοι,
948 4757 1225 4826 ἀφέωνται
1257 4759 1314 4810 αἱ
1343 4760 1612 4830 ἁμαρτίαι
1643 4763 1811 4830 αὐτῆς

220 4856 280 4907 ai.
310 4853 526 4912 πολλαὶ,
560 4853 642 4904 ὅτι
663 4853 919 4920 ἠγάπησε
970 4853 1130 4908 πολύ.
1158 4848 1228 4924 ᾯ
1261 4853 1317 4906 δὲ
1355 4854 1536 4922 ὀλίγον
1566 4854 1807 4921 deierat,

220 4945 400 5014 ὀλίγον
431 4946 636 5014 ἀγαπᾷ.
662 4941 795 4997 Εἷπε
828 4944 886 4996 δὲ
911 4946 1070 5015 αὐτῇο
1107 4945 1407 5013 Ἀφέωνταί
1435 4962 1526 4998 σου
1555 4948 1608 4998 ai
1637 4945 1814 5014 ἁμαρ-

221 5037 354 5090 τίαι.
389 5039 499 5089 Καὶ
531 5037 769 5108 ἦρξαντο
799 5039 847 5089 οἱ
886 5037 1342 5104 συνανακείμενοι
1375 5037 1555 5098 λέγειν
1587 5040 1642 5090 ὲν
1683 5039 1813 5090 ἐαυ-

222 5131 366 5191 τοῖς·
394 5129 488 5192 Τίς
516 5123 669 5192 οὗτός
703 5132 850 5183 ἐστιν
874 5130 931 5192 ὃς
957 5131 1054 5182 καὶ
1075 5130 1353 5200 ἁμαρτίας
1385 5130 1643 5200 ἁφίησιν;
1679 5125 1812 5182 Eine

223 5221 279 5273 δὲ
309 5221 445 5291 πρὸς
483 5221 578 5294 τὴν
605 5221 950 5290 γυναῖκαοἪ
990 5222 1176 5283 πίστις
1218 5238 1312 5273 σου
1356 5221 1563 5274 σέσωκέ
1600 5239 1680 5284 σε,
1718 5239 1814 5274 που

227 5314 390 5383 ρεύου
421 5317 498 5379 εἰς
527 5317 773 5387 εἰρήνην.
807 5335 824 5367 ›
862 5317 1112 5369 Δείκνυσι
1151 5317 1244 5369 τὸν
1297 5317 1516 5386 Σίμωνα
1549 5318 1576 5368 ὁ
1609 5316 1812 5386 Κύριος

226 5413 324 5463 καὶ
360 5408 596 5473 ἀλαζόνα
642 5411 736 5463 καὶ
772 5411 1020 5476 ἀνόητον,
1068 5408 1332 5471 Ἀλαζόνα
1374 5411 1492 5477 μὲν.
1532 5408 1585 5461 εἴ
1621 5425 1681 5477 γε
1722 5411 1813 5461 ἐπὶ

226 5506 340 5565 τοῖς
362 5503 728 5572 ἁμαρτήμασι
763 5502 862 5569 τὴν
901 5500 1190 5570 ἄνθρωπον
1221 5500 1568 5568 κατέκρινεν,
1597 5499 1812 5568 ἄνθρω-

231 5613 331 5659 πος
361 5594 437 5647 ὦν
466 5596 561 5647 καὶ
599 5594 782 5657 αὐτός.
823 5595 1076 5662 Ἀνὸητον
1105 5594 1182 5655 δὲ,
1218 5596 1331 5660 εἴγε
1351 5594 1410 5645 οὺ
1444 5594 1685 5646 συνεῖδεν
1730 5595 1812 5644 ὅτι

228 5687 464 5744 τοσαῦτα
503 5688 810 5756 ποιήσασαν
859 5687 957 5753 τὴν
1006 5689 1243 5750 γυναῖκα
1288 5686 1524 5745 πίστεως
1567 5684 1812 5753 σύμϐολα

229 5780 326 5834 καῖ
352 5781 594 5850 ἀγάπης,
629 5779 736 5831 ἔδει
780 5779 1213 5844 παραδέξασθαι,
1271 5779 1385 5830 ἀλλ’
1421 5779 1519 5830 οὐκ
1556 5779 1811 5846 ἀποπέμ-

226 5870 450 5950 ψασθαι
483 5873 578 5933 Διὸ
625 5870 721 5926 καὶ
763 5870 980 5944 ἐλέγχει
1009 5867 1174 5928 αυτὸν
1201 5869 1228 5925 ὁ
1265 5867 1489 5939 Κύριοι,
1525 5868 1601 5939 ὡς
1632 5855 1815 5942 μάτην

1919 4676 2194 4737 unguento
2223 4668 2378 4723 unxit
2408 4668 2573 4737 pedes
2591 4681 2762 4723 meos.
2788 4665 3020 4737 Propter
3041 4668 3184 4737 quod
3216 4669 3337 4721 dico
3366 4667 3461 4721 tibi
3497 4684 3512 4722 :

1917 4761 2290 4815 Remittantur
2341 4769 2564 4830 peccata
2621 4759 2741 4827 ejus
2770 4760 2962 4823 multa,
3017 4761 3274 4830 quoniam
3323 4760 3514 4815 dilexit

1919 4854 2170 4908 multum.
2205 4852 2304 4907 Cui
2335 4862 2517 4907 autem
2561 4855 2742 4906 minus
2781 4854 3100 4918 remittitur,
3134 4855 3180 4909 is
3222 4856 3401 4908 minus
3425 4856 3510 4907 di-

1918 4948 2057 5017 ligil.
2087 4945 2232 5000 Dixit
2265 4955 2445 4999 autem
2472 4945 2540 5000 ad
2577 4945 2722 4998 illam
2755 4962 2768 4997 :
2803 4946 3176 4999 Remittantnr
3232 4947 3324 5000 tibi
3390 4932 3518 5015 pec-

1919 5050 2058 5093 cata.
2097 5037 2164 5091 Et
2197 5047 2482 5109 coeperunt
2513 5037 2602 5105 qui
2659 5037 2819 5093 simul
2879 5037 3295 5102 accumbebant,
3353 5037 3518 5108 322

1917 5131 2102 5187 dicere
2128 5132 2271 5185 intra
2321 5146 2430 5187 se:
2491 5129 2624 5196 Quis
2659 5141 2742 5184 est
2795 5130 2901 5193 hic,
2937 5130 3030 5198 qui
3084 5130 3248 5184 etiam
3299 5142 3518 5199 peccata

1922 5225 2196 5280 remittit?
2225 5224 2572 5277 Dixitautem
2607 5222 2673 5276 ad
2711 5223 2993 5276 mulierem
3032 5241 3043 5276 :
3085 5221 3245 5276 Fides
3285 5232 3372 5275 tua
3409 5221 3519 5276 sal—

1920 5332 2039 5367 vam
2077 5325 2126 5367 te
2158 5314 2308 5378 iecit,
2341 5315 2475 5368 vade
2511 5314 2562 5366 in
2593 5328 2748 5381 pace.
2792 5332 2809 5364 ι
2854 5313 3107 5366 Ostendit
3149 5313 3408 5366 Dominus
3430 5311 3520 5365 Si-

1921 5421 2133 5459 monem
2162 5415 2216 5458 et
2246 5413 2590 5474 arrogantem
2631 5414 2686 5457 et
2732 5403 3081 5472 insipientem
3119 5401 3305 5456 fuisse.
3347 5403 3520 5455 Arro-

1919 5505 2135 5563 gantem
2174 5497 2394 5566 quidem
2453 5510 2515 5548 ac
2539 5493 3020 5556 contumeliosum,
3079 5491 3518 5561 quaminquidem

1919 5591 2081 5643 etiam
2107 5589 2221 5658 ipse
2243 5590 2405 5641 homo
2427 5586 2716 5646 exsistens,
2748 5586 3024 5639 hominem
3049 5595 3270 5654 propter
3293 5589 3516 5650 peccata

1919 5682 2332 5738 condemnabat.
2397 5679 2745 5747 lusipientem
2796 5692 2948 5737 vero.
2979 5677 3245 5745 siquidem
3273 5689 3379 5728 non
3433 5675 3518 5728 in-

1923 5772 2209 5835 tellexerit,
2244 5770 2385 5836 quod
2413 5768 2694 5823 mulierem
2727 5784 2844 5836 qmc
2874 5777 3034 5821 tantm
3086 5765 3214 5819 lid‘ci
3241 5775 3293 5819 et
3327 5766 3509 5821 chari-

1921 5867 2048 5931 tatis
2075 5866 2226 5936 signa
2250 5861 2611 5936 praesutisset,
2645 5867 2921 5930 (moneret
2952 5860 3256 5929 suscipere,
3285 5870 3389 5916 non
3426 5865 3510 5913 re-
