4110 6332
177 330 286 396 79'!
857 331 1301 395 ENARRATIG
1342 330 1424 393 ΙΝ
1481 327 1984 392 ΕΥΑΝΟΕΙᾸΗΜ
2024 331 2261 394 LUCJE.
2297 359 2364 369 —
2404 333 2566 396 CAP.
2609 331 2774 397 VIII.
3353 326 3461 391 798

181 448 254 502 ’Δ
285 444 399 516 γὰρ
428 443 528 500 οὐκ
560 437 720 510 εἶδον,
758 444 875 508 πῶς
906 443 974 499 ἂν
1005 444 1311 516 ὲκήρυξαν;
1345 444 1445 498 Διά
1483 442 1641 498 τοῦτο
1670 442 1763 496 καὶ

1895 459 1975 509 [no
2004 455 2164 514 pacto
2217 443 2645 515 prmdicasscnt?
2703 442 3001 511 Propterea
3031 448 3091 494 et
3145 437 3462 493 Prtecursor

179 539 208 592 ό
244 538 556 609 Πρόδρομος
580 537 787 605 ἔλεγεν·
806 537 864 591 Ὀ
884 535 960 591 ὣν
992 537 1057 591 ἐκ
1075 539 1173 608 τῆς
1190 538 1313 607 γῆς,
1333 538 1395 589 ἐκ
1418 539 1517 608 τῆς
1538 535 1642 603 γῆς
1663 533 1761 587 λαο

1895 538 2076 592 licebat
2113 555 2126 590 :
2162 535 2264 602 Qui
2292 538 2359 591 de
2385 546 2528 591 terra
2567 544 2671 598 est,
2698 536 2766 590 de
2795 545 2939 588 terra
2990 532 3231 601 loquitur
3267 546 3282 588 :
3318 528 3408 599 qui
3432 543 3465 582 ο

181 634 285 688 λεῖ.
307 634 363 685 Ὀ
379 632 433 686 δὲ
451 632 658 687 ἄνωθεν
680 632 995 703 ἐρχόμενος,
1016 630 1043 684 ὃ
1062 629 1277 700 ἑώρακε
1296 632 1587 701 μαρτυρεῖ.
1606 629 1763 683 Ἦκοα

1897 633 2116 700 upernis
2167 631 2334 694 venit,
2378 630 2520 695 quod
2555 631 2688 683 vidit
2756 636 3007 682 tes:atur.
3035 624 3245 679 Secuta:
3280 634 3463 676 autem

182 725 407 777 λοῦθουν
423 725 479 778 δὲ
502 723 652 795 αὐτῷ
674 724 768 777 καὶ
803 725 1080 791 γυναῖκες,
1113 722 1200 777 ἵνα
1231 722 1493 793 μάθωμεν
1537 720 1612 784 ὡς
1641 720 1762 773 οὐδὲ

1896 733 1991 775 ιιιιι
2044 739 2165 776 eum
2202 723 2476 787 mulieres,
2512 731 2570 774 ut
2603 722 2782 776 discas
2816 716 2957 787 quod
3019 730 3194 781 neque
3235 713 3467 769 fetninas

181 817 242 870 τὸ
257 815 390 886 θῆλυ
406 815 674 869 κωλύεται
689 816 793 868 ὑπὸ
808 815 907 884 τῆς
920 814 1202 878 ἀσθενείας
1218 814 1529 869 ἀκολουθεῖν
1545 812 1620 883 τῷ
1636 815 1764 884 Χρι-

1899 830 1962 868 ua
1998 813 2337 869 inﬁrmitasa
2390 813 2647 869 comitatu
2707 808 2912 866 Chiisti
2968 806 3283 879 prohibeat.
3326 803 3465 858 Vide

182 904 313 975 στῷ.
333 906 399 959 ’0
410 922 477 976 ρα
492 906 547 959 δὲ
567 904 680 967 πῶς
703 906 796 959 καὶ
813 906 1065 959 πλούσιαι
1086 901 1242 958 οὖσαι
1259 906 1607 973 ὃμωςπάντα
1628 920 1764 974 παρ-

1895 919 1992 962 teut
2029 909 2298 977 quomodo
2324 912 2379 960 et
2412 919 2534 974 quae
2563 904 2759 958 divites
2814 908 2995 965 erant,
3049 898 3304 954 omnibus
3363 910 3457 951 ne-

181 999 349 1065 εἶδον,
377 1000 472 1053 καὶ
498 999 596 1070 τὴν
644 998 735 1051 διὰ
773 998 1007 1068 Χριστὸν
1036 1000 1132 1052 καὶ
1174 998 1311 1068 μετὰ
1353 997 1590 1067 Χριστοῦ
1624 1013 1765 1049 πτω-

1895 1000 2055 1062 ;lectis
2078 1008 2453 1070 paupertatem
2522 1012 2645 1053 cum
2700 994 2924 1050 Christo
2982 1000 3035 1047 et
3085 1005 3185 1061 pro
3239 988 3464 1044 Christo

181 1088 335 1159 χείαν
367 1089 593 1143 εἵλοντο.
636 1088 757 1144 Ὅτι
789 1090 897 1159 γὰρ
927 1088 1178 1142 πλούσιαι
1211 1084 1372 1158 ἦσαν,
1403 1088 1593 1141 ἄκουε·
1637 1086 1762 1139 Ὅτι

1895 1093 2186 1163 ὶεῐοεθτιιιι.
2259 1089 2397 1145 Nam
2436 1089 2581 1159 quod
2628 1088 2822 1142 divites
2875 1083 3100 1148 fuerint,
3147 1082 3294 1146 audi,
3328 1080 3465 1147 Quia

180 1179 468 1247 διηκόνουν
512 1180 589 1250 τῷ
634 1180 823 1250 Κυρίῳ
871 1178 977 1233 ἀπὸ
1024 1178 1133 1231 τῶν
1179 1178 1535 1249 ὑπαρχόντων
1573 1178 1765 1240 αὐταῖς

1895 1186 2249 1239 ninistrarunt
2301 1181 2534 1237 Domino
2588 1178 2656 1236 de
2686 1177 3036 1234 facultatibus
3063 1176 3199 1237 suis,
3255 1188 3361 1226 non
3402 1171 3470 1225 de

182 1273 279 1331 καὶ
316 1273 416 1325 οὐκ
443 1272 550 1325 ἀπὸ
574 1272 739 1336 ξένων
764 1275 1064 1342 χρημάτων
1091 1272 1196 1341 mi.
1209 1268 1433 1324 ἀδικιῶν
1454 1270 1529 1332 ὡς
1556 1269 1763 1324 πολλοί.

1895 1276 2062 1330 .lienis
2088 1275 2281 1344 opibus
2309 1281 2365 1327 et
2407 1272 2607 1340 injuste
2633 1268 2921 1341 partis,uti
2954 1267 3107 1322 multi
3129 1266 3324 1321 solent.
3350 1260 3470 1316 Jam

182 1363 260 1415 Τδ
283 1362 361 1425 δὲ,
384 1361 478 1433 ἀφ’
500 1357 566 1433 ἦς
597 1360 905 1432 ἐξεληλύθει
930 1361 1183 1429 δαιμόνια
1213 1359 1373 1425 ἑπτὰ,
1404 1359 1550 1424 τινὲς
1579 1360 1678 1431 μὲν
1706 1362 1767 1413 τδ

1895 1383 1964 1421 »ει-
1997 1376 2205 1436 septem
2239 1364 2527 1429 daemonia,
2561 1378 2683 1433 quae
2734 1360 2802 1417 de
2855 1360 2945 1413 illa
2993 1359 3165 1428 ejecta
3224 1355 3467 1415 fuerunt.

184 1455 355 1508 πολλὰ
395 1453 597 1507 νοοῦσι.
653 1453 812 1525 Παρὰ
863 1455 926 1523 τῇ
961 1453 1151 1523 Γραφῇ
1188 1454 1295 1522 γὰρ
1338 1453 1397 1506 τὸ
1430 1451 1593 1517 ἑπτὰ,
1645 1452 1766 1505 ἀντὶ

1895 1448 2727 1529 [nidamintelliguntmulta.ln
2803 1450 3109 1519 Scripturis
3166 1448 3310 1501 enim
3368 1460 3469 1516 pro

182 1546 280 1601 τοῦ
312 1546 503 1609 πολλὰ,
539 1546 970 1616 ἐκλαμϐάνεται.
1012 1546 1165 1615 Τάχα
1192 1546 1248 1597 δέ
1274 1562 1358 1608 τις
1381 1546 1525 1597 εῖποι
1561 1541 1648 1607 ἂν,
1684 1544 1765 1596 ὅτι

1895 1549 2056 1603 uultis
2077 1559 2282 1617 septem
2308 1546 2485 1616 accipi
2525 1544 2690 1600 solet.
2726 1542 2996 1599 Fortassis
3026 1550 3209 1594 autem
3268 1538 3469 1591 dixerit

182 1636 374 1705 ὥσπερ
404 1636 541 1691 εἰσὶν
567 1636 709 1691 ἑπτὰ
741 1636 1030 1706 πνεύματα
1057 1640 1157 1707 τῆς
1183 1637 1402 1707 ἀρετῆς,
1427 1635 1601 1697 οὕτως
1630 1637 1768 1687 είσὶν

1895 1640 2015 1710 [nis,
2047 1640 2190 1708 quod
2219 1637 2363 1693 sicut
2393 1644 2518 1691 sunt
2559 1645 2765 1705 septem
2824 1631 3051 1703 spiritus
3103 1625 3339 1693 virtutis,
3398 1627 3471 1681 ita

182 1733 252 1786 ἐκ
279 1729 373 1784 τοῦ
422 1730 666 1783 ἐναντίου
713 1731 854 1783 ἑπτὰ
894 1729 1182 1799 πνεύματα
1226 1728 1325 1797 τῆς
1370 1729 1592 1791 κακίας.
1641 1720 1768 1783 Οἷόν

1895 1743 2002 1788 sunt
2029 1749 2060 1788 e
2086 1733 2302 1787 diverso
2334 1744 2543 1800 septem
2569 1729 2793 1799 spiritus
2830 1726 3055 1780 malitiae
3081 1742 3095 1789 ;
3131 1734 3190 1778 ut
3221 1724 3363 1777 sicut
3390 1730 3475 1775 est

182 1824 303 1878 ἐστι
357 1822 577 1892 πνεῦμα
635 1822 802 1889 φόϐου
850 1821 1009 1882 Θεοῦ,
1060 1823 1210 1875 ἔστιν
1259 1824 1322 1875 ἐκ
1379 1820 1473 1875 τοῦ
1528 1820 1769 1877 ἐναντίου

1895 1828 2097 1897 spiritus
2126 1827 2339 1881 timoris
2362 1823 2481 1888 Dei,
2514 1823 2585 1876 ita
2625 1831 2735 1876 ete
2787 1818 3006 1874 diverso
3060 1817 3287 1885 Spiritus
3338 1828 3474 1867 cou-

184 1914 409 1984 πνεῦμα
445 1914 676 1982 ἀιροὸίας
706 1914 864 1975 Θεοῦ,
900 1915 1015 1966 ἔστι
1050 1915 1270 1983 πνεῦμα
1300 1914 1593 1978 συνέσεως,
1622 1914 1772 1967 ἐστιν

1899 1928 2116 1990 emptus
2144 1918 2237 1973 Dei
2266 1926 2320 1971 et
2351 1915 2669 1985 impietatis.
2715 1910 2812 1967 Est
2860 1910 3087 1981 spiritus
3135 1907 3469 1970 intellectus,

188 2007 568 2077 ἀντιστρόφως
617 2006 839 2073 πνεῦμα
889 2005 1224 2071 ἀσυνεσίας,
1257 2008 1353 2060 καὶ
1397 2006 1655 2076 καθεξῆς.
1708 2004 1772 2057 El

1895 2024 1956 2069 :st
1988 2028 2019 2067 e
2048 2013 2263 2067 diverso
2287 2008 2512 2079 spiritus
2545 2005 2894 2064 ltebetudinis
2953 2002 3228 2057 intellectu
3280 2013 3479 2055 caren-

188 2101 268 2171 μὴ
312 2099 444 2168 γοῦν
470 2099 765 2170 ὲκῦληθείη
816 2099 885 2163 τὰ
932 2098 1073 2157 ἑπτὰ
1124 2099 1300 2153 ταῦτα
1351 2099 1639 2168 πνεύματα
1674 2101 1774 2167 τῆς

188 2192 385 2255 κακίας
431 2192 539 2245 ἀπὸ
571 2191 671 2260 τῆς
716 2192 916 2262 ψυχῆς,
964 2194 1025 2245 οὐ
1059 2191 1283 2247 δύναταί
1317 2209 1403 2255 τις
1454 2190 1772 2245 ἀκολουθεῖν

183 2284 269 2357 τῷ
300 2282 541 2354 Χριστῷ.
566 2285 659 2336 Δεῖ
701 2284 810 2354 γὰρ
845 2283 1099 2336 ἐκϐαλεῖν
1130 2282 1347 2351 πρῶτον
1380 2281 1470 2336 τὸν
1506 2282 1771 2347 Σατανᾶν,

189 2376 289 2432 καὶ
317 2374 487 2438 οὕτως
516 2374 780 2428 ὲνοικξσαι
820 2375 910 2427 τὸν
945 2374 1202 2446 Χριστόν.

274 2486 293 2520 ι
328 2468 608 2530 Συνιόντος
639 2466 697 2520 δὲ
723 2466 879 2537 ὄχλου
916 2452 1136 2528 πολλοῦ,
1173 2467 1266 2519 καὶ
1301 2466 1409 2521 τῶν
1444 2467 1585 2521 κατὰ
1618 2466 1775 2520 πόλιν

188 2560 669 2630 ἐπιπορευομένων
714 2560 853 2629 πρὸς
908 2558 1092 2621 αὐτὸν,
1140 2555 1259 2611 εἷπε
1285 2558 1375 2612 διὰ
1432 2558 1772 2628 παραϐολῆς·

203 2652 460 2721 Ἐξῆλθεν
499 2654 527 2705 ὁ
558 2653 799 2723 σπείρων
834 2651 929 2705 τοῦ
962 2655 1184 2722 σπεῖραι
1214 2652 1306 2705 τὸν
1341 2654 1544 2723 σπόρον
1585 2650 1773 2707 αὑτοῦ.

193 2744 309 2799 Καὶ
338 2745 395 2797 ἐν
440 2743 520 2816 τῷ
569 2745 815 2815 σπείρειν
866 2745 1051 2805 αὑτὸν,
1084 2743 1111 2797 ὃ
1162 2744 1257 2813 μὲν
1298 2743 1463 2797 ἔπεσε
1494 2743 1647 2812 παρὰ
1679 2743 1776 2813 τὴν

191 2837 334 2898 ὁδὸν,
372 2838 465 2890 καὶ
498 2834 874 2907 κατεπατήθη,
928 2837 1024 2889 καὶ
1057 2837 1125 2889 τὰ
1162 2836 1386 2890 πετεινὰ
1419 2836 1513 2889 τοῦ
1545 2835 1776 2905 οὐρανοῦ

195 2931 508 3000 κατέφαγεν
535 2931 665 2984 αὑτό
683 2947 695 2959 ·
727 2933 819 2983 καὶ
847 2930 1034 2999 ἕτερον
1064 2930 1262 2984 ἔπεσεν
1285 2931 1379 2984 ἐπὶ
1407 2929 1506 3001 τὴν
1544 2930 1775 3000 πέτραν,

198 3026 293 3078 καὶ
345 3024 477 3092 φυὲν
527 3022 798 3093 ἐξηράνθη
856 3022 945 3075 διὰ
999 3023 1061 3075 τὸ
1117 3025 1192 3092 μὴ
1239 3022 1383 3092 ἔχειν
1420 3021 1642 3092 ἰκμάδα·
1686 3023 1780 3075 καὶ

1878 2106 1966 2173 tis,
1991 2114 2044 2160 et
2079 2106 2157 2159 sic
2185 2103 2252 2158 de
2280 2102 2421 2157 aliis.
2453 2103 2638 2170 Itaque
2669 2099 2771 2153 nisi
2804 2097 3096 2167 ejiciantur
3118 2102 3327 2162 septem
3362 2091 3479 2162 spi-

1880 2202 2018 2256 ritus
2042 2198 2266 2253 malitiae
2331 2198 2397 2251 ab
2471 2198 2675 2259 anima,
2738 2207 2845 2247 non
2893 2198 3073 2261 potest
3133 2188 3257 2257 quis
3319 2183 3476 2254 sequi

1876 2292 2178 2348 Christum.
2208 2289 2438 2359 Oportet
2463 2288 2606 2343 enim
2642 2286 2877 2356 primum
2910 2282 3033 2352 ejici
3068 2281 3393 2344 daemonem,
3418 2283 3477 2333 et

1878 2396 2007 2439 tunc
2034 2382 2340 2436 inhabitare
2372 2379 2670 2435 Citrisutm.

1950 2478 2115 2533 Vens.
2136 2474 2287 2531 4—10.
2304 2473 2464 2530 tCum
2492 2482 2668 2526 autem
2693 2470 2849 2525 turba
2874 2467 3108 2538 plurima
3137 2463 3474 2528 conveniret,

1879 2580 1974 2627 ete
1990 2567 2219 2639 singulis
2234 2565 2543 2623 civitatibus
2582 2570 2941 2634 properarent
2959 2561 3025 2614 ad
3052 2574 3198 2626 eum,
3218 2557 3354 2612 dixit
3385 2571 3485 2627 per

1879 2662 2289 2721 similitudinem
2317 2659 2493 2715 :Exiit
2514 2657 2603 2727 qui
2627 2664 2925 2712 sementem
2952 2652 3207 2716 faciebat,
3230 2651 3296 2704 ad
3313 2649 3485 2705 semi-

1880 2755 2118 2811 nandum
2166 2766 2352 2808 semen
2404 2765 2560 2806 suum
2599 2757 2695 2804 :et
2732 2749 2873 2802 inter
2900 2744 3303 2808 seminandum,
3338 2742 3483 2796 aliud

1884 2848 2081 2904 cecidit
2134 2846 2279 2900 circa
2317 2845 2481 2911 viam,
2516 2852 2571 2897 et
2591 2840 2966 2897 conculcatum
3015 2848 3121 2906 est,
3152 2846 3208 2891 et
3240 2835 3489 2889 volucres

1881 2941 2009 2998 coeli
2030 2938 2383 2995 comederunt
2407 2935 2559 2991 illud.
2591 2932 2657 2989 Et
2688 2933 2831 2990 aliud
2859 2932 3059 2989 cecidit
3084 2944 3248 2998 super
3272 2936 3484 2998 petram

1883 3045 1939 3088 et
1998 3041 2217 3089 enatum
2259 3032 2424 3096 aruit,
2495 3029 2623 3098 quia
2658 3042 2762 3082 non
2791 3026 3027 3081 habebat
3070 3023 3379 3079 humorem.
3421 3015 3493 3071 Et

194 3114 386 3185 ἕτερον
415 3114 610 3166 ἔπεσεν
638 3115 694 3165 ὲν
725 3112 874 3183 μέσῳ
904 3112 1011 3167 τῶν
1033 3112 1307 3179 ἀκανθῶν,
1335 3114 1427 3165 καὶ
1451 3115 1785 3182 συμφυεῖσαι

1896 3124 2039 3178 aliud
2096 3122 2293 3178 cecidit
2343 3121 2488 3174 inter
2537 3120 2746 3189 spinas,
2801 3126 2856 3173 et
2905 3114 3067 3171 simul
3112 3121 3290 3169 enata:
3318 3110 3492 3182 spina:

196 3208 255 3261 αἱ
284 3206 516 3261 ἄκανθαι
555 3205 860 3269 ἀπέπνιξαν
896 3206 1047 3259 αὐτό.
1085 3205 1194 3259 Καὶ
1238 3206 1424 3275 ἕτερον
1470 3206 1667 3258 ἔπεσεν
1704 3208 1783 3268 εἰς

198 3298 301 3368 τὴν
330 3298 432 3367 γῆν
463 3298 559 3366 τὴν
592 3296 824 3367 ἀγαθὴν,
857 3296 950 3349 καὶ
980 3296 1112 3365 φυὲν
1159 3296 1381 3365 ἐποίησε
1410 3297 1621 3367 καρπὲν
1653 3296 1785 3347 ἐκα-

187 3391 659 3446 κτονταπλασίονα.
700 3388 887 3443 Ταῦτα
909 3388 1104 3456 λέγων,
1151 3386 1369 3455 ἐφώνει,
1411 3386 1468 3439 'U
1505 3387 1642 3457 ἔχων
1672 3380 1787 3438 ὦτα

204 3482 451 3543 ἀκούειν,
491 3480 755 3533 ἀκουέτω.
807 3478 1136 3548 Ἐπηρώτων
1180 3477 1237 3529 δὲ
1268 3476 1429 3529 αὑτὸν
1460 3478 1507 3528 οἱ
1546 3476 1789 3546 μαθηταὶ

202 3575 392 3637 αὐτοῦ,
438 3574 725 3639 λέγοντες,
760 3572 840 3629 τίς
890 3572 975 3639 εῖη
1031 3571 1061 3639 ἡ
1097 3569 1382 3639 παραϐολὴ
1419 3568 1588 3640 cura};
1639 3569 1696 3621 ’0
1732 3569 1791 3621 δὲ

205 3664 360 3723 εἴπεν
381 3684 394 3698 ·
432 3667 595 3734 Ὑμῖν
629 3664 838 3717 δέδοται
871 3662 1075 3729 γνῶναι
1105 3661 1175 3715 τὰ
1209 3663 1481 3732 μυστήρια
1503 3664 1601 3732 τῆς
1635 3661 1792 3731 βασι-

201 3759 359 3823 λιίας
412 3756 507 3811 τοῦ
554 3756 710 3819 Θεοῦ,
740 3758 852 3819 τοῖς
881 3754 939 3807 δὲ
972 3755 1178 3817 λοιποῖς
1207 3756 1264 3807 ἐν
1314 3754 1675 3823 παραϐολαῖς,
1706 3755 1793 3806 ἵνα

208 3851 499 3924 βλέποντες
561 3851 635 3920 μὴ
685 3848 946 3918 βλέπωσι,
1015 3848 1112 3901 καὶ
1158 3845 1447 3909 ἀκούοντες
1600 3845 1793 3899 συνιῶ-

210 3960 316 3998 σιν.
362 3963 379 3996 ι
416 3940 596 4011 Ὀπερ
625 3936 779 3995 εἶπεν
807 3942 834 3992 ό
864 3938 1027 3992 Δαυῒδ
1052 3939 1219 3991 πάλαι
1256 3940 1315 3991 ὲν
1347 3938 1625 4009 προσώπῳ
1656 3940 1795 4008 Χρι-

209 4035 362 4099 ατοῦ,
389 4032 546 4086 τοῦτο
575 4031 668 4085 νῦν
701 4030 882 4100 ἐξέϐη.
902 4031 1127 4096 Ἀνοίξω
1144 4032 1273 4099 γὰρ,
1304 4033 1490 4100 φησὶν,
1521 4032 1577 4082 ὲν
1614 4047 1794 4100 παρα-

212 4128 398 4190 δολαῖς
436 4127 497 4179 τὸ
550 4125 725 4194 στόμα
783 4142 907 4194 μου.
949 4124 1252 4191 Φθὲγγεται
1303 4124 1482 4176 τοίκυν
1532 4124 1560 4175 ὁ
1594 4124 1797 4193 Κύριος

210 4220 598 4293 παραϐολικῶς
649 4218 738 4270 διὰ
771 4216 969 4269 πολλὰ’
1008 4217 1104 4269 καὶ
1152 4217 1238 4268 ἵνα
1282 4215 1392 4286 γὰρ
1424 4233 1799 4285 προσεκτικω-

210 4315 401 4385 τέρους
435 4313 638 4383 ποιήσῃ
665 4311 788 4371 τοὺς
836 4308 1153 4374 ἀκούοντας,
1185 4310 1279 4363 καὶ
1305 4310 1553 4379 διεγείρῃ
1612 4311 1798 4373 αὐτοῖς

212 4406 306 4460 τὸν
336 4404 461 4459 νοῦν
487 4407 565 4466 εἰς
599 4404 829 4473 ζήτησιν
857 4403 966 4455 τῶν
999 4401 1329 4470 λεγομένων.
1368 4402 1658 4470 Εἰώθαμεν
1690 4402 1798 4470 γὰρ

211 4498 261 4551 οἱ
298 4496 574 4566 ἄνθρωποι
618 4495 688 4548 τὰ
726 4496 823 4565 μὲν
856 4494 1149 4556 σκοτεινῶς
1184 4495 1452 4563 λεγόμενα
1493 4494 1797 4565 περιεργά-

213 4588 424 4655 ζεσθαι,
455 4590 522 4641 τὰ
557 4588 615 4641 δὲ
658 4588 803 4658 σοιφῆ
837 4590 1210 4658 περιφρονεῖν
1247 4589 1342 4641 καὶ
1386 4587 1473 4641 ἵνα
1510 4588 1559 4640 οἱ
1590 4586 1798 4651 ἀνάξιοι

214 4683 325 4737 τῶν
366 4680 761 4752 μυστηριωδῶς
807 4680 1120 4748 λεγομένων
1170 4680 1245 4748 μὴ
1293 4679 1627 4735 ὲπακούωσι,
1690 4681 1799 4733 Καὶ

210 4774 301 4829 διὰ
335 4774 504 4827 πολλὰ
534 4772 667 4827 ἄλλα
698 4775 755 4825 ἐν
805 4772 1141 4842 παραϐολαῖς
1175 4771 1493 4839 φθέγγεται.
1546 4772 1798 4842 Ἐξῆλθεν

211 4858 309 4915 οὖν
334 4864 363 4914 ὁ
398 4861 657 4930 σπείρων,
689 4861 993 4926 τουτέστιν,
1028 4864 1056 4915 ὁ
1085 4861 1212 4923 Υἱὸς
1246 4862 1341 4914 τοῦ
1375 4863 1511 4916 Θεοῦ
1571 4864 1797 4933 ἐξῆλθεν

213 4957 281 5010 ἔκ
309 4954 418 5008 τῶν
461 4955 678 5009 κόλπων
722 4957 829 5007 τῶν
873 4955 1201 5026 Πατρικῶν,
1257 4957 1351 5010 καὶ
1382 4958 1489 5010 ἀπὸ
1518 4959 1617 5027 τῆς
1658 4976 1797 5028 κρυν

214 5046 467 5116 φιὸτητος
510 5046 701 5110 αὑτοῦ,
739 5046 834 5101 καὶ
865 5047 1115 5118 ἐμφανὴς
1140 5049 1377 5117 ἐγένετο.
1413 5050 1508 5113 Τίς
1539 5051 1595 5104 δὲ
1638 5050 1796 5120 ἐξῆλ-

216 5139 342 5207 θεν;
372 5136 430 5192 Ὀ
450 5141 535 5193 ἀεὶ
563 5140 823 5211 σπείρων.
846 5142 920 5193 Οὐ
943 5139 1172 5195 παύεται
1194 5143 1301 5215 γὰρ
1325 5145 1351 5196 ὁ
1380 5140 1626 5207 Υἱὸς“τοῦ
1659 5143 1794 5196 Θεοῦ

212 5231 304 5284 ἀεὶ
330 5232 569 5301 σπείρων
602 5235 657 5283 ἐν
692 5235 811 5295 ταῖς
836 5233 1130 5304 ἡμετέραις
1153 5235 1372 5306 ψυχαῖς.
1394 5237 1467 5289 Οὐ
1496 5237 1603 5305 γὰρ
1638 5240 1797 5307 μόνον

212 5323 346 5375 ὅταν
372 5321 619 5395 διδάσκῃ,
653 5323 790 5376 ἀλλὰ
821 5326 913 5377 καὶ
936 5326 1024 5381 διὰ
1057 5329 1155 5398 τῆς
1188 5329 1417 5391 κτίσεως
1448 5331 1673 5399 ταύτης,
1705 5331 1799 5392 καὶ

213 5414 327 5469 τῶν
376 5412 495 5467 καθ’
550 5416 787 5487 ἑκάστην
816 5419 893 5482 εἰς
943 5420 1088 5489 ἡμᾶς
1123 5420 1446 5489 γινομένων,
1481 5423 1694 5490 σπείρει
1740 5425 1798 5475 ἐν

214 5506 339 5569 ταῖς
364 5506 661 5577 ἡμετέραις
692 5509 893 5580 ψυχαῖς
918 5512 987 5564 τὰ
1016 5511 1195 5580 ἀγαθὰ
1226 5513 1536 5584 σπέρματα.
1569 5513 1795 5585 Ἐξῆλθε

217 5600 298 5665 δὲ,
342 5599 441 5670 οὐχ
484 5598 573 5653 ἵνα
599 5602 729 5663 τοὺς
760 5606 1039 5675 γεωργοὺς
1068 5605 1385 5680 ἀποκτείνῃ,
1418 5607 1451 5680 ἦ
1485 5608 1583 5680 τὴν
1615 5607 1798 5680 χώραν

294 5777 340 5809 ³⁸
372 5775 511 5837 Psal.
552 5793 749 5846 tum,
789 5779 841 5836 2.

1822 4469 1877 4529 D

1892 3214 2295 3270 Sull‘Ot-avcrunt
2338 3210 2489 3266 illud.
2544 3211 2610 3264 Et
2649 3209 2794 3263 aliud
2843 3207 3039 3263 cecidit
3075 3206 3128 3260 in
3164 3218 3364 3260 terram
3396 3202 3492 3258 bo-

1893 3324 2039 3373 nam,
2074 3314 2129 3361 et
2173 3313 2397 3359 enatum
2430 3301 2561 3357 fecit
2600 3300 2835 3356 fructum
2868 3300 3204 3371 centuplum.
3230 3295 3355 3351 Haec
3406 3294 3494 3350 di-

1891 3415 2023 3456 cens
2072 3397 2342 3453 clamabat
2377 3413 2391 3451 :
2421 3394 2524 3462 Qui
2574 3394 2736 3459 habet
2788 3407 2949 3447 aures
3013 3391 3077 3444 ad
3127 3388 3491 3445 audiendum.

1898 3494 2105 3550 audiat.
2147 3490 2568 3559 lnterrogabant
2609 3498 2789 3542 autem
2822 3500 2945 3541 eum
2978 3481 3227 3553 discipuli
3260 3479 3378 3550 ejus
3408 3480 3494 3534 di-

1894 3595 2101 3651 centes,
2141 3597 2387 3652 quzenam
2429 3587 2574 3635 esset
2599 3579 2701 3632 ista
2755 3574 3035 3645 parabola.
3070 3574 3139 3627 At
3180 3570 3271 3625 ille
3300 3570 3437 3624 dixit
3474 3587 3489 3623 :

1898 3680 2067 3734 Vobis
2092 3677 2277 3732 datum
2317 3683 2402 3730 est
2450 3686 2614 3728 nosse
2646 3670 2903 3741 mysteria
2952 3666 3101 3738 regni
3138 3665 3253 3730 Dei,
3283 3660 3497 3719 caeteris

1897 3782 2078 3827 autem
2132 3786 2228 3843 per
2267 3767 2553 3839 parabolas
2588 3784 2603 3823 :
2636 3774 2696 3820 ut
2739 3763 3007 3828 videntes,
3043 3776 3148 3815 non
3174 3760 3411 3821 videant,
3445 3764 3501 3810 et

1895 3861 2062 3936 325.
2108 3861 2393 3917 audientes
2452 3873 2560 3913 non
2615 3854 2939 3924 intelligant.
2980 3871 3002 3905 ι
3060 3850 3213 3905 Νιιιιο
3282 3849 3497 3903 tandem

1896 3957 2076 4013 evenit
2123 3954 2265 4025 quod
2302 3951 2429 4008 olim
2485 3949 2650 4003 David
2700 3950 2754 4003 ln
2784 3961 3015 4018 persona
3052 3942 3261 4010 Christi
3306 3941 3441 3996 dixit
3479 3956 3495 3994 :

1898 4047 2151 4118 Aperiam
2202 4045 2372 4109 enim,
2436 4042 2636 4111 inquit,
2674 4042 2728 4094 in
2784 4037 3055 4108 parabolis
3107 4050 3169 4091 os
3222 4049 3400 4089 meum
3427 4030 3494 4086 ⁸⁸.

1899 4138 2163 4209 Loquitur
2212 4136 2393 4204 itaque
2446 4132 2731 4203 parabolas
2761 4130 3023 4185 Dominus
3054 4136 3277 4196 propter
3306 4126 3497 4185 multa,

1902 4245 2095 4300 nempe
2157 4238 2215 4283 ut
2266 4225 2592 4285 attentiores
2648 4222 2845 4278 reddat
2889 4220 3183 4285 auditores,
3216 4228 3268 4272 et
3298 4219 3502 4272 excitet

1903 4322 2114 4377 illorum
2178 4328 2416 4373 mentem
2449 4316 2514 4370 ad
2543 4315 2927 4385 inquirendum
2981 4312 3047 4367 de
3087 4310 3171 4363 his
3203 4324 3323 4380 quae
3353 4310 3497 4364 dicta

1904 4428 2051 4473 sunt.
2114 4414 2304 4470 Solent
2343 4413 2485 4467 enim
2550 4411 2799 4466 homines
2854 4407 3127 4462 curiosius
3172 4405 3500 4474 investigare

1904 4514 1969 4565 de
2001 4510 2089 4564 his
2129 4492 2250 4579 quae
2299 4507 2440 4563 dicta
2478 4515 2605 4560 sunt
2655 4503 2963 4567 obscurius,
2998 4498 3285 4554 manifesta
3317 4505 3498 4551 autem

1904 4602 2218 4672 negligere:
2250 4608 2307 4655 et
2334 4611 2391 4652 ιιι
2415 4598 2623 4668 indigni
2648 4591 2762 4652 non
2789 4595 3094 4663 intelligant
3131 4607 3251 4659 qua:
3284 4592 3501 4645 abstru-

1901 4693 2017 4747 sius
2067 4701 2195 4747 sunt
2244 4692 2431 4757 dicta;
2466 4700 2628 4758 atque
2678 4698 2900 4759 pr0pter
2938 4685 3101 4739 multa
3128 4684 3231 4737 alia
3261 4682 3313 4737 in
3342 4696 3500 4752 para-

1900 4783 2040 4840 bolis
2069 4783 2325 4853 loquitur.
2351 4778 2499 4834 Eviit
2542 4779 2707 4850 igitur
2734 4776 3034 4841 seminans,
3066 4773 3169 4828 hoc
3190 4780 3295 4836 est,
3329 4768 3501 4824 Filius

1906 4876 1998 4933 Dei
2024 4877 2195 4931 exivit
2230 4876 2295 4930 de
2329 4874 2509 4929 Patris
2540 4872 2620 4927 sui
2658 4873 2779 4925 sinu
2812 4867 3152 4930 abscondito,
3185 4874 3240 4919 et
3279 4862 3503 4932 conspi-

1896 4985 2032 5025 cuus
2082 4968 2255 5023 factus
2292 4976 2396 5023 est.
2448 4965 2581 5032 Quis
2619 4974 2798 5016 autem
2831 4960 3040 5017 exivit?
3076 4957 3127 5014 is
3161 4956 3251 5027 qui
3284 4969 3501 5023 semper

1900 5062 2156 5119 seminat.
2198 5058 2370 5113 Filius
2417 5058 2559 5111 enim
2600 5055 2691 5111 Det
2737 5069 2841 5107 non
2867 5062 3047 5107 cessat
3086 5064 3301 5118 semper
3338 5046 3503 5103 semia

1900 5170 2031 5210 nare
2061 5155 2112 5208 in
2145 5152 2432 5207 animabus
2456 5148 2681 5203 nostris.
2716 5146 2831 5202 Non
2867 5147 3010 5201 enim
3069 5145 3245 5198 solum
3280 5140 3498 5212 quando

1902 5247 2113 5299 videtur
2152 5247 2367 5307 docere,
2423 5241 2516 5295 sed
2567 5248 2619 5295 et
2666 5255 2764 5309 per
2814 5235 3288 5292 mnndumistutn.
3318 5240 3368 5287 et
3403 5246 3501 5299 per

1907 5354 1966 5392 ea
1998 5351 2118 5407 qua:
2145 5334 2385 5406 quotidie.
2421 5334 2548 5389 facit
2583 5350 2709 5401 erga
2744 5346 2861 5396 nos,
2930 5329 3163 5386 seminat
3189 5328 3241 5381 in
3298 5323 3501 5379 nostris

1910 5429 2190 5483 animabus
2232 5427 2369 5481 bona
2417 5427 2647 5479 semina.
2683 5424 2861 5477 Exivit
2890 5435 3089 5485 autem,
3122 5435 3227 5475 non
3264 5426 3323 5473 ιιι
3357 5418 3501 5487 agri-

1907 5522 2055 5576 colas
2108 5520 2345 5582 occidat,
2391 5518 2475 5573 vel
2522 5532 2710 5585 agrum
2750 5522 2968 5583 exurat,
3023 5514 3117 5570 sed
3154 5522 3211 5567 ut
3243 5510 3492 5565 setninet.

1910 5607 2064 5679 S:epe
2094 5610 2239 5664 enim
2297 5609 2573 5679 egreditur
2616 5605 2849 5680 agricola
2882 5612 2937 5662 et
2983 5612 3209 5674 propter
3230 5603 3357 5670 alia,
3389 5616 3496 5664 non
