4110 6332
686 367 792 431 799

686 568 942 639 Proprins
978 570 1116 621 enim
1142 567 1256 635 ejus
1289 578 1370 622 est
1401 585 1578 623 sermo
1611 572 1886 637 doctrinm,
1917 581 2095 626 etnon
2125 572 2256 624 alie-

688 677 806 715 nus.
838 660 1110 730 Propltetm
1145 662 1286 714 enim
1330 676 1661 731 qmecunque
1697 663 1972 725 dixerunt,
2004 679 2033 717 e
2068 663 2257 731 spiritu

690 756 961 816 dixerunt,
1013 764 1064 807 et
1106 769 1211 807 non
1257 766 1314 808 ut
1368 756 1619 823 propria:
1652 759 1791 809 unde
1846 764 1899 809 et
1955 756 2254 809 dixerunt:

687 843 807 897 Βίης
838 842 969 896 dicit
1019 842 1301 896 Dominus.
1333 844 1580 896 Christus
1624 857 1752 897 vero
1786 844 2062 911 proprium
2100 843 2260 896 habet

684 948 894 995 semen,
930 932 1265 987 idcirco‘non
1297 934 1508 988 dicebat
1538 935 1737 989 docens
1770 953 1784 989 :
1824 935 1947 990 llaec
1992 936 2121 989 dicit
2150 935 2254 989 Do-

684 1024 883 1088 minus,
923 1025 1013 1077 sed
1045 1041 1056 1075 :
1088 1024 1199 1093 Ego
1222 1025 1340 1078 dico
1370 1025 1543 1079 vobis.
1576 1024 1886 1079 Seminante
1919 1035 2097 1079 autem
2140 1027 2252 1091 illo,

682 1114 786 1167 hoc
836 1125 916 1168 est
951 1115 1192 1178 docente,
1224 1116 1366 1169 aliud
1405 1117 1618 1183 quidem
1645 1117 1845 1170 cecidit
1879 1118 2020 1172 circa
2058 1117 2195 1171 viam
2242 1134 2254 1170 :

682 1214 786 1259 no‘n
818 1208 953 1260 dixit
1008 1208 1146 1274 quod
1179 1209 1463 1277 projecerit
1504 1210 1799 1273 seminans,
1836 1211 1926 1265 sed
1959 1214 2097 1278 quod
2129 1210 2255 1265 illud

681 1299 957 1354 ceciderit.
1003 1296 1133 1351 Nam
1162 1301 1250 1373 qui
1301 1302 1552 1363 seminat,
1590 1301 1821 1354 seminat
1843 1313 1891 1356 et
1922 1302 2099 1366 docet,
2132 1317 2254 1356 ser-

686 1406 774 1443 mo
797 1400 970 1443 autem
1004 1392 1149 1443 cadit
1186 1382 1237 1445 iti
1268 1392 1569 1445 audientes.
1606 1390 1668 1444 Hi
1694 1402 1870 1445 autem
1909 1393 2257 1448 inveniuntur

677 1494 798 1533 esse
836 1479 912 1533 vel
972 1481 1075 1546 via,
1109 1481 1189 1535 vel
1217 1490 1385 1549 petra,
1424 1482 1504 1533 vel
1542 1482 1736 1549 spinae,
1800 1482 1883 1537 vel
1916 1491 2055 1537 terra
2092 1484 2252 1538 bona.

680 1567 947 1623 Caeterum
981 1570 1253 1638 discipulis
1287 1570 1743 1639 interrogantibus
1787 1574 2118 1642 paraliolam,
2177 1576 2255 1627 di-

673 1662 747 1714 cit
816 1660 1124 1715 Dominus:
1169 1660 1335 1716 Vobis
1368 1663 1568 1738 datum
1642 1674 1724 1717 est
1782 1666 1922 1720 scire
1996 1667 2253 1738 mysteria

680 1750 829 1817 regni
867 1747 981 1817 Dei,
1026 1750 1125 1803 hoc
1177 1760 1257 1805 est
1311 1734 1462 1805 vobis
1498 1753 1887 1821 qmerentibus,
1921 1763 1977 1807 ut
2006 1734 2249 1809 discatis.
2284 1785 2328 1843 Β

680 1856 703 1893 ι
741 1838 927 1894 Omnis
958 1843 1097 1895 enim
1132 1844 1219 1912 qui
1261 1845 1409 1912 petit,
1456 1845 1649 1913 arcipit
1684 1845 1763 1899 ".
1798 1864 1814 1896 ι
1846 1844 2087 1916 Reliquis
2124 1863 2249 1901 vero

674 1932 766 2002 qui
798 1935 1149 1987 sacramentis
1196 1935 1395 2000 indigni
1459 1946 1602 2000 sunt,
1640 1937 1867 1991 obscure
1905 1938 2175 2000 dicuntur,
2200 1947 2252 1991 ct

673 2024 979 2078 existimant
1025 2026 1240 2093 quidem
1289 2041 1345 2081 se
1404 2028 1607 2089 videre,
1660 2029 1751 2083 sed
1785 2044 1892 2082 non
1924 2029 2106 2083 vident
2150 2039 2252 2084 :et

675 2114 899 2167 audiunt
932 2115 1171 2183 quidem,
1217 2118 1309 2169 sed
1356 2132 1457 2170 non
1510 2117 1840 2187 intelligunt,
1876 2130 2037 2187 atque
2063 2120 2165 2173 hoc
2197 2120 2247 2172 in

673 2202 885 2257 illorum
957 2204 1177 2258 bonum.
1241 2204 1317 2259 Ne
1376 2207 1517 2259 enim
1595 2210 1765 2277 magis
1817 2208 2246 2261 condemnentur

672 2295 814 2364 quod
872 2298 1081 2367 cognita
1126 2299 1382 2367 mysteria
1443 2304 1763 2367 spreverint,
1796 2301 1914 2355 ideo
1947 2302 2013 2354 ab
2046 2301 2148 2356 illis
2185 2317 2244 2355 ea

670 2384 913 2440 Christus
946 2387 1245 2441 abscondit.
1302 2389 1403 2454 Qui
1439 2392 1579 2443 enim
1616 2394 1882 2459 cognoscit
1910 2400 1962 2445 et
1993 2402 2239 2445 contem-

669 2476 768 2539 nit,
796 2479 1036 2547 graviora
1074 2490 1308 2534 meretur
1330 2482 1611 2558 supplicia.

667 2586 761 2622 του
796 2570 979 2624 ἕνεκεν
1020 2571 1338 2643 ἀπέκρυψεν
1370 2576 1397 2625 ὁ
1444 2574 1675 2643 Χριστὸς
1714 2574 1807 2627 ἀπ’
1833 2574 2013 2627 αὐτῶν
2042 2574 2232 2629 ταῦτα.

667 2663 957 2733 τιμωρίας.

742 2757 900 2813 Vttns.
934 2758 1120 2813 ll-lz‘)’.
1162 2775 1178 2808 ι
1228 2757 1323 2812 Est
1354 2769 1531 2813 autem
1566 2760 1680 2814 base
1709 2761 1956 2829 parabola
1986 2780 1999 2815 :
2046 2762 2240 2815 Semen

665 2860 749 2907 est
781 2865 958 2907 sermo
1009 2851 1121 2904 Dei.
1158 2849 1257 2916 Qui
1294 2861 1472 2906 autem
1514 2851 1664 2918 juxta
1700 2852 1862 2916 viam,
1900 2854 1954 2907 hi
1980 2863 2105 2908 sunt
2146 2854 2242 2923 qui

666 2945 896 2998 audiunt
949 2962 961 2996 :
1007 2943 1198 2996 deinde
1244 2945 1386 2996 venit
1420 2942 1659 2996 diabolus
1680 2952 1732 2997 et
1765 2943 1901 2997 tollit
1933 2959 2238 2998 sermonem

670 3036 738 3088 de
794 3034 956 3088 corde
988 3048 1193 3097 eorum,
1236 3047 1303 3087 ne
1330 3032 1614 3087 credentes
1654 3042 1959 3088 serventur.
1984 3034 2120 3089 Nam
2148 3038 2240 3105 qui

1606 368 2183 429 THEOPHYLACTI
2219 368 2624 430 BULGARIE
2666 366 2867 426 ARCH
2880 364 3020 425 lEP.
3849 352 3940 415 803

688 474 862 529 solum
895 483 951 531 ut
989 475 1237 539 seminet,
1266 477 1357 530 sed
1383 476 1513 530 exiit
1535 487 1591 531 nt
1618 480 1845 533 seminet
1868 494 2050 534 semen
2086 496 2239 535 suum

2372 480 2716 552 κατακαύσῃ,
2740 478 2966 547 ᾀλλἻνα
2993 473 3208 545 σπείρῃ·
3237 472 3504 532 πολλάκις
3530 470 3643 540 γὰρ
3678 466 3945 539 ἐξέρχεται

2364 574 2392 624 ὁ
2426 572 2667 640 γεωργὸς
2709 571 2800 623 καὶ
2849 569 2916 622 δι’
2949 568 3103 630 ἄλλα,
3141 567 3202 618 οὐ
3256 565 3416 634 μόνον
3470 562 3563 614 διὰ
3622 562 3683 613 τὸ
3716 563 3942 627 σπεῖραι.

2363 666 2466 717 Τδν
2501 667 2699 734 σπόρον
2730 663 2784 715 δὲ
2815 661 2978 715 αὑτοῦ
3012 658 3197 728 ἐξῆλθε
3231 659 3475 726 σπεῖραι.
3516 653 3684 714 Ἰδιος
3726 654 3836 719 γὰρ
3866 653 3944 703 αὖ·

2362 754 2455 806 τοῦ
2488 752 2553 814 ἦν
2585 756 2612 805 ὁ
2644 753 2801 820 λόγος
2846 751 2941 819 τῆς
2969 747 3335 808 διδασκαλίας,
3385 747 3479 797 καὶ
3518 745 3622 795 οὐκ
3650 742 3939 808 ἀλλότριπ.

2361 846 2423 898 Οί
2458 845 2555 913 μὲν
2606 844 2713 912 γὰρ
2756 842 3051 911 προφῆται,
3092 839 3188 890 ὅσα
3221 837 3427 903 ἔλεγον,
3463 835 3565 886 οὐκ
3600 835 3712 885 ἴδια
3746 830 3938 895 ἔλεγον,

2364 937 2497 989 ἀλλὰ
2531 935 2622 987 τοῦ
2660 934 2983 1001 πνεύματος.
3009 930 3098 982 Διὸ
3125 929 3328 995 ἔλεγον,
3366 926 3505 978 Τάδε
3537 925 3694 991 λέγει
3721 922 3936 989 Κύριος.

2372 1032 2429 1081 'U
2461 1029 2517 1082 δὲ
2538 1026 2769 1097 Χριστὸς
2822 1025 2950 1077 [διον
2979 1019 3091 1091 εἶχε
3116 1020 3206 1073 τὸν
3249 1020 3471 1089 σπόρον.
3502 1016 3594 1068 Διὸ
3624 1016 3730 1067 οὐκ
3765 1014 3939 1077 ἔλεγεν

2359 1119 2484 1170 ὅταν
2503 1118 2797 1180 ἐδίδασκεν,
2815 1114 2895 1166 ὃτι
2910 1111 3045 1165 Τάδε
3063 1111 3210 1176 λέγει
3228 1110 3449 1179 Κῠριος,
3478 1104 3618 1169 ἀλλ’,
3638 1101 3787 1170 Ἐγὼ
3808 1103 3940 1168 λέγω

2360 1211 2507 1279 ὑμῖν.
2554 1208 2640 1261 Ἐν
2664 1208 2741 1277 τῷ
2769 1206 3015 1274 σπείρειν
3045 1204 3098 1255 δὲ
3128 1202 3309 1263 αὐτὸν,
3335 1198 3641 1259 τουτέστιν,
3673 1198 3733 1247 ὲν
3769 1195 3846 1263 τῷ
3871 1194 3940 1244 ὄι-

2358 1300 2598 1361 δάσκειν,
2630 1298 2757 1353 ἄλλο
2796 1297 2893 1366 μὲν
2937 1297 3098 1347 ἔπεσε
3134 1292 3285 1362 παρὰ
3318 1292 3415 1360 τὴν
3444 1290 3583 1341 ὁδόν.
3622 1289 3743 1339 Οὐκ
3794 1282 3938 1335 εἶπεν

2358 1392 2440 1445 ὅτι
2488 1391 2709 1463 ἔρριψεν
2742 1392 2769 1442 ὁ
2808 1388 3067 1458 σπείρων,
3103 1384 3216 1438 ἀλλ’
3269 1383 3464 1436 ἔπεσεν
3499 1382 3703 1433 ἐκεῖνο.
3750 1379 3808 1429 ’0
3848 1376 3937 1445 μὲν

2358 1484 2464 1553 γὰρ
2496 1482 2733 1551 σπείρων
2796 1480 3004 1550 σπείρει
3036 1479 3128 1529 καὶ
3154 1475 3416 1529 διδάσκει.
3461 1472 3520 1525 ’0
3570 1472 3629 1524 δὲ
3668 1470 3831 1537 λόγος
3866 1471 3937 1530 είς

2358 1574 2483 1634 τοὺς
2513 1572 2811 1632 ἀκούοντας
2844 1571 3051 1622 πίπτει.
3088 1562 3328 1621 Οὖτονδὲ
3352 1564 3700 1634 εὑρίσκονται
3736 1560 3773 1631 ἦ
3802 1560 3935 1623 ὁδὸς,

2358 1662 2390 1733 ἢ
2425 1664 2616 1733 πέτρα,
2670 1664 2701 1727 ἢ
2736 1663 2968 1723 ἄκανθα,
3006 1661 3036 1730 ἦ
3072 1658 3249 1729 ἀγαθὴ
3277 1658 3371 1728 γῆ.
3420 1654 3701 1722 Ἐρωτῶσι
3746 1652 3803 1705 δὲ
3834 1654 3937 1712 τοῖς

2362 1756 2627 1824 μαθηταῖς
2662 1753 2759 1823 τὴν
2789 1751 3123 1823 παραϐολὴν,
3158 1752 3319 1818 φησὶν
3350 1749 3377 1799 ὁ
3406 1748 3629 1816 Κύριος·
3664 1746 3831 1813 ’Υμίν
3859 1743 3934 1795 δέ·

2358 1847 2505 1899 δοται
2535 1846 2738 1913 γνῶναι
2773 1845 2839 1897 τὰ
2887 1844 3160 1911 μυστήρια
3207 1843 3304 1911 τῆς
3335 1838 3614 1909 βασιλείας
3649 1836 3745 1888 τοῦ
3782 1835 3932 1891 Θεοῦ.

2350 1938 2645 1997 τουτέστιν,
2685 1937 2813 2005 ὑμῖν
2837 1938 2957 1996 τοῖς
3006 1933 3229 2003 Cum?th
3278 1931 3489 2000 μαθεῖν.
3532 1949 3549 1980 t
3598 1929 3715 1990 lli;
3771 1929 3931 1996 τὰ.ρό

2352 2031 2537 2093 αἰτῶν,
2585 2029 2888 2099 λαμὸἁπν
2930 2046 2943 2076 ι
2984 2028 3095 2087 τοῖς
3141 2026 3193 2076 δὲ
3228 2025 3436 2086 λοιποῖς
3468 2024 3579 2083 τοῖς
3636 2019 3713 2089 μὴ
3772 2016 3931 2082 ἀξίαις

2350 2121 2470 2176 οὖσι
2522 2122 2628 2174 τῶν
2683 2120 3020 2189 μυστηρίων,
3075 2116 3363 2176 σκοτεινῶς
3402 2116 3681 2181 λέγονται,
3728 2111 3827 2160 καὶ
3856 2110 3931 2159 Eo-

2352 2212 2501 2264 κοῦσι
2557 2211 2652 2280 μὲν
2685 2209 2919 2279 βλέπειν,
2964 2208 3022 2258 οὐ
3070 2206 3323 2274 βλέπουσι
3376 2204 3432 2255 δέ
3467 2220 3482 2234 ⁸
3527 2202 3625 2253 καὶ
3675 2200 3929 2252 ἀκούουσι

2356 2306 2475 2373 μὲν,
2512 2304 2573 2355 οὐ
2627 2294 2869 2354 συνιοῦσι
2900 2301 2984 2364 δὲ,
3024 2301 3118 2351 καὶ
3148 2298 3303 2350 τοῦτο
3339 2298 3417 2357 είς
3466 2294 3794 2363 εὐεργεσίαν
3842 2292 3928 2343 αὖα

2345 2391 2473 2443 τῶν.
2502 2391 2617 2442 Ἵνα
2666 2390 2773 2459 γὰρ
2818 2389 2893 2458 μὴ
2938 2388 3095 2440 πλέον
3136 2385 3562 2455 κατακριθῶσιν,
3592 2384 3671 2444 ὡς
3703 2382 3844 2451 μετὰ
3873 2384 3927 2430 τῦ

2346 2480 2551 2548 γνῶναι
2582 2481 2650 2533 τὰ
2702 2481 2975 2549 μυστήρια
3004 2478 3519 2547 καταφρονήσαντες
3551 2474 3759 2535 αὐτῶν,
3809 2471 3925 2523 τού-

2286 2573 2344 2626 ’0
2404 2574 2510 2645 γὰρ
2544 2573 2728 2641 γνοὺς,
2800 2568 2918 2623 εἶτα
2965 2572 3404 2643 καταφρονήσας,
3440 2568 3753 2637 βαρυτέρας
3786 2568 3926 2630 ἄξιος

2422 2773 2441 2804 ι
2489 2755 2644 2806 Ἐστι
2692 2752 2749 2803 δὲ
2802 2750 2938 2819 αὕτη
2973 2749 3005 2818 ἡ
3056 2746 3359 2817 παραδολὴ,
3398 2746 3461 2799 Ὀ
3491 2747 3697 2812 σπόρος
3725 2746 3923 2798 sativa

2344 2844 2502 2911 λόγος
2533 2841 2624 2893 τοῦ
2655 2840 2811 2893 Θεοῦ.
2851 2841 2912 2890 Οἱ
2946 2837 3002 2890 δὲ
3035 2837 3191 2905 παρὰ
3215 2836 3312 2907 τὴν
3343 2838 3483 2897 ὀδὶν,
3514 2837 3654 2888 εἰσὶν
3684 2838 3734 2889 oi
3766 2836 3919 2889 ακού-

2342 2950 2509 2995 οντες,
2561 2927 2682 2984 εἶτα
2730 2930 2950 3000 ἔρχεται
2980 2930 3008 2979 ὀ
3058 2927 3302 2989 διάϐολος
3335 2928 3429 2979 καὶ
3462 2926 3608 2998 αἴρει
3649 2928 3743 2982 sint
3774 2929 3920 2997 λόγον

2341 3024 2449 3077 ἀπὸ
2496 3025 2592 3090 τῆς
2645 3021 2873 3091 καρδίας
2907 3020 3105 3086 αὑτῶν,
3146 3018 3232 3073 ἵνα
3275 3019 3348 3090 μὴ
3386 3022 3781 3084 πιστεύσαντες
3820 3041 3918 3075 σω-

670 3139 833 3194 Iuper
898 3134 1129 3195 petram,
1190 3128 1418 3179 hirsunt
1470 3127 1559 3196 qui
1620 3141 1740 3182 cum
1789 3128 2079 3194 audierint,
2113 3145 2235 3185 cum

2346 3117 2525 3172 θῶσιν.
2586 3116 2648 3170 Οἱ
2702 3115 2758 3169 δὲ
2824 3116 2915 3168 ἐπὶ
2965 3114 3063 3184 τῆς
3100 3114 3325 3184 πέτρας,
3357 3114 3405 3166 οἳ
3454 3114 3584 3165 ὅταν
3624 3114 3917 3175 ἀκούσωσι,

2459 3211 2468 3221 ι
2634 3211 2659 3221 -ι
2720 3208 2771 3221 ιι
3029 3208 3043 3221 \
3114 3206 3131 3221 ς
3159 3207 3171 3221 I
3399 3205 3410 3221 ι
3480 3198 3508 3221 τ
3642 3208 3654 3221 ι
3672 3205 3720 3221 θ’
3866 3211 3877 3221 1

668 3218 863 3286 gaudio
908 3218 1205 3285 suscipiunt
1236 3234 1562 3285 sermonem,
1598 3229 1653 3274 et
1680 3220 1735 3274 hi
1766 3221 1975 3277 radices
2002 3237 2115 3283 non
2140 3221 2238 3275 ha-

670 3310 817 3371 bent,
846 3309 933 3377 qui
976 3310 1041 3361 ad
1094 3319 1301 3378 tempus
1326 3310 1576 3375 credunt,
1603 3320 1657 3365 et
1697 3312 1749 3366 in
1783 3322 2022 3382 tempore
2060 3323 2237 3368 tenta-

668 3398 831 3453 tionis
880 3399 1153 3453 recedunt.
1211 3400 1361 3465 Quod
1412 3410 1590 3457 autem
1620 3403 1673 3457 ir
1708 3405 1895 3471 spinas
1926 3404 2143 3467 cecidit,
2185 3407 2236 3459 hi

669 3497 793 3542 sont
829 3491 916 3556 qui
970 3489 1273 3554 audierunt,
1310 3500 1365 3545 et
1415 3506 1443 3542 a
1477 3492 1934 3550 sollicitudinibus
1957 3504 2011 3549 et
2038 3495 2240 3552 divitiis

668 3594 729 3632 ac
758 3580 1115 3649 voluptatibus
1144 3583 1261 3635 vitae
1306 3592 1515 3645 euntes.
1545 3585 1898 3651 suti'ocantur,
1943 3587 2105 3660 325
2142 3604 2240 3645 nec

668 3667 908 3723 referunt
937 3669 1193 3725 fructum.
1226 3671 1377 3736 Quod
1409 3682 1588 3729 autem
1619 3675 1676 3730 in
1711 3676 1908 3730 bonam
1939 3686 2158 3744 terram,
2183 3680 2237 3733 bi

668 3767 797 3813 sunt
830 3760 916 3827 qui
976 3761 1027 3813 in
1074 3762 1237 3815 corde
1274 3762 1499 3819 honesto
1532 3780 1598 3819 ac
1621 3768 1782 3832 bono,
1814 3768 2096 3823 audientes
2127 3786 2242 3825 ser-

670 3864 878 3904 monem
937 3851 1187 3917 retinent,
1241 3862 1293 3907 et
1318 3853 1549 3909 fructum
1609 3856 1838 3911 aderunt
1888 3873 1985 3926 per
2025 3861 2238 3929 patien-

670 3940 815 3994 tiam.
854 3959 874 3992 ι
925 3942 1059 3995 Tres
1112 3943 1198 3997 hic
1237 3945 1454 4000 ordines
1482 3960 1668 4001 eorum
1700 3949 1945 4018 suntqui
1978 3965 2082 4004 non
2119 3964 2239 4006 ser-

670 4041 885 4085 vantur.
936 4030 1069 4085 Nam
1117 4032 1169 4087 hi
1209 4034 1297 4103 qui
1330 4050 1491 4090 secus
1527 4037 1688 4103 viam,
1720 4040 2033 4108 neutiquam
2069 4043 2240 4097 susci-

668 4123 819 4190 piunt
881 4137 1235 4190 sermonem;
1291 4125 1429 4179 sicut
1480 4127 1624 4180 enim
1686 4128 1770 4181 via
1839 4130 2152 4186 cenettlcata
2186 4142 2240 4187 et

669 4215 963 4283 constipata
1016 4228 1201 4267 semen
1245 4229 1350 4268 non
1386 4217 1631 4284 suscipit,
1676 4221 1908 4289 ecquod
1962 4222 2095 4277 dura
2147 4226 2236 4289 sit,

668 4302 737 4356 ita
776 4314 831 4357 et
887 4302 1136 4366 obdurati
1187 4306 1347 4358 corde
1404 4320 1708 4362 sermonem
1765 4325 1868 4365 non
1938 4314 2241 4383 suscipiunt

669 4392 823 4447 etiam
886 4396 1165 4451 audientes
1196 4412 1211 4450 :
1240 4411 1343 4451 non
1377 4398 1662 4454 attendunt
1712 4402 1891 4458 enim..
1920 4406 2105 4475 Atqui
2148 4420 2243 4475 per

2346 3211 2483 3281 μετὰ
2517 3211 2690 3279 χαρᾶς
2716 3208 2963 3277 δέχονται
2996 3208 3086 3260 τὸν
3114 3206 3292 3273 λόγον,
3327 3205 3421 3258 καὶ
3450 3198 3600 3259 οὗτοι
3627 3205 3789 3275 ῥίζαν
3829 3211 3921 3259 οὐκ

2341 3303 2575 3373 ἔχουσιν,
2613 3302 2661 3353 οἲ
2694 3300 2831 3373 πρὸς
2882 3300 3077 3369 καιρὸν
3109 3298 3445 3361 πιστεύουσι,
3494 3301 3588 3351 καὶ
3634 3301 3698 3352 ὲν
3749 3300 3918 3370 καιρῷ

2343 3318 2575 3373 εχουσιν,
2613 3318 2661 3353 οι
2694 3319 2735 3353 π
2773 3318 2831 3364 ος
2882 3318 3077 3369 καιρον
3109 3318 3445 3361 πιστευουσι,
3494 3318 3588 3351 και
3634 3318 3698 3352 εν
3749 3318 3917 3370 καιριρ

2343 3393 2646 3462 πειρασμοῦ
2671 3318 3017 3461 ἀφῖστανται.
3045 3391 3116 3443 Τὸ
3141 3390 3198 3443 δὲ
3231 3390 3309 3453 είς
3343 3388 3439 3452 τὰς
3463 3390 3712 3453 ἀκάνθας
3735 3394 3917 3453 πεσὸν,

2340 3478 2486 3539 οὗτοί
2537 3486 2674 3538 εἰσιν
2718 3483 2767 3535 oi
2815 3482 3167 3546 ἀκούσαντες,
3225 3486 3318 3534 καὶ
3368 3482 3473 3534 ὑπὸ
3511 3485 3801 3553 μεριμνῶν
3833 3488 3918 3539 καὶ

2342 3577 2573 3631 πλούτου
2626 3576 2718 3629 καὶ
2750 3574 2952 3646 ἡδονῶν
2989 3573 3081 3626 τοῦ
3133 3574 3248 3644 βίου
3290 3574 3647 3644 πορευόμενοι
3684 3578 3917 3643 suumi-

2341 3684 2549 3736 γονται,
2596 3670 2693 3721 καὶ
2722 3668 2782 3721 οὐ
2823 3667 3231 3741 τελεσφοροῦσι.
3264 3670 3337 3722 Τὸ
3378 3670 3434 3723 δὲ
3467 3672 3524 3723 ὲν
3554 3675 3622 3741 τῇ
3658 3673 3799 3743 καλῇ
3830 3676 3915 3743 γῇ,

2340 3754 2485 3814 οὗτοί
2540 3762 2677 3812 εἰσιν
2736 3760 2930 3825 οἵτινες
2993 3764 3050 3814 ὲν
3106 3763 3304 3833 καρδίᾳ
3356 3764 3493 3833 καλῇ
3562 3765 3661 3817 καὶ
3720 3766 3913 3835 ἀγαθῇ,

2342 3848 2674 3913 ἀκούσαντες
2703 3850 2795 3903 τὸν
2827 3850 3005 3919 λόγον,
3038 3853 3330 3923 κατέχουσι
3352 3856 3445 3909 καὶ
3478 3858 3915 3925 καρποφοροίσιν

2339 3944 2399 3995 ὲν
2432 3943 2697 4013 ὑπομονῇ.
2737 3962 2754 3994 ι
2803 3945 2966 4014 Τρεῖς
2992 3945 3171 4012 τάξεις
3203 3947 3308 3999 είσὶ
3349 3946 3459 4001 τῶν
3490 3949 3567 4021 μὴ
3600 3949 3916 4017 σωζομένων

2343 4033 2595 4090 ἐνταῦθα.
2635 4036 2698 4087 Οἱ
2749 4036 2847 4106 μὲν
2874 4037 2982 4107 γὰρ
3030 4037 3181 4108 παρὰ
3212 4039 3311 4109 τὴν
3365 4040 3503 4106 ὁδὸν,
3545 4042 3594 4093 oi
3629 4043 3759 4111 μηδ’
3790 4042 3915 4104 ὅλως

2341 4127 2773 4198 παραδεξάμενοι
2804 4129 2896 4183 τὸν
2924 4130 3104 4198 λόγον.
3139 4133 3350 4203 Ὠσπερ
3380 4134 3489 4203 γὰρ
3527 4136 3554 4204 ἡ
3581 4136 3723 4200 ζδίς,
3758 4155 3913 4189 κατα-

2340 4222 2699 4293 πεπατημὲνη
2758 4224 2854 4277 καὶ
2925 4224 3387 4295 σνμπεπιλημένη
3446 4228 3509 4280 οὐ
3564 4227 3783 4298 δέχεται
3833 4231 3913 4282 τὸν

2342 4313 2562 4383 σπόρον,
2596 4314 2671 4376 ὡς
2702 4314 2914 4385 σκληρὰ
2928 4311 3093 4379 οὖσα,
3128 4314 3272 4371 οὔτω
3297 4318 3393 4370 καὶ
3421 4319 3470 4370 oi
3499 4319 3911 4391 σκληροκαρδιοι

2338 4403 2444 4455 οὐδ’
2475 4403 2611 4468 ὅλως
2640 4405 3031 4476 παραδέχονται
3066 4407 3158 4461 τὸν
3195 4408 3375 4477 λόγον,
3408 4410 3511 4464 κᾶν
3540 4412 3805 4477 ἀκούωσι,
3845 4416 3911 4483 μὴ

669 4493 873 4552 petram
923 4486 1313 4558 intelliguntur,
1374 4490 1672 4559 suscipiunt
1710 4494 1947 4561 quidem,
1984 4497 2077 4551 sed
2129 4512 2236 4566 prae

2346 4496 2717 4568 προσέχοντες.
2770 4498 2834 4550 οι
2881 4498 2939 4551 δὲ
2974 4500 3128 4571 παρά
3154 4500 3254 4570 τὴν
3290 4503 3518 4574 πέτραν,
3556 4506 3606 4557 oi
3636 4505 3910 4576 δεξάμενοι

668 4574 979 4630 inﬁrmitate
1030 4578 1259 4632 humana
1312 4579 1363 4633 in
1428 4584 1813 4639 lentationihus
1869 4600 2231 4644 marcescunt.

670 4662 834 4719 Tertii
863 4677 986 4721 sunt
1014 4669 1103 4737 qui
1139 4684 1258 4724 cum
1294 4671 1616 4727 audiverunt
1641 4684 1695 4728 et
1724 4687 2095 4744 susceperunt,
2125 4694 2235 4749 prae

671 4757 813 4811 curis
863 4759 982 4811 vitze
1040 4760 1198 4830 hujus
1248 4760 1602 4819 sull'oeantur.
1655 4764 1829 4836 Igitur
1878 4776 1986 4823 tres
2016 4770 2231 4839 quidem

670 4860 849 4919 partes
903 4866 1088 4905 eorum
1140 4862 1263 4909 sunt
1298 4857 1387 4925 qui
1423 4868 1665 4925 pereunt,
1704 4874 1809 4912 una
1838 4872 2016 4915 autem
2049 4876 2233 4917 eorum

668 4940 755 5009 qui
814 4939 1114 4995 salvantur.
1170 4944 1245 4996 Ita
1296 4948 1450 5015 pauci
1483 4948 1695 5017 quidem
1729 4960 1853 5003 sunt
1888 4951 1979 5020 qui
2018 4966 2240 5008 servan-

666 5039 770 5097 tur,
824 5032 1007 5101 plures
1055 5043 1233 5088 autem
1277 5038 1367 5105 qui
1414 5050 1658 5105 pereunt.
1709 5039 1839 5095 Vide
1863 5042 1991 5096 item
2020 5058 2140 5098 cum
2176 5044 2242 5099 de

668 5120 755 5176 bis
804 5124 895 5193 qui
946 5123 1298 5190 suﬂ'ocantur,
1348 5128 1605 5198 loquitur,
1646 5135 1914 5201 quomodo
1949 5150 2056 5189 non
2090 5135 2237 5202 dicit,

674 5216 814 5281 quod
869 5228 976 5281 prae
1030 5216 1231 5272 divitiis
1289 5218 1639 5287 suffocentnr,
1664 5226 1754 5279 sed
1787 5240 1895 5293 prre
1919 5228 2066 5282 curis
2103 5228 2241 5283 divi-

672 5306 865 5357 tiarum
895 5314 950 5357 et
977 5308 1450 5367 sollicitudinibus.
1483 5312 1596 5367 Non
1620 5316 1761 5369 enim
1790 5318 1988 5373 divitia:
2018 5331 2234 5389 nocent,

665 5396 756 5449 sed
798 5396 1188 5454 sollicitudines
1232 5418 1443 5455 earum.
1483 5403 1627 5458 Multi
1676 5408 1817 5462 enim
1865 5426 2053 5481 magna
2079 5427 2232 5467 com-

667 5489 821 5543 moda
853 5504 916 5543 ex
949 5491 1151 5545 divitiis
1186 5496 1506 5564 percipiunt,
1538 5497 1654 5551 iilas
1684 5499 1733 5553 in
1764 5516 2057 5571 pauperum
2104 5520 2233 5560 ven—

673 5592 775 5635 tres
828 5580 1193 5647 projicientes.
1247 5586 1535 5645 Considera
1576 5604 1787 5660 quoque
1816 5604 1867 5649 et
1898 5595 2229 5665 diligentiam

743 5756 783 5789 ""
808 5759 988 5816 .‘lutth.
1024 5782 1111 5822 ιιι,
1149 5768 1191 5811 ἐς.

2340 4588 2459 4656 μὲν,
2488 4584 2608 4644 εἷτα
2641 4591 2746 4644 ὑπὸ
2767 4590 3052 4657 ἀσθενείας
3079 4593 3428 4667 ἀνθρωπίνης
3454 4598 3566 4660 τοις
3589 4604 3910 4669 πειρασμοῖς

2337 4678 2893 4749 ὑπομαλακισθέντες.
2945 4682 3132 4754 Τρίτοι
3181 4686 3258 4752 δὲ,
3314 4687 3365 4739 oi
3412 4688 3775 4753 ἀκούσαντες,
3826 4692 3909 4743 καὶ

2336 4769 2441 4821 ὑπὸ
2476 4771 2754 4841 μεριμνῶν
2799 4774 2892 4827 τοῦ
2930 4774 3047 4845 βίον
3096 4779 3547 4849 συμπνιγόμενοι.
3601 4783 3768 4854 Τρεῖς
3816 4784 3905 4853 μὲν

2335 4859 2428 4913 οὖν
2462 4863 2679 4931 μερίδες
2706 4866 2810 4919 eici.
2851 4869 2959 4922 τῶν
3016 4870 3431 4942 ἀπολλυμένων,
3486 4874 3588 4944 μία
3624 4876 3684 4929 δὲ
3728 4879 3762 4947 ἠ
3812 4878 3906 4931 αἶαν

2340 4952 2697 5023 σωζομένων
2748 4958 2922 5023 οὕτως
2971 4960 3145 5030 ὀλίγοι
3194 4964 3295 5034 μέν
3331 4966 3468 5019 είσιν
3511 4967 3563 5020 οἱ
3596 4970 3904 5038 σωζόμενοι.

2340 5044 2555 5110 πλείους
2582 5047 2637 5101 δὲ
2660 5051 2709 5102 οἱ
2742 5051 3123 5122 ἀπολλύμενοι.
3158 5054 3305 5125 Ὅρα.
3334 5058 3392 5112 δι
3420 5059 3513 5112 ἐπὶ
3550 5061 3659 5113 τῶν
3684 5079 3906 5131 συμπνι-

2338 5138 2604 5206 γομένων,
2655 5142 2772 5207 πῶς
2798 5145 2898 5199 οὐκ
2948 5142 3099 5202 εἶπεν
3129 5150 3211 5203 δτι
3245 5151 3350 5204 ὑπὸ
3377 5152 3472 5206 τοῦ
3512 5154 3747 5209 πλούτου
3776 5174 3903 5224 συμ-

2337 5230 2640 5299 πνίγονται,
2677 5234 2794 5287 ἀλλ’
2822 5236 2927 5289 ὑπὸ
2958 5237 3067 5292 τῶν
3104 5241 3386 5311 μεριμνῶν
3415 5244 3511 5296 τοῦ
3555 5244 3808 5299 πλούτου.
3838 5245 3903 5299 Οὐ

2340 5322 2447 5391 γὰρ
2500 5323 2528 5374 ὁ
2580 5324 2811 5391 πλοῦτος
2858 5327 3107 5398 βλάπτει,
3143 5330 3258 5383 ἀλλ’
3288 5333 3345 5385 αἱ
3400 5335 3663 5403 μέριμναι
3703 5337 3900 5390 τούτου.

2340 5414 2497 5469 Ἐπεὶ
2522 5417 2707 5470 πολλοὶ
2734 5418 2839 5473 ὑπὸ
2860 5420 2956 5474 τοῦ
2988 5420 3219 5475 πλούτου
3248 5421 3630 5495 ὠφελήθησαν,
3662 5426 3900 5497 ῥίψαντες

2341 5503 2498 5558 αὐτὸν
2533 5508 2611 5571 είς
2634 5507 2739 5572 τὰς
2765 5508 2876 5563 τῶν
2902 5512 3147 5582 πενήτων
3177 5512 3472 5581 γαστέρας.
3505 5516 3703 5569 Σκόπει
3734 5516 3786 5569 δέ
3819 5532 3896 5584 po:

2340 5595 2429 5648 καὶ
2462 5595 2560 5667 τὴν
2587 5598 2871 5670 ἀκρίϐειαν
2910 5599 3001 5656 τοῦ
3040 5601 3451 5673 εὐαγγελιστοῦ,
3488 5606 3605 5671 πῶς
3650 5608 3750 5677 ἔφη
3780 5611 3892 5678 περὶ
