  <div class='ocr_page' id='page_1' title='image "/cluster/home/n/w/nwhite01/storage/ocr_20150623/123/pst.000005714384/422.png"; bbox 0 0 4110 6332; ppageno 0'>
   <div class='ocr_carea' id='block_1_1' title="bbox 197 396 315 459">
    <p class='ocr_par' dir='ltr' id='par_1_1' title="bbox 197 396 315 459">
     <span class='ocr_line' id='line_1_1' title="bbox 197 396 315 459; baseline 0 -1"><span class='ocrx_word' id='word_1_1' title='bbox 197 396 315 459; x_wconf 85' lang='grc'><strong>801</strong></span> 
     </span>
    </p>
   </div>
   <div class='ocr_carea' id='block_1_2' title="bbox 872 384 2787 455">
    <p class='ocr_par' dir='ltr' id='par_1_2' title="bbox 872 384 2787 455">
     <span class='ocr_line' id='line_1_2' title="bbox 872 384 2787 455; baseline -0.002 -2"><span class='ocrx_word' id='word_1_2' title='bbox 872 392 1319 455; x_wconf 75' lang='lat' dir='ltr'><strong>ENARRATIO</strong></span> <span class='ocrx_word' id='word_1_3' title='bbox 1360 392 1441 451; x_wconf 85' lang='lat' dir='ltr'><strong>IN</strong></span> <span class='ocrx_word' id='word_1_4' title='bbox 1481 389 1985 451; x_wconf 68' lang='lat' dir='ltr'><strong>EVANGEIJUM</strong></span> <span class='ocrx_word' id='word_1_5' title='bbox 2031 390 2264 450; x_wconf 53' lang='lat' dir='ltr'><strong>LUCIE.</strong></span> <span class='ocrx_word' id='word_1_6' title='bbox 2309 415 2377 425; x_wconf 89' lang='grc'><strong>--</strong></span> <span class='ocrx_word' id='word_1_7' title='bbox 2410 390 2575 451; x_wconf 78' lang='lat' dir='ltr'><strong>CAP.</strong></span> <span class='ocrx_word' id='word_1_8' title='bbox 2618 384 2787 453; x_wconf 78' lang='lat' dir='ltr'><strong>VIII.</strong></span> 
     </span>
    </p>
   </div>
   <div class='ocr_carea' id='block_1_3' title="bbox 3404 391 3512 457">
    <p class='ocr_par' dir='ltr' id='par_1_3' title="bbox 3404 391 3512 457">
     <span class='ocr_line' id='line_1_3' title="bbox 3404 391 3512 457; baseline 0.046 -5"><span class='ocrx_word' id='word_1_9' title='bbox 3404 391 3512 457; x_wconf 73' lang='lat'><strong>80.‘</strong></span> 
     </span>
    </p>
   </div>
   <div class='ocr_carea' id='block_1_4' title="bbox 198 499 1796 577">
    <p class='ocr_par' dir='ltr' id='par_1_4' title="bbox 198 501 1796 577">
     <span class='ocr_line' id='line_1_4' title="bbox 198 501 1796 577; baseline -0.008 -14"><span class='ocrx_word' id='word_1_10' title='bbox 198 509 324 563; x_wconf 80' lang='grc' dir='ltr'>τῶν</span> <span class='ocrx_word' id='word_1_11' title='bbox 380 505 727 577; x_wconf 74' lang='grc' dir='ltr'>σωζομένων,</span> <span class='ocrx_word' id='word_1_12' title='bbox 776 502 973 566; x_wconf 80' lang='grc' dir='ltr'>οἵτινες</span> <span class='ocrx_word' id='word_1_13' title='bbox 1066 503 1404 565; x_wconf 79' lang='grc' dir='ltr'>ἀκούσαντες</span> <span class='ocrx_word' id='word_1_14' title='bbox 1476 502 1570 555; x_wconf 76' lang='grc' dir='ltr'><strong>τὸν</strong></span> <span class='ocrx_word' id='word_1_15' title='bbox 1623 501 1796 565; x_wconf 72' lang='grc' dir='ltr'>λόγον,</span> 
     </span>
    </p>
   </div>
   <div class='ocr_carea' id='block_1_5' title="bbox 1900 499 3509 577">
    <p class='ocr_par' dir='ltr' id='par_1_5' title="bbox 1910 499 3509 571">
     <span class='ocr_line' id='line_1_5' title="bbox 1910 499 3509 571; baseline 0.003 -16"><span class='ocrx_word' id='word_1_16' title='bbox 1910 503 2277 571; x_wconf 72' lang='lat' dir='ltr'><strong>evangelistm,</strong></span> <span class='ocrx_word' id='word_1_17' title='bbox 2309 503 2580 571; x_wconf 82' lang='lat' dir='ltr'><strong>quomodo</strong></span> <span class='ocrx_word' id='word_1_18' title='bbox 2612 501 2805 556; x_wconf 81' lang='lat' dir='ltr'><strong>dixerit</strong></span> <span class='ocrx_word' id='word_1_19' title='bbox 2840 502 2904 555; x_wconf 86' lang='lat' dir='ltr'><strong>de</strong></span> <span class='ocrx_word' id='word_1_20' title='bbox 2954 500 3037 555; x_wconf 79' lang='lat' dir='ltr'><strong>his</strong></span> <span class='ocrx_word' id='word_1_21' title='bbox 3084 500 3172 567; x_wconf 89' lang='lat' dir='ltr'><strong>qui</strong></span> <span class='ocrx_word' id='word_1_22' title='bbox 3208 499 3509 559; x_wconf 84' lang='lat' dir='ltr'><strong>salvantur.</strong></span> 
     </span>
    </p>
   </div>
   <div class='ocr_carea' id='block_1_6' title="bbox 202 590 1833 670">
    <p class='ocr_par' dir='ltr' id='par_1_6' title="bbox 202 590 1833 670">
     <span class='ocr_line' id='line_1_6' title="bbox 202 590 1833 670; baseline -0.006 -17"><span class='ocrx_word' id='word_1_23' title='bbox 202 600 529 670; x_wconf 71' lang='grc' dir='ltr'><strong>κατέχουσι.</strong></span> <span class='ocrx_word' id='word_1_24' title='bbox 563 595 734 648; x_wconf 78' lang='grc' dir='ltr'>Τοῦτο</span> <span class='ocrx_word' id='word_1_25' title='bbox 764 596 873 664; x_wconf 73' lang='grc' dir='ltr'><strong>γὰρ</strong></span> <span class='ocrx_word' id='word_1_26' title='bbox 903 590 1028 647; x_wconf 78' lang='grc' dir='ltr'>εἷπε</span> <span class='ocrx_word' id='word_1_27' title='bbox 1075 594 1162 647; x_wconf 74' lang='grc' dir='ltr'><strong>διὰ</strong></span> <span class='ocrx_word' id='word_1_28' title='bbox 1192 594 1316 656; x_wconf 76' lang='grc' dir='ltr'>τοὺς</span> <span class='ocrx_word' id='word_1_29' title='bbox 1353 593 1503 662; x_wconf 76' lang='grc' dir='ltr'>παρὰ</span> <span class='ocrx_word' id='word_1_30' title='bbox 1536 592 1634 662; x_wconf 83' lang='grc' dir='ltr'>τὴν</span> <span class='ocrx_word' id='word_1_31' title='bbox 1660 591 1833 645; x_wconf 66' lang='grc' dir='ltr'>ὁδόν..</span> 
     </span>
    </p>
   </div>
   <div class='ocr_carea' id='block_1_7' title="bbox 202 683 1803 761">
    <p class='ocr_par' dir='ltr' id='par_1_7' title="bbox 202 683 1803 761">
     <span class='ocr_line' id='line_1_7' title="bbox 202 683 1803 761; baseline -0.006 -15"><span class='ocrx_word' id='word_1_32' title='bbox 202 688 374 746; x_wconf 76' lang='grc' dir='ltr'>Οὗτοι</span> <span class='ocrx_word' id='word_1_33' title='bbox 410 694 516 761; x_wconf 84' lang='grc' dir='ltr'><strong>γὰρ</strong></span> <span class='ocrx_word' id='word_1_34' title='bbox 549 691 609 741; x_wconf 89' lang='grc' dir='ltr'>οὺ</span> <span class='ocrx_word' id='word_1_35' title='bbox 651 687 966 759; x_wconf 73' lang='grc' dir='ltr'><strong>κατέχουσι,</strong></span> <span class='ocrx_word' id='word_1_36' title='bbox 1011 686 1125 738; x_wconf 80' lang='grc' dir='ltr'>ἀλλ’</span> <span class='ocrx_word' id='word_1_37' title='bbox 1153 686 1298 756; x_wconf 78' lang='grc' dir='ltr'>αἴρει</span> <span class='ocrx_word' id='word_1_38' title='bbox 1332 684 1422 737; x_wconf 81' lang='grc' dir='ltr'><strong>τὸν</strong></span> <span class='ocrx_word' id='word_1_39' title='bbox 1446 685 1603 751; x_wconf 80' lang='grc' dir='ltr'>λόγον</span> <span class='ocrx_word' id='word_1_40' title='bbox 1634 685 1660 736; x_wconf 84' lang='grc' dir='ltr'>ὁ</span> <span class='ocrx_word' id='word_1_41' title='bbox 1690 683 1803 736; x_wconf 87' lang='grc' dir='ltr'>διά-</span> 
     </span>
    </p>
   </div>
   <div class='ocr_carea' id='block_1_8' title="bbox 203 774 1801 851">
    <p class='ocr_par' dir='ltr' id='par_1_8' title="bbox 203 774 1801 851">
     <span class='ocr_line' id='line_1_8' title="bbox 203 774 1801 851; baseline -0.005 -15"><span class='ocrx_word' id='word_1_42' title='bbox 203 783 369 847; x_wconf 71' lang='grc' dir='ltr'>ϐολος</span> <span class='ocrx_word' id='word_1_43' title='bbox 393 786 487 836; x_wconf 80' lang='grc' dir='ltr'><strong>ἀπ’</strong></span> <span class='ocrx_word' id='word_1_44' title='bbox 507 781 706 835; x_wconf 81' lang='grc' dir='ltr'>αὐτῶν·</span> <span class='ocrx_word' id='word_1_45' title='bbox 727 782 787 834; x_wconf 86' lang='grc' dir='ltr'>τὸ</span> <span class='ocrx_word' id='word_1_46' title='bbox 812 779 889 844; x_wconf 71' lang='grc' dir='ltr'><strong>ει,</strong></span> <span class='ocrx_word' id='word_1_47' title='bbox 918 779 1381 851; x_wconf 75' lang='grc' dir='ltr'><strong>καρποφοροῦσιν,</strong></span> <span class='ocrx_word' id='word_1_48' title='bbox 1408 774 1531 830; x_wconf 76' lang='grc' dir='ltr'>εἶπε</span> <span class='ocrx_word' id='word_1_49' title='bbox 1562 777 1651 831; x_wconf 80' lang='grc' dir='ltr'><strong>διὰ</strong></span> <span class='ocrx_word' id='word_1_50' title='bbox 1676 776 1801 838; x_wconf 76' lang='grc' dir='ltr'>τοὺς</span> 
     </span>
    </p>
   </div>
   <div class='ocr_carea' id='block_1_9' title="bbox 203 871 1801 949">
    <p class='ocr_par' dir='ltr' id='par_1_9' title="bbox 203 871 1801 949">
     <span class='ocr_line' id='line_1_9' title="bbox 203 871 1801 949; baseline -0.006 -17"><span class='ocrx_word' id='word_1_51' title='bbox 203 876 713 949; x_wconf 86' lang='grc' dir='ltr'>συμπνιγομένους,</span> <span class='ocrx_word' id='word_1_52' title='bbox 762 874 855 926; x_wconf 64' lang='grc' dir='ltr'>καὶ.</span> <span class='ocrx_word' id='word_1_53' title='bbox 907 873 981 943; x_wconf 84' lang='grc' dir='ltr'><strong>μὴ</strong></span> <span class='ocrx_word' id='word_1_54' title='bbox 1020 871 1516 941; x_wconf 81' lang='grc' dir='ltr'>,τε).εσφοροῦντας.</span> <span class='ocrx_word' id='word_1_55' title='bbox 1571 871 1801 923; x_wconf 77' lang='grc' dir='ltr'>Ἐκεῖνοι</span> 
     </span>
    </p>
   </div>
   <div class='ocr_carea' id='block_1_10' title="bbox 200 962 1796 1039">
    <p class='ocr_par' dir='ltr' id='par_1_10' title="bbox 200 962 1796 1039">
     <span class='ocr_line' id='line_1_10' title="bbox 200 962 1796 1039; baseline -0.003 -17"><span class='ocrx_word' id='word_1_56' title='bbox 200 970 321 1039; x_wconf 80' lang='grc' dir='ltr'>γὰρ</span> <span class='ocrx_word' id='word_1_57' title='bbox 360 968 420 1019; x_wconf 76' lang='grc' dir='ltr'><strong>οὐ</strong></span> <span class='ocrx_word' id='word_1_58' title='bbox 452 964 918 1037; x_wconf 80' lang='grc' dir='ltr'>καρποφοροῦσιν,</span> <span class='ocrx_word' id='word_1_59' title='bbox 953 966 1001 1017; x_wconf 73' lang='grc' dir='ltr'>οἱ</span> <span class='ocrx_word' id='word_1_60' title='bbox 1035 964 1110 1033; x_wconf 84' lang='grc' dir='ltr'>μὴ</span> <span class='ocrx_word' id='word_1_61' title='bbox 1139 962 1590 1033; x_wconf 78' lang='grc' dir='ltr'>τελεσφοροῦντες</span> <span class='ocrx_word' id='word_1_62' title='bbox 1634 962 1796 1029; x_wconf 79' lang='grc' dir='ltr'>λέγω.</span> 
     </span>
    </p>
   </div>
   <div class='ocr_carea' id='block_1_11' title="bbox 129 1051 1800 1126">
    <p class='ocr_par' dir='ltr' id='par_1_11' title="bbox 129 1051 1800 1126">
     <span class='ocr_line' id='line_1_11' title="bbox 129 1051 1800 1126; baseline -0.002 -17"><span class='ocrx_word' id='word_1_63' title='bbox 129 1106 134 1109; x_wconf 90' lang='grc'><strong>.</strong></span> <span class='ocrx_word' id='word_1_64' title='bbox 202 1060 287 1113; x_wconf 82' lang='grc' dir='ltr'>Τὸ</span> <span class='ocrx_word' id='word_1_65' title='bbox 316 1059 393 1123; x_wconf 78' lang='grc' dir='ltr'>δὲ,</span> <span class='ocrx_word' id='word_1_66' title='bbox 426 1058 483 1110; x_wconf 83' lang='grc' dir='ltr'><strong>ἐν</strong></span> <span class='ocrx_word' id='word_1_67' title='bbox 515 1058 783 1126; x_wconf 81' lang='grc' dir='ltr'><strong>ὑπομονῇ,</strong></span> <span class='ocrx_word' id='word_1_68' title='bbox 818 1051 938 1108; x_wconf 79' lang='grc' dir='ltr'>εἷπε</span> <span class='ocrx_word' id='word_1_69' title='bbox 976 1054 1064 1107; x_wconf 79' lang='grc' dir='ltr'>διὰ</span> <span class='ocrx_word' id='word_1_70' title='bbox 1094 1055 1220 1117; x_wconf 82' lang='grc' dir='ltr'>τοὺς</span> <span class='ocrx_word' id='word_1_71' title='bbox 1242 1055 1335 1108; x_wconf 72' lang='grc' dir='ltr'>ἐπὶ</span> <span class='ocrx_word' id='word_1_72' title='bbox 1362 1054 1464 1122; x_wconf 78' lang='grc' dir='ltr'>τῆς</span> <span class='ocrx_word' id='word_1_73' title='bbox 1498 1053 1724 1123; x_wconf 78' lang='grc' dir='ltr'><strong>πέτρας,</strong></span> <span class='ocrx_word' id='word_1_74' title='bbox 1751 1053 1800 1105; x_wconf 79' lang='grc' dir='ltr'>οἳ</span> 
     </span>
    </p>
   </div>
   <div class='ocr_carea' id='block_1_12' title="bbox 199 1146 1801 1221">
    <p class='ocr_par' dir='ltr' id='par_1_12' title="bbox 199 1146 1801 1221">
     <span class='ocr_line' id='line_1_12' title="bbox 199 1146 1801 1221; baseline -0.003 -18"><span class='ocrx_word' id='word_1_75' title='bbox 199 1151 455 1221; x_wconf 79' lang='grc' dir='ltr'>δέχονται</span> <span class='ocrx_word' id='word_1_76' title='bbox 499 1151 597 1218; x_wconf 87' lang='grc' dir='ltr'><strong>μὲν</strong></span> <span class='ocrx_word' id='word_1_77' title='bbox 622 1150 710 1201; x_wconf 83' lang='grc' dir='ltr'><strong>τὸν</strong></span> <span class='ocrx_word' id='word_1_78' title='bbox 746 1149 921 1216; x_wconf 90' lang='grc' dir='ltr'>λόγον,</span> <span class='ocrx_word' id='word_1_79' title='bbox 960 1148 1056 1216; x_wconf 78' lang='grc' dir='ltr'><strong>οὐχ</strong></span> <span class='ocrx_word' id='word_1_80' title='bbox 1106 1148 1471 1216; x_wconf 76' lang='grc' dir='ltr'>ὑπομένοντες</span> <span class='ocrx_word' id='word_1_81' title='bbox 1519 1146 1575 1199; x_wconf 80' lang='grc' dir='ltr'>δὲ</span> <span class='ocrx_word' id='word_1_82' title='bbox 1607 1163 1801 1214; x_wconf 86' lang='grc' dir='ltr'>πειρα-</span> 
     </span>
    </p>
   </div>
   <div class='ocr_carea' id='block_1_13' title="bbox 204 1234 1797 1313">
    <p class='ocr_par' dir='ltr' id='par_1_13' title="bbox 204 1234 1797 1313">
     <span class='ocr_line' id='line_1_13' title="bbox 204 1234 1797 1313; baseline -0.003 -18"><span class='ocrx_word' id='word_1_83' title='bbox 204 1243 353 1313; x_wconf 84' lang='grc' dir='ltr'>σμοῦ</span> <span class='ocrx_word' id='word_1_84' title='bbox 392 1243 600 1309; x_wconf 70' lang='grc' dir='ltr'>ἔφοδον,</span> <span class='ocrx_word' id='word_1_85' title='bbox 648 1242 898 1309; x_wconf 67' lang='grc' dir='ltr'>ἀδόκιμοι</span> <span class='ocrx_word' id='word_1_86' title='bbox 935 1240 1237 1308; x_wconf 82' lang='grc' dir='ltr'>φαίνονται.</span> <span class='ocrx_word' id='word_1_87' title='bbox 1292 1239 1457 1310; x_wconf 79' lang='grc' dir='ltr'>Ὁρᾷς</span> <span class='ocrx_word' id='word_1_88' title='bbox 1503 1238 1621 1301; x_wconf 77' lang='grc' dir='ltr'>πῶς</span> <span class='ocrx_word' id='word_1_89' title='bbox 1675 1234 1797 1291; x_wconf 81' lang='grc' dir='ltr'>εἷπε</span> 
     </span>
    </p>
   </div>
   <div class='ocr_carea' id='block_1_14' title="bbox 204 1331 1800 1404">
    <p class='ocr_par' dir='ltr' id='par_1_14' title="bbox 204 1331 1800 1404">
     <span class='ocr_line' id='line_1_14' title="bbox 204 1331 1800 1404; baseline -0.001 -17"><span class='ocrx_word' id='word_1_90' title='bbox 204 1338 340 1404; x_wconf 81' lang='grc' dir='ltr'>περὶ</span> <span class='ocrx_word' id='word_1_91' title='bbox 386 1334 494 1385; x_wconf 83' lang='grc' dir='ltr'><strong>τῶν</strong></span> <span class='ocrx_word' id='word_1_92' title='bbox 528 1334 852 1403; x_wconf 77' lang='grc' dir='ltr'>σωζομένων</span> <span class='ocrx_word' id='word_1_93' title='bbox 892 1333 973 1395; x_wconf 75' lang='grc' dir='ltr'><strong>τὸ,</strong></span> <span class='ocrx_word' id='word_1_94' title='bbox 1008 1332 1319 1402; x_wconf 78' lang='grc' dir='ltr'>κατέχουσι,</span> <span class='ocrx_word' id='word_1_95' title='bbox 1356 1332 1447 1384; x_wconf 86' lang='grc' dir='ltr'><strong>καὶ</strong></span> <span class='ocrx_word' id='word_1_96' title='bbox 1476 1331 1557 1394; x_wconf 82' lang='grc' dir='ltr'><strong>τὸ,</strong></span> <span class='ocrx_word' id='word_1_97' title='bbox 1589 1349 1800 1402; x_wconf 86' lang='grc' dir='ltr'>καρπο-</span> 
     </span>
    </p>
   </div>
   <div class='ocr_carea' id='block_1_15' title="bbox 202 1423 1796 1495">
    <p class='ocr_par' dir='ltr' id='par_1_15' title="bbox 202 1423 1796 1495">
     <span class='ocr_line' id='line_1_15' title="bbox 202 1423 1796 1495; baseline -0.001 -17"><span class='ocrx_word' id='word_1_98' title='bbox 202 1425 462 1493; x_wconf 79' lang='grc' dir='ltr'>φοροῦσι,</span> <span class='ocrx_word' id='word_1_99' title='bbox 496 1427 587 1478; x_wconf 73' lang='grc' dir='ltr'><strong>καὶ</strong></span> <span class='ocrx_word' id='word_1_100' title='bbox 613 1425 692 1489; x_wconf 71' lang='grc' dir='ltr'>τὸ,</span> <span class='ocrx_word' id='word_1_101' title='bbox 728 1425 998 1495; x_wconf 82' lang='grc' dir='ltr'>ὑπομονῇ,</span> <span class='ocrx_word' id='word_1_102' title='bbox 1026 1426 1119 1477; x_wconf 71' lang='grc' dir='ltr'><strong>καὶ</strong></span> <span class='ocrx_word' id='word_1_103' title='bbox 1148 1424 1234 1479; x_wconf 82' lang='grc' dir='ltr'><strong>διὰ</strong></span> <span class='ocrx_word' id='word_1_104' title='bbox 1260 1425 1470 1477; x_wconf 78' lang='grc' dir='ltr'>τούτων</span> <span class='ocrx_word' id='word_1_105' title='bbox 1492 1423 1602 1476; x_wconf 82' lang='grc' dir='ltr'><strong>τῶν</strong></span> <span class='ocrx_word' id='word_1_106' title='bbox 1628 1424 1796 1495; x_wconf 83' lang='grc' dir='ltr'>τριῶν</span> 
     </span>
    </p>
   </div>
   <div class='ocr_carea' id='block_1_16' title="bbox 202 1516 1785 1587">
    <p class='ocr_par' dir='ltr' id='par_1_16' title="bbox 202 1516 1785 1587">
     <span class='ocr_line' id='line_1_16' title="bbox 202 1516 1785 1587; baseline -0.001 -17"><span class='ocrx_word' id='word_1_107' title='bbox 202 1518 580 1570; x_wconf 71' lang='grc' dir='ltr'>ἁποδιέςτειλε</span> <span class='ocrx_word' id='word_1_108' title='bbox 637 1517 833 1580; x_wconf 74' lang='grc' dir='ltr'>αὐτοὺς</span> <span class='ocrx_word' id='word_1_109' title='bbox 889 1517 998 1570; x_wconf 65' lang='grc' dir='ltr'>ἀπὸ</span> <span class='ocrx_word' id='word_1_110' title='bbox 1035 1517 1143 1569; x_wconf 83' lang='grc' dir='ltr'><strong>τῶν</strong></span> <span class='ocrx_word' id='word_1_111' title='bbox 1181 1518 1255 1587; x_wconf 83' lang='grc' dir='ltr'>μὴ</span> <span class='ocrx_word' id='word_1_112' title='bbox 1307 1517 1669 1586; x_wconf 76' lang='grc' dir='ltr'>κατεχόντων,</span> <span class='ocrx_word' id='word_1_113' title='bbox 1702 1516 1785 1568; x_wconf 84' lang='grc' dir='ltr'>οἵ-</span> 
     </span>
    </p>
   </div>
   <div class='ocr_carea' id='block_1_17' title="bbox 199 1607 1799 1679">
    <p class='ocr_par' dir='ltr' id='par_1_17' title="bbox 199 1607 1799 1679">
     <span class='ocr_line' id='line_1_17' title="bbox 199 1607 1799 1679; baseline -0.002 -15"><span class='ocrx_word' id='word_1_114' title='bbox 199 1612 352 1673; x_wconf 78' lang='grc' dir='ltr'>τινές</span> <span class='ocrx_word' id='word_1_115' title='bbox 384 1612 522 1662; x_wconf 82' lang='grc' dir='ltr'>εἰσιν</span> <span class='ocrx_word' id='word_1_116' title='bbox 557 1611 605 1661; x_wconf 84' lang='grc' dir='ltr'><strong>οί</strong></span> <span class='ocrx_word' id='word_1_117' title='bbox 640 1610 791 1677; x_wconf 77' lang='grc' dir='ltr'>παρά</span> <span class='ocrx_word' id='word_1_118' title='bbox 821 1608 918 1679; x_wconf 84' lang='grc' dir='ltr'><strong>τὴν</strong></span> <span class='ocrx_word' id='word_1_119' title='bbox 949 1610 1065 1662; x_wconf 77' lang='grc' dir='ltr'>ὁδόν</span> <span class='ocrx_word' id='word_1_120' title='bbox 1097 1610 1195 1679; x_wconf 78' lang='lat'><strong>(&#39;5).</strong></span> <span class='ocrx_word' id='word_1_121' title='bbox 1244 1609 1375 1660; x_wconf 83' lang='grc' dir='ltr'><strong>Ἀπὸ</strong></span> <span class='ocrx_word' id='word_1_122' title='bbox 1403 1607 1512 1660; x_wconf 84' lang='grc' dir='ltr'><strong>τῶν</strong></span> <span class='ocrx_word' id='word_1_123' title='bbox 1546 1607 1621 1678; x_wconf 83' lang='grc' dir='ltr'>μὴ</span> <span class='ocrx_word' id='word_1_124' title='bbox 1665 1609 1799 1661; x_wconf 85' lang='grc' dir='ltr'>ὐπο-</span> 
     </span>
    </p>
   </div>
   <div class='ocr_carea' id='block_1_18' title="bbox 204 1702 1794 1773">
    <p class='ocr_par' dir='ltr' id='par_1_18' title="bbox 204 1702 1794 1773">
     <span class='ocr_line' id='line_1_18' title="bbox 204 1702 1794 1773; baseline -0.002 -16"><span class='ocrx_word' id='word_1_125' title='bbox 204 1705 482 1773; x_wconf 77' lang='grc' dir='ltr'>μενόντων</span> <span class='ocrx_word' id='word_1_126' title='bbox 512 1702 820 1773; x_wconf 74' lang='grc' dir='ltr'>πειρασμοῦ</span> <span class='ocrx_word' id='word_1_127' title='bbox 850 1702 1062 1769; x_wconf 74' lang='grc' dir='ltr'>ἔφοδον,</span> <span class='ocrx_word' id='word_1_128' title='bbox 1096 1702 1293 1765; x_wconf 79' lang='grc' dir='ltr'>οἵτινές</span> <span class='ocrx_word' id='word_1_129' title='bbox 1328 1704 1465 1754; x_wconf 85' lang='grc' dir='ltr'>εἰσιν</span> <span class='ocrx_word' id='word_1_130' title='bbox 1491 1702 1540 1753; x_wconf 78' lang='grc' dir='ltr'>οἱ</span> <span class='ocrx_word' id='word_1_131' title='bbox 1574 1705 1630 1753; x_wconf 86' lang='grc' dir='ltr'>ὲν</span> <span class='ocrx_word' id='word_1_132' title='bbox 1676 1702 1794 1761; x_wconf 78' lang='grc' dir='ltr'>ταῖς</span> 
     </span>
    </p>
   </div>
   <div class='ocr_carea' id='block_1_19' title="bbox 200 1792 1791 1864">
    <p class='ocr_par' dir='ltr' id='par_1_19' title="bbox 200 1792 1791 1864">
     <span class='ocr_line' id='line_1_19' title="bbox 200 1792 1791 1864; baseline -0.003 -16"><span class='ocrx_word' id='word_1_133' title='bbox 200 1796 494 1858; x_wconf 73' lang='grc' dir='ltr'>ἀκάνθαις.</span> <span class='ocrx_word' id='word_1_134' title='bbox 555 1796 687 1847; x_wconf 70' lang='grc' dir='ltr'>’Δπδ</span> <span class='ocrx_word' id='word_1_135' title='bbox 742 1794 850 1847; x_wconf 80' lang='grc' dir='ltr'><strong>τῶν</strong></span> <span class='ocrx_word' id='word_1_136' title='bbox 909 1793 983 1864; x_wconf 80' lang='grc' dir='ltr'>μὴ</span> <span class='ocrx_word' id='word_1_137' title='bbox 1041 1794 1421 1863; x_wconf 83' lang='grc' dir='ltr'>ὑπομενόντων</span> <span class='ocrx_word' id='word_1_138' title='bbox 1480 1792 1791 1862; x_wconf 74' lang='grc' dir='ltr'>πειρασμοῦ</span> 
     </span>
    </p>
   </div>
   <div class='ocr_carea' id='block_1_20' title="bbox 200 1885 1401 1955">
    <p class='ocr_par' dir='ltr' id='par_1_20' title="bbox 200 1885 1401 1955">
     <span class='ocr_line' id='line_1_20' title="bbox 200 1885 1401 1955; baseline 0.001 -17"><span class='ocrx_word' id='word_1_139' title='bbox 200 1888 414 1955; x_wconf 77' lang='grc' dir='ltr'>ἔφοδον,</span> <span class='ocrx_word' id='word_1_140' title='bbox 447 1886 643 1947; x_wconf 81' lang='grc' dir='ltr'>οἵτινές</span> <span class='ocrx_word' id='word_1_141' title='bbox 666 1889 804 1938; x_wconf 80' lang='grc' dir='ltr'>εἰσιν</span> <span class='ocrx_word' id='word_1_142' title='bbox 834 1886 881 1937; x_wconf 79' lang='lat' dir='ltr'><strong>oi</strong></span> <span class='ocrx_word' id='word_1_143' title='bbox 916 1886 1008 1939; x_wconf 77' lang='grc' dir='ltr'>ἐπὶ</span> <span class='ocrx_word' id='word_1_144' title='bbox 1040 1885 1141 1955; x_wconf 80' lang='grc' dir='ltr'>τῆς</span> <span class='ocrx_word' id='word_1_145' title='bbox 1174 1886 1401 1954; x_wconf 84' lang='grc' dir='ltr'>πέτρας.</span> 
     </span>
    </p>
   </div>
   <div class='ocr_carea' id='block_1_21' title="bbox 285 2171 1788 2247">
    <p class='ocr_par' dir='ltr' id='par_1_21' title="bbox 285 2171 1788 2247">
     <span class='ocr_line' id='line_1_21' title="bbox 285 2171 1788 2247; baseline -0.005 -19"><span class='ocrx_word' id='word_1_146' title='bbox 285 2198 301 2228; x_wconf 80' lang='grc' dir='ltr'><strong>ι</strong></span> <span class='ocrx_word' id='word_1_147' title='bbox 349 2178 534 2241; x_wconf 70' lang='grc' dir='ltr'>Οὐδεὶς</span> <span class='ocrx_word' id='word_1_148' title='bbox 560 2178 614 2230; x_wconf 85' lang='grc' dir='ltr'>δὲ</span> <span class='ocrx_word' id='word_1_149' title='bbox 647 2177 839 2247; x_wconf 80' lang='grc' dir='ltr'>λύχνον</span> <span class='ocrx_word' id='word_1_150' title='bbox 869 2178 1033 2246; x_wconf 75' lang='grc' dir='ltr'>ἅψας,</span> <span class='ocrx_word' id='word_1_151' title='bbox 1060 2174 1327 2229; x_wconf 80' lang='grc' dir='ltr'>καλύπτει</span> <span class='ocrx_word' id='word_1_152' title='bbox 1367 2173 1531 2226; x_wconf 75' lang='grc' dir='ltr'>αὑτὸν</span> <span class='ocrx_word' id='word_1_153' title='bbox 1580 2171 1788 2237; x_wconf 78' lang='grc' dir='ltr'>σκεύει,</span> 
     </span>
    </p>
   </div>
   <div class='ocr_carea' id='block_1_22' title="bbox 194 2263 1795 2342">
    <p class='ocr_par' dir='ltr' id='par_1_22' title="bbox 194 2263 1795 2342">
     <span class='ocr_line' id='line_1_22' title="bbox 194 2263 1795 2342; baseline -0.006 -18"><span class='ocrx_word' id='word_1_154' title='bbox 194 2273 234 2342; x_wconf 82' lang='grc' dir='ltr'>ἢ</span> <span class='ocrx_word' id='word_1_155' title='bbox 267 2272 524 2324; x_wconf 81' lang='grc' dir='ltr'>ὑποκάτω</span> <span class='ocrx_word' id='word_1_156' title='bbox 559 2271 745 2339; x_wconf 75' lang='grc' dir='ltr'>κλίνης</span> <span class='ocrx_word' id='word_1_157' title='bbox 802 2268 1040 2338; x_wconf 81' lang='grc' dir='ltr'>τίθησιν,</span> <span class='ocrx_word' id='word_1_158' title='bbox 1084 2266 1200 2320; x_wconf 72' lang='grc' dir='ltr'>ἀλλ’</span> <span class='ocrx_word' id='word_1_159' title='bbox 1233 2267 1326 2318; x_wconf 72' lang='grc' dir='ltr'>ἐπὶ</span> <span class='ocrx_word' id='word_1_160' title='bbox 1366 2265 1585 2333; x_wconf 80' lang='grc' dir='ltr'>λυχνίας</span> <span class='ocrx_word' id='word_1_161' title='bbox 1620 2263 1795 2317; x_wconf 81' lang='grc' dir='ltr'>ἐπιτί-</span> 
     </span>
    </p>
   </div>
   <div class='ocr_carea' id='block_1_23' title="bbox 196 2356 1793 2432">
    <p class='ocr_par' dir='ltr' id='par_1_23' title="bbox 196 2356 1793 2432">
     <span class='ocr_line' id='line_1_23' title="bbox 196 2356 1793 2432; baseline -0.006 -15"><span class='ocrx_word' id='word_1_162' title='bbox 196 2363 384 2432; x_wconf 79' lang='grc' dir='ltr'>θησιν,</span> <span class='ocrx_word' id='word_1_163' title='bbox 420 2363 508 2416; x_wconf 83' lang='grc' dir='ltr'><strong>ἵνα</strong></span> <span class='ocrx_word' id='word_1_164' title='bbox 557 2364 605 2414; x_wconf 79' lang='lat' dir='ltr'><strong>oi</strong></span> <span class='ocrx_word' id='word_1_165' title='bbox 656 2363 1101 2432; x_wconf 78' lang='grc' dir='ltr'>εἰσπορευόμενοι</span> <span class='ocrx_word' id='word_1_166' title='bbox 1149 2358 1389 2428; x_wconf 79' lang='grc' dir='ltr'>βλέπωσι</span> <span class='ocrx_word' id='word_1_167' title='bbox 1436 2357 1495 2410; x_wconf 82' lang='grc' dir='ltr'><strong>τὸ</strong></span> <span class='ocrx_word' id='word_1_168' title='bbox 1546 2357 1682 2425; x_wconf 80' lang='grc' dir='ltr'>φῶς.</span> <span class='ocrx_word' id='word_1_169' title='bbox 1718 2356 1793 2407; x_wconf 77' lang='grc' dir='ltr'><strong>Οὐ</strong></span> 
     </span>
    </p>
   </div>
   <div class='ocr_carea' id='block_1_24' title="bbox 195 2446 1796 2526">
    <p class='ocr_par' dir='ltr' id='par_1_24' title="bbox 195 2446 1796 2526">
     <span class='ocr_line' id='line_1_24' title="bbox 195 2446 1796 2526; baseline -0.006 -18"><span class='ocrx_word' id='word_1_170' title='bbox 195 2455 313 2526; x_wconf 87' lang='grc' dir='ltr'><strong>γάρ</strong></span> <span class='ocrx_word' id='word_1_171' title='bbox 365 2458 480 2506; x_wconf 79' lang='grc' dir='ltr'>ἐστι</span> <span class='ocrx_word' id='word_1_172' title='bbox 534 2456 793 2524; x_wconf 75' lang='grc' dir='ltr'>κρυπτὸν,</span> <span class='ocrx_word' id='word_1_173' title='bbox 847 2451 877 2505; x_wconf 83' lang='grc' dir='ltr'>ὅ</span> <span class='ocrx_word' id='word_1_174' title='bbox 926 2453 986 2504; x_wconf 74' lang='grc' dir='ltr'><strong>οὐ</strong></span> <span class='ocrx_word' id='word_1_175' title='bbox 1021 2451 1255 2521; x_wconf 74' lang='grc' dir='ltr'>φανερὸν</span> <span class='ocrx_word' id='word_1_176' title='bbox 1303 2452 1634 2519; x_wconf 81' lang='grc' dir='ltr'>γενήσεται,</span> <span class='ocrx_word' id='word_1_177' title='bbox 1675 2446 1796 2499; x_wconf 78' lang='grc' dir='ltr'>οὐδὲ</span> 
     </span>
    </p>
   </div>
   <div class='ocr_carea' id='block_1_25' title="bbox 195 2539 1791 2620">
    <p class='ocr_par' dir='ltr' id='par_1_25' title="bbox 195 2539 1791 2620">
     <span class='ocr_line' id='line_1_25' title="bbox 195 2539 1791 2620; baseline -0.008 -17"><span class='ocrx_word' id='word_1_178' title='bbox 195 2548 521 2620; x_wconf 72' lang='grc' dir='ltr'>ἀπόκρυφον</span> <span class='ocrx_word' id='word_1_179' title='bbox 551 2548 578 2599; x_wconf 85' lang='grc' dir='ltr'><strong>ὂ</strong></span> <span class='ocrx_word' id='word_1_180' title='bbox 605 2549 664 2599; x_wconf 75' lang='grc' dir='ltr'>οὺ</span> <span class='ocrx_word' id='word_1_181' title='bbox 700 2545 1100 2615; x_wconf 75' lang='grc' dir='ltr'>γνωσθήσεται,</span> <span class='ocrx_word' id='word_1_182' title='bbox 1138 2546 1233 2597; x_wconf 74' lang='grc' dir='ltr'><strong>καὶ</strong></span> <span class='ocrx_word' id='word_1_183' title='bbox 1264 2546 1340 2605; x_wconf 84' lang='grc' dir='ltr'><strong>είς</strong></span> <span class='ocrx_word' id='word_1_184' title='bbox 1374 2540 1609 2611; x_wconf 81' lang='grc' dir='ltr'>φανερὸν</span> <span class='ocrx_word' id='word_1_185' title='bbox 1643 2539 1791 2610; x_wconf 80' lang='grc' dir='ltr'>ἔλθῃ.</span> 
     </span>
    </p>
   </div>
   <div class='ocr_carea' id='block_1_26' title="bbox 197 2632 1795 2706">
    <p class='ocr_par' dir='ltr' id='par_1_26' title="bbox 197 2632 1795 2706">
     <span class='ocr_line' id='line_1_26' title="bbox 197 2632 1795 2706; baseline -0.006 -12"><span class='ocrx_word' id='word_1_186' title='bbox 197 2642 440 2694; x_wconf 82' lang='grc' dir='ltr'>Βλέπετε</span> <span class='ocrx_word' id='word_1_187' title='bbox 482 2640 575 2692; x_wconf 76' lang='grc' dir='ltr'><strong>οὖν</strong></span> <span class='ocrx_word' id='word_1_188' title='bbox 630 2639 745 2701; x_wconf 80' lang='grc' dir='ltr'><strong>πῶς</strong></span> <span class='ocrx_word' id='word_1_189' title='bbox 784 2639 1034 2693; x_wconf 71' lang='grc' dir='ltr'>ἀκούετε.</span> <span class='ocrx_word' id='word_1_190' title='bbox 1072 2639 1167 2700; x_wconf 82' lang='grc' dir='ltr'>Ὃς</span> <span class='ocrx_word' id='word_1_191' title='bbox 1224 2638 1334 2704; x_wconf 75' lang='grc' dir='ltr'><strong>γὰρ</strong></span> <span class='ocrx_word' id='word_1_192' title='bbox 1366 2636 1433 2688; x_wconf 89' lang='grc' dir='ltr'><strong>ἂν</strong></span> <span class='ocrx_word' id='word_1_193' title='bbox 1478 2633 1597 2706; x_wconf 74' lang='grc' dir='ltr'>ἔχῃ,</span> <span class='ocrx_word' id='word_1_194' title='bbox 1635 2632 1795 2704; x_wconf 83' lang='grc' dir='ltr'>δοθή-</span> 
     </span>
    </p>
   </div>
   <div class='ocr_carea' id='block_1_27' title="bbox 198 2725 1791 2801">
    <p class='ocr_par' dir='ltr' id='par_1_27' title="bbox 198 2725 1791 2801">
     <span class='ocr_line' id='line_1_27' title="bbox 198 2725 1791 2801; baseline -0.006 -16"><span class='ocrx_word' id='word_1_195' title='bbox 198 2749 357 2785; x_wconf 81' lang='grc' dir='ltr'>σεται</span> <span class='ocrx_word' id='word_1_196' title='bbox 393 2732 542 2801; x_wconf 79' lang='grc' dir='ltr'><strong>αὺτῴ</strong></span> <span class='ocrx_word' id='word_1_197' title='bbox 566 2747 581 2761; x_wconf 75' lang='grc' dir='ltr'><strong><em>ο</em></strong></span> <span class='ocrx_word' id='word_1_198' title='bbox 620 2732 714 2782; x_wconf 78' lang='grc' dir='ltr'><strong>καὶ</strong></span> <span class='ocrx_word' id='word_1_199' title='bbox 746 2730 802 2793; x_wconf 83' lang='grc' dir='ltr'>ὃς</span> <span class='ocrx_word' id='word_1_200' title='bbox 848 2730 913 2782; x_wconf 84' lang='grc' dir='ltr'><strong>ἂν</strong></span> <span class='ocrx_word' id='word_1_201' title='bbox 948 2729 1024 2799; x_wconf 80' lang='grc' dir='ltr'><strong>μὴ</strong></span> <span class='ocrx_word' id='word_1_202' title='bbox 1075 2730 1195 2800; x_wconf 75' lang='grc' dir='ltr'>ἔχῃ,</span> <span class='ocrx_word' id='word_1_203' title='bbox 1234 2729 1326 2781; x_wconf 72' lang='grc' dir='ltr'><strong>καὶ</strong></span> <span class='ocrx_word' id='word_1_204' title='bbox 1365 2727 1392 2779; x_wconf 81' lang='grc' dir='ltr'><strong>ὃ</strong></span> <span class='ocrx_word' id='word_1_205' title='bbox 1438 2727 1588 2779; x_wconf 84' lang='grc' dir='ltr'>δοκεῖ</span> <span class='ocrx_word' id='word_1_206' title='bbox 1625 2725 1791 2795; x_wconf 73' lang='grc' dir='ltr'>ἔχειν,</span> 
     </span>
    </p>
   </div>
   <div class='ocr_carea' id='block_1_28' title="bbox 196 2819 1797 2897">
    <p class='ocr_par' dir='ltr' id='par_1_28' title="bbox 196 2819 1797 2897">
     <span class='ocr_line' id='line_1_28' title="bbox 196 2819 1797 2897; baseline -0.006 -17"><span class='ocrx_word' id='word_1_207' title='bbox 196 2825 503 2897; x_wconf 83' lang='grc' dir='ltr'>ἀρθήσεται</span> <span class='ocrx_word' id='word_1_208' title='bbox 530 2826 624 2877; x_wconf 73' lang='grc' dir='ltr'>ἀπ’</span> <span class='ocrx_word' id='word_1_209' title='bbox 653 2823 842 2877; x_wconf 73' lang='grc' dir='ltr'>αὑτοῦ.</span> <span class='ocrx_word' id='word_1_210' title='bbox 878 2823 1079 2892; x_wconf 75' lang='grc' dir='ltr'>Ἀλλης</span> <span class='ocrx_word' id='word_1_211' title='bbox 1112 2821 1463 2884; x_wconf 54' lang='grc' dir='ltr'>διδασκαλίας</span> <span class='ocrx_word' id='word_1_212' title='bbox 1517 2819 1661 2889; x_wconf 83' lang='grc' dir='ltr'>ἀρχὴ</span> <span class='ocrx_word' id='word_1_213' title='bbox 1709 2819 1797 2870; x_wconf 84' lang='grc' dir='ltr'><strong>ὲν-</strong></span> 
     </span>
    </p>
   </div>
   <div class='ocr_carea' id='block_1_29' title="bbox 195 2909 1797 2989">
    <p class='ocr_par' dir='ltr' id='par_1_29' title="bbox 195 2909 1797 2989">
     <span class='ocr_line' id='line_1_29' title="bbox 195 2909 1797 2989; baseline -0.006 -16"><span class='ocrx_word' id='word_1_214' title='bbox 195 2919 397 2974; x_wconf 84' lang='grc' dir='ltr'>ταῦθα.</span> <span class='ocrx_word' id='word_1_215' title='bbox 428 2919 567 2989; x_wconf 67' lang='grc' dir='ltr'>Πρὸς</span> <span class='ocrx_word' id='word_1_216' title='bbox 594 2918 707 2987; x_wconf 82' lang='grc' dir='ltr'><strong>γὰρ</strong></span> <span class='ocrx_word' id='word_1_217' title='bbox 730 2918 855 2979; x_wconf 75' lang='grc' dir='ltr'>τοὺς</span> <span class='ocrx_word' id='word_1_218' title='bbox 888 2914 1136 2986; x_wconf 76' lang='grc' dir='ltr'>μαθητὰς</span> <span class='ocrx_word' id='word_1_219' title='bbox 1168 2915 1590 2983; x_wconf 80' lang='grc' dir='ltr'>ἀποτεινόμενος</span> <span class='ocrx_word' id='word_1_220' title='bbox 1621 2909 1797 2964; x_wconf 88' lang='grc' dir='ltr'>ταῦτα</span> 
     </span>
    </p>
   </div>
   <div class='ocr_carea' id='block_1_30' title="bbox 196 3005 1792 3079">
    <p class='ocr_par' dir='ltr' id='par_1_30' title="bbox 196 3005 1792 3079">
     <span class='ocr_line' id='line_1_30' title="bbox 196 3005 1792 3079; baseline -0.006 -15"><span class='ocrx_word' id='word_1_221' title='bbox 196 3012 375 3079; x_wconf 79' lang='grc' dir='ltr'>λέγει,</span> <span class='ocrx_word' id='word_1_222' title='bbox 426 3012 505 3073; x_wconf 84' lang='grc' dir='ltr'><strong>είς</strong></span> <span class='ocrx_word' id='word_1_223' title='bbox 542 3011 828 3078; x_wconf 70' lang='grc' dir='ltr'>ἀκρίϐειαν</span> <span class='ocrx_word' id='word_1_224' title='bbox 882 3008 997 3076; x_wconf 73' lang='grc' dir='ltr'>βίου</span> <span class='ocrx_word' id='word_1_225' title='bbox 1031 3007 1239 3073; x_wconf 76' lang='grc' dir='ltr'>ἐνάγων</span> <span class='ocrx_word' id='word_1_226' title='bbox 1273 3006 1491 3077; x_wconf 31' lang='grc' dir='ltr'>,αὐτοὺς</span> <span class='ocrx_word' id='word_1_227' title='bbox 1536 3005 1631 3059; x_wconf 75' lang='grc' dir='ltr'><strong>καὶ</strong></span> <span class='ocrx_word' id='word_1_228' title='bbox 1663 3021 1792 3056; x_wconf 87' lang='grc' dir='ltr'>παι-</span> 
     </span>
    </p>
   </div>
   <div class='ocr_carea' id='block_1_31' title="bbox 194 3093 1792 3169">
    <p class='ocr_par' dir='ltr' id='par_1_31' title="bbox 194 3093 1792 3169">
     <span class='ocr_line' id='line_1_31' title="bbox 194 3093 1792 3169; baseline -0.004 -14"><span class='ocrx_word' id='word_1_229' title='bbox 194 3102 374 3156; x_wconf 78' lang='grc' dir='ltr'>δεύων</span> <span class='ocrx_word' id='word_1_230' title='bbox 396 3101 723 3169; x_wconf 66' lang='grc' dir='ltr'>ἐναγωνίους</span> <span class='ocrx_word' id='word_1_231' title='bbox 752 3093 909 3159; x_wconf 78' lang='grc' dir='ltr'>εἶναι,</span> <span class='ocrx_word' id='word_1_232' title='bbox 946 3098 1021 3160; x_wconf 87' lang='grc' dir='ltr'>ὠς</span> <span class='ocrx_word' id='word_1_233' title='bbox 1055 3097 1205 3168; x_wconf 75' lang='grc' dir='ltr'>παρὰ</span> <span class='ocrx_word' id='word_1_234' title='bbox 1241 3097 1459 3149; x_wconf 88' lang='grc' dir='ltr'>πάντων</span> <span class='ocrx_word' id='word_1_235' title='bbox 1491 3094 1792 3166; x_wconf 83' lang='grc' dir='ltr'>βλέπεσθαι</span> 
     </span>
    </p>
   </div>
   <div class='ocr_carea' id='block_1_32' title="bbox 1914 591 3516 662">
    <p class='ocr_par' dir='ltr' id='par_1_32' title="bbox 1914 591 3516 662">
     <span class='ocr_line' id='line_1_32' title="bbox 1914 591 3516 662; baseline 0.002 -17"><span class='ocrx_word' id='word_1_236' title='bbox 1914 597 2056 662; x_wconf 89' lang='lat' dir='ltr'><strong>quod</strong></span> <span class='ocrx_word' id='word_1_237' title='bbox 2086 596 2326 649; x_wconf 88' lang='lat' dir='ltr'><strong>auditum</strong></span> <span class='ocrx_word' id='word_1_238' title='bbox 2373 610 2681 649; x_wconf 84' lang='lat' dir='ltr'><strong>sermonem</strong></span> <span class='ocrx_word' id='word_1_239' title='bbox 2730 594 3018 647; x_wconf 77' lang='lat' dir='ltr'><strong>n-tineant.</strong></span> <span class='ocrx_word' id='word_1_240' title='bbox 3053 591 3163 647; x_wconf 82' lang='lat' dir='ltr'><strong>Iloc</strong></span> <span class='ocrx_word' id='word_1_241' title='bbox 3188 594 3333 648; x_wconf 86' lang='lat' dir='ltr'><strong>enim</strong></span> <span class='ocrx_word' id='word_1_242' title='bbox 3377 596 3516 649; x_wconf 73' lang='lat' dir='ltr'><strong>dixit</strong></span> 
     </span>
    </p>
   </div>
   <div class='ocr_carea' id='block_1_33' title="bbox 1912 679 3510 758">
    <p class='ocr_par' dir='ltr' id='par_1_33' title="bbox 1912 679 3510 758">
     <span class='ocr_line' id='line_1_33' title="bbox 1912 679 3510 758; baseline 0 -19"><span class='ocrx_word' id='word_1_243' title='bbox 1912 696 2137 758; x_wconf 80' lang='lat' dir='ltr'><strong>prapter</strong></span> <span class='ocrx_word' id='word_1_244' title='bbox 2193 702 2293 757; x_wconf 85' lang='lat' dir='ltr'><strong>eos</strong></span> <span class='ocrx_word' id='word_1_245' title='bbox 2340 688 2432 757; x_wconf 88' lang='lat' dir='ltr'><strong>qui</strong></span> <span class='ocrx_word' id='word_1_246' title='bbox 2486 703 2580 755; x_wconf 91' lang='lat' dir='ltr'><strong>per</strong></span> <span class='ocrx_word' id='word_1_247' title='bbox 2610 679 2750 739; x_wconf 69' lang='lat' dir='ltr'><strong>tiam</strong></span> <span class='ocrx_word' id='word_1_248' title='bbox 2799 686 3195 753; x_wconf 79' lang='lat' dir='ltr'><strong>intelliguntur.</strong></span> <span class='ocrx_word' id='word_1_249' title='bbox 3249 686 3312 740; x_wconf 87' lang='lat' dir='ltr'><strong>Hi</strong></span> <span class='ocrx_word' id='word_1_250' title='bbox 3363 687 3510 741; x_wconf 86' lang='lat' dir='ltr'><strong>enim</strong></span> 
     </span>
    </p>
   </div>
   <div class='ocr_carea' id='block_1_34' title="bbox 1908 776 3511 845">
    <p class='ocr_par' dir='ltr' id='par_1_34' title="bbox 1908 776 3511 845">
     <span class='ocr_line' id='line_1_34' title="bbox 1908 776 3511 845; baseline 0 -12"><span class='ocrx_word' id='word_1_251' title='bbox 1908 794 2019 834; x_wconf 92' lang='lat' dir='ltr'><strong>non</strong></span> <span class='ocrx_word' id='word_1_252' title='bbox 2052 776 2336 840; x_wconf 58' lang='lat' dir='ltr'><strong>&#39;retinent.</strong></span> <span class='ocrx_word' id='word_1_253' title='bbox 2373 779 2464 833; x_wconf 90' lang='lat' dir='ltr'><strong>sed</strong></span> <span class='ocrx_word' id='word_1_254' title='bbox 2495 780 2740 833; x_wconf 82' lang='lat' dir='ltr'><strong>diabolus</strong></span> <span class='ocrx_word' id='word_1_255' title='bbox 2788 779 2927 832; x_wconf 80' lang='lat' dir='ltr'><strong>luliit</strong></span> <span class='ocrx_word' id='word_1_256' title='bbox 2959 780 3025 831; x_wconf 87' lang='lat' dir='ltr'><strong>ab</strong></span> <span class='ocrx_word' id='word_1_257' title='bbox 3055 781 3133 833; x_wconf 90' lang='lat' dir='ltr'><strong>eis</strong></span> <span class='ocrx_word' id='word_1_258' title='bbox 3165 793 3511 845; x_wconf 81' lang='lat' dir='ltr'><strong>sermonem;</strong></span> 
     </span>
    </p>
   </div>
   <div class='ocr_carea' id='block_1_35' title="bbox 1906 868 3515 939">
    <p class='ocr_par' dir='ltr' id='par_1_35' title="bbox 1906 868 3515 939">
     <span class='ocr_line' id='line_1_35' title="bbox 1906 868 3515 939; baseline -0.003 -12"><span class='ocrx_word' id='word_1_259' title='bbox 1906 881 1961 927; x_wconf 88' lang='lat' dir='ltr'><strong>et</strong></span> <span class='ocrx_word' id='word_1_260' title='bbox 2016 873 2158 939; x_wconf 86' lang='lat' dir='ltr'><strong>quod</strong></span> <span class='ocrx_word' id='word_1_261' title='bbox 2219 870 2456 925; x_wconf 89' lang='lat' dir='ltr'><strong>fructum</strong></span> <span class='ocrx_word' id='word_1_262' title='bbox 2512 868 2767 934; x_wconf 82' lang='lat' dir='ltr'><strong>afferant,</strong></span> <span class='ocrx_word' id='word_1_263' title='bbox 2822 869 2958 923; x_wconf 75' lang='lat' dir='ltr'><strong>dixit</strong></span> <span class='ocrx_word' id='word_1_264' title='bbox 3022 877 3248 938; x_wconf 86' lang='lat' dir='ltr'><strong>propter</strong></span> <span class='ocrx_word' id='word_1_265' title='bbox 3295 882 3389 924; x_wconf 89' lang='lat' dir='ltr'><strong>eos</strong></span> <span class='ocrx_word' id='word_1_266' title='bbox 3419 868 3515 939; x_wconf 89' lang='lat' dir='ltr'><strong>qui</strong></span> 
     </span>
    </p>
   </div>
   <div class='ocr_carea' id='block_1_36' title="bbox 1906 959 3509 1032">
    <p class='ocr_par' dir='ltr' id='par_1_36' title="bbox 1906 959 3509 1032">
     <span class='ocr_line' id='line_1_36' title="bbox 1906 959 3509 1032; baseline -0.004 -10"><span class='ocrx_word' id='word_1_267' title='bbox 1906 963 2266 1032; x_wconf 64' lang='lat' dir='ltr'><strong>suﬂocantur,</strong></span> <span class='ocrx_word' id='word_1_268' title='bbox 2328 972 2383 1018; x_wconf 89' lang='lat' dir='ltr'><strong>et</strong></span> <span class='ocrx_word' id='word_1_269' title='bbox 2406 964 2497 1032; x_wconf 91' lang='lat' dir='ltr'><strong>qui</strong></span> <span class='ocrx_word' id='word_1_270' title='bbox 2526 978 2632 1017; x_wconf 90' lang='lat' dir='ltr'><strong>non</strong></span> <span class='ocrx_word' id='word_1_271' title='bbox 2669 962 2966 1031; x_wconf 89' lang='lat' dir='ltr'><strong>perdurant</strong></span> <span class='ocrx_word' id='word_1_272' title='bbox 3011 974 3183 1030; x_wconf 89' lang='lat' dir='ltr'><strong>usque</strong></span> <span class='ocrx_word' id='word_1_273' title='bbox 3229 960 3293 1016; x_wconf 79' lang='lat' dir='ltr'><strong>ad</strong></span> <span class='ocrx_word' id='word_1_274' title='bbox 3323 959 3509 1016; x_wconf 81' lang='lat' dir='ltr'><strong>ﬁnem.</strong></span> 
     </span>
    </p>
   </div>
   <div class='ocr_carea' id='block_1_37' title="bbox 1907 1031 3514 1125">
    <p class='ocr_par' dir='ltr' id='par_1_37' title="bbox 1907 1031 3514 1125">
     <span class='ocr_line' id='line_1_37' title="bbox 1907 1031 3514 1125; baseline -0.002 -15"><span class='ocrx_word' id='word_1_275' title='bbox 1907 1031 2157 1111; x_wconf 57' lang='lat' dir='ltr'><strong>illi.enim</strong></span> <span class='ocrx_word' id='word_1_276' title='bbox 2188 1054 2425 1110; x_wconf 88' lang='lat' dir='ltr'><strong>fructum</strong></span> <span class='ocrx_word' id='word_1_277' title='bbox 2458 1071 2567 1110; x_wconf 90' lang='lat' dir='ltr'><strong>non</strong></span> <span class='ocrx_word' id='word_1_278' title='bbox 2590 1054 2843 1120; x_wconf 71' lang='lat' dir='ltr'><strong>afferunt,</strong></span> <span class='ocrx_word' id='word_1_279' title='bbox 2881 1056 2971 1125; x_wconf 95' lang='lat' dir='ltr'><strong>qui</strong></span> <span class='ocrx_word' id='word_1_280' title='bbox 3016 1070 3120 1108; x_wconf 90' lang='lat' dir='ltr'><strong>non</strong></span> <span class='ocrx_word' id='word_1_281' title='bbox 3162 1064 3514 1125; x_wconf 83' lang='lat' dir='ltr'><strong>perseverant</strong></span> 
     </span>
    </p>
   </div>
   <div class='ocr_carea' id='block_1_38' title="bbox 1905 1146 3509 1221">
    <p class='ocr_par' dir='ltr' id='par_1_38' title="bbox 1905 1146 3509 1221">
     <span class='ocr_line' id='line_1_38' title="bbox 1905 1146 3509 1221; baseline -0.003 -17"><span class='ocrx_word' id='word_1_282' title='bbox 1905 1164 2075 1221; x_wconf 89' lang='lat' dir='ltr'><strong>usque</strong></span> <span class='ocrx_word' id='word_1_283' title='bbox 2126 1150 2193 1203; x_wconf 88' lang='lat' dir='ltr'><strong>ad</strong></span> <span class='ocrx_word' id='word_1_284' title='bbox 2259 1150 2443 1205; x_wconf 82' lang='lat' dir='ltr'><strong>finem.</strong></span> <span class='ocrx_word' id='word_1_285' title='bbox 2498 1148 2669 1203; x_wconf 88' lang='lat' dir='ltr'><strong>Porro</strong></span> <span class='ocrx_word' id='word_1_286' title='bbox 2715 1148 2858 1217; x_wconf 88' lang='lat' dir='ltr'><strong>quod</strong></span> <span class='ocrx_word' id='word_1_287' title='bbox 2915 1146 3071 1211; x_wconf 90' lang='lat' dir='ltr'><strong>dicit,</strong></span> <span class='ocrx_word' id='word_1_288' title='bbox 3116 1147 3170 1199; x_wconf 91' lang='lat' dir='ltr'><strong>in</strong></span> <span class='ocrx_word' id='word_1_289' title='bbox 3226 1147 3509 1214; x_wconf 87' lang='lat' dir='ltr'><strong>patientia,</strong></span> 
     </span>
    </p>
   </div>
   <div class='ocr_carea' id='block_1_39' title="bbox 1904 1234 3514 1314">
    <p class='ocr_par' dir='ltr' id='par_1_39' title="bbox 1904 1234 3514 1314">
     <span class='ocr_line' id='line_1_39' title="bbox 1904 1234 3514 1314; baseline -0.006 -15"><span class='ocrx_word' id='word_1_290' title='bbox 1904 1246 2043 1299; x_wconf 86' lang='lat' dir='ltr'><strong>dixit</strong></span> <span class='ocrx_word' id='word_1_291' title='bbox 2095 1254 2319 1314; x_wconf 78' lang='lat' dir='ltr'><strong>propter</strong></span> <span class='ocrx_word' id='word_1_292' title='bbox 2344 1259 2439 1299; x_wconf 87' lang='lat' dir='ltr'><strong>eos</strong></span> <span class='ocrx_word' id='word_1_293' title='bbox 2480 1243 2573 1313; x_wconf 88' lang='lat' dir='ltr'><strong>qui</strong></span> <span class='ocrx_word' id='word_1_294' title='bbox 2618 1252 2784 1313; x_wconf 80' lang='lat' dir='ltr'><strong>super</strong></span> <span class='ocrx_word' id='word_1_295' title='bbox 2812 1251 3043 1310; x_wconf 84' lang='lat' dir='ltr'><strong>petram,</strong></span> <span class='ocrx_word' id='word_1_296' title='bbox 3080 1240 3171 1309; x_wconf 90' lang='lat' dir='ltr'><strong>qui</strong></span> <span class='ocrx_word' id='word_1_297' title='bbox 3203 1234 3514 1308; x_wconf 83' lang='lat' dir='ltr'><strong>suscipiunt</strong></span> 
     </span>
    </p>
   </div>
   <div class='ocr_carea' id='block_1_40' title="bbox 1904 1322 3512 1409">
    <p class='ocr_par' dir='ltr' id='par_1_40' title="bbox 1904 1322 3512 1409">
     <span class='ocr_line' id='line_1_40' title="bbox 1904 1322 3512 1409; baseline -0.005 -16"><span class='ocrx_word' id='word_1_298' title='bbox 1904 1339 2127 1409; x_wconf 85' lang='lat' dir='ltr'><strong>quidem</strong></span> <span class='ocrx_word' id='word_1_299' title='bbox 2158 1353 2494 1403; x_wconf 83' lang='lat' dir='ltr'><strong>sermonem,</strong></span> <span class='ocrx_word' id='word_1_300' title='bbox 2526 1351 2631 1391; x_wconf 89' lang='lat' dir='ltr'><strong>non</strong></span> <span class='ocrx_word' id='word_1_301' title='bbox 2655 1322 2930 1393; x_wconf 72' lang='lat' dir='ltr'><strong>suatinent</strong></span> <span class='ocrx_word' id='word_1_302' title='bbox 2971 1344 3152 1388; x_wconf 88' lang='lat' dir='ltr'><strong>autem</strong></span> <span class='ocrx_word' id='word_1_303' title='bbox 3192 1332 3512 1387; x_wconf 84' lang='lat' dir='ltr'><strong>tentationis</strong></span> 
     </span>
    </p>
   </div>
   <div class='ocr_carea' id='block_1_41' title="bbox 1903 1424 3511 1498">
    <p class='ocr_par' dir='ltr' id='par_1_41' title="bbox 1903 1424 3511 1498">
     <span class='ocr_line' id='line_1_41' title="bbox 1903 1424 3511 1498; baseline -0.006 -13"><span class='ocrx_word' id='word_1_304' title='bbox 1903 1430 2154 1496; x_wconf 83' lang='lat' dir='ltr'><strong>insidias,</strong></span> <span class='ocrx_word' id='word_1_305' title='bbox 2199 1440 2255 1484; x_wconf 89' lang='lat' dir='ltr'><strong>et</strong></span> <span class='ocrx_word' id='word_1_306' title='bbox 2304 1427 2730 1497; x_wconf 87' lang='lat' dir='ltr'><strong>cmuprobantur</strong></span> <span class='ocrx_word' id='word_1_307' title='bbox 2776 1426 3015 1498; x_wconf 85' lang='lat' dir='ltr'><strong>reprobi.</strong></span> <span class='ocrx_word' id='word_1_308' title='bbox 3046 1426 3210 1480; x_wconf 83' lang='lat' dir='ltr'><strong>Vides</strong></span> <span class='ocrx_word' id='word_1_309' title='bbox 3234 1424 3511 1495; x_wconf 87' lang='lat' dir='ltr'><strong>quomodo</strong></span> 
     </span>
    </p>
   </div>
   <div class='ocr_carea' id='block_1_42' title="bbox 1909 1515 3514 1592">
    <p class='ocr_par' dir='ltr' id='par_1_42' title="bbox 1909 1515 3514 1592">
     <span class='ocr_line' id='line_1_42' title="bbox 1909 1515 3514 1592; baseline -0.006 -15"><span class='ocrx_word' id='word_1_310' title='bbox 1909 1524 2107 1577; x_wconf 83' lang='lat' dir='ltr'><strong>dixerit</strong></span> <span class='ocrx_word' id='word_1_311' title='bbox 2130 1524 2202 1577; x_wconf 87' lang='lat' dir='ltr'><strong>&#39;de</strong></span> <span class='ocrx_word' id='word_1_312' title='bbox 2229 1524 2312 1577; x_wconf 86' lang='lat' dir='ltr'><strong>his</strong></span> <span class='ocrx_word' id='word_1_313' title='bbox 2344 1523 2433 1592; x_wconf 81' lang='lat' dir='ltr'><strong>qui</strong></span> <span class='ocrx_word' id='word_1_314' title='bbox 2471 1522 2771 1588; x_wconf 81' lang='lat' dir='ltr'><strong>salvantur,</strong></span> <span class='ocrx_word' id='word_1_315' title='bbox 2806 1520 2950 1590; x_wconf 89' lang='lat' dir='ltr'><strong>quod</strong></span> <span class='ocrx_word' id='word_1_316' title='bbox 2983 1519 3270 1585; x_wconf 83' lang='lat' dir='ltr'><strong>retineant,</strong></span> <span class='ocrx_word' id='word_1_317' title='bbox 3297 1526 3353 1572; x_wconf 91' lang='lat' dir='ltr'><strong>et</strong></span> <span class='ocrx_word' id='word_1_318' title='bbox 3399 1515 3514 1570; x_wconf 90' lang='lat' dir='ltr'><strong>fru-</strong></span> 
     </span>
    </p>
   </div>
   <div class='ocr_carea' id='block_1_43' title="bbox 1903 1611 3510 1685">
    <p class='ocr_par' dir='ltr' id='par_1_43' title="bbox 1903 1611 3510 1685">
     <span class='ocr_line' id='line_1_43' title="bbox 1903 1611 3510 1685; baseline -0.007 -12"><span class='ocrx_word' id='word_1_319' title='bbox 1903 1628 2050 1673; x_wconf 87' lang='lat' dir='ltr'><strong>ctum</strong></span> <span class='ocrx_word' id='word_1_320' title='bbox 2085 1618 2312 1684; x_wconf 80' lang='lat' dir='ltr'><strong>faciant,</strong></span> <span class='ocrx_word' id='word_1_321' title='bbox 2364 1624 2531 1685; x_wconf 86' lang='lat' dir='ltr'><strong>atque</strong></span> <span class='ocrx_word' id='word_1_322' title='bbox 2580 1615 2632 1670; x_wconf 90' lang='lat' dir='ltr'><strong>id</strong></span> <span class='ocrx_word' id='word_1_323' title='bbox 2680 1615 2733 1669; x_wconf 90' lang='lat' dir='ltr'><strong>in</strong></span> <span class='ocrx_word' id='word_1_324' title='bbox 2790 1613 3049 1685; x_wconf 80' lang='lat' dir='ltr'><strong>patientia</strong></span> <span class='ocrx_word' id='word_1_325' title='bbox 3087 1627 3100 1666; x_wconf 89' lang='lat'><strong>:</strong></span> <span class='ocrx_word' id='word_1_326' title='bbox 3133 1621 3187 1669; x_wconf 90' lang='lat' dir='ltr'><strong>et</strong></span> <span class='ocrx_word' id='word_1_327' title='bbox 3238 1626 3336 1682; x_wconf 89' lang='lat' dir='ltr'><strong>per</strong></span> <span class='ocrx_word' id='word_1_328' title='bbox 3403 1611 3510 1664; x_wconf 86' lang='lat' dir='ltr'><strong>tria</strong></span> 
     </span>
    </p>
   </div>
   <div class='ocr_carea' id='block_1_44' title="bbox 1900 1699 3511 1774">
    <p class='ocr_par' dir='ltr' id='par_1_44' title="bbox 1900 1699 3511 1774">
     <span class='ocr_line' id='line_1_44' title="bbox 1900 1699 3511 1774; baseline -0.007 -10"><span class='ocrx_word' id='word_1_329' title='bbox 1900 1709 2214 1764; x_wconf 81' lang='lat' dir='ltr'><strong>distinxerit</strong></span> <span class='ocrx_word' id='word_1_330' title='bbox 2280 1722 2374 1764; x_wconf 74' lang='lat' dir='ltr'><strong>eos</strong></span> <span class='ocrx_word' id='word_1_331' title='bbox 2423 1727 2435 1761; x_wconf 91' lang='lat'>:</span> <span class='ocrx_word' id='word_1_332' title='bbox 2494 1708 2561 1762; x_wconf 84' lang='lat' dir='ltr'><strong>ab</strong></span> <span class='ocrx_word' id='word_1_333' title='bbox 2622 1707 2708 1761; x_wconf 86' lang='lat' dir='ltr'><strong>his</strong></span> <span class='ocrx_word' id='word_1_334' title='bbox 2748 1705 2841 1774; x_wconf 89' lang='lat' dir='ltr'><strong>qui</strong></span> <span class='ocrx_word' id='word_1_335' title='bbox 2900 1720 3007 1759; x_wconf 91' lang='lat' dir='ltr'><strong>non</strong></span> <span class='ocrx_word' id='word_1_336' title='bbox 3037 1705 3299 1768; x_wconf 81' lang='lat' dir='ltr'><strong>retinent,</strong></span> <span class='ocrx_word' id='word_1_337' title='bbox 3342 1712 3394 1756; x_wconf 88' lang='lat' dir='ltr'><strong>et</strong></span> <span class='ocrx_word' id='word_1_338' title='bbox 3455 1699 3511 1754; x_wconf 88' lang='lat' dir='ltr'><strong>bi</strong></span> 
     </span>
    </p>
   </div>
   <div class='ocr_carea' id='block_1_45' title="bbox 1903 1791 3512 1872">
    <p class='ocr_par' dir='ltr' id='par_1_45' title="bbox 1903 1791 3512 1872">
     <span class='ocr_line' id='line_1_45' title="bbox 1903 1791 3512 1872; baseline -0.008 -15"><span class='ocrx_word' id='word_1_339' title='bbox 1903 1814 2029 1857; x_wconf 90' lang='lat' dir='ltr'><strong>sunt</strong></span> <span class='ocrx_word' id='word_1_340' title='bbox 2055 1804 2145 1872; x_wconf 86' lang='lat' dir='ltr'><strong>qui</strong></span> <span class='ocrx_word' id='word_1_341' title='bbox 2194 1803 2348 1872; x_wconf 77' lang='lat' dir='ltr'><strong>juxta</strong></span> <span class='ocrx_word' id='word_1_342' title='bbox 2398 1802 2539 1854; x_wconf 83' lang='lat' dir='ltr'><strong>viam</strong></span> <span class='ocrx_word' id='word_1_343' title='bbox 2575 1818 2589 1853; x_wconf 88' lang='lat'><strong>:</strong></span> <span class='ocrx_word' id='word_1_344' title='bbox 2622 1800 2691 1854; x_wconf 89' lang='lat' dir='ltr'><strong>ab</strong></span> <span class='ocrx_word' id='word_1_345' title='bbox 2732 1798 2815 1853; x_wconf 81' lang='lat' dir='ltr'><strong>Itis</strong></span> <span class='ocrx_word' id='word_1_346' title='bbox 2847 1797 2938 1867; x_wconf 91' lang='lat' dir='ltr'><strong>qui</strong></span> <span class='ocrx_word' id='word_1_347' title='bbox 2976 1797 3215 1851; x_wconf 81' lang='lat' dir='ltr'><strong>fructum</strong></span> <span class='ocrx_word' id='word_1_348' title='bbox 3261 1810 3370 1850; x_wconf 91' lang='lat' dir='ltr'><strong>non</strong></span> <span class='ocrx_word' id='word_1_349' title='bbox 3429 1791 3512 1845; x_wconf 82' lang='lat' dir='ltr'><strong>af-</strong></span> 
     </span>
    </p>
   </div>
   <div class='ocr_carea' id='block_1_46' title="bbox 1830 1864 3509 1961">
    <p class='ocr_par' dir='ltr' id='par_1_46' title="bbox 1830 1864 3509 1961">
     <span class='ocr_line' id='line_1_46' title="bbox 1830 1864 3509 1961; baseline -0.007 -12"><span class='ocrx_word' id='word_1_350' title='bbox 1830 1864 1874 1923; x_wconf 70' lang='lat' dir='ltr'>n</span> <span class='ocrx_word' id='word_1_351' title='bbox 1906 1864 2109 1959; x_wconf 63' lang='lat' dir='ltr'><strong>feruni,</strong></span> <span class='ocrx_word' id='word_1_352' title='bbox 2166 1864 2217 1948; x_wconf 68' lang='lat' dir='ltr'><strong>ci</strong></span> <span class='ocrx_word' id='word_1_353' title='bbox 2267 1895 2319 1948; x_wconf 87' lang='lat' dir='ltr'><strong>hi</strong></span> <span class='ocrx_word' id='word_1_354' title='bbox 2351 1902 2475 1947; x_wconf 90' lang='lat' dir='ltr'><strong>sunt</strong></span> <span class='ocrx_word' id='word_1_355' title='bbox 2506 1893 2596 1961; x_wconf 91' lang='lat' dir='ltr'><strong>qui</strong></span> <span class='ocrx_word' id='word_1_356' title='bbox 2630 1893 2772 1946; x_wconf 89' lang='lat' dir='ltr'><strong>inter</strong></span> <span class='ocrx_word' id='word_1_357' title='bbox 2795 1864 2983 1960; x_wconf 83' lang='lat' dir='ltr'><strong>spinas</strong></span> <span class='ocrx_word' id='word_1_358' title='bbox 3016 1908 3030 1943; x_wconf 90' lang='lat'><strong>:</strong></span> <span class='ocrx_word' id='word_1_359' title='bbox 3071 1888 3139 1942; x_wconf 90' lang='lat' dir='ltr'><strong>ab</strong></span> <span class='ocrx_word' id='word_1_360' title='bbox 3170 1889 3253 1942; x_wconf 87' lang='lat' dir='ltr'><strong>his</strong></span> <span class='ocrx_word' id='word_1_361' title='bbox 3282 1888 3373 1952; x_wconf 87' lang='lat' dir='ltr'><strong>qui</strong></span> <span class='ocrx_word' id='word_1_362' title='bbox 3402 1900 3509 1939; x_wconf 87' lang='lat' dir='ltr'><strong>non</strong></span> 
     </span>
    </p>
   </div>
   <div class='ocr_carea' id='block_1_47' title="bbox 1906 1974 3511 2050">
    <p class='ocr_par' dir='ltr' id='par_1_47' title="bbox 1906 1974 3511 2050">
     <span class='ocr_line' id='line_1_47' title="bbox 1906 1974 3511 2050; baseline -0.004 -11"><span class='ocrx_word' id='word_1_363' title='bbox 1906 1986 2182 2040; x_wconf 86' lang='lat' dir='ltr'><strong>sustinent</strong></span> <span class='ocrx_word' id='word_1_364' title='bbox 2236 1974 2550 2040; x_wconf 73' lang='lat' dir='ltr'><strong>teiitatic-nis</strong></span> <span class='ocrx_word' id='word_1_365' title='bbox 2597 1983 2844 2049; x_wconf 79' lang='lat' dir='ltr'><strong>insidias,</strong></span> <span class='ocrx_word' id='word_1_366' title='bbox 2883 1992 2936 2035; x_wconf 90' lang='lat' dir='ltr'><strong>et</strong></span> <span class='ocrx_word' id='word_1_367' title='bbox 2968 1981 3021 2035; x_wconf 86' lang='lat' dir='ltr'><strong>bi</strong></span> <span class='ocrx_word' id='word_1_368' title='bbox 3051 1989 3179 2037; x_wconf 88' lang='lat' dir='ltr'><strong>sunt</strong></span> <span class='ocrx_word' id='word_1_369' title='bbox 3225 1980 3315 2050; x_wconf 90' lang='lat' dir='ltr'><strong>qui</strong></span> <span class='ocrx_word' id='word_1_370' title='bbox 3347 1992 3511 2049; x_wconf 88' lang='lat' dir='ltr'><strong>super</strong></span> 
     </span>
    </p>
   </div>
   <div class='ocr_carea' id='block_1_48' title="bbox 1904 2088 2137 2146">
    <p class='ocr_par' dir='ltr' id='par_1_48' title="bbox 1904 2088 2137 2146">
     <span class='ocr_line' id='line_1_48' title="bbox 1904 2088 2137 2146; baseline -0.004 -15"><span class='ocrx_word' id='word_1_371' title='bbox 1904 2088 2137 2146; x_wconf 80' lang='lat' dir='ltr'><strong>petram.</strong></span> 
     </span>
    </p>
   </div>
   <div class='ocr_carea' id='block_1_49' title="bbox 1977 2188 3507 2246">
    <p class='ocr_par' dir='ltr' id='par_1_49' title="bbox 1977 2188 3507 2246">
     <span class='ocr_line' id='line_1_49' title="bbox 1977 2188 3507 2246; baseline -0.004 -3"><span class='ocrx_word' id='word_1_372' title='bbox 1977 2189 2137 2245; x_wconf 74' lang='lat' dir='ltr'><strong>Vens.</strong></span> <span class='ocrx_word' id='word_1_373' title='bbox 2173 2192 2365 2246; x_wconf 69' lang='lat'><strong>16-18.</strong></span> <span class='ocrx_word' id='word_1_374' title='bbox 2408 2210 2424 2241; x_wconf 75' lang='grc' dir='ltr'><strong>ι</strong></span> <span class='ocrx_word' id='word_1_375' title='bbox 2465 2190 2636 2245; x_wconf 83' lang='lat' dir='ltr'><strong>Nemo</strong></span> <span class='ocrx_word' id='word_1_376' title='bbox 2659 2204 2786 2244; x_wconf 90' lang='lat' dir='ltr'><strong>vero</strong></span> <span class='ocrx_word' id='word_1_377' title='bbox 2815 2204 2937 2244; x_wconf 90' lang='lat' dir='ltr'><strong>cum</strong></span> <span class='ocrx_word' id='word_1_378' title='bbox 2972 2188 3255 2243; x_wconf 82' lang='lat' dir='ltr'><strong>lucernam</strong></span> <span class='ocrx_word' id='word_1_379' title='bbox 3306 2199 3507 2239; x_wconf 76' lang='lat' dir='ltr'><strong>arcen-</strong></span> 
     </span>
    </p>
   </div>
   <div class='ocr_carea' id='block_1_50' title="bbox 1904 2280 3506 2351">
    <p class='ocr_par' dir='ltr' id='par_1_50' title="bbox 1904 2280 3506 2351">
     <span class='ocr_line' id='line_1_50' title="bbox 1904 2280 3506 2351; baseline -0.004 -14"><span class='ocrx_word' id='word_1_380' title='bbox 1904 2284 2068 2348; x_wconf 86' lang='lat' dir='ltr'><strong>derit,</strong></span> <span class='ocrx_word' id='word_1_381' title='bbox 2092 2284 2268 2351; x_wconf 88' lang='lat' dir='ltr'><strong>operit</strong></span> <span class='ocrx_word' id='word_1_382' title='bbox 2296 2297 2417 2336; x_wconf 90' lang='lat' dir='ltr'><strong>eam</strong></span> <span class='ocrx_word' id='word_1_383' title='bbox 2442 2297 2591 2349; x_wconf 85' lang='lat' dir='ltr'><strong>vase,</strong></span> <span class='ocrx_word' id='word_1_384' title='bbox 2626 2291 2717 2336; x_wconf 84' lang='lat' dir='ltr'><strong>aut</strong></span> <span class='ocrx_word' id='word_1_385' title='bbox 2740 2280 2929 2336; x_wconf 91' lang='lat' dir='ltr'><strong>subter</strong></span> <span class='ocrx_word' id='word_1_386' title='bbox 2949 2280 3150 2336; x_wconf 87' lang='lat' dir='ltr'><strong>lectum</strong></span> <span class='ocrx_word' id='word_1_387' title='bbox 3182 2280 3354 2348; x_wconf 86' lang='lat' dir='ltr'><strong>ponit,</strong></span> <span class='ocrx_word' id='word_1_388' title='bbox 3412 2280 3506 2333; x_wconf 82' lang='lat' dir='ltr'><strong>sed</strong></span> 
     </span>
    </p>
   </div>
   <div class='ocr_carea' id='block_1_51' title="bbox 1902 2371 3507 2445">
    <p class='ocr_par' dir='ltr' id='par_1_51' title="bbox 1902 2371 3507 2445">
     <span class='ocr_line' id='line_1_51' title="bbox 1902 2371 3507 2445; baseline -0.002 -16"><span class='ocrx_word' id='word_1_389' title='bbox 1902 2389 2069 2445; x_wconf 87' lang='lat' dir='ltr'><strong>super</strong></span> <span class='ocrx_word' id='word_1_390' title='bbox 2100 2375 2491 2429; x_wconf 85' lang='lat' dir='ltr'><strong>candelabrum</strong></span> <span class='ocrx_word' id='word_1_391' title='bbox 2537 2374 2711 2445; x_wconf 85' lang='lat' dir='ltr'><strong>ponit,</strong></span> <span class='ocrx_word' id='word_1_392' title='bbox 2759 2384 2818 2430; x_wconf 87' lang='lat' dir='ltr'><strong>ut</strong></span> <span class='ocrx_word' id='word_1_393' title='bbox 2866 2375 3134 2428; x_wconf 85' lang='lat' dir='ltr'><strong>intrantes</strong></span> <span class='ocrx_word' id='word_1_394' title='bbox 3163 2373 3383 2427; x_wconf 79' lang='lat' dir='ltr'><strong>videant</strong></span> <span class='ocrx_word' id='word_1_395' title='bbox 3422 2371 3507 2425; x_wconf 85' lang='lat' dir='ltr'><strong>lu-</strong></span> 
     </span>
    </p>
   </div>
   <div class='ocr_carea' id='block_1_52' title="bbox 1900 2464 3504 2534">
    <p class='ocr_par' dir='ltr' id='par_1_52' title="bbox 1900 2464 3504 2534">
     <span class='ocr_line' id='line_1_52' title="bbox 1900 2464 3504 2534; baseline -0.003 -10"><span class='ocrx_word' id='word_1_396' title='bbox 1900 2484 2047 2524; x_wconf 86' lang='lat' dir='ltr'><strong>men.</strong></span> <span class='ocrx_word' id='word_1_397' title='bbox 2074 2467 2191 2522; x_wconf 87' lang='lat' dir='ltr'><strong>Non</strong></span> <span class='ocrx_word' id='word_1_398' title='bbox 2223 2479 2309 2525; x_wconf 90' lang='lat' dir='ltr'><strong>est</strong></span> <span class='ocrx_word' id='word_1_399' title='bbox 2342 2468 2485 2522; x_wconf 88' lang='lat' dir='ltr'><strong>enim</strong></span> <span class='ocrx_word' id='word_1_400' title='bbox 2514 2467 2811 2532; x_wconf 86' lang='lat' dir='ltr'><strong>occultum,</strong></span> <span class='ocrx_word' id='word_1_401' title='bbox 2842 2467 2985 2534; x_wconf 86' lang='lat' dir='ltr'><strong>quod</strong></span> <span class='ocrx_word' id='word_1_402' title='bbox 3020 2480 3127 2519; x_wconf 91' lang='lat' dir='ltr'><strong>non</strong></span> <span class='ocrx_word' id='word_1_403' title='bbox 3153 2464 3504 2520; x_wconf 71' lang='lat' dir='ltr'><strong>manifeStum</strong></span> 
     </span>
    </p>
   </div>
   <div class='ocr_carea' id='block_1_53' title="bbox 1899 2558 3507 2627">
    <p class='ocr_par' dir='ltr' id='par_1_53' title="bbox 1899 2558 3507 2627">
     <span class='ocr_line' id='line_1_53' title="bbox 1899 2558 3507 2627; baseline -0.004 -10"><span class='ocrx_word' id='word_1_404' title='bbox 1899 2565 1971 2617; x_wconf 85' lang='lat' dir='ltr'><strong>sit</strong></span> <span class='ocrx_word' id='word_1_405' title='bbox 2010 2560 2253 2615; x_wconf 89' lang='lat' dir='ltr'><strong>futurum</strong></span> <span class='ocrx_word' id='word_1_406' title='bbox 2283 2578 2296 2614; x_wconf 90' lang='lat'><strong>:</strong></span> <span class='ocrx_word' id='word_1_407' title='bbox 2332 2574 2432 2615; x_wconf 89' lang='lat' dir='ltr'><strong>nec</strong></span> <span class='ocrx_word' id='word_1_408' title='bbox 2463 2558 2868 2623; x_wconf 87' lang='lat' dir='ltr'><strong>absconditum,</strong></span> <span class='ocrx_word' id='word_1_409' title='bbox 2894 2558 3037 2626; x_wconf 87' lang='lat' dir='ltr'><strong>quod</strong></span> <span class='ocrx_word' id='word_1_410' title='bbox 3067 2572 3174 2611; x_wconf 88' lang='lat' dir='ltr'><strong>non</strong></span> <span class='ocrx_word' id='word_1_411' title='bbox 3207 2558 3279 2611; x_wconf 83' lang='lat' dir='ltr'><strong>sit</strong></span> <span class='ocrx_word' id='word_1_412' title='bbox 3302 2571 3507 2627; x_wconf 85' lang='lat' dir='ltr'><strong>cogno-</strong></span> 
     </span>
    </p>
   </div>
   <div class='ocr_carea' id='block_1_54' title="bbox 1901 2648 3507 2723">
    <p class='ocr_par' dir='ltr' id='par_1_54' title="bbox 1901 2648 3507 2723">
     <span class='ocr_line' id='line_1_54' title="bbox 1901 2648 3507 2723; baseline -0.004 -13"><span class='ocrx_word' id='word_1_413' title='bbox 1901 2655 2184 2719; x_wconf 74' lang='lat' dir='ltr'><strong>Stzendum,</strong></span> <span class='ocrx_word' id='word_1_414' title='bbox 2231 2663 2287 2708; x_wconf 92' lang='lat' dir='ltr'><strong>et</strong></span> <span class='ocrx_word' id='word_1_415' title='bbox 2330 2656 2383 2707; x_wconf 92' lang='lat' dir='ltr'><strong>in</strong></span> <span class='ocrx_word' id='word_1_416' title='bbox 2430 2651 2774 2723; x_wconf 83' lang='lat' dir='ltr'><strong>pmpatulum</strong></span> <span class='ocrx_word' id='word_1_417' title='bbox 2820 2660 3130 2706; x_wconf 86' lang='lat' dir='ltr'><strong>venturum.</strong></span> <span class='ocrx_word' id='word_1_418' title='bbox 3160 2648 3351 2705; x_wconf 82' lang='lat' dir='ltr'><strong>Videte</strong></span> <span class='ocrx_word' id='word_1_419' title='bbox 3374 2664 3507 2718; x_wconf 77' lang='lat' dir='ltr'><strong>ergo</strong></span> 
     </span>
    </p>
   </div>
   <div class='ocr_carea' id='block_1_55' title="bbox 1901 2740 3495 2814">
    <p class='ocr_par' dir='ltr' id='par_1_55' title="bbox 1901 2740 3495 2814">
     <span class='ocr_line' id='line_1_55' title="bbox 1901 2740 3495 2814; baseline -0.004 -15"><span class='ocrx_word' id='word_1_420' title='bbox 1901 2746 2174 2814; x_wconf 90' lang='lat' dir='ltr'><strong>quomodo</strong></span> <span class='ocrx_word' id='word_1_421' title='bbox 2202 2746 2457 2800; x_wconf 87' lang='lat' dir='ltr'><strong>audiatis.</strong></span> <span class='ocrx_word' id='word_1_422' title='bbox 2477 2743 2894 2812; x_wconf 87' lang='lat' dir='ltr'><strong>Quisquisenlm</strong></span> <span class='ocrx_word' id='word_1_423' title='bbox 2922 2740 3107 2806; x_wconf 86' lang='lat' dir='ltr'><strong>habet,</strong></span> <span class='ocrx_word' id='word_1_424' title='bbox 3135 2741 3360 2795; x_wconf 86' lang='lat' dir='ltr'><strong>dabitur</strong></span> <span class='ocrx_word' id='word_1_425' title='bbox 3388 2741 3495 2795; x_wconf 87' lang='lat' dir='ltr'><strong>illi:</strong></span> 
     </span>
    </p>
   </div>
   <div class='ocr_carea' id='block_1_56' title="bbox 1902 2834 3505 2909">
    <p class='ocr_par' dir='ltr' id='par_1_56' title="bbox 1902 2834 3505 2909">
     <span class='ocr_line' id='line_1_56' title="bbox 1902 2834 3505 2909; baseline -0.004 -17"><span class='ocrx_word' id='word_1_426' title='bbox 1902 2850 1957 2892; x_wconf 88' lang='lat' dir='ltr'><strong>et</strong></span> <span class='ocrx_word' id='word_1_427' title='bbox 2017 2837 2334 2909; x_wconf 88' lang='lat' dir='ltr'><strong>quicunque</strong></span> <span class='ocrx_word' id='word_1_428' title='bbox 2381 2851 2486 2890; x_wconf 85' lang='lat' dir='ltr'><strong>non</strong></span> <span class='ocrx_word' id='word_1_429' title='bbox 2517 2836 2705 2896; x_wconf 85' lang='lat' dir='ltr'><strong>habet,</strong></span> <span class='ocrx_word' id='word_1_430' title='bbox 2738 2834 2905 2889; x_wconf 84' lang='lat' dir='ltr'><strong>etiam</strong></span> <span class='ocrx_word' id='word_1_431' title='bbox 2941 2835 3087 2905; x_wconf 88' lang='lat' dir='ltr'><strong>quod</strong></span> <span class='ocrx_word' id='word_1_432' title='bbox 3117 2843 3273 2903; x_wconf 84' lang='lat' dir='ltr'><strong>putat</strong></span> <span class='ocrx_word' id='word_1_433' title='bbox 3310 2848 3369 2887; x_wconf 90' lang='lat' dir='ltr'><strong>se</strong></span> <span class='ocrx_word' id='word_1_434' title='bbox 3404 2834 3505 2885; x_wconf 82' lang='lat' dir='ltr'><strong>ha-</strong></span> 
     </span>
    </p>
   </div>
   <div class='ocr_carea' id='block_1_57' title="bbox 1904 2925 3507 2995">
    <p class='ocr_par' dir='ltr' id='par_1_57' title="bbox 1904 2925 3507 2995">
     <span class='ocr_line' id='line_1_57' title="bbox 1904 2925 3507 2995; baseline -0.003 -11"><span class='ocrx_word' id='word_1_435' title='bbox 1904 2931 2054 2995; x_wconf 86' lang='lat' dir='ltr'><strong>bere,</strong></span> <span class='ocrx_word' id='word_1_436' title='bbox 2088 2929 2370 2983; x_wconf 82' lang='lat' dir='ltr'><strong>auferetur</strong></span> <span class='ocrx_word' id='word_1_437' title='bbox 2394 2928 2462 2982; x_wconf 84' lang='lat' dir='ltr'><strong>ab</strong></span> <span class='ocrx_word' id='word_1_438' title='bbox 2495 2944 2582 2982; x_wconf 90' lang='lat' dir='ltr'><strong>eo.</strong></span> <span class='ocrx_word' id='word_1_439' title='bbox 2633 2945 2650 2977; x_wconf 77' lang='grc' dir='ltr'><strong>ι</strong></span> <span class='ocrx_word' id='word_1_440' title='bbox 2682 2925 2794 2981; x_wconf 89' lang='lat' dir='ltr'><strong>lloc</strong></span> <span class='ocrx_word' id='word_1_441' title='bbox 2824 2925 2945 2981; x_wconf 82' lang='lat' dir='ltr'><strong>loco</strong></span> <span class='ocrx_word' id='word_1_442' title='bbox 2977 2925 3206 2980; x_wconf 86' lang='lat' dir='ltr'><strong>alterius</strong></span> <span class='ocrx_word' id='word_1_443' title='bbox 3243 2925 3507 2979; x_wconf 72' lang='lat' dir='ltr'><strong>doctrinae</strong></span> 
     </span>
    </p>
   </div>
   <div class='ocr_carea' id='block_1_58' title="bbox 1902 3017 3505 3089">
    <p class='ocr_par' dir='ltr' id='par_1_58' title="bbox 1902 3017 3505 3089">
     <span class='ocr_line' id='line_1_58' title="bbox 1902 3017 3505 3089; baseline -0.006 -12"><span class='ocrx_word' id='word_1_444' title='bbox 1902 3017 2117 3077; x_wconf 86' lang='lat' dir='ltr'><strong>initium</strong></span> <span class='ocrx_word' id='word_1_445' title='bbox 2143 3030 2249 3076; x_wconf 83' lang='lat' dir='ltr'><strong>est.</strong></span> <span class='ocrx_word' id='word_1_446' title='bbox 2287 3022 2368 3075; x_wconf 87' lang='lat' dir='ltr'><strong>Ad</strong></span> <span class='ocrx_word' id='word_1_447' title='bbox 2400 3018 2695 3089; x_wconf 86' lang='lat' dir='ltr'><strong>discipulos</strong></span> <span class='ocrx_word' id='word_1_448' title='bbox 2726 3019 2870 3072; x_wconf 89' lang='lat' dir='ltr'><strong>enim</strong></span> <span class='ocrx_word' id='word_1_449' title='bbox 2905 3033 3215 3072; x_wconf 85' lang='lat' dir='ltr'><strong>sermonem</strong></span> <span class='ocrx_word' id='word_1_450' title='bbox 3243 3018 3505 3089; x_wconf 59' lang='lat' dir='ltr'><strong>dirigens,</strong></span> 
     </span>
    </p>
   </div>
   <div class='ocr_carea' id='block_1_59' title="bbox 1903 3110 3502 3180">
    <p class='ocr_par' dir='ltr' id='par_1_59' title="bbox 1903 3110 3502 3180">
     <span class='ocr_line' id='line_1_59' title="bbox 1903 3110 3502 3180; baseline -0.005 -10"><span class='ocrx_word' id='word_1_451' title='bbox 1903 3116 2018 3171; x_wconf 70' lang='lat' dir='ltr'><strong>haec</strong></span> <span class='ocrx_word' id='word_1_452' title='bbox 2075 3116 2207 3170; x_wconf 89' lang='lat' dir='ltr'><strong>dicit</strong></span> <span class='ocrx_word' id='word_1_453' title='bbox 2256 3115 2517 3169; x_wconf 85' lang='lat' dir='ltr'><strong>inducens</strong></span> <span class='ocrx_word' id='word_1_454' title='bbox 2570 3127 2667 3167; x_wconf 88' lang='lat' dir='ltr'><strong>eos</strong></span> <span class='ocrx_word' id='word_1_455' title='bbox 2699 3112 2768 3165; x_wconf 86' lang='lat' dir='ltr'><strong>ad</strong></span> <span class='ocrx_word' id='word_1_456' title='bbox 2797 3121 3002 3166; x_wconf 61' lang='lat' dir='ltr'><strong>sancta:</strong></span> <span class='ocrx_word' id='word_1_457' title='bbox 3032 3111 3155 3165; x_wconf 81' lang='lat' dir='ltr'><strong>vitae</strong></span> <span class='ocrx_word' id='word_1_458' title='bbox 3186 3110 3502 3180; x_wconf 73' lang='lat' dir='ltr'><strong>diligentem</strong></span> 
     </span>
    </p>
   </div>
   <div class='ocr_carea' id='block_1_60' title="bbox 199 3189 1796 3274">
    <p class='ocr_par' dir='ltr' id='par_1_60' title="bbox 199 3189 1794 3265">
     <span class='ocr_line' id='line_1_60' title="bbox 199 3189 1794 3265; baseline -0.002 -19"><span class='ocrx_word' id='word_1_459' title='bbox 199 3195 517 3265; x_wconf 80' lang='grc' dir='ltr'>μέλλοντας.</span> <span class='ocrx_word' id='word_1_460' title='bbox 564 3192 624 3243; x_wconf 87' lang='lat'><strong>&#39;0</strong></span> <span class='ocrx_word' id='word_1_461' title='bbox 664 3192 771 3261; x_wconf 69' lang='grc' dir='ltr'>γὰρ</span> <span class='ocrx_word' id='word_1_462' title='bbox 822 3190 1089 3244; x_wconf 76' lang='grc' dir='ltr'>διδάσκων</span> <span class='ocrx_word' id='word_1_463' title='bbox 1139 3190 1234 3242; x_wconf 72' lang='grc' dir='ltr'>καὶ</span> <span class='ocrx_word' id='word_1_464' title='bbox 1282 3189 1592 3259; x_wconf 80' lang='grc' dir='ltr'>κηρύττων,</span> <span class='ocrx_word' id='word_1_465' title='bbox 1641 3189 1794 3260; x_wconf 83' lang='grc' dir='ltr'>παρὰ</span> 
     </span>
    </p>
   </div>
   <div class='ocr_carea' id='block_1_61' title="bbox 1900 3189 3507 3274">
    <p class='ocr_par' dir='ltr' id='par_1_61' title="bbox 1901 3203 3507 3274">
     <span class='ocr_line' id='line_1_61' title="bbox 1901 3203 3507 3274; baseline -0.004 -11"><span class='ocrx_word' id='word_1_466' title='bbox 1901 3208 2233 3274; x_wconf 86' lang='lat' dir='ltr'><strong>custodiam,</strong></span> <span class='ocrx_word' id='word_1_467' title='bbox 2266 3218 2320 3260; x_wconf 91' lang='lat' dir='ltr'><strong>et</strong></span> <span class='ocrx_word' id='word_1_468' title='bbox 2369 3207 2645 3260; x_wconf 87' lang='lat' dir='ltr'><strong>instruens</strong></span> <span class='ocrx_word' id='word_1_469' title='bbox 2671 3215 2729 3257; x_wconf 91' lang='lat' dir='ltr'><strong>ut</strong></span> <span class='ocrx_word' id='word_1_470' title='bbox 2767 3204 3055 3273; x_wconf 79' lang='lat' dir='ltr'><strong>semperiu</strong></span> <span class='ocrx_word' id='word_1_471' title='bbox 3093 3219 3267 3273; x_wconf 82' lang='lat' dir='ltr'><strong>agone</strong></span> <span class='ocrx_word' id='word_1_472' title='bbox 3298 3203 3411 3258; x_wconf 86' lang='lat' dir='ltr'><strong>sint</strong></span> <span class='ocrx_word' id='word_1_473' title='bbox 3440 3219 3507 3257; x_wconf 85' lang='lat' dir='ltr'><strong>ac</strong></span> 
     </span>
    </p>
   </div>
   <div class='ocr_carea' id='block_1_62' title="bbox 196 3283 1797 3355">
    <p class='ocr_par' dir='ltr' id='par_1_62' title="bbox 196 3283 1797 3355">
     <span class='ocr_line' id='line_1_62' title="bbox 196 3283 1797 3355; baseline -0.002 -17"><span class='ocrx_word' id='word_1_474' title='bbox 196 3287 422 3339; x_wconf 83' lang='grc' dir='ltr'>πάντων</span> <span class='ocrx_word' id='word_1_475' title='bbox 459 3285 736 3355; x_wconf 84' lang='grc' dir='ltr'>βλέπεται,</span> <span class='ocrx_word' id='word_1_476' title='bbox 782 3285 931 3354; x_wconf 77' lang='grc' dir='ltr'>παρὰ</span> <span class='ocrx_word' id='word_1_477' title='bbox 979 3283 1200 3335; x_wconf 82' lang='grc' dir='ltr'>πάντων</span> <span class='ocrx_word' id='word_1_478' title='bbox 1246 3284 1693 3350; x_wconf 83' lang='grc' dir='ltr'>περισκοπεῖται,</span> <span class='ocrx_word' id='word_1_479' title='bbox 1746 3284 1797 3335; x_wconf 86' lang='grc' dir='ltr'><strong>εί</strong></span> 
     </span>
    </p>
   </div>
   <div class='ocr_carea' id='block_1_63' title="bbox 198 3371 1798 3443">
    <p class='ocr_par' dir='ltr' id='par_1_63' title="bbox 198 3371 1798 3443">
     <span class='ocr_line' id='line_1_63' title="bbox 198 3371 1798 3443; baseline -0.001 -16"><span class='ocrx_word' id='word_1_480' title='bbox 198 3375 364 3438; x_wconf 84' lang='grc' dir='ltr'>καλός</span> <span class='ocrx_word' id='word_1_481' title='bbox 395 3376 541 3427; x_wconf 69' lang='grc' dir='ltr'>ὲςτιν</span> <span class='ocrx_word' id='word_1_482' title='bbox 570 3374 601 3443; x_wconf 83' lang='grc' dir='ltr'>ἢ</span> <span class='ocrx_word' id='word_1_483' title='bbox 634 3373 966 3438; x_wconf 71' lang='grc' dir='ltr'>τούναντίον,</span> <span class='ocrx_word' id='word_1_484' title='bbox 1019 3372 1113 3425; x_wconf 73' lang='grc' dir='ltr'><strong>καὶ</strong></span> <span class='ocrx_word' id='word_1_485' title='bbox 1138 3372 1290 3424; x_wconf 81' lang='grc' dir='ltr'>οὐδὲν</span> <span class='ocrx_word' id='word_1_486' title='bbox 1323 3372 1432 3425; x_wconf 84' lang='grc' dir='ltr'><strong>τῶν</strong></span> <span class='ocrx_word' id='word_1_487' title='bbox 1464 3371 1628 3424; x_wconf 83' lang='grc' dir='ltr'>αὐτοῦ</span> <span class='ocrx_word' id='word_1_488' title='bbox 1662 3371 1798 3442; x_wconf 79' lang='grc' dir='ltr'>κρύ-</span> 
     </span>
    </p>
   </div>
   <div class='ocr_carea' id='block_1_64' title="bbox 198 3460 1797 3536">
    <p class='ocr_par' dir='ltr' id='par_1_64' title="bbox 198 3460 1797 3536">
     <span class='ocr_line' id='line_1_64' title="bbox 198 3460 1797 3536; baseline -0.003 -16"><span class='ocrx_word' id='word_1_489' title='bbox 198 3484 421 3521; x_wconf 88' lang='grc' dir='ltr'>πτεται.</span> <span class='ocrx_word' id='word_1_490' title='bbox 468 3466 659 3536; x_wconf 80' lang='grc' dir='ltr'>Ὑμεῖς</span> <span class='ocrx_word' id='word_1_491' title='bbox 687 3463 802 3530; x_wconf 84' lang='grc' dir='ltr'>οὖν,</span> <span class='ocrx_word' id='word_1_492' title='bbox 836 3460 879 3518; x_wconf 80' lang='grc' dir='ltr'><strong>ὦ</strong></span> <span class='ocrx_word' id='word_1_493' title='bbox 908 3464 1169 3535; x_wconf 84' lang='grc' dir='ltr'>μαθηταὶ,</span> <span class='ocrx_word' id='word_1_494' title='bbox 1198 3464 1295 3517; x_wconf 78' lang='grc' dir='ltr'><strong>ἐὰν</strong></span> <span class='ocrx_word' id='word_1_495' title='bbox 1330 3463 1491 3535; x_wconf 81' lang='grc' dir='ltr'>ἔχητε</span> <span class='ocrx_word' id='word_1_496' title='bbox 1524 3464 1797 3535; x_wconf 81' lang='grc' dir='ltr'>προσοχὴν</span> 
     </span>
    </p>
   </div>
   <div class='ocr_carea' id='block_1_65' title="bbox 199 3554 1798 3626">
    <p class='ocr_par' dir='ltr' id='par_1_65' title="bbox 199 3554 1798 3626">
     <span class='ocr_line' id='line_1_65' title="bbox 199 3554 1798 3626; baseline -0.002 -15"><span class='ocrx_word' id='word_1_497' title='bbox 199 3559 297 3611; x_wconf 74' lang='grc' dir='ltr'><strong>καὶ</strong></span> <span class='ocrx_word' id='word_1_498' title='bbox 342 3557 604 3626; x_wconf 81' lang='grc' dir='ltr'>σπουδὴν,</span> <span class='ocrx_word' id='word_1_499' title='bbox 649 3556 931 3626; x_wconf 82' lang='grc' dir='ltr'>δοθήσεται</span> <span class='ocrx_word' id='word_1_500' title='bbox 987 3556 1117 3624; x_wconf 77' lang='grc' dir='ltr'>ὑμῖν</span> <span class='ocrx_word' id='word_1_501' title='bbox 1176 3554 1374 3607; x_wconf 86' lang='grc' dir='ltr'>πλείων</span> <span class='ocrx_word' id='word_1_502' title='bbox 1425 3554 1586 3624; x_wconf 86' lang='grc' dir='ltr'>χάρις</span> <span class='ocrx_word' id='word_1_503' title='bbox 1645 3556 1798 3625; x_wconf 87' lang='grc' dir='ltr'>παρὰ</span> 
     </span>
    </p>
   </div>
   <div class='ocr_carea' id='block_1_66' title="bbox 196 3646 1799 3719">
    <p class='ocr_par' dir='ltr' id='par_1_66' title="bbox 196 3646 1799 3719">
     <span class='ocr_line' id='line_1_66' title="bbox 196 3646 1799 3719; baseline -0.002 -17"><span class='ocrx_word' id='word_1_504' title='bbox 196 3649 364 3703; x_wconf 85' lang='grc' dir='ltr'>Θεοῦ.</span> <span class='ocrx_word' id='word_1_505' title='bbox 404 3651 497 3711; x_wconf 80' lang='grc' dir='ltr'>Ὃς</span> <span class='ocrx_word' id='word_1_506' title='bbox 525 3650 569 3701; x_wconf 85' lang='grc' dir='ltr'>δ’</span> <span class='ocrx_word' id='word_1_507' title='bbox 597 3648 663 3703; x_wconf 86' lang='grc' dir='ltr'>ἂν</span> <span class='ocrx_word' id='word_1_508' title='bbox 705 3650 778 3719; x_wconf 84' lang='grc' dir='ltr'>μὴ</span> <span class='ocrx_word' id='word_1_509' title='bbox 807 3648 905 3719; x_wconf 75' lang='grc' dir='ltr'><strong>ἔχῃ</strong></span> <span class='ocrx_word' id='word_1_510' title='bbox 928 3646 1166 3717; x_wconf 82' lang='grc' dir='ltr'>σπουδὴν</span> <span class='ocrx_word' id='word_1_511' title='bbox 1192 3648 1285 3699; x_wconf 73' lang='grc' dir='ltr'><strong>καὶ</strong></span> <span class='ocrx_word' id='word_1_512' title='bbox 1311 3648 1609 3718; x_wconf 80' lang='grc' dir='ltr'>προσοχὴν,</span> <span class='ocrx_word' id='word_1_513' title='bbox 1648 3646 1744 3699; x_wconf 72' lang='grc' dir='ltr'><strong>καὶ</strong></span> <span class='ocrx_word' id='word_1_514' title='bbox 1768 3646 1799 3700; x_wconf 84' lang='grc' dir='ltr'><strong>δ</strong></span> 
     </span>
    </p>
   </div>
   <div class='ocr_carea' id='block_1_67' title="bbox 198 3725 1798 3812">
    <p class='ocr_par' dir='ltr' id='par_1_67' title="bbox 198 3725 1798 3812">
     <span class='ocr_line' id='line_1_67' title="bbox 198 3725 1798 3812; baseline -0.001 -16"><span class='ocrx_word' id='word_1_515' title='bbox 198 3745 352 3797; x_wconf 83' lang='grc' dir='ltr'>δοκεῖ</span> <span class='ocrx_word' id='word_1_516' title='bbox 408 3742 553 3812; x_wconf 69' lang='grc' dir='ltr'>ἔχειν</span> <span class='ocrx_word' id='word_1_517' title='bbox 607 3744 852 3811; x_wconf 78' lang='grc' dir='ltr'>χάρισμα</span> <span class='ocrx_word' id='word_1_518' title='bbox 912 3742 1019 3793; x_wconf 80' lang='grc' dir='ltr'>ἀπὸ</span> <span class='ocrx_word' id='word_1_519' title='bbox 1062 3740 1223 3807; x_wconf 85' lang='grc' dir='ltr'>Θεοῦ,</span> <span class='ocrx_word' id='word_1_520' title='bbox 1256 3740 1346 3794; x_wconf 85' lang='grc' dir='ltr'>διὰ</span> <span class='ocrx_word' id='word_1_521' title='bbox 1387 3725 1485 3810; x_wconf 74' lang='grc' dir='ltr'>τῆς</span> <span class='ocrx_word' id='word_1_522' title='bbox 1533 3741 1798 3812; x_wconf 76' lang='grc' dir='ltr'>ἀμελείας</span> 
     </span>
    </p>
   </div>
   <div class='ocr_carea' id='block_1_68' title="bbox 198 3834 1259 3892">
    <p class='ocr_par' dir='ltr' id='par_1_68' title="bbox 198 3834 1259 3892">
     <span class='ocr_line' id='line_1_68' title="bbox 198 3834 1259 3892; baseline -0.004 -1"><span class='ocrx_word' id='word_1_523' title='bbox 198 3836 371 3892; x_wconf 78' lang='grc' dir='ltr'>αὑτοῦ</span> <span class='ocrx_word' id='word_1_524' title='bbox 411 3836 815 3891; x_wconf 75' lang='grc' dir='ltr'>κατασὸἐννυσι</span> <span class='ocrx_word' id='word_1_525' title='bbox 850 3834 946 3887; x_wconf 74' lang='grc' dir='ltr'><strong>καὶ</strong></span> <span class='ocrx_word' id='word_1_526' title='bbox 972 3834 1259 3888; x_wconf 79' lang='grc' dir='ltr'>ἀπόλλυσι.</span> 
     </span>
    </p>
   </div>
   <div class='ocr_carea' id='block_1_69' title="bbox 280 4125 1795 4197">
    <p class='ocr_par' dir='ltr' id='par_1_69' title="bbox 280 4125 1795 4197">
     <span class='ocr_line' id='line_1_69' title="bbox 280 4125 1795 4197; baseline -0.002 -17"><span class='ocrx_word' id='word_1_527' title='bbox 280 4149 298 4180; x_wconf 77' lang='grc' dir='ltr'><strong>ι</strong></span> <span class='ocrx_word' id='word_1_528' title='bbox 346 4128 717 4197; x_wconf 80' lang='grc' dir='ltr'>ῐίαρεγένοντο</span> <span class='ocrx_word' id='word_1_529' title='bbox 771 4126 827 4178; x_wconf 72' lang='grc' dir='ltr'>δὲ</span> <span class='ocrx_word' id='word_1_530' title='bbox 878 4126 1015 4195; x_wconf 81' lang='grc' dir='ltr'>πρὸς</span> <span class='ocrx_word' id='word_1_531' title='bbox 1072 4125 1237 4178; x_wconf 80' lang='grc' dir='ltr'>αὐτὸν</span> <span class='ocrx_word' id='word_1_532' title='bbox 1274 4128 1307 4195; x_wconf 78' lang='grc' dir='ltr'>ἡ</span> <span class='ocrx_word' id='word_1_533' title='bbox 1368 4126 1552 4196; x_wconf 81' lang='grc' dir='ltr'>μήτηρ</span> <span class='ocrx_word' id='word_1_534' title='bbox 1597 4127 1691 4178; x_wconf 77' lang='grc' dir='ltr'><strong>καὶ</strong></span> <span class='ocrx_word' id='word_1_535' title='bbox 1747 4126 1795 4177; x_wconf 85' lang='grc' dir='ltr'>οἱ</span> 
     </span>
    </p>
   </div>
   <div class='ocr_carea' id='block_1_70' title="bbox 198 4216 1796 4288">
    <p class='ocr_par' dir='ltr' id='par_1_70' title="bbox 198 4216 1796 4288">
     <span class='ocr_line' id='line_1_70' title="bbox 198 4216 1796 4288; baseline -0.001 -15"><span class='ocrx_word' id='word_1_536' title='bbox 198 4220 421 4286; x_wconf 74' lang='grc' dir='ltr'>ἀδελφοὶ</span> <span class='ocrx_word' id='word_1_537' title='bbox 448 4218 636 4279; x_wconf 82' lang='grc' dir='ltr'>αὑτοῦ,</span> <span class='ocrx_word' id='word_1_538' title='bbox 670 4218 763 4270; x_wconf 76' lang='grc' dir='ltr'><strong>καὶ</strong></span> <span class='ocrx_word' id='word_1_539' title='bbox 792 4216 893 4269; x_wconf 81' lang='grc' dir='ltr'><strong>οὐκ</strong></span> <span class='ocrx_word' id='word_1_540' title='bbox 932 4217 1190 4287; x_wconf 59' lang='grc' dir='ltr'>ήδύναντο</span> <span class='ocrx_word' id='word_1_541' title='bbox 1224 4219 1508 4287; x_wconf 84' lang='grc' dir='ltr'>συντυχεῖν</span> <span class='ocrx_word' id='word_1_542' title='bbox 1534 4217 1684 4288; x_wconf 79' lang='grc' dir='ltr'>αὐτῷ</span> <span class='ocrx_word' id='word_1_543' title='bbox 1708 4218 1796 4271; x_wconf 84' lang='grc' dir='ltr'>διὰ</span> 
     </span>
    </p>
   </div>
   <div class='ocr_carea' id='block_1_71' title="bbox 198 4308 1796 4381">
    <p class='ocr_par' dir='ltr' id='par_1_71' title="bbox 198 4308 1796 4381">
     <span class='ocr_line' id='line_1_71' title="bbox 198 4308 1796 4381; baseline -0.003 -16"><span class='ocrx_word' id='word_1_544' title='bbox 198 4314 293 4365; x_wconf 77' lang='grc' dir='ltr'><strong>τὸν</strong></span> <span class='ocrx_word' id='word_1_545' title='bbox 316 4312 490 4381; x_wconf 44' lang='grc' dir='ltr'>θέλον.</span> <span class='ocrx_word' id='word_1_546' title='bbox 526 4312 634 4364; x_wconf 70' lang='grc' dir='ltr'><strong>Καὶ</strong></span> <span class='ocrx_word' id='word_1_547' title='bbox 658 4309 944 4378; x_wconf 77' lang='grc' dir='ltr'>ἀπηγγέλη</span> <span class='ocrx_word' id='word_1_548' title='bbox 977 4308 1146 4378; x_wconf 43' lang='lat' dir='ltr'><strong>ebrii),</strong></span> <span class='ocrx_word' id='word_1_549' title='bbox 1179 4308 1443 4377; x_wconf 79' lang='grc' dir='ltr'>λεγόντων</span> <span class='ocrx_word' id='word_1_550' title='bbox 1468 4326 1481 4340; x_wconf 76' lang='grc' dir='ltr'><strong>ο</strong></span> <span class='ocrx_word' id='word_1_551' title='bbox 1516 4309 1583 4361; x_wconf 80' lang='grc' dir='ltr'><strong><em>Ἠ</em></strong></span> <span class='ocrx_word' id='word_1_552' title='bbox 1611 4310 1796 4379; x_wconf 87' lang='grc' dir='ltr'>μήτηρ</span> 
     </span>
    </p>
   </div>
   <div class='ocr_carea' id='block_1_72' title="bbox 201 4399 1795 4468">
    <p class='ocr_par' dir='ltr' id='par_1_72' title="bbox 201 4399 1795 4468">
     <span class='ocr_line' id='line_1_72' title="bbox 201 4399 1795 4468; baseline -0.004 -11"><span class='ocrx_word' id='word_1_553' title='bbox 201 4422 298 4458; x_wconf 83' lang='grc' dir='ltr'><strong>σου</strong></span> <span class='ocrx_word' id='word_1_554' title='bbox 346 4406 437 4456; x_wconf 69' lang='grc' dir='ltr'>καὶ</span> <span class='ocrx_word' id='word_1_555' title='bbox 472 4405 520 4454; x_wconf 83' lang='lat' dir='ltr'><strong>oi.</strong></span> <span class='ocrx_word' id='word_1_556' title='bbox 556 4400 774 4468; x_wconf 78' lang='grc' dir='ltr'>αδελφοί</span> <span class='ocrx_word' id='word_1_557' title='bbox 806 4418 899 4453; x_wconf 81' lang='grc' dir='ltr'><strong>σου</strong></span> <span class='ocrx_word' id='word_1_558' title='bbox 941 4400 1239 4467; x_wconf 72' lang='grc' dir='ltr'>ἐςτήκασιν</span> <span class='ocrx_word' id='word_1_559' title='bbox 1280 4399 1403 4465; x_wconf 73' lang='grc' dir='ltr'>ἔξω,</span> <span class='ocrx_word' id='word_1_560' title='bbox 1442 4400 1572 4452; x_wconf 80' lang='grc' dir='ltr'>ἰδεῖν</span> <span class='ocrx_word' id='word_1_561' title='bbox 1602 4416 1660 4451; x_wconf 86' lang='grc' dir='ltr'><strong>σε</strong></span> <span class='ocrx_word' id='word_1_562' title='bbox 1703 4400 1795 4453; x_wconf 83' lang='grc' dir='ltr'><strong>θέ-</strong></span> 
     </span>
    </p>
   </div>
   <div class='ocr_carea' id='block_1_73' title="bbox 200 4487 1790 4563">
    <p class='ocr_par' dir='ltr' id='par_1_73' title="bbox 200 4487 1790 4563">
     <span class='ocr_line' id='line_1_73' title="bbox 200 4487 1790 4563; baseline -0.003 -13"><span class='ocrx_word' id='word_1_563' title='bbox 200 4499 405 4559; x_wconf 74' lang='grc' dir='ltr'>λοντες.</span> <span class='ocrx_word' id='word_1_564' title='bbox 452 4498 507 4549; x_wconf 81' lang='grc' dir='ltr'>Ὀ</span> <span class='ocrx_word' id='word_1_565' title='bbox 532 4496 585 4548; x_wconf 78' lang='grc' dir='ltr'>δὲ</span> <span class='ocrx_word' id='word_1_566' title='bbox 614 4494 959 4563; x_wconf 71' lang='grc' dir='ltr'>ἀποκριθεὶς,</span> <span class='ocrx_word' id='word_1_567' title='bbox 996 4487 1113 4545; x_wconf 75' lang='grc' dir='ltr'>εἶπε</span> <span class='ocrx_word' id='word_1_568' title='bbox 1150 4492 1285 4563; x_wconf 77' lang='grc' dir='ltr'>πρὸς</span> <span class='ocrx_word' id='word_1_569' title='bbox 1316 4492 1514 4556; x_wconf 78' lang='grc' dir='ltr'>αὐτούς</span> <span class='ocrx_word' id='word_1_570' title='bbox 1536 4510 1549 4522; x_wconf 72' lang='grc' dir='ltr'><strong>ο</strong></span> <span class='ocrx_word' id='word_1_571' title='bbox 1585 4494 1790 4563; x_wconf 79' lang='grc' dir='ltr'>Μήτηρ</span> 
     </span>
    </p>
   </div>
   <div class='ocr_carea' id='block_1_74' title="bbox 204 4565 1868 4660">
    <p class='ocr_par' dir='ltr' id='par_1_74' title="bbox 204 4565 1868 4660">
     <span class='ocr_line' id='line_1_74' title="bbox 204 4565 1868 4660; baseline -0.002 -18"><span class='ocrx_word' id='word_1_572' title='bbox 204 4607 306 4660; x_wconf 75' lang='grc' dir='ltr'><strong>μου</strong></span> <span class='ocrx_word' id='word_1_573' title='bbox 338 4591 432 4641; x_wconf 75' lang='grc' dir='ltr'><strong>καὶ</strong></span> <span class='ocrx_word' id='word_1_574' title='bbox 468 4587 691 4655; x_wconf 81' lang='grc' dir='ltr'>ἀδελφοί</span> <span class='ocrx_word' id='word_1_575' title='bbox 730 4604 831 4657; x_wconf 86' lang='grc' dir='ltr'><strong>μου</strong></span> <span class='ocrx_word' id='word_1_576' title='bbox 883 4580 1031 4640; x_wconf 74' lang='grc' dir='ltr'>οὗτοι</span> <span class='ocrx_word' id='word_1_577' title='bbox 1081 4587 1219 4638; x_wconf 77' lang='grc' dir='ltr'>εἰσιν</span> <span class='ocrx_word' id='word_1_578' title='bbox 1254 4588 1300 4639; x_wconf 81' lang='lat' dir='ltr'><strong>oi</strong></span> <span class='ocrx_word' id='word_1_579' title='bbox 1351 4586 1442 4638; x_wconf 79' lang='grc' dir='ltr'><strong>τὸν</strong></span> <span class='ocrx_word' id='word_1_580' title='bbox 1497 4586 1655 4654; x_wconf 78' lang='grc' dir='ltr'>λόγον</span> <span class='ocrx_word' id='word_1_581' title='bbox 1696 4587 1789 4639; x_wconf 85' lang='grc' dir='ltr'><strong>τοῦ</strong></span> <span class='ocrx_word' id='word_1_582' title='bbox 1825 4565 1868 4621; x_wconf 79' lang='lat' dir='ltr'><strong>D</strong></span> 
     </span>
    </p>
   </div>
   <div class='ocr_carea' id='block_1_75' title="bbox 199 4678 1790 4742">
    <p class='ocr_par' dir='ltr' id='par_1_75' title="bbox 199 4678 1790 4742">
     <span class='ocr_line' id='line_1_75' title="bbox 199 4678 1790 4742; baseline -0.001 -7"><span class='ocrx_word' id='word_1_583' title='bbox 199 4682 335 4735; x_wconf 83' lang='grc' dir='ltr'>Θεοῦ</span> <span class='ocrx_word' id='word_1_584' title='bbox 385 4681 675 4742; x_wconf 81' lang='grc' dir='ltr'>ἀκούοντες</span> <span class='ocrx_word' id='word_1_585' title='bbox 721 4682 817 4733; x_wconf 73' lang='grc' dir='ltr'>καὶ</span> <span class='ocrx_word' id='word_1_586' title='bbox 856 4678 1158 4741; x_wconf 84' lang='grc' dir='ltr'>ποιοῦντες.</span> <span class='ocrx_word' id='word_1_587' title='bbox 1198 4698 1216 4729; x_wconf 76' lang='grc' dir='ltr'><strong>ι</strong></span> <span class='ocrx_word' id='word_1_588' title='bbox 1260 4679 1543 4733; x_wconf 81' lang='grc' dir='ltr'>Ἐντεῦθεν</span> <span class='ocrx_word' id='word_1_589' title='bbox 1584 4681 1790 4733; x_wconf 82' lang='grc' dir='ltr'>δείκνυ-</span> 
     </span>
    </p>
   </div>
   <div class='ocr_carea' id='block_1_76' title="bbox 199 4768 1792 4844">
    <p class='ocr_par' dir='ltr' id='par_1_76' title="bbox 199 4768 1792 4844">
     <span class='ocr_line' id='line_1_76' title="bbox 199 4768 1792 4844; baseline -0.001 -16"><span class='ocrx_word' id='word_1_590' title='bbox 199 4793 311 4837; x_wconf 81' lang='grc' dir='ltr'>ται,</span> <span class='ocrx_word' id='word_1_591' title='bbox 344 4777 425 4827; x_wconf 75' lang='grc' dir='ltr'>ὅτι</span> <span class='ocrx_word' id='word_1_592' title='bbox 468 4776 567 4827; x_wconf 77' lang='grc' dir='ltr'><strong>οὐκ</strong></span> <span class='ocrx_word' id='word_1_593' title='bbox 594 4768 661 4843; x_wconf 79' lang='grc' dir='ltr'>ἦν</span> <span class='ocrx_word' id='word_1_594' title='bbox 705 4774 842 4842; x_wconf 77' lang='grc' dir='ltr'>μετὰ</span> <span class='ocrx_word' id='word_1_595' title='bbox 883 4772 995 4825; x_wconf 82' lang='grc' dir='ltr'><strong>τῶν</strong></span> <span class='ocrx_word' id='word_1_596' title='bbox 1048 4773 1191 4826; x_wconf 82' lang='grc' dir='ltr'>κατὰ</span> <span class='ocrx_word' id='word_1_597' title='bbox 1242 4774 1422 4844; x_wconf 86' lang='grc' dir='ltr'>σάρκα</span> <span class='ocrx_word' id='word_1_598' title='bbox 1456 4774 1738 4841; x_wconf 83' lang='grc' dir='ltr'>συγγενῶν</span> <span class='ocrx_word' id='word_1_599' title='bbox 1764 4778 1792 4827; x_wconf 79' lang='grc' dir='ltr'>ὁ</span> 
     </span>
    </p>
   </div>
   <div class='ocr_carea' id='block_1_77' title="bbox 201 4866 1790 4939">
    <p class='ocr_par' dir='ltr' id='par_1_77' title="bbox 201 4866 1790 4939">
     <span class='ocr_line' id='line_1_77' title="bbox 201 4866 1790 4939; baseline 0 -18"><span class='ocrx_word' id='word_1_600' title='bbox 201 4870 459 4939; x_wconf 49' lang='grc' dir='ltr'>Χριστόν</span> <span class='ocrx_word' id='word_1_601' title='bbox 491 4866 807 4921; x_wconf 83' lang='grc' dir='ltr'>καταλιπὼν</span> <span class='ocrx_word' id='word_1_602' title='bbox 838 4866 947 4937; x_wconf 83' lang='grc' dir='ltr'>γὰρ</span> <span class='ocrx_word' id='word_1_603' title='bbox 977 4866 1221 4931; x_wconf 83' lang='grc' dir='ltr'>τούτους,</span> <span class='ocrx_word' id='word_1_604' title='bbox 1252 4867 1504 4936; x_wconf 79' lang='grc' dir='ltr'>σχολάζει</span> <span class='ocrx_word' id='word_1_605' title='bbox 1535 4870 1598 4937; x_wconf 79' lang='grc' dir='ltr'>τῇ</span> <span class='ocrx_word' id='word_1_606' title='bbox 1626 4885 1790 4921; x_wconf 86' lang='grc' dir='ltr'>πνευ-</span> 
     </span>
    </p>
   </div>
   <div class='ocr_carea' id='block_1_78' title="bbox 204 4958 1792 5030">
    <p class='ocr_par' dir='ltr' id='par_1_78' title="bbox 204 4958 1792 5030">
     <span class='ocr_line' id='line_1_78' title="bbox 204 4958 1792 5030; baseline -0.001 -17"><span class='ocrx_word' id='word_1_607' title='bbox 204 4962 407 5030; x_wconf 76' lang='grc' dir='ltr'>ματικῇ</span> <span class='ocrx_word' id='word_1_608' title='bbox 439 4958 780 5029; x_wconf 82' lang='grc' dir='ltr'>διδασκαλίᾳ,</span> <span class='ocrx_word' id='word_1_609' title='bbox 829 4958 944 5011; x_wconf 83' lang='grc' dir='ltr'>ἀλλ’</span> <span class='ocrx_word' id='word_1_610' title='bbox 979 4960 1177 5011; x_wconf 78' lang='grc' dir='ltr'>ἐκείνοι</span> <span class='ocrx_word' id='word_1_611' title='bbox 1224 4959 1620 5027; x_wconf 82' lang='grc' dir='ltr'>παραγίνονται</span> <span class='ocrx_word' id='word_1_612' title='bbox 1652 4960 1792 5029; x_wconf 85' lang='grc' dir='ltr'>πρὸς</span> 
     </span>
    </p>
   </div>
   <div class='ocr_carea' id='block_1_79' title="bbox 214 5044 1789 5119">
    <p class='ocr_par' dir='ltr' id='par_1_79' title="bbox 214 5044 1789 5119">
     <span class='ocr_line' id='line_1_79' title="bbox 214 5044 1789 5119; baseline -0.001 -17"><span class='ocrx_word' id='word_1_613' title='bbox 214 5051 386 5104; x_wconf 64' lang='lat' dir='ltr'><strong>tam.</strong></span> <span class='ocrx_word' id='word_1_614' title='bbox 419 5048 607 5111; x_wconf 71' lang='grc' dir='ltr'>Οὕτως</span> <span class='ocrx_word' id='word_1_615' title='bbox 644 5044 737 5101; x_wconf 77' lang='grc' dir='ltr'><strong>οὖν</strong></span> <span class='ocrx_word' id='word_1_616' title='bbox 784 5048 889 5119; x_wconf 83' lang='grc' dir='ltr'><strong>χρὴ</strong></span> <span class='ocrx_word' id='word_1_617' title='bbox 916 5047 1012 5101; x_wconf 76' lang='grc' dir='ltr'><strong>καὶ</strong></span> <span class='ocrx_word' id='word_1_618' title='bbox 1045 5048 1225 5101; x_wconf 86' lang='grc' dir='ltr'>πάντα</span> <span class='ocrx_word' id='word_1_619' title='bbox 1251 5049 1343 5100; x_wconf 84' lang='grc' dir='ltr'><strong>τὸν</strong></span> <span class='ocrx_word' id='word_1_620' title='bbox 1367 5048 1647 5103; x_wconf 75' lang='grc' dir='ltr'>διακονίαν</span> <span class='ocrx_word' id='word_1_621' title='bbox 1688 5068 1789 5101; x_wconf 81' lang='grc' dir='ltr'>πε-</span> 
     </span>
    </p>
   </div>
   <div class='ocr_carea' id='block_1_80' title="bbox 205 5141 1792 5213">
    <p class='ocr_par' dir='ltr' id='par_1_80' title="bbox 205 5141 1792 5213">
     <span class='ocr_line' id='line_1_80' title="bbox 205 5141 1792 5213; baseline 0 -18"><span class='ocrx_word' id='word_1_622' title='bbox 205 5144 566 5213; x_wconf 82' lang='grc' dir='ltr'>πιστευμένον</span> <span class='ocrx_word' id='word_1_623' title='bbox 618 5141 776 5207; x_wconf 88' lang='grc' dir='ltr'>Θεοῦ,</span> <span class='ocrx_word' id='word_1_624' title='bbox 840 5142 1006 5212; x_wconf 81' lang='grc' dir='ltr'>μηδὲν</span> <span class='ocrx_word' id='word_1_625' title='bbox 1058 5142 1345 5195; x_wconf 80' lang='grc' dir='ltr'>ποιεῖσθαι</span> <span class='ocrx_word' id='word_1_626' title='bbox 1395 5144 1792 5213; x_wconf 86' lang='grc' dir='ltr'>προτιμότερον</span> 
     </span>
    </p>
   </div>
   <div class='ocr_carea' id='block_1_81' title="bbox 199 5232 1793 5304">
    <p class='ocr_par' dir='ltr' id='par_1_81' title="bbox 199 5232 1793 5304">
     <span class='ocr_line' id='line_1_81' title="bbox 199 5232 1793 5304; baseline -0.001 -17"><span class='ocrx_word' id='word_1_627' title='bbox 199 5236 428 5303; x_wconf 84' lang='grc' dir='ltr'>ταύτης,</span> <span class='ocrx_word' id='word_1_628' title='bbox 467 5235 600 5287; x_wconf 82' lang='grc' dir='ltr'>ἀλλὰ</span> <span class='ocrx_word' id='word_1_629' title='bbox 629 5235 724 5288; x_wconf 70' lang='lat' dir='ltr'><strong>xui</strong></span> <span class='ocrx_word' id='word_1_630' title='bbox 766 5236 946 5301; x_wconf 87' lang='grc' dir='ltr'>γονεῖς</span> <span class='ocrx_word' id='word_1_631' title='bbox 976 5232 1377 5304; x_wconf 82' lang='grc' dir='ltr'>παρωθεῐσθαι,</span> <span class='ocrx_word' id='word_1_632' title='bbox 1415 5235 1532 5302; x_wconf 77' lang='grc' dir='ltr'>εἴγε</span> <span class='ocrx_word' id='word_1_633' title='bbox 1568 5235 1793 5300; x_wconf 78' lang='grc' dir='ltr'>μέλλου-</span> 
     </span>
    </p>
   </div>
   <div class='ocr_carea' id='block_1_82' title="bbox 206 5327 1794 5399">
    <p class='ocr_par' dir='ltr' id='par_1_82' title="bbox 206 5327 1794 5399">
     <span class='ocr_line' id='line_1_82' title="bbox 206 5327 1794 5399; baseline 0 -19"><span class='ocrx_word' id='word_1_634' title='bbox 206 5345 289 5380; x_wconf 85' lang='grc' dir='ltr'><strong>σιν</strong></span> <span class='ocrx_word' id='word_1_635' title='bbox 330 5330 473 5397; x_wconf 72' lang='grc' dir='ltr'>ήμᾶς</span> <span class='ocrx_word' id='word_1_636' title='bbox 520 5328 836 5399; x_wconf 66' lang='grc' dir='ltr'>ἐμποδίζειν</span> <span class='ocrx_word' id='word_1_637' title='bbox 892 5327 1185 5394; x_wconf 81' lang='grc' dir='ltr'>ἀνωφελῶς</span> <span class='ocrx_word' id='word_1_638' title='bbox 1256 5329 1351 5379; x_wconf 74' lang='lat' dir='ltr'><strong>xai</strong></span> <span class='ocrx_word' id='word_1_639' title='bbox 1398 5328 1574 5397; x_wconf 89' lang='grc' dir='ltr'>μάτην</span> <span class='ocrx_word' id='word_1_640' title='bbox 1616 5331 1695 5391; x_wconf 89' lang='grc' dir='ltr'><strong>είς</strong></span> <span class='ocrx_word' id='word_1_641' title='bbox 1733 5328 1794 5381; x_wconf 75' lang='grc' dir='ltr'>τὸ</span> 
     </span>
    </p>
   </div>
   <div class='ocr_carea' id='block_1_83' title="bbox 203 5414 1789 5490">
    <p class='ocr_par' dir='ltr' id='par_1_83' title="bbox 203 5414 1789 5490">
     <span class='ocr_line' id='line_1_83' title="bbox 203 5414 1789 5490; baseline 0 -16"><span class='ocrx_word' id='word_1_642' title='bbox 203 5420 299 5474; x_wconf 70' lang='grc' dir='ltr'><strong>τοῦ</strong></span> <span class='ocrx_word' id='word_1_643' title='bbox 332 5420 466 5472; x_wconf 81' lang='grc' dir='ltr'>Θεοῦ</span> <span class='ocrx_word' id='word_1_644' title='bbox 496 5421 676 5489; x_wconf 82' lang='grc' dir='ltr'>ἔργον.</span> <span class='ocrx_word' id='word_1_645' title='bbox 718 5420 929 5490; x_wconf 80' lang='grc' dir='ltr'>Ὥσπερ</span> <span class='ocrx_word' id='word_1_646' title='bbox 959 5414 1051 5472; x_wconf 84' lang='grc' dir='ltr'>οὖν</span> <span class='ocrx_word' id='word_1_647' title='bbox 1082 5420 1176 5471; x_wconf 71' lang='grc' dir='ltr'>καὶ</span> <span class='ocrx_word' id='word_1_648' title='bbox 1205 5419 1297 5472; x_wconf 88' lang='grc' dir='ltr'><strong>νῦν</strong></span> <span class='ocrx_word' id='word_1_649' title='bbox 1328 5422 1354 5471; x_wconf 87' lang='grc' dir='ltr'>ὁ</span> <span class='ocrx_word' id='word_1_650' title='bbox 1391 5421 1597 5490; x_wconf 81' lang='grc' dir='ltr'>Κύριος</span> <span class='ocrx_word' id='word_1_651' title='bbox 1626 5423 1789 5475; x_wconf 78' lang='grc' dir='ltr'>ποιεῖ.</span> 
     </span>
    </p>
   </div>
   <div class='ocr_carea' id='block_1_84' title="bbox 1902 3293 3505 3366">
    <p class='ocr_par' dir='ltr' id='par_1_84' title="bbox 1902 3293 3505 3366">
     <span class='ocr_line' id='line_1_84' title="bbox 1902 3293 3505 3366; baseline -0.003 -12"><span class='ocrx_word' id='word_1_652' title='bbox 1902 3298 2224 3365; x_wconf 81' lang='lat' dir='ltr'><strong>certamine,</strong></span> <span class='ocrx_word' id='word_1_653' title='bbox 2280 3304 2466 3366; x_wconf 88' lang='lat' dir='ltr'><strong>utpote</strong></span> <span class='ocrx_word' id='word_1_654' title='bbox 2512 3296 2580 3350; x_wconf 87' lang='lat' dir='ltr'><strong>ab</strong></span> <span class='ocrx_word' id='word_1_655' title='bbox 2637 3295 2890 3350; x_wconf 80' lang='lat' dir='ltr'><strong>omnibus</strong></span> <span class='ocrx_word' id='word_1_656' title='bbox 2948 3296 3341 3365; x_wconf 79' lang='lat' dir='ltr'><strong>conspiciendi.</strong></span> <span class='ocrx_word' id='word_1_657' title='bbox 3401 3293 3505 3360; x_wconf 83' lang='lat' dir='ltr'><strong>Qui</strong></span> 
     </span>
    </p>
   </div>
   <div class='ocr_carea' id='block_1_85' title="bbox 1900 3385 3503 3457">
    <p class='ocr_par' dir='ltr' id='par_1_85' title="bbox 1900 3385 3503 3457">
     <span class='ocr_line' id='line_1_85' title="bbox 1900 3385 3503 3457; baseline -0.003 -12"><span class='ocrx_word' id='word_1_658' title='bbox 1900 3389 2045 3445; x_wconf 87' lang='lat' dir='ltr'><strong>enim</strong></span> <span class='ocrx_word' id='word_1_659' title='bbox 2093 3390 2249 3442; x_wconf 88' lang='lat' dir='ltr'><strong>docet</strong></span> <span class='ocrx_word' id='word_1_660' title='bbox 2288 3402 2350 3441; x_wconf 88' lang='lat' dir='ltr'><strong>ac</strong></span> <span class='ocrx_word' id='word_1_661' title='bbox 2397 3385 2678 3455; x_wconf 69' lang='lat' dir='ltr'><strong>prazdicat,</strong></span> <span class='ocrx_word' id='word_1_662' title='bbox 2728 3387 2798 3440; x_wconf 88' lang='lat' dir='ltr'><strong>ab</strong></span> <span class='ocrx_word' id='word_1_663' title='bbox 2836 3386 3094 3440; x_wconf 89' lang='lat' dir='ltr'><strong>omnibus</strong></span> <span class='ocrx_word' id='word_1_664' title='bbox 3141 3387 3503 3457; x_wconf 84' lang='lat' dir='ltr'><strong>conspicitur.</strong></span> 
     </span>
    </p>
   </div>
   <div class='ocr_carea' id='block_1_86' title="bbox 1900 3477 3506 3549">
    <p class='ocr_par' dir='ltr' id='par_1_86' title="bbox 1900 3477 3506 3549">
     <span class='ocr_line' id='line_1_86' title="bbox 1900 3477 3506 3549; baseline 0.001 -16"><span class='ocrx_word' id='word_1_665' title='bbox 1900 3480 1969 3533; x_wconf 91' lang='lat' dir='ltr'><strong>ab</strong></span> <span class='ocrx_word' id='word_1_666' title='bbox 1992 3479 2247 3533; x_wconf 84' lang='lat' dir='ltr'><strong>omnibus</strong></span> <span class='ocrx_word' id='word_1_667' title='bbox 2274 3477 2606 3547; x_wconf 86' lang='lat' dir='ltr'><strong>dijudicatur</strong></span> <span class='ocrx_word' id='word_1_668' title='bbox 2632 3519 2648 3545; x_wconf 89' lang='lat'><strong>,</strong></span> <span class='ocrx_word' id='word_1_669' title='bbox 2674 3477 2841 3549; x_wconf 72' lang='lat'><strong>326</strong></span> <span class='ocrx_word' id='word_1_670' title='bbox 2871 3493 2997 3530; x_wconf 90' lang='lat' dir='ltr'><strong>num</strong></span> <span class='ocrx_word' id='word_1_671' title='bbox 3034 3480 3299 3533; x_wconf 77' lang='lat' dir='ltr'><strong>honestes</strong></span> <span class='ocrx_word' id='word_1_672' title='bbox 3322 3479 3414 3546; x_wconf 85' lang='lat' dir='ltr'><strong>sit,</strong></span> <span class='ocrx_word' id='word_1_673' title='bbox 3450 3491 3506 3534; x_wconf 76' lang='grc' dir='ltr'><strong>ιιι</strong></span> 
     </span>
    </p>
   </div>
   <div class='ocr_carea' id='block_1_87' title="bbox 1902 3568 3499 3640">
    <p class='ocr_par' dir='ltr' id='par_1_87' title="bbox 1902 3568 3499 3640">
     <span class='ocr_line' id='line_1_87' title="bbox 1902 3568 3499 3640; baseline -0.003 -15"><span class='ocrx_word' id='word_1_674' title='bbox 1902 3570 2037 3626; x_wconf 86' lang='lat' dir='ltr'><strong>nihil</strong></span> <span class='ocrx_word' id='word_1_675' title='bbox 2096 3570 2239 3640; x_wconf 88' lang='lat' dir='ltr'><strong>quod</strong></span> <span class='ocrx_word' id='word_1_676' title='bbox 2272 3568 2399 3623; x_wconf 87' lang='lat' dir='ltr'><strong>facit</strong></span> <span class='ocrx_word' id='word_1_677' title='bbox 2441 3570 2768 3623; x_wconf 87' lang='lat' dir='ltr'><strong>occultatur.</strong></span> <span class='ocrx_word' id='word_1_678' title='bbox 2805 3568 2908 3623; x_wconf 83' lang='lat' dir='ltr'><strong>Vos</strong></span> <span class='ocrx_word' id='word_1_679' title='bbox 2938 3569 3123 3639; x_wconf 78' lang='lat' dir='ltr'><strong>igitur,</strong></span> <span class='ocrx_word' id='word_1_680' title='bbox 3159 3585 3191 3622; x_wconf 94' lang='grc' dir='ltr'><strong>ο</strong></span> <span class='ocrx_word' id='word_1_681' title='bbox 3219 3569 3499 3638; x_wconf 76' lang='lat' dir='ltr'><strong>discipuli.</strong></span> 
     </span>
    </p>
   </div>
   <div class='ocr_carea' id='block_1_88' title="bbox 1900 3662 3504 3723">
    <p class='ocr_par' dir='ltr' id='par_1_88' title="bbox 1900 3662 3504 3723">
     <span class='ocr_line' id='line_1_88' title="bbox 1900 3662 3504 3723; baseline -0.002 -3"><span class='ocrx_word' id='word_1_682' title='bbox 1900 3666 1947 3721; x_wconf 87' lang='lat' dir='ltr'><strong>si</strong></span> <span class='ocrx_word' id='word_1_683' title='bbox 2001 3664 2347 3719; x_wconf 62' lang='lat' dir='ltr'><strong>attendes-itis</strong></span> <span class='ocrx_word' id='word_1_684' title='bbox 2385 3673 2439 3717; x_wconf 92' lang='lat' dir='ltr'><strong>et</strong></span> <span class='ocrx_word' id='word_1_685' title='bbox 2501 3663 2733 3719; x_wconf 79' lang='lat' dir='ltr'><strong>studiosi</strong></span> <span class='ocrx_word' id='word_1_686' title='bbox 2785 3662 3020 3723; x_wconf 85' lang='lat' dir='ltr'><strong>fueritis.</strong></span> <span class='ocrx_word' id='word_1_687' title='bbox 3086 3662 3309 3717; x_wconf 75' lang='lat' dir='ltr'><strong>dabitur</strong></span> <span class='ocrx_word' id='word_1_688' title='bbox 3348 3664 3504 3717; x_wconf 83' lang='lat' dir='ltr'><strong>vobis</strong></span> 
     </span>
    </p>
   </div>
   <div class='ocr_carea' id='block_1_89' title="bbox 1902 3755 3505 3829">
    <p class='ocr_par' dir='ltr' id='par_1_89' title="bbox 1902 3755 3505 3829">
     <span class='ocr_line' id='line_1_89' title="bbox 1902 3755 3505 3829; baseline -0.003 -15"><span class='ocrx_word' id='word_1_689' title='bbox 1902 3759 2074 3828; x_wconf 82' lang='lat' dir='ltr'><strong>major</strong></span> <span class='ocrx_word' id='word_1_690' title='bbox 2119 3758 2290 3828; x_wconf 83' lang='lat' dir='ltr'><strong>gratia</strong></span> <span class='ocrx_word' id='word_1_691' title='bbox 2349 3771 2379 3811; x_wconf 92' lang='lat' dir='ltr'><strong>a</strong></span> <span class='ocrx_word' id='word_1_692' title='bbox 2420 3757 2548 3810; x_wconf 90' lang='lat' dir='ltr'><strong>Deo.</strong></span> <span class='ocrx_word' id='word_1_693' title='bbox 2588 3755 2689 3821; x_wconf 90' lang='lat' dir='ltr'><strong>Qui</strong></span> <span class='ocrx_word' id='word_1_694' title='bbox 2728 3770 2856 3809; x_wconf 88' lang='lat' dir='ltr'><strong>vero</strong></span> <span class='ocrx_word' id='word_1_695' title='bbox 2885 3770 2989 3809; x_wconf 91' lang='lat' dir='ltr'><strong>non</strong></span> <span class='ocrx_word' id='word_1_696' title='bbox 3040 3756 3354 3811; x_wconf 84' lang='lat' dir='ltr'><strong>adhibuerit</strong></span> <span class='ocrx_word' id='word_1_697' title='bbox 3388 3768 3505 3829; x_wconf 84' lang='lat' dir='ltr'><strong>stu-</strong></span> 
     </span>
    </p>
   </div>
   <div class='ocr_carea' id='block_1_90' title="bbox 1902 3846 3505 3915">
    <p class='ocr_par' dir='ltr' id='par_1_90' title="bbox 1902 3846 3505 3915">
     <span class='ocr_line' id='line_1_90' title="bbox 1902 3846 3505 3915; baseline -0.003 -10"><span class='ocrx_word' id='word_1_698' title='bbox 1902 3852 2048 3907; x_wconf 91' lang='lat' dir='ltr'><strong>dium</strong></span> <span class='ocrx_word' id='word_1_699' title='bbox 2080 3858 2135 3903; x_wconf 90' lang='lat' dir='ltr'><strong>et</strong></span> <span class='ocrx_word' id='word_1_700' title='bbox 2160 3848 2536 3909; x_wconf 86' lang='lat' dir='ltr'><strong>attentionem,</strong></span> <span class='ocrx_word' id='word_1_701' title='bbox 2569 3846 2734 3899; x_wconf 89' lang='lat' dir='ltr'><strong>etiam</strong></span> <span class='ocrx_word' id='word_1_702' title='bbox 2768 3846 2812 3899; x_wconf 89' lang='lat' dir='ltr'><strong>si</strong></span> <span class='ocrx_word' id='word_1_703' title='bbox 2835 3861 2998 3915; x_wconf 90' lang='lat' dir='ltr'><strong>quam</strong></span> <span class='ocrx_word' id='word_1_704' title='bbox 3027 3847 3258 3915; x_wconf 75' lang='lat' dir='ltr'><strong>gratiam</strong></span> <span class='ocrx_word' id='word_1_705' title='bbox 3304 3846 3505 3900; x_wconf 87' lang='lat' dir='ltr'><strong>habere</strong></span> 
     </span>
    </p>
   </div>
   <div class='ocr_carea' id='block_1_91' title="bbox 1901 3938 3504 4009">
    <p class='ocr_par' dir='ltr' id='par_1_91' title="bbox 1901 3938 3504 4009">
     <span class='ocr_line' id='line_1_91' title="bbox 1901 3938 3504 4009; baseline -0.003 -13"><span class='ocrx_word' id='word_1_706' title='bbox 1901 3943 2147 3996; x_wconf 77' lang='lat' dir='ltr'><strong>videatur</strong></span> <span class='ocrx_word' id='word_1_707' title='bbox 2170 3957 2195 3994; x_wconf 88' lang='lat' dir='ltr'><strong>a</strong></span> <span class='ocrx_word' id='word_1_708' title='bbox 2219 3941 2347 4004; x_wconf 85' lang='lat' dir='ltr'><strong>Deo,</strong></span> <span class='ocrx_word' id='word_1_709' title='bbox 2366 3956 2459 4008; x_wconf 86' lang='lat' dir='ltr'><strong>per</strong></span> <span class='ocrx_word' id='word_1_710' title='bbox 2478 3938 2861 4008; x_wconf 76' lang='lat' dir='ltr'><strong>negligentiam</strong></span> <span class='ocrx_word' id='word_1_711' title='bbox 2885 3953 3039 3992; x_wconf 85' lang='lat' dir='ltr'><strong>suam</strong></span> <span class='ocrx_word' id='word_1_712' title='bbox 3068 3953 3188 3992; x_wconf 84' lang='lat' dir='ltr'><strong>eam</strong></span> <span class='ocrx_word' id='word_1_713' title='bbox 3209 3940 3457 4009; x_wconf 81' lang='lat' dir='ltr'><strong>exstingu</strong></span> <span class='ocrx_word' id='word_1_714' title='bbox 3484 3949 3504 3991; x_wconf 87' lang='lat' dir='ltr'><strong>t</strong></span> 
     </span>
    </p>
   </div>
   <div class='ocr_carea' id='block_1_92' title="bbox 1901 4036 2174 4105">
    <p class='ocr_par' dir='ltr' id='par_1_92' title="bbox 1901 4036 2174 4105">
     <span class='ocr_line' id='line_1_92' title="bbox 1901 4036 2174 4105; baseline -0.011 -15"><span class='ocrx_word' id='word_1_715' title='bbox 1901 4046 1951 4090; x_wconf 91' lang='lat' dir='ltr'><strong>et</strong></span> <span class='ocrx_word' id='word_1_716' title='bbox 1979 4036 2174 4105; x_wconf 89' lang='lat' dir='ltr'><strong>perdit.</strong></span> 
     </span>
    </p>
   </div>
   <div class='ocr_carea' id='block_1_93' title="bbox 1976 4146 3498 4206">
    <p class='ocr_par' dir='ltr' id='par_1_93' title="bbox 1976 4146 3498 4206">
     <span class='ocr_line' id='line_1_93' title="bbox 1976 4146 3498 4206; baseline -0.002 -2"><span class='ocrx_word' id='word_1_717' title='bbox 1976 4150 2135 4206; x_wconf 78' lang='lat' dir='ltr'><strong>VERS.</strong></span> <span class='ocrx_word' id='word_1_718' title='bbox 2176 4148 2362 4205; x_wconf 76' lang='grc'><strong>19-21.</strong></span> <span class='ocrx_word' id='word_1_719' title='bbox 2404 4167 2421 4199; x_wconf 84' lang='grc' dir='ltr'><strong>ι</strong></span> <span class='ocrx_word' id='word_1_720' title='bbox 2458 4146 2741 4202; x_wconf 83' lang='lat' dir='ltr'><strong>Venerunt</strong></span> <span class='ocrx_word' id='word_1_721' title='bbox 2782 4157 2963 4202; x_wconf 87' lang='lat' dir='ltr'><strong>autem</strong></span> <span class='ocrx_word' id='word_1_722' title='bbox 3014 4148 3081 4201; x_wconf 86' lang='lat' dir='ltr'><strong>ad</strong></span> <span class='ocrx_word' id='word_1_723' title='bbox 3118 4148 3271 4202; x_wconf 90' lang='lat' dir='ltr'><strong>illum</strong></span> <span class='ocrx_word' id='word_1_724' title='bbox 3331 4157 3498 4201; x_wconf 63' lang='lat' dir='ltr'><strong>matvr</strong></span> 
     </span>
    </p>
   </div>
   <div class='ocr_carea' id='block_1_94' title="bbox 1898 4240 3498 4310">
    <p class='ocr_par' dir='ltr' id='par_1_94' title="bbox 1898 4240 3498 4310">
     <span class='ocr_line' id='line_1_94' title="bbox 1898 4240 3498 4310; baseline -0.005 -11"><span class='ocrx_word' id='word_1_725' title='bbox 1898 4254 1954 4299; x_wconf 87' lang='lat' dir='ltr'><strong>et</strong></span> <span class='ocrx_word' id='word_1_726' title='bbox 2000 4244 2200 4297; x_wconf 77' lang='lat' dir='ltr'><strong>fratres</strong></span> <span class='ocrx_word' id='word_1_727' title='bbox 2248 4242 2386 4310; x_wconf 85' lang='lat' dir='ltr'><strong>ejus,</strong></span> <span class='ocrx_word' id='word_1_728' title='bbox 2438 4249 2493 4294; x_wconf 89' lang='lat' dir='ltr'><strong>et</strong></span> <span class='ocrx_word' id='word_1_729' title='bbox 2554 4255 2661 4294; x_wconf 91' lang='lat' dir='ltr'><strong>non</strong></span> <span class='ocrx_word' id='word_1_730' title='bbox 2722 4248 2977 4307; x_wconf 88' lang='lat' dir='ltr'><strong>poterant</strong></span> <span class='ocrx_word' id='word_1_731' title='bbox 3020 4240 3175 4293; x_wconf 87' lang='lat' dir='ltr'><strong>adire</strong></span> <span class='ocrx_word' id='word_1_732' title='bbox 3224 4253 3346 4292; x_wconf 89' lang='lat' dir='ltr'><strong>eum</strong></span> <span class='ocrx_word' id='word_1_733' title='bbox 3390 4254 3498 4307; x_wconf 71' lang='lat' dir='ltr'><strong>prae</strong></span> 
     </span>
    </p>
   </div>
   <div class='ocr_carea' id='block_1_95' title="bbox 1899 4329 3497 4399">
    <p class='ocr_par' dir='ltr' id='par_1_95' title="bbox 1899 4329 3497 4399">
     <span class='ocr_line' id='line_1_95' title="bbox 1899 4329 3497 4399; baseline -0.003 -11"><span class='ocrx_word' id='word_1_734' title='bbox 1899 4337 2076 4399; x_wconf 90' lang='lat' dir='ltr'><strong>turba,</strong></span> <span class='ocrx_word' id='word_1_735' title='bbox 2108 4344 2163 4388; x_wconf 85' lang='lat' dir='ltr'><strong>et</strong></span> <span class='ocrx_word' id='word_1_736' title='bbox 2214 4334 2524 4388; x_wconf 87' lang='lat' dir='ltr'><strong>nuntiatum</strong></span> <span class='ocrx_word' id='word_1_737' title='bbox 2559 4342 2641 4386; x_wconf 89' lang='lat' dir='ltr'><strong>est</strong></span> <span class='ocrx_word' id='word_1_738' title='bbox 2670 4330 2783 4397; x_wconf 68' lang='lat' dir='ltr'><strong>illi,i</strong></span> <span class='ocrx_word' id='word_1_739' title='bbox 2832 4331 3166 4399; x_wconf 88' lang='lat' dir='ltr'><strong>dictumque,</strong></span> <span class='ocrx_word' id='word_1_740' title='bbox 3203 4329 3373 4383; x_wconf 83' lang='lat' dir='ltr'><strong>Mater</strong></span> <span class='ocrx_word' id='word_1_741' title='bbox 3409 4340 3497 4383; x_wconf 83' lang='lat' dir='ltr'><strong>tua</strong></span> 
     </span>
    </p>
   </div>
   <div class='ocr_carea' id='block_1_96' title="bbox 1897 4422 3499 4490">
    <p class='ocr_par' dir='ltr' id='par_1_96' title="bbox 1897 4422 3499 4490">
     <span class='ocr_line' id='line_1_96' title="bbox 1897 4422 3499 4490; baseline -0.005 -7"><span class='ocrx_word' id='word_1_742' title='bbox 1897 4438 1951 4483; x_wconf 91' lang='lat' dir='ltr'><strong>et</strong></span> <span class='ocrx_word' id='word_1_743' title='bbox 1974 4427 2170 4481; x_wconf 84' lang='lat' dir='ltr'><strong>fratres</strong></span> <span class='ocrx_word' id='word_1_744' title='bbox 2225 4427 2299 4481; x_wconf 88' lang='lat' dir='ltr'><strong>tui</strong></span> <span class='ocrx_word' id='word_1_745' title='bbox 2352 4435 2501 4479; x_wconf 87' lang='lat' dir='ltr'><strong>stant</strong></span> <span class='ocrx_word' id='word_1_746' title='bbox 2548 4424 2699 4488; x_wconf 85' lang='lat' dir='ltr'><strong>foris,</strong></span> <span class='ocrx_word' id='word_1_747' title='bbox 2742 4423 2983 4478; x_wconf 75' lang='lat' dir='ltr'><strong>volentes</strong></span> <span class='ocrx_word' id='word_1_748' title='bbox 3031 4433 3081 4477; x_wconf 89' lang='lat' dir='ltr'><strong>te</strong></span> <span class='ocrx_word' id='word_1_749' title='bbox 3132 4424 3335 4478; x_wconf 87' lang='lat' dir='ltr'><strong>videre.</strong></span> <span class='ocrx_word' id='word_1_750' title='bbox 3397 4422 3499 4490; x_wconf 80' lang='lat' dir='ltr'><strong>Qui</strong></span> 
     </span>
    </p>
   </div>
   <div class='ocr_carea' id='block_1_97' title="bbox 1898 4514 3497 4586">
    <p class='ocr_par' dir='ltr' id='par_1_97' title="bbox 1898 4514 3497 4586">
     <span class='ocr_line' id='line_1_97' title="bbox 1898 4514 3497 4586; baseline -0.002 -14"><span class='ocrx_word' id='word_1_751' title='bbox 1898 4519 2235 4586; x_wconf 89' lang='lat' dir='ltr'><strong>respondens</strong></span> <span class='ocrx_word' id='word_1_752' title='bbox 2266 4517 2404 4571; x_wconf 81' lang='lat' dir='ltr'><strong>dixit</strong></span> <span class='ocrx_word' id='word_1_753' title='bbox 2434 4517 2499 4569; x_wconf 87' lang='lat' dir='ltr'><strong>ad</strong></span> <span class='ocrx_word' id='word_1_754' title='bbox 2543 4515 2701 4569; x_wconf 86' lang='lat' dir='ltr'><strong>illos:</strong></span> <span class='ocrx_word' id='word_1_755' title='bbox 2729 4514 2901 4568; x_wconf 83' lang='lat' dir='ltr'><strong>Mater</strong></span> <span class='ocrx_word' id='word_1_756' title='bbox 2938 4529 3053 4568; x_wconf 86' lang='lat' dir='ltr'><strong>mea</strong></span> <span class='ocrx_word' id='word_1_757' title='bbox 3087 4524 3139 4568; x_wconf 87' lang='lat' dir='ltr'><strong>et</strong></span> <span class='ocrx_word' id='word_1_758' title='bbox 3172 4514 3369 4569; x_wconf 83' lang='lat' dir='ltr'><strong>fratres</strong></span> <span class='ocrx_word' id='word_1_759' title='bbox 3396 4516 3497 4569; x_wconf 73' lang='lat' dir='ltr'><strong>mei</strong></span> 
     </span>
    </p>
   </div>
   <div class='ocr_carea' id='block_1_98' title="bbox 1902 4604 3494 4678">
    <p class='ocr_par' dir='ltr' id='par_1_98' title="bbox 1902 4604 3494 4678">
     <span class='ocr_line' id='line_1_98' title="bbox 1902 4604 3494 4678; baseline -0.004 -13"><span class='ocrx_word' id='word_1_760' title='bbox 1902 4611 1954 4665; x_wconf 87' lang='lat' dir='ltr'><strong>hi</strong></span> <span class='ocrx_word' id='word_1_761' title='bbox 1989 4619 2119 4665; x_wconf 87' lang='lat' dir='ltr'><strong>sunt</strong></span> <span class='ocrx_word' id='word_1_762' title='bbox 2172 4609 2264 4678; x_wconf 88' lang='lat' dir='ltr'><strong>qui</strong></span> <span class='ocrx_word' id='word_1_763' title='bbox 2328 4620 2637 4663; x_wconf 79' lang='lat' dir='ltr'><strong>sermoitetn</strong></span> <span class='ocrx_word' id='word_1_764' title='bbox 2693 4604 2787 4659; x_wconf 90' lang='lat' dir='ltr'><strong>Dei</strong></span> <span class='ocrx_word' id='word_1_765' title='bbox 2824 4609 3070 4670; x_wconf 87' lang='lat' dir='ltr'><strong>audiunt,</strong></span> <span class='ocrx_word' id='word_1_766' title='bbox 3103 4617 3159 4660; x_wconf 89' lang='lat' dir='ltr'><strong>et</strong></span> <span class='ocrx_word' id='word_1_767' title='bbox 3206 4605 3409 4659; x_wconf 80' lang='lat' dir='ltr'><strong>faciunt</strong></span> <span class='ocrx_word' id='word_1_768' title='bbox 3437 4607 3494 4659; x_wconf 68' lang='grc' dir='ltr'><strong>εις</strong></span> 
     </span>
    </p>
   </div>
   <div class='ocr_carea' id='block_1_99' title="bbox 1902 4698 3492 4767">
    <p class='ocr_par' dir='ltr' id='par_1_99' title="bbox 1902 4698 3492 4767">
     <span class='ocr_line' id='line_1_99' title="bbox 1902 4698 3492 4767; baseline -0.001 -13"><span class='ocrx_word' id='word_1_769' title='bbox 1902 4702 2031 4755; x_wconf 87' lang='lat' dir='ltr'><strong>lum.</strong></span> <span class='ocrx_word' id='word_1_770' title='bbox 2074 4719 2092 4751; x_wconf 75' lang='grc' dir='ltr'><strong>ι</strong></span> <span class='ocrx_word' id='word_1_771' title='bbox 2134 4700 2246 4755; x_wconf 88' lang='lat' dir='ltr'><strong>lloc</strong></span> <span class='ocrx_word' id='word_1_772' title='bbox 2310 4700 2429 4754; x_wconf 86' lang='lat' dir='ltr'><strong>loco</strong></span> <span class='ocrx_word' id='word_1_773' title='bbox 2480 4698 2790 4753; x_wconf 88' lang='lat' dir='ltr'><strong>ostenditur</strong></span> <span class='ocrx_word' id='word_1_774' title='bbox 2840 4700 2983 4767; x_wconf 87' lang='lat' dir='ltr'><strong>quod</strong></span> <span class='ocrx_word' id='word_1_775' title='bbox 3037 4700 3194 4753; x_wconf 84' lang='lat' dir='ltr'><strong>fuerit</strong></span> <span class='ocrx_word' id='word_1_776' title='bbox 3245 4715 3349 4753; x_wconf 90' lang='lat' dir='ltr'><strong>non</strong></span> <span class='ocrx_word' id='word_1_777' title='bbox 3374 4715 3492 4753; x_wconf 75' lang='lat' dir='ltr'><strong>cum</strong></span> 
     </span>
    </p>
   </div>
   <div class='ocr_carea' id='block_1_100' title="bbox 1900 4784 3492 4861">
    <p class='ocr_par' dir='ltr' id='par_1_100' title="bbox 1900 4784 3492 4861">
     <span class='ocr_line' id='line_1_100' title="bbox 1900 4784 3492 4861; baseline -0.002 -11"><span class='ocrx_word' id='word_1_778' title='bbox 1900 4794 2210 4850; x_wconf 84' lang='lat' dir='ltr'><strong>carnalibus</strong></span> <span class='ocrx_word' id='word_1_779' title='bbox 2236 4793 2483 4861; x_wconf 74' lang='lat' dir='ltr'><strong>cognatis</strong></span> <span class='ocrx_word' id='word_1_780' title='bbox 2518 4793 2771 4846; x_wconf 86' lang='lat' dir='ltr'><strong>Christus</strong></span> <span class='ocrx_word' id='word_1_781' title='bbox 2797 4810 2809 4843; x_wconf 90' lang='lat'>:</span> <span class='ocrx_word' id='word_1_782' title='bbox 2836 4784 2941 4845; x_wconf 82' lang='lat' dir='ltr'><strong>illis</strong></span> <span class='ocrx_word' id='word_1_783' title='bbox 2969 4793 3113 4845; x_wconf 90' lang='lat' dir='ltr'><strong>enim</strong></span> <span class='ocrx_word' id='word_1_784' title='bbox 3136 4790 3359 4856; x_wconf 85' lang='lat' dir='ltr'><strong>relictis,</strong></span> <span class='ocrx_word' id='word_1_785' title='bbox 3389 4793 3492 4861; x_wconf 81' lang='lat' dir='ltr'><strong>spi-</strong></span> 
     </span>
    </p>
   </div>
   <div class='ocr_carea' id='block_1_101' title="bbox 1902 4884 3476 4945">
    <p class='ocr_par' dir='ltr' id='par_1_101' title="bbox 1902 4884 3476 4945">
     <span class='ocr_line' id='line_1_101' title="bbox 1902 4884 3476 4945; baseline -0.003 -3"><span class='ocrx_word' id='word_1_786' title='bbox 1902 4888 2084 4942; x_wconf 88' lang='lat' dir='ltr'><strong>rituali</strong></span> <span class='ocrx_word' id='word_1_787' title='bbox 2109 4886 2339 4941; x_wconf 82' lang='lat' dir='ltr'><strong>vacabat</strong></span> <span class='ocrx_word' id='word_1_788' title='bbox 2368 4886 2652 4945; x_wconf 66' lang='lat' dir='ltr'><strong>doctrinm.</strong></span> <span class='ocrx_word' id='word_1_789' title='bbox 2682 4887 2825 4939; x_wconf 88' lang='lat' dir='ltr'><strong>unde</strong></span> <span class='ocrx_word' id='word_1_790' title='bbox 2858 4884 2930 4938; x_wconf 89' lang='lat' dir='ltr'><strong>illi</strong></span> <span class='ocrx_word' id='word_1_791' title='bbox 2965 4887 3030 4937; x_wconf 89' lang='lat' dir='ltr'><strong>ad</strong></span> <span class='ocrx_word' id='word_1_792' title='bbox 3063 4900 3186 4938; x_wconf 87' lang='lat' dir='ltr'><strong>eum</strong></span> <span class='ocrx_word' id='word_1_793' title='bbox 3210 4887 3476 4939; x_wconf 70' lang='lat' dir='ltr'><strong>accedunt</strong></span> 
     </span>
    </p>
   </div>
   <div class='ocr_carea' id='block_1_102' title="bbox 1902 4962 3482 5048">
    <p class='ocr_par' dir='ltr' id='par_1_102' title="bbox 1902 4962 3482 5048">
     <span class='ocr_line' id='line_1_102' title="bbox 1902 4962 3482 5048; baseline -0.001 -14"><span class='ocrx_word' id='word_1_794' title='bbox 1902 4979 1995 5035; x_wconf 91' lang='lat' dir='ltr'><strong>Sic</strong></span> <span class='ocrx_word' id='word_1_795' title='bbox 2025 4981 2190 5034; x_wconf 87' lang='lat' dir='ltr'><strong>etiam</strong></span> <span class='ocrx_word' id='word_1_796' title='bbox 2218 4962 2431 5048; x_wconf 73' lang='lat' dir='ltr'><strong>Oportet</strong></span> <span class='ocrx_word' id='word_1_797' title='bbox 2463 4989 2520 5031; x_wconf 91' lang='lat' dir='ltr'><strong>ut</strong></span> <span class='ocrx_word' id='word_1_798' title='bbox 2546 4992 2738 5032; x_wconf 88' lang='lat' dir='ltr'><strong>omnes</strong></span> <span class='ocrx_word' id='word_1_799' title='bbox 2769 4976 2971 5045; x_wconf 88' lang='lat' dir='ltr'><strong>quibus</strong></span> <span class='ocrx_word' id='word_1_800' title='bbox 2995 4976 3367 5031; x_wconf 78' lang='lat' dir='ltr'><strong>concreditum</strong></span> <span class='ocrx_word' id='word_1_801' title='bbox 3415 4992 3482 5032; x_wconf 44' lang='lat' dir='ltr'><strong>es!</strong></span> 
     </span>
    </p>
   </div>
   <div class='ocr_carea' id='block_1_103' title="bbox 1900 5067 3557 5138">
    <p class='ocr_par' dir='ltr' id='par_1_103' title="bbox 1900 5067 3557 5138">
     <span class='ocr_line' id='line_1_103' title="bbox 1900 5067 3557 5138; baseline -0.001 -13"><span class='ocrx_word' id='word_1_802' title='bbox 1900 5072 2265 5125; x_wconf 81' lang='lat' dir='ltr'><strong>miniSterium</strong></span> <span class='ocrx_word' id='word_1_803' title='bbox 2322 5067 2437 5133; x_wconf 85' lang='lat' dir='ltr'><strong>Dei,</strong></span> <span class='ocrx_word' id='word_1_804' title='bbox 2493 5068 2629 5122; x_wconf 87' lang='lat' dir='ltr'><strong>nihil</strong></span> <span class='ocrx_word' id='word_1_805' title='bbox 2688 5068 2778 5122; x_wconf 86' lang='lat' dir='ltr'><strong>illo</strong></span> <span class='ocrx_word' id='word_1_806' title='bbox 2801 5070 3081 5138; x_wconf 89' lang='lat' dir='ltr'><strong>antiquius</strong></span> <span class='ocrx_word' id='word_1_807' title='bbox 3129 5071 3359 5123; x_wconf 82' lang='lat' dir='ltr'><strong>habeant</strong></span> <span class='ocrx_word' id='word_1_808' title='bbox 3413 5070 3494 5124; x_wconf 82' lang='lat' dir='ltr'><strong>vel</strong></span> <span class='ocrx_word' id='word_1_809' title='bbox 3552 5090 3557 5095; x_wconf 70' lang='grc'><strong>’</strong></span> 
     </span>
    </p>
   </div>
   <div class='ocr_carea' id='block_1_104' title="bbox 1900 5146 3495 5232">
    <p class='ocr_par' dir='ltr' id='par_1_104' title="bbox 1900 5146 3495 5232">
     <span class='ocr_line' id='line_1_104' title="bbox 1900 5146 3495 5232; baseline 0.003 -23"><span class='ocrx_word' id='word_1_810' title='bbox 1900 5158 2213 5232; x_wconf 63' lang='lat' dir='ltr'><strong>praeferant.</strong></span> <span class='ocrx_word' id='word_1_811' title='bbox 2268 5157 2406 5210; x_wconf 83' lang='lat' dir='ltr'><strong>Sunt</strong></span> <span class='ocrx_word' id='word_1_812' title='bbox 2463 5156 2590 5210; x_wconf 89' lang='lat' dir='ltr'><strong>item</strong></span> <span class='ocrx_word' id='word_1_813' title='bbox 2648 5169 2702 5212; x_wconf 92' lang='lat' dir='ltr'><strong>et</strong></span> <span class='ocrx_word' id='word_1_814' title='bbox 2752 5146 3003 5227; x_wconf 85' lang='lat' dir='ltr'><strong>parentes</strong></span> <span class='ocrx_word' id='word_1_815' title='bbox 3050 5158 3369 5229; x_wconf 81' lang='lat' dir='ltr'><strong>repellendi,</strong></span> <span class='ocrx_word' id='word_1_816' title='bbox 3421 5162 3495 5213; x_wconf 86' lang='lat' dir='ltr'><strong>si-</strong></span> 
     </span>
    </p>
   </div>
   <div class='ocr_carea' id='block_1_105' title="bbox 1896 5249 3492 5320">
    <p class='ocr_par' dir='ltr' id='par_1_105' title="bbox 1896 5249 3492 5320">
     <span class='ocr_line' id='line_1_105' title="bbox 1896 5249 3492 5320; baseline 0.003 -19"><span class='ocrx_word' id='word_1_817' title='bbox 1896 5252 2114 5317; x_wconf 86' lang='lat' dir='ltr'><strong>quidem</strong></span> <span class='ocrx_word' id='word_1_818' title='bbox 2179 5253 2385 5318; x_wconf 86' lang='lat' dir='ltr'><strong>absque</strong></span> <span class='ocrx_word' id='word_1_819' title='bbox 2437 5249 2669 5304; x_wconf 84' lang='lat' dir='ltr'><strong>utilitate</strong></span> <span class='ocrx_word' id='word_1_820' title='bbox 2720 5262 2777 5305; x_wconf 89' lang='lat' dir='ltr'><strong>et</strong></span> <span class='ocrx_word' id='word_1_821' title='bbox 2831 5249 3033 5305; x_wconf 86' lang='lat' dir='ltr'><strong>frustra</strong></span> <span class='ocrx_word' id='word_1_822' title='bbox 3088 5252 3144 5305; x_wconf 90' lang='lat' dir='ltr'><strong>in</strong></span> <span class='ocrx_word' id='word_1_823' title='bbox 3204 5267 3369 5320; x_wconf 90' lang='lat' dir='ltr'><strong>opere</strong></span> <span class='ocrx_word' id='word_1_824' title='bbox 3404 5252 3492 5306; x_wconf 80' lang='lat' dir='ltr'><strong>Dei</strong></span> 
     </span>
    </p>
   </div>
   <div class='ocr_carea' id='block_1_106' title="bbox 1898 5343 3491 5413">
    <p class='ocr_par' dir='ltr' id='par_1_106' title="bbox 1898 5343 3491 5413">
     <span class='ocr_line' id='line_1_106' title="bbox 1898 5343 3491 5413; baseline 0.003 -17"><span class='ocrx_word' id='word_1_825' title='bbox 1898 5359 1995 5397; x_wconf 88' lang='lat' dir='ltr'><strong>nos</strong></span> <span class='ocrx_word' id='word_1_826' title='bbox 2027 5344 2339 5413; x_wconf 82' lang='lat' dir='ltr'><strong>impedituri</strong></span> <span class='ocrx_word' id='word_1_827' title='bbox 2385 5350 2533 5407; x_wconf 83' lang='lat' dir='ltr'><strong>sunt,</strong></span> <span class='ocrx_word' id='word_1_828' title='bbox 2580 5344 3036 5412; x_wconf 85' lang='lat' dir='ltr'><strong>quemadmodum</strong></span> <span class='ocrx_word' id='word_1_829' title='bbox 3071 5356 3286 5399; x_wconf 87' lang='lat' dir='ltr'><strong>ctnunc</strong></span> <span class='ocrx_word' id='word_1_830' title='bbox 3313 5343 3491 5401; x_wconf 87' lang='lat' dir='ltr'><strong>Domi-</strong></span> 
     </span>
    </p>
   </div>
   <div class='ocr_carea' id='block_1_107' title="bbox 1899 5435 3481 5508">
    <p class='ocr_par' dir='ltr' id='par_1_107' title="bbox 1899 5435 3481 5508">
     <span class='ocr_line' id='line_1_107' title="bbox 1899 5435 3481 5508; baseline 0.003 -20"><span class='ocrx_word' id='word_1_831' title='bbox 1899 5452 2002 5489; x_wconf 89' lang='lat' dir='ltr'><strong>nus</strong></span> <span class='ocrx_word' id='word_1_832' title='bbox 2050 5436 2199 5489; x_wconf 86' lang='lat' dir='ltr'><strong>facit.</strong></span> <span class='ocrx_word' id='word_1_833' title='bbox 2256 5435 2392 5502; x_wconf 83' lang='lat' dir='ltr'><strong>Quia</strong></span> <span class='ocrx_word' id='word_1_834' title='bbox 2440 5436 2586 5490; x_wconf 88' lang='lat' dir='ltr'><strong>enim</strong></span> <span class='ocrx_word' id='word_1_835' title='bbox 2638 5436 2894 5492; x_wconf 79' lang='lat' dir='ltr'><strong>dixerant</strong></span> <span class='ocrx_word' id='word_1_836' title='bbox 2935 5437 3012 5492; x_wconf 90' lang='lat' dir='ltr'><strong>illi</strong></span> <span class='ocrx_word' id='word_1_837' title='bbox 3042 5440 3260 5508; x_wconf 86' lang='lat' dir='ltr'><strong>quidam</strong></span> <span class='ocrx_word' id='word_1_838' title='bbox 3297 5441 3364 5493; x_wconf 90' lang='lat' dir='ltr'><strong>de</strong></span> <span class='ocrx_word' id='word_1_839' title='bbox 3402 5454 3481 5493; x_wconf 89' lang='lat' dir='ltr'><strong>co-</strong></span> 
     </span>
    </p>
   </div>
   <div class='ocr_carea' id='block_1_108' title="bbox 1162 5624 2521 5695">
    <p class='ocr_par' dir='ltr' id='par_1_108' title="bbox 1162 5624 2521 5695">
     <span class='ocr_line' id='line_1_108' title="bbox 1162 5624 2521 5695; baseline 0.005 -13"><span class='ocrx_word' id='word_1_840' title='bbox 1162 5624 1253 5682; x_wconf 80' lang='lat' dir='ltr'><strong>Ex</strong></span> <span class='ocrx_word' id='word_1_841' title='bbox 1308 5624 1657 5690; x_wconf 86' lang='lat' dir='ltr'><strong>collatione</strong></span> <span class='ocrx_word' id='word_1_842' title='bbox 1707 5632 1898 5695; x_wconf 86' lang='lat' dir='ltr'><strong>codd.</strong></span> <span class='ocrx_word' id='word_1_843' title='bbox 1933 5633 2163 5692; x_wconf 83' lang='lat' dir='ltr'><strong>Venet.</strong></span> <span class='ocrx_word' id='word_1_844' title='bbox 2200 5629 2262 5690; x_wconf 91' lang='lat' dir='ltr'><strong>S.</strong></span> <span class='ocrx_word' id='word_1_845' title='bbox 2303 5627 2521 5689; x_wconf 84' lang='lat' dir='ltr'><strong>Marci.</strong></span> 
     </span>
    </p>
   </div>
   <div class='ocr_carea' id='block_1_109' title="bbox 278 5738 1786 5814">
    <p class='ocr_par' dir='ltr' id='par_1_109' title="bbox 278 5738 1786 5814">
     <span class='ocr_line' id='line_1_109' title="bbox 278 5738 1786 5814; baseline 0.005 -24"><span class='ocrx_word' id='word_1_846' title='bbox 278 5740 352 5814; x_wconf 53' lang='grc' dir='ltr'><strong>(ἦ)</strong></span> <span class='ocrx_word' id='word_1_847' title='bbox 409 5738 696 5814; x_wconf 64' lang='lat' dir='ltr'><strong>90d._5]._</strong></span> <span class='ocrx_word' id='word_1_848' title='bbox 734 5740 941 5803; x_wconf 80' lang='grc' dir='ltr'>Οἶτινές</span> <span class='ocrx_word' id='word_1_849' title='bbox 990 5741 1127 5793; x_wconf 83' lang='grc' dir='ltr'>είσιν</span> <span class='ocrx_word' id='word_1_850' title='bbox 1174 5742 1229 5814; x_wconf 76' lang='lat' dir='ltr'><strong>oi</strong></span> <span class='ocrx_word' id='word_1_851' title='bbox 1274 5742 1427 5811; x_wconf 73' lang='grc' dir='ltr'>παρὰ</span> <span class='ocrx_word' id='word_1_852' title='bbox 1490 5746 1591 5814; x_wconf 87' lang='grc' dir='ltr'><strong>τὴν</strong></span> <span class='ocrx_word' id='word_1_853' title='bbox 1647 5746 1786 5803; x_wconf 75' lang='grc' dir='ltr'>ὀδόν.</span> 
     </span>
    </p>
   </div>
   <div class='ocr_carea' id='block_1_110' title="bbox 207 5808 1787 5884">
    <p class='ocr_par' dir='ltr' id='par_1_110' title="bbox 207 5808 1787 5884">
     <span class='ocr_line' id='line_1_110' title="bbox 207 5808 1787 5884; baseline 0.009 -27"><span class='ocrx_word' id='word_1_854' title='bbox 207 5809 480 5884; x_wconf 36' lang='grc' dir='ltr'>δεῖτὸ-τῶν</span> <span class='ocrx_word' id='word_1_855' title='bbox 521 5808 1113 5884; x_wconf 65' lang='grc' dir='ltr'>μὴτελεσιρορούντων.</span> <span class='ocrx_word' id='word_1_856' title='bbox 1165 5808 1377 5884; x_wconf 84' lang='grc' dir='ltr'>Οῖτινές</span> <span class='ocrx_word' id='word_1_857' title='bbox 1409 5808 1556 5869; x_wconf 72' lang='grc' dir='ltr'>εἰσιν</span> <span class='ocrx_word' id='word_1_858' title='bbox 1577 5817 1634 5869; x_wconf 85' lang='grc' dir='ltr'>ὲν</span> <span class='ocrx_word' id='word_1_859' title='bbox 1666 5824 1787 5884; x_wconf 83' lang='grc' dir='ltr'>ταῖς</span> 
     </span>
    </p>
   </div>
   <div class='ocr_carea' id='block_1_111' title="bbox 209 5881 1785 5953">
    <p class='ocr_par' dir='ltr' id='par_1_111' title="bbox 209 5881 1785 5953">
     <span class='ocr_line' id='line_1_111' title="bbox 209 5881 1785 5953; baseline 0.009 -20"><span class='ocrx_word' id='word_1_860' title='bbox 209 5881 493 5943; x_wconf 51' lang='grc' dir='ltr'>ἀκάνθαις,</span> <span class='ocrx_word' id='word_1_861' title='bbox 525 5897 575 5934; x_wconf 84' lang='grc' dir='ltr'>κ.</span> <span class='ocrx_word' id='word_1_862' title='bbox 608 5897 656 5935; x_wconf 84' lang='grc' dir='ltr'><strong>τ.</strong></span> <span class='ocrx_word' id='word_1_863' title='bbox 696 5882 743 5934; x_wconf 83' lang='grc' dir='ltr'><strong>λ.</strong></span> <span class='ocrx_word' id='word_1_864' title='bbox 780 5899 796 5933; x_wconf 81' lang='grc' dir='ltr'><strong>ι</strong></span> <span class='ocrx_word' id='word_1_865' title='bbox 837 5882 898 5937; x_wconf 84' lang='lat' dir='ltr'><strong>lii</strong></span> <span class='ocrx_word' id='word_1_866' title='bbox 929 5893 1077 5949; x_wconf 87' lang='lat' dir='ltr'><strong>sunt,</strong></span> <span class='ocrx_word' id='word_1_867' title='bbox 1103 5883 1195 5953; x_wconf 86' lang='lat' dir='ltr'><strong>qui</strong></span> <span class='ocrx_word' id='word_1_868' title='bbox 1220 5882 1377 5953; x_wconf 65' lang='lat' dir='ltr'><strong>juxta</strong></span> <span class='ocrx_word' id='word_1_869' title='bbox 1400 5885 1562 5943; x_wconf 80' lang='lat' dir='ltr'><strong>viain.</strong></span> <span class='ocrx_word' id='word_1_870' title='bbox 1594 5886 1675 5945; x_wconf 82' lang='lat' dir='ltr'><strong>Ab</strong></span> <span class='ocrx_word' id='word_1_871' title='bbox 1703 5881 1785 5947; x_wconf 78' lang='lat' dir='ltr'><strong>his</strong></span> 
     </span>
    </p>
   </div>
   <div class='ocr_carea' id='block_1_112' title="bbox 1901 5749 3489 5820">
    <p class='ocr_par' dir='ltr' id='par_1_112' title="bbox 1901 5749 3489 5820">
     <span class='ocr_line' id='line_1_112' title="bbox 1901 5749 3489 5820; baseline -0.001 -15"><span class='ocrx_word' id='word_1_872' title='bbox 1901 5751 1992 5820; x_wconf 89' lang='lat' dir='ltr'><strong>qui</strong></span> <span class='ocrx_word' id='word_1_873' title='bbox 2023 5749 2261 5804; x_wconf 82' lang='lat' dir='ltr'><strong>fructum</strong></span> <span class='ocrx_word' id='word_1_874' title='bbox 2291 5763 2390 5803; x_wconf 91' lang='lat' dir='ltr'><strong>suo</strong></span> <span class='ocrx_word' id='word_1_875' title='bbox 2425 5758 2670 5819; x_wconf 88' lang='lat' dir='ltr'><strong>tempore</strong></span> <span class='ocrx_word' id='word_1_876' title='bbox 2698 5762 2808 5805; x_wconf 91' lang='lat' dir='ltr'><strong>non</strong></span> <span class='ocrx_word' id='word_1_877' title='bbox 2843 5749 3100 5807; x_wconf 79' lang='lat' dir='ltr'><strong>afferunt.</strong></span> <span class='ocrx_word' id='word_1_878' title='bbox 3170 5749 3236 5806; x_wconf 86' lang='lat' dir='ltr'><strong>Et</strong></span> <span class='ocrx_word' id='word_1_879' title='bbox 3281 5751 3332 5807; x_wconf 85' lang='lat' dir='ltr'><strong>hi</strong></span> <span class='ocrx_word' id='word_1_880' title='bbox 3360 5758 3489 5808; x_wconf 84' lang='lat' dir='ltr'><strong>sunt</strong></span> 
     </span>
    </p>
   </div>
   <div class='ocr_carea' id='block_1_113' title="bbox 1900 5820 2607 5894">
    <p class='ocr_par' dir='ltr' id='par_1_113' title="bbox 1900 5820 2607 5894">
     <span class='ocr_line' id='line_1_113' title="bbox 1900 5820 2607 5894; baseline -0.003 -18"><span class='ocrx_word' id='word_1_881' title='bbox 1900 5823 1992 5894; x_wconf 88' lang='lat' dir='ltr'><strong>qui</strong></span> <span class='ocrx_word' id='word_1_882' title='bbox 2024 5822 2165 5876; x_wconf 87' lang='lat' dir='ltr'><strong>inter</strong></span> <span class='ocrx_word' id='word_1_883' title='bbox 2194 5820 2401 5890; x_wconf 85' lang='lat' dir='ltr'><strong>spinas,</strong></span> <span class='ocrx_word' id='word_1_884' title='bbox 2438 5838 2456 5872; x_wconf 74' lang='grc' dir='ltr'><strong>ι</strong></span> <span class='ocrx_word' id='word_1_885' title='bbox 2501 5829 2607 5876; x_wconf 89' lang='lat' dir='ltr'><strong>etc.</strong></span> 
     </span>
    </p>
   </div>
  </div>
