4110 6332
666 424 778 488 503

1553 416 2120 476 TllEOPliYLACTI
2168 416 2262 476 ΠΙ]
2276 416 2573 475 LGARL‘E
2615 414 2971 476 ARCHIEP.

3813 423 3916 486 801

673 535 849 605 gnatis
896 531 1032 599 ejus,
1098 530 1209 599 ipse
1249 530 1640 583 fraternitatem
1673 546 1776 585 non
1819 531 1872 584 in
1915 546 2082 599 parvo
2144 547 2218 586 nu

2360 530 2514 584 Ἐπεὶ
2551 531 2658 600 γὰρ
2692 527 2847 587 εἷπον
2894 534 3040 604 αὐτῷ
3094 552 3232 598 τινες
3285 537 3409 607 περὶ
3466 537 3572 590 τῶν
3635 543 3917 607 συγγενῶν

670 642 821 682 mero
871 623 1087 686 claudit,
1132 636 1307 690 neque
1350 622 1472 676 ﬁliis
1523 622 1719 690 Joseph
1778 621 1921 678 hunc
1979 623 2238 679 honorem

674 720 786 780 dat,
816 727 870 770 ut
907 715 1002 770 soli
1034 716 1142 768 sint
1170 714 1366 768 fratres
1394 733 1404 766 :
1441 714 1531 768 sed
1557 714 1679 780 quia
1712 714 1857 769 venit
1881 702 2050 769 totum
2079 730 2239 768 mun-

673 813 798 865 dum
829 821 1068 870 servare,
1105 818 1158 860 et
1181 821 1368 860 omnes
1399 804 1594 859 fratres
1614 804 1813 870 facere,
1866 806 1993 859 dicit
2020 823 2032 857 :
2065 807 2240 860 Mater

666 916 785 955 mea
813 911 865 954 et
917 898 1116 953 fratres
1167 899 1269 952 mei
1299 898 1351 951 hi
1403 908 1527 951 sunt
1553 898 1644 967 qui
1678 913 1978 952 sermonem
2009 898 2101 951 Dei
2141 913 2238 953 au-

664 991 836 1045 diunt.
878 991 1080 1045 Deinde
1106 991 1230 1058 quia
1265 990 1401 1043 nuda
1428 998 1482 1044 et
1505 991 1618 1045 sola
1653 991 1851 1044 auditio
1887 990 2088 1044 nullum
2122 1007 2239 1046 ser-

669 1093 782 1144 vat,
818 1085 909 1138 sed
943 1083 1109 1151 magis
1150 1082 1495 1145 condemnat,
1531 1083 1657 1135 dicit
1694 1099 1708 1136 :
1739 1092 1785 1134 et
1834 1081 2036 1135 faciunt
2063 1081 2234 1136 iﬁum.

665 1173 890 1240 Oportet
945 1173 1110 1236 igitur
1160 1177 1369 1237 audire,
1411 1185 1464 1227 et
1492 1175 1690 1227 facere.
1728 1174 1892 1228 l’orro
1927 1189 2233 1228 sermonem

661 1265 752 1317 Dei
795 1280 945 1318 suam
981 1268 1275 1319 doctrinam
1331 1277 1503 1318 vocat.
1541 1265 1891 1334 Quwcnnque
1942 1265 2084 1320 enim
2123 1267 2235 1334 ipse

661 1355 895 1415 dicebat,
943 1357 1121 1416 Patris
1156 1357 1234 1408 sui
1278 1365 1454 1417 erant,
1489 1359 1572 1409 cui
1608 1373 1710 1411 non
1744 1356 2231 1422 fuitadversarius,

665 1457 727 1501 ut
749 1449 902 1504 dicat
932 1462 1048 1514 qua:
1078 1446 1166 1500 Dei
1201 1462 1306 1500 non
1343 1455 1489 1500 sunt.
1513 1448 1578 1498 At
1610 1448 1851 1516 plerique
1890 1449 2062 1501 locum
2093 1449 2232 1502 hunc

659 1539 738 1593 sic
801 1538 1126 1608 intelligunt,
1171 1538 1310 1608 quod
1363 1540 1580 1607 quidam
1620 1540 1889 1593 irriserint
1953 1540 2226 1594 Christum

659 1631 965 1696 docentem,
1025 1642 1078 1684 et
1114 1632 1182 1686 ob
1221 1633 1519 1686 doctrinam
1552 1647 1701 1686 suam
1750 1632 1953 1686 factum
1995 1633 2231 1686 admira-

658 1722 842 1785 bilem,
871 1731 926 1774 ut
968 1737 1063 1792 per
1109 1722 1368 1776 invidiam
1412 1723 1643 1776 dixerint
1680 1741 1692 1776 :
1734 1723 1874 1777 Ecce
1921 1733 2092 1778 mater
2141 1733 2227 1776 tua

662 1822 715 1865 et
741 1809 936 1866 fratres
970 1813 1042 1866 tui
1084 1822 1207 1867 sunt
1246 1812 1399 1878 furis,
1426 1815 1700 1884 cupientes
1736 1824 1786 1868 te
1838 1815 2044 1880 videre,
2103 1815 2228 1883 quia

2344 624 2538 690 αὑτοῦ,
2571 626 2733 688 αὐτὸς
2764 629 2825 680 ού
2877 630 3171 698 περικλείει
3205 631 3261 683 ἐν
3305 632 3506 700 ὀλίγοις
3542 633 3642 704 τὴν
3687 635 3917 704 eaex-p4.

2342 735 2496 790 τητα,
2534 717 2655 770 οὐδὲ
2701 720 2828 782 τοὺς
2866 721 2957 773 τοῦ
2987 720 3182 793 Ἰωσὴφ
3234 724 3425 788 παῖδας
3473 727 3724 792 καταξιοί
3755 729 3916 781 ἀδελ-

2342 816 2474 882 φοῦς
2523 816 2717 885 μόνους
2759 817 2924 888 ἔχειν,
2974 820 3087 872 ἀλλ’
3129 821 3251 874 ἐπεὶ
3296 821 3386 874 τὸν
3440 823 3645 892 κόσμον
3693 823 3914 877 ἅπαντα

2338 901 2469 976 ἦλθε
2536 907 2761 973 σῶσαι,¹
2811 909 2904 963 καὶ
2955 911 3158 973 πάντας
3214 911 3476 981 ἀδελφοὺς
3550 915 3910 984 ποιήσασθαι,

2339 997 2472 1068 φησι
2491 1014 2507 1031 ο
2535 1000 2734 1070 Μήτηρ
2765 994 2867 1069 μου
2901 1003 2993 1054 καὶ
3021 1003 3238 1070 ἀδελφοί
3271 1022 3370 1073 μου
3397 1007 3533 1058 εἰσιν
3560 1006 3607 1056 oi
3639 1007 3729 1059 τὸν
3755 1008 3916 1075 λόγον

2337 1089 2430 1143 τοῦ
2469 1091 2604 1144 Θεοῦ
2635 1092 2943 1158 ἀκούοντες.
2987 1093 3118 1150 Εἶτα
3154 1097 3342 1169 ἐπειδὴ
3375 1100 3437 1152 τὸ
3486 1100 3706 1152 ἀκούειν
3755 1101 3912 1169 ψιλὸν

2337 1183 2524 1236 οὐδένα
2573 1184 2758 1250 σώζει,
2791 1189 2837 1239 ει
2869 1188 2944 1258 μὴ
2985 1189 3187 1258 μᾶλλον
3226 1191 3323 1243 καὶ
3359 1193 3701 1261 κατακρίνει,
3752 1198 3912 1264 (paci,

2337 1276 2428 1328 καὶ
2458 1278 2757 1342 ποιοῦντες.
2787 1283 2878 1332 Δεῖ
2903 1281 3008 1350 γὰρ
3037 1284 3173 1351 μετὰ
3196 1284 3288 1336 τοῦ
3321 1285 3559 1350 ἀκούειν,
3595 1289 3685 1338 καὶ
3710 1292 3909 1342 ποιεῖν.

2337 1367 2507 1434 Λόγον
2545 1367 2603 1420 δὲ
2645 1369 2780 1422 Θεοῦ
2838 1371 2935 1441 τὴν
2978 1372 3181 1425 οἰκείαν
3210 1373 3555 1427 διδασκαλίαν
3591 1377 3774 1444 λέγει’
3808 1379 3915 1431 ὅσα

2336 1455 2443 1523 γὰρ
2468 1457 2628 1520 αὐτὸς
2656 1459 2831 1526 ἔλεγε,
2857 1460 2951 1513 τοῦ
2985 1462 3196 1532 Harp-’1;
3223 1464 3387 1516 αὑτοῦ
3419 1461 3577 1536 ἦσαν.
3607 1469 3682 1519 Ού
3711 1469 3819 1539 γὰρ
3838 1465 3913 1540 ἦν

2334 1547 2578 1612 ἀντίθεος
2604 1549 2745 1603 ὥστε
2775 1551 2812 1606 ἃ.
2841 1553 2989 1620 λέγει
3021 1555 3095 1625 μὴ
3135 1551 3273 1608 εἶναι
3320 1558 3410 1610 τοῦ
3455 1559 3613 1614 Θεοῦ.
3651 1561 3808 1625 Τινὲς
3847 1564 3908 1616 δὲ

2332 1639 2391 1690 τὸ
2428 1642 2627 1710 χωρίον
2652 1643 2810 1696 τοῦτο
2843 1646 2982 1698 οῦτω
3017 1647 3229 1702 νοοῦσιν
3251 1691 3266 1714 ,
3318 1651 3399 1704 ὅτι
3433 1652 3524 1704 τοῦ
3563 1654 3805 1722 Χριστοῦ
3835 1655 3912 1708 δι-

2331 1729 2621 1796 δάσκοντος
2656 1738 2748 1788 καὶ
2788 1736 3198 1807 εὐδοκιμοῦντος
3229 1742 3318 1793 ἐπὶ
3351 1744 3414 1811 τῇ
3455 1743 3795 1816 διδασκαλία,
3825 1763 3910 1798 τι·

2332 1827 2418 1889 νὲς
2458 1827 2821 1898 φθονήσαντες
2867 1831 2964 1883 καὶ
3007 1829 3194 1900 ὥσπερ
3239 1834 3665 1903 μυκτηρίζοντες
3716 1838 3904 1900 αὐτὸν,

661 1912 834 1955 mater
873 1903 1040 1969 ipsius
1066 1902 1346 1957 videbatur
1373 1903 1496 1958 vilis
1558 1919 1700 1968 esse,
1763 1914 1818 1959 et
1871 1903 2066 1959 fratres
2115 1904 2218 1972 ejus

2334 1913 2486 1970 εἷπον
2508 1936 2520 1948 ·
2558 1919 2688 1972 ’ἰδοῦ
2721 1923 2752 1990 ἡ
2786 1923 2966 1992 μήτηρ
2995 1941 3108 1986 σου,
3141 1926 3234 1978 καὶ
3275 1928 3322 1977 οἱ
3355 1902 3571 1995 ἀδελφοί
3607 1946 3702 1981 σου
3745 1931 3907 1999 ἐστή-

656 1991 892 2054 obscuri,
918 2003 1100 2064 utpote
1135 1992 1272 2049 fabri
1309 1995 1424 2061 ﬁlii,
1454 2005 1505 2050 et
1538 1996 1738 2050 idcirco
1766 1999 1918 2064 quasi
1956 1995 2226 2066 ignobilis!

660 2091 888 2135 matrem
955 2083 1070 2154 ejus
1139 2096 1191 2138 et
1263 2085 1458 2139 fratres
1538 2086 1814 2140 irridendo
1877 2086 2225 2156 objiciebant.

654 2170 886 2228 Proinde
939 2176 1114 2229 sciens
1161 2177 1514 2244 cogitationes
1547 2191 1755 2243 eorum,
1786 2177 1928 2231 Nihil
1954 2179 2108 2246 mihi,
2141 2180 2225 2233 in-

654 2266 788 2329 quit,
835 2275 989 2320 nocet
1065 2265 1314 2337 ignobilis
1347 2269 1614 2336 coguatio.
1688 2268 1799 2324 luto
1851 2269 2062 2325 etiamsi
2104 2272 2227 2340 quis

655 2354 904 2423 ignobilis
939 2355 1140 2422 fuerit,
1187 2359 1230 2412 si
1272 2368 1450 2412 tamen
1482 2360 1711 2414 audierit
1750 2375 2049 2415 sermonem
2091 2361 2221 2428 Dei,

655 2449 832 2519 ipsum
873 2466 1050 2507 meum
1087 2463 1373 2522 cognatum
1409 2453 1568 2509 facio.

731 2838 889 2916 Vens.
917 2837 1110 2895 22-25.
1157 2856 1177 2891 ι
1227 2839 1448 2895 Factum
1490 2848 1565 2895 est
1610 2850 1789 2896 autem
1839 2841 2070 2910 quodam
2110 2843 2214 2904 die.

649 2949 704 2991 et
735 2936 848 3003 ipse
871 2934 1112 2988 ascendit
1152 2934 1203 2989 in
1247 2935 1424 2990 navim
1447 2978 1461 3002 ,
1505 2944 1557 2992 et
1594 2935 1842 3008 discipuli
1877 2937 2015 3004 ejus,
2054 2945 2109 2992 et
2145 2938 2220 2992 ait

650 3027 715 3080 ad
759 3028 894 3091 illos,
946 3027 1301 3094 'l'rajiciamus
1351 3027 1402 3080 in
1447 3027 1753 3083 ulteriorem
1802 3028 1970 3096 ripam
2019 3029 2211 3097 stagni,

647 3136 712 3174 ac
749 3121 1049 3174 solverunt.
1099 3121 1364 3174 Caeterum
1405 3121 1784 3191 navigantibus
1847 3121 1973 3187 illis,
2016 3121 2208 3176 obdor-

651 3212 822 3266 mivit.
900 3212 966 3266 Et
1036 3213 1238 3281 ingruit
1291 3214 1522 3282 procella
1561 3214 1706 3296 venti
1759 3213 1810 3268 in
1854 3223 2125 3283 stagnum,
2164 3223 2216 3270 et

645 3305 1058 3373 complebantur
1128 3319 1192 3358 ac
1258 3304 1719 3373 periclitabantur.
1757 3307 2088 3362 Accedentes
2119 3323 2216 3360 au-

645 3403 753 3448 tem
788 3398 1183 3450 suscitaverunt
1221 3410 1342 3452 eum
1375 3397 1615 3452 dicentes
1660 3398 2044 3466 :‘Praaceptor,
2079 3413 2217 3468 prte—

645 3495 852 3554 ceptor,
895 3488 1151 3556 perimus.
1219 3489 1288 3542 At
1329 3488 1419 3542 ille
1459 3489 1725 3544 excitatus
1767 3490 2064 3558 increpavit
2087 3505 2216 3545 ven-

645 3584 758 3628 tum
804 3590 868 3630 ac
911 3586 1282 3645 tempestatem
1333 3592 1511 3646 aqure,
1553 3590 1608 3634 et
1667 3581 1920 3645 cessavit,
1965 3579 2217 3648 factaque

644 3674 725 3718 est
769 3665 1146 3733 tranquillitas.
1205 3667 1349 3721 Dixit
1403 3678 1580 3721 autem
1622 3668 1726 3722 illis
1767 3683 1780 3721 :
1816 3667 1914 3724 Ubi
1967 3680 2049 3724 est
2082 3669 2215 3724 ﬁdes

650 3756 886 3809 vestra?
949 3754 1224 3812 Timentes
1272 3766 1452 3813 autem
1528 3760 1702 3812 mirati
1741 3771 1865 3814 sunt
1935 3760 2075 3814 inter
2134 3777 2214 3824 se,

645 3848 881 3900 dicentes
917 3865 928 3899 :
962 3847 1091 3912 Quis
1131 3858 1288 3918 putas
1323 3849 1412 3902 hic
1450 3859 1554 3913 est,
1586 3850 1707 3914 quia
1763 3851 1934 3903 ventis
2001 3865 2217 3919 quoque

642 3947 696 3992 et
723 3952 876 4007 aqua:
928 3940 1175 4006 imperat,
1209 3949 1263 3993 et
1282 3938 1442 4010 327
1473 3941 1841 3996 obediuntei?
1882 3959 1900 3990 ι
1946 3941 2216 3996 Exercens

642 4031 933 4098 discipulos
992 4029 1276 4096 Dominus,
1337 4047 1633 4100 eorumque
1695 4033 1853 4087 ﬁdem
1904 4034 2216 4086 examinans

643 4135 768 4172 nunt
793 4121 844 4173 in
866 4122 1244 4176 tentatiouibus
1265 4121 1377 4176 suis
1409 4122 1755 4192 imperterriti
1779 4125 1888 4177 sint
1915 4139 1928 4174 :
1957 4123 2217 4193 singulari

643 4214 872 4283 quadam
923 4215 1322 4284 dispensatione
1379 4215 1607 4279 dormit,
1661 4217 1945 4285 arguitquc
2005 4218 2213 4272 illorunt

645 4307 1032 4362 inﬁrmitatem.
1081 4307 1194 4361 Non
1250 4311 1391 4362 enim
1427 4307 1714 4375 perfectam
1767 4307 1945 4373 ﬁdem,
1973 4309 2063 4362 sed
2098 4310 2214 4362 inii:

644 4401 862 4453 delitate
921 4400 1131 4452 mistam
1193 4415 1302 4469 prae
1367 4414 1424 4453 se
1474 4397 1737 4453 ferebant.
1787 4399 2023 4455 Credunt
2071 4401 2212 4456 enim

644 4493 783 4558 quod
819 4490 1026 4545 salvare
1057 4491 1249 4559 possit,
1282 4505 1466 4544 verum
1498 4501 1554 4544 ut
1607 4491 1974 4559 pusillanimes
2008 4493 2211 4555 dicunt,

2334 2029 2494 2064 κασιν
2525 2012 2650 2077 ἔξω,
2671 2013 2796 2066 [δεῖν
2825 2031 2881 2066 σε
2905 2015 3170 2079 θέλοντες.
3213 2017 3364 2070 Ἐπεὶ
3391 2019 3498 2089 γὰρ
3522 2023 3553 2090 ἠ
3590 2025 3776 2092 μήτηρ
3804 2025 3905 2076 αύ-

2333 2101 2422 2155 τοῦ
2471 2104 2644 2156 ἐδόκει
2697 2105 2923 2176 εὐτελὴς
2969 2104 3129 2173 εἶναι,
3191 2111 3286 2163 καὶ
3342 2111 3391 2163 oi.
3457 2113 3677 2183 ἀδελφοὶ
3735 2116 3904 2169 αὐτοῦ

2331 2197 2556 2262 ἀφανεῖς
2599 2214 2760 2263 τινες,
2810 2199 2885 2261 ὡς
2914 2201 3158 2265 τέκτονος
3190 2203 3316 2267 υἱοὶ,
3343 2202 3532 2259 τούτου
3567 2207 3756 2261 ἕνεκεν
3781 2210 3903 2263 δια-

2330 2290 2578 2357 σύροντε;
2606 2289 2767 2342 αὑτὸν
2795 2291 2867 2353 ὡς
2901 2293 3154 2363 δυσγενῆ,
3189 2295 3286 2365 τὴν
3319 2299 3530 2368 μητέρα
3579 2301 3749 2355 αὑτοῦ
3809 2306 3904 2356 καὶ

2325 2378 2450 2440 τοὺς
2491 2379 2751 2449 ἀδελφοὺς
2799 2383 2944 2452 αύτῷ
3005 2387 3326 2456 προέφερον.
3393 2390 3449 2443 Ὀ
3480 2391 3558 2456 δὲ,
3611 2395 3773 2459 γνοὺς
3804 2395 3903 2467 τὴν

2324 2468 2560 2524 διάιοιαν
2604 2473 2807 2538 αὐτῶν,
2837 2471 3011 2543 εἶπεν,
3068 2477 3173 2541 ὅτι,
3228 2480 3393 2532 Οὐδέν
3422 2498 3488 2550 με
3537 2483 3767 2552 βλάπτει
3809 2488 3902 2539 6'5-

2321 2561 2498 2614 τέλεια
2530 2567 2844 2634 συγγενικὴ,
2883 2567 3016 2619 ἀλλὰ
3057 2570 3256 2636 μᾶλλον
3290 2572 3392 2645 κᾷν
3426 2574 3647 2644 εὐτελὴς
3673 2577 3759 2645 εἴη
3793 2594 3899 2641 τις,

2321 2653 2494 2724 ἀκούῃ
2527 2653 2581 2707 δὲ
2606 2657 2697 2708 τὸν
2731 2657 2885 2725 λόγον
2917 2660 3009 2712 τοῦ
3059 2661 3214 2726 Θεοῦ,
3275 2666 3513 2733 συγγενῆ
3563 2667 3728 2721 αὑτὸν
3761 2672 3899 2724 ποιῶ

2321 2746 2471 2811 ἐμόν.

2399 2858 2416 2889 ς
2463 2841 2574 2894 Καὶ
2621 2843 2836 2909 ἐγένετο
2886 2847 2944 2897 ὲν
2995 2849 3094 2918 μιᾷ
3147 2849 3256 2902 τῶν
3304 2853 3550 2922 ἡμερῶν,
3593 2859 3691 2910 καὶ
3734 2858 3899 2922 αὐτὸς

2320 2931 2476 3000 ἐνέϐη
2523 2934 2602 2995 εἰς
2631 2934 2831 2999 πλοῖον,
2876 2938 2968 2990 καὶ
3003 2940 3051 2993 οἰ
3089 2941 3330 3013 μαθηταὶ
3386 2947 3571 3010 αὑτοῦ,
3629 2951 3724 3001 καὶ
3772 2946 3896 3004 εἷπε

2319 3025 2455 3094 πρὸς
2489 3028 2683 3089 αὐτούς
2706 3044 2717 3057 ’
2755 3030 3062 3101 Διέλθωμεν
3113 3035 3193 3097 εἰς
3226 3036 3286 3088 τὸ
3325 3037 3495 3108 πέραν
3529 3039 3629 3108 τῆς
3662 3040 3860 3111 λίμνης
3881 3083 3894 3100 .

2316 3115 2410 3167 καὶ
2438 3115 2774 3186 ἀνήχθησαν.
2812 3119 3090 3176 Πλεόντων
3117 3124 3173 3176 δὲ
3199 3126 3397 3188 αὐτῶν,
3441 3129 3759 3198 ἀφύπνωσε,
3800 3138 3900 3187 καὶ

2320 3207 2520 3274 κατέϐη
2546 3209 2743 3279 λαίλαψ
2773 3213 2976 3281 ἀνέμου
3011 3217 3090 3278 είς
3116 3216 3212 3286 τὴν
3243 3218 3460 3289 λίμνην,
3495 3224 3587 3274 καὶ
3623 3226 3900 3296 συνεπλη-

2321 3297 2509 3366 ροῦντο
2555 3302 2649 3353 κοιλ⁵
2696 3303 3053 3359 ἐκινδύνευον.
3088 3309 3480 3379 Προσελθόντες
3517 3313 3571 3365 δὲ
3605 3315 3899 3387 διήγειραν

2320 3388 2503 3456 αὐτὸν,
2575 3391 2859 3458 λέγοντες’
2925 3397 3252 3465 Ἐπιστάτα,
3314 3404 3598 3470 ἐπιστάτα,
3660 3409 3901 3462 ἀπολλύ-

2321 3481 2480 3550 μεθα.
2533 3483 2590 3536 ⁸0
2615 3483 2670 3536 δὲ
2732 3486 2980 3556 ἐγερθεὶς
3015 3490 3313 3560 ἐπετίμησε
3358 3493 3436 3564 τῷ
3466 3495 3656 3566 ἀνέμῳ
3691 3501 3786 3551 καὶ
3815 3502 3898 3570 τῷ

2319 3571 2548 3627 κλύδωνι
2576 3575 2669 3628 τοῦ
2696 3576 2907 3642 ὓδατος,
2941 3581 3036 3632 καὶ
3077 3583 3377 3647 επαύσατο,
3415 3589 3507 3638 καὶ
3541 3589 3762 3655 ἐγένετο
3789 3609 3897 3659 γαο

2317 3666 2475 3734 λήνη.
2511 3663 2647 3720 Eine
2695 3669 2751 3721 δὲ
2796 3670 3014 3734 αὐτοῖς·
3049 3672 3156 3725 Ποῦ
3203 3676 3413 3747 ἐστινὴ
3465 3679 3646 3744 πίστις
3699 3683 3891 3752 ύμῶν;

2315 3758 2646 3828 Φοῦηθέντες
2673 3761 2750 3825 δὲ,
2776 3761 3117 3831 ἐθαύμασαν,
3142 3766 3388 3833 λέγοντες
3421 3770 3552 3840 πρὸς
3585 3773 3850 3844 ἀλλήλους
3879 3794 3892 3806 ·

2319 3848 2411 3910 Ἰίς
2441 3850 2546 3919 ἄρα
2580 3846 2736 3914 οὗτος
2769 3854 2937 3917 ἐστιν,
2970 3856 3051 3907 ὄτι
3083 3857 3177 3908 καὶ
3209 3861 3319 3921 τοῖς
3357 3859 3577 3929 ἀνέμοις
3605 3864 3894 3918 ἐπιτάσσει

2318 3937 2411 3990 καὶ
2449 3940 2525 4008 τῷ
2570 3940 2718 3993 ῦδατι
2767 3945 2860 3995 καὶ
2900 3944 3266 3998 ὑπακούουσιν
3304 3950 3486 4019 αύτῴ;
3529 3971 3545 4002 ι
3589 3954 3892 4022 Γυμνάζωι

2315 4033 2440 4094 τοὺς
2467 4033 2716 4102 μαθητὰς
2763 4035 2792 4086 ὁ
2829 4036 3052 4105 Κύριος,
3109 4041 3201 4091 καὶ
3230 4041 3538 4111 δοκιμάζων
3569 4045 3667 4114 τὴν
3706 4050 3890 4104 πίστιν

2316 4121 2516 4188 αὐτῶν,
2555 4127 2602 4175 εἰ
2638 4125 2746 4196 ἄρα
2791 4129 2848 4179 ὲν
2899 4131 3011 4191 τοῖς
3060 4136 3384 4201 πειρασμοῖς
3438 4135 3724 4206 ἀκλόνητοί
3759 4141 3889 4203 εἱσι.

2319 4213 2568 4268 καθεύδει
2629 4218 3016 4290 οἰκονομικῶς,
3094 4223 3209 4275 ἀλλ’
3271 4224 3550 4294 ἐλέγχεται
3612 4231 3798 4284 αὐτῶν
3853 4235 3888 4303 ὴ

2315 4305 2590 4360 ἀσθένεια.
2628 4310 2701 4360 υύ
2735 4313 2842 4380 γὰρ
2877 4311 3088 4363 τελείαν
3122 4313 3323 4378 πίστιν,
3357 4318 3494 4369 ἀλλὰ
3538 4324 3887 4394 μεμιγμένην

2316 4402 2379 4467 τῇ
2439 4401 2664 4472 ἀπιστίᾳ
2714 4402 3099 4456 ἐνδείκνυνται.
3152 4407 3475 4462 Πιστεύουσι
3522 4413 3622 4482 μὲν
3663 4417 3773 4486 γὰρ
3805 4419 3884 4471 ὅτε

2319 4497 2487 4544 σιέλσαι
2537 4492 2776 4547 δύναται.
2821 4494 2908 4558 Ὠς
2939 4495 2992 4547 δὲ
3021 4497 3377 4567 ὀλιγόπιστοι,
3410 4503 3627 4571 λέγουσι
3656 4509 3741 4572 τὸ,
3773 4511 3883 4564 Σῶο

645 4580 822 4644 Salva,
868 4582 1123 4649 perimus.
1180 4581 1235 4635 Si
1279 4583 1420 4635 enim
1470 4582 1761 4649 perfectam
1804 4582 2118 4636 habuissent
2154 4582 2212 4636 ﬁ-

2322 4594 2430 4642 σον,
2459 4581 2826 4652 ἀπολλύμεθα.
2858 4585 2917 4637 El
2948 4588 3055 4657 γὰρ
3081 4589 3289 4643 τελείαν
3311 4589 3454 4662 εἶχον
3480 4597 3683 4664 πίστιν,
3714 4601 3881 4672 ἐπλη-

645 4670 786 4737 tlem,
841 4674 971 4726 satis
1009 4675 1139 4727 certi
1183 4675 1409 4728 fuissent
1467 4673 1804 4741 impossibile
1850 4689 1971 4729 esse
2034 4676 2210 4744 perire

647 4760 788 4824 illos,
809 4773 1069 4831 prarsente
1096 4777 1159 4817 eo
1188 4765 1276 4832 qui
1316 4766 1496 4818 omnia
1526 4768 1684 4818 valet.
1722 4764 1998 4819 Excitatus
2031 4777 2208 4820 autem

645 4852 940 4923 increpavit
999 4866 1236 4909 ventum.
1294 4857 1541 4911 Permisit
1586 4871 1716 4910 vero
1757 4872 1851 4912 eos
1883 4859 2106 4923 turbari,
2153 4869 2210 4911 ut

644 4948 840 4998 clarior
872 4949 1019 5000 licrct
1049 4965 1141 5001 sua
1180 4950 1370 5003 virtus.
1406 4950 1590 5003 Solent
1623 4950 1766 5003 enim
1798 4951 2044 5004 homines
2086 4961 2212 5004 tunc

645 5041 960 5093 meminisse
984 5041 1101 5109 ejus
1129 5040 1215 5107 qui
1241 5041 1436 5104 salvat,
1459 5042 1676 5110 quando
1707 5057 1735 5095 a
1766 5044 1970 5111 magnis
1994 5044 2207 5112 pericu-

647 5129 710 5182 lis
747 5130 1064 5198 eripiuntur.
1101 5128 1383 5200 Pr0pterea
1425 5149 1528 5184 non
1569 5133 1620 5186 in
1670 5133 1955 5202 principio,
2016 5136 2107 5188 sed
2158 5137 2206 5186 in

646 5219 870 5272 articulo
903 5220 1121 5288 periculi
1157 5223 1442 5288 exritatns,
1492 5225 1608 5278 iHOs
1648 5225 1899 5279 servavit.
1931 5226 2061 5279 Vide
2111 5242 2206 5277 an-

648 5321 754 5365 tem
785 5318 838 5365 et
868 5314 1200 5382 anagogiatn,
1229 5314 1365 5382 quia
1409 5317 1575 5383 ﬁgura
1623 5326 1705 5369 est
1727 5317 1841 5384 ejus
1858 5317 1998 5384 quod
2027 5329 2206 5384 postea

646 5403 923 5472 discipulis
969 5411 1165 5459 evenit.
1201 5406 1457 5474 Stagnum
1486 5408 1626 5462 enim
1681 5418 1760 5462 cst
1790 5407 1995 5474 Jndtea,
2029 5411 2205 5477 inqua

647 5504 938 5560 tempestas
983 5501 1123 5557 orta,
1176 5506 1391 5564 propter
1441 5501 1698 5551 insaniant
1749 5498 2054 5554 Jutlaeorutu
2119 5501 2206 5566 qui

647 5583 1037 5639 cruciﬁxerunt
1094 5587 1395 5642 Dominum.
1448 5588 1664 5644 Turbati
1695 5606 1820 5645 vero
1860 5603 1985 5647 sunt
2039 5604 2090 5647 et
2124 5593 2206 5645 di-

645 5676 831 5742 scipuli
876 5695 889 5730 :
923 5693 1046 5731 nam
1079 5680 1167 5733 illo
1198 5681 1380 5734 relicto
1414 5680 1684 5752 fugerunt,
1717 5684 1808 5738 sed
1837 5686 2101 5739 excitatus
2127 5697 2209 5740 est

648 5765 898 5819 Dominus
929 5786 956 5819 a
991 5784 1200 5831 somno,
1243 5771 1341 5825 hoc
1372 5781 1477 5837 est,
1518 5773 1787 5827 surrexit:
1834 5777 1974 5831 unde
2002 5778 2204 5829 reddita

643 5859 919 5931 discipulis
955 5865 1330 5934 tranquillitas.
1364 5864 1520 5921 Venit
1549 5868 1690 5922 cnim
1714 5870 1777 5923 ad
1808 5882 1922 5924 eos.
1964 5884 2025 5924 ac
2048 5870 2202 5927 dixit.

2319 4673 2699 4742 ροφορήθησαν
2753 4677 2819 4729 ἂν
2851 4678 2926 4740 ὡς
2957 4680 3217 4735 ἀδύνατοι
3262 4684 3412 4737 ἐστιν
3443 4688 3742 4745 ἀπολέσθαι
3787 4696 3880 4761 ai:

2310 4764 2455 4828 τοὺς,
2497 4767 2746 4830 συνόντος
2797 4770 2978 4836 αὐτοῖς
3034 4771 3125 4826 τοῦ
3176 4777 3349 4830 πάντα
3399 4778 3694 4848 ἰσχύοντος.
3743 4785 3800 4836 ’0
3829 4786 3880 4838 δὲ

2309 4852 2575 4924 ἐγερθεὶς.
2608 4857 2906 4927 ἐπετίμησε
2957 4858 3034 4929 τῷ
3064 4862 3273 4932 ἀνέμῳ.
3305 4863 3511 4934 ’Λφῆκε
3540 4869 3651 4939 γὰρ
3683 4870 3877 4933 αὐτοὺς

2310 4948 2670 5014 ruga/fligi“
2705 4949 2790 5002 ἵνα
2829 4952 2921 5002 καὶ
2967 4953 3347 5026 ἐμφανεστέρα
3391 4959 3615 5027 γένηται
3649 4965 3680 5031 ἡ
3716 4963 3877 5018 αὐτοῦ

2309 5034 2556 5106 δύναμις.
2614 5041 2896 5112 Εὶὼθαμεν
2945 5046 3054 5116 γὰρ
3115 5049 3164 5100 οἱ
3209 5047 3486 5120 ἄνθρωποι
3525 5055 3642 5108 τότε
3677 5059 3877 5124 μέλλον

2313 5131 2671 5198 μνημονεύειν
2711 5135 2802 5187 τοῦ
2844 5137 3136 5202 σώσαντος,
3177 5141 3304 5193 ὅταν
3335 5143 3442 5196 ἀπὸ
3480 5145 3736 5212 μεγάλων
3769 5168 3874 5202 xw.

2306 5219 2476 5272 ὃύνων
2509 5224 2653 5290 ἡμᾶς
2680 5224 2945 5296 ἐξέληται.
2972 5229 3067 5280 Διὰ
3096 5231 3254 5283 τοῦτο
3277 5233 3376 5285 οῦκ
3400 5236 3455 5286 ἐν
3483 5237 3648 5308 ἀρχῇ,
3669 5241 3788 5292 ἀλλ’
3820 5244 3875 5293 ἐν

2309 5315 2458 5384 ἀκμῇ
2483 5316 2572 5367 τοῦ
2606 5317 2846 5370 κινδύνου
2870 5320 3158 5384 διαναστὲις
3187 5324 3374 5388 αὐτοὺς
3396 5327 3619 5382 ἔσωσεν.
3650 5332 3791 5401 Ὅρα
3821 5334 3874 5387 δὲ

2309 5414 2398 5461 καὶ
2442 5413 2828 5480 ἀναγωγικῶς,
2862 5417 2940 5468 ὅτι
2972 5419 3136 5480 τύπος
3170 5421 3286 5472 ἐστὶ
3317 5423 3478 5475 τοῦτο
3507 5425 3600 5478 τοῦ
3650 5425 3873 5496 ὕστερον

2310 5509 2434 5575 περὶ
2482 5510 2605 5570 τοὺς
2657 5510 2902 5580 μαθητὰς
2957 5515 3283 5579 συμϐάντος.
3347 5519 3527 5588 Λίμνη
3567 5522 3665 5585 μὲν
3699 5522 3874 5590 γὰρὴ

2320 5596 2566 5662 Ἰουδαία,
2597 5603 2721 5671 περὶ
2755 5601 2820 5671 ἢν
2868 5607 3073 5672 κατέὸη
3109 5606 3306 5674 λαίλαψ
3357 5609 3528 5678 πολλὴ
3583 5612 3680 5679 τῆς
3735 5614 3874 5664 κατὰ,

2307 5688 2543 5757 Χριστοῦ
2567 5691 2781 5757 μανίας,
2805 5693 2866 5762 ἣν
2890 5694 3065 5763 ἐμάνη
3077 5711 3171 5746 σαν
3189 5696 3237 5747 οἱ
3257 5696 3499 5748 Ἰουδαῖοι
3515 5697 3874 5768 σταυροῦντες

2309 5779 2397 5831 τὸν
2425 5780 2648 5851 Κύριον.
2685 5784 3094 5855 Ἑταράχθησαν
3117 5787 3286 5841 δὲκαὶ
3316 5789 3362 5839 oi
3391 5789 3648 5858 μαθηταί·
3677 5791 3872 5852 πάντες

2308 5872 2416 5944 γὰρ
2447 5874 2675 5946 ἀφέντες
2732 5879 2894 5936 αὐτὸν
2934 5879 3163 5947 ἔφυγον,
3205 5881 3322 5936 ἀλλ’
3353 5881 3566 5954 ἠγέρθη
3613 5886 3644 5938 ὁ
3672 5884 3870 5960 Κύριος
