4110 6332
171 428 282 490 soa
855 422 1292 485 ENARRATIO
1333 425 1411 485 IN
1452 375 1952 486 EVANGELIUM
1992 425 2227 488 LUCzE.
2262 453 2328 466 --
2364 428 2523 490 CAP.
2571 429 2730 490 vni.
3400 433 3506 495 δυο

173 539 289 592 ἀπὺ
338 539 446 591 τοῦ
504 536 702 601 ῦπνου,
757 535 1035 588 τουτέστιν
1089 534 1311 604 ἀνέστη,
1365 537 1459 588 καὶ
1516 536 1678 588 πάλιν
1739 536 1788 586 οἱ

1901 535 2007 590 Pax
2070 539 2242 592 vobis.
2276 537 2342 594 Et
2394 538 2507 593 lucc
2540 541 2755 610 quidem
2812 556 2906 607 per
2952 542 3299 614 :tnagogiazn.
3347 543 3502 609 Quod

179 629 443 699 μαθηταὶ
493 631 553 682 ὲν
612 630 842 699 γαλήνῃ.
889 629 1150 690 Ἐπιστὰς
1204 630 1313 698 γὰρ
1355 630 1559 691 αὐτοῖς,
1604 625 1796 681 εἶπεν·

1908 637 2087 682 autem
2121 629 2353 682 dicunt:
2379 627 2642 694 Quisnam
2685 629 2773 684 hic
2802 629 2927 684 eSt?
2965 645 3068 684 non
3113 641 3171 686 ut
3194 632 3505 688 dubitantes

179 722 406 791 Εἰρήνη
454 723 608 791 ὑμῖν.
663 722 771 773 Καὶ
812 726 986 773 ταῦτα
1028 718 1126 788 μὲν
1180 718 1564 786 ἀναγωγικῶς.
1599 717 1673 769 Τὸ
1711 717 1796 782 δὲ,

1906 713 2112 778 dicunt,
2162 715 2256 768 sed
2297 718 2626 770 admirantes
2665 717 2859 786 :quasi
2903 719 3149 773 dicerent
3180 739 3192 774 :
3223 721 3357 787 Quis
3409 722 3501 776 bic

176 812 277 875 Τίς
306 815 429 883 ἄρα
483 804 638 873 οὗτος
675 813 858 871 ὲστινς
898 810 995 880 οὐχ
1041 809 1116 872 ὡς
1146 809 1477 879 ἀποροῦντες
1527 809 1796 875 λέγουσιν,

1905 814 2009 867 εει,
2075 802 2176 856 boc
2225 813 2328 870 est,
2367 816 2604 873 quantus
2666 813 2719 858 et
2746 806 2943 874 qualis,
2986 817 3038 862 et
3082 809 3136 863 in
3168 823 3366 881 quanta
3408 826 3504 882 po-

175 905 323 958 ἀλλά
389 903 810 974 θαυμάζοντες·
867 902 941 964 ὡς
995 903 1061 953 ἂν
1099 904 1146 954 εί
1205 901 1377 961 οὕτως
1435 900 1657 968 ελεγονο
1704 901 1796 960 Τίς

1909 901 2105 947 testate
2138 894 2251 948 bazc
2289 893 2419 947 facit
2449 894 2473 946 ?

177 997 336 1048 ἐστιν
374 988 565 1057 οὗτος,
621 993 742 1044 ἀντὶ
771 991 884 1055 τοῦ,
923 989 1089 1051 πόσος
1129 989 1221 1042 καὶ
1254 990 1485 1059 πηλίκος
1527 989 1623 1042 καὶ
1663 985 1794 1052 οἷος,

177 1086 280 1138 καὶ
312 1088 377 1137 ὲν
421 1087 529 1158 ὅσῃ
562 1083 780 1152 ἐξουσίᾳ
809 1084 904 1134 καὶ
930 1083 1156 1151 δυνάμει
1188 1081 1360 1132 ταῦτα
1397 1083 1578 1144 ποιεῖ;

263 1197 282 1229 ι
330 1179 456 1230 Καὶ
501 1175 877 1230 κατέπλευσαν
923 1176 1000 1236 είς
1040 1175 1138 1241 τὴν
1176 1171 1360 1242 χώραν
1401 1171 1510 1224 τῶν
1547 1170 1796 1241 Γαδαρη-

179 1268 294 1322 νῶν
326 1311 342 1333 ,
388 1270 520 1338 ἣτις
575 1268 724 1320 ἐστὶν
779 1265 1049 1340 ἀντίπερα
1089 1265 1184 1334 τῆς
1233 1263 1549 1324 Γαλιλαίας.
1617 1261 1799 1324 Ἐξελ-

181 1359 342 1411 θόντι
400 1359 462 1410 δὲ
496 1356 644 1426 αὐτῷ
676 1355 769 1408 ἐπὶ
814 1355 910 1425 τὴν
957 1357 1083 1423 γῆν,
1116 1354 1429 1423 ὑπήντησεν
1468 1353 1619 1422 αὑτῴ
1657 1352 1799 1422 ἁνήρ

179 1468 268 1513 τις
304 1453 376 1502 ὲκ
411 1451 512 1518 τῆς
540 1449 768 1510 πόλεως,
802 1447 860 1510 ὃς
896 1443 1008 1517 εἶχε
1043 1447 1298 1515 δαιμόνια
1335 1449 1396 1499 ὲκ
1429 1445 1638 1516 χρόνων
1675 1446 1797 1496 ix:-

182 1542 324 1607 νῶν,
367 1543 467 1595 καὶ
496 1540 712 1610 ἱμάτιον
742 1539 842 1591 οὐκ
882 1539 1274 1604 ἐνεδιδύσκετο,
1308 1538 1403 1590 καὶ
1433 1541 1491 1588 ἑν
1526 1538 1672 1606 οἰκίᾳ
1698 1538 1799 1588 οὐκ

184 1635 418 1705 ἔμενεν,
443 1633 556 1688 ἀλλ’
589 1635 645 1684 ὲν
673 1634 783 1694 τοῖς
819 1632 1119 1701 μνήμασιν.
1160 1629 1307 1683 Ἰδὼν
1335 1630 1390 1681 δὲ
1427 1630 1518 1682 τὸν
1563 1627 1796 1699 Ἰησοῦν,

185 1729 288 1780 καὶ
323 1725 670 1796 ἀνακράξας,
705 1723 1046 1793 προσέπεσεν
1073 1721 1242 1792 αὐτῷ,
1271 1723 1364 1775 καὶ
1397 1723 1549 1793 φωνῇ
1580 1721 1793 1794 μεγάλῃ

187 1818 344 1875 εἷπε·
395 1821 466 1875 Τί
515 1819 639 1888 ἐμοὶ
695 1820 789 1873 καὶ
839 1819 944 1880 σοὶ,
999 1817 1200 1888 Ἰησοῦ,
1233 1817 1328 1871 Υίὲ
1373 1817 1466 1869 τοῦ
1510 1817 1646 1870 Θεοῦ
1701 1817 1795 1869 τοῦ

1974 1168 2142 1228 Vsus.
2197 1174 2268 1230 26
2305 1175 2393 1231 55.
2438 1195 2456 1229 ι
2522 1176 2589 1232 Ει
2645 1179 3041 1247 navigaverunt
3090 1185 3156 1239 ad
3215 1187 3493 1256 regionem

1902 1263 2312 1322 Gadarenorum
2347 1284 2465 1338 qua:
2497 1281 2582 1325 ρει
2612 1283 2805 1326 contra
2838 1272 3140 1330 Galilaeam.
3183 1277 3244 1331 Et
3278 1295 3400 1333 cum
3433 1282 3500 1336 de

1905 1361 2024 1411 navi
2061 1375 2312 1431 egressus
2341 1375 2487 1418 esset
2513 1367 2578 1418 ad
2623 1375 2851 1432 terram,
2889 1370 3130 1424 occurrit
3163 1371 3236 1424 illi
3261 1373 3346 1426 vir
3376 1375 3499 1443 qni-

1880 1453 2023 1504 dam
2066 1467 2095 1506 e
2128 1453 2350 1508 civitate
2382 1458 2472 1526 qui
2513 1458 2745 1512 habebat
2773 1458 3038 1515 daemonia
3066 1462 3178 1532 jam
3214 1483 3241 1516 a
3287 1477 3498 1534 tempo-

1905 1544 2054 1598 ribns
2087 1546 2294 1610 multis,
2330 1556 2384 1601 et.
2422 1551 2749 1606 vesti-mento
2787 1567 2890 1605 non
2935 1557 3284 1620 induebatur,
3323 1573 3499 1626 neque

1904 1636 1954 1690 in
1987 1636 2148 1692 domo
2181 1642 2452 1705 manebat,
2497 1645 2591 1697 sed
2641 1643 2692 1697 in
2734 1648 3123 1702 menumentis.
3165 1648 3213 1703 ls
3243 1657 3300 1703 ut
3330 1651 3498 1704 vidis-

1903 1737 1983 1781 set
2011 1727 2218 1798 Jesum,
2249 1741 2302 1784 et
2354 1735 2741 1802 exclamasset,
2785 1737 3021 1804 procidit
3054 1754 3182 1794 ante
3218 1741 3389 1805 illum,
3434 1757 3499 1796 ac

1906 1833 2036 1874 voce
2072 1835 2263 1887 magna
2297 1823 2432 1877 dixit
2462 1842 2475 1877 :
2509 1821 2646 1890 Quid
2680 1827 2809 1880 mibi
2859 1827 2932 1881 rei
2975 1838 3148 1883 tecum
3185 1839 3290 1895 est,
3343 1830 3495 1897 Jesu,

191 1915 430 1983 -ἓψίστευ
461 1931 474 1974 ς
501 1911 703 1976 Δέομαί
730 1927 843 1975 σου,
881 1911 955 1980 μή
991 1926 1056 1979 με
1084 1908 1402 1982 βασανίσῃς.
1441 1908 1795 1979 Παρήγγελλε

1903 1908 2002 1961 Fili
2060 1909 2152 1962 Dei
2209 1909 2503 1966 altissimi?
2553 1913 2800 1970 Obsecro
2843 1926 2913 1977 te,
2966 1931 3033 1969 ne
3081 1933 3166 1969 me
3215 1929 3494 1985 torqueas.

189 2007 306 2078 γὰρ
339 2007 423 2077 τῷ
476 2008 750 2072 πνεύματι
803 2002 881 2073 τῷ
927 2001 1228 2070 ἀκαθάρτῳ
1279 2001 1515 2065 ἐξελθεῖν
1563 2001 1672 2054 ἀπὸ
1705 2001 1796 2054 τοῦ

191 2099 522 2170 ανθρώπου.
574 2097 795 2158 Πολλοῖς
834 2096 946 2164 γὰρ
986 2096 1196 2166 χρόνοις
1233 2095 1578 2164 συνηρπάκει
1612 2092 1794 2158 αὐτὸν,

195 2192 298 2245 καὶ
334 2191 616 2260 ὲδεσμεῖτο
639 2187 861 2241 ἁλύσεσι
900 2188 992 2239 καὶ
1023 2186 1211 2247 πέδαις
1241 2185 1671 2255 φυλασσόμενος,
1708 2185 1799 2238 καὶ

193 2285 556 2355 διαῤῥήσςων
590 2279 658 2333 τά
685 2279 860 2348 δεσμὰ
889 2277 1154 2347 ἠλαύνετο
1181 2277 1286 2329 ὑπο
1318 2276 1412 2330 τοῦ
1434 2277 1692 2347 ’δαίμονος
1720 2280 1798 2333 εἰς

193 2374 298 2437 τὰς
338 2375 602 2444 ἐρήμους.
664 2369 1040 2439 Ἐπηρώτησει
1065 2369 1120 2420 δὲ
1161 2369 1323 2421 αὑτὸν
1372 2371 1399 2422 ὁ
1443 2369 1672 2438 Ἰησοῦς,
1708 2370 1797 2422 λέ-

197 2482 339 2532 γων·
371 2467 435 2518 Τί
485 2463 567 2517 σοί
599 2465 746 2515 ἐστιν
780 2462 990 2531 ὅνομα;
1064 2462 1120 2514 '0
1152 2461 1207 2514 δὲ
1248 2458 1391 2514 εἷπε·
1427 2457 1665 2529 Λεγεὼν,
1718 2463 1798 2515 ὅτι

196 2558 462 2628 δαιμόνια
493 2555 662 2608 πολλὰ
700 2553 952 2623 εἰσῆλθον
994 2554 1073 2614 εἰς
1114 2554 1298 2616 αὑτὸν,
1353 2554 1448 2605 καὶ
1497 2554 1798 2622 παρεκάλει

200 2652 398 2715 αὐτὸν,
432 2650 520 2701 ἵνα
546 2647 622 2718 μὴ
649 2645 882 2717 ἐπιτάξῃ
912 2646 1091 2708 αὐτοῖς
1127 2647 1206 2707 είς
1237 2647 1334 2715 τὴν
1358 2646 1594 2700 ἄϐυσσον
1631 2648 1799 2701 ἀπελ-

200 2742 342 2797 Θεῖν,
374 2739 482 2794 Ἦν
512 2742 567 2793 EE
605 2742 720 2792 ὲκεῖ
755 2738 922 2808 ἀγέλη
971 2739 1172 2807 χοίρων
1205 2738 1407 2790 ἱκανῶν
1440 2738 1790 2809 βοσκομένων

201 2837 262 2887 ὲν
292 2835 371 2903 τῷ
399 2833 537 2905 δρει,
566 2834 661 2885 καὶ
692 2831 1036 2900 παρεκάλουν
1063 2831 1226 2882 αὑτὸν
1268 2831 1356 2883 ἵνα
1388 2831 1662 2904 ἐπιτρέψῃ
1701 2833 1798 2884 as.

203 2927 319 2987 τοῖς
354 2925 433 2987 εἰς
468 2923 707 2985 ἐκείνους
762 2919 1050 2981 εἰσελθεῖν,
1105 2921 1196 2972 καὶ
1253 2920 1555 2989 ἐπέτρεψεν
1591 2923 1793 2983 αὐτοῖς.

218 3015 538 3082 Ἑξελθόντα
567 3014 623 3067 δὲ
648 3014 715 3066 τὰ
747 3013 1000 3083 δαιμόνια
1023 3011 1128 3064 ἀπὸ
1152 3010 1245 3063 τοῦ
1276 3012 1586 3080 ἀνθρώπου,
1603 3014 1796 3083 ἐἰσῆλο

207 3107 300 3161 θον
346 3110 426 3169 εις
480 3109 606 3170 τοὺς
643 3105 881 3176 χοίρους.
919 3105 1028 3157 Καὶ
1073 3103 1398 3175 ὦρμησενή
1446 3105 1620 3173 ἀγέλη
1656 3107 1798 3158 κατὰ

205 3199 302 3253 τοῦ
339 3197 586 3268 κρημνοῦ
619 3197 699 3259 είς
727 3197 824 3265 τὴν
856 3195 1071 3263 λίμνην,
1106 3196 1198 3246 καὶ
1245 3195 1543 3265 ἀπεπνίγη.
1591 3214 1608 3246 ›
1656 3196 1795 3265 Ὅρα

208 3296 300 3344 τὸν
322 3291 554 3358 δαίμονα
575 3288 696 3342 δυσὶ
725 3287 921 3347 κακίας
955 3285 1151 3339 πάθεσι
1184 3287 1564 3356 μεριζόμενον,
1597 3287 1790 3356 θράσει

209 3387 304 3438 καὶ
351 3383 520 3452 δρόσῳ.
575 3381 649 3433 Τὸ
699 3381 796 3449 μὲν
833 3380 940 3448 γὰρ
995 3379 1196 3445 λέγειν,
1235 3379 1299 3430 Τί
1344 3381 1468 3448 ἐμοὶ
1516 3381 1611 3432 καὶ
1664 3381 1788 3444 σοί;

210 3477 440 3547 θρασέος
473 3475 565 3526 καὶ
595 3473 952 3540 ἀναισχύντου
988 3470 1199 3536 δούλου,
1230 3472 1290 3522 τὸ
1327 3471 1403 3531 δὲ,
1437 3471 1641 3540 Δέομαί
1675 3488 1788 3535 σου,

211 3566 552 3635 φοὸουμένου
622 3563 760 3616 ἐστί.
817 3561 1070 3632 Κατῲκει
1124 3562 1179 3613 δὲ
1248 3564 1305 3614 ὲν
1353 3566 1465 3625 τοῖς
1519 3563 1790 3631 μνήμασι,

211 3660 459 3726 πονηρὰν
491 3656 726 3709 ἐνθεῖναι
773 3658 883 3714 τοῖς
937 3654 1246 3724 ἀνθρώποις
1295 3654 1570 3723 ὑπόληψιν
1607 3655 1795 3724 βουλό-

213 3768 395 3819 μενος,
426 3751 507 3801 ὅτι
555 3749 610 3800 αί
656 3747 829 3816 ψυχαὶ
861 3745 967 3798 τῶν
1001 3745 1382 3798 ἀποθανόντων
1412 3745 1667 3814 δαίμονες
1715 3745 1798 3814 γί-

209 3861 413 3897 νονται.
445 3841 731 3893 Λίτοῦνται
759 3840 815 3892 δὲ
842 3841 891 3891 οἱ
913 3839 1163 3908 δαίμονες
1196 3838 1268 3907 μὴ
1300 3836 1560 3889 εἰσελθεῖν
1596 3839 1676 3899 εἰς
1697 3839 1796 3906 τὴν

207 3936 473 3996 ἄϐυσσον,
522 3931 658 3986 ἀλλὰ
712 3929 1134 4000 συγχωρηθῆναι
1180 3927 1261 3978 ἑτι
1288 3929 1344 3978 ὲν
1377 3928 1444 3996 τῇ
1481 3928 1549 3996 γῇ
1587 3922 1798 3993 διατρί-

207 4026 348 4078 ϐειν.
395 4024 453 4076 Ὀ
489 4023 546 4075 δὲ
575 4021 779 4090 Κύριος
812 4022 1086 4089 συγχωρεί
1114 4020 1296 4080 αὐτοῖς
1329 4014 1471 4070 εἶναι
1516 4019 1572 4070 ὲν
1606 4019 1667 4086 τῇ
1703 4017 1796 4086 γῇ,

208 4120 286 4181 ὡς
336 4117 403 4169 ἂν
455 4114 781 4175 παλαίοντες
839 4116 949 4175 τοῖς
1001 4110 1341 4182 ἀνθρώποις,
1393 4109 1798 4178 δοκιμωτέρους

210 4209 410 4270 αὐτοὺς
441 4205 691 4260 ποιῶσιν.
732 4204 794 4258 Εἰ
843 4205 950 4271 γὰρ
987 4203 1061 4273 μὴ
1090 4200 1228 4274 ἦσαν
1258 4201 1563 4266 ἀντίπαλοι,
1597 4200 1699 4254 οὐκ
1733 4201 1799 4254 ἂν

207 4296 349 4371 ἦσαν
377 4299 608 4367 ἀγῶνες,
647 4297 744 4350 καὶ
772 4297 818 4348 εί
854 4297 927 4365 μὴ
976 4291 1117 4364 ἦσαν
1149 4294 1382 4362 ἀγῶνες,
1416 4295 1515 4345 οὐκ
1558 4294 1624 4345 ἂν
1659 4289 1798 4362 ἦσαν

211 4392 490 4459 στέφανοι.
538 4390 694 4446 Μάθε
725 4388 781 4441 δὲ
830 4389 926 4440 καί¹
973 4385 1489 4456 ἀναγωγικώτερον,
1521 4387 1604 4438 ὅτι
1652 4385 1800 4447 ὅστις

207 4485 324 4553 ἔχει
350 4482 609 4552 δαίμονας
641 4482 698 4534 ὲν
737 4479 939 4548 ἐαυτῷ,
974 4481 1222 4532 τουτέστι
1286 4479 1605 4546 δαιμονικέις
1655 4477 1797 4547 πρά-

1903 2001 2266 2072 Ρναξςίρῑεικιι
2291 2005 2434 2058 enim
2463 2006 2676 2075 spiritui
2711 2010 2992 2062 immundo
3026 2018 3079 2063 ut
3106 2011 3281 2064 exiret
3306 2014 3373 2064 ab
3403 2011 3500 2066 bo-

1903 2092 2068 2146 minc.
2107 2091 2448 2160 Frequenter
2484 2097 2628 2150 enim
2667 2098 3011 2164 corripuerat
3061 2098 3237 2163 illum,
3281 2110 3334 2153 et
3379 2100 3497 2153 vin-

1899 2183 2146 2238 ciebatur
2193 2186 2426 2249 catenis,
2468 2199 2521 2241 et
2553 2189 2908 2258 compedibus
2952 2192 3394 2257 custodiebatur,
3442 2200 3496 2246 et

1901 2276 2076 2346 ruptis
2104 2278 2341 2333 vinculis
2374 2282 2637 2348 agebatur
2667 2298 2696 2335 a
2745 2283 3016 2338 danmmio
3050 2284 3102 2338 in
3140 2286 3378 2339 deserta.
3414 2286 3500 2340 ln-

1900 2370 2197 2438 terrogavit
2241 2381 2424 2424 autem
2476 2373 2626 2426 illum
2678 2371 2861 2439 Jesus,
2909 2375 3144 2431 dicens:
3195 2378 3346 2443 Quod
3404 2378 3497 2432 tibi

1901 2477 2097 2516 nomen
2144 2464 2270 2517 est?
2306 2465 2376 2516 At
2418 2464 2507 2518 ille
2545 2465 2722 2519 dixit:
2761 2466 2950 2537 Legio,
2993 2469 3118 2536 quia
3161 2468 3501 2525 intraverant

1901 2555 2168 2608 dannonia
2222 2558 2390 2610 multa
2438 2559 2490 2611 in
2545 2573 2690 2612 etim.
2735 2557 2799 2612 Et
2851 2571 3184 2630 rogaverunt
3221 2562 3370 2617 illum
3431 2580 3500 2619 ne

1902 2645 2203 2715 imperaret
2235 2648 2367 2716 ipsis
2400 2661 2458 2702 ut
2510 2650 2561 2703 in
2614 2651 2876 2721 abyssum
2929 2652 3092 2708 irent.
3141 2655 3268 2709 Erat
3316 2666 3498 2712 autem

1902 2736 1970 2789 ibi
2008 2750 2140 2804 grex
2171 2751 2460 2806 porcorum
2498 2739 2793 2793 multorum
2830 2745 3175 2811 pascentium
3205 2749 3257 2800 in
3291 2757 3497 2812 monte,

1900 2837 1954 2881 et
1985 2832 2250 2899 rogabant
2293 2845 2416 2885 eum
2468 2842 2524 2884 ut
2573 2834 2915 2901 permitteret
2969 2837 3106 2907 ipsis
3157 2840 3210 2893 in
3265 2841 3383 2897 illus
3415 2843 3497 2897 in-

1899 2921 2070 2986 gredi.
2104 2920 2165 2974 Et
2209 2922 2454 2988 permisit
2498 2922 2622 2976 illis.
2663 2921 2930 2978 Exierunt
2971 2942 3101 2998 ergo
3135 2933 3399 2985 daemonia
3430 2932 3499 2988 ab

1902 3010 2142 3076 homine,
2180 3024 2235 3066 et
2283 3013 2626 3069 intraverunt
2667 3017 2718 3069 in
2759 3031 2955 3086 porcos
2988 3037 3002 3073 :
3041 3029 3097 3074 et
3127 3022 3330 3092 impetu
3363 3025 3499 3079 abiit

1901 3121 2029 3172 grex
2060 3122 2156 3175 per
2193 3122 2432 3177 princeps
2468 3108 2518 3160 in
2569 3119 2843 3177 stagnum,
2908 3124 2963 3165 et
2998 3112 3294 3169 suﬂ‘ocatus
3326 3128 3432 3173 est.
3471 3135 3491 3170 ι

1907 3193 2036 3249 Vide
2069 3199 2368 3252 daemonem
2413 3199 2628 3255 duabus
2659 3202 2818 3256 malis
2865 3203 3248 3260 affectionibus
3299 3212 3494 3274 teneri,

1902 3288 2127 3342 audacia
2172 3300 2226 3342 et
2269 3291 2484 3346 timore.
2534 3291 2667 3346 Nam
2711 3295 2854 3363 quod
2890 3296 3023 3349 dicit
3055 3314 3068 3352 :
3105 3299 3242 3364 Quid
3282 3302 3411 3355 mihi
3445 3315 3500 3357 et

1900 3381 1994 3433 tibi
2024 3381 2047 3433 ?
2078 3383 2301 3435 audacis
2323 3394 2377 3437 et
2403 3385 2732 3453 impudentis
2765 3389 2946 3454 servi;
2983 3391 3124 3458 quod
3157 3407 3286 3447 vero
3320 3395 3451 3450 dicit
3480 3411 3496 3448 :

1898 3468 2139 3525 Obsecro
2177 3480 2251 3532 te.
2288 3473 2532 3528 timentis
2571 3485 2673 3529 est.
2714 3475 2937 3532 Habitat
2973 3491 3154 3535 autem
3192 3483 3242 3535 in
3289 3502 3498 3538 monu-

1899 3561 2123 3625 mentis,
2157 3568 2213 3614 υι
2245 3562 2437 3616 malam
2473 3567 2838 3632 suspicionem
2877 3568 3151 3638 ingereret
3185 3571 3498 3630 hominibus

1900 3653 2042 3721 quod
2071 3653 2266 3707 anima:
2308 3657 2661 3710 morientium
2708 3659 2979 3715 d:emones
3011 3661 3161 3717 fiatut.
3199 3663 3370 3719 Porro
3403 3682 3500 3735 pe-

1904 3754 2022 3798 tunt
2069 3745 2342 3799 dauuones
2377 3762 2443 3801 ne
2490 3747 2543 3800 in
2597 3750 2853 3820 abyssum
2892 3751 3293 3821 ingrediantur,
3324 3755 3498 3830 328

1901 3839 1994 3892 Sed
2028 3837 2078 3890 in
2106 3848 2247 3891 terra
2274 3840 2662 3908 permittantur
2688 3842 2830 3895 ultra
2859 3844 3067 3898 versari
3096 3864 3109 3899 :
3137 3855 3190 3900 et
3229 3850 3494 3903 Dominus

1902 3931 2167 4000 p-rmittit
2212 3931 2333 3985 illos
2366 3917 2488 3986 esse
2531 3934 2582 3985 in
2621 3944 2788 3998 terra,
2832 3946 2889 3990 ut
2941 3949 3219 3994 certamen
3261 3942 3500 3997 babeaut

1903 4039 2025 4077 cum
2063 4025 2396 4102 hominibus,
2439 4036 2493 4079 et
2543 4028 2880 4093 probatiores
2915 4029 3034 4083 illos
3079 4033 3324 4088 reddant.
3361 4032 3498 4089 Nam

1881 4127 1885 4148 '-
1904 4116 1948 4169 si
2001 4131 2106 4169 non
2137 4127 2315 4170 essent
2352 4119 2669 4185 adversarii,
2722 4137 2897 4189 neque
2944 4127 3248 4180 certamina
3291 4140 3496 4196 essent,

1904 4217 1956 4262 et
1979 4208 2080 4262 nisi
2108 4211 2406 4264 certamina
2431 4223 2638 4275 essent,
2669 4228 2841 4283 neque
2867 4231 3082 4270 coronae
3113 4216 3311 4274 forent.
3341 4219 3499 4276 Disce

1904 4311 1960 4354 et
1985 4301 2241 4368 quiddam
2295 4302 2632 4359 subliniioris
2680 4310 2978 4376 anagogiae.
3027 4309 3285 4379 Quisquis
3339 4313 3500 4369 habet

1905 4391 2049 4446 intra
2090 4407 2147 4447 se
2175 4392 2469 4459 daemones,
2496 4395 2600 4450 hoc
2646 4408 2728 4452 est
2766 4413 2929 4468 opera
2964 4402 3318 4466 dtcmoniaca,
3349 4419 3499 4463 veSIe

1909 4502 2012 4539 non
2050 4486 2312 4549 induitur.
2342 4498 2494 4544 caret
2520 4493 2665 4544 enim
2704 4493 2840 4546 stola
2871 4511 3032 4563 quam
3069 4497 3119 4550 in
3175 4500 3501 4568 baptismate

211 4575 344 4638 ξεις,
391 4575 607 4643 ἱμάτιον
654 4573 754 4624 οὐκ
801 4570 1197 4632 ἐνδιδύσκεται,
1234 4574 1501 4632 τουτέστι,
1549 4569 1648 4640 τὴν
1691 4569 1796 4622 ἀπὸ

1907 4579 2140 4647 accepit,
2175 4589 2229 4633 et
2265 4579 2318 4633 in
2351 4579 2514 4637 domo
2546 4597 2653 4637 non
2697 4596 2901 4650 inanet,
2937 4588 3038 4642 boc
3077 4599 3180 4654 est,
3220 4591 3274 4644 in
3308 4591 3492 4650 Eccle-

208 4667 302 4719 τοῦ
337 4666 714 4736 βαπτίσματος
762 4662 957 4732 στολὴν
1003 4664 1102 4714 οὐκ
1146 4662 1280 4732 ἔχει,
1334 4666 1428 4714 καὶ
1475 4663 1531 4715 ἐν
1561 4664 1708 4733 οἰκία
1737 4665 1798 4716 οὐ

212 4763 385 4831 μένει,
423 4759 704 4811 τουτέστιν
737 4759 794 4808 ὲν
837 4755 1159 4827 Ἐκκλησία.
1194 4758 1310 4808 Οὐκ
1341 4755 1487 4818 ἄξιος
1515 4755 1622 4825 γάρ
1653 4759 1799 4808 ἐστιν

211 4850 562 4922 εἰσέρχεσθαι
612 4852 670 4903 ἐν
711 4848 1174 4918 Ἐκκλησία,ἀλλ’
1225 4851 1281 4900 ὲν
1335 4851 1444 4910 τοῖς
1497 4852 1797 4917 μνήμασιν,

208 4947 328 5013 ἤτοι
353 4947 466 5005 τοῖς
488 4941 596 4994 τῶν
619 4940 827 5010 νεκρῶν
852 4939 1030 5010 ἔργων
1057 4939 1305 5009 δοχείοις,
1336 4936 1447 4991 οἷον
1499 4940 1794 5009 πορνείοις,

210 5036 537 5098 τελωνείοις·
578 5032 751 5087 ταῦτα
781 5034 890 5102 γὰρ
921 5035 1163 5103 μνημεῖα
1194 5033 1390 5094 κακίας
1423 5033 1583 5085 εἰσίν.

285 5149 302 5179 ι
358 5126 583 5188 Ἰδόντες
615 5125 670 5178 δὲ
705 5128 752 5178 oi
799 5124 1088 5193 βόσκοντες
1124 5125 1184 5178 τὸ
1227 5127 1625 5195 γεγενημένον,
1670 5126 1800 5195 ἕλευ-

211 5237 328 5289 ·ίον,
388 5220 481 5270 καὶ
534 5218 880 5288 ἀπήγγειλαν
928 5219 1006 5280 είς
1053 5219 1154 5286 τὴν
1186 5219 1364 5283 πόλιν,
1417 5219 1512 5271 καὶ
1547 5220 1626 5282 είς
1675 5221 1800 5282 τοὺς

211 5312 439 5380 ἀγρούς.
508 5308 761 5379 Ἐξῆλθον
808 5308 863 5360 δὲ
910 5310 1040 5362 ἰδεῖν
1082 5310 1144 5363 τὸ
1188 5311 1441 5377 γεγονὸς,
1497 5311 1591 5363 καὶ
1637 5305 1798 5381 ἦλθον

214 5401 349 5472 πρὸς
383 5401 477 5453 τὸν
521 5400 749 5468 Ἰησοῦν,
783 5403 877 5453 καὶ
913 5394 1072 5470 εὗρον
1103 5401 1414 5472 καθήμενον
1457 5403 1548 5455 τὸν
1586 5405 1799 5473 ἄνθρω-

213 5510 337 5559 πον,
372 5493 466 5560 ἀφ’
493 5486 554 5545 οὗ
578 5492 646 5543 τὰ
672 5492 924 5561 δαιμόνια
954 5493 1288 5563 ἐξεληλύθει,
1316 5496 1677 5566 ἱματισμένον
1705 5498 1797 5549 καὶ

217 5582 612 5654 σωφρονοῦντα,
652 5584 804 5652 παρὰ
838 5586 963 5648 τοὺς
999 5585 1166 5649 πόδας
1189 5587 1281 5639 τοῦ
1321 5587 1520 5658 Ἰησοῦ,
1552 5591 1643 5642 καὶ
1676 5591 1802 5658 €6,70-

215 5674 481 5745 θήθησαν.
526 5675 893 5745 ’Λπήγγειλαν
919 5677 973 5728 δὲ
1005 5678 1194 5741 αὐτοῖς
1224 5680 1318 5731 καὶ
1342 5683 1390 5732 οἱ
1427 5680 1646 5747 ἰδόντες,
1683 5684 1798 5744 πὼς

217 5767 391 5839 ἐσώθη
414 5769 442 5821 ὁ
469 5768 856 5837 δαιμονισθείς.
905 5770 1014 5822 Καὶ
1047 5771 1340 5841 ἠρώτησαν
1367 5773 1528 5827 αὑτὸν
1559 5773 1703 5826 ἅπαν
1740 5774 1797 5825 si;

216 5858 413 5930 πλῆθος
461 5859 559 5929 τῆς
607 5861 913 5930 περιχώρου
972 5864 1076 5912 τήν
1125 5865 1479 5934 1ἀδπρ·ς“λξῖ··λ,
1535 5869 1795 5922 ἀπελθεῖν

1906 4671 1982 4723 sia
2012 4688 2027 4736 ;
2061 4672 2317 4740 indignus
2346 4677 2490 4727 enim
2517 4684 2600 4730 est
2633 4685 2692 4729 ut
2721 4677 3056 4748 ingrediatur
3089 4680 3141 4734 in
3169 4679 3492 4751 Eeclesiam,

1904 4765 1998 4817 sed
2030 4763 2083 4816 in
2121 4767 2507 4831 monumentis,
2545 4767 2646 4823 hoc
2671 4778 2771 4836 est,
2810 4771 2859 4822 in
2895 4781 3232 4825 mortuorum
3262 4790 3488 4842 operum

1906 4859 2281 4926 receptacuiis.
2336 4869 2392 4912 ut
2443 4863 2495 4913 in
2543 4862 2859 4929 prostibulis
2921 4872 2974 4915 et
3022 4862 3234 4920 teloniis
3279 4876 3333 4920 et
3372 4866 3494 4922 aliis

1902 4951 2166 5002 scelerum
2195 4948 2421 5004 oﬂirinis
2451 4961 2503 5006 et
2535 4953 2930 5007 monumentis.

1977 5145 2140 5200 Vsus.
2183 5147 2379 5202 δι-δι).
2419 5167 2436 5199 ι
2471 5146 2641 5202 Ροιτο
2666 5160 2722 5202 ιιι
2752 5152 3170 5223 videruntquod
3196 5157 3492 5227 acciderat,

1903 5237 1956 5291 bi
1978 5240 2065 5302 qui
2088 5239 2400 5306 pascebant,
2422 5241 2702 5310 fugerunt,
2727 5255 2782 5296 et
2801 5261 3076 5300 rumorem
3103 5251 3494 5307 nuntiaverunt

1903 5331 1956 5383 in
1997 5332 2274 5385 civitatem
2308 5347 2371 5386 ac
2417 5334 2591 5388 villas.
2631 5336 2894 5390 Exierunt
2942 5352 3121 5394 autem
3163 5354 3220 5395 ut
3253 5346 3494 5400 viderent

1903 5425 2043 5492 quod
2083 5423 2285 5478 factum
2317 5437 2452 5479 erat.
2487 5427 2550 5480 Et
2583 5441 2848 5484 venerunt
2886 5435 2951 5484 ad
2995 5432 3201 5500 Iesum,
3238 5448 3293 5493 et
3334 5438 3491 5494 inve—

1904 5525 2104 5567 nerunt
2155 5518 2427 5570 hominem
2481 5519 2760 5574 sedentem
2810 5539 2838 5574 a
2883 5540 2992 5593 quo
3023 5527 3289 5583 daemonia
3339 5531 3490 5585 exie-

1901 5617 2044 5671 rant,
2096 5610 2371 5673 vestitutu,
2415 5627 2478 5665 ac
2511 5629 2642 5665 sana
2678 5627 2880 5684 mente,
2929 5621 2994 5671 ad
3039 5623 3200 5690 pedes
3247 5622 3397 5686 Jesu,
3436 5634 3491 5678 et

1903 5698 2220 5753 timuerunt.
2258 5700 2653 5756 Nuntiaverunt
2699 5715 2879 5759 autem
2929 5708 3035 5764 illis
3074 5714 3236 5766 etiam
3276 5714 3365 5783 qui
3404 5715 3489 5767 vi-

1900 5789 2113 5854 derant,
2146 5792 2419 5859 quumodo
2450 5808 2615 5848 sanus
2647 5795 2822 5851 factus
2857 5810 3002 5854 esset
3043 5803 3088 5857 is
3122 5804 3212 5873 qui
3246 5805 3489 5873 agitaba-

1905 5890 1987 5931 lut'
2019 5897 2042 5932 ιι
2095 5877 2395 5935 d;rmcnio.‘
2437 5884 2498 5938 Et
2543 5900 2870 5959 rogaverunt
2904 5892 3055 5948 illum
3097 5897 3275 5953 omnis
3308 5898 3487 5954 inulti-
