4110 6332
286 325 411 386 ξ’θθ

982 329 1428 392 ΕΝᾹΠΠΑΤῘΟ
1466 331 1548 390 IN
1576 331 1867 391 EVANGI

1975 330 2087 391 UM
2132 330 2369 390 [ΗΒΕ.
2411 354 2477 363 -
2518 331 2679 389 CAP.
2724 331 2746 388 ἰ
2778 330 2888 389 III.

3484 331 3590 391 Sili

286 458 318 488 τ
338 444 400 506 ην
435 439 525 493 τοῦ
553 440 862 511 κρεῖττονος
892 442 1176 511 ἐπιλογήν.
1217 442 1406 514 Ταύτῃ
1438 461 1519 496 τοι
1543 446 1637 496 καὶ
1669 446 1695 495 6
1732 443 1865 497 Δαυῖ

1997 446 2167 499 Porro
2203 444 2395 496 midier
2432 445 2483 495 iu
2524 444 2759 496 transitu
2809 441 3049 505 accedit,
3092 441 3411 510 ampliorem
3454 448 3589 498 alle-

287 531 405 599 ἒφη
433 534 489 584 ἐν
521 533 684 602 κημῴ
720 535 810 585 καί
840 534 1040 602 χαλινῷ
1074 534 1173 597 τὰς
1207 535 1465 602 σιαγόνας
1489 536 1668 588 αὐτῶν
1698 535 1883 603 ἆγξαι,

280 623 407 673 τῶν
442 624 516 693 μὴ
548 624 875 691 ἐγγιζόντων
910 626 1046 694 προς
1082 626 1162 677 σέ.
1196 626 1285 677 Ἐν
1340 627 1561 696 παρόδῳ
1616 626 1673 679 δὲ
1715 629 1885 697 πρόσ-

282 730 406 765 εισι
462 715 596 785 γυνὴ
650 716 833 767 πίστιν
862 716 1176 785 ἐπαγομένη
1225 717 1369 786 μάλα
1398 718 1619 784 πολλήν.
1659 718 1886 786 Προσελ-

282 805 468 857 θοῦσα
496 809 627 876 γάρ,
657 808 833 876 ἦψατο
861 808 953 859 τοῦ
985 809 1296 875 κρασπέδου
1326 810 1418 860 τοῦ
1454 810 1672 877 ἱματίου
1696 809 1883 873 αὑτοῦ,

283 899 631 950 πιστεύουσα
659 902 895 961 πάντως,
926 902 1009 952 ὅτι
1053 902 1154 953 ἐὰν
1187 902 1347 969 μόνον
1382 902 1610 972 ἅψηται,
1642 903 1885 970 σωθήσε-

278 1006 407 1041 ται.
466 992 572 1043 Καὶ
627 993 971 1063 παραχρῆμα
1022 992 1153 1063 ἐστη
1202 996 1233 1062 ἡ
1275 994 1429 1062 ῥύσις
1478 996 1571 1047 τοῦ
1625 998 1879 1064 αἵματος.

284 1080 509 1148 Ὠσπερ
548 1081 655 1151 γὰρ
684 1084 729 1133 εἰ
760 1082 1102 1152 προσαγάγοι
1144 1070 1227 1145 τις
1265 1085 1547 1152 ὀξθαλμὸν
1575 1087 1713 1151 φωτὶ
1745 1084 1883 1154 λάμ-

283 1187 471 1233 ποντι,
533 1172 563 1242 ἢ
618 1173 750 1241 πυρὶ
780 1162 1090 1241 φρύγανον,
1145 1174 1306 1237 εὐθὺς
1354 1174 1697 1243 ἐνεργοῦσιν,
1738 1173 1882 1225 οὕτω

284 1263 724 1332 προσαγαγοῦσα
783 1268 970 1317 πίστιν
1029 1265 1108 1334 τῷ
1164 1266 1448 1337 δυναμένῳ
1517 1266 1876 1337 θεραπεῦσαι,

282 1355 456 1417 εὐθὺς
484 1358 581 1425 τῆς
614 1356 908 1426 θεραπείας
958 1358 1166 1427 ἔτυχεν.
1208 1359 1375 1412 Οὐδὲν
1421 1360 1527 1429 γάρ
1576 1360 1877 1428 ἐλογίσατο,

280 1448 349 1500 οὐ
408 1449 467 1499 τὸ
500 1448 846 1520 πολυχρόνιον
894 1450 993 1517 τῆς
1047 1450 1227 1512 νόσου,
1273 1452 1442 1503 οὖντὸ
1492 1453 1618 1515 τοὺς
1657 1454 1879 1523 ἰατροὺς

282 1541 613 1609 ἀστοχῆσαι,
642 1542 739 1592 οὐκ
773 1540 904 1594 ἀλλο
934 1542 1108 1595 οὐδέν.
1156 1542 1316 1596 ’Λλλά
1360 1543 1521 1612 μόνον
1562 1543 1873 1608 ἐπίστευσε,

284 1632 383 1684 καὶ
422 1635 709 1690 σέσωσται.
756 1634 865 1685 Καὶ
914 1634 989 1696 ὡς
1039 1633 1206 1698 ἔοικε,
1253 1636 1523 1706 πρότερον
1573 1634 1749 1705 ἥψατο
1782 1636 1876 1689 τοῦ

283 1722 469 1792 Ἰησοῦ
506 1725 733 1793 νοητῶς,
774 1722 892 1779 εἶτα
928 1728 1021 1780 καὶ
1053 1728 1411 1796 σωματικῶς.

362 1821 471 1873 Καὶ
506 1817 659 1873 εἶπεν
691 1821 719 1871 6
774 1821 1005 1890 ’Ῑησοῦ·;’
1054 1821 1150 1884 Τίς
1200 1822 1228 1874 ὁ
1260 1820 1538 1891 ἁψάμενός
1568 1839 1711 1892 μους
1758 1822 1878 1892 ’Λρ-

288 1910 570 1980 νουμένων
601 1910 656 1963 δὲ
706 1911 947 1977 πάντων,
995 1906 1152 1963 εἶπεν
1191 1913 1220 1963 6
1264 1912 1470 1979 Πέτρος
1516 1912 1612 1962 καὶ
1655 1912 1705 1963 οἱ
1760 1910 1879 1981 μετ’

286 2003 457 2055 αὑτοῦ
480 2019 494 2034 ⁸
541 2001 866 2065 Ἐπιστάτα,
922 1998 979 2055 oi
1014 2003 1161 2073 ὄχλοι
1211 2002 1494 2073 συνέχουσι
1521 2019 1578 2055 σε
1612 2004 1704 2055 καὶ
1745 2005 1881 2057 ἀπο-

284 2092 554 2156 θλίϐουσι,
600 2095 697 2146 καὶ
738 2094 939 2161 λέγεις,
993 2094 1091 2157 Τίς
1125 2096 1152 2147 6
1198 2094 1477 2164 ἁψάμενός
1531 2112 1666 2165 μους
1709 2096 1765 2149 Ὀ
1821 2096 1879 2149 δὲ

280 2183 498 2253 Ἰησοῦς
553 2178 741 2237 εἶπεν·
781 2185 996 2254 ’Ἥψατό
1044 2203 1146 2253 μου
1187 2203 1290 2247 τις.
1342 2184 1485 2253 Ἐγὼ
1539 2186 1648 2257 γάρ
1705 2187 1878 2255 ἔγνων

283 2274 518 2344 δύναμιν
567 2276 893 2341 ἐξελθοῦσαν
939 2277 1035 2331 ἀπ’
1066 2277 1224 2346 ἐμοῦ.
1285 2277 1496 2331 ’ἰδοῦσα
1545 2280 1602 2332 δὲ
1650 2282 1681 2349 ἡ
1738 2282 1876 2351 γυνὴ

281 2368 366 2419 ὃτι
414 2369 515 2420 οῦκ
560 2367 739 2429 ἔλαθε.
787 2369 1067 2438 τρέμουσα
1118 2364 1250 2439 ἦλθε
1278 2409 1293 2433 ,
1348 2372 1444 2422 καὶ
1492 2373 1877 2441 προσπεσοῦσα

282 2458 455 2527 αὐτῷ,
484 2459 552 2511 δι’
587 2460 654 2529 ἡν
684 2460 865 2513 αἰτίαν
912 2461 1093 2530 ἥψατο
1124 2462 1317 2524 αὑτοῦ,
1354 2462 1691 2532 ἀπήγγειλεν
1727 2465 1876 2535 αῦτῷ

290 2550 528 2604 ἐνώπιον
562 2553 763 2615 παντὸς
790 2553 884 2606 τοῦ
927 2552 1078 2616 λαοῦ,
1115 2555 1207 2605 καὶ
1234 2554 1309 2618 ὡς
1340 2555 1465 2624 ἰάθη
1509 2557 1874 2626 παραχρῆμα,

295 2642 358 2696 Ὀ
392 2644 447 2697 δὲ
493 2639 649 2697 εἶπεν
678 2645 814 2714 αὐτῇ
843 2662 856 2675 ο
898 2644 1136 2715 Θάρσει,
1171 2646 1432 2715 θύγατερ,
1472 2648 1506 2717 ἡ
1554 2649 1735 2712 πίστις
1781 2666 1874 2701 σου

284 2733 493 2785 σέσωκέ
523 2750 603 2797 σε,
636 2736 871 2803 πορεύου
909 2736 988 2797 εἰς
1022 2737 1268 2806 εἰρήνην.
1303 2754 1321 2785 ι
1377 2737 1435 2790 '0
1466 2737 1673 2808 Κύριος
1706 2739 1875 2791 θέλων

281 2826 380 2876 καὶ
408 2826 505 2893 τῆς
532 2825 786 2890 γυναικὸς
817 2824 915 2895 τὴν
942 2826 1124 2877 πίστιν
1150 2827 1317 2881 πᾶσιν
1347 2826 1745 2892 ἐπιδείξασθαι,
1780 2829 1867 2881 ἴνα

283 2918 523 2984 μιμηταὶ
565 2914 769 2986 ταύτης
811 2917 1101 2984 γένωνται,
1151 2919 1247 2970 καὶ
1280 2918 1357 2988 τῷ
1396 2919 1607 2989 Ἰαείρῳ
1653 2920 1874 2982 ἐλπίδας

279 3007 490 3074 ἀγαθάς
532 3008 714 3061 δοῦναι
764 3010 1017 3079 περὶτῆς
1070 3011 1239 3064 αὐτοῦ
1289 3011 1590 3083 θυγατρὸς,
1645 3016 1875 3083 φανεροί

278 3100 343 3152 τὸ
371 3099 646 3171 λαθραίως
677 3101 989 3171 γενόμενον,
1038 3104 1129 3155 καὶ
1200 3104 1355 3173 ζητεῖ
1397 3104 1494 3174 μὲν
1546 3104 1630 3168 τίς
1673 3109 1701 3158 6
1729 3106 1869 3175 άψά-
1896 3150 1937 3205 c

282 3195 443 3263 μένος
475 3191 663 3249 αὐτοῦ.
708 3192 765 3246 ὐ
813 3194 868 3246 δὲ
903 3195 1126 3263 Πέτρος,
1160 3192 1351 3265 ὥσπερ
1396 3196 1688 3267 τολμηρὸς,
1724 3214 1863 3267 μεμη

279 3285 514 3353 «ρόμενος
539 3283 701 3337 αὑτὸν
733 3287 918 3338 ἕνεκεν
944 3285 1044 3353 τῆς
1070 3286 1416 3356 ἐρωτήσεως,
1445 3290 1580 3357 φησί
1603 3303 1618 3318 ⁸
1662 3288 1865 3342 Τοσοῦ-

277 3378 361 3429 τοί
408 3394 468 3430 σε
508 3376 896 3445 συμπνίγουσι,
950 3378 1044 3430 καὶ
1098 3378 1296 3447 λέγεις·
1356 3379 1451 3440 Ti;
1509 3382 1537 3432 6
1585 3379 1867 3449 ἁψάμενός

280 3488 415 3537 μου;
451 3470 565 3522 Οὐκ
595 3470 794 3522 ἐνενόει
822 3469 877 3521 δὲ
908 3470 959 3522 τί
983 3470 1013 3522 6
1044 3468 1247 3540 Κύριος
1277 3469 1490 3540 ἠρώτα.
1526 3471 1587 3523 Ὀ
1632 3471 1732 3537 μὲν
1756 3474 1867 3541 γὰρ

292 3560 498 3630 Ἰησοῦς
546 3560 897 3625 ἐπυνθάνετο,
939 3561 1034 3623 Τίς
1064 3563 1094 3613 6
1124 3560 1401 3631 ἁψάμενός
1431 3578 1533 3631 μου
1568 3562 1709 3632 μετὰ
1757 3563 1849 3616 πί-

278 3668 472 3716 στεως,
509 3652 603 3703 καὶ
631 3652 750 3721 οὐχὶ
777 3653 963 3715 ἁπλῶς
997 3652 1194 3717 οὓτως.
1242 3652 1454 3725 Ὠσπερ
1486 3653 1596 3725 γὰρ
1627 3654 1738 3725 ἔχει
1780 3672 1865 3718 τις

274 3738 392 3797 ὦτα
428 3744 523 3796 τοῦ
558 3744 798 3807 ἀ.;ούειν,
824 3742 982 3806 ἄλλος
1011 3744 1069 3796 δὲ
1105 3737 1221 3797 ὦτα
1252 3742 1364 3814 ἔχει
1392 3745 1485 3796 καὶ
1516 3746 1616 3797 οὐκ
1650 3744 1860 3808 ἀκούει,

274 3836 452 3898 οὕτως
508 3836 666 3899 ἀλλος
700 3836 800 3907 μὲν
852 3837 1089 3891 ἅπτεται
1137 3838 1280 3907 μετά
1322 3838 1584 3901 πίστεως,
1621 3840 1779 3903 ἄλλος
1806 3840 1863 3893 δέ

273 3928 487 3996 ἐγγίζει
551 3928 672 3998 μὲν,
724 3929 758 3998 ὴ
794 3928 864 3981 δέ
912 3929 1115 4000 καρδία
1175 3928 1341 3983 αὑτοῦ
1403 3931 1594 4001 πόρρω
1643 3934 1860 4004 ἀπέχει.

270 4021 488 4091 Ἔρωτᾷ
523 4022 700 4073 τοίνυν
729 4023 757 4073 6
790 4022 1016 4092 Κύριος,
1045 4019 1139 4073 καί
1169 4037 1250 4073 τοι
1281 4020 1438 4082 εἰδὼς
1465 4020 1564 4090 τὴν
1604 4025 1859 4088 γυναῖκα,

271 4116 387 4166 ἀλλ’
420 4116 557 4182 ὅπερ
593 4114 752 4184 ἔφην,
782 4114 870 4167 ῐνα
900 4114 994 4167 καὶ
1026 4113 1125 4182 τὴν
1161 4112 1344 4165 πίστιν
1374 4113 1549 4181 αὐτῆς
1581 4114 1858 4186 ὑποδείξῃ,

272 4207 368 4259 καὶ
393 4208 485 4259 τὸν
527 4206 982 4277 ἀρχισυνάγωγον
1009 4204 1231 4258 εῠελπιν
1263 4207 1466 4276 ποιήσῃ
1499 4221 1512 4235 ·
1539 4208 1739 4277 ἐρωτᾷ,
1768 4208 1862 4261 καὶ

271 4300 548 4370 θεατρίζει
592 4300 693 4371 τὴν
732 4302 991 4367 γυναῖκα.
1024 4299 1238 4367 Ἔγνων
1268 4302 1399 4368 γάρ,
1439 4300 1591 4368 φησὶ,
1629 4300 1860 4369 δύναμιν

268 4392 594 4458 ἐξελθοῦσαν
624 4391 719 4446 ἀπ’
746 4392 908 4461 ἐμοῦ,
934 4392 1183 4455 είκότως.
1215 4392 1280 4442 0i
1310 4392 1410 4461 μὲν
1439 4391 1548 4462 γάρ
1582 4391 1857 4461 προφῆται

1995 552 2120 590 rens
2190 538 2375 589 fidem.
2438 538 2513 589 Ac
2554 537 2719 589 edens
2768 536 2913 589 enim
2987 536 3242 603 tangebat
3315 537 3582 588 fimbriam

1992 630 2298 682 vestimenti
2344 628 2480 695 ejus,
2530 630 2665 681 bona
2715 644 2833 698 spe,
2884 635 2939 681 et
2983 638 3131 681 certa
3174 627 3301 689 fido,
3348 630 3490 696 quod
3535 633 3577 684 si

1994 729 2199 772 tantum
2258 721 2621 788 contingeret,
2673 720 2994 773 salvaretur.
3062 718 3127 771 Et
3177 720 3360 772 statim
3433 724 3586 775 stetit

1990 810 2164 864 fluxus
2194 816 2477 880 sanguinis
2504 812 2644 881 ejus.
2683 813 2837 866 Sicut
2869 813 2913 865 si
2961 814 3083 881 quis
3115 812 3335 866 afferret
3363 814 3581 866 oculum

1988 905 2054 953 ad
2103 903 2279 956 lumen
2329 904 2534 967 lucens,
2584 904 2667 957 vel
2715 905 2971 974 supulam
3033 907 3098 956 ad
3149 907 3348 973 ignem,
3399 907 3581 959 statim

1988 995 2357 1060 operationem
2406 994 2620 1047 illorum
2665 997 3048 1062 experiretur:
3099 996 3171 1049 ita
3203 1008 3257 1051 et
3304 997 3391 1049 illa
3445 997 3578 1051 affe-

1990 1102 2113 1140 rens
2150 1087 2305 1139 fidem
2345 1089 2409 1139 ad
2447 1103 2570 1140 eum
2604 1090 2693 1156 qui
2742 1104 2939 1142 sanare
2982 1098 3219 1157 poterat,
3264 1092 3445 1144 statim
3491 1105 3584 1144 δἐι-

1989 1180 2213 1231 nitatem
2260 1179 2454 1248 adepta
2500 1189 2603 1235 est.
2644 1179 2831 1249 Neque
2861 1182 3005 1234 enim
3047 1183 3322 1250 cogitabat
3350 1182 3431 1236 vel
3463 1184 3583 1235 diu-

1987 1272 2299 1323 turnitatem
2350 1272 2545 1333 morbi,
2597 1272 2682 1324 vel
2725 1273 3165 1341 desperationem
3210 1274 3575 1335 medicorum,

1986 1360 2067 1415 vel
2110 1360 2252 1413 aliud
2284 1361 2564 1427 quiddam,
2595 1361 2691 1415 sed
2738 1363 2974 1416 credidit
3017 1370 3247 1426 tantum,
3284 1372 3340 1416 et
3370 1364 3578 1417 salvam

1984 1463 2069 1507 est
2097 1470 2109 1505 ;
2137 1462 2213 1514 et,
2245 1461 2302 1505 ut
2338 1454 2572 1518 videtur,
2606 1453 2756 1523 prius
2784 1454 2959 1524 tetigit
2990 1454 3272 1510 Christum
3302 1468 3502 1520 mente,
3525 1467 3582 1510 et

1985 1546 2108 1599 dein
2149 1560 2395 1614 corpore.

2057 1815 2220 1869 Vens.
2254 1816 2443 1871 45-48.
2483 1834 2501 1867 ι
2545 1815 2607 1869 Et
2643 1813 3088 1881 aitJesuszouis
3128 1824 3210 1869 est
3240 1814 3332 1885 qui
3370 1830 3451 1868 me
3491 1827 3543 1869 te

1987 1908 2140 1974 ligit?
2179 1907 2511 1979 Negantibus
2552 1919 2732 1962 autem
2772 1897 3051 1972 omnibus,
3096 1907 3236 1960 dixit
3280 1907 3473 1961 Petrus
3521 1920 3577 1961 et

1982 2001 2071 2067 qui
2107 2014 2228 2052 cum
2276 1999 2371 2052 illo
2398 2008 2557 2052 erant
2596 2016 2612 2054 :
2648 1998 2979 2067 Prmeeptor,
3027 2000 3199 2051 turba:
3232 2010 3281 2052 te
3311 2000 3574 2053 consuin-

1982 2102 2115 2161 gunt
2166 2100 2222 2144 et
2260 2090 2541 2156 aﬂlictant,
2591 2100 2648 2146 et
2700 2093 2871 2144 dicis:
2912 2089 3046 2155 Quis
3094 2105 3181 2145 me
3236 2091 3458 2159 tetigit?
3507 2090 3578 2144 Et

1982 2182 2296 2238 dixitJesus
2329 2201 2340 2236 :
2378 2183 2577 2252 Tetigit
2609 2197 2697 2236 me
2729 2182 2965 2251 aliquis:
3006 2196 3126 2236 nam
3163 2196 3263 2251 ego
3303 2182 3427 2235 novi
3464 2183 3575 2235 vir-

1983 2285 2147 2329 tutem
2179 2290 2209 2329 a
2248 2291 2333 2329 me
2374 2276 2574 2329 exisse.
2615 2272 2815 2328 Videas
2848 2283 3028 2327 autem
3060 2273 3255 2327 mulier
3284 2272 3429 2340 quod
3462 2287 3571 2325 non

1981 2369 2249 2432 latuisset,
2288 2378 2525 2421 tremens
2552 2367 2698 2420 venit
2727 2381 2790 2420 ac
2821 2366 3051 2436 procidit
3081 2376 3208 2419 ante
3240 2366 3405 2432 pedes
3430 2364 3568 2432 ejus.

1979 2474 2033 2515 et
2083 2463 2151 2514 ob
2209 2476 2370 2530 quam
2408 2475 2630 2513 causam
2685 2459 2952 2529 tetigisset
3003 2474 3154 2523 eum,
3210 2457 3472 2511 indicavit
3520 2456 3570 2509 ei

1978 2570 2161 2609 coram
2228 2564 2340 2607 toto
2394 2554 2611 2621 populo,
2674 2562 2729 2605 et
2770 2550 3228 2619 quemadmodum
3284 2548 3570 2607 confestim

1977 2653 2169 2699 sanata
2198 2644 2406 2698 fuisset.
2440 2648 2506 2696 At
2534 2645 2650 2709 ipse
2683 2642 2821 2697 dixit
2853 2642 2903 2695 ei
2931 2659 2944 2695 :
2978 2640 3229 2706 Conlide,
3260 2640 3400 2693 tilia:
3435 2640 3569 2693 fides

1979 2747 2067 2789 tua
2102 2747 2152 2790 te
2184 2736 2446 2789 servatit.
2490 2733 2637 2788 Vade
2667 2748 2790 2788 cum
2826 2747 2981 2801 pace.
3028 2752 3047 2783 ι
3088 2732 3348 2786 Dominus
3384 2730 3573 2783 volens

1973 2832 2137 2885 etiam
2172 2829 2415 2883 mulieris
2452 2828 2609 2881 [idem
2646 2827 2905 2880 omnibus
2956 2823 3298 2878 manifestam
3336 2823 3475 2885 lieri,
3514 2832 3574 2873 ut.

1977 2922 2277 2976 imitatores
2322 2921 2438 2988 ejus
2494 2922 2708 2983 tierent,
2750 2926 2803 2972 et
2854 2914 3064 2969 Jairum
3103 2915 3365 2982 majorem
3415 2927 3567 2979 spem

1973 3013 2039 3067 de
2071 3013 2244 3067 salute
2276 3011 2453 3067 filiola:
2480 3027 2591 3067 sua:
2613 3024 2831 3079 capere,
2858 3008 3001 3078 quod
3031 3007 3169 3061 clam
3196 3006 3399 3059 factum
3424 3013 3565 3069 erat,

1977 3104 2320 3168 manifestat,
2354 3113 2408 3157 et
2436 3102 2631 3171 quazrit
2665 3101 2887 3170 quidem
2918 3101 3038 3168 quis
3070 3098 3250 3168 ipsum
3287 3097 3565 3168 tetigerit;

1974 3207 2029 3248 at
2060 3194 2253 3249 Petrus
2293 3195 2557 3248 audacter
2599 3193 2668 3247 ob
2716 3192 3203 3258 interrogationem
3261 3190 3403 3243 hanc
3436 3203 3562 3242 eum

1974 3288 2383 3356 reprehendens
2416 3287 2547 3341 dicit
2575 3302 2588 3337 :
2625 3286 2730 3337 Tot
2768 3296 2820 3339 te
2854 3285 3246 3352 comprimunt,
3292 3292 3346 3336 et
3380 3281 3514 3335 dicis
3545 3298 3563 3337 :

1970 3379 2104 3445 Quis
2131 3394 2216 3433 me
2252 3378 2473 3448 tetigit?
2502 3377 2618 3431 Non
2655 3376 2993 3444 intelligebat
3031 3384 3213 3428 autem
3247 3374 3374 3444 quid
3405 3373 3566 3428 Iesus

1970 3472 2350 3540 interrogaret.
2382 3468 2545 3527 Jesus
2580 3469 2725 3523 enim
2782 3470 3105 3535 interrogat,
3140 3466 3275 3532 Quis
3309 3481 3393 3521 me
3429 3466 3557 3520 teti-

1968 3560 2081 3633 git?
2118 3578 2241 3615 eum
2297 3562 2421 3627 lide,
2461 3571 2517 3615 et
2561 3576 2666 3615 non
2720 3560 2795 3614 ita
2842 3559 3185 3628 simpliciter.
3227 3558 3364 3612 Nam
3418 3558 3565 3613 sicut

1966 3654 2132 3725 33o
2163 3652 2284 3723 quis
2319 3654 2483 3709 habet
2526 3669 2686 3707 aures
2724 3653 3001 3719 audiendi,
3047 3653 3187 3706 alius
3230 3666 3357 3707 vero
3389 3666 3554 3707 aures

1970 3749 2151 3811 habet,
2205 3756 2259 3800 et
2322 3760 2430 3800 nou
2493 3746 2645 3801 audit
2697 3761 2713 3799 :
2771 3748 2843 3799 ita
2894 3746 3035 3800 alius
3098 3744 3320 3815 quidem
3387 3744 3565 3811 tangit

1967 3854 2089 3893 eum
2127 3838 2253 3901 fide,
2288 3837 2426 3891 alius
2457 3848 2655 3912 .autem
2695 3837 3099 3908 appropinquat
3138 3837 3354 3906 quidem
3402 3837 3559 3905 pedi-

1966 3930 2090 3991 bus,
2142 3929 2307 3983 corde
2352 3938 2533 3982 autem
2586 3929 2776 3998 procul
2823 3938 2927 3982 est.
2962 3928 3135 3998 Rogat
3166 3928 3330 3997 igitur
3376 3925 3561 3981 Domi-

1967 4039 2089 4089 uns,
2130 4040 2237 4079 non
2291 4025 2546 4094 ignorans
2601 4022 2804 4078 factum
2853 4023 3124 4087 mulieris,
3183 4022 3278 4078 sed
3321 4022 3371 4076 id
3407 4022 3555 4092 quod

1964 4119 2233 4181 dicebam,
2264 4127 2323 4171 ut
2348 4126 2404 4172 et
2441 4117 2599 4172 fidem
2628 4117 2748 4187 ejus
2784 4117 2905 4171 aliis
2934 4123 3289 4181 monstraret,
3324 4126 3378 4169 et
3405 4117 3559 4183 prin-

1963 4211 2067 4279 cipi
2110 4209 2406 4280 Synagoga:
2436 4223 2586 4277 spem
2618 4210 2815 4264 bonam
2848 4209 3074 4264 faceret.
3112 4207 3306 4279 Rogat,
3348 4216 3400 4262 et
3433 4223 3559 4277 sp»-

1963 4302 2216 4357 ctabilem
2258 4302 2388 4356 facit
2422 4301 2725 4357 mulierem.
2770 4298 2905 4355 Novi
2943 4302 3115 4367 enim,
3149 4300 3343 4370 inquit,
3383 4301 3557 4354 virtu-

1964 4404 2071 4449 tem
2103 4396 2303 4450 exiisse
2329 4409 2359 4447 a
2405 4409 2511 4461 me,
2557 4393 2772 4457 merito.
2813 4396 3102 4463 Propheta:
3128 4394 3272 4447 enim
3310 4409 3413 4447 non
3453 4394 3558 4447 ha-

266 4485 368 4537 οὐκ
405 4480 553 4552 εἶχον
596 4481 853 4553 δυνάμεις
883 4481 979 4535 ἀπ’
1024 4483 1205 4534 αὐτῶν
1236 4482 1596 4553 ἑξερχομένας
1623 4499 1636 4511 ·
1669 4484 1852 4553 χάριτι

1972 4490 2161 4541 hebant
2193 4488 2448 4542 virtutem
2488 4488 2553 4543 de
2583 4501 2645 4542 se
2686 4486 3080 4557 egredientem,
3116 4486 3208 4541 sed
3246 4489 3417 4553 gratia
3457 4486 3551 4539 Dei

265 4575 377 4644 γάρ
405 4572 543 4625 Θεοῦ
588 4572 1094 4642 ἐθαυματούργουν.
1138 4572 1198 4625 ὐ
1252 4572 1309 4625 δέ
1350 4571 1558 4642 Ἰησοῦς
1596 4576 1745 4641 πηγὴ
1778 4571 1854 4623 ὢν

266 4666 468 4726 παντὸς
500 4665 703 4733 ἀγαθοῦ
733 4665 827 4717 καὶ
859 4667 1039 4734 πάσης
1066 4665 1371 4734 δυνάμεως,
1416 4664 1531 4734 ἔχει
1570 4664 1664 4716 καὶ
1698 4665 1854 4717 δυνά-

270 4778 393 4831 μεις
432 4762 529 4813 ἀπ’
581 4760 747 4815 αὑτοῦ
800 4761 1191 4831 ὲςεγιχομένας.
1233 4760 1406 4830 Διπλῇ
1455 4759 1511 4811 δὲ
1557 4757 1851 4827 θεραπεύει

262 4860 365 4920 τὴν
396 4855 634 4919 γυναῖκα
683 4855 711 4904 6
746 4852 973 4920 Κύριος,
1004 4854 1218 4921 πρῶτον
1246 4850 1347 4921 μὲν
1372 4854 1473 4919 τὴν
1497 4851 1651 4903 νόσον
1683 4852 1852 4917 αὐτῆς

267 4953 586 5017 ἰασάμενος,
614 4930 810 5000 ἒπειτα
846 4948 902 5000 δέ
938 4950 1028 5000 καί
1056 4946 1148 5000 τὸν
1172 4948 1372 5017 τρόμον
1398 4948 1497 5015 τῆς
1540 4946 1719 5017 ψυχῆς
1753 4965 1850 4998 κα-

260 5044 572 5105 ταστείλας,
597 5042 684 5093 διὰ
712 5041 806 5094 τοῦ
834 5042 1031 5095 εἰπεῖν’
1068 5041 1295 5111 Θάρσει,
1329 5041 1590 5109 θύγατερ.

338 5152 357 5185 ε
402 5134 524 5185 Ἐτι
576 5133 741 5187 αὑτοῦ
795 5132 1107 5198 λαλοῦντος,
1161 5132 1382 5203 ἔρχεταί
1427 5148 1510 5187 τις
1554 5132 1706 5201 παρὰ
1752 5130 1846 5183 τοῦ

257 5225 708 5297 ἀρχισυναγώγου
798 5225 972 5293 λέγων
1068 5225 1236 5292 αὐτῷ,
1304 5224 1383 5276 ὅτι
1469 5224 1739 5292 Τέθνηκεν
1813 5224 1845 5290 ἡ

258 5318 507 5386 θυγάτηρ
596 5333 711 5380 σου,
777 5318 850 5387 μὴ
939 5315 1133 5368 σκύλλε
1186 5316 1278 5368 τὸν
1346 5315 1683 5369 διδάσκαλον.
1788 5316 1847 5367 ὐ

257 5412 314 5464 δὲ
412 5408 623 5478 Ἰησοῦς
710 5409 977 5472 ἀκούσας,
1032 5408 1308 5478 ἀπεκρίθη
1374 5406 1544 5477 αὐτῷ,
1619 5408 1842 5475 λέγων·

255 5506 349 5573 Μὴ
422 5503 611 5571 φςὸοῦ,
678 5504 837 5573 μόνον
900 5504 1146 5566 πίστευε,
1183 5503 1277 5553 καὶ
1343 5501 1671 5570 σωθήσεται.
1723 5499 1840 5551 Ἐλ-

253 5596 367 5651 θὼν
398 5595 455 5646 δὲ
483 5598 560 5657 είς
627 5597 724 5665 τὴν
779 5597 973 5659 οἰκίαν,
1021 5597 1120 5647 οὐκ
1176 5594 1390 5663 ἀφῆκεν
1444 5594 1705 5646 εἰσελθεῖν
1750 5595 1843 5645 ού-

252 5689 402 5750 ὖένα,
472 5691 519 5740 εἰ
583 5688 656 5759 μὴ
725 5688 949 5759 Πέτρον,
1018 5689 1112 5741 καὶ
1179 5688 1455 5751 Ἰάκωϐον,
1518 5688 1611 5739 καὶ
1656 5688 1840 5740 Ἰωάν-

255 5800 370 5853 νην,
429 5780 523 5835 καὶ
566 5782 656 5833 τὸν
706 5782 918 5850 πατέρα
986 5783 1082 5849 τῆς
1142 5780 1331 5842 παιδὸς
1408 5780 1501 5832 καὶ
1562 5782 1661 5848 τὴν
1731 5798 1836 5849 μη-

621 5880 880 5938 Parnm.
932 5881 1045 5937 lin.
1094 5876 1377 5937 CXXIII.

1958 4580 2331 4647 sperabantur
2383 4578 2668 4633 miracula.
2708 4576 2867 4632 Jesus
2909 4592 3042 4632 vero
3081 4593 3204 4631 cum
3244 4576 3363 4631 fons
3403 4587 3555 4632 esset

1956 4669 2135 4722 omnis
2168 4670 2292 4724 boui
2350 4680 2404 4725 et
2444 4672 2624 4727 omnis
2655 4670 2910 4733 virtutis,
2948 4672 3110 4725 habet
3146 4681 3200 4725 et
3235 4672 3488 4725 virtutem
3520 4686 3549 4723 a

1956 4782 2015 4820 se
2070 4767 2460 4836 egredientem.
2516 4766 2652 4820 Nam
2708 4766 2999 4836 dupliciter
3050 4776 3209 4819 sanat
3266 4767 3548 4821 mulierem

1960 4858 2237 4923 Dominus,
2275 4858 2505 4927 primum
2557 4856 2777 4925 quidem
2817 4857 3064 4911 morbum
3110 4858 3228 4924 ejus
3274 4856 3547 4918 sanando,

1956 4951 2150 5004 deinde
2203 4950 2450 5004 timorem
2488 4948 2685 5003 animae
2739 4947 2856 5017 ejus
2889 4949 3087 5004 tollens
3131 4964 3227 5018 per
3267 4950 3369 5002 hoe
3403 4954 3547 5018 quod

1954 5040 2125 5093 dixit:
2158 5039 2408 5106 Confide,
2443 5040 2572 5095 lilia.

2034 5133 2197 5187 \‘sns.
2230 5133 2420 5189 49-56.
2462 5152 2480 5185 ι
2514 5132 2704 5187 Adhuc
2734 5130 2825 5187 illo
2856 5132 3112 5202 loquente
3144 5132 3290 5187 venit
3319 5132 3538 5202 quidam

1954 5240 1979 5273 τι
2019 5224 2181 5278 domo
2210 5226 2475 5295 principis
2507 5227 2826 5299 Synagogze,
2877 5229 3067 5286 dicens
3102 5228 3149 5281 ei
3176 5241 3190 5279 :
3222 5227 3430 5279 Mcrtua
3459 5233 3543 5278 est

1947 5315 2056 5367 lilia
2100 5326 2187 5368 tua
2220 5332 2233 5370 :
2269 5317 2373 5369 noli
2409 5333 2607 5373 vexare
2637 5322 2985 5389 magistrum.
3039 5317 3197 5373 Jesus
3230 5328 3409 5370 autem
3443 5332 3540 5367 au.

1946 5407 2063 5462 dito
2095 5409 2197 5463 hoc
2220 5410 2386 5465 verbo
2418 5413 2696 5480 respondit
2727 5414 2864 5482 patri
2904 5411 3091 5480 puella:
3120 5428 3133 5463 :
3166 5409 3281 5463 Noli
3323 5411 3532 5469 timere,

1945 5502 2106 5555 crede
2135 5513 2365 5565 tantum,
2404 5513 2458 5557 et
2487 5506 2631 5557 salva
2674 5508 2798 5558 erit.
2836 5505 2900 5557 Et
2930 5520 3053 5557 eum
3087 5505 3323 5559 venisset
3348 5504 3401 5555 in

1947 5611 2115 5659 mum,
2154 5612 2257 5650 non
2290 5599 2541 5665 permisit
2585 5598 2789 5653 intrare
2838 5614 3021 5653 secum
3060 5616 3385 5667 quemquam
3431 5615 3533 5651 IIuI

1944 5688 2188 5753 Petrum,
2246 5698 2301 5743 et
2348 5689 2725 5755 Jacobumpet
2769 5689 3060 5753 Joannem,
3100 5700 3149 5745 et
3213 5700 3420 5761 patrem
3469 5705 3535 5747 ac

1946 5788 2175 5835 matrem
2229 5780 2439 5849 puellm.
2476 5780 2909 5837 Flebautautem
2955 5797 3167 5836 omnes.
3220 5794 3273 5837 et
3316 5783 3537 5853 plange-

3104 5879 3186 5939 26
