4110 6332
629 387 732 448 823

1551 389 2123 452 THEOPHYLACTI
2169 387 2579 448 BULG‘ARHE
2617 386 2973 446 ARCHIEP.

3754 384 3861 446 824

630 498 808 565 paruit
841 517 855 552 :
897 515 1038 556 nunc
1076 505 1218 555 enim
1256 501 1600 572 Evangeliunt
1636 511 1905 565 servatur,
1937 501 2184 571 legalibus

2294 519 2414 554 νετο
2452 501 2507 553 δὲ
2534 501 2627 553 καὶ
2659 500 2810 570 φωνὴ
2860 501 2922 551 ἐκ
2973 498 3070 565 τῆς
3110 496 3357 566 νεφέλης,
3409 495 3597 564 ὥσπερ
3648 494 3743 546 καὶ
3796 496 3857 547 τὸ

629 591 868 645 abolitis.
904 592 1176 646 Siluerunt
1219 604 1401 649 autem
1449 595 1697 662 apostoli,
1730 603 1784 649 et
1816 594 1948 647 nulli
1981 608 2189 647 annun-

631 683 898 734 tiaverttnt
926 683 1218 752 quidquam
1249 685 1314 738 de
1349 684 1431 738 his
1459 697 1577 753 quae
1605 684 1874 739 videram.
1902 683 2034 737 Nam
2065 692 2191 738 ante

631 787 841 826 crucem
889 789 993 828 non
1043 775 1325 842 Oportebat
1370 775 1607 829 divinum
1661 776 1913 845 quiddam
1968 777 2069 830 dici
2122 776 2188 828 de

628 861 771 914 Jesu.
801 860 935 915 Nam
968 865 1056 933 qui
1087 865 1416 919 audivissent
1451 867 1587 930 haec,
1608 867 1650 920 si
1688 867 1880 922 deinde
1911 882 2030 920 eum
2059 880 2188 921 (ει-ιι-

629 950 766 1020 t-itigi
816 951 1108 1016 vidissent,
1169 953 1379 1021 qualem
1433 963 1591 1023 putas
1650 954 1717 1009 de
1766 969 1829 1009 eo
1875 953 2190 1008 habuissent

627 1043 979 1109 npinionem?
1022 1042 1210 1099 Nonne
1258 1047 1607 1113 impostorem
1645 1056 1697 1101 et
1739 1046 2182 1116 praestigiatorem

626 1132 1062 1187 existimassem?
1093 1136 1155 1187 Et
1190 1136 1388 1192 idcirco
1416 1146 1538 1191 ante
1570 1152 1786 1192 crucem
1817 1136 2017 1190 nullum
2051 1151 2186 1205 Opus

626 1221 943 1278 admirabile
981 1224 1061 1280 vel
1094 1226 1201 1279 Deo
1244 1227 1460 1294 dignum
1498 1228 1793 1293 praedicant
1827 1227 2078 1296 apostoli.
2113 1227 2186 1280 De

627 1309 728 1364 hoc
770 1322 947 1366 autem
1004 1313 1119 1369 loco
1170 1316 1336 1370 multa
1385 1325 1438 1371 et
1482 1316 1721 1383 jucunda
1765 1317 1999 1372 diximus
2045 1317 2185 1385 apud

623 1399 950 1459 Matthazum.

2296 594 2520 647 παλαιὸν
2577 592 2728 660 φωνὴ
2770 590 2865 643 τοῦ
2903 588 3037 643 Θεοῦ
3073 588 3302 657 ἠκούετο
3355 589 3419 641 ἐκ
3451 586 3548 654 τῆς
3606 585 3853 655 νεφέλης.

2302 683 2511 753 Εύρὲθη
2540 682 2597 735 δὲ
2629 679 2835 752 Ἰησοῦς
2867 680 3047 750 μόνος,
3082 679 3167 731 ἵνα
3205 678 3277 748 μή
3304 695 3387 740 τις
3420 677 3614 747 νομίσῃ
3645 676 3727 728 ὅτι
3776 675 3857 736 τὸ,

2305 796 2322 826 ι
2353 768 2519 837 Οὗτός
2550 776 2694 828 ἐστιν
2723 776 2750 825 6
2782 773 2907 835 Υἱός
2941 789 3096 842 pou,»
3133 772 3260 842 περὶ
3291 769 3566 831 Μωῦσέως
3597 768 3628 837 ἢ
3668 765 3856 819 Ἰἰλῖον

2297 863 2508 932 ἐλέχθη.
2544 863 2696 931 Τάχα
2729 862 2910 932 μέντοι
2943 862 3037 914 καὶ
3066 860 3224 913 τοῦτο
3257 859 3532 928 σημαίνει,
3587 858 3667 910 ὅτι
3697 857 3859 926 μέχρι

2299 958 2397 1025 μέν
2430 971 2573 1017 τινος
2602 953 2797 1022 καιροῦ
2821 953 3102 1020 ἐφαίνοντο
3122 955 3148 1004 6
3177 950 3337 1020 νόμος
3362 949 3454 1002 καὶ
3482 950 3529 1001 οἱ
3557 946 3858 1016 προερῆται,

2293 1046 2482 1116 ῶσπερ
2513 1045 2608 1098 καὶ
2637 1044 2868 1097 ἐνταῦθα
2897 1043 3099 1112 Μωσῆς
3138 1043 3226 1095 καὶ
3279 1040 3483 1104 Ἠλίας,
3536 1035 3653 1091 εἶτα
3702 1039 3863 1104 μόνος

2305 1137 2530 1206 Ἰησοῦς,
2566 1139 2790 1191 ἐκείνων
2821 1135 3200 1208 παρελθόντων
3234 1151 3247 1164 ·
3287 1133 3345 1185 το
3387 1132 3493 1202 γὰρ
3527 1127 3864 1196 Εύαγγέλιον

2291 1229 2385 1281 νῦν
2420 1231 2632 1299 κρατεῖ,
2667 1229 2775 1282 τῶν
2819 1227 3059 1297 νομικῶν
3116 1223 3513 1294 παρελθόντων.
3563 1220 3862 1287 Ἐσίγησεν

2287 1320 2345 1372 δὲ
2375 1322 2468 1373 καὶ
2495 1322 2648 1375 ούδέν
2674 1319 3016 1390 ἀπήγγειλαν
3037 1320 3084 1371 οι
3109 1317 3417 1378 ἀπόστολοι,
3454 1309 3528 1368 ὧν
3553 1313 3856 1381 ἑωράκασι.

2293 1408 2405 1477 Πρὸ
2434 1408 2540 1479 γὰρ
2570 1407 2665 1461 τοῦ
2700 1407 2933 1478 σταυροῦ
2990 1407 3090 1460 ούκ
3121 1406 3229 1459 ἔδει
3260 1403 3512 1473 λέγεσθαί
3539 1421 3591 1455 τι
3629 1401 3857 1468 θεοπρε-

623 1490 726 1552 πὲς
753 1493 881 1561 περὶ
925 1493 1117 1561 Ἰησοῦ.
1178 1497 1242 1550 Ol
1288 1497 1394 1568 γὰρ
1417 1498 1752 1564 ἀκούσαντες
1804 1483 2010 1564 ίταῦτα,
2067 1494 2186 1551 εἶτα
2219 1499 2450 1567 ὁρῶντες
2512 1499 2674 1552 αὐτὸν
2707 1497 3129 1570 σταυρούμενον,
3203 1498 3362 1549 ποίαν
3415 1495 3571 1559 δόξαν
3599 1493 3760 1561 ἔσχον
3789 1490 3858 1541 ἂν

626 1583 749 1650 περὶ
778 1583 984 1650 αὐτοῦ;
1021 1581 1143 1658 Ἆρ’
1183 1589 1301 1658 οὐχὶ
1337 1592 1537 1645 πλάνον
1566 1593 1728 1645 αὑτὸν
1774 1595 1866 1646 καὶ
1892 1592 2358 1662 φαντασιοσκόπον
2387 1592 2550 1644 αὐτὸν
2601 1593 2898 1662 ἐνόμισαν;
2974 1593 3072 1646 Διά
3114 1590 3272 1644 τοῦτο
3337 1589 3514 1691 τοίνυν
3583 1587 3737 1640 οὐδὲν
3769 1585 3858 1691 ἒρο

623 1691 716 1739 τον
740 1676 1040 1745 παράδοξον
1058 1680 1148 1733 καὶ
1172 1680 1473 1752 θεοπρεπὲς
1495 1684 1600 1754 πρὸ
1615 1683 1708 1737 τοῦ
1730 1684 1963 1756 σταυροῦ
1992 1682 2354 1754 κηρύττουσιν
2390 1686 2439 1737 οἱ
2502 1684 2812 1740 ἀπόστολοι.
2840 1685 2977 1752 Περὶ
3004 1683 3060 1737 δὲ
3118 1681 3322 1753 ταύτης
3366 1681 3468 1752 τῆς
3541 1681 3853 1751 περικοπῆς

623 1767 835 1837 εἴρηται
859 1770 988 1840 ἡμῖν
1027 1773 1083 1823 ὲν
1108 1770 1184 1840 τῷ
1215 1775 1349 1828 κατά
1379 1776 1656 1829 Ματθαῖον
1687 1776 1857 1830 πολλά
1885 1780 1979 1832 καὶ
2020 1777 2296 1847 χαρίεντα.

697 1859 859 1916 Vens.
895 1862 1082 1918 37-45.
1131 1885 1150 1917 σ
1185 1867 1402 1921 Factum
1436 1876 1520 1922 est
1569 1877 1747 1922 autem
1801 1868 2042 1938 sequenti
2095 1868 2180 1920 dte
2212 1875 2254 1927 Β

627 1951 1077 2008 descendentibus
1127 1956 1228 2012 illis
1270 1958 1335 2011 de
1378 1968 1580 2022 monte,
1629 1962 1866 2014 occurrit
1909 1961 1981 2015 illi
2028 1960 2181 2014 turba

625 2043 812 2095 multa.
861 2041 924 2095 Et
966 2057 1091 2099 ecce
1132 2047 1210 2100 vir
1256 2048 1322 2102 de
1367 2051 1518 2102 turba
1570 2051 1913 2114 exclamavit,
1960 2052 2178 2106 dicens:

625 2128 900 2198 Magister,
936 2134 1160 2188 obsecro
1191 2145 1262 2201 te,
1295 2137 1501 2206 respice
1529 2141 1593 2192 ad
1620 2141 1783 2194 lilium
1826 2157 2024 2206 meum,
2057 2142 2182 2211 quia

626 2219 816 2272 "nitus
840 2229 920 2273 est
953 2221 1107 2285 mihi,
1151 2222 1311 2292 337
1345 2236 1398 2278 et
1425 2240 1556 2281 ecce
1589 2228 1810 2297 spiritus
1831 2231 2184 2299 apprehendit

623 2321 770 2370 eum,
792 2317 847 2362 et
880 2310 1058 2365 subito
1088 2311 1284 2368 clamat
1311 2330 1373 2370 ac
1402 2317 1657 2386 discerpit
1678 2335 1798 2376 eum
1827 2336 1948 2375 cum
1970 2337 2179 2392 spuma,

626 2407 679 2449 et
710 2397 797 2451 vix
829 2399 1059 2455 discedit
1083 2404 1158 2457 ab
1192 2416 1254 2458 eo
1285 2405 1553 2463 dilanians
1578 2424 1699 2463 eum
1736 2428 1749 2464 :
1784 2421 1838 2466 et
1873 2415 2049 2480 rogavi
2096 2415 2180 2467 di-

626 2488 856 2556 scipulos
890 2499 1009 2546 tuos
1043 2501 1101 2547 ut
1130 2493 1383 2560 ejicerent
1411 2497 1582 2562 illum,
1627 2510 1679 2555 et
1728 2517 1829 2555 non
1869 2513 2176 2570 potuerunt.

623 2578 971 2649 Respondeas
1008 2594 1187 2640 autem
1216 2586 1369 2644 Jcsus
1395 2590 1527 2644 dixit
1558 2610 1572 2646 :
1605 2593 1646 2644 Ο
1675 2594 1829 2664 natio
1867 2595 2098 2650 infidelis
2125 2607 2180 2653 et

623 2683 894 2737 perversa,
935 2689 1214 2744 usquequo
1244 2694 1336 2734 ero
1373 2683 1512 2750 apud
1542 2698 1657 2750 vos,
1698 2700 1977 2754 nsqucqno
2010 2688 2181 2756 patiar

622 2776 717 2815 vos
737 2761 760 2814 ‘l
779 2764 965 2818 Adduc
991 2766 1095 2821 huc
1116 2767 1281 2823 lilium
1307 2778 1480 2827 tuutn.
1506 2773 1638 2829 Cum
1671 2787 1848 2830 autem
1877 2780 2178 2843 accederet,

621 2847 845 2935 laniavit
875 2852 1021 2907 illum
1053 2855 1372 2913 daemonium
1413 2869 1466 2914 et
1528 2863 1829 2932 dissipavit.
1880 2867 2182 2935 lncrepavit

622 2920 800 2992 autem
839 2939 996 2995 Jcsus
1030 2945 1276 3012 spiritum
1309 2949 1665 3018 immundum,
1699 2964 1750 3008 et
1800 2958 2013 3010 sanavit
2046 2974 2180 3027 pue-

624 3042 765 3091 rum,
793 3039 846 3081 et
873 3031 1102 3086 reddidit
1131 3033 1275 3088 illum
1302 3039 1440 3105 patri
1469 3052 1590 3093 suo.
1626 3059 1645 3092 ι
1681 3042 1841 3097 Valde
1871 3047 2178 3102 incredulus

627 3127 739 3172 erat
762 3120 843 3172 vir
888 3121 972 3176 ille
1006 3140 1019 3176 :
1054 3134 1334 3195 propterea
1385 3129 1528 3184 enim
1558 3131 1659 3186 hoc
1696 3132 2018 3190 daemonium
2067 3154 2173 3192 non

620 3223 891 3277 egressum
922 3222 1007 3269 est
1035 3230 1065 3268 a
1103 3231 1272 3285 puero
1293 3219 1428 3287 ejus,
1462 3223 1586 3289 quia
1615 3224 1860 3279 vincebat
1894 3227 2180 3286 inﬁdelitas
2204 3201 2265 3275 οι

621 3300 736 3366 t-jtts
774 3305 1140 3369 apostolorum
1176 3309 1447 3367 virtutem.
1478 3311 1700 3385 Insuper
1737 3327 1789 3370 et
1835 3319 1959 3374 hinc
1998 3331 2182 3377 osten-

620 3393 766 3446 ditur
793 3393 910 3465 ejus
956 3396 1304 3456 incredulitas
1336 3413 1391 3457 et
1439 3407 1738 3474 pervicacia
1759 3446 1777 3475 ,
1811 3411 1952 3478 quod
1997 3427 2176 3468 coram

619 3484 869 3540 omnibus
895 3489 1104 3544 accedit
1125 3500 1177 3544 et
1203 3504 1423 3548 accusat
1444 3498 1736 3567 discipulos
1764 3517 1777 3552 :
1812 3510 1867 3555 et
1893 3515 2176 3572 propterea

618 3574 878 3630 Dominus
928 3577 1216 3637 ostendens
1269 3584 1699 3643 incredulitatem
1750 3590 1866 3657 ejus
1921 3593 1972 3647 in
2018 3610 2175 3651 causa

619 3665 806 3732 fuisse,
844 3671 968 3739 quia
1015 3689 1118 3727 non
1152 3673 1313 3730 fuerit
1351 3690 1573 3734 sanatus
1615 3681 1755 3735 illius
1787 3685 1924 3752 ejus,
1992 3700 2174 3742 coram

617 3759 870 3816 omnibus
902 3765 1190 3831 exprobrat
1219 3769 1267 3822 ei
1311 3779 1365 3823 et
1403 3785 1505 3825 non
1541 3773 1643 3826 soli
1696 3775 1820 3842 ipsi,
1852 3779 1944 3831 sed
1976 3788 2027 3833 et
2060 3780 2179 3836 aliis

616 3849 868 3904 onmibus
901 3850 1349 3913 incredulitatem.
1388 3859 1622 3916 Dicendo
1655 3865 1821 3930 enim,
1854 3882 1885 3920 ο
1919 3870 2062 3923 natio
2093 3871 2180 3924 in-

619 3940 861 4004 credula,
904 3957 1091 3999 omncs
1137 3948 1516 4016 complectitur
1544 3952 1777 4010 Judzeos.
1827 3956 1960 4012 Cutn
1997 3971 2176 4015 autem

618 4048 925 4102 perversam
978 4040 1150 4105 dicit,
1191 4044 1428 4099 declarat
1477 4050 1617 4116 quod
1667 4067 1771 4104 non
1821 4068 1848 4105 a
1893 4054 2175 4124 principio,

621 4140 794 4193 neque
822 4144 851 4182 a
875 4139 1066 4186 natura
1113 4134 1184 4188 sit
1228 4138 1448 4193 malitia.
1476 4139 1676 4197 Natura
1715 4145 1858 4198 enim
1889 4147 2019 4201 recti
2064 4151 2178 4203 t'uc-

617 4221 738 4271 t‘ant
759 4233 970 4298 :tsemcn
1001 4225 1143 4278 enim
1175 4238 1418 4283 sanctum
1449 4243 1604 4286 erant
1629 4233 1896 4290 Abraham
1923 4246 1975 4292 et
1997 4238 2175 4296 Isaac:

618 4313 856 4374 perversi
887 4324 1065 4368 autent
1096 4316 1221 4372 facti
1252 4330 1378 4373 sunt
1409 4337 1516 4386 prae
1545 4325 1769 4380 malitia.
1803 4327 1969 4384 Porro
1998 4332 2126 4400 illud
2162 4350 2174 4387 :

618 4397 904 4470 Usquequo
932 4419 1025 4459 cro
1061 4422 1199 4476 aput.
1235 4410 1367 4464 vos?
1396 4409 1685 4483 Usquequo
1709 4419 1880 4484 patiar
1915 4423 2049 4477 vos?
2078 4397 2177 4479 hoc

2361 1886 2378 1918 ι
2419 1867 2666 1935 Ἐγένετο
2707 1867 2765 1921 δὲ
2794 1867 2852 1921 ἐν
2894 1866 2958 1937 ’ἰῇ
3011 1867 3135 1936 ἑξῆς
3193 1867 3418 1939 ἡμέρᾳ,
3481 1866 3856 1922 κατελθόντων

2284 1957 2462 2011 αὐτῶν
2495 1958 2602 2012 ἀπὺ
2630 1957 2722 2011 τοῦ
2751 1957 2931 2027 ὄρους,
2969 1960 3297 2028 συνήντησεν
3321 1955 3467 2025 αύτῷ
3494 1956 3646 2026 ὖχλος
3666 1954 3855 2018 πολύς.

2285 2048 2393 2101 Καὶ
2446 2048 2554 2102 ἰδοὺ
2614 2047 2753 2120 ἀνὴρ
2805 2049 2912 2102 ἀπὸ
2957 2048 3050 2101 τοῦ
3107 2049 3262 2118 ὄχλου
3329 2048 3587 2118 ἀνεῦόηςε
3627 2048 3805 2114 λέγων
3840 2065 3854 2077 ⁸

2287 2140 2608 2204 Διδάσκαλε,
2648 2141 2836 2210 δέομαί
2874 2157 2989 2207 σου,
3026 2140 3313 2208 ἐπίϐλεψον
3343 2141 3436 2194 ἐπὶ
3460 2141 3549 2192 τὸν
3572 2140 3688 2192 υἱόν
3730 2157 3853 2208 μου,

2283 2233 2362 2284 ὅτι
2388 2232 2677 2301 μονογενής
2726 2229 2843 2282 ἐστι
2894 2247 3004 2299 μοι,
3034 2231 3127 2284 καὶ
3153 2230 3262 2283 ἰδοὺ
3302 2228 3544 2296 πνεῦμα,
3584 2227 3854 2299 λαμϐάνει

2283 2323 2480 2384 αὐτὸν,
2532 2321 2623 2374 καὶ
2665 2320 2918 2391 ἐξαίφνης
2957 2321 3172 2392 κράζει,
3214 2321 3310 2372 καὶ
3355 2319 3663 2388 σπαράσσει
3690 2316 3854 2369 αὑτὸν

2285 2412 2422 2483 μετά
2437 2410 2637 2481 ἀφροῦ,
2661 2411 2759 2464 καὶ
2778 2409 2933 2480 μόγις
2953 2411 3230 2480 ἀποχωρεῖ
3246 2407 3339 2461 ἀπ’
3361 2407 3544 2472 αὐτοῦ,
3568 2423 3695 2459 συντ
3705 2404 3856 2475 ρίόον

2281 2505 2442 2557 αύτὶν
2501 2504 2595 2556 καὶ
2628 2501 2857 2570 ἐδεήθην
2886 2501 2994 2553 τῶν
3028 2500 3282 2570 μαθητῶν
3312 2515 3429 2561 σου,
3463 2498 3549 2551 ἵνα
3578 2496 3856 2549 ἐκϐάλλω-

2284 2594 2394 2651 σινί
2434 2597 2586 2659 αὐτὸ,
2626 2596 2718 2650 καὶ
2787 2595 2888 2648 ούκ
2935 2592 3297 2663 ἠδυνήθησαν.
3349 2586 3700 2658 ’Δποκριθεὶς
3745 2586 3853 2638 δὲό

2294 2689 2497 2759 Ἰησοῦς
2534 2684 2706 2740 εἷπεν’
2737 2684 2808 2739 Ὦ
2833 2687 2994 2754 γενεὰ
3029 2686 3253 2746 ἄπιστος
3284 2683 3378 2734 καὶ
3420 2679 3849 2750 διεστραμμένη,

2281 2783 2384 2844 ἓως
2440 2781 2568 2834 πότε
2601 2781 2792 2847 ἐσομαι
2857 2778 2993 2848 πρὸς
3045 2778 3212 2847 ὑμᾶς,
3269 2775 3372 2838 ἕως
3408 2775 3534 2826 ποτε
3587 2772 3852 2838 ἀνέξομαι

2284 2875 2476 2944 ύμῶν;
2513 2874 2832 2943 Προσάγαγε
2867 2872 2955 2923 τὸν
2991 2871 3104 2922 υἱόν
3139 2887 3233 2922 σου
3271 2863 3390 2921 ὦδε.
3431 2867 3552 2919 Ἔτι
3579 2865 3634 2917 δέ
3676 2879 3849 2933 προσ-

2281 2962 2574 3032 ερχομένου
2621 2960 2807 3024 αὐτοῦ,
2849 2960 3078 3032 ἔρρηξεν
3117 2959 3276 3011 αὐτὸν
3325 2956 3386 3009 τὸ
3421 2956 3702 3025 δαιμόνιον
3757 2953 3850 3005 καὶ

2281 3052 2707 3122 συνεσπάραξεν.
2753 3052 3084 3122 Ἐπετίμησε
3115 3050 3170 3104 δὲ
3191 3052 3218 3102 6
3248 3047 3454 3118 Ἰησοῦς
3483 3047 3559 3117 τῷ
3579 3047 3848 3116 πνεύματι

2279 3142 2356 3212 τῷ
2383 3143 2695 3213 ἀκαθάρτῳ,
2727 3141 2821 3195 καὶ
2854 3141 3043 3194 ίάσατο
3070 3141 3159 3194 τὸν
3205 3138 3392 3205 παῖδα,
3421 3139 3515 3191 καὶ
3567 3138 3850 3190 ἀπέδωκεν

2281 3234 2443 3287 αὐτὸν
2476 3231 2554 3302 τῷ
2576 3233 2746 3304 πατρὶ
2773 3231 2959 3287 αὑτοῦ.
2991 3251 3008 3283 ι
3043 3231 3254 3300 Σφόδρα
3283 3232 3510 3291 ἄπιστος
3537 3223 3606 3298 ἦν
3652 3227 3682 3279 6
3712 3226 3850 3295 ἀνὴρ

2279 3318 2429 3384 οὗτος
2455 3339 2469 3355 ·
2503 3322 2590 3376 διὰ
2617 3323 2774 3376 τοῦτο
2792 3323 2900 3394 γάρ
2933 3340 3014 3376 τοι
3044 3323 3162 3376 οὐδὲ
3199 3323 3261 3375 τὸ
3288 3321 3560 3392 δαιμόνιον
3588 3318 3850 3388 ἐξήρχετο

2280 3417 2388 3472 ἀπὸ
2411 3417 2503 3469 τοῦ
2549 3417 2737 3479 παιδὸς
2786 3415 2972 3480 αὑτοῦ,
3033 3415 3278 3494 νικώσης
3324 3416 3422 3484 τῆς
3460 3412 3716 3474 ἀπιστίας
3746 3409 3846 3479 τὴν

2278 3510 2387 3563 τῶν
2422 3509 2734 3562 ἀποστόλων
2768 3507 3017 3577 δύναμιν.
3062 3506 3223 3560 Ἀλλά
3258 3506 3323 3575 δὴ
3382 3503 3675 3558 κάντεῦθεν
3737 3502 3848 3555 δεί-

2278 3617 2468 3654 κνυται
2498 3602 2531 3670 ἡ
2561 3599 2785 3652 ἀπιστία
2823 3598 2988 3652 αὐτοῦ
3021 3600 3115 3653 καὶ
3163 3597 3439 3661 αὐθάδεια,
3494 3599 3558 3649 ἐκ
3601 3596 3696 3648 τοῦ
3761 3595 3849 3647 ἑν-

2277 3691 2451 3743 ῶπιον
2504 3690 2725 3743 πάντων
2757 3688 3122 3758 προσελθόντα
3147 3689 3477 3757 κατηγορεῖν
3500 3686 3610 3740 τῶν
3670 3684 3848 3755 μαθη-

2280 3781 2389 3834 τῶν
2416 3796 2430 3810 ·
2458 3783 2486 3832 6
2523 3781 2654 3848 γοῦν
2696 3781 2924 3852 Κύριος,
2958 3780 3218 3834 δεικνύων
3272 3781 3353 3833 ὅτι
3409 3777 3562 3848 παρά
3591 3777 3690 3848 τὴν
3721 3780 3848 3830 ἀπι-

2283 3872 2435 3926 στίαν
2470 3871 2633 3925 αὐτοῦ
2661 3873 2771 3925 ἐστι
2805 3873 2865 3924 τὸ
2900 3872 2974 3942 μὴ
3006 3872 3218 3942 ἰαθῆναι
3267 3872 3356 3924 τὸν
3385 3871 3569 3934 παῖδα,
3615 3870 3848 3921 ἐνώπιον

2282 3965 2497 4016 πάντων
2537 3963 2784 4028 ὀνειδίζει
2815 3964 2986 4034 αὐτῷ,
3044 3965 3137 4016 καὶ
3167 3964 3226 4016 ού
3265 3964 3409 4033 μόνῳ
3478 3961 3650 4030 αὐτῷ,
3713 3961 3849 4014 ἀλλά

2283 4051 2511 4116 καὶτοῖς
2539 4053 2718 4116 ἄλλοις
2753 4054 2885 4106 πᾶσι
2921 4053 3136 4118 κοινῶς.
3181 4054 3267 4105 Ἐν
3295 4052 3404 4122 γὰρ
3431 4049 3507 4122 τῷ
3551 4052 3750 4115 εἰπεῖν,
3803 4042 3850 4103 ὦ

2279 4146 2437 4210 γενεά
2467 4143 2713 4208 ἄπιστος,
2752 4143 3071 4212 σύμπαντας
3106 4142 3500 4213 περιλαμϐάνει
3538 4142 3666 4203 τοὺς
3717 4141 3849 4193 Ἰου-

2278 4233 2477 4296 δαίους.
2514 4234 2585 4287 Τὸ
2618 4235 2697 4297 δὲ,
2755 4234 3200 4304 διεστραμμένη,
3233 4232 3488 4304 ἐμφαίνει
3533 4231 3737 4286 ὅτιούκ
3789 4232 3849 4296 ἐξ

2279 4325 2473 4395 ἀρχῆς,
2498 4325 2616 4377 οὐδὲ
2649 4327 2710 4377 ἐκ
2737 4325 2948 4393 φύσεως
2978 4328 3010 4394 ᾑ
3049 4326 3303 4396 πονηρία.
3346 4324 3506 4378 Ἀλλά
3555 4324 3718 4393 φύσει
3749 4325 3847 4393 μὲν

2278 4409 2417 4485 ἦσαν
2442 4416 2590 4483 ὀρθοί
2621 4433 2635 4446 ο
2667 4416 2890 4485 σπέρμα
2929 4419 3038 4486 γὰρ
3060 4416 3212 4483 ἀγιον
3244 4409 3312 4487 ἦν
3359 4414 3420 4466 τὺ
3456 4412 3549 4467 τοῦ
3591 4413 3848 4483 Ἀϐραὰμ

616 4492 906 4560 signiﬁcat,
955 4499 1094 4566 quod
1140 4501 1193 4554 in
1247 4503 1384 4556 votis
1431 4505 1662 4560 habebat
1706 4521 1958 4576 mortem,
1995 4522 2050 4568 et
2081 4530 2170 4569 cn-

2283 4507 2373 4559 xai.
2391 4508 2576 4560 Ἰσαάκ
2593 4523 2604 4535 ³
2629 4504 3030 4577 διεστράφησαν
3047 4507 3102 4560 δὲ
3125 4506 3228 4559 ὑπὸ
3251 4506 3470 4568 κακίας.
3487 4505 3561 4557 Τὸ
3585 4504 3666 4572 δὲ,
3700 4505 3848 4567 Ἕως

617 4586 796 4651 piebat
839 4591 1018 4642 statim
1049 4592 1124 4671 _ab
1164 4592 1270 4648 illis
1305 4595 1540 4651 liberari.
1568 4597 1855 4670 Usqueqno
1888 4605 2052 4671 enim,
2095 4607 2176 4660 in-

615 4678 768 4739 quit,
829 4678 998 4732 feram
1049 4660 1482 4739 incredulitatem
1547 4691 1824 4743 vestram?
1874 4691 2174 4750 Ostendens

617 4771 799 4847 itaque
825 4771 963 4837 quod
999 4771 1250 4829 virtutem
1297 4776 1491 4832 habeat
1524 4795 1644 4847 qua:
1681 4781 1858 4837 vincat
1885 4783 2173 4841 increduli-

612 4839 776 4913 tatem
816 4860 1142 4930 Judzcorum,
1194 4866 1322 4920 dicit
1371 4885 1382 4920 :
1417 4867 1606 4923 Adduc
1645 4870 1810 4924 {illum
1865 4883 2009 4927 tuum
2049 4875 2172 4939 huc,

615 4962 664 5004 ct
695 4967 813 5006 cum
865 4962 1111 5006 satiasset
1160 4955 1328 5018 illum,
1377 4959 1609 5013 reddidit
1648 4960 1821 5029 ipsum
1870 4963 2006 5031 patri
2051 4980 2166 5018 suo.

621 5042 770 5095 t'ritts
805 5045 942 5095 enim
981 5045 1072 5112 qui
1107 5062 1135 5097 ιι
1179 5045 1440 5102 όωηιοιιῑυ
1486 5051 1880 5119 possidebatur,
1923 5071 2028 5110 non
2060 5069 2175 5111 crat

616 5133 783 5194 patris
814 5135 917 5195 sui,
970 5136 1061 5188 sed
1095 5138 1215 5189 mali
1267 5141 1518 5207 spiritus,
1551 5143 1639 5212 qui
1676 5144 1951 5200 detinebat
1997 5163 2115 5201 eum
2157 5167 2170 5202 :

617 5237 742 5273 tunc
767 5233 940 5277 autem
969 5229 1222 5284 Dominus
1253 5233 1479 5288 reddidit
1512 5251 1631 5290 cum
1666 5239 1715 5292 ei
1748 5239 1835 5308 qui
1864 5240 2011 5294 illttnt
2049 5259 2174 5311 per-

612 5313 825 5363 didcrat
859 5325 908 5367 et
944 5316 1217 5372 invenerat
1242 5322 1412 5387 patri.

687 5573 846 5628 Vens.
886 5576 966 5636 Η,
1013 5577 1098 5631 iii.
1139 5598 1155 5626 ς
1201 5580 1492 5648 Stupebant
1541 5599 1718 5642 autem
1772 5606 1958 5647 omnes
2009 5610 2166 5663 super

634 5667 1012 5728 magniﬁcentia
1050 5671 1162 5723 Dei.
1205 5673 1306 5725 Sed
1352 5679 1598 5731 omnibus
1647 5683 1966 5741 lliit'ﬂlllibtls
2008 5706 2167 5756 super

618 5757 863 5810 omnibus
912 5775 1028 5829 quax
1066 5765 1316 5832 rdj-gczm,
1366 5769 1496 5822 (ξξπλι
1540 5775 1600 5827 ad
1643 5778 1928 5846 ,ῖίδνίίηιιμέ
1979 5799 2101 5835 δημ,

2279 4599 2406 4651 πότε
2432 4600 2623 4668 ἔσομαι
2660 4601 2794 4668 πρὸς
2831 4600 2994 4668 ὑμᾶς,
3044 4598 3145 4660 ἕως
3182 4600 3308 4652 πότε
3341 4596 3601 4665 ἀνέξομαι
3640 4595 3841 4665 ύμῶν;

2275 4691 2432 4744 τοῦτο
2485 4691 2656 4760 δηλοῖ,
2705 4693 2786 4743 ὅτι
2847 4690 3122 4743 ἀσπαστὸν
3150 4690 3262 4759 ἔχει
3299 4690 3390 4742 τὸν
3448 4690 3701 4753 θάνατον,
3752 4689 3844 4740 καὶ

2278 4781 2528 4849 βούλεται
2569 4781 2746 4833 αὐτῶν
2777 4782 2961 4850 τάχιον
2995 4781 3400 4850 ἀπαλλαγῆναι.
3438 4779 3583 4842 Ἕως
3611 4779 3723 4848 γὰρ
3755 4778 3844 4830 πό·

2274 4886 2353 4933 τε,
2387 4872 2572 4937 φησὶν,
2618 4870 2873 4935 ἀνέξομαι
2908 4870 3003 4939 τῆς
3060 4871 3314 4934 ἀπιστίας
3346 4869 3536 4940 ύμῶνς
3571 4869 3842 4921 Δεικνύων

2271 4956 2363 5012 οὖν
2426 4961 2648 5029 ὅτιὲχει
2685 4961 2917 5030 δύναμιν
2982 4961 3217 5014 νικῶσαν
3277 4961 3375 5030 τὴν
3410 4961 3670 5014 ἀπιστίαν
3733 4958 3839 5011 τῶν

2284 5052 2568 5117 Ἰουδαίων,
2596 5054 2724 5122 φησί
2752 5070 2765 5083 ·
2796 5053 3116 5124 Προσάγαγε
3164 5053 3253 5105 τὸν
3283 5054 3394 5105 υἱόν
3430 5069 3522 5106 σου
3568 5047 3693 5107 ὧδε.
3734 5053 3842 5104 Καὶ

2273 5143 2500 5208 om“;
2547 5146 2729 5206 αὐτὸν,
2760 5145 3008 5196 ἀπέδωκε
3032 5145 3110 5215 τῷ
3142 5144 3308 5214 πατρὶ
3333 5144 3517 5199 αὑτοῦ.
3569 5144 3839 5214 Πρότερον

2273 5236 2380 5305 γὰρ
2419 5239 2445 5289 ὁ
2469 5237 2743 5306 δαιμονῶν
2780 5237 2878 5289 οὐκ
2902 5231 2969 5307 ἦν
2994 5237 3087 5290 τοῦ
3119 5239 3328 5308 πατρὸς
3355 5237 3542 5299 αὐτοῦ,
3581 5237 3719 5289 ἀλλά
3748 5235 3838 5289 τοῦ

2273 5329 2596 5398 κατέχοντος
2656 5330 2817 5380 αὑτὸν
2867 5329 3100 5400 πονηροῦ
3153 5330 3481 5398 πνεύματος.
3529 5332 3666 5410 Τότε
3717 5332 3772 5383 δὲ
3811 5337 3838 5386 ὁ

2275 5419 2474 5484 Κύριος
2506 5420 2784 5471 ἀπέδωκεν
2810 5420 2968 5471 αὑτὸν
3013 5419 3088 5488 τῷ
3119 5420 3439 5474 ἁπολέταντι
3479 5422 3662 5490 αὐτον,
3719 5421 3837 5478 εἶτα

2273 5511 2480 5580 εὑρόντι
2510 5512 2695 5579 πατρί.

2353 5623 2367 5650 ς
2402 5603 2823 5671 Ἔξῖπὶήτσοντο
2870 5603 2923 5655 δὲ
2978 5604 3172 5668 πάντες
3209 5606 3300 5657 ἐπὶ
3326 5609 3389 5675 τῇ
3458 5605 3835 5677 μεγαλειότητι

2271 5693 2364 5745 τοῦ
2416 5695 2568 5747 θεοῦ.
2625 5696 2844 5747 Πάντων
2878 5696 2930 5747 δὲ
2965 5697 3348 5767 θαυμαζόντων
3401 5702 3492 5752 ἐπὶ
3532 5702 3698 5753 πᾶσιν
3759 5694 3836 5762 οἷς

2280 5789 2462 5834 λσ-ν.·’-Γ”
2499 5809 2506 5820 ε
2553 5791 2570 5824 ἔ
2632 5788 2684 5837 Ἰι
2711 5789 2832 5840 ποῖ·
2901 5788 2936 5819 -Ῐ
2969 5809 3007 5826 νε
3046 5810 3108 5827 ι-ι

2567 5831 2574 5837 ι
2780 5832 2790 5839 .
2849 5831 3108 5840 ,τμ-

2274 5827 2339 5838 ιιιι
2381 5827 2515 5840 ιη.-.
2567 5831 2574 5837 ι
2651 5827 2699 5850 Ι.
2753 5827 2854 5850 Ι...
2894 5833 2913 5842 τ
2953 5831 3006 5843 ιι»
3051 5834 3057 5842 ι

3069 5792 3176 5860 τρὶς
3209 5793 3329 5856 τοὺς
3364 5793 3610 5864 μαθητὰς
3649 5793 3831 5849 αὐτοῦ’
