4110 6332
235 407 343 471 E25

956 403 1396 466 ENARRATIO
1442 403 1520 463 ΙΝ
1552 400 2055 463 Ε-ϊλΝιῖΕῌυΜ
2101 399 2310 460 LUC1E
2361 422 2431 433 -
2467 397 2624 458 CAP.
2665 397 2772 456 IX.

3422 387 3527 450 £26

238 517 408 570 Θέσθε
438 516 600 586 ὑμεῖς
632 519 713 582 είς
747 515 813 571 τὰ
846 512 957 570 ὧτα
998 518 1150 588 ὐμῶν
1175 518 1299 581 τοὺς
1345 517 1538 583 λόγους
1589 517 1836 570 τούτωε.

1944 515 2134 570 Ponite
2164 529 2256 569 vos
2299 515 2352 567 in
2387 513 2609 588 auribus
2645 507 2845 564 vestris
2875 518 3157 560 sermones
3187 503 3337 559 istos.
3365 503 3532 558 Futu-

255 606 316 660 Ὅ
348 607 455 677 γὰρ
487 606 615 669 Tib;
644 607 737 659 τοῦ
766 605 1059 675 ἀνθρώπου
1098 607 1283 676 μέλλει
1319 605 1710 677 παραδίδοσθαι
1755 609 1833 669 είς

253 697 448 765 χεῖρας
493 695 817 766 ἀνθρώπων.
866 697 929 750 Oi
960 697 1016 749 δὲ
1070 699 1300 766 ἠγνόουν
1339 698 1400 749 τὸ
1449 698 1602 769 ῥῆμα
1650 696 1830 761 τοῦτο,

247 788 351 840 καὶ
379 782 446 857 ἦν
502 789 1076 859 παρακεκαλυμμένον
1123 789 1223 843 ἀπ’
1259 789 1460 852 αὐτῶν,
1501 791 1585 843 ἵνα
1623 789 1697 858 μὴ
1749 791 1836 842 αι’-

249 877 489 934 σθωνται
526 882 679 935 αὐτό.
707 883 818 936 Καὶ⁵
851 881 1144 950 ἐφοϐοῦντο
1173 883 1449 953 ἐρωτῆσαι
1499 883 1663 936 αὐτὸν
1707 883 1835 953 περὶ

242 973 343 1026 τοῦ
383 975 629 1043 ῥήματος
659 975 870 1028 τούτου.
913 993 930 1025 ι
967 975 1030 1026 Οί
1090 975 1188 1045 μὲν
1223 975 1367 1029 ἄλλοι
1431 977 1632 1040 πάντες
1670 976 1835 1028 ὲθαύο

246 1064 424 1132 μαζον
465 1065 557 1117 ἐπὶ
591 1066 756 1118 πᾶσιν
787 1059 870 1128 οἷς
921 1066 1094 1118 ἐποίει
1125 1067 1152 1118 6
1182 1065 1413 1136 Ἰησοῦς,
1466 1067 1565 1120 οὐκ
1619 1068 1714 1119 ἐπὶ
1759 1065 1836 1136 τῷ

243 1154 328 1206 ἑνὶ
360 1153 532 1224 τούτῳ
560 1154 819 1224 θαύματι.
902 1155 960 1208 ’0
988 1155 1045 1208 δὲ
1079 1155 1237 1223 ἀφεὶς
1268 1157 1393 1216 τούς
1427 1155 1641 1220 ἄλλους,
1699 1159 1836 1225 πρὸς

243 1247 372 1309 τοὺς
410 1246 658 1316 μαθητάς
682 1246 1016 1314 διαλέγεται,
1067 1247 1160 1300 καί
1221 1265 1387 1316 φησι.
1446 1248 1618 1301 θέσθε
1676 1248 1834 1315 ὑμεῖς

243 1338 422 1391 ταῦτα
458 1341 656 1402 πάντα,
681 1339 748 1391 τά
771 1355 827 1390 τε
877 1337 1134 1406 θαύματα
1163 1341 1258 1392 καὶ
1290 1343 1416 1402 τοὺς
1446 1340 1535 1391 ἐπὶ
1560 1341 1672 1401 τοῖς
1702 1339 1836 1392 0mi-

247 1447 386 1497 μασι
414 1431 626 1495 λόγους,
656 1431 735 1493 είς
763 1430 830 1483 τὰ
862 1424 983 1484 ὦτα
1020 1431 1194 1502 ὐμῶν.
1231 1431 1329 1484 Διά
1363 1432 1454 1497 τίς
1488 1431 1631 1483 Διότι
1655 1430 1835 1501 μέλλω

244 1521 622 1592 παραδοθῆναι
653 1523 746 1574 καὶ
775 1523 1177 1592 σταυρωθῆναι,
1215 1523 1281 1575 ἶν’
1310 1523 1439 1575 ὅταν
1477 1521 1826 1592 σταυρωθέν-

243 1632 314 1666 τα
349 1631 416 1683 με
451 1614 613 1683 ἴδητε,
651 1613 724 1684 μὴ
753 1614 1011 1684 νομίσητε
1040 1616 1121 1668 ὅτι
1148 1615 1256 1668 ἀπὸ
1315 1615 1617 1684 ἀδυναμίας
1677 1613 1836 1666 τοῦτο

245 1707 517 1760 πέπονθα.
574 1707 631 1759 '0
658 1708 765 1777 γὰρ
812 1706 1040 1762 τοιαῦτα
1080 1707 1538 1778 θαυματουργῶν,
1604 1704 1837 1776 ἠδύνατο

243 1800 314 1854 ἂν
343 1801 476 1870 μηδὲ
506 1802 907 1871 σταυρωθῆναι.
934 1802 997 1855 Ol
1019 1801 1096 1866 δὲ,
1129 1801 1360 1872 ἠγνόουν
1390 1801 1449 1854 τὸ
1474 1800 1628 1870 ῥῆμα
1651 1798 1830 1862 τοῦτο,

1939 625 2052 662 rum
2082 616 2163 661 est
2197 616 2252 660 ut
2287 581 2458 659 Filibs
2485 603 2722 658 nominis
2755 599 3004 654 tradatur
3029 597 3081 650 iu
3109 611 3306 652 manus
3337 596 3531 650 homi-

1938 718 2088 756 num.
2123 704 2192 754 At
2240 699 2314 754 illi
2351 696 2678 768 ignorabant
2706 692 2924 748 verbum
2962 689 3129 755 istud,
3167 699 3221 742 et
3255 704 3370 743 erat
3400 689 3532 742 alis-

1937 793 2212 848 comlitum
2265 791 2333 845 ab
2377 789 2506 850 illis,
2575 795 2634 841 ut
2678 801 2783 838 non
2839 781 3203 851 intelligerent
3261 779 3408 834 illud.
3465 777 3530 832 Et

1939 885 2204 939 timebant
2239 897 2364 936 eum
2423 881 2765 947 interrogare
2823 877 2888 929 de
2941 873 3048 928 hoc
3110 873 3300 925 verbo.
3349 887 3368 922 ›
3421 869 3528 924 Alii

1936 978 2151 1046 quidem
2206 989 2395 1030 omnes
2436 970 2849 1026 admirabantur
2891 968 2943 1021 iu
2979 964 3233 1021 omnibus
3277 960 3395 1029 quis
3445 963 3528 1016 fa-

1937 1060 2109 1126 ciebat
2143 1068 2323 1131 Iesus,
2351 1081 2456 1120 non
2491 1064 2543 1118 in
2573 1078 2682 1117 uno
2716 1063 2816 1115 hoc
2841 1060 3126 1113 miraculo.
3163 1056 3360 1112 Verum
3410 1056 3527 1122 ipsc

1944 1162 2145 1216 relictis
2179 1159 2300 1213 aliis
2341 1173 2463 1211 cum
2494 1152 2774 1222 discipulis
2809 1151 3089 1220 loquitur,
3129 1157 3184 1203 et
3213 1148 3343 1202 dicit
3377 1165 3392 1204 :
3425 1146 3531 1221 Pu-

1938 1254 2050 1306 nite
2084 1265 2175 1303 vos
2207 1250 2320 1304 lucc
2362 1246 2567 1309 omnia,
2624 1251 2678 1299 et
2718 1242 3002 1306 miracula,
3034 1249 3090 1294 et
3147 1238 3528 1294 miraculorum

1938 1359 2241 1407 srrmones,
2270 1343 2322 1396 in
2349 1357 2510 1395 aures
2544 1349 2777 1396 vestras.
2810 1339 2990 1406 Quare
3015 1337 3038 1392 Ἰ
3064 1335 3199 1403 Quia
3235 1334 3532 1388 tradendus

1941 1452 2057 1490 Sum
2089 1444 2141 1488 et
2169 1429 2570 1500 cruciﬁgeudus
2605 1448 2620 1484 :
2667 1439 2724 1482 ut
2767 1428 2987 1498 quando
3025 1423 3344 1480 cruciﬁxum
3385 1423 3533 1475 vide-

1939 1525 2077 1588 ritis,
2134 1539 2201 1579 ne
2253 1520 2621 1583 existimetis,
2677 1519 2820 1586 quod
2877 1530 2985 1586 prae
3038 1512 3358 1566 inﬁrmitate
3404 1509 3528 1561 talia

1938 1630 2130 1688 passus
2165 1614 2291 1668 sim.
2325 1610 2461 1667 Nam
2495 1612 2584 1680 qui
2617 1611 2743 1664 talia
2774 1607 3034 1661 miracula
3079 1605 3228 1668 facil,
3259 1610 3442 1670 potest
3477 1608 3533 1653 et

1938 1725 2043 1762 non
2069 1704 2334 1775 cruciIlgi.
2366 1703 2442 1756 Illi
2474 1713 2655 1756 autem
2687 1699 3018 1770 ignorabant
3054 1693 3278 1748 vcrbmn
3316 1691 3439 1751 boc,
3478 1697 3535 1741 et

1939 1812 2054 1856 erat
2087 1797 2458 1853 absconditum
2492 1796 2559 1849 ab
2588 1794 2690 1848 eis.
2729 1792 2792 1845 Et
2826 1804 2996 1860 quare
3024 1791 3123 1841 hoc
3152 1783 3304 1840 fuit?
3339 1782 3418 1838 Ut
3467 1796 3534 1833 uc

243 1896 342 1965 καξι
379 1889 446 1964 ἦν
507 1870 1083 1965 παρακεκαλυμμένον
1139 1870 1233 1948 ἀπ’
1267 1893 1470 1947 αὐτῶν.
1524 1892 1624 1944 Διά
1675 1891 1727 1942 τί
1777 1890 1833 1944 δὲ

1944 1903 2066 1945 ante
2096 1900 2307 1956 tempus
2332 1886 2554 1939 tristitia
2587 1881 2950 1942 adicerentur,
2983 1885 3033 1930 et
3073 1876 3267 1928 timore
3287 1883 3537 1925 exterre-

248 1986 414 2038 τοῦτο
446 1987 699 2054 ἐγένετος
745 1987 863 2039 Ἵνα
896 1986 970 2057 μὴ
1001 1985 1108 2056 πρὸ
1134 1986 1330 2057 καιροῦ
1381 1985 1682 2049 λυπῶνται,
1742 1985 1836 2035 καὶ

244 2076 326 2147 τῷ
350 2078 500 2148 φόϐῳ
530 2079 996 2149 ἐκταράττωνται.
1046 2077 1509 2147 Συγκαταϐαίνων
1541 2073 1632 2131 οὖν
1663 2076 1837 2140 δΘεὲς

245 2172 314 2241 τῇ
341 2169 599 2242 ἀσθενείᾳ
630 2170 833 2236 αὐτῶν,
865 2170 962 2223 καὶ
987 2164 1099 2223 οἷον
1128 2169 1316 2223 παιδία
1359 2168 1484 2222 τινὰ
1541 2166 1834 2237 διακυϐερ-

247 2261 358 2314 νῶν
383 2261 603 2325 αὐτοὺς,
651 2262 712 2314 οὐ
769 2262 1067 2333 συνεχώρει
1097 2263 1289 2329 νοῆσαι
1347 2260 1544 2324 αὐτοὺς
1588 2257 1649 2313 τό
1706 2258 1835 2328 περὶ

243 2347 346 2403 τοῦ
376 2349 613 2420 σταυροῦ
633 2350 958 2421 -λεγόμενον,
1020 2352 1162 2421 Ὅρα
1219 2349 1276 2402 δὲ
1315 2348 1410 2402 καὶ
1448 2349 1548 2419 τὴν
1608 2347 1836 2401 ἐκείνων

245 2440 559 2508 εὐλάϐειαν,
615 2441 732 2505 πῶς
762 2440 1094 2495 εὐλαϐοῦντο
1154 2440 1479 2512 ἐρωτῆσαι,
1526 2439 1730 2510 μᾶλλον
1780 2437 1837 2490 δὲ

250 2532 568 2602 ἐφοϐοῦντο.
609 2533 667 2587 ’0
694 2533 804 2603 γὰρ
838 2533 1004 2602 φόϐος
1031 2532 1286 2595 ἐπίτασις
1321 2533 1470 2585 ἐστιν
1526 2529 1835 2596 εὐλαϐείας,

246 2623 437 2694 ὥσπερ
467 2625 560 2676 καὶ
591 2625 624 2694 ἡ
654 2624 910 2679 εὐλάϐεια
939 2624 1368 2693 συνεσταλμένος
1405 2623 1589 2692 φόϐος.

325 2736 343 2766 ι
372 2716 604 2788 Είσῆλθε
627 2716 683 2769 δὲ
714 2717 1065 2786 διαλογισμὸς
1095 2719 1152 2783 ἐν
1177 2717 1384 2780 αὐτοῖς,
1418 2717 1498 2777 τὸ,
1539 2715 1622 2778 τίς
1652 2714 1720 2769 ἂν
1750 2715 1838 2783 είη

251 2808 456 2875 μείζων
479 2805 678 2861 αὐτῶν.
721 2807 781 2862 ’0
814 2808 871 2861 δὲ
911 2806 1140 2877 Ἰησοῦς,
1173 2804 1298 2860 ίδὼν
1333 2807 1424 2862 τὸν
1487 2805 1840 2874 διαλογισμὸν

247 2900 349 2965 τῆς
374 2900 604 2968 καρδίας
635 2898 833 2966 αὐτῶν,
863 2899 1258 2969 ἐπιλαϐόμενος
1310 2897 1554 2961 παιδίου,
1607 2896 1839 2963 ἔστησεν

250 2990 385 3044 αὐτὸ
413 2988 545 3061 παρ’
587 2991 784 3060 ἑαυτῷ.
814 2994 908 3045 καὶ
938 2989 1092 3043 εἶπεν
1117 2991 1328 3053 αὐτοῖς’
1364 2991 1459 3055 ’ος
1495 2991 1590 3044 ἑὰν
1619 2988 1838 3060 δέξηται

249 3082 410 3137 τοῦτο
437 3083 498 3134 τὸ
525 3082 736 3135 παιδίον
767 3084 858 3135 ἐπὶ
889 3082 951 3134 τὸ
1009 3083 1236 3152 ὀνόματι
1264 3099 1390 3152 μου,
1439 3082 1540 3154 ἐμὲ
1578 3081 1797 3152 δέχεται
1823 3097 1836 3112 ·

252 3175 350 3229 καὶ¹
379 3174 439 3238 δς
463 3176 556 3228 ἐὰν
587 3175 688 3242 ἐμὲ
718 3175 970 3244 δέξηται,
1025 3175 1242 3246 δέχεται
1300 3175 1391 3228 τὸν
1437 3172 1834 3229 ἀποστείλαντά
1863 3211 1909 3272 C

258 3284 349 3335 με.
390 3267 450 3318 ’0
476 3266 581 3334 γὰρ
647 3266 974 3337 μικρότερος
1005 3267 1062 3318 ὲν
1125 3267 1292 3319 πᾶσιν
1351 3266 1481 3335 ὑμῖν
1545 3265 1832 3334 ὑπάρχων,

251 3354 409 3420 οὗτος
437 3357 588 3410 ἔσται
612 3357 807 3427 μέγας.
841 3356 1188 3428 Ἀποκριθεὶς
1215 3357 1271 3410 δὲ
1296 3359 1324 3410 6
1351 3356 1616 3424 ’Ἰωάννης
1645 3352 1799 3408 εἶπεν
1818 3370 1832 3384 ·

267 3449 590 3511 Ἐπιστάτα,
629 3450 841 3518 εἴδομέν
870 3465 994 3502 τινα
1013 3448 1105 3500 ἐπὶ
1135 3448 1212 3519 τῷ
1248 3448 1474 3517 ὀνόματί
1507 3463 1600 3500 σου
1641 3446 1839 3500 ἐκϐάλ-

255 3542 422 3594 λοντα
450 3541 726 3610 δαιμόνια,
755 3543 850 3595 καὶ
885 3541 1238 3610 ἐκωλύσαμεν
1267 3542 1451 3604 αὐτὸν,
1479 3542 1561 3594 ὄτι
1590 3544 1688 3594 οὐκ
1709 3529 1853 3594 ἀκοέ

257 3635 440 3687 λουθεϊ
475 3632 596 3703 μεθ’
626 3634 802 3704 ἡμῶν.
834 3635 944 3687 Καὶ
979 3629 1099 3686 εἶπε
1135 3634 1270 3702 πρὸς
1303 3631 1466 3687 αὐτὸν
1510 3634 1538 3686 6
1586 3632 1800 3703 Ἰησοῦς
1821 3649 1836 3662 ο

258 3726 352 3796 Μὴ
385 3725 645 3780 κωλύετε.
687 3727 783 3789 Ὃς
847 3726 955 3795 γὰρ
985 3727 1084 3778 οὐκ
1138 3725 1254 3778 ἔστι
1289 3726 1413 3778 καθ’
1461 3724 1642 3794 ἡμῶν,
1699 3724 1840 3794 ὑπὲρ

259 3817 422 3885 ἡμῶν
453 3819 654 3870 ἐστιν.»
693 3816 870 3878 Πάθος
917 3816 1167 3870 διακένου
1200 3814 1356 3885 δόξης
1387 3815 1666 3887 ὑπέδραμε
1715 3815 1844 3878 τούς

258 3912 613 3974 ἀποστόλους.
658 3910 811 3962 Ἐπεὶ
835 3910 985 3962 δοκεῖ
1023 3912 1088 3962 ἐκ
1116 3908 1210 3961 τοῦ
1235 3909 1326 3960 τὸν
1394 3907 1842 3976 δαιμονιζόμενον

265 4002 340 4073 μὴ
375 4001 777 4071 θεραπευθῆναι
809 4001 1198 4068 ὲπεγερθέντος
1232 4000 1416 4061 αὐτοῖς
1460 3999 1554 4051 τοῦ
1611 3999 1840 4061 πάθους.

263 4095 422 4156 Εἰκὸς
452 4094 562 4161 γάρ
596 4089 663 4164 ἦν
700 4093 894 4154 αὐτοὺς
935 4093 1404 4161 διαφιλονεικῆσαι
1447 4092 1575 4161 περὶ
1627 4090 1840 4154 τούτου,

260 4186 490 4254 λέγοντα
522 4187 884 4251 ἓκαστον,δτι
913 4186 975 4239 οὐ
1025 4184 1112 4238 διὰ
1168 4185 1268 4256 τὴν
1319 4185 1457 4254 ὲμὴν
1516 4182 1842 4254 ἀδυναμίαν,

262 4278 402 4332 ἀλλὰ
458 4277 547 4330 διὰ
591 4277 690 4346 τὴν
739 4277 833 4330 τοῦ
884 4279 1054 4339 δεῖνος
1101 4277 1201 4328 οὐκ
1269 4275 1608 4345 ἐθεραπεύθη
1638 4276 1666 4327 6
1695 4275 1844 4339 παῖς,

268 4364 567 4421 κάντεῦθεν
601 4366 906 4434 ἀναφθῆναι
949 4367 1047 4435 τὴν
1074 4364 1343 4436 περὶτοῦ,
1368 4365 1452 4426 τίς
1489 4365 1555 4417 ἂν
1593 4363 1679 4433 εἴη
1733 4363 1847 4432 μεί-

266 4462 397 4525 ζων,
432 4461 570 4532 ἔριν.
617 4460 756 4512 ’Λλλ“
778 4460 805 4511 6
839 4457 1066 4528 Κύριος,
1106 4458 1261 4522 εἰδὼς
1298 4460 1398 4521 τὰς
1428 4457 1653 4528 καρδίας
1713 4458 1846 4530 ἐκά-

1881 1979 1887 1986 ’
1939 1993 2149 2038 rentur.
2179 1981 2369 2048 Itaque
2400 1978 2541 2031 Deus
2567 1971 3012 2030 coudesceudeus
3043 1964 3345 2021 infirmitati
3368 1961 3535 2034 338

1938 2074 2176 2137 illorum,
2247 2080 2302 2126 et
2360 2067 2513 2139 quasi
2559 2080 2755 2135 pueros
2787 2063 3101 2118 moderatur
3153 2058 3296 2120 illos,
3359 2070 3536 2124 neque

1940 2167 2190 2222 concedit
2225 2164 2324 2227 eis,
2359 2171 2418 2216 ut
2449 2159 2747 2227 intelligant
2778 2158 2880 2210 hoc
2905 2153 3048 2223 quod
3081 2154 3144 2204 de
3176 2163 3342 2204 cruce
3381 2148 3531 2202 dice-

1939 2260 2119 2314 batur.
2149 2256 2282 2310 Vide
2309 2264 2489 2309 autem
2515 2263 2572 2307 et
2602 2251 2816 2305 illorum
2842 2243 3235 2309 reverentiam,
3263 2241 3536 2310 quomodo

1940 2365 2050 2421 pra:
2083 2347 2386 2403 reverentia
2433 2347 2768 2412 interrogare
2797 2356 2903 2395 non
2934 2338 3228 2399 audebant,
3280 2334 3389 2387 imo
3425 2345 3536 2401 prte

1944 2445 2169 2499 timore:
2206 2456 2335 2494 nam
2377 2439 2542 2494 timor
2567 2441 2916 2504 augmentum
2948 2441 3026 2487 est
3052 2429 3270 2501 pietatis
3301 2437 3354 2482 et
3382 2441 3536 2479 reve-

1944 2534 2128 2590 rentiae
2190 2533 2332 2587 sicut
2371 2537 2425 2585 et
2475 2527 2778 2584 reverentia
2837 2523 2919 2578 vel
2985 2523 3169 2591 pietas
3206 2525 3534 2574 contractus

1943 2629 2105 2683 timor
2138 2636 2243 2681 est.

2016 2717 2181 2773 Vens.
2215 2715 2402 2772 46-50.
2435 2733 2453 2767 ι
2489 2713 2717 2770 Intravit
2742 2718 2925 2764 autem
2950 2703 3207 2775 cogitatio
3234 2703 3379 2757 inter
3403 2715 3525 2764 eos,

1942 2811 2064 2882 quis
2094 2824 2283 2864 eorum
2325 2806 2496 2874 major
2521 2815 2689 2861 esset.
2727 2805 2797 2857 At
2831 2802 2990 2855 .Iesus
3023 2799 3210 2851 videns
3243 2793 3535 2863 cogitatio-

1943 2918 2064 2957 nem
2089 2901 2272 2956 cordis
2307 2900 2546 2965 illorum,
2576 2895 2934 2967 apprehendit
2978 2905 3226 2961 puerum,
3250 2894 3306 2943 et
3341 2887 3539 2941 Statuit

1944 2995 2092 3048 illum
2132 2993 2287 3061 juxta
2322 3004 2403 3056 se,
2456 2999 2512 3044 et
2559 2990 2636 3043 ait
2679 2987 2788 3041 illis
2832 3004 2845 3041 :
2886 2985 3212 3052 Quicunque
3266 2977 3537 3047 receperit

1943 3099 2170 3156 puerqu
2195 3082 2345 3137 hunc
2381 3084 2432 3135 in
2474 3081 2695 3134 nomine
2744 3093 2885 3140 meo,
2926 3091 3012 3130 me
3034 3074 3229 3141 recipit
3273 3090 3286 3126 :
3325 3082 3378 3124 et
3411 3070 3535 3139 qui-

1943 3192 2154 3246 cunque
2204 3191 2288 3230 me
2337 3174 2630 3243 receperit,
2686 3169 2881 3237 recipit
2915 3185 3050 3222 eum.
3093 3167 3182 3236 qui
3235 3178 3320 3218 me
3363 3161 3534 3217 misit.
3596 3166 3600 3169 “

1941 3267 2075 3322 Nam
2106 3270 2196 3338 qui
2252 3267 2432 3321 minor
2461 3275 2546 3319 est
2579 3264 2722 3318 inter
2766 3277 2958 3317 omnes
2990 3275 3109 3322 vos,
3151 3258 3238 3312 hic
3277 3255 3382 3311 erit
3418 3271 3538 3310 ma-

1942 3374 2099 3429 gnus.
2129 3358 2484 3426 Respondens
2506 3365 2684 3409 autem
2713 3353 2975 3416 Joannes,
2994 3352 3133 3406 dixit
3164 3369 3176 3405 :
3202 3349 3533 3417 Prmceptor,

1943 3452 2178 3506 vidimus
2211 3449 2499 3519 quemdam
2545 3449 2643 3522 sub
2685 3444 2904 3500 nmnine
2939 3453 3031 3497 tuo
3078 3441 3391 3512 ejicientem
3429 3441 3539 3494 da:-

1943 3543 2152 3606 mOnia,
2183 3551 2237 3597 et
2271 3540 2654 3611 prohibuimus
2681 3554 2827 3599 eum,
2861 3537 2988 3606 quia
3020 3549 3128 3589 non
3162 3533 3412 3601 sequitur
3441 3548 3539 3585 no-

1947 3637 2178 3690 biscum.
2213 3633 2281 3688 Et
2321 3635 2396 3687 ait
2447 3632 2514 3686 ad
2547 3632 2698 3686 illum
2735 3628 2894 3684 Jesus
2927 3646 2941 3682 :
2981 3627 3159 3681 Nolite
3193 3625 3479 3695 prohibere
3519 3642 3533 3679 :

1945 3729 2034 3797 qui
2083 3728 2227 3782 enim
2282 3740 2390 3780 non
2437 3733 2522 3779 est
2555 3723 2841 3776 adversum
2882 3734 3004 3779 nos,
3040 3733 3141 3787 pro
3183 3717 3338 3771 nobis
3369 3724 3474 3769 est.
3507 3735 3528 3768 ι

1949 3824 2166 3879 Morbus
2208 3821 2388 3876 inanis
2437 3819 2623 3889 gloria:
2642 3816 2918 3886 apostolos
2937 3811 3304 3867 inv:isit.Mihi
3322 3810 3535 3864 videtur

1944 3925 2123 3972 ortum
2158 3914 2207 3968 id
2251 3914 2394 3967 inter
2423 3911 2565 3973 illos,
2597 3923 2663 3963 eo
2693 3909 2838 3978 quod
2877 3907 3266 3962 dmrnouiacum
3303 3923 3409 3961 non
3443 3922 3535 3961 sa-

1948 4005 2154 4060 narint.
2187 4002 2494 4057 Verisimile
2532 4000 2677 4054 enim
2717 3999 2860 4067 quod
2905 4013 3073 4067 super
3104 3997 3209 4052 Itoc
3250 3999 3538 4053 contende-

1951 4097 2081 4158 riut,
2127 4094 2437 4149 dicentibus
2480 4092 2709 4159 singulis
2735 4091 2879 4161 quod
2923 4107 3030 4147 non
3087 4100 3306 4160 propter
3356 4106 3535 4153 suam,

1948 4189 2042 4244 sed
2071 4187 2297 4242 alterius
2322 4185 2605 4252 cujusdam
2639 4187 3012 4240 inﬁrmitatem
3039 4201 3172 4256 puer
3200 4184 3287 4239 ille
3313 4193 3539 4238 sanatus

1950 4297 2055 4334 non
2100 4279 2261 4334 fuerit
2303 4297 2317 4332 :
2365 4287 2419 4332 el
2471 4279 2595 4332 inde
2645 4293 2873 4332 accensa
2922 4279 2988 4330 lis
3036 4290 3140 4333 est.
3183 4277 3306 4346 quis
3350 4290 3538 4331 eorum

1951 4353 2122 4440 major
2152 4381 2315 4425 esset.
2349 4368 2418 4421 At
2448 4369 2706 4422 Dominus
2729 4369 2860 4424 visis
2893 4368 3226 4440 singulorum
3259 4368 3539 4429 cordibuc,

1952 4463 2214 4532 prmvenit
2260 4479 2281 4523 ;
2333 4469 2387 4515 et
2447 4462 2768 4530 priusquam
2825 4461 3049 4514 morbus
3109 4460 3539 4521 iucrudesreret,

267 4569 418 4617 στου,
456 4552 670 4620 φθάνει,
714 4551 806 4604 καὶ
836 4553 968 4620 πρὶν
1000 4548 1318 4619 ἢαύξηθείη
1346 4550 1405 4601 τὸ
1448 4548 1621 4610 πάθος
1665 4547 1841 4610 τοῦτο,

1953 4552 2166 4606 curavit
2214 4551 2479 4605 radicitus
2512 4549 2656 4616 ejici.
2693 4549 2866 4602 Morbi
2908 4548 3052 4601 enim
3095 4549 3162 4601 ab
3206 4547 3358 4601 initio
3383 4545 3537 4599 facile

269 4643 562 4707 σπουδάζει
598 4644 890 4714 πρόρριζον
925 4644 1198 4712 ἐκτεμεῖν.
1243 4641 1548 4712 Ἀρχόμενα
1593 4641 1692 4711 μὲν
1741 4640 1849 4710 γὰρ

265 4739 332 4789 τά
365 4738 529 4805 πάθηκ
567 4736 827 4788 νικῶνται
879 4733 1100 4806 ῥᾳδίως,
1163 4733 1471 4803 αὐξηθέντα
1500 4733 1557 4785 δὲ
1615 4732 1851 4785 δυσαπόο

267 4831 442 4898 ϐλητα
467 4829 697 4898 γίνεται.
732 4829 855 4893 Πῶς
888 4823 980 4880 οὖν
1009 4828 1260 4897 ἐκτέμνει
1293 4827 1351 4879 τὸ
1396 4828 1565 4878 κακόν
1591 4843 1605 4892 ;
1633 4824 1852 4877 Ἐπιλα-

267 4924 516 4992 ϐόμενος,
548 4923 703 4992 φησὶ,
747 4922 987 4985 παιδίου,
1038 4921 1277 4974 δείκνυσι
1330 4918 1488 4971 τοῦτο
1517 4921 1626 4978 τοῖς
1674 4918 1852 4987 μαθηο

265 5018 408 5078 ταῖ,·
442 5014 618 5081 δηλῶν
660 5015 841 5075 αὐτοῖς
869 5013 959 5066 διὰ
1000 5012 1214 5076 τούτου,
1243 5012 1325 5064 ὅτι
1388 5010 1644 5078 τοιαύτην
1705 5009 1848 5075 γνώ-

270 5125 379 5178 μην
416 5107 500 5160 δεῖ
529 5107 676 5177 ἡμᾶς
722 5110 779 5159 ἐν
829 5109 1042 5170 ἑαυτοῖς
1070 5105 1525 5169 κατασκευάζειν,
1560 5105 1680 5158 οἵαν
1738 5104 1851 5166 τοῖς

269 5199 501 5262 παιδίοις
604 5199 788 5268 ἡλικία
813 5200 1033 5252 δέδωκε.
1069 5200 1255 5250 Ταῦτα
1282 5199 1390 5268 γάρ
1413 5196 1759 5267 ἀπειρόκακά
1789 5195 1848 5247 τέ

268 5296 374 5345 εἰσι
414 5292 509 5344 καλ¹
563 5291 912 5346 ἁπλούστατα
947 5332 960 5356 ,
1024 5293 1158 5361 μήτε
1205 5289 1506 5358 φιλοδοξίας
1561 5290 1848 5356 λογισμοῖς

271 5384 654 5454 ἐνοχλούμενοι,
711 5385 844 5452 μήτε
882 5383 1274 5454 φιλοπρωτίας.
1318 5383 1414 5444 Ὃς
1438 5380 1548 5446 οὖν,
1582 5379 1737 5448 φησὶ,
1772 5377 1852 5430 δέ-

272 5477 418 5540 ξεται
454 5475 693 5528 τοιοῦτον
725 5475 933 5527 παιδίον
967 5475 1057 5528 ἐπὶ
1081 5474 1157 5543 τῷ
1180 5473 1403 5542 ὀνόματί
1434 5491 1553 5540 μου,
1585 5472 1682 5541 ἐμὲ
1706 5471 1852 5540 δέχε-

269 5585 379 5621 ται.
430 5570 492 5620 Ὅ
523 5568 577 5620 δὲ
607 5567 775 5634 λέγει,
806 5565 1045 5618 τοιοῦτόν
1094 5567 1239 5617 ἐστιν
1267 5581 1278 5592 ο
1335 5564 1530 5634 Ὑμεῖς
1575 5564 1670 5630 μὲν
1703 5563 1852 5632 νομί-

270 5661 414 5723 ζετε,
444 5661 526 5712 ὅτι
554 5659 647 5712 ἐὰν
679 5660 898 5728 σοϐαροὶ
940 5658 1206 5727 φαίνησθε
1267 5657 1363 5710 καὶ
1394 5656 1676 5725 φιλόδοξοι,
1727 5656 1848 5707 τότε

272 5753 499 5818 ἀρέσετε
528 5755 637 5812 τοῖς
670 5751 909 5812 πολλοῖς.
945 5752 1039 5803 καὶ
1073 5751 1190 5802 τότε
1232 5749 1472 5810 πλείονες
1497 5746 1848 5809 ὑποδέξονται

275 5842 435 5910 ίμὶς.
477 5841 620 5909 Ἐγὼ
655 5843 708 5896 δὲ
744 5843 887 5908 λέγω
930 5842 1081 5910 ὑμῖν,
1128 5844 1204 5894 ἔτι
1242 5839 1492 5894 τδεώτον
1555 5841 1618 5908 τῇ
1678 5837 1845 5890 ἁπλό-

1953 4647 2246 4700 vincuntur
2273 4662 2287 4698 :
2314 4659 2433 4698 cum
2466 4658 2597 4697 vero
2633 4641 3036 4703 iucrndnerint,
3068 4646 3260 4694 curatu
3295 4635 3538 4691 difficiles

1954 4749 2097 4793 sunt.
2131 4737 2313 4807 Itaque
2339 4736 2612 4806 quomodo
2643 4734 2843 4788 malum
2878 4734 2979 4786 huc
3010 4732 3306 4786 emendat?
3329 4732 3525 4799 Appre

1955 4834 2180 4885 liensum
2242 4845 2470 4900 puerum
2523 4828 2763 4882 ostendit
2804 4826 3127 4896 discipulis,
3189 4823 3538 4879 nanifcstans

1952 4924 2030 4976 eis
2054 4938 2150 4991 per
2175 4923 2298 4985 hoc,
2320 4922 2460 4991 quod
2492 4920 2647 4974 talem
2674 4929 2910 4974 mentem
2937 4927 3151 4988 oportet
3183 4933 3278 4972 nos
3307 4918 3356 4969 in
3385 4917 3539 4970 nobis

1953 5030 2177 5086 parare,
2231 5015 2405 5083 qualis
2468 5025 2550 5068 est
2609 5015 2660 5066 iu
2719 5015 2921 5082 pueris.
2979 5011 3058 5066 Illi
3121 5011 3266 5065 enim
3323 5009 3544 5065 malitia;

1953 5119 2203 5178 expertes
2234 5117 2360 5161 sunt
2395 5116 2447 5161 et
2481 5106 2898 5176 siiuplicissimi,
2939 5119 3112 5174 neque.
3148 5104 3323 5158 inanis
3356 5102 3542 5171 gloriae

1954 5217 2129 5269 neque
2180 5200 2495 5253 ambitionis
2543 5199 2967 5267 cogitationibus
3018 5197 3366 5251 divexantur.
3434 5194 3539 5260 Qui

1954 5295 2138 5362 igitur,
2186 5293 2384 5361 inquit,
2417 5292 2720 5360 susceperit
2757 5290 2916 5345 talem
2953 5303 3179 5358 puerum
3221 5288 3272 5339 in
3321 5287 3543 5338 nomine

1956 5401 2095 5448 meo,
2131 5399 2218 5436 me
2266 5384 2516 5449 suscipit.
2548 5381 2700 5447 Quod
2735 5388 2914 5433 autem
2953 5378 3106 5442 dicit,
3137 5377 3280 5430 hunc
3317 5390 3536 5428 sensum

1955 5476 2160 5530 habet:
2199 5475 2303 5529 Vos
2344 5476 2561 5542 quidem
2616 5472 2935 5538 opinamini,
2985 5471 3127 5539 quod
3170 5470 3224 5534 si;
3250 5465 3538 5537 pompatici

1951 5577 2006 5618 ct
2057 5565 2277 5635 gloriosi
2313 5565 2551 5627 fueritis,
2584 5565 2768 5617 multis
2802 5563 3083 5630 placeatis,
3124 5559 3411 5627 pluresque
3445 5571 3540 5611 vos

1952 5655 2253 5723 Suscepturi
2278 5655 2405 5707 siul.
2433 5653 2541 5723 ligo
2567 5666 2742 5706 autem
2772 5653 2890 5705 dico
2912 5652 3227 5719 vobis,quod
3258 5648 3541 5717 tanIOpO're

1957 5747 2162 5814 gaudet)
2207 5745 2574 5813 simplicitate,
2620 5754 2673 5797 ct
2720 5745 2862 5812 quod
2914 5759 2974 5797 ea
3034 5741 3336 5810 discipulos
3387 5756 3541 5798 meos

1956 5840 2026 5891 ita
2061 5838 2342 5902 tiISCCl'itIl,
2393 5846 2446 5891 ut
2483 5837 2730 5906 quisquis
2759 5834 3225 5904 simplitissimum
3275 5833 3450 5888 virum
3485 5843 3542 5890 et
