4110 6332
637 412 708 476 83
722 419 743 471 ἰ

715 521 884 590 Vnus,
919 523 1074 579 ι-η.
1111 542 1129 576 ι
1169 521 1344 579 Nolite
1387 529 1606 592 portare
1659 517 1930 574 sacculum
1956 560 1970 584 ,
2026 533 2198 587 neque
2229 530 2270 584 Α

632 613 795 688 348
829 631 1031 685 peram,
1068 604 1240 683 neque
1269 613 1674 667 calceamenta:
1711 619 1764 664 et
1799 609 2064 664 neminem
2101 622 2198 677 per

634 706 776 760 viam
811 703 1194 759 salutaveritis.
1226 703 1282 758 lu
1312 715 1690 772 quamcunque
1715 701 1932 754 domum
1963 700 2196 753 intrave-

634 799 773 860 ritis,
816 797 1046 861 primum
1092 795 1300 850 dicite:
1341 794 1453 848 Pax
1497 792 1623 848 huic
1660 791 1866 847 domui.
1915 791 1982 846 Et
2029 792 2072 845 si
2123 792 2193 846 ibi

631 885 794 941 fuerit
821 886 959 940 illius
982 884 1150 954 pacis,
1178 884 1479 953 requiescet
1503 896 1665 951 super
1693 881 1838 936 illum
1865 896 1968 950 pax
1994 889 2190 935 vestra:

630 976 712 1030 sin
744 976 939 1040 minus,
965 976 1030 1030 ad
1064 990 1157 1031 vos
1177 984 1494 1031 revertetur.
1525 976 1582 1028 lu
1615 973 1803 1028 eadi-m
1834 985 2010 1026 autem
2036 973 2196 1026 domo

631 1076 846 1120 mantele
889 1068 1109 1120 edentes
1150 1075 1202 1120 et
1247 1065 1497 1120 bibentes
1540 1081 1655 1134 qua:
1700 1063 1900 1118 dantur
1948 1064 2017 1118 ab
2063 1062 2192 1117 illis.

631 1154 832 1225 Dignus
882 1166 966 1210 est
1017 1158 1158 1210 enim
1216 1156 1500 1226 operarius
1554 1156 1799 1210 mercede
1845 1170 1963 1210 sua.
2021 1154 2194 1209 Nolite

633 1247 863 1300 transite
911 1249 977 1300 de
1024 1248 1181 1302 domo
1230 1247 1281 1300 in
1328 1245 1567 1300 domum.
1612 1244 1679 1298 Et
1721 1247 1771 1298 ln
1814 1259 2192 1315 quamcunque

628 1337 896 1390 civitatem
927 1337 1279 1400 intraveritis,
1308 1347 1360 1390 et
1385 1339 1722 1404 susceperint
1748 1351 1862 1400 vos,
1898 1337 2041 1389 edite
2073 1349 2190 1402 qua:

627 1439 966 1494 apponuntur
1011 1427 1160 1479 vobis
1197 1440 1212 1478 :
1258 1435 1312 1480 et
1355 1437 1541 1481 satiate
1582 1427 1824 1481 inlirmos
1861 1427 1952 1496 qui
2000 1426 2052 1479 in
2099 1425 2187 1479 illa

629 1528 752 1569 sunt
777 1534 788 1568 :
817 1526 871 1568 et
904 1516 1064 1570 dicite
1086 1515 1194 1570 illis
1226 1533 1240 1569 :
1268 1517 1728 1586 Appropinquavit
1763 1519 1813 1571 in
1844 1531 1939 1571 vos
1964 1533 2186 1586 regnum

627 1607 742 1661 Dei.
784 1626 802 1657 ι
829 1606 961 1672 Quia
991 1608 1137 1676 ipsos
1167 1608 1434 1663 missuros
1463 1619 1579 1663 erat
1610 1610 1990 1679 prmdicatores
2019 1609 2188 1663 Evan-

624 1699 770 1767 gelii,
802 1700 973 1754 dicit:
1024 1700 1102 1755 Ne
1129 1701 1356 1768 portetis
1401 1700 1672 1755 sacculum
1695 1739 1710 1765 ,
1755 1716 1928 1770 neque
1973 1701 2073 1756 hoc
2105 1699 2185 1754 vel

625 1790 752 1844 illud
796 1806 811 1843 :
864 1789 1059 1868 subicit
1109 1791 1252 1845 enim
1299 1791 1452 1846 vobis
1507 1791 1648 1859 quod
1699 1806 1884 1844 curam
1943 1791 2186 1847 habeatis

1555 406 2128 470 THEOPHYLACTI
2171 403 2578 469 BULGABL‘E
2620 403 2973 465 ARClllEP.

3762 403 3872 467 8213i

2381 535 2399 566 ι
2441 516 2532 586 Μὴ
2565 513 2861 584 βαστάζετε
2888 512 3192 583 βαλάντιον.
3227 512 3300 585 μὴ
3325 513 3528 584 πήραν,
3567 515 3702 586 μηδέ
3732 516 3873 568 ὑπσ-

2303 608 2541 689 δήματα,
2577 605 2670 660 καὶ
2705 606 2907 676 μηδένα
2940 604 3085 657 κατὰ
3115 603 3215 674 τὴν
3249 603 3367 658 ὁδὸν
3396 605 3739 676 ἀσπάσησθε.
3775 605 3872 664 Εἰς

2301 699 2368 763 ἢν
2405 698 2450 751 δ’
2476 699 2543 752 ἂν
2569 699 2746 751 οἰκίαν
2779 695 3117 768 εἰσέρχησθε,
3157 694 3372 765 πρῶτον
3404 696 3591 764 λέγετε
3615 715 3628 728 ο
3659 697 3868 767 Εἰρήνη

2300 789 2377 859 τῷ
2410 791 2542 860 οἴκῳ
2576 789 2771 859 τούτῳ.
2816 788 2927 842 Καὶ
2963 788 3058 841 ἐὰν
3087 782 3246 858 μὲνῇ
3289 787 3408 840 ἐκεῖ
3449 787 3562 849 υίὸς
3616 787 3866 857 εἰρήνης,

2300 881 2749 936 ἐπαναπαύσεται
2775 880 2860 933 ἐπ’
2879 879 3039 934 αὑτὸν
3063 880 3096 949 ή
3119 881 3308 949 εἰρήνη
3326 879 3498 949 ὑμῶν,
3521 878 3642 932 εἰδὲ
3677 879 3751 948 μή
3775 895 3860 946 γε,

2300 973 2384 1040 ἐφ’
2415 973 2560 1042 ὑμᾶς
2592 973 2930 1041 ἀνακάμψει.
2978 971 3068 1023 Ἐν
3109 971 3246 1040 αὐτῇ
3275 970 3333 1022 δὲ
3377 971 3444 1041 τῇ
3489 970 3636 1040 οἰκίᾳ
3672 969 3864 1038 μένετε

2297 1060 2570 1124 ἐσθίοντες
2611 1064 2705 1114 καὶ
2749 1061 2998 1122 πίνοντες
3027 1060 3096 1122 τά
3130 1061 3260 1129 παρ’
3289 1059 3491 1114 αὐτῶν.
3540 1059 3722 1123 ’Ἄξιος
3754 1059 3865 1128 γάρ

2296 1154 2324 1205 ό
2359 1153 2596 1222 ἐργάτης
2631 1152 2725 1205 τοῦ
2757 1151 2951 1221 μισθοῦ
2987 1152 3153 1205 αὐτοῦ
3184 1153 3321 1205 ἐστι.
3370 1152 3463 1222 Μὴ
3510 1151 3864 1222 μεταϐαίνετε

2295 1243 2355 1307 ἐξ
2385 1243 2561 1306 οἰκίας
2597 1247 2675 1306 εἰς
2705 1244 2904 1301 οἰκίαν.
2938 1244 3048 1297 Καὶ
3083 1246 3163 1307 εἰς
3193 1244 3261 1314 ην
3307 1243 3373 1297 ἂν
3413 1243 3569 1296 πόλιν
3617 1243 3868 1314 εἰσέρχη-

2298 1334 2411 1398 σθε,
2444 1336 2540 1387 καὶ
2593 1335 2852 1405 δέχωνται
2885 1337 3053 1405 ὑμᾶς,
3085 1335 3292 1388 ἐσθίετε
3337 1336 3406 1388 τὰ
3449 1335 3864 1405 παρατιθέμενα

2296 1428 2444 1497 ὑμῖν.
2505 1429 2612 1481 Καὶ
2645 1427 2982 1498 θεραπεύετε
3015 1427 3139 1490 τοὺς
3170 1430 3228 1480 ὲν
3276 1428 3413 1497 αὐτῇ
3449 1427 3723 1491 ἀσθενεῖς,
3771 1428 3864 1479 καὶ

2294 1518 2480 1586 λέγετε
2506 1519 2723 1582 αὐτοῖς’
2757 1521 3028 1590 Ἤγγικεν
3071 1522 3154 1588 ἐφ’
3202 1521 3345 1590 ὑμᾶς
3381 1522 3414 1591 ἡ
3469 1520 3720 1589 βασιλεία
3766 1519 3860 1572 τοῦ

2293 1611 2450 1667 Θεοῦ.
2483 1631 2501 1663 ι
2545 1612 2761 1682 Ἐπειδὴ
2787 1612 3009 1682 ἔμελλεν
3026 1615 3219 1674 αὐτοὺς
3242 1613 3589 1666 ἀποστέλλειν
3609 1614 3860 1682 κήρυκας

2291 1704 2386 1756 τοῦ
2436 1704 2786 1773 Εὑαγγελίου,
2836 1706 3010 1775 φησί’
3066 1707 3156 1776 Μὴ
3208 1705 3502 1776 βαστάζετε
3549 1706 3854 1775 βαλάντιον,

2296 1795 2431 1865 μήτε
2460 1796 2520 1848 τὸ
2549 1795 2644 1848 καὶ
2684 1797 2778 1848 τό·
2820 1797 2980 1867 ἀρκεῖ
3019 1797 3126 1868 γὰρ
3158 1799 3283 1867 ὑμῖν
3327 1796 3426 1867 τὴν
3459 1797 3717 1866 φροντίδα
3764 1797 3852 1850 τοῦ

625 1877 791 1932 verbi.
841 1875 974 1931 Nam
1022 1877 1067 1932 si
1099 1879 1371 1933 sacculum
1421 1879 1802 1948 portaveritis,
1846 1878 2178 1933 manifestum

2291 1883 2449 1953 λόγου
2475 1887 2643 1956 ἔχειν.
2680 1887 2743 1940 Εἰ
2771 1886 2877 1959 γὰρ
2903 1887 3186 1957 βαλάντιον
3216 1887 3536 1958 βαστάζετε,
3566 1887 3852 1958 πρόδηλον,

622 1971 766 2035 quod
807 1969 952 2022 illius
983 1969 1134 2023 vobis
1166 1984 1293 2024 cura
1333 1977 1438 2034 est,
1475 1981 1530 2024 et
1561 1971 1782 2024 verbum
1820 1969 2183 2024 contemnitis.

627 2057 720 2114 Vel
752 2059 911 2113 aliter
937 2077 950 2114 :
985 2059 1248 2125 Quoniam
1280 2061 1458 2116 alendi
1489 2063 1624 2117 estis
1651 2062 1718 2115 ab
1749 2061 1832 2115 his
1862 2075 1995 2128 quos
2027 2060 2188 2116 doce-

623 2151 692 2205 tis
710 2189 726 2213 ,
755 2151 882 2220 quid
925 2151 1077 2206 vobis
1118 2151 1335 2206 sacculo
1363 2166 1519 2222 opus,
1559 2152 1641 2207 vel
1673 2167 1797 2221 pera
1819 2190 1840 2217 ,
1867 2152 1950 2206 vel
1979 2152 2189 2206 calcea—

624 2240 855 2295 mentis?
881 2237 1106 2295 Omncm
1144 2243 1290 2297 enim
1323 2243 1535 2298 illorum
1573 2258 1727 2297 usum
1769 2242 2188 2312 suppeditabunt

622 2333 673 2386 hi
695 2333 781 2402 qui
806 2347 834 2386 a
868 2334 1018 2388 vobis
1057 2335 1413 2390 docebuntur.
1454 2334 1622 2390 Porro
1661 2336 1804 2403 quod
1853 2336 2058 2389 nullum
2096 2350 2188 2405 per

622 2424 760 2473 viam
791 2424 1044 2487 salutent,
1071 2423 1170 2478 hac
1196 2425 1260 2478 de
1284 2439 1444 2478 causa
1469 2425 1549 2479 eis
1576 2426 1820 2494 iujungit,
1851 2436 1909 2478 ut
1939 2441 2003 2478 ne
2024 2439 2182 2478 occu-

621 2522 876 2580 parentur
911 2513 963 2566 in
996 2514 1271 2567 hominum
1311 2514 1726 2570 salutationibus
1769 2525 1824 2570 et
1861 2511 2186 2570 curiositati-

620 2608 738 2671 bus,
759 2606 953 2677 quibus
978 2621 1007 2660 a
1037 2608 1418 2676 praedicatione
1439 2609 1852 2678 impedirentur.
1877 2607 2185 2664 Verisimile

618 2699 760 2750 enim
802 2708 886 2751 est
935 2708 992 2752 ut
1035 2712 1155 2752 cum
1207 2700 1330 2767 quis
1379 2699 1695 2754 salutaverit
1738 2701 2072 2768 quempiam,
2116 2700 2183 2754 ab

633 2789 820 2841 eodem
854 2790 1196 2853 resalutetnr,
1229 2801 1280 2844 et
1307 2791 1371 2844 de
1403 2790 1590 2858 majori
1624 2789 1988 2844 lattiiliaritate
2020 2792 2186 2844 inter-

619 2881 891 2949 pellctur:
938 2890 999 2936 ut
1046 2882 1160 2937 lleri
1213 2885 1349 2937 solet
1400 2885 1451 2938 in
1496 2884 1580 2938 his
1628 2884 1719 2953 qui
1757 2884 1915 2938 simul
1962 2887 2178 2940 vadunt.

619 2971 791 3024 Simul
827 2974 968 3026 enim
1002 2983 1060 3026 ut
1083 2975 1246 3027 amici
1278 2976 1429 3038 facti,
1458 2979 1620 3029 etiam
1657 2976 1884 3044 amplius
1917 2985 1971 3032 et
2003 2979 2183 3032 curio-

618 3064 728 3115 sius
754 3063 1002 3131 quiddam
1031 3075 1342 3118 scrutantur
1366 3082 1378 3117 :
1407 3075 1460 3118 et
1484 3067 1562 3118 sic
1585 3065 1840 3133 paulatim
1869 3067 1920 3120 in
1949 3067 2177 3121 humana

622 3156 829 3220 tu-gotiu
859 3153 1083 3222 apostoli
1118 3154 1441 3218 inciderent,
1468 3156 1799 3223 verbumque
1822 3154 2176 3226 negligereut.

618 3241 673 3295 lu
719 3244 914 3297 itinere
957 3245 1120 3312 igitur
1165 3246 1401 3300 salutare
1442 3245 1752 3315 (luempiam
1798 3261 1860 3300 ea
1906 3247 1974 3302 de
2016 3261 2176 3301 causa

618 3336 880 3400 prohibet.
912 3335 968 3388 lu
1000 3338 1214 3391 domum
1245 3347 1426 3391 autem
1464 3337 1712 3407 ingressi,
1744 3337 1941 3406 inquit,
1981 3340 2174 3392 dicite:

615 3425 723 3479 Pax
758 3427 878 3480 huic
919 3429 1122 3493 domui,
1157 3427 1259 3481 hoc
1285 3437 1390 3493 est,
1423 3429 1662 3484 salutate
1692 3444 1786 3485 eos
1817 3430 1907 3498 qui
1934 3430 1987 3484 in
2021 3431 2175 3486 domo

614 3525 759 3570 sunt.
800 3516 859 3567 Et
899 3516 1092 3571 deinde
1127 3521 1418 3573 ostendens
1453 3524 1595 3588 quod
1626 3522 1726 3576 hoc
1757 3537 1860 3575 non
1896 3522 2066 3575 solum
2106 3526 2176 3576 sit

613 3608 868 3672 salutare,
894 3610 984 3662 sed
1010 3621 1063 3663 et
1093 3611 1430 3675 benedicere,
1460 3614 1586 3667 dicit
1611 3632 1624 3669 ε
1657 3613 1711 3668 Si
1741 3616 1954 3684 quidem
1981 3617 2174 3687 dignus

613 3697 773 3750 fuerit
813 3701 1203 3768 paterfamilias
1227 3742 1240 3767 ,
1275 3703 1623 3758 benedicetur
1651 3723 1664 3758 :
1697 3706 1742 3760 si
1773 3715 1950 3760 autem
1984 3717 2175 3762 conlu-

614 3787 885 3853 meliosus,
915 3800 973 3843 et
1007 3805 1110 3844 non
1143 3808 1310 3858 capax
1349 3796 1529 3862 pacis,
1565 3811 1809 3866 pugnans
1835 3809 1889 3851 et
1921 3801 2174 3854 adversa-

613 3879 726 3931 rius
771 3883 1004 3935 sermoni
1070 3894 1260 3938 vestro-
1291 3896 1344 3938 et
1392 3885 1669 3953 doctrina},
1723 3889 2024 3945 benedictio
2068 3906 2170 3946 non

612 3970 790 4022 veniet
819 3986 980 4040 super
1015 3971 1186 4038 illum,
1215 3977 1308 4028 sed
1347 3979 1410 4030 ad
1442 3992 1536 4031 vos
1571 3987 1887 4034 revertetur.
1924 3981 2174 4053 Praecipit

611 4076 821 4129 quoque
869 4078 976 4116 non
1016 4067 1395 4120 transeundum
1437 4069 1501 4121 de
1531 4070 1689 4124 domo
1739 4072 1789 4125 in
1825 4074 2074 4139 domum,
2117 4087 2172 4130 ut

611 4165 677 4203 ne
703 4151 983 4205 videantur
1009 4153 1202 4223 gulosi,
1233 4165 1287 4208 et
1313 4156 1564 4212 seandalo
1591 4161 1698 4213 sint
1725 4162 1927 4224 multis,
1959 4177 2005 4216 et
2036 4179 2170 4218 eon-

611 4241 820 4296 tristent
851 4258 944 4297 eos
964 4259 992 4296 a
1022 4246 1219 4314 quibus
1249 4247 1480 4311 primum
1508 4252 1745 4318 suscepti
1775 4262 1920 4306 sunt.
1948 4253 2172 4323 insuper

609 4333 738 4385 dicit
771 4350 783 4387 :
834 4334 1114 4389 Comedite
1155 4351 1216 4389 ea
1255 4353 1371 4405 quae
1404 4339 1540 4406 apud
1580 4341 1697 4394 illos
1728 4353 1852 4396 sunt
1883 4361 1896 4397 :
1931 4345 2032 4398 hoc
2064 4358 2166 4412 εει,

609 4435 726 4487 quae
768 4435 1073 4490 proponunt
1101 4425 1281 4489 vobis,
1346 4428 1554 4481 etiamsi
1605 4432 1726 4484 vilia
1757 4443 1810 4486 et
1844 4448 2002 4500 parva
2037 4439 2164 4502 sint,

2289 1976 2373 2030 ὅτι
2404 1979 2488 2030 ἐπ’
2530 1980 2706 2032 ἐκεῖνο
2736 1979 3196 2056 ἀσχοληθήσεσθε,
3248 1981 3342 2034 καὶ
3371 1979 3464 2033 τοῦ
3496 1980 3654 2048 λόγου
3689 1999 3854 2034 κατα-

2291 2076 2612 2143 φρονήσετε.
2655 2072 2863 2135 Ἀλλως
2894 2090 2952 2125 τε
2979 2089 2993 2103 ·
3043 2073 3260 2143 Ἐπειδὴ
3295 2073 3515 2143 μέλλετε
3549 2073 3845 2144 τρέφεσθαι

2289 2163 2394 2216 ὑπὸ
2423 2163 2534 2218 τῶν
2574 2164 2999 2235 διδασκομένων,
3031 2165 3114 2228 τίς
3154 2165 3313 2236 χρεία
3345 2166 3630 2237 βαλαντίου
3661 2168 3789 2235 ὑμῖν
3817 2168 3847 2236 ῆ

2288 2256 2490 2325 πήρας,
2525 2254 2558 2326 ἢ
2593 2256 2956 2327 ὑποδημάτων
2983 2274 2997 2322 ;
3030 2258 3216 2312 Πᾶσαν
3245 2257 3353 2327 γάρ
3385 2258 3512 2328 ὑμῖν
3541 2258 3638 2327 τὴν
3663 2260 3850 2328 χρείαν

2285 2346 2490 2399 τούτων
2513 2347 2563 2400 οἰ
2591 2347 2964 2417 διδασκόμενοι
2999 2349 3488 2422 ἀποθεραπεὺουσι.
3511 2351 3584 2408 Τὸ
3605 2353 3687 2419 δέ,
3730 2355 3850 2424 Μη-

2285 2438 2414 2493 δένα
2441 2439 2584 2492 κατὰ
2621 2442 2719 2506 τὴν
2768 2441 2887 2494 ὁδὸν
2930 2443 3263 2508 ἀσπάζεσθε,
3325 2445 3414 2498 διὰ
3463 2445 3621 2499 τοῦτο
3669 2447 3850 2509 αὐτοῖς

2285 2529 2585 2600 ἐπιτίθησι,
2619 2530 2706 2583 διὰ
2732 2533 2791 2608 το
2829 2534 2903 2602 μὴ
2936 2534 3364 2603 ἀπασχολεῖσθαι
3406 2539 3535 2605 περὶ
3573 2539 3849 2608 ἀνθρωπέ-

2285 2638 2404 2684 νους
2442 2603 2787 2691 ἀσπασμοὺς,
2826 2626 2917 2676 καί
2944 2625 3378 2696 φιλορρονήσεις,
3425 2629 3518 2682 καὶ
3558 2630 3620 2682 ἐκ
3659 2631 3848 2684 τούτου

2284 2711 2420 2779 πρὸς
2452 2709 2512 2762 τὸ
2546 2712 2811 2781 κήρυγμα
2842 2713 3249 2782 ἐμποδίζεσθαι.
3285 2716 3444 2780 Εἰκὸς
3473 2719 3580 2789 γάρ
3622 2720 3715 2772 τὸν
3759 2737 3850 2773 τυ-

2285 2805 2443 2873 χόντα
2472 2804 2563 2855 τοῦ
2600 2805 2914 2875 ἀσπασμοῦ,
2974 2808 3136 2860 πάλιν
3172 2811 3264 2861 καί
3293 2810 3451 2862 αὑτὸν
3496 2814 3847 2865 ἀντασπάσα-

2286 2895 2433 2960 σθαι,
2467 2897 2561 2949 καὶ
2611 2896 2770 2966 τυχὸν
2823 2899 2918 2950 καὶ
2950 2901 3297 2971 μακροτέρας
3340 2903 3551 2972 ὁμιλίας
3592 2905 3843 2970 ἀξιῶσαι,

2282 2979 2368 3038 οἷα
2414 2987 2482 3039 τὰ
2529 2986 2637 3039 τῶν
2674 2989 3213 3060 συνοδοιπορούντων,
3275 2989 3394 3047 εἶτα
3429 2994 3502 3058 ὡς
3538 2995 3638 3067 ἤδη
3696 2998 3845 3065 φίλον

2282 3079 2591 3147 γενόμενον,
2637 3083 2733 3134 καὶ
2795 3082 3293 3158 φιλοφρονήσασθαί
3340 3103 3394 3139 τι
3443 3089 3844 3160 περιττότερον,

2283 3170 2375 3223 καὶ
2404 3169 2547 3223 οὕτω
2587 3173 2726 3226 κατὰ
2763 3176 2959 3244 μικρὸν
3009 3178 3088 3238 εἰς
3114 3176 3459 3245 ἀνθρωπίνας
3511 3181 3722 3248 σχέσεις
3755 3181 3846 3233 τὸν

2232 3261 2247 3278 ⁸
2280 3264 2576 3316 ἀπόστολον
2607 3266 2887 3332 ἐκπεσεῖν,
2931 3270 3024 3321 καὶ
3056 3268 3327 3337 ἀμελῆσαι
3355 3271 3446 3323 τοῦ
3472 3271 3653 3339 λόγου.
3689 3276 3842 3326 Κατὰ

2279 3352 2378 3421 μὲν
2417 3349 2510 3406 οὖν
2537 3354 2636 3422 τὴν
2663 3355 2782 3408 ὁδὸν
2824 3358 3165 3420 ἀσπάζεσθαί
3215 3377 3334 3412 τινα
3369 3362 3565 3414 κωλύει
3608 3364 3694 3417 διὰ
3743 3367 3841 3434 τὴν

2275 3444 2573 3518 εἰρημένην
2602 3447 2803 3503 αἰτίαν.
2841 3447 2931 3511 Εἰς
2958 3449 3013 3502 δὲ
3049 3452 3224 3502 οἰκίαν
3259 3453 3654 3522 εἰσερχόμενοι,
3690 3459 3839 3524 φησὶ,

2277 3535 2464 3604 λέγετε
2490 3554 2502 3567 ·
2541 3539 2746 3608 Εἰρήνη
2774 3540 2850 3610 τῷ
2895 3543 3026 3608 οἴκῳ
3076 3541 3249 3612 τοῦτῳ
3284 3560 3300 3576 ο
3324 3548 3620 3608 τουτέστιν,
3671 3538 3847 3600 ἁσπάέ

2278 3626 2434 3690 ζεσθε
2465 3632 2590 3692 τοὺς
2617 3632 2675 3683 ἐν
2701 3634 2765 3702 τῇ
2792 3634 2956 3703 οἰκίᾳ.
3003 3631 3132 3687 Εἶτα
3156 3633 3437 3700 δεικνύων,
3461 3639 3542 3690 ὅτι
3578 3640 3636 3691 οὐ
3685 3641 3841 3708 μόνον

2272 3723 2560 3790 ἀσπασμός
2589 3725 2704 3776 ἐστι
2734 3726 2908 3791 τοῦτο,
2944 3727 3078 3779 ἀλλὰ
3110 3731 3204 3784 καί
3234 3729 3473 3797 εὐλογία,
3524 3733 3713 3801 φησὶν,
3760 3733 3838 3785 ὅτι

2272 3812 2409 3866 Ἐὰν
2438 3815 2536 3883 μέν
2625 3816 2770 3879 ἄξιος
2793 3817 2819 3867 ὁ
2855 3818 3255 3890 οἰκοδεσπότης,
3302 3824 3752 3894 εὐλογηθήσεται,
3796 3830 3840 3878 εἰ

2272 3905 2329 3957 δὲ
2381 3906 2642 3977 ὑϐριστὴς
2678 3911 2770 3961 καὶ
2819 3910 3174 3978 ἀνεπίδεκτος
3233 3916 3479 3987 εἰρήνης,
3534 3920 3838 3988 μαχόμενος

2274 3999 2368 4048 καὶ
2401 4000 2811 4068 ἐναντιούμενος
2873 4003 2950 4072 τῷ
2991 4004 3134 4074 λόγῳ
3171 4007 3326 4076 ὑμῶν
3361 4010 3455 4062 καί
3485 4013 3550 4079 τῇ
3587 4012 3840 4066 διδασκα-

2272 4087 2380 4156 his,
2411 4090 2443 4158 ὴ
2476 4089 2695 4157 εὐλογία
2751 4093 2852 4145 οὐκ
2900 4096 2988 4146 ἐπ’
3027 4097 3189 4150 αὑτὸν
3230 4098 3372 4167 ἥξει,
3409 4101 3526 4153 ἀλλ’
3577 4105 3657 4166 εἰς
3699 4105 3838 4174 ὑμᾶς

2270 4177 2693 4263 ἐπαναστρέφει.
2724 4181 2812 4250 Μὴ
2846 4183 3195 4251 μεταϐαίνειν
3225 4187 3279 4240 δὲ
3309 4192 3388 4251 εἰς
3432 4191 3632 4256 πολλάς
3662 4198 3838 4257 οἰκίας

2269 4269 2661 4337 παραγγέλλει,
2718 4272 2802 4324 ἵνα
2860 4274 2934 4342 μὴ
2982 4275 3179 4328 δοκῶσι
3234 4281 3682 4350 γαστρίμαργοι,
3746 4289 3836 4339 καὶ

2271 4358 2663 4419 σκανδαλίξωσι
2713 4363 2957 4427 πολλοὺς,
3007 4367 3099 4418 καὶ
3140 4367 3348 4422 λυπῶσι
3382 4373 3508 4434 τοὺς
3558 4375 3617 4439 ἐξ
3664 4376 3839 4448 ἁρχῆ;

2270 4450 2728 4521 ὑποδεξαμένους.
2775 4456 2936 4509 Ἀλλὰ
2988 4461 3082 4510 καί
3123 4459 3353 4526 ἐσθίετε,
3392 4465 3566 4533 φησί,
3609 4472 3676 4520 τὰ
3712 4471 3839 4538 παρ’

608 4511 738 4563 nihil
774 4514 1002 4580 amplius
1043 4514 1394 4580 inquirentes.
1437 4517 1542 4572 Pro
1576 4524 1818 4577 mercede
1852 4535 2028 4579 autem
2072 4530 2165 4580 lia-

608 4604 725 4631 [Δια
757 4605 934 4631 ηζι......
994 4604 1049 4631 [Γ.
1091 4621 1154 4631 ..Α
1183 4610 1430 4631 -..-..--.:..
1479 4620 1520 4631 -.
1560 4614 1699 4631 ,-_-,,e
1815 4626 1826 4631 -
2062 4620 2071 4631 .

2452 4511 2463 4514 -
2512 4511 2523 4521 .
2690 4511 2702 4517 -
3202 4511 3353 4526 ν
3399 4511 3566 4533 τ-,ην
3621 4511 3676 4520 η.
3718 4511 3822 4538 ...ηπ

2279 4541 2467 4605 αὐτῶν,
2502 4543 2799 4607 τουτέστιν,
2850 4545 2884 4599 ἃ
2919 4549 3255 4617 προσάγουσι
3313 4554 3461 4622 ὑμῖν,
3515 4557 3620 4609 κᾶν
3668 4564 3837 4631 μικρὰ

607 4604 726 4657 ἰλειε
756 4605 958 4659 cibum.
993 4604 1054 4658 Et
1091 4621 1156 4658 ne
1181 4610 1432 4674 quaeratis
1474 4620 1524 4662 et
1558 4614 1738 4680 pasci,
1778 4626 1830 4669 et
1861 4620 2162 4671 mercedem

608 4696 827 4761 inSuper
866 4698 1128 4764 accipere,
1159 4700 1250 4750 sed
1284 4701 1456 4753 cibum
1496 4717 1592 4768 pro
1624 4707 1867 4760 mercede
1896 4711 2160 4766 habetote.

611 4785 739 4839 Vide
778 4787 940 4855 igitur
984 4791 1252 4855 quomodo
1298 4791 1586 4860 discipulos
1631 4797 1890 4851 adversus
1926 4801 2160 4866 inopiam

607 4877 859 4941 instruat,
895 4888 948 4931 et
980 4893 1197 4933 securos
1228 4879 1406 4934 faciat.
1450 4883 1657 4938 Sonare
1693 4899 1868 4940 autem
1915 4901 1968 4944 et
2016 4892 2164 4946 infir-

605 4983 719 5020 tnos
766 4970 853 5035 qui
901 4971 951 5022 in
999 4972 1330 5037 civitatibus,
1378 4977 1650 5045 prmcipit,
1688 4989 1744 5031 ut
1784 4981 2161 5040 miraculorum

600 5061 912 5124 operatione
940 5063 1213 5116 attrahant
1242 5064 1487 5121 homines
1511 5067 1576 5120 ad
1607 5071 1830 5124 verbum
1861 5074 1999 5139 quod
2029 5092 2164 5144 pra:-

604 5152 801 5204 dirant.
839 5152 901 5205 Et
933 5155 1053 5208 vide
1091 5156 1216 5222 quid
1253 5157 1432 5212 dicat:
1482 5158 1545 5212 Et
1589 5162 1749 5216 dicite
1789 5164 1909 5218 eis:
1953 5166 2162 5234 Appro-

604 5241 884 5308 pinquavit
914 5246 962 5297 in
990 5261 1082 5299 vos
1117 5264 1332 5315 regnum
1361 5251 1472 5304 Dei.
1506 5251 1635 5307 Nam
1665 5256 1710 5308 si
1742 5257 1973 5324 primum
2003 5276 2162 5314 sana-

605 5332 806 5395 veritis,
844 5348 905 5387 ac
938 5337 1128 5388 deinde
1160 5341 1475 5404 docueritis,
1512 5345 1738 5400 feliciter
1767 5361 1949 5402 curret
1981 5365 2159 5404 sermo

601 5421 763 5493 3M
794 5436 999 5489 vester,
1029 5438 1082 5481 et
1112 5431 1332 5486 credent
1365 5434 1604 5490 homines
1640 5444 1780 5507 quod
1811 5458 2030 5512 regnum
2067 5447 2156 5500 Dei

601 5516 905 5580 pervenerit
965 5518 1015 5571 in
1051 5521 1216 5588 ipsos.
1251 5523 1364 5577 Non
1398 5527 1536 5580 enim
1572 5534 1740 5585 sanati
1771 5534 2016 5601 fuissent,
2053 5541 2155 5593 nisi

603 5604 776 5655 divina
816 5609 1057 5674 quaedam
1096 5614 1266 5668 virtus
1309 5615 1493 5672 fuisset
1527 5621 1636 5675 haec
1667 5637 1910 5692 eperans.
1955 5630 2058 5683 Sed
2103 5642 2156 5686 ct

601 5700 815 5760 quando
855 5701 971 5765 quis
1017 5703 1195 5757 animo
1230 5719 1498 5775 :cgrotans
1539 5723 1758 5767 sanatus
1800 5716 1992 5782 fuerit,
2028 5729 2156 5775 tunc

603 5790 1041 5860 appropinquavit
1087 5797 1138 5849 in
1165 5812 1283 5851 cum
1336 5815 1552 5870 regnum
1599 5805 1708 5858 Dei.
1752 5809 1830 5861 Ab
1860 5822 2153 5879 a'grotante

2267 4627 2420 4696 ὦσιν,
2453 4633 2554 4686 κᾶν
2582 4636 2793 4704 εὐτελῆ,
2828 4640 2991 4707 μηδὲν
3023 4642 3182 4694 πλέον
3226 4645 3635 4712 ἐπιζητοῦντες.
3697 4653 3834 4706 ’Λιιτί

2271 4725 2465 4793 μισθοῦ
2508 4727 2563 4779 δὲ
2605 4728 2752 4796 ἔχετε
2787 4729 2884 4799 τὴν
2928 4736 3156 4800 τροφὴν,
3213 4741 3306 4788 καὶ
3347 4738 3418 4807 μὴ
3470 4739 3686 4808 ζητεῖτε
3744 4748 3832 4795 καὶ

2263 4815 2587 4882 τρέφεσθαι,
2619 4819 2710 4868 καὶ
2745 4820 2934 4885 unum
2963 4822 3123 4873 πάλιν
3149 4826 3296 4893 παρὰ
3323 4828 3484 4895 μέρος
3510 4830 3826 4898 λαμϐάνειν,

2265 4903 2380 4956 ἀλλ’
2437 4906 2604 4974 αὐτὴν
2648 4908 2745 4977 τὴν
2776 4911 2983 4981 τροφὴν
3051 4914 3168 4967 ἀντὶ
3222 4919 3412 4984 μισθοῦ
3457 4921 3630 4990 ἔχετε.
3694 4927 3829 4990 ’θρα

2264 4991 2378 5058 οὖν,
2410 4997 2524 5058 πῶς
2564 4998 2688 5060 τοὺς
2725 5000 2971 5070 μαθητὰς
3023 5006 3436 5074 ἐξασφαλίζεται
3481 5015 3618 5082 πρὸς
3667 5018 3825 5085 dxtr-

2268 5085 2529 5155 μοσύνην,
2568 5090 2659 5140 καὶ
2706 5090 3027 5160 θεραπεύειν
3067 5097 3121 5149 δέ
3168 5094 3289 5162 τοὺς
3339 5105 3394 5154 ἐν
3442 5107 3559 5167 ταῖς
3613 5110 3826 5162 πόλεσιν

2262 5177 2509 5241 ἀσθενεῖς
2535 5183 2921 5250 παραγγέλλει,
2951 5186 3037 5242 ἵνα
3055 5189 3301 5243 ἐντεῦθεν
3335 5193 3616 5262 θαυματου
3629 5202 3813 5268 ργοῦν-

2265 5287 2377 5333 τες,
2409 5271 2779 5339 ἐφελκύωνται
2816 5281 2941 5341 τοὺς
2975 5281 3290 5351 ἀνθρώπους
3322 5289 3410 5339 ἐπὶ
3445 5291 3503 5341 τὸ
3543 5294 3820 5362 κήρυγμα.

2263 5362 2401 5431 Ὅρα
2435 5366 2541 5435 γάρ
2572 5369 2622 5418 τί
2650 5386 2799 5437 φησι,
2839 5373 2943 5423 Καὶ
2979 5371 3163 5440 λέγετε
3191 5379 3511 5446 αὐτοῖςλότι
3563 5387 3822 5454 Ἤγγικεν

2257 5454 2343 5520 ἐφ’
2389 5456 2532 5523 ὑμᾶς
2571 5459 2602 5527 ή
2642 5458 2891 5526 βασιλεία
2932 5464 3024 5516 τοῦ
3066 5468 3220 5520 Θεοῦ.
3257 5471 3314 5521 Εἰ
3354 5473 3462 5542 γὰρ
3494 5477 3708 5546 πρῶτον
3738 5481 3819 5530 θε-

2262 5551 2547 5612 ραπεύετε,
2580 5546 2694 5602 εἶτα
2722 5553 3021 5619 διδάσκετε,
3056 5559 3376 5632 εὐδρομήσει
3407 5567 3534 5634 ὑμῖν
3575 5573 3604 5621 ὁ
3643 5573 3816 5639 λόγος.

2259 5641 2352 5689 καὶ
2390 5641 2773 5695 πιστεύσουσιν
2805 5649 2853 5697 οἰ
2911 5649 3208 5719 ἄνθρωποι,
3246 5657 3326 5708 ὅτι
3367 5660 3399 5726 ἡ
3435 5659 3683 5728 βασιλεία
3728 5668 3817 5719 τοῦ

2257 5731 2388 5784 Θεοῦ
2412 5734 2640 5803 ἔφθασεν
2661 5739 2743 5790 ἐπ’
2759 5741 2971 5803 αὐτούς.
2998 5744 3109 5797 Οὐκ
3131 5748 3196 5799 ἂν
3215 5751 3321 5818 γὰρ
3346 5752 3754 5823 ἐθεραπεύοντο.
3774 5763 3815 5813 εἰ

2264 5825 2336 5892 μή
2370 5842 2451 5888 τις
2489 5826 2607 5880 θεία
2641 5828 2868 5901 δύναμις
2900 5829 2965 5903 ἦν
2998 5839 3028 5905 ή
3062 5838 3231 5894 ταῦτα
3262 5844 3508 5903 τελοῦσα.
3538 5849 3813 5922 Ἀλλάγάρ
