4110 6332
227 387 341 452 £37

974 381 1418 449 ENARRATIO
1454 380 1537 444 ΙΝ
1566 377 2068 444 EVANGELIUM
2107 378 2346 441 LUCE.
2379 404 2443 418 —
2480 375 2641 440 CAP.
2676 378 2752 440 Χ.

3415 379 3522 440 R33

227 507 331 559 καὶ
359 506 489 559 ὅταν
514 503 655 559 κατά
678 503 858 574 ψυχὴν
879 497 1236 562 ἀσθενοῦντες
1262 494 1667 568 θεραπευθῶσι,
1696 493 1816 546 τότε

1923 491 2066 545 cnim
2108 491 2268 560 longe
2309 491 2450 546 istud
2494 503 2607 553 est,
2653 491 3093 563 quandoquidem
3139 504 3425 564 peccatum
3461 497 3516 550 iu

225 601 469 666 ᾗγγικεν
496 599 586 650 ἐπ’
629 595 830 658 αὐτοὺς
856 595 892 664 ἡ
937 591 1191 663 βασιλεία
1217 587 1315 642 τοῦ
1337 586 1500 640 Θεοῦ.
1551 586 1685 638 ’Δπδ
1710 589 1821 653 γὰρ

226 689 735 752 τοὺ-ἀσθενοῦντος
757 686 979 758 μακράν
1021 684 1169 737 ἐστιν
1202 680 1366 751 αὕτη,
1398 676 1820 748 βασιλευομένου

229 782 346 834 ὑπὸ
379 781 480 850 τῆς
509 778 788 848 ἁμαρτίας
823 777 926 831 ἐτι.

314 893 335 923 ι
372 874 462 935 Εἰς
493 873 560 941 ἢν
583 870 630 922 δ’
664 871 733 924 ἂν
769 869 925 922 πόλιν
955 861 1281 936 εἰσέρχησθε
1318 861 1413 914 καὶ
1456 860 1531 930 μὴ
1571 857 1820 929 δέχονται

225 966 408 1033 ὑμᾶς,
436 962 749 1028 ἐξελθόντες
775 963 854 1024 είς
880 959 978 1022 τὰς
1010 955 1294 1018 πλατείας,
1346 954 1534 1014 αὐτοῖς
1573 951 1768 1005 εἴπατε
1800 966 1817 982 ο

226 1058 347 1111 Καὶ
381 1056 472 1108 τὸν
502 1053 780 1124 κονιορτὸν
813 1053 906 1105 τὸν
963 1048 1295 1118 κολληθέντα
1325 1049 1461 1118 ἡμῖν
1499 1048 1563 1097 ἐκ
1589 1045 1691 1113 τῆς
1724 1043 1822 1096 πό-

227 1150 374 1211 λεως
406 1145 586 1216 ὑμῶν,
614 1141 1058 1215 ἀπομασσόμεθα
1087 1141 1239 1210 ὑμῖν,
1275 1138 1418 1209 πλὴν
1455 1136 1616 1191 τοῦτο
1655 1135 1819 1206 γινῴο

229 1258 422 1304 σκετε,
457 1240 538 1293 ὅτι
591 1239 824 1309 ἤγγικεν
855 1237 941 1304 ἐφ’
975 1236 1124 1305 ὑμᾶς
1159 1237 1192 1304 ἠ
1235 1231 1481 1302 βασιλεία
1511 1230 1605 1284 τοῦ
1637 1227 1774 1281 Θεοῦ
1807 1246 1820 1259 ·

232 1335 398 1402 Λέγω
432 1333 488 1385 δὲ
519 1333 650 1400 ὑμῖν
679 1332 761 1384 ὅτι
791 1328 1050 1398 Σοδόμοις
1080 1326 1435 1396 ἀνεκτότερον
1474 1324 1628 1377 ἔσται
1668 1324 1727 1374 ἐν
1753 1323 1820 1391 τῇ

232 1427 426 1496 ἡμέρᾳ
465 1425 652 1497 ἐκείνῃ
693 1422 726 1492 ἢ
774 1423 842 1492 τῇ
904 1420 1058 1472 πόλει
1094 1419 1303 1489 ἐκείνη.
1349 1437 1368 1471 t
1420 1417 1614 1476 Ὅταν,
1664 1415 1820 1485 φησι,

239 1515 316 1586 μὴ
347 1515 612 1583 δέχωνται
644 1512 810 1581 ὑμᾶς,
865 1508 1178 1574 ἐξελθόντες
1231 1504 1681 1577 διαμαρτύρασθε
1727 1505 1825 1557 αύ-

235 1610 370 1668 τοίς,
404 1607 484 1658 ὅτι
517 1603 680 1657 Οὐδὲν
711 1601 889 1655 κοινὸν
939 1602 1072 1671 ἡμῖν
1096 1599 1234 1670 πρὸς
1268 1600 1433 1669 ὑμᾶς,
1471 1597 1592 1652 οὐδὲ
1624 1597 1824 1667 ἔχομέν

235 1717 289 1752 τι
309 1699 418 1752 ἀπὸ
443 1699 541 1766 τῆς
571 1696 845 1766 ὑμετέρας
873 1694 1082 1756 πόλεως
1106 1709 1118 1721 ·
1148 1691 1286 1746 ἀλλά
1318 1693 1412 1744 καὶ
1429 1690 1522 1744 τὸν
1544 1689 1824 1756 κονιορτὸν

237 1793 331 1845 τὸν
411 1787 742 1860 κολληθέντα
802 1788 933 1857 ἡμῖν
1014 1783 1474 1855 ἀπομασσόμεθα,
1541 1782 1826 1836 τουτέστιν

236 1884 715 1952 ἁποτινάσσομεν,
797 1879 1323 1948 ἀποσπογγίςομεν,
1403 1876 1822 1948 ἀπορῤίπτομεν

238 1977 369 2045 ὑμῖν
417 1994 432 2007 ο
465 1975 604 2041 πλὴν
627 1971 949 2041 γινώσκετε,
985 1971 1065 2024 δτι
1101 1971 1335 2041 ἠγγικεν
1365 1969 1450 2038 ἐφ’
1474 1968 1619 2037 ὑμᾶς
1657 1970 1689 2036 ἡ
1727 1966 1822 2037 βα-

239 2068 418 2121 σιλεία
445 2066 539 2120 τοῦ
573 2065 734 2119 Θεοῦ.
788 2061 1058 2118 Ἐνταῦθα
1087 2061 1319 2132 ζητήσει
1353 2075 1459 2125 τις·
1493 2059 1619 2123 Πῶς
1654 2075 1822 2129 φησιν

233 2153 264 2211 δ
309 2160 514 2228 Κύριος
545 2159 637 2211 καὶ
691 2158 804 2217 τοῖς
856 2153 1276 2224 ὑποδεχομένοις
1308 2144 1434 2216 τοὺς
1484 2152 1845 2214 ἀποστόλους,

236 2251 458 2317 ἐγγίσαι
496 2249 592 2318 τὴν
625 2247 928 2318 βασιλείαν,
964 2248 1057 2300 καὶ
1096 2247 1209 2308 τοῖς
1252 2245 1326 2315 μὴ
1361 2244 1818 2314 ύποδεχομένοιςς

241 2345 431 2394 Ἔστιν
469 2337 562 2394 οὖν
595 2342 792 2405 εἰπεῖν,
827 2341 908 2393 ὃτι
941 2339 1094 2392 οὐδὲν
1114 2337 1354 2393 ἐναντίον
1385 2339 1539 2409 φησί.
1572 2337 1680 2392 Καὶ
1714 2339 1822 2407 γὰρ

236 2437 353 2496 τοῖς
387 2435 486 2503 μὲν
522 2434 647 2494 τοὺς
679 2429 1018 2493 ἀποστόλους
1066 2428 1400 2498 δεχομένοις,
1450 2427 1690 2495 ἐγγίζειν
1722 2427 1821 2496 τὴν

239 2525 524 2594 βασιλείαν
553 2526 642 2577 ἐπ’
675 2522 994 2594 εὐεργεσίᾳ,
1021 2523 1136 2584 τοῖς
1169 2520 1227 2573 δὲ
1262 2519 1337 2590 μὴ
1371 2519 1819 2588 ὑποδεχομένοις,

236 2615 330 2666 ἐςτί
382 2614 727 2683 κατακρίσει.
795 2612 1028 2665 ’Υπόθου
1064 2610 1174 2681 γάρ
1212 2626 1302 2679 μοι
1344 2612 1402 2663 ἐν
1454 2609 1672 2679 θεάτρῳ
1714 2609 1822 2661 τινὶ

238 2705 612 2773 κατακρίτους
646 2698 786 2754 εἶναι
841 2702 1093 2766 πολλοὺς,
1138 2702 1234 2755 καὶ
1269 2701 1490 2770 ἐτέρους
1519 2699 1822 2768 ἀκατακρί-

235 2813 400 2858 τους·
463 2795 861 2863 συγκλητικούς
916 2794 977 2848 τέ
1034 2811 1199 2864 φημι,
1242 2792 1584 2863 στρατηγούς
1619 2810 1676 2845 τε
1727 2793 1824 2846 καὶ⁵

236 2887 496 2956 ἀριστέας
531 2887 714 2956 τυχὸν,
751 2881 871 2939 εἶτα
902 2887 1084 2953 λέγειν
1115 2903 1238 2939 τινα
1272 2887 1492 2956 κήρυκα
1522 2887 1658 2954 πρὸς
1695 2887 1824 2938 πάν-

232 2995 332 3040 τας
359 2977 494 3048 ὁμοῦ
543 2980 669 3040 τούς
695 2996 754 3030 τε
801 2978 1190 3048 κατακρίτους,
1239 2979 1493 3041 καὶτοὺς
1539 2980 1819 3048 ἐντίμους,

233 3071 571 3141 ὃτιῆγγικεν
600 3072 627 3122 ὁ
669 3070 926 3140 βασιλεὺς
978 3072 1131 3140 ὑμῖν,
1186 3065 1277 3140 ἄρ’
1306 3071 1368 3123 ού
1413 3072 1527 3133 τοῖς
1586 3072 1686 3141 μὲν
1731 3072 1823 3124 ἐπὶ

234 3163 478 3224 κολάσει,
507 3166 621 3226 τοῖς
648 3163 704 3216 δὲ
759 3164 850 3215 ἐπί
888 3165 1020 3233 τιμῇ
1073 3164 1168 3216 καὶ
1217 3163 1513 3234 εὐεργεσίᾳ
1569 3164 1814 3231 ἐγγίζειν
1844 3189 1884 3246 C

231 3256 326 3308 τὸν
367 3254 594 3324 βασιλέα
633 3256 819 3324 λέγεις
863 3254 1050 3318 Οὕτως
1086 3250 1181 3308 οὖν
1209 3254 1450 3308 ἐνταῦθα
1500 3255 1632 3309 νόει.
1694 3255 1812 3309 Ἀν-

233 3353 525 3418 εκτότερον
556 3347 612 3400 δέ
645 3347 796 3401 ἔσται
817 3348 1093 3418 Σοδόμοις,
1128 3349 1281 3419 φησὶ,
1314 3348 1345 3417 ἢ
1378 3351 1444 3416 τῇ
1480 3347 1554 3417 μὴ
1583 3350 1816 3416 παραδε-

232 3437 444 3509 ξαμένη
485 3439 628 3508 ὑμᾶς
662 3440 837 3494 πόλει.
869 3439 1025 3492 Διατί
1060 3456 1073 3503 ;
1117 3439 1264 3491 Διότι
1306 3441 1384 3501 είς
1435 3439 1646 3507 Σόδομα
1686 3439 1818 3491 ἁπόο

231 3531 414 3583 στολοι
448 3531 548 3583 οὐκ
572 3530 984 3600 ἀπεστάλησαν⁹
1025 3533 1076 3582 οἱ
1101 3531 1280 3583 τοίνυν
1319 3531 1446 3593 τοὺς
1481 3529 1815 3592 ἀποστόλους

233 3623 312 3692 μὴ
345 3621 656 3691 δεξάμενοι,
691 3622 911 3692 χείρους
953 3621 1258 3691 Σοδομιτῶν
1290 3625 1450 3675 εἰσιν.
1484 3622 1816 3692 Παρατήρη-

232 3730 328 3766 σον
356 3713 436 3776 δέ,
457 3713 540 3764 ὅτι
561 3715 595 3783 η
631 3712 784 3773 πόλις
815 3714 848 3782 ἡ
879 3713 954 3781 μὴ
984 3711 1406 3782 παραδεχομένη
1428 3713 1555 3776 τοὺς
1580 3714 1816 3767 ἀποστό-

230 3805 382 3868 λους.
443 3803 706 3866 πλατείας
761 3804 896 3873 ἔχει.
938 3804 1180 3857 Πλατεῖα
1231 3803 1340 3874 γάρ
1389 3803 1537 3857 ἐστιν
1568 3806 1600 3874 ὴ
1630 3805 1748 3868 ὁδὸς
1779 3808 1812 3876 ή

229 3901 528 3964 ἀπάγουσα
577 3897 658 3958 είς
703 3895 802 3965 τὴν
844 3895 1123 3950 ἀπώλειαν
1153 3911 1170 3927 ⁸
1205 3897 1355 3959 ὅστις
1403 3892 1497 3949 οὖν
1552 3898 1817 3958 πλατείας

231 3991 388 4052 “ob;
419 3988 531 4059 ἔχει
562 3987 887 4054 ἀπαγούσας
919 3991 999 4052 εἰς
1027 3988 1327 4054 ἀπώλειαν,
1355 3991 1560 4052 ἐκεῖνος
1587 3991 1817 4044 detesto-

228 4081 380 4136 λικόν
412 4081 574 4147 λόγον
613 4080 711 4132 καὶ
744 4079 887 4132 θεῖον
907 4081 967 4132 ού
1003 4081 1387 4150 παραδέχεται.

307 4197 325 4227 ι
366 4173 502 4227 Οὐαί
545 4189 651 4236 σοι,
681 4171 988 4241 Χωραζεὶν,
1025 4173 1147 4226 οὐαί
1177 4189 1281 4236 σοι,
1314 4172 1609 4242 Βηθσαῐδᾶ,
1639 4175 1720 4228 ὄτι
1764 4177 1813 4228 εἰ

229 4269 289 4320 ἐν
324 4263 490 4334 Τύρῳ
530 4264 624 4316 καὶ
661 4263 856 4316 Σιδῶνι
897 4265 1146 4332 ἐγένοντο
1175 4267 1229 4318 αί
1261 4265 1538 4336 δυνάμεις,
1573 4267 1628 4318 αἱ
1657 4269 1812 4334 γενόμ

232 4371 396 4424 μεναι
453 4355 511 4404 ἐν
553 4353 703 4420 ὑμῖν,
748 4354 918 4408 πάλαι
964 4355 1050 4420 ἂν,
1108 4357 1166 4406 ἐν
1239 4355 1428 4426 σάκκῳ
1487 4356 1579 4409 καὶ
1633 4357 1813 4426 σποδῷ

230 4445 564 4516 καθήμεναι,
627 4446 984 4520 μετενόησαν.
1058 4446 1203 4515 Πλὴν
1258 4444 1420 4516 Τύρῳ
1468 4449 1560 4499 καὶ
1625 4448 1811 4501 Σιδῶνι

230 4539 586 4606 ἀνεκτότερον
636 4537 790 4591 ἔσται
847 4539 904 4591 ἐν
937 4539 1002 4610 τῇ
1047 4537 1248 4608 κρίσει,

229 4630 632 4700 Καπερναοὺμ,
683 4631 717 4698 ή
773 4628 879 4692 ἕως
927 4629 1023 4683 τοῦ
1075 4631 1306 4701 οὐρανοῦ
1349 4631 1648 4701 ὑψωθεῖσα,
1711 4634 1816 4697 ἓως

229 4723 359 4796 ᾅδου
396 4722 875 4794 καταϐιϐασθήσῃ.
915 4724 974 4777 ’0
995 4724 1210 4779 ἀκούων
1239 4725 1415 4795 ὑμῶν,
1444 4727 1578 4796 ἐμοῦ
1607 4728 1813 4794 ἀκούει,

228 4816 324 4867 καὶ
387 4815 416 4867 ὁ
443 4813 648 4868 ἀθετῶν
681 4815 847 4885 ὑμᾶς,
888 4815 988 4884 ἐμὲ
1037 4816 1255 4870 ἀθετείο
1284 4820 1312 4871 ὁ
1339 4818 1398 4870 δὲ
1442 4818 1541 4888 ἐμὲ
1583 4817 1812 4883 ἀθετῶν,

229 4906 417 4958 ἀθετεῖ
470 4906 563 4957 τὸν
610 4906 1011 4962 ἀποστείλαντά
1055 4925 1144 4977 με.
1214 4927 1233 4960 ι
1287 4909 1351 4961 Ἦ
1403 4909 1582 4980 Τύρος
1631 4911 1725 4964 καὶ
1781 4914 1812 4982 ή

229 4997 400 5052 Σιδὼν
426 4997 608 5062 πόλεις
640 4993 782 5069 ἦσαν
813 4997 1144 5068 Ἑλληνίδες,
1170 5003 1205 5070 ἡ
1245 5001 1302 5054 δὲ
1346 5001 1625 5071 Βηθσαϊδὰ
1656 5009 1744 5057 καὶ
1782 5005 1815 5073 η

228 5088 540 5160 Χωραζεὶν,
591 5090 904 5181 Ἰουδαῖκαί.
925 5092 1088 5161 Λέγει
1113 5094 1312 5158 τοίνυν,
1345 5095 1426 5147 ὅτι
1470 5096 1560 5147 Ἐν
1597 5100 1662 5167 τῇ
1694 5097 1816 5166 κρί-

232 5200 314 5236 σει
345 5184 706 5255 ἀνεκτότερον
750 5183 906 5239 έσται
963 5189 1075 5250 τοῖς
1123 5189 1415 5259 Ἕλλησιν,
1458 5191 1490 5257 ἢ
1519 5191 1647 5257 ὑμῖν
1702 5195 1814 5254 τοῖς

233 5277 403 5331 ίδοῦσι
440 5276 719 5346 θαύματα,
757 5279 854 5332 καὶ
889 5279 964 5349 μὴ
1002 5280 1376 5334 πιστεύσασιν.
1437 5284 1668 5336 Ἐκεῖνοι
1703 5285 1813 5354 γὰρ

229 5370 276 5420 εί
305 5362 468 5430 εἶδον,
494 5367 820 5421 ἐπίστευσαν
850 5368 937 5424 ἄν.
977 5370 1137 5422 Ἀλλά
1179 5371 1271 5422 καὶ
1300 5371 1389 5434 σὺ,
1416 5371 1809 5441 Καπερναουμ,

229 5456 454 5527 ὑψώθης
492 5457 591 5525 μὲν
621 5457 727 5520 ἕως
757 5458 1014 5528 ούρανοῦ,
1052 5458 1390 5530 δοξαζομένη
1419 5461 1508 5514 διὰ
1547 5464 1615 5513 τὰ
1642 5464 1698 5514 ἐν
1729 5465 1812 5515 σοὶ

228 5546 484 5617 θαύματα
531 5549 710 5603 πολλὰ
759 5554 1060 5621 γεγονότα,
1098 5554 1551 5627 καταϐιϐασθήσῃ
1593 5554 1649 5606 δὲ
1708 5556 1809 5619 ἕως

233 5637 386 5709 ᾇὲου,
413 5642 940 5713 κατακριθησομένη
968 5644 1036 5696 δι’
1071 5644 1199 5696 αὐτὸ
1221 5645 1402 5705 τοῦτο,
1427 5645 1508 5696 ὅτι
1545 5646 1639 5698 καὶ
1671 5646 1811 5714 μετὰ

227 5731 460 5785 τοσαῦτα
500 5735 756 5803 θαύματα
812 5737 1080 5798 ἀπιστεῖς.
1125 5733 1258 5789 Εἶτα
1313 5738 1400 5789 ἴνα
1455 5738 1529 5808 μὴ
1579 5739 1810 5804 λέγωσιν

232 5827 274 5876 οξ
305 5827 650 5896 πεμπόμενοι
681 5829 774 5880 ἐπί
805 5829 865 5881 τὸ
909 5830 1194 5901 κήρυγμα,
1219 5832 1301 5883 ὅτι
1334 5831 1436 5884 ποῦ
1459 5831 1809 5892 ἀποστέλλεις

1927 583 2018 637 illo
2051 595 2240 654 regnat
2269 599 2334 639 ac
2369 584 2703 640 dominatur.

1996 849 2162 904 Vens.
2221 850 2379 905 5’12.
2417 869 2436 901 ι
2479 847 2538 904 lu
2580 864 2966 920 quamcunque
3009 861 3190 905 autem
3237 852 3515 910 civitatem

1923 939 2274 1001 lntravnritis.
2300 948 2352 993 et
2385 952 2488 993 non
2521 942 2860 1008 susceperint
2892 956 3006 1005 vos,
3032 951 3295 998 exeuntes
3321 946 3372 998 in
3403 945 3518 1015 pla-

1924 1042 2037 1086 tcas
2071 1030 2153 1084 eis
2185 1029 2395 1086 dicite:
2434 1030 2611 1084 Etiam
2654 1031 2928 1100 pulverem
2965 1034 3056 1103 qui
3093 1036 3321 1090 adlia‘sit
3360 1037 3517 1093 nobis

1924 1126 1989 1178 de
2026 1123 2251 1178 civitate
2292 1131 2471 1174 vestra
2495 1163 2510 1187 ,
2545 1124 2882 1190 exmrgimus
2921 1123 2973 1177 in
3010 1139 3150 1180 vos:
3191 1134 3368 1180 tamen
3413 1129 3517 1181 hoc

1925 1217 2118 1271 scitote
2166 1216 2310 1285 quod
2362 1213 2821 1283 appropinquavit
2870 1215 2922 1267 iu
2975 1231 3069 1270 vos
3122 1231 3344 1278 regnum
3395 1218 3512 1274 Dei.

1928 1311 2059 1365 Dico
2094 1311 2246 1362 vobis
2272 1309 2414 1379 quod
2451 1306 2703 1362 Sodomis
2747 1308 2800 1360 itt
2836 1309 2922 1360 die
2955 1307 3044 1361 illo
3088 1309 3370 1364 remissius
3410 1312 3517 1366 crit

1925 1401 2189 1471 quamilli
2223 1400 2453 1455 civitati.
2494 1419 2513 1451 ι
2551 1399 2815 1467 Quando,
2861 1399 3070 1468 inquit,
3111 1416 3215 1454 non
3254 1417 3515 1470 suscepe-

1927 1495 2035 1548 rinl
2069 1507 2186 1558 vos,
2216 1491 2423 1562 egressi
2457 1491 2729 1545 teslcntini
2762 1490 2846 1545 eis
2876 1491 3019 1560 quod
3056 1492 3191 1546 nihil
3223 1508 3518 1549 commune

1928 1585 2083 1641 nobis
2108 1585 2387 1640 vobiscum
2414 1621 2430 1648 ,
2462 1599 2638 1652 neque
2671 1584 2932 1639 habemus
2962 1583 3166 1654 aliquid
3199 1585 3266 1639 de
3293 1587 3516 1642 civitate

1927 1692 2107 1736 chtra
2140 1697 2154 1733 :
2187 1680 2284 1734 sed
2311 1680 2475 1734 etiam
2513 1678 2793 1746 pulverem
2824 1676 2915 1748 qui
2945 1678 3176 1733 adita-sit
3211 1680 3387 1743 nobis,
3419 1696 3516 1735 ex-

1928 1770 2210 1839 tergimus,
2243 1769 2344 1824 hoc
2385 1777 2470 1824 est
2511 1770 2838 1834 excutimus,
2875 1770 3102 1840 spongia
3131 1770 3513 1837 emundatnns,

1926 1863 2212 1932 abjicimtts
2243 1862 2296 1917 in
2329 1877 2446 1918 vos.
2483 1861 2871 1917 Verumtamen
2906 1863 3102 1918 scitote
3131 1863 3275 1934 quod
3316 1878 3516 1933 appro.

1925 1954 2205 2023 pinquavit
2246 1952 2302 2008 in
2325 1967 2425 2007 vos
2465 1967 2691 2022 regnum
2731 1951 2848 2010 Dei.
2892 1951 3004 2008 Hoc
3047 1955 3167 2009 loco
3203 1955 3518 2026 quaesiverit

1924 2046 2194 2115 quispiam
2221 2063 2234 2099 :
2264 2045 2551 2111 Quomodo
2591 2045 2727 2100 dicit
2759 2045 3022 2102 Dominus
3047 2047 3517 2118 appropinquasse

1926 2152 2148 2204 regnum
2174 2136 2267 2191 Dei
2291 2144 2345 2190 et
2374 2136 2460 2190 bis
2483 2137 2573 2206 qui
2602 2149 2961 2208 susceperunt
2987 2149 3040 2194 et
3069 2141 3159 2211 qui
3193 2156 3300 2195 non
3327 2156 3515 2197 susce-

1924 2238 2120 2299 perunt
2147 2229 2467 2298 apostolos?
2495 2231 2953 2300 Appropinquare
2975 2232 3108 2286 dicit
3143 2249 3369 2301 regnum
3396 2248 3509 2289 (οω-

1925 2322 2098 2376 lorutu
2128 2321 2211 2377 his
2239 2322 2330 2390 qui
2354 2325 2631 2392 apostolos
2659 2329 3227 2394 sttscepere,‘prnpter
3251 2324 3513 2380 bcnetlcia

1922 2428 2044 2484 quae
2075 2413 2128 2467 in
2161 2429 2257 2469 eos
2286 2413 2646 2480 collocantur,
2676 2416 2760 2470 bis
2789 2427 2970 2471 autem
3002 2418 3228 2486 quiuon
3252 2431 3515 2486 suscepe-

1924 2516 2069 2569 runt.
2103 2516 2325 2576 propter
2352 2507 2886 2563 condemnationem.
2917 2508 3084 2580 Finge
3116 2510 3167 2563 in
3199 2510 3516 2578 spectacqu

1924 2597 2158 2666 quodam
2191 2601 2391 2653 multos
2419 2599 2835 2659 condemnatos.
2871 2613 2924 2656 et
2950 2601 3086 2656 alios
3117 2616 3222 2656 non
3258 2603 3518 2656 condent-

1927 2704 2120 2746 natos:
2165 2691 2495 2760 Seuatores,
2536 2694 2788 2764 inquam,
2829 2710 2895 2750 ac
2939 2696 3215 2750 exercitus
3254 2701 3420 2751 duces
3459 2705 3516 2752 et

1924 2785 2216 2853 optimates
2246 2800 2258 2836 :
2285 2784 2480 2840 deinde
2511 2785 2696 2840 dicere
2734 2801 3041 2855 preconetn
3074 2787 3143 2842 ad
3169 2802 3366 2842 omnes
3402 2797 3509 2841 tam

1925 2877 2488 2946 condemnatosquam
2512 2879 2852 2932 venerabiles
2878 2897 2892 2933 :
2915 2878 3387 2950 Appropinquavit
3405 2881 3510 2935 ‘rex

1928 2977 2106 3024 vester
2132 2988 2146 3026 :
2181 2985 2362 3025 nonne
2393 2971 2478 3026 liis
2507 2971 2724 3041 quidem
2751 2971 2820 3026 ad
2847 2973 3196 3042 supplicium,
3227 2973 3350 3027 aliis
3383 2987 3515 3029 vero

1928 3063 1993 3114 ad
2036 3061 2265 3132 gloriam
2311 3072 2366 3118 et
2416 3063 2838 3118 beneﬁcentiam
2893 3067 3334 3135 appropinquare
3379 3065 3514 3120 dicit

1930 3168 2107 3221 regem
2135 3151 2158 3205 ?
2185 3153 2275 3206 Sic
2302 3153 2469 3223 igitur
2488 3163 2543 3207 et
2571 3157 2672 3208 ltoc
2695 3154 2815 3209 loco
2838 3155 3102 3225 intellige.
3152 3153 3514 3212 Tolerabilius

1926 3248 2031 3298 erit
2051 3243 2325 3309 Sodomis,
2354 3246 2546 3314 inquit,
2573 3261 2733 3314 quam
2760 3247 2966 3300 civitati
2997 3261 3116 3316 qua:
3141 3262 3238 3302 vos
3262 3263 3367 3302 non
3395 3264 3516 3303 sns-

1926 3339 2149 3404 ceperit.
2188 3337 2406 3402 Quare?
2449 3336 2525 3389 Eo
2565 3338 2708 3406 quod
2752 3338 2804 3391 in
2850 3339 3086 3392 Sodoma
3129 3341 3361 3408 apostoli
3405 3355 3514 3393 non

1925 3429 2148 3481 luerunt
2184 3429 2360 3482 missi.
2407 3429 2602 3496 Igitur,
2649 3431 2738 3497 qui
2783 3429 3057 3499 apostolos
3100 3445 3209 3485 non
3251 3445 3513 3500 suscepe-

1928 3529 2076 3584 runt,
2106 3516 2406 3574 deteriores
2439 3528 2567 3574 sunt
2601 3520 2922 3576 Sodontilis.
2958 3522 3201 3578 Observa
3231 3524 3512 3578 civitatem

1926 3627 2031 3665 non
2105 3611 2489 3680 suscipientem
2532 3616 2809 3681 apostolos
2862 3612 3071 3681 plateas
3112 3615 3332 3670 habere.
3380 3615 3511 3670 Lata

1923 3708 2068 3760 enim
2100 3707 2185 3759 via
2209 3717 2290 3760 est
2317 3722 2437 3774 qum
2464 3708 2610 3760 ducit
2639 3707 2705 3760 ad
2732 3707 3010 3761 interitum
3034 3730 3045 3762 :
3073 3722 3235 3777 quam
3263 3709 3514 3778 quisquis

1925 3799 2250 3866 ingreditur,
2282 3799 2372 3853 ille
2399 3799 2757 3869 apostolicum
2790 3810 2846 3855 et
2869 3801 3112 3855 divinum
3143 3801 3369 3857 verbum
3404 3818 3510 3856 non

1923 3907 2172 3962 suscipit.

1994 4163 2170 4227 Vtzns,
2216 4163 2404 4217 lS-iG.
2451 4181 2469 4215 t
2502 4162 2590 4216 Vae
2625 4162 2744 4225 tibi,
2774 4161 3065 4229 Cornzain,
3094 4179 3170 4217 vae
3193 4163 3311 4227 tibi,
3341 4163 3504 4217 Belit-

1921 4261 2070 4312 saida
2104 4278 2117 4312 :
2157 4261 2285 4328 quia
2325 4259 2369 4311 si
2431 4260 2482 4310 in
2537 4257 2682 4327 Tyro
2725 4266 2779 4310 et
2810 4257 3014 4313 Sidone
3092 4257 3250 4310 facta:
3279 4258 3508 4309 inissent

1925 4353 2151 4405 virtutes
2181 4365 2299 4418 quae
2331 4349 2487 4404 famae
2514 4359 2642 4403 sunt
2678 4351 2729 4402 in
2763 4351 2948 4414 vobis,
2989 4349 3117 4403 olim
3161 4350 3212 4402 itt
3244 4350 3421 4402 cilicio
3455 4358 3508 4402 t-t

1922 4444 2108 4497 cinere
2168 4446 2424 4498 sedentes
2481 4444 2882 4511 pmnitnissent.
2931 4443 3317 4496 1Verumtamen
3365 4440 3508 4510 Tyro

1378 4541 1526 4609 ὑμῖν.
1585 4541 1694 4594 Καὶ
1728 4543 1814 4609 σὺ,

1923 4548 1975 4592 ct
2011 4537 2197 4593 Sidoni
2239 4537 2521 4593 remissius
2549 4539 2654 4592 erit
2683 4539 2734 4590 in
2764 4537 3003 4607 judicio,
3036 4552 3198 4607 quam
3231 4537 3409 4591 vobis.
3445 4537 3508 4590 Et

1923 4642 1999 4697 tu,
2018 4627 2382 4698 Capernaum,
2410 4644 2528 4697 qua:
2557 4644 2724 4697 usque
2747 4631 2812 4683 ad
2842 4630 3039 4684 omium
3063 4630 3203 4684 elata
3228 4647 3306 4693 es,
3333 4645 3507 4698 usque

1921 4723 1986 4776 ad
2019 4722 2290 4776 infernum
2324 4723 2670 4792 deprimeris.
2703 4722 2804 4788 Qui
2841 4738 2940 4778 vos
2973 4723 3154 4788 audit,
3195 4738 3278 4776 me
3309 4725 3456 4776 audit
3488 4741 3502 4782 ;

1918 4825 1972 4870 et
2001 4817 2092 4886 qui
2123 4831 2217 4871 vos
2246 4817 2476 4887 spernit,
2508 4830 2592 4870 me
2624 4818 2856 4886 spernit.
2894 4817 2994 4880 Qui
3028 4828 3208 4871 autem
3239 4833 3323 4870 me
3353 4832 3508 4886 sper-

1919 4910 2032 4970 nit,
2076 4911 2281 4977 spernit
2323 4922 2446 4962 eum
2490 4909 2582 4976 qui
2622 4925 2708 4963 me
2743 4909 2908 4964 misit.
2954 4929 2972 4961 ι
3009 4907 3186 4980 Tyrus
3230 4922 3281 4965 et
3336 4909 3506 4966 Sidon

1919 4999 2170 5053 civitates
2223 5001 2442 5055 fuerunt
2495 5002 2816 5070 gentilium,
2866 5001 3155 5056 Betbsutda
3210 5013 3390 5056 autem
3452 5015 3507 5058 et

1916 5090 2184 5146 Cnrozaiu
2209 5091 2474 5148 Iudaicae.
2514 5094 2650 5148 Dicit
2687 5095 2849 5164 igitur
2874 5097 3018 5164 quod
3053 5097 3103 5148 in
3135 5096 3338 5163 judicio
3369 5097 3508 5152 tole-

1920 5185 2143 5239 rabilius
2175 5187 2278 5238 crit
2307 5187 2597 5256 gentilibus
2636 5203 2796 5255 quam
2834 5189 3010 5252 vobis,
3043 5190 3134 5256 qui
3166 5191 3377 5244 vidistis
3409 5194 3512 5244 mi-

1921 5275 2138 5337 racula,
2181 5286 2236 5328 et
2275 5291 2378 5329 non
2427 5278 2756 5330 credidistis.
2810 5278 2884 5330 Illi
2933 5281 3077 5333 enim
3124 5280 3168 5334 si
3223 5283 3503 5344 vidissent,

1917 5367 2272 5421 credidissent
2295 5371 2499 5437 utique.
2526 5367 2630 5421 Sed
2655 5368 2886 5440 et3h5
2904 5381 2977 5432 ιιι,
3003 5370 3368 5438 Capernaum,
3389 5390 3504 5434 quac

1915 5461 2152 5514 cxaltata
2198 5462 2416 5528 quidem
2467 5462 2612 5515 fuisti
2647 5477 2818 5530 usilue
2856 5465 2920 5516 ad
2955 5466 3176 5528 ccelum,
3207 5477 3258 5519 et
3295 5467 3506 5535 gloriﬁ-

1915 5563 2033 5605 cata
2072 5555 2277 5616 multis,
2307 5569 2426 5621 qua!
2460 5557 2509 5607 in
2547 5563 2596 5607 te
2625 5554 2768 5608 facta
2796 5567 2942 5621 sunt,
2991 5559 3287 5622 miraculis,
3322 5559 3504 5612 detra-

1916 5645 2062 5698 ltet'is
2111 5662 2278 5699 usuue
2328 5649 2394 5701 ad
2453 5647 2762 5714 infernum,
2816 5652 3229 5704 condemnanda
3285 5664 3506 5721 protttt-r

1916 5737 2044 5789 ἰπιικ
2094 5738 2300 5806 ipsum,
2334 5741 2551 5808 quodet
2582 5752 2702 5807 post
2743 5751 2888 5794 tanta
2933 5743 3193 5796 miracula
3225 5742 3502 5798 inrtcnula

1917 5844 2122 5882 inanes.
2173 5828 2373 5884 Deinde
2402 5841 2460 5884 nt
2495 5849 2558 5886 ne
2595 5833 2778 5888 dicunt
2816 5833 2907 5900 qui
2946 5834 3236 5888 mittuntur
3275 5837 3338 5886 ad
3371 5849 3505 5903 prm-
