4110 6332
638 371 746 433 830

1554 353 2127 419 THEOPHYLAC’I‘I
2166 349 2264 411 BU
2276 349 2574 410 LGARIE
2604 347 2958 408 ARCHIEP.

3783 336 3886 401 8M

639 480 981 542 dicationem,
1017 476 1136 541 Quo
1162 474 1329 529 mittis
1354 487 1474 538 nos,
1498 472 1542 526 si
1572 473 1815 526 civitates
1838 468 2077 537 quadam
2106 480 2213 519 non

2321 464 2482 533 ἡμᾶς,
2524 463 2681 532 εἰμὴ
2730 464 3016 531 μέλλουσιν
3072 461 3218 529 ἡμᾶς
3263 457 3445 518 πόλεις
3498 456 3645 519 τινὲς
3698 454 3887 507 ὑποὶἑ-

640 582 766 625 sunt
795 584 889 622 nos
919 564 1284 635 susceptum?
1314 564 1483 619 dicit:
1523 561 1597 616 Ne
1639 562 1758 615 sitis
1794 562 1975 613 animo
2022 557 2201 611 tristi:

642 661 729 728 qui
763 658 968 727 spernit
1005 670 1120 715 vos,
1155 670 1238 709 me
1278 655 1510 722 spernit,
1555 664 1607 705 et
1650 649 1863 703 Patrem
1904 664 2078 701 meum
2108 663 2120 698 :
2155 654 2206 700 et

645 751 715 804 ita
764 748 959 814 injuria
1012 763 1118 801 non
1166 756 1342 799 vestra
1394 753 1496 807 est,
1541 742 1630 797 sed
1684 742 1734 794 itt
1792 740 1954 793 Deum
1992 738 2202 791 transit.

642 842 949 896 Consolatio
974 841 1133 910 igitur
1152 840 1220 892 sit
1248 838 1417 900 vobis,
1445 836 1582 902 quod
1611 836 1723 886 hac
1760 832 1848 884 Dei
1875 831 1945 883 sit
1974 828 2196 897 injuria.

644 938 797 990 Sicut
843 942 1068 995 contra,
1115 946 1180 984 ne
1226 927 1563 997 glorietnlni,
1615 924 1694 978 vel
1745 924 1916 989 sapite
1958 920 2205 983 sublime,

643 1026 785 1095 quod
814 1026 1026 1093 quidam
1074 1035 1167 1074 vos
1218 1019 1458 1070 audiant.
1506 1014 1619 1068 Non
1663 1012 1806 1065 enim
1847 1019 2079 1063 vestrum
2125 1016 2207 1059 est

644 1133 799 1188 opus,
830 1116 920 1169 sed
955 1116 1231 1181 nteumget
1263 1109 1471 1177 gratiae.

715 1291 879 1346 Vens.
942 1289 1125 1345 173.0.
1162 1307 1179 1339 ‹
1222 1286 1441 1341 Reversi
1484 1294 1661 1337 autem
1702 1290 1828 1336 sunt
1870 1277 2207 1348 septuaginta

648 1402 767 1439 cum
818 1383 1045 1451 gaudio,
1099 1382 1383 1434 dicentes:
1434 1371 1691 1435 Domine,
1735 1373 1895 1425 etiam
1948 1370 2207 1422 daemonia

648 1475 1012 1541 subjiciuntur
1041 1471 1192 1524 nobis
1220 1484 1311 1539 per
1340 1481 1532 1521 nomen
1568 1473 1738 1518 tnttm.
1764 1463 1850 1514 Ait
1874 1472 2049 1514 autem
2082 1460 2207 1513 illis:

657 1563 919 1618 Videbam
954 1563 1207 1617 Satanam
1235 1563 1375 1616 sicut
1413 1561 1586 1627 fulgur
1622 1558 1689 1610 de
1725 1556 1863 1609 caelo
1905 1559 2207 1609 cadentem.

652 1656 787 1709 Et-r'e
817 1657 882 1707 do
914 1654 1063 1708 vobis
1098 1663 1416 1721 potestatem
1459 1650 1701 1704 calcandi
1733 1662 1892 1713 super
1935 1654 2212 1713 serpentes

650 1759 704 1799 et
743 1748 1094 1812 scorpiones,
1140 1754 1195 1797 et
1241 1758 1401 1809 super
1428 1756 1636 1795 onmem
1691 1739 1940 1791 virtutem
1986 1737 2208 1796 inimici,

2314 554 2542 624 χεσθαι;
2597 554 2729 620 φησι
2753 569 2764 581 ·
2799 552 2891 622 Μὴ
2926 553 3177 605 λυπεῖσθε
3215 567 3228 582 ο
3265 552 3291 602 ό
3336 548 3544 601 ἀθετῶν
3596 547 3764 616 ὑμᾶς,
3794 548 3888 613 ἐμὲ

2310 646 2492 697 ἀθετεῖ
2527 645 2621 696 καὶ
2655 645 2744 695 τὸν
2783 646 3003 711 Πατέρα
3071 660 3193 711 μου,
3228 641 3366 693 ὥστε
3400 641 3433 709 ὴ
3484 639 3640 704 ὕϐρις
3676 640 3886 701 aenei;

2310 736 2452 803 ὑμᾶς
2485 735 2716 796 ἵσταται,
2744 734 2857 787 ἀλλ’
2896 736 2973 794 εἰς
3039 734 3168 783 Θεὸν
3194 733 3504 799 ἀνατρέχει.
3541 728 3881 799 Παραμυθία

2309 825 2492 877 τοίνυν
2520 825 2662 876 ἔστω
2694 824 2948 893 ὑμῖν,τὸν
2970 822 3101 873 Θεὸν
3132 822 3449 891 ὑϐρίζεσθαι
3471 838 3484 853 ο
3518 821 3709 888 ὥσπερ
3729 820 3887 873 πάλιν

2314 917 2389 987 μὴ
2420 917 2717 984 καυχᾶσθε.
2765 917 2831 966 Ἣ
2858 914 3302 983 ὑψηλοφρονεῐτε,
3337 914 3417 964 ὅτι
3454 911 3715 964 ἁκούουσί
3744 928 3888 973 τινες

2312 992 2486 1077 ὑμῶν.
2530 1010 2604 1059 οο
2648 1010 2755 1077 γὰρ
2794 1008 3059 1076 ὑμέτερον
3110 1006 3171 1057 τὸ
3204 1005 3383 1073 ἔργον,
3438 1005 3552 1057 ἀλλ’
3604 1004 3739 1075 ἐμοῦ
3796 1006 3889 1057 καὶ

2310 1100 2407 1168 τῆς
2447 1100 2691 1171 χάριτος.

2391 1294 2408 1325 ι
2468 1274 2852 1346 Ὑπέστρεψαν
2881 1277 2935 1329 δὲ
2992 1277 3042 1329 οἱ
3093 1278 3465 1347 ἐϐδομήκοντα
3518 1279 3656 1345 μετὰ
3691 1278 3887 1347 χαρᾶς,

2313 1367 2565 1432 λέγοντες
2592 1384 2604 1397 ·
2640 1368 2831 1435 Κύριε,
2863 1370 2954 1423 καὶ
2985 1371 3052 1422 τὰ
3084 1370 3334 1440 δαιμόνια
3371 1371 3735 1422 ὑποτάσσεται
3757 1372 3889 1439 ἡμῖν

2314 1461 2372 1511 ἐν
2398 1460 2474 1529 τῷ
2529 1463 2753 1529 ὀνόματί
2802 1480 2913 1515 σου.
2957 1461 3091 1515 Eine
3112 1465 3164 1516 δὲ
3197 1466 3378 1526 αὑτοῖς
3401 1478 3414 1490 ’
3462 1463 3762 1533 Ἐ0-ώρουν
3794 1464 3889 1516 τον

2315 1552 2557 1605 Σατανᾶν
2590 1553 2665 1616 ὡς
2688 1554 2974 1626 ἀστραπὴν
2998 1556 3060 1607 ἐκ
3084 1556 3177 1608 τοῦ
3210 1557 3441 1625 οὐρανοῦ
3467 1558 3720 1608 πεσόντα.
3755 1554 3888 1608 Ἰδοὺ

2313 1644 2506 1714 δίδωμι
2553 1645 2680 1713 ὑμῖν
2714 1647 2814 1715 τὴν
2846 1647 3095 1710 ἐξουσίαν
3125 1647 3220 1700 τοῦ
3253 1650 3445 1700 πατεῖν
3482 1649 3667 1702 ἐπάνω
3710 1648 3891 1714 ὄφεων

2316 1738 2409 1789 καὶ
2430 1738 2727 1807 σκορπίων,
2756 1740 2850 1790 καὶ
2872 1740 2963 1791 ἐπὶ
2984 1742 3165 1791 πᾶσαν
3185 1739 3280 1810 τὴν
3301 1740 3530 1810 δύναμιν
3549 1739 3643 1792 τοῦ
3669 1738 3891 1809 ἐχθροῦ,

650 1845 699 1889 et
741 1810 879 1889 nihil
920 1834 1069 1887 vobis
1105 1832 1341 1886 nocebit.
1388 1830 1765 1884 Verumtamen
1809 1828 1860 1880 in
1906 1828 2005 1879 hoc
2052 1826 2214 1879 nolite

2321 1830 2411 1883 καὶ
2444 1831 2597 1883 οὐδὲν
2629 1833 2772 1901 ὑμᾶς
2800 1833 2861 1885 οὑ
2900 1833 2973 1902 μὴ
3030 1834 3287 1904 ἀδικήσῃ.
3324 1834 3466 1904 Πλὴν
3514 1835 3571 1886 ὲν
3599 1832 3773 1904 τυὰτῳ
3812 1834 3891 1903 μὴ

650 1926 884 1997 gaudere
912 1924 1054 1993 quod
1089 1926 1315 1993 spiritus
1349 1921 1500 1976 vobis
1534 1921 1925 1990 subjiciuntur,
1959 1920 2049 1973 sed
2084 1933 2214 1986 gau-

651 2024 773 2069 dete
824 2016 1001 2084 potius
1049 2015 1196 2083 quod
1250 2014 1463 2066 nomina
1522 2023 1698 2065 vestra
1750 2012 1946 2077 scripta
1994 2019 2116 2062 sunt
2160 2008 2213 2061 in

651 2107 827 2161 (aulis.
868 2126 886 2157 ι
924 2104 1083 2159 Prius
1114 2106 1246 2158 dixit
1276 2107 1415 2173 quod
1448 2103 1656 2156 miserit
1689 2101 2045 2169 septuaginta,
2076 2115 2215 2154 nunc

650 2214 827 2255 autem
868 2200 1002 2254 dicit
1044 2199 1187 2266 quod
1234 2197 1435 2251 reversi
1478 2196 1585 2248 sint
1620 2196 1911 2264 gaudentes
1940 2197 2076 2261 quod
2110 2209 2215 2245 non

651 2294 820 2347 solum
851 2292 990 2345 alios
1021 2290 1234 2344 morbos
1267 2287 1535 2357 fugarint,
1568 2288 1662 2341 sed
1683 2328 1696 2351 ,
1731 2289 1871 2354 quod
1902 2286 2073 2353 majus
2101 2302 2217 2338 ina-

655 2385 764 2436 lunt
802 2394 947 2448 erat,
1001 2380 1287 2450 eﬂ'ugarint
1336 2380 1494 2434 etiam
1535 2378 1821 2431 daemones.
1874 2377 2001 2430 Vide
2038 2385 2214 2454 autem

651 2473 919 2542 quomodo
964 2487 1069 2526 non
1124 2471 1464 2537 superbiuut.
1520 2469 1716 2524 Dicunt
1769 2469 1910 2521 enim
1970 2468 2113 2538 quod
2161 2467 2213 2520 in

653 2563 869 2617 notuine
906 2573 995 2616 tuo
1035 2557 1399 2629 subjiciuntur
1440 2562 1594 2613 nobis
1637 2558 1932 2618 daemonia,
1976 2569 2063 2609 tua
2094 2573 2216 2625 gra-

656 2659 749 2722 tia,
792 2669 894 2710 non
924 2664 1107 2709 nostra
1139 2654 1361 2707 virtute.
1399 2652 1534 2705 Dicit
1570 2663 1746 2705 autem
1784 2649 1887 2703 illis
1925 2649 2212 2702 Dominus:

656 2750 733 2802 I\'e
762 2747 1027 2801 miremini
1064 2748 1108 2799 si
1142 2746 1415 2798 daemones
1456 2744 1607 2797 vobis
1647 2742 2021 2810 subjiciuntur.
2063 2741 2217 2793 l‘riu-

656 2845 783 2907 ceps'
812 2839 953 2891 enim
986 2832 1222 2906 ipsorum
1257 2836 1384 2888 olim
1414 2834 1481 2887 de
1513 2835 1649 2887 coelo
1686 2834 1905 2899 decidit,
1932 2843 1985 2885 et
2016 2832 2216 2885 nullant

658 2928 1023 2981 fortitudinem
1073 2930 1253 2981 habet.
1306 2924 1451 2976 Nam.
1496 2925 1618 2978 licet
1672 2927 1771 2979 hoc
1817 2925 2062 2978 homines
2112 2940 2215 2977 non

653 3020 918 3081 viderint,
967 3032 1067 3086 ego
1133 3028 1308 3071 tamen
1361 3015 1704 3070 invisibilium
1771 3026 2038 3085 spectator
2087 3016 2215 3069 vidi.

657 3111 866 3165 Decidit
903 3123 1079 3164 autem
1126 3110 1269 3164 sicut
1316 3109 1492 3179 fulgur
1516 3147 1531 3173 ,
1569 3108 1690 3177 quia
1732 3108 1821 3161 lux
1862 3116 2008 3171 erat,
2039 3117 2093 3161 et
2123 3123 2213 3161 ar-

657 3207 951 3272 changefus
984 3212 1039 3257 et
1068 3202 1277 3267 lucifer,
1309 3202 1518 3256 etiamsi
1547 3201 1598 3254 in
1632 3203 1881 3254 tenebras
1913 3215 2103 3255 versus
2129 3201 2216 3254 sit.

663 3298 720 3349 Si
759 3296 918 3363 igitur
944 3295 1010 3349 de
1042 3294 1179 3349 coelo
1220 3294 1310 3349 ille
1337 3294 1559 3359 decidit,
1596 3294 1738 3347 servi
1778 3292 1923 3362 ejus,
1958 3293 2218 3346 daemonia

660 3389 799 3449 dico,
831 3385 957 3454 quid
985 3401 1086 3438 non
1120 3385 1427 3454 patientur?
1454 3385 1681 3451 Quidam
1716 3392 1891 3439 autem
1920 3384 1999 3439 sic
2027 3386 2221 3439 intelli-

661 3487 814 3547 gunt,
838 3476 901 3530 de
921 3476 1079 3541 caelo,
1107 3477 1205 3529 hoc
1235 3486 1335 3540 est,
1360 3476 1425 3529 de
1447 3476 1635 3545 gloria.
1660 3474 1791 3528 Nam
1820 3476 1942 3544 quia
1974 3476 2221 3530 dixerant

658 3568 709 3622 ei
729 3569 1067 3638 septuaginta
1094 3571 1239 3636 quod
1268 3567 1523 3621 daemonia
1548 3566 1645 3621 sibi
1674 3568 2045 3637 subjiciantur,
2070 3568 2215 3620 dicit:

664 3656 777 3714 Hoc
800 3668 851 3712 et
871 3674 967 3728 ego
986 3659 1243 3713 sciebant.
1269 3658 1521 3712 Videbam
1544 3659 1681 3711 enim
1704 3660 1955 3711 Satanam
1973 3658 2036 3711 de
2059 3659 2216 3723 coelo,

664 3750 719 3806 id
748 3760 858 3813 est,
894 3751 958 3802 de
994 3748 1163 3818 gloria
1197 3762 1291 3802 sua
1299 3786 1323 3822 ι,
1356 3759 1409 3802 et
1435 3748 1501 3803 de
1537 3749 1740 3803 honore
1773 3764 1931 3817 quem
1968 3750 2218 3812 habebat,

663 3844 964 3897 cadentem.
1002 3842 1140 3895 Ante
1167 3840 1437 3894 Christum
1474 3841 1615 3893 enim
1654 3849 1710 3893 ut
1748 3841 1885 3894 Dens
1921 3841 2219 3906 colebatur,

662 3950 802 3987 ntme
832 3944 1008 3987 autem
1038 3932 1105 3986 de
1136 3933 1273 3987 creto
1303 3933 1522 3998 decidit,
1562 3934 1662 3987 hoc
1696 3944 1794 3995 est.
1823 3935 1886 3988 de
1915 3935 2078 4003 gloria
2100 3951 2217 3999 sua,

662 4040 731 4078 ne
767 4025 973 4078 colatur
999 4035 1055 4077 ut
1094 4025 1264 4089 Dens,
1300 4040 1473 4093 neque
1516 4025 1776 4080 habeatur
1812 4028 2034 4094 perinde
2074 4042 2137 4079 ac
2176 4029 2221 4081 si

662 4118 714 4170 in
746 4116 883 4172 cmlo
927 4117 1151 4170 habitet.
1202 4115 1339 4171 Ecce
1384 4117 1545 4187 igitur
1595 4118 1661 4171 do
1706 4117 1854 4172 vobis
1901 4129 2220 4187 potestatem

661 4211 1011 4266 conculcandi
1048 4212 1301 4265 virtutem
1338 4211 1571 4266 illorum.
1601 4209 1887 4280 Serpentes
1918 4223 1971 4266 et
2025 4211 2220 4280 scorpii

663 4304 959 4357 themonum
1003 4314 1126 4356 Sunt
1164 4311 1394 4357 caterva:
1418 4344 1431 4367 ,
1464 4319 1582 4371 qua}
1618 4306 1865 4358 deorsum
1916 4305 2218 4358 trahuntur.

662 4391 730 4445 Et
770 4394 860 4461 qui
913 4392 1194 4448 manifeste
1246 4394 1573 4461 percutiunt,
1620 4406 1915 4462 serpentes,
1959 4397 2050 4465 qui
2097 4412 2221 4450 vero

2317 1923 2557 1992 χαίρετε,
2585 1924 2664 1975 ὅτι
2697 1925 2763 1976 τὰ
2790 1924 3070 1991 πνεύματα
3092 1926 3219 1991 ὑμῖν
3246 1927 3629 1981 ὑποτάσσεται.
3653 1925 3907 1996 Χαίρετε

2315 2012 2606 2082 δὲμᾶλλον
2660 2016 2740 2067 ὅτι
2793 2016 2861 2069 τὰ
2894 2016 3137 2084 ὀνόματα
3198 2017 3350 2083 ὑμῶν
3403 2018 3619 2087 ἐγράφη
3673 2019 3730 2068 ὲν
3776 2020 3894 2077 τοῖς

2316 2108 2592 2175 οὐρανοῖς.
2650 2126 2666 2157 ι
2735 2109 3001 2177 Προεῖπεν
3052 2112 3132 2163 ὅτι
3190 2111 3475 2164 ἀπέστειλε
3508 2111 3629 2171 τοὺς
3666 2109 3898 2177 ἐϐδομή-

2318 2214 2500 2250 κοντα.
2536 2200 2651 2251 Νῦν
2676 2198 2772 2251 οὖν
2790 2200 2937 2267 λέγει
2970 2202 3050 2252 ὅτι
3090 2202 3435 2269 ὑπέστρεψαν
3468 2201 3775 2271 χαίροντες,
3807 2197 3893 2253 ἱ,τί

2317 2289 2376 2340 οὑ
2408 2289 2569 2357 μόνον
2598 2291 2895 2359 vimina;
2928 2294 3117 2356 νόσους
3153 2293 3400 2358 ἐδίωκον,
3435 2294 3552 2347 ἀλλ’
3584 2295 3665 2347 ὅτι
3697 2295 3791 2347 καὶ
3827 2294 3894 2348 τὸ

2321 2381 2502 2449 μεῖζον
2524 2383 2709 2447 κακον,
2743 2384 2867 2446 τοὺς
2889 2384 3145 2453 δαίμονας
3178 2386 3489 2454 ἐξήλαυνον.
3525 2387 3663 2456 Ὅρα
3694 2387 3751 2439 δὲ
3775 2387 3897 2449 πῶς

2316 2474 2414 2542 οὑχ
2444 2472 2899 2543 ὑψηλοφρονοὼι.
2949 2478 3085 2529 Φασὶ
3129 2477 3258 2546 γὰρ,
3285 2478 3371 2529 ὅτι
3415 2476 3504 2529 Ἐν
3529 2477 3607 2548 τῷ
3663 2476 3893 2546 ὀνόματί

2318 2582 2412 2618 σου
2469 2568 2871 2620 ὑποτάσσονται
2931 2570 3059 2636 ἡμῖν
3111 2570 3161 2620 οἱ
3202 2568 3474 2637 δαίμονες.
3545 2570 3635 2621 Ἐν
3689 2571 3755 2637 τῇ
3820 2572 3891 2637 σῇ

2317 2660 2521 2728 χάριτι,
2544 2660 2602 2711 οὑ
2629 2662 2692 2729 τῇ
2716 2660 2959 2729 ἡμετέρᾳ
2988 2660 3149 2728 ἰσχύϊ.
3170 2656 3303 2712 Εἷπε
3330 2660 3385 2713 δὲ
3404 2661 3582 2723 αὐτοῖς
3610 2662 3636 2711 ὁ
3656 2662 3854 2729 Κύριος
3876 2678 3891 2691 ⁸

2317 2752 2410 2820 Μὴ
2446 2752 2776 2819 θαυμάζετε,
2830 2756 2877 2804 εί
2934 2752 3186 2821 δαίμονες
3218 2754 3345 2820 ὑμῖν
3375 2753 3769 2805 ὑποτάσσονται
3794 2769 3807 2781 ·
3862 2756 3898 2805 ὁ

2321 2842 2428 2906 γὰρ
2464 2842 2647 2909 ἄρχων
2691 2841 2889 2903 αὑτῶν,
2927 2841 3089 2895 πάλαι
3144 2844 3446 2895 κατέπεσεν
3479 2842 3572 2895 ἀπ’
3629 2843 3887 2910 οὐρανοῦ.

2324 2933 2434 2984 Καὶ
2464 2933 2717 3000 οὐδεμίαν
2749 2935 2901 3003 ίσχὺν
2931 2934 3064 3002 ἔχει.
3098 2935 3157 2985 Ei
3189 2936 3295 3004 γὰρ
3321 2936 3413 2987 καὶ
3441 2937 3549 2996 τοῖς
3578 2934 3893 3002 ἀνθρώποις

2320 3027 2419 3094 οὑχ
2446 3025 2655 3095 ἑωρᾶτο
2686 3026 2865 3090 τοῦτο,
2913 3027 3026 3080 ἀλλ’
3057 3022 3149 3079 οὖν
3179 3027 3303 3097 ἐμοὶ
3335 3028 3620 3097 ἐθεωρεῖτο
3655 3027 3735 3097 τῷ
3782 3027 3897 3079 τῶν

2321 3112 2570 3183 ἀοράτων
2609 3113 2821 3188 θεωρῷ.
2888 3119 2974 3181 Ὠς
3008 3120 3264 3191 ἀστραπὴ
3307 3119 3363 3172 δὲ
3407 3120 3731 3183 κατέπεσεν,
3768 3119 3895 3171 ἐπεὶ

2323 3209 2436 3274 φῶς
2465 3204 2559 3278 ἦν,
2582 3211 2675 3263 καὶ
2710 3210 3071 3279 ἀρχάγγελος,
3104 3212 3199 3263 καὶ
3221 3212 3519 3280 ἑωσφόρος,
3546 3213 3593 3263 εί
3634 3212 3729 3265 καὶ
3766 3212 3893 3263 σκόε

2321 3317 2411 3363 τος
2440 3304 2683 3369 γέγονεν.
2717 3302 2777 3354 El
2805 3304 2983 3355 τοίνυν
3013 3296 3167 3365 οὗτος
3200 3302 3504 3354 κατέπεσεν
3526 3303 3618 3355 ἀπ’
3636 3301 3891 3370 οὐρανοῦ,

2323 3392 2373 3442 οἱ
2402 3391 2581 3444 δοῦλοι
2612 3392 2797 3458 αὑτοῦ,
2826 3394 2891 3446 τὰ
2921 3393 3171 3463 δαιμόνια
3196 3394 3359 3462 λέγω,
3390 3394 3443 3445 τί
3472 3395 3533 3446 οὑ
3562 3395 3845 3447 πείσονται
3871 3410 3888 3457 ;

2324 3485 2480 3548 Τινὲς
2506 3485 2561 3537 δὲ
2606 3486 2689 3549 τὸ,
2732 3486 2824 3538 ἀπ’
2858 3487 3287 3558 οὺρανοῦ,οὑτω
3335 3487 3546 3553 νοοῦσι,
3590 3487 3891 3549 τουτέστιν,

2323 3579 2431 3631 ἀπὸ
2464 3580 2642 3650 δόξης.
2683 3582 2835 3635 Ἐπεὶ
2880 3582 2987 3649 γὰρ
3034 3578 3184 3635 εἷπον
3215 3582 3363 3650 αὑτῷ
3408 3582 3457 3635 οἱ
3501 3581 3894 3650 ἑϐδομήκοντα,

2321 3674 2402 3725 ὅτι
2432 3673 2500 3725 τὰ
2544 3672 2794 3740 δαιμόνια
2831 3674 3215 3739 ὑποτάσσεται,
3255 3675 3441 3745 φησὶν,
3475 3675 3577 3738 ὅτι,
3619 3674 3729 3725 Καὶ
3781 3672 3894 3739 ἐγὼ

2320 3765 2479 3816 τοῦτο
2515 3765 2829 3832 ἐγίνωσκον.
2902 3766 3170 3818 ’Έόλεπον
3232 3766 3340 3837 γὰρ
3395 3767 3485 3819 τὸν
3534 3768 3781 3821 Σατανᾶν
3840 3768 3899 3833 ἐξ

2324 3856 2591 3924 οὐρανῶν,
2617 3857 2915 3922 τουτέστιν,
2948 3856 3057 3909 ἀπὸ
3090 3857 3185 3925 τῆς
3218 3855 3377 3926 δόξης
3406 3853 3473 3928 ἧς
3503 3852 3639 3927 εἶχε,
3674 3860 3767 3911 καὶ
3798 3860 3899 3926 τῆς

2326 3946 2491 4015 τιμῆς
2529 3946 2785 4001 πεσόντα.
2821 3948 2931 4014 Πρὸ
2970 3948 3075 4020 γὰρ
3109 3949 3345 4017 Χριστοῦ
3383 3950 3458 4012 ὡς
3488 3950 3618 4012 Θεὸς
3649 3952 3896 4020 ἐτιμᾶτο.

2324 4038 2439 4090 Νῦν
2466 4039 2523 4090 δὲ
2552 4038 2778 4104 ἐξέπεσε
2806 4038 2898 4091 τοῦ
2921 4040 3171 4109 οὐρανοῦ,
3202 4042 3472 4105 τουτέστι,
3506 4042 3601 4095 τοῦ
3631 4045 3900 4113 τιμᾶσθαι

2323 4131 2398 4193 ὡς
2446 4130 2597 4191 Θεὸς,
2632 4133 2725 4184 καὶ
2758 4132 3072 4200 νομίζεσθαι
3109 4136 3190 4186 ὅτι
3242 4136 3298 4187 ὲν
3348 4134 3423 4203 τῷ
3463 4136 3678 4204 οὐρανῷ
3724 4138 3897 4189 ἐστιν,

2337 4221 2467 4273 Ἰδοὺ
2510 4217 2601 4274 οὖν
2634 4222 2823 4290 δίδωμι
2855 4223 2982 4291 ὑμῖν
3017 4207 3268 4289 ἐξουσίαν
3311 4228 3646 4278 καταπατεῖν
3671 4226 3772 4289 τὰς
3804 4227 3899 4278 δυ-

2324 4311 2517 4379 νάμεις
2568 4312 2756 4366 αὑτοῦ.
2823 4316 3016 4382 Ὀφεις
3067 4314 3177 4382 γὰρ
3230 4318 3326 4369 καὶ
3374 4317 3627 4387 σκορπίοι
3685 4320 3740 4371 αἱ
3790 4321 3899 4369 τῶν

2324 4403 2595 4472 δαιμόνων
2625 4405 2897 4473 φάλαγγες
2945 4408 3096 4459 κάτω
3122 4408 3418 4477 συρόμεναι
3456 4425 3470 4437 ’
3522 4409 3613 4461 καὶ
3646 4410 3760 4462 ὅσοι
3800 4412 3900 4479 μὲν

660 4486 920 4539 occultius
943 4528 966 4553 ,
1004 4487 1229 4554 scorpii,
1267 4498 1321 4540 ut
1355 4487 1558 4540 da‘mou
1594 4488 1832 4545 libidinis
1866 4498 1918 4543 et
1949 4491 2109 4543 caedis
2145 4499 2214 4542 est

2330 4497 2736 4565 ἐμφανέστερον
2790 4495 3327 4566 πλήττουσιν,οὑτοι
3392 4501 3564 4569 ὄφεις.
3623 4502 3783 4554 Ὀσοι
3844 4503 3901 4556 δὲ

661 4592 928 4646 serpens:
972 4579 1023 4629 in
1065 4576 1422 4630 mauifcstaria
1463 4581 1604 4632 enim
1651 4579 1783 4630 tnala
1826 4581 2137 4649 compellit:
2169 4596 2199 4634 a

662 4671 751 4740 qui
796 4682 1017 4738 propter
1059 4670 1273 4725 morbos
1317 4672 1605 4737 persuadet
1654 4671 1922 4725 hominem
1968 4675 2218 4737 lavacris,

664 4762 983 4829 unguentis,
1045 4770 1097 4813 ct
1151 4761 1269 4814 aliis
1322 4762 1754 4817 effeminantihus
1807 4767 1919 4829 uti,
1978 4768 2220 4834 scorpius

662 4862 900 4916 vocatur,
935 4870 1034 4906 non
1070 4852 1406 4907 manifestum
1438 4857 1637 4911 habens
1664 4858 1932 4922 aculeum,
1962 4861 2052 4912 sed
2083 4864 2218 4915 cfatn

661 4957 878 4996 carnem
913 4943 1207 5007 offendens,
1239 4956 1295 4998 ttt
1319 4950 1651 5003 obedientem
1686 4950 1737 5003 in
1776 4966 2026 5021 magnum
2058 4953 2221 5025 346

661 5048 845 5085 casum
878 5034 1102 5103 injiciat.
1129 5033 1306 5087 Gratia
1345 5048 1519 5090 autem
1555 5040 1795 5102 Domino,
1830 5043 1917 5109 qui
1952 5044 2094 5095 dedit
2124 5060 2219 5111 pe-

665 5133 908 5177 testatem
949 5126 1191 5181 calcaudi
1229 5143 1388 5195 super
1427 5129 1563 5184 illos.
1601 5130 1861 5185 Caeterum
1898 5134 2095 5189 docens
2128 5150 2220 5189 eos

663 5230 731 5268 ne
761 5218 1087 5283 superbiant,
1121 5220 1288 5273 dicit:
1327 5220 1700 5277 Verumtamen
1735 5225 1783 5278 in
1818 5226 1917 5280 hoc
1954 5244 2055 5281 non
2089 5244 2219 5295 gau-

663 5306 784 5360 dete
822 5309 958 5376 quod
990 5311 1245 5365 daemonia
1293 5315 1443 5366 vobis
1477 5315 1837 5382 subjiciuntur
1870 5334 1883 5373 :
1931 5319 2018 5371 alii
2074 5321 2217 5373 enim

663 5405 789 5448 sunt
814 5398 901 5463 qui
935 5411 997 5449 ex
1039 5399 1136 5451 hoc
1167 5401 1422 5455 beneficia
1460 5405 1693 5471 capiunt,
1732 5424 1919 5476 nempe
1950 5411 2039 5478 qui
2077 5412 2220 5465 sani-

663 5495 824 5538 tatem
854 5503 1291 5559 consrquuutur:
1325 5496 1415 5547 sed
1448 5498 1614 5565 magis
1648 5501 1784 5565 quod
1806 5504 2016 5555 nomina
2044 5518 2215 5556 vesua

660 5578 861 5645 scripta
894 5592 1015 5633 sunt
1050 5584 1099 5633 in
1130 5585 1299 5647 curlis,
1355 5604 1456 5639 non
1494 5600 1814 5655 atramento,
1842 5597 1933 5647 sed
1965 5599 2221 5650 mcmoria‘

665 5666 756 5720 Dei
786 5682 836 5721 et
877 5674 1068 5739 gratia.
1103 5676 1165 5727 Et
1202 5676 1447 5730 diabolus
1479 5679 1671 5732 decidit
1710 5698 1737 5734 e
1771 5685 1937 5747 cmlu,
1976 5688 2217 5742 homian

666 5772 841 5815 autem
869 5767 956 5832 qui
991 5766 1124 5821 infra
1158 5782 1299 5834 sunt,
1335 5774 1644 5829 scribuntur
1679 5791 1857 5847 supra.
1889 5778 2079 5835 Verum
2114 5783 2210 5836 ita-

2327 4586 2713 4656 ἁφανέστερον,
2736 4581 2880 4641 οὗτοι
2905 4589 3175 4657 σκορπίοι,
3205 4588 3315 4642 οἷον
3338 4592 3364 4642 ὁ
3391 4590 3489 4659 μὲν
3510 4591 3610 4659 τῆς
3643 4593 3903 4660 πορνείας

2328 4679 2423 4729 καὶ
2452 4677 2545 4729 τοῦ
2576 4680 2739 4744 φόνου
2770 4679 3006 4747 δαίμων,
3036 4678 3179 4746 ὄφις.
3208 4680 3298 4740 Εἰς
3324 4682 3578 4750 προφανῆ
3611 4681 3719 4751 γὰρ
3755 4682 3905 4736 κακὶ

2329 4770 2576 4823 συνωθεῖ.
2615 4770 2673 4821 '0
2697 4769 2753 4820 δὲ
2777 4770 2863 4821 διὰ
2896 4771 3050 4822 νόσον
3082 4769 3242 4839 δῆθεν
3264 4772 3462 4824 πείθων
3485 4769 3575 4825 τὸν
3610 4774 3904 4839 ἄνθρωπον

2326 4863 2569 4930 λουτροῖς
2618 4862 2853 4931 χρᾶσθαι
2888 4862 2980 4913 καὶ
3037 4862 3342 4933 μυρίσμασι
3400 4864 3491 4915 καὶ
3540 4866 3660 4927 ταῖς
3710 4866 3903 4929 ἄλλαις

2329 4952 2625 5021 βλακείαις,
2654 4957 2677 5006 ὁ
2708 4955 2947 5016 τοιοῦτος
2980 4955 3188 5023 δαίμων
3237 4956 3501 5024 σκορπίος
3547 4957 3613 5007 ἂν
3645 4956 3899 5028 κληθείη.

2323 5043 2416 5111 Μὴ
2448 5045 2682 5112 ἐμφανὲς
2717 5045 2857 5113 ἔχων
2887 5046 2947 5097 τὸ
2988 5042 3233 5114 κέντρον,
3270 5044 3403 5096 ἀλλὰ
3444 5044 3751 5112 λεληθότως
3799 5047 3899 5116 τὴν

2328 5138 2500 5202 σάρκα
2518 5137 2911 5206 περιποιεῖσθαι
2937 5137 3201 5202 σπεύδων,
3224 5137 3454 5207 ῖναιρίψῃ
3472 5138 3562 5189 τὸν
3578 5137 3903 5207 πειθόμενον

2326 5230 2404 5291 εἰς
2445 5230 2643 5299 πτῶμα
2687 5233 2847 5298 μέγα,
2890 5233 3066 5302 Χάρις
3120 5232 3176 5283 δὲ
3222 5232 3299 5300 τῷ
3353 5233 3538 5303 Κυρίῳ
3576 5232 3654 5301 τῷ
3702 5234 3901 5285 διδόντι

2328 5324 2553 5393 δύναμιν
2597 5328 2785 5376 πατεῖν
2829 5326 3011 5377 ὲπάνω
3038 5325 3263 5378 τούτων.
3308 5324 3667 5381 Παιδεύωνδὲ
3700 5327 3902 5387 αὑτοὺς

2331 5416 2403 5486 μὴ
2432 5416 2845 5486 ὑψηλοφρονεῖν,
2884 5416 3013 5485 φησί
3042 5434 3054 5446 ·
3080 5417 3225 5485 Πλὴν
3259 5420 3313 5470 ὲν
3341 5419 3515 5485 τούτῳ
3549 5417 3623 5486 μὴ
3653 5418 3899 5486 χαίρετε,

2326 5510 2403 5561 ὅτι
2433 5511 2497 5561 τὰ
2533 5510 2783 5577 δαιμόνια
2818 5511 2941 5577 ὑμῖν
2975 5511 3363 5563 ὑποτάσσεται.
3406 5510 3588 5561 ’Δλλοι
3621 5512 3727 5580 γάρ
3762 5514 3900 5562 εἰσιν

2326 5606 2370 5653 οἱ
2406 5606 2467 5654 ἐκ
2497 5603 2686 5654 τούτου
2742 5603 3217 5671 εὐεργετούμενοι,
3248 5604 3297 5653 οἱ
3328 5603 3426 5671 τῆς
3484 5605 3677 5665 ἰάσεως
3727 5620 3901 5655 κατα-

2326 5696 2619 5763 ξιούιίενοι.
2689 5696 2842 5747 ’Λλλὲι
2916 5696 3113 5763 μᾶλλον
3173 5695 3252 5746 ὅτι
3310 5698 3375 5747 τε
3441 5695 3679 5762 ὀνόματα
3746 5696 3899 5763 suam

2326 5787 2536 5857 ἐγράφη
2594 5790 2792 5849 ἐντοῖς
2825 5788 3092 5857 οὐρανοῖς,
3146 5786 3203 5837 οὑ
3258 5785 3468 5855 μέλανι,
3520 5785 3655 5841 ἀλλὰ
3707 5790 3897 5856 μνήμῃ
