4110 6332
209 360 311 426 841

961 355 1404 420 ENAImATto
1445 354 1523 413 IN‘
1565 349 2069 414 EVANGELIUM
2110 351 2344 412 Luce.
2382 323 2448 386 -—'
2490 352 2647 412 CAP.
2693 351 2766 412 Χ.

3399 351 3509 416 Si?

209 474 376 538 Θεοῦ,
406 475 503 529 καὶ
536 473 739 544 χάριτι.
776 471 886 524 Καὶ
936 473 963 524 6
997 473 1095 543 μὲν
1125 470 1370 534 διάϐολος
1395 470 1600 524 ἄνωθεν
1631 488 1802 522 κατα-

1915 482 2015 534 que
2039 467 2295 536 gaudium
2329 465 2548 521 nomina
2590 473 2769 521 vestra
2801 464 2854 518 in
2887 463 3040 519 cmlis
3072 464 3258 530 scribi,
3299 476 3353 519 et
3384 481 3505 522 esse

209 569 426 633 πίπτει,
456 569 506 622 oi
547 567 604 620 δὲ
643 564 924 638 ἄνθρωποι
958 565 1110 618 κάτω
1136 565 1284 627 ὄντες
1327 562 1632 632 γράφονται
1666 563 1798 616 ἄνω.

221 661 290 715 Ἦ
317 661 548 734 ἀληθινὴ
572 654 664 713 οὖν
698 657 865 728 χαρά,
890 655 950 708 τὸ
973 655 1285 726 γράφεσθαι
1303 655 1456 725 ὑμῶν
1476 654 1542 707 τὰ
1563 654 1802 723 ὀνόματα

207 755 326 811 ἂνω
355 757 451 809 καὶ
487 751 931 825 μνημονεύεσθαι
974 749 1080 804 ὑπὸ
1110 749 1268 805 Θεοῦ.

291 869 308 901 ι
360 849 446 902 Ἑν
480 845 616 917 αὐτῇ
660 848 725 915 τῇ
753 845 874 917 ὥρᾳ
925 841 1293 912 ἠγαλλίασατο
1342 842 1418 912 τῷ
1466 840 1736 911 πνεύματι
1776 843 1804 893 6

228 939 460 1009 Ἰησοῦς,
513 938 608 992 καὶ
639 932 833 990 εἶπεν·
871 934 1340 1006 Ἐξομολογοῦμαί
1414 950 1533 998 σοι,
1597 932 1797 1002 Πάτερ,

216 1033 393 1105 Κύριε
425 1032 519 1084 τοῦ
566 1028 799 1101 ούρανοῦ
851 1029 944 1082 καὶ
1002 1027 1103 1098 τῆς
1141 1027 1273 1097 γῆς,
1339 1027 1421 1080 δτι
1473 1025 1801 1096 ἀπέκρυψας

212 1125 390 1178 ταῦτα
447 1123 552 1176 άπὸ
585 1123 764 1190 σοφῶν
822 1121 918 1174 καὶ
960 1119 1234 1182 συνετῶν,
1295 1117 1390 1171 καὶ
1441 1117 1802 1186 ἀπεκάλυψας

214 1216 357 1269 αὐτὰ
388 1213 601 1284 νηπίοις
634 1231 646 1242 ·
686 1214 799 1274 ναὶ,
835 1214 863 1265 6
901 1212 1113 1283 Πατὴρ,
1157 1211 1239 1263 ὅτι
1266 1209 1438 1273 οὕτως
1479 1210 1695 1278 ἐγένετο
1716 1211 1804 1262 εύο

213 1307 369 1360 δοκία
396 1307 708 1378 ἔμπροσθέν
739 1323 852 1358 σου.
892 1323 910 1357 ι
941 1305 1153 1373 Ὠσπερ
1173 1303 1356 1374 πατὴρ
1373 1302 1579 1371 ἀγαθὸς
1605 1303 1801 1366 παῖδας

216 1398 342 1452 ἰδὼν
373 1397 834 1470 κατορθώσαντάς
866 1415 940 1462 τι,
975 1396 1119 1450 οὕτω
1147 1397 1242 1448 καὶ
1290 1398 1318 1449 6
1349 1396 1540 1466 Σωτὴρ
1569 1395 1803 1463 ἀγάλλε-

209 1508 325 1554 ται,
354 1491 437 1544 ὅτι
490 1490 749 1544 τοιούτων
777 1489 1000 1558 ἀγαθῶν
1030 1487 1345 1558 ἠξιώθησαν
1387 1489 1437 1540 οἱ
1485 1488 1796 1542 ἀπόστολοι.

211 1583 544 1656 Εὐχάριστεί
595 1578 690 1636 οὖν
751 1582 827 1653 τῷ
884 1583 1081 1652 Πατρὶ,
1141 1583 1221 1635 ὄτι
1285 1580 1682 1652 ἁπεκρύδησαν
1735 1582 1802 1633 τὰ

211 1676 443 1730 τοιαῦτα
499 1675 780 1746 μυστήρια
818 1674 927 1727 άπὸ
959 1675 1162 1743 σοφῶν,
1203 1673 1311 1727 τῶν
1340 1674 1654 1744 Φαρισαίων
1703 1673 1798 1743 δη-

208 1766 348 1838 λαδὴ
384 1767 476 1820 καὶ
506 1764 892 1836 Γραμματὲων
923 1765 1032 1818 τῶν
1049 1764 1469 1835 ἓρμηνευόντων
1491 1764 1584 1818 τὸν
1615 1766 1798 1834 νόμον,

1915 560 1963 610 in
1993 561 2256 611 memoria
2291 555 2407 611 Dei.

1983 837 2148 893 Vicus.
2192 838 2282 894 “ll.
2342 859 2360 890 ι
2414 838 2468 892 ltt
2524 843 2710 894 eadem
2750 841 2890 894 'ltora
2966 843 3259 897 exsultavit
3312 846 3504 914 spiritu

1908 933 2063 986 Jcsns
2086 976 2100 997 ,
2132 943 2186 987 et
2219 933 2394 987 dixit:
2427 932 2707 988 Conﬁteor
2737 933 2868 997 tibi,
2899 934 3080 1000 Pater,
3122 935 3349 991 Domine
3382 938 3505 992 coeli

1909 1037 1958 1078 et
1997 1038 2188 1091 teri-:2,
2241 1025 2385 1093 quod
2434 1025 2774 1081 abscondisti
2836 1027 2950 1081 haec
2995 1043 3022 1080 a
3070 1029 3409 1097 sapientibus
3451 1042 3507 1084 et

1910 1121 2288 1188 prudentibus,
2317 1131 2370 1174 et
2411 1120 2660 1175 revelasti
2694 1137 2755 1176 ea
2782 1122 3064 1191 parvulis:
3096 1124 3283 1189 etiam,
3315 1125 3505 1190 Pater,

1907 1214 2164 1280 quoniam
2219 1214 2298 1266 sic
2349 1211 2734 1280 complacitum
2784 1222 2870 1267 est
2921 1229 3106 1267 coram
3159 1225 3230 1268 te.
3285 1232 3304 1266 ›
3356 1216 3511 1288 δίειμι

1907 1314 2061 1374 pater
2095 1305 2269 1363 bonus
2304 1320 2427 1359 cum
2471 1303 2668 1359 viderit
2714 1303 2853 1360 ﬁlios
2889 1318 3033 1360 reeta
3067 1307 3311 1375 quaedam
3339 1322 3508 1376 opera

1908 1399 2164 1469 gessisse,
2189 1398 2261 1453 ita
2293 1398 2545 1452 Salvator
2570 1398 2829 1465 exsultat,
2867 1400 2994 1469 quia
3029 1400 3151 1454 talia
3177 1400 3318 1456 bona
3354 1405 3510 1455 asse-5

1907 1491 2014 1544 cuti
2041 1500 2200 1544 erant
2239 1491 2491 1561 apostoli.
2539 1490 2729 1563 Itaque
2772 1492 2920 1546 Patri
2966 1487 3168 1558 gratias
3212 1495 3320 1564 :tgit
3362 1496 3508 1564 quod

1906 1581 2262 1637 occnltaverit
2306 1583 2524 1652 quidem
2573 1583 2699 1637 talia
2752 1586 3010 1654 mysteria
3064 1601 3092 1637 a
3141 1587 3506 1655 sapientibus,

1909 1673 2198 1729 Pbariswis
2227 1675 2437 1729 scilicet
2478 1685 2532 1730 et
2560 1674 2769 1730 Scribis
2800 1677 2892 1746 qui
2933 1677 3106 1747 legem
3139 1680 3507 1747 interpretan-

1907 1773 2016 1828 tur,
2072 1773 2123 1818 et
2171 1765 2627 1836 intelligentibus,
2693 1768 2795 1822 ltoc
2845 1771 2943 1833 est}
2987 1769 3268 1847 discipulis
3307 1770 3502 1826 ltortnn

210 1858 310 1910 καὶ
347 1857 590 1909 συνετῶν
623 1855 734 1908 τῶν
791 1855 1253 1926 μαθητευομένων
1317 1855 1422 1907 ὑπὸ
1475 1855 1682 1908 τούτων
1735 1855 1800 1926 δὴ

1915 1855 2247 1911 Scribarum.
2295 1858 2529 1927 Sapiens
2561 1862 2704 1914 enim
2735 1872 2820 1916 est
2853 1865 2944 1931 qui
2977 1843 3504 1934 doeet,liutelligens

208 1950 322 2004 τῶν
353 1948 757 2019 Γραμματέων.
797 1947 969 2016 Σοφδς
1003 1947 1103 2017 μὲν
1140 1947 1248 2018 γάρ
1274 1948 1420 1999 ἐστιν
1452 1947 1478 1998 6
1507 1947 1798 2012 διδάσκων,

211 2041 435 2104 συνετὸς
470 2040 526 2092 δὲ
575 2041 603 2092 6
641 2039 1026 2111 διδασκόμενος
1056 2039 1150 2092 καὶ
1182 2039 1385 2102 συνιεὶς
1413 2038 1483 2091 τὰ
1512 2038 1802 2110 λεγόμενα.

211 2129 340 2187 Οἷον
375 2131 772 2201 ύποδείγματος
805 2133 963 2202 χάριν
988 2173 1002 2196 ,
1058 2133 1218 2199 σοφὸς
1250 2132 1276 2183 6
1312 2132 1616 2203 Γαμαλιὴλ,
1653 2148 1806 2183 συνε⁸

207 2226 304 2288 τὸς
338 2226 392 2278 δὲ
423 2226 451 2277 6
479 2223 711 2287 Παῦλος.
755 2223 812 2276 '0
842 2225 940 2293 μὲν
990 2223 1100 2294 γὰρ
1149 2221 1492 2287 διδάσκαλος,
1539 2225 1564 2274 6
1593 2221 1649 2275 δὲ
1682 2238 1804 2274 συν-

215 2319 320 2381 ιεὶς
350 2318 416 2370 τά
456 2316 724 2386 λεγόμενα
768 2317 898 2386 παρ’
931 2314 1163 2370 ἐκείνου.
1187 2315 1434 2383 Νηπίους
1464 2314 1518 2365 δὲ
1548 2313 1804 2381 ὀνομάζει

209 2410 341 2472 τοὺς
371 2409 604 2472 οἰκείους
642 2407 892 2478 μαθητὰς
919 2408 946 2460 6
975 2405 1202 2476 Κύριος,
1251 2401 1338 2459 οἷα
1372 2403 1446 2476 μὴ
1475 2404 1805 2474 νομομαθεῖς

212 2499 401 2566 δντας,
457 2501 592 2555 ἀλλὰ
647 2500 773 2564 τοὺς
810 2500 1030 2563 πλείους
1088 2500 1150 2552 ἐκ
1201 2497 1295 2550 τού
1348 2498 1507 2566 ὄχλου
1554 2499 1648 2548 καὶ
1695 2496 1806 2547 τῶν

213 2595 416 2648 άλιέων
450 2593 978 2664 συνηρανισμένους.
1018 2591 1181 2645 Ἀλλὰ
1215 2591 1322 2662 μὴν
1354 2591 1447 2643 καὶ
1479 2591 1554 2652 ὡς
1583 2589 1802 2653 ἄκακοι,

213 2687 403 2756 νήπιοι
437 2687 504 2740 ἂν
539 2683 811 2755 κληθεῖεν.
871 2685 1102 2737 Ἐκεῖνοι
1153 2681 1208 2735 δὲ
1261 2682 1548 2742 δοκοῦντες
1596 2681 1806 2732 συνετοὶ

173 2825 176 2829 .
215 2779 316 2844 καὶ
344 2778 520 2845 σοφοὶ,
545 2777 606 2829 ού
635 2776 742 2847 μὴν
767 2777 943 2840 ὄντες.
987 2774 1305 2844 Ἀπεκρύδη
1328 2768 1422 2826 οὖν
1444 2773 1512 2825 τὰ
1533 2772 1806 2841 μυστήρια

214 2870 330 2922 ἀπὸ
368 2869 476 2923 τῶν
527 2871 832 2923 δοκούντων
885 2868 1066 2936 σοφῶν
1115 2868 1210 2920 καὶ
1271 2865 1532 2929 συνετῶν,
1589 2865 1649 2917 ού
1701 2865 1806 2934 μὴν

214 2961 410 3014 ὄντων.
443 2961 504 3012 Ei
527 2961 632 3031 γὰρ
667 2956 830 3032 ἦσαν,
864 2959 1231 3028 ἀπεκαλύφθη
1263 2957 1329 3011 ἂν
1361 2958 1565 3019 αὐτοῖς.
1615 2941 1807 3021 Ναὶξὸ

221 3052 438 3123 Πατὴρ,
488 3053 798 3124 εὐχαριστῶ
841 3071 942 3118 σοι,
977 3054 1059 3104 ὅτι
1107 3050 1280 3114 οὕτως
1331 3052 1548 3118 ἐγένετο
1584 3049 1806 3102 εύδοκία

1912 1959 2090 2005 autem
2126 1950 2217 2017 qui
2255 1950 2479 2007 docetur
2521 1959 2574 2006 et
2620 1953 2873 2024 intelligit
2918 1970 3040 2022 qua!
3085 1956 3338 2011 dicuntur
3371 1976 3386 2024 ;
3425 1972 3509 2022 ut,

1909 2041 2142 2109 exempli
2184 2042 2389 2111 gratia,
2426 2044 2644 2112 sapiens
2677 2043 2981 2109 Gamaliel,
3022 2047 3324 2116 intelligens
3361 2047 3506 2102 Pau-

1910 2134 2025 2187 lus:
2073 2134 2163 2189 ille
2203 2134 2347 2190 enim
2380 2135 2629 2198 docebat,
2665 2137 2750 2189 hic
2787 2137 3126 2206 iutelligebat
3163 2155 3283 2210 quae
3317 2143 3386 2194 ab
3417 2142 3509 2200 illo

1911 2226 2266 2281 docebantur.
2315 2226 2582 2283 Parvulos
2633 2239 2814 2283 autem
2870 2231 3188 2284 nominabat
3245 2232 3509 2286 Dominus

1912 2331 2044 2370 suos
2093 2317 2428 2386 discipulos,
2477 2328 2662 2387 utpote
2711 2336 2805 2374 eos
2843 2321 2934 2390 qui
2978 2322 3029 2374 in
3069 2323 3186 2392 lege
3223 2309 3368 2378 docti
3402 2341 3508 2377 non

1910 2419 2101 2473 erant,
2147 2411 2240 2464 sed
2292 2410 2536 2480 plerique
2570 2427 2635 2466 ex
2684 2413 2837 2466 turba
2882 2424 2935 2468 et
2976 2414 3343 2483 piscatoribus
3379 2434 3509 2470 cou-

1913 2502 2141 2573 gregati.
2183 2503 2574 2557 Verumtamen
2613 2514 2666 2558 et
2699 2506 2909 2572 parvuli
2950 2507 3077 2560 dieti
3112 2518 3237 2562 sunt
3270 2508 3339 2563 ob
3374 2525 3509 2576 pue-

1914 2593 2068 2648 rilem
2105 2595 2535 2665 simplicitatem.
2568 2596 2649 2651 Illi
2677 2608 2856 2653 autem
2895 2600 3171 2669 sapientes
3199 2603 3352 2666 dicti,
3380 2607 3508 2672 quia

1915 2680 2235 2741 videbantur
2283 2690 2595 2759 sapientes,
2643 2707 2764 2744 cum
2812 2693 3086 2762 sapientes
3138 2711 3243 2749 non
3299 2712 3507 2750 essent.

1911 2780 2212 2836 Abscondit
2261 2781 2425 2850 igitur
2475 2784 2731 2852 mysteria
2786 2783 2853 2837 ab
2903 2785 2988 2840 bis
3039 2787 3130 2856 qui
3182 2788 3508 2844 videbantur

1912 2871 2186 2940 sapientes
2221 2881 2276 2926 et
2307 2873 2701 2943 intelligentes,
2752 2889 2872 2928 eum
2920 2877 3105 2945 utique
3139 2894 3255 2934 non
3301 2892 3505 2936 essent.

1913 2963 2047 3016 Nam
2072 2963 2121 3018 si
2152 2963 2399 3029 fuissent,
2434 2966 2670 3020 revelata
2697 2967 2929 3023 fuissent
2957 2970 3056 3024 eis.
3092 2972 3293 3040 Etiam,
3323 2972 3506 3037 Pater,

1911 3056 2116 3125 gratias
2147 3070 2249 3125 ago
2282 3055 2400 3120 tibi,
2436 3056 2563 3126 quia
2597 3059 2678 3112 sic
2708 3058 3111 3128 bent-placitum
3142 3063 3241 3116 ruit
3271 3074 3396 3118 ante
3431 3075 3507 3127 te.

214 3144 532 3216 Ιμπροσθὲν
570 3161 690 3209 σου,
722 3144 1024 3208 τουτέστιν,
1055 3145 1136 3196 ὅτι
1179 3143 1404 3213 τοιαύτη
1447 3142 1663 3195 εὐδοκία
1714 3142 1808 3195 καὶ

1915 3149 2021 3203 hoc
2045 3159 2162 3214 est,
2203 3147 2308 3204 fuit
2347 3149 2471 3204 talis
2507 3152 2828 3220 approbatio
2862 3162 2915 3208 et
2959 3155 3144 3209 volitio
3187 3166 3316 3213 ante
3351 3169 3422 3224 te,
3454 3166 3508 3213 et

221 3240 442 3311 θέλησις
481 3240 702 3307 ἐγένετο
757 3237 1078 3309 ἔμπροσθέν
1131 3252 1248 3300 σου,
1281 3236 1375 3289 καὶ
1414 3232 1588 3297 οὕτως
1639 3232 1806 3304 ἦρεσέ

218 3349 328 3388 σοι.

298 3446 318 3476 ι
357 3425 467 3478 Καὶ
496 3423 756 3494 στραφεὲς
793 3421 930 3492 πρὸς
965 3421 1090 3483 τοὺς
1124 3420 1394 3489 μαθητὰς,
1435 3412 1558 3471 εἷπε
1584 3436 1598 3450 ·
1627 3418 1811 3471 Πάντα

223 3525 317 3587 μοι
361 3515 637 3586 παρεδόθη
666 3515 772 3567 ὑπὸ
801 3515 894 3566 τού
937 3512 1152 3581 Πατρός
1203 3528 1330 3582 μου.
1363 3512 1472 3563 Καὶ
1516 3510 1691 3572 οὐδεὶς
1725 3529 1810 3577 γι-

217 3609 440 3674 νώσκει,
472 3607 555 3670 τίς
582 3609 732 3660 ἐστιν
764 3608 791 3659 6
834 3605 982 3670 Υἱὸς,
1014 3605 1063 3656 εἰ
1116 3602 1189 3672 μὴ
1245 3604 1274 3655 6
1335 3603 1544 3671 Πατὴρ,
1597 3602 1691 3653 καὶ
1728 3602 1808 3662 τίς

217 3707 373 3758 ἐστιν
404 3706 431 3756 6
461 3704 675 3771 Πατὴρ,
714 3701 762 3752 εί
799 3699 873 3770 μὴ
905 3701 932 3752 6
983 3698 1132 3761 Υἱὸς,
1169 3700 1262 3750 καὶ
1293 3690 1336 3763 ᾧ
1366 3695 1460 3748 ἐὰν
1496 3695 1753 3765 βούληται
1785 3699 1812 3746 6

221 3796 352 3858 Υἱὸς
370 3793 743 3863 ἀποκαλύψαι.
776 3793 887 3846 Καὶ
915 3792 1178 3861 στραφεὶς
1213 3790 1348 3860 πρὸς
1380 3790 1504 3851 τοὺς
1541 3788 1808 3857 μαθητὰς,

218 3890 344 3941 κατ’
375 3887 511 3940 ίδίαν
538 3883 661 3938 εἷπε
686 3901 699 3915 ·
731 3883 1010 3952 Μακάριοι
1050 3884 1098 3934 οἱ
1128 3881 1414 3950 ὀψθαλμοὶ,
1439 3884 1487 3932 οἱ
1523 3881 1811 3948 βλέποντες

215 3979 256 4034 ἃ
281 3981 440 4049 ὑμεῖς
467 3977 720 4049 βλέπετε.
752 3977 912 4044 Λέγω
939 3975 1048 4047 γὰρ
1078 3977 1229 4044 ὑμῖν,
1269 3976 1350 4028 ὅτι
1387 3973 1573 4026 πολλοὶ
1599 3973 1811 4043 προφῆ-

220 4088 317 4126 ται
349 4073 446 4124 κα)⁸
477 4070 719 4140 βασιλεῖς
767 4068 1042 4138 ἠθέλησαν
1098 4068 1226 4121 ἰδεῖν
1263 4068 1298 4121 ἃ
1340 4067 1496 4137 ὑμεῖς
1560 4065 1808 4134 βλέπετε,

221 4167 322 4218 καὶ
380 4163 480 4216 οὐκ
536 4159 696 4228 εἶδον,
732 4164 828 4215 καὶ
886 4159 1120 4215 ἀκοῦσαι
1157 4159 1192 4214 ἃ
1244 4161 1496 4224 ἀκούετε,
1565 4161 1660 4212 καὶ
1713 4159 1813 4211 οὐκ

222 4257 490 4328 ἡκουσαν.
553 4273 571 4305 ι
615 4255 800 4307 Πάντα
836 4253 1226 4324 παραδίδονται
1282 4252 1358 4319 τῷ
1389 4252 1502 4320 Υἰῷ
1566 4253 1668 4303 ὑπὸ
1717 4251 1810 4304 τοῦ

221 4347 462 4417 Πατρὸς,
521 4343 642 4398 καθ’
680 4344 707 4396 ὃ
755 4343 979 4414 ἔμελλον
1040 4342 1382 4411 ὑποταγῆναι
1441 4341 1517 4411 τῷ
1574 4341 1690 4411 Υἱῷ
1745 4341 1814 4394 τὰ

221 4438 428 4494 πάντα.
467 4434 570 4489 Δύο
601 4437 710 4506 γὰρ
743 4435 935 4505 τρόποι
966 4436 1071 4487 eici
1112 4434 1235 4488 καθ’
1265 4433 1358 4496 οὒς
1396 4432 1668 4503 βασιλεύει
1704 4433 1812 4486 τῶν

1915 3241 1996 3296 sic
2023 3241 2232 3313 placuit
2263 3241 2383 3299 tibi.

1995 3418 2265 3482 Vsas.‘25,
2289 3421 2380 3475 Ἃ.
2414 3439 2430 3472 ι
2462 3419 2844 3479 Etconversus
2881 3423 2949 3477 ad
2980 3426 3299 3493 discipulos,
3330 3427 3505 3484 dittit:

1915 3511 2109 3567 Omnia
2146 3512 2276 3565 mihi
2310 3513 2506 3566 tradita
2539 3523 2666 3568 sunt
2695 3531 2724 3567 a
2757 3513 2918 3569 Patre
2961 3531 3101 3582 meo,
3134 3527 3186 3572 et
3222 3535 3380 3574 nemo
3407 3522 3508 3576 scit

1915 3607 2035 3674 quis
2074 3607 2143 3658 sit
2177 3605 2346 3659 Filius
2403 3605 2504 3660 nisi
2549 3605 2748 3671 Pater,
2790 3616 2843 3661 et
2883 3610 3006 3677 quis
3067 3611 3136 3662 sit
3196 3609 3358 3666 Pater
3405 3615 3506 3668 nisi

1915 3697 2111 3761 Filius,
2144 3707 2195 3750 et
2225 3697 2309 3750 cui
2344 3697 2576 3752 voluerit
2630 3699 2800 3754 Filius
2825 3701 3057 3768 aperire.
3113 3703 3177 3756 Et
3215 3720 3510 3760 converSus

1915 3793 1980 3844 ad
2005 3792 2298 3858 discipulos
2331 3807 2598 3857 seorsum,
2630 3793 2804 3846 dixit:
2841 3792 2990 3848 Beati
3027 3796 3166 3849 oculi
3203 3798 3296 3866 qui
3325 3800 3510 3853 vident

1915 3898 2034 3950 qute
2065 3897 2160 3936 vos
2203 3883 2418 3937 videtis.
2462 3883 2593 3937 Dico
2623 3886 2770 3938 enim
2803 3884 2956 3940 vobis
2998 3889 3144 3956 quod
3185 3889 3338 3943 multi
3384 3907 3510 3962 prn-

1916 3977 2093 4043 pltette
2122 3984 2176 4027 et
2222 3989 2377 4042 reges
2407 3976 2699 4029 voluerunt
2721 3977 2906 4031 videre
2939 3993 3059 4044 qua:
3091 3995 3186 4034 vos
3216 3981 3428 4047 videtis,
3459 3996 3514 4038 et

1918 4081 2024 4119 non
2058 4066 2354 4119 viderunt:
2389 4075 2440 4121 et
2475 4067 2665 4120 audire
2697 4081 2816 4134 quae
2844 4069 3064 4134 auditis,
3100 4080 3155 4124 et
3186 4088 3288 4130 non
3323 4077 3511 4129 audie-

1918 4166 2060 4211 runt.
2107 4177 2124 4210 ι
2163 4159 2353 4214 Omnia
2391 4160 2675 4213 traduntur
2703 4159 2888 4215 Filioa
2913 4161 3108 4226 Patre,
3154 4163 3301 4217 sicut
3341 4165 3514 4235 subji-

1913 4250 2106 4302 cienda
2153 4247 2372 4302 fuerunt
2410 4247 2549 4302 Filio
2587 4251 2794 4304 omnia.
2844 4251 2958 4304 Duo
2999 4253 3143 4306 enim
3195 4257 3341 4308 modi
3387 4255 3516 4312 sunt

1917 4343 2114 4410 quibus
2158 4353 2348 4410 regnat
2385 4342 2436 4395 in
2485 4343 2640 4396 nobis
2682 4341 2870 4396 Deus:
2913 4359 3055 4397 unus
3092 4360 3199 4414 quo
3234 4361 3422 4418 regnat
3456 4351 3511 4405 in

1917 4435 2002 4488 his
2032 4436 2121 4504 qui
2154 4435 2376 4499 nolunt;
2407 4434 2563 4497 alius,
2595 4438 2643 4488 in
2679 4436 2762 4489 his
2785 4435 2876 4504 qui
2909 4437 3091 4490 volunt
3119 4455 3131 4490 :
3187 4451 3244 4492 ut
3274 4445 3509 4512 exempli

220 4529 447 4583 πάντων
506 4530 534 4580 6
575 4529 742 4589 Θεὸς·
785 4527 812 4578 6
849 4525 968 4594 μὲν,
1001 4526 1095 4579 καὶ
1147 4526 1221 4593 μὴ
1271 4524 1631 4594 βουλομένων,
1673 4525 1700 4576 6
1731 4525 1808 4590 δὲ,

1919 4525 2093 4593 gratia
2150 4523 2282 4592 quid
2321 4524 2518 4590 dicam,
2547 4523 2688 4578 Deus
2719 4525 2975 4579 Dominus
3004 4543 3156 4582 meus
3183 4539 3267 4583 est
3296 4532 3510 4586 etiamsi

222 4619 594 4691 βουλομένων.
625 4611 752 4670 Οἷόν
797 4635 850 4670 τι
907 4617 1072 4683 λέγω,
1120 4615 1394 4684 Δεσπότης
1431 4615 1577 4666 ἐστὶν
1608 4617 1634 4666 6
1683 4613 1814 4675 Θεὸς

221 4712 388 4784 ἐμοῦ,
442 4712 548 4765 κᾶν
582 4711 656 4780 μὴ
693 4709 853 4771 Θέλω,
893 4709 1027 4761 καθὸ
1080 4709 1424 4777 Δημιουργός
1489 4707 1588 4776 μού
1645 4711 1811 4759 ἐστιν.

226 4808 390 4859 Ἔστι
416 4805 475 4857 δὲ
523 4804 800 4871 Δεσπότης
848 4801 982 4870 ἐμὸς
1035 4802 1220 4862 πάλιν,
1275 4803 1402 4853 ὅταν
1450 4800 1537 4851 διὰ
1573 4800 1671 4866 τῆς
1706 4798 1816 4850 τῶν

222 4897 458 4957 ἐντολῶν
501 4893 764 4966 ἐργασίας
814 4893 875 4945 τὸ
949 4893 1162 4962 θέλημα
1227 4891 1389 4944 αύτοῦ
1474 4891 1665 4960 πληρῶ
1741 4892 1816 4952 ὼς

223 4989 414 5051 δοῦλος
445 4986 772 5056 εὐγνώμων.
805 4985 1004 5054 Πρώην
1043 4985 1140 5053 μὲν
1171 4985 1277 5053 γάρ
1377 4984 1483 5034 τῶν
1513 4984 1816 5052 ἀνθρώπων

225 5083 394 5153 φύσις
431 5081 596 5148 δούλη
625 5075 715 5148 ἦν,
752 5079 842 5130 καὶ
898 5078 1207 5146 ὑποχείριος
1259 5076 1335 5145 τῷ
1391 5074 1530 5142 Θεῷ,
1600 5077 1702 5126 xliv
1743 5075 1817 5146 μὴ

226 5163 415 5243 ἤθελε,
453 5169 557 5223 κᾶν
589 5171 665 5239 τῷ
703 5169 920 5238 Σατανᾷ
948 5167 1237 5237 ύπούργει.
1276 5167 1425 5218 Ἐπεὶ
1457 5166 1509 5218 δὲ
1535 5169 1560 5217 6
1584 5166 1816 5234 Χριστὸς

227 5265 321 5316 τδν
366 5262 510 5329 ὑπὲρ
551 5260 708 5329 ἡμῶν
743 5261 1030 5326 ἀνεδέξατο
1081 5259 1347 5327 πόλεμον,
1391 5258 1482 5310 καὶ
1535 5258 1817 5318 ἐκσπάσας

229 5358 382 5428 ἡμᾶς
432 5355 540 5407 ἀπὸ
572 5355 668 5422 τῆς
710 5355 1023 5424 τυραννίδος
1078 5352 1170 5404 τοῦ
1215 5352 1484 5414 διαϐόλου,
1536 5351 1818 5416 ὑπηρέτας

233 5452 384 5521 ἡμᾶς
449 5448 541 5500 καὶ
605 5447 843 5514 ἐργάτας
899 5445 1006 5497 τῶν
1048 5443 1278 5496 ἐντολῶν
1317 5444 1591 5511 ἐποίησεν,
1630 5443 1836 5512 ἔκτοτε,

231 5540 415 5595 δοῦλοι
450 5539 759 5607 γεγόναμεν
797 5538 1139 5606 εὐγνώμονες
1165 5537 1259 5588 καὶ
1296 5536 1455 5604 φύσει
1494 5536 1586 5585 καὶ
1623 5551 1817 5602 προαι-

237 5635 407 5706 ρέσει.
461 5633 524 5684 Ἦ
560 5632 659 5700 μὲν
690 5632 796 5699 γὰρ
859 5635 990 5700 πρὶν
1039 5629 1252 5681 δουλεία
1308 5629 1467 5695 φύσει
1528 5629 1686 5693 μόνον
1728 5622 1814 5694 ἦν,

236 5727 532 5797 ήδευτὲρσ.
573 5724 651 5786 δὲ,
713 5727 804 5773 καὶ
865 5724 1204 5790 προαιρέσει.
1243 5722 1421 5773 Τοῦτο
1464 5716 1556 5772 οὖν
1616 5719 1762 5770 ἔστιν
1793 5719 1820 5769 ὃ

239 5818 386 5884 λέγει
422 5817 513 5868 νῦν
548 5818 574 5865 6
611 5814 844 5880 Κύριος.
874 5815 953 5864 ὅτι
1005 5813 1188 5863 Πάντα
1248 5829 1335 5877 μοι
1394 5809 1664 5881 παρεδόθη
1716 5809 1818 5860 ὑπὸ

462 5909 738 5966 Ρλτειοι..
781 5907 895 5964 (in.
961 5907 1252 5967 CXXIII.

1921 4615 2120 4677 nolim,
2152 4613 2274 4683 quia
2313 4611 2575 4666 Conditor
2612 4627 2763 4666 meus
2803 4623 2906 4666 est.
2952 4612 3048 4668 Est
3089 4627 3269 4669 autem
3317 4618 3512 4674 iterum

1923 4706 2182 4759 Dominus
2239 4718 2429 4768 meus,
2493 4705 2710 4772 quando
2756 4706 3026 4760 servando
3069 4709 3322 4762 mandata
3371 4709 3511 4778 ejus,

1925 4799 2257 4854 voluntatem
2287 4797 2404 4866 ejus
2441 4797 2660 4866 impleo,
2695 4809 2883 4867 gratus
2910 4814 3099 4853 servus
3126 4800 3325 4855 iactus.
3354 4802 3513 4856 Prius

1925 4890 2139 4957 quidem
2183 4891 2415 4943 humana
2460 4898 2651 4942 natura
2695 4890 2998 4952 serviebat,
3042 4899 3093 4943 et
3138 4893 3354 4946 subdita
3393 4907 3514 4948 erat

1922 4977 2080 5049 347
2111 4979 2220 5032 Deo
2236 4980 2445 5031 etiamsi
2474 4979 2882 5043 nollet,etiamsi
2911 4979 3126 5033 Satanae
3153 4983 3512 5038 ministraret.

1923 5072 2214 5142 Postquam
2240 5083 2422 5126 autem
2448 5073 2703 5128 Christus
2729 5088 2824 5140 pro
2848 5075 3003 5128 nobis
3027 5077 3264 5142 suscepit
3293 5078 3513 5137 bellum,

1922 5174 1975 5220 et
2009 5181 2106 5220 nos
2132 5181 2159 5218 a
2191 5166 2389 5219 diaboli
2417 5167 2702 5235 tyrannide
2730 5176 3032 5231 extractos,
3059 5165 3342 5222 ministros
3387 5185 3516 5223 suos

1924 5271 1977 5313 et
2011 5260 2389 5312 mandatorum
2435 5272 2659 5312 suorum
2707 5260 2989 5327 operarios
3035 5260 3192 5323 fecit,
3231 5269 3359 5315 tunc
3389 5262 3515 5317 facti

1926 5365 2111 5402 sumus
2155 5349 2297 5402 servi
2343 5349 2480 5417 grati
2541 5358 2595 5402 et
2652 5359 2845 5401 natura
2905 5361 2956 5403 et
3011 5351 3304 5405 voluntate.
3363 5351 3519 5407 Prior

1926 5443 2067 5494 enim
2105 5441 2341 5494 servitus
2391 5451 2600 5494 natura:
2650 5451 2855 5494 tantum
2904 5451 3052 5509 erat,
3106 5445 3340 5497 secunda
3390 5459 3520 5497 vero

1925 5534 2087 5584 etiam
2140 5534 2457 5586 voluntatis.
2513 5530 2622 5586 Hoc
2674 5533 2839 5596 igitur
2881 5545 2963 5588 est
3008 5537 3149 5601 quod
3190 5550 3335 5588 nunc
3385 5535 3517 5589 dicit

1927 5625 2186 5679 Dominus
2217 5665 2231 5688 ,
2279 5626 2401 5692 quia
2432 5624 2639 5694 [Omnia
2687 5627 2818 5679 milti
2862 5626 3055 5679 tradita
3105 5638 3232 5681 sunt
3276 5644 3304 5681 a
3354 5627 3524 5682 Patre-

1930 5732 2070 5778 nteo,
2114 5720 2215 5770 hoc
2247 5727 2354 5778 est,
2390 5720 2573 5770 omnia
2605 5720 2736 5770 mihi
2775 5719 3109 5786 subjicienda
3141 5719 3300 5786 sunt,
3335 5731 3388 5774 et
3418 5724 3518 5774 sub

1936 5819 2259 5877 potestatem
2299 5827 2472 5863 Ill".'l'.ll
2509 5812 2822 5877 redigenda.
2859 5810 3050 5865 Simile
3085 5824 3262 5866 autem
3298 5823 3381 5868 est
3418 5814 3519 5868 ltoc

3123 5909 3194 5966 '27
