4110 6332
671 415 775 477 863

1585 410 2161 473 THEOPHYLACTI
2204 411 2303 472 BU
2316 410 2615 472 LGARUE
2654 408 3018 471 ARCHIEP.

3812 409 3921 472 844

668 529 717 584 ci
746 528 885 598 quod
929 526 1121 582 alicubi
1165 526 1407 579 dictum:
1448 543 1465 576 t
1510 524 1638 598 Data
1681 533 1763 577 est
1792 520 1919 575 milii
1939 522 2120 576 omnis
2148 536 2225 591 po-

2348 518 2443 574 τοῦ
2499 519 2711 589 Πατρός
2755 536 2879 589 μου,
2911 515 3195 580 τουτέστι,
3240 515 3415 569 πάντα
3457 533 3547 586 μοι
3579 515 3919 587 ὑποταγῆναι

672 631 840 677 testas
877 620 927 673 in
968 619 1105 673 cmlo
1133 627 1186 670 et
1213 617 1266 671 in
1294 626 1435 671 terra
1463 608 1527 670 “.
1560 634 1579 666 ι
1615 605 1747 680 Quia
1769 615 1915 668 enim
1942 613 2242 683 paciﬁcarit

669 713 849 768 omnia
882 722 986 763 tam
1038 725 1159 780 qua:
1204 710 1257 762 in
1301 708 1437 763 caelo
1470 714 1781 777 quam-qua:
1816 706 1866 760 in
1913 715 2077 771 terra,
2113 705 2237 759 talia

668 805 816 857 dicit.
843 803 907 855 Et
945 801 1134 855 aliter;
1160 799 1378 853 «Omnia
1406 796 1697 853 traduntur
1724 797 1859 851 Filio
1898 812 1926 851 a
1963 796 2233 857 Patre“,i

668 893 848 946 tmttiia
886 906 1047 961 opera
1083 905 1201 959 qua:
1239 889 1556 943 incarnatus
1592 902 1687 957 pro
1721 887 1878 942 nobis
1913 886 2057 941 fecit.
2098 884 2234 951 Quia

666 987 811 1039 enim
850 998 1025 1052 neque
1055 982 1217 1036 Pater
1252 996 1430 1050 neque
1458 979 1691 1048 Spiritus
1719 994 1815 1048 pro
1849 979 2004 1033 nobis
2034 976 2115 1056 vel
2152 977 2235 1029 in-

665 1088 920 1134 carnatus
951 1084 1063 1139 est,
1094 1078 1176 1129 vel
1213 1088 1437 1144 passus,
1463 1072 1546 1127 vel
1577 1072 1907 1136 resurrexit,
1937 1071 2031 1125 sed
2065 1066 2237 1123 Filius

664 1171 779 1225 iure
821 1168 1006 1223 omnia
1038 1167 1189 1232 tulit,
1223 1175 1276 1220 et
1310 1165 1416 1219 dux
1451 1163 1641 1219 salutis
1670 1172 1871 1217 nostrae
1911 1161 2083 1217 [actus
2121 1170 2233 1227 est:

664 1261 866 1315 idcirco
892 1260 1221 1314 dixitomnia
1252 1257 1447 1311 tradita
1476 1255 1577 1325 ipsi
1616 1269 1775 1309 esse:
1807 1251 1968 1309 veluti
1998 1253 2040 1307 si
2067 1252 2236 1307 dixis-

665 1362 769 1419 set,
806 1351 963 1407 Pater
988 1365 1138 1405 meus
1166 1348 1297 1403 mihi
1330 1347 1663 1403 concredidit
1693 1347 1897 1411 omnia,
1928 1341 2231 1410 incarnari,

663 1444 794 1513 pati,
832 1457 1135 1512 resurgere,
1162 1439 1376 1495 salvare
1406 1447 1653 1493 naturam
1690 1435 1982 1506 repulsam.
2014 1434 2080 1489 Et
2108 1434 2233 1487 nul-

662 1539 746 1593 lus
780 1539 880 1592 scit
931 1535 1124 1591 Filium
1170 1534 1273 1589 nisi
1317 1532 1497 1595 Pater,
1530 1542 1578 1587 et
1617 1531 1739 1598 quis
1780 1530 1852 1585 sit
1891 1528 2085 1592 Pater,
2132 1528 2232 1583 nisi

660 1626 849 1683 Filius.
885 1626 1171 1693 Postquam
1204 1632 1382 1677 autem
1410 1622 1577 1678 dicit:
1615 1621 1807 1676 Omnia
1843 1619 1971 1673 mihi
2007 1634 2233 1674 concre-

660 1713 771 1768 dita
806 1721 961 1779 sunt,
996 1710 1153 1781 quasi
1193 1710 1414 1782 dubium
1458 1710 1727 1778 quoddam
1766 1724 1907 1763 nunc
1945 1708 2124 1765 solvit.
2156 1708 2232 1764 Ne

659 1806 800 1860 enim
842 1804 964 1873 quis
994 1786 1233 1863 dubitet,
1269 1801 1332 1854 Et
1362 1802 1519 1871 cujus
1558 1801 1729 1870 gratia
1757 1802 1848 1856 tibi
1884 1801 2079 1855 tradita
2108 1807 2233 1855 sunt

658 1896 859 1957 Omnia,
882 1903 1059 1947 etnon
1084 1891 1258 1955 alteri,
1291 1890 1541 1945 fortassis
1564 1889 1754 1958 angelo
1774 1889 1853 1943 vel
1872 1887 2235 1958 arcltangelo?
2266 1856 2314 1915 B

658 1983 958 2052 dicit,qnod
987 1980 1275 2050 Propterea
1303 1981 1433 2035 mihi
1464 1980 1703 2044 tradidit,
1727 1994 1790 2035 eo
1821 1981 1963 2050 quod
1992 1980 2230 2049 eiusdem

659 2084 865 2127 natura:
907 2083 961 2127 et
996 2072 1316 2127 substantiae
1359 2086 1477 2126 sum
1516 2086 1637 2123 cum
1680 2086 1765 2124 eo.
1809 2072 1873 2126 Et
1911 2073 2049 2126 sicut
2080 2072 2228 2125 illum

660 2164 837 2219 nullus
873 2164 1012 2231 scit,
1044 2163 1119 2218 ita
1158 2174 1331 2231 neque
1392 2177 1478 2217 me
1513 2163 1614 2217 nisi
1643 2160 1805 2217 Pater
1840 2163 1987 2218 solus
2018 2184 2030 2218 :
2066 2176 2121 2219 et
2158 2165 2230 2219 ita

636 2258 853 2311 ἰιιοεὶιο
889 2256 1017 2310 mihi
1059 2254 1282 2309 tradidit
1323 2254 1503 2309 omnia
1534 2264 1591 2308 ut
1620 2255 1859 2325 ejusdem
1894 2266 2099 2310 natura!
2140 2269 2227 2312 se-

658 2362 802 2410 cum,
839 2360 1163 2415 omnemque
1203 2346 1566 2417 cognitionem
1612 2347 2045 2411 transcendenti,
2091 2349 2231 2403 sicut

657 2436 822 2488 etiam
857 2436 972 2504 ipse
1013 2451 1173 2504 supra
1208 2450 1422 2491 onmem
1456 2437 1784 2503 cognitionis
1825 2418 1931 2489 vim
1966 2448 2067 2491 est.
2099 2437 2226 2492 Ete-

654 2529 764 2581 nim
798 2526 987 2593 Pater,
1022 2527 1224 2596 inquit,
1259 2544 1287 2579 ιι
1324 2527 1439 2581 solo
1474 2527 1608 2581 Filio
1642 2530 2015 2596 cognoscitur,
2048 2540 2101 2584 et
2142 2532 2226 2584 cui

652 2613 824 2672 Filius
852 2617 1081 2671 voluerit
1112 2616 1512 2673 revelare.Vide
1536 2628 1713 2671 autem
1749 2620 1889 2688 quod
1908 2615 2075 2675 Filius
2104 2622 2226 2688 qui-

655 2709 774 2762 dem
812 2723 915 2762 non
955 2723 1051 2775 per
1083 2708 1463 2763 revelationem
1495 2721 1782 2777 cognoscat
1811 2710 2043 2777 Patrem,
2072 2728 2225 2767 crea-

658 2809 789 2854 tura:
823 2810 1002 2861 autem
1029 2815 1127 2867 per
1151 2800 1531 2856 revelationetn
1563 2821 1575 2856 :
1605 2804 1773 2871 gratia
1792 2804 1934 2857 cnim
1958 2807 2227 2874 accipiunt

650 2890 930 2944 scientiam
960 2906 974 2943 :
1011 2905 1115 2944 non
1148 2890 1311 2957 igitur
1338 2902 1553 2948 creatus
1593 2904 1670 2947 est
1704 2894 1891 2949 Filius.
1926 2896 2227 2953 Conversus

2349 610 2553 682 μέλλει,
2592 611 2687 663 καὶ
2733 610 2836 662 ὑπὸ
2868 609 2968 680 τὴν
3004 609 3139 678 sui):
3192 607 3514 662 δεσποτείαν
3565 613 3915 677 μεταπεσεῖν.

2344 696 2570 772 δομοιον
2599 702 2655 755 δὲ
2702 704 2861 755 τοῦτο
2888 698 2967 766 τῷ
3009 698 3239 771 ἀλλαχοῦ
3274 700 3515 770 ῥηθέντι,
3543 720 3561 751 ι
3607 699 3795 769 Ἐδόθη
3826 720 3916 769 μοι

2344 796 2494 847 πᾶσα
2529 792 2750 858 ἐξουσία
2782 794 2838 846 ὲν
2870 790 3088 863 ούρανῷ
3122 791 3217 845 καὶ
3254 788 3347 844 ἐπὶ
3392 790 3513 860 γῆς.
3560 810 3577 843 s
3632 787 3785 847 Ἐπεὶ
3812 794 3919 862 γὰρ

2342 885 2727 955 εἰρηνοποίησε
2756 885 2826 938 τὰ
2879 886 3057 938 πάντα
3087 884 3154 937 τά
3199 899 3259 935 τε
3310 884 3369 936 ὲν
3424 884 3638 955 οὐρανῷ
3688 885 3786 938 καὶ
3828 887 3919 936 ἐπὶ

2341 978 2465 1046 γῆς,
2504 977 2591 1030 διά
2629 976 2788 1029 τοῦτο
2816 975 3041 1029 τοιαῦτα
3073 975 3241 1043 λέγει.
3277 976 3387 1028 Kal
3421 973 3597 1037 ἄλλως
3626 976 3703 1039 δὲ,
3737 976 3918 1029 Πάντα

2341 1068 2730 1139 παραδίδονται
2764 1068 2841 1138 τῷ
2891 1066 3005 1137 Υίῷ
3041 1066 3148 1119 ὑπὸ
3201 1066 3295 1119 τοῦ
3339 1067 3568 1136 Πατρδς,
3625 1065 3807 1119 πάντα
3855 1065 3920 1117 τὰ

2340 1164 2439 1231 τῆς
2470 1160 2609 1231 ὑπὲρ
2636 1160 2796 1231 ημῶν
2822 1157 3137 1224 οἰκονομίας
3168 1158 3328 1228 ἔργα.
3371 1156 3589 1227 Ἐπειδὴ
3620 1158 3729 1229 γὰρ
3779 1159 3920 1227 ὑπὲρ

2347 1248 2505 1317 ἡμῶν
2540 1248 2664 1301 οὔτε
2703 1249 2730 1300 6
2762 1248 2976 1318 Πατὴρ,
3011 1248 3137 1301 οὕτε
3177 1248 3240 1300 τὸ
3270 1247 3495 1316 Πνεῦμα
3534 1246 3566 1317 ἢ
3606 1249 3919 1319 ὲσαρκώθη,

2340 1337 2371 1408 ἢ
2410 1337 2630 1402 ἔπαθεν,
2656 1338 2689 1406 ἢ
2722 1338 2948 1407 ἀνέστη,
2984 1334 3099 1389 ἀλλ’
3120 1339 3149 1391 6
3182 1336 3311 1400 Υἱὸς
3343 1337 3515 1391 ταῦτα
3550 1339 3728 1391 πάντα
3763 1340 3920 1409 ἑνήρ-

2317 1413 2504 1499 quae,
2538 1429 2632 1482 καὶ
2666 1429 2907 1500 ἀρχηγὸς
2940 1429 3034 1497 τῆς
3079 1428 3353 1498 σωτηρίας
3382 1427 3538 1497 ἡμῶν
3561 1428 3799 1496 ἐγένετο,
3833 1429 3922 1482 διὰ

2339 1522 2497 1576 τοῦτο
2527 1517 2648 1575 εἷπε
2703 1522 2879 1575 πάντα
2933 1518 3327 1591 παραδεδόσθαι
3362 1520 3531 1590 αὐτῷ,
3560 1519 3751 1589 ὥσπερ
3774 1520 3840 1572 ἂν
3871 1523 3921 1572 εί

2337 1614 2557 1683 ἔλεγεν·
2600 1613 2660 1667 '0
2697 1614 2887 1686 Πατήρ
2928 1630 3030 1683 μου
3052 1612 3176 1682 ἐμοὶ
3199 1612 3547 1665 ὲνεπίστευσε
3588 1612 3803 1677 πάντα,
3857 1611 3921 1663 τὸ

2340 1702 2717 1773 σαρκωθῆναι,
2749 1700 2811 1755 τὸ
2836 1701 3052 1766 παθεῖν,
3086 1701 3144 1755 τὸ
3165 1702 3484 1771 ἀναστῆναι,
3513 1701 3573 1755 τὸ
3604 1700 3779 1757 σῶσαι
3816 1703 3919 1771 τὴν

2350 1794 2697 1848 ἀπωσθεῖσαν
2724 1794 2905 1863 φύσιν,
2940 1795 3036 1846 καλ⁵
3065 1794 3239 1856 οὐδεὶς
3279 1792 3539 1861 γινώσκει
3578 1794 3671 1848 τὸν
3704 1794 3835 1848 Υίδν
3868 1796 3918 1848 εί

2455 1888 2483 1940 6
2507 1887 2713 1957 Πατὴρ,
2752 1887 2844 1939 καὶ
2874 1886 2957 1949 τίς
3003 1887 3149 1939 ἐστιν
3188 1886 3216 1939 6
3252 1886 3462 1956 Πατὴρ,
3510 1888 3559 1938 εί
3595 1887 3672 1958 μὴ
3698 1889 3725 1939 ά
3755 1887 3914 1949 Υιάς.

2337 1978 2524 2049 ἐπειδὴ
2560 1974 2712 2032 εἷπεν
2733 1980 2837 2043 ὅτι,
2868 1977 3051 2033 Πάντα
3086 1995 3173 2048 μοι
3212 1978 3507 2048 παρεδόθη,
3531 1978 3733 2032 ώσανεὶ
3778 1979 3918 2032 ἀπο-

2338 2075 2462 2141 ρίαν
2491 2072 2614 2123 τινὰ
2640 2070 2757 2122 λύει
2774 2071 2891 2122 νῦν.
2925 2071 3046 2123 ἰνα
3073 2070 3181 2140 γὰρ
3209 2069 3283 2140 μὴ
3304 2070 3483 2141 ἀπορῇ
3509 2088 3615 2136 τις,
3635 2070 3747 2124 Kal
3769 2072 3916 2134 τίνος

2334 2160 2499 2219 ἕνεκά
2545 2182 2625 2217 σοι
2666 2163 2948 2234 παρέδωκε
3000 2164 3177 2216 πάντα
3223 2164 3317 2215 καὶ
3352 2164 3449 2232 οὐχ
3497 2164 3693 2234 ἑτέρῳ,
3749 2165 3920 2233 τυχὶιν

2333 2254 2571 2324 ἀγγέλῳ,
2619 2255 2650 2325 ἢ
2691 2256 3054 2325 ἀρχαγγέλῳ;
3110 2255 3295 2324 φησὶν,
3337 2256 3420 2308 ὅτι
3462 2256 3561 2308 Διά
3620 2256 3781 2309 τοῦτό
3821 2274 3916 2326 μοι

2334 2346 2645 2417 παρέδωκε,
2682 2346 2817 2399 διότι
2859 2347 3106 2416 ὁμοφυὴς
3139 2346 3287 2416 αὐτῷ
3318 2350 3433 2417 εἰμι
3482 2346 3575 2400 καὶ
3600 2348 3914 2417 ὀμοούσιος.

2331 2434 2442 2492 Kal
2472 2439 2663 2508 ὥσπερ
2717 2441 2922 2492 ἐκεῖνον
2976 2439 3149 2502 οὐδεὶς
3212 2438 3507 2507 γινώσκει,
3565 2440 3741 2504 οὕτως
3790 2440 3917 2495 οὐδὲ

2331 2533 2452 2601 ἐμὲ,
2486 2534 2532 2584 εί
2565 2533 2639 2601 μὴ
2681 2533 2708 2585 6
2748 2533 2937 2603 Πατὴρ
2964 2533 3146 2602 μόνος,
3170 2532 3311 2587 ὥστε
3336 2536 3559 2597 εἰκότως
3603 2552 3693 2605 μοι
3735 2537 3917 2607 παρέ-

2329 2624 2467 2677 δωκε
2504 2624 2704 2687 πάντα,
2738 2623 2812 2687 ὡς
2836 2627 3071 2694 ὁμοφυεῖ
3097 2626 3271 2693 αὐτῷ,
3307 2628 3401 2679 καὶ
3430 2628 3607 2679 πᾶσαν
3652 2628 3917 2698 ὑπερκει-

2333 2718 2481 2786 μένίρ
2530 2716 2775 2785 γνῶσιν,
2814 2716 3003 2789 ὥσπερ
3053 2720 3143 2771 καὶ
3192 2718 3353 2782 αὐτὸς
3416 2720 3597 2790 πάσης
3655 2718 3916 2786 γνώσεως

2330 2811 2610 2863 ἐπέκεινα.
2653 2812 2764 2866 Kal
2809 2812 2918 2882 γὰρ
2952 2812 3047 2865 καὶ
3090 2814 3117 2865 6
3173 2814 3387 2881 Πατὴρ,
3439 2813 3596 2881 φησὶ,
3652 2811 3761 2864 ὑπὸ
3812 2812 3911 2865 τοῦ

2330 2902 2461 2955 Υἱοῦ
2495 2904 2660 2971 μόνου
2691 2906 3045 2973 γινώσκεται,
3079 2905 3171 2957 καὶ
3197 2898 3240 2971 ᾦ
3268 2904 3333 2957 ἂν
3371 2904 3606 2974 βουληθῇ
3638 2905 3919 2959 ἀποκαλύ·

650 2994 779 3035 vcro
821 2980 887 3034 ad
940 2979 1265 3049 discipulos,
1322 2982 1509 3039 beatos
1563 2983 1683 3038 illos
1729 2985 1893 3049 dicit,
1943 2997 1997 3040 et
2037 3004 2225 3043 OIIIHCS

2328 2994 2427 3062 ψαι
2452 2997 2479 3049 6
2510 2995 2658 3059 Υίός.
2700 2997 2843 3067 Ὅρα
2876 2997 2929 3049 δὲ
2954 2997 3070 3059 πῶς
3099 2998 3125 3048 6
3159 2997 3257 3065 μὲν
3288 2998 3414 3060 Υἱὸς
3440 2998 3500 3051 ού
3530 2998 3595 3050 δι’
3627 2999 3912 3053 ἀποκαλύσ

652 3088 863 3144 quoque
910 3074 1001 3143 qui
1048 3088 1167 3128 cum
1212 3074 1317 3127 [ide
1363 3075 1536 3144 ipsum
1572 3074 1626 3129 in
1658 3090 1820 3131 carne
1856 3078 2219 3133 an‘tlml.mtctu

2328 3086 2472 3155 ψεως
2511 3089 2774 3156 γινώσκει
2805 3088 2897 3141 τὸν
2922 3090 3165 3159 Πατέρα,
3209 3091 3257 3140 oi
3286 3089 3342 3142 δὲ
3373 3090 3665 3142 κτιστο¹ιδι¹
3699 3091 3913 3143 ἀποκα-

652 3166 835 3221 vident
886 3173 939 3220 et
981 3165 1243 3221 miracula
1290 3176 1622 3235 operantem.
1671 3168 1878 3222 Etenim
1952 3176 2223 3239 promte-tte

2328 3178 2538 3247 λύψεως
2572 3196 2583 3209 ·
2636 3179 2819 3250 χάριτι
2871 3180 2979 3249 γὰρ
3017 3179 3353 3249 λαμϐάνουσι
3384 3180 3481 3250 τὴν
3530 3182 3768 3247 γνῶσινο
3807 3183 3911 3236 οὐκ

652 3256 814 3325 prisci
872 3264 927 3309 et
983 3270 1138 3326 reges
1186 3256 1629 3312 desideraverunt
1680 3257 1896 3326 quidem
1952 3261 2003 3314 in
2059 3278 2221 3317 carne

2331 3268 2441 3335 ἄρα
2470 3268 2687 3331 κτιστδς
2705 3271 2731 3320 6
2754 3268 2901 3331 Υἱός.
2936 3271 3205 3339 Στραφεὶς
3228 3271 3283 3323 δὲ
3316 3273 3451 3341 πρὸς
3472 3274 3598 3335 τοὺς
3632 3274 3907 3343 μαθητὰς,

652 3350 833 3404 videre
870 3347 1156 3403 Dominum
1191 3360 1243 3404 et
1270 3349 1459 3404 audire
1485 3365 1643 3418 eum;
1676 3356 1769 3406 sed
1804 3368 1911 3406 non
1959 3357 2221 3425 contingit

2330 3360 2620 3429 μακαρίζει
2650 3362 2867 3428 αὐτοὺς,
2915 3363 3006 3414 καὶ
3042 3364 3249 3426 πάντας
3288 3364 3474 3427 ἁπλῶς
3504 3366 3629 3427 τοὺς
3680 3364 3909 3435 βλέπον-

650 3440 747 3494 eis.
780 3439 843 3493 Et
873 3438 1051 3503 aliter,
1086 3438 1218 3503 Quia
1276 3452 1435 3507 supra
1469 3440 1602 3493 dixit
1635 3459 1648 3494 :
1678 3441 1774 3494 Cui
1812 3440 1979 3515 Filius
2016 3446 2219 3499 revela-

2328 3469 2444 3517 τας,
2477 3452 2617 3521 μετὰ
2640 3453 2878 3515 πίστεως
2912 3454 3177 3524 δηλονότι,
3207 3457 3263 3508 ἐν
3294 3458 3457 3527 σαρκὶ
3498 3458 3907 3526 περιπατοῦντα

650 3532 810 3597 verit,
846 3529 934 3585 ille
958 3530 1059 3584 scit
1084 3530 1297 3584 Patrem
1328 3546 1341 3583 :
1371 3529 1555 3585 beatos
1576 3546 1720 3585 nunc
1749 3532 1878 3587 dicit
1900 3535 2213 3604 discipulos,

2328 3542 2483 3594 αὑτὸν
2535 3544 2627 3595 καὶ
2703 3542 3245 3615 θαυματουργοῦντα.
3319 3550 3428 3601 Kal
3466 3550 3575 3619 γὰρ
3630 3552 3677 3602 οἱ
3734 3552 3909 3603 πάλαι

650 3623 792 3690 quod
832 3637 925 3676 sua
965 3621 1291 3677 revelatione
1328 3622 1427 3676 ista
1456 3624 1537 3678 eis
1575 3626 1908 3695 contingant.
1938 3626 2215 3684 llevelavit

2328 3634 2603 3705 προφῆται
2659 3636 2755 3689 καὶ
2818 3636 3055 3706 βασιλεῖς
3117 3638 3474 3709 ἐπεθύμησαν
3524 3640 3624 3709 μὲν
3679 3640 3813 3693 [δεῖν
3849 3644 3908 3691 ἐν

648 3713 791 3767 enim
822 3712 900 3767 eis
930 3712 1145 3767 Patrem
1178 3728 1274 3781 per
1305 3728 1385 3769 se.
1420 3714 1600 3783 Ipsum
1647 3718 1789 3771 enim
1824 3720 2039 3785 videns,
2079 3724 2221 3793 videt

2328 3728 2487 3796 σαρκὶ
2533 3727 2624 3779 τὸν
2671 3726 2898 3799 Κύριον,
2940 3730 3035 3783 καὶ
3092 3730 3325 3783 ἀκοῦσαι
3367 3730 3531 3783 αὑτοῦ
3559 3772 3573 3792 ,
3640 3731 3757 3784 ἀλλ’
3804 3732 3907 3783 οὐκ

647 3801 864 3860 Patrem
903 3819 917 3857 :
960 3803 1102 3871 quod
1146 3803 1346 3857 bonum
1391 3804 1571 3859 nullus
1613 3819 1677 3858 ex
1715 3810 1918 3864 sanctis
1964 3814 2053 3879 qui
2097 3822 2223 3869 ante

2328 3822 2507 3890 ίτυχον
2551 3821 2765 3877 τούτου.
2797 3824 2908 3877 Kal
2949 3824 3119 3887 ἄλλως
3146 3826 3222 3889 δὲ,
3284 3822 3436 3877 Ἐπεὶ
3467 3820 3620 3877 εἶπεν
3648 3824 3782 3885 ἄνω.
3821 3827 3904 3877 ὅτι

649 3895 1074 3949 incarnationem
1108 3894 1227 3963 ejus
1250 3890 1493 3961 fuerunt,
1522 3897 1775 3962 obtinuit,
1796 3902 1919 3968 quia
1948 3918 2051 3957 non
2077 3905 2223 3961 vide-

2328 3904 2389 3981 ᾯ
2428 3914 2493 3966 ἂν
2531 3916 2558 3965 6
2593 3912 2721 3975 Υἱὸς
2752 3915 3099 3987 ἀποκαλύψῃ,
3130 3918 3333 3977 ἐκεῖνος
3361 3914 3618 3983 γινώσκει
3658 3909 3749 3967 τὸν
3785 3890 3903 3966 Πα-

646 3992 774 4036 runt
805 3982 1090 4037 Dominum
1122 3984 1173 4037 in
1204 3996 1386 4049 carne,
1418 3999 1515 4053 per
1544 4000 1701 4053 quem
1736 3986 1899 4043 Pater
1928 4005 2224 4061 cognosce-

2328 4003 2474 4073 τέρα,
2512 4004 2810 4075 μακαρίζει
2854 3982 3196 4071 λοιπὸν-τοὺς
3234 3982 3483 4077 μαθητὰς
3513 4007 3588 4069 ὼς
3623 4007 3724 4075 τῆς
3760 4008 3900 4060 ἀπο-

645 4083 825 4141 retur;
860 4074 1001 4129 unde
1030 4089 1204 4145 neque
1233 4073 1448 4135 Patrem
1486 4076 1563 4131 sic
1599 4077 1848 4134 viderunt
1878 4089 1934 4135 ut
1966 4088 2218 4153 apostoli.

2328 4093 2611 4162 καλύψεως
2635 4073 2838 4165 ταύτης
2863 4099 3143 4167 τυχόντας.
3184 4073 3559 4152 ’Ᾰπεκάλυπτε
3580 4073 3690 4168 γάρ
3718 4100 3901 4161 αὐτοῖς

646 4167 737 4219 τὸν
785 4167 1005 4260 Datis:
1048 4167 1114 4221 δι’
1155 4166 1349 4260 αὑτοῦ(
1393 4165 1452 4220 '0
1501 4168 1609 4239 γὰρ
1650 4169 1812 4224 αὐτὸν
1857 4174 2022 4245 ὀρῶν,
2068 4178 2215 4251 ἑώρα
2254 4185 2347 4240 τὸν
2372 4187 2614 4259 Πατέρα.
2648 4188 2853 4241 Τούτου
2901 4165 2960 4242 δι
3000 4190 3094 4242 τοῦ
3161 4190 3367 4257 ἀγαθοῦ
3400 4190 3575 4254 οὐδεὶς
3641 4165 3754 4243 τῶν
3794 4191 3900 4260 πρὸ

644 4260 743 4354 τῆς
784 4257 1050 4354 ὲνξάρκον
1106 4258 1437 4354 οἰκονομίας-
1482 4260 1674 4354 dirimi
1705 4264 2003 4354 ἐπέτυχεν
2044 4273 2166 4327 ἐπεὶ
2204 4276 2313 4348 γὰρ
2345 4279 2445 4331 οὐκ
2478 4257 2621 4333 είδον
2692 4280 2784 4333 τὸν
2825 4280 3031 4348 Κύριον
3060 4282 3118 4335 tv
3159 4286 3343 4353 σαρκὶ,
3374 4282 3437 4335 δι’
3506 4275 3566 4335 οὗ
3614 4284 3642 4335 ο
3706 4257 3897 4354 Πατήρ

647 4349 996 4419 ιγνωρίζετο,
1026 4349 1213 4401 λοιπὸν
1242 4350 1366 4403 οὐδὲ
1392 4350 1485 4404 τὸν
1534 4351 1753 4425 Πατέρα
1778 4351 1917 4409 εἶδον
1944 4360 2115 4426 οὕτως
2146 4365 2220 4429 ὠς
2254 4368 2303 4421 ot
2337 4369 2644 4424 ἀπόστολοι.

720 4436 885 4494 Vsus:
920 4441 1110 4495 25-28.
1147 4460 1165 4493 ι
1202 4440 1269 4495 Et
1296 4455 1424 4497 ecce
1451 4444 1667 4509 quidam
1707 4445 2049 4518 legisperitus
2085 4470 2201 4510 sur-

2396 4480 2414 4513 ι
2476 4462 2590 4517 Kal
2654 4463 2762 4517 ἰδοὺ
2816 4463 3035 4533 νομικός
3094 4480 3175 4527 τις
3236 4462 3472 4533 ἀνέστη,
3535 4463 3892 4535 ἐκπειράζων

642 4530 781 4585 rexit
834 4536 1046 4582 teutans
1102 4528 1283 4593 illum,
1339 4539 1396 4584 et
1449 4530 1674 4591 dicens:
1737 4535 2024 4608 Magister,
2088 4548 2215 4614 quid

642 4620 890 4675 iaciendo
951 4619 1116 4672 vitam
1153 4632 1411 4674 anet-nam
1461 4625 1795 4691 possidebo?
1838 4629 1908 4683 At
1947 4632 2037 4687 ille
2078 4637 2215 4691 dixit

642 4710 809 4781 358
830 4710 893 4764 ad
925 4726 1049 4765 eum
1078 4726 1091 4764 :
1125 4711 1179 4765 In
1204 4711 1321 4781 lege
1346 4715 1473 4782 quid
1504 4718 1765 4787 scriptum
1798 4723 1919 4775 est?
1945 4729 2213 4793 quomodo

643 4802 830 4870 legis?
882 4800 973 4858 llle
1030 4807 1364 4872 respondens
1418 4807 1599 4864 dixit:
1666 4809 1869 4881 Diliges
1926 4812 2209 4876 Dominum

640 4896 807 4950 Deum
840 4905 986 4950 tuum
1014 4911 1079 4951 ex
1108 4906 1221 4952 toto
1252 4900 1415 4954 corde
1438 4909 1551 4967 tuo,
1577 4912 1631 4957 et
1657 4918 1722 4958 ex
1758 4914 1865 4961 tota
1893 4910 2069 4964 anima
2096 4922 2212 4979 tua,

643 5000 699 5048 et
736 5005 800 5045 ex
840 4991 967 5047 totis
1004 4992 1211 5047 viribus
1243 4994 1382 5057 tuis,
1424 5005 1480 5050 et
1521 5011 1586 5051 ex
1626 5008 1732 5053 tota
1781 5012 1963 5058 mente
1999 5014 2123 5061 tua:
2152 5018 2210 5064 et

640 5084 943 5153 proximum
978 5092 1127 5139 tuum
1158 5086 1297 5141 sicut
1328 5086 1585 5157 Ieipsum.
1614 5088 1871 5163 Dixitque
1902 5095 1979 5149 illi
2006 5115 2018 5150 :
2044 5097 2211 5157 Recte

643 5174 987 5241 respondisti,
1031 5175 1132 5229 hoc
1175 5176 1285 5243 fac,
1328 5186 1382 5231 et
1418 5178 1587 5234 vives.
1626 5200 1644 5232 ι
1680 5186 1956 5256 Arrogans
1989 5192 2206 5260 quidam

640 5265 986 5357 legis‘psrltus
1017 5266 1143 5331 fuit,
1194 5267 1303 5323 imo
1331 5272 1619 5339 superbus,
1675 5285 1733 5329 ut
1754 5291 1817 5331 ex
1853 5278 1937 5336 his
1968 5296 2087 5351 qua:
2119 5298 2203 5339 se-

636 5366 877 5426 quuntur
951 5357 1298 5411 manilestum
1359 5372 1478 5427 est,
1553 5364 1773 5435 insuper
1831 5379 1886 5423 et
1962 5371 2198 5428 dolosus.

636 5446 858 5501 Accedit
922 5446 1107 5517 itaque
1168 5458 1383 5505 tentans
1474 5451 1779 5511 Dominum.
1872 5460 2203 5530 Opinabatur

638 5539 782 5593 enim
836 5540 976 5608 quod
1052 5554 1117 5594 ex
1177 5546 1453 5611 responsis
1511 5549 1856 5617 supplantare
1916 5553 2201 5615 Dominum

638 5639 836 5700 posset.
878 5631 982 5686 Sed
1015 5632 1274 5688 Dominus
1303 5634 1451 5691 illum
1484 5639 1549 5691 ad
1593 5640 1762 5710 legem
1805 5646 1971 5712 ducit,
2009 5651 2061 5703 in
2095 5666 2199 5721 qua

716 5808 762 5839 "
790 5808 972 5865 Matth.
1008 5828 1196 5879 sxvtn,
1224 5813 1307 5867 l8.
1386 5817 1431 5849 “
1457 5818 1643 5874 Matth.
1688 5830 1805 5887 χιιι,
1854 5824 1911 5878 δ.

2312 4552 2507 4619 αὐτὸν,
2566 4554 2661 4608 καὶ
2713 4555 2929 4623 λέγων’
2966 4554 3301 4618 Διδάσκαλε,
3355 4555 3407 4607 τί
3460 4555 3692 4623 ποιήσας
3748 4555 3893 4625 ζωὴν

2311 4644 2523 4698 αἰώνιον
2549 4645 2973 4717 κληρονομήσω;
3008 4647 3069 4700 '0
3090 4646 3147 4699 δὲ
3173 4640 3295 4699 εἷπε
3326 4644 3460 4717 πρὸς
3484 4646 3668 4699 αὐτόν·
3702 4648 3793 4700 Ἐν
3818 4647 3893 4717 τῷ

2309 4734 2458 4804 νόμῳ
2488 4736 2541 4789 τί
2573 4737 2921 4809 γέγραπταις
2975 4737 3094 4801 πῶς
3124 4737 3556 4805 ἀναγινώσκεις;
3603 4737 3663 4790 '0
3677 4738 3733 4791 δὶ
3758 4740 3893 4791 ἀπο-

2310 4826 2519 4895 κριθεὶς
2553 4824 2705 4880 εἷπεν
2729 4843 2743 4858 ·
2786 4829 3117 4898 Ἀγαπήσεις
3153 4829 3357 4899 Κύριον
3398 4828 3655 4887 τὸνθεόν
3695 4846 3792 4883 σου
3831 4832 3890 4895 ἐξ

2308 4917 2437 4987 ὅλης
2474 4918 2573 4988 τῆς
2598 4919 2822 4989 καρδίας
2854 4937 2946 4973 σου
2968 4962 2983 4987 ,
3016 4923 3109 4973 καὶ
3136 4920 3197 4985 ἐξ
3226 4920 3353 4991 ὅλης
3394 4922 3497 4992 τῆς
3540 4921 3718 4992 ψυχῆς
3755 4939 3849 4975 σου
3870 4963 3887 4989 ,

2309 5010 2404 5061 καὶ
2434 5008 2493 5073 ἐξ
2516 5010 2641 5081 ὅλης
2664 5014 2762 5081 τῆς
2794 5012 2974 5081 ίσχύος
3006 5030 3120 5078 σου,
3154 5014 3250 5067 καὶ
3282 5015 3343 5078 ἐξ
3368 5012 3493 5081 ὅλης
3518 5014 3616 5083 τῆς
3647 5014 3888 5078 διανοίας

2308 5114 2401 5152 σου
2423 5138 2437 5163 ,
2469 5100 2564 5153 καὶ
2594 5100 2684 5155 τὸν
2715 5102 2940 5173 πλησίον
2968 5120 3063 5156 σου
3093 5102 3169 5167 ὡς
3201 5106 3414 5159 ἑαυτόν.
3441 5100 3576 5158 Eius
3601 5105 3659 5158 δὲ
3692 5106 3846 5176 αὐτῷ
3868 5123 3881 5137 ·

2317 5190 2521 5265 Ὀρθῶς
2552 5196 2856 5267 ἀπεκρίθης
2878 5212 2891 5225 '
2928 5198 3085 5251 τοῦτο
3112 5198 3291 5264 ποίει,
3327 5200 3422 5252 καὶ
3451 5200 3612 5270 ζήσῃ.
3660 5219 3679 5250 ι
3722 5200 3886 5253 Ἀλαι

2304 5286 2411 5350 ζών
2456 5303 2540 5350 τις
2573 5282 2641 5357 ἦν
2674 5289 2701 5340 6
2733 5288 2953 5358 νομικὸς
2979 5329 2993 5353 ,
3034 5291 3235 5361 μᾶλλον
3276 5291 3333 5344 δὲ
3378 5293 3762 5361 ὑπερήφανος,
3810 5292 3886 5356 ώς

2303 5378 2365 5429 ὲκ
2390 5378 2498 5431 τῶν
2529 5376 2657 5447 ἑξῆς
2678 5377 2975 5443 δείκνυται,
3014 5382 3075 5433 οὐ
3110 5382 3269 5451 μόνον
3294 5383 3371 5447 δὲ,
3400 5382 3535 5435 ἀλλά
3562 5382 3658 5435 καὶ
3688 5384 3881 5446 δόλιος.

2307 5470 2563 5540 Πρόσεισι
2588 5470 2718 5537 γοῦν
2742 5472 3085 5542 ἐκπειράζων
3108 5474 3198 5526 τὸν
3235 5474 3460 5545 Κύριον.
3496 5475 3653 5545 ᾭετο
3678 5473 3788 5545 γὰρ
3812 5475 3885 5538 ὡς

2306 5562 2652 5616 ὑποσκελίσει
2677 5562 2858 5629 αὑτὸν,
2892 5563 2950 5629 ἐξ
2982 5560 3056 5619 ὧν
3080 5565 3146 5619 ἂν
3173 5566 3307 5637 πρὸς
3333 5568 3496 5620 αὑτὸν
3527 5566 3881 5641 ἀποκριθείη.

2318 5654 2455 5706 Ἀλλ’
2485 5658 2513 5708 6
2559 5654 2764 5726 Κύριος
2811 5658 2905 5711 ἐπὶ
2936 5658 3026 5711 τὸν
3057 5658 3221 5729 νόμον
3246 5658 3409 5714 αὑτὸν
3441 5658 3649 5730 ἀπάγει
3673 5699 3691 5730 ,
3727 5661 3815 5729 ἀφ’
3839 5654 3883 5731 ᾧ
