4110 6332
270 414 382 479 845

1016 408 1459 476 ΕΝΑΗΚᾹΤΙΟ
1498 414 1575 473 1N
1620 408 2120 476 EVANGELIUM
2164 411 2393 473 [ΗΒΕ
2436 437 2504 448 -
2544 413 2705 474 CAP.
2742 411 2816 474 X.

3446 410 3553 475 816

278 528 427 598 μέγα
450 526 793 596 ὲόρενθύετο.
823 527 963 598 Ὅρα
988 526 1044 579 δὲ
1081 527 1180 596 τὴν
1218 526 1311 579 τοῦ
1346 526 1512 596 νόμου
1547 526 1853 596 ἀκρίϐειαν,

1966 530 2099 583 mire.
2138 528 2495 598 gloriabatur.
2534 527 2666 582 Vide
2700 538 2881 583 autem
2910 535 3117 597 quanto
3147 527 3334 583 studio
3358 529 3547 598 jube..t

269 619 396 682 πῶς
428 618 639 672 κελεύει
668 620 887 689 ἀγαπᾷν
919 619 1010 670 τὸν
1042 617 1197 671 Θεόν.
1240 619 1297 670 '0
1332 617 1621 689 ἄνθρωπος
1650 618 1856 671 τελειό-

270 712 433 781 τερόν
470 712 584 764 ἐστι
637 711 856 765 πάντων
904 709 1012 762 τῶν
1057 711 1412 777 κτισμάτων,
1457 708 1712 778 μετέχων
1758 708 1859 778 μὲν

274 806 368 856 καῖ.
401 804 582 857 αὐτῶν
629 802 879 870 πάντων,
912 803 1051 872 ἔχων
1083 801 1142 855 δέ
1177 820 1229 854 τι
1262 802 1357 855 καὶ
1400 801 1702 873 ἐξαίρετον,
1745 796 1858 855 οἷόν

272 911 331 949 τι
372 894 539 963 λέγω·
577 894 810 964 Μετέχει
850 894 945 948 καὶ
988 891 1084 946 τοῦ
1112 892 1296 945 λίθου’
1337 890 1453 962 ἔχει
1483 892 1593 963 γὰρ
1626 890 1854 962 τρίχας,

270 989 495 1058 ὄνυχας,
531 986 836 1056 ἀναίσθητα
860 986 1012 1052 ὅντα,
1039 985 1229 1056 ὥσπερ
1256 988 1284 1039 ὁ
1304 984 1471 1048 λίθος.
1495 986 1731 1055 Μετέχει
1763 982 1859 1037 καὶ

270 1080 369 1132 τοῦ
414 1080 604 1147 φυτοῦ,
656 1078 794 1133 καθὸ
832 1077 1076 1143 αὒξεται,
1114 1080 1208 1131 καὶ
1245 1078 1528 1148 τρέφεται,
1564 1076 1659 1130 καὶ
1694 1076 1859 1146 γεννᾷ.

269 1169 337 1222 τὸ
388 1169 602 1238 ὅμοιον,
655 1170 843 1242 ὥσπερ
884 1170 1081 1224 καὶτὰ
1124 1169 1287 1240 φυτά.
1323 1170 1559 1239 Μετέχει
1607 1170 1701 1221 καὶ
1749 1167 1856 1221 τῶν

270 1260 509 1326 ἀλόγων,
557 1260 689 1315 καθὸ
715 1262 827 1333 εχει
854 1262 953 1324 τὰς
980 1261 1285 1332 αἰσθήσεις,
1316 1260 1410 1312 καὶ
1442 1258 1733 1328 θυμοῦται,
1763 1261 1858 1313 καὶ

273 1352 555 1422 ἐπιθυμεῖ.
599 1352 832 1423 Μετέχει
855 1352 913 1406 δὲ
940 1353 1036 1405 καλ⁵
1061 1351 1199 1405 Θεοῦ
1228 1353 1382 1422 παρά
1409 1354 1590 1407 πάντα
1622 1354 1691 1407 τὰ
1719 1353 1856 1407 ἄλλα

272 1442 414 1506 ζῶα,
456 1443 597 1495 κατὰ
647 1442 746 1512 τὴν
794 1443 989 1513 νοεράν
1021 1444 1223 1514 ψυχήν.
1266 1444 1449 1498 Θέλων
1491 1443 1583 1498 οὖν
1611 1444 1784 1508 δεῖξαι
1830 1446 1859 1497 ὁ

272 1536 459 1604 νόμος,
509 1536 589 1589 ὅτι
632 1534 713 1587 δεῖ
742 1535 832 1587 τὸν
875 1533 1164 1603 ἄνθρωπον
1196 1535 1318 1587 ὅλον
1348 1534 1417 1588 δι’
1465 1535 1587 1588 ὅλου
1640 1536 1854 1603 ἑαυτὸν,

269 1627 459 1680 δσῦναι
498 1628 648 1697 θεῷ,
692 1628 784 1680 καὶ
831 1628 1013 1691 πάσας
1059 1629 1157 1690 τὰς
1210 1629 1449 1699 ψυχικὰς
1484 1629 1745 1701 δυνάμεις
1779 1632 1860 1693 είς

268 1721 374 1792 τὴν
415 1721 634 1791 ἀγάπην
663 1720 758 1773 τοῦ
782 1722 917 1774 Θεοῦ
948 1720 1246 1786 ἀναλῶσαι,
1276 1721 1365 1774 διὰ
1399 1722 1499 1791 μὲν
1532 1723 1624 1777 τοῦ
1654 1725 1853 1786 εἰπεῖν,

270 1816 335 1879 ἐξ
364 1813 492 1886 ὅλης
532 1816 633 1884 τῆς
676 1814 920 1886 καρδίας,
960 1814 1061 1885 τὴν
1102 1814 1571 1886 σωματικωτέραν
1621 1816 1716 1870 καὶ
1758 1818 1857 1887 τὴν

269 1911 384 1971 τοῖς
423 1881 607 1977 (ῥυτοῖς
642 1881 850 1961 οίκείαν
894 1881 1130 1978 ἐδήλωσε
1156 1881 1409 1977 δύναμιν.
1448 1881 1548 1962 Ᾰιά
1573 1908 1630 1962 δὲ
1661 1908 1756 1963 τοῦ
1796 1881 1855 1977 ἐξ
1888 1881 1930 1937 Β

268 2000 404 2071 ὅλης
436 2000 536 2068 τῆς
582 2000 791 2070 ψυχῆς,
840 2001 939 2071 τὴν
1001 2000 1175 2069 μέσην
1229 2001 1325 2053 καὶ
1364 2002 1475 2064 τοῖς
1519 2000 1857 2071 αίσθητικοῐς

271 2093 644 2164 ἁρμόζουσαν.
683 2093 781 2147 Διὰ
811 2093 868 2146 δὲ
917 2091 1009 2146 τοῦ
1062 2091 1121 2157 ἐξ
1167 2093 1295 2164 ὅλης
1342 2095 1441 2164 τῆς
1481 2092 1748 2158 διανοίας,
1796 2092 1856 2146 τὸ

274 2186 569 2240 ίδιαίτατον
598 2186 692 2239 τοῦ
725 2186 1016 2257 ἀνθρώπου
1044 2186 1143 2257 τὴν
1177 2186 1369 2258 γοερὰν
1398 2186 1577 2258 ψυχὴν
1607 2188 1854 2258 κατεμή-

270 2296 421 2333 νυσε.
454 2280 526 2331 Τὸ
554 2280 611 2332 δὲ
636 2279 693 2343 ἐξ
715 2278 844 2348 ὅλης
875 2280 971 2348 τῆς
1014 2278 1220 2348 ίσχύος,
1253 2280 1334 2343 είς
1365 2280 1543 2333 πάντα
1572 2280 1751 2334 ταῦτα
1778 2280 1857 2333 δεῖ

270 2372 419 2439 ἡμᾶς
453 2371 650 2423 ἕλκειν.
679 2372 771 2423 Δεῖ
801 2371 910 2441 γὰρ
941 2373 1088 2441 ἡμᾶς
1124 2372 1219 2425 καὶ
1240 2371 1339 2443 τὴν
1368 2371 1601 2442 φυτικὴν
1628 2371 1857 2441 δύναμιν

267 2467 370 2531 τῆς
397 2465 574 2535 ψυχῆς
600 2466 921 2519 ὑποτάττειν
945 2469 1010 2536 τῇ
1037 2466 1225 2540 ἀγάπῃ
1254 2468 1345 2520 τοῦ
1383 2465 1643 2538 Χριστοῦ.
1694 2466 1857 2520 Ἀλλά

271 2555 389 2617 πῶς
414 2568 443 2619 ;“
497 2556 794 2628 ἰσχυρῶς,
842 2555 979 2610 ἀλλά
1026 2557 1101 2627 μὴ
1148 2558 1546 2629 ἐκλελυμένως.
1604 2559 1713 2611 Καὶ
1757 2557 1857 2628 τὴν

269 2648 597 2720 αἰσθητικὴν
622 2689 636 2714 ,
679 2652 775 2704 καὶ
804 2651 1009 2719 ταύτην
1058 2650 1294 2721 ἰσχυρῶς
1319 2693 1333 2716 ,
1369 2653 1461 2704 καὶ
1495 2652 1592 2722 τὴν
1622 2652 1817 2721 νοεράν
1837 2694 1851 2716 ,

271 2743 369 2795 καὶ
394 2743 597 2811 ταύτην
621 2741 681 2806 ἐξ
711 2741 836 2813 ὅλης
862 2743 959 2811 τῆς
995 2744 1199 2813 ἰσχύος.
1228 2744 1390 2796 Ὥστε
1427 2744 1580 2807 ὅλους
1629 2746 1857 2807 ἑαυτοὺς

268 2834 562 2902 ὀφείλομεν
617 2834 819 2887 διδόναι
858 2834 1014 2904 Θεῷ,
1054 2838 1149 2888 καὶ
1199 2836 1557 2899 ὑποτάττειν,
1607 2838 1701 2888 καὶ
1758 2836 1855 2906 τὴν

271 2927 617 2998 θρεπτικὴν,
673 2928 768 2983 καὶ
834 2928 933 2997 τὴν
983 2928 1309 2996 αἰσθητικὴν
1371 2930 1464 2981 καὶ
1508 2928 1857 2998 διανοητικὴν

270 3021 432 3091 ἡμῶν
465 3021 695 3091 δύναμιν
721 3023 787 3092 τῇ
818 3021 1008 3093 ἀγάπῃ
1040 3020 1132 3073 τοῦ
1162 3021 1318 3074 Θεοῦ.
1360 3022 1470 3075 Καὶ
1500 3021 1589 3074 τὶν
1628 3021 1855 3091 πλησίον

274 3132 373 3168 σου
410 3114 486 3176 ὡς
526 3113 768 3168 σεαυτόν.
818 3112 876 3166 '0
912 3115 1074 3182 νόμος
1104 3112 1259 3167 οὔπω
1298 3115 1367 3167 τὰ
1407 3115 1587 3167 τέλεια
1622 3115 1857 3185 δυνάμε-

271 3224 363 3268 νος
395 3205 666 3258 διδάσκειν
701 3205 787 3257 διὰ
835 3206 896 3257 τὸ
937 3206 1207 3276 νηπιῶδες
1241 3207 1350 3259 τῶν
1391 3208 1730 3270 ἀκουόντων,
1764 3207 1856 3259 τὴν

273 3297 503 3365 πλησίον
537 3298 756 3366 ἀγαπᾷν
788 3297 1155 3367 προτρέπεται
1182 3298 1257 3361 ὼς
1287 3298 1497 3351 ἑαυτὸν.
1544 3299 1603 3353 Ὀ
1633 3299 1688 3351 δὲ
1725 3300 1857 3368 Χρι-

276 3388 399 3450 στὸς
436 3390 527 3440 καὶ
561 3387 702 3456 ὑπὲρ
733 3388 925 3440 ἑαυτὸν
967 3390 1191 3459 ἀγαπᾷν
1222 3384 1321 3442 ’τὸν
1354 3390 1583 3460 πλησίον
1610 3390 1816 3453 ἐδίδαξε
1839 3407 1852 3420 ·

274 3478 519 3543 Μείζοία
549 3481 657 3549 γὰρ
707 3479 907 3550 ταύτης
961 3482 1216 3551 ἀγάπην,
1260 3483 1425 3549 φησι,
1470 3484 1569 3534 οὐκ
1619 3482 1733 3552 ἔχει
1773 3498 1888 3544 τις·

273 3573 469 3637 δεῖξαι,
500 3573 533 3644 ἢ
580 3572 787 3636 ἴνα-τις
814 3573 913 3640 τὴν
940 3572 1119 3645 ψυχὴν
1154 3575 1317 3628 αὑτοῦ
1355 3576 1420 3645 θῇ
1461 3575 1600 3646 ὑπὲρ
1626 3576 1734 3629 τῶν
1766 3579 1855 3643 φί-

274 3666 385 3718 λων
418 3665 604 3718 αύτοῦ.
635 3666 797 3733 Λέγει
816 3664 908 3719 οἷν
928 3667 1061 3737 προς
1089 3667 1177 3719 τὸν
1204 3668 1446 3735 νομικόν
1490 3668 1696 3737 Ὀρθῶς
1729 3670 1859 3720 ἀπε.

275 3755 491 3826 κρίθης.
544 3757 695 3809 Ἐπεὶ
725 3759 855 3827 γὰρ,
887 3758 1071 3825 φησιν,
1121 3758 1199 3810 ἔτι
1230 3759 1308 3827 τῷ
1342 3761 1491 3828 νόμῳ
1532 3760 1849 3813 ὑπόκεισαιι

274 3849 452 3922 ὀρθῶς
482 3849 751 3922 ἀποκρίνῃ
772 3867 788 3885 ·
815 3853 962 3906 ,κατὰ
994 3851 1083 3905 τὸν
1117 3854 1280 3921 νόμον
1307 3855 1413 3925 γὰρ
1444 3858 1673 3923 φρονεῖς.

361 4054 379 4086 ι
438 4033 497 4086 '0
534 4034 593 4087 δὲ
649 4033 817 4086 θέλων
868 4033 1112 4087 δικαιοῦν
1147 4036 1379 4097 ἑαυτὸν,
1425 4030 1545 4086 εἷπε
1601 4035 1736 4104 πρὸς
1769 4034 1859 4089 τὸν

289 4128 520 4200 Ὶησοῦνο
553 4129 663 4181 Καὶ
690 4127 771 4188 τίς
806 4128 922 4179 ἐστι
952 4144 1052 4197 μου
1086 4127 1349 4197 πλησίον;
1401 4126 1719 4180 ’Υπολαϐὼν
1744 4127 1798 4180 δὲ
1832 4130 1859 4180 ὁ

288 4220 537 4294 Ἰησοῦς,
600 4215 792 4272 εἶπεν·
833 4218 1154 4288 ’Ἄνθρωπός
1213 4236 1297 4280 τις
1370 4218 1691 4272 κατέύαινεν
1754 4219 1860 4272 ἀπὸ

288 4311 652 4385 Ἰερουσαλὴμ
688 4313 768 4374 είς
823 4309 1066 4381 Ἱεριχὼ,
1105 4312 1196 4364 καὶ
1231 4310 1459 4381 λῃσταῖς
1494 4311 1857 4381 περιέπεσεν,

274 4406 327 4460 οἳ
370 4405 469 4459 καὶ
502 4403 823 4465 ἐκδύσαντες
862 4403 1024 4455 αὐτὸν
1050 4442 1064 4464 ,
1111 4402 1205 4455 καὶ
1253 4402 1467 4470 πληγὰς
1503 4403 1819 4473 περιθέντες
1843 4444 1858 4469 ,

275 4498 543 4570 ἀπῆλθον,
591 4498 821 4565 ἀφέντες
857 4495 1098 4567 ἡμιθανῆ
1140 4497 1497 4565 τυγχάνοντα.
1541 4497 1695 4549 Κατά
1724 4513 1858 4565 συγ-

1962 621 2045 675 lex
2082 620 2245 673 Deum
2276 635 2485 676 amare.
2542 620 2715 675 llmno
2748 627 3125 675 creaturarum
3165 622 3408 675 omnium
3468 636 3555 677 est

1962 712 2395 780 perl‘ettissimus
2449 723 2503 767 et
2559 712 2833 784 particeps
2892 721 3104 767 natura:
3159 712 3448 775 omnium,
3498 725 3556 766 et

1959 811 2221 872 pneterea
2272 804 2527 872 quiddam
2576 802 2868 859 sublimius
2902 801 3130 859 habens.
3188 801 3261 857 Ut
3312 804 3549 871 exempli

1961 897 2133 965 gratia
2178 897 2306 965 quid
2341 895 2518 952 dicam
2546 914 2559 949 :
2592 895 2872 963 Particeps
2918 904 2999 949 est
3054 902 3265 950 natura:
3309 894 3550 963 lapidis:

1962 989 2125 1044 habet
2155 989 2302 1045 enim
2336 989 2563 1059 capillos
2598 998 2653 1044 et
2682 1001 2912 1057 ungues,
2942 1002 3063 1057 quae
3093 987 3372 1043 insensata
3402 1000 3548 1055 sunt,

1961 1083 2420 1152 quemadmodum
2456 1082 2615 1151 lapis.
2645 1081 2928 1151 l’articeps
2958 1090 3043 1137 est
3075 1092 3129 1137 et
3159 1091 3371 1136 natura;
3398 1082 3555 1151 plan-

1963 1185 2162 1238 tarum,
2189 1174 2489 1229 secundum
2516 1174 2659 1241 quod
2688 1175 2889 1229 crescit
2913 1181 2969 1228 et
3001 1172 3261 1241 nutritur,
3294 1188 3358 1228 ac
3381 1173 3554 1243 gignit

1962 1265 2063 1321 sibi
2099 1266 2279 1321 simile
2319 1266 2423 1337 (α),
2470 1267 2614 1321 sicut
2673 1275 2729 1320 et.
2762 1267 2976 1336 plantre.
3030 1265 3315 1336 Partieeps
3362 1276 3446 1322 est
3500 1278 3556 1320 et

1963 1368 2172 1414 natura:
2206 1359 2515 1421 brutorum,
2552 1360 2854 1414 secundum
2881 1360 3023 1429 quod
3057 1358 3218 1413 lrabet
3253 1375 3470 1422 sensus,
3500 1368 3555 1413 et

1964 1454 2244 1520 irascitur,
2302 1470 2357 1508 et
2406 1454 2762 1522 concupiscit.
2820 1454 3099 1523 Particeps
3146 1462 3233 1509 est
3281 1463 3460 1508 autem
3500 1462 3555 1505 et

1966 1543 2058 1599 Dci
2093 1545 2249 1614 juxta
2304 1546 2625 1600 rationalem
2674 1546 2954 1611 animam,
2993 1560 3156 1614 supra
3209 1546 3392 1600 omnia
3445 1545 3549 1599 aiia

1965 1638 2289 1692 animantia.
2324 1637 2516 1706 Itaque
2551 1637 2634 1691 lex
2667 1638 2958 1693 ostendere
2998 1637 3184 1695 volens
3214 1639 3355 1706 quod
3387 1637 3552 1692 homo

1964 1730 2157 1785 debeat
2191 1744 2313 1784 sese
2356 1738 2526 1784 totum
2558 1731 2775 1783 tradere
2809 1730 2941 1796 Deo,
2988 1740 3043 1785 et
3071 1744 3260 1784 onmes
3288 1730 3553 1785 animales

1964 1824 2193 1877 virtutes
2224 1822 2499 1875 insumere
2550 1820 2601 1874 in
2652 1821 2997 1876 dilectionem
3054 1820 3171 1885 Dei,
3221 1835 3287 1875 eo
3327 1820 3550 1890 quidem

1963 1914 2105 1984 quod
2139 1914 2300 1981 dixit,
2359 1928 2425 1968 ex
2482 1924 2597 1969 toto
2644 1913 2831 1979 corde,
2888 1912 3218 1969 crassiorem
3264 1923 3318 1967 et
3353 1914 3554 1981 plantis

1964 2010 2239 2081 propriam
2272 2008 2572 2063 declaravit
2599 2008 2883 2063 virtutem.
2944 2006 3182 2063 Dieendo
3232 2015 3453 2071 autem,
3483 2023 3553 2064 ex

1964 2114 2079 2158 tota
2115 2104 2315 2168 anima,
2343 2104 2574 2158 mediam
2605 2102 2869 2165 ostendit,
2904 2110 2957 2156 et
2980 2102 3219 2157 sensatis
3246 2117 3552 2172 congruen-

1962 2205 2092 2251 tem.
2134 2195 2240 2251 Per
2269 2202 2371 2250 hoc
2415 2205 2594 2249 autem
2647 2194 2789 2264 quod
2844 2194 2998 2258 dicit,
3055 2207 3122 2248 ex
3174 2203 3283 2249 tota
3343 2202 3549 2254 mente.

1962 2288 2170 2346 homini
2201 2288 2439 2342 maxime
2466 2287 2744 2357 propriam
2774 2285 2882 2337 vim
2927 2284 3277 2356 signiﬁcavit,
3308 2285 3548 2338 animam

1962 2382 2308 2438 rationalem.
2351 2380 2516 2436 Porro
2552 2379 2696 2449 quod
2729 2378 2892 2442 dicit,
2931 2392 2995 2432 ex
3042 2385 3156 2432 tota
3205 2375 3549 2440 fortitudlne,

1961 2476 2028 2530 ad
2080 2475 2262 2531 omnia
2312 2474 2429 2529 haec
2490 2471 2831 2528 trahendum.
2888 2469 3116 2539 Oportet
3170 2469 3315 2524 enim
3368 2484 3467 2523 nos
3496 2478 3553 2522 et

1963 2567 2263 2621 naturalettt
2300 2581 2363 2620 ac
2401 2565 2763 2635 vegetativam
2793 2564 3047 2617 virtutem
3077 2562 3349 2632 subjicere
3378 2562 3551 2617 dilec-

1964 2660 2094 2713 tioni
2126 2658 2355 2713 Christi.
2394 2658 2503 2713 Sed
2530 2656 2848 2727 quomodo?
2884 2656 3123 2711 Fortiter
3152 2666 3206 2711 et
3238 2671 3343 2710 non
3380 2655 3553 2709 disso-

1961 2751 2092 2804 late.
2125 2749 2190 2804 Et
2231 2749 2575 2811 sensiLivam,
2620 2758 2787 2818 atque
2834 2748 2981 2803 illaut
3032 2747 3269 2802 fortiter.
3307 2745 3552 2811 Denique

1960 2848 2017 2892 ct
2050 2838 2391 2912 rationalem,
2432 2847 2595 2905 atque
2647 2836 2793 2889 illam
2841 2851 2907 2890 ex
2946 2845 3055 2890 tota
3098 2836 3321 2890 virtute.
3376 2835 3553 2903 Mque

1961 2933 2036 2986 ita
2068 2930 2347 2999 debemus;
2377 2943 2477 2983 nos
2532 2937 2676 2983 totos
2718 2926 2853 2981 dare
2900 2925 3032 2994 Deo,
3080 2925 3458 2994 subjicereque
3498 2935 3556 2978 et

1963 3023 2302 3089 nutritivatn,
2340 3031 2394 3075 et
2424 3022 2768 3086 sensitivam,
2821 3029 2876 3075 et
2928 3018 3249 3074 ratiOnalem
3301 3028 3550 3073 nosuam

1961 3116 2223 3169 virtutem
2256 3114 2533 3169 dileCliOIIl
2569 3112 2688 3167 Dei.
2736 3111 2803 3166 Et
2850 3112 3161 3182 proximum
3217 3121 3367 3165 tuum
3408 3110 3555 3166 sicut

1904 3230 1926 3285 ι
1964 3209 2213 3276 teipsum.
2258 3204 2370 3259 Lex
2422 3206 2658 3259 nondum
2706 3202 2894 3258 valens
2950 3202 3194 3274 perfecta
3251 3202 3450 3257 docere
3481 3202 3552 3255 ob

1965 3300 2274 3352 auditorum
2301 3296 2688 3366 puerilitatem,
2713 3295 3029 3365 proximum
3052 3293 3280 3365 diligere
3300 3296 3554 3349 hortatur

1966 3402 2021 3446 ut
2067 3391 2325 3462 seipsum.
2380 3387 2635 3444 Christus
2679 3397 2860 3442 autem
2900 3397 2953 3442 et
2988 3387 3276 3457 plusquam
3312 3387 3553 3453 seipsum

1964 3482 2189 3551 diligere
2226 3480 2529 3549 proximum
2565 3478 2767 3533 docuit.
2796 3476 3052 3547 Majorem
3082 3476 3227 3532 enim
3259 3476 3363 3531 hac
3389 3475 3556 3530 dilec-

1964 3576 2189 3639 tionem,
2254 3572 2449 3643 inquit,
2506 3586 2666 3627 nemo
2696 3572 2956 3627 exhibere
3021 3578 3222 3640 potest,
3281 3587 3444 3642 quam
3495 3583 3556 3627 nt

1964 3668 2203 3720 animam
2252 3682 2403 3719 suam
2452 3672 2617 3734 ponat
2654 3665 2779 3732 quis
2826 3679 2924 3735 pro
2981 3664 3171 3719 amicis
3220 3664 3355 3719 suis.
3414 3665 3556 3718 Dicit

1962 3758 2127 3827 Igitur
2149 3757 2213 3811 ad
2242 3756 2635 3826 legisperitum,
2658 3756 2827 3811 Recte
2853 3756 3199 3825 respondisti.
3222 3753 3356 3819 Quia
3380 3758 3553 3823 enim,

1965 3852 2147 3904 dicere
2179 3850 2315 3914 vult,
2357 3850 2457 3918 legi
2494 3849 2673 3905 adhuc
2704 3848 2983 3917 subjectus
3020 3863 3101 3914 cs,
3138 3859 3287 3904 recte
3325 3863 3553 3919 [CSpOH-

1965 3940 2089 3995 tlisti
2114 3957 2128 4009 ;
2158 3942 2314 4010 juxta
2348 3940 2517 4009 legem
2551 3941 2696 3995 enim
2723 3941 2892 4009 sapis.

2037 4031 2204 4086 Vens.
2229 4032 2420 4089 29-57.
2459 4053 2478 4084 ι
2520 4033 2615 4087 Ille
2661 4043 2842 4086 autem
2882 4033 3069 4088 volens
3093 4034 3399 4104 jnsliiicat‘e
3447 4036 3558 4088 56"—

1966 4141 2142 4196 psum,
2175 4126 2316 4180 dixit
2349 4127 2415 4180 ad
2444 4125 2629 4181 Jesum
2659 4144 2671 4180 :
2707 4125 2772 4179 Et
2798 4126 2924 4195 quis
2954 4138 3036 4181 est
3062 4142 3215 4182 meus
3241 4128 3504 4196 proxima
3534 4132 3558 4182 Υ

1964 4219 2317 4287 Respondeas
2350 4231 2531 4273 autem
2557 4218 2738 4282 Jesns,
2774 4219 2946 4273 dixit:
2975 4218 3147 4273 llomo
3180 4221 3399 4289 quidam
3433 4223 3557 4275 des-

1964 4309 2227 4364 cendebat
2278 4309 2347 4362 ab
2393 4308 2785 4380 Hierosolymis
2829 4310 2880 4363 itt
2937 4309 3215 4374 lliericlto,
3264 4319 3318 4364 et
3364 4312 3557 4364 incidit

1966 4400 2017 4453 itt
2054 4400 2316 4463 latrones,
2343 4402 2430 4470 qui
2462 4401 2624 4454 etiam
2651 4402 3092 4470 despoliaverunt
3133 4417 3257 4455 eum
3287 4403 3552 4465 vestibus,

1967 4507 2031 4547 ac
2061 4492 2378 4547 vulneribus
2426 4491 2645 4547 inﬂictis
2678 4493 2931 4547 abierunt
2979 4494 3339 4548 semimortuo
3389 4494 3556 4566 3&9

274 4591 476 4661 κυρίαν
504 4590 559 4643 δὲ
612 4590 787 4658 ἱερεύς
822 4606 903 4651 τις
948 4587 1267 4641 κατέϐαινεν
1297 4588 1356 4639 ὲν
1388 4590 1452 4658 τῇ
1491 4588 1596 4659 6δῷ
1631 4589 1817 4662 ἐκείνῃ
1842 4630 1857 4653 ,

1966 4585 2182 4639 delicto.
2220 4583 2433 4639 Accidit
2470 4595 2648 4638 autem
2696 4594 2756 4638 ut
2790 4587 3050 4639 sacerdos
3076 4585 3295 4654 quidam
3325 4589 3522 4639 descent
3544 4616 3557 4624 λ

274 4684 372 4737 καὶ
404 4680 530 4734 ἰδὼν
560 4680 723 4733 αὐτὸν
752 4678 1177 4749 ἀντιπαρῆλθεν.
1216 4678 1459 4745 Ὂμοίως
1486 4678 1542 4731 δὲ
1572 4678 1667 4732 καὶ
1698 4679 1862 4731 Λευί-

275 4793 378 4845 της
403 4773 698 4844 γενόμενος
725 4772 868 4826 κατά
890 4772 980 4824 τὸν
1014 4771 1179 4824 τόπον
1206 4770 1393 4833 ἐλθὼν,
1420 4773 1515 4825 καὶ
1552 4771 1675 4825 ἰδὼν
1702 4772 1863 4827 αὐτὸν

276 4868 669 4937 ἀντιπαρῆλοε.
716 4864 1065 4934 Σαμαρείτης
1105 4863 1161 4916 δὲ
1210 4863 1412 4916 ὁδεύων
1445 4859 1577 4934 ἦλθε
1614 4866 1736 4917 κατ’
1766 4866 1862 4917 αύ-

273 4962 391 5023 τὺν,
433 4960 528 5013 καὶ
572 4959 696 5011 ίδὼν
738 4956 1181 5026 ἐσπλαγχνίσθη,
1212 4958 1304 5009 καὶ
1348 4956 1665 5027 προσελθὼν
1704 4958 1864 5011 κατέ-

274 5054 409 5123 δησε
438 5052 506 5106 τά
534 5051 824 5121 τραύματα
853 5048 1017 5102 αὑτοῦ
1036 5091 1049 5112 ,
1083 5049 1320 5118 ἐπιχέων
1351 5049 1530 5101 ἔλαιον
1560 5049 1655 5101 καὶ
1699 5045 1860 5106 οἶνον.

291 5145 592 5206 Ἐπιϐἀσας
639 5143 697 5196 δὲ
746 5142 907 5195 αὐτὸν
959 5141 1053 5195 ἐπὶ
1096 5141 1157 5195 τὸ
1192 5141 1323 5193 [διον
1373 5140 1607 5210 κτῆνος,
1657 5141 1864 5211 ἤγαγεν

278 5237 445 5291 αὑτὸν
470 5237 548 5297 είς
573 5234 909 5302 πανδοχεῖον,
940 5234 1035 5285 καὶ
1067 5230 1384 5301 ἐπεμελήθη
1411 5232 1601 5284 αὑτοῦ.
1637 5233 1747 5284 Καὶ
1775 5234 1867 5286 ἐπὶ

276 5328 380 5398 τὴν
407 5326 600 5396 αὔριον
636 5311 889 5392 ἐξελθὼν,
922 5322 1167 5377 ἐκϐαλὼν
1197 5324 1289 5376 δύο
1317 5324 1550 5394 δηνάρια
1580 5324 1747 5377 ἔδωκε
1788 5324 1866 5393 τῷ

278 5419 561 5488 πανδοχεῖ,
596 5417 689 5470 καὶ
721 5413 873 5469 εἶπεν
925 5416 1071 5485 αὐτῷ
1097 5433 1109 5445 ·
1151 5416 1543 5485 Ἐπιμελήθητι
1578 5416 1739 5470 αὑτοῦ
1764 5418 1858 5470 καὶ

277 5509 311 5562 ὅ
365 5526 419 5560 τι
449 5508 516 5562 ἀν
560 5509 1051 5580 προσδαπανήσῃς,
1095 5506 1204 5575 ἐγὼ
1244 5510 1302 5559 ἐν
1341 5507 1419 5575 τῷ
1459 5507 1858 5577 ἐπανέρχεσθαί

283 5617 389 5672 με,
421 5599 686 5654 ἀποδώσω
723 5617 824 5653 σοι.
862 5601 904 5653 Τ
912 5600 958 5661 ίς
985 5594 1079 5651 οὖν
1114 5598 1223 5651 τῶν
1258 5598 1426 5669 τριῶν
1455 5598 1684 5668 πλησίον
1716 5599 1862 5651 δοκεῖ

284 5709 369 5744 σοι
414 5693 695 5761 γεγονέναι
734 5691 826 5744 τοῦ
857 5690 1191 5762 ἐμπεσόντος
1232 5692 1308 5753 είς
1336 5690 1463 5752 τοὺς
1505 5690 1750 5761 λῃστάς;
1800 5691 1862 5743 Ὀ

356 5877 428 5944 (a)
460 5872 604 5929 Edit.
634 5871 755 5929 Litt.
786 5890 887 5930 non
916 5872 1099 5939 habet,
1127 5889 1188 5927 ac
1214 5870 1373 5941 gignit
1405 5870 1503 5926 sibi
1528 5868 1717 5925 simile.

1962 4676 2113 4729 deret
2143 4674 2331 4729 eadem
2364 4674 2473 4737 via,
2527 4676 2755 4744 visoque
2803 4676 2893 4730 illo
2933 4676 3215 4745 praeteriit.
3284 4674 3556 4729 Similiter

1964 4774 2015 4819 et
2051 4764 2241 4820 Levita
2291 4780 2415 4819 cum
2454 4766 2556 4819 iret
2602 4766 2756 4834 juxta
2795 4766 3005 4831 locum,
3045 4783 3109 4819 ac
3137 4769 3364 4821 vidisset
3396 4783 3553 4829 eum,

1964 4858 2249 4928 praeteriit.
2286 4857 2663 4911 Samaritanus
2693 4867 2873 4911 autem
2906 4858 3127 4927 quidam
3178 4859 3282 4912 iter
3323 4858 3552 4919 faciens,

1966 4952 2114 5005 venit
2145 4951 2210 5004 ad
2246 4967 2406 5004 eum:
2444 4961 2497 5003 et
2535 4950 2651 5005 viso
2682 4966 2748 5005 eo
2771 4991 2785 5013 ,
2819 4952 3193 5005 misericordia
3228 4963 3409 5006 motus
3448 4966 3553 5018 est,

1965 5055 2020 5096 et
2049 5045 2315 5098 accedens
2355 5043 2593 5113 alligavit
2627 5042 2846 5097 vulnera
2881 5044 3027 5112 ejus,
3059 5041 3347 5100 infundens
3373 5047 3551 5101 oleum

1967 5150 2031 5188 ac
2062 5137 2281 5188 vinum:
2315 5145 2368 5188 et
2402 5136 2687 5204 imponens
2741 5136 2890 5189 illum
2941 5136 2994 5189 in
3034 5151 3189 5191 suum
3224 5139 3555 5205 jumentum,

1965 5226 2121 5278 duxit
2148 5224 2201 5277 in
2228 5224 2613 5287 diversorium,
2638 5237 2693 5279 et
2714 5241 2903 5279 curam
2933 5226 3053 5296 ejus
3084 5228 3214 5297 egit.
3240 5227 3307 5281 Et
3337 5241 3558 5297 postero

1967 5317 2055 5370 die
2110 5317 2427 5387 egrediens,
2496 5316 2849 5387 depromptos
2901 5322 3037 5375 duos
3094 5322 3349 5376 denarios
3409 5323 3561 5375 dedit

1974 5409 2192 5479 hospiti,
2216 5418 2271 5463 et
2296 5409 2370 5460 ait
2397 5408 2445 5463 ei
2473 5427 2486 5461 :
2518 5408 2717 5463 Curam
2747 5402 2893 5463 illius
2921 5411 3097 5477 habe;
3124 5427 3177 5465 et
3201 5413 3565 5482 quodcunque

1972 5510 2235 5570 prteterea
2268 5503 2646 5569 insumpseris,
2678 5518 2777 5571 ego
2802 5520 2921 5557 cum
2952 5506 3164 5560 rediero
3190 5508 3412 5561 reddam
3440 5507 3557 5559 tibi.

1974 5594 2107 5660 Quis
2132 5610 2260 5666 ergo
2289 5596 2483 5650 horum
2521 5596 2681 5649 trium
2711 5596 2923 5650 videtur
2950 5600 3043 5653 tibi
3076 5602 3358 5671 proximus
3400 5599 3564 5652 fuisse

1975 5689 2050 5746 illi
2092 5690 2184 5759 qui
2212 5689 2406 5745 incidit
2435 5690 2485 5745 in
2522 5690 2809 5746 latrones?
2834 5692 2903 5745 At
2937 5692 3026 5749 ille
3060 5692 3190 5748 dixit
3219 5708 3232 5745 :
3270 5692 3372 5759 Qui
3404 5706 3563 5747 excr-
