4110 6332
647 387 702 443 F'l
716 384 746 445 7

1551 369 2120 432 'l.‘llEOPl-1YLACTI
2152 361 2557 426 BULGARL‘E
2597 357 2950 419 ARCIIIEP.

3779 344 3887 410 8ί8

650 519 758 554 .uit
791 499 1214 556 misericordiam
1257 495 1307 546 in
1341 493 1505 546 illum.
1556 490 1642 542 Ait
1686 488 1847 556 igitur
1895 485 1970 538 illi
2011 483 2197 538 Jcsus:

2307 477 2361 531 δὲ
2393 471 2542 528 εἶπεν
2569 492 2580 505 ο
2626 473 2681 526 '0
2705 473 2935 539 ποιήσας
2965 469 3023 521 τὸ
3046 467 3191 530 ἕλεος
3226 468 3340 536 μετ’
3373 465 3554 520 αὑτοῦ.
3591 458 3761 517 Εἶπεν
3789 464 3884 520 οὖν

651 595 816 657 Vade,
853 602 906 646 et
942 602 993 643 tu
1030 591 1109 642 fac
1156 585 1425 641 similiter.
1471 601 1487 633 ι
1541 581 1812 633 Laudatus
1857 593 1885 631 a
1925 576 2203 631 Salvatorc

649 682 1005 752 lagisperitus,
1033 676 1262 746 prodidit
1287 673 1624 728 insolentiam
1652 671 1837 723 animi.
1863 667 2198 722 Dixitenim:

649 776 712 833 Et
738 773 858 843 quis
889 783 972 825 est
1019 785 1169 824 meus
1209 768 1528 837 proximus?
1575 762 1930 819 Existimabat
1972 760 2114 814 enim
2145 777 2204 816 se

642 865 844 935 justum
905 877 1060 924 esse,
1118 860 1428 927 nullumque
1482 857 1680 910 habere
1727 855 1826 908 sibi
1872 852 2100 907 similem
2151 860 2204 906 et

647 955 952 1025 proximum
986 952 1180 1004 virtute
1207 968 1219 1001 :
1250 958 1447 1015 putans
1473 948 1643 1002 solum
1668 945 1873 1014 justum
1907 945 2050 1011 justo
2082 959 2203 1011 pro-

648 1047 850 1100 ximum
875 1058 1014 1098 esse.
1045 1042 1278 1096 Proinde
1305 1040 1488 1094 volens
1526 1037 1826 1105 justiﬁcare
1861 1038 2118 1102 scipsum,
2150 1042 2202 1087 et

647 1135 829 1191 extolli
876 1149 1037 1204 super
1080 1147 1268 1187 omnes
1302 1131 1566 1193 homines,
1600 1129 1946 1190 insolescens,
1980 1126 2156 1194 inquit
2185 1143 2199 1178 :

646 1230 712 1283 Et
741 1229 863 1298 quis
891 1237 973 1282 est
1014 1225 1286 1296 proximus
1332 1210 1520 1277 meus?
1547 1220 1797 1275 Salvator
1826 1228 2026 1284 autem,
2069 1232 2202 1285 quo-

647 1323 788 1374 niam
819 1320 1073 1376 Conditor
1101 1319 1212 1385 ipse
1244 1325 1360 1369 erat
1381 1353 1396 1379 ,
1450 1313 1628 1368 sciens
1676 1323 1790 1366 nos’
1824 1326 2010 1366 omnes
2041 1325 2200 1365 unam

645 1424 968 1476 creaturam,
1018 1427 1119 1464 non
1170 1409 1422 1479 operibus
1455 1421 1624 1477 neque
1671 1405 2056 1475 dignitatibus,
2109 1404 2202 1459 scd

644 1516 832 1561 natura
869 1503 1054 1558 detinit
1093 1503 1423 1574 proximum.
1472 1499 1551 1556 Ne
1590 1500 1751 1570 igitur
1783 1509 1956 1568 putes,
2005 1497 2201 1568 inquit,

642 1598 766 1668 quia
790 1598 968 1666 justus
997 1610 1076 1661 cs,
1125 1594 1266 1663 quod
1307 1592 1484 1648 nullus
1516 1592 1608 1646 tibi
1652 1591 1846 1646 similis
1888 1590 1979 1644 sit.
2006 1590 2202 1644 Omnes

642 1688 782 1742 enim
817 1686 908 1756 qui
944 1684 1186 1754 ejusdem
1237 1692 1444 1738 naturae
1487 1691 1630 1747 sunt,
1683 1681 1912 1752 proximi
1945 1680 2019 1733 tui
2054 1689 2197 1734 sunt.

645 1777 733 1832 Sis
762 1777 925 1848 igitur
957 1777 1191 1830 vicissim
1226 1784 1281 1829 et
1323 1783 1379 1827 tu
1428 1774 1529 1828 illis
1562 1774 1873 1843 proximus:
1921 1786 2026 1826 non
2061 1771 2196 1835 loco,

643 1868 736 1924 sed
765 1866 1047 1922 affectione
1076 1874 1131 1922 et
1156 1867 1332 1921 studio
1367 1881 1494 1934 erga
1525 1865 1662 1918 illos.
1697 1864 1904 1919 Idcirco
1935 1873 1987 1919 et
2012 1864 2202 1918 Sama-

643 1959 882 2012 ritanum
919 1958 1209 2012 introducit
1262 1958 1315 2010 in
1360 1956 1683 2024 exemplum,
1725 1964 1780 2008 nt
1815 1955 1909 2008 tibi
1940 1963 2198 2009 monstret

642 2049 784 2117 quod
825 2049 948 2102 licet
992 2051 1078 2101 hic
1106 2050 1211 2101 vita
1246 2049 1596 2116 discreparet,
1634 2046 1912 2114 proximus
1943 2054 2118 2100 tamen
2152 2044 2199 2100 ci

641 2148 756 2193 erat
781 2139 871 2206 qui
911 2138 1257 2192 miseratione
1282 2136 1497 2205 dignus.
1531 2135 1618 2190 Sic
1650 2144 1704 2188 et
1735 2144 1787 2188 tu
1828 2133 2200 2202 compassionc

641 2231 946 2298 proximum
982 2237 1031 2282 te
1079 2227 1153 2279 illi
1185 2225 1400 2289 exhibe,
1442 2236 1495 2280 et
1522 2237 1710 2294 sponte
1742 2241 1803 2278 ac
1839 2240 1942 2278 non
1982 2233 2200 2277 voratus

641 2322 693 2373 in
737 2321 881 2374 illius
910 2318 1424 2372 subsidium-curre.
1476 2316 1738 2371 Docemur
1791 2317 1954 2384 igitur
1998 2325 2050 2369 et
2098 2316 2200 2370 hoc

640 2409 760 2463 loco
795 2425 888 2477 per
914 2409 1225 2477 parabolatn
1274 2415 1336 2459 ut
1379 2409 1546 2474 parati
1598 2409 1763 2460 simus
1793 2409 1856 2460 ad
1892 2407 2200 2462 misericor-

639 2502 817 2563 diam,
870 2510 924 2553 et
955 2514 1212 2552 conemur
1259 2512 1378 2567 esse
1425 2497 1651 2565 proximi
1692 2497 1775 2550 his
1813 2499 1900 2564 qui
1958 2497 2200 2564 indigent

637 2601 824 2646 nostro
856 2591 1116 2644 subsidio.
1157 2588 1321 2644 Docet
1349 2598 1523 2642 autem
1553 2598 1605 2643 et
1634 2599 1830 2657 quanta
1863 2589 1954 2643 Dei
1990 2590 2200 2644 bonitas

639 2701 768 2757 et‘ga
803 2686 1069 2740 homines.
1112 2683 1478 2750 Descendebat
1517 2684 1657 2737 enim
1692 2685 1790 2736 hu:~
1824 2699 1922 2736 ana
1952 2695 2141 2738 natura
2171 2700 2199 2735 ιι

642 2775 1006 2838 Hierusalem,
1039 2776 1137 2829 hoc
1165 2784 1267 2839 est,
1300 2789 1328 2828 a
1371 2775 1656 2842 tranquilla
1698 2786 1752 2828 et
1801 2776 2019 2844 paciﬁca
2071 2777 2197 2830 vita.

638 2868 974 2921 Hierusalem
1028 2868 1170 2921 enim
1235 2867 1617 2935 interpretatur
1674 2867 1806 2920 visio
1859 2869 2026 2936 pacis.
2085 2868 2200 2934 Quo

639 2972 816 3015 autem
851 2958 1247 3015 descendebat?
1295 2958 1352 3010 In
1394 2959 1641 3013 Hiericho
1679 2959 1956 3020 humilem,
1999 2974 2198 3013 conca-

638 3068 781 3118 vatn,
816 3062 864 3106 ct
890 3061 1018 3106 testu
1041 3050 1412 3114 sulfucantcm,
1443 3051 1545 3103 hoc
1577 3059 1679 3115 est,
1713 3053 1874 3103 vitam
1906 3052 2200 3106 affectioni-

2307 568 2455 638 αὐτῷ
2483 569 2510 620 ὁ
2557 565 2761 635 Ἰησοῦς
2787 581 2800 595 ·
2840 562 3118 632 Πορεύου,
3180 559 3274 612 καὶ
3311 560 3372 612 σὺ
3406 560 3544 612 ποίει
3592 558 3818 625 ὁμοίως.
3861 576 3878 609 ι

2320 658 2655 720 Ἐπαινεθεὶς
2704 657 2809 710 ὑπὸ
2841 654 2933 709 τοῦ
2981 654 3232 724 Σωτῆρος
3260 653 3287 704 ὁ
3333 635 3580 720 νομικὸς,
3612 649 3707 720 τὴν
3751 651 3883 704 ἀλα-

2306 753 2514 818 ζονείαν
2544 749 2856 821 ἐξέρρηξεν.
2886 742 3023 798 Εἷπε
3057 745 3185 814 γάρ·
3221 741 3330 796 Kal
3355 742 3436 805 τίς
3467 742 3580 793 ἐστί
3613 758 3712 810 μου
3747 740 3884 810 πληο

2307 843 2450 907 σίον;
2479 843 2636 912 ᾯετο
2665 840 2771 909 γάρ
2806 840 2886 890 ὅτι
2923 837 3128 898 δίκαιος
3160 833 3254 897 ῶν,
3294 832 3481 884 ούδένα
3519 831 3664 901 ἔχειν
3695 832 3884 900 ὅμοιον

2306 935 2502 1005 ἑαυτῷ,
2544 934 2638 987 ml
2682 929 3050 1001 πλησιάζοντα
3089 926 3230 980 κατὰ
3258 926 3355 996 τὴν
3391 926 3610 996 ἀρετήν.
3649 925 3885 995 Πλησίον

2305 1029 2414 1098 γὰρ
2467 1026 2628 1096 μόνον
2675 1024 2899 1093 ἤλπιζεν
2951 1017 3092 1075 εἶναι
3140 1019 3230 1074 τὸν
3277 1019 3483 1073 δίκαιον
3535 1018 3614 1083 τῷ
3663 1019 3879 1086 δικαίῳ.

2305 1118 2486 1173 Θέλων
2513 1111 2604 1170 οὖν
2654 1114 2896 1169 δικαιοῦν
2939 1112 3129 1165 ἑαυτὸν
3179 1109 3273 1163 xal
3307 1109 3629 1178 ὑπεραίρειν
3663 1108 3883 1161 πάντων

2305 1209 2607 1281 ἀνθρώπων
2628 1249 2643 1273 ,
2676 1205 3131 1274 ἀλαζονευόμενός
3162 1218 3327 1272 φησί’
3356 1202 3464 1254 Καὶ
3493 1200 3577 1263 τίς
3625 1200 3740 1251 ὲστί
3779 1217 3882 1268 μου

2305 1300 2565 1372 πλησίον;
2604 1299 2661 1353 Ὀ
2682 1299 2738 1352 δὲ
2768 1297 2977 1367 Σωτὴρ,
3008 1297 3102 1350 ἆτε
3130 1295 3192 1366 δὴ
3223 1293 3457 1362 Ποιητὴς
3481 1291 3578 1358 ὣν,
3609 1293 3702 1344 ml
3726 1291 3885 1354 εἰδὼς

2306 1395 2512 1456 πάντας
2565 1391 2623 1445 ἓν
2672 1390 2931 1460 πλάσμα,
2966 1389 3027 1442 ού
3082 1389 3202 1451 ταῖς
3244 1385 3545 1457 πράξεσιν,
3601 1386 3722 1439 οὐδὲ
3769 1387 3885 1446 τοῖς

2306 1486 2629 1557 ἀξιώμασιν,
2661 1484 2796 1540 ἀλλά
2817 1485 2882 1554 τῇ
2910 1483 3069 1552 φύσει
3100 1481 3343 1552 ὁρίζεται
3383 1481 3475 1533 τὸν
3513 1478 3761 1548 πλησίον.
3789 1477 3882 1548 Μὴ

2304 1579 2411 1648 γὰρ
2440 1578 2648 1646 νόμιζε,
2679 1577 2863 1646 φησὶν,
2893 1577 2976 1629 ὅτι
3011 1573 3201 1643 ἐπειδὴ
3226 1572 3432 1635 δίκαιος
3467 1567 3537 1637 εί,
3582 1570 3755 1634 οὐδείς
3797 1569 3881 1622 σοί

2303 1671 2456 1724 ἐστιν
2483 1671 2685 1740 ὅμοιος.
2735 1667 2942 1730 Πάντες
2983 1666 3092 1737 γὰρ
3124 1666 3174 1718 οἱ
3212 1665 3311 1734 τῆς
3346 1663 3515 1734 αὐτῆς
3543 1661 3758 1732 φύσεως
3792 1678 3887 1713 κε-

2304 1763 2694 1832 κοινωνηκότες
2743 1760 2969 1831 πλησίον
3033 1760 3129 1813 σού
3169 1760 3300 1812 είσι.
3349 1757 3514 1810 Γενοῦ
3563 1757 3742 1809 τοίνυν
3788 1757 3885 1811 ml

2303 1858 2465 1921 αὐτὸς
2499 1856 2728 1927 πλησίον
2757 1856 2969 1920 αὐτοῖς,
3005 1855 3067 1908 ού
3110 1852 3188 1924 τῷ
3236 1852 3405 1923 τόπῳ,
3441 1851 3580 1905 ἀλλά
3610 1853 3675 1922 τῇ
3708 1850 3886 1904 διαθέ-

2304 1969 2386 2006 σει
2424 1953 2518 2005 ml
2542 1954 2608 2021 τῇ
2643 1953 2723 2013 είς
2753 1949 2950 2013 αὐτοὺς
2982 1947 3292 2019 ἐπιμελείᾳ.
3325 1947 3416 2000 Διὸ
3445 1946 3539 2000 καὶ
3572 1948 3662 2000 τὸν
3695 1947 3882 2016 Σαμα-

2305 2045 2489 2116 ρείτην
2530 2043 2734 2113 εἰσάγω
2772 2060 2852 2096 σοι
2895 2041 3030 2113 πρὸς
3074 2040 3406 2109 ὑπόδειγμα,
3445 2039 3530 2092 ἵνα
3565 2055 3648 2092 σοι
3697 2038 3878 2104 δείξω,

2302 2138 2385 2190 ὅτι
2419 2135 2605 2205 ὥσπερ
2659 2126 2813 2197 οὗτος
2854 2135 3128 2204 διαφέρων
3175 2131 3250 2204 τῷ
3285 2131 3414 2201 βίῳ,
3461 2131 3608 2202 ὅμως
3652 2131 3880 2199 πλησίον

2305 2228 2495 2296 γέγονε
2541 2225 2636 2278 τοῦ
2685 2225 2835 2289 ἀξίου
2894 2224 3222 2294 ἐλεηθῆναι,
3274 2221 3418 2277 οὕτω
3465 2223 3560 2275 ml
3597 2221 3660 2274 σὺ
3689 2221 3883 2290 ,δεῖξον

2305 2319 2528 2373 σεαυτὸν
2559 2317 2785 2388 πλησίον
2820 2321 2887 2390 τῇ
2919 2316 3259 2389 συμπαθείᾳ,
3300 2318 3395 2370 καὶ
3424 2315 3759 2384 αὐτόκλητος
3787 2315 3882 2368 ἐπὶ

2301 2409 2397 2480 τὴν
2438 2407 2690 2478 βοήθειαν
2743 2407 2947 2474 βάδιζε.
2999 2403 3377 2476 Διδασκόμεθα
3434 2399 3529 2457 οὖν
3567 2405 3664 2458 ml
3709 2402 3882 2455 ταῦτα

2301 2500 2388 2552 διὰ
2431 2500 2528 2563 τῆς
2558 2498 2874 2570 παραϐολῆς
2911 2501 3136 2568 ταύτης,
3178 2497 3239 2550 τὸ
3291 2496 3540 2568 ἑτοίμους
3573 2491 3715 2548 εἶναι
3745 2495 3883 2565 πρὸς

2303 2591 2449 2644 ἔλεον
2468 2631 2482 2656 ,
2517 2595 2610 2644 καὶ
2655 2590 2909 2644 σπεύδειν
2943 2590 3172 2660 πλησίον
3200 2589 3441 2658 γίνεσθαι
3471 2590 3578 2642 τῶν
3608 2588 3882 2656 δεομένων

2301 2684 2400 2752 τῆς
2439 2686 2568 2756 παρ’
2601 2684 2756 2755 ὴμῶν
2797 2683 3070 2754 βοηθείας.
3128 2682 3502 2752 Διδασκόμεθα
3539 2683 3596 2736 δὲ
3641 2685 3736 2736 καὶ
3782 2683 3882 2752 τὴν

2307 2776 2435 2845 περὶ
2459 2776 2550 2828 τὸν
2583 2777 2867 2845 ἄνθρωπον
2898 2775 3211 2845 ἀγαθότητα
3243 2775 3338 2828 τὀῦ
3373 2774 3532 2829 Θεοῦ.
3567 2774 3879 2828 Κατέϐαινε

2306 2867 2411 2937 γὰρ
2443 2869 2477 2934 ἡ
2509 2866 2825 2938 ἀνθρωπίνη
2859 2866 3022 2936 φύσις
3051 2867 3158 2920 ἀπὸ
3200 2866 3568 2936 Ἰερουσαλὴμ,
3628 2864 3880 2918 τουτέστι

2302 2959 2401 3026 τῆς
2437 2959 2799 3012 ἀστασιάστου
2851 2959 2944 3012 ml
2983 2957 3263 3029 είρηναίας
3301 2957 3597 3027 διαγωγῆς.
3644 2958 3880 3028 Ὂρασις

2305 3051 2410 3120 γὰρ
2455 3051 2676 3120 εἰρήνης
2728 3051 3089 3120 ἑρμηνεύεται
3144 3053 3176 3121 ἡ
3231 3050 3605 3120 Ἰερουσαλήμ.
3658 3051 3768 3103 Ποῦ
3823 3051 3876 3104 δὲ

636 3143 737 3198 bus
768 3144 996 3212 plenam.
1047 3142 1174 3196 Vide
1209 3151 1387 3195 autem
1418 3143 1557 3210 quod
1591 3157 1693 3196 non
1728 3144 1945 3207 dixerit,
1975 3145 2197 3199 descen-

2307 3143 2657 3208 κατέϐαινενς
2704 3144 2793 3205 Εἰς
2823 3144 2920 3213 τὴν
2966 3142 3212 3213 ’1εριχὼ,
3258 3145 3354 3209 τὴν
3394 3144 3580 3212 κοίλην
3614 3145 3711 3196 καὶ
3745 3143 3879 3213 χθα·

638 3236 737 3299 dit,
772 3237 864 3290 sed
896 3235 1272 3310 descendebat.
1310 3234 1536 3304 Semper
1563 3235 1705 3289 enim
1739 3236 1968 3290 humana
2005 3247 2193 3291 natura

638 3331 704 3383 ad
739 3316 1278 3397 inferiora'proelivis
1324 3337 1424 3392 est,
1473 3344 1576 3381 non
1625 3330 1811 3394 semel,
1854 3333 1945 3384 sed
1986 3346 2200 3401 semper

636 3423 757 3476 vitae
783 3419 1154 3474 affectionibus
1199 3419 1392 3473 deditre
1425 3433 1641 3474 vacans.
1691 3419 1884 3477 Incidit
1931 3434 2107 3477 autem
2142 3424 2194 3477 in

635 3511 890 3575 latrunes,
929 3511 1030 3565 hoc
1065 3519 1149 3565 est
1189 3510 1477 3566 dattnoncs.
1528 3512 1638 3567 Nisi
1687 3515 1805 3582 quis
1851 3531 1878 3567 a
1915 3516 2196 3583 cogitatio-

639 3603 795 3656 nibus
827 3602 1143 3658 sublimibus
1180 3605 1537 3670 descenderit,
1571 3619 1673 3658 nou
1703 3605 1890 3660 incidit
1923 3609 1973 3661 in
2002 3609 2196 3663 daemo-

636 3709 756 3759 nes,
787 3694 876 3765 qui
907 3705 1068 3748 exuto
1100 3695 1304 3749 homini
1352 3706 1404 3750 et
1451 3695 1676 3764 spoliato
1737 3698 1973 3753 vestibus
2023 3699 2194 3752 virtu-

638 3796 769 3849 tum,
805 3795 930 3840 tunc
962 3785 1147 3852 plagas
1193 3783 1432 3839 inferunt
1485 3785 1714 3852 peccati.
1767 3785 2005 3840 Primum
2053 3789 2193 3840 enim

635 3873 908 3926 denudant
936 3887 1033 3928 nos
1083 3874 1246 3927 omni
1277 3875 1416 3927 bona
1453 3876 1779 3942 cogitatione
1809 3886 1860 3931 et
1889 3877 2197 3933 visitatione

637 3961 731 4015 Dei
759 3977 772 4014 :
803 3962 992 4016 deinde
1012 3963 1195 4031 plagas
1220 3966 1425 4030 peccati
1463 3965 1724 4020 inferunt.
1756 3966 1921 4023 Porro
1947 3977 2193 4023 naturam

639 4055 929 4110 humanam
987 4058 1394 4112 semimortuam
1461 4059 1844 4127 reliquerunt:
1907 4061 1988 4114 vel
2055 4063 2195 4130 quod

638 4147 832 4201 anima
852 4147 1193 4216 immortalis,
1223 4164 1417 4220 corpus
1445 4161 1620 4206 autem
1661 4154 1915 4221 mortale,
1954 4153 2118 4225 350
2143 4165 2196 4210 et

640 4237 709 4289 ita
736 4238 1014 4292 dimidium
1048 4240 1280 4295 hominis
1306 4243 1465 4296 morti
1499 4242 1770 4298 subditum
1807 4255 1919 4299 est:
1953 4248 2031 4300 vel
2052 4246 2194 4315 quod

640 4345 745 4383 non
801 4331 1020 4385 omnino
1067 4333 1347 4400 desperata
1400 4343 1514 4386 crat
1577 4335 1810 4390 humana
1863 4346 2073 4391 natura.
2137 4338 2194 4393 In

637 4421 854 4475 Christo
884 4423 1022 4476 enim
1056 4424 1280 4477 salutem
1314 4439 1370 4477 se
1411 4425 1711 4479 habituram
1763 4440 1884 4481 esse
1925 4428 2193 4496 sperabat.

2306 3235 2478 3304 μαλὴν
2531 3237 2620 3289 καὶ
2671 3235 2746 3305 τῷ
2798 3236 3039 3305 καύματι
3095 3236 3397 3306 πνιγηρὰν,
3453 3238 3728 3299 τουτέστι,
3777 3241 3877 3306 τὴν

2301 3327 2520 3395 ἐμπαθῆ
2550 3327 2715 3396 ζωήν.
2744 3327 2885 3395 Ὅρα
2913 3326 2990 3389 δὲ,
3014 3327 3114 3379 ούκ
3145 3321 3297 3378 εἶπεν
3328 3327 3408 3378 ὅτι
3436 3326 3676 3396 Κατέϐη,
3714 3327 3870 3389 ἀλλὰ,

2301 3422 2652 3475 Κατέϐαινεν,
2723 3421 2833 3473 Ἀεὶ
2885 3421 2994 3490 γάρ
3047 3423 3079 3492 ή
3128 3420 3439 3490 ἀνθρωπίνη
3487 3419 3646 3488 φύσις
3682 3421 3773 3473 ἐπὶ
3811 3421 3874 3471 τά

2301 3514 2448 3564 κάτω
2486 3511 2666 3564 ἔνευεν
2692 3554 2706 3578 ,
2738 3513 2835 3582 οὐχ
2884 3513 3052 3578 ἅπαξ,
3094 3513 3227 3567 ἀλλά
3278 3512 3344 3565 δι’
3374 3513 3496 3564 ὅλου
3523 3510 3596 3576 τῷ
3639 3511 3875 3581 ἐμπαθεῖ

2304 3607 2400 3678 βίῳ
2435 3608 2796 3679 προσέχουσα.
2832 3609 3132 3679 Περιέπεσε
3158 3609 3216 3662 δὲ
3239 3609 3462 3680 λῃσταῖς
3484 3649 3498 3674 ,
3539 3608 3652 3671 τοῖς
3682 3607 3875 3676 δαίμο-

2302 3719 2404 3755 σιν.
2446 3702 2507 3754 Ei
2544 3700 2618 3770 μὴ
2659 3701 2768 3771 γὰρ
2804 3702 3018 3772 καταϐῇ
3048 3720 3130 3764 τις
3167 3701 3273 3754 ἀπὸ
3297 3701 3389 3754 τοῦ
3427 3701 3594 3769 ὕψους
3621 3703 3722 3768 τῆς
3755 3701 3874 3752 δια-

2301 3792 2445 3854 νοίας
2471 3831 2486 3857 ,
2517 3793 2577 3844 ού
2628 3792 2948 3863 περιπίπτει
2983 3796 3094 3855 τοῖς
3125 3793 3408 3862 δαίμοσιν·
3454 3793 3501 3846 οἳ
3548 3792 3875 3856 ἐκδύσαντες

2302 3882 2389 3936 τὸν
2446 3884 2763 3954 ἄνθρωπον,
2819 3887 2912 3938 ml
2964 3886 3327 3956 στερήσαντες
3370 3884 3477 3936 τῶν
3530 3885 3626 3953 τῆς
3673 3885 3875 3952 ἀρετῆς

2303 3976 2531 4044 ἱματίων
2552 4014 2568 4039 ,
2600 3977 2721 4029 τότε
2748 3976 2844 4038 τὰς
2875 3975 3085 4046 πληγὰς
3119 3976 3396 4045 ἐπέθηκαν
3428 3975 3527 4045 τῆς
3574 3976 3871 4045 ἁμαρτίας.

2300 4067 2571 4140 Πρότερον
2621 4067 2729 4137 γὰρ
2778 4068 3186 4137 ἀπογυμνοῦσιν
3225 4070 3372 4138 ἡμᾶς
3425 4068 3626 4130 παντὸς
3666 4067 3871 4136 ἀγαθοῦ

2297 4161 2588 4231 λογισμοῦ,
2622 4160 2716 4213 καὶ
2743 4160 2843 4229 τῆς
2879 4159 2971 4212 τοῦ
2999 4160 3135 4213 Θεοῦ
3167 4161 3395 4232 σκέπης,
3433 4157 3531 4214 εἷθ’
3557 4160 3733 4223 οὕτως
3775 4160 3872 4221 τὰς

2298 4253 2511 4326 πληγάς
2564 4254 2664 4323 τῆς
2710 4255 2980 4324 ἁμαρτίας
3037 4252 3440 4307 ἐπιϐάλλουσιν.
3504 4252 3779 4322 Ἦμιθανῆ
3817 4253 3872 4306 δὲ

2301 4343 2626 4411 κατέλειψαν
2656 4343 2754 4412 τὴν
2784 4340 3129 4411 ἀνθρωπίνην
3169 4340 3330 4412 φύσιν
3354 4381 3370 4405 ,
3411 4342 3444 4412 ἢ
3479 4341 3612 4394 διότι
3648 4343 3681 4411 ἡ
3725 4341 3872 4411 ψυχὴ

2300 4433 2600 4499 ἀθάνατος,
2635 4434 2695 4486 τὸ
2731 4433 2788 4486 δὲ
2824 4432 2982 4503 σῶμα
3017 4433 3238 4502 θνητόνο
3274 4432 3414 4486 ὥστε
3447 4433 3508 4486 τὸ
3551 4433 3727 4501 ἥμισυ
3775 4431 3870 4486 τοῦ

640 4514 825 4582 Itaque
863 4529 966 4570 non
998 4524 1208 4568 mortua
1240 4525 1357 4568 erat
1389 4519 1642 4570 omnino:
1679 4517 1772 4570 sed
1817 4529 2036 4587 prepter
2083 4520 2193 4572 rui-

2302 4525 2586 4595 ἀνθρώπου
2621 4526 2699 4596 τῷ
2743 4525 2958 4596 θανάτῳ
2994 4525 3320 4595 ὑπαχθῆναι·
3353 4525 3386 4596 ἢ
3425 4525 3559 4579 διότι
3589 4527 3651 4579 ού
3691 4527 3868 4596 πάντη

640 4620 762 4658 nam
810 4606 932 4658 .‘tdm
968 4621 1111 4660 mors
1163 4607 1219 4659 in
1277 4609 1529 4659 mundum
1577 4608 1861 4663 intravit“
1916 4627 1931 4664 ι
1978 4621 2197 4679 propter

639 4697 839 4749 Christi
877 4707 1052 4750 autem
1096 4698 1532 4763 justilicationem
1582 4716 1724 4753 mors
1763 4703 2021 4756 abolenda
2056 4715 2191 4758 erat.

639 4787 741 4840 Per
768 4789 1097 4841 sacerdotem
1133 4802 1258 4842 vero
1286 4801 1334 4843 ct
1369 4788 1629 4852 Levitam,
1668 4793 1833 4859 legem
1875 4795 2111 4865 intellige
2141 4806 2194 4850 et

641 4877 884 4946 prophet'
939 4919 951 4932 .
988 4878 1062 4930 Illi
1093 4879 1235 4933 enim
1269 4882 1519 4935 volebant
1563 4882 1858 4948 jnstilicare
1905 4887 2194 4941 humanam

641 4982 908 5033 namnam,
964 4968 1057 5022 sed
1123 4986 1226 5022 non
1276 4981 1584 5037 potuerunt.
1639 4970 1972 5040 lmpossibile
2025 4975 2192 5040 enim,

643 5057 816 5122 inquit
860 5055 1079 5120 Paulus,
1129 5058 1443 5124 sanguinem
1504 5070 1772 5113 taurorum
1821 5072 1874 5116 et
1919 5062 2192 5118 hircorum

643 5141 830 5200 tollere
861 5159 1134 5216 peceatum
1163 5150 1229 5201 “.
1262 5149 1463 5204 Miserti
1496 5152 1675 5221 itaque
1707 5165 1828 5207 sunt
1865 5156 2115 5216 hominis,
2143 5167 2195 5210 et

641 5236 705 5287 de
735 5235 852 5303 ejus
904 5241 1132 5291 sanitate
1168 5243 1492 5308 uigilarunt.
1543 5244 1741 5298 Deinde
1777 5248 2049 5314 plagarum
2084 5263 2198 5299 ma-

642 5327 916 5395 guiludinc
951 5330 1094 5393 victi,
1133 5335 1196 5382 ad
1246 5336 1537 5400 posteriora
1569 5336 1759 5390 iterum
1788 5343 2019 5407 regressi
2051 5349 2195 5393 sunt.

643 5418 752 5471 [loc
806 5421 944 5472 enini
997 5422 1269 5490 signiﬁcat
1320 5427 1751 5495 ἀντιπαρελθεῖν.
1815 5430 1970 5485 Venit
2027 5434 2194 5495 enim,

641 5509 835 5575 inquit,
872 5510 975 5577 lex,
1025 5521 1078 5566 et
1131 5514 1298 5568 astitit
1341 5516 1575 5581 jacenti:
1622 5522 1810 5575 deinde
1861 5539 1966 5577 non
2015 5525 2195 5578 valens

638 5613 857 5667 sanare,
915 5617 1128 5662 reversa
1162 5616 1263 5670 est,
1305 5611 1405 5663 hoe
1439 5612 1576 5664 enim
1632 5614 1897 5683 signiﬁcat
1929 5616 2192 5688 ἀντιπαρ-

710 5785 753 5815 "
809 5783 959 5838 Rom.
1012 5786 1180 5848 V312.
1257 5785 1301 5818 ⁸⁸
1334 5785 1492 5842 Hebr.
1533 5805 1583 5852 ι,
1615 5791 1664 5845 ιί.

2297 4613 2364 4688 ἦν
2389 4618 2782 4689 ἀπιγνωσμένη
2810 4620 2840 4686 ἡ
2867 4617 3180 4688 ἀνθρωπίνη
3217 4617 3398 4684 φύσις·
3425 4619 3482 4669 ὲν
3507 4617 3616 4688 γὰρ
3643 4617 3868 4688 Χριστῷ

2299 4707 2393 4778 τὴν
2421 4710 2690 4779 σωτηρίαν
2713 4708 2851 4774 ἕξειν
2879 4709 3156 4777 ὴλπίζετο.
3183 4708 3345 4770 Ὥστε
3372 4709 3474 4761 οὐκ
3497 4710 3870 4762 ὲτεθανάτωτο

2302 4799 2602 4862 παντελῶς,
2643 4799 2754 4852 ἀλλ’
2789 4801 2910 4851 ὅσον
2952 4801 3050 4871 μὲν
3087 4800 3179 4852 ἐπὶ
3211 4801 3288 4870 τῷ
3325 4800 3418 4853 τοῦ
3471 4800 3642 4869 ΪΔδὰμ
3684 4817 3866 4870 παρα-

2302 4891 2554 4960 πτώμα..
2585 4891 2809 4954 θάνατος
2845 4895 2922 4954 είς
2954 4893 3042 4944 τὸν
3075 4892 3279 4960 κόσμον
3313 4890 3555 4960 είσῆλθεν
3584 4907 3598 4923 ⁶
3630 4893 3756 4945 ὅσον
3794 4893 3850 4946 δὲ

2299 4985 2393 5036 ἐπὶ
2438 4982 2514 5052 τῷ
2565 4982 2655 5036 τοῦ
2693 4984 2926 5052 Χριστοῦ
2961 4983 3289 5053 δικαιώματι
3323 4986 3349 5036 ὁ
3394 4984 3621 5046 θάνατος
3674 4984 3868 5054 ἔμελλε

2298 5079 2586 5145 καταργεῖσ
2602 5077 2705 5128 lat.
2750 5076 2918 5146 Ἱερέα
2957 5077 3012 5128 δὲ
3041 5078 3130 5129 καὶ
3169 5076 3419 5146 Λευίτην,
3454 5076 3548 5128 τὸν
3579 5076 3746 5144 νόμον
3777 5093 3867 5144 μοι

2301 5164 2404 5217 νόει
2453 5166 2696 5226 καὶτοὺς
2742 5168 3061 5235 προφήταςς
3101 5161 3258 5220 Οὗτοι
3301 5167 3410 5233 γάρ
3437 5166 3727 5236 ἠϐούλοντο
3766 5167 3867 5236 μὲν

2297 5256 2579 5308 δικαιῶσαι
2622 5257 2720 5326 τὴν
2760 5257 3103 5328 ἀνθρωπίνην
3131 5257 3291 5326 φύσιν
3312 5301 3325 5324 ,
3353 5259 3472 5319 (οὐκ
3521 5259 3866 5329 ἠδυνήθησαν

2295 5347 2369 5400 δέ.
2426 5348 2709 5400 Ἀδύνατον
2742 5348 2870 5417 γὰρ,
2905 5351 3068 5417 φησὶν
3121 5353 3147 5401 ὁ
3195 5349 3422 5412 Παῦλος,
3463 5344 3602 5419 αἷμα
3648 5351 3867 5422 ταύρων

2297 5440 2384 5490 καὶ
2434 5441 2648 5508 τράγων
2695 5440 2912 5507 ἀφελεῖν
2958 5439 3251 5509 ἁμαρτίας.
3311 5442 3579 5512 Ἠλέησαν
3628 5442 3728 5510 μὲν
3772 5440 3866 5496 οὖν

2293 5530 2381 5583 τὸν
2415 5531 2699 5601 ἄνθρωπον
2727 5576 2739 5598 ,
2801 5535 2894 5586 m‘t
2936 5532 3270 5603 Θεραπεῦσαι
3318 5534 3695 5605 διενοήθησαν.
3733 5531 3866 5588 Εἶτα

2293 5625 2358 5692 τῇ
2389 5624 2496 5678 τῶν
2528 5625 2750 5696 πληγῶν
2790 5627 3114 5696 ἐπικρατείᾳ
3141 5626 3484 5698 νικηθέντες,
3515 5629 3597 5692 είς
3626 5630 3868 5684 τούπίσω
