  <div class='ocr_page' id='page_1' title='image "/cluster/home/n/w/nwhite01/storage/ocr_20150623/123/pst.000005714384/446.png"; bbox 0 0 4110 6332; ppageno 0'>
   <div class='ocr_carea' id='block_1_1' title="bbox 269 363 380 428">
    <p class='ocr_par' dir='ltr' id='par_1_1' title="bbox 269 363 380 428">
     <span class='ocr_line' id='line_1_1' title="bbox 269 363 380 428; baseline 0.009 -1"><span class='ocrx_word' id='word_1_1' title='bbox 269 363 380 428; x_wconf 70' lang='grc'><strong>849</strong></span> 
     </span>
    </p>
   </div>
   <div class='ocr_carea' id='block_1_2' title="bbox 992 373 2789 454">
    <p class='ocr_par' dir='ltr' id='par_1_2' title="bbox 992 373 2789 454">
     <span class='ocr_line' id='line_1_2' title="bbox 992 373 2789 454; baseline 0.009 -20"><span class='ocrx_word' id='word_1_2' title='bbox 992 373 1442 438; x_wconf 81' lang='lat' dir='ltr'><strong>ENARRATIO</strong></span> <span class='ocrx_word' id='word_1_3' title='bbox 1481 379 1563 441; x_wconf 84' lang='lat' dir='ltr'><strong>IN</strong></span> <span class='ocrx_word' id='word_1_4' title='bbox 1604 379 2109 443; x_wconf 78' lang='lat' dir='ltr'><strong>EVANGELIUM</strong></span> <span class='ocrx_word' id='word_1_5' title='bbox 2141 385 2378 450; x_wconf 50' lang='lat' dir='ltr'><strong>LUCrE.</strong></span> <span class='ocrx_word' id='word_1_6' title='bbox 2407 413 2472 422; x_wconf 84' lang='grc'><strong>-</strong></span> <span class='ocrx_word' id='word_1_7' title='bbox 2513 390 2675 454; x_wconf 82' lang='lat' dir='ltr'><strong>CAP.</strong></span> <span class='ocrx_word' id='word_1_8' title='bbox 2720 394 2789 451; x_wconf 84' lang='lat' dir='ltr'><strong>X.</strong></span> 
     </span>
    </p>
   </div>
   <div class='ocr_carea' id='block_1_3' title="bbox 3461 394 3569 457">
    <p class='ocr_par' dir='ltr' id='par_1_3' title="bbox 3461 394 3569 457">
     <span class='ocr_line' id='line_1_3' title="bbox 3461 394 3569 457; baseline -0.028 -1"><span class='ocrx_word' id='word_1_9' title='bbox 3461 394 3569 457; x_wconf 69' lang='lat'><strong>850</strong></span> 
     </span>
    </p>
   </div>
   <div class='ocr_carea' id='block_1_4' title="bbox 270 479 1841 570">
    <p class='ocr_par' dir='ltr' id='par_1_4' title="bbox 270 479 1841 562">
     <span class='ocr_line' id='line_1_4' title="bbox 270 479 1841 562; baseline 0.008 -30"><span class='ocrx_word' id='word_1_10' title='bbox 270 479 440 534; x_wconf 81' lang='grc' dir='ltr'>πάλιν</span> <span class='ocrx_word' id='word_1_11' title='bbox 500 481 889 552; x_wconf 82' lang='grc' dir='ltr'><strong>ὑπεχώρησαν.</strong></span> <span class='ocrx_word' id='word_1_12' title='bbox 923 484 1097 540; x_wconf 87' lang='grc' dir='ltr'>Τοῦτο</span> <span class='ocrx_word' id='word_1_13' title='bbox 1153 489 1265 561; x_wconf 82' lang='grc' dir='ltr'>γὰρ</span> <span class='ocrx_word' id='word_1_14' title='bbox 1323 491 1578 562; x_wconf 77' lang='grc' dir='ltr'><strong>σημαίνει</strong></span> <span class='ocrx_word' id='word_1_15' title='bbox 1628 492 1688 546; x_wconf 81' lang='grc' dir='ltr'><strong>τὸ</strong></span> <span class='ocrx_word' id='word_1_16' title='bbox 1720 492 1841 546; x_wconf 86' lang='grc' dir='ltr'>ἀντι</span> 
     </span>
    </p>
   </div>
   <div class='ocr_carea' id='block_1_5' title="bbox 1948 479 3566 570">
    <p class='ocr_par' dir='ltr' id='par_1_5' title="bbox 1975 493 3566 570">
     <span class='ocr_line' id='line_1_5' title="bbox 1975 493 3566 570; baseline 0.008 -26"><span class='ocrx_word' id='word_1_17' title='bbox 1975 493 2160 563; x_wconf 75' lang='grc' dir='ltr'>ἦλθεν.</span> <span class='ocrx_word' id='word_1_18' title='bbox 2190 498 2424 554; x_wconf 83' lang='lat' dir='ltr'><strong>Attende</strong></span> <span class='ocrx_word' id='word_1_19' title='bbox 2453 501 2583 555; x_wconf 98' lang='lat' dir='ltr'><strong>item</strong></span> <span class='ocrx_word' id='word_1_20' title='bbox 2613 501 2756 570; x_wconf 88' lang='lat' dir='ltr'><strong>quod</strong></span> <span class='ocrx_word' id='word_1_21' title='bbox 2798 501 3046 565; x_wconf 82' lang='lat' dir='ltr'><strong>verbum,</strong></span> <span class='ocrx_word' id='word_1_22' title='bbox 3091 501 3314 568; x_wconf 83' lang='lat' dir='ltr'><strong>accidit,</strong></span> <span class='ocrx_word' id='word_1_23' title='bbox 3344 515 3566 557; x_wconf 78' lang='lat' dir='ltr'><strong>sensum</strong></span> 
     </span>
    </p>
   </div>
   <div class='ocr_carea' id='block_1_6' title="bbox 271 571 1866 657">
    <p class='ocr_par' dir='ltr' id='par_1_6' title="bbox 271 571 1866 657">
     <span class='ocr_line' id='line_1_6' title="bbox 271 571 1866 657; baseline 0.01 -34"><span class='ocrx_word' id='word_1_24' title='bbox 271 573 589 642; x_wconf 85' lang='grc' dir='ltr'>παρελθεῖν.</span> <span class='ocrx_word' id='word_1_25' title='bbox 634 571 807 630; x_wconf 81' lang='grc' dir='ltr'>Ἦλθε</span> <span class='ocrx_word' id='word_1_26' title='bbox 844 578 944 648; x_wconf 67' lang='grc' dir='ltr'><strong>μὲν</strong></span> <span class='ocrx_word' id='word_1_27' title='bbox 974 582 1082 651; x_wconf 76' lang='grc' dir='ltr'>γὰρ</span> <span class='ocrx_word' id='word_1_28' title='bbox 1115 584 1142 635; x_wconf 94' lang='lat'><strong>6</strong></span> <span class='ocrx_word' id='word_1_29' title='bbox 1174 583 1337 652; x_wconf 75' lang='grc' dir='ltr'>νόμος</span> <span class='ocrx_word' id='word_1_30' title='bbox 1364 627 1379 650; x_wconf 90' lang='grc'><strong>,</strong></span> <span class='ocrx_word' id='word_1_31' title='bbox 1415 586 1506 638; x_wconf 74' lang='grc' dir='ltr'><strong>καὶ</strong></span> <span class='ocrx_word' id='word_1_32' title='bbox 1554 584 1757 657; x_wconf 80' lang='grc' dir='ltr'><strong>ἐπέστη</strong></span> <span class='ocrx_word' id='word_1_33' title='bbox 1788 586 1866 657; x_wconf 79' lang='grc' dir='ltr'>τῷ</span> 
     </span>
    </p>
   </div>
   <div class='ocr_carea' id='block_1_7' title="bbox 267 662 1862 750">
    <p class='ocr_par' dir='ltr' id='par_1_7' title="bbox 267 662 1862 750">
     <span class='ocr_line' id='line_1_7' title="bbox 267 662 1862 750; baseline 0.012 -35"><span class='ocrx_word' id='word_1_34' title='bbox 267 665 536 736; x_wconf 70' lang='grc' dir='ltr'>κειμένῳ,</span> <span class='ocrx_word' id='word_1_35' title='bbox 583 662 701 720; x_wconf 80' lang='grc' dir='ltr'>εἶτα</span> <span class='ocrx_word' id='word_1_36' title='bbox 735 669 810 739; x_wconf 81' lang='grc' dir='ltr'>μὴ</span> <span class='ocrx_word' id='word_1_37' title='bbox 855 672 1056 742; x_wconf 80' lang='grc' dir='ltr'>ἰσχύων</span> <span class='ocrx_word' id='word_1_38' title='bbox 1100 673 1465 746; x_wconf 77' lang='grc' dir='ltr'>θεραπεῦσαι,</span> <span class='ocrx_word' id='word_1_39' title='bbox 1508 680 1862 750; x_wconf 71' lang='grc' dir='ltr'><strong>ἀπεστράφη.</strong></span> 
     </span>
    </p>
   </div>
   <div class='ocr_carea' id='block_1_8' title="bbox 269 755 1864 842">
    <p class='ocr_par' dir='ltr' id='par_1_8' title="bbox 269 755 1864 842">
     <span class='ocr_line' id='line_1_8' title="bbox 269 755 1864 842; baseline 0.012 -35"><span class='ocrx_word' id='word_1_40' title='bbox 269 755 452 826; x_wconf 81' lang='grc' dir='ltr'>Ὅπερ</span> <span class='ocrx_word' id='word_1_41' title='bbox 485 758 686 813; x_wconf 80' lang='grc' dir='ltr'>ἔστιτὸ</span> <span class='ocrx_word' id='word_1_42' title='bbox 729 764 1156 835; x_wconf 84' lang='grc' dir='ltr'><strong>ἀντιπαρῆλθεν.</strong></span> <span class='ocrx_word' id='word_1_43' title='bbox 1197 767 1340 840; x_wconf 87' lang='grc' dir='ltr'>Ὅρα</span> <span class='ocrx_word' id='word_1_44' title='bbox 1379 769 1434 821; x_wconf 77' lang='grc' dir='ltr'><strong>δὲ</strong></span> <span class='ocrx_word' id='word_1_45' title='bbox 1468 771 1529 822; x_wconf 87' lang='grc' dir='ltr'><strong>τὸ</strong></span> <span class='ocrx_word' id='word_1_46' title='bbox 1560 774 1700 824; x_wconf 72' lang='grc' dir='ltr'>κατὰ</span> <span class='ocrx_word' id='word_1_47' title='bbox 1736 791 1864 842; x_wconf 87' lang='grc' dir='ltr'>συγ-</span> 
     </span>
    </p>
   </div>
   <div class='ocr_carea' id='block_1_9' title="bbox 265 847 1861 936">
    <p class='ocr_par' dir='ltr' id='par_1_9' title="bbox 265 847 1861 936">
     <span class='ocr_line' id='line_1_9' title="bbox 265 847 1861 936; baseline 0.013 -37"><span class='ocrx_word' id='word_1_48' title='bbox 265 847 505 916; x_wconf 77' lang='grc' dir='ltr'>κυρίαν,</span> <span class='ocrx_word' id='word_1_49' title='bbox 564 850 686 904; x_wconf 89' lang='grc' dir='ltr'>τίνα</span> <span class='ocrx_word' id='word_1_50' title='bbox 732 853 859 904; x_wconf 95' lang='grc' dir='ltr'>νοῦν</span> <span class='ocrx_word' id='word_1_51' title='bbox 911 854 1045 926; x_wconf 80' lang='grc' dir='ltr'>ἔχει.</span> <span class='ocrx_word' id='word_1_52' title='bbox 1093 857 1182 926; x_wconf 85' lang='grc' dir='ltr'>Τῷ</span> <span class='ocrx_word' id='word_1_53' title='bbox 1222 859 1335 913; x_wconf 80' lang='grc' dir='ltr'>ὄντι</span> <span class='ocrx_word' id='word_1_54' title='bbox 1388 862 1496 932; x_wconf 75' lang='grc' dir='ltr'>γὰρ</span> <span class='ocrx_word' id='word_1_55' title='bbox 1525 866 1553 917; x_wconf 98' lang='lat'><strong>6</strong></span> <span class='ocrx_word' id='word_1_56' title='bbox 1594 865 1758 936; x_wconf 89' lang='grc' dir='ltr'>νόμος</span> <span class='ocrx_word' id='word_1_57' title='bbox 1800 869 1861 920; x_wconf 90' lang='grc' dir='ltr'><strong>οὑ</strong></span> 
     </span>
    </p>
   </div>
   <div class='ocr_carea' id='block_1_10' title="bbox 265 941 1862 1031">
    <p class='ocr_par' dir='ltr' id='par_1_10' title="bbox 265 941 1862 1031">
     <span class='ocr_line' id='line_1_10' title="bbox 265 941 1862 1031; baseline 0.017 -44"><span class='ocrx_word' id='word_1_58' title='bbox 265 941 701 1008; x_wconf 75' lang='grc' dir='ltr'><strong>προηγουμένως</strong></span> <span class='ocrx_word' id='word_1_59' title='bbox 756 946 942 1015; x_wconf 80' lang='grc' dir='ltr'>ἐδόθη,</span> <span class='ocrx_word' id='word_1_60' title='bbox 1009 949 1144 1003; x_wconf 85' lang='grc' dir='ltr'><strong>ἀλλά</strong></span> <span class='ocrx_word' id='word_1_61' title='bbox 1206 954 1296 1006; x_wconf 77' lang='grc' dir='ltr'>διὰ</span> <span class='ocrx_word' id='word_1_62' title='bbox 1353 955 1450 1023; x_wconf 80' lang='grc' dir='ltr'>τὴν</span> <span class='ocrx_word' id='word_1_63' title='bbox 1511 958 1862 1031; x_wconf 79' lang='grc' dir='ltr'>ἀνθρωπίνην</span> 
     </span>
    </p>
   </div>
   <div class='ocr_carea' id='block_1_11' title="bbox 259 1029 1860 1116">
    <p class='ocr_par' dir='ltr' id='par_1_11' title="bbox 259 1029 1860 1116">
     <span class='ocr_line' id='line_1_11' title="bbox 259 1029 1860 1116; baseline 0.017 -35"><span class='ocrx_word' id='word_1_64' title='bbox 259 1029 577 1098; x_wconf 81' lang='grc' dir='ltr'>ἀσθένειαν,</span> <span class='ocrx_word' id='word_1_65' title='bbox 610 1037 683 1106; x_wconf 71' lang='grc' dir='ltr'>μὴ</span> <span class='ocrx_word' id='word_1_66' title='bbox 713 1038 1022 1111; x_wconf 80' lang='grc' dir='ltr'><strong>δυναμένην</strong></span> <span class='ocrx_word' id='word_1_67' title='bbox 1047 1042 1108 1108; x_wconf 81' lang='grc' dir='ltr'>ἐξ</span> <span class='ocrx_word' id='word_1_68' title='bbox 1145 1045 1323 1116; x_wconf 80' lang='grc' dir='ltr'>ἀρχῆς</span> <span class='ocrx_word' id='word_1_69' title='bbox 1347 1029 1691 1114; x_wconf 12' lang='grc' dir='ltr'>δέξασθαιῗτὸ</span> <span class='ocrx_word' id='word_1_70' title='bbox 1720 1029 1860 1109; x_wconf 69' lang='grc' dir='ltr'>κατὰ</span> 
     </span>
    </p>
   </div>
   <div class='ocr_carea' id='block_1_12' title="bbox 260 1122 1856 1216">
    <p class='ocr_par' dir='ltr' id='par_1_12' title="bbox 260 1122 1856 1216">
     <span class='ocr_line' id='line_1_12' title="bbox 260 1122 1856 1216; baseline 0.018 -44"><span class='ocrx_word' id='word_1_71' title='bbox 260 1122 504 1192; x_wconf 67' lang='grc' dir='ltr'>Χριστὸν</span> <span class='ocrx_word' id='word_1_72' title='bbox 537 1131 854 1199; x_wconf 80' lang='grc' dir='ltr'>μυστήριον.</span> <span class='ocrx_word' id='word_1_73' title='bbox 888 1136 984 1187; x_wconf 70' lang='grc' dir='ltr'>Διά</span> <span class='ocrx_word' id='word_1_74' title='bbox 1010 1137 1166 1189; x_wconf 84' lang='grc' dir='ltr'>τοῦτό</span> <span class='ocrx_word' id='word_1_75' title='bbox 1213 1157 1397 1209; x_wconf 81' lang='grc' dir='ltr'>φησιν,</span> <span class='ocrx_word' id='word_1_76' title='bbox 1436 1143 1518 1195; x_wconf 85' lang='grc' dir='ltr'>ὅτι</span> <span class='ocrx_word' id='word_1_77' title='bbox 1556 1146 1616 1196; x_wconf 80' lang='grc'><strong>’0</strong></span> <span class='ocrx_word' id='word_1_78' title='bbox 1655 1147 1856 1216; x_wconf 81' lang='grc' dir='ltr'>ἱερεὺς,</span> 
     </span>
    </p>
   </div>
   <div class='ocr_carea' id='block_1_13' title="bbox 259 1216 1856 1308">
    <p class='ocr_par' dir='ltr' id='par_1_13' title="bbox 259 1216 1856 1308">
     <span class='ocr_line' id='line_1_13' title="bbox 259 1216 1856 1308; baseline 0.018 -44"><span class='ocrx_word' id='word_1_79' title='bbox 259 1216 549 1269; x_wconf 73' lang='grc' dir='ltr'><strong>τουτέστιν</strong></span> <span class='ocrx_word' id='word_1_80' title='bbox 601 1223 626 1273; x_wconf 82' lang='lat'><strong>6</strong></span> <span class='ocrx_word' id='word_1_81' title='bbox 666 1223 861 1292; x_wconf 81' lang='grc' dir='ltr'>νόμος,</span> <span class='ocrx_word' id='word_1_82' title='bbox 929 1227 1073 1280; x_wconf 86' lang='grc' dir='ltr'><strong>κατά</strong></span> <span class='ocrx_word' id='word_1_83' title='bbox 1118 1233 1452 1301; x_wconf 70' lang='grc' dir='ltr'>συγκυρίαν,</span> <span class='ocrx_word' id='word_1_84' title='bbox 1487 1237 1625 1308; x_wconf 82' lang='grc' dir='ltr'>ὅπερ</span> <span class='ocrx_word' id='word_1_85' title='bbox 1661 1239 1856 1292; x_wconf 85' lang='grc' dir='ltr'>εἰώθα-</span> 
     </span>
    </p>
   </div>
   <div class='ocr_carea' id='block_1_14' title="bbox 264 1309 1854 1400">
    <p class='ocr_par' dir='ltr' id='par_1_14' title="bbox 264 1309 1854 1400">
     <span class='ocr_line' id='line_1_14' title="bbox 264 1309 1854 1400; baseline 0.019 -43"><span class='ocrx_word' id='word_1_86' title='bbox 264 1324 369 1372; x_wconf 86' lang='grc' dir='ltr'><strong>μεν</strong></span> <span class='ocrx_word' id='word_1_87' title='bbox 403 1309 582 1377; x_wconf 85' lang='grc' dir='ltr'>λέγειν</span> <span class='ocrx_word' id='word_1_88' title='bbox 630 1317 774 1368; x_wconf 76' lang='grc' dir='ltr'>κατὰ</span> <span class='ocrx_word' id='word_1_89' title='bbox 817 1317 1103 1389; x_wconf 76' lang='grc' dir='ltr'>σύμϐαμα,</span> <span class='ocrx_word' id='word_1_90' title='bbox 1139 1323 1256 1375; x_wconf 87' lang='grc' dir='ltr'>ἀλλ’</span> <span class='ocrx_word' id='word_1_91' title='bbox 1298 1326 1359 1378; x_wconf 89' lang='grc' dir='ltr'><strong>οὑ</strong></span> <span class='ocrx_word' id='word_1_92' title='bbox 1397 1331 1854 1400; x_wconf 81' lang='grc' dir='ltr'>προηγουμένως,</span> 
     </span>
    </p>
   </div>
   <div class='ocr_carea' id='block_1_15' title="bbox 256 1394 1858 1488">
    <p class='ocr_par' dir='ltr' id='par_1_15' title="bbox 256 1394 1858 1488">
     <span class='ocr_line' id='line_1_15' title="bbox 256 1394 1858 1488; baseline 0.019 -40"><span class='ocrx_word' id='word_1_93' title='bbox 256 1394 428 1467; x_wconf 84' lang='grc' dir='ltr'>ἦλθεν</span> <span class='ocrx_word' id='word_1_94' title='bbox 482 1405 561 1467; x_wconf 87' lang='grc' dir='ltr'><strong>είς</strong></span> <span class='ocrx_word' id='word_1_95' title='bbox 609 1408 669 1459; x_wconf 85' lang='grc' dir='ltr'><strong>τὸ</strong></span> <span class='ocrx_word' id='word_1_96' title='bbox 726 1408 1064 1479; x_wconf 85' lang='grc' dir='ltr'>θεραπεῦσαι</span> <span class='ocrx_word' id='word_1_97' title='bbox 1113 1415 1206 1468; x_wconf 71' lang='grc' dir='ltr'><strong>τὸν</strong></span> <span class='ocrx_word' id='word_1_98' title='bbox 1261 1394 1570 1488; x_wconf 56' lang='grc' dir='ltr'>ἄνθρωπον,</span> <span class='ocrx_word' id='word_1_99' title='bbox 1639 1394 1777 1476; x_wconf 61' lang='grc' dir='ltr'><strong>’Ᾰλϊ</strong></span> 
     </span>
    </p>
   </div>
   <div class='ocr_carea' id='block_1_16' title="bbox 258 1492 1857 1588">
    <p class='ocr_par' dir='ltr' id='par_1_16' title="bbox 258 1492 1857 1588">
     <span class='ocr_line' id='line_1_16' title="bbox 258 1492 1857 1588; baseline 0.018 -44"><span class='ocrx_word' id='word_1_100' title='bbox 258 1492 470 1562; x_wconf 79' lang='grc' dir='ltr'>Κύριος</span> <span class='ocrx_word' id='word_1_101' title='bbox 505 1500 597 1551; x_wconf 76' lang='grc' dir='ltr'>καὶ</span> <span class='ocrx_word' id='word_1_102' title='bbox 637 1499 770 1563; x_wconf 84' lang='grc' dir='ltr'>Θεὸς</span> <span class='ocrx_word' id='word_1_103' title='bbox 811 1505 991 1573; x_wconf 84' lang='grc' dir='ltr'>ήμῶν,</span> <span class='ocrx_word' id='word_1_104' title='bbox 1023 1509 1050 1557; x_wconf 89' lang='lat'><strong>6</strong></span> <span class='ocrx_word' id='word_1_105' title='bbox 1095 1509 1163 1560; x_wconf 83' lang='grc' dir='ltr'><strong>δι’</strong></span> <span class='ocrx_word' id='word_1_106' title='bbox 1192 1511 1340 1580; x_wconf 73' lang='grc' dir='ltr'>ἡμᾶς</span> <span class='ocrx_word' id='word_1_107' title='bbox 1372 1513 1588 1585; x_wconf 87' lang='grc' dir='ltr'>κατάρα</span> <span class='ocrx_word' id='word_1_108' title='bbox 1623 1518 1857 1588; x_wconf 83' lang='grc' dir='ltr'>γενόμε·</span> 
     </span>
    </p>
   </div>
   <div class='ocr_carea' id='block_1_17' title="bbox 256 1589 1854 1679">
    <p class='ocr_par' dir='ltr' id='par_1_17' title="bbox 256 1589 1854 1679">
     <span class='ocr_line' id='line_1_17' title="bbox 256 1589 1854 1679; baseline 0.021 -46"><span class='ocrx_word' id='word_1_109' title='bbox 256 1599 350 1646; x_wconf 84' lang='grc' dir='ltr'><strong>νος</strong></span> <span class='ocrx_word' id='word_1_110' title='bbox 375 1626 390 1649; x_wconf 90' lang='grc'><strong>,</strong></span> <span class='ocrx_word' id='word_1_111' title='bbox 422 1589 516 1638; x_wconf 84' lang='grc' dir='ltr'>καὶ</span> <span class='ocrx_word' id='word_1_112' title='bbox 554 1590 901 1664; x_wconf 80' lang='grc' dir='ltr'>Σαμαρείτης</span> <span class='ocrx_word' id='word_1_113' title='bbox 940 1597 1181 1661; x_wconf 89' lang='grc' dir='ltr'>ἀκούσας</span> <span class='ocrx_word' id='word_1_114' title='bbox 1203 1642 1218 1665; x_wconf 93' lang='grc'><strong>,</strong></span> <span class='ocrx_word' id='word_1_115' title='bbox 1271 1603 1470 1660; x_wconf 80' lang='grc' dir='ltr'>ὁδεύων</span> <span class='ocrx_word' id='word_1_116' title='bbox 1495 1647 1506 1669; x_wconf 86' lang='grc'><strong>,</strong></span> <span class='ocrx_word' id='word_1_117' title='bbox 1541 1609 1854 1679; x_wconf 84' lang='grc' dir='ltr'><strong>τουτέστιν,</strong></span> 
     </span>
    </p>
   </div>
   <div class='ocr_carea' id='block_1_18' title="bbox 257 1675 1856 1766">
    <p class='ocr_par' dir='ltr' id='par_1_18' title="bbox 257 1675 1856 1766">
     <span class='ocr_line' id='line_1_18' title="bbox 257 1675 1856 1766; baseline 0.021 -41"><span class='ocrx_word' id='word_1_118' title='bbox 257 1675 395 1728; x_wconf 70' lang='grc' dir='ltr'>αὐτὸ</span> <span class='ocrx_word' id='word_1_119' title='bbox 449 1678 610 1733; x_wconf 86' lang='grc' dir='ltr'>τοῦτο</span> <span class='ocrx_word' id='word_1_120' title='bbox 663 1685 941 1752; x_wconf 70' lang='grc' dir='ltr'>πρόφασιν</span> <span class='ocrx_word' id='word_1_121' title='bbox 995 1690 1115 1744; x_wconf 80' lang='grc' dir='ltr'>ὀδοῦ</span> <span class='ocrx_word' id='word_1_122' title='bbox 1176 1696 1580 1766; x_wconf 80' lang='grc' dir='ltr'>ποιησάμενος,</span> <span class='ocrx_word' id='word_1_123' title='bbox 1626 1705 1720 1757; x_wconf 78' lang='grc' dir='ltr'><strong>καὶ</strong></span> <span class='ocrx_word' id='word_1_124' title='bbox 1763 1675 1856 1759; x_wconf 75' lang='grc' dir='ltr'>τὸν</span> 
     </span>
    </p>
   </div>
   <div class='ocr_carea' id='block_1_19' title="bbox 257 1771 1853 1864">
    <p class='ocr_par' dir='ltr' id='par_1_19' title="bbox 257 1771 1853 1864">
     <span class='ocr_line' id='line_1_19' title="bbox 257 1771 1853 1864; baseline 0.021 -46"><span class='ocrx_word' id='word_1_125' title='bbox 257 1772 464 1822; x_wconf 77' lang='grc' dir='ltr'>σκοπὸν</span> <span class='ocrx_word' id='word_1_126' title='bbox 490 1771 736 1840; x_wconf 82' lang='grc' dir='ltr'>θέμενος,</span> <span class='ocrx_word' id='word_1_127' title='bbox 774 1778 831 1828; x_wconf 86' lang='lat'>1:6</span> <span class='ocrx_word' id='word_1_128' title='bbox 864 1778 1010 1848; x_wconf 78' lang='grc' dir='ltr'>ἡμᾶς</span> <span class='ocrx_word' id='word_1_129' title='bbox 1041 1781 1398 1854; x_wconf 84' lang='grc' dir='ltr'>θεραπεῦσαι,</span> <span class='ocrx_word' id='word_1_130' title='bbox 1438 1791 1554 1843; x_wconf 82' lang='grc' dir='ltr'>ἀλλ’</span> <span class='ocrx_word' id='word_1_131' title='bbox 1595 1793 1656 1846; x_wconf 89' lang='grc' dir='ltr'><strong>οὑ</strong></span> <span class='ocrx_word' id='word_1_132' title='bbox 1711 1812 1853 1864; x_wconf 85' lang='grc' dir='ltr'>παρ-</span> 
     </span>
    </p>
   </div>
   <div class='ocr_carea' id='block_1_20' title="bbox 1971 591 3566 653">
    <p class='ocr_par' dir='ltr' id='par_1_20' title="bbox 1971 591 3566 653">
     <span class='ocr_line' id='line_1_20' title="bbox 1971 591 3566 653; baseline 0.007 -16"><span class='ocrx_word' id='word_1_133' title='bbox 1971 591 2259 653; x_wconf 88' lang='lat' dir='ltr'><strong>qnemdam</strong></span> <span class='ocrx_word' id='word_1_134' title='bbox 2295 592 2475 648; x_wconf 86' lang='lat' dir='ltr'><strong>habet.</strong></span> <span class='ocrx_word' id='word_1_135' title='bbox 2523 592 2660 648; x_wconf 81' lang='lat' dir='ltr'><strong>Nam</strong></span> <span class='ocrx_word' id='word_1_136' title='bbox 2712 607 2902 649; x_wconf 81' lang='lat' dir='ltr'><strong>revera</strong></span> <span class='ocrx_word' id='word_1_137' title='bbox 2957 595 3040 648; x_wconf 80' lang='lat' dir='ltr'><strong>lex</strong></span> <span class='ocrx_word' id='word_1_138' title='bbox 3090 609 3199 648; x_wconf 91' lang='lat' dir='ltr'><strong>non</strong></span> <span class='ocrx_word' id='word_1_139' title='bbox 3249 595 3319 651; x_wconf 88' lang='lat' dir='ltr'><strong>ob</strong></span> <span class='ocrx_word' id='word_1_140' title='bbox 3370 610 3458 650; x_wconf 88' lang='lat' dir='ltr'><strong>res</strong></span> <span class='ocrx_word' id='word_1_141' title='bbox 3511 594 3566 648; x_wconf 92' lang='lat' dir='ltr'><strong>iu</strong></span> 
     </span>
    </p>
   </div>
   <div class='ocr_carea' id='block_1_21' title="bbox 1969 680 3566 755">
    <p class='ocr_par' dir='ltr' id='par_1_21' title="bbox 1969 680 3566 755">
     <span class='ocr_line' id='line_1_21' title="bbox 1969 680 3566 755; baseline 0.007 -27"><span class='ocrx_word' id='word_1_142' title='bbox 1969 680 2162 748; x_wconf 85' lang='lat' dir='ltr'><strong>primis</strong></span> <span class='ocrx_word' id='word_1_143' title='bbox 2187 683 2446 749; x_wconf 87' lang='lat' dir='ltr'><strong>intentas,</strong></span> <span class='ocrx_word' id='word_1_144' title='bbox 2471 687 2564 741; x_wconf 88' lang='lat' dir='ltr'><strong>sed</strong></span> <span class='ocrx_word' id='word_1_145' title='bbox 2592 697 2816 755; x_wconf 87' lang='lat' dir='ltr'><strong>propter</strong></span> <span class='ocrx_word' id='word_1_146' title='bbox 2836 687 3131 741; x_wconf 82' lang='lat' dir='ltr'><strong>humanam</strong></span> <span class='ocrx_word' id='word_1_147' title='bbox 3161 688 3566 750; x_wconf 82' lang='lat' dir='ltr'><strong>inﬁrmitatem,</strong></span> 
     </span>
    </p>
   </div>
   <div class='ocr_carea' id='block_1_22' title="bbox 1967 779 3565 846">
    <p class='ocr_par' dir='ltr' id='par_1_22' title="bbox 1967 779 3565 846">
     <span class='ocr_line' id='line_1_22' title="bbox 1967 779 3565 846; baseline 0.006 -21"><span class='ocrx_word' id='word_1_148' title='bbox 1967 789 2088 842; x_wconf 72' lang='lat' dir='ltr'><strong>qua:</strong></span> <span class='ocrx_word' id='word_1_149' title='bbox 2141 791 2245 828; x_wconf 90' lang='lat' dir='ltr'><strong>non</strong></span> <span class='ocrx_word' id='word_1_150' title='bbox 2306 779 2481 846; x_wconf 87' lang='lat' dir='ltr'><strong>potuit</strong></span> <span class='ocrx_word' id='word_1_151' title='bbox 2535 779 2603 834; x_wconf 88' lang='lat' dir='ltr'><strong>ab</strong></span> <span class='ocrx_word' id='word_1_152' title='bbox 2664 781 2825 835; x_wconf 87' lang='lat' dir='ltr'><strong>initio</strong></span> <span class='ocrx_word' id='word_1_153' title='bbox 2885 791 3288 835; x_wconf 72' lang='lat' dir='ltr'><strong>sacramentum</strong></span> <span class='ocrx_word' id='word_1_154' title='bbox 3353 780 3565 836; x_wconf 85' lang='lat' dir='ltr'><strong>Christi</strong></span> 
     </span>
    </p>
   </div>
   <div class='ocr_carea' id='block_1_23' title="bbox 1966 867 3561 943">
    <p class='ocr_par' dir='ltr' id='par_1_23' title="bbox 1966 867 3561 943">
     <span class='ocr_line' id='line_1_23' title="bbox 1966 867 3561 943; baseline 0.005 -24"><span class='ocrx_word' id='word_1_155' title='bbox 1966 867 2266 935; x_wconf 80' lang='lat' dir='ltr'><strong>suscipere,</strong></span> <span class='ocrx_word' id='word_1_156' title='bbox 2318 872 2444 925; x_wconf 87' lang='lat' dir='ltr'><strong>data</strong></span> <span class='ocrx_word' id='word_1_157' title='bbox 2497 881 2600 927; x_wconf 85' lang='lat' dir='ltr'><strong>est.</strong></span> <span class='ocrx_word' id='word_1_158' title='bbox 2640 873 2934 943; x_wconf 83' lang='lat' dir='ltr'><strong>Propterea</strong></span> <span class='ocrx_word' id='word_1_159' title='bbox 2968 875 3121 938; x_wconf 90' lang='lat' dir='ltr'><strong>dicit,</strong></span> <span class='ocrx_word' id='word_1_160' title='bbox 3165 873 3385 929; x_wconf 73' lang='lat' dir='ltr'><strong>Accidit</strong></span> <span class='ocrx_word' id='word_1_161' title='bbox 3415 876 3561 942; x_wconf 88' lang='lat' dir='ltr'><strong>quod</strong></span> 
     </span>
    </p>
   </div>
   <div class='ocr_carea' id='block_1_24' title="bbox 1965 960 3563 1029">
    <p class='ocr_par' dir='ltr' id='par_1_24' title="bbox 1965 960 3563 1029">
     <span class='ocr_line' id='line_1_24' title="bbox 1965 960 3563 1029; baseline 0.006 -19"><span class='ocrx_word' id='word_1_162' title='bbox 1965 960 2243 1024; x_wconf 78' lang='lat' dir='ltr'><strong>sacerdos,</strong></span> <span class='ocrx_word' id='word_1_163' title='bbox 2280 963 2381 1018; x_wconf 89' lang='lat' dir='ltr'><strong>hoc</strong></span> <span class='ocrx_word' id='word_1_164' title='bbox 2414 974 2496 1018; x_wconf 90' lang='lat' dir='ltr'><strong>est</strong></span> <span class='ocrx_word' id='word_1_165' title='bbox 2532 965 2638 1029; x_wconf 82' lang='lat' dir='ltr'><strong>lex,</strong></span> <span class='ocrx_word' id='word_1_166' title='bbox 2688 967 2759 1020; x_wconf 83' lang='lat' dir='ltr'><strong>ita</strong></span> <span class='ocrx_word' id='word_1_167' title='bbox 2805 967 2954 1021; x_wconf 90' lang='lat' dir='ltr'><strong>enim</strong></span> <span class='ocrx_word' id='word_1_168' title='bbox 2989 967 3174 1021; x_wconf 83' lang='lat' dir='ltr'><strong>dicere</strong></span> <span class='ocrx_word' id='word_1_169' title='bbox 3223 966 3464 1021; x_wconf 86' lang='lat' dir='ltr'><strong>solemus</strong></span> <span class='ocrx_word' id='word_1_170' title='bbox 3496 968 3563 1021; x_wconf 86' lang='lat' dir='ltr'><strong>de</strong></span> 
     </span>
    </p>
   </div>
   <div class='ocr_carea' id='block_1_25' title="bbox 1966 1050 3560 1128">
    <p class='ocr_par' dir='ltr' id='par_1_25' title="bbox 1966 1050 3560 1128">
     <span class='ocr_line' id='line_1_25' title="bbox 1966 1050 3560 1128; baseline 0.006 -25"><span class='ocrx_word' id='word_1_171' title='bbox 1966 1050 2048 1103; x_wconf 86' lang='lat' dir='ltr'><strong>his</strong></span> <span class='ocrx_word' id='word_1_172' title='bbox 2065 1067 2184 1120; x_wconf 68' lang='lat' dir='ltr'><strong>quae</strong></span> <span class='ocrx_word' id='word_1_173' title='bbox 2208 1052 2438 1109; x_wconf 84' lang='lat' dir='ltr'><strong>fortuito</strong></span> <span class='ocrx_word' id='word_1_174' title='bbox 2467 1057 2786 1124; x_wconf 80' lang='lat' dir='ltr'><strong>obveniant,</strong></span> <span class='ocrx_word' id='word_1_175' title='bbox 2811 1067 2866 1114; x_wconf 91' lang='lat' dir='ltr'><strong>et</strong></span> <span class='ocrx_word' id='word_1_176' title='bbox 2887 1060 3021 1113; x_wconf 87' lang='lat' dir='ltr'><strong>citra</strong></span> <span class='ocrx_word' id='word_1_177' title='bbox 3045 1075 3268 1128; x_wconf 81' lang='lat' dir='ltr'><strong>operam</strong></span> <span class='ocrx_word' id='word_1_178' title='bbox 3289 1070 3560 1125; x_wconf 88' lang='lat' dir='ltr'><strong>nostram,</strong></span> 
     </span>
    </p>
   </div>
   <div class='ocr_carea' id='block_1_26' title="bbox 1965 1147 3562 1221">
    <p class='ocr_par' dir='ltr' id='par_1_26' title="bbox 1965 1147 3562 1221">
     <span class='ocr_line' id='line_1_26' title="bbox 1965 1147 3562 1221; baseline 0.008 -27"><span class='ocrx_word' id='word_1_179' title='bbox 1965 1147 2110 1200; x_wconf 83' lang='lat' dir='ltr'><strong>venit</strong></span> <span class='ocrx_word' id='word_1_180' title='bbox 2149 1155 2206 1200; x_wconf 91' lang='lat' dir='ltr'><strong>ut</strong></span> <span class='ocrx_word' id='word_1_181' title='bbox 2248 1159 2472 1204; x_wconf 85' lang='lat' dir='ltr'><strong>sanaret</strong></span> <span class='ocrx_word' id='word_1_182' title='bbox 2519 1151 2831 1221; x_wconf 83' lang='lat' dir='ltr'><strong>hominem,</strong></span> <span class='ocrx_word' id='word_1_183' title='bbox 2887 1155 2981 1208; x_wconf 87' lang='lat' dir='ltr'><strong>scd</strong></span> <span class='ocrx_word' id='word_1_184' title='bbox 3035 1153 3298 1207; x_wconf 89' lang='lat' dir='ltr'><strong>Dominus</strong></span> <span class='ocrx_word' id='word_1_185' title='bbox 3329 1161 3382 1206; x_wconf 86' lang='lat' dir='ltr'><strong>et</strong></span> <span class='ocrx_word' id='word_1_186' title='bbox 3420 1152 3562 1206; x_wconf 88' lang='lat' dir='ltr'><strong>Deus</strong></span> 
     </span>
    </p>
   </div>
   <div class='ocr_carea' id='block_1_27' title="bbox 1966 1242 3562 1313">
    <p class='ocr_par' dir='ltr' id='par_1_27' title="bbox 1966 1242 3562 1313">
     <span class='ocr_line' id='line_1_27' title="bbox 1966 1242 3562 1313; baseline 0.004 -22"><span class='ocrx_word' id='word_1_187' title='bbox 1966 1248 2172 1305; x_wconf 85' lang='lat' dir='ltr'><strong>mster,</strong></span> <span class='ocrx_word' id='word_1_188' title='bbox 2205 1242 2296 1311; x_wconf 91' lang='lat' dir='ltr'><strong>qui</strong></span> <span class='ocrx_word' id='word_1_189' title='bbox 2333 1250 2556 1313; x_wconf 84' lang='lat' dir='ltr'><strong>propter</strong></span> <span class='ocrx_word' id='word_1_190' title='bbox 2606 1259 2705 1300; x_wconf 92' lang='lat' dir='ltr'><strong>nos</strong></span> <span class='ocrx_word' id='word_1_191' title='bbox 2755 1247 2933 1302; x_wconf 81' lang='lat' dir='ltr'><strong>factus</strong></span> <span class='ocrx_word' id='word_1_192' title='bbox 2968 1257 3055 1302; x_wconf 87' lang='lat' dir='ltr'><strong>est</strong></span> <span class='ocrx_word' id='word_1_193' title='bbox 3100 1247 3478 1311; x_wconf 81' lang='lat' dir='ltr'><strong>maledictum,</strong></span> <span class='ocrx_word' id='word_1_194' title='bbox 3505 1255 3562 1300; x_wconf 89' lang='lat' dir='ltr'><strong>et</strong></span> 
     </span>
    </p>
   </div>
   <div class='ocr_carea' id='block_1_28' title="bbox 1964 1334 3564 1406">
    <p class='ocr_par' dir='ltr' id='par_1_28' title="bbox 1964 1334 3564 1406">
     <span class='ocr_line' id='line_1_28' title="bbox 1964 1334 3564 1406; baseline 0.004 -21"><span class='ocrx_word' id='word_1_195' title='bbox 1964 1345 2188 1386; x_wconf 76' lang='lat' dir='ltr'><strong>vocatus</strong></span> <span class='ocrx_word' id='word_1_196' title='bbox 2239 1334 2667 1401; x_wconf 78' lang='lat' dir='ltr'><strong>Samaritanus,</strong></span> <span class='ocrx_word' id='word_1_197' title='bbox 2702 1339 2804 1392; x_wconf 90' lang='lat' dir='ltr'><strong>iter</strong></span> <span class='ocrx_word' id='word_1_198' title='bbox 2858 1340 3088 1406; x_wconf 82' lang='lat' dir='ltr'><strong>faciens,</strong></span> <span class='ocrx_word' id='word_1_199' title='bbox 3128 1341 3228 1395; x_wconf 91' lang='lat' dir='ltr'><strong>hoc</strong></span> <span class='ocrx_word' id='word_1_200' title='bbox 3277 1349 3380 1402; x_wconf 88' lang='lat' dir='ltr'><strong>est,</strong></span> <span class='ocrx_word' id='word_1_201' title='bbox 3421 1340 3564 1392; x_wconf 89' lang='lat' dir='ltr'><strong>hanc</strong></span> 
     </span>
    </p>
   </div>
   <div class='ocr_carea' id='block_1_29' title="bbox 1967 1425 3561 1493">
    <p class='ocr_par' dir='ltr' id='par_1_29' title="bbox 1967 1425 3561 1493">
     <span class='ocr_line' id='line_1_29' title="bbox 1967 1425 3561 1493; baseline 0.011 -19"><span class='ocrx_word' id='word_1_202' title='bbox 1967 1425 2312 1490; x_wconf 88' lang='lat' dir='ltr'><strong>potissimum</strong></span> <span class='ocrx_word' id='word_1_203' title='bbox 2345 1429 2426 1482; x_wconf 88' lang='lat' dir='ltr'><strong>sui</strong></span> <span class='ocrx_word' id='word_1_204' title='bbox 2456 1429 2668 1484; x_wconf 89' lang='lat' dir='ltr'><strong>itineris</strong></span> <span class='ocrx_word' id='word_1_205' title='bbox 2694 1446 2914 1486; x_wconf 81' lang='lat' dir='ltr'><strong>causam</strong></span> <span class='ocrx_word' id='word_1_206' title='bbox 2945 1448 3064 1488; x_wconf 84' lang='lat' dir='ltr'><strong>esse</strong></span> <span class='ocrx_word' id='word_1_207' title='bbox 3094 1434 3302 1493; x_wconf 71' lang='lat' dir='ltr'><strong>volens.</strong></span> <span class='ocrx_word' id='word_1_208' title='bbox 3333 1441 3389 1487; x_wconf 84' lang='lat' dir='ltr'><strong>el</strong></span> <span class='ocrx_word' id='word_1_209' title='bbox 3419 1433 3561 1485; x_wconf 77' lang='lat' dir='ltr'><strong>Imm:</strong></span> 
     </span>
    </p>
   </div>
   <div class='ocr_carea' id='block_1_30' title="bbox 1962 1522 3561 1592">
    <p class='ocr_par' dir='ltr' id='par_1_30' title="bbox 1962 1522 3561 1592">
     <span class='ocr_line' id='line_1_30' title="bbox 1962 1522 3561 1592; baseline 0.002 -21"><span class='ocrx_word' id='word_1_210' title='bbox 1962 1534 2184 1587; x_wconf 80' lang='lat' dir='ltr'><strong>scepum</strong></span> <span class='ocrx_word' id='word_1_211' title='bbox 2216 1522 2539 1589; x_wconf 80' lang='lat' dir='ltr'><strong>observans,</strong></span> <span class='ocrx_word' id='word_1_212' title='bbox 2578 1533 2634 1578; x_wconf 97' lang='lat' dir='ltr'><strong>ut</strong></span> <span class='ocrx_word' id='word_1_213' title='bbox 2677 1542 2775 1580; x_wconf 90' lang='lat' dir='ltr'><strong>nos</strong></span> <span class='ocrx_word' id='word_1_214' title='bbox 2801 1537 3060 1591; x_wconf 82' lang='lat' dir='ltr'><strong>sanaret,</strong></span> <span class='ocrx_word' id='word_1_215' title='bbox 3092 1542 3198 1579; x_wconf 91' lang='lat' dir='ltr'><strong>non</strong></span> <span class='ocrx_word' id='word_1_216' title='bbox 3237 1525 3561 1592; x_wconf 62' lang='lat' dir='ltr'><strong>praeteriens</strong></span> 
     </span>
    </p>
   </div>
   <div class='ocr_carea' id='block_1_31' title="bbox 1962 1614 3562 1684">
    <p class='ocr_par' dir='ltr' id='par_1_31' title="bbox 1962 1614 3562 1684">
     <span class='ocr_line' id='line_1_31' title="bbox 1962 1614 3562 1684; baseline 0.005 -20"><span class='ocrx_word' id='word_1_217' title='bbox 1962 1623 2014 1665; x_wconf 90' lang='lat' dir='ltr'><strong>ct</strong></span> <span class='ocrx_word' id='word_1_218' title='bbox 2048 1614 2228 1667; x_wconf 83' lang='lat' dir='ltr'><strong>obiter</strong></span> <span class='ocrx_word' id='word_1_219' title='bbox 2262 1631 2358 1670; x_wconf 90' lang='lat' dir='ltr'><strong>nos</strong></span> <span class='ocrx_word' id='word_1_220' title='bbox 2382 1616 2611 1673; x_wconf 82' lang='lat' dir='ltr'><strong>visitans</strong></span> <span class='ocrx_word' id='word_1_221' title='bbox 2638 1619 2784 1672; x_wconf 85' lang='lat' dir='ltr'><strong>venit</strong></span> <span class='ocrx_word' id='word_1_222' title='bbox 2815 1621 2879 1672; x_wconf 86' lang='lat' dir='ltr'><strong>ad</strong></span> <span class='ocrx_word' id='word_1_223' title='bbox 2915 1635 3035 1684; x_wconf 87' lang='lat' dir='ltr'><strong>nos,</strong></span> <span class='ocrx_word' id='word_1_224' title='bbox 3070 1620 3166 1674; x_wconf 91' lang='lat' dir='ltr'><strong>sed</strong></span> <span class='ocrx_word' id='word_1_225' title='bbox 3198 1626 3562 1674; x_wconf 80' lang='lat' dir='ltr'><strong>conversatus</strong></span> 
     </span>
    </p>
   </div>
   <div class='ocr_carea' id='block_1_32' title="bbox 1963 1702 3555 1782">
    <p class='ocr_par' dir='ltr' id='par_1_32' title="bbox 1963 1702 3555 1782">
     <span class='ocr_line' id='line_1_32' title="bbox 1963 1702 3555 1782; baseline 0.007 -26"><span class='ocrx_word' id='word_1_226' title='bbox 1963 1702 2274 1772; x_wconf 77' lang='lat' dir='ltr'><strong>nobiscum,</strong></span> <span class='ocrx_word' id='word_1_227' title='bbox 2329 1717 2382 1762; x_wconf 92' lang='lat' dir='ltr'><strong>ct</strong></span> <span class='ocrx_word' id='word_1_228' title='bbox 2438 1711 2650 1765; x_wconf 79' lang='lat' dir='ltr'><strong>locutas</strong></span> <span class='ocrx_word' id='word_1_229' title='bbox 2703 1728 2808 1766; x_wconf 91' lang='lat' dir='ltr'><strong>non</strong></span> <span class='ocrx_word' id='word_1_230' title='bbox 2861 1722 3210 1782; x_wconf 85' lang='lat' dir='ltr'><strong>apparenter,</strong></span> <span class='ocrx_word' id='word_1_231' title='bbox 3264 1711 3359 1766; x_wconf 89' lang='lat' dir='ltr'><strong>sed</strong></span> <span class='ocrx_word' id='word_1_232' title='bbox 3410 1726 3555 1766; x_wconf 74' lang='lat' dir='ltr'><strong>vet‘t‘.</strong></span> 
     </span>
    </p>
   </div>
   <div class='ocr_carea' id='block_1_33' title="bbox 1964 1795 3560 1871">
    <p class='ocr_par' dir='ltr' id='par_1_33' title="bbox 1964 1795 3560 1871">
     <span class='ocr_line' id='line_1_33' title="bbox 1964 1795 3560 1871; baseline 0.001 -21"><span class='ocrx_word' id='word_1_233' title='bbox 1964 1795 2202 1851; x_wconf 73' lang='lat' dir='ltr'><strong>Proinde</strong></span> <span class='ocrx_word' id='word_1_234' title='bbox 2230 1801 2411 1852; x_wconf 85' lang='lat' dir='ltr'><strong>statim</strong></span> <span class='ocrx_word' id='word_1_235' title='bbox 2445 1801 2627 1870; x_wconf 78' lang='lat' dir='ltr'><strong>alligat</strong></span> <span class='ocrx_word' id='word_1_236' title='bbox 2661 1803 2907 1865; x_wconf 88' lang='lat' dir='ltr'><strong>vulnera,</strong></span> <span class='ocrx_word' id='word_1_237' title='bbox 2949 1819 3122 1871; x_wconf 88' lang='lat' dir='ltr'><strong>neque</strong></span> <span class='ocrx_word' id='word_1_238' title='bbox 3147 1803 3416 1871; x_wconf 87' lang='lat' dir='ltr'><strong>permittit</strong></span> <span class='ocrx_word' id='word_1_239' title='bbox 3444 1818 3560 1855; x_wconf 82' lang='lat' dir='ltr'><strong>Ina-</strong></span> 
     </span>
    </p>
   </div>
   <div class='ocr_carea' id='block_1_34' title="bbox 255 1857 1841 1960">
    <p class='ocr_par' dir='ltr' id='par_1_34' title="bbox 255 1859 1841 1957">
     <span class='ocr_line' id='line_1_34' title="bbox 255 1859 1841 1957; baseline 0.021 -47"><span class='ocrx_word' id='word_1_240' title='bbox 255 1859 500 1926; x_wconf 79' lang='grc' dir='ltr'>οδεύων,</span> <span class='ocrx_word' id='word_1_241' title='bbox 552 1867 645 1917; x_wconf 77' lang='grc' dir='ltr'><strong>καὶ</strong></span> <span class='ocrx_word' id='word_1_242' title='bbox 695 1867 760 1919; x_wconf 79' lang='grc' dir='ltr'>ἐκ</span> <span class='ocrx_word' id='word_1_243' title='bbox 827 1873 1109 1942; x_wconf 78' lang='grc' dir='ltr'>παρέργου</span> <span class='ocrx_word' id='word_1_244' title='bbox 1171 1879 1616 1952; x_wconf 62' lang='grc' dir='ltr'>ἐπισκεψάμενος</span> <span class='ocrx_word' id='word_1_245' title='bbox 1664 1888 1841 1957; x_wconf 72' lang='grc' dir='ltr'>ἡμᾶς,</span> 
     </span>
    </p>
   </div>
   <div class='ocr_carea' id='block_1_35' title="bbox 1948 1857 3560 1960">
    <p class='ocr_par' dir='ltr' id='par_1_35' title="bbox 1963 1888 3560 1960">
     <span class='ocr_line' id='line_1_35' title="bbox 1963 1888 3560 1960; baseline 0.004 -20"><span class='ocrx_word' id='word_1_246' title='bbox 1963 1888 2130 1940; x_wconf 79' lang='lat' dir='ltr'><strong>litium</strong></span> <span class='ocrx_word' id='word_1_247' title='bbox 2186 1892 2423 1960; x_wconf 83' lang='lat' dir='ltr'><strong>amplius</strong></span> <span class='ocrx_word' id='word_1_248' title='bbox 2479 1893 2672 1959; x_wconf 75' lang='lat' dir='ltr'><strong>laxari,</strong></span> <span class='ocrx_word' id='word_1_249' title='bbox 2730 1898 2824 1948; x_wconf 88' lang='lat' dir='ltr'><strong>sed</strong></span> <span class='ocrx_word' id='word_1_250' title='bbox 2885 1895 3071 1960; x_wconf 65' lang='lat' dir='ltr'><strong>alligat</strong></span> <span class='ocrx_word' id='word_1_251' title='bbox 3127 1910 3269 1949; x_wconf 87' lang='lat' dir='ltr'><strong>eam.</strong></span> <span class='ocrx_word' id='word_1_252' title='bbox 3317 1894 3560 1949; x_wconf 79' lang='lat' dir='ltr'><strong>lnfundit</strong></span> 
     </span>
    </p>
   </div>
   <div class='ocr_carea' id='block_1_36' title="bbox 253 1947 1850 2050">
    <p class='ocr_par' dir='ltr' id='par_1_36' title="bbox 253 1947 1850 2050">
     <span class='ocr_line' id='line_1_36' title="bbox 253 1947 1850 2050; baseline 0.019 -47"><span class='ocrx_word' id='word_1_253' title='bbox 253 1947 424 2024; x_wconf 82' lang='grc' dir='ltr'>ἦλθεν</span> <span class='ocrx_word' id='word_1_254' title='bbox 458 1959 537 2019; x_wconf 89' lang='grc' dir='ltr'><strong>είς</strong></span> <span class='ocrx_word' id='word_1_255' title='bbox 583 1959 731 2027; x_wconf 77' lang='grc' dir='ltr'>ἡμᾶς</span> <span class='ocrx_word' id='word_1_256' title='bbox 756 2003 770 2024; x_wconf 93' lang='grc'><strong>,</strong></span> <span class='ocrx_word' id='word_1_257' title='bbox 801 1970 1276 2038; x_wconf 75' lang='grc' dir='ltr'>συναναστραφεὶς</span> <span class='ocrx_word' id='word_1_258' title='bbox 1316 1947 1483 2043; x_wconf 38' lang='grc' dir='ltr'>ἡμῖν’,</span> <span class='ocrx_word' id='word_1_259' title='bbox 1524 1947 1618 2030; x_wconf 65' lang='grc' dir='ltr'><strong>καλ</strong></span> <span class='ocrx_word' id='word_1_260' title='bbox 1657 1947 1850 2050; x_wconf 56' lang='grc' dir='ltr'><strong>ὁμιλῆἐ</strong></span> 
     </span>
    </p>
   </div>
   <div class='ocr_carea' id='block_1_37' title="bbox 255 2048 1844 2140">
    <p class='ocr_par' dir='ltr' id='par_1_37' title="bbox 255 2048 1844 2140">
     <span class='ocr_line' id='line_1_37' title="bbox 255 2048 1844 2140; baseline 0.019 -44"><span class='ocrx_word' id='word_1_261' title='bbox 255 2062 359 2107; x_wconf 87' lang='grc' dir='ltr'><strong>σας</strong></span> <span class='ocrx_word' id='word_1_262' title='bbox 383 2048 760 2114; x_wconf 70' lang='grc' dir='ltr'>ἀφαντάστως.</span> <span class='ocrx_word' id='word_1_263' title='bbox 793 2055 1105 2127; x_wconf 79' lang='grc' dir='ltr'>Κατέδησεν</span> <span class='ocrx_word' id='word_1_264' title='bbox 1134 2057 1227 2114; x_wconf 80' lang='grc' dir='ltr'><strong>οὖν</strong></span> <span class='ocrx_word' id='word_1_265' title='bbox 1254 2065 1415 2129; x_wconf 75' lang='grc' dir='ltr'>εὐθὺς</span> <span class='ocrx_word' id='word_1_266' title='bbox 1439 2067 1507 2119; x_wconf 70' lang='grc' dir='ltr'><strong>τὰ</strong></span> <span class='ocrx_word' id='word_1_267' title='bbox 1531 2070 1844 2140; x_wconf 82' lang='grc' dir='ltr'>τραύματα,</span> 
     </span>
    </p>
   </div>
   <div class='ocr_carea' id='block_1_38' title="bbox 258 2138 1847 2229">
    <p class='ocr_par' dir='ltr' id='par_1_38' title="bbox 258 2138 1847 2229">
     <span class='ocr_line' id='line_1_38' title="bbox 258 2138 1847 2229; baseline 0.02 -42"><span class='ocrx_word' id='word_1_268' title='bbox 258 2138 337 2206; x_wconf 76' lang='grc' dir='ltr'><strong>μὴ</strong></span> <span class='ocrx_word' id='word_1_269' title='bbox 371 2140 537 2202; x_wconf 76' lang='grc' dir='ltr'>ἐάσας</span> <span class='ocrx_word' id='word_1_270' title='bbox 577 2143 676 2211; x_wconf 77' lang='grc' dir='ltr'><strong>τὴν</strong></span> <span class='ocrx_word' id='word_1_271' title='bbox 704 2146 900 2199; x_wconf 81' lang='grc' dir='ltr'>κακίαν</span> <span class='ocrx_word' id='word_1_272' title='bbox 934 2150 1026 2201; x_wconf 69' lang='grc' dir='ltr'>ἐπὶ</span> <span class='ocrx_word' id='word_1_273' title='bbox 1060 2153 1219 2206; x_wconf 90' lang='grc' dir='ltr'>πλέον</span> <span class='ocrx_word' id='word_1_274' title='bbox 1249 2156 1439 2211; x_wconf 84' lang='grc' dir='ltr'>ἄνετον</span> <span class='ocrx_word' id='word_1_275' title='bbox 1479 2155 1620 2214; x_wconf 74' lang='grc' dir='ltr'>εἶναι</span> <span class='ocrx_word' id='word_1_276' title='bbox 1647 2205 1662 2229; x_wconf 88' lang='grc'><strong>,</strong></span> <span class='ocrx_word' id='word_1_277' title='bbox 1711 2164 1847 2217; x_wconf 82' lang='grc' dir='ltr'>ἀλλὰ</span> 
     </span>
    </p>
   </div>
   <div class='ocr_carea' id='block_1_39' title="bbox 256 2232 1844 2311">
    <p class='ocr_par' dir='ltr' id='par_1_39' title="bbox 256 2232 1844 2311">
     <span class='ocr_line' id='line_1_39' title="bbox 256 2232 1844 2311; baseline 0.02 -31"><span class='ocrx_word' id='word_1_278' title='bbox 256 2232 570 2303; x_wconf 72' lang='grc' dir='ltr'>καταδήσας</span> <span class='ocrx_word' id='word_1_279' title='bbox 622 2237 827 2307; x_wconf 82' lang='grc' dir='ltr'>αὑτὴν,</span> <span class='ocrx_word' id='word_1_280' title='bbox 883 2240 1113 2311; x_wconf 77' lang='grc' dir='ltr'>ἐπέχεεν</span> <span class='ocrx_word' id='word_1_281' title='bbox 1163 2247 1219 2298; x_wconf 83' lang='grc' dir='ltr'><strong>δὲ</strong></span> <span class='ocrx_word' id='word_1_282' title='bbox 1282 2249 1460 2303; x_wconf 74' lang='grc' dir='ltr'>ἔλαιον</span> <span class='ocrx_word' id='word_1_283' title='bbox 1529 2256 1624 2307; x_wconf 70' lang='grc' dir='ltr'>καὶ</span> <span class='ocrx_word' id='word_1_284' title='bbox 1681 2253 1844 2309; x_wconf 73' lang='grc' dir='ltr'>οἶνον·</span> 
     </span>
    </p>
   </div>
   <div class='ocr_carea' id='block_1_40' title="bbox 253 2323 1845 2407">
    <p class='ocr_par' dir='ltr' id='par_1_40' title="bbox 253 2323 1845 2407">
     <span class='ocr_line' id='line_1_40' title="bbox 253 2323 1845 2407; baseline 0.018 -33"><span class='ocrx_word' id='word_1_285' title='bbox 253 2323 440 2377; x_wconf 77' lang='grc' dir='ltr'>ἔλαιον</span> <span class='ocrx_word' id='word_1_286' title='bbox 483 2327 582 2395; x_wconf 88' lang='grc' dir='ltr'>μὲν</span> <span class='ocrx_word' id='word_1_287' title='bbox 617 2331 706 2381; x_wconf 81' lang='grc' dir='ltr'><strong>τὸν</strong></span> <span class='ocrx_word' id='word_1_288' title='bbox 763 2332 920 2398; x_wconf 83' lang='grc' dir='ltr'>λόγον</span> <span class='ocrx_word' id='word_1_289' title='bbox 953 2335 1052 2404; x_wconf 77' lang='grc' dir='ltr'>τῆς</span> <span class='ocrx_word' id='word_1_290' title='bbox 1091 2338 1462 2407; x_wconf 70' lang='grc' dir='ltr'>διδασκαλίας,</span> <span class='ocrx_word' id='word_1_291' title='bbox 1497 2345 1586 2398; x_wconf 80' lang='grc' dir='ltr'>τὸν</span> <span class='ocrx_word' id='word_1_292' title='bbox 1620 2347 1706 2400; x_wconf 80' lang='grc' dir='ltr'><strong>διὰ</strong></span> <span class='ocrx_word' id='word_1_293' title='bbox 1739 2350 1845 2402; x_wconf 83' lang='grc' dir='ltr'><strong>τῶν</strong></span> 
     </span>
    </p>
   </div>
   <div class='ocr_carea' id='block_1_41' title="bbox 253 2412 1845 2507">
    <p class='ocr_par' dir='ltr' id='par_1_41' title="bbox 253 2412 1845 2507">
     <span class='ocr_line' id='line_1_41' title="bbox 253 2412 1845 2507; baseline 0.019 -45"><span class='ocrx_word' id='word_1_294' title='bbox 253 2412 481 2477; x_wconf 80' lang='grc' dir='ltr'>ἀγαθῶν</span> <span class='ocrx_word' id='word_1_295' title='bbox 512 2419 956 2491; x_wconf 84' lang='grc' dir='ltr'>προτρεπόμενον</span> <span class='ocrx_word' id='word_1_296' title='bbox 983 2442 996 2455; x_wconf 73' lang='grc'><strong>⁸</strong></span> <span class='ocrx_word' id='word_1_297' title='bbox 1031 2421 1174 2479; x_wconf 79' lang='grc' dir='ltr'>οἶνον</span> <span class='ocrx_word' id='word_1_298' title='bbox 1205 2429 1280 2493; x_wconf 79' lang='grc' dir='ltr'><strong>δὲ,</strong></span> <span class='ocrx_word' id='word_1_299' title='bbox 1315 2433 1404 2484; x_wconf 65' lang='grc' dir='ltr'>τὸν</span> <span class='ocrx_word' id='word_1_300' title='bbox 1431 2434 1518 2486; x_wconf 64' lang='grc' dir='ltr'><strong>διέι</strong></span> <span class='ocrx_word' id='word_1_301' title='bbox 1546 2435 1652 2488; x_wconf 81' lang='grc' dir='ltr'>τῶν</span> <span class='ocrx_word' id='word_1_302' title='bbox 1685 2439 1845 2507; x_wconf 63' lang='lat' dir='ltr'><strong>906a-</strong></span> 
     </span>
    </p>
   </div>
   <div class='ocr_carea' id='block_1_42' title="bbox 255 2507 1844 2606">
    <p class='ocr_par' dir='ltr' id='par_1_42' title="bbox 255 2507 1844 2606">
     <span class='ocr_line' id='line_1_42' title="bbox 255 2507 1844 2606; baseline 0.021 -51"><span class='ocrx_word' id='word_1_303' title='bbox 255 2507 515 2575; x_wconf 76' lang='grc' dir='ltr'>ρωῑέρων</span> <span class='ocrx_word' id='word_1_304' title='bbox 550 2510 814 2578; x_wconf 75' lang='grc' dir='ltr'>ἑνάγοντα</span> <span class='ocrx_word' id='word_1_305' title='bbox 859 2518 992 2587; x_wconf 69' lang='grc' dir='ltr'>πρὸς</span> <span class='ocrx_word' id='word_1_306' title='bbox 1036 2519 1256 2590; x_wconf 85' lang='grc' dir='ltr'>ἀρετήν.</span> <span class='ocrx_word' id='word_1_307' title='bbox 1304 2521 1430 2577; x_wconf 73' lang='grc' dir='ltr'>Οῗον</span> <span class='ocrx_word' id='word_1_308' title='bbox 1463 2527 1592 2582; x_wconf 86' lang='grc' dir='ltr'>ὅταν</span> <span class='ocrx_word' id='word_1_309' title='bbox 1638 2532 1844 2606; x_wconf 71' lang='grc' dir='ltr'>ἀκούῃς</span> 
     </span>
    </p>
   </div>
   <div class='ocr_carea' id='block_1_43' title="bbox 250 2597 1843 2687">
    <p class='ocr_par' dir='ltr' id='par_1_43' title="bbox 250 2597 1843 2687">
     <span class='ocr_line' id='line_1_43' title="bbox 250 2597 1843 2687; baseline 0.019 -40"><span class='ocrx_word' id='word_1_310' title='bbox 250 2597 350 2648; x_wconf 82' lang='grc' dir='ltr'><strong>τοῦ</strong></span> <span class='ocrx_word' id='word_1_311' title='bbox 404 2601 607 2670; x_wconf 78' lang='grc' dir='ltr'>Κυρίου</span> <span class='ocrx_word' id='word_1_312' title='bbox 647 2605 929 2672; x_wconf 83' lang='grc' dir='ltr'>λέγοντος·</span> <span class='ocrx_word' id='word_1_313' title='bbox 987 2612 1150 2664; x_wconf 77' lang='grc' dir='ltr'>Δεῦτε</span> <span class='ocrx_word' id='word_1_314' title='bbox 1195 2615 1328 2684; x_wconf 80' lang='grc' dir='ltr'>πρὸς</span> <span class='ocrx_word' id='word_1_315' title='bbox 1369 2619 1469 2686; x_wconf 75' lang='grc' dir='ltr'><strong>με,</strong></span> <span class='ocrx_word' id='word_1_316' title='bbox 1517 2623 1672 2687; x_wconf 70' lang='grc' dir='ltr'><strong>κάγὼ</strong></span> <span class='ocrx_word' id='word_1_317' title='bbox 1713 2627 1843 2677; x_wconf 87' lang='grc' dir='ltr'>ἁνα-</span> 
     </span>
    </p>
   </div>
   <div class='ocr_carea' id='block_1_44' title="bbox 254 2690 1841 2786">
    <p class='ocr_par' dir='ltr' id='par_1_44' title="bbox 254 2690 1841 2786">
     <span class='ocr_line' id='line_1_44' title="bbox 254 2690 1841 2786; baseline 0.021 -47"><span class='ocrx_word' id='word_1_318' title='bbox 254 2690 456 2744; x_wconf 75' lang='grc' dir='ltr'>παύσω</span> <span class='ocrx_word' id='word_1_319' title='bbox 496 2694 671 2762; x_wconf 81' lang='grc' dir='ltr'>ὑμᾶς,</span> <span class='ocrx_word' id='word_1_320' title='bbox 707 2699 863 2752; x_wconf 84' lang='grc' dir='ltr'>τοῦτο</span> <span class='ocrx_word' id='word_1_321' title='bbox 911 2702 969 2754; x_wconf 83' lang='grc' dir='ltr'>τὸ</span> <span class='ocrx_word' id='word_1_322' title='bbox 1021 2703 1230 2759; x_wconf 75' lang='grc' dir='ltr'>ἔλαιονο</span> <span class='ocrx_word' id='word_1_323' title='bbox 1266 2709 1557 2781; x_wconf 64' lang='grc' dir='ltr'>ίλαρύτητα</span> <span class='ocrx_word' id='word_1_324' title='bbox 1603 2717 1712 2786; x_wconf 72' lang='grc' dir='ltr'>γὰρ</span> <span class='ocrx_word' id='word_1_325' title='bbox 1753 2722 1841 2772; x_wconf 74' lang='grc' dir='ltr'><strong>καὶ</strong></span> 
     </span>
    </p>
   </div>
   <div class='ocr_carea' id='block_1_45' title="bbox 252 2781 1839 2876">
    <p class='ocr_par' dir='ltr' id='par_1_45' title="bbox 252 2781 1839 2876">
     <span class='ocr_line' id='line_1_45' title="bbox 252 2781 1839 2876; baseline 0.02 -44"><span class='ocrx_word' id='word_1_326' title='bbox 252 2781 564 2836; x_wconf 76' lang='grc' dir='ltr'>ἀνάπαυσιν</span> <span class='ocrx_word' id='word_1_327' title='bbox 594 2787 958 2844; x_wconf 80' lang='grc' dir='ltr'>ὑποδείκνυσι.</span> <span class='ocrx_word' id='word_1_328' title='bbox 986 2794 1096 2846; x_wconf 74' lang='grc' dir='ltr'><strong>Καὶ</strong></span> <span class='ocrx_word' id='word_1_329' title='bbox 1131 2797 1320 2850; x_wconf 77' lang='grc' dir='ltr'>πάλινο</span> <span class='ocrx_word' id='word_1_330' title='bbox 1361 2802 1547 2870; x_wconf 77' lang='grc' dir='ltr'>Δεῦτε,</span> <span class='ocrx_word' id='word_1_331' title='bbox 1576 2807 1839 2876; x_wconf 76' lang='grc' dir='ltr'>κληρονο-</span> 
     </span>
    </p>
   </div>
   <div class='ocr_carea' id='block_1_46' title="bbox 255 2873 1840 2962">
    <p class='ocr_par' dir='ltr' id='par_1_46' title="bbox 255 2873 1840 2962">
     <span class='ocr_line' id='line_1_46' title="bbox 255 2873 1840 2962; baseline 0.021 -41"><span class='ocrx_word' id='word_1_332' title='bbox 255 2873 471 2938; x_wconf 79' lang='grc' dir='ltr'>μήσατε</span> <span class='ocrx_word' id='word_1_333' title='bbox 514 2875 613 2946; x_wconf 80' lang='grc' dir='ltr'>τὴν</span> <span class='ocrx_word' id='word_1_334' title='bbox 659 2881 1074 2955; x_wconf 75' lang='grc' dir='ltr'>ἡτοιμασμένην</span> <span class='ocrx_word' id='word_1_335' title='bbox 1131 2889 1260 2956; x_wconf 83' lang='grc' dir='ltr'>ὑμῖν</span> <span class='ocrx_word' id='word_1_336' title='bbox 1317 2892 1616 2962; x_wconf 85' lang='grc' dir='ltr'>βασιλείαν.</span> <span class='ocrx_word' id='word_1_337' title='bbox 1675 2901 1840 2954; x_wconf 61' lang='grc' dir='ltr'>Ὅταν</span> 
     </span>
    </p>
   </div>
   <div class='ocr_carea' id='block_1_47' title="bbox 249 2961 1836 3058">
    <p class='ocr_par' dir='ltr' id='par_1_47' title="bbox 249 2961 1836 3058">
     <span class='ocr_line' id='line_1_47' title="bbox 249 2961 1836 3058; baseline 0.021 -44"><span class='ocrx_word' id='word_1_338' title='bbox 249 2961 309 3014; x_wconf 81' lang='grc' dir='ltr'><strong>δὲ</strong></span> <span class='ocrx_word' id='word_1_339' title='bbox 337 2964 490 3038; x_wconf 82' lang='grc' dir='ltr'>λέγῃ,</span> <span class='ocrx_word' id='word_1_340' title='bbox 524 2968 603 3022; x_wconf 79' lang='grc' dir='ltr'>ὅτι</span> <span class='ocrx_word' id='word_1_341' title='bbox 637 2971 941 3042; x_wconf 72' lang='grc' dir='ltr'>Πορεύεσθε</span> <span class='ocrx_word' id='word_1_342' title='bbox 973 2979 1053 3041; x_wconf 79' lang='grc' dir='ltr'>εἰς</span> <span class='ocrx_word' id='word_1_343' title='bbox 1087 2981 1144 3031; x_wconf 78' lang='grc' dir='ltr'>τὸ</span> <span class='ocrx_word' id='word_1_344' title='bbox 1179 2984 1396 3051; x_wconf 82' lang='grc' dir='ltr'>σκότος,</span> <span class='ocrx_word' id='word_1_345' title='bbox 1438 2987 1595 3041; x_wconf 88' lang='grc' dir='ltr'>τοῦτο</span> <span class='ocrx_word' id='word_1_346' title='bbox 1624 2992 1650 3041; x_wconf 88' lang='grc' dir='ltr'>ὁ</span> <span class='ocrx_word' id='word_1_347' title='bbox 1675 2990 1836 3058; x_wconf 73' lang='grc' dir='ltr'>οἶνος,</span> 
     </span>
    </p>
   </div>
   <div class='ocr_carea' id='block_1_48' title="bbox 250 3055 1832 3148">
    <p class='ocr_par' dir='ltr' id='par_1_48' title="bbox 250 3055 1832 3148">
     <span class='ocr_line' id='line_1_48' title="bbox 250 3055 1832 3148; baseline 0.021 -44"><span class='ocrx_word' id='word_1_348' title='bbox 250 3055 286 3122; x_wconf 76' lang='grc' dir='ltr'><strong>ἡ</strong></span> <span class='ocrx_word' id='word_1_349' title='bbox 333 3060 603 3129; x_wconf 82' lang='grc' dir='ltr'>στυπτικὴ</span> <span class='ocrx_word' id='word_1_350' title='bbox 648 3063 990 3122; x_wconf 81' lang='grc' dir='ltr'>διδασκαλία.</span> <span class='ocrx_word' id='word_1_351' title='bbox 1039 3071 1274 3141; x_wconf 85' lang='grc' dir='ltr'>Νοήσεις</span> <span class='ocrx_word' id='word_1_352' title='bbox 1322 3078 1367 3128; x_wconf 81' lang='grc' dir='ltr'>δ’</span> <span class='ocrx_word' id='word_1_353' title='bbox 1406 3079 1472 3131; x_wconf 72' lang='grc' dir='ltr'>ἂν</span> <span class='ocrx_word' id='word_1_354' title='bbox 1503 3083 1598 3134; x_wconf 77' lang='grc' dir='ltr'><strong>καὶ</strong></span> <span class='ocrx_word' id='word_1_355' title='bbox 1641 3083 1832 3148; x_wconf 82' lang='grc' dir='ltr'>ἄλλως·</span> 
     </span>
    </p>
   </div>
   <div class='ocr_carea' id='block_1_49' title="bbox 249 3144 1838 3246">
    <p class='ocr_par' dir='ltr' id='par_1_49' title="bbox 249 3144 1838 3246">
     <span class='ocr_line' id='line_1_49' title="bbox 249 3144 1838 3246; baseline 0.022 -51"><span class='ocrx_word' id='word_1_356' title='bbox 249 3144 434 3199; x_wconf 78' lang='grc' dir='ltr'>ελαιον</span> <span class='ocrx_word' id='word_1_357' title='bbox 480 3151 576 3220; x_wconf 83' lang='grc' dir='ltr'><strong>τὴν</strong></span> <span class='ocrx_word' id='word_1_358' title='bbox 656 3156 796 3207; x_wconf 85' lang='grc' dir='ltr'><strong>κατά</strong></span> <span class='ocrx_word' id='word_1_359' title='bbox 851 3157 1138 3228; x_wconf 78' lang='grc' dir='ltr'>ἄνθρωπον</span> <span class='ocrx_word' id='word_1_360' title='bbox 1192 3166 1506 3238; x_wconf 72' lang='grc' dir='ltr'>διαγωγὴν,</span> <span class='ocrx_word' id='word_1_361' title='bbox 1555 3169 1697 3226; x_wconf 74' lang='grc' dir='ltr'>οἶνον</span> <span class='ocrx_word' id='word_1_362' title='bbox 1738 3177 1838 3246; x_wconf 81' lang='grc' dir='ltr'>τὴν</span> 
     </span>
    </p>
   </div>
   <div class='ocr_carea' id='block_1_50' title="bbox 250 3238 1839 3334">
    <p class='ocr_par' dir='ltr' id='par_1_50' title="bbox 250 3238 1839 3334">
     <span class='ocr_line' id='line_1_50' title="bbox 250 3238 1839 3334; baseline 0.02 -47"><span class='ocrx_word' id='word_1_363' title='bbox 250 3239 394 3290; x_wconf 65' lang='grc' dir='ltr'><strong>κατά</strong></span> <span class='ocrx_word' id='word_1_364' title='bbox 434 3241 584 3305; x_wconf 82' lang='grc' dir='ltr'>Θεὸν,</span> <span class='ocrx_word' id='word_1_365' title='bbox 617 3238 728 3296; x_wconf 75' lang='grc' dir='ltr'>οἷόν</span> <span class='ocrx_word' id='word_1_366' title='bbox 755 3263 804 3299; x_wconf 88' lang='grc' dir='ltr'><strong>τι</strong></span> <span class='ocrx_word' id='word_1_367' title='bbox 834 3247 994 3316; x_wconf 84' lang='grc' dir='ltr'>λέγω·</span> <span class='ocrx_word' id='word_1_368' title='bbox 1047 3252 1106 3304; x_wconf 86' lang='grc' dir='ltr'><strong>Ὀ</strong></span> <span class='ocrx_word' id='word_1_369' title='bbox 1150 3255 1350 3323; x_wconf 63' lang='grc' dir='ltr'>Κύριος</span> <span class='ocrx_word' id='word_1_370' title='bbox 1386 3262 1452 3312; x_wconf 72' lang='grc' dir='ltr'><strong>τά</strong></span> <span class='ocrx_word' id='word_1_371' title='bbox 1484 3261 1583 3328; x_wconf 83' lang='grc' dir='ltr'>μὲν</span> <span class='ocrx_word' id='word_1_372' title='bbox 1629 3238 1839 3334; x_wconf 81' lang='grc' dir='ltr'>ἀνθρω-</span> 
     </span>
    </p>
   </div>
   <div class='ocr_carea' id='block_1_51' title="bbox 250 3331 1841 3423">
    <p class='ocr_par' dir='ltr' id='par_1_51' title="bbox 250 3331 1841 3423">
     <span class='ocr_line' id='line_1_51' title="bbox 250 3331 1841 3423; baseline 0.018 -40"><span class='ocrx_word' id='word_1_373' title='bbox 250 3331 422 3398; x_wconf 75' lang='grc' dir='ltr'>πίνως</span> <span class='ocrx_word' id='word_1_374' title='bbox 472 3335 713 3404; x_wconf 71' lang='grc' dir='ltr'>ἐνήργει,</span> <span class='ocrx_word' id='word_1_375' title='bbox 750 3339 818 3392; x_wconf 66' lang='grc' dir='ltr'>τὰ</span> <span class='ocrx_word' id='word_1_376' title='bbox 861 3341 936 3403; x_wconf 85' lang='grc' dir='ltr'><strong>δὲ,</strong></span> <span class='ocrx_word' id='word_1_377' title='bbox 992 3342 1212 3408; x_wconf 78' lang='grc' dir='ltr'>θεῖκῶς.</span> <span class='ocrx_word' id='word_1_378' title='bbox 1245 3349 1317 3400; x_wconf 86' lang='grc' dir='ltr'>Τὸ</span> <span class='ocrx_word' id='word_1_379' title='bbox 1366 3351 1464 3419; x_wconf 79' lang='grc' dir='ltr'><strong>μὲν</strong></span> <span class='ocrx_word' id='word_1_380' title='bbox 1497 3353 1607 3423; x_wconf 82' lang='grc' dir='ltr'>γὰρ</span> <span class='ocrx_word' id='word_1_381' title='bbox 1637 3331 1841 3410; x_wconf 82' lang='grc' dir='ltr'>ἐσθίειν</span> 
     </span>
    </p>
   </div>
   <div class='ocr_carea' id='block_1_52' title="bbox 248 3425 1838 3516">
    <p class='ocr_par' dir='ltr' id='par_1_52' title="bbox 248 3425 1838 3516">
     <span class='ocr_line' id='line_1_52' title="bbox 248 3425 1838 3516; baseline 0.018 -40"><span class='ocrx_word' id='word_1_382' title='bbox 248 3425 349 3477; x_wconf 72' lang='grc' dir='ltr'><strong>καὶ</strong></span> <span class='ocrx_word' id='word_1_383' title='bbox 379 3426 555 3479; x_wconf 79' lang='grc' dir='ltr'>πίνειν</span> <span class='ocrx_word' id='word_1_384' title='bbox 579 3469 593 3493; x_wconf 92' lang='grc'><strong>,</strong></span> <span class='ocrx_word' id='word_1_385' title='bbox 629 3431 720 3482; x_wconf 85' lang='grc' dir='ltr'><strong>καὶ</strong></span> <span class='ocrx_word' id='word_1_386' title='bbox 770 3432 862 3485; x_wconf 72' lang='grc' dir='ltr'>τὸν</span> <span class='ocrx_word' id='word_1_387' title='bbox 893 3435 1086 3488; x_wconf 83' lang='grc' dir='ltr'>ἄνετον</span> <span class='ocrx_word' id='word_1_388' title='bbox 1126 3441 1240 3507; x_wconf 77' lang='grc' dir='ltr'>βίον</span> <span class='ocrx_word' id='word_1_389' title='bbox 1289 3446 1685 3516; x_wconf 82' lang='grc' dir='ltr'>μεταδιώκειν,</span> <span class='ocrx_word' id='word_1_390' title='bbox 1723 3452 1838 3506; x_wconf 82' lang='grc' dir='ltr'>ἀλλ’</span> 
     </span>
    </p>
   </div>
   <div class='ocr_carea' id='block_1_53' title="bbox 246 3517 1833 3614">
    <p class='ocr_par' dir='ltr' id='par_1_53' title="bbox 246 3517 1833 3614">
     <span class='ocr_line' id='line_1_53' title="bbox 246 3517 1833 3614; baseline 0.02 -46"><span class='ocrx_word' id='word_1_391' title='bbox 246 3517 372 3586; x_wconf 69' lang='grc' dir='ltr'>ιὺχὶ</span> <span class='ocrx_word' id='word_1_392' title='bbox 395 3520 817 3591; x_wconf 83' lang='grc' dir='ltr'>σκληραγωγίαν</span> <span class='ocrx_word' id='word_1_393' title='bbox 839 3526 1234 3598; x_wconf 72' lang='grc' dir='ltr'>ἐνδείκνυσθαι,</span> <span class='ocrx_word' id='word_1_394' title='bbox 1267 3535 1457 3607; x_wconf 75' lang='grc' dir='ltr'>ὥσπερ</span> <span class='ocrx_word' id='word_1_395' title='bbox 1486 3542 1512 3592; x_wconf 90' lang='lat'><strong>6</strong></span> <span class='ocrx_word' id='word_1_396' title='bbox 1561 3541 1833 3614; x_wconf 80' lang='grc' dir='ltr'>Ἰωάννης,</span> 
     </span>
    </p>
   </div>
   <div class='ocr_carea' id='block_1_54' title="bbox 247 3607 1838 3697">
    <p class='ocr_par' dir='ltr' id='par_1_54' title="bbox 247 3607 1838 3697">
     <span class='ocr_line' id='line_1_54' title="bbox 247 3607 1838 3697; baseline 0.021 -38"><span class='ocrx_word' id='word_1_397' title='bbox 247 3607 411 3662; x_wconf 83' lang='grc' dir='ltr'>τοῦτό</span> <span class='ocrx_word' id='word_1_398' title='bbox 456 3613 573 3664; x_wconf 78' lang='grc' dir='ltr'>ἐστι</span> <span class='ocrx_word' id='word_1_399' title='bbox 619 3614 679 3667; x_wconf 86' lang='grc' dir='ltr'>τὸ</span> <span class='ocrx_word' id='word_1_400' title='bbox 724 3617 919 3672; x_wconf 81' lang='grc' dir='ltr'>ἔλαιον.</span> <span class='ocrx_word' id='word_1_401' title='bbox 968 3621 1032 3674; x_wconf 86' lang='lat' dir='ltr'><strong>&#39;H</strong></span> <span class='ocrx_word' id='word_1_402' title='bbox 1065 3623 1120 3675; x_wconf 80' lang='grc' dir='ltr'><strong>δὲ</strong></span> <span class='ocrx_word' id='word_1_403' title='bbox 1166 3625 1292 3697; x_wconf 82' lang='grc' dir='ltr'>ξένη</span> <span class='ocrx_word' id='word_1_404' title='bbox 1322 3634 1544 3694; x_wconf 84' lang='grc' dir='ltr'>νηστεία</span> <span class='ocrx_word' id='word_1_405' title='bbox 1588 3638 1681 3688; x_wconf 69' lang='grc' dir='ltr'><strong>καὶ</strong></span> <span class='ocrx_word' id='word_1_406' title='bbox 1712 3639 1738 3690; x_wconf 89' lang='lat'><strong>6</strong></span> 
     </span>
    </p>
   </div>
   <div class='ocr_carea' id='block_1_55' title="bbox 246 3699 1839 3791">
    <p class='ocr_par' dir='ltr' id='par_1_55' title="bbox 246 3699 1839 3791">
     <span class='ocr_line' id='line_1_55' title="bbox 246 3699 1839 3791; baseline 0.021 -40"><span class='ocrx_word' id='word_1_407' title='bbox 246 3699 494 3774; x_wconf 82' lang='grc' dir='ltr'>θαλάσσῃ</span> <span class='ocrx_word' id='word_1_408' title='bbox 531 3705 868 3774; x_wconf 88' lang='grc' dir='ltr'>περίπατος,</span> <span class='ocrx_word' id='word_1_409' title='bbox 914 3712 1008 3764; x_wconf 76' lang='grc' dir='ltr'><strong>καὶ</strong></span> <span class='ocrx_word' id='word_1_410' title='bbox 1047 3715 1146 3767; x_wconf 82' lang='grc' dir='ltr'><strong>ὅσα</strong></span> <span class='ocrx_word' id='word_1_411' title='bbox 1189 3717 1323 3772; x_wconf 78' lang='grc' dir='ltr'>ἄλλα</span> <span class='ocrx_word' id='word_1_412' title='bbox 1362 3721 1463 3791; x_wconf 78' lang='grc' dir='ltr'><strong>τῆς</strong></span> <span class='ocrx_word' id='word_1_413' title='bbox 1494 3724 1645 3790; x_wconf 88' lang='grc' dir='ltr'>θείας</span> <span class='ocrx_word' id='word_1_414' title='bbox 1681 3729 1839 3784; x_wconf 83' lang='grc' dir='ltr'>δυνά-</span> 
     </span>
    </p>
   </div>
   <div class='ocr_carea' id='block_1_56' title="bbox 254 3795 1838 3881">
    <p class='ocr_par' dir='ltr' id='par_1_56' title="bbox 254 3795 1838 3881">
     <span class='ocr_line' id='line_1_56' title="bbox 254 3795 1838 3881; baseline 0.021 -41"><span class='ocrx_word' id='word_1_415' title='bbox 254 3807 404 3858; x_wconf 87' lang='grc' dir='ltr'>μεως</span> <span class='ocrx_word' id='word_1_416' title='bbox 428 3831 442 3854; x_wconf 93' lang='grc'><strong>,</strong></span> <span class='ocrx_word' id='word_1_417' title='bbox 478 3795 651 3848; x_wconf 89' lang='grc' dir='ltr'>ταῦτά</span> <span class='ocrx_word' id='word_1_418' title='bbox 700 3800 849 3850; x_wconf 76' lang='grc' dir='ltr'>ἐστιν</span> <span class='ocrx_word' id='word_1_419' title='bbox 881 3802 908 3853; x_wconf 90' lang='lat'><strong>6</strong></span> <span class='ocrx_word' id='word_1_420' title='bbox 945 3797 1106 3867; x_wconf 83' lang='grc' dir='ltr'>οἶνος.</span> <span class='ocrx_word' id='word_1_421' title='bbox 1149 3807 1294 3878; x_wconf 81' lang='grc' dir='ltr'><strong>Οἴνῳ</strong></span> <span class='ocrx_word' id='word_1_422' title='bbox 1324 3810 1431 3881; x_wconf 87' lang='grc' dir='ltr'>γὰρ</span> <span class='ocrx_word' id='word_1_423' title='bbox 1472 3814 1838 3873; x_wconf 73' lang='grc' dir='ltr'>ἀπεικαστέον</span> 
     </span>
    </p>
   </div>
   <div class='ocr_carea' id='block_1_57' title="bbox 242 3883 1836 3982">
    <p class='ocr_par' dir='ltr' id='par_1_57' title="bbox 242 3883 1836 3982">
     <span class='ocr_line' id='line_1_57' title="bbox 242 3883 1836 3982; baseline 0.023 -49"><span class='ocrx_word' id='word_1_424' title='bbox 242 3883 346 3951; x_wconf 80' lang='grc' dir='ltr'><strong>τὴν</strong></span> <span class='ocrx_word' id='word_1_425' title='bbox 387 3884 637 3954; x_wconf 81' lang='grc' dir='ltr'>θεότητα,</span> <span class='ocrx_word' id='word_1_426' title='bbox 665 3889 733 3956; x_wconf 80' lang='grc' dir='ltr'>ἣν</span> <span class='ocrx_word' id='word_1_427' title='bbox 759 3889 999 3961; x_wconf 84' lang='grc' dir='ltr'>ἄκρατον</span> <span class='ocrx_word' id='word_1_428' title='bbox 1029 3897 1354 3968; x_wconf 78' lang='grc' dir='ltr'>ὑπενεγκεῖν</span> <span class='ocrx_word' id='word_1_429' title='bbox 1387 3906 1563 3973; x_wconf 75' lang='grc' dir='ltr'>οὐδεὶς</span> <span class='ocrx_word' id='word_1_430' title='bbox 1605 3911 1671 3965; x_wconf 76' lang='grc' dir='ltr'>ἂν</span> <span class='ocrx_word' id='word_1_431' title='bbox 1706 3913 1836 3982; x_wconf 75' lang='grc' dir='ltr'><strong>ἠδυ-</strong></span> 
     </span>
    </p>
   </div>
   <div class='ocr_carea' id='block_1_58' title="bbox 241 3975 1836 4069">
    <p class='ocr_par' dir='ltr' id='par_1_58' title="bbox 241 3975 1836 4069">
     <span class='ocr_line' id='line_1_58' title="bbox 241 3975 1836 4069; baseline 0.022 -44"><span class='ocrx_word' id='word_1_432' title='bbox 241 3975 405 4046; x_wconf 73' lang='grc' dir='ltr'>νήθη,</span> <span class='ocrx_word' id='word_1_433' title='bbox 438 3979 485 4029; x_wconf 82' lang='grc' dir='ltr'>εἰ</span> <span class='ocrx_word' id='word_1_434' title='bbox 522 3979 595 4047; x_wconf 80' lang='grc' dir='ltr'>μὴ</span> <span class='ocrx_word' id='word_1_435' title='bbox 628 3981 721 4032; x_wconf 81' lang='grc' dir='ltr'>καὶ</span> <span class='ocrx_word' id='word_1_436' title='bbox 746 3982 806 4034; x_wconf 83' lang='grc' dir='ltr'><strong>τὸ</strong></span> <span class='ocrx_word' id='word_1_437' title='bbox 832 3983 1016 4040; x_wconf 80' lang='grc' dir='ltr'>ἔλαιον</span> <span class='ocrx_word' id='word_1_438' title='bbox 1043 3981 1130 4058; x_wconf 78' lang='grc' dir='ltr'>ἦν,</span> <span class='ocrx_word' id='word_1_439' title='bbox 1163 3994 1445 4049; x_wconf 84' lang='grc' dir='ltr'>τουτέστιν</span> <span class='ocrx_word' id='word_1_440' title='bbox 1505 3999 1537 4069; x_wconf 85' lang='grc' dir='ltr'>ἡ</span> <span class='ocrx_word' id='word_1_441' title='bbox 1570 3975 1836 4058; x_wconf 32' lang='grc' dir='ltr'>κατάνᾶν-</span> 
     </span>
    </p>
   </div>
   <div class='ocr_carea' id='block_1_59' title="bbox 243 4068 1837 4166">
    <p class='ocr_par' dir='ltr' id='par_1_59' title="bbox 243 4068 1837 4166">
     <span class='ocr_line' id='line_1_59' title="bbox 243 4068 1837 4166; baseline 0.022 -49"><span class='ocrx_word' id='word_1_442' title='bbox 243 4068 466 4135; x_wconf 61' lang='grc' dir='ltr'>θρωπον</span> <span class='ocrx_word' id='word_1_443' title='bbox 503 4071 774 4144; x_wconf 80' lang='grc' dir='ltr'>διαγωγή.</span> <span class='ocrx_word' id='word_1_444' title='bbox 843 4074 1000 4132; x_wconf 70' lang='grc' dir='ltr'>Ἐπεὶ</span> <span class='ocrx_word' id='word_1_445' title='bbox 1054 4076 1147 4133; x_wconf 84' lang='grc' dir='ltr'><strong>οὖν</strong></span> <span class='ocrx_word' id='word_1_446' title='bbox 1199 4083 1267 4136; x_wconf 90' lang='grc' dir='ltr'>δι’</span> <span class='ocrx_word' id='word_1_447' title='bbox 1319 4068 1650 4163; x_wconf 82' lang='grc' dir='ltr'>ἀμφοτέρων</span> <span class='ocrx_word' id='word_1_448' title='bbox 1689 4098 1837 4166; x_wconf 79' lang='grc' dir='ltr'>ἡμᾶς</span> 
     </span>
    </p>
   </div>
   <div class='ocr_carea' id='block_1_60' title="bbox 243 4160 1838 4248">
    <p class='ocr_par' dir='ltr' id='par_1_60' title="bbox 243 4160 1838 4248">
     <span class='ocr_line' id='line_1_60' title="bbox 243 4160 1838 4248; baseline 0.021 -38"><span class='ocrx_word' id='word_1_449' title='bbox 243 4160 444 4227; x_wconf 74' lang='grc' dir='ltr'>ἔσωσε,</span> <span class='ocrx_word' id='word_1_450' title='bbox 481 4163 735 4234; x_wconf 71' lang='grc' dir='ltr'>θεότητος</span> <span class='ocrx_word' id='word_1_451' title='bbox 769 4184 910 4238; x_wconf 83' lang='grc' dir='ltr'>φημι</span> <span class='ocrx_word' id='word_1_452' title='bbox 957 4172 1050 4224; x_wconf 78' lang='grc' dir='ltr'>καὶ</span> <span class='ocrx_word' id='word_1_453' title='bbox 1084 4160 1646 4248; x_wconf 40' lang='grc' dir='ltr'>ἀνθρωπότητοςξδιά</span> <span class='ocrx_word' id='word_1_454' title='bbox 1681 4160 1838 4244; x_wconf 65' lang='grc' dir='ltr'>τοῦτο</span> 
     </span>
    </p>
   </div>
   <div class='ocr_carea' id='block_1_61' title="bbox 245 4251 1838 4353">
    <p class='ocr_par' dir='ltr' id='par_1_61' title="bbox 245 4251 1838 4353">
     <span class='ocr_line' id='line_1_61' title="bbox 245 4251 1838 4353; baseline 0.021 -50"><span class='ocrx_word' id='word_1_455' title='bbox 245 4253 466 4318; x_wconf 72' lang='grc' dir='ltr'>λέγεται</span> <span class='ocrx_word' id='word_1_456' title='bbox 496 4251 636 4308; x_wconf 77' lang='grc' dir='ltr'>οἶνον</span> <span class='ocrx_word' id='word_1_457' title='bbox 667 4261 761 4310; x_wconf 67' lang='grc' dir='ltr'>καὶ</span> <span class='ocrx_word' id='word_1_458' title='bbox 800 4261 979 4315; x_wconf 75' lang='grc' dir='ltr'>ἔλαιον</span> <span class='ocrx_word' id='word_1_459' title='bbox 1011 4267 1251 4336; x_wconf 81' lang='grc' dir='ltr'>ὲπιχέαι.</span> <span class='ocrx_word' id='word_1_460' title='bbox 1287 4273 1398 4325; x_wconf 69' lang='grc' dir='ltr'><strong>Καὶ</strong></span> <span class='ocrx_word' id='word_1_461' title='bbox 1431 4276 1555 4328; x_wconf 76' lang='grc' dir='ltr'>καθ’</span> <span class='ocrx_word' id='word_1_462' title='bbox 1596 4280 1838 4353; x_wconf 80' lang='grc' dir='ltr'>ἑκάστην</span> 
     </span>
    </p>
   </div>
   <div class='ocr_carea' id='block_1_62' title="bbox 243 4346 1836 4444">
    <p class='ocr_par' dir='ltr' id='par_1_62' title="bbox 243 4346 1836 4444">
     <span class='ocr_line' id='line_1_62' title="bbox 243 4346 1836 4444; baseline 0.021 -48"><span class='ocrx_word' id='word_1_463' title='bbox 243 4346 302 4397; x_wconf 76' lang='grc' dir='ltr'><strong>δὲ</strong></span> <span class='ocrx_word' id='word_1_464' title='bbox 363 4348 413 4399; x_wconf 91' lang='grc' dir='ltr'><strong>οί</strong></span> <span class='ocrx_word' id='word_1_465' title='bbox 465 4347 891 4420; x_wconf 76' lang='grc' dir='ltr'>βαπτιζόμενοι,</span> <span class='ocrx_word' id='word_1_466' title='bbox 951 4356 1060 4410; x_wconf 81' lang='grc' dir='ltr'>τῶν</span> <span class='ocrx_word' id='word_1_467' title='bbox 1115 4364 1450 4432; x_wconf 83' lang='grc' dir='ltr'>τραυμάτων</span> <span class='ocrx_word' id='word_1_468' title='bbox 1506 4369 1604 4440; x_wconf 84' lang='grc' dir='ltr'>τῆς</span> <span class='ocrx_word' id='word_1_469' title='bbox 1654 4346 1836 4444; x_wconf 64' lang='grc' dir='ltr'>ψυχης</span> 
     </span>
    </p>
   </div>
   <div class='ocr_carea' id='block_1_63' title="bbox 243 4437 1833 4535">
    <p class='ocr_par' dir='ltr' id='par_1_63' title="bbox 243 4437 1833 4535">
     <span class='ocr_line' id='line_1_63' title="bbox 243 4437 1833 4535; baseline 0.022 -49"><span class='ocrx_word' id='word_1_470' title='bbox 243 4437 716 4507; x_wconf 74' lang='grc' dir='ltr'>ἀπαλλάττονται,</span> <span class='ocrx_word' id='word_1_471' title='bbox 769 4446 934 4516; x_wconf 71' lang='grc' dir='ltr'>ἐλαίῳ</span> <span class='ocrx_word' id='word_1_472' title='bbox 983 4449 1081 4518; x_wconf 84' lang='grc' dir='ltr'><strong>μὲν</strong></span> <span class='ocrx_word' id='word_1_473' title='bbox 1133 4454 1226 4505; x_wconf 86' lang='grc' dir='ltr'><strong>τοῦ</strong></span> <span class='ocrx_word' id='word_1_474' title='bbox 1283 4457 1458 4526; x_wconf 85' lang='grc' dir='ltr'>μύρου</span> <span class='ocrx_word' id='word_1_475' title='bbox 1509 4437 1833 4535; x_wconf 65' lang='grc' dir='ltr'>χρώμενοι,</span> 
     </span>
    </p>
   </div>
   <div class='ocr_carea' id='block_1_64' title="bbox 243 4530 1836 4627">
    <p class='ocr_par' dir='ltr' id='par_1_64' title="bbox 243 4530 1836 4627">
     <span class='ocr_line' id='line_1_64' title="bbox 243 4530 1836 4627; baseline 0.019 -43"><span class='ocrx_word' id='word_1_476' title='bbox 243 4530 410 4593; x_wconf 81' lang='grc' dir='ltr'>εὐθὺς</span> <span class='ocrx_word' id='word_1_477' title='bbox 438 4532 494 4584; x_wconf 85' lang='grc' dir='ltr'><strong>δὲ</strong></span> <span class='ocrx_word' id='word_1_478' title='bbox 526 4536 932 4605; x_wconf 75' lang='grc' dir='ltr'>κοινωνοῦντες,</span> <span class='ocrx_word' id='word_1_479' title='bbox 967 4543 1061 4595; x_wconf 79' lang='grc' dir='ltr'><strong>καὶ</strong></span> <span class='ocrx_word' id='word_1_480' title='bbox 1100 4546 1194 4597; x_wconf 85' lang='grc' dir='ltr'><strong>τοῦ</strong></span> <span class='ocrx_word' id='word_1_481' title='bbox 1223 4548 1368 4602; x_wconf 84' lang='grc' dir='ltr'>θείου</span> <span class='ocrx_word' id='word_1_482' title='bbox 1403 4553 1635 4624; x_wconf 82' lang='grc' dir='ltr'>αἵματος</span> <span class='ocrx_word' id='word_1_483' title='bbox 1669 4577 1836 4627; x_wconf 88' lang='grc' dir='ltr'>μετα-</span> 
     </span>
    </p>
   </div>
   <div class='ocr_carea' id='block_1_65' title="bbox 242 4624 1838 4724">
    <p class='ocr_par' dir='ltr' id='par_1_65' title="bbox 242 4624 1838 4724">
     <span class='ocr_line' id='line_1_65' title="bbox 242 4624 1838 4724; baseline 0.023 -50"><span class='ocrx_word' id='word_1_484' title='bbox 242 4624 636 4692; x_wconf 69' lang='grc' dir='ltr'>λαμϐάνοντες.</span> <span class='ocrx_word' id='word_1_485' title='bbox 686 4629 1004 4688; x_wconf 75' lang='grc' dir='ltr'>’Δνεὸίΰασε</span> <span class='ocrx_word' id='word_1_486' title='bbox 1046 4637 1101 4690; x_wconf 86' lang='grc' dir='ltr'><strong>δὲ</strong></span> <span class='ocrx_word' id='word_1_487' title='bbox 1139 4641 1165 4691; x_wconf 86' lang='lat'><strong>6</strong></span> <span class='ocrx_word' id='word_1_488' title='bbox 1211 4643 1415 4713; x_wconf 71' lang='grc' dir='ltr'>Κύριος</span> <span class='ocrx_word' id='word_1_489' title='bbox 1446 4649 1546 4719; x_wconf 78' lang='grc' dir='ltr'><strong>τὴν</strong></span> <span class='ocrx_word' id='word_1_490' title='bbox 1593 4624 1838 4724; x_wconf 83' lang='grc' dir='ltr'>τραυμα-</span> 
     </span>
    </p>
   </div>
   <div class='ocr_carea' id='block_1_66' title="bbox 241 4717 1838 4813">
    <p class='ocr_par' dir='ltr' id='par_1_66' title="bbox 241 4717 1838 4813">
     <span class='ocr_line' id='line_1_66' title="bbox 241 4717 1838 4813; baseline 0.021 -45"><span class='ocrx_word' id='word_1_491' title='bbox 241 4717 526 4772; x_wconf 81' lang='grc' dir='ltr'>τισθείσαν</span> <span class='ocrx_word' id='word_1_492' title='bbox 565 4721 725 4791; x_wconf 81' lang='grc' dir='ltr'>ἡμῶν</span> <span class='ocrx_word' id='word_1_493' title='bbox 757 4724 920 4791; x_wconf 74' lang='grc' dir='ltr'>φύσιν</span> <span class='ocrx_word' id='word_1_494' title='bbox 957 4729 1052 4781; x_wconf 78' lang='grc' dir='ltr'>ἐπὶ</span> <span class='ocrx_word' id='word_1_495' title='bbox 1088 4732 1150 4784; x_wconf 84' lang='grc' dir='ltr'>τὸ</span> <span class='ocrx_word' id='word_1_496' title='bbox 1183 4734 1314 4787; x_wconf 78' lang='grc' dir='ltr'>[διον</span> <span class='ocrx_word' id='word_1_497' title='bbox 1353 4738 1679 4813; x_wconf 77' lang='grc' dir='ltr'>ὑποζύγιον,</span> <span class='ocrx_word' id='word_1_498' title='bbox 1713 4764 1838 4800; x_wconf 86' lang='grc' dir='ltr'>του-</span> 
     </span>
    </p>
   </div>
   <div class='ocr_carea' id='block_1_67' title="bbox 241 4816 1835 4913">
    <p class='ocr_par' dir='ltr' id='par_1_67' title="bbox 241 4816 1835 4913">
     <span class='ocr_line' id='line_1_67' title="bbox 241 4816 1835 4913; baseline 0.021 -48"><span class='ocrx_word' id='word_1_499' title='bbox 241 4816 448 4881; x_wconf 88' lang='grc' dir='ltr'>τέστιν,</span> <span class='ocrx_word' id='word_1_500' title='bbox 494 4817 586 4869; x_wconf 74' lang='grc' dir='ltr'><strong>ἐπὶ</strong></span> <span class='ocrx_word' id='word_1_501' title='bbox 617 4818 677 4871; x_wconf 77' lang='grc' dir='ltr'>τὸ</span> <span class='ocrx_word' id='word_1_502' title='bbox 721 4820 882 4888; x_wconf 82' lang='grc' dir='ltr'>σῶμα</span> <span class='ocrx_word' id='word_1_503' title='bbox 926 4825 1128 4879; x_wconf 86' lang='grc' dir='ltr'>αὑτοῦ·</span> <span class='ocrx_word' id='word_1_504' title='bbox 1175 4833 1311 4902; x_wconf 86' lang='grc' dir='ltr'>μέλη</span> <span class='ocrx_word' id='word_1_505' title='bbox 1343 4835 1450 4905; x_wconf 76' lang='grc' dir='ltr'>γὰρ</span> <span class='ocrx_word' id='word_1_506' title='bbox 1474 4839 1639 4900; x_wconf 75' lang='grc' dir='ltr'>αὑτοῦ</span> <span class='ocrx_word' id='word_1_507' title='bbox 1685 4844 1835 4913; x_wconf 82' lang='grc' dir='ltr'>ἡμᾶς</span> 
     </span>
    </p>
   </div>
   <div class='ocr_carea' id='block_1_68' title="bbox 240 4906 1833 4992">
    <p class='ocr_par' dir='ltr' id='par_1_68' title="bbox 240 4906 1833 4992">
     <span class='ocr_line' id='line_1_68' title="bbox 240 4906 1833 4992; baseline 0.021 -36"><span class='ocrx_word' id='word_1_508' title='bbox 240 4906 495 4976; x_wconf 73' lang='grc' dir='ltr'>ἐποίησε,</span> <span class='ocrx_word' id='word_1_509' title='bbox 532 4911 624 4962; x_wconf 72' lang='grc' dir='ltr'><strong>καὶ</strong></span> <span class='ocrx_word' id='word_1_510' title='bbox 651 4915 940 4978; x_wconf 75' lang='grc' dir='ltr'>κοινωνοὺς</span> <span class='ocrx_word' id='word_1_511' title='bbox 967 4917 1063 4971; x_wconf 87' lang='grc' dir='ltr'><strong>τοῦ</strong></span> <span class='ocrx_word' id='word_1_512' title='bbox 1094 4920 1345 4990; x_wconf 79' lang='grc' dir='ltr'>σώματος</span> <span class='ocrx_word' id='word_1_513' title='bbox 1374 4929 1566 4992; x_wconf 81' lang='grc' dir='ltr'>αὑτοῦ,</span> <span class='ocrx_word' id='word_1_514' title='bbox 1599 4933 1750 4987; x_wconf 80' lang='grc' dir='ltr'>κάτω</span> <span class='ocrx_word' id='word_1_515' title='bbox 1776 4954 1833 4989; x_wconf 87' lang='grc' dir='ltr'><strong>τε</strong></span> 
     </span>
    </p>
   </div>
   <div class='ocr_carea' id='block_1_69' title="bbox 239 5001 1832 5094">
    <p class='ocr_par' dir='ltr' id='par_1_69' title="bbox 239 5001 1832 5094">
     <span class='ocr_line' id='line_1_69' title="bbox 239 5001 1832 5094; baseline 0.021 -44"><span class='ocrx_word' id='word_1_516' title='bbox 239 5001 532 5070; x_wconf 83' lang='grc' dir='ltr'>κειμένους</span> <span class='ocrx_word' id='word_1_517' title='bbox 567 5004 886 5061; x_wconf 70' lang='grc' dir='ltr'>ἀνεϐίϐασεν</span> <span class='ocrx_word' id='word_1_518' title='bbox 932 5009 1024 5063; x_wconf 64' lang='grc' dir='ltr'><strong>ἐπὶ</strong></span> <span class='ocrx_word' id='word_1_519' title='bbox 1053 5013 1154 5082; x_wconf 79' lang='grc' dir='ltr'>τὴν</span> <span class='ocrx_word' id='word_1_520' title='bbox 1202 5017 1359 5082; x_wconf 77' lang='grc' dir='ltr'>ἀξίαν</span> <span class='ocrx_word' id='word_1_521' title='bbox 1404 5022 1621 5094; x_wconf 81' lang='grc' dir='ltr'>ἐκείνην</span> <span class='ocrx_word' id='word_1_522' title='bbox 1645 5068 1659 5090; x_wconf 92' lang='grc'><strong>,</strong></span> <span class='ocrx_word' id='word_1_523' title='bbox 1693 5027 1832 5082; x_wconf 79' lang='grc' dir='ltr'>ὣστε</span> 
     </span>
    </p>
   </div>
   <div class='ocr_carea' id='block_1_70' title="bbox 242 5093 1830 5190">
    <p class='ocr_par' dir='ltr' id='par_1_70' title="bbox 242 5093 1830 5190">
     <span class='ocr_line' id='line_1_70' title="bbox 242 5093 1830 5190; baseline 0.021 -48"><span class='ocrx_word' id='word_1_524' title='bbox 242 5093 572 5162; x_wconf 80' lang='grc' dir='ltr'>συσσώμους</span> <span class='ocrx_word' id='word_1_525' title='bbox 609 5097 760 5166; x_wconf 86' lang='grc' dir='ltr'>αὑτῷ</span> <span class='ocrx_word' id='word_1_526' title='bbox 789 5093 951 5153; x_wconf 79' lang='grc' dir='ltr'>εῖναι.</span> <span class='ocrx_word' id='word_1_527' title='bbox 985 5103 1308 5176; x_wconf 81' lang='grc' dir='ltr'>Πανδοχεῖον</span> <span class='ocrx_word' id='word_1_528' title='bbox 1340 5112 1396 5165; x_wconf 80' lang='grc' dir='ltr'>δὲ</span> <span class='ocrx_word' id='word_1_529' title='bbox 1428 5116 1459 5183; x_wconf 78' lang='grc' dir='ltr'><strong>ἡ</strong></span> <span class='ocrx_word' id='word_1_530' title='bbox 1513 5118 1830 5190; x_wconf 84' lang='grc' dir='ltr'>Ἐκκλησία,</span> 
     </span>
    </p>
   </div>
   <div class='ocr_carea' id='block_1_71' title="bbox 239 5185 1830 5280">
    <p class='ocr_par' dir='ltr' id='par_1_71' title="bbox 239 5185 1830 5280">
     <span class='ocr_line' id='line_1_71' title="bbox 239 5185 1830 5280; baseline 0.023 -47"><span class='ocrx_word' id='word_1_531' title='bbox 239 5185 274 5251; x_wconf 81' lang='grc' dir='ltr'><strong>ἡ</strong></span> <span class='ocrx_word' id='word_1_532' title='bbox 315 5186 494 5238; x_wconf 74' lang='grc' dir='ltr'>πάντα</span> <span class='ocrx_word' id='word_1_533' title='bbox 525 5186 896 5263; x_wconf 75' lang='grc' dir='ltr'>ὑποδεχομένη</span> <span class='ocrx_word' id='word_1_534' title='bbox 921 5209 935 5223; x_wconf 89' lang='grc'><strong>·</strong></span> <span class='ocrx_word' id='word_1_535' title='bbox 966 5199 993 5248; x_wconf 82' lang='grc' dir='ltr'><strong><em>ὸ</em></strong></span> <span class='ocrx_word' id='word_1_536' title='bbox 1031 5198 1131 5266; x_wconf 84' lang='grc' dir='ltr'>μὲν</span> <span class='ocrx_word' id='word_1_537' title='bbox 1166 5201 1273 5272; x_wconf 81' lang='grc' dir='ltr'>γὰρ</span> <span class='ocrx_word' id='word_1_538' title='bbox 1318 5207 1504 5275; x_wconf 81' lang='grc' dir='ltr'>νόμος,</span> <span class='ocrx_word' id='word_1_539' title='bbox 1534 5211 1593 5262; x_wconf 87' lang='grc' dir='ltr'><strong>οὑ</strong></span> <span class='ocrx_word' id='word_1_540' title='bbox 1624 5185 1830 5280; x_wconf 77' lang='grc' dir='ltr'>πάντας</span> 
     </span>
    </p>
   </div>
   <div class='ocr_carea' id='block_1_72' title="bbox 237 5275 1830 5377">
    <p class='ocr_par' dir='ltr' id='par_1_72' title="bbox 237 5275 1830 5377">
     <span class='ocr_line' id='line_1_72' title="bbox 237 5275 1830 5377; baseline 0.022 -50"><span class='ocrx_word' id='word_1_541' title='bbox 237 5275 476 5346; x_wconf 73' lang='grc' dir='ltr'>ἐδέχετο.</span> <span class='ocrx_word' id='word_1_542' title='bbox 513 5279 814 5352; x_wconf 73' lang='grc' dir='ltr'>Μωαϐίτης</span> <span class='ocrx_word' id='word_1_543' title='bbox 855 5286 985 5357; x_wconf 85' lang='grc' dir='ltr'>γὰρ,</span> <span class='ocrx_word' id='word_1_544' title='bbox 1024 5293 1178 5359; x_wconf 71' lang='grc' dir='ltr'>φησὶ,</span> <span class='ocrx_word' id='word_1_545' title='bbox 1221 5297 1324 5348; x_wconf 63' lang='grc' dir='ltr'>καὶ</span> <span class='ocrx_word' id='word_1_546' title='bbox 1359 5299 1703 5377; x_wconf 80' lang='grc' dir='ltr'>Ἀμμανίτης</span> <span class='ocrx_word' id='word_1_547' title='bbox 1730 5275 1830 5362; x_wconf 70' lang='grc' dir='ltr'><strong>οὐκ</strong></span> 
     </span>
    </p>
   </div>
   <div class='ocr_carea' id='block_1_73' title="bbox 238 5370 1830 5455">
    <p class='ocr_par' dir='ltr' id='par_1_73' title="bbox 238 5370 1830 5455">
     <span class='ocr_line' id='line_1_73' title="bbox 238 5370 1830 5455; baseline 0.022 -34"><span class='ocrx_word' id='word_1_548' title='bbox 238 5370 612 5426; x_wconf 76' lang='grc' dir='ltr'>εἰσελεύσεται</span> <span class='ocrx_word' id='word_1_549' title='bbox 645 5376 724 5437; x_wconf 83' lang='grc' dir='ltr'><strong>είς</strong></span> <span class='ocrx_word' id='word_1_550' title='bbox 774 5376 1104 5450; x_wconf 82' lang='grc' dir='ltr'>Ἐκκλησίαν</span> <span class='ocrx_word' id='word_1_551' title='bbox 1135 5386 1292 5443; x_wconf 84' lang='grc' dir='ltr'>Θεοῦ.</span> <span class='ocrx_word' id='word_1_552' title='bbox 1338 5391 1451 5444; x_wconf 83' lang='grc' dir='ltr'>Νῦν</span> <span class='ocrx_word' id='word_1_553' title='bbox 1486 5394 1543 5448; x_wconf 79' lang='grc' dir='ltr'><strong>δὲ</strong></span> <span class='ocrx_word' id='word_1_554' title='bbox 1581 5400 1638 5449; x_wconf 85' lang='grc' dir='ltr'><strong>έν</strong></span> <span class='ocrx_word' id='word_1_555' title='bbox 1669 5404 1830 5455; x_wconf 65' lang='grc' dir='ltr'><strong>παντὶ⁴</strong></span> 
     </span>
    </p>
   </div>
   <div class='ocr_carea' id='block_1_74' title="bbox 237 5461 1824 5555">
    <p class='ocr_par' dir='ltr' id='par_1_74' title="bbox 237 5461 1824 5555">
     <span class='ocr_line' id='line_1_74' title="bbox 237 5461 1824 5555; baseline 0.02 -41"><span class='ocrx_word' id='word_1_556' title='bbox 237 5461 384 5515; x_wconf 82' lang='grc' dir='ltr'>έθνει</span> <span class='ocrx_word' id='word_1_557' title='bbox 416 5466 445 5517; x_wconf 87' lang='lat'><strong>6</strong></span> <span class='ocrx_word' id='word_1_558' title='bbox 483 5464 818 5535; x_wconf 77' lang='grc' dir='ltr'>φοόούμενος</span> <span class='ocrx_word' id='word_1_559' title='bbox 847 5471 939 5524; x_wconf 80' lang='grc' dir='ltr'><strong>τὸν</strong></span> <span class='ocrx_word' id='word_1_560' title='bbox 970 5473 1102 5526; x_wconf 76' lang='grc' dir='ltr'>Θεὸν</span> <span class='ocrx_word' id='word_1_561' title='bbox 1135 5477 1322 5544; x_wconf 80' lang='grc' dir='ltr'>δεκτὸς</span> <span class='ocrx_word' id='word_1_562' title='bbox 1361 5485 1513 5555; x_wconf 87' lang='grc' dir='ltr'>αὑτῴ</span> <span class='ocrx_word' id='word_1_563' title='bbox 1547 5490 1688 5554; x_wconf 75' lang='grc' dir='ltr'>ἐστι,</span> <span class='ocrx_word' id='word_1_564' title='bbox 1733 5493 1824 5546; x_wconf 88' lang='grc' dir='ltr'>θέ-</span> 
     </span>
    </p>
   </div>
   <div class='ocr_carea' id='block_1_75' title="bbox 234 5554 1825 5655">
    <p class='ocr_par' dir='ltr' id='par_1_75' title="bbox 234 5554 1825 5655">
     <span class='ocr_line' id='line_1_75' title="bbox 234 5554 1825 5655; baseline 0.021 -49"><span class='ocrx_word' id='word_1_565' title='bbox 234 5554 345 5608; x_wconf 88' lang='grc' dir='ltr'><strong>λων</strong></span> <span class='ocrx_word' id='word_1_566' title='bbox 379 5561 701 5622; x_wconf 86' lang='grc' dir='ltr'>πιστεῦσαι,</span> <span class='ocrx_word' id='word_1_567' title='bbox 733 5565 827 5615; x_wconf 76' lang='grc' dir='ltr'><strong>καὶ</strong></span> <span class='ocrx_word' id='word_1_568' title='bbox 861 5566 1024 5636; x_wconf 87' lang='grc' dir='ltr'>μέρος</span> <span class='ocrx_word' id='word_1_569' title='bbox 1052 5572 1308 5636; x_wconf 88' lang='grc' dir='ltr'>γενέσθαι</span> <span class='ocrx_word' id='word_1_570' title='bbox 1337 5577 1439 5645; x_wconf 86' lang='grc' dir='ltr'>τῆς</span> <span class='ocrx_word' id='word_1_571' title='bbox 1475 5579 1825 5655; x_wconf 87' lang='grc' dir='ltr'>Ἐκκλησίας.</span> 
     </span>
    </p>
   </div>
   <div class='ocr_carea' id='block_1_76' title="bbox 239 5647 1818 5735">
    <p class='ocr_par' dir='ltr' id='par_1_76' title="bbox 239 5647 1818 5735">
     <span class='ocr_line' id='line_1_76' title="bbox 239 5647 1818 5735; baseline 0.02 -38"><span class='ocrx_word' id='word_1_572' title='bbox 239 5647 455 5709; x_wconf 82' lang='grc' dir='ltr'>Πάντας</span> <span class='ocrx_word' id='word_1_573' title='bbox 483 5649 594 5721; x_wconf 78' lang='grc' dir='ltr'>γὰρ</span> <span class='ocrx_word' id='word_1_574' title='bbox 637 5653 982 5724; x_wconf 79' lang='grc' dir='ltr'>ὑποδέχεται,</span> <span class='ocrx_word' id='word_1_575' title='bbox 1015 5660 1111 5713; x_wconf 75' lang='grc' dir='ltr'>καὶ</span> <span class='ocrx_word' id='word_1_576' title='bbox 1141 5663 1502 5735; x_wconf 80' lang='grc' dir='ltr'>ἁμαρτωλοὺς</span> <span class='ocrx_word' id='word_1_577' title='bbox 1532 5674 1627 5726; x_wconf 74' lang='grc' dir='ltr'><strong>καὶ</strong></span> <span class='ocrx_word' id='word_1_578' title='bbox 1657 5676 1818 5728; x_wconf 84' lang='grc' dir='ltr'>τελώ-</span> 
     </span>
    </p>
   </div>
   <div class='ocr_carea' id='block_1_77' title="bbox 235 5741 1820 5831">
    <p class='ocr_par' dir='ltr' id='par_1_77' title="bbox 235 5741 1820 5831">
     <span class='ocr_line' id='line_1_77' title="bbox 235 5741 1820 5831; baseline 0.021 -40"><span class='ocrx_word' id='word_1_579' title='bbox 235 5755 354 5802; x_wconf 87' lang='grc' dir='ltr'>νας.</span> <span class='ocrx_word' id='word_1_580' title='bbox 385 5741 526 5810; x_wconf 88' lang='grc' dir='ltr'>Ὅρα</span> <span class='ocrx_word' id='word_1_581' title='bbox 560 5743 618 5796; x_wconf 84' lang='grc' dir='ltr'><strong>δὲ</strong></span> <span class='ocrx_word' id='word_1_582' title='bbox 674 5746 773 5814; x_wconf 76' lang='grc' dir='ltr'>τὴν</span> <span class='ocrx_word' id='word_1_583' title='bbox 819 5750 1128 5820; x_wconf 76' lang='grc' dir='ltr'>ἀκρίϐειαν,</span> <span class='ocrx_word' id='word_1_584' title='bbox 1166 5757 1283 5821; x_wconf 84' lang='grc' dir='ltr'><strong>πῶς</strong></span> <span class='ocrx_word' id='word_1_585' title='bbox 1325 5778 1510 5831; x_wconf 87' lang='grc' dir='ltr'>φησιν,</span> <span class='ocrx_word' id='word_1_586' title='bbox 1553 5767 1636 5819; x_wconf 86' lang='grc' dir='ltr'>ὄτι</span> <span class='ocrx_word' id='word_1_587' title='bbox 1677 5770 1820 5823; x_wconf 83' lang='grc' dir='ltr'>ἀπα-</span> 
     </span>
    </p>
   </div>
   <div class='ocr_carea' id='block_1_78' title="bbox 234 5830 1822 5932">
    <p class='ocr_par' dir='ltr' id='par_1_78' title="bbox 234 5830 1822 5932">
     <span class='ocr_line' id='line_1_78' title="bbox 234 5830 1822 5932; baseline 0.023 -51"><span class='ocrx_word' id='word_1_588' title='bbox 234 5830 424 5901; x_wconf 76' lang='grc' dir='ltr'>γαγὼν</span> <span class='ocrx_word' id='word_1_589' title='bbox 463 5836 541 5898; x_wconf 83' lang='grc' dir='ltr'><strong>είς</strong></span> <span class='ocrx_word' id='word_1_590' title='bbox 594 5836 656 5889; x_wconf 79' lang='grc' dir='ltr'><strong>τὸ</strong></span> <span class='ocrx_word' id='word_1_591' title='bbox 709 5839 1058 5912; x_wconf 77' lang='grc' dir='ltr'>πανδοχεῖον,</span> <span class='ocrx_word' id='word_1_592' title='bbox 1094 5849 1410 5926; x_wconf 71' lang='grc' dir='ltr'>ἐπεμελήθη</span> <span class='ocrx_word' id='word_1_593' title='bbox 1444 5858 1609 5912; x_wconf 79' lang='grc' dir='ltr'>αὐτοῦ</span> <span class='ocrx_word' id='word_1_594' title='bbox 1633 5875 1646 5890; x_wconf 90' lang='grc'><strong>·</strong></span> <span class='ocrx_word' id='word_1_595' title='bbox 1691 5863 1822 5932; x_wconf 75' lang='grc' dir='ltr'>πρὶν</span> 
     </span>
    </p>
   </div>
   <div class='ocr_carea' id='block_1_79' title="bbox 1962 1979 3558 2050">
    <p class='ocr_par' dir='ltr' id='par_1_79' title="bbox 1962 1979 3558 2050">
     <span class='ocr_line' id='line_1_79' title="bbox 1962 1979 3558 2050; baseline 0.009 -22"><span class='ocrx_word' id='word_1_596' title='bbox 1962 1979 2137 2031; x_wconf 65' lang='lat' dir='ltr'><strong>oleum</strong></span> <span class='ocrx_word' id='word_1_597' title='bbox 2169 1995 2233 2033; x_wconf 84' lang='lat' dir='ltr'><strong>ac</strong></span> <span class='ocrx_word' id='word_1_598' title='bbox 2269 1983 2450 2034; x_wconf 89' lang='lat' dir='ltr'><strong>vinum</strong></span> <span class='ocrx_word' id='word_1_599' title='bbox 2477 2001 2488 2036; x_wconf 93' lang='lat'>:</span> <span class='ocrx_word' id='word_1_600' title='bbox 2521 1985 2700 2038; x_wconf 89' lang='lat' dir='ltr'><strong>oleum</strong></span> <span class='ocrx_word' id='word_1_601' title='bbox 2722 2026 2736 2050; x_wconf 96' lang='lat'><strong>,</strong></span> <span class='ocrx_word' id='word_1_602' title='bbox 2793 1987 2894 2040; x_wconf 90' lang='lat' dir='ltr'><strong>hoc</strong></span> <span class='ocrx_word' id='word_1_603' title='bbox 2938 1997 3022 2040; x_wconf 89' lang='lat' dir='ltr'><strong>est</strong></span> <span class='ocrx_word' id='word_1_604' title='bbox 3081 2001 3392 2042; x_wconf 87' lang='lat' dir='ltr'><strong>sermonem</strong></span> <span class='ocrx_word' id='word_1_605' title='bbox 3425 1987 3558 2042; x_wconf 79' lang='lat' dir='ltr'><strong>dnc-</strong></span> 
     </span>
    </p>
   </div>
   <div class='ocr_carea' id='block_1_80' title="bbox 1961 2073 3555 2144">
    <p class='ocr_par' dir='ltr' id='par_1_80' title="bbox 1961 2073 3555 2144">
     <span class='ocr_line' id='line_1_80' title="bbox 1961 2073 3555 2144; baseline 0.009 -23"><span class='ocrx_word' id='word_1_606' title='bbox 1961 2073 2138 2133; x_wconf 69' lang='lat' dir='ltr'><strong>triuze,</strong></span> <span class='ocrx_word' id='word_1_607' title='bbox 2179 2074 2267 2140; x_wconf 86' lang='lat' dir='ltr'><strong>qui</strong></span> <span class='ocrx_word' id='word_1_608' title='bbox 2297 2090 2393 2140; x_wconf 90' lang='lat' dir='ltr'><strong>per</strong></span> <span class='ocrx_word' id='word_1_609' title='bbox 2421 2079 2608 2130; x_wconf 81' lang='lat' dir='ltr'><strong>suavia</strong></span> <span class='ocrx_word' id='word_1_610' title='bbox 2644 2095 2741 2132; x_wconf 85' lang='lat' dir='ltr'><strong>nos</strong></span> <span class='ocrx_word' id='word_1_611' title='bbox 2775 2081 3139 2137; x_wconf 77' lang='lat' dir='ltr'><strong>adhortatur:</strong></span> <span class='ocrx_word' id='word_1_612' title='bbox 3179 2082 3366 2135; x_wconf 90' lang='lat' dir='ltr'><strong>vinum</strong></span> <span class='ocrx_word' id='word_1_613' title='bbox 3406 2097 3555 2144; x_wconf 85' lang='lat' dir='ltr'><strong>vero,</strong></span> 
     </span>
    </p>
   </div>
   <div class='ocr_carea' id='block_1_81' title="bbox 1959 2169 3554 2237">
    <p class='ocr_par' dir='ltr' id='par_1_81' title="bbox 1959 2169 3554 2237">
     <span class='ocr_line' id='line_1_81' title="bbox 1959 2169 3554 2237; baseline 0.005 -19"><span class='ocrx_word' id='word_1_614' title='bbox 1959 2180 2266 2219; x_wconf 86' lang='lat' dir='ltr'><strong>sermonem</strong></span> <span class='ocrx_word' id='word_1_615' title='bbox 2300 2169 2408 2237; x_wconf 80' lang='lat' dir='ltr'><strong>qui,</strong></span> <span class='ocrx_word' id='word_1_616' title='bbox 2437 2183 2533 2237; x_wconf 89' lang='lat' dir='ltr'><strong>per</strong></span> <span class='ocrx_word' id='word_1_617' title='bbox 2567 2173 2871 2224; x_wconf 77' lang='lat' dir='ltr'><strong>austeriora</strong></span> <span class='ocrx_word' id='word_1_618' title='bbox 2920 2172 3129 2227; x_wconf 87' lang='lat' dir='ltr'><strong>inducit</strong></span> <span class='ocrx_word' id='word_1_619' title='bbox 3173 2175 3239 2227; x_wconf 89' lang='lat' dir='ltr'><strong>ad</strong></span> <span class='ocrx_word' id='word_1_620' title='bbox 3273 2175 3554 2228; x_wconf 82' lang='lat' dir='ltr'><strong>virtutem.</strong></span> 
     </span>
    </p>
   </div>
   <div class='ocr_carea' id='block_1_82' title="bbox 1961 2258 3552 2330">
    <p class='ocr_par' dir='ltr' id='par_1_82' title="bbox 1961 2258 3552 2330">
     <span class='ocr_line' id='line_1_82' title="bbox 1961 2258 3552 2330; baseline 0.006 -21"><span class='ocrx_word' id='word_1_621' title='bbox 1961 2258 2200 2327; x_wconf 66' lang='lat' dir='ltr'><strong>lixi&#39;inpli</strong></span> <span class='ocrx_word' id='word_1_622' title='bbox 2233 2261 2426 2327; x_wconf 84' lang='lat' dir='ltr'><strong>gratia,</strong></span> <span class='ocrx_word' id='word_1_623' title='bbox 2472 2265 2692 2330; x_wconf 78' lang='lat' dir='ltr'><strong>quando</strong></span> <span class='ocrx_word' id='word_1_624' title='bbox 2729 2267 2882 2319; x_wconf 83' lang='lat' dir='ltr'><strong>audis</strong></span> <span class='ocrx_word' id='word_1_625' title='bbox 2918 2266 3204 2321; x_wconf 83' lang='lat' dir='ltr'><strong>Dominum</strong></span> <span class='ocrx_word' id='word_1_626' title='bbox 3241 2266 3510 2320; x_wconf 82' lang='lat' dir='ltr'><strong>dicentem</strong></span> <span class='ocrx_word' id='word_1_627' title='bbox 3540 2282 3552 2318; x_wconf 92' lang='lat'>:</span> 
     </span>
    </p>
   </div>
   <div class='ocr_carea' id='block_1_83' title="bbox 1959 2348 3552 2426">
    <p class='ocr_par' dir='ltr' id='par_1_83' title="bbox 1959 2348 3552 2426">
     <span class='ocr_line' id='line_1_83' title="bbox 1959 2348 3552 2426; baseline 0.009 -26"><span class='ocrx_word' id='word_1_628' title='bbox 1959 2348 2152 2406; x_wconf 75' lang='lat' dir='ltr'><strong>Venite</strong></span> <span class='ocrx_word' id='word_1_629' title='bbox 2184 2354 2250 2406; x_wconf 83' lang='lat' dir='ltr'><strong>ad</strong></span> <span class='ocrx_word' id='word_1_630' title='bbox 2299 2372 2403 2418; x_wconf 75' lang='lat' dir='ltr'><strong>me,</strong></span> <span class='ocrx_word' id='word_1_631' title='bbox 2437 2365 2491 2411; x_wconf 84' lang='lat' dir='ltr'><strong>et</strong></span> <span class='ocrx_word' id='word_1_632' title='bbox 2540 2373 2639 2426; x_wconf 72' lang='lat' dir='ltr'><strong>ego</strong></span> <span class='ocrx_word' id='word_1_633' title='bbox 2686 2359 3000 2415; x_wconf 72' lang='lat' dir='ltr'><strong>rcfticillabo</strong></span> <span class='ocrx_word' id='word_1_634' title='bbox 3039 2377 3175 2416; x_wconf 87' lang='lat' dir='ltr'><strong>vos:</strong></span> <span class='ocrx_word' id='word_1_635' title='bbox 3213 2362 3317 2416; x_wconf 92' lang='lat' dir='ltr'><strong>hoc</strong></span> <span class='ocrx_word' id='word_1_636' title='bbox 3348 2363 3552 2422; x_wconf 88' lang='lat' dir='ltr'><strong>Oleum,</strong></span> 
     </span>
    </p>
   </div>
   <div class='ocr_carea' id='block_1_84' title="bbox 1958 2443 3548 2522">
    <p class='ocr_par' dir='ltr' id='par_1_84' title="bbox 1958 2443 3548 2522">
     <span class='ocr_line' id='line_1_84' title="bbox 1958 2443 3548 2522; baseline 0.009 -26"><span class='ocrx_word' id='word_1_637' title='bbox 1958 2443 2290 2501; x_wconf 64' lang='lat' dir='ltr'><strong>hilaritatem</strong></span> <span class='ocrx_word' id='word_1_638' title='bbox 2335 2451 2478 2502; x_wconf 87' lang='lat' dir='ltr'><strong>enim</strong></span> <span class='ocrx_word' id='word_1_639' title='bbox 2511 2461 2564 2505; x_wconf 85' lang='lat' dir='ltr'><strong>ct</strong></span> <span class='ocrx_word' id='word_1_640' title='bbox 2602 2455 2842 2522; x_wconf 87' lang='lat' dir='ltr'><strong>quietem</strong></span> <span class='ocrx_word' id='word_1_641' title='bbox 2892 2456 3153 2510; x_wconf 78' lang='lat' dir='ltr'><strong>ostendit.</strong></span> <span class='ocrx_word' id='word_1_642' title='bbox 3193 2455 3254 2509; x_wconf 84' lang='lat' dir='ltr'><strong>Et</strong></span> <span class='ocrx_word' id='word_1_643' title='bbox 3308 2457 3503 2512; x_wconf 88' lang='lat' dir='ltr'><strong>iterum</strong></span> <span class='ocrx_word' id='word_1_644' title='bbox 3536 2476 3548 2510; x_wconf 85' lang='lat'><strong>:</strong></span> 
     </span>
    </p>
   </div>
   <div class='ocr_carea' id='block_1_85' title="bbox 1960 2536 3554 2620">
    <p class='ocr_par' dir='ltr' id='par_1_85' title="bbox 1960 2536 3554 2620">
     <span class='ocr_line' id='line_1_85' title="bbox 1960 2536 3554 2620; baseline 0.009 -31"><span class='ocrx_word' id='word_1_645' title='bbox 1960 2536 2170 2602; x_wconf 81' lang='lat' dir='ltr'><strong>Venite,</strong></span> <span class='ocrx_word' id='word_1_646' title='bbox 2196 2541 2473 2609; x_wconf 62' lang='lat' dir='ltr'><strong>possidete</strong></span> <span class='ocrx_word' id='word_1_647' title='bbox 2506 2557 2868 2612; x_wconf 63' lang='lat' dir='ltr'><strong>pra‘paratum</strong></span> <span class='ocrx_word' id='word_1_648' title='bbox 2902 2550 3056 2602; x_wconf 77' lang='lat' dir='ltr'><strong>\‘0iliS</strong></span> <span class='ocrx_word' id='word_1_649' title='bbox 3088 2564 3337 2620; x_wconf 78' lang='lat' dir='ltr'><strong>regnum.</strong></span> <span class='ocrx_word' id='word_1_650' title='bbox 3370 2550 3554 2616; x_wconf 84' lang='lat' dir='ltr'><strong>Quan-</strong></span> 
     </span>
    </p>
   </div>
   <div class='ocr_carea' id='block_1_86' title="bbox 1954 2629 3552 2705">
    <p class='ocr_par' dir='ltr' id='par_1_86' title="bbox 1954 2629 3552 2705">
     <span class='ocr_line' id='line_1_86' title="bbox 1954 2629 3552 2705; baseline 0.009 -25"><span class='ocrx_word' id='word_1_651' title='bbox 1954 2629 2021 2683; x_wconf 90' lang='lat' dir='ltr'><strong>do</strong></span> <span class='ocrx_word' id='word_1_652' title='bbox 2051 2641 2228 2683; x_wconf 85' lang='lat' dir='ltr'><strong>antcm</strong></span> <span class='ocrx_word' id='word_1_653' title='bbox 2263 2632 2435 2686; x_wconf 90' lang='lat' dir='ltr'><strong>dicit:</strong></span> <span class='ocrx_word' id='word_1_654' title='bbox 2493 2633 2569 2686; x_wconf 74' lang='lat' dir='ltr'><strong>lte</strong></span> <span class='ocrx_word' id='word_1_655' title='bbox 2621 2638 2672 2689; x_wconf 91' lang='lat' dir='ltr'><strong>iu</strong></span> <span class='ocrx_word' id='word_1_656' title='bbox 2726 2641 3017 2693; x_wconf 70' lang='grc' dir='ltr'>ιριιι·1›ι“αεε</span> <span class='ocrx_word' id='word_1_657' title='bbox 3073 2642 3262 2696; x_wconf 90' lang='lat' dir='ltr'><strong>vinum</strong></span> <span class='ocrx_word' id='word_1_658' title='bbox 3317 2652 3422 2705; x_wconf 88' lang='lat' dir='ltr'><strong>est,</strong></span> <span class='ocrx_word' id='word_1_659' title='bbox 3452 2644 3552 2695; x_wconf 90' lang='lat' dir='ltr'><strong>hoc</strong></span> 
     </span>
    </p>
   </div>
   <div class='ocr_carea' id='block_1_87' title="bbox 1951 2725 3545 2803">
    <p class='ocr_par' dir='ltr' id='par_1_87' title="bbox 1951 2725 3545 2803">
     <span class='ocr_line' id='line_1_87' title="bbox 1951 2725 3545 2803; baseline 0.012 -31"><span class='ocrx_word' id='word_1_660' title='bbox 1951 2733 2033 2774; x_wconf 83' lang='lat' dir='ltr'><strong>cst</strong></span> <span class='ocrx_word' id='word_1_661' title='bbox 2073 2725 2344 2778; x_wconf 84' lang='lat' dir='ltr'><strong>austerior</strong></span> <span class='ocrx_word' id='word_1_662' title='bbox 2392 2726 2640 2781; x_wconf 89' lang='lat' dir='ltr'><strong>doctrina</strong></span> <span class='ocrx_word' id='word_1_663' title='bbox 2682 2746 2698 2787; x_wconf 83' lang='lat'><strong>;</strong></span> <span class='ocrx_word' id='word_1_664' title='bbox 2743 2731 3048 2800; x_wconf 78' lang='lat' dir='ltr'><strong>Intelligere</strong></span> <span class='ocrx_word' id='word_1_665' title='bbox 3100 2745 3255 2803; x_wconf 88' lang='lat' dir='ltr'><strong>potes</strong></span> <span class='ocrx_word' id='word_1_666' title='bbox 3287 2747 3338 2791; x_wconf 88' lang='lat' dir='ltr'><strong>et</strong></span> <span class='ocrx_word' id='word_1_667' title='bbox 3370 2736 3545 2791; x_wconf 86' lang='lat' dir='ltr'><strong>aliter.</strong></span> 
     </span>
    </p>
   </div>
   <div class='ocr_carea' id='block_1_88' title="bbox 1952 2815 3542 2895">
    <p class='ocr_par' dir='ltr' id='par_1_88' title="bbox 1952 2815 3542 2895">
     <span class='ocr_line' id='line_1_88' title="bbox 1952 2815 3542 2895; baseline 0.01 -26"><span class='ocrx_word' id='word_1_668' title='bbox 1952 2815 2142 2870; x_wconf 87' lang='lat' dir='ltr'><strong>Oleum</strong></span> <span class='ocrx_word' id='word_1_669' title='bbox 2178 2819 2472 2874; x_wconf 87' lang='lat' dir='ltr'><strong>humanam</strong></span> <span class='ocrx_word' id='word_1_670' title='bbox 2510 2823 2786 2893; x_wconf 78' lang='lat' dir='ltr'><strong>signiﬁcat</strong></span> <span class='ocrx_word' id='word_1_671' title='bbox 2824 2830 3329 2895; x_wconf 87' lang='lat' dir='ltr'><strong>conversationem,</strong></span> <span class='ocrx_word' id='word_1_672' title='bbox 3360 2831 3542 2885; x_wconf 81' lang='lat' dir='ltr'><strong>vinum</strong></span> 
     </span>
    </p>
   </div>
   <div class='ocr_carea' id='block_1_89' title="bbox 1952 2909 3542 2984">
    <p class='ocr_par' dir='ltr' id='par_1_89' title="bbox 1952 2909 3542 2984">
     <span class='ocr_line' id='line_1_89' title="bbox 1952 2909 3542 2984; baseline 0.013 -28"><span class='ocrx_word' id='word_1_673' title='bbox 1952 2909 2215 2974; x_wconf 83' lang='lat' dir='ltr'><strong>divinam,</strong></span> <span class='ocrx_word' id='word_1_674' title='bbox 2242 2921 2300 2965; x_wconf 92' lang='lat' dir='ltr'><strong>ut</strong></span> <span class='ocrx_word' id='word_1_675' title='bbox 2335 2914 2440 2967; x_wconf 87' lang='lat' dir='ltr'><strong>tale</strong></span> <span class='ocrx_word' id='word_1_676' title='bbox 2471 2915 2598 2984; x_wconf 91' lang='lat' dir='ltr'><strong>quid</strong></span> <span class='ocrx_word' id='word_1_677' title='bbox 2629 2916 2804 2972; x_wconf 87' lang='lat' dir='ltr'><strong>dicam</strong></span> <span class='ocrx_word' id='word_1_678' title='bbox 2834 2939 2845 2973; x_wconf 96' lang='lat'>:</span> <span class='ocrx_word' id='word_1_679' title='bbox 2876 2921 3144 2976; x_wconf 89' lang='lat' dir='ltr'><strong>Dominus</strong></span> <span class='ocrx_word' id='word_1_680' title='bbox 3176 2923 3276 2978; x_wconf 80' lang='lat' dir='ltr'><strong>alia</strong></span> <span class='ocrx_word' id='word_1_681' title='bbox 3308 2923 3542 2978; x_wconf 76' lang='lat' dir='ltr'><strong>humanr</strong></span> 
     </span>
    </p>
   </div>
   <div class='ocr_carea' id='block_1_90' title="bbox 1953 3005 3576 3095">
    <p class='ocr_par' dir='ltr' id='par_1_90' title="bbox 1953 3005 3576 3095">
     <span class='ocr_line' id='line_1_90' title="bbox 1953 3005 3576 3095; baseline 0.01 -45"><span class='ocrx_word' id='word_1_682' title='bbox 1953 3015 2101 3053; x_wconf 82' lang='lat' dir='ltr'><strong>more</strong></span> <span class='ocrx_word' id='word_1_683' title='bbox 2133 3005 2484 3071; x_wconf 85' lang='lat' dir='ltr'><strong>operabatur,</strong></span> <span class='ocrx_word' id='word_1_684' title='bbox 2517 3006 2620 3060; x_wconf 86' lang='lat' dir='ltr'><strong>alia</strong></span> <span class='ocrx_word' id='word_1_685' title='bbox 2646 3020 2828 3064; x_wconf 84' lang='lat' dir='ltr'><strong>autem</strong></span> <span class='ocrx_word' id='word_1_686' title='bbox 2860 3014 3066 3068; x_wconf 88' lang='lat' dir='ltr'><strong>divino.</strong></span> <span class='ocrx_word' id='word_1_687' title='bbox 3093 3013 3401 3069; x_wconf 88' lang='lat' dir='ltr'><strong>llnmanum</strong></span> <span class='ocrx_word' id='word_1_688' title='bbox 3431 3027 3576 3095; x_wconf 27' lang='lat' dir='ltr'><strong>erat.</strong></span> 
     </span>
    </p>
   </div>
   <div class='ocr_carea' id='block_1_91' title="bbox 1950 3097 3540 3173">
    <p class='ocr_par' dir='ltr' id='par_1_91' title="bbox 1950 3097 3540 3173">
     <span class='ocr_line' id='line_1_91' title="bbox 1950 3097 3540 3173; baseline 0.009 -25"><span class='ocrx_word' id='word_1_689' title='bbox 1950 3097 2236 3151; x_wconf 77' lang='lat' dir='ltr'><strong>eoinedcrc</strong></span> <span class='ocrx_word' id='word_1_690' title='bbox 2279 3111 2329 3152; x_wconf 89' lang='lat' dir='ltr'><strong>et</strong></span> <span class='ocrx_word' id='word_1_691' title='bbox 2369 3100 2576 3165; x_wconf 75' lang='lat' dir='ltr'><strong>bibere,</strong></span> <span class='ocrx_word' id='word_1_692' title='bbox 2613 3113 2666 3157; x_wconf 89' lang='lat' dir='ltr'><strong>et</strong></span> <span class='ocrx_word' id='word_1_693' title='bbox 2700 3108 2866 3158; x_wconf 84' lang='lat' dir='ltr'><strong>vitam</strong></span> <span class='ocrx_word' id='word_1_694' title='bbox 2914 3107 3177 3162; x_wconf 74' lang='lat' dir='ltr'><strong>laxiorem</strong></span> <span class='ocrx_word' id='word_1_695' title='bbox 3223 3110 3455 3173; x_wconf 85' lang='lat' dir='ltr'><strong>sectari,</strong></span> <span class='ocrx_word' id='word_1_696' title='bbox 3491 3120 3540 3164; x_wconf 89' lang='lat' dir='ltr'><strong>et</strong></span> 
     </span>
    </p>
   </div>
   <div class='ocr_carea' id='block_1_92' title="bbox 1953 3193 3546 3274">
    <p class='ocr_par' dir='ltr' id='par_1_92' title="bbox 1953 3193 3546 3274">
     <span class='ocr_line' id='line_1_92' title="bbox 1953 3193 3546 3274; baseline 0.012 -34"><span class='ocrx_word' id='word_1_697' title='bbox 1953 3203 2055 3240; x_wconf 89' lang='lat' dir='ltr'><strong>non</strong></span> <span class='ocrx_word' id='word_1_698' title='bbox 2088 3193 2458 3246; x_wconf 76' lang='lat' dir='ltr'><strong>austeritatem</strong></span> <span class='ocrx_word' id='word_1_699' title='bbox 2494 3211 2605 3263; x_wconf 63' lang='lat' dir='ltr'><strong>prce</strong></span> <span class='ocrx_word' id='word_1_700' title='bbox 2640 3213 2699 3251; x_wconf 83' lang='lat' dir='ltr'><strong>se</strong></span> <span class='ocrx_word' id='word_1_701' title='bbox 2733 3198 2897 3264; x_wconf 71' lang='lat' dir='ltr'><strong>ferre,</strong></span> <span class='ocrx_word' id='word_1_702' title='bbox 2950 3211 3003 3254; x_wconf 88' lang='lat' dir='ltr'><strong>ut</strong></span> <span class='ocrx_word' id='word_1_703' title='bbox 3057 3201 3333 3258; x_wconf 77' lang='lat' dir='ltr'><strong>Joannes:</strong></span> <span class='ocrx_word' id='word_1_704' title='bbox 3383 3214 3546 3274; x_wconf 80' lang='lat' dir='ltr'><strong>atque</strong></span> 
     </span>
    </p>
   </div>
   <div class='ocr_carea' id='block_1_93' title="bbox 1948 3280 3543 3359">
    <p class='ocr_par' dir='ltr' id='par_1_93' title="bbox 1948 3280 3543 3359">
     <span class='ocr_line' id='line_1_93' title="bbox 1948 3280 3543 3359; baseline 0.013 -26"><span class='ocrx_word' id='word_1_705' title='bbox 1948 3280 2051 3334; x_wconf 86' lang='lat' dir='ltr'><strong>hoc</strong></span> <span class='ocrx_word' id='word_1_706' title='bbox 2075 3282 2239 3336; x_wconf 81' lang='lat' dir='ltr'><strong>fuerit</strong></span> <span class='ocrx_word' id='word_1_707' title='bbox 2271 3285 2472 3339; x_wconf 89' lang='lat' dir='ltr'><strong>oleum.</strong></span> <span class='ocrx_word' id='word_1_708' title='bbox 2503 3287 2776 3357; x_wconf 84' lang='lat' dir='ltr'><strong>Jejuninm</strong></span> <span class='ocrx_word' id='word_1_709' title='bbox 2805 3306 2934 3346; x_wconf 88' lang='lat' dir='ltr'><strong>vero</strong></span> <span class='ocrx_word' id='word_1_710' title='bbox 2963 3294 3232 3359; x_wconf 85' lang='lat' dir='ltr'><strong>mirabile,</strong></span> <span class='ocrx_word' id='word_1_711' title='bbox 3268 3304 3324 3351; x_wconf 91' lang='lat' dir='ltr'><strong>et</strong></span> <span class='ocrx_word' id='word_1_712' title='bbox 3346 3297 3543 3352; x_wconf 52' lang='lat' dir='ltr'><strong>ambu‘</strong></span> 
     </span>
    </p>
   </div>
   <div class='ocr_carea' id='block_1_94' title="bbox 1948 3376 3539 3451">
    <p class='ocr_par' dir='ltr' id='par_1_94' title="bbox 1948 3376 3539 3451">
     <span class='ocr_line' id='line_1_94' title="bbox 1948 3376 3539 3451; baseline 0.012 -25"><span class='ocrx_word' id='word_1_713' title='bbox 1948 3376 2077 3430; x_wconf 89' lang='lat' dir='ltr'><strong>latio</strong></span> <span class='ocrx_word' id='word_1_714' title='bbox 2115 3376 2166 3430; x_wconf 90' lang='lat' dir='ltr'><strong>in</strong></span> <span class='ocrx_word' id='word_1_715' title='bbox 2203 3378 2364 3442; x_wconf 89' lang='lat' dir='ltr'><strong>mari,</strong></span> <span class='ocrx_word' id='word_1_716' title='bbox 2402 3389 2456 3433; x_wconf 87' lang='lat' dir='ltr'><strong>et</strong></span> <span class='ocrx_word' id='word_1_717' title='bbox 2495 3381 2613 3435; x_wconf 75' lang='lat' dir='ltr'><strong>alia:</strong></span> <span class='ocrx_word' id='word_1_718' title='bbox 2651 3384 2848 3439; x_wconf 68' lang='lat' dir='ltr'><strong>divina:</strong></span> <span class='ocrx_word' id='word_1_719' title='bbox 2885 3387 3134 3451; x_wconf 87' lang='lat' dir='ltr'><strong>virtutes,</strong></span> <span class='ocrx_word' id='word_1_720' title='bbox 3170 3389 3354 3443; x_wconf 90' lang='lat' dir='ltr'><strong>vinum</strong></span> <span class='ocrx_word' id='word_1_721' title='bbox 3394 3399 3539 3446; x_wconf 87' lang='lat' dir='ltr'><strong>sunt.</strong></span> 
     </span>
    </p>
   </div>
   <div class='ocr_carea' id='block_1_95' title="bbox 1949 3468 3540 3545">
    <p class='ocr_par' dir='ltr' id='par_1_95' title="bbox 1949 3468 3540 3545">
     <span class='ocr_line' id='line_1_95' title="bbox 1949 3468 3540 3545; baseline 0.009 -26"><span class='ocrx_word' id='word_1_722' title='bbox 1949 3468 2085 3521; x_wconf 78' lang='lat' dir='ltr'><strong>Vino</strong></span> <span class='ocrx_word' id='word_1_723' title='bbox 2126 3471 2268 3524; x_wconf 89' lang='lat' dir='ltr'><strong>enim</strong></span> <span class='ocrx_word' id='word_1_724' title='bbox 2321 3472 2618 3526; x_wconf 86' lang='lat' dir='ltr'><strong>assimilata</strong></span> <span class='ocrx_word' id='word_1_725' title='bbox 2672 3476 2763 3530; x_wconf 73' lang='lat' dir='ltr'><strong>cst&#39;</strong></span> <span class='ocrx_word' id='word_1_726' title='bbox 2805 3479 3000 3544; x_wconf 83' lang='lat' dir='ltr'><strong>deitas,</strong></span> <span class='ocrx_word' id='word_1_727' title='bbox 3054 3496 3215 3545; x_wconf 87' lang='lat' dir='ltr'><strong>quam</strong></span> <span class='ocrx_word' id='word_1_728' title='bbox 3267 3496 3540 3538; x_wconf 77' lang='lat' dir='ltr'><strong>meracam</strong></span> 
     </span>
    </p>
   </div>
   <div class='ocr_carea' id='block_1_96' title="bbox 1946 3561 3539 3640">
    <p class='ocr_par' dir='ltr' id='par_1_96' title="bbox 1946 3561 3539 3640">
     <span class='ocr_line' id='line_1_96' title="bbox 1946 3561 3539 3640; baseline 0.008 -26"><span class='ocrx_word' id='word_1_729' title='bbox 1946 3561 2222 3617; x_wconf 72' lang='lat' dir='ltr'><strong>Sustinere</strong></span> <span class='ocrx_word' id='word_1_730' title='bbox 2277 3578 2339 3618; x_wconf 89' lang='lat' dir='ltr'><strong>ac</strong></span> <span class='ocrx_word' id='word_1_731' title='bbox 2398 3564 2541 3619; x_wconf 73' lang='lat' dir='ltr'><strong>ferre</strong></span> <span class='ocrx_word' id='word_1_732' title='bbox 2579 3568 2758 3624; x_wconf 85' lang='lat' dir='ltr'><strong>nullus</strong></span> <span class='ocrx_word' id='word_1_733' title='bbox 2806 3581 3013 3640; x_wconf 89' lang='lat' dir='ltr'><strong>posset,</strong></span> <span class='ocrx_word' id='word_1_734' title='bbox 3069 3574 3185 3640; x_wconf 83' lang='lat' dir='ltr'><strong>_nisi</strong></span> <span class='ocrx_word' id='word_1_735' title='bbox 3245 3583 3299 3628; x_wconf 91' lang='lat' dir='ltr'><strong>et</strong></span> <span class='ocrx_word' id='word_1_736' title='bbox 3360 3577 3539 3632; x_wconf 77' lang='lat' dir='ltr'><strong>oleum</strong></span> 
     </span>
    </p>
   </div>
   <div class='ocr_carea' id='block_1_97' title="bbox 1945 3654 3542 3737">
    <p class='ocr_par' dir='ltr' id='par_1_97' title="bbox 1945 3654 3542 3737">
     <span class='ocr_line' id='line_1_97' title="bbox 1945 3654 3542 3737; baseline 0.014 -33"><span class='ocrx_word' id='word_1_737' title='bbox 1945 3655 2180 3718; x_wconf 78' lang='lat' dir='ltr'><strong>adesset,</strong></span> <span class='ocrx_word' id='word_1_738' title='bbox 2214 3654 2317 3712; x_wconf 89' lang='lat' dir='ltr'><strong>hoc</strong></span> <span class='ocrx_word' id='word_1_739' title='bbox 2366 3663 2452 3713; x_wconf 88' lang='lat' dir='ltr'><strong>est</strong></span> <span class='ocrx_word' id='word_1_740' title='bbox 2490 3659 2780 3716; x_wconf 89' lang='lat' dir='ltr'><strong>humanior</strong></span> <span class='ocrx_word' id='word_1_741' title='bbox 2809 3667 3174 3720; x_wconf 88' lang='lat' dir='ltr'><strong>conversatio.</strong></span> <span class='ocrx_word' id='word_1_742' title='bbox 3211 3667 3278 3721; x_wconf 87' lang='lat' dir='ltr'><strong>Et</strong></span> <span class='ocrx_word' id='word_1_743' title='bbox 3309 3670 3542 3737; x_wconf 87' lang='lat' dir='ltr'><strong>proinde</strong></span> 
     </span>
    </p>
   </div>
   <div class='ocr_carea' id='block_1_98' title="bbox 1945 3747 3536 3833">
    <p class='ocr_par' dir='ltr' id='par_1_98' title="bbox 1945 3747 3536 3833">
     <span class='ocr_line' id='line_1_98' title="bbox 1945 3747 3536 3833; baseline 0.014 -36"><span class='ocrx_word' id='word_1_744' title='bbox 1945 3747 2070 3814; x_wconf 89' lang='lat' dir='ltr'><strong>quia</strong></span> <span class='ocrx_word' id='word_1_745' title='bbox 2107 3763 2202 3816; x_wconf 81' lang='lat' dir='ltr'><strong>per</strong></span> <span class='ocrx_word' id='word_1_746' title='bbox 2227 3759 2459 3818; x_wconf 88' lang='lat' dir='ltr'><strong>utraque</strong></span> <span class='ocrx_word' id='word_1_747' title='bbox 2500 3768 2599 3808; x_wconf 89' lang='lat' dir='ltr'><strong>nos</strong></span> <span class='ocrx_word' id='word_1_748' title='bbox 2631 3759 2907 3821; x_wconf 86' lang='lat' dir='ltr'><strong>servavit,</strong></span> <span class='ocrx_word' id='word_1_749' title='bbox 2942 3759 3283 3816; x_wconf 88' lang='lat' dir='ltr'><strong>divinitatem</strong></span> <span class='ocrx_word' id='word_1_750' title='bbox 3314 3763 3536 3833; x_wconf 88' lang='lat' dir='ltr'><strong>inquam</strong></span> 
     </span>
    </p>
   </div>
   <div class='ocr_carea' id='block_1_99' title="bbox 1943 3840 3540 3915">
    <p class='ocr_par' dir='ltr' id='par_1_99' title="bbox 1943 3840 3540 3915">
     <span class='ocr_line' id='line_1_99' title="bbox 1943 3840 3540 3915; baseline 0.013 -24"><span class='ocrx_word' id='word_1_751' title='bbox 1943 3851 1994 3892; x_wconf 88' lang='lat' dir='ltr'><strong>ct</strong></span> <span class='ocrx_word' id='word_1_752' title='bbox 2035 3840 2471 3898; x_wconf 88' lang='lat' dir='ltr'><strong>humanitatem:</strong></span> <span class='ocrx_word' id='word_1_753' title='bbox 2528 3858 2818 3915; x_wconf 86' lang='lat' dir='ltr'><strong>propterea</strong></span> <span class='ocrx_word' id='word_1_754' title='bbox 2853 3852 2980 3906; x_wconf 89' lang='lat' dir='ltr'><strong>dicit</strong></span> <span class='ocrx_word' id='word_1_755' title='bbox 3023 3855 3207 3909; x_wconf 92' lang='lat' dir='ltr'><strong>vinum</strong></span> <span class='ocrx_word' id='word_1_756' title='bbox 3261 3866 3316 3912; x_wconf 88' lang='lat' dir='ltr'><strong>et</strong></span> <span class='ocrx_word' id='word_1_757' title='bbox 3356 3857 3540 3913; x_wconf 85' lang='lat' dir='ltr'><strong>oleum</strong></span> 
     </span>
    </p>
   </div>
   <div class='ocr_carea' id='block_1_100' title="bbox 1941 3931 3544 4013">
    <p class='ocr_par' dir='ltr' id='par_1_100' title="bbox 1941 3931 3544 4013">
     <span class='ocr_line' id='line_1_100' title="bbox 1941 3931 3544 4013; baseline 0.017 -32"><span class='ocrx_word' id='word_1_758' title='bbox 1941 3931 2099 4000; x_wconf 79' lang='lat'><strong>351</strong></span> <span class='ocrx_word' id='word_1_759' title='bbox 2153 3931 2439 3992; x_wconf 80' lang='lat' dir='ltr'><strong>infudisse.</strong></span> <span class='ocrx_word' id='word_1_760' title='bbox 2484 3936 2550 3992; x_wconf 88' lang='lat' dir='ltr'><strong>Et</strong></span> <span class='ocrx_word' id='word_1_761' title='bbox 2587 3942 2830 4008; x_wconf 89' lang='lat' dir='ltr'><strong>quotidie</strong></span> <span class='ocrx_word' id='word_1_762' title='bbox 2878 3944 2968 4013; x_wconf 90' lang='lat' dir='ltr'><strong>qui</strong></span> <span class='ocrx_word' id='word_1_763' title='bbox 3015 3945 3366 4010; x_wconf 86' lang='lat' dir='ltr'><strong>baptizantur</strong></span> <span class='ocrx_word' id='word_1_764' title='bbox 3410 3952 3544 4007; x_wconf 81' lang='lat' dir='ltr'><strong>libe—</strong></span> 
     </span>
    </p>
   </div>
   <div class='ocr_carea' id='block_1_101' title="bbox 1944 4031 3534 4114">
    <p class='ocr_par' dir='ltr' id='par_1_101' title="bbox 1944 4031 3534 4114">
     <span class='ocr_line' id='line_1_101' title="bbox 1944 4031 3534 4114; baseline 0.011 -34"><span class='ocrx_word' id='word_1_765' title='bbox 1944 4038 2135 4081; x_wconf 84' lang='lat' dir='ltr'><strong>rantur</strong></span> <span class='ocrx_word' id='word_1_766' title='bbox 2163 4043 2190 4081; x_wconf 86' lang='lat' dir='ltr'><strong>a</strong></span> <span class='ocrx_word' id='word_1_767' title='bbox 2222 4031 2539 4088; x_wconf 86' lang='lat' dir='ltr'><strong>vulnerihus</strong></span> <span class='ocrx_word' id='word_1_768' title='bbox 2575 4037 2803 4102; x_wconf 70' lang='lat' dir='ltr'><strong>animm,</strong></span> <span class='ocrx_word' id='word_1_769' title='bbox 2853 4039 2973 4092; x_wconf 90' lang='lat' dir='ltr'><strong>oleo</strong></span> <span class='ocrx_word' id='word_1_770' title='bbox 3023 4042 3240 4108; x_wconf 88' lang='lat' dir='ltr'><strong>quidem</strong></span> <span class='ocrx_word' id='word_1_771' title='bbox 3272 4048 3534 4114; x_wconf 86' lang='lat' dir='ltr'><strong>unguenti</strong></span> 
     </span>
    </p>
   </div>
   <div class='ocr_carea' id='block_1_102' title="bbox 1943 4121 3536 4193">
    <p class='ocr_par' dir='ltr' id='par_1_102' title="bbox 1943 4121 3536 4193">
     <span class='ocr_line' id='line_1_102' title="bbox 1943 4121 3536 4193; baseline 0.014 -24"><span class='ocrx_word' id='word_1_772' title='bbox 1943 4121 2085 4180; x_wconf 87' lang='lat' dir='ltr'><strong>uncti</strong></span> <span class='ocrx_word' id='word_1_773' title='bbox 2115 4139 2127 4174; x_wconf 88' lang='lat'>:</span> <span class='ocrx_word' id='word_1_774' title='bbox 2159 4123 2343 4176; x_wconf 85' lang='lat' dir='ltr'><strong>statim</strong></span> <span class='ocrx_word' id='word_1_775' title='bbox 2383 4134 2564 4179; x_wconf 88' lang='lat' dir='ltr'><strong>autem</strong></span> <span class='ocrx_word' id='word_1_776' title='bbox 2617 4131 3084 4187; x_wconf 78' lang='lat' dir='ltr'><strong>communicantes</strong></span> <span class='ocrx_word' id='word_1_777' title='bbox 3115 4142 3167 4187; x_wconf 89' lang='lat' dir='ltr'><strong>et</strong></span> <span class='ocrx_word' id='word_1_778' title='bbox 3201 4135 3373 4190; x_wconf 88' lang='lat' dir='ltr'><strong>divini</strong></span> <span class='ocrx_word' id='word_1_779' title='bbox 3407 4154 3536 4193; x_wconf 79' lang='lat' dir='ltr'><strong>san-</strong></span> 
     </span>
    </p>
   </div>
   <div class='ocr_carea' id='block_1_103' title="bbox 1946 4212 3541 4300">
    <p class='ocr_par' dir='ltr' id='par_1_103' title="bbox 1946 4212 3541 4300">
     <span class='ocr_line' id='line_1_103' title="bbox 1946 4212 3541 4300; baseline 0.018 -41"><span class='ocrx_word' id='word_1_780' title='bbox 1946 4212 2123 4280; x_wconf 76' lang='lat' dir='ltr'><strong>guinis</strong></span> <span class='ocrx_word' id='word_1_781' title='bbox 2181 4215 2474 4285; x_wconf 87' lang='lat' dir='ltr'><strong>participes</strong></span> <span class='ocrx_word' id='word_1_782' title='bbox 2525 4220 2680 4274; x_wconf 74' lang='lat' dir='ltr'><strong>fiunt.</strong></span> <span class='ocrx_word' id='word_1_783' title='bbox 2739 4221 2910 4276; x_wconf 82' lang='lat' dir='ltr'><strong>Porro</strong></span> <span class='ocrx_word' id='word_1_784' title='bbox 2950 4224 3214 4281; x_wconf 85' lang='lat' dir='ltr'><strong>Dominus</strong></span> <span class='ocrx_word' id='word_1_785' title='bbox 3277 4229 3541 4300; x_wconf 89' lang='lat' dir='ltr'><strong>imposuit</strong></span> 
     </span>
    </p>
   </div>
   <div class='ocr_carea' id='block_1_104' title="bbox 1941 4304 3539 4388">
    <p class='ocr_par' dir='ltr' id='par_1_104' title="bbox 1941 4304 3539 4388">
     <span class='ocr_line' id='line_1_104' title="bbox 1941 4304 3539 4388; baseline 0.016 -35"><span class='ocrx_word' id='word_1_786' title='bbox 1941 4304 2182 4355; x_wconf 87' lang='lat' dir='ltr'><strong>sauciam</strong></span> <span class='ocrx_word' id='word_1_787' title='bbox 2220 4315 2463 4361; x_wconf 88' lang='lat' dir='ltr'><strong>nostram</strong></span> <span class='ocrx_word' id='word_1_788' title='bbox 2499 4322 2747 4365; x_wconf 88' lang='lat' dir='ltr'><strong>naturam</strong></span> <span class='ocrx_word' id='word_1_789' title='bbox 2792 4330 2956 4382; x_wconf 83' lang='lat' dir='ltr'><strong>super</strong></span> <span class='ocrx_word' id='word_1_790' title='bbox 3005 4319 3284 4387; x_wconf 90' lang='lat' dir='ltr'><strong>proprium</strong></span> <span class='ocrx_word' id='word_1_791' title='bbox 3319 4319 3539 4388; x_wconf 81' lang='lat' dir='ltr'><strong>jumen-</strong></span> 
     </span>
    </p>
   </div>
   <div class='ocr_carea' id='block_1_105' title="bbox 1944 4397 3534 4474">
    <p class='ocr_par' dir='ltr' id='par_1_105' title="bbox 1944 4397 3534 4474">
     <span class='ocr_line' id='line_1_105' title="bbox 1944 4397 3534 4474; baseline 0.018 -31"><span class='ocrx_word' id='word_1_792' title='bbox 1944 4401 2080 4458; x_wconf 91' lang='lat' dir='ltr'><strong>tum,</strong></span> <span class='ocrx_word' id='word_1_793' title='bbox 2122 4397 2220 4450; x_wconf 91' lang='lat' dir='ltr'><strong>hoc</strong></span> <span class='ocrx_word' id='word_1_794' title='bbox 2266 4407 2371 4464; x_wconf 91' lang='lat' dir='ltr'><strong>est,</strong></span> <span class='ocrx_word' id='word_1_795' title='bbox 2427 4416 2592 4469; x_wconf 84' lang='lat' dir='ltr'><strong>super</strong></span> <span class='ocrx_word' id='word_1_796' title='bbox 2637 4420 2836 4474; x_wconf 89' lang='lat' dir='ltr'><strong>corpus</strong></span> <span class='ocrx_word' id='word_1_797' title='bbox 2868 4423 3048 4462; x_wconf 80' lang='lat' dir='ltr'><strong>suum.</strong></span> <span class='ocrx_word' id='word_1_798' title='bbox 3095 4410 3335 4469; x_wconf 83' lang='lat' dir='ltr'><strong>Membra</strong></span> <span class='ocrx_word' id='word_1_799' title='bbox 3389 4418 3534 4471; x_wconf 90' lang='lat' dir='ltr'><strong>enim</strong></span> 
     </span>
    </p>
   </div>
   <div class='ocr_carea' id='block_1_106' title="bbox 1942 4487 3538 4579">
    <p class='ocr_par' dir='ltr' id='par_1_106' title="bbox 1942 4487 3538 4579">
     <span class='ocr_line' id='line_1_106' title="bbox 1942 4487 3538 4579; baseline 0.018 -42"><span class='ocrx_word' id='word_1_800' title='bbox 1942 4500 2036 4537; x_wconf 83' lang='lat' dir='ltr'><strong>sua</strong></span> <span class='ocrx_word' id='word_1_801' title='bbox 2092 4503 2190 4542; x_wconf 90' lang='lat' dir='ltr'><strong>nos</strong></span> <span class='ocrx_word' id='word_1_802' title='bbox 2237 4487 2368 4545; x_wconf 76' lang='lat' dir='ltr'><strong>fecit</strong></span> <span class='ocrx_word' id='word_1_803' title='bbox 2422 4502 2477 4547; x_wconf 89' lang='lat' dir='ltr'><strong>et</strong></span> <span class='ocrx_word' id='word_1_804' title='bbox 2526 4497 2816 4566; x_wconf 88' lang='lat' dir='ltr'><strong>participes</strong></span> <span class='ocrx_word' id='word_1_805' title='bbox 2874 4500 2956 4553; x_wconf 92' lang='lat' dir='ltr'><strong>sui</strong></span> <span class='ocrx_word' id='word_1_806' title='bbox 2984 4505 3285 4570; x_wconf 80' lang='lat' dir='ltr'><strong>corporis:</strong></span> <span class='ocrx_word' id='word_1_807' title='bbox 3326 4525 3538 4579; x_wconf 89' lang='lat' dir='ltr'><strong>nosque</strong></span> 
     </span>
    </p>
   </div>
   <div class='ocr_carea' id='block_1_107' title="bbox 1873 4572 3537 4663">
    <p class='ocr_par' dir='ltr' id='par_1_107' title="bbox 1873 4572 3537 4663">
     <span class='ocr_line' id='line_1_107' title="bbox 1873 4572 3537 4663; baseline 0.02 -42"><span class='ocrx_word' id='word_1_808' title='bbox 1873 4576 1915 4631; x_wconf 89' lang='lat' dir='ltr'><strong>D</strong></span> <span class='ocrx_word' id='word_1_809' title='bbox 1944 4572 2131 4628; x_wconf 78' lang='lat' dir='ltr'><strong>intimo</strong></span> <span class='ocrx_word' id='word_1_810' title='bbox 2183 4575 2299 4632; x_wconf 90' lang='lat' dir='ltr'><strong>loco</strong></span> <span class='ocrx_word' id='word_1_811' title='bbox 2331 4579 2466 4635; x_wconf 91' lang='lat' dir='ltr'><strong>sitos</strong></span> <span class='ocrx_word' id='word_1_812' title='bbox 2492 4586 2672 4650; x_wconf 89' lang='lat' dir='ltr'><strong>posuit</strong></span> <span class='ocrx_word' id='word_1_813' title='bbox 2705 4587 2755 4639; x_wconf 90' lang='lat' dir='ltr'><strong>in</strong></span> <span class='ocrx_word' id='word_1_814' title='bbox 2799 4588 3122 4659; x_wconf 80' lang='lat' dir='ltr'><strong>dignitatem</strong></span> <span class='ocrx_word' id='word_1_815' title='bbox 3181 4596 3354 4663; x_wconf 89' lang='lat' dir='ltr'><strong>illam,</strong></span> <span class='ocrx_word' id='word_1_816' title='bbox 3392 4613 3448 4654; x_wconf 91' lang='lat' dir='ltr'><strong>ut</strong></span> <span class='ocrx_word' id='word_1_817' title='bbox 3484 4614 3537 4655; x_wconf 92' lang='lat' dir='ltr'><strong>et</strong></span> 
     </span>
    </p>
   </div>
   <div class='ocr_carea' id='block_1_108' title="bbox 1940 4665 3537 4747">
    <p class='ocr_par' dir='ltr' id='par_1_108' title="bbox 1940 4665 3537 4747">
     <span class='ocr_line' id='line_1_108' title="bbox 1940 4665 3537 4747; baseline 0.019 -31"><span class='ocrx_word' id='word_1_818' title='bbox 1940 4665 2184 4734; x_wconf 86' lang='lat' dir='ltr'><strong>ejusdem</strong></span> <span class='ocrx_word' id='word_1_819' title='bbox 2226 4675 2475 4740; x_wconf 88' lang='lat' dir='ltr'><strong>corporis</strong></span> <span class='ocrx_word' id='word_1_820' title='bbox 2505 4675 2696 4731; x_wconf 90' lang='lat' dir='ltr'><strong>simus.</strong></span> <span class='ocrx_word' id='word_1_821' title='bbox 2740 4679 3110 4739; x_wconf 90' lang='lat' dir='ltr'><strong>Diversorium</strong></span> <span class='ocrx_word' id='word_1_822' title='bbox 3141 4701 3320 4744; x_wconf 87' lang='lat' dir='ltr'><strong>autem</strong></span> <span class='ocrx_word' id='word_1_823' title='bbox 3353 4691 3537 4747; x_wconf 87' lang='lat' dir='ltr'><strong>Eccle-</strong></span> 
     </span>
    </p>
   </div>
   <div class='ocr_carea' id='block_1_109' title="bbox 1939 4758 3531 4840">
    <p class='ocr_par' dir='ltr' id='par_1_109' title="bbox 1939 4758 3531 4840">
     <span class='ocr_line' id='line_1_109' title="bbox 1939 4758 3531 4840; baseline 0.019 -32"><span class='ocrx_word' id='word_1_824' title='bbox 1939 4758 2016 4809; x_wconf 88' lang='lat' dir='ltr'><strong>sia</strong></span> <span class='ocrx_word' id='word_1_825' title='bbox 2047 4768 2148 4821; x_wconf 88' lang='lat' dir='ltr'><strong>est,</strong></span> <span class='ocrx_word' id='word_1_826' title='bbox 2179 4775 2299 4830; x_wconf 71' lang='lat' dir='ltr'><strong>quae</strong></span> <span class='ocrx_word' id='word_1_827' title='bbox 2330 4780 2520 4822; x_wconf 86' lang='lat' dir='ltr'><strong>omnes</strong></span> <span class='ocrx_word' id='word_1_828' title='bbox 2569 4772 2832 4840; x_wconf 85' lang='lat' dir='ltr'><strong>suscipit;</strong></span> <span class='ocrx_word' id='word_1_829' title='bbox 2889 4763 2975 4829; x_wconf 69' lang='lat' dir='ltr'><strong>leti</strong></span> <span class='ocrx_word' id='word_1_830' title='bbox 3024 4779 3169 4832; x_wconf 88' lang='lat' dir='ltr'><strong>enim</strong></span> <span class='ocrx_word' id='word_1_831' title='bbox 3204 4797 3309 4835; x_wconf 93' lang='lat' dir='ltr'><strong>non</strong></span> <span class='ocrx_word' id='word_1_832' title='bbox 3342 4799 3531 4839; x_wconf 78' lang='lat' dir='ltr'><strong>omm‘s</strong></span> 
     </span>
    </p>
   </div>
   <div class='ocr_carea' id='block_1_110' title="bbox 1938 4851 3532 4929">
    <p class='ocr_par' dir='ltr' id='par_1_110' title="bbox 1938 4851 3532 4929">
     <span class='ocr_line' id='line_1_110' title="bbox 1938 4851 3532 4929; baseline 0.017 -27"><span class='ocrx_word' id='word_1_833' title='bbox 1938 4851 2294 4919; x_wconf 79' lang='lat' dir='ltr'><strong>siiscipiebat.</strong></span> <span class='ocrx_word' id='word_1_834' title='bbox 2327 4855 2562 4912; x_wconf 86' lang='lat' dir='ltr'><strong>Moabita</strong></span> <span class='ocrx_word' id='word_1_835' title='bbox 2592 4861 2759 4924; x_wconf 88' lang='lat' dir='ltr'><strong>enim,</strong></span> <span class='ocrx_word' id='word_1_836' title='bbox 2793 4864 2947 4928; x_wconf 91' lang='lat' dir='ltr'><strong>dicit,</strong></span> <span class='ocrx_word' id='word_1_837' title='bbox 2987 4880 3043 4921; x_wconf 88' lang='lat' dir='ltr'><strong>ct</strong></span> <span class='ocrx_word' id='word_1_838' title='bbox 3078 4870 3393 4928; x_wconf 86' lang='lat' dir='ltr'><strong>Ammonita</strong></span> <span class='ocrx_word' id='word_1_839' title='bbox 3425 4891 3532 4929; x_wconf 89' lang='lat' dir='ltr'><strong>no</strong></span> 
     </span>
    </p>
   </div>
   <div class='ocr_carea' id='block_1_111' title="bbox 1942 4940 3532 5023">
    <p class='ocr_par' dir='ltr' id='par_1_111' title="bbox 1942 4940 3532 5023">
     <span class='ocr_line' id='line_1_111' title="bbox 1942 4940 3532 5023; baseline 0.019 -31"><span class='ocrx_word' id='word_1_840' title='bbox 1942 4940 2224 4998; x_wconf 87' lang='lat' dir='ltr'><strong>intrabunt</strong></span> <span class='ocrx_word' id='word_1_841' title='bbox 2260 4947 2312 4999; x_wconf 92' lang='lat' dir='ltr'><strong>in</strong></span> <span class='ocrx_word' id='word_1_842' title='bbox 2339 4947 2639 5005; x_wconf 87' lang='lat' dir='ltr'><strong>Ecclesiam</strong></span> <span class='ocrx_word' id='word_1_843' title='bbox 2673 4953 2792 5010; x_wconf 86' lang='lat' dir='ltr'><strong>Dei.</strong></span> <span class='ocrx_word' id='word_1_844' title='bbox 2849 4955 3000 5013; x_wconf 86' lang='lat' dir='ltr'><strong>Nunc</strong></span> <span class='ocrx_word' id='word_1_845' title='bbox 3047 4971 3224 5017; x_wconf 86' lang='lat' dir='ltr'><strong>autem</strong></span> <span class='ocrx_word' id='word_1_846' title='bbox 3281 4966 3333 5019; x_wconf 92' lang='lat' dir='ltr'><strong>in</strong></span> <span class='ocrx_word' id='word_1_847' title='bbox 3383 4969 3532 5023; x_wconf 86' lang='lat' dir='ltr'><strong>omni</strong></span> 
     </span>
    </p>
   </div>
   <div class='ocr_carea' id='block_1_112' title="bbox 1937 5037 3538 5119">
    <p class='ocr_par' dir='ltr' id='par_1_112' title="bbox 1937 5037 3538 5119">
     <span class='ocr_line' id='line_1_112' title="bbox 1937 5037 3538 5119; baseline 0.022 -35"><span class='ocrx_word' id='word_1_848' title='bbox 1937 5044 2097 5100; x_wconf 79' lang='lat' dir='ltr'><strong>gente</strong></span> <span class='ocrx_word' id='word_1_849' title='bbox 2121 5037 2213 5103; x_wconf 84' lang='lat' dir='ltr'><strong>qui</strong></span> <span class='ocrx_word' id='word_1_850' title='bbox 2242 5039 2396 5094; x_wconf 88' lang='lat' dir='ltr'><strong>timet</strong></span> <span class='ocrx_word' id='word_1_851' title='bbox 2428 5041 2596 5098; x_wconf 84' lang='lat' dir='ltr'><strong>Deum</strong></span> <span class='ocrx_word' id='word_1_852' title='bbox 2620 5089 2634 5111; x_wconf 91' lang='lat'><strong>,</strong></span> <span class='ocrx_word' id='word_1_853' title='bbox 2676 5057 2939 5118; x_wconf 80' lang='lat' dir='ltr'><strong>acceptus</strong></span> <span class='ocrx_word' id='word_1_854' title='bbox 2979 5061 3064 5107; x_wconf 89' lang='lat' dir='ltr'><strong>est</strong></span> <span class='ocrx_word' id='word_1_855' title='bbox 3098 5056 3167 5117; x_wconf 90' lang='lat' dir='ltr'><strong>ei,</strong></span> <span class='ocrx_word' id='word_1_856' title='bbox 3213 5063 3375 5114; x_wconf 89' lang='lat' dir='ltr'><strong>modo</strong></span> <span class='ocrx_word' id='word_1_857' title='bbox 3407 5063 3538 5119; x_wconf 85' lang='lat' dir='ltr'><strong>velit</strong></span> 
     </span>
    </p>
   </div>
   <div class='ocr_carea' id='block_1_113' title="bbox 1936 5127 3536 5219">
    <p class='ocr_par' dir='ltr' id='par_1_113' title="bbox 1936 5127 3536 5219">
     <span class='ocr_line' id='line_1_113' title="bbox 1936 5127 3536 5219; baseline 0.021 -40"><span class='ocrx_word' id='word_1_858' title='bbox 1936 5127 2162 5183; x_wconf 89' lang='lat' dir='ltr'><strong>credere</strong></span> <span class='ocrx_word' id='word_1_859' title='bbox 2185 5143 2236 5185; x_wconf 89' lang='lat' dir='ltr'><strong>et</strong></span> <span class='ocrx_word' id='word_1_860' title='bbox 2260 5148 2385 5202; x_wconf 86' lang='lat' dir='ltr'><strong>pars</strong></span> <span class='ocrx_word' id='word_1_861' title='bbox 2411 5135 2525 5190; x_wconf 79' lang='lat' dir='ltr'><strong>fieri</strong></span> <span class='ocrx_word' id='word_1_862' title='bbox 2559 5139 2834 5207; x_wconf 66' lang='lat' dir='ltr'><strong>Ecclesim,</strong></span> <span class='ocrx_word' id='word_1_863' title='bbox 2861 5159 2983 5211; x_wconf 73' lang='lat' dir='ltr'><strong>qnze</strong></span> <span class='ocrx_word' id='word_1_864' title='bbox 3003 5163 3194 5202; x_wconf 89' lang='lat' dir='ltr'><strong>omnes</strong></span> <span class='ocrx_word' id='word_1_865' title='bbox 3217 5163 3536 5219; x_wconf 79' lang='lat' dir='ltr'><strong>peceatores</strong></span> 
     </span>
    </p>
   </div>
   <div class='ocr_carea' id='block_1_114' title="bbox 1934 5225 3530 5312">
    <p class='ocr_par' dir='ltr' id='par_1_114' title="bbox 1934 5225 3530 5312">
     <span class='ocr_line' id='line_1_114' title="bbox 1934 5225 3530 5312; baseline 0.022 -41"><span class='ocrx_word' id='word_1_866' title='bbox 1934 5229 1988 5272; x_wconf 89' lang='lat' dir='ltr'><strong>et</strong></span> <span class='ocrx_word' id='word_1_867' title='bbox 2033 5225 2355 5290; x_wconf 86' lang='lat' dir='ltr'><strong>publicanos</strong></span> <span class='ocrx_word' id='word_1_868' title='bbox 2405 5232 2657 5300; x_wconf 89' lang='lat' dir='ltr'><strong>suscipit.</strong></span> <span class='ocrx_word' id='word_1_869' title='bbox 2697 5235 2828 5290; x_wconf 87' lang='lat' dir='ltr'><strong>Vide</strong></span> <span class='ocrx_word' id='word_1_870' title='bbox 2880 5239 3009 5292; x_wconf 90' lang='lat' dir='ltr'><strong>item</strong></span> <span class='ocrx_word' id='word_1_871' title='bbox 3064 5251 3118 5295; x_wconf 93' lang='lat' dir='ltr'><strong>et</strong></span> <span class='ocrx_word' id='word_1_872' title='bbox 3167 5245 3530 5312; x_wconf 76' lang='lat' dir='ltr'><strong>diligentiam.</strong></span> 
     </span>
    </p>
   </div>
   <div class='ocr_carea' id='block_1_115' title="bbox 1934 5320 3530 5404">
    <p class='ocr_par' dir='ltr' id='par_1_115' title="bbox 1934 5320 3530 5404">
     <span class='ocr_line' id='line_1_115' title="bbox 1934 5320 3530 5404; baseline 0.021 -38"><span class='ocrx_word' id='word_1_873' title='bbox 1934 5320 2208 5381; x_wconf 74' lang='lat' dir='ltr'><strong>qrromodo</strong></span> <span class='ocrx_word' id='word_1_874' title='bbox 2257 5321 2487 5389; x_wconf 83' lang='lat' dir='ltr'><strong>ducens,</strong></span> <span class='ocrx_word' id='word_1_875' title='bbox 2538 5325 2734 5395; x_wconf 90' lang='lat' dir='ltr'><strong>inquit,</strong></span> <span class='ocrx_word' id='word_1_876' title='bbox 2793 5329 2842 5382; x_wconf 94' lang='lat' dir='ltr'><strong>iu</strong></span> <span class='ocrx_word' id='word_1_877' title='bbox 2896 5333 3282 5404; x_wconf 86' lang='lat' dir='ltr'><strong>diversorium,</strong></span> <span class='ocrx_word' id='word_1_878' title='bbox 3344 5357 3530 5398; x_wconf 89' lang='lat' dir='ltr'><strong>curam</strong></span> 
     </span>
    </p>
   </div>
   <div class='ocr_carea' id='block_1_116' title="bbox 1931 5409 3526 5497">
    <p class='ocr_par' dir='ltr' id='par_1_116' title="bbox 1931 5409 3526 5497">
     <span class='ocr_line' id='line_1_116' title="bbox 1931 5409 3526 5497; baseline 0.019 -36"><span class='ocrx_word' id='word_1_879' title='bbox 1931 5409 2049 5476; x_wconf 89' lang='lat' dir='ltr'><strong>ejus</strong></span> <span class='ocrx_word' id='word_1_880' title='bbox 2077 5413 2268 5479; x_wconf 78' lang='lat' dir='ltr'><strong>egerit.</strong></span> <span class='ocrx_word' id='word_1_881' title='bbox 2297 5413 2430 5468; x_wconf 88' lang='lat' dir='ltr'><strong>Nam</strong></span> <span class='ocrx_word' id='word_1_882' title='bbox 2459 5418 2612 5485; x_wconf 91' lang='lat' dir='ltr'><strong>prius</strong></span> <span class='ocrx_word' id='word_1_883' title='bbox 2637 5435 2797 5489; x_wconf 88' lang='lat' dir='ltr'><strong>quam</strong></span> <span class='ocrx_word' id='word_1_884' title='bbox 2833 5423 2885 5477; x_wconf 90' lang='lat' dir='ltr'><strong>in</strong></span> <span class='ocrx_word' id='word_1_885' title='bbox 2929 5426 3032 5480; x_wconf 87' lang='lat' dir='ltr'><strong>hoc</strong></span> <span class='ocrx_word' id='word_1_886' title='bbox 3067 5429 3314 5497; x_wconf 86' lang='lat' dir='ltr'><strong>duceret,</strong></span> <span class='ocrx_word' id='word_1_887' title='bbox 3349 5435 3526 5491; x_wconf 84' lang='lat' dir='ltr'><strong>solum</strong></span> 
     </span>
    </p>
   </div>
   <div class='ocr_carea' id='block_1_117' title="bbox 1933 5500 3526 5595">
    <p class='ocr_par' dir='ltr' id='par_1_117' title="bbox 1933 5500 3526 5595">
     <span class='ocr_line' id='line_1_117' title="bbox 1933 5500 3526 5595; baseline 0.02 -43"><span class='ocrx_word' id='word_1_888' title='bbox 1933 5500 2175 5569; x_wconf 78' lang='lat' dir='ltr'><strong>alligavit</strong></span> <span class='ocrx_word' id='word_1_889' title='bbox 2205 5506 2454 5563; x_wconf 88' lang='lat' dir='ltr'><strong>vulnera.</strong></span> <span class='ocrx_word' id='word_1_890' title='bbox 2493 5513 2629 5576; x_wconf 79' lang='lat' dir='ltr'><strong>Quid</strong></span> <span class='ocrx_word' id='word_1_891' title='bbox 2677 5513 2840 5584; x_wconf 77' lang='lat' dir='ltr'><strong>igitur</strong></span> <span class='ocrx_word' id='word_1_892' title='bbox 2872 5528 2958 5572; x_wconf 90' lang='lat' dir='ltr'><strong>est</strong></span> <span class='ocrx_word' id='word_1_893' title='bbox 3007 5523 3149 5588; x_wconf 92' lang='lat' dir='ltr'><strong>quod</strong></span> <span class='ocrx_word' id='word_1_894' title='bbox 3191 5525 3358 5579; x_wconf 80' lang='lat' dir='ltr'><strong>dico?</strong></span> <span class='ocrx_word' id='word_1_895' title='bbox 3392 5531 3526 5595; x_wconf 80' lang='lat' dir='ltr'><strong>Quia</strong></span> 
     </span>
    </p>
   </div>
   <div class='ocr_carea' id='block_1_118' title="bbox 1931 5599 3526 5674">
    <p class='ocr_par' dir='ltr' id='par_1_118' title="bbox 1931 5599 3526 5674">
     <span class='ocr_line' id='line_1_118' title="bbox 1931 5599 3526 5674; baseline 0.018 -29"><span class='ocrx_word' id='word_1_896' title='bbox 1931 5605 2053 5646; x_wconf 91' lang='lat' dir='ltr'><strong>cum</strong></span> <span class='ocrx_word' id='word_1_897' title='bbox 2098 5599 2392 5652; x_wconf 90' lang='lat' dir='ltr'><strong>constituta</strong></span> <span class='ocrx_word' id='word_1_898' title='bbox 2429 5612 2513 5657; x_wconf 89' lang='lat' dir='ltr'><strong>est</strong></span> <span class='ocrx_word' id='word_1_899' title='bbox 2541 5603 2807 5666; x_wconf 87' lang='lat' dir='ltr'><strong>Ecclesia,</strong></span> <span class='ocrx_word' id='word_1_900' title='bbox 2847 5618 2900 5663; x_wconf 90' lang='lat' dir='ltr'><strong>et</strong></span> <span class='ocrx_word' id='word_1_901' title='bbox 2939 5611 3138 5666; x_wconf 80' lang='lat' dir='ltr'><strong>factum</strong></span> <span class='ocrx_word' id='word_1_902' title='bbox 3172 5626 3255 5670; x_wconf 90' lang='lat' dir='ltr'><strong>est</strong></span> <span class='ocrx_word' id='word_1_903' title='bbox 3283 5618 3526 5674; x_wconf 89' lang='lat' dir='ltr'><strong>diverso-</strong></span> 
     </span>
    </p>
   </div>
   <div class='ocr_carea' id='block_1_119' title="bbox 1932 5684 3520 5775">
    <p class='ocr_par' dir='ltr' id='par_1_119' title="bbox 1932 5684 3520 5775">
     <span class='ocr_line' id='line_1_119' title="bbox 1932 5684 3520 5775; baseline 0.02 -41"><span class='ocrx_word' id='word_1_904' title='bbox 1932 5684 2094 5751; x_wconf 88' lang='lat' dir='ltr'><strong>rium,</strong></span> <span class='ocrx_word' id='word_1_905' title='bbox 2122 5688 2225 5744; x_wconf 86' lang='lat' dir='ltr'><strong>hoc</strong></span> <span class='ocrx_word' id='word_1_906' title='bbox 2247 5700 2353 5759; x_wconf 88' lang='lat' dir='ltr'><strong>est,</strong></span> <span class='ocrx_word' id='word_1_907' title='bbox 2376 5708 2440 5746; x_wconf 82' lang='lat' dir='ltr'><strong>ex</strong></span> <span class='ocrx_word' id='word_1_908' title='bbox 2459 5697 2711 5752; x_wconf 91' lang='lat' dir='ltr'><strong>omnibus</strong></span> <span class='ocrx_word' id='word_1_909' title='bbox 2734 5697 2906 5755; x_wconf 78' lang='lat' dir='ltr'><strong>ferme</strong></span> <span class='ocrx_word' id='word_1_910' title='bbox 2933 5705 3186 5772; x_wconf 83' lang='lat' dir='ltr'><strong>gentibus</strong></span> <span class='ocrx_word' id='word_1_911' title='bbox 3212 5708 3318 5764; x_wconf 90' lang='lat' dir='ltr'><strong>tide</strong></span> <span class='ocrx_word' id='word_1_912' title='bbox 3340 5721 3520 5775; x_wconf 86' lang='lat' dir='ltr'><strong>aucta,</strong></span> 
     </span>
    </p>
   </div>
   <div class='ocr_carea' id='block_1_120' title="bbox 1934 5779 3527 5860">
    <p class='ocr_par' dir='ltr' id='par_1_120' title="bbox 1934 5779 3527 5860">
     <span class='ocr_line' id='line_1_120' title="bbox 1934 5779 3527 5860; baseline 0.02 -31"><span class='ocrx_word' id='word_1_913' title='bbox 1934 5785 2060 5833; x_wconf 89' lang='lat' dir='ltr'><strong>tunc</strong></span> <span class='ocrx_word' id='word_1_914' title='bbox 2089 5779 2309 5837; x_wconf 83' lang='lat' dir='ltr'><strong>fuerunt</strong></span> <span class='ocrx_word' id='word_1_915' title='bbox 2336 5795 2389 5838; x_wconf 80' lang='lat' dir='ltr'><strong>et</strong></span> <span class='ocrx_word' id='word_1_916' title='bbox 2412 5787 2649 5856; x_wconf 71' lang='lat' dir='ltr'><strong>Spiritus</strong></span> <span class='ocrx_word' id='word_1_917' title='bbox 2679 5793 2852 5848; x_wconf 88' lang='lat' dir='ltr'><strong>sancti</strong></span> <span class='ocrx_word' id='word_1_918' title='bbox 2888 5797 3024 5850; x_wconf 86' lang='lat' dir='ltr'><strong>dona</strong></span> <span class='ocrx_word' id='word_1_919' title='bbox 3048 5839 3060 5859; x_wconf 87' lang='lat'><strong>,</strong></span> <span class='ocrx_word' id='word_1_920' title='bbox 3093 5807 3149 5852; x_wconf 88' lang='lat' dir='ltr'><strong>et</strong></span> <span class='ocrx_word' id='word_1_921' title='bbox 3187 5801 3409 5856; x_wconf 89' lang='lat' dir='ltr'><strong>dilatata</strong></span> <span class='ocrx_word' id='word_1_922' title='bbox 3445 5815 3527 5860; x_wconf 88' lang='lat' dir='ltr'><strong>est</strong></span> 
     </span>
    </p>
   </div>
   <div class='ocr_carea' id='block_1_121' title="bbox 1929 5871 3525 5957">
    <p class='ocr_par' dir='ltr' id='par_1_121' title="bbox 1929 5871 3525 5957">
     <span class='ocr_line' id='line_1_121' title="bbox 1929 5871 3525 5957; baseline 0.023 -37"><span class='ocrx_word' id='word_1_923' title='bbox 1929 5871 2102 5939; x_wconf 72' lang='lat' dir='ltr'><strong>gratia</strong></span> <span class='ocrx_word' id='word_1_924' title='bbox 2144 5873 2273 5931; x_wconf 88' lang='lat' dir='ltr'><strong>Dei:</strong></span> <span class='ocrx_word' id='word_1_925' title='bbox 2315 5876 2365 5932; x_wconf 89' lang='lat' dir='ltr'><strong>iu</strong></span> <span class='ocrx_word' id='word_1_926' title='bbox 2412 5881 2554 5948; x_wconf 90' lang='lat' dir='ltr'><strong>quod</strong></span> <span class='ocrx_word' id='word_1_927' title='bbox 2591 5895 2655 5936; x_wconf 82' lang='lat' dir='ltr'><strong>ex</strong></span> <span class='ocrx_word' id='word_1_928' title='bbox 2688 5883 2838 5940; x_wconf 85' lang='lat' dir='ltr'><strong>Actis</strong></span> <span class='ocrx_word' id='word_1_929' title='bbox 2899 5891 3267 5957; x_wconf 86' lang='lat' dir='ltr'><strong>apostolorum</strong></span> <span class='ocrx_word' id='word_1_930' title='bbox 3322 5898 3525 5957; x_wconf 78' lang='lat' dir='ltr'><strong>disces.</strong></span> 
     </span>
    </p>
   </div>
  </div>
