4110 6332
623 338 724 404 851

1499 326 2074 391 THEOPHYLACTI
2113 324 2521 385 BULGARl/E
2561 323 2918 384 ARCHIEP.

3739 321 3847 385 852

620 448 791 503 Tenet
845 455 1018 501 autem
1054 445 1276 514 figuram
1306 441 1532 509 hospitis
1584 439 1758 494 omnis
1802 435 2077 505 apostolus
2121 445 2163 492 et

2275 437 2383 504 γὰρ
2409 434 2441 505 ἢ
2471 435 2778 502 ἀπαγαγεῖν
2802 437 2880 498 είς
2909 435 3085 498 τοῦτο,
3113 434 3273 502 μόνον
3299 434 3560 505 κατέδησε
3583 433 3652 487 τά
3683 434 3847 506 τραύο

621 542 805 595 doctor
831 548 882 592 et
904 546 1118 606 pastor:
1147 535 1342 603 quibus
1381 534 1523 586 dedit
1561 530 1817 584 Dominus
1844 531 1979 582 duos
2005 529 2171 583 dena-

619 631 750 690 rios,
777 631 880 682 duo
913 625 1279 691 Testamenta,
1312 625 1471 678 Vetus
1501 633 1553 677 et
1581 621 1807 676 Novum.
1836 621 2007 677 Unius
2029 619 2171 673 enim

617 736 707 788 reg
733 736 758 774 s
788 718 1075 788 imaginem
1101 729 1325 784 utraque
1347 724 1548 779 tenent,
1580 728 1771 782 nempe
1793 714 1936 782 quod
1962 711 2171 782 eloquia

620 811 710 863 Dei
760 811 888 862 sint.
921 808 1106 875 Itaque
1136 807 1383 860 denarios
1417 805 1536 858 illos
1566 803 1824 856 Dominus
1875 803 1926 856 in
1977 803 2170 857 cmlum

620 900 918 954 asCendens
972 898 1185 964 reliquit
1249 895 1551 960 apostolis,
1620 903 1673 946 et
1724 893 1989 960 episcopis
2055 891 2173 944 aliis

615 999 776 1055 atque
807 988 1133 1042 doctoribus.
1188 985 1333 1039 Dixit
1381 994 1559 1038 autem
1612 984 1913 1052 :Quidquid
1961 999 2027 1038 ex
2082 993 2172 1035 tuo

613 1078 988 1146 insnmpseris,
1035 1092 1135 1147 ego
1185 1078 1322 1130 dabo
1375 1078 1487 1130 tibi.
1535 1075 1739 1129 Revera
1795 1076 1935 1130 enim
1970 1075 2036 1128 de
2073 1087 2171 1128 suo

615 1169 844 1236 apuStoli
885 1169 1044 1220 tltullzt
1081 1170 1515 1235 insumpserunt,
1564 1167 1786 1218 multum
1841 1165 2167 1225 laborantes,

614 1267 664 1309 et
698 1259 896 1326 ubique
950 1257 1247 1311 doetriuam
1297 1256 1648 1309 seminantcs.
1697 1255 1802 1308 Sed
1838 1265 1891 1308 et
1923 1255 2170 1307 doctores

615 1352 702 1416 qui
733 1350 1021 1415 explanant
1046 1347 1207 1403 Vetus
1229 1356 1281 1401 et
1308 1347 1510 1401 Novum
1542 1347 1975 1406 Testamentum,
2003 1346 2167 1399 multa

613 1457 642 1492 e
674 1455 768 1492 2-th
817 1441 1125 1502 insumunt,
1177 1453 1272 1505 pro
1324 1439 1514 1506 quibus
1553 1439 1850 1492 mercedem
1905 1437 2169 1504 accipient

615 1533 840 1585 Domino
876 1533 1115 1586 redituro
1161 1531 1212 1584 in
1265 1530 1502 1584 secundo
1531 1530 1784 1583 adventu.
1826 1527 1976 1582 Tunc
2025 1527 2166 1580 enim

2281 541 2445 593 ματα.
2500 522 2564 576 Τί
2601 524 2695 577 οῦν
2729 526 2875 576 ἐστιν
2914 526 2941 578 ὅ
2975 542 3150 594 φημι;
3199 525 3320 579 Ὅτι
3373 528 3470 594 τῆς
3513 527 3848 596 Ἐκκλησίας

2278 617 2572 686 συστάσης,
2605 618 2698 670 καὶ
2724 617 3014 686 γενομένου
3048 616 3141 669 τοῦ
3168 617 3508 686 πανδοκείου,
3541 620 3848 686 τουτέστιν,

2275 710 2337 761 ἐκ
2381 709 2595 762 πάντων
2625 708 2811 780 σχεδὸν
2841 709 2947 762 τῶν
2992 707 3162 762 ἐθνῶν
3192 710 3289 778 τῆς
3323 709 3558 773 πίστεως
3594 709 3851 780 αὐξηθεί-

2277 816 2395 866 σης,
2429 799 2551 850 τότε
2595 799 2808 863 ἐγένετο
2840 799 2933 850 καὶ
2969 798 3290 868 Πνεύματος
3326 798 3481 865 ἁγίου
3519 798 3718 868 δωρεὰ,
3751 798 3849 850 καὶ

2276 889 2308 957 ἡ
2356 889 2512 958 χάρις
2554 887 2646 940 τοῦ
2687 888 2823 940 Θεοῦ
2873 888 3220 941 ἐπλατύνετο.
3259 889 3365 940 Καὶ
3417 889 3576 941 τοῦτο
3626 887 3851 962 μαθήσῃ

2273 978 2380 1030 ἀπὸ
2407 978 2511 1030 τῶν
2537 979 2577 1030 ιι
2590 977 2797 1048 ράξεων
2826 979 2933 1030 τῶν
2960 979 3296 1031 ἀποστόλων.
3343 977 3561 1047 Ἐπέχει
3590 978 3648 1032 δὲ
3677 977 3852 1031 ⁸ἑύπον

2273 1070 2581 1137 πανδοχέως
2609 1071 2717 1132 πᾶς
2750 1070 3067 1134 ἀπόστολος,
3101 1072 3197 1123 καὶ
3223 1069 3563 1135 διδάσκαλος,
3597 1071 3692 1123 καὶ
3723 1053 3858 1132 ποι-τ

2277 1159 2417 1228 μὴν,
2470 1154 2548 1221 οἷς
2582 1159 2814 1212 δέδωκεν
2858 1161 2884 1210 6
2920 1159 3123 1229 Κύριος
3174 1159 3268 1212 δύο
3315 1160 3583 1230 δηνάρια,
3622 1160 3720 1221 τὰς
3752 1157 3847 1212 δύο

2273 1249 2579 1316 Διαθῆκας,
2626 1251 2724 1320 τὴν
2776 1252 3015 1304 Παλαιὰν
3056 1252 3148 1304 καὶ
3184 1252 3282 1322 τὴν
3327 1251 3494 1304 Νέαν.
3551 1252 3702 1314 Ἐνός
3736 1255 3846 1321 γάρ

2273 1344 2455 1397 είκόνα
2509 1343 2769 1413 βασιλέως
2822 1345 3079 1415 φέρουσιν
3130 1345 3476 1414 ἀμφότεραι,
3533 1345 3625 1398 τοῦ
3678 1344 3844 1397 αὐτοῦ

2271 1435 2404 1489 Θεοῦ
2436 1436 2591 1503 λόγια
2625 1437 2799 1490 οὖσαι.
2839 1437 3022 1488 Ταῦτα
3054 1437 3184 1504 γοῦν
3209 1437 3275 1489 τά
3304 1439 3533 1508 δηνάρια
3565 1440 3641 1500 εἰς
3675 1438 3844 1506 οὐρα-

2270 1527 2393 1589 νοῦς
2429 1527 2791 1597 ἀνερχόμενος
2836 1531 2862 1581 6
2895 1527 3096 1598 Κύριος
3148 1529 3406 1582 κατέλιπε
3447 1532 3559 1591 τοῖς
3607 1528 3842 1581 duo-:16.

2270 1612 2404 1677 λοις,
2443 1615 2534 1665 καί
2578 1617 2690 1676 τοῖς
2730 1615 2870 1667 κατά
2914 1618 3138 1687 καιροὺς
3186 1618 3528 1681 ἐπισκόποις,
3563 1618 3655 1670 καὶ
3694 1616 3842 1669 διδα-

613 1717 768 1780 mihi,
801 1729 930 1769 ecce
955 1716 1093 1767 alios
1137 1712 1270 1767 duos
1311 1720 1568 1778 praeterea
1605 1707 1864 1776 impendi.
1903 1704 1998 1760 Cui
2026 1705 2163 1760 dicet

2269 1704 2505 1766 σκάλοις.
2545 1701 2678 1758 Εἷπε
2705 1706 2779 1768 δὲ,
2816 1708 2896 1759 ὅτι
2933 1711 2997 1761 Ὃ
3032 1709 3099 1761 ἂν
3132 1709 3584 1781 προσδαπανήσῃς
3609 1708 3843 1768 οἴκοθεν.

610 1817 661 1859 et
691 1807 836 1873 ipse:
868 1805 1037 1875 Euge,
1063 1818 1214 1858 serve
1240 1804 1395 1866 bone,
1428 1811 1531 1854 etc.

2267 1796 2378 1864 ἐγὼ
2401 1795 2555 1850 δώσω
2587 1814 2690 1851 σοι.
2717 1799 2807 1869 Τῷ
2829 1799 2943 1852 ὄντι
2972 1799 3080 1872 γάρ
3123 1803 3609 1873 προσεδαπάνησαν
3634 1803 3844 1855 οἴκοθεν

612 1900 661 1952 οἱ
681 1896 965 1951 ἀπόστολοι
985 1940 998 1960 ,
1031 1895 1198 1948 πολλά
1229 1895 1588 1954 κοπιάσαντες
1608 1933 1622 1954 ,
1650 1889 1744 1944 καὶ
1767 1888 2039 1960 πανταχοῦ
2069 1889 2166 1959 τὴν
2203 1889 2554 1943 διδασκαλίαν
2586 1891 2919 1960 σπείροντες.
2971 1894 3132 1946 Ἀλλά
3171 1896 3261 1946 καὶ
3294 1897 3342 1946 οἱ
3414 1897 3552 1948 κατά
3618 1895 3846 1964 καιροὺς

608 1988 914 2041 διδάσκαλοι
953 1985 1303 2055 ἐξηγούμενοι
1339 1984 1436 2054 τὴν
1462 1982 1704 2036 Παλαιὰν
1735 1983 1828 2035 καὶ
1860 1982 1958 2050 τὴν
1997 1980 2162 2045 Νέσρν,
2203 1981 2370 2034 πολλά
2429 1983 2909 2054 προσεδαπάνησαν
2985 1985 3194 2038 οἴκοθεν
3219 2028 3232 2050 ,
3291 1986 3431 2056 ὑπὲρ
3500 1982 3573 2038 ὧν
3613 1989 3704 2039 τὸν
3748 2007 3840 2054 μι-

612 2080 737 2133 σθὸν
766 2079 1136 2149 ἀπολήψονται
1174 2080 1233 2130 ἐν
1265 2076 1343 2146 τῷ
1378 2075 1775 2144 ἐπανέρχεσθαι
1845 2074 1933 2126 τὸν
1976 2072 2202 2143 Κύριον,
2262 2074 2535 2129 τουτέστιν
2591 2079 2650 2129 ἐν
2720 2080 2784 2146 τῇ
2822 2078 3051 2149 δευτέρᾳ
3096 2083 3386 2147 παρουσία.
3443 2079 3574 2131 Τότε
3615 2081 3724 2149 γὰρ
3777 2080 3842 2132 ἂν

612 2175 753 2228 εἴποι
804 2171 1034 2258 ἕκαστος
1068 2168 1244 2223 αὐτῶν
1296 2168 1474 2237 αὐτῷ·
1541 2166 1751 2235 Κύριε,
1807 2164 1903 2218 δύο
1946 2165 2174 2235 δηνάρια
2242 2165 2479 2230 δέδωκάς
2523 2184 2647 2237 μοι,
2703 2169 2812 2222 ίδοὺ
2845 2169 2978 2223 ἀλλα
3030 2169 3123 2222 δύο
3165 2169 3639 2240 προσεδαπάνησα.
3699 2171 3842 2241 Πρλνς

610 2264 669 2316 ὃν
700 2265 816 2334 ἐρεῖ
841 2264 934 2317 καὶ
964 2264 1124 2325 αὐτός
1149 2279 1161 2292 ·
1197 2261 1298 2324 Eb,
1334 2261 1486 2314 δοῦλε
1523 2260 1716 2328 ἀγαθέ.

685 2357 847 2411 Vens.
883 2353 1068 2409 38—49..
1111 2371 1127 2403 t
1163 2352 1380 2430 Factum
1405 2361 1486 2406 est
1520 2361 1694 2404 autem
1743 2352 1868 2404 dunt
1923 2351 2080 2414 irent,
2113 2359 2163 2404 ul

2348 2365 2362 2398 ι
2407 2347 2653 2414 Ἐγένετο
2681 2346 2737 2398 δέ
2763 2348 2820 2399 ἐν
2849 2345 2932 2416 τῷ
2962 2346 3291 2417 πορεύεσθαι
3319 2348 3532 2410 αὐτοὺς,
3565 2349 3656 2402 καὶ
3678 2349 3838 2414 αὐτὸς

607 2451 724 2520 ipse
771 2448 997 2502 intraret
1059 2447 1108 2498 in
1150 2444 1416 2513 quoddam
1481 2443 1811 2513 oppidulum,
1866 2457 1925 2495 ac
1983 2444 2163 2497 mulier

2268 2439 2512 2509 εἰσῆλθεν
2544 2439 2622 2500 εἰς
2645 2439 2838 2508 κώμην
2857 2440 2998 2505 τινὰ,
3016 2439 3151 2510 γυνὴ
3171 2441 3226 2493 δέ
3249 2457 3350 2505 τις,
3371 2442 3591 2511 ὀνόματι
3609 2443 3836 2514 Μάρθα,

612 2543 854 2611 ρυεοιιιιιιιι
906 2538 1110 2592 Martha
1144 2539 1355 2590 nomine
1399 2535 1782 2604 exeepitillum
1841 2535 1892 2588 in
1955 2535 2163 2587 domum

2272 2527 2565 2592 ὑπεδέξατο
2599 2528 2760 2582 αὑτὸν
2787 2530 2867 2590 είς
2899 2530 2990 2580 τὸν
3040 2524 3190 2582 οἷκον
3218 2530 3407 2599 αὐτῆς.
3463 2531 3570 2584 Κειὶ
3612 2533 3741 2603 τῇδε
3768 2528 3839 2603 ἦν

611 2649 763 2688 suam
792 2650 805 2686 :
841 2641 893 2685 et
921 2630 1044 2685 huic
1069 2638 1183 2682 erat
1214 2643 1364 2683 soror
1399 2628 1614 2682 nomine
1635 2625 1825 2689 Maria,
1867 2639 1986 2694 qua:
2010 2625 2163 2678 etiam

2273 2619 2478 2691 ἀδελφὴ
2536 2621 2843 2691 καλουμένη
2914 2622 3118 2691 Μαρία,
3180 2624 3212 2691 ἢ
3271 2624 3364 2675 καὶ
3415 2625 3841 2694 παρακαθίσασα

610 2723 856 2777 assidens
883 2721 946 2774 ad
977 2723 1139 2789 pedes
1185 2716 1311 2773 Iesu
1352 2717 1602 2773 audiebat
1638 2731 1940 2771 sermonem
2001 2716 2163 2769 illius.

2275 2712 2424 2782 παρά
2453 2712 2577 2774 τοὺς
2611 2711 2779 2775 πόδας
2812 2711 2904 2764 τοῦ
2953 2713 3149 2779 Ἰησοῦ,
3190 2714 3355 2783 ῆκουε
3383 2714 3489 2767 τῶν
3537 2715 3713 2782 λόγων
3739 2719 3838 2770 αὖ-

609 2813 816 2868 Μ.ιιίΙιτι
843 2819 1019 2866 autem
1054 2810 1450 2865 distrahebatur
1477 2810 1618 2862 circa
1649 2807 1904 2877 frequens
1929 2808 2163 2861 ministe-

2273 2802 2392 2856 τοῦ.
2449 2803 2510 2855 Ἦ
2534 2803 2588 2854 δὲ
2623 2803 2822 2870 Μάρθα
2875 2805 3214 2873 περιεσπᾶτο
3271 2807 3396 2876 περὶ
3427 2806 3628 2876 πολλὴν
3659 2808 3840 2861 διακο-

607 2907 780 2969 rium;
852 2919 970 2972 quze
1017 2903 1294 2967 assistens,
1324 2901 1399 2954 ait
1440 2915 1453 2951 :
1506 2899 1764 2966 Domine,
1802 2915 1904 2953 non
1938 2908 2020 2953 est
2076 2900 2163 2953 tibi

2276 2895 2416 2949 νίαν.
2469 2893 2766 2947 Ἐπιστᾶσα
2798 2895 2854 2947 δὲ
2896 2892 3051 2948 εἴπεο
3093 2895 3285 2967 Κύριε,
3325 2897 3385 2950 ού
3422 2898 3572 2968 μέλει
3609 2917 3712 2961 σοι,
3754 2902 3837 2956 ὅτι

609 3014 752 3055 Curae
798 2995 941 3065 quod
997 3009 1151 3049 soror
1201 3007 1318 3047 mea
1375 2991 1592 3061 reliquit
1641 3001 1815 3045 ment
1853 2991 1962 3044 sola
2003 2990 2163 3043 mini-

2275 2989 2308 3056 ἠ
2355 2988 2555 3058 ἀδελφή
2601 3005 2703 3057 μου
2750 2987 2882 3058 μόνη
2938 3007 3003 3058 με
3043 2989 3303 3043 κατέλιπε
3343 2993 3650 3056 διακονείν;
3703 2994 3836 3047 Είπέ

609 3091 817 3148 strem?
852 3088 948 3141 Dic
975 3101 1100 3155 ergo
1122 3083 1195 3139 illi
1236 3093 1292 3136 ut
1321 3098 1407 3138 me
1457 3082 1686 3150 adjuvet.
1724 3081 1791 3135 Et
1839 3083 2163 3152 respondens

2274 3073 2367 3130 οῦν
2390 3079 2548 3148 αὐτῇ,
2581 3079 2671 3130 ἵνα
2713 3095 2801 3147 μοι
2864 3079 3341 3149 συναντιλάϐηται.
3391 3083 3736 3152 ’Δποκριθεὶς
3779 3085 3836 3139 δέ

609 3181 744 3235 dixit
774 3179 847 3232 illi
878 3177 1069 3231 Jesus:
1103 3172 1338 3237 Martha,
1367 3170 1603 3235 Martha,
1637 3169 1864 3225 sollicita
1893 3184 1973 3235 es,
2005 3180 2058 3221 et
2081 3176 2163 3220 tu-

2271 3168 2424 3224 εἴπεν
2449 3171 2584 3241 αὐτῇ
2620 3172 2647 3222 6
2691 3172 2932 3240 Ἰησοῦς
2987 3173 3207 3242 Μάρθα,
3258 3174 3480 3245 Μάρθα,
3542 3176 3832 3245 μεριμνᾷς,

606 3266 893 3326 multuaris
909 3267 1053 3321 circa
1077 3263 1276 3318 multa:
1301 3261 1446 3331 atqui
1478 3276 1640 3315 unum
1665 3268 1748 3314 est
1775 3263 2163 3314 necessarium.

2271 3262 2364 3316 καὶ
2392 3260 2637 3332 τυρϐάζῃ
2673 3264 2804 3332 περὶ
2841 3262 3028 3316 πολλά.
3077 3263 3226 3326 Ἐνὸς
3257 3263 3313 3316 δέ
3353 3267 3467 3317 ἐστι
3499 3266 3674 3334 χρεία.
3712 3266 3834 3318 Μα-

610 1623 802 1693 singuli
861 1622 1042 1676 dicent
1083 1622 1170 1676 ei:
1217 1620 1461 1681 Domine,
1511 1622 1642 1673 duos
1691 1617 1941 1671 denarios
1973 1615 2164 1669 dedisti

606 3362 774 3416 Maria
807 3369 985 3414 autem
1031 3358 1220 3411 bonam
1275 3364 1481 3424 partem
1534 3351 1749 3420 delegit,
1780 3365 1898 3419 quae
1932 3365 2037 3404 non
2069 3365 2168 3402 au-

608 3455 814 3508 feretur
840 3452 906 3505 ab
931 3465 1017 3505 ea.
1045 3468 1062 3499 ι
1101 3448 1291 3518 Magna
1321 3446 1534 3515 quidem
1571 3443 1955 3512 hospitalitatis
1993 3443 2167 3496 virtus

607 3555 712 3608 est,
747 3544 796 3597 id
825 3542 966 3609 quod
1009 3538 1215 3592 Martha
1248 3535 1507 3601 ostendit,
1541 3543 1593 3589 et
1643 3547 1749 3587 non
1809 3531 2100 3602 rejicienda
2148 3548 2162 3585 :

607 3634 780 3697 major
809 3641 986 3685 autem
1021 3629 1302 3684 attendere
1329 3626 1509 3681 verbis
1545 3624 1716 3693 magis
1749 3623 2120 3692 spiritualibus
2149 3639 2162 3674 :

604 3742 702 3798 per
725 3725 885 3795 352
921 3724 1062 3779 illam
1084 3721 1225 3776 enim
1253 3734 1446 3787 corpus
1472 3717 1729 3786 pascitur,
1747 3731 1840 3785 per
1858 3718 1958 3771 hoc
1987 3715 2165 3768 anima

604 3819 930 3872 viviﬁcatur.
959 3814 1072 3869 Non
1099 3813 1240 3876 enim
1278 3821 1496 3881 propter
1525 3811 1627 3864 hoc
1663 3822 1936 3874 assumus,
1969 3807 2165 3878 inquit,

604 3926 638 3963 o
673 3909 904 3972 Martha,
939 3915 997 3960 ut
1030 3915 1272 3960 ventrem
1308 3903 1624 3972 impleamus
1670 3901 1835 3954 variis
1868 3900 2024 3964 cibis,
2072 3897 2164 3952 sed

605 4010 666 4054 ut
693 3999 974 4051 animabus
998 3996 1154 4050 utiles
1188 3995 1376 4047 simus.
1404 3991 1538 4045 Vide
1568 3991 1694 4045 item
1718 4000 1773 4044 et
1805 3990 2014 4044 Domini
2042 4003 2165 4044 seu-

608 4092 852 4145 tentiam.
904 4087 1046 4141 Nihil
1081 4086 1230 4153 prius
1280 4085 1417 4138 dixit
1469 4083 1708 4147 Marthae,
1764 4097 1925 4152 quam
1971 4084 2038 4136 ab
2074 4081 2160 4135 illa

603 4177 998 4249 perstringendi
1031 4183 1266 4229 sumeret
1292 4175 1653 4228 occasionem.
1686 4172 1977 4240 Postquam
2019 4170 2162 4223 enim

605 4273 693 4326 illa
725 4269 952 4323 avellere
987 4266 1209 4322 tentavit
1234 4279 1474 4319 sororem
1508 4265 1576 4318 ab
1604 4263 1816 4326 auditu,
1859 4270 1968 4315 tum
2007 4260 2162 4315 deni-

604 4377 705 4431 que
730 4360 1006 4422 Dominus,
1035 4366 1246 4425 arrepta
1275 4355 1576 4420 occasione,
1602 4354 1746 4407 illam
1767 4351 2159 4421 verberat.',Ea-

2272 3356 2363 3424 ρέοι
2395 3353 2449 3406 δὲ
2476 3352 2573 3422 τὴν
2599 3353 2810 3421 ἀγαθὴν
2838 3355 3031 3424 μερίδα
3071 3348 3514 3426 ἐξελέξατοίῆτις
3543 3357 3644 3409 οὐκ
3669 3357 3834 3424 ἀφαι-

2275 3444 2562 3515 ρεθήσεται
2594 3445 2688 3497 ἀπ’
2719 3446 2910 3514 αὐτῆς.
2955 3465 2972 3496 ι
3004 3447 3163 3512 Μέγα
3197 3447 3297 3516 μὲν
3319 3448 3379 3500 τὸ
3402 3447 3498 3516 cf};
3527 3448 3831 3516 φιλοξενίας

2268 3536 2498 3606 ἀγαθὸν,
2535 3537 2948 3608 δπερὴΜάρθα
2991 3538 3357 3604 ἐπεδείκνυτο,
3399 3540 3494 3594 καὶ
3544 3540 3645 3593 οὐκ
3693 3541 3830 3593 ἀπό-

2269 3629 2483 3698 ϐλητονο
2524 3629 2706 3698 μεῖζον
2754 3630 2810 3682 δέ
2841 3630 2900 3682 τὸ
2931 3632 3216 3700 προσέχειν
3243 3633 3354 3692 τοῖς
3384 3633 3832 3701 πνευματικωτέ-

2273 3738 2386 3791 pos;
2413 3720 2614 3788 λόγοις.
2649 3721 2726 3773 Δι’
2753 3722 2963 3774 ἐκείνου
2995 3721 3091 3791 μὲν
3121 3723 3230 3792 γὰρ
3257 3722 3317 3774 τὺ
3359 3722 3516 3790 σῶμα
3545 3724 3826 3793 τρέφεται,

2267 3811 2354 3864 διὰ
2385 3811 2441 3862 δὲ
2472 3810 2664 3863 τούτου
2697 3812 2730 3879 ἡ
2760 3810 2904 3881 ψυχὴ
2936 3809 3189 3873 ζωοῦται.
3246 3811 3320 3864 Οὐ
3357 3813 3466 3883 γὰρ
3516 3813 3603 3867 διά
3649 3815 3829 3880 τοῦτο,

2269 3903 2425 3971 φησὶ,
2478 3906 2781 3971 πάρεσμεν,
2840 3896 2885 3955 ὦ
2931 3902 3149 3973 Μάρθα,
3187 3903 3271 3956 ἵνα
3309 3903 3405 3974 τὴν
3457 3906 3700 3974 γαστέρα
3735 3909 3832 3976 ἐμ-

2265 3995 2554 4061 πλήσωμεν
2583 3993 2840 4046 ποικίλων
2872 3993 3198 4065 βρωμάτων,
3219 3995 3335 4049 ἀλλ’
3368 3997 3455 4050 ἵνα
3479 3997 3655 4068 ψυχὰς
3677 3999 3825 4068 ὠφε-

2262 4085 2539 4156 λήσωμεν.
2571 4084 2714 4154 Ὅρα
2745 4083 2802 4137 δὲ
2831 4085 2927 4154 τὴν
2956 4084 3051 4137 τοῦ
3077 4086 3285 4157 Κυρίου
3318 4086 3565 4158 γνώμην.
3597 4090 3671 4141 UO
3696 4090 3826 4158 πρόο

2259 4195 2415 4248 τερον
2444 4173 2566 4230 εῐπὲ
2605 4193 2657 4228 τι
2684 4177 2823 4247 πρὸς
2845 4175 2946 4246 τὴν
2975 4176 3229 4247 Μάρθαν,
3281 4180 3410 4248 πρὶν
3441 4180 3473 4249 ἢ
3511 4181 3643 4250 παρ’
3676 4181 3828 4234 ἐκεί-

2263 4285 2356 4333 νης
2387 4267 2570 4319 λαϐεῖν
2597 4266 2696 4328 τὰς
2726 4265 2976 4335 ἀφορμὰς
3000 4268 3099 4336 τῆς
3126 4269 3488 4339 ἐπιπλήξεως.
3538 4271 3691 4324 Ἐπεὶ
3719 4272 3830 4344 γάρ

2263 4359 2443 4429 ἐκείνη
2476 4358 2906 4412 ἀποσπάσασθαι
2948 4359 3208 4430 ἐπειρᾶτο
3245 4362 3345 4432 τὴν
3375 4362 3612 4434 ἀδελφὴν
3656 4366 3831 4434 αὐτῆς

610 4467 765 4511 tenus
801 4454 942 4508 enim
968 4449 1306 4517 hospitalitas
1332 4447 1676 4501 veneratione
1702 4446 1862 4516 digna
1892 4454 1998 4509 est,
2027 4459 2160 4514 qua-

2267 4450 2374 4504 ἁπδ
2421 4453 2518 4521 τῆς
2573 4449 2910 4520 ἀκροάσεως,
2954 4451 3075 4503 τότε
3133 4452 3163 4504 6
3229 4451 3432 4523 Κύριος
3491 4453 3831 4524 δραξάμενος

608 4560 763 4601 tenus
797 4559 904 4599 non
934 4541 1200 4596 abstrahit
1228 4548 1282 4592 et
1317 4539 1532 4593 abducit
1561 4553 1660 4592 nos
1706 4552 1736 4591 a
1768 4538 1938 4609 magis
1968 4552 2161 4594 neces-

619 4655 677 4694 sa
688 4640 800 4690 riis.
824 4634 926 4689 Sed
944 4634 986 4688 si
1014 4631 1236 4701 emperit
1257 4644 1353 4685 nos
1370 4642 1558 4684 arcere
1574 4645 1604 4684 a
1623 4630 1789 4685 rebus
1801 4630 2156 4701 gravioribus,

607 4742 735 4784 tunc
763 4728 833 4781 illi
887 4723 1252 4795 praeferendus
1298 4723 1602 4779 divinorum
1648 4723 1912 4779 auditus:
1965 4725 2074 4779 imo
2113 4724 2158 4779 si

607 4817 913 4873 accuratius
947 4813 1257 4876 dicendum,
1306 4827 1411 4866 non
1459 4812 1876 4882 hospitalitatem
1911 4814 2161 4882 prohibet

609 4910 889 4974 Dominus,
922 4906 1016 4962 sed
1077 4905 1393 4960 varietatem
1425 4917 1487 4959 ac
1540 4903 1785 4973 turbam,
1835 4906 1939 4960 hoc
1976 4914 2058 4961 est
2086 4907 2162 4961 di-

609 5001 955 5054 stractionem
996 5005 1050 5052 et
1090 4994 1468 5050 turbationem.
1519 4992 1730 5050 Laudat
1770 4994 1912 5050 enim
1953 4994 2161 5066 frugale

609 5089 918 5159 hospitium.
941 5086 1133 5153 lQuare
1162 5086 1330 5150 enim,
1357 5084 1546 5154 inquit,
1571 5085 1801 5154 Martha,
1823 5087 2053 5143 sollicita
2080 5103 2157 5151 es,

607 5195 664 5237 et
700 5179 934 5235 turbaris
962 5180 1103 5232 circa
1139 5175 1298 5229 multa
1341 5175 1446 5230 hoc
1473 5184 1578 5239 est,
1605 5176 1949 5243 distraheris,
1977 5178 2159 5233 turba-

608 5273 721 5326 ris?
752 5270 872 5325 Uno
909 5268 1064 5329 nobis
1125 5281 1259 5336 opus
1310 5273 1414 5330 est,
1478 5280 1668 5339 nempe
1712 5277 1768 5323 ut
1816 5270 2159 5324 comedamus

611 5364 1074 5431 qualitercunque.
1109 5374 1215 5412 non
1255 5359 1439 5413 variis.
1485 5358 1709 5426 Quidam
1762 5371 1942 5416 autem
1995 5376 2160 5430 expo—

610 5461 762 5518 nunt,
791 5468 895 5504 uno
919 5461 1002 5506 est
1025 5466 1176 5519 opus,
1208 5464 1312 5503 non
1343 5450 1410 5504 de
1432 5464 1548 5510 esu,
1599 5452 1690 5506 sed
1734 5451 2029 5509 attentione
2059 5452 2156 5505 do-

607 5546 815 5600 ctrinae.
850 5543 1014 5598 Porro
1034 5543 1192 5597 dictis
1222 5540 1328 5595 illis
1378 5541 1535 5596 docet
1567 5541 1819 5598 Dominus
1864 5541 2153 5611 apostolos,

611 5645 665 5688 ut
695 5650 817 5687 cum
856 5633 1098 5687 venerint
1139 5633 1192 5686 in
1236 5630 1451 5686 domum
1511 5631 1806 5702 cujusdam,
1863 5650 1967 5690 non
2006 5637 2152 5691 varia

611 5722 908 5792 inquirant,
948 5722 1041 5778 sed
1080 5720 1314 5777 contenti
1364 5720 1474 5777 sint
1525 5719 1721 5791 frugali
1765 5721 2148 5794 hospitalitate,

2263 4543 2540 4615 ἀφορμῆς,
2576 4541 2897 4612 ἐπιπλήττει
2925 4541 3122 4610 αὑτήν.
3165 4541 3344 4612 Μέχρι
3377 4544 3486 4614 γὰρ
3508 4545 3630 4597 τότε
3663 4547 3695 4615 ἡ
3739 4564 3830 4616 qn-

2259 4634 2469 4699 λοξενία
2500 4633 2752 4703 τιμητέα,
2791 4632 2984 4703 μέχρις
3021 4633 3145 4686 ὅτου
3171 4633 3234 4687 οὐ
3261 4637 3504 4706 περισπᾷ
3525 4637 3694 4706 ἡμᾶς,
3732 4640 3829 4692 καὶ

2260 4726 2692 4796 ἀπαγάγειτῶν
2740 4725 3212 4796 ἀναγκαιοτέρων.
3253 4725 3424 4780 Ἐπάν
3479 4727 3536 4780 δὲ
3590 4729 3827 4800 ἄρξηται

2259 4814 2493 4869 κωλύειν
2528 4815 2677 4886 ἡμᾶς
2702 4815 2811 4869 ἀπὸ
2854 4814 2964 4868 τῶν
3013 4815 3470 4890 σπουδαιοτέρων,
3515 4821 3824 4889 τηνικαῦτα

2259 4905 2466 4976 ταύτης
2501 4908 2868 4978 προτιμητέον
2893 4906 2991 4976 τὴν
3015 4907 3126 4962 τῶν
3159 4907 3321 4963 θείων
3362 4910 3647 4981 ἀκρόασιν,
3677 4915 3822 4983 μᾶλ-

2268 4997 2358 5051 λον
2376 4996 2435 5050 δέ
2456 4997 2504 5050 sl
2528 4997 2611 5050 δεῖ
2644 4997 2705 5049 τὸ
2731 4996 3120 5069 ἀκριϐέστερον
3144 4999 3340 5066 εἰπεῖν,
3372 5001 3434 5055 οὑ
3478 5002 3577 5073 τὴν
3598 5005 3822 5072 φιλοξε-

2256 5087 2377 5140 νίαν
2405 5087 2602 5141 κωλύει
2637 5087 2666 5141 6
2699 5087 2924 5158 Κύριος,
2959 5089 3096 5142 ἀλλά
3117 5090 3217 5162 τὴν
3239 5091 3514 5146 ποικιλίαν
3544 5095 3639 5148 καὶ
3675 5096 3779 5168 τύρ

2257 5180 2379 5248 δην,
2409 5177 2655 5231 τουτέστι
2688 5179 2780 5235 τὸν
2809 5182 3216 5250 περισπασμὸν,
3273 5183 3367 5236 καὶ
3398 5182 3498 5254 τὴν
3525 5177 3778 5259 ταραχήν
3801 5203 3817 5218 ·

2257 5268 2378 5320 ἐπεὶ
2406 5267 2503 5337 τὴν
2543 5269 2696 5336 λιτὴν
2727 5270 2994 5343 ὑποδοχὴν
3028 5273 3258 5325 ἐπαινεῖ.
3286 5273 3402 5327 Ἵνα
3428 5275 3480 5327 τί
3504 5277 3631 5346 γὰρ,
3662 5279 3817 5352 φησὶ,

2255 5358 2454 5429 Μάρθα
2490 5360 2780 5430 μεριμνᾷς,
2813 5361 2906 5414 καὶ
2931 5361 3176 5435 τυρσάζῃ
3201 5364 3391 5433 πολλὰ,
3424 5368 3697 5437 τουτέστι,
3725 5389 3821 5425 πι-

2259 5452 2446 5522 ρισπᾷ,
2469 5452 2746 5524 ταράττῃ;
2786 5453 2935 5519 Ἐνδς
2971 5454 3169 5526 ἔχομεν
3215 5457 3406 5528 χρείαν
3435 5459 3530 5513 τοῦ
3569 5465 3768 5530 φαγεῖν
3790 5466 3818 5519 ὅ

2255 5558 2305 5595 τι
2337 5543 2398 5612 δή
2429 5553 2584 5607 ποτε,
2615 5545 2736 5613 οὐχὶ
2765 5545 3059 5608 ποικιλίας.
3097 5546 3253 5610 Τινὲς
3290 5549 3346 5601 δέ
3371 5550 3451 5613 τὸ,
3495 5550 3647 5615 Ἐνὸς
3696 5556 3814 5609 ἐστι

2255 5639 2429 5708 χρεία,
2459 5641 2518 5692 οῦ
2556 5641 2684 5711 περὶ
2712 5639 2802 5695 τοῦ
2832 5642 3024 5709 φαγεῖν
3048 5642 3296 5711 ἐνόησαν,
3321 5643 3467 5697 ’ἀλλά
3487 5645 3584 5699 τοῦ
3615 5650 3817 5718 προσέο

2253 5745 2367 5800 χειν
2395 5734 2457 5802 τῇ
2497 5731 2832 5802 διδασκαλίᾳ.
2861 5733 2938 5785 Δι’
2965 5727 3038 5788 ὧν
3073 5733 3127 5786 δὲ
3158 5734 3306 5803 λέγει
3330 5777 3344 5802 ,
3405 5737 3646 5793 διδάσκει
3685 5742 3813 5805 τοὺς
