4110 6332
238 359 345 421 857.3

913 359 1356 419 ENARRATIO
1397 359 1476 421 ΙΝ
1517 361 2016 423 EVANGELIUM
2053 363 2289 426 LUC/ﬁ.
2327 388 2397 402 --
2435 364 2592 430 CAP.
2636 365 2743 426 Χῐ.

3408 365 3518 431 854

236 475 576 538 ἀποστόλους
614 475 642 526 ό
662 473 886 545 Κύριος,
922 475 1010 527 ἵνα
1035 476 1164 527 ὅταν
1192 475 1505 528 εἰσέλθωσιν
1538 477 1618 540 είς
1643 475 1814 530 οἰκίαν

1930 475 2065 528 nihil
2096 476 2214 544 plus
2245 483 2548 545 quaerentes
2581 492 2745 546 quam
2785 485 2839 532 ut
2885 476 3174 532 attendant
3233 475 3512 532 doctrinae.

232 565 411 628 τινδς,
453 564 621 633 μηδὲν
663 563 910 617 ποικίλον
961 564 1225 634 ζητῶσιν,
1270 564 1384 618 ἀλλ’
1419 565 1697 633 ἀρκῶνται
1747 569 1822 636 τῇ

236 656 365 728 λιτῇ
408 657 668 726 ὑποδοχῇ,
718 656 883 726 μηδὲν
908 656 1071 709 πλέον
1098 655 1411 728 ζητοῦντες,
1447 657 1480 728 ἢ
1521 658 1582 710 τὸ
1618 657 1820 728 προσέ-

238 766 363 817 χειν
392 752 456 818 τῇ
505 747 822 819 διδασκαλίᾳ
849 765 862 778 ·
901 748 1008 801 νόει
1041 747 1098 801 δέ
1135 766 1248 818 μοι,
1301 747 1533 818 Μάρθαν
1587 749 1686 819 μὲν
1720 748 1820 818 τὴν

237 841 557 911 πρακτικὴν
583 839 806 911 ἀρετὴν,
854 839 1077 910 Μαρίαν
1122 840 1179 893 δὲ
1204 839 1306 910 τὴν
1349 840 1604 911 θεωρίαν.
1627 839 1690 893 Ἦ
1718 841 1817 911 μὲν

236 930 338 986 οὖν
369 933 646 1003 πρακτικὴ
686 922 1105 1004 περισπασμοὺς
1155 931 1266 1001 ἔχει
1328 933 1422 986 καὶ
1463 933 1737 1004 ὀχλήσεις,
1785 935 1817 1003 ἠ

235 1022 300 1075 δὲ
341 1021 562 1094 θεωρία,
589 1025 754 1095 κυρία
773 1024 1040 1094 γενομένη
1066 1024 1174 1078 τῶν
1213 1024 1423 1079 παθῶν⁹
1460 1027 1651 1097 Μαρία
1685 1025 1815 1096 γὰρ,

237 1112 414 1180 κυρία
434 1154 448 1173 .
496 1113 880 1184 ἑρι.ι.ηνιεύεται⁹
913 1117 993 1177 είς
1023 1115 1120 1184 τὴν
1169 1115 1278 1168 τῶν
1327 1115 1485 1170 θείων
1518 1114 1694 1184 λόγων
1727 1118 1818 1169 καὶ

233 1206 350 1256 τῶν
379 1205 664 1274 κριμάτων
686 1203 917 1273 ἔποψίαν
939 1206 1312 1276 ἐνασχολεῖται
1343 1207 1533 1276 μόνην.
1570 1208 1816 1278 Πρόσχες

234 1296 297 1349 δὲ
332 1298 423 1349 καὶ
462 1297 540 1360 τὸ,
586 1297 1019 1367 Παρακαθίσασα
1073 1299 1224 1368 παρὰ
1251 1299 1378 1361 τοὺς
1433 1299 1600 1361 πόδας
1625 1299 1814 1364 αὐτοῦ,

235 1390 408 1455 ἤκουε
435 1388 543 1441 τῶν
565 1387 740 1455 λόγων
779 1388 963 1444 αὐτοῦ.
1009 1391 1073 1443 Οἱ
1129 1391 1226 1460 μὲν
1261 1391 1371 1462 γὰρ
1413 1391 1572 1454 πόδες
1614 1394 1816 1446 νοοϊντο

233 1479 307 1531 ἂν
339 1481 420 1543 είς
457 1479 556 1549 τὴν
610 1479 921 1550 πρακτικὴν
968 1482 1192 1550 ἀρετήν.
1245 1483 1530 1551 Κινήσεως
1575 1483 1684 1552 γὰρ
1723 1485 1815 1538 καὶ

234 1570 469 1639 πορείας
495 1569 632 1621 είσὶν
661 1570 1002 1623 ὲνδεικτικοί.
1039 1570 1112 1623 Τὸ
1141 1571 1196 1624 δὲ
1222 1572 1467 1635 καθίσαι,
1505 1575 1604 1643 τῆς
1629 1575 1812 1644 έδραι-

234 1661 432 1728 ότητος
455 1659 743 1728 σύμϐολον.
778 1662 968 1724 Ὅστις
994 1661 1086 1715 οῦν
1113 1662 1327 1716 καθίσει
1358 1665 1512 1735 παρὰ
1547 1666 1676 1730 τούς
1718 1667 1817 1720 πό-

233 1749 336 1812 δας
364 1746 460 1801 τοῦ
521 1750 719 1819 Ἰησοῦ,
771 1752 1074 1819 τουτέστιν,
1124 1753 1272 1818 ὅστις
1336 1755 1605 1826 ὲδραιωθῇ
1665 1758 1813 1827 ὲντῇ

1927 569 2171 642 lntellige
2199 586 2415 642 quoque
2445 587 2541 642 per
2570 572 2840 627 Martinam
2881 568 3134 629 virtutem
3170 575 3466 642 practieant
3496 610 3515 640 ,

1924 677 2021 732 per
2049 662 2298 731 Mariam,
2349 664 2887 733 contemplationem.
2927 663 3175 721 Practice
3208 665 3352 720 euint
3403 665 3517 721 dis-

1925 755 2224 809 tractiones
2275 765 2328 810 et
2382 752 2721 812 turbationes
2760 756 2913 811 fert:
2963 757 3352 828 contemplatio
3386 772 3514 813 vero

1923 844 2140 899 domina
2195 845 2253 898 lit
2309 845 2677 902 allectionum.
2713 846 2880 900 Maria
2921 847 3065 901 enim
3097 847 3313 902 domina
3339 847 3515 904 inter-

1921 944 2189 1005 pretatur,
2224 951 2288 993 ac
2319 938 2372 993 in
2407 937 2520 994 sola
2566 939 2880 995 divinorum
2909 940 3254 1009 eioquiorum
3287 951 3343 996 et
3367 941 3513 1008 judi-

1921 1030 2128 1086 ciorum
2162 1031 2628 1100 contemplatione
2671 1044 2938 1102 occupata
2977 1041 3082 1089 est.
3128 1034 3516 1090 Animadverte
3580 1102 3582 1105 τ

1923 1129 2102 1174 autem
2142 1130 2196 1175 et
2227 1119 2355 1183 hoc,
2387 1121 2531 1189 quod
2593 1122 2799 1177 assidet
2836 1121 2993 1190 juxta
3037 1123 3202 1193 pedes
3255 1122 3407 1189 Jesu,
3456 1132 3514 1181 et

1922 1209 2070 1264 audit
2098 1224 2382 1266 sermones
2407 1211 2544 1280 ejus.
2587 1210 2804 1266 Etenim
2850 1227 2948 1279 per
3000 1210 3166 1282 pedes
3202 1210 3515 1281 intelligunt

1925 1301 2174 1355 virtutem
2195 1302 2520 1370 practieam;
2555 1312 2760 1356 motmn
2785 1303 2929 1356 enim
2954 1312 3004 1358 et
3030 1303 3304 1360 incessum
3326 1314 3515 1358 osten-

1922 1387 2076 1441 dunt.
2112 1389 2285 1443 Porro
2320 1389 2521 1455 sessio,
2545 1387 2823 1444 ﬁrmitatis
2869 1389 3178 1460 symbolum
3215 1397 3322 1447 est.
3355 1390 3516 1456 Quis-

1921 1480 2042 1548 quis
2077 1481 2243 1549 igitur
2273 1481 2481 1535 sederit
2502 1480 2664 1550 juxta
2697 1481 2864 1550 pedes
2890 1479 3046 1543 Jesu,
3075 1489 3129 1535 et
3155 1483 3516 1536 confirmatus

1921 1568 2090 1624 fuerit
2119 1569 2170 1624 in
2192 1570 2456 1639 practica,
2481 1585 2546 1625 ac
2577 1571 2824 1624 imitatur
2855 1571 3018 1625 vitam
3053 1581 3107 1626 et
3142 1573 3518 1628 conversatio-

1921 1678 2044 1717 nem
2085 1661 2236 1732 Jesu,
2275 1664 2366 1721 ille
2404 1675 2591 1734 postea
2635 1664 2784 1717 venit
2813 1665 2881 1719 ad
2920 1663 3165 1718 auditum
3206 1665 3512 1719 divinorum

1922 1765 2259 1818 sermonum,
2323 1752 2577 1808 videlicet
2633 1752 3156 1822 contemplationem
3217 1767 3233 1806 :
3288 1752 3413 1823 quia
3459 1763 3516 1807 et

235 1840 543 1909 πρακτικῇ,
585 1841 679 1892 καὶ
712 1840 810 1908 τὴν
839 1840 934 1893 τοῦ
987 1841 1162 1911 Ἰησοῦ
1207 1843 1434 1912 πορείαν
1475 1847 1569 1898 καὶ
1615 1846 1814 1913 διαγω-

1924 1842 2092 1898 Maria
2126 1845 2358 1913 primum
2419 1844 2596 1910 sedet,
2639 1844 2839 1900 deinde
2873 1845 3027 1900 audit
3082 1861 3386 1901 sermones.
3435 1846 3515 1901 Tu

234 1929 343 1999 γὴν
369 1931 752 2001 μιμησάμενος
785 1933 844 1986 ἐν
883 1932 1058 2006 ταύτῃ
1089 1936 1391 2005 στερεωθῇ,
1432 1937 1642 2000 ἐκεῖνος
1674 1938 1815 2006 μετὰ

235 2021 413 2074 ταῦτα
439 2021 629 2090 φθάνει
654 2025 732 2085 εἰς
759 2023 857 2094 τὴν
889 2023 1058 2095 ἀκοὴν
1085 2025 1192 2078 τῶν
1220 2025 1378 2080 θείων
1401 2026 1621 2096 λογίων,
1648 2030 1819 2100 ἦγουν

234 2113 338 2182 τὴν
376 2113 631 2182 θεωρίαν,
673 2116 826 2170 Ἐπεὶ
863 2118 959 2170 καὶ
993 2120 1026 2187 ὴ
1050 2119 1240 2189 Μαρία
1270 2119 1488 2188 πρῶτον
1518 2121 1814 2189 καθίσασα,

236 2196 342 2259 εἶδ’
366 2199 536 2272 αὖτίς
567 2203 738 2279 itaque
757 2203 866 2263 τῶν
893 2205 1086 2273 λόγων.
1116 2207 1188 2259 Σὺ
1215 2208 1417 2276 τοίνυν,
1447 2212 1508 2264 ἐί
1532 2211 1630 2280 μὲν
1656 2210 1819 2266 δύνα-

237 2316 352 2364 σαι,
380 2303 457 2364 είς
483 2303 582 2371 τὴν
608 2303 706 2369 τῆς
729 2304 947 2372 Μαρίας
977 2303 1132 2369 τάξιν
1163 2303 1418 2372 ἀνάϐηθι,
1451 2305 1616 2376 κυρία
1666 2321 1820 2374 γενο-

238 2393 382 2461 μένη
417 2393 522 2445 τῶν
563 2393 775 2459 παθῶν,
831 2397 926 2448 καὶ
955 2396 1036 2457 είς
1083 2394 1319 2465 θεωρίαν
1352 2396 1628 2463 φθάσασα.
1669 2398 1730 2449 Εί
1761 2397 1819 2450 δὲ

241 2482 319 2553 μὴ
348 2482 504 2535 τοῦτό
555 2500 636 2536 σοι
668 2484 914 2550 δυνατὸν,
964 2485 1167 2556 Μάρθα
1209 2486 1389 2552 γενοῦ,
1415 2485 1491 2555 τῷ
1530 2486 1820 2556 πρακτικῷ

241 2562 837 2645 μέρειπροσκειμένη,
874 2577 969 2629 καὶ
999 2577 1087 2630 διὰ
1120 2578 1314 2630 τούτου
1346 2579 1586 2649 Χριστὸν
1619 2581 1815 2634 ὑποδε-

237 2669 468 2736 χομένη.
505 2668 646 2738 Ὀρσ.
663 2667 718 2721 δὲ
745 2669 838 2720 καὶ
860 2670 938 2732 τὸ,
975 2688 992 2720 ι
1041 2669 1162 2739 ἥτις
1225 2671 1325 2723 οὐκ
1381 2673 1817 2743 ἀφαιρεθήσεται

240 2762 340 2812 ἀπ’
372 2760 562 2830 αὐτῆς.
614 2780 632 2812 ι
674 2761 730 2814 Ὀ
764 2762 866 2831 μὲν
892 2762 997 2832 γὰρ
1047 2764 1350 2832 πρακτικὸς
1377 2762 1488 2831 ἔχει
1522 2765 1549 2816 ὃ
1583 2765 1818 2834 ἀφαιρε-

241 2856 469 2923 θήσεται
494 2856 587 2907 άπ’
626 2855 814 2919 αὐτοῦ,
844 2855 1145 2917 τουτέστιν,
1173 2855 1305 2907 αὐτό
1331 2854 1490 2907 τοῦτο
1523 2855 1621 2924 τὴν
1652 2856 1820 2925 ἀσχο-

237 2945 381 3008 λίαν,
441 2948 536 2998 καὶ
586 2948 676 3000 τὸν
727 2948 1110 3018 περισπασμός]
1147 2963 1160 2979 '
1196 2947 1525 3017 προκόπτων
1575 2947 1682 3017 γὰρ
1723 2952 1818 3000 καὶ

239 3039 460 3106 φθάνων
486 3040 564 3100 εἰς
593 3039 844 3110 θεωρίαν,
878 3040 970 3092 τοῦ
1008 3041 1400 3111 περισπασμοῦ
1430 3041 1523 3093 καὶ
1551 3042 1646 3107 τῆς
1684 3041 1818 3109 τύρ-

237 3133 342 3194 ϐης
391 3130 797 3200 ἐλευθεροῦται·
833 3131 976 3184 ὥστε
1024 3131 1338 3202 ἀφαιρεῖταί
1379 3151 1427 3184 τι
1472 3134 1565 3184 ἀπ’
1621 3133 1811 3186 αὐτοῦ.

250 3221 308 3272 'U
333 3220 389 3274 δὲ
447 3221 777 3291 θεωρητικὸς
826 3223 887 3275 οὐ
941 3223 1214 3292 στερεῖταί
1267 3241 1395 3276 ποτε
1449 3225 1548 3293 τῆς
1599 3225 1807 3293 ἀγαθῆς

1924 1937 2089 2008 igitur
2116 1938 2160 1991 si
2196 1936 2418 2007 quidem
2448 1945 2624 2005 potes,
2662 1937 2715 1990 in
2758 1936 3008 1991 ordinem
3036 1936 3220 1990 Maria:
3259 1939 3514 2002 ascende,

1923 2037 1976 2080 et
2007 2028 2104 2083 llas
2134 2028 2369 2082 domina»
2391 2027 2762 2094 affectionem,
2794 2037 2848 2082 et
2889 2030 2956 2082 ad
2997 2029 3512 2099 contemplationem

1925 2121 2166 2174 veniens.
2203 2121 2268 2173 At
2301 2121 2343 2174 si
2383 2122 2485 2174 hoc
2516 2121 2610 2174 tibi
2645 2136 2753 2174 non
2792 2118 3257 2192 fueritpossibile,
3299 2122 3512 2177 Martha

1923 2221 2060 2275 esto,
2095 2211 2351 2280 practieae
2387 2213 2531 2282 parti
2561 2210 2837 2275 addictus,
2870 2223 2923 2264 et
2947 2227 3044 2279 per
3092 2212 3195 2267 hoc
3236 2213 3514 2268 Christum

1924 2304 2248 2372 suscipiens.
2288 2301 2423 2356 Vide
2447 2311 2625 2356 autem
2660 2303 2762 2356 hoc
2797 2321 2809 2356 :
2849 2323 2866 2354 ι
2909 2303 3040 2369 Quae
3072 2319 3177 2357 non
3232 2303 3514 2360 auferetur

1924 2399 1990 2450 ab
2022 2412 2107 2451 ea.
2155 2415 2172 2448 ι
2212 2395 2498 2450 Practicus
2530 2397 2674 2449 enim
2710 2397 2875 2450 habet
2915 2396 3061 2465 quod
3103 2413 3131 2449 a
3183 2411 3243 2451 se
3298 2397 3517 2452 aufera-

1926 2498 2033 2554 tur,
2069 2489 2173 2542 hoe
2200 2498 2303 2551 est,
2338 2488 2750 2541 distractionem
2775 2497 2827 2540 et
2851 2488 3261 2554 occupationem
3294 2504 3309 2543 :
3340 2488 3506 2558 proli-

1925 2581 2118 2636 cicndo
2144 2581 2287 2635 enim
2318 2579 2464 2634 venit
2489 2582 2554 2632 ad
2585 2581 3120 2649 contemplationem,
3142 2581 3517 2650 liberaturque

1926 2692 1953 2726 a
1992 2674 2298 2729 turbatione
2329 2682 2382 2727 et
2425 2671 2802 2736 distractione,
2829 2681 2876 2726 et
2903 2673 2972 2725 ita
3004 2672 3285 2726 auferetur
3307 2673 3514 2742 aliquid

1926 2768 1992 2820 ab
2020 2781 2104 2820 eo.
2138 2764 2554 2833 Contemplator
2608 2779 2738 2819 vero
2793 2779 2900 2818 non
2953 2764 3198 2833 privatur
3231 2767 3334 2819 hac
3376 2766 3518 2820 bona

1927 2866 2100 2924 parte,
2132 2855 2593 2926 contemplatione
2620 2856 2855 2912 scilicet.
2897 2855 2952 2909 In
2985 2853 3129 2927 quod
3162 2857 3310 2912 enim
3337 2859 3515 2928 majus

1925 2951 2072 3003 aliud
2113 2949 2419 3018 proliceret,
2461 2950 2553 3003 ubi
2586 2950 2642 3004 in
2688 2950 2788 3004 hoc
2834 2951 3046 3004 venerit
3086 2949 3390 3020 fastigium,
3433 2951 3516 3005 di-

1926 3042 2102 3094 \inattt
2141 3043 2260 3096 dico
2321 3041 2610 3104 visionem,
2650 3042 2698 3094 id
2734 3041 2878 3109 quod
2942 3051 3025 3094 est
3073 3041 3361 3096 deificari?
3407 3040 3514 3108 Qui

1925 3133 2066 3185 enim
2097 3132 2188 3185 Dei
2211 3133 2476 3186 visionem
2514 3131 2679 3203 353
2738 3133 3073 3201 assequitur,
3128 3133 3270 3188 Deus
3314 3132 3394 3188 ﬁt.
3432 3133 3520 3188 Si-

1923 3225 2048 3278 mile
2075 3225 2216 3278 enim
2245 3225 2406 3279 simili
2447 3224 2946 3292 comprehenditur.

235 3298 441 3384 τέῦτης
469 3315 702 3386 μερίδος,
737 3317 882 3385 λέγω
903 3317 965 3388 δὴ
989 3318 1088 3387 τῆς
1112 3317 1368 3388 θεωρίας.
1403 3316 1496 3380 Εἰς
1525 3319 1632 3387 γὰρ
1667 3320 1818 3370 ποῖον
1860 3317 1990 3373 ἄλλο
2033 3317 2217 3387 μεῖζον
2251 3317 2542 3386 προκόψει,
2614 3316 2829 3384 φθάσας
2900 3319 2980 3380 είς
3025 3317 3159 3370 αὐτὸ
3187 3320 3248 3371 τὸ
3269 3319 3513 3390 ἀκρότα-

236 3427 350 3474 τον,
384 3410 527 3476 λέγω
550 3411 613 3481 δὴ
640 3411 698 3463 τὸ
737 3412 868 3464 Θεὸν
898 3412 1137 3480 βλέπειν,
1171 3413 1306 3481 ὅπερ
1351 3412 1469 3463 ἔστι
1538 3410 1954 3480 οεουργείσθαι;
1996 3409 2056 3464 '0
2091 3410 2200 3477 γὰρ
2271 3410 2404 3462 Θεὸν
2477 3409 2699 3479 βλέπειν
2760 3407 3013 3474 ἀξιωθεὶς
3039 3450 3055 3476 ,
3111 3412 3232 3475 θεὸς
3271 3413 3510 3482 γίνεταιο

236 3502 328 3574 Τῷ
359 3506 529 3576 ὁμοίῳ
553 3506 662 3576 γάρ
686 3507 746 3559 τὸ
778 3508 960 3577 ὅμοιον
987 3507 1490 3576 καταλαμϐάνεται.

837 3650 1089 3704 ΚΕΦΑΛ.
1115 3648 1216 3704 IA'.

2540 3649 2772 3706 CAPUT
2820 3649 2912 3704 XI.

239 3757 382 3825 Περὶ
434 3758 806 3833 προσευχῆς·ζ
853 3761 989 3833 Περὶ
1047 3761 1170 3833 τοῦς,
1209 3763 1460 3828 ἔχοντος
1509 3764 1814 3833 δαιμόνιον

1924 3758 2292 3833 De_oratioue.
2323 3761 2398 3812 De
2424 3775 2484 3812 eo
2520 3761 2610 3828 qui
2635 3761 2858 3833 habebat
2912 3761 3516 3833 dwmouium_sunlum.

309 3831 532 3903 κωφόν.
562 3831 698 3903 Περὶ
718 3829 844 3903 ’τῆς
867 3831 977 3903 ex;
996 3832 1102 3884 τοῦ
1139 3831 1328 3899 ὄχλου
1353 3829 1674 3903 ἐπαράσὴς
1701 3853 1820 3903 φω-

308 3898 449 3972 ιςνήν.
481 3900 618 3965 Περὶ
670 3899 788 3972 ab?
815 3901 1142 3972 αἱτορκτων
1177 3898 1483 3970 σημεῖον(
1519 3898 1661 3972 Περί
1701 3898 1818 3958 ’τοῦ

306 3971 636 4043 Φαρισαίου
668 3970 773 4023 τοῦ
794 3969 1336 4043 Ακανξέσαντος-τόν
1370 3969 1640 4041 Ἰησοῦίκ
1673 3972 1818 4043 Περῖ

306 4037 416 4091 τοῦ
444 4039 821 4108 ialm-tapeti
856 4038 974 4093 τῶν
1002 4041 1286 4110 νομικῶν.

311 4170 329 4201 ι
366 4151 479 4206 Καὶ
532 4151 768 4219 ἐγένετο,
817 4155 875 4206 ἐν
918 4153 996 4223 τῷ
1041 4149 1181 4206 εἶναι
1225 4155 1390 4208 αὐτὸν
1430 4157 1488 4208 ὲν
1527 4156 1676 4226 τόπῳ
1709 4157 1819 4210 τινὶ

233 4245 672 4314 προσευχόμενον
697 4283 712 4308 ,
743 4243 816 4306 ὡς
845 4244 1156 4310 ἐπαύσατο,
1198 4240 1321 4298 εῐπέ
1364 4263 1448 4309 τις
1496 4245 1607 4300 τῶν
1639 4248 1820 4320 μαθη-

229 4336 342 4390 τῶν
373 4334 538 4390 αὐτοῦ
560 4335 695 4405 πρὸς
727 4336 890 4390 αὐτόν
914 4351 930 4365 ⁸
955 4336 1154 4406 Κύριε,
1175 4336 1386 4401 δίδαξον
1410 4339 1558 4408 ἡμᾶς
1585 4340 1820 4409 προσεύ-

229 4428 447 4499 χεσθαι,
484 4426 662 4491 καθὼς
704 4427 799 4482 καὶ
854 4429 1110 4499 Ἰωάννης
1141 4429 1349 4493 ἐδίδαξε
1407 4429 1530 4491 τοὺς
1567 4431 1817 4501 μαθητὰς

229 4520 423 4575 αὐτοῦ.
450 4517 584 4581 Eius
613 4520 672 4572 δὲ
694 4521 876 4582 αὐτοῖς
901 4537 914 4550 ο
947 4519 1116 4572 Ὂταν
1144 4518 1544 4588 προσεύχησθε,
1579 4519 1769 4587 λέγετε
1795 4535 1810 4549 ·

229 4611 418 4682 Πάτερ
437 4610 617 4682 ἡμῶν,
644 4612 673 4663 ό
699 4613 756 4664 ὲν
780 4615 894 4674 τοῖς
914 4597 1187 4679 οὐρανοῖς,
1208 4610 1528 4681 ἁγιασθήτω
1559 4609 1620 4663 τὸ
1643 4610 1815 4681 ὄνομά

231 4722 355 4768 σου,
394 4704 596 4757 ἐλθέτω
634 4705 668 4774 ἡ
714 4703 964 4774 βασιλεία
996 4720 1112 4770 σου,
1144 4703 1433 4774 γενηθήτω
1485 4702 1546 4755 τὸ
1599 4703 1814 4773 θέλημά

231 4815 351 4860 σου,
388 4798 464 4862 ὡς
516 4800 575 4849 ἐν
622 4797 857 4868 οὐρανῷ,
915 4797 1010 4850 καὶ
1065 4799 1158 4850 ἐπὶ
1192 4798 1290 4866 τῆς
1349 4799 1469 4866 γῆς,
1523 4797 1614 4850 τὸν
1646 4797 1811 4866 ἄρτον

229 4888 392 4959 ἡμῶν
419 4889 511 4941 τὸν
537 4889 818 4941 ἐπιούσιον
847 4888 989 4941 δίδου
1019 4889 1153 4958 ἡμῖν
1186 4887 1246 4940 τὸ
1277 4889 1400 4940 καθ’
1440 4888 1678 4958 ἡμέραν,
1712 4887 1811 4941 καὶ

225 4979 366 5047 ἄφες
389 4979 522 5050 ἡμῖν
543 4978 641 5042 τὰς
658 4980 931 5050 ἁμαρτίας
953 4980 1136 5048 ἡμῶν,
1161 4980 1254 5032 καὶ
1273 4979 1382 5048 γὰρ
1401 4980 1554 5031 αὐτοὶ
1578 4980 1812 5048 ἀφίεμεν

227 5073 398 5125 παντὶ
440 5070 892 5140 όφείλοντιὴμϊν,
938 5073 1032 5125 καὶ
1080 5071 1157 5141 μὴ
1188 5070 1508 5143 εἰσενέγκῃς
1536 5072 1686 5141 ἡμᾶς
1730 5071 1811 5134 εἰς

226 5165 560 5236 πειρασμὸν,
617 5165 754 5218 ἀλλὰ
801 5165 964 5236 ῥῦσαι
1011 5165 1160 5233 ἡμᾶς
1197 5164 1305 5217 ἀπὸ
1342 5165 1437 5217 τοῦ
1472 5164 1730 5233 πονηροῦ.
1788 5183 1804 5214 ι

225 5258 446 5328 Ζηλοῖό
473 5257 724 5328 μαθητὴς
756 5258 995 5328 Χριστοῦ
1053 5259 1181 5320 τοὺς
1240 5257 1488 5327 μαθητὰς
1534 5255 1808 5321 Ἰωάννου,

223 5351 307 5403 διδ
341 5352 436 5403 καὶ
474 5351 630 5418 ζητεῖ
656 5349 971 5420 διδαχθῆναι
997 5351 1198 5418 τρόπον
1223 5353 1556 5420 προσευχῆς.
1599 5348 1658 5401 '0
1679 5349 1810 5416 γοῦν

228 5441 432 5512 Σωτὴρ
472 5441 736 5508 διδάσκει,
773 5443 847 5513 μὴ
881 5443 1280 5513 παρωσάμενος
1330 5442 1428 5511 τὴν
1453 5441 1679 5506 ἀξίωσιν
1713 5440 1806 5494 τοῦ

228 5534 502 5606 μαθητοῦ.
544 5537 731 5606 Πάτερ
769 5535 952 5606 ἡμῶν,
984 5535 1172 5606 φησὶν,
1209 5539 1237 5589 ό
1267 5536 1327 5589 ὲν
1364 5538 1479 5598 τοῖς
1531 5535 1805 5606 οὐρανοῖς.

226 5627 372 5696 Ὅρα
393 5626 494 5694 τὴν
532 5628 634 5692 τῆς
660 5627 827 5695 εὐχῆς
854 5624 1110 5697 δύναμιν.
1142 5626 1323 5690 Εὐθὺς
1357 5627 1470 5681 ἀνω
1495 5644 1554 5680 σε
1581 5627 1801 5695 ἀνάγει,

227 5720 323 5771 καὶ
353 5719 532 5771 πείθει
561 5736 645 5786 σε,
676 5719 862 5788 ἐπειδὴ
918 5719 1206 5788 ὀνομάζεις
1262 5722 1472 5788 πατέρα
1513 5721 1605 5772 τὸν
1651 5719 1802 5782 Θεὸν,

229 5812 302 5879 μὴ
335 5811 507 5874 πάντη
534 5812 630 5873 τῆς
657 5809 971 5873 ὁμοιότητος
1007 5811 1396 5865 ἅτ.ο>.εἰπεσἿα-.
1424 5851 1436 5871 ,
1467 5811 1597 5863 ἀλλὰ
1636 5827 1803 5862 σπου-

1996 3831 2068 3884 De
2095 3831 2312 3883 muliere
2341 3846 2458 3896 qua:
2489 3846 2660 3883 vorent
2694 3831 2757 3883 de
2785 3836 2939 3884 turba
2986 3831 3196 3886 extulit.
3231 3829 3309 3883 De
3340 3842 3515 3893 peten-

1994 3901 2133 3970 tibus
2163 3903 2392 3969 signum.
2437 3899 2510 3953 De
2561 3899 2839 3954 Plurima
2887 3901 3264 3970 interpellante
3304 3901 3513 3956 Jesum.

1993 3969 2070 4025 De
2105 3971 2323 4024 miseria
2349 3970 2794 4039 legisperitorum.

1996 4156 2157 4213 Vens.
2190 4157 2305 4211 1-4.
2347 4175 2365 4208 ι
2399 4154 2465 4210 Et
2498 4155 2698 4210 factum
2731 4163 2816 4209 est
2867 4170 2989 4207 cum
3038 4165 3224 4209 oraret
3263 4155 3500 4223 quodam

1921 4250 1973 4304 in
2007 4251 2142 4316 loco,
2202 4260 2258 4304 ut
2285 4248 2545 4312 cessavit,
2577 4247 2712 4301 dixit
2740 4246 2961 4314 quidam
2992 4260 3056 4299 ex
3090 4245 3374 4313 discipulis
3399 4245 3516 4313 ejus

1920 4342 1986 4395 ad
2018 4355 2140 4395 eum
2179 4359 2191 4394 :
2224 4339 2478 4402 Domine,
2506 4339 2644 4393 doce
2683 4352 2781 4391 nos
2834 4351 3026 4401 orare,
3084 4338 3229 4390 sicut
3273 4334 3514 4391 Joannes

1919 4432 2105 4487 docuit
2134 4432 2433 4500 discipulos
2465 4444 2615 4485 suos.
2649 4428 2710 4482 Et
2740 4430 2817 4482 ait
2844 4429 2950 4481 illis
2985 4446 2997 4481 :
3038 4429 3173 4482 Cum
3207 4428 3400 4492 oratis,
3431 4427 3514 4482 di-

1847 4503 1890 4556 Ῑ)
1919 4524 2024 4579 cite
2062 4542 2075 4577 :
2108 4521 2272 4576 Pater
2303 4532 2510 4587 noster,
2558 4520 2650 4590 qui
2699 4534 2759 4575 es
2808 4519 2860 4572 in
2905 4516 3094 4582 cretis,
3136 4516 3513 4572 sanetilicetur

1920 4628 2120 4670 nomen
2180 4625 2363 4680 tuum;
2398 4615 2581 4667 veniat
2628 4626 2856 4680 regnum
2913 4619 3094 4675 tuum;
3133 4609 3227 4662 liat
3261 4607 3514 4665 voluntas

1922 4716 2031 4768 tua,
2066 4704 2523 4773 quemadmodum
2557 4703 2614 4757 in
2666 4701 2829 4764 coelo,
2891 4704 2971 4756 sie
3005 4702 3168 4755 etiam
3213 4701 3266 4755 in
3320 4709 3510 4768 terra;

1918 4812 2114 4867 panem
2151 4807 2395 4850 nostrum
2426 4791 2810 4862 quotidianum
2834 4792 2900 4846 da
2935 4793 3092 4847 nobis
3121 4791 3365 4861 quotidie
3398 4808 3412 4856 ;
3456 4802 3514 4846 et

1921 4890 2140 4944 remitte
2181 4889 2339 4943 nobis
2372 4898 2598 4955 peccata
2636 4894 2843 4948 nostra,
2893 4886 3168 4954 siquidem
3211 4894 3265 4938 et
3297 4899 3396 4938 nos
3425 4899 3513 4938 re-

1920 4981 2188 5035 mittimus
2231 4980 2378 5034 omni
2429 4978 2648 5034 debenti
2695 4977 2873 5032 nobis.
2915 4977 2979 5029 Et
3023 4992 3090 5032 ne
3151 4991 3248 5030 nos
3285 4976 3512 5032 inducas

1922 5075 1976 5129 in
2009 5073 2389 5135 tentationem,
2416 5071 2508 5126 sed
2545 5069 2715 5125 libera
2753 5084 2852 5124 nos
2910 5085 2939 5122 a
2983 5069 3146 5122 malo.
3182 5087 3202 5120 ι
3261 5067 3511 5122 imitatur

1916 5166 2218 5232 discipulus
2248 5165 2452 5218 Christi
2504 5162 2802 5232 discipulos
2840 5161 3070 5216 Joannis
3130 5179 3144 5214 :
3207 5160 3411 5216 ideirco
3449 5171 3507 5218 et

1921 5259 2116 5328 quzerit
2141 5269 2192 5309 ut
2229 5258 2488 5310 doceatur
2521 5257 2743 5309 modum
2796 5254 3080 5309 orationis.
3127 5253 3382 5308 Salvator
3411 5269 3508 5307 an.

1923 5359 2053 5411 tem,
2091 5362 2195 5400 non
2235 5347 2446 5415 repulsa
2475 5344 2725 5414 discipuli
2759 5358 2943 5412 prece,
2984 5346 3140 5398 docet
3175 5362 3187 5398 :
3219 5343 3382 5398 Pater
3409 5360 3505 5398 no-

1914 5447 2049 5500 ster,
2085 5437 2283 5507 inquit,
2323 5437 2414 5505 qui
2461 5449 2519 5490 es
2552 5435 2605 5489 iu
2633 5434 2805 5488 cmlis.
2848 5433 2982 5488 Vide
3041 5434 3308 5488 orationis
3372 5434 3503 5486 vim.

1919 5528 2112 5584 Statim
2137 5545 2352 5584 sursum
2377 5541 2428 5582 te
2453 5529 2602 5581 ducit
2626 5568 2640 5592 ,
2666 5527 2873 5596 tibique
2904 5526 3216 5596 persuadet,
3245 5526 3502 5593 quoniam

1914 5625 2168 5677 nominas
2213 5622 2383 5678 Deum
2437 5632 2689 5691 patrem,
2743 5634 2814 5673 ne
2864 5622 3092 5672 omnino
3143 5617 3503 5673 similitudine

1913 5717 2031 5784 ejus
2065 5730 2299 5780 careas;
2352 5713 2445 5769 sed
2501 5712 2731 5767 enitaris
2773 5708 2891 5764 fieri
2936 5707 3133 5764 similis
3169 5707 3339 5762 Patri.
3387 5706 3504 5760 Non

1914 5809 2049 5861 dixit
2080 5816 2282 5868 autem,
2342 5805 2499 5860 Pater
2543 5818 2718 5867 meus,
2778 5800 2899 5866 sed,
2959 5800 3119 5855 Pater
3175 5808 3383 5863 noster,
3433 5797 3498 5850 ad
