4110 6332
595 405 698 468 855

1461 389 2038 452 THEOPHYLACTI
2081 383 2486 447 BULGABI/E
2526 375 2880 438 ARCHIEP.

3713 358 3830 425 856

599 513 956 572 fraternitatis
1017 522 1252 564 amorem
1287 514 1339 560 te
1383 505 1695 568 cohortans,
1735 511 1790 557 et
1833 499 2161 565 compellens

2279 495 2444 558 ἰάζειν
2463 489 2600 561 πρὸς
2631 487 2718 540 τὸν
2751 481 2970 551 Πατέρα
2993 475 3389 547 ἐξομοιοῦσθαι.
3436 473 3551 528 Οὐκ
3591 464 3716 524 εἶπε
3754 471 3832 536 δὲ,

599 614 786 652 munes
823 596 1043 662 diligere
1093 603 1346 659 tanquam
1387 603 1704 644 communes
1730 587 1947 639 fratres.
1992 583 2158 638 Porro

601 707 720 742 cum
754 687 904 746 dixit,
946 685 996 737 in
1028 681 1200 746 cadis,
1250 697 1354 736 non
1399 681 1560 734 Deum
1596 680 1703 733 illic
1737 676 2158 740 circumscribit,

602 783 690 831 sed
730 777 1026 829 auditorem
1056 775 1114 827 in
1161 770 1323 828 caelos
1351 770 1620 833 subvehit,
1653 778 1706 823 et
1741 784 1772 822 a
1802 767 2034 822 terrenis
2064 767 2160 820 ab-

602 871 766 926 ducit.
801 867 1182 922 Sanctificetur
1207 879 1334 919 vero
1361 877 1554 916 nomen
1588 870 1764 926 tuum,
1803 875 1899 931 pro
1929 874 1993 914 eo
2022 857 2162 927 quod

602 969 707 1020 ιιηι,
739 955 1090 1027 gloriﬁcetur,
1121 955 1224 1008 hoc
1251 962 1354 1016 est,
1382 953 1463 1007 fac
1484 953 1648 1006 vitam
1677 960 1914 1006 nostram
1941 953 1992 1003 in
2020 957 2160 1002 tuam

605 1063 731 1104 esse.
763 1047 1007 1118 gloriam.
1039 1029 1175 1099 Nam
1208 1046 1349 1100 sicut
1373 1059 1566 1098 nomen
1607 1043 1697 1097 Dei
1737 1052 1955 1112 propter
1990 1041 2161 1096 malos

605 1138 1028 1208 blasphematur,
1079 1137 1152 1190 ita
1192 1146 1413 1206 propter
1482 1150 1575 1189 eos
1630 1135 1719 1204 qui
1757 1136 1950 1188 bonam
2001 1142 2164 1203 agunt

604 1230 771 1283 vitam
804 1228 1156 1298 gloriﬁcatur.
1189 1225 1378 1279 Veniat
1408 1241 1628 1296 regnum
1668 1234 1837 1279 tuum.
1868 1223 2036 1277 Malus
2071 1226 2162 1278 de-

605 1329 860 1389 precatur
894 1333 1114 1386 regnum
1161 1316 1274 1380 Dei,
1324 1316 1514 1371 nolens
1546 1317 1674 1372 illud
1723 1318 1905 1370 venire
1945 1329 2164 1386 propter

606 1409 806 1480 judicia
860 1424 978 1478 quae
1033 1409 1142 1464 illic
1181 1415 1340 1461 erunt
1387 1427 1399 1463 :
1438 1408 1617 1476 justus
1645 1421 1771 1460 vero
1796 1417 1916 1461 orat
1948 1417 2003 1460 ut
2058 1409 2165 1462 cito

610 1500 809 1563 veniat,
847 1515 952 1569 quo
979 1516 1007 1554 a
1044 1499 1429 1554 lentationibus
1457 1515 1575 1567 quae
1616 1501 1704 1554 hic
1738 1510 1884 1563 sunt,
1909 1501 2164 1554 liberetur

607 1600 660 1643 et
689 1591 951 1659 quiescat.
983 1590 1105 1645 Fiat
1137 1601 1312 1644 autem
1365 1590 1610 1646 voluntas
1666 1600 1778 1653 tua.
1809 1592 2166 1661 quemadmo-

611 1683 733 1734 dum
768 1682 822 1735 In
859 1683 996 1737 cmlo
1031 1682 1098 1735 ab
1133 1681 1355 1750 angelis,
1397 1683 1468 1736 ita
1509 1689 1563 1735 et
1589 1696 1617 1735 a
1656 1681 1810 1736 nobis
1857 1681 2166 1734 hominibus

610 1787 774 1841 super
805 1771 1233 1842 terram.Angeli
1263 1771 1403 1826 enim
1456 1773 1676 1825 omnino
1726 1770 1879 1839 juxta
1919 1773 2165 1826 volunta-

2268 583 2446 651 Πάτερ
2477 596 2607 649 μου,
2656 575 2792 629 ἀλλὰ
2829 571 3010 638 Πάτερ
3046 568 3228 636 ἡμῶν,
3254 569 3335 628 εἰς
3387 563 3738 634 φιλαδελφίαν
3777 579 3833 616 σε

2261 673 2563 741 διεγείρων,
2617 670 2711 722 καὶ
2749 659 3182 728 καταναγκάζων
3221 659 3430 721 πάντας
3468 655 3714 727 ἀγαπᾷν,
3757 654 3833 717 ὠς

2264 765 2474 824 κοινοὺς
2505 759 2790 827 ἀδελφούς.
2852 757 2937 808 Ἐν
2983 756 3101 818 τοῖς
3153 752 3408 822 οὐρανοῖς
3453 749 3509 802 δὲ
3549 746 3741 811 εἰπὼν,
3773 745 3833 797 οὗ

2264 854 2596 924 περιγράφει
2624 852 2742 903 ὲκεῖ
2772 849 2861 901 τὸν
2894 846 3050 910 Θεὸν,
3093 845 3226 898 ἀλλὰ
3266 843 3357 894 τὸν
3390 838 3670 910 ἀκρεατὴν
3702 837 3836 892 ἀνά-

2264 965 2345 1014 γει
2377 947 2456 1008 είς
2495 942 2786 1015 οὐρανοὺς,
2821 939 2912 993 καὶ
2962 940 3166 1005 ἀπάγει
3228 935 3335 987 τῶν
3384 933 3608 1002 γηΐνων.
3653 931 3838 997 Ἀγιαο

2266 1039 2444 1106 σθὴτω
2469 1037 2526 1089 τὸ
2556 1034 2728 1104 ὄνομα
2750 1050 2861 1095 σου,
2895 1033 3013 1084 ἀντὶ
3054 1029 3168 1094 τοῦ,
3200 1025 3535 1095 δοξασθήτω,
3569 1022 3837 1085 τουτέστι,

2266 1129 2488 1197 ποίησον
2517 1126 2673 1197 ἡμῶν
2703 1125 2792 1178 τὸν
2825 1123 2938 1192 βίον
2970 1123 3049 1183 είς
3092 1121 3249 1183 δόξαν
3293 1115 3432 1169 εἶναι
3468 1117 3591 1186 σήν.
3629 1115 3840 1180 Ὠσπερ

2267 1219 2375 1288 γὰρ
2403 1219 2460 1270 τὸ
2495 1218 2666 1287 ὄνομα
2694 1216 2787 1267 τοῦ
2823 1213 2959 1266 Θεοῦ
2990 1211 3393 1282 βλασφημεῖται
3441 1207 3530 1260 διὰ
3579 1207 3710 1268 τοὺς
3745 1221 3844 1257 δια-

2267 1312 2416 1374 κοὺς,
2449 1308 2590 1362 οὕτω
2619 1307 2900 1371 δοξάζεται
2931 1305 3018 1358 διὰ
3047 1305 3168 1367 τοὺς
3199 1301 3404 1370 ἀγαθὸν
3446 1301 3562 1370 βίον
3593 1299 3839 1368 ἔχοντας.

2280 1402 2514 1455 Ἐλθὲτω
2546 1404 2577 1469 ἡ
2619 1399 2865 1469 βασιλεία
2904 1415 3019 1450 σου.
3081 1397 3138 1449 Ὀ
3171 1397 3270 1466 μὲν
3307 1393 3636 1463 ἁμαρτωλὸς
3667 1389 3843 1444 ἀπεύ-

2269 1513 2419 1565 χεται
2447 1496 2544 1563 τὴν
2574 1493 2850 1563 βασιλείαν
2876 1491 2969 1543 τοῦ
2996 1489 3156 1555 Θεοῦ,
3189 1488 3262 1558 μὴ
3285 1487 3612 1558 βουλόμενος
3637 1483 3844 1552 ταύτην

2267 1584 2460 1646 ἐλθεῖν,
2487 1584 2572 1636 διὰ
2599 1584 2666 1635 τὰ
2692 1584 2806 1635 ἐκεῖ
2825 1581 3202 1648 δικαιωτήρια.
3242 1579 3299 1630 Ὁ
3319 1579 3372 1630 δὲ
3391 1578 3593 1637 δίκαιος
3617 1575 3844 1627 τούναν-

2265 1675 2377 1727 τίον
2408 1676 2591 1743 τάχιον
2612 1673 2781 1743 αὐτὴν
2811 1673 2984 1724 ἐλθεῖν
3011 1671 3253 1742 εὔχεται,
3305 1671 3376 1732 ὠς
3415 1671 3478 1723 ἂν
3504 1666 3844 1734 ἀπαλλαγεὶς

2265 1768 2374 1818 τῶν
2397 1765 2629 1818 ἐνταῦθα
2666 1763 3056 1833 πειρατηρίων,
3088 1761 3486 1830 ἀναπαύσηται.
3515 1757 3766 1810 Γενέσθω
3787 1757 3842 1809 δὲ

614 1835 718 1915 tein
747 1863 836 1915 Dei
873 1835 1184 1932 operantur.
1217 1861 1378 1917 Docet
1404 1877 1617 1932 quoque
1665 1835 2038 1931 quotidianum
2073 1879 2165 1932 p.1-

2279 1862 2358 1912 νιαὶ
2375 1860 2432 1910 τδ
2451 1857 2659 1926 θέλημά
2674 1874 2788 1918 σου,
2807 1856 2996 1924 ὥσπερ
3014 1859 3068 1907 ὲν
3091 1853 3304 1923 οὐρανῷ
3326 1855 3429 1905 ὑπὸ
3447 1853 3554 1906 τῶν
3571 1851 3844 1920 ἀγγέλων,

612 1967 732 2004 nem
768 1952 939 2006 solum
971 1955 1341 2022 quaerendum,
1383 1951 1486 2007 hoc
1515 1961 1618 2016 est,
1643 1967 1763 2006 eum
1798 1954 1886 2022 qui
1921 1955 2166 2008 substan-

610 2047 696 2096 ti.e
727 2053 924 2097 nostra:
946 2054 998 2098 et
1025 2046 1144 2099 vita:
1175 2045 1557 2099 conservanda:
1582 2045 1835 2101 conducit
1874 2062 1888 2098 :
1933 2060 2039 2100 non
2079 2061 2168 2099 su-

610 2135 894 2204 perﬂuum,
929 2139 1021 2192 sed
1057 2141 1442 2192 necessarium.
1496 2135 1664 2191 Porro
1705 2152 1811 2193 non
1856 2137 2060 2192 intrare
2112 2137 2168 2191 in

612 2231 955 2294 tentationes,
990 2228 1386 2297 signiﬁcatnon
1441 2237 1642 2283 temere
1703 2229 2086 2297 prosiliendum
2116 2229 2167 2282 in

613 2322 956 2375 tentationes.
995 2321 1178 2389 Neque
1208 2320 1348 2375 enim
1381 2336 1537 2374 orare
1579 2320 1835 2375 debemus
1877 2319 2064 2382 Deum,
2115 2328 2172 2372 ut

614 2413 868 2464 immittat
901 2416 951 2465 in
979 2428 1074 2465 nos
1105 2413 1488 2474 teutationem,
1520 2412 1612 2465 sed
1653 2412 2000 2477 deprecanda:
2022 2419 2168 2472 sunt,

611 2512 664 2555 et
693 2503 739 2556 si
772 2501 924 2556 nobis
957 2501 1274 2566 acciderint,
1315 2500 1548 2556 ferenda:
1578 2502 1813 2555 fortiter.
1849 2500 2036 2554 Dicere
2070 2515 2168 2552 an-

617 2609 719 2648 tem
751 2609 1058 2665 possumus,
1085 2595 1224 2662 quod
1270 2595 1375 2648 duo
1430 2595 1541 2648 sint
1571 2592 1734 2665 354
1761 2607 1956 2662 genera
2000 2602 2172 2646 tenta-

613 2686 842 2740 tionum.
886 2685 1017 2740 Alia:
1053 2687 1196 2740 enim
1249 2696 1374 2739 sunt
1422 2686 1759 2749 voluntariae,
1814 2695 1871 2740 ut
1916 2685 2172 2746 ebrietas,

615 2777 984 2841 homicidium,
1013 2777 1355 2841 adulterium,
1386 2777 1610 2846 aliaeque
1637 2777 1948 2831 affectiones
1981 2795 1993 2830 :
2029 2777 2175 2830 hisce

616 2870 760 2924 enim
796 2870 1179 2925 teutationibus
1225 2878 1414 2939 sponte
1447 2885 1542 2924 nos
1596 2871 1982 2925 submittimus.
2026 2871 2176 2925 Invo-

615 2962 868 3014 luntaria:
921 2977 1046 3018 vero
1095 2971 1240 3026 sunt,
1278 2963 1471 3029 quibus
1529 2963 1737 3030 tyranni
1780 2973 1833 3016 et
1885 2964 2172 3018 validiores

617 3066 714 3105 nos
741 3051 1058 3118 subjiciunt.
1103 3053 1268 3120 Igitur
1309 3068 1338 3104 a
1397 3052 1715 3106 voluntariis
1761 3053 2170 3114 tentationibns,

2268 1951 2409 2004 οὕτω
2433 1949 2655 2018 καιὺφ⁹
2680 1949 2836 2018 ἡμῶν
2859 1948 2966 2000 τῶν
3000 1944 3305 2015 ἀνθρώπων
3346 1944 3441 1997 ἐπὶ
3480 1945 3579 2013 τῆς
3618 1945 3744 2011 γῆς.
3769 1942 3834 1992 Ol

2269 2040 2376 2107 γὰρ
2404 2039 2627 2105 ἄγγελοι
2660 2039 2859 2099 πάντες
2885 2038 3023 2090 κατὰ
3056 2037 3116 2087 τὸ
3146 2035 3238 2088 τοῦ
3260 2033 3402 2086 Θεοῦ
3424 2033 3638 2102 θέλημα
3665 2031 3844 2085 πάντα

2271 2129 2572 2199 ἐνεργοῦσι.
2609 2129 2861 2183 Διδάσκει
2909 2128 2964 2180 δὲ
3002 2128 3092 2180 τὸν
3136 2125 3408 2178 ἐπιούσιον
3442 2124 3605 2195 ἄρτον
3659 2125 3844 2194 ζητεῖν

2275 2223 2454 2292 μόνον,
2501 2224 2770 2282 τουτέστι,
2828 2221 2920 2274 τὸν
2972 2221 3063 2272 ἐπὶ
3108 2221 3172 2288 τῇ
3227 2219 3386 2289 οὐσία
3415 2217 3594 2288 ἡμῶν,
3643 2216 3739 2269 καὶ
3774 2218 3840 2286 τῇ

2275 2313 2530 2365 συστάσει
2562 2313 2659 2380 τῆς
2686 2311 2830 2378 ζωῆς
2860 2311 3300 2379 συμϐαλλόμενον
3323 2327 3334 2338 ·
3378 2311 3438 2360 ού
3469 2307 3560 2361 τὸν
3590 2307 3846 2377 περιττὸν

2272 2406 2510 2467 πάντως,
2547 2403 2682 2456 ἀλλὰ
2713 2404 2800 2455 τὸν
2824 2403 3138 2468 ἀναγκαῖον.
3170 2402 3242 2452 Τὸ
3271 2402 3347 2460 δὲ,
3380 2399 3453 2469 μὴ
3475 2400 3739 2451 εἰσελθεῖν
3765 2400 3845 2459 είς

2273 2496 2600 2566 πειρασμὸν,
2632 2498 2692 2548 τὸ
2733 2497 2806 2565 μὴ
2838 2495 3111 2564 ὲπιπηδᾷν
3142 2497 3253 2556 τοῖς
3279 2496 3608 2562 πειρασμοῖς
3639 2494 3842 2562 σημαίο

2273 2607 2372 2642 νει.
2417 2592 2491 2640 0'.)
2545 2589 2652 2657 γὰρ
2697 2589 2776 2640 δεῖ
2819 2589 2964 2658 ἡμᾶς
3013 2588 3355 2654 παρακαλεῖν
3415 2588 3504 2638 τον
3555 2586 3714 2644 Θεὸν.
3757 2586 3843 2638 [va

2275 2685 2420 2752 ἡμᾶς
2447 2686 2526 2744 εἰς
2559 2683 2862 2752 πειρασμὸν
2911 2682 3158 2753 ἐμϐάλῃ,
3198 2683 3310 2734 ἀλλ’
3362 2681 3698 2751 ἀπεύχεσθαι
3746 2680 3846 2749 μὲν

2274 2777 2430 2829 τοῦτο
2464 2793 2479 2807 ·
2527 2776 2665 2829 ἔπᾶιν
2711 2775 2766 2828 δὲ
2818 2774 2967 2846 ἔλθῃ,
3016 2774 3278 2841 γενναίως
3333 2774 3538 2843 φέρειν.
3599 2775 3756 2826 Ἐστι
3788 2772 3843 2824 δὲ

2276 2873 2474 2936 εἰπεῖν,
2508 2871 2588 2922 ὅτι
2619 2869 2798 2926 διττὸν
2828 2869 2888 2920 τὸ
2919 2865 3056 2930 εἶδος
3090 2869 3200 2919 τῶν
3237 2867 3580 2938 πειρασμῶν.
3645 2869 3709 2920 Οἱ
3746 2868 3844 2936 μὲν

2277 2965 2383 3032 γὰρ
2412 2962 2686 3016 ἑκούσιοι·
2721 2959 2832 3015 οἷον
2877 2963 3038 3030 μέθη,
3076 2967 3254 3029 φόνος,
3293 2964 3526 3032 μοιχεία,
3555 2963 3650 3016 καὶ
3679 2964 3844 3016 τᾶλλα

2279 3056 2424 3122 παθη
2448 3073 2462 3087 ·
2499 3055 2709 3115 τούτοις
2738 3054 2846 3123 γὰρ
2877 3057 2988 3115 τοῖς
3019 3058 3343 3124 πειρασμοῖς
3378 3057 3595 3116 ἑκόντες
3618 3057 3848 3118 ἑαυτοὺς

616 3144 720 3198 hoc
769 3152 850 3198 est
879 3144 1279 3231 aﬂ‘ectionibus'
1332 3143 1518 3213 fugere
1576 3160 1672 3198 nos
1727 3156 1958 3214 oportet,
2006 3158 2056 3200 et
2083 3162 2173 3199 eas

2281 3148 2723 3216 ὑπεμόἀλλομεν.
2766 3145 3032 3200 Ἀκούσιοι
3071 3146 3124 3198 δὲ
3178 3148 3497 3217 πειρασμοὶ,
3544 3143 3625 3210 οἷς
3656 3149 3706 3200 οί
3751 3149 3845 3202 τύ-

620 3236 927 3303 deprecari,
959 3244 1014 3288 et
1048 3235 1249 3300 dicere,
1286 3233 1363 3288 Ne
1418 3235 1639 3289 inducas
1684 3249 1799 3300 nos,
1837 3236 1937 3288 hoc
1981 3243 2080 3298 est,
2116 3252 2181 3290 ne

617 3327 896 3396 permittas
924 3341 1022 3381 nos
1057 3326 1296 3380 incidere
1325 3327 1378 3378 in
1409 3325 1779 3391 tentationem,
1812 3325 1912 3380 hoc
1951 3337 2033 3380 est
2086 3343 2184 3379 vo-

616 3416 905 3470 luntariam
933 3417 1305 3472 teutationem.
1343 3416 1446 3470 Sed
1483 3417 1648 3470 libera
1685 3432 1781 3471 nos
1831 3433 1858 3469 a
1898 3418 2058 3472 malo.
2088 3418 2184 3472 Hic

618 3512 759 3566 enim
793 3521 878 3565 est
916 3512 1006 3579 qui
1036 3520 1089 3566 et
1135 3510 1466 3566 voluntarias
1498 3519 1551 3563 et
1597 3510 1987 3564 involuutarias
2023 3510 2182 3564 infert

620 3605 967 3658 tentationes.
1022 3602 1144 3658 Ideo
1200 3603 1288 3671 qui
1340 3603 1564 3656 tentaris
1601 3601 1668 3655 ab
1722 3603 1936 3656 homine
1991 3604 2173 3656 ettim

617 3696 847 3762 pateris;
876 3711 939 3748 ne
972 3705 1130 3763 putes
1153 3693 1424 3746 hominem
1455 3707 1576 3747 esse
1609 3693 1702 3745 tibi
1733 3702 2009 3746 auctorem
2052 3703 2172 3744 tcu-

620 3785 982 3846 tationis,-sed
1014 3776 1324 3852 malignum.
1356 3783 1444 3836 Ille
1468 3783 1611 3836 enim
1642 3791 1718 3837 est
1751 3785 1839 3850 qui
1867 3783 2021 3836 fratri
2057 3800 2176 3852 pcr-

620 3877 811 3929 suadet
836 3886 893 3929 ut
927 3877 976 3929 in
1012 3887 1062 3930 te
1083 3866 1266 3929 smvizi‘t
1289 3884 1343 3928 et
1377 3875 1631 3927 insaniat.

2284 3253 2465 3304 ραννοι
2512 3237 2604 3288 καὶ
2639 3235 2802 3303 βίαιοι
2856 3235 3003 3304 ἡμᾶς
3037 3235 3450 3289 ὑποϐάλλουσιν.
3503 3238 3635 3290 Ἀπὸ
3670 3239 3846 3291 τοίνυν

2281 3328 2388 3381 τῶν
2435 3327 2697 3380 ἑκουσίων
2754 3327 3096 3398 πειρασμῶν,
3147 3329 3391 3379 τουτέστι
3456 3328 3564 3380 τῶν
3634 3330 3844 3395 παθῶν,

2282 3420 2503 3488 φεύγειν
2539 3419 2620 3472 δεῖ
2653 3421 2818 3488 ἡμᾶς,
2853 3421 2948 3470 καὶ
2975 3419 3199 3478 τούτους
3237 3419 3595 3488 ἀπεύχεσθαι,
3637 3421 3734 3473 καὶ
3763 3422 3844 3473 λέι

2281 3529 2418 3579 γειν,
2456 3513 2546 3580 Μὴ
2573 3513 2891 3580 εἰσενέγκῃς
2922 3512 3089 3580 ἡμᾶς,
3141 3513 3409 3576 τουτέστι,
3452 3512 3524 3581 μὴ
3557 3515 3846 3582 συγχωρή-

2285 3619 2382 3672 σῃς
2419 3604 2560 3670 ἡμᾶς
2587 3604 2850 3669 ἐμπεσεῖν
2892 3604 2970 3664 ιίς
2999 3601 3327 3669 πειρασμὸν,
3368 3603 3537 3672 ήγουν
3565 3603 3646 3665 εἰς
3678 3605 3850 3666 παθος

2289 3695 2555 3757 ἑκούσιον,
2580 3695 2714 3746 ἀλλὰ
2758 3695 2916 3763 ῥῦσαι
2969 3696 3117 3763 ἡμᾶς
3146 3696 3248 3747 ἀπὸ
3278 3694 3370 3747 τοῦ
3401 3713 3532 3765 πονη
3545 3695 3657 3764 ροῦ.
3687 3691 3850 3758 Οὗτος

2285 3787 2391 3854 γάρ
2437 3788 2552 3837 ἔστι
2595 3786 2686 3837 καὶ
2732 3787 2857 3848 τοὺς
2894 3785 3180 3848 ἀκουσίους
3231 3789 3325 3838 καὶ
3387 3789 3512 3848 τοὺς
3569 3787 3852 3851 ἑκουσίους

2285 3875 2624 3944 πειρασμοῦς
2653 3876 2894 3942 ἐπάγων.
2938 3876 3027 3928 Διὸ
3061 3877 3135 3944 μὴ
3166 3877 3430 3936 ἀκουσίως
3458 3877 3852 3947 πειραζόμενος

619 3967 723 4019 ὑπὸ
748 3965 1054 4036 ἀνθρώπου,
1081 3966 1266 4034 νόμιζε
1291 3964 1380 4016 τὸν
1406 3965 1692 4034 ἄνθρωπον
1722 3960 1860 4019 εἷναί
1900 3981 1981 4018 σοι
2044 3969 2217 4019 αἴτιον
2255 3965 2349 4017 τοῦ
2429 3966 2757 4035 πειρασμοῦ,
2795 3965 2929 4019 ἀλλὰ
2987 3966 3075 4018 τὸν
3135 3967 3388 4036 πονηρόν.
3452 3969 3691 4031 Ἐκεῖνος
3748 3971 3853 4039 γάρ

620 4057 1035 4114 ἔστινὸπείθων
1061 4059 1147 4109 τὸν
1182 4057 1464 4127 ἄνθρωπον
1505 4057 1643 4109 κατᾶ
1695 4057 1789 4110 σοῦ
1833 4059 2030 4129 λυττᾷν
2080 4064 2172 4112 mi.
2218 4060 2525 4129 μαίνεσθαι.

695 4150 852 4205 Vens.
883 4151 1005 4205 5-8.
1047 4169 1064 4199 ι
1101 4151 1164 4204 Et
1189 4153 1261 4203 ait
1297 4151 1400 4203 illis
1433 4167 1444 4202 :
1509 4149 1638 4215 Quis
1683 4162 1921 4205 vestrum
1959 4153 2176 4207 habebit

622 4244 880 4306 amicum,
917 4251 969 4295 et
993 4244 1089 4295 ibit
1122 4244 1185 4294 ad
1215 4242 1359 4293 illum
1396 4245 1564 4295 media
1603 4252 1778 4307 nocte,
1805 4254 1858 4297 et
1892 4246 2031 4298 dicet
2059 4247 2130 4296 illi
2164 4265 2176 4297 :

622 4341 663 4392 Α
691 4340 829 4401 uice,
862 4336 927 4390 da
959 4337 1088 4389 mihi
1121 4346 1301 4388 mutuo
1329 4345 1438 4388 tres
1473 4349 1658 4404 panes,
1689 4337 1942 4405 quoniam
1979 4339 2185 4392 amicus

625 4443 776 4482 meus
805 4429 947 4481 venit
972 4427 1035 4480 de
1061 4427 1140 4478 via
1179 4427 1242 4479 ad
1281 4439 1387 4488 me,
1429 4437 1481 4480 et
1523 4441 1625 4479 non
1653 4428 1823 4482 habeo
1848 4428 1991 4496 quod
2019 4445 2184 4496 appu-

2355 4173 2373 4204 ι
2416 4155 2523 4206 Καὶ
2554 4149 2675 4205 εἷπε
2715 4155 2846 4223 πρὸς
2877 4155 3095 4216 αὐτούς·
3133 4156 3224 4218 Τίς
3257 4156 3317 4220 ἐξ
3350 4157 3500 4225 ὑμῶν
3529 4157 3640 4222 ἕξει
3678 4161 3853 4228 φίλον,

2284 4249 2374 4297 καὶ
2408 4247 2736 4313 πορεύσεται
2777 4245 2912 4314 πρὸς
2966 4245 3128 4298 αὐτὸν
3170 4250 3548 4315 μεσονυκτίου,
3586 4255 3678 4303 καὶ
3722 4253 3853 4324 ιῐπῃ

2285 4335 2465 4403 αὐτῷ·
2513 4336 2656 4397 Φίλε,
2683 4335 2884 4404 χρῆσόν
2926 4353 3013 4403 μοι
3051 4340 3197 4405 τρεῖς
3228 4336 3447 4406 ἄρτους,
3477 4339 3666 4409 ἐπειδὴ
3700 4342 3855 4410 (pilo;

2296 4427 2628 4496 παρεγένετο
2657 4427 2716 4489 ἐξ
2735 4426 2852 4478 ὀδοῦ
2873 4426 3006 4496 πρὸς
3031 4428 3118 4498 μὲ,
3148 4428 3240 4481 καὶ
3257 4429 3356 4480 οὐκ
3372 4429 3477 4498 ἔχω
3500 4430 3528 4482 ὃ
3555 4432 3862 4502 παραθήσω

623 4538 744 4574 nam
781 4520 875 4581 illi.
907 4519 970 4573 Et
999 4519 1089 4573 ille
1119 4519 1259 4572 intus
1311 4520 1644 4588 respondens
1669 4521 1814 4576 dicat
1851 4539 1864 4573 :
1894 4521 2010 4576 Noli
2049 4525 2175 4576 mihi

2287 4519 2456 4588 αὐτῷ.
2490 4519 2749 4579 Κάκεῖ-σος
2793 4517 2994 4569 ἔσωθεν
3033 4518 3351 4588 ἀποκριθεὶς
3383 4519 3550 4591 εἴπῃ·
3621 4522 3712 4591 Μή
3768 4540 3860 4588 μοι

625 4615 886 4665 molestus
915 4625 1059 4672 esse,
1111 4610 1221 4677 jam
1263 4612 1459 4662 ostium
1501 4609 1744 4665 cI'ausum
1794 4627 1902 4678 εει,
1952 4623 2005 4668 et
2032 4619 2182 4684 pueri

627 4703 730 4755 inci
757 4715 964 4754 mecum
990 4711 1115 4752 sunt
1149 4701 1199 4750 in
1233 4702 1392 4753 cubili
1421 4719 1431 4754 :
1465 4718 1564 4754 non
1603 4717 1821 4770 possunt
1848 4721 2094 4774 surgere,
2131 4717 2184 4760 et

628 4795 756 4844 dare
803 4791 918 4844 tibi.
953 4787 1082 4843 Dico
1118 4790 1285 4853 vobis,
1316 4792 1476 4843 etiam
1507 4792 1549 4843 si
1601 4808 1704 4845 non
1755 4794 1980 4850 daturus
2015 4797 2084 4850 sit
2113 4798 2184 4851 illi

629 4897 854 4950 surgens
877 4897 939 4935 eo
969 4883 1111 4949 quod
1144 4881 1344 4933 amicus
1374 4880 1488 4948 ejus
1516 4885 1606 4943 sit.
1638 4895 1854 4953 propter
1878 4888 2189 4955 improbita-

631 4983 734 5024 tem
773 4972 1087 5039 tatnencjus
1122 4984 1330 5040 surget,
1356 4989 1417 5027 ac
1450 4975 1600 5027 dabit
1646 4976 1720 5030 illi
1773 4988 2037 5046 quotquot
2091 4982 2187 5035 ha-

630 5060 894 5126 betopus.
937 5078 954 5109 ›
987 5059 1301 5113 Parabolam
1341 5063 1553 5117 hancet
1587 5068 1890 5135 exemplum
1932 5068 2189 5124 dicitDo-

631 5149 829 5209 minus,
875 5153 1125 5204 erudiens
1198 5168 1293 5203 nos
1347 5171 1410 5206 ne
1473 5158 1708 5222 segniter
1755 5173 1994 5213 oremus.
2053 5162 2190 5227 Quid

634 5243 795 5304 igitur
827 5243 933 5294 vult
970 5245 1272 5311 parabola?
1304 5245 1527 5299 Mediam
1580 5260 1789 5302 noctem
1850 5252 2066 5319 quidem
2106 5256 2192 5306 in-

631 5336 746 5398 quit
801 5350 919 5387 esse
973 5347 1268 5389 extremum
1322 5340 1462 5404 vitaz,
1501 5343 1564 5393 ad
1615 5344 1752 5412 quod
1786 5361 1905 5398 cum
1945 5346 2192 5401 homines

632 5430 973 5493 pervenerint
1001 5444 1221 5483 sensum
1251 5431 1372 5484 boni
1421 5435 1708 5502 accipiunt,
1732 5447 1784 5489 et
1818 5437 1880 5488 ad
1918 5436 2082 5491 Deum
2113 5439 2190 5492 fe-

633 5517 870 5572 stinant:
903 5522 989 5588 qui
1018 5523 1220 5576 amicus
1265 5535 1367 5588 est,
1411 5539 1600 5579 omnes
1641 5527 1887 5594 diligens,
1919 5540 1970 5582 et
2005 5544 2194 5582 omnes

633 5610 820 5664 volens
846 5613 1022 5665 salvos
1043 5613 1177 5666 ﬁeri.
1223 5615 1389 5684 Igitur
1421 5619 1572 5670 multi
1612 5620 1875 5672 accedunt
1924 5621 1975 5674 iu
2015 5622 2191 5675 media

635 5711 810 5765 nocte,
848 5703 946 5757 hoc
992 5713 1093 5765 est,
1128 5706 1176 5757 in
1243 5716 1484 5760 extrema
1539 5708 1664 5774 vita,
1704 5710 1768 5762 ad
1805 5711 1987 5774 Deum,
2037 5721 2092 5764 ut
2125 5712 2188 5766 ad

640 5790 892 5860 amicum,
921 5805 972 5850 et
1004 5796 1186 5851 dicunt
1208 5796 1254 5852 ci
1297 5817 1307 5850 :
1345 5797 1417 5852 Da
1448 5799 1576 5854 mihi
1606 5810 1714 5854 tres
1737 5817 1918 5870 panes,
1958 5803 2056 5858 hoc
2088 5815 2190 5868 est,

2289 4612 2492 4672 κόπους
2524 4611 2752 4679 πάρεχε,
2793 4610 2894 4682 ήδη
2922 4612 2953 4678 ἡ
2990 4610 3128 4678 θύρα
3150 4611 3491 4675 κέκλεισται,
3517 4613 3612 4664 καὶ
3638 4614 3704 4667 τὰ
3737 4631 3865 4666 παι-

2290 4706 2376 4757 δία
2420 4722 2520 4774 μου
2560 4705 2676 4774 μετ’
2712 4704 2844 4772 ἐμοῦ
2882 4707 2960 4765 είς
2983 4705 3082 4773 τὴν
3119 4705 3305 4775 κοίτην
3341 4705 3498 4768 είσὶν,
3527 4709 3587 4758 ού
3621 4707 3863 4776 δύναμαι

2290 4799 2526 4859 ἀναστὰς
2557 4796 2737 4848 δοῦναί
2784 4813 2884 4850 σοι.
2944 4795 3102 4862 Λέγω
3133 4797 3282 4865 ὑμῖν,
3327 4799 3374 4849 εί
3422 4800 3517 4851 καὶ
3577 4801 3636 4852 οὑ
3699 4801 3861 4854 δώσει

2290 4890 2437 4957 αὑτῴ
2461 4890 2696 4950 ἀναστὰς
2724 4889 2810 4940 διὰ
2839 4887 2898 4938 τὸ
2937 4883 3076 4940 εἶναι
3117 4887 3282 4940 αὐτοῦ
3327 4889 3501 4956 φίλον,
3528 4889 3614 4942 διὰ
3654 4907 3716 4956 γε
3759 4894 3860 4961 τὴν

2292 4983 2564 5036 ἀναίδειαν
2592 4980 2754 5034 αὑτοῦ
2776 4980 3018 5052 ἐγερθεὶς
3043 4979 3203 5034 δώσει
3231 4981 3380 5049 αὐτῷ
3416 4983 3555 5035 ὅσων
3582 4983 3794 5053 χρῄζει.
3836 5006 3854 5036 ι

2293 5075 2618 5144 Παραὸολὴν
2669 5091 2789 5126 τινα
2840 5073 2934 5124 καὶ
2995 5073 3301 5141 ὑπόδειγμα
3349 5074 3496 5142 λέγει
3557 5076 3585 5126 ὁ
3630 5077 3858 5146 Κύριος,

2294 5168 2564 5220 παιδεύων
2617 5167 2762 5234 ἡμᾶς
2795 5166 3040 5230 ἁόκνως“
3067 5169 3488 5238 προσεύχεσθαι.
3527 5170 3590 5222 Τί
3633 5166 3725 5220 οὖν
3771 5187 3862 5239 ση-

2299 5257 2479 5326 μαίνει
2506 5259 2536 5325 ὴ
2574 5255 2858 5325 παραϐολή
2879 5274 2894 5322 ;
2918 5257 3285 5311 Μεσονύκτιον
3318 5259 3416 5326 μέν
3441 5277 3604 5326 φασιν
3635 5255 3862 5311 εἶναιτὰ

2294 5350 2493 5420 ἔσχατα
2527 5348 2618 5401 τοῦ
2640 5349 2777 5418 βίου,
2804 5350 2860 5401 ὲν
2889 5345 2968 5412 οἷς
3005 5353 3051 5402 οἱ
3093 5351 3367 5421 ἄνθρωποι
3403 5351 3682 5421 γενόμενοι
3728 5353 3864 5420 πρὸς

2298 5442 2649 5509 συναίσθησιν
2686 5443 2935 5509 ἔρχονται
2979 5442 3072 5494 τοῦ
3105 5443 3290 5507 καλοῦ,
3325 5445 3417 5497 καὶ
3470 5444 3864 5515 προστρέχουσι

2297 5533 2432 5601 θεῷ.
2479 5528 2646 5593 Οὗτος
2684 5534 2791 5602 γάρ
2823 5537 2970 5585 ἔστιν
3010 5536 3035 5585 ὁ
3065 5535 3238 5602 φίλος,
3268 5539 3294 5587 ὁ
3320 5537 3523 5599 πάντας
3553 5536 3747 5604 φιλῶν,
3769 5537 3862 5590 καὶ

2299 5625 2465 5677 θέλων
2506 5625 2764 5692 σωθῆναι.
2813 5624 3209 5694 Προσέρχονται
3241 5627 3420 5679 τοίνυν
3465 5625 3655 5679 πολλοὶ
3697 5629 3751 5679 ἐν
3785 5628 3862 5696 τῷ

2305 5718 2666 5785 μεσονυκτίῳ,
2701 5716 2973 5769 τουτέστιν
3003 5719 3058 5767 ὲν
3092 5719 3167 5786 τῷ
3198 5718 3407 5788 ἐσχάτῳ
3443 5719 3562 5789 βίῳ,
3610 5717 3688 5788 ’τῷ
3718 5719 3861 5790 Θεῷ,

2301 5808 2372 5867 ὼς
2407 5807 2561 5876 φίλῳ,
2608 5810 2699 5862 καὶ
2755 5809 2968 5876 λέγουσι
3002 5825 3011 5837 ’
3056 5811 3151 5875 Δλις
3185 5815 3328 5882 τρεῖς
3391 5813 3614 5881 ἄρτους,
3653 5813 3752 5883 τὴν
3784 5814 3864 5877 είς
