4110 6332
270 413 374 478 857
892 414 1337 476 ENARRATIO
1383 415 1458 473 lN
1500 413 1875 474 EVANGELI

1980 414 2003 475 Ῑ
2042 415 2280 478 ιυαιΕ.
2313 442 2381 453 --
2423 417 2584 480 CAP.
2623 417 2729 480 XI.
3453 413 3559 478 858

270 527 477 598 Τριάῖα
505 525 704 580 πίστιν.
750 525 904 588 Φίλος
934 527 1042 595 γὰρ
1092 525 1426 596 παρεγένετο
1496 527 1803 588 τουτέστιν,
1833 528 1861 578 6

1980 529 2128 582 lldem
2179 530 2234 584 in
2275 529 2623 587 Trinitatem.
2677 531 2901 587 Amicus
2940 526 3084 584 enim
3125 540 3282 582 meus
3315 525 3556 596 advenit,

273 619 511 689 ἄγγελος
537 620 567 672 6
605 619 706 688 τὴν
743 618 922 689 ψυχὴν
954 619 1426 690 παραλαμϐάνων.
1463 620 1622 682 ⁴1>ίλος
1668 619 1728 672 δὲ
1766 621 1860 673 καὶ

275 715 386 776 πᾶς
413 711 667 781 ἄγγελος,
695 710 840 764 καθὰ
871 711 936 782 δὴ
967 712 1059 764 καὶ
1086 713 1114 764 6
1145 710 1347 781 Κύριός
1377 727 1544 781 φησιο
1590 711 1750 780 Χαρά
1780 713 1863 780 γί-

274 821 426 857 νεται
475 806 533 856 ὲν
593 803 810 874 ούρανῷ
859 806 951 856 ἐπὶ
1005 802 1254 873 σωτηρίᾳ
1293 802 1612 869 ἀνθρώπου.
1674 803 1756 856 Τὰ
1804 804 1864 856 δὲ

276 891 470 946 παιδία
517 893 586 945 τὰ
626 893 720 945 ἐπὶ
765 894 865 966 τῆς
910 892 1098 963 κλίνης
1147 894 1566 964 ἀναπαυόμενα,
1626 896 1764 947 τισὶν
1816 898 1862 949 οἰ

279 981 630 1051 στραφέντες,
661 983 755 1036 καὶ
781 986 1068 1050 γεγονότες
1105 985 1182 1047 ὡς
1212 984 1279 1036 τά
1312 985 1526 1050 παιδία,
1560 986 1656 1038 καὶ
1685 986 1858 1055 ὴξιω·

282 1073 436 1142 μένοι
463 1071 540 1142 τῷ
572 1074 763 1144 Κυρίῳ
788 1075 1296 1130 συναναπαύεσθαι.
1352 1077 1659 1132 Ἀναίδειαν
1691 1080 1747 1132 δὲ
1781 1080 1864 1132 λέ-

276 1180 368 1230 γει
407 1165 503 1234 τὴν
563 1165 684 1234 μεθ’
727 1167 1008 1237 ὑπομονῆς
1063 1171 1470 1240 ἐπιτεταμένην
1521 1171 1862 1241 προσευχήν.

277 1255 414 1308 Νόει
452 1256 509 1308 δὲ
545 1258 639 1310 καὶ
676 1257 871 1324 ἄλλως,
919 1260 1278 1323 μεσονύκτιον
1336 1260 1459 1331 μὲν,
1517 1263 1618 1331 τὴν
1661 1262 1865 1332 ἀκμὴν,

281 1346 378 1398 καὶ
407 1346 466 1398 τὸ
519 1348 849 1417 μεσαίτατον
899 1350 1010 1404 τῶν
1051 1353 1403 1422 πειρασμῶν.
1453 1353 1570 1416 Νὺξ
1607 1354 1708 1422 μὲν
1756 1355 1868 1424 γὰρ

281 1439 393 1500 πᾶς
428 1439 755 1509 πειρασμὸς,
809 1440 1166 1509 μεσονύκτιον
1200 1444 1256 1496 δὲ
1308 1444 1528 1508 πάντως
1585 1445 1645 1498 τὸ
1700 1448 1868 1516 μέσον

280 1528 389 1581 τῶν
429 1530 766 1600 πειρασμῶν.
801 1533 970 1586 Ὅταν
1000 1533 1096 1588 οὖν
1127 1553 1210 1599 τις
1268 1540 1325 1592 ἐν
1371 1538 1556 1606 μέσοις
1588 1540 1698 1602 τοῖς
1751 1556 1871 1591 πειο

284 1625 518 1691 ρασμοῖς
573 1625 824 1693 γένηται,
877 1628 1245 1698 προσέρχεται
1298 1628 1376 1699 τῷ
1421 1630 1666 1699 φιλοῦντι
1721 1632 1869 1700 ἡμᾶς

281 1713 326 1763 Θ
361 1713 426 1780 ᾧ,
465 1716 556 1768 καὶ
582 1715 726 1783 λέγεί
751 1735 763 1747 °
802 1717 1023 1790 Χρῆσὸν
1065 1738 1158 1790 μοι
1185 1724 1333 1791 τρεῖς
1364 1723 1581 1792 ἄρτους,
1616 1723 1715 1794 τὴν
1764 1741 1871 1777 σω-

281 1807 484 1876 τηρίαν
525 1808 616 1861 τοῦ
649 1810 921 1881 σώματος,
955 1813 1049 1865 καὶ
1070 1814 1167 1882 τῆς
1197 1806 1397 1883 ψυχῆς,
1433 1815 1528 1868 καὶ
1569 1815 1665 1868 τοῦ
1707 1816 1871 1868 πνεύο

287 1916 482 1966 ματος.
524 1902 655 1954 Ἀπὸ
685 1903 794 1974 γὰρ
837 1911 946 1957 τῶν
992 1907 1319 1976 πειρασμῶν
1374 1907 1515 1970 δέος,
1549 1909 1626 1978 μὴ
1682 1910 1866 1961 κινδυ-

288 1992 457 2064 νεύσῃ
495 1993 670 2047 ταῦτα
699 1996 768 2048 τὰ
791 1997 942 2065 τρία.
985 1997 1082 2060 Τίς
1109 1998 1164 2050 δὲ
1195 1999 1222 2050 6
1273 1998 1430 2065 φίλος
1470 2001 1498 2051 6
1552 2001 1868 2069 παραγενό-

286 2101 452 2150 μενος
499 2085 558 2149 ἐξ
590 2085 745 2151 όδοῦ;
781 2081 858 2139 Ἦ
913 2087 1133 2152 πάντως
1167 2091 1194 2142 6
1239 2090 1448 2159 Κύριος
1491 2093 1516 2143 6
1561 2090 1876 2160 δοκιμάζων

285 2177 432 2246 ἡμᾶς
460 2178 518 2229 ὲν
543 2179 654 2240 τοῖς
676 2181 1025 2249 πειρασμοῖς,
1055 2182 1148 2234 καὶ
1174 2181 1346 2234 θέλων
1379 2184 1578 2250 φαγεῖν
1613 2183 1712 2252 τὴν
1745 2185 1877 2251 ἡμε-

284 2266 449 2336 τέραν
486 2267 797 2337 σωτηρίανς
831 2269 948 2322 Ούκ
988 2269 1102 2339 ἔχει
1141 2270 1198 2323 δὲ
1237 2272 1290 2324 τί
1349 2274 1662 2342 παραθήσει
1697 2272 1876 2342 τούτῳ

283 2361 312 2411 6
341 2359 400 2412 ιν
436 2360 550 2422 τοῖς
614 2363 945 2431 πειρασμοῖς
994 2363 1280 2432 ἐμπεσὼν,
1337 2364 1434 2418 καὶ
1474 2366 1719 2419 ἀσθενῶν
1779 2366 1874 2434 ἀφ’

285 2450 478 2504 ἑαυτοῦ
527 2452 844 2520 ἀντιστῆναι
897 2454 1133 2518 τούτοις,
1181 2457 1275 2511 καὶ
1309 2457 1656 2525 θεραπεῦσαι
1708 2457 1866 2511 Θεόν.

283 2539 358 2594 Τὸ
395 2543 451 2595 δὲ
492 2543 814 2612 κλεισθῆναι
857 2547 958 2616 τὴν
995 2547 1191 2616 θύραν,
1253 2549 1412 2602 τοῦτο
1460 2551 1740 2619 σημαίνει,
1792 2551 1876 2603 ὅτι

282 2635 365 2687 δεῖ
401 2635 507 2703 πρὸ
540 2635 650 2688 τῶν
681 2639 1010 2708 πειρασμῶν
1037 2641 1187 2708 ἡμᾶς
1216 2637 1357 2693 εἶναι
1401 2642 1868 2711 ἦτυ⁰ιματμένουῖν

283 2723 423 2776 ἐπὰν
459 2725 515 2777 δὲ
571 2726 930 2796 ἐμπέσωμεν,
965 2729 1278 2783 κέκλεισται
1317 2731 1348 2800 ἡ
1401 2732 1496 2798 τῆς
1554 2731 1876 2801 ὲτοιμασίας

286 2817 450 2886 θύρα,
513 2818 619 2889 καὶ.
653 2817 934 2888 ἀνέτοιμοι
997 2820 1406 2888 εὑρισκόμενοι,
1461 2823 1510 2873 εἰ
1563 2821 1639 2892 μὴ
1681 2824 1709 2874 6
1744 2823 1876 2883 Θεὸς

285 2907 570 2978 βοηθήσει,
611 2911 1072 2979 κινδυνεύσωμεν.
1107 2913 1304 2967 Παιδία
1337 2913 1414 2977 δὲ,
1458 2913 1604 2966 καθά
1657 2931 1875 2983 προαπ-

285 3001 570 3071 εδόθησαν,
600 3001 710 3056 εἷεν
737 3003 802 3057 ἂν
823 3006 872 3056 οἱ
904 3005 1189 3074 γενόμενοι
1220 3006 1326 3059 υἱοί⁸
1362 3005 1457 3058 τοῦ
1484 3005 1621 3059 Θεοῦ
1647 3007 1717 3060 δι’
1749 3009 1880 3077 ἀρε-

278 3094 405 3166 τῆς,
433 3095 528 3148 καὶ
563 3096 1005 3166 ἀνακλινόμενοι,
1054 3099 1149 3150 καὶ
1181 3098 1595 3167 ἀναπαυόμενοι
1633 3101 1691 3150 ὲν
1731 3099 1874 3168 Θεῷ.

366 3207 384 3238 ι
423 3188 592 3254 Κάγὼ
623 3189 754 3281 ύμῖν
788 3189 934 3280 λέγω
959 3203 973 3218 ⁸
1009 3189 1244 3251 Αἰτεῖτε,
1275 3189 1370 3243 καὶ
1404 3190 1690 3260 δοθήσεται
1724 3191 1872 3260 ὑμῖν,
1905 3221 1945 3281 C

285 3279 522 3347 ζητεῖτε,
559 3280 652 3332 καὶ
711 3272 1005 3351 εὑρήσετε,
1069 3281 1320 3352 κρούετε,
1381 3284 1474 3336 καὶ
1526 3286 1875 3351 ἀνοιγήσεται

283 3373 436 3440 ὑμῖν.
464 3373 578 3436 Πᾶς
609 3374 718 3442 γὰρ
751 3374 779 3426 6
810 3374 977 3428 αἰτῶν
1005 3374 1302 3442 λαμϐάνει,
1333 3375 1428 3428 καὶ
1466 3378 1494 3428 6
1524 3375 1704 3446 ζητῶν
1731 3377 1879 3446 εὑρί⁶

285 3480 429 3527 σκει,
470 3466 564 3516 καὶ
603 3463 682 3534 τῷ
717 3465 966 3535 κρούοντι
1000 3467 1370 3536 ἀνοιγήσεται.
1424 3467 1558 3521 Τίνα
1614 3467 1672 3520 δὲ
1725 3466 1879 3536 ὑμῶν

281 3556 376 3606 τὸν
407 3555 621 3624 πατέρα
651 3556 868 3625 αἰτήσει
899 3557 928 3606 6
969 3557 1082 3619 υίὸς
1118 3557 1304 3627 ἄρτον,
1343 3560 1417 3628 μὴ
1449 3557 1596 3610 λίθον
1625 3557 1880 3611 ἐπιδώσει

283 3646 470 3715 αὺτῷ;
512 3648 580 3698 'll
617 3649 710 3699 καὶ
739 3647 912 3717 ἰχθὺν,
950 3648 1025 3718 μὴ
1067 3649 1188 3702 ἀντί
1234 3649 1413 3720 ἰχθύος
1441 3649 1565 3717 ὅφιν
1615 3649 1872 3702 ἐπιδώσει

283 3735 470 3803 αὑτῶς
514 3738 583 3788 ’ίί
622 3739 714 3788 καὶ
762 3738 856 3789 ἐὰν
902 3740 1102 3809 αἰτήσῃ
1149 3739 1277 3805 ώδν,
1311 3739 1387 3810 μὴ
1420 3740 1678 3795 ἐπιδώσει
1731 3741 1881 3814 αύτῷ

284 3829 582 3897 σκορπίονς
616 3829 676 3880 Εἰ
715 3823 808 3882 οὖν
845 3829 1006 3898 ὑμεῖς
1047 3831 1278 3902 πονηροὶ
1323 3831 1667 3902 ὑπάρχοντες
1699 3834 1877 3886 οῐδατε

282 3919 497 3989 δόματα
527 3921 709 3987 ἀγαθά
734 3921 932 3976 διδόναι
961 3925 1073 3984 τοῖς
1105 3923 1317 3987 τέκνοις
1344 3924 1524 3995 ὑμῶν,
1551 3925 1706 3996 πόσῳ
1743 3923 1880 3996 μᾶλι

283 4010 377 4062 λον
406 4012 434 4061 6
469 4012 660 4080 Πατὴρ
695 4015 722 4064 6
755 4010 816 4075 ἐξ
857 4011 1091 4082 ούρανοῦ
1121 4013 1282 4067 δώσει
1329 4015 1554 4085 Πνεῦμα
1580 4017 1738 4085 ἄτιον
1768 4020 1882 4081 τοῖς

284 4099 532 4154 αἰτοῦσιν
565 4101 760 4154 αὐτόνί
791 4120 810 4153 ι
848 4102 992 4172 Ὅρα
1018 4103 1076 4156 τὸ
1113 4104 1343 4175 ἀκριϐὲς
1378 4105 1475 4174 τῆς
1515 4105 1732 4172 λέξεως.
1766 4108 1880 4160 Οὐκ

285 4191 464 4258 εἶπεν,
505 4195 586 4246 ὅτι
614 4195 942 4264 Αἰτήσασθε,
983 4196 1076 4248 καὶ
1116 4196 1422 4265 δοθήσεται,
1467 4199 1612 4266 ἀλλ’,
1644 4201 1878 4263 Αἰτεῖτε,

285 4288 407 4340 ἀντὶ
434 4286 554 4348 τοῦ,
583 4286 847 4355 διηνεκῶς
879 4287 1117 4356 ζητεῖτε.
1159 4290 1275 4352 Πᾶς
1294 4289 1402 4360 γὰρ
1423 4291 1450 4342 6
1473 4291 1642 4344 αἰτῶν
1670 4291 1882 4361 λαμὸά⁴⁵

285 4396 387 4431 νει.
425 4376 573 4449 Ἀρα
610 4375 703 4432 οὖν
746 4380 774 4432 6
824 4379 1122 4450 ἀσύμφορα
1167 4381 1331 4435 αἰτῶν
1372 4383 1678 4453 λαμϐάνει;
1719 4385 1874 4456 Οὐχί*

289 4471 507 4544 πρῶτον
540 4473 640 4541 μὲν
677 4472 786 4542 γὰρ
810 4473 843 4542 ἡ
867 4473 974 4524 τῶν
1006 4475 1344 4545 ἀσυμφόρων
1391 4476 1608 4544 αἴτησις
1639 4477 1763 4529 οὐδὲ
1793 4478 1881 4530 αῖ-

1967 620 2069 676 hoc
2094 627 2200 684 est,
2239 623 2468 692 angelus
2503 623 2598 692 qui
2628 624 2866 677 animam
2905 619 3154 679 assumit.
3198 617 3424 672 Amicus
3455 633 3556 670 au-

1969 721 2074 768 tem
2105 722 2190 768 est
2217 715 2393 768 omnis
2416 715 2664 786 angelus,
2699 715 2842 770 sicut
2873 725 2927 770 et
2961 711 3223 768 Dominus
3251 709 3392 765 dixit
3415 707 3559 778 quod

1967 805 2223 873 gaudium
2294 806 2500 861 factum
2551 817 2633 862 est
2685 809 2737 862 in
2774 808 2918 864 cmlo
2967 808 3034 860 de
3076 804 3250 860 salute
3299 800 3541 856 hominis

1967 896 2127 952 Pueri
2185 907 2371 952 autem
2410 900 2501 967 qui
2545 901 2598 954 in
2657 900 2799 954 lecto
2853 898 3169 968 quiescunt,
3200 904 3328 948 sunt
3368 895 3421 947 bi
3469 891 3561 962 qui

1969 991 2213 1045 conversi
2249 1001 2396 1053 sunt,
2420 999 2474 1044 et
2501 989 2628 1045 facti
2662 997 2789 1044 sunt
2830 1000 2888 1043 ut
2914 988 3092 1060 pueri,
3127 995 3182 1042 et
3210 984 3357 1054 digni
3386 981 3559 1037 habiti

1970 1085 2219 1155 suntqui
2266 1085 2614 1153 quiescerent
2664 1100 2788 1139 cum
2851 1083 3106 1138 Omnino.
3159 1076 3559 1149 [inpudentiam

1971 1186 2153 1230 autem
2199 1187 2254 1230 et
2301 1176 2704 1244 improbitatem
2760 1175 2891 1230 dicit
2946 1172 3254 1226 orationem
3295 1178 3562 1223 attentam

1971 1284 2094 1322 cum
2127 1269 2478 1323 sustinentia.
2505 1266 2749 1335 lntellige
2773 1275 2833 1321 et
2859 1265 3041 1328 aliter,
3071 1277 3170 1332 per
3188 1259 3427 1314 mediam
3461 1272 3566 1311 no-

1971 1370 2135 1426 ctem,
2178 1362 2450 1430 ingentem
2484 1360 2866 1414 teutationcm.
2899 1354 3016 1410 Nox
3047 1355 3192 1408 enim
3238 1351 3417 1408 omnis
3445 1360 3566 1404 ten-

1976 1452 2107 1506 tatio
2143 1469 2158 1504 :
2193 1452 2372 1505 media
2399 1460 2584 1505 autem
2628 1465 2759 1514 nox,
2791 1449 2973 1503 omnis
3003 1446 3322 1501 tentationis
3359 1443 3566 1498 fervor.

1975 1543 2142 1613 Igitur
2172 1557 2294 1598 cum
2336 1545 2458 1612 quis
2513 1545 2564 1595 in
2604 1542 2812 1595 medias
2866 1540 3197 1595 tentationes
3237 1535 3566 1606 pervenerit,

1975 1637 2186 1690 accedit
2228 1637 2292 1689 ad
2322 1636 2487 1688 Deum
2523 1649 2623 1688 uos
2646 1634 2962 1704 diligentem
2994 1640 3049 1685 et
3076 1631 3209 1685 dicit
3232 1648 3244 1684 :
3265 1627 3570 1683 Commoda

1977 1728 2105 1781 mihi
2143 1737 2252 1781 tres
2275 1742 2459 1796 panes,
2481 1726 2714 1780 salutem
2739 1724 2988 1793 corporis
3013 1723 3246 1787 scilicet,
3276 1731 3330 1774 ct
3349 1720 3570 1782 animm,

1979 1833 2034 1874 et
2064 1820 2311 1888 spiritus.
2343 1820 2589 1873 Timetur
2627 1817 2774 1872 enim
2829 1831 2896 1870 ne
2951 1815 3054 1869 tria
3094 1815 3209 1868 haec
3256 1826 3356 1882 per
3389 1820 3568 1864 tenta-

1985 1914 2160 1966 tiones
2190 1911 2590 1980 periclitentur.
2619 1908 2754 1975 Quis
2789 1918 2972 1961 autem
3001 1905 3216 1960 amicus
3244 1911 3327 1958 est
3358 1903 3448 1970 qui
3475 1916 3573 1956 ve-

1979 2008 2059 2062 nit
2123 2009 2188 2058 de
2254 2005 2375 2060 via?
2427 2003 2659 2059 Omnino
2725 2003 3007 2062 Dominus.
3060 1997 3152 2066 qui
3178 1996 3373 2066 probat
3400 2008 3497 2049 nos
3521 1994 3574 2047 in

1982 2096 2398 2159 tentationihus,
2437 2105 2490 2148 et
2526 2093 2718 2147 avidus
2762 2100 2848 2145 est
2899 2090 3095 2144 edendi
3155 2089 3224 2142 de
3260 2085 3437 2140 salute
3478 2099 3578 2140 no-

1979 2187 2128 2240 stra?
2157 2185 2318 2256 355
2353 2185 2470 2238 Non
2506 2186 2669 2236 habet
2705 2192 2884 2235 autent
2935 2179 3078 2249 quod
3114 2187 3351 2248 apponat
3374 2177 3575 2241 amico,

1981 2279 2026 2332 is
2055 2284 2144 2348 qui
2181 2281 2233 2332 in
2272 2279 2599 2330 tentatinncs
2640 2274 2929 2336 inciderat,
2983 2281 3036 2324 et
3086 2270 3342 2323 infirmus
3391 2282 3486 2336 per
3519 2279 3578 2320 se

1981 2380 2040 2424 ut
2069 2369 2296 2424 obsistat
2323 2368 2450 2430 illis,
2483 2376 2533 2421 et
2570 2373 2727 2421 curet
2764 2380 2826 2418 ea
2873 2378 2997 2432 quae
3035 2371 3163 2414 sunt
3189 2360 3306 2412 Dei.
3377 2357 3570 2412 Claudi

1975 2463 2198 2531 jauuam
2258 2461 2436 2528 signat
2465 2459 2607 2525 quod
2639 2465 2894 2528 oporteat
2945 2464 3068 2508 ante
3117 2453 3446 2508 tentationes
3477 2463 3577 2505 nos

1979 2567 2098 2607 esse
2132 2564 2486 2622 praeparatos.
2522 2550 2661 2606 Cum
2722 2560 2906 2603 autem
2962 2547 3343 2606 inciderimus.
3385 2544 3573 2598 clausa

1980 2657 2062 2700 cst
2098 2645 2521 2713 praeparationis
2543 2642 2737 2707 janua,
2770 2651 2822 2695 ct
2853 2640 2943 2709 qui
2970 2638 3330 2692 inveniuntur
3361 2635 3574 2701 itnprm-

1979 2737 2306 2808 par;iti,nisi
2346 2735 2485 2787 Deus
2542 2733 2838 2800 adiuverit,
2892 2729 3371 2801 periclitabuntur.
3414 2723 3575 2778 Pueri

1978 2843 2184 2890 autem,
2213 2831 2350 2882 sicut
2373 2828 2522 2895 prius
2548 2828 2771 2890 dictum,
2811 2827 2864 2879 hi
2891 2835 3038 2888 sunt,
3075 2824 3163 2890 qui
3195 2834 3289 2889 per
3321 2819 3576 2870 virtutem

1982 2921 2106 2976 facti
2133 2932 2262 2975 sunt
2297 2919 2387 2972 tilii
2425 2919 2540 2980 Dei,
2575 2929 2629 2972 et
2659 2921 2984 2971 recumbunt
3024 2930 3089 2971 ac
3121 2913 3413 2984 quiescunt
3454 2925 3579 2965 cum

1981 3013 2115 3070 Deo.

2062 3191 2221 3246 Vens.
2271 3192 2427 3245 9-15.
2457 3207 2477 3240 ι
2525 3189 2589 3244 Ει
2635 3203 2734 3259 ego
2766 3188 2886 3242 dico
2920 3186 3071 3240 vobis
3114 3203 3127 3239 :
3156 3183 3354 3250 Petite,
3388 3192 3443 3239 et
3473 3181 3576 3238 da-

1983 3285 2129 3340 bitur
2185 3283 2374 3346 vobis;
2425 3280 2672 3350 quaerite,
2737 3286 2792 3332 et
2839 3277 3172 3340 invenietis;
3226 3273 3454 3346 pulsate,
3524 3281 3581 3326 et

1983 3376 2256 3444 aperietur
2284 3374 2456 3427 vobis.
2491 3371 2683 3426 Omnis
2715 3370 2860 3423 enim
2895 3370 2986 3438 qui
3026 3369 3182 3438 petit,
3230 3367 3430 3435 accipit
3473 3382 3486 3418 :
3525 3375 3577 3419 et

1981 3467 2072 3534 qui
2124 3465 2336 3532 quaerit,
2387 3462 2642 3516 invenit:
2700 3467 2754 3514 et
2795 3459 3030 3529 pulsanti
3088 3458 3384 3529 aperietur.
3445 3456 3580 3524 Quis

1983 3568 2165 3612 autem
2203 3571 2269 3610 ex
2312 3555 2464 3609 vobis
2506 3562 2679 3623 pater,
2719 3568 2745 3604 τι
2799 3569 2908 3620 quo
2953 3553 2996 3606 si
3048 3551 3189 3606 ﬁlius
3218 3551 3440 3618 petierit
3478 3565 3574 3619 pa-

1984 3667 2126 3712 nem,
2154 3663 2282 3702 num
2307 3647 2537 3714 lapidem
2561 3644 2709 3698 dabit
2737 3643 2850 3696 illi?
2878 3645 2982 3696 Aut
3005 3643 3045 3697 si
3074 3643 3300 3711 piscem,
3323 3657 3453 3697 num
3483 3656 3583 3710 pro

1983 3743 2130 3812 pisce
2161 3750 2467 3808 serpentem
2494 3738 2641 3790 dabit
2674 3736 2912 3788 illi?Aut
2933 3735 2976 3788 si
3008 3735 3580 3802 petieritovum,num

1983 3833 2223 3901 porriget
2265 3830 2339 3884 illi
2373 3827 2688 3898 scorpium?
2725 3825 2780 3880 Si
2807 3841 2941 3894 ergo
2977 3840 3092 3891 vos,
3120 3840 3244 3880 cum
3277 3825 3395 3880 sitis
3431 3823 3582 3889 mali,

1985 3923 2156 3976 nostis
2189 3922 2311 3976 data
2351 3920 2494 3974 bona
2539 3919 2669 3972 dare
2719 3918 2846 3972 ﬁliis
2871 3916 3069 3971 vestris
3113 3935 3126 3970 :
3164 3924 3370 3986 quanto
3411 3915 3584 3984 magis

1982 4014 2142 4070 Pater
2173 4022 2354 4068 vester
2392 4011 2488 4082 qui
2543 4011 2596 4064 in
2631 4011 2783 4065 cmlis
2813 4019 2919 4072 est,
2965 4010 3118 4063 dabit
3155 4007 3418 4077 Spiritum
3458 4023 3586 4061 san-

1983 4119 2127 4164 ctum
2171 4105 2522 4177 poscentibus
2572 4103 2667 4157 se!
2716 4121 2734 4153 ι
2777 4101 2967 4155 Videte
3013 4101 3302 4155 verborum
3349 4101 3584 4170 diligen-

1987 4204 2137 4255 tiam.
2180 4199 2297 4254 Non
2323 4198 2486 4259 dixit,
2519 4196 2736 4266 petetis,
2771 4205 2825 4249 et
2859 4195 3095 4261 dabitur,
3121 4193 3237 4259 sed,
3263 4194 3452 4263 petite,
3483 4195 3585 4248 hoc

1985 4305 2091 4360 est,
2127 4293 2391 4346 continuo
2433 4290 2680 4360 quaerite.
2708 4288 2901 4346 Omnis
2940 4288 3086 4341 enim
3120 4288 3208 4356 qui
3247 4287 3402 4354 petit,
3438 4287 3582 4341 acci-

1986 4387 2084 4456 pit.
2113 4384 2369 4452 Nunquid
2402 4397 2534 4452 ergo
2565 4391 2620 4435 et
2655 4381 2743 4450 qui
2792 4380 2925 4447 petit
2970 4393 3089 4447 qua:
3123 4391 3231 4431 non
3269 4379 3585 4445 expediunt,

1986 4478 2222 4548 accipit?
2244 4477 2383 4532 Non.
2409 4474 2594 4528 Primo
2632 4473 2801 4543 igitur
2831 4486 3012 4526 rerum
3051 4469 3335 4524 noxiarum
3396 4469 3586 4538 petitio

283 4582 444 4634 τησις
496 4564 561 4616 ἂν
612 4564 837 4635 κληθείη
890 4566 1025 4636 πρὸς
1063 4568 1154 4618 τὸν
1198 4567 1352 4622 θεόν.
1414 4569 1471 4622 ὐ
1513 4569 1621 4640 γὰρ
1652 4571 1729 4640 τῷ
1765 4569 1875 4642 Θεῷ

1992 4586 2099 4626 non
2137 4579 2360 4624 vocatur
2395 4569 2585 4639 petitio
2631 4567 2772 4637 apud
2832 4566 3024 4620 Deum.
3081 4561 3218 4617 Nam
3267 4563 3358 4633 qui
3417 4563 3584 4617 Deum

288 4659 751 4730 προσευχόμενος,
777 4661 986 4726 ὀφείλει
1025 4661 1314 4730 αἰτεῖσθαι,
1338 4663 1374 4716 ἃ
1407 4664 1613 4727 ἐκεῖνος
1642 4664 1875 4721 δίδωσιν.

283 4755 456 4806 Ὀταν
488 4753 544 4804 δέ
599 4770 682 4815 τις
729 4753 802 4806 τὰ
850 4755 1149 4824 ἀσύμφορα
1201 4757 1461 4822 αἰτεῖται,
1507 4758 1567 4810 ού
1609 4758 1746 4826 πρὸς
1787 4759 1880 4812 τὸν

281 4846 415 4898 Θεὸν
447 4846 682 4898 ποιεῖται
716 4845 816 4914 τὴν
853 4847 1090 4915 αἴτησιν*
1125 4839 1281 4910 οὗτος
1317 4849 1424 4919 γὰρ
1469 4847 1767 4920 ἀσύμφορα
1816 4850 1876 4902 ού

283 4937 522 4991 δίδωσιν.
567 4937 801 4991 Ἔπειτα
837 4937 1001 4991 ἄκουε
1033 4941 1127 4992 καὶ
1170 4939 1337 4992 αὑτοῦ
1370 4940 1464 4993 τοῦ
1492 4942 1720 5011 Κυρίου,
1761 4942 1877 5006 πῶς

282 5029 527 5083 διδάσκει
562 5030 710 5098 ἡμᾶς
735 5030 1003 5083 αἰτεῖσθαι
1038 5031 1071 5084 ἂ
1104 5033 1204 5086 δεῖ.
1243 5033 1441 5102 Ἄρτον
1472 5033 1602 5101 γὰρ,
1630 5035 1820 5104 φησὶν,
1848 5036 1878 5088 6

285 5117 400 5178 υίὸς
436 5117 530 5170 καὶ
575 5117 728 5186 ἰχθὺν
767 5120 859 5171 καὶ
907 5119 1013 5173 ώδν
1059 5123 1313 5176 αἰτεῖται.
1346 5123 1558 5194 Ὠσπερ
1588 5121 1680 5178 οὖν
1701 5126 1878 5180 ταῦτα

286 5208 579 5275 ἀνθρώπου
610 5211 730 5261 ἐστὶ
763 5210 991 5279 βρῶσις,
1023 5212 1167 5266 οὕτω
1191 5214 1285 5268 καὶ
1311 5215 1380 5268 τὰ
1410 5217 1692 5285 αἰτήματα
1724 5219 1882 5288 ἡμῶν

285 5299 595 5366 ὀφείλουσιν
623 5295 762 5356 εἶναι
790 5303 1137 5374 συμφέροντα
1157 5306 1251 5358 καὶ
1275 5324 1336 5359 συ
1346 5306 1698 5378 μ6αλλόμενα
1724 5310 1878 5380 ἡμῖν.

286 5393 417 5444 Nisi.
447 5392 504 5445 δέ
551 5411 662 5463 μοι,
710 5394 793 5447 ὅτι
823 5395 987 5465 ἄρτον
1026 5399 1125 5467 μὲν
1159 5401 1392 5453 αἰτεῖται
1451 5403 1558 5464 πᾶς
1605 5403 1633 5454 6
1666 5402 1766 5474 τὴν
1802 5405 1883 5466 εἰς

290 5483 499 5550 Τριάδα
523 5485 707 5538 πίστιν
725 5487 1180 5559 ἀποκαλυφθῆναι
1203 5491 1373 5561 αὐτῷ,
1391 5495 1485 5546 καὶ
1502 5492 1598 5564 τὴν
1610 5494 1879 5565 ὀρθότητα

285 5578 394 5628 τῶν
429 5577 720 5647 δογμάτων
777 5581 944 5636 αἰτῶν
972 5599 984 5612 ·
1025 5583 1188 5654 ἄρτος
1240 5587 1348 5656 γὰρ
1388 5587 1562 5642 ταῦτά
1608 5589 1748 5641 εἰσιν
1801 5589 1880 5654 ὡς

289 5670 618 5738 στηρίζοντα
663 5673 912 5742 καρδίαν.
959 5675 1133 5747 ’ἰχθὺν
1169 5678 1227 5732 δὴ
1275 5679 1416 5733 αἰτεῖ
1445 5681 1473 5732 6
1507 5683 1565 5736 ὲν
1593 5680 1674 5752 τῷ
1706 5681 1874 5737 πελά-

363 5859 406 5888 ⁸⁹
450 5857 593 5912 l‘sal.
638 5870 760 5918 cm,
808 5855 894 5912 Η.

1989 4675 2132 4726 orat,
2175 4663 2335 4719 debet
2366 4672 2553 4733 petere
2579 4677 2700 4732 quae
2728 4659 2816 4715 ille
2847 4662 2960 4714 dat.
2996 4658 3225 4725 Quando
3261 4665 3442 4711 autem
3467 4655 3590 4725 quis

1991 4757 2154 4813 noxia
2201 4757 2359 4826 petit,
2403 4770 2514 4809 non
2551 4755 2617 4808 ad
2678 4753 2846 4808 Deum
2897 4751 3218 4821 petitionem
3253 4747 3429 4803 facit:
3476 4748 3589 4815 ipse

1989 4851 2131 4904 enim
2189 4849 2347 4903 noxia
2403 4863 2508 4901 non
2562 4846 2674 4900 dat.
2740 4846 2967 4914 Insuper
3023 4842 3150 4897 audi
3190 4843 3357 4896 etiam"
3410 4841 3587 4908 ipsum

1989 4940 2280 4995 Dominum
2321 4939 2594 5009 quomodo
2624 4937 2819 4992 doceat
2855 4950 2955 4990 nos
2987 4944 3178 5006 petere
3205 4947 3325 5004 qum
3351 4941 3588 5002 Oportet.

1988 5033 2211 5097 Panem,
2249 5032 2444 5099 inquit,
2476 5039 2532 5085 et
2573 5031 2774 5099 piscem
2801 5037 2858 5084 et
2880 5043 3043 5083 ovum
3079 5028 3221 5083 ﬁlius
3247 5027 3402 5097 petit.
3435 5025 3593 5080 Sicut

1985 5126 2146 5196 igitur
2190 5125 2303 5179 haec
2343 5123 2581 5178 hominis
2608 5131 2739 5176 sunt
2779 5121 2934 5176 cibus
2964 5119 3036 5186 ”,
3079 5120 3149 5174 ita
3182 5128 3236 5174 et
3294 5119 3588 5188 petitiones

1985 5227 2184 5273 nostra:
2227 5217 2389 5271 utiles
2425 5217 2582 5270 nobis
2619 5229 2744 5270 esse
2771 5214 2995 5268 debent.
3043 5212 3290 5282 lntellige
3324 5212 3411 5266 hic
3442 5211 3586 5280 quod

1983 5325 2178 5379 panem
2213 5318 2359 5379 petat
2389 5310 2569 5363 omnis
2609 5309 2701 5377 qui
2734 5306 2896 5361 ﬁdem
2945 5307 2997 5359 in
3031 5305 3358 5360 Trinitatem
3411 5314 3465 5358 et
3503 5317 3589 5356 rc-

1983 5405 2305 5459 ctitudinem
2341 5404 2653 5472 dogmatum
2687 5398 2915 5454 revelari
2946 5398 3051 5453 sibi
3094 5398 3250 5468 petit.
3284 5395 3411 5450 Haec
3440 5395 3586 5451 enim

1983 5509 2079 5551 cor
2112 5495 2254 5549 sicut
2285 5494 2442 5563 panis
2476 5493 2822 5548 conﬁrmant.
2860 5490 2928 5542 At
2961 5492 3163 5561 piscem
3196 5490 3351 5559 petit,
3395 5487 3486 5555 qui
3529 5487 3584 5540 in

1981 5587 2122 5644 mari
2144 5589 2270 5642 vita:
2293 5588 2454 5658 hujus
2499 5595 2604 5650 est,
2637 5595 2690 5640 et
2717 5584 2916 5655 quzerit
2944 5601 2972 5637 ιι
3006 5582 3116 5638 Deo
3142 5584 3494 5653 adjutorium,
3527 5589 3588 5633 ut

1979 5682 2033 5737 in
2058 5682 2249 5738 modiis
2271 5681 2660 5738 tentationibus
2680 5692 2785 5733 non
2805 5674 3212 5747 submergatur,
3232 5677 3326 5732 sed
3347 5675 3512 5739 vivat,
3533 5681 3591 5732 ct
