4110 6332
564 318 670 380 839

1425 301 1998 366 THEUPHILACTI
2037 297 2833 362 ΒυΙιΟιΑΡιΙιΕ-ΑΒΟΗΙΕΡ.

3688 278 3798 342 ἱθί)

564 425 702 478 sicut
733 421 894 489 piscis
914 416 1263 473 custodiatur.
1289 413 1458 469 Ovum
1490 421 1665 466 autem
1701 411 1853 479 petit,
1889 409 1980 478 qui
2012 408 2115 464 sibi

2243 424 2309 476 τει
2352 408 2449 477 μὲν
2476 406 2572 460 τοῦ
2609 406 2725 477 βίου
2772 403 2868 468 ὢν,
2907 400 3089 473 ζητῶν
3133 398 3189 451 δὲ
3217 387 3315 466 τὴν
3352 394 3501 463 παρὰ
3527 389 3622 444 τοῦ
3664 391 3799 443 Θεοῦ

567 525 921 565 vu-tuosarum
957 509 1255 562 animarum
1284 506 1486 559 fructus
1506 505 1618 557 dari
1658 503 1811 572 petit.
1843 499 1972 565 Qum
1992 513 2122 554 sane

569 604 756 656 anima:
805 600 991 653 avibus
1017 597 1385 654 conferuntur,
1419 607 1536 662 quae
1586 594 1698 644 alas
1749 599 2117 660 sumpserunt,

579 699 632 744 et
661 691 845 757 spiritu
882 689 1145 742 alleviatze
1167 700 1323 754 super
1354 694 1559 736 terrena
1597 697 1715 736 sese
1753 679 2078 736 extulerunt.

2235 497 2572 567 συνεργειαν,
2608 497 2695 549 ἴνα
2741 499 2799 548 ἐν
2848 494 2997 562 μέσῳ
3030 489 3136 543 τῶν
3164 485 3486 558 πειρασμῶν
3521 480 3800 536 άκαταὸά-

2235 604 2473 652 πτιστος,
2503 591 2596 640 καὶ
2627 585 2735 650 ζῶν
2765 584 2952 652 ὥσπερ
2986 580 3136 654 ἰχθὺς
3194 573 3552 645 διαφυλαχθῇ.
3601 572 3717 623 Ὠον
3746 570 3802 622 δι

2234 679 2369 732 αἰτεῖ
2412 681 2439 730 ὁ
2480 679 2548 732 τὰ
2581 679 2894 746 γεννήματα
2924 674 3035 726 τῶν
3064 671 3337 740 ὲναρέτων
3366 667 3552 736 ψυχῶν
3581 663 3801 732 δοθῆναι

567 783 714 852 αὑτῴ
753 781 951 850 ζητῶν,
993 782 1194 842 αἵτινες
1264 776 1462 846 δηλαδὴ
1499 774 1668 844 ψυχαὶ
1702 775 1908 844 ὄρνισιν
1957 773 2021 827 ἂν
2088 770 2310 838 εἰκότως
2347 773 2778 843 παραϐάλλοιντο
2833 769 3108 840 πτέρυγας
3169 762 3454 826 λαὸοὖσαι,
3510 759 3602 812 καὶ
3637 757 3804 811 πνεύ-

571 891 698 941 ματι
726 871 1113 938 κουφισθεῖσαι,
1145 869 1240 921 καὶ
1268 868 1721 936 ὑπεραναπτᾶσαι
1754 867 1848 936 τὴν
1875 866 1998 934 γῆν.

641 965 804 1017 Vsus.
841 961 1024 1015 14-20.
1069 981 1086 1010 ι
1147 961 1212 1027 Et
1260 967 1377 1014 erat
1418 959 1637 1026 ejiciens
1689 957 2030 1021 tlzemonlum,
2076 964 2130 1009 et

573 1057 716 1110 istud
770 1063 887 1109 erat
940 1061 1144 1105 mutum
1179 1069 1192 1104 :
1225 1064 1458 1119 cumque
1492 1050 1739 1114 eiecisset
1788 1049 2128 1112 daemonium,

572 1146 783 1200 locutus
809 1153 891 1198 est
933 1154 1108 1196 mutus
1149 1160 1178 1196 ι.
1205 1151 1257 1196 et
1285 1140 1559 1194 admirata:
1591 1148 1714 1193 sunt
1769 1140 1954 1203 turbae.
1999 1138 2132 1204 Qui-

571 1237 691 1288 dam
741 1245 915 1287 autem
947 1249 1010 1286 ex
1037 1233 1113 1286 eis
1152 1233 1404 1286 dixerunt
1437 1229 1578 1285 :Per
1613 1228 1891 1285 Beelzebul
1933 1230 2130 1298 princi-

572 1341 687 1392 pem
734 1324 1115 1378 dmmoniorum
1150 1324 1296 1394 cjieit
1325 1306 1605 1376 daemonia.
1638 1319 1702 1373 Et
1726 1321 1810 1373 alii
1842 1328 2127 1380 tentantes,

568 1417 775 1485 signum
819 1416 883 1467 de
917 1414 1052 1469 caelo
1081 1415 1393 1483 quaerebant
1416 1417 1484 1466 ab
1526 1426 1609 1464 eo.
1647 1411 1766 1479 ipse
1793 1422 1970 1464 autem
2009 1423 2129 1462 cum

569 1509 734 1560 sciret
762 1507 1114 1577 cogitationes
1144 1519 1355 1567 eorum,
1385 1502 1523 1555 dixit
1549 1503 1628 1556 eis
1660 1518 1674 1554 :
1708 1503 1876 1554 Omne
1912 1513 2132 1568 regnum

571 1598 826 1650 adversus
861 1597 1093 1665 seipsum
1127 1594 1355 1648 divisum
1420 1593 1710 1657 desolatur,
1746 1602 1799 1646 et
1825 1592 2013 1644 domus
2047 1606 2135 1643 su-

573 1702 671 1756 per
695 1690 910 1740 domum
944 1687 1105 1739 cadit.
1131 1685 1280 1751 Quod
1303 1685 1347 1738 si
1382 1685 1609 1740 Satanas
1634 1698 1851 1753 quoque
1882 1683 2136 1735 adversus

2308 973 2324 1004 ι
2374 954 2486 1006 Καὶ
2516 948 2583 1022 ἦν
2615 951 2893 1004 ἐκϐάλλων
2927 948 3224 1019 δαιμόνιον,
3275 945 3368 998 καὶ
3414 941 3545 995 αὐτὸ
3591 937 3664 1011 ἦν
3696 958 3805 993 κως

2233 1045 2352 1112 φὸν.
2388 1042 2631 1110 Ἐγένετο
2656 1041 2733 1104 δὲ,
2761 1041 2852 1094 τοῦ
2883 1038 3159 1108 δαιμονίου
3188 1035 3516 1102 ἐξελθόντος,
3543 1031 3806 1101 ἐλάλησεν

2236 1139 2264 1189 ὁ
2296 1137 2494 1203 κωφὸς,
2522 1137 2615 1186 καὶ
2644 1133 2962 1201 ἐθαύμασαν
2983 1133 3030 1184 οἱ
3063 1128 3231 1199 ὄχλοι.
3263 1127 3418 1187 Τινὲς
3453 1123 3508 1176 δὲ
3542 1122 3602 1186 ἐξ
3627 1121 3808 1174 αὐτῶν

2230 1224 2381 1282 εἷπον
2401 1244 2413 1258 ·
2451 1227 2540 1280 Ἑν.
2570 1225 2894 1286 Βεελζεὼὺλ
2910 1225 3128 1293 ἄρχοντι
3155 1221 3262 1274 τῶν
3295 1219 3587 1287 δαιμονίων
3615 1214 3808 1270 ικοάλ-

2229 1313 2308 1364 λει
2337 1313 2405 1366 τὰ
2448 1313 2718 1382 δαιμόνια.
2772 1313 2990 1382 Ἐτεροι
3039 1311 3095 1363 δὲ
3156 1305 3525 1379 πειράζοντες,
3583 1305 3810 1372 σημεῖον

2231 1403 2357 1470 παρ’
2393 1402 2554 1455 αὑτοῦ
2590 1403 2815 1473 ἐζήτουν
2861 1403 2920 1466 ὲξ
2947 1399 3202 1473 ούρανοῦ.
3252 1398 3424 1459 Αὐτὸς
3461 1396 3517 1448 δὲ
3553 1394 3712 1456 εἰδὼς
3742 1395 3808 1446 τὰ

2230 1495 2569 1564 διανοήματα
2619 1495 2821 1554 αὐτῶν,
2872 1489 3022 1547 εἶπεν
3071 1493 3277 1554 αὐτοῖς·
3344 1490 3499 1543 Πᾶσα
3563 1487 3809 1557 βασιλεία

2233 1585 2314 1653 ἐφ’
2346 1583 2540 1652 ἑαυτὴν
2573 1585 2986 1655 διαμερισθεῖσα
3025 1581 3350 1654 ἐρημοῦται.
3399 1581 3490 1632 καὶ
3537 1573 3686 1640 οἶκος
3720 1578 3810 1629 ἐπὶ

2234 1671 2379 1727 οἷκον
2410 1675 2616 1729 πίπτει.
2669 1677 2728 1727 Εἰ
2758 1675 2816 1727 δὲ
2871 1675 2964 1727 καὶ
2994 1675 3238 1736 Σατανᾶς
3269 1671 3354 1741 ἐφ’
3389 1669 3582 1723 ἑαυτὸν
3627 1669 3810 1738 διεμεο

573 1778 804 1842 seipsnm
838 1775 1038 1829 divisus
1085 1785 1190 1836 est,
1223 1774 1488 1842 quomodo
1523 1775 1686 1828 stabit
1723 1789 1944 1842 regnum
1994 1772 2134 1839 ejus,

2244 1767 2416 1838 ρίσοη,
2451 1769 2565 1830 πῶς
2589 1767 2914 1836 σταθήσεται
2945 1768 2977 1835 ὴ
3027 1765 3267 1834 βασιλεία
3303 1762 3487 1826 αὐτοῦ,
3513 1763 3594 1814 ὅτι
3621 1760 3812 1827 λέγετε

573 1867 696 1934 quia
722 1866 898 1919 dicitis
919 1881 1000 1916 me
1023 1882 1116 1933 per
1143 1864 1416 1918 Beelzebul
1445 1864 1639 1930 ejicere
1659 1864 1959 1915 tlzemonia?
1987 1862 2137 1926 Quod

571 1959 616 2008 si
650 1972 748 2025 ego
776 1956 1048 2009 Beelzebul
1076 1956 1320 2024 prmsitlio
1353 1955 1616 2010 daemonia
1642 1955 1817 2022 ejieio,
1856 1950 1944 2007 (ibi
1978 1953 2139 2024 356

573 2049 738 2100 vestri
790 2049 940 2115 cujus
991 2048 1238 2115 przesidio
1295 2050 1560 2117 ejiciunt?
1612 2049 1737 2102 ldco
1786 2049 1883 2115 ipsi
1932 2048 2136 2116 judiees

572 2139 737 2190 \‘cSll‘l
780 2149 955 2190 erunt.
993 2137 1158 2193 Porro
1201 2139 1243 2191 si
1303 2140 1468 2207 digito
1514 2138 1601 2192 Dei
1647 2139 1804 2206 ejicio
1849 2139 2135 2200 daemonia,

577 2225 815 2291 profecto
866 2229 1108 2296 pervenit
1158 2230 1220 2280 ad
1281 2244 1641 2297 vostreguum
1701 2229 1810 2281 Dei.
1856 2247 1873 2277 ι
1924 2227 2134 2294 Κωφὶς,

575 2327 775 2382 multis,
808 2321 1113 2386 frequenter
1143 2322 1338 2375 dicitur
1369 2323 1456 2388 qui
1488 2338 1588 2373 non
1615 2321 1848 2386 loquitur
1876 2323 1972 2388 (a);
1999 2321 2136 2372 d:ei-

576 2417 659 2460 tur
690 2416 866 2461 autem
891 2419 940 2462 et
966 2409 1053 2477 qui
1083 2424 1189 2461 nOu
1216 2411 1399 2461 audit:
1427 2414 1637 2478 proprie
1665 2425 1810 2471 vero,
1847 2410 1933 2473 qui
1966 2425 2136 2475 nequc

576 2499 742 2559 aui-lit,
772 2513 939 2566 neque
971 2498 1227 2564 loquitur.
1263 2499 1324 2550 Et
1356 2514 1484 2550 sane
1527 2501 1614 2565 qui
1648 2516 1673 2550 ιι
1722 2500 1997 2551 ιιςιιὶνὶιςιιρ
2035 2515 2135 2550 non

577 2585 823 2645 audiunt,
858 2587 1014 2638 iidem
1045 2588 1206 2639 etiam
1234 2588 1535 2639 necessario
1566 2602 1667 2638 non
1700 2588 2007 2653 loquuntur.
2046 2587 2133 2637 Illa

578 2679 717 2730 enim
755 2678 1042 2745 loquimur,
1086 2694 1201 2744 quzc
1254 2694 1347 2743 per
1391 2679 1626 2730 auditum
1660 2677 1799 2743 loqui
1831 2677 2135 2729 didicimus.

583 2766 807 2830 Quando
835 2775 1008 2819 autem
1037 2767 1157 2834 quis
1191 2782 1293 2818 non
1320 2767 1488 2827 audit,
1523 2781 1627 2819 non
1667 2767 1858 2818 mirum
1894 2769 1933 2820 si
1972 2784 2140 2835 neque

577 2857 846 2923 loquatur.
878 2855 1070 2907 Verum
1097 2871 1252 2910 secus
1276 2869 1352 2908 εει
1375 2857 1417 2909 si
1448 2872 1572 2908 casu
1603 2857 1900 2923 cujuspiam
1929 2858 2139 2909 auditus

577 2948 896 3001 ollendatur.
925 2945 1056 2998 Nam
1103 2961 1222 3000 eum
1253 2946 1341 3013 qui
1385 2946 1505 3000 talis
1537 2957 1638 3010 est,
1676 2947 1815 3014 loqui
1850 2949 1975 3000 nihil
2014 2963 2136 3013 pro-

578 3038 745 3090 hibet.
785 3034 932 3089 Uude
960 3037 1048 3104 qui
1083 3034 1147 3088 ad
1183 3034 1462 3088 Dominum
1499 3038 1756 3089 adductus
1802 3049 1905 3099 est,
1949 3048 1992 3090 ct
2030 3039 2132 3089 lin-

579 3141 678 3194 gua
703 3138 755 3178 et
784 3126 1005 3180 auribus
1029 3124 1317 3193 impeditus
1345 3136 1478 3178 erat.
1514 3126 1704 3194 Figura
1739 3138 1913 3180 autem
1949 3129 2033 3179 hic.
2059 3141 2141 3182 cst

579 3219 821 3270 humanae
846 3227 1071 3280 naturae,
1103 3231 1237 3281 qum,
1273 3231 1300 3268 a
1338 3213 1928 3280 dmmunibusdetenta,
1959 3220 2143 3270 audire

581 3324 684 3359 non
720 3317 896 3374 potest
943 3323 1243 3361 sermonem
1281 3307 1396 3371 Dei,
1431 3308 1699 3376 multoque
1750 3311 1922 3360 minus
1963 3310 2139 3375 eloqui

590 3398 749 3449 valet.
784 3399 849 3450 At
887 3397 1139 3450 Dominus
1167 3408 1446 3466 postquam
1493 3399 1719 3457 venerit,
1765 3400 2140 3467 dmmencsque

579 3487 843 3556 elftigaril,
870 3489 1223 3540 (ltentouiacas
1287 3488 1504 3556 inquam
1533 3488 1841 3541 affectiones
1870 3498 1922 3542 et
1959 3507 2139 3557 opera,

580 3580 707 3632 fecit
727 3593 825 3646 nos
854 3578 1035 3633 atidire
1057 3589 1109 3632 et
1132 3579 1306 3647 eloqui
1338 3579 1647 3641 veritatem;
1682 3595 1784 3632 non
1810 3581 1976 3634 solum
2003 3582 2141 3632 cnim

580 3685 854 3725 sermones
889 3668 980 3723 Dei
1011 3671 1193 3722 audire
1243 3680 1476 3736 oportet,
1508 3672 1598 3725 sed
1634 3673 1795 3724 etiam
1829 3673 1945 3725 aliis
1978 3674 2143 3740 loqui.

582 3762 874 3815 Audiamus
926 3762 1087 3831 igitur
1132 3762 1223 3828 qui
1270 3761 1526 3815 habemus
1579 3763 1628 3813 in
1680 3764 1838 3817 nobis
1883 3765 2145 3818 diabolica

582 3867 766 3921 opera,
798 3860 850 3905 et
898 3861 1144 3922 putamus
1175 3868 1271 3905 nos
1313 3854 1508 3906 docere
1541 3853 1677 3907 alios
1708 3863 1764 3906 et
1807 3855 2048 3923 cupimus
2081 3858 2146 3909 ab

584 3943 892 3998 hominibus
924 3943 1142 3997 salutari
1178 3943 1371 3996 Rabbi.
1424 3943 1649 4012 Egresso
1691 3945 1832 3996 enim
1860 3945 2143 4009 daemonio,

584 4049 744 4088 verus
775 4048 950 4087 sermo
1003 4044 1056 4087 et
1091 4033 1332 4088 doctrina
1386 4035 1463 4088 Iit.
1509 4034 1756 4099 Quamliu
1798 4046 1974 4090 autem
2008 4039 2144 4090 intra

585 4143 685 4180 nos
717 4126 876 4179 luerit
905 4125 1162 4178 daemonis
1205 4125 1468 4193 operatio,
1497 4125 1706 4179 etiamsi
1742 4125 2015 4179 videamur
2064 4129 2144 4179 lo-

586 4218 700 4284 qui,
746 4233 850 4270 non
885 4215 1172 4284 loquimur.
1229 4215 1482 4268 Pharisaei
1530 4230 1660 4270 sane
1702 4216 2022 4270 miraculum
2064 4234 2148 4270 ar-

587 4316 774 4376 guunt,
819 4315 871 4358 et
904 4305 1183 4358 Dominum
1208 4313 1264 4357 ut
1289 4318 1501 4370 magum
1535 4306 1853 4360 contumelia
1889 4307 2146 4363 alliciunt.

2239 1860 2296 1910 ἑν
2345 1859 2661 1922 Βεελςεόοὒλ
2710 1858 2990 1911 ὲκὸάλλειν
3051 1874 3116 1925 με
3167 1857 3232 1908 τὰ
3295 1853 3584 1922 δαιμόνια;
3636 1852 3698 1904 El
3758 1851 3814 1902 δὲ

2238 1951 2346 2017 ἐγὼ
2395 1952 2451 2002 ἐν
2496 1950 2823 2014 Βεελζεδοὺλ
2874 1948 3121 2001 ἐκϐάλλω
3175 1948 3241 1999 τὰ
3287 1947 3558 2016 δαιμόνια,
3599 1945 3649 1996 oi
3706 1945 3814 1997 υἱοὶ

2237 2042 2388 2110 ὑμῶν
2435 2044 2492 2094 ὲν
2531 2041 2634 2093 τίνι
2683 2041 3038 2100 ἐκὸἁλλουσις
3075 2038 3171 2090 Διὰ
3220 2038 3376 2089 τοῦτο
3427 2035 3610 2105 κριταὶ
3661 2035 3814 2104 ὑμῶν

2243 2133 2395 2185 αὐτοὶ
2431 2131 2668 2183 ἔσονται.
2705 2132 2762 2182 Εἰ
2802 2130 2860 2183 δὲ
2904 2131 2960 2180 ἐν
3002 2127 3247 2195 δακτύλῳ
3287 2126 3420 2179 Θεοῦ
3453 2125 3700 2178 ἐκϐάλλω
3746 2126 3814 2177 τὰ

2236 2221 2504 2290 δαιμόνια,
2563 2222 2668 2289 ἄρα
2721 2220 2954 2288 ἔφθασεν
3013 2218 3096 2284 ἐφ’
3146 2220 3287 2285 ὑμᾶς
3334 2220 3365 2285 ἠ
3418 2214 3660 2284 βασιλεία
3718 2213 3812 2266 τοῦ

2237 2311 2391 2363 Θεοῦ.
2431 2331 2448 2360 ι
2506 2311 2698 2376 Κωφὸς
2745 2311 2960 2376 λέγεται
2998 2311 3094 2379 μὲν
3129 2309 3201 2372 ὡς
3253 2309 3342 2359 ἐπὶ
3389 2307 3446 2358 τὸ
3487 2306 3618 2358 πολὺ
3666 2309 3691 2357 ὁ
3739 2307 3814 2374 μὴ

2237 2391 2432 2462 λαλῶν,
2478 2401 2684 2467 λέγοιτο
2718 2401 2761 2452 δ’
2790 2401 2853 2452 ἂν
2893 2403 2982 2452 καὶ
3025 2404 3051 2452 ὁ
3106 2401 3180 2468 μὴ
3208 2398 3439 2462 ἁκούων,
3481 2396 3814 2466 κυριώτερον

2237 2493 2292 2544 δὲ
2328 2495 2354 2543 ὁ
2387 2494 2521 2561 μήτε
2559 2492 2793 2555 ἀκούων,
2825 2493 2959 2559 μήτε
2993 2492 3186 2543 λαλῶν.
3221 2492 3326 2543 Καὶ
3350 2492 3461 2556 οἵγε
3495 2491 3558 2540 ἐκ
3588 2488 3814 2556 γενετῆς

2243 2586 2316 2653 μὴ
2353 2585 2659 2644 ἀκούοντες,
2694 2583 2814 2634 οὐδὲ
2855 2582 3122 2633 λαλοῦσινο
3164 2581 3222 2643 ἐξ
3249 2580 3492 2647 ἀνάγκης
3516 2579 3622 2647 γὰρ
3656 2578 3814 2629 τοῦτο

2242 2674 2531 2742 συμϐαίνει
2581 2674 2780 2734 αὐτοῖς.
2830 2674 3042 2724 Ἐκεῖνα
3099 2673 3206 2742 γλρ
3251 2671 3536 2737 λαλοῦμεν,
3579 2671 3679 2721 ὅσα
3729 2670 3814 2720 διὰ

2243 2765 2334 2816 τοῦ
2379 2764 2595 2817 ἀκούειν
2640 2763 2981 2833 μανθάνομεν
3009 2762 3229 2828 δηλαδή.
3287 2762 3454 2813 Ὅταν
3503 2759 3558 2810 δέ
3607 2777 3690 2821 τις
3718 2760 3816 2810 οὐκ

2243 2858 2436 2924 ἀκούῃ,
2463 2856 2685 2915 εἰκότως
2706 2854 2828 2905 οὐδὲ
2858 2854 3031 2917 λαλεῖ,
3068 2853 3205 2923 πλὴν
3238 2856 3284 2903 εί
3321 2852 3396 2920 μὴ
3418 2851 3676 2911 πολλάκις
3713 2850 3815 2902 ὑπὸ

2241 2945 2442 3006 πάθους
2497 2943 2722 3013 ὕστερον
2779 2943 2980 3008 ἐϐλάϐη
3040 2943 3136 3003 τὰς
3181 2943 3376 3003 ἀκοάς·
3431 2942 3522 2992 τὸν
3576 2941 3816 2992 τοιοῦτον

2242 3040 2350 3106 γὰρ
2405 3037 2556 3089 οὐδὲν
2608 3036 2803 3087 κωλύει
2872 3036 3072 3087 λαλεῖν.
3141 3037 3198 3085 '0
3257 3034 3434 3084 τοίνυν
3491 3032 3568 3100 τῷ
3631 3033 3816 3101 Κυρίῳ

2247 3128 2574 3197 προσαχθεὶς
2619 3128 2903 3196 ἀμφότερα
2937 3122 3024 3195 ἦν,
3061 3125 3156 3177 καὶ
3213 3126 3310 3194 τὴν
3338 3125 3583 3191 γλῶτταν
3627 3125 3719 3176 καὶ
3752 3125 3818 3175 τὰ

2245 3213 2357 3272 ὦτα
2393 3219 2590 3287 κωφός.
2627 3219 2897 3287 Σύμϐολον
2923 3219 2978 3270 δὲ
3018 3211 3171 3279 οὗτος
3206 3217 3305 3282 τῆς
3335 3217 3682 3285 ἀνθρωπίνης
3710 3215 3804 3282 φύ-

2247 3328 2403 3374 σεως,
2436 3311 2557 3379 ἥτις
2593 3310 2696 3361 ὑπὸ
2730 3309 2997 3376 δαιμόνων
3041 3308 3400 3377 κατεχτμένη,
3433 3306 3554 3358 οὔτε
3596 3307 3816 3358 ἀκούειν

2242 3400 2484 3470 ἠνείχετο
2505 3400 2677 3466 λόγων
2720 3398 2876 3461 Θεοῦ,
2936 3397 3057 3450 οὔτε
3099 3397 3274 3465 πολλῷ
3316 3398 3516 3467 μᾶλλον
3566 3398 3817 3449 ἐκλαλεῖ-δ

2245 3492 2493 3559 ὴεύνατο.
2565 3490 2701 3542 Ἀλλ’
2740 3493 2767 3540 ὁ
2813 3490 3010 3560 Κύριος
3059 3490 3248 3552 ἐλθὼν,
3295 3490 3388 3540 καὶ
3439 3488 3508 3540 τὰ
3555 3488 3816 3557 δαιμόνια

2247 3581 2523 3649 ἐξελάσας,
2555 3580 2654 3642 τὰς
2709 3582 2974 3649 ἐμπαθεῖς
3023 3581 3116 3632 καὶ
3153 3579 3528 3649 δαιμονιώδεις
3569 3581 3816 3646 πράξεις,

2248 3647 2498 3740 ὲποίιίσεν
2533 3673 2676 3740 ἡμᾶς
2711 3671 2913 3734 λαλεῖν,
2947 3671 3038 3721 καὶ
3075 3671 3364 3739 κηρύττειν
3391 3670 3487 3739 τὴν
3535 3669 3814 3736 ἀλήθειεν·

2248 3764 2326 3815 δεῖ
2348 3762 2455 3833 γὰρ
2486 3765 2544 3814 οὐ
2583 3763 2740 3831 μόνον
2772 3764 2992 3815 ἀκούειν
3016 3761 3146 3814 Θεοῦ
3177 3762 3389 3830 λόγους,
3421 3761 3557 3813 ἀλλὰ
3586 3763 3680 3813 καὶ
3707 3760 3822 3812 ἐτέ-

2251 3871 2364 3924 ροις
2407 3854 2974 3922 λαλεῖν.Ἀκούσωμεν
3010 3852 3102 3904 οὖν
3132 3854 3180 3904 οἱ
3215 3854 3428 3922 ἔχοντες
3470 3853 3568 3921 μὲν
3601 3854 3658 3902 ὲν
3694 3853 3820 3902 ἐαυ-

2248 3949 2360 4008 τοῖς
2383 3945 2481 4010 τὰς
2511 3945 2886 4015 δαιμονιὼδεις
2920 3945 3166 4014 πράξεις,
3201 3946 3437 4014 οἰόμενοι
3472 3944 3530 3996 δὲ
3566 3946 3661 3995 καὶ
3703 3941 3820 3993 ἐτέο

2251 4054 2376 4106 ρους
2411 4037 2700 4100 διδάσκειν,
2749 4037 2844 4089 καὶ
2897 4037 3176 4106 ἐφιέμενοι
3224 4037 3328 4089 ὑπὸ
3373 4037 3481 4088 τῶν
3517 4036 3824 4105 ἀνθρώπων

2249 4127 2533 4179 καλεῖσθαι
2576 4127 2787 4179 Ῥαὸὅί.
2841 4125 3175 4189 Ἐξελθόντος
3216 4127 3324 4195 γὰρ
3376 4126 3471 4179 τοῦ
3516 4128 3818 4195 δαιμονίου⁹

2249 4216 2366 4266 τότε
2401 4217 2433 4284 ἡ
2462 4215 2667 4284 ἀληθὴς
2700 4215 2856 4267 λαλιὰ
2885 4217 3002 4284 ήτοι
3033 4216 3347 4269 διδασκαλία
3377 4217 3608 4278 γίνεται’
3645 4217 3750 4280 ἕως
3779 4216 3822 4268 δ’

2251 4306 2315 4359 ἂν
2356 4307 2460 4357 ἒσω
2490 4309 2521 4374 ἡ
2533 4306 2646 4376 μῶν
2676 4307 2760 4374 εἴη
2796 4308 2827 4376 ή
2874 4307 2966 4358 τοῦ
2996 4308 3248 4373 δαίμονος
3277 4309 3495 4378 πρᾶξις,
3525 4307 3628 4360 κᾶν
3651 4307 3820 4361 δοκῶ-

589 4400 780 4452 Dicunt
805 4396 946 4450 cnim
977 4397 1174 4450 habere
1205 4410 1326 4448 eum
1360 4396 1590 4449 amicum
1621 4397 1912 4466 principem
1944 4399 2140 4454 daemo-

2254 4415 2354 4466 μεν
2376 4398 2578 4462 λαλεῖν,
2617 4398 2675 4450 ού
2706 4398 2993 4466 λαλοῦμεν.
3053 4400 3116 4452 Οἱ
3150 4401 3433 4468 Φαρισαῖοι
3485 4401 3543 4453 δὲ
3599 4399 3824 4452 διαϐάλ-

564 4491 821 4552 'niorum,
849 4497 1009 4555 atque
1050 4486 1189 4540 illius
1219 4488 1592 4554 cooperatioue
1637 4487 1831 4554 ejicere
1863 4490 2141 4544 dmmoaia.

586 4578 665 4630 Ad
701 4591 833 4645 quos
871 4575 1147 4636 Dominus,
1191 4575 1486 4639 Quomodo,
1524 4577 1715 4644 inquit,
1747 4589 1920 4642 potest
1943 4583 2145 4633 damon

589 4667 785 4734 ejicere
805 4665 961 4718 alium
1007 4665 1298 4718 daemonem
1318 4665 1341 4716 Ἰ
1364 4663 1475 4718 lloc
1507 4667 1649 4718 enim
1680 4677 1825 4720 esset
1854 4670 2151 4725 destructio

593 4760 738 4825 regni
773 4759 914 4825 ejus.
947 4755 1220 4824 Siquidem
1248 4770 1470 4825 regnum
1513 4757 1584 4810 illi
1611 4765 1877 4826 putantet
1899 4762 2153 4829 quietem,

595 4850 837 4902 habitare
885 4848 935 4900 in
992 4846 1297 4901 hominibus
1335 4865 1349 4900 :
1386 4857 1438 4902 et
1474 4849 1522 4902 si
1563 4848 1710 4916 ejicit
1759 4864 1852 4905 eos
1907 4851 2155 4921 princeps

594 4944 855 5011 ipsorum,
896 4940 1238 4995 manifestum
1281 4944 1421 5010 quod
1463 4944 1697 5012 seipsum
1735 4946 1982 5001 destruit.
2037 4947 2155 5003 Ete-

597 5035 705 5088 nim
735 5046 892 5086 omne
915 5047 1132 5101 regnum
1158 5031 1388 5086 divisum
1410 5043 1465 5088 et
1489 5035 1802 5090 seditiosum
1827 5037 2148 5105 destruitur,

594 5133 643 5178 ct
695 5125 882 5175 domus
929 5122 1099 5176 divisa
1140 5121 1306 5176 cadit.
1347 5122 1572 5178 Domum
1619 5137 1797 5180 autem
1838 5127 1950 5180 sive
1981 5126 2152 5181 aedili-

595 5216 737 5268 cium
782 5213 1109 5269 intellexeris
1134 5215 1270 5269 bene
1295 5233 1309 5270 :
1341 5229 1465 5269 nam
1492 5217 1773 5272 :ndillcium
1798 5221 2034 5289 quandiu
2067 5233 2160 5273 co-

599 5305 746 5357 hibet
787 5317 866 5368 se,
903 5311 957 5356 et
991 5311 1169 5356 servat
1215 5305 1649 5370 continuitatem,
1683 5308 1969 5364 consistit:
2009 5318 2159 5378 post-

600 5411 756 5460 quam
787 5403 964 5448 autem
998 5394 1157 5448 etiam
1188 5398 1324 5451 muri
1350 5397 1685 5468 dispescunt,
1723 5403 1901 5457 cadit:
1928 5403 2040 5457 sive
2068 5417 2160 5456 eos

605 5487 691 5552 qui
724 5486 935 5540 domum
967 5487 1268 5544 inhabitant
1294 5489 1644 5549 intellexeris.
1669 5492 1801 5550 Nam
1835 5496 1884 5550 Ιιὶ
1920 5495 2157 5565 quandiu

677 5664 750 5736 (η)
788 5667 842 5722 1η
875 5672 998 5726 edit.
1060 5668 1180 5726 Lut.
1227 5671 1416 5728 desunt
1470 5677 1647 5742 verba,
1691 5677 1779 5745 qui
1825 5693 1922 5730 non
1971 5676 2202 5749 loquitur

2252 4489 2399 4540 λουσι
2429 4488 2490 4541 τὸ
2520 4488 2726 4557 θαῦμα,
2760 4490 2852 4541 καὶ
2879 4490 2948 4551 "o;
2978 4490 3149 4559 γόητα
3170 4491 3259 4543 τὸν
3286 4492 3487 4560 Κύριον
3513 4490 3820 4560 ὑϐρίζουσι.

2251 4578 2352 4628 Τὸν
2378 4576 2485 4647 γὰρ
2518 4578 2772 4648 ἄρχοντα,
2808 4581 2962 4645 φασὶ,
2998 4580 3105 4630 τῶν
3151 4582 3442 4650 δαιμονίων
3480 4583 3618 4652 ἔχων
3649 4585 3822 4652 φίλον,

2247 4674 2313 4740 τῇ
2366 4671 2623 4741 συνεργίᾳ
2679 4672 2888 4724 ἐκείνου
2942 4673 3192 4726 ἐκϐάλλει
3244 4676 3311 4727 τὰ
3359 4675 3631 4744 δαιμόνια.
3685 4678 3824 4747 lips;

2248 4762 2339 4825 οὓς
2384 4763 2412 4812 ὁ
2447 4762 2670 4831 Κύριος,
2726 4763 2869 4828 Πῶς,
2923 4766 3076 4832 φησὶ,
3112 4765 3333 4818 δυνατὸν
3359 4766 3586 4837 δαίμονα
3631 4767 3826 4820 ὲκϐάλυ

2251 4852 2363 4904 λειν
2397 4853 2551 4904 ἄλλον
2602 4853 2832 4923 δαίμονα
2863 4871 2889 4917 ;-
2914 4853 3083 4907 Τοῦτο
3121 4856 3228 4924 γὰρ
3276 4857 3568 4920 κατάλυσις
3619 4857 3688 4910 ἂν
3736 4861 3820 4928 εἴη

2250 4945 2352 5014 τῆς
2405 4944 2679 5014 βασιλείας
2733 4946 2918 5002 αὑτοῦ.
2952 4948 3011 4999 Εἰ
3061 4949 3170 5019 γὰρ
3203 4949 3479 5018 βασιλείαν
3531 4950 3630 5018 μὲν
3672 4952 3825 5003 αὐτοὶ

2256 5035 2512 5106 ἡγοῦνται
2542 5039 2635 5091 καὶ
2669 5038 2977 5093 ἀνάπαυσιν
3008 5040 3076 5102 ,τὸ
3101 5043 3374 5093 κατοικεῖν
3402 5043 3460 5093 ἐν
3492 5041 3822 5111 ἀνθρώποις,

2253 5127 2500 5182 ἐκϐάλλει
2541 5129 2596 5182 δὲ
2641 5131 2835 5193 αὐτοὺς
2877 5132 2905 5183 ὁ
2957 5131 3140 5200 ἄρχων
3192 5131 3392 5200 αὐτῶν,
3433 5133 3700 5204 πρόδηλον
3745 5135 3825 5186 ὅτι

2253 5221 2443 5277 ἑαυτὸν
2465 5221 2742 5275 καταλύει.
2771 5225 2876 5275 Καὶ
2905 5223 3015 5292 γὰρ
3049 5224 3196 5276 πᾶσα
3230 5224 3476 5294 βασιλεία
3507 5226 3830 5296 μερισθεῖσα

2256 5314 2353 5368 καὶ
2402 5312 2766 5378 στασιάζουσα
2819 5315 3167 5378 καταλύεται,
3215 5315 3308 5368 καὶ
3348 5313 3494 5380 οἶκος
3549 5317 3829 5386 μερισθεὶς

2254 5407 2462 5462 πίπτει.
2506 5401 2667 5460 Οἶκον
2712 5408 2768 5462 δὲ
2819 5410 2928 5460 εἴτε
2970 5409 3030 5460 τὺ
3081 5409 3419 5479 οἰκοδόμημα
3458 5410 3673 5478 νοήσεις
3729 5427 3827 5464 κα·

2257 5499 2382 5561 λῶς.
2429 5500 2536 5554 Καὶ
2582 5500 2691 5572 γὰρ
2742 5502 2776 5570 ή
2821 5501 3079 5573 οἰκοδομὴ
3128 5501 3232 5566 ἕως
3287 5503 3386 5574 μὲν
3439 5503 3698 5571 φυλάττει
3731 5504 3832 5574 τὴν
