4110 6332
249 355 361 424 861

941 345 1388 410 ENARRATIO
1425 343 1507 406 ΙΝ
1541 343 2043 406 ΕνΑΝὓΕΙᾸῐΙΜ
2080 342 2318 404 ιυαίιι.
2365 367 2435 379 -
2471 342 2633 405 CAP.
2677 341 2785 402 XI.

3441 340 3547 406 862

255 473 567 544 συνέχειαν,
599 471 836 530 ἵσταται,
890 465 1028 519 ὲπάν
1060 465 1117 519 δὲ
1148 449 1440 517 διαστῶσιν
1465 463 1560 515 ἀπ’
1596 462 1835 534 ἀλλήλων

1950 462 2159 534 paciﬁci
2195 469 2343 523 sunt,
2396 469 2792 516 conservantur
2824 475 2842 513 :
2879 471 3004 514 cum
3054 466 3238 514 autem
3284 458 3430 516 inter
3485 476 3550 518 se

247 569 302 621 οἱ
335 571 524 640 τοῖχοι,
552 567 764 625 πίπτει,
809 559 919 613 εἴτε
983 553 1132 611 οἷκον
1169 557 1387 627 νοήσεις
1426 557 1552 618 τοὺς
1576 557 1633 607 ἐν
1667 560 1731 625 τῇ
1765 557 1844 608 οἰ-

247 662 365 734 κία,
421 661 514 714 καὶ
559 648 706 708 οῦτοι
738 654 843 717 ἕως
884 651 983 722 μὲν
1031 650 1394 720 εἰρηνεύουσι,
1446 650 1839 716 συνεστήκασι,

245 756 391 810 ἐπὰν
421 752 478 805 δὲ
507 747 769 802 διαστῶσι
821 746 944 798 κατ’
990 743 1262 809 ἀλλήλων,
1307 740 1623 794 πίπτουσιν.
1664 740 1844 792 Ἔστω

249 849 329 911 δὲ,
368 848 448 900 ὅτι
482 843 733 896 ἐκϐάλλω
755 837 868 906 ἐγὼ
898 839 965 890 τά
995 837 1253 907 δαιμόνια
1282 836 1340 886 ὲν
1378 833 1460 903 τῷ
1492 831 1840 897 Βεελζεὸοὺλ,

249 941 299 991 οἱ
323 936 429 989 υἱοὶ
454 934 629 1004 ὑμῶν,
665 932 944 985 τουτέστιν
979 930 1028 980 oi
1079 927 1390 989 ἀπόστολοι,
1431 927 1486 976 ἐν
1517 925 1623 976 τίνι
1650 922 1843 975 ὲκὸάλυ

246 1029 466 1091 λουσιν;
509 1020 587 1078 ἿΙ
628 1022 804 1091 δῆλον,
837 1020 918 1071 ὅτι
944 1020 1000 1070 ἐν
1025 1017 1102 1087 τῷ
1134 1017 1252 1085 ἐμῷ
1291 1017 1550 1083 ὀνόματις
1589 1013 1712 1075 Πῶς
1748 1009 1841 1065 οῦν

245 1119 350 1189 ἐμὲ
381 1117 594 1185 λέγετε,
640 1117 721 1168 ὅτι
757 1115 815 1165 ἐν
855 1109 932 1180 τῷ
969 1108 1298 1171 Βεελζεϐοὺλ
1331 1106 1579 1161 ἐκϐάλλω
1610 1104 1740 1174 ἐγὼ,
1767 1105 1844 1167 ὡς

245 1210 439 1280 χρείαν
493 1210 630 1278 ἔχων
680 1207 781 1275 τῆς
841 1203 1053 1257 ἐκείνου
1121 1202 1426 1269 δυνάμεως,
1486 1200 1628 1252 ὅπου
1674 1214 1737 1264 γε
1789 1199 1838 1249 oi

247 1302 506 1370 ὑμέτεροι
577 1299 704 1361 υἱοὶ,
739 1298 910 1367 ἤγουν
961 1296 1009 1348 οί
1066 1293 1374 1358 ἀπόστολοι,
1408 1293 1464 1344 ὲν
1504 1291 1582 1359 τῷ
1616 1291 1841 1360 ὀνόματί

250 1409 352 1459 μου
383 1389 779 1455 ἐκϐάλλουσιν;
813 1391 954 1456 "Ap:
1003 1386 1161 1439 αὐτοὶ
1205 1383 1634 1454 κατακρινοῦσιν
1667 1384 1836 1453 ὑμᾶς.

245 1483 528 1554 Πρόδηλον
549 1483 658 1552 γὰρ
689 1483 764 1542 ὡς
801 1480 895 1532 ἐὰν
927 1481 1124 1531 ἐκείνοι
1156 1477 1496 1530 ὲκϐἁλλωσιν
1537 1477 1593 1526 ἐν
1621 1474 1698 1544 τῷ
1726 1475 1841 1530 ὀνό-

255 1575 390 1644 ματί
417 1593 543 1644 μου,
578 1574 686 1639 ἐγὼ
713 1571 814 1638 τῆς
865 1572 1054 1638 ἑτέρου
1081 1570 1364 1638 δυνάμεως
1401 1569 1460 1619 οὐ
1497 1567 1705 1637 χρῄζω.
1749 1566 1838 1617 Ἐν

242 1666 491 1737 δακτύλῳ
536 1666 664 1732 γοῦν
718 1663 876 1727 Θεοῦ,
921 1665 1201 1716 τουτέστιν
1234 1662 1290 1713 ἐν
1332 1661 1615 1729 Πνεύματι
1668 1661 1834 1730 ἁγίῳ,

1951 555 2236 621 dissident,
2293 553 2515 608 cadunt.
2568 551 2697 608 Esto
2751 561 2932 606 autem
2989 551 3133 621 quod
3178 567 3280 622 ego
3329 553 3544 621 eiiciam

1950 648 2212 703 daemonia
2241 647 2293 700 in
2325 645 2636 710 Beelzehnl,
2669 643 2761 699 lilii
2806 643 2997 707 vestri,
3030 644 3136 699 hoc
3165 655 3249 699 est
3286 645 3543 714 apostoli.

1947 741 2001 794 in
2055 755 2162 808 quo
2196 737 2459 806 ejiciunt?
2498 736 2692 790 Nonne
2716 734 3070 789 manifestum
3123 736 3268 805 quod
3311 736 3364 789 in
3422 751 3546 793 meo

1948 833 2204 887 nomine?
2227 829 2511 898 Quomodo
2535 830 2701 898 igitur
2731 827 2913 882 dicitis
2942 829 3087 898 quod
3111 843 3212 897 ego
3245 826 3458 894 ejiciam
3486 831 3538 882 in

1945 923 2250 984 Beelzebul,
2303 923 2462 990 quasi
2507 936 2642 990 opus
2684 920 2912 975 habeam
2965 920 3112 974 illius
3154 920 3377 984 virtute,
3416 934 3539 974 cum

1946 1015 2040 1069 filii
2085 1014 2275 1080 vestri,
2322 1014 2491 1067 sancti
2529 1013 2738 1067 scilicet
2773 1011 3030 1081 apostoli,
3075 1010 3127 1064 in
3166 1026 3287 1065 meo
3316 1011 3539 1066 nomine

1945 1107 2209 1161 daemonia
2243 1105 2505 1173 ejiciant?
2554 1105 2722 1174 Igitur
2770 1104 2870 1172 ipsi
2923 1104 3369 1158 condemnabunt
3418 1119 3540 1160 vos.

1945 1199 2287 1253 Manifestum
2310 1199 2454 1252 enim
2482 1197 2625 1266 quod
2655 1196 2698 1251 si
2733 1195 2806 1249 illi
2836 1196 2889 1249 in
2921 1209 3048 1250 meo
3070 1195 3287 1250 nomine
3315 1195 3545 1263 ejiciunt

1945 1292 2230 1358 ilzetnouia,
2257 1291 2388 1344 mihi
2424 1306 2532 1344 non
2566 1305 2705 1358 opus
2733 1290 2802 1343 sit
2827 1289 3032 1342 virtute
3075 1288 3320 1342 alterius.
3361 1289 3422 1342 In
3455 1288 3542 1342 di-

1942 1387 2055 1452 gito
2084 1399 2210 1454 ergo
2259 1384 2377 1446 Dei,
2409 1384 2513 1437 hoc
2558 1389 2666 1445 est,
2719 1382 2771 1434 in
2800 1364 3010 1450 Spiritu
3045 1392 3238 1435 sancto
3279 1380 3459 1449 ejicio,
3487 1389 3542 1434 et

1941 1476 2106 1547 357
2147 1490 2251 1529 non
2285 1476 2336 1528 in
2373 1475 2516 1528 malo
2541 1473 2756 1542 spiritu.
2793 1470 3030 1542 Digitum
3060 1481 3243 1527 autem
3275 1471 3538 1540 Spiritum

1942 1570 2094 1633 dicit,
2131 1578 2189 1621 nt
2210 1569 2355 1622 scias
2380 1567 2522 1636 quod
2554 1567 2696 1620 sicut
2722 1565 2921 1635 digitus
2944 1564 3191 1633 ejusdem
3224 1563 3544 1619 substantias

1941 1673 2024 1715 est
2055 1678 2175 1714 cum
2223 1669 2335 1713 toto
2383 1675 2634 1728 corpore,
2663 1658 2738 1711 ita
2770 1669 2825 1712 et
2858 1657 3098 1728 Spiritus
3120 1657 3366 1726 ejusdem
3403 1658 3538 1712 sub-

246 1759 515 1822 ικϐἀλλω,
560 1757 655 1810 καί
686 1756 786 1809 οὐκ
818 1757 875 1806 ἐν
902 1755 1174 1823 πνεύματι
1210 1753 1451 1822 πονηρῷ.
1486 1751 1759 1806 Δάκτυλον
1783 1752 1835 1805 δὲ

1944 1754 2154 1806 stantize
2195 1761 2277 1805 est
2306 1769 2425 1803 (tum
2460 1750 2623 1804 Patre
2668 1761 2722 1805 et
2767 1749 2928 1805 Filio.
2965 1748 3236 1804 Fortassis
3269 1758 3450 1804 autem
3484 1757 3540 1804 et

245 1851 308 1903 τὺ
351 1847 576 1915 Πνεῦμα
607 1847 776 1913 λέγει,
810 1846 898 1899 ἵνα
944 1846 1122 1917 μάθῃς
1165 1847 1249 1899 ὃτι
1285 1845 1478 1914 ὥσπερ
1519 1848 1546 1899 ὁ
1575 1845 1838 1908 δάκτυλος

242 1938 529 2008 ὀμοούσιός
561 1941 678 1991 ἐστι
703 1939 780 2008 τῷ
806 1939 912 2007 ὅλῳ
949 1936 1186 2007 σώματι,
1214 1938 1358 1989 οὕτω
1398 1937 1490 1989 καὶ
1516 1938 1575 1990 τὸ
1612 1937 1838 2006 Πνεῦμα

241 2030 531 2100 ὀμοούσιον
572 2029 647 2098 τῷ
672 2029 849 2099 lia-cpi.
879 2031 970 2082 καὶ
994 2028 1073 2098 τῷ
1116 2028 1248 2098 Υίῷ.
1297 2029 1522 2096 Μήποτε
1562 2030 1617 2081 δὲ
1649 2029 1836 2097 ἐπειδὴ

242 2123 368 2192 χεὶρ
405 2120 546 2174 Θεοῦ
579 2121 800 2190 λέγεται
828 2122 857 2174 ὁ
890 2122 1028 2185 mg,
1058 2121 1510 2173 ὲπανεπαύσαντο
1535 2122 1590 2174 δὲ
1620 2122 1706 2173 ἐπ’
1742 2122 1836 2174 αύ-

242 2212 337 2264 τὸν
375 2212 432 2263 ai
463 2210 557 2262 τοῦ
589 2209 902 2279 Πνεύματος
941 2211 1080 2264 ἑπτὰ
1128 2212 1400 2279 ἐνέργειαι
1445 2212 1540 2280 οὐχ
1577 2211 1651 2273 ὡς
1685 2213 1837 2282 ἐνερ-

243 2301 536 2372 γούμενον,
557 2303 678 2355 ἀλλ’
698 2302 773 2365 ὡς
795 2303 1078 2371 ὁμοούσιον
1102 2303 1176 2372 τῷ
1196 2303 1495 2372 [Ινεύματι.
1529 2305 1623 2357 ’Ἑν
1648 2305 1704 2356 δὲ
1727 2305 1837 2356 τῶν

243 2395 340 2448 τοῦ
380 2395 698 2465 Πνεύματος
739 2397 1110 2465 ίχαρισμὰτων
1154 2398 1248 2449 καὶ
1287 2396 1579 2465 ἐνεργειῶν
1625 2400 1740 2448 ἐστι
1777 2400 1837 2450 τὸ

248 2473 467 2540 ἰᾶσθαι·
506 2487 597 2539 διὰ
626 2487 786 2540 τοῦτο
829 2487 1050 2556 λέγεται
1093 2491 1150 2541 ἑν
1180 2487 1433 2556 δακτύλῳ
1471 2489 1607 2540 Θεοῦ
1636 2489 1835 2541 ἐκϐάλ-

244 2578 360 2632 λειν
410 2579 478 2632 τα
521 2578 798 2646 δαιμόνια,
865 2578 1126 2639 ,τουτέστι
1186 2577 1262 2645 τῷ
1316 2578 1678 2646 πνευματικῴ
1737 2596 1834 2646 χα-

248 2669 500 2740 ρίσματι.
537 2670 749 2738 Ὠσπερ
783 2669 890 2738 γὰρ
923 2669 1233 2731 ὁδάκτυλος
1274 2670 1437 2739 μέρος
1484 2670 1582 2739 τῆς
1623 2671 1830 2740 χειρος,

244 2760 388 2813 οὕτω
434 2761 527 2814 καὶ
556 2763 614 2814 τὸ
640 2763 869 2830 ’πνεῦμα
908 2763 1018 2814 τῶν
1057 2762 1260 2814 ίάσεων
1289 2760 1456 2830 μέρος
1488 2755 1557 2830 ἦν
1589 2753 1662 2816 ὧν
1693 2757 1839 2830 εἶχεν

243 2855 273 2906 ὁ
311 2854 518 2921 Ἰησοῦς
553 2855 902 2920 πνευμάτων,
931 2855 1049 2923 ἦτοι
1084 2853 1192 2906 τῶν
1222 2854 1315 2906 τοῦ
1343 2852 1656 2923 πνεύματος
1685 2857 1840 2925 ἐνερ-

245 2945 433 3014 γειῶν.
473 2946 602 3001 Ἐἀν
626 2943 718 3000 οῦν
770 2945 1041 3009 ἑκὸἁλλω,
1090 2947 1243 3016 φησὶ,
1296 2947 1364 3000 τά
1411 2947 1668 3015 δαιμόνια
1719 2947 1841 3018 θείᾳ

1945 1846 2086 1908 ideo,
2117 1847 2243 1916 quia
2278 1843 2448 1898 Filius
2478 1844 2680 1898 dicitur
2702 1859 2898 1898 manus
2930 1841 3047 1906 Dei,
3073 1853 3127 1896 et
3160 1842 3546 1912 requieverunt

1944 1954 2108 2008 super
2137 1953 2261 1992 eum
2301 1949 2506 2005 septem
2544 1935 2797 1990 efﬁcaciae
2835 1935 3097 2005 Spiritus,
3128 1951 3235 1990 non
3269 1935 3412 2004 quod
3444 1948 3541 2000 per

1944 2029 2207 2097 Spiritum
2250 2037 2462 2097 agatur,
2498 2027 2592 2082 sed
2625 2027 2751 2095 quia
2777 2027 3263 2081 consubstantialis
3299 2035 3384 2079 est
3415 2024 3540 2093 Spi-

1945 2124 2094 2176 ritui.
2144 2119 2321 2176 Unum
2375 2131 2556 2174 autem
2595 2136 2658 2174 ex
2713 2119 2872 2173 donis
2908 2129 2961 2172 et
3012 2118 3266 2173 eﬂicaciis
3305 2117 3541 2186 Spiritus

1943 2216 2118 2270 saneti
2163 2224 2244 2269 est
2289 2228 2486 2268 sanare
2525 2232 2538 2266 :
2576 2224 2864 2281 propterea
2905 2212 3103 2266 dicitur
3133 2213 3186 2266 in
3219 2211 3384 2282 digito
3419 2210 3539 2279 Dei,

1937 2309 2041 2364 hoc
2065 2319 2169 2373 est,
2216 2309 2273 2364 in
2322 2307 2595 2381 spirituali
2635 2308 2776 2362 dono
2824 2306 3028 2373 ejicere
3077 2305 3363 2359 daemonia.
3401 2301 3536 2358 Nam

1936 2403 2077 2454 sicut
2102 2382 2450 2468 digitusrpars
2481 2409 2563 2454 est
2595 2413 2807 2462 manus,
2839 2398 2911 2450 ita
2943 2396 3167 2465 spiritus
3193 2395 3536 2449 sanationum

1932 2509 2060 2561 pars
2080 2493 2178 2546 fuit
2198 2493 2488 2561 spirituum
2509 2507 2646 2562 quos
2671 2490 3144 2553 habuitChristus,
3179 2490 3277 2542 hoc
3293 2498 3375 2542 est
3405 2502 3536 2556 ope-

1933 2585 2208 2638 rationum
2255 2585 2508 2650 spiritus.
2537 2583 2831 2652 Propterea
2878 2583 2921 2636 si
2968 2582 3151 2648 ejicio,
3197 2579 3390 2648 inquit,
3426 2579 3537 2632 dte-

1941 2677 2118 2728 mnnia
2158 2676 2397 2728 efficacia
2451 2676 2649 2728 divinae
2687 2675 2930 2736 virtutis,
2969 2673 3220 2742 pervenit
3255 2672 3448 2740 utique
3477 2669 3536 2724 in

1942 2783 2034 2822 vos
2075 2783 2298 2835 regnum
2333 2767 2450 2820 Dei.
2500 2767 2651 2832 Quod
2692 2767 2852 2820 talem
2903 2767 3067 2819 habet
3115 2779 3334 2818 sensum
3371 2781 3383 2816 :
3437 2761 3537 2816 De-

1942 2867 2209 2911 structum
2244 2874 2382 2911 nunc
2407 2867 2489 2910 est
2525 2873 2751 2924 regnum
2799 2855 3022 2918 diaboli,
3061 2865 3357 2922 regnatque
3389 2851 3536 2905 Deus

1942 2949 2033 3016 qui
2061 2949 2336 3001 darmones
2355 2947 2575 3016 efi‘ngat.
2604 2947 2741 3000 Audi
2767 2946 2911 2999 enim
2936 2947 3061 3014 quid
3088 2947 3344 3011 deinceps
3365 2943 3534 2998 dicat.

246 3039 526 3110 ἱνεργείᾳ,
560 3041 797 3105 ἔφθασεν
823 3038 928 3108 ἆρα
958 3038 1048 3106 ἐφ’
1074 3039 1215 3105 ὑμᾶς
1243 3039 1276 3108 ἡ
1320 3037 1569 3106 βασιλεία
1597 3038 1691 3091 τοῦ
1720 3038 1880 3092 Θεοῦ.
1927 3039 2105 3107 Ὅπερ
2135 3039 2376 3093 τοιοῦτον
2433 3039 2545 3108 ἔχει
2579 3038 2670 3091 τὸν
2702 3038 2846 3102 νοῦν,
2878 3037 2972 3090 ὅτι
2994 3036 3324 3090 καταλύεται
3351 3034 3537 3087 λοιπὸν

245 3133 281 3198 ὴ
314 3129 558 3197 βασιλεία
601 3129 694 3181 τοῦ
743 3128 1014 3196 διαϐόλου,
1049 3130 1142 3183 καὶ
1185 3128 1459 3198 βασιλεύει
1505 3133 1533 3182 ὁ
1577 3131 1710 3195 Θεὸς
1761 3133 1788 3184 ὀ
1829 3131 1955 3193 τοὺς
2017 3132 2278 3199 δαίμονας
2343 3131 2646 3185 ἐκδιώκων.
2676 3133 2877 3183 ’Λκουε
2906 3129 3014 3201 γὰρ
3068 3129 3121 3181 τί
3154 3128 3241 3181 διὰ
3271 3127 3377 3180 τῶν
3407 3126 3538 3197 ἑξῆς

244 3225 417 3293 λέγει.

245 3409 443 3463 ἑαυτοῦ
484 3409 674 3480 αὐλὴν,
718 3412 776 3462 ἐν
812 3411 1002 3481 εἰρήνῃ
1045 3412 1159 3464 ἐστι
1192 3412 1256 3463 τά
1306 3413 1620 3481 ὑπάρχοντα
1660 3414 1830 3484 αύτῷ.

260 3501 431 3554 Ἐπάν
450 3502 505 3554 δὲ
533 3504 560 3553 ὁ
593 3502 939 3574 ἰσχυρότερος
963 3501 1129 3560 αὑτοῦ
1155 3502 1398 3555 ἐπελθὼν
1427 3507 1623 3574 νικήσῃ
1649 3506 1832 3573 αὐτὸν,

249 3593 351 3661 τὴν
379 3591 680 3644 πανοπλίαν
718 3592 883 3645 αὐτοῦ
913 3593 1077 3662 αἴρει,
1109 3594 1194 3660 ἐφ’
1298 3596 1599 3658 ἐπεποίθει,
1635 3599 1729 3649 καὶ
1764 3597 1833 3650 τὰ

251 3681 424 3735 σκύλα
465 3681 630 3734 αὐτοῦ
673 3681 996 3736 διαδίδωσιν.
1037 3682 1109 3735 Ὀ·
1137 3685 1211 3752 μὴ
1256 3682 1331 3736 ὢν
1366 3683 1484 3752 μετ’
1517 3685 1674 3755 ἐμοῦ,
1713 3688 1832 3739 κατ’

248 3773 384 3841 ἐμοῦ
428 3774 565 3836 ἐστι,
597 3773 694 3825 καὶ
721 3772 748 3824 ὁ
781 3772 855 3842 μὴ
891 3772 1142 3839 συνάγων
1171 3774 1288 3842 μετ’
1323 3776 1478 3843 ἐμοῦ,
1514 3777 1828 3845 σκορπίζει.

249 3865 421 3918 Ὅταν
458 3866 522 3916 τὸ
551 3863 863 3934 ἀκάθαρτον
895 3863 1114 3933 πνεῦμα
1146 3865 1335 3938 ἐξέλθῃ
1366 3868 1474 3919 ἀπὸ
1502 3866 1594 3920 τοῦ
1626 3869 1834 3938 ἀνθρώ-

250 3972 376 4018 που,
407 3955 676 4023 διέρχεται
705 3953 774 4006 δι’
801 3952 1045 4024 ἀνύδρων
1071 3957 1250 4007 τόπων
1274 3956 1470 4025 ζητοῦν
1503 3957 1831 4025 ἀνάπαυσιν,

249 4051 344 4100 xxi.
383 4049 458 4118 μὴ
507 4048 778 4114 εὑρίσκων
806 4047 986 4114 λέγει’
1045 4049 1414 4121 ’Υποστρέψω
1440 4053 1515 4114 εἰς
1550 4053 1640 4104 τὸν
1687 4051 1834 4106 οἶκόν

253 4155 355 4207 μου
388 4138 510 4190 ὅθεν
555 4136 798 4204 ἐξῆλθον.
829 4137 938 4190 Καὶ
976 4137 1145 4191 ἐλθὼν
1178 4140 1422 4210 εὑρίσκει
1453 4144 1833 4212 σεσαρωμένον

249 4230 344 4281 καὶ
373 4226 814 4296 κεκοσμημένον,
848 4227 970 4279 τότε
1000 4227 1316 4298 πορεύεται,
1343 4231 1438 4283 καὶ
1470 4233 1835 4302 παραλαμϐἁο

251 4336 329 4372 νει
369 4318 512 4373 ἑπτά
560 4319 723 4389 ἕτερα
765 4319 1052 4390 πνεύματα
1098 4322 1441 4392 πονηρότερα
1484 4322 1702 4386 ἑαυτοῦ,
1742 4323 1833 4376 καί

249 4413 562 4466 εἰσελθόντα
601 4416 845 4467 κατοικεῖ
875 4415 1011 4478 ἐκεῖ,
1043 4417 1136 4468 καὶ
1171 4415 1377 4482 γίνεται
1417 4415 1485 4468 τὰ
1512 4417 1717 4485 ἔσχατα
1743 4416 1831 4469 τοῦ

250 4507 544 4579 ἀνθρώπου
574 4506 788 4559 ἐκείνου
822 4507 1045 4578 χείρονα
1077 4507 1184 4562 τῶν
1216 4507 1468 4579 πρώτων.
1511 4529 1527 4559 ι
1569 4504 1676 4562 Ἦν
1710 4512 1830 4578 μὲν,

249 4603 406 4672 φησὶ,
444 4602 549 4672 πρὸ
586 4602 682 4671 τῆς
710 4601 852 4672 ἐμῆς
897 4603 1206 4674 παρουσίας
1253 4604 1476 4675 ίσχυρδς
1504 4606 1531 4656 ὁ
1560 4605 1828 4669 Σατανᾶς,

324 3338 342 3371 ι
377 3319 546 3372 ’Ὅταν
593 3321 622 3372 ὁ
666 3319 883 3390 ίσχυρδς
918 3319 1370 3389 καθωπλισμένος
1425 3322 1673 3392 φυλάσσῃ
1727 3321 1826 3392 τὴν

2005 3319 2166 3373 Vens.
2194 3319 2376 3372 Eli-26.
2410 3339 2427 3369 ι
2459 3317 2592 3372 Cum
2623 3316 2780 3370 furtis
2802 3327 3050 3370 armatus
3076 3316 3310 3369 custodit
3335 3318 3534 3370 atrium

1943 3427 2122 3472 Slllllll,
2153 3410 2204 3462 in
2236 3423 2366 3478 pace
2396 3418 2522 3460 Sunt
2550 3424 2609 3459 ea
2649 3422 2769 3474 qnze
2817 3409 3078 3477 possidet.
3122 3406 3224 3462 Ubi
3261 3423 3388 3462 vero
3419 3407 3537 3461 for-

1944 3504 2048 3556 tior
2094 3517 2160 3555 eo
2195 3501 2591 3570 superveniens
2631 3500 2822 3553 vicerit
2873 3515 3020 3563 eum,
3074 3501 3328 3554 universa
3383 3516 3534 3554 arma

1942 3595 2064 3662 ejus
2103 3592 2299 3656 aufert,
2342 3594 2392 3645 in
2425 3592 2624 3660 quibus
2650 3591 2982 3655 confidebat,
3013 3603 3068 3644 et
3105 3591 3274 3659 spolia
3305 3592 3424 3660 ejus
3456 3593 3538 3646 di-

1941 3686 2179 3741 stribuit.
2208 3684 2308 3750 Qui
2338 3699 2444 3738 non
2479 3692 2561 3737 est
2590 3697 2825 3746 mecum,
2858 3693 3049 3736 contra
3082 3698 3166 3737 me
3191 3693 3272 3738 est
3302 3702 3316 3737 :
3347 3691 3402 3738 et
3441 3685 3535 3753 qui

1942 3787 2050 3831 nun
2089 3774 2291 3843 colligit
2327 3790 2561 3839 mecum,
2593 3773 2874 3842 dispergit.
2904 3771 3038 3826 Cum
3068 3775 3384 3830 immundus
3419 3777 3536 3844 spi—

1944 3872 2081 3922 ritus
2120 3867 2317 3920 exierit
2349 3866 2418 3918 ab
2448 3866 2692 3927 homine,
2737 3864 2981 3918 ambulat
3009 3881 3104 3932 per
3135 3865 3250 3918 lora
3298 3867 3531 3931 arentia,

1942 3975 2192 4031 quaarens
2226 3960 2489 4027 requiem,
2543 3969 2727 4011 etnon
2761 3956 3066 4024 inveniens,
3103 3959 3234 4012 dicit
3277 3976 3290 4012 :
3332 3960 3531 4014 Rever-

1947 4065 2029 4106 tar
2083 4053 2136 4106 in
2184 4052 2405 4106 domum
2452 4066 2628 4104 meum
2664 4051 2804 4104 unde
2841 4051 3005 4105 exivi.
3041 4050 3254 4105 Etcum
3307 4054 3535 4118 venerit,

1945 4145 2149 4200 invenit
2185 4159 2305 4199 eam
2331 4144 2508 4212 scapis
2538 4145 2850 4196 mundatam
2875 4151 3039 4212 atque
3069 4155 3355 4197 ornatam:
3406 4155 3534 4198 tunc

1944 4238 2113 4304 vadit,
2160 4247 2214 4291 et
2251 4237 2485 4290 assumit
2538 4244 2747 4306 septem
2783 4237 2920 4291 alios
2970 4237 3194 4304 Spiritus
3245 4238 3535 4298 nequiores

1945 4329 2083 4398 ipso,
2113 4339 2169 4383 et
2199 4328 2427 4396 ingrcssi
2463 4328 2710 4381 habitant
2752 4329 2844 4392 ibi,
2891 4337 2943 4380 et
2989 4326 3124 4380 finiit
3153 4338 3398 4381 extrema
3435 4329 3535 4381 ha-

1945 4421 2104 4473 ininis
2152 4418 2294 4472 illius
2350 4418 2535 4488 pejora
2574 4419 2784 4486 primis.
2819 4437 2843 4469 ι»
2882 4417 3004 4472 Fuit
3043 4419 3284 4488 quidem,
3335 4419 3529 4485 inquit,

1942 4525 2066 4566 autc
2090 4513 2380 4566 adventum
2417 4528 2593 4564 meum
2629 4510 2784 4565 fortis
2815 4512 3070 4572 Satanas,
3103 4523 3158 4564 et
3186 4511 3533 4565 custodiebat

1942 4607 2139 4660 atrium
2172 4620 2350 4668 suum,
2387 4604 2487 4657 hoc
2518 4612 2621 4667 est,
2653 4602 2978 4670 praevalebat
3007 4610 3056 4654 ει
3098 4601 3396 4671 imperabat
3427 4601 3530 4654 hu-

249 4696 346 4748 καὶ
377 4692 652 4763 ἐφύλασσε
686 4694 784 4764 τὴν
812 4692 1007 4749 έαύτοῦ
1038 4695 1232 4764 αὐλὴν,
1257 4697 1530 4761 τουτέστι,
1557 4698 1832 4768 κατεκρά-

1943 4712 2115 4752 mana:
2155 4705 2362 4751 naturze
2412 4696 2625 4750 fortiter
2655 4705 2709 4749 et
2747 4710 2959 4749 secure.
3004 4693 3295 4762 Postquam
3346 4705 3526 4746 autem

249 4805 334 4842 τει
381 4788 481 4858 τῆς
509 4787 863 4862 ἀνθρωπίνης
911 4790 1127 4857 φύσεως
1165 4788 1399 4859 βεϐαίως
1439 4792 1532 4842 καὶ
1563 4791 1827 4862 ἀσφαλῶς

249 4879 392 4933 ἐπὰν
414 4879 470 4934 δὶ
487 4874 651 4949 ἦλθον
673 4878 785 4948 ἐγὼ
873 4881 1222 4952 ἰσχυρότερος
1244 4882 1434 4942 αὑτοῦ,
1457 4883 1550 4934 καὶ
1572 4885 1832 4954 νενίκηκα

249 4973 344 5027 τὸν
360 4975 588 5044 κόσμον,
609 4973 706 5027 καὶ
725 4973 821 5044 τὴν
838 4973 1146 5027 πανοπλίαν
1159 4973 1350 5044 αὑτοῦ,
1367 4975 1452 5044 ἐφ’
1473 4969 1508 5048 ᾖ
1526 4976 1830 5042 ἐπεποίθει,

248 5066 392 5138 ὅπερ
418 5066 534 5119 εστι
578 5066 757 5120 πάντα
800 5069 868 5120 τὰ
901 5067 1019 5138 σίδη
1058 5068 1157 5138 τῆς
1201 5068 1500 5138 ἁμαρτίαςο
1549 5070 1688 5138 αὓτη
1722 5069 1836 5137 γάρ

247 5158 393 5214 ὅπλα
420 5157 517 5212 τοῦ
555 5158 828 5223 διαὸόλου,
865 5159 959 5212 καὶ
993 5157 1168 5230 ταύτῃ
1197 5158 1419 5232 θαρρῶν
1445 5159 1660 5230 ἑνίσχυε
1695 5160 1836 5213 κατά

247 5249 358 5303 τῶν
406 5248 710 5319 ἀνθρώπιον
737 5263 751 5278 ·
793 5248 1001 5319 ταύτην
1045 5245 1139 5301 οῦν
1176 5247 1274 5320 τὴν
1324 5249 1628 5301 πανοπλίαν
1670 5248 1835 5301 αὑτοῦ

247 5342 512 5415 διέρρηξα
548 5340 930 5413 ἀναμάρτητος
967 5339 1233 5411 εὑρεθεὶς,
1286 5344 1382 5395 καὶ
1426 5341 1613 5395 ἔκτοτε
1664 5343 1826 5413 ἡσθὲο

247 5451 403 5506 νησε.
435 5434 545 5489 Καὶ
567 5433 636 5486 τὰ
662 5433 839 5488 σκύλα
868 5431 1057 5498 αὑτοῦ,
1083 5433 1203 5504 ἦτοι
1228 5434 1353 5498 τοὺς
1381 5431 1721 5506 ἀνθρῴπους.
1745 5435 1838 5499 οὓς

245 5523 395 5599 εἶχεν
415 5527 490 5590 ὡς
513 5525 752 5597 λάφυρα,
777 5526 1075 5580 ἀπέσπασα
1097 5526 1194 5578 ἀπ’
1212 5526 1400 5591 αὑτοῦ,
1425 5527 1520 5580 καὶ
1546 5527 1834 5597 διαδίδωμι

248 5619 408 5675 ἄλλον
438 5618 582 5690 ἄλλῳ
611 5616 830 5688 ἀγγέλῳ
861 5618 1036 5689 πιστῷ
1065 5617 1286 5687 φύλακι,
1316 5619 1406 5672 ἴνα
1434 5620 1556 5672 ἀντὶ
1591 5620 1685 5672 τοῦ
1718 5620 1833 5674 δαί⁸

254 5728 435 5784 μονος,
463 5703 510 5780 ᾧ
535 5710 903 5782 ιτυραννεῖτο,
941 5710 1038 5781 ἔχῃ
1071 5710 1234 5764 αὑτὸν
1262 5713 1289 5764 ὁ
1313 5711 1567 5780 ἄγγελος.
1603 5713 1712 5766 Καὶ
1739 5713 1832 5767 ἀλ-

251 5801 358 5868 λως
383 5803 465 5857 δέ·
493 5801 630 5860 Τίνα
660 5801 943 5857 κοινωνίαν
979 5803 1088 5873 ἔχω
1137 5803 1247 5871 ἐγὼ
1297 5805 1430 5877 πρὸς
1461 5805 1551 5859 τὸν
1598 5803 1826 5870 Βεελξε-

1943 4805 2043 4860 ego
2073 4788 2192 4842 veni
2231 4788 2322 4843 illo
2351 4788 2565 4854 fortior,
2592 4798 2647 4843 et
2681 4787 2783 4842 vici
2819 4787 3078 4841 mundum
3114 4786 3408 4855 omniaque
3437 4801 3528 4840 ar.

1943 4901 2026 4937 tua
2063 4883 2179 4952 ejus
2227 4882 2280 4936 iu
2313 4883 2511 4952 quibus
2544 4882 2762 4947 fidebat,
2799 4881 2981 4935 omnia
3033 4880 3243 4936 scilicet
3275 4888 3530 4948 peccatov

1942 4990 2060 5029 rum
2101 4989 2299 5045 genera
2335 4993 2347 5028 :
2382 4975 2472 5027 illa
2509 4974 2655 5028 enim
2679 4987 2832 5027 arma
2859 4983 2987 5028 sunt
3013 4973 3208 5027 diaboli
3247 4973 3299 5025 in
3331 4972 3531 5041 quibus

1940 5070 2137 5124 fidebat
2166 5079 2220 5123 et
2254 5067 2582 5138 praevalebat
2608 5067 2868 5123 adversus
2901 5067 3150 5122 homines
3188 5082 3202 5118 :
3233 5082 3382 5120 arma
3429 5065 3533 5138 igi-

1935 5171 2044 5228 tur,
2072 5161 2315 5229 inquaui,
2341 5160 2430 5214 illa
2448 5161 2564 5230 ejus
2584 5161 2778 5231 diripui
2804 5176 2926 5230 ego,
2949 5160 3038 5230 qui
3061 5161 3176 5215 sine
3195 5171 3419 5229 peccato
3444 5164 3530 5213 in-

1946 5262 2159 5318 ventus,
2183 5261 2236 5306 et
2261 5268 2326 5306 ex
2362 5267 2426 5307 eo
2453 5262 2695 5322 tempore
2717 5252 2910 5309 debilis
2934 5253 3110 5308 factus
3149 5260 3254 5312 est.
3284 5260 3336 5306 et
3354 5253 3530 5323 spolia

1937 5344 2078 5412 ejus,
2113 5344 2214 5399 hoc
2265 5352 2348 5398 est
2395 5343 2641 5398 homines
2672 5359 2809 5414 quos
2843 5343 3079 5398 habebat
3129 5343 3280 5414 quasi
3329 5344 3525 5412 spolia,

1938 5436 2008 5490 ab
2032 5451 2097 5490 eo
2124 5435 2304 5506 rapui,
2336 5445 2391 5490 et
2418 5434 2574 5490 trado
2613 5450 2699 5500 ea,
2733 5435 2878 5491 aliud
2910 5436 3000 5489 alii
3031 5433 3222 5505 angelo
3257 5433 3364 5488 ﬂdo
3424 5449 3524 5488 cu-

1934 5529 2183 5591 stodi,ut
2235 5541 2334 5597 pro
2375 5528 2639 5591 darmone,
2689 5511 2845 5595 cujus
2899 5529 3243 5598 tyrannidem
3302 5525 3522 5588 tulerat,

1933 5622 2130 5677 habeat
2166 5622 2436 5691 angelum.
2481 5621 2570 5676 Vel
2599 5621 2756 5676 aliter
2791 5640 2804 5675 :
2842 5621 3029 5689 Egone
3077 5618 3516 5674 communionem

1931 5727 2052 5768 cum
2081 5712 2368 5768 Beclzebul
2416 5712 2633 5769 habeo?
2673 5711 2846 5768 Meum
2884 5725 3018 5778 Opus
3057 5719 3141 5765 est
3183 5722 3517 5780 congregare

1929 5805 2068 5862 filios
2100 5806 2190 5863 Dei
2223 5807 2519 5877 dispersos,
2567 5807 2710 5863 illius
2753 5819 2881 5861 vero
2911 5813 3270 5873 congregatos
3300 5804 3507 5873 disper-
