4110 6332
608 391 711 455 8θί

1520 387 2094 454 THEOPHYLACTI
2134 391 2545 456 BULGARI/E
2581 388 2940 452 ARCHIEP.

3744 388 3851 452 86!

609 519 755 573 gere.
785 501 1253 570 Quomodoigitnr
1278 502 1341 555 de
1370 518 1453 557 me
1485 504 1738 573 cogitatis
1768 505 1910 573 quod
1933 520 2174 560 commn-

2286 503 2453 567 ϐούλ;
2501 500 2662 572 Ἐμὸν
2692 500 2752 572 ἔρ
2768 517 2852 569 [ον
2876 497 3017 564 ἐστὶ,
3056 496 3116 552 τδ
3163 497 3417 567 συνάγειν
3445 496 3514 550 τά
3555 496 3723 552 τέκνα
3764 501 3857 554 τοῦ

609 596 825 650 nionem
872 594 1094 649 habeam
1139 608 1261 646 cum
1298 592 1542 647 Satanai
1575 595 1640 648 Et
1676 594 1919 663 proiecto
1949 596 2062 651 haec
2088 611 2179 651 co-

2289 594 2422 649 Θεοῦ
2449 594 2516 647 τὰ
2545 589 3023 663 διεσκορπισμένα,
3052 588 3261 642 ἐκείνου
3318 589 3500 658 ἔργον,
3538 589 3600 642 τὸ
3627 589 3696 643 τὰ
3733 606 3859 643 συν-

608 683 798 755 ςῖιτιιίο
830 683 954 758 hinc
984 683 1181 747 oritur,
1216 685 1358 753 quod
1387 684 1658 739 daemones
1708 687 1876 757 magis
1913 703 2054 741 nunc
2084 702 2174 744 vos

2285 686 2499 758 ηγμὲνα
2534 684 2870 753 τκορπίζειν.
2901 681 3024 744 Πῶς
3047 676 3138 734 οὖν
3156 679 3382 734 τοιαῦτα
3432 682 3559 752 περὶ
3603 680 3736 750 ἐμοῦ
3777 682 3861 736 λο-

608 790 764 841 quant
802 774 933 828 olim
968 782 1235 843 premant.
1286 772 1493 825 Etenim
1538 775 1801 831 habuistis
1847 778 2011 834 etiam
2052 781 2177 834 olim

610 866 947 917 immundum
982 865 1252 933 spiritum,
1278 865 1369 933 qui
1404 866 1679 921 habitabat
1705 868 1755 922 in
1788 870 1940 926 vobis
1966 873 2179 942 quando

609 954 745 1007 idola
778 955 1059 1019 colebatis,
1093 965 1146 1010 et
1186 957 1475 1025 prophetas
1507 958 1880 1028 occidebatis;
1930 975 1982 1019 et
2034 964 2179 1019 visus

607 1054 687 1099 est
714 1054 893 1113 postea
924 1039 1093 1116 358
1115 1047 1260 1102 exire
1290 1062 1321 1101 ο
1346 1048 1495 1104 vobis
1525 1065 1541 1103 :
1570 1058 1625 1102 at
1649 1066 1791 1107 nunc
1822 1054 1975 1109 rediit
2005 1056 2059 1109 in
2087 1055 2181 1110 do-

612 1151 752 1189 mum
799 1151 973 1201 suam,
1019 1140 1120 1193 hoc
1158 1149 1241 1193 est
1277 1141 1484 1195 animas
1524 1152 1755 1208 vestras,
1803 1159 1924 1199 cum
1970 1155 2176 1216 septem

605 1227 902 1295 spiritibus,
929 1229 1031 1284 hoc
1050 1231 1364 1285 estmultis:
1392 1231 1679 1303 Scriptura
1692 1237 1834 1289 enim
1853 1246 2055 1305 septem
2082 1253 2178 1307 pro

608 1317 789 1373 multis
821 1328 1036 1385 usurpat
1065 1336 1081 1372 :
1120 1318 1355 1390 fecitque
1395 1324 1548 1379 vobis
1575 1335 1815 1379 extrema
1847 1328 2029 1396 pejora
2062 1330 2177 1397 pri-

609 1407 730 1459 niis.
760 1407 894 1461 Cum
941 1411 1086 1465 enim
1130 1411 1266 1467 idola
1313 1414 1583 1476 coleretis.
1624 1419 1913 1487 prephctas
1963 1421 2176 1475 occide-

607 1494 767 1559 batis,
792 1500 1029 1576 nondum
1060 1514 1245 1572 aperte
1270 1503 1460 1572 injuria
1494 1504 1808 1563 aﬂiciebatis
1839 1508 2030 1563 Filium
2062 1511 2175 1577 Dei,

2283 779 2525 847 γίζεσθε,
2553 780 2634 832 ὅτι
2668 777 2953 832 κοινωνίαν
2976 776 3084 846 ἔχω
3106 775 3243 847 πρὸς
3275 775 3367 829 τον
3399 776 3675 843 Σατανᾶν;
3721 776 3858 831 Ἀλλ’

2234 871 2238 875 ⁴
2282 873 2449 935 ὅντως
2498 874 2525 925 ό
2573 872 2816 935 τοιοῦτος
2865 870 3128 940 λογισμὸς
3174 870 3303 940 ὑμῖν
3356 870 3555 940 συνέϐη
3602 872 3712 925 ἀπὸ
3764 871 3856 925 τοῦ

2286 964 2488 1035 μᾶλλον
2539 964 2683 1034 ὑμᾶς
2735 963 3016 1035 δαιμονᾷν.
3069 960 3179 1016 Καὶ
3218 963 3325 1032 γὰρ
3374 963 3549 1032 εἴχετε
3612 964 3711 1033 μὲν
3764 964 3859 1019 καὶ

2284 1055 2474 1125 πρώην
2514 1056 2573 1109 τὸ
2607 1053 2913 1127 ἀκάθαρτον
2956 1054 3173 1123 πνεῦμα
3205 1052 3452 1107 ἐνοικοῦν
3485 1055 3544 1106 ἐν
3573 1053 3723 1123 ὑμῖν,
3770 1057 3857 1109 ὅτε

2282 1147 2743 1215 εἰδωλολατρεῐτε,
2791 1145 2887 1199 καὶ
2918 1146 3046 1208 τοὺς
3077 1146 3359 1217 προφήτας
3388 1143 3697 1214 ἐφονεύετε·
3742 1141 3859 1200 εἶτα

2281 1237 2457 1302 ἔδοξεν
2484 1238 2720 1304 ἐξελθεῖν
2750 1237 2993 1309 ἐξὺμῶν,
3018 1233 3138 1291 εἶτα
3158 1234 3253 1291 νῦν
3284 1236 3633 1307 ὑποστρέψαι)
3665 1238 3746 1301 είς
3768 1237 3859 1291 τὸν

2280 1329 2472 1383 ἑαυτοῦ
2518 1326 2685 1392 οἷκον,
2721 1329 2970 1383 τουτέστι
3011 1330 3108 1395 τάς
3136 1328 3409 1401 ὑμετέρας
3456 1328 3657 1399 ψυχὰς,
3718 1332 3857 1399 μετά

2282 1420 2608 1490 πνευμάτων
2639 1420 2799 1489 ἑπτά,
2835 1421 3001 1492 ήγουν
3033 1421 3266 1475 πολλῶν·
3312 1422 3372 1474 τὸ
3399 1418 3507 1491 γάρ
3536 1421 3699 1487 ἐπτά,
3741 1422 3859 1474 ἀντὶ

2278 1511 2394 1576 τοῦ,
2422 1510 2611 1578 πολλά,
2644 1515 2845 1566 νοεῖται
2885 1512 3036 1583 παρὰ
3068 1516 3132 1583 τῇ
3176 1514 3389 1585 Γραφῆο
3434 1512 3695 1582 ἐποίησεν
3729 1514 3857 1580 ὑμῖν

607 1587 696 1652 qui
728 1603 873 1643 nunc
896 1602 1115 1659 propter
1137 1608 1231 1648 vos
1258 1593 1311 1648 in
1345 1610 1508 1650 carne
1529 1599 1793 1667 apparuit.
1822 1597 1976 1653 Nunc
2001 1608 2174 1654 autem

2278 1603 2347 1655 τὰ
2371 1602 2575 1673 ἔσχατα
2608 1603 2829 1675 χείρονα
2849 1604 2959 1659 τῶν
2990 1604 3241 1677 πρώτων.
3272 1606 3421 1677 Ὀσῳ
3443 1605 3566 1659 τότε
3597 1606 3698 1676 μὲν
3731 1606 3858 1660 ὅταν

606 1692 724 1743 qua:
751 1693 872 1745 spes
898 1681 1087 1735 salutis
1125 1685 1340 1752 quando
1370 1694 1423 1739 et
1456 1686 1736 1743 incarnato
1762 1689 1898 1759 Filio
1934 1690 2053 1753 Dei,
2085 1692 2174 1760 qui

2281 1694 2521 1757 εἰδώλοις
2562 1695 2906 1765 ἐ>.ατρεύετε,
2952 1696 3077 1760 τοὺς
3122 1698 3405 1769 προφήτας
3444 1696 3856 1761 ἀπεκτιννύετε,

606 1778 659 1822 et
690 1781 906 1837 propter
938 1788 1030 1828 vos
1058 1775 1314 1830 miracula
1352 1788 1608 1847 operatus
1635 1787 1741 1846 est,
1781 1781 1831 1841 in
1858 1790 2058 1835 tantam
2092 1782 2174 1836 in-

2282 1788 2379 1841 καὶ
2412 1786 2565 1840 οῦπω
2592 1788 2745 1842 οὐδὲν
2778 1790 2857 1852 είς
2888 1788 2977 1842 τὸν
3004 1789 3100 1842 τοῦ
3140 1787 3276 1842 Θεοῦ
3317 1790 3445 1844 Υίὺν
3475 1790 3758 1862 προδήλως
3790 1790 3858 1844 δι’

606 1862 992 1929 κτοιίιιιάἰηοηι
1046 1871 1100 1919 et
1168 1869 1544 1924 contumeliam
1597 1873 1959 1940 prorupistis?
2004 1873 2173 1929 Porro

2276 1879 2420 1947 ὑμᾶς
2451 1879 2507 1932 ἐν
2531 1880 2698 1949 σαρκὶ
2726 1850 2964 1948 φανέντα
3003 1879 3278 1951 ὑϐρίζετε.
3314 1881 3428 1935 Νῦν
3462 1850 3672 1936 δὲ’ποία
3704 1850 3858 1946 ἐλπὶς

607 1950 718 2004 loca
746 1966 1028 2019 tnaquosa,
1053 1957 1246 2025 animae
1266 1968 1393 2013 sunt
1415 1975 1602 2015 eorum
1626 1963 1720 2029 qui
1749 1963 1884 2017 nihil
1912 1978 2172 2033 aquosum

2283 1970 2582 2041 σωτηρίας,
2631 1973 2719 2024 ὅτε
2763 1974 2857 2025 καὶ
2911 1972 3285 2041 σαρκωθέντος
3324 1971 3417 2025 τοῦ
3466 1973 3619 2039 Υίοῦ,
3656 1976 3752 2027 καὶ
3789 1974 3858 2026 δι’

604 2052 659 2093 et
698 2044 1009 2099 dissolutum
1060 2048 1282 2113 habent,
1320 2054 1412 2106 sed
1462 2052 1624 2108 arida:
1658 2064 1712 2109 et
1756 2056 1996 2112 sollicitae
2028 2067 2171 2124 sunt,

2276 2062 2419 2132 ὑμᾶς
2444 2062 3010 2131 θαυματουργοῦντος,
3034 2065 3125 2116 ἐπὶ
3148 2064 3245 2132 τῆς
3269 2065 3439 2135 αὐτῆς
3460 2066 3855 2135 ἀγνωμοσύνης

605 2130 657 2184 in
695 2133 887 2200 quibus
930 2137 1125 2191 nullam
1161 2140 1394 2209 quietem
1439 2143 1641 2199 invenit
1678 2147 1917 2232 spiritus_
1945 2148 2174 2203 immun-

2276 2130 2373 2206 καὶ
2414 2130 2622 2223 ὕϐρεως
2668 2130 2969 2223 ἑστήκατε;
3021 2130 3272 2226 Ἀνυδροι
3322 2130 3697 2239 δέ-τόποιξαῐ
3750 2130 3858 2210 τῶν

604 2221 771 2277 ditia.
824 2225 887 2279 Et
925 2228 1175 2294 quoniam
1232 2232 1281 2285 in
1332 2232 1527 2288 talibus
1571 2236 1857 2293 animabus
1906 2220 2174 2309 niaiignus

2278 2243 2442 2313 μηδὲν
2487 2220 2694 2315 -ύδαρὲς
2748 2220 2978 2316 ἐχόντων
3017 2220 3200 2317 ψυχαὶ-
3256 2249 3390 2319 μηδὲ
3433 2220 3678 2315 ἔκλυτον,
3722 2250 3857 2303 ἀλλά

609 2314 813 2369 nullum
843 2317 1095 2374 domicilii
1128 2322 1305 2377 locum
1345 2324 1569 2391 invenit,
1608 2329 1673 2379 ad
1708 2326 1917 2383 Jndzcos
1948 2334 2174 2387 reverti-

2276 2335 2371 2389 καὶ
2416 2314 2611 2406 ξηραὶ,
2652 2337 2749 2391 καὶ
2778 2314 3329 2409 μεμεριμνημέναι(
3357 2342 3413 2393 ἐν
3457 2336 3543 2406 αἷς
3598 2342 3861 2413 οὐδεμίαν

608 2414 716 2465 tur,
736 2415 788 2458 et
817 2405 947 2461 {lunt
973 2409 1103 2479 ipsis
1128 2414 1423 2481 posteriora
1450 2415 1718 2471 deteriora
1746 2421 1933 2488 primis
1961 2438 1973 2473 :
1999 2437 2174 2492 neque

2276 2405 2519 2497 εὑρίσκει
2578 2429 2637 2480 τὸ
2695 2405 2913 2499 πνεῦμα
2951 2405 3062 2498 -τῆς
3102 2405 3471 2501 ’.ἀκαθαρσίας
3525 2405 3855 2489 όνάπαύσιν.

602 2492 776 2547 adhuc
796 2496 993 2552 habent
1016 2502 1342 2573 prophetas;
1376 2508 1689 2562 occiderunt
1714 2512 1855 2564 enim
1893 2510 2128 2568 Verbum
2154 2532 2167 2567 :

605 2600 781 2653 neque
832 2591 1136 2645 unctionem
1167 2611 1179 2646 :
1216 2595 1494 2652 Christum
1552 2602 1697 2654 enim
1764 2605 2167 2660 eruciﬂxerunt.

606 2674 730 2732 llaec
762 2680 904 2733 enim
944 2682 993 2735 in
1026 2682 1133 2739 illis
1175 2688 1300 2740 olim
1349 2692 1697 2759 apparebant,
1734 2697 1987 2761 quamvis
2036 2698 2171 2751 idola

605 2767 881 2824 tolerent:
911 2789 1052 2827 nunc
1082 2787 1258 2831 autem
1278 2780 1401 2849 quia
1433 2784 1484 2835 in
1515 2782 1708 2837 Filium
1739 2787 1827 2839 Dei
1851 2797 2173 2856 peccarnnt,

604 2860 854 2915 omnibus
885 2864 959 2917 illi
986 2869 1174 2933 privat‘
1208 2883 1352 2926 sunt.

2288 2519 2444 2571 Ἐπεὶ
2490 2519 2667 2573 τοίνυν
2722 2520 2778 2571 ἐν
2832 2523 2953 2585 ταῖς
3003 2522 3280 2587 τοιαύταις
3329 2522 3530 2593 ψυχαῖς
3592 2524 3857 2590 οὐδεμίαν

2278 2611 2604 2680 ἐνοικήσεως
2630 2608 2813 2682 χώραν
2831 2612 2940 2681 ἔχει
2959 2614 2990 2666 ό
3013 2615 3267 2684 πονηρὸς,
3294 2614 3386 2667 ἐπὶ
3407 2616 3532 2678 τοὺς
3568 2615 3856 2679 Ἰουδαίους

2278 2703 2561 2769 τρέπεται,
2596 2705 2688 2757 καὶ
2718 2705 2927 2772 γίνεται
2949 2707 3127 2761 αὐτῶν
3154 2708 3224 2760 τὰ
3254 2708 3456 2777 ἐσχατα
3497 2709 3719 2779 χείρονα
3748 2708 3855 2761 τῶν

2275 2792 2527 2861 πρώτων
2555 2794 2739 2847 οὐκέτι
2769 2779 2872 2866 γὰρ
2903 2797 3032 2866 παρ’
3062 2800 3245 2862 αὐτοῖς
3270 2799 3568 2868 προφῆται·
3593 2799 3855 2852 ἀπέκτει-

2274 2904 2372 2939 ναν
2405 2888 2513 2958 γὰρ
2538 2891 2629 2942 τὸν
2658 2890 2835 2957 λόγον·
2871 2892 3055 2944 οὐκέτι
3090 2891 3322 2961 χρίσμα·
3353 2891 3443 2944 τὸν
3475 2892 3584 2961 γάρ
3616 2890 3854 2963 Χριστὸν

601 2949 975 3021 ἐσταύρωσαν.
1014 2956 1196 3013 Ταῦτα
1222 2962 1277 3015 δὲ
1310 2965 1369 3015 ἐν
1407 2964 1588 3029 αὐτοῖς
1624 2966 1847 3036 ώρῶντο
1914 2970 2124 3043 πρώην,
2162 2978 2209 3029 εί
2250 2979 2342 3031 καὶ
2394 2949 2830 3052 ε’ίδωλολάτρουν,
2890 2981 2982 3035 νῦν
3026 2949 3252 3035 samem}
3320 2984 3397 3046 είς
3444 2949 3715 3038 sitv-Tib";
3758 2985 3851 3039 τοῦ

602 3041 737 3093 θεοῦ
768 3044 1034 3114 ἥμαρτον,
1068 3052 1281 3106 πάντων
1316 3055 1658 3126 ἐστέρηνται.

680 3133 1047 3193 νεειςΑἹ-ὅὲ.
1079 3161 1095 3190 ι
1124 3142 1346 3198 Facutm
1372 3159 1453 3201 cst
1472 3161 1672 3215 autem,
1694 3168 1814 3207 cum
1834 3157 1947 3211 haec
1968 3158 2170 3213 diceret
2199 3165 2245 3226 ο

604 3225 865 3281 moliens
891 3243 1071 3285 vocem
1096 3237 1337 3301 quaedam
1367 3241 1558 3295 mulier
1578 3243 1643 3296 de
1673 3247 1848 3312 turba,
1873 3248 2009 3302 dixit
2052 3251 2126 3304 illi
2159 3269 2172 3305 :

605 3314 797 3371 Beatus
824 3330 1007 3375 venter
1042 3325 1129 3390 qui
1159 3334 1207 3380 te
1240 3331 1493 3396 portavit,
1536 3342 1589 3385 et
1620 3334 1781 3388 ubera
1812 3353 1930 3406 qua:
1956 3341 2171 3396 suxisti.

609 3414 677 3461 At
704 3407 792 3463 ille
822 3411 994 3466 dixit:
1023 3414 1295 3483 Quinitno,
1326 3423 1469 3475 beati
1502 3424 1586 3490 qui
1619 3427 1843 3482 audiunt
1870 3443 2172 3486 sermonem

610 3502 724 3566 Dei,
758 3514 805 3559 ct
851 3511 1158 3565 custodiunt
1194 3513 1359 3567 illum.
1392 3516 1589 3571 Turbis
1624 3530 1801 3575 autem
1840 3524 2174 3581 condensati-

609 3594 750 3647 tibus
776 3609 832 3648 sc
856 3600 1015 3665 coepit
1046 3601 1228 3656 dicere
1257 3620 1269 3657 :
1305 3603 1462 3660 Natio
1490 3608 1603 3663 inec
1639 3611 1776 3664 mala
1804 3625 1926 3669 est:
1962 3617 2172 3685 signum

605 3687 821 3752 qna3rit,
850 3698 904 3742 et
931 3691 1143 3759 signum
1178 3711 1279 3748 non
1306 3697 1524 3752 dabitur
1546 3703 1616 3767 ei,
1648 3702 1748 3757 nisi
1788 3705 1995 3774 signum
2027 3705 2176 3763 Jona:

606 3778 902 3846 prophetia.
946 3779 1077 3836 Nam
1112 3785 1248 3863 sica}
1292 3786 1460 3844 Jonas
1498 3793 1708 3861 signum
1762 3794 1856 3848 fuit
1903 3796 2172 3865 Ninivitis,

607 3866 682 3920 ita
737 3870 895 3923 etiam
930 3871 1097 3928 Filius
1146 3876 1378 3933 hominis
1417 3881 1521 3934 erit
1573 3884 1775 3937 nationi
1819 3887 1927 3941 isti.
1971 3888 2174 3959 Regina

608 3962 777 4015 austri
805 3974 985 4030 surget
1031 3966 1083 4019 in
1111 3966 1313 4034 judicio
1343 3984 1464 4024 cum
1492 3974 1620 4025 viris
1648 3976 1880 4031 nationis
1912 3978 2090 4048 hujus,
2123 3991 2176 4035 et

609 4054 987 4110 condemnabit
1009 4056 1127 4111 illos
1155 4076 1168 4112 :
1204 4060 1325 4129 quia
1364 4063 1510 4114 venit
1535 4077 1563 4116 a
1589 4063 1785 4119 ﬁnibus
1818 4076 1973 4122 terrm
1997 4081 2055 4123 ut
2082 4087 2175 4124 an-

608 4141 747 4195 diret
783 4146 1099 4213 sapientiam
1131 4150 1458 4217 Solomonis,
1489 4164 1543 4210 et
1570 4170 1693 4211 ecce
1722 4159 1838 4226 plus
1876 4177 2035 4229 quam
2076 4164 2175 4219 So-

602 4231 782 4287 lamen
820 4235 921 4289 hoc
956 4237 1006 4289 in
1036 4237 1175 4293 loco.
1212 4240 1320 4295 Viri
1347 4240 1596 4298 Ninivitm
1635 4259 1855 4317 surgent
1896 4251 1947 4304 in
1974 4253 2175 4319 judicio

604 4340 725 4377 cum
759 4328 975 4383 natione
1005 4329 1127 4395 hac,
1160 4342 1214 4386 et
1261 4335 1697 4392 condemnabunt
1740 4341 1908 4409 illam,
1956 4347 2081 4412 quia
2108 4349 2175 4402 ad

600 4417 969 4484 paenitentiam
1013 4423 1229 4477 adducti
1282 4437 1408 4480 sunt
1454 4430 1839 4496 praedicatione
1883 4434 2033 4492 lunae
2073 4458 2086 4494 :
2121 4450 2176 4493 et

588 4520 728 4579 ecce
778 4509 897 4577 plus
927 4527 1087 4579 quam
1132 4513 1263 4568 Jona
1300 4516 1403 4571 hoc
1442 4519 1494 4572 in
1546 4520 1687 4576 loco.
1728 4541 1746 4575 ι
1790 4524 2078 4584 ΡΙιονίετθίε
2116 4542 2169 4586 et

606 4596 812 4653 Scribis
836 4601 1092 4656 miracula
1117 4608 1449 4674 taxautibus,
1475 4611 1667 4666 mulier
1688 4614 1914 4684 simplex
1936 4621 2167 4693 doloque

603 4708 794 4748 carens
832 4695 919 4749 ilia
959 4698 1219 4754 celebrat.
1284 4700 1383 4756 Ubi
1437 4714 1615 4759 autem
1666 4718 1793 4763 sunt
1843 4713 1933 4779 qui
1983 4714 2169 4769 dicunt

603 4784 886 4841 Dominum
913 4800 1233 4859 apparenter
1257 4803 1461 4850 tantum
1487 4800 1836 4868 apparuisse?
1863 4801 1985 4860 Haec
2009 4807 2169 4875 igitur

604 4880 757 4934 testis
779 4882 850 4935 sit
880 4883 1019 4950 quod
1048 4891 1100 4935 et
1127 4883 1291 4939 ubera
1320 4889 1547 4944 snxerit.
1572 4890 1689 4959 ipse
1715 4909 1843 4950 vero
1875 4895 2061 4952 beatos
2085 4898 2169 4951 dio

605 4971 679 5024 cit
717 4971 841 5026 illos
886 4974 975 5041 qui
1005 4976 1318 5031 custodiunt
1353 4993 1656 5037 sermonem
1703 4983 1821 5051 Dei,
1865 5001 1970 5041 non
2003 4988 2168 5043 desti-

608 5072 762 5119 tuens
792 5067 1124 5125 beatitudine
1150 5071 1375 5127 Matrem
1400 5089 1575 5140 suam,
1601 5076 1741 5132 absit
1772 5096 1784 5131 :
1816 5080 1911 5134 sed
1934 5085 2171 5138 ostendit

604 5158 745 5222 quod
782 5158 942 5211 etiam
976 5160 1052 5213 illi
1098 5164 1242 5218 nulla
1276 5165 1482 5221 utilitas
1512 5164 1687 5221 futura
1735 5170 1803 5223 sit
1835 5186 1899 5226 ex
1926 5188 1990 5229 eo
2024 5176 2168 5244 quod

606 5247 809 5311 peperit
833 5260 885 5302 et
914 5250 1191 5306 iactaverit
1215 5254 1411 5324 ipsum,
1441 5258 1541 5313 nisi
1566 5259 1793 5317 virtutes
1819 5263 1952 5319 alias
1977 5280 2169 5323 omnes

608 5334 821 5392 habeat.
855 5340 1080 5411 Insuper
1109 5352 1163 5399 et
1198 5346 1311 5401 hwc
1334 5352 1647 5416 tempestive
1678 5353 1827 5408 dicit.
1859 5354 1993 5421 Quia
2024 5358 2166 5413 enim

607 5427 772 5482 invidi
806 5440 856 5484 et
901 5433 1269 5493 inobcdientes
1320 5442 1616 5509 arguebant
1658 5446 1794 5500 alios
1817 5447 1927 5517 [qui
1959 5464 2169 5506 sermo-

611 5532 707 5572 nes
774 5519 888 5587 ejus
941 5527 1248 5591 audiebant,
1287 5530 1405 5586 ideo
1454 5532 1700 5590 Christus
1747 5548 1933 5593 contra
1982 5541 2171 5597 beatos

611 5625 705 5665 eos
743 5612 875 5667 dicit
929 5617 1020 5685 qui
1084 5620 1324 5675 audiunt.
1378 5622 1645 5681 Fortassis
1704 5639 1883 5685 autem
1943 5640 1997 5686 et
2041 5648 2170 5702 pro-

614 5712 735 5773 pter
787 5716 1033 5764 sanatum
1082 5713 1300 5769 surdum
1350 5716 1464 5772 haec
1495 5719 1627 5775 dicit
1661 5738 1677 5777 :
1711 5731 1769 5777 ut
1810 5731 1861 5777 et
1894 5723 2009 5795 ipse
2045 5741 2169 5782 cum

615 5794 867 5863 audierit,
929 5799 1091 5857 l'aciat
1158 5818 1484 5875 sermonem,
1550 5817 1602 5866 et
1672 5828 1776 5869 non
1845 5813 1940 5868 ﬂat
2003 5816 2053 5871 ei
2119 5816 2170 5871 in

2358 3157 2606 3227 Ἐγένετο
2636 3158 2691 3211 δὲ
2731 3159 2788 3210 ἐν
2831 3158 2908 3228 τῷ
2957 3158 3134 3226 λέγειν
3164 3159 3324 3212 αὐτὸν
3366 3160 3555 3230 ταῦτα,
3597 3163 3854 3235 ἐπάρασά

2279 3267 2361 3311 τις
2390 3249 2526 3319 γυνὴ
2553 3249 2734 3319 φωνὴν
2760 3252 2822 3303 ἐκ
2851 3250 2941 3302 τοῦ
2978 3251 3156 3321 ὖχλου,
3182 3245 3335 3305 sin-sv
3355 3252 3504 3321 αὺτῷ
3530 3270 3543 3283 ·
3588 3255 3853 3325 Μακαρία

2280 3344 2313 3409 ἠ
2343 3344 2518 3395 κοιλία
2551 3344 2582 3412 ή
2612 3343 2925 3411 βαστάσασά
2955 3360 3035 3405 οε,
3065 3346 3158 3397 καὶ
3192 3348 3411 3413 μαστοὶ,
3437 3346 3531 3409 οὓς
3559 3348 3847 3417 ἐθήλασας.

2274 3434 2446 3495 Αὐτὸς
2492 3435 2547 3485 δὲ
2606 3430 2757 3485 εἷπε’
2799 3433 3099 3501 Μενοῦνγε,
3150 3436 3409 3507 μακάριοι
3460 3438 3510 3491 οἱ
3559 3440 3850 3506 ἀκούοντες

2275 3523 2363 3577 τὸν
2416 3523 2571 3591 λόγον
2611 3523 2701 3575 τοῦ
2738 3523 2904 3585 Θεοῦ,
2943 3525 3037 3576 καὶ
3083 3526 3453 3593 φυλάσσοντες
3494 3529 3680 3585 αὐτόν.
3730 3531 3851 3585 Τῶν

2274 3615 2329 3667 δὲ
2359 3616 2527 3684 ὄχλων
2560 3615 3053 3685 ἐπαθροιζομένων,
3092 3617 3294 3687 ήρξατο
3332 3618 3542 3687 λέγειν’
3585 3621 3650 3676 ’11
3692 3624 3850 3691 γενιά

2278 3703 2414 3772 αὕτη
2438 3704 2651 3771 πονηρά
2680 3706 2822 3770 ἐστι,
2850 3708 3074 3774 σημεῖον
3101 3707 3368 3775 ἐπιζητεῖ,
3398 3712 3492 3763 καὶ
3531 3715 3759 3782 σημεῖον
3789 3716 3849 3770 οὐ

2278 3791 2561 3862 δοθήσεται
2593 3793 2754 3863 αὐτῇ,
2792 3793 2839 3844 εί
2874 3796 2948 3863 μὴ
2973 3795 3032 3846 τδ
3068 3798 3292 3866 σημεῖον
3328 3797 3481 3851 Ἰωνᾶ
3513 3800 3608 3853 τοῦ
3637 3805 3851 3874 προφή-

2276 3902 2390 3940 του.
2449 3882 2643 3947 Καθὼς
2673 3886 2782 3955 γὰρ
2832 3884 3046 3953 ἐγένετο
3093 3888 3273 3950 Ἰωνᾶς
3307 3892 3538 3960 σημεῖον
3584 3894 3700 3957 τοῖς
3752 3895 3851 3949 Νι-

2276 3977 2536 4040 νευίταις,
2567 3977 2737 4041 οὕτως
2774 3977 2926 4031 ἔσται
2965 3979 3108 4032 καὶὸ
3137 3981 3262 4043 Υἱὸς
3314 3982 3409 4036 τοῦ
3457 3983 3746 4055 ἀνθρώπου
3785 3992 3851 4060 τῇ

2276 4072 2438 4139 γενεᾷ
2472 4070 2661 4141 ταύτῃ.
2706 4071 3002 4125 Βασίλισσα
3056 4072 3210 4126 νότου
3272 4076 3637 4148 ἐγερθήσεται
3696 4082 3754 4134 ἐν
3784 4085 3849 4153 τῇ

2277 4164 2454 4232 κρίσει
2488 4164 2624 4231 μετά
2651 4163 2757 4216 τῶν
2787 4164 2998 4233 ἀνδρῶν
3024 4164 3123 4233 τῆς
3151 4169 3343 4233 γενεᾶς
3368 4169 3596 4239 ταύτης,
3628 4172 3721 4225 καὶ
3751 4189 3851 4225 κα-

2276 4260 2516 4323 τακρινεί
2547 4257 2761 4318 αὐτοὺς,
2794 4256 2873 4308 ὅτι
2901 4252 3066 4325 ἦλθεν
3097 4258 3159 4308 ἐκ
3188 4259 3296 4310 τῶν
3328 4261 3582 4330 περάτων
3622 4265 3724 4333 τῆς
3754 4267 3855 4336 γῆς

2277 4347 2506 4399 ἀκοῦσαι
2548 4347 2644 4416 τὴν
2699 4349 2889 4415 σοφίαν
2938 4349 3304 4419 Σολομῶντος,
3353 4353 3448 4406 καὶ
3501 4355 3612 4408 ίδοῦ
3672 4356 3857 4411 πλεῖον

2278 4439 2620 4509 Σολομῶντος
2650 4434 2771 4493 ὦδε.
2807 4442 3033 4511 ’Ἄνδρες
3064 4442 3112 4496 Ν
3121 4446 3345 4497 ινευῖται
3376 4446 3776 4519 ἀναστήσονται
3800 4453 3857 4505 ἐν

2203 4514 2242 4569 D
2272 4532 2336 4599 τῇ
2362 4530 2537 4598 κρίσει
2568 4531 2703 4598 μετὰ
2724 4532 2821 4600 τῆς
2844 4533 3036 4598 γενεᾶς
3049 4534 3275 4602 ταύτης,
3302 4536 3397 4588 καὶ
3422 4540 3854 4609 κατακρινοῦσιν

2276 4621 2466 4689 αὐτὴν,
2494 4622 2574 4674 ὅτι
2597 4623 2931 4692 μετενόησαν
2953 4624 3031 4685 εἰς
3049 4624 3109 4676 τὸ
3137 4626 3402 4694 κήρυγμα
3429 4627 3603 4692 Ἰωνᾶ,
3628 4633 3722 4683 καὶ
3748 4633 3855 4687 ίδοὺ

2277 4712 2460 4765 πλεῖον
2496 4712 2649 4766 Ἰωνᾶ
2670 4708 2791 4766 ὧδε.
2829 4733 2847 4766 ι
2875 4714 2995 4768 Τῶν
3016 4716 3327 4786 Φαρισαίων
3351 4719 3446 4772 καὶ
3472 4719 3857 4789 Γραμματέων

2275 4804 2666 4858 διαϐαλλόντων
2697 4806 2764 4859 τὰ
2808 4806 3081 4878 θαύματα,
3118 4810 3150 4879 ή
3190 4810 3327 4879 γυνὴ
3356 4811 3417 4864 τὸ
3444 4809 3631 4865 ἄδολον
3664 4818 3857 4887 χρῆμα

2277 4898 2369 4949 καὶ
2409 4896 2611 4950 ἁπλοῦν
2648 4899 2904 4968 εὐφημεῖ.
2940 4899 3051 4952 Ποῦ
3077 4900 3133 4952 δέ
3168 4902 3307 4954 εἰσιν
3353 4903 3403 4955 oi
3440 4902 3694 4971 λέγοντες
3721 4924 3856 4975 φαν-

2275 4988 2435 5058 τασίᾳ
2470 4990 2702 5059 φανῆναι
2744 4991 2834 5043 τὸν
2865 4990 3097 5059 Κύριον;
3159 4994 3290 5046 Ἰδοὺ
3333 4995 3441 5065 γὰρ
3475 4996 3569 5048 καὶ
3605 5002 3855 5066 μαστοὺς

2277 5081 2503 5151 θηλάσαι
2526 5086 2903 5153 μαρτυρεῖται.
2920 5085 3092 5149 Αὐτὸς
3112 5085 3169 5139 δὲ
3188 5087 3481 5156 μακαρίζει
3508 5090 3634 5148 τοὺς
3657 5092 3857 5161 φυλάσ-

2280 5190 2466 5236 σοντας
2490 5175 2582 5228 τὸν
2610 5174 2765 5244 λόγον
2799 5176 2891 5229 τοῦ
2930 5170 3087 5244 Θεοῦ,
3115 5180 3214 5233 οὐκ
3246 5180 3524 5236 ἐκϐάλλων
3548 5185 3646 5237 τοῦ
3678 5203 3856 5257 μακα-

2280 5266 2475 5335 ρισμοῦ
2515 5268 2613 5338 τὴν
2650 5270 2881 5337 Μητέρα
2916 5270 3103 5338 αὐτοῦ,
3148 5272 3351 5342 ἄπαγε,
3393 5276 3533 5329 ἀλλά
3563 5277 3850 5344 δεικνύων,

2276 5356 2356 5409 ὅτι
2400 5358 2552 5411 οὐδὲν
2582 5360 2701 5413 οὐδὲ
2747 5361 2928 5431 ἐκείνη
2956 5362 3373 5434 ὠφεληθήσεται
3401 5368 3509 5421 ἀπὺ
3539 5368 3633 5425 τοῦ
3673 5372 3853 5426 τεκεῖν

2278 5450 2440 5503 αὐτὸν
2490 5454 2583 5506 καὶ
2642 5454 2898 5524 θηλάσαι,
2948 5457 2997 5509 εἰ
3049 5458 3123 5527 μὴ
3164 5459 3259 5513 καὶ
3286 5460 3386 5531 τήν
3432 5460 3601 5533 ἀλλην
3630 5463 3853 5517 ἅπασαν

2281 5543 2480 5613 ἀρετὴν
2527 5532 2661 5613 ἔχοι.
2694 5545 2844 5615 Ἀμα
2894 5547 3073 5601 δὲκαὶ
3132 5549 3269 5619 πρὸς
3313 5552 3403 5605 τὸν
3442 5532 3635 5623 καιρὸν
3680 5554 3854 5611 ταῦτά

2282 5649 2466 5701 φησιν.
2504 5634 2654 5686 Ἐπεὶ
2682 5636 2788 5707 γὰρ
2813 5641 2861 5691 oi
2888 5636 3147 5707 βάσκανοι
3171 5640 3262 5693 καὶ
3292 5642 3514 5713 ἀνήκοοι
3540 5644 3650 5697 τῶν
3681 5644 3852 5713 λόγων

2282 5725 2447 5779 αὐτοῦ
2486 5726 2762 5783 διέϐαλλον
2801 5730 2926 5794 τοὺς
2966 5732 3285 5801 ἀκούοντας,
3314 5735 3477 5798 αὐτὸς
3511 5736 3573 5789 τὸ
3607 5738 3850 5793 ἐναντίον

2287 5818 2469 5887 ποιῶν,
2508 5820 2707 5891 μᾶλλον
2748 5825 3039 5896 μακαρίζει
3093 5828 3215 5893 τοὺς
3260 5829 3576 5894 ἀκούοντας.
3608 5832 3763 5904 Τάχα
3792 5832 3846 5886 δὲ
