  <div class='ocr_page' id='page_1' title='image "/cluster/home/n/w/nwhite01/storage/ocr_20150623/123/pst.000005714384/454.png"; bbox 0 0 4110 6332; ppageno 0'>
   <div class='ocr_carea' id='block_1_1' title="bbox 275 363 392 428">
    <p class='ocr_par' dir='ltr' id='par_1_1' title="bbox 275 363 392 428">
     <span class='ocr_line' id='line_1_1' title="bbox 275 363 392 428; baseline -0.017 0"><span class='ocrx_word' id='word_1_1' title='bbox 275 363 392 428; x_wconf 79' lang='grc'><strong>865</strong></span> 
     </span>
    </p>
   </div>
   <div class='ocr_carea' id='block_1_2' title="bbox 1030 349 2900 418">
    <p class='ocr_par' dir='ltr' id='par_1_2' title="bbox 1030 349 2900 418">
     <span class='ocr_line' id='line_1_2' title="bbox 1030 349 2900 418; baseline -0.003 -1"><span class='ocrx_word' id='word_1_2' title='bbox 1030 355 1485 418; x_wconf 79' lang='lat' dir='ltr'><strong>ENARRATIO</strong></span> <span class='ocrx_word' id='word_1_3' title='bbox 1527 354 1611 416; x_wconf 90' lang='grc' dir='ltr'><strong>ΙΝ</strong></span> <span class='ocrx_word' id='word_1_4' title='bbox 1652 351 2164 417; x_wconf 83' lang='lat' dir='ltr'><strong>EVANGELIUM</strong></span> <span class='ocrx_word' id='word_1_5' title='bbox 2205 349 2442 411; x_wconf 72' lang='lat' dir='ltr'><strong>LUC/E.</strong></span> <span class='ocrx_word' id='word_1_6' title='bbox 2483 376 2552 387; x_wconf 90' lang='grc'><strong>-·-</strong></span> <span class='ocrx_word' id='word_1_7' title='bbox 2585 353 2748 414; x_wconf 85' lang='lat' dir='ltr'><strong>CAP.</strong></span> <span class='ocrx_word' id='word_1_8' title='bbox 2793 354 2900 413; x_wconf 78' lang='lat' dir='ltr'><strong>X1.</strong></span> 
     </span>
    </p>
   </div>
   <div class='ocr_carea' id='block_1_3' title="bbox 3489 362 3597 424">
    <p class='ocr_par' dir='ltr' id='par_1_3' title="bbox 3489 362 3597 424">
     <span class='ocr_line' id='line_1_3' title="bbox 3489 362 3597 424; baseline 0 0"><span class='ocrx_word' id='word_1_9' title='bbox 3489 362 3597 424; x_wconf 82' lang='lat'><em>866</em></span> 
     </span>
    </p>
   </div>
   <div class='ocr_carea' id='block_1_4' title="bbox 285 466 1877 544">
    <p class='ocr_par' dir='ltr' id='par_1_4' title="bbox 285 469 1877 544">
     <span class='ocr_line' id='line_1_4' title="bbox 285 469 1877 544; baseline -0.008 -11"><span class='ocrx_word' id='word_1_10' title='bbox 285 477 385 536; x_wconf 73' lang='grc' dir='ltr'>καὶ</span> <span class='ocrx_word' id='word_1_11' title='bbox 411 476 498 530; x_wconf 81' lang='grc' dir='ltr'>διὰ</span> <span class='ocrx_word' id='word_1_12' title='bbox 528 477 624 529; x_wconf 80' lang='grc' dir='ltr'>τὸν</span> <span class='ocrx_word' id='word_1_13' title='bbox 653 475 872 533; x_wconf 81' lang='grc' dir='ltr'>ίαθέντα</span> <span class='ocrx_word' id='word_1_14' title='bbox 905 473 1086 541; x_wconf 74' lang='grc' dir='ltr'>κωφὸν</span> <span class='ocrx_word' id='word_1_15' title='bbox 1112 470 1289 527; x_wconf 82' lang='grc' dir='ltr'>ταῦτά</span> <span class='ocrx_word' id='word_1_16' title='bbox 1320 489 1510 544; x_wconf 82' lang='grc' dir='ltr'>φησιν,</span> <span class='ocrx_word' id='word_1_17' title='bbox 1556 470 1642 522; x_wconf 84' lang='grc' dir='ltr'>ἵνα</span> <span class='ocrx_word' id='word_1_18' title='bbox 1670 469 1766 522; x_wconf 72' lang='grc' dir='ltr'>καὶ</span> <span class='ocrx_word' id='word_1_19' title='bbox 1790 469 1877 521; x_wconf 80' lang='grc' dir='ltr'><strong>αὺ-</strong></span> 
     </span>
    </p>
   </div>
   <div class='ocr_carea' id='block_1_5' title="bbox 1986 466 3595 544">
    <p class='ocr_par' dir='ltr' id='par_1_5' title="bbox 1997 466 3595 542">
     <span class='ocr_line' id='line_1_5' title="bbox 1997 466 3595 542; baseline 0.006 -21"><span class='ocrx_word' id='word_1_20' title='bbox 1997 466 2513 521; x_wconf 83' lang='lat' dir='ltr'><strong>condemuatiouem</strong></span> <span class='ocrx_word' id='word_1_21' title='bbox 2585 477 2803 536; x_wconf 85' lang='lat' dir='ltr'><strong>recepta</strong></span> <span class='ocrx_word' id='word_1_22' title='bbox 2873 467 3131 524; x_wconf 91' lang='lat' dir='ltr'><strong>audiendi</strong></span> <span class='ocrx_word' id='word_1_23' title='bbox 3187 470 3355 542; x_wconf 82' lang='lat'><strong>359</strong></span> <span class='ocrx_word' id='word_1_24' title='bbox 3404 473 3595 531; x_wconf 87' lang='lat' dir='ltr'><strong>virtus.</strong></span> 
     </span>
    </p>
   </div>
   <div class='ocr_carea' id='block_1_6' title="bbox 283 560 1891 642">
    <p class='ocr_par' dir='ltr' id='par_1_6' title="bbox 283 560 1891 642">
     <span class='ocr_line' id='line_1_6' title="bbox 283 560 1891 642; baseline -0.011 -11"><span class='ocrx_word' id='word_1_25' title='bbox 283 579 379 641; x_wconf 81' lang='grc' dir='ltr'>τὸς</span> <span class='ocrx_word' id='word_1_26' title='bbox 411 573 658 636; x_wconf 85' lang='grc' dir='ltr'>ἀκούσας</span> <span class='ocrx_word' id='word_1_27' title='bbox 693 570 903 642; x_wconf 80' lang='grc' dir='ltr'><strong>φυλάξῃ</strong></span> <span class='ocrx_word' id='word_1_28' title='bbox 937 569 1027 623; x_wconf 67' lang='grc' dir='ltr'><strong>τὸν</strong></span> <span class='ocrx_word' id='word_1_29' title='bbox 1057 568 1236 637; x_wconf 85' lang='grc' dir='ltr'>λόγον,</span> <span class='ocrx_word' id='word_1_30' title='bbox 1271 567 1364 620; x_wconf 74' lang='grc' dir='ltr'>καὶ</span> <span class='ocrx_word' id='word_1_31' title='bbox 1395 566 1469 636; x_wconf 77' lang='grc' dir='ltr'>μὴ</span> <span class='ocrx_word' id='word_1_32' title='bbox 1497 565 1715 634; x_wconf 81' lang='grc' dir='ltr'>γίνηται</span> <span class='ocrx_word' id='word_1_33' title='bbox 1743 560 1891 631; x_wconf 81' lang='grc' dir='ltr'><strong>αὑτῷ</strong></span> 
     </span>
    </p>
   </div>
   <div class='ocr_carea' id='block_1_7' title="bbox 283 658 1890 742">
    <p class='ocr_par' dir='ltr' id='par_1_7' title="bbox 283 658 1890 742">
     <span class='ocr_line' id='line_1_7' title="bbox 283 658 1890 742; baseline -0.007 -20"><span class='ocrx_word' id='word_1_34' title='bbox 283 670 324 742; x_wconf 70' lang='grc' dir='ltr'>ἠ</span> <span class='ocrx_word' id='word_1_35' title='bbox 361 668 496 740; x_wconf 76' lang='grc' dir='ltr'>πρὸς</span> <span class='ocrx_word' id='word_1_36' title='bbox 526 665 588 718; x_wconf 84' lang='grc' dir='ltr'>τδ</span> <span class='ocrx_word' id='word_1_37' title='bbox 636 665 860 719; x_wconf 85' lang='grc' dir='ltr'>ἀκούειν</span> <span class='ocrx_word' id='word_1_38' title='bbox 890 661 1120 730; x_wconf 83' lang='grc' dir='ltr'>δύναμις</span> <span class='ocrx_word' id='word_1_39' title='bbox 1169 664 1248 724; x_wconf 84' lang='grc' dir='ltr'><strong>είς</strong></span> <span class='ocrx_word' id='word_1_40' title='bbox 1294 659 1642 730; x_wconf 87' lang='grc' dir='ltr'>κατάκρισιν.</span> <span class='ocrx_word' id='word_1_41' title='bbox 1683 658 1804 711; x_wconf 82' lang='grc' dir='ltr'>Τῶν</span> <span class='ocrx_word' id='word_1_42' title='bbox 1834 658 1890 710; x_wconf 81' lang='grc' dir='ltr'><strong>δὲ</strong></span> 
     </span>
    </p>
   </div>
   <div class='ocr_carea' id='block_1_8' title="bbox 285 752 1913 835">
    <p class='ocr_par' dir='ltr' id='par_1_8' title="bbox 285 752 1913 835">
     <span class='ocr_line' id='line_1_8' title="bbox 285 752 1913 835; baseline -0.006 -16"><span class='ocrx_word' id='word_1_43' title='bbox 285 763 462 835; x_wconf 74' lang='grc' dir='ltr'>ὅχλων</span> <span class='ocrx_word' id='word_1_44' title='bbox 501 758 1003 830; x_wconf 77' lang='grc' dir='ltr'><strong>ἐπαθροιζομένων,</strong></span> <span class='ocrx_word' id='word_1_45' title='bbox 1045 755 1252 827; x_wconf 72' lang='grc' dir='ltr'>ἤρξατο</span> <span class='ocrx_word' id='word_1_46' title='bbox 1302 756 1332 807; x_wconf 86' lang='lat'><strong>6</strong></span> <span class='ocrx_word' id='word_1_47' title='bbox 1393 756 1601 824; x_wconf 83' lang='grc' dir='ltr'>Κύριος</span> <span class='ocrx_word' id='word_1_48' title='bbox 1643 752 1913 824; x_wconf 74' lang='grc' dir='ltr'><strong>ἐλέγχεινΔ</strong></span> 
     </span>
    </p>
   </div>
   <div class='ocr_carea' id='block_1_9' title="bbox 285 845 1890 925">
    <p class='ocr_par' dir='ltr' id='par_1_9' title="bbox 285 845 1890 925">
     <span class='ocr_line' id='line_1_9' title="bbox 285 845 1890 925; baseline -0.009 -12"><span class='ocrx_word' id='word_1_49' title='bbox 285 854 781 925; x_wconf 74' lang='grc' dir='ltr'>τοὺς-ἀγνώμονας.</span> <span class='ocrx_word' id='word_1_50' title='bbox 816 852 1037 923; x_wconf 79' lang='grc' dir='ltr'><strong>Ἐπειδὴ</strong></span> <span class='ocrx_word' id='word_1_51' title='bbox 1066 850 1174 921; x_wconf 81' lang='grc' dir='ltr'><strong>γὰρ</strong></span> <span class='ocrx_word' id='word_1_52' title='bbox 1195 845 1338 920; x_wconf 83' lang='grc' dir='ltr'>ἦσάν</span> <span class='ocrx_word' id='word_1_53' title='bbox 1365 864 1510 912; x_wconf 90' lang='grc' dir='ltr'>τινες</span> <span class='ocrx_word' id='word_1_54' title='bbox 1542 847 1675 918; x_wconf 88' lang='grc' dir='ltr'>παρ’</span> <span class='ocrx_word' id='word_1_55' title='bbox 1704 845 1890 909; x_wconf 77' lang='grc' dir='ltr'>αὐτοῖς</span> 
     </span>
    </p>
   </div>
   <div class='ocr_carea' id='block_1_10' title="bbox 286 938 1888 1018">
    <p class='ocr_par' dir='ltr' id='par_1_10' title="bbox 286 938 1888 1018">
     <span class='ocr_line' id='line_1_10' title="bbox 286 938 1888 1018; baseline -0.006 -15"><span class='ocrx_word' id='word_1_56' title='bbox 286 951 339 1004; x_wconf 83' lang='lat' dir='ltr'><strong>oi</strong></span> <span class='ocrx_word' id='word_1_57' title='bbox 374 945 665 1018; x_wconf 81' lang='grc' dir='ltr'>ζητοῦντες</span> <span class='ocrx_word' id='word_1_58' title='bbox 699 949 924 1017; x_wconf 85' lang='grc' dir='ltr'>σημεῖον</span> <span class='ocrx_word' id='word_1_59' title='bbox 957 945 1016 1011; x_wconf 81' lang='grc' dir='ltr'>ἐξ</span> <span class='ocrx_word' id='word_1_60' title='bbox 1044 943 1280 1013; x_wconf 80' lang='grc' dir='ltr'>ούρανοῦ</span> <span class='ocrx_word' id='word_1_61' title='bbox 1313 942 1571 1012; x_wconf 82' lang='grc' dir='ltr'>γενέσθαι</span> <span class='ocrx_word' id='word_1_62' title='bbox 1612 941 1764 1010; x_wconf 78' lang='grc' dir='ltr'>παρὰ</span> <span class='ocrx_word' id='word_1_63' title='bbox 1793 938 1888 994; x_wconf 83' lang='grc' dir='ltr'><strong>τοῦ</strong></span> 
     </span>
    </p>
   </div>
   <div class='ocr_carea' id='block_1_11' title="bbox 301 1032 1890 1108">
    <p class='ocr_par' dir='ltr' id='par_1_11' title="bbox 301 1032 1890 1108">
     <span class='ocr_line' id='line_1_11' title="bbox 301 1032 1890 1108; baseline -0.006 -15"><span class='ocrx_word' id='word_1_64' title='bbox 301 1039 502 1106; x_wconf 54' lang='grc' dir='ltr'>Ἰησοῦ</span> <span class='ocrx_word' id='word_1_65' title='bbox 537 1039 722 1108; x_wconf 79' lang='grc' dir='ltr'>ελεγον</span> <span class='ocrx_word' id='word_1_66' title='bbox 750 1039 882 1108; x_wconf 88' lang='grc' dir='ltr'>γὰρ,</span> <span class='ocrx_word' id='word_1_67' title='bbox 917 1038 999 1090; x_wconf 82' lang='grc' dir='ltr'>ὅτι</span> <span class='ocrx_word' id='word_1_68' title='bbox 1037 1037 1179 1091; x_wconf 84' lang='grc' dir='ltr'>Ὅσα</span> <span class='ocrx_word' id='word_1_69' title='bbox 1214 1037 1363 1088; x_wconf 86' lang='grc' dir='ltr'>ποιεῖ</span> <span class='ocrx_word' id='word_1_70' title='bbox 1393 1036 1624 1104; x_wconf 80' lang='grc' dir='ltr'>σημεῖα,</span> <span class='ocrx_word' id='word_1_71' title='bbox 1654 1033 1762 1085; x_wconf 65' lang='grc' dir='ltr'><strong>ἀπο</strong></span> <span class='ocrx_word' id='word_1_72' title='bbox 1786 1032 1890 1101; x_wconf 85' lang='grc' dir='ltr'>γῆς</span> 
     </span>
    </p>
   </div>
   <div class='ocr_carea' id='block_1_12' title="bbox 285 1125 1891 1198">
    <p class='ocr_par' dir='ltr' id='par_1_12' title="bbox 285 1125 1891 1198">
     <span class='ocr_line' id='line_1_12' title="bbox 285 1125 1891 1198; baseline -0.006 -11"><span class='ocrx_word' id='word_1_73' title='bbox 285 1135 418 1198; x_wconf 78' lang='grc' dir='ltr'>εἱσι,</span> <span class='ocrx_word' id='word_1_74' title='bbox 455 1133 549 1187; x_wconf 79' lang='grc' dir='ltr'>καὶ</span> <span class='ocrx_word' id='word_1_75' title='bbox 593 1134 650 1186; x_wconf 82' lang='grc' dir='ltr'><strong>ἐν</strong></span> <span class='ocrx_word' id='word_1_76' title='bbox 681 1131 1012 1195; x_wconf 78' lang='grc' dir='ltr'>Βεελζεὸοὺλ</span> <span class='ocrx_word' id='word_1_77' title='bbox 1051 1130 1228 1183; x_wconf 86' lang='grc' dir='ltr'>ταῦτα</span> <span class='ocrx_word' id='word_1_78' title='bbox 1269 1129 1414 1181; x_wconf 80' lang='grc' dir='ltr'>ποιεῖ</span> <span class='ocrx_word' id='word_1_79' title='bbox 1461 1127 1541 1197; x_wconf 80' lang='grc' dir='ltr'>τῷ</span> <span class='ocrx_word' id='word_1_80' title='bbox 1575 1125 1891 1198; x_wconf 84' lang='grc' dir='ltr'>κοσμοκρά-</span> 
     </span>
    </p>
   </div>
   <div class='ocr_carea' id='block_1_13' title="bbox 283 1216 1887 1296">
    <p class='ocr_par' dir='ltr' id='par_1_13' title="bbox 283 1216 1887 1296">
     <span class='ocr_line' id='line_1_13' title="bbox 283 1216 1887 1296; baseline -0.007 -17"><span class='ocrx_word' id='word_1_81' title='bbox 283 1242 428 1296; x_wconf 87' lang='grc' dir='ltr'>τορι,</span> <span class='ocrx_word' id='word_1_82' title='bbox 460 1225 536 1288; x_wconf 85' lang='grc' dir='ltr'>ὡς</span> <span class='ocrx_word' id='word_1_83' title='bbox 578 1224 754 1293; x_wconf 75' lang='grc' dir='ltr'>ἔχοντι</span> <span class='ocrx_word' id='word_1_84' title='bbox 803 1222 900 1291; x_wconf 84' lang='grc' dir='ltr'><strong>τῆς</strong></span> <span class='ocrx_word' id='word_1_85' title='bbox 940 1224 1045 1289; x_wconf 83' lang='grc' dir='ltr'>γῆς</span> <span class='ocrx_word' id='word_1_86' title='bbox 1080 1220 1353 1284; x_wconf 83' lang='grc' dir='ltr'>ἐξουσίαν,</span> <span class='ocrx_word' id='word_1_87' title='bbox 1384 1218 1444 1285; x_wconf 78' lang='grc' dir='ltr'>ἐξ</span> <span class='ocrx_word' id='word_1_88' title='bbox 1478 1216 1709 1287; x_wconf 83' lang='grc' dir='ltr'>ούρανοῦ</span> <span class='ocrx_word' id='word_1_89' title='bbox 1745 1216 1801 1268; x_wconf 82' lang='grc' dir='ltr'><strong>δὲ</strong></span> <span class='ocrx_word' id='word_1_90' title='bbox 1826 1217 1887 1269; x_wconf 83' lang='grc' dir='ltr'>οὐ</span> 
     </span>
    </p>
   </div>
   <div class='ocr_carea' id='block_1_14' title="bbox 283 1310 1888 1386">
    <p class='ocr_par' dir='ltr' id='par_1_14' title="bbox 283 1310 1888 1386">
     <span class='ocr_line' id='line_1_14' title="bbox 283 1310 1888 1386; baseline -0.007 -12"><span class='ocrx_word' id='word_1_91' title='bbox 283 1319 512 1374; x_wconf 85' lang='grc' dir='ltr'>δύναται</span> <span class='ocrx_word' id='word_1_92' title='bbox 541 1320 784 1385; x_wconf 83' lang='grc' dir='ltr'>ποιῆσαι,</span> <span class='ocrx_word' id='word_1_93' title='bbox 826 1312 915 1369; x_wconf 75' lang='grc' dir='ltr'>οἷα</span> <span class='ocrx_word' id='word_1_94' title='bbox 965 1317 1040 1386; x_wconf 82' lang='grc' dir='ltr'>μὴ</span> <span class='ocrx_word' id='word_1_95' title='bbox 1082 1312 1176 1368; x_wconf 87' lang='grc' dir='ltr'><strong>τοῦ</strong></span> <span class='ocrx_word' id='word_1_96' title='bbox 1208 1313 1464 1382; x_wconf 80' lang='grc' dir='ltr'><strong>οὐρανίου</strong></span> <span class='ocrx_word' id='word_1_97' title='bbox 1497 1310 1712 1381; x_wconf 70' lang='grc' dir='ltr'>Πατρός</span> <span class='ocrx_word' id='word_1_98' title='bbox 1760 1310 1888 1375; x_wconf 81' lang='grc' dir='ltr'>Υἱὸς</span> 
     </span>
    </p>
   </div>
   <div class='ocr_carea' id='block_1_15' title="bbox 283 1405 1887 1480">
    <p class='ocr_par' dir='ltr' id='par_1_15' title="bbox 283 1405 1887 1480">
     <span class='ocr_line' id='line_1_15' title="bbox 283 1405 1887 1480; baseline -0.006 -14"><span class='ocrx_word' id='word_1_99' title='bbox 283 1413 384 1468; x_wconf 78' lang='grc' dir='ltr'>ὢν.</span> <span class='ocrx_word' id='word_1_100' title='bbox 421 1414 576 1467; x_wconf 70' lang='grc' dir='ltr'>Ἐπεὶ</span> <span class='ocrx_word' id='word_1_101' title='bbox 621 1411 712 1464; x_wconf 81' lang='grc' dir='ltr'>οὖν</span> <span class='ocrx_word' id='word_1_102' title='bbox 748 1407 890 1480; x_wconf 81' lang='grc' dir='ltr'>ἦσάν</span> <span class='ocrx_word' id='word_1_103' title='bbox 913 1426 1057 1472; x_wconf 85' lang='grc' dir='ltr'>τινες</span> <span class='ocrx_word' id='word_1_104' title='bbox 1096 1411 1143 1462; x_wconf 81' lang='grc' dir='ltr'>οἱ</span> <span class='ocrx_word' id='word_1_105' title='bbox 1175 1407 1350 1461; x_wconf 85' lang='grc' dir='ltr'>ταῦτα</span> <span class='ocrx_word' id='word_1_106' title='bbox 1385 1406 1656 1474; x_wconf 77' lang='grc' dir='ltr'>λέγοντες,</span> <span class='ocrx_word' id='word_1_107' title='bbox 1695 1405 1887 1458; x_wconf 89' lang='grc' dir='ltr'>τούτου</span> 
     </span>
    </p>
   </div>
   <div class='ocr_carea' id='block_1_16' title="bbox 281 1498 1886 1572">
    <p class='ocr_par' dir='ltr' id='par_1_16' title="bbox 281 1498 1886 1572">
     <span class='ocr_line' id='line_1_16' title="bbox 281 1498 1886 1572; baseline -0.005 -15"><span class='ocrx_word' id='word_1_108' title='bbox 281 1505 473 1558; x_wconf 73' lang='grc' dir='ltr'>ἐνεκεν</span> <span class='ocrx_word' id='word_1_109' title='bbox 510 1503 722 1572; x_wconf 73' lang='grc' dir='ltr'>ἐλέγχει</span> <span class='ocrx_word' id='word_1_110' title='bbox 750 1501 951 1564; x_wconf 79' lang='grc' dir='ltr'>αὐτοὺς</span> <span class='ocrx_word' id='word_1_111' title='bbox 985 1501 1012 1551; x_wconf 91' lang='lat'><strong>6</strong></span> <span class='ocrx_word' id='word_1_112' title='bbox 1050 1499 1277 1570; x_wconf 81' lang='grc' dir='ltr'>Κύριος,</span> <span class='ocrx_word' id='word_1_113' title='bbox 1327 1499 1422 1551; x_wconf 86' lang='grc' dir='ltr'><strong>καί</strong></span> <span class='ocrx_word' id='word_1_114' title='bbox 1459 1515 1645 1567; x_wconf 86' lang='grc' dir='ltr'>φησιν,</span> <span class='ocrx_word' id='word_1_115' title='bbox 1676 1498 1759 1549; x_wconf 81' lang='grc' dir='ltr'>ὅτι</span> <span class='ocrx_word' id='word_1_116' title='bbox 1789 1499 1886 1549; x_wconf 88' lang='grc' dir='ltr'><strong>Δο-</strong></span> 
     </span>
    </p>
   </div>
   <div class='ocr_carea' id='block_1_17' title="bbox 284 1590 1887 1667">
    <p class='ocr_par' dir='ltr' id='par_1_17' title="bbox 284 1590 1887 1667">
     <span class='ocr_line' id='line_1_17' title="bbox 284 1590 1887 1667; baseline -0.006 -15"><span class='ocrx_word' id='word_1_117' title='bbox 284 1598 514 1667; x_wconf 77' lang='grc' dir='ltr'>θήσεται</span> <span class='ocrx_word' id='word_1_118' title='bbox 552 1597 682 1666; x_wconf 82' lang='grc' dir='ltr'>ὑμῖν</span> <span class='ocrx_word' id='word_1_119' title='bbox 707 1598 956 1666; x_wconf 79' lang='grc' dir='ltr'>σημεῖον,</span> <span class='ocrx_word' id='word_1_120' title='bbox 983 1596 1121 1663; x_wconf 84' lang='grc' dir='ltr'>ὅπερ</span> <span class='ocrx_word' id='word_1_121' title='bbox 1151 1592 1316 1656; x_wconf 78' lang='grc' dir='ltr'>δείξει</span> <span class='ocrx_word' id='word_1_122' title='bbox 1368 1609 1435 1662; x_wconf 88' lang='grc' dir='ltr'><strong>με</strong></span> <span class='ocrx_word' id='word_1_123' title='bbox 1468 1590 1724 1662; x_wconf 70' lang='grc' dir='ltr'>ἀληθινὸν</span> <span class='ocrx_word' id='word_1_124' title='bbox 1758 1590 1887 1643; x_wconf 81' lang='grc' dir='ltr'><strong>Υἱὸν</strong></span> 
     </span>
    </p>
   </div>
   <div class='ocr_carea' id='block_1_18' title="bbox 283 1683 1882 1760">
    <p class='ocr_par' dir='ltr' id='par_1_18' title="bbox 283 1683 1882 1760">
     <span class='ocr_line' id='line_1_18' title="bbox 283 1683 1882 1760; baseline -0.006 -15"><span class='ocrx_word' id='word_1_125' title='bbox 283 1690 381 1745; x_wconf 85' lang='grc' dir='ltr'><strong>τοῦ</strong></span> <span class='ocrx_word' id='word_1_126' title='bbox 430 1688 682 1760; x_wconf 75' lang='grc' dir='ltr'>οὐρανίου</span> <span class='ocrx_word' id='word_1_127' title='bbox 737 1689 973 1759; x_wconf 79' lang='grc' dir='ltr'><strong>Πατρός.</strong></span> <span class='ocrx_word' id='word_1_128' title='bbox 1026 1690 1184 1742; x_wconf 85' lang='grc' dir='ltr'>Ποῖον</span> <span class='ocrx_word' id='word_1_129' title='bbox 1230 1685 1420 1752; x_wconf 74' lang='grc' dir='ltr'>τοῦτο,;</span> <span class='ocrx_word' id='word_1_130' title='bbox 1456 1687 1529 1738; x_wconf 79' lang='grc' dir='ltr'>Τὸ</span> <span class='ocrx_word' id='word_1_131' title='bbox 1563 1685 1656 1737; x_wconf 87' lang='grc' dir='ltr'><strong>τοῦ</strong></span> <span class='ocrx_word' id='word_1_132' title='bbox 1711 1683 1882 1749; x_wconf 84' lang='grc' dir='ltr'>Ἰωνᾶ,</span> 
     </span>
    </p>
   </div>
   <div class='ocr_carea' id='block_1_19' title="bbox 282 1777 1885 1854">
    <p class='ocr_par' dir='ltr' id='par_1_19' title="bbox 282 1777 1885 1854">
     <span class='ocr_line' id='line_1_19' title="bbox 282 1777 1885 1854; baseline -0.005 -19"><span class='ocrx_word' id='word_1_133' title='bbox 282 1784 452 1854; x_wconf 70' lang='grc' dir='ltr'>ἧγουν</span> <span class='ocrx_word' id='word_1_134' title='bbox 478 1782 538 1835; x_wconf 80' lang='grc' dir='ltr'>τὸ</span> <span class='ocrx_word' id='word_1_135' title='bbox 573 1784 672 1852; x_wconf 82' lang='grc' dir='ltr'>τῆς</span> <span class='ocrx_word' id='word_1_136' title='bbox 711 1782 1082 1842; x_wconf 80' lang='grc' dir='ltr'>ἀναστάσεως.</span> <span class='ocrx_word' id='word_1_137' title='bbox 1114 1779 1324 1849; x_wconf 82' lang='grc' dir='ltr'>Ὥσπερ</span> <span class='ocrx_word' id='word_1_138' title='bbox 1351 1778 1461 1848; x_wconf 85' lang='grc' dir='ltr'><strong>γάρ</strong></span> <span class='ocrx_word' id='word_1_139' title='bbox 1497 1777 1704 1840; x_wconf 78' lang='grc' dir='ltr'>ἐκεῖνος</span> <span class='ocrx_word' id='word_1_140' title='bbox 1737 1779 1885 1845; x_wconf 75' lang='grc' dir='ltr'>τρεῖς</span> 
     </span>
    </p>
   </div>
   <div class='ocr_carea' id='block_1_20' title="bbox 1997 558 3596 634">
    <p class='ocr_par' dir='ltr' id='par_1_20' title="bbox 1997 558 3596 634">
     <span class='ocr_line' id='line_1_20' title="bbox 1997 558 3596 634; baseline 0.005 -21"><span class='ocrx_word' id='word_1_141' title='bbox 1997 558 2472 628; x_wconf 72' lang='lat' dir='ltr'><strong>Congregantibus</strong></span> <span class='ocrx_word' id='word_1_142' title='bbox 2507 568 2686 614; x_wconf 85' lang='lat' dir='ltr'><strong>autem</strong></span> <span class='ocrx_word' id='word_1_143' title='bbox 2740 575 2800 614; x_wconf 87' lang='lat' dir='ltr'><strong>se</strong></span> <span class='ocrx_word' id='word_1_144' title='bbox 2838 562 3032 627; x_wconf 87' lang='lat' dir='ltr'><strong>turbis,</strong></span> <span class='ocrx_word' id='word_1_145' title='bbox 3075 565 3239 634; x_wconf 68' lang='lat' dir='ltr'><strong>rmpit</strong></span> <span class='ocrx_word' id='word_1_146' title='bbox 3301 564 3462 624; x_wconf 73' lang='lat' dir='ltr'><strong>Iesus</strong></span> <span class='ocrx_word' id='word_1_147' title='bbox 3511 584 3596 622; x_wconf 91' lang='lat' dir='ltr'><strong>re-</strong></span> 
     </span>
    </p>
   </div>
   <div class='ocr_carea' id='block_1_21' title="bbox 1993 652 3596 730">
    <p class='ocr_par' dir='ltr' id='par_1_21' title="bbox 1993 652 3596 730">
     <span class='ocr_line' id='line_1_21' title="bbox 1993 652 3596 730; baseline 0.006 -25"><span class='ocrx_word' id='word_1_148' title='bbox 1993 652 2336 723; x_wconf 89' lang='lat' dir='ltr'><strong>prehendere</strong></span> <span class='ocrx_word' id='word_1_149' title='bbox 2383 653 2643 723; x_wconf 83' lang='lat' dir='ltr'><strong>ingratos.</strong></span> <span class='ocrx_word' id='word_1_150' title='bbox 2692 653 2830 707; x_wconf 87' lang='lat' dir='ltr'><strong>Nam</strong></span> <span class='ocrx_word' id='word_1_151' title='bbox 2862 657 3121 725; x_wconf 88' lang='lat' dir='ltr'><strong>quoniam</strong></span> <span class='ocrx_word' id='word_1_152' title='bbox 3177 669 3330 714; x_wconf 85' lang='lat' dir='ltr'><strong>erant</strong></span> <span class='ocrx_word' id='word_1_153' title='bbox 3375 663 3596 730; x_wconf 84' lang='lat' dir='ltr'><strong>quidam</strong></span> 
     </span>
    </p>
   </div>
   <div class='ocr_carea' id='block_1_22' title="bbox 1994 744 3591 820">
    <p class='ocr_par' dir='ltr' id='par_1_22' title="bbox 1994 744 3591 820">
     <span class='ocr_line' id='line_1_22' title="bbox 1994 744 3591 820; baseline 0.006 -22"><span class='ocrx_word' id='word_1_154' title='bbox 1994 744 2137 815; x_wconf 82' lang='lat' dir='ltr'><strong>apud</strong></span> <span class='ocrx_word' id='word_1_155' title='bbox 2191 760 2288 801; x_wconf 87' lang='lat' dir='ltr'><strong>eos</strong></span> <span class='ocrx_word' id='word_1_156' title='bbox 2348 747 2442 816; x_wconf 89' lang='lat' dir='ltr'><strong>qui</strong></span> <span class='ocrx_word' id='word_1_157' title='bbox 2501 749 2823 817; x_wconf 59' lang='lat' dir='ltr'><strong>quaerebant</strong></span> <span class='ocrx_word' id='word_1_158' title='bbox 2881 749 3096 820; x_wconf 79' lang='lat' dir='ltr'><strong>signum</strong></span> <span class='ocrx_word' id='word_1_159' title='bbox 3162 755 3227 806; x_wconf 88' lang='lat' dir='ltr'><strong>de</strong></span> <span class='ocrx_word' id='word_1_160' title='bbox 3278 753 3418 808; x_wconf 71' lang='lat' dir='ltr'><strong>coelo</strong></span> <span class='ocrx_word' id='word_1_161' title='bbox 3474 755 3591 810; x_wconf 83' lang='lat' dir='ltr'><strong>lieri</strong></span> 
     </span>
    </p>
   </div>
   <div class='ocr_carea' id='block_1_23' title="bbox 1994 837 3600 914">
    <p class='ocr_par' dir='ltr' id='par_1_23' title="bbox 1994 837 3600 914">
     <span class='ocr_line' id='line_1_23' title="bbox 1994 837 3600 914; baseline 0.006 -21"><span class='ocrx_word' id='word_1_162' title='bbox 1994 855 2025 893; x_wconf 85' lang='lat' dir='ltr'><strong>a</strong></span> <span class='ocrx_word' id='word_1_163' title='bbox 2065 837 2220 905; x_wconf 85' lang='lat' dir='ltr'><strong>Jesu,</strong></span> <span class='ocrx_word' id='word_1_164' title='bbox 2267 840 2525 894; x_wconf 76' lang='lat' dir='ltr'><strong>dicebant</strong></span> <span class='ocrx_word' id='word_1_165' title='bbox 2588 844 2737 903; x_wconf 86' lang='lat' dir='ltr'><strong>enim</strong></span> <span class='ocrx_word' id='word_1_166' title='bbox 2773 857 2786 893; x_wconf 73' lang='grc' dir='ltr'>ε</span> <span class='ocrx_word' id='word_1_167' title='bbox 2827 842 2994 912; x_wconf 88' lang='lat' dir='ltr'><strong>Sig-na</strong></span> <span class='ocrx_word' id='word_1_168' title='bbox 3029 859 3150 914; x_wconf 73' lang='lat' dir='ltr'><strong>qum</strong></span> <span class='ocrx_word' id='word_1_169' title='bbox 3197 845 3322 901; x_wconf 75' lang='lat' dir='ltr'><strong>fecit</strong></span> <span class='ocrx_word' id='word_1_170' title='bbox 3357 848 3421 903; x_wconf 83' lang='lat' dir='ltr'><strong>de</strong></span> <span class='ocrx_word' id='word_1_171' title='bbox 3453 858 3600 903; x_wconf 87' lang='lat' dir='ltr'><strong>terra</strong></span> 
     </span>
    </p>
   </div>
   <div class='ocr_carea' id='block_1_24' title="bbox 1993 931 3597 1011">
    <p class='ocr_par' dir='ltr' id='par_1_24' title="bbox 1993 931 3597 1011">
     <span class='ocr_line' id='line_1_24' title="bbox 1993 931 3597 1011; baseline 0.004 -25"><span class='ocrx_word' id='word_1_172' title='bbox 1993 941 2142 998; x_wconf 88' lang='lat' dir='ltr'><strong>sunt,</strong></span> <span class='ocrx_word' id='word_1_173' title='bbox 2203 941 2258 986; x_wconf 92' lang='lat' dir='ltr'><strong>et</strong></span> <span class='ocrx_word' id='word_1_174' title='bbox 2319 931 2449 986; x_wconf 83' lang='lat' dir='ltr'><strong>facit</strong></span> <span class='ocrx_word' id='word_1_175' title='bbox 2500 949 2560 987; x_wconf 89' lang='lat' dir='ltr'><strong>ea</strong></span> <span class='ocrx_word' id='word_1_176' title='bbox 2627 935 2681 987; x_wconf 91' lang='lat' dir='ltr'><strong>in</strong></span> <span class='ocrx_word' id='word_1_177' title='bbox 2738 933 3027 989; x_wconf 80' lang='lat' dir='ltr'><strong>Beelzebul</strong></span> <span class='ocrx_word' id='word_1_178' title='bbox 3088 939 3272 992; x_wconf 87' lang='lat' dir='ltr'><strong>mundi</strong></span> <span class='ocrx_word' id='word_1_179' title='bbox 3331 941 3597 1011; x_wconf 76' lang='lat' dir='ltr'><strong>principe,</strong></span> 
     </span>
    </p>
   </div>
   <div class='ocr_carea' id='block_1_25' title="bbox 1993 1024 3599 1092">
    <p class='ocr_par' dir='ltr' id='par_1_25' title="bbox 1993 1024 3599 1092">
     <span class='ocr_line' id='line_1_25' title="bbox 1993 1024 3599 1092; baseline 0.007 -19"><span class='ocrx_word' id='word_1_180' title='bbox 1993 1024 2087 1092; x_wconf 91' lang='lat' dir='ltr'><strong>qui</strong></span> <span class='ocrx_word' id='word_1_181' title='bbox 2138 1033 2468 1092; x_wconf 88' lang='lat' dir='ltr'><strong>potestatem</strong></span> <span class='ocrx_word' id='word_1_182' title='bbox 2507 1025 2667 1078; x_wconf 84' lang='lat' dir='ltr'><strong>habet</strong></span> <span class='ocrx_word' id='word_1_183' title='bbox 2717 1036 2876 1078; x_wconf 76' lang='lat' dir='ltr'><strong>terra:</strong></span> <span class='ocrx_word' id='word_1_184' title='bbox 2920 1042 2932 1077; x_wconf 91' lang='lat'><strong>:</strong></span> <span class='ocrx_word' id='word_1_185' title='bbox 2976 1028 3042 1080; x_wconf 85' lang='lat' dir='ltr'><strong>de</strong></span> <span class='ocrx_word' id='word_1_186' title='bbox 3085 1027 3228 1082; x_wconf 61' lang='lat' dir='ltr'><strong>coelo</strong></span> <span class='ocrx_word' id='word_1_187' title='bbox 3262 1039 3443 1082; x_wconf 87' lang='lat' dir='ltr'><strong>autem</strong></span> <span class='ocrx_word' id='word_1_188' title='bbox 3491 1045 3599 1085; x_wconf 89' lang='lat' dir='ltr'><strong>non</strong></span> 
     </span>
    </p>
   </div>
   <div class='ocr_carea' id='block_1_26' title="bbox 1993 1116 3596 1191">
    <p class='ocr_par' dir='ltr' id='par_1_26' title="bbox 1993 1116 3596 1191">
     <span class='ocr_line' id='line_1_26' title="bbox 1993 1116 3596 1191; baseline -0.001 -17"><span class='ocrx_word' id='word_1_189' title='bbox 1993 1118 2214 1188; x_wconf 65' lang='grc' dir='ltr'>ροισι-ιι,</span> <span class='ocrx_word' id='word_1_190' title='bbox 2242 1131 2306 1170; x_wconf 89' lang='lat' dir='ltr'><strong>eo</strong></span> <span class='ocrx_word' id='word_1_191' title='bbox 2334 1117 2476 1186; x_wconf 85' lang='lat' dir='ltr'><strong>quod</strong></span> <span class='ocrx_word' id='word_1_192' title='bbox 2504 1134 2608 1171; x_wconf 89' lang='lat' dir='ltr'><strong>non</strong></span> <span class='ocrx_word' id='word_1_193' title='bbox 2634 1117 2706 1172; x_wconf 79' lang='lat' dir='ltr'><strong>sit</strong></span> <span class='ocrx_word' id='word_1_194' title='bbox 2731 1116 3110 1173; x_wconf 81' lang='lat' dir='ltr'><strong>Filius‘Patris</strong></span> <span class='ocrx_word' id='word_1_195' title='bbox 3141 1120 3384 1177; x_wconf 76' lang='lat' dir='ltr'><strong>ccelestis</strong></span> <span class='ocrx_word' id='word_1_196' title='bbox 3409 1138 3422 1174; x_wconf 93' lang='lat'><strong>:</strong></span> <span class='ocrx_word' id='word_1_197' title='bbox 3449 1124 3596 1191; x_wconf 78' lang='lat' dir='ltr'><strong>quia,</strong></span> 
     </span>
    </p>
   </div>
   <div class='ocr_carea' id='block_1_27' title="bbox 1993 1209 3595 1284">
    <p class='ocr_par' dir='ltr' id='par_1_27' title="bbox 1993 1209 3595 1284">
     <span class='ocr_line' id='line_1_27' title="bbox 1993 1209 3595 1284; baseline 0.004 -20"><span class='ocrx_word' id='word_1_198' title='bbox 1993 1210 2242 1281; x_wconf 85' lang='lat' dir='ltr'><strong>inquam,</strong></span> <span class='ocrx_word' id='word_1_199' title='bbox 2281 1209 2506 1264; x_wconf 78' lang='lat' dir='ltr'><strong>fuerunt</strong></span> <span class='ocrx_word' id='word_1_200' title='bbox 2557 1209 2777 1280; x_wconf 88' lang='lat' dir='ltr'><strong>quidam</strong></span> <span class='ocrx_word' id='word_1_201' title='bbox 2814 1213 2927 1267; x_wconf 75' lang='lat' dir='ltr'><strong>base</strong></span> <span class='ocrx_word' id='word_1_202' title='bbox 2967 1214 3233 1281; x_wconf 87' lang='lat' dir='ltr'><strong>dicentes,</strong></span> <span class='ocrx_word' id='word_1_203' title='bbox 3269 1214 3386 1283; x_wconf 95' lang='lat' dir='ltr'><strong>ejus</strong></span> <span class='ocrx_word' id='word_1_204' title='bbox 3419 1220 3595 1284; x_wconf 81' lang='lat' dir='ltr'><strong>gratia</strong></span> 
     </span>
    </p>
   </div>
   <div class='ocr_carea' id='block_1_28' title="bbox 1994 1302 3597 1379">
    <p class='ocr_par' dir='ltr' id='par_1_28' title="bbox 1994 1302 3597 1379">
     <span class='ocr_line' id='line_1_28' title="bbox 1994 1302 3597 1379; baseline 0.004 -22"><span class='ocrx_word' id='word_1_205' title='bbox 1994 1305 2180 1374; x_wconf 84' lang='lat' dir='ltr'><strong>arguit</strong></span> <span class='ocrx_word' id='word_1_206' title='bbox 2207 1317 2300 1358; x_wconf 90' lang='lat' dir='ltr'><strong>eos</strong></span> <span class='ocrx_word' id='word_1_207' title='bbox 2323 1302 2607 1369; x_wconf 83' lang='lat' dir='ltr'><strong>Dominus,</strong></span> <span class='ocrx_word' id='word_1_208' title='bbox 2630 1314 2684 1360; x_wconf 89' lang='lat' dir='ltr'><strong>et</strong></span> <span class='ocrx_word' id='word_1_209' title='bbox 2710 1306 2842 1360; x_wconf 92' lang='lat' dir='ltr'><strong>dicit</strong></span> <span class='ocrx_word' id='word_1_210' title='bbox 2875 1324 2888 1360; x_wconf 90' lang='lat'><strong>:</strong></span> <span class='ocrx_word' id='word_1_211' title='bbox 2918 1304 3147 1362; x_wconf 89' lang='lat' dir='ltr'><strong>Dabitur</strong></span> <span class='ocrx_word' id='word_1_212' title='bbox 3175 1309 3328 1362; x_wconf 83' lang='lat' dir='ltr'><strong>vobis</strong></span> <span class='ocrx_word' id='word_1_213' title='bbox 3354 1309 3597 1379; x_wconf 89' lang='lat' dir='ltr'><strong>signum,</strong></span> 
     </span>
    </p>
   </div>
   <div class='ocr_carea' id='block_1_29' title="bbox 1999 1398 3599 1467">
    <p class='ocr_par' dir='ltr' id='par_1_29' title="bbox 1999 1398 3599 1467">
     <span class='ocr_line' id='line_1_29' title="bbox 1999 1398 3599 1467; baseline 0.005 -14"><span class='ocrx_word' id='word_1_214' title='bbox 1999 1398 2144 1467; x_wconf 86' lang='lat' dir='ltr'><strong>quod</strong></span> <span class='ocrx_word' id='word_1_215' title='bbox 2191 1398 2447 1454; x_wconf 87' lang='lat' dir='ltr'><strong>ostendet</strong></span> <span class='ocrx_word' id='word_1_216' title='bbox 2496 1414 2580 1453; x_wconf 91' lang='lat' dir='ltr'><strong>me</strong></span> <span class='ocrx_word' id='word_1_217' title='bbox 2613 1413 2812 1452; x_wconf 62' lang='lat' dir='ltr'><strong>«rerum</strong></span> <span class='ocrx_word' id='word_1_218' title='bbox 2862 1399 3064 1454; x_wconf 84' lang='lat' dir='ltr'><strong>Filium</strong></span> <span class='ocrx_word' id='word_1_219' title='bbox 3113 1401 3356 1457; x_wconf 66' lang='lat' dir='ltr'><strong>caelestis</strong></span> <span class='ocrx_word' id='word_1_220' title='bbox 3395 1401 3599 1461; x_wconf 80' lang='lat' dir='ltr'><strong>Patris.</strong></span> 
     </span>
    </p>
   </div>
   <div class='ocr_carea' id='block_1_30' title="bbox 1993 1488 3596 1561">
    <p class='ocr_par' dir='ltr' id='par_1_30' title="bbox 1993 1488 3596 1561">
     <span class='ocr_line' id='line_1_30' title="bbox 1993 1488 3596 1561; baseline 0.005 -20"><span class='ocrx_word' id='word_1_221' title='bbox 1993 1491 2166 1558; x_wconf 86' lang='lat' dir='ltr'><strong>Quale</strong></span> <span class='ocrx_word' id='word_1_222' title='bbox 2201 1490 2345 1545; x_wconf 88' lang='lat' dir='ltr'><strong>boc?</strong></span> <span class='ocrx_word' id='word_1_223' title='bbox 2377 1488 2529 1545; x_wconf 83' lang='lat' dir='ltr'><strong>J0me</strong></span> <span class='ocrx_word' id='word_1_224' title='bbox 2565 1492 2806 1561; x_wconf 84' lang='lat' dir='ltr'><strong>signum,</strong></span> <span class='ocrx_word' id='word_1_225' title='bbox 2851 1491 2955 1546; x_wconf 89' lang='lat' dir='ltr'><strong>hoc</strong></span> <span class='ocrx_word' id='word_1_226' title='bbox 3019 1501 3103 1547; x_wconf 91' lang='lat' dir='ltr'><strong>est</strong></span> <span class='ocrx_word' id='word_1_227' title='bbox 3150 1496 3596 1550; x_wconf 80' lang='lat' dir='ltr'><strong>resurrectionis.</strong></span> 
     </span>
    </p>
   </div>
   <div class='ocr_carea' id='block_1_31' title="bbox 1993 1583 3597 1654">
    <p class='ocr_par' dir='ltr' id='par_1_31' title="bbox 1993 1583 3597 1654">
     <span class='ocr_line' id='line_1_31' title="bbox 1993 1583 3597 1654; baseline 0.002 -14"><span class='ocrx_word' id='word_1_228' title='bbox 1993 1583 2152 1640; x_wconf 87' lang='lat' dir='ltr'><strong>Sicut</strong></span> <span class='ocrx_word' id='word_1_229' title='bbox 2202 1586 2348 1640; x_wconf 90' lang='lat' dir='ltr'><strong>enim</strong></span> <span class='ocrx_word' id='word_1_230' title='bbox 2395 1585 2490 1641; x_wconf 87' lang='lat' dir='ltr'><strong>ille</strong></span> <span class='ocrx_word' id='word_1_231' title='bbox 2535 1587 2711 1640; x_wconf 90' lang='lat' dir='ltr'><strong>tribus</strong></span> <span class='ocrx_word' id='word_1_232' title='bbox 2758 1586 2952 1641; x_wconf 85' lang='lat' dir='ltr'><strong>diebus</strong></span> <span class='ocrx_word' id='word_1_233' title='bbox 2995 1585 3098 1640; x_wconf 80' lang='lat' dir='ltr'><strong>fuit</strong></span> <span class='ocrx_word' id='word_1_234' title='bbox 3135 1586 3187 1641; x_wconf 91' lang='lat' dir='ltr'><strong>in</strong></span> <span class='ocrx_word' id='word_1_235' title='bbox 3236 1599 3427 1644; x_wconf 78' lang='lat' dir='ltr'><strong>ventre</strong></span> <span class='ocrx_word' id='word_1_236' title='bbox 3464 1592 3597 1654; x_wconf 89' lang='lat' dir='ltr'><strong>ceti,</strong></span> 
     </span>
    </p>
   </div>
   <div class='ocr_carea' id='block_1_32' title="bbox 1990 1679 3597 1751">
    <p class='ocr_par' dir='ltr' id='par_1_32' title="bbox 1990 1679 3597 1751">
     <span class='ocr_line' id='line_1_32' title="bbox 1990 1679 3597 1751; baseline 0 -17"><span class='ocrx_word' id='word_1_237' title='bbox 1990 1679 2069 1734; x_wconf 85' lang='lat' dir='ltr'><strong>ita</strong></span> <span class='ocrx_word' id='word_1_238' title='bbox 2119 1686 2176 1734; x_wconf 90' lang='lat' dir='ltr'><strong>et</strong></span> <span class='ocrx_word' id='word_1_239' title='bbox 2227 1694 2328 1748; x_wconf 84' lang='lat' dir='ltr'><strong>ego</strong></span> <span class='ocrx_word' id='word_1_240' title='bbox 2370 1689 2479 1734; x_wconf 90' lang='lat' dir='ltr'><strong>tres</strong></span> <span class='ocrx_word' id='word_1_241' title='bbox 2513 1679 2628 1734; x_wconf 89' lang='lat' dir='ltr'><strong>dies</strong></span> <span class='ocrx_word' id='word_1_242' title='bbox 2664 1679 2864 1735; x_wconf 78' lang='lat' dir='ltr'><strong>faciam</strong></span> <span class='ocrx_word' id='word_1_243' title='bbox 2909 1680 2963 1734; x_wconf 89' lang='lat' dir='ltr'><strong>in</strong></span> <span class='ocrx_word' id='word_1_244' title='bbox 3003 1690 3196 1735; x_wconf 87' lang='lat' dir='ltr'><strong>ventre</strong></span> <span class='ocrx_word' id='word_1_245' title='bbox 3246 1682 3425 1751; x_wconf 88' lang='lat' dir='ltr'><strong>magni</strong></span> <span class='ocrx_word' id='word_1_246' title='bbox 3464 1685 3597 1749; x_wconf 85' lang='lat' dir='ltr'><strong>ceti,</strong></span> 
     </span>
    </p>
   </div>
   <div class='ocr_carea' id='block_1_33' title="bbox 1991 1771 3591 1845">
    <p class='ocr_par' dir='ltr' id='par_1_33' title="bbox 1991 1771 3591 1845">
     <span class='ocr_line' id='line_1_33' title="bbox 1991 1771 3591 1845; baseline 0.001 -18"><span class='ocrx_word' id='word_1_247' title='bbox 1991 1772 2098 1828; x_wconf 85' lang='lat' dir='ltr'><strong>hoc</strong></span> <span class='ocrx_word' id='word_1_248' title='bbox 2149 1782 2233 1828; x_wconf 91' lang='lat' dir='ltr'><strong>est</strong></span> <span class='ocrx_word' id='word_1_249' title='bbox 2304 1771 2528 1840; x_wconf 83' lang='lat' dir='ltr'><strong>inferni,</strong></span> <span class='ocrx_word' id='word_1_250' title='bbox 2581 1784 2637 1829; x_wconf 89' lang='lat' dir='ltr'><strong>et</strong></span> <span class='ocrx_word' id='word_1_251' title='bbox 2683 1788 2992 1845; x_wconf 75' lang='lat' dir='ltr'><strong>resurgam.</strong></span> <span class='ocrx_word' id='word_1_252' title='bbox 3043 1773 3115 1829; x_wconf 88' lang='lat' dir='ltr'><strong>At</strong></span> <span class='ocrx_word' id='word_1_253' title='bbox 3144 1772 3296 1830; x_wconf 78' lang='lat' dir='ltr'><strong>Jonas</strong></span> <span class='ocrx_word' id='word_1_254' title='bbox 3345 1775 3591 1842; x_wconf 88' lang='lat' dir='ltr'><strong>quidem,</strong></span> 
     </span>
    </p>
   </div>
   <div class='ocr_carea' id='block_1_34' title="bbox 282 1866 1877 1946">
    <p class='ocr_par' dir='ltr' id='par_1_34' title="bbox 282 1869 1877 1946">
     <span class='ocr_line' id='line_1_34' title="bbox 282 1869 1877 1946; baseline -0.004 -18"><span class='ocrx_word' id='word_1_255' title='bbox 282 1875 497 1946; x_wconf 77' lang='grc' dir='ltr'>ἡμέρας</span> <span class='ocrx_word' id='word_1_256' title='bbox 544 1874 801 1944; x_wconf 88' lang='grc' dir='ltr'>ἐποίησεν</span> <span class='ocrx_word' id='word_1_257' title='bbox 856 1876 913 1926; x_wconf 91' lang='grc' dir='ltr'><strong>ἐν</strong></span> <span class='ocrx_word' id='word_1_258' title='bbox 967 1877 1033 1944; x_wconf 80' lang='grc' dir='ltr'>τῇ</span> <span class='ocrx_word' id='word_1_259' title='bbox 1085 1872 1264 1942; x_wconf 78' lang='grc' dir='ltr'>κοιλίᾳ</span> <span class='ocrx_word' id='word_1_260' title='bbox 1309 1871 1406 1924; x_wconf 89' lang='grc' dir='ltr'><strong>τοῦ</strong></span> <span class='ocrx_word' id='word_1_261' title='bbox 1456 1872 1677 1942; x_wconf 84' lang='grc' dir='ltr'><strong>κήτους,</strong></span> <span class='ocrx_word' id='word_1_262' title='bbox 1737 1869 1877 1922; x_wconf 72' lang='grc' dir='ltr'>οὕτω</span> 
     </span>
    </p>
   </div>
   <div class='ocr_carea' id='block_1_35' title="bbox 1986 1866 3598 1946">
    <p class='ocr_par' dir='ltr' id='par_1_35' title="bbox 1986 1866 3598 1939">
     <span class='ocr_line' id='line_1_35' title="bbox 1986 1866 3598 1939; baseline 0.002 -19"><span class='ocrx_word' id='word_1_263' title='bbox 1986 1875 2279 1936; x_wconf 82' lang='lat' dir='ltr'><strong>postquam</strong></span> <span class='ocrx_word' id='word_1_264' title='bbox 2330 1866 2478 1921; x_wconf 90' lang='lat' dir='ltr'><strong>velut</strong></span> <span class='ocrx_word' id='word_1_265' title='bbox 2524 1866 2726 1922; x_wconf 77' lang='lat' dir='ltr'><strong>revixit</strong></span> <span class='ocrx_word' id='word_1_266' title='bbox 2753 1881 2822 1922; x_wconf 79' lang='lat' dir='ltr'><strong>ex</strong></span> <span class='ocrx_word' id='word_1_267' title='bbox 2866 1877 3060 1923; x_wconf 88' lang='lat' dir='ltr'><strong>ventre</strong></span> <span class='ocrx_word' id='word_1_268' title='bbox 3097 1869 3230 1934; x_wconf 88' lang='lat' dir='ltr'><strong>ceti,</strong></span> <span class='ocrx_word' id='word_1_269' title='bbox 3275 1870 3598 1939; x_wconf 70' lang='lat' dir='ltr'><strong>praedicanti</strong></span> 
     </span>
    </p>
   </div>
   <div class='ocr_carea' id='block_1_36' title="bbox 283 1963 1875 2038">
    <p class='ocr_par' dir='ltr' id='par_1_36' title="bbox 283 1963 1875 2038">
     <span class='ocr_line' id='line_1_36' title="bbox 283 1963 1875 2038; baseline -0.004 -15"><span class='ocrx_word' id='word_1_270' title='bbox 283 1969 442 2037; x_wconf 83' lang='grc' dir='ltr'>κάγὼ</span> <span class='ocrx_word' id='word_1_271' title='bbox 470 1972 619 2038; x_wconf 80' lang='grc' dir='ltr'>τρεῖς</span> <span class='ocrx_word' id='word_1_272' title='bbox 649 1967 863 2038; x_wconf 72' lang='grc' dir='ltr'>ἡμέρας</span> <span class='ocrx_word' id='word_1_273' title='bbox 889 1968 1127 2036; x_wconf 82' lang='grc' dir='ltr'>ποιήσας</span> <span class='ocrx_word' id='word_1_274' title='bbox 1150 1967 1207 2018; x_wconf 89' lang='grc' dir='ltr'><strong>ἐν</strong></span> <span class='ocrx_word' id='word_1_275' title='bbox 1230 1968 1296 2036; x_wconf 80' lang='grc' dir='ltr'>τῇ</span> <span class='ocrx_word' id='word_1_276' title='bbox 1323 1965 1504 2035; x_wconf 80' lang='grc' dir='ltr'>κοιλίᾳ</span> <span class='ocrx_word' id='word_1_277' title='bbox 1534 1963 1627 2018; x_wconf 89' lang='grc' dir='ltr'><strong>τοῦ</strong></span> <span class='ocrx_word' id='word_1_278' title='bbox 1653 1966 1875 2036; x_wconf 81' lang='grc' dir='ltr'>κήτους,</span> 
     </span>
    </p>
   </div>
   <div class='ocr_carea' id='block_1_37' title="bbox 281 2057 1878 2132">
    <p class='ocr_par' dir='ltr' id='par_1_37' title="bbox 281 2057 1878 2132">
     <span class='ocr_line' id='line_1_37' title="bbox 281 2057 1878 2132; baseline -0.004 -17"><span class='ocrx_word' id='word_1_279' title='bbox 281 2062 377 2115; x_wconf 79' lang='grc' dir='ltr'><strong>τοῦ</strong></span> <span class='ocrx_word' id='word_1_280' title='bbox 423 2062 660 2132; x_wconf 83' lang='grc' dir='ltr'>μεγάλου</span> <span class='ocrx_word' id='word_1_281' title='bbox 712 2060 900 2131; x_wconf 72' lang='grc' dir='ltr'>θηρὸς,</span> <span class='ocrx_word' id='word_1_282' title='bbox 955 2060 1046 2113; x_wconf 87' lang='grc' dir='ltr'><strong>τοῦ</strong></span> <span class='ocrx_word' id='word_1_283' title='bbox 1091 2059 1243 2131; x_wconf 77' lang='grc' dir='ltr'>ᾆδον,</span> <span class='ocrx_word' id='word_1_284' title='bbox 1281 2059 1681 2129; x_wconf 84' lang='grc' dir='ltr'>άναστήσομαι.</span> <span class='ocrx_word' id='word_1_285' title='bbox 1738 2057 1878 2111; x_wconf 83' lang='grc' dir='ltr'>Ἀλλ’</span> 
     </span>
    </p>
   </div>
   <div class='ocr_carea' id='block_1_38' title="bbox 293 2145 1880 2225">
    <p class='ocr_par' dir='ltr' id='par_1_38' title="bbox 293 2145 1880 2225">
     <span class='ocr_line' id='line_1_38' title="bbox 293 2145 1880 2225; baseline -0.003 -17"><span class='ocrx_word' id='word_1_286' title='bbox 293 2155 452 2208; x_wconf 82' lang='grc' dir='ltr'><strong>Ἰωνᾶ</strong></span> <span class='ocrx_word' id='word_1_287' title='bbox 501 2155 600 2224; x_wconf 81' lang='grc' dir='ltr'>μὲν</span> <span class='ocrx_word' id='word_1_288' title='bbox 642 2156 780 2225; x_wconf 87' lang='grc' dir='ltr'><strong>μετά</strong></span> <span class='ocrx_word' id='word_1_289' title='bbox 813 2153 910 2225; x_wconf 78' lang='grc' dir='ltr'>τὴν</span> <span class='ocrx_word' id='word_1_290' title='bbox 941 2155 1005 2205; x_wconf 88' lang='grc' dir='ltr'><strong>ἐκ</strong></span> <span class='ocrx_word' id='word_1_291' title='bbox 1048 2152 1142 2206; x_wconf 90' lang='grc' dir='ltr'><strong>τοῦ</strong></span> <span class='ocrx_word' id='word_1_292' title='bbox 1181 2155 1380 2224; x_wconf 81' lang='grc' dir='ltr'>κήτους</span> <span class='ocrx_word' id='word_1_293' title='bbox 1429 2145 1539 2205; x_wconf 72' lang='grc' dir='ltr'>οἷον</span> <span class='ocrx_word' id='word_1_294' title='bbox 1578 2152 1880 2205; x_wconf 79' lang='grc' dir='ltr'>ἀναϐίωσιν</span> 
     </span>
    </p>
   </div>
   <div class='ocr_carea' id='block_1_39' title="bbox 281 2242 1878 2318">
    <p class='ocr_par' dir='ltr' id='par_1_39' title="bbox 281 2242 1878 2318">
     <span class='ocr_line' id='line_1_39' title="bbox 281 2242 1878 2318; baseline -0.003 -19"><span class='ocrx_word' id='word_1_295' title='bbox 281 2247 614 2318; x_wconf 78' lang='grc' dir='ltr'>κηρύσσοντι</span> <span class='ocrx_word' id='word_1_296' title='bbox 672 2245 1007 2313; x_wconf 73' lang='grc' dir='ltr'>ἐπείσθησαν</span> <span class='ocrx_word' id='word_1_297' title='bbox 1062 2247 1110 2298; x_wconf 85' lang='grc' dir='ltr'>οἱ</span> <span class='ocrx_word' id='word_1_298' title='bbox 1164 2245 1465 2310; x_wconf 87' lang='grc' dir='ltr'>Νινευῖται,</span> <span class='ocrx_word' id='word_1_299' title='bbox 1510 2244 1633 2314; x_wconf 72' lang='grc' dir='ltr'>ἐμοὶ</span> <span class='ocrx_word' id='word_1_300' title='bbox 1685 2242 1740 2296; x_wconf 75' lang='grc' dir='ltr'>δὲ</span> <span class='ocrx_word' id='word_1_301' title='bbox 1787 2245 1878 2296; x_wconf 81' lang='grc' dir='ltr'>καὶ</span> 
     </span>
    </p>
   </div>
   <div class='ocr_carea' id='block_1_40' title="bbox 281 2337 1878 2410">
    <p class='ocr_par' dir='ltr' id='par_1_40' title="bbox 281 2337 1878 2410">
     <span class='ocr_line' id='line_1_40' title="bbox 281 2337 1878 2410; baseline -0.003 -17"><span class='ocrx_word' id='word_1_302' title='bbox 281 2343 578 2394; x_wconf 80' lang='grc' dir='ltr'>ἀναστάντι</span> <span class='ocrx_word' id='word_1_303' title='bbox 607 2341 668 2393; x_wconf 81' lang='grc' dir='ltr'>οὐ</span> <span class='ocrx_word' id='word_1_304' title='bbox 699 2339 984 2393; x_wconf 81' lang='grc' dir='ltr'>πιστεύσει</span> <span class='ocrx_word' id='word_1_305' title='bbox 1013 2341 1046 2410; x_wconf 82' lang='grc' dir='ltr'><strong>ή</strong></span> <span class='ocrx_word' id='word_1_306' title='bbox 1074 2340 1235 2409; x_wconf 85' lang='grc' dir='ltr'>γενεά</span> <span class='ocrx_word' id='word_1_307' title='bbox 1265 2338 1435 2409; x_wconf 77' lang='grc' dir='ltr'>αὗτηο</span> <span class='ocrx_word' id='word_1_308' title='bbox 1469 2337 1592 2391; x_wconf 77' lang='grc' dir='ltr'>ὅθεν</span> <span class='ocrx_word' id='word_1_309' title='bbox 1617 2354 1878 2408; x_wconf 84' lang='grc' dir='ltr'>κατακρι-</span> 
     </span>
    </p>
   </div>
   <div class='ocr_carea' id='block_1_41' title="bbox 281 2432 1876 2504">
    <p class='ocr_par' dir='ltr' id='par_1_41' title="bbox 281 2432 1876 2504">
     <span class='ocr_line' id='line_1_41' title="bbox 281 2432 1876 2504; baseline -0.004 -17"><span class='ocrx_word' id='word_1_310' title='bbox 281 2433 564 2504; x_wconf 76' lang='grc' dir='ltr'>Θήσονται,</span> <span class='ocrx_word' id='word_1_311' title='bbox 606 2436 685 2486; x_wconf 84' lang='grc' dir='ltr'>ὅτι</span> <span class='ocrx_word' id='word_1_312' title='bbox 723 2434 1012 2496; x_wconf 87' lang='grc' dir='ltr'>Νινευίτας</span> <span class='ocrx_word' id='word_1_313' title='bbox 1043 2434 1142 2485; x_wconf 74' lang='grc' dir='ltr'><strong>οὐκ</strong></span> <span class='ocrx_word' id='word_1_314' title='bbox 1177 2433 1547 2503; x_wconf 81' lang='grc' dir='ltr'>ἐμιμήσαντο,</span> <span class='ocrx_word' id='word_1_315' title='bbox 1595 2432 1771 2483; x_wconf 85' lang='grc' dir='ltr'>καίτοι</span> <span class='ocrx_word' id='word_1_316' title='bbox 1815 2446 1876 2496; x_wconf 87' lang='grc' dir='ltr'><strong>γε</strong></span> 
     </span>
    </p>
   </div>
   <div class='ocr_carea' id='block_1_42' title="bbox 281 2520 1879 2604">
    <p class='ocr_par' dir='ltr' id='par_1_42' title="bbox 281 2520 1879 2604">
     <span class='ocr_line' id='line_1_42' title="bbox 281 2520 1879 2604; baseline -0.004 -24"><span class='ocrx_word' id='word_1_317' title='bbox 281 2528 470 2581; x_wconf 82' lang='grc' dir='ltr'>πλεῖον</span> <span class='ocrx_word' id='word_1_318' title='bbox 518 2529 670 2581; x_wconf 87' lang='grc' dir='ltr'><strong>Ἰωνᾶ</strong></span> <span class='ocrx_word' id='word_1_319' title='bbox 701 2520 823 2581; x_wconf 81' lang='grc' dir='ltr'>ὧδε.</span> <span class='ocrx_word' id='word_1_320' title='bbox 859 2527 931 2579; x_wconf 88' lang='grc' dir='ltr'>Τό</span> <span class='ocrx_word' id='word_1_321' title='bbox 961 2544 1019 2580; x_wconf 89' lang='grc' dir='ltr'><strong>τε</strong></span> <span class='ocrx_word' id='word_1_322' title='bbox 1046 2527 1154 2597; x_wconf 82' lang='grc' dir='ltr'>γὰρ</span> <span class='ocrx_word' id='word_1_323' title='bbox 1185 2524 1407 2596; x_wconf 79' lang='grc' dir='ltr'>ἀξίωμα</span> <span class='ocrx_word' id='word_1_324' title='bbox 1435 2527 1496 2578; x_wconf 76' lang='grc' dir='ltr'>τὸ</span> <span class='ocrx_word' id='word_1_325' title='bbox 1519 2526 1650 2594; x_wconf 79' lang='grc' dir='ltr'>ἐμὸν</span> <span class='ocrx_word' id='word_1_326' title='bbox 1684 2523 1778 2576; x_wconf 72' lang='grc' dir='ltr'>καὶ</span> <span class='ocrx_word' id='word_1_327' title='bbox 1819 2522 1879 2604; x_wconf 73' lang='grc' dir='ltr'>τὸ</span> 
     </span>
    </p>
   </div>
   <div class='ocr_carea' id='block_1_43' title="bbox 278 2616 1874 2692">
    <p class='ocr_par' dir='ltr' id='par_1_43' title="bbox 278 2616 1874 2692">
     <span class='ocr_line' id='line_1_43' title="bbox 278 2616 1874 2692; baseline -0.001 -19"><span class='ocrx_word' id='word_1_328' title='bbox 278 2621 374 2675; x_wconf 82' lang='grc' dir='ltr'><strong>τοῦ</strong></span> <span class='ocrx_word' id='word_1_329' title='bbox 419 2621 775 2692; x_wconf 80' lang='grc' dir='ltr'>κηρύγματος</span> <span class='ocrx_word' id='word_1_330' title='bbox 803 2616 943 2684; x_wconf 77' lang='grc' dir='ltr'>εἶδος</span> <span class='ocrx_word' id='word_1_331' title='bbox 989 2621 1190 2690; x_wconf 81' lang='grc' dir='ltr'>πολλὴν</span> <span class='ocrx_word' id='word_1_332' title='bbox 1223 2621 1490 2690; x_wconf 77' lang='grc' dir='ltr'>διαφοράν</span> <span class='ocrx_word' id='word_1_333' title='bbox 1521 2619 1874 2673; x_wconf 86' lang='grc' dir='ltr'>ἐνδείκνυται.</span> 
     </span>
    </p>
   </div>
   <div class='ocr_carea' id='block_1_44' title="bbox 295 2710 1877 2782">
    <p class='ocr_par' dir='ltr' id='par_1_44' title="bbox 295 2710 1877 2782">
     <span class='ocr_line' id='line_1_44' title="bbox 295 2710 1877 2782; baseline -0.003 -16"><span class='ocrx_word' id='word_1_334' title='bbox 295 2711 441 2782; x_wconf 83' lang='grc' dir='ltr'><strong>Ἐγὼ</strong></span> <span class='ocrx_word' id='word_1_335' title='bbox 470 2713 774 2782; x_wconf 79' lang='grc' dir='ltr'>Δεσπότης,</span> <span class='ocrx_word' id='word_1_336' title='bbox 805 2715 1013 2775; x_wconf 86' lang='grc' dir='ltr'>ἐκεῖνος</span> <span class='ocrx_word' id='word_1_337' title='bbox 1036 2711 1241 2776; x_wconf 90' lang='grc' dir='ltr'>δοῦλος.</span> <span class='ocrx_word' id='word_1_338' title='bbox 1285 2710 1429 2780; x_wconf 84' lang='grc' dir='ltr'><strong>Ἐγὼ</strong></span> <span class='ocrx_word' id='word_1_339' title='bbox 1470 2711 1750 2778; x_wconf 79' lang='grc' dir='ltr'>βασιλείαν</span> <span class='ocrx_word' id='word_1_340' title='bbox 1789 2711 1877 2763; x_wconf 75' lang='grc' dir='ltr'><strong>οὐ·</strong></span> 
     </span>
    </p>
   </div>
   <div class='ocr_carea' id='block_1_45' title="bbox 280 2801 1878 2877">
    <p class='ocr_par' dir='ltr' id='par_1_45' title="bbox 280 2801 1878 2877">
     <span class='ocr_line' id='line_1_45' title="bbox 280 2801 1878 2877; baseline -0.004 -18"><span class='ocrx_word' id='word_1_341' title='bbox 280 2807 462 2877; x_wconf 82' lang='grc' dir='ltr'>ρανῶν</span> <span class='ocrx_word' id='word_1_342' title='bbox 513 2805 796 2876; x_wconf 78' lang='grc' dir='ltr'>κηρύσσω,</span> <span class='ocrx_word' id='word_1_343' title='bbox 853 2806 1057 2867; x_wconf 86' lang='grc' dir='ltr'>ἐκεῖνος</span> <span class='ocrx_word' id='word_1_344' title='bbox 1125 2804 1402 2874; x_wconf 86' lang='grc' dir='ltr'>σωτηρίαν</span> <span class='ocrx_word' id='word_1_345' title='bbox 1453 2801 1552 2872; x_wconf 80' lang='grc' dir='ltr'>τὴν</span> <span class='ocrx_word' id='word_1_346' title='bbox 1614 2804 1722 2855; x_wconf 88' lang='grc' dir='ltr'>άπὸ</span> <span class='ocrx_word' id='word_1_347' title='bbox 1777 2803 1878 2871; x_wconf 66' lang='grc' dir='ltr'>τῆς</span> 
     </span>
    </p>
   </div>
   <div class='ocr_carea' id='block_1_46' title="bbox 279 2895 1878 2970">
    <p class='ocr_par' dir='ltr' id='par_1_46' title="bbox 279 2895 1878 2970">
     <span class='ocr_line' id='line_1_46' title="bbox 279 2895 1878 2970; baseline -0.004 -17"><span class='ocrx_word' id='word_1_348' title='bbox 279 2899 690 2970; x_wconf 80' lang='grc' dir='ltr'>καταστροφῆς.</span> <span class='ocrx_word' id='word_1_349' title='bbox 742 2895 885 2963; x_wconf 87' lang='grc' dir='ltr'><strong>Ἐγὼ</strong></span> <span class='ocrx_word' id='word_1_350' title='bbox 930 2895 1069 2967; x_wconf 83' lang='grc' dir='ltr'>μετὰ</span> <span class='ocrx_word' id='word_1_351' title='bbox 1111 2895 1428 2966; x_wconf 84' lang='grc' dir='ltr'>θαυμάτων,</span> <span class='ocrx_word' id='word_1_352' title='bbox 1480 2897 1688 2958; x_wconf 86' lang='grc' dir='ltr'>ἐκεῖνος</span> <span class='ocrx_word' id='word_1_353' title='bbox 1721 2895 1878 2948; x_wconf 73' lang='grc' dir='ltr'>οὐδὲν</span> 
     </span>
    </p>
   </div>
   <div class='ocr_carea' id='block_1_47' title="bbox 280 2988 1875 3060">
    <p class='ocr_par' dir='ltr' id='par_1_47' title="bbox 280 2988 1875 3060">
     <span class='ocr_line' id='line_1_47' title="bbox 280 2988 1875 3060; baseline -0.001 -17"><span class='ocrx_word' id='word_1_354' title='bbox 280 2991 516 3060; x_wconf 80' lang='grc' dir='ltr'>ποιήσας</span> <span class='ocrx_word' id='word_1_355' title='bbox 546 2989 755 3060; x_wconf 89' lang='grc' dir='ltr'>θαῦμα.</span> <span class='ocrx_word' id='word_1_356' title='bbox 804 2990 1041 3059; x_wconf 86' lang='grc' dir='ltr'>Ὁμοίως</span> <span class='ocrx_word' id='word_1_357' title='bbox 1078 2991 1174 3043; x_wconf 72' lang='grc' dir='ltr'><strong>καὶ</strong></span> <span class='ocrx_word' id='word_1_358' title='bbox 1207 2990 1250 3060; x_wconf 81' lang='grc' dir='ltr'><strong>ή</strong></span> <span class='ocrx_word' id='word_1_359' title='bbox 1277 2988 1565 3059; x_wconf 84' lang='grc' dir='ltr'>βασίλισσα</span> <span class='ocrx_word' id='word_1_360' title='bbox 1596 2989 1692 3042; x_wconf 89' lang='grc' dir='ltr'><strong>τοῦ</strong></span> <span class='ocrx_word' id='word_1_361' title='bbox 1720 2989 1875 3044; x_wconf 86' lang='grc' dir='ltr'>νότου</span> 
     </span>
    </p>
   </div>
   <div class='ocr_carea' id='block_1_48' title="bbox 279 3080 1876 3154">
    <p class='ocr_par' dir='ltr' id='par_1_48' title="bbox 279 3080 1876 3154">
     <span class='ocr_line' id='line_1_48' title="bbox 279 3080 1876 3154; baseline -0.003 -18"><span class='ocrx_word' id='word_1_362' title='bbox 279 3085 606 3154; x_wconf 84' lang='grc' dir='ltr'>κατακρινεῖ</span> <span class='ocrx_word' id='word_1_363' title='bbox 647 3083 746 3153; x_wconf 83' lang='grc' dir='ltr'>τὴν</span> <span class='ocrx_word' id='word_1_364' title='bbox 775 3083 970 3150; x_wconf 76' lang='grc' dir='ltr'>γενεάν</span> <span class='ocrx_word' id='word_1_365' title='bbox 1014 3082 1230 3150; x_wconf 80' lang='grc' dir='ltr'>ταύτην,</span> <span class='ocrx_word' id='word_1_366' title='bbox 1271 3082 1351 3135; x_wconf 80' lang='grc' dir='ltr'>ὅτι</span> <span class='ocrx_word' id='word_1_367' title='bbox 1383 3081 1446 3133; x_wconf 78' lang='grc' dir='ltr'><strong>ἐκ</strong></span> <span class='ocrx_word' id='word_1_368' title='bbox 1479 3080 1734 3149; x_wconf 80' lang='grc' dir='ltr'>περάτων</span> <span class='ocrx_word' id='word_1_369' title='bbox 1772 3081 1876 3149; x_wconf 82' lang='grc' dir='ltr'>γῆς</span> 
     </span>
    </p>
   </div>
   <div class='ocr_carea' id='block_1_49' title="bbox 275 3170 1875 3248">
    <p class='ocr_par' dir='ltr' id='par_1_49' title="bbox 275 3170 1875 3248">
     <span class='ocr_line' id='line_1_49' title="bbox 275 3170 1875 3248; baseline -0.002 -21"><span class='ocrx_word' id='word_1_370' title='bbox 275 3170 445 3248; x_wconf 72' lang='grc' dir='ltr'>ἦλθεν</span> <span class='ocrx_word' id='word_1_371' title='bbox 480 3176 714 3229; x_wconf 83' lang='grc' dir='ltr'>ἀκοῦσαι</span> <span class='ocrx_word' id='word_1_372' title='bbox 755 3176 853 3246; x_wconf 73' lang='grc' dir='ltr'>τὴν</span> <span class='ocrx_word' id='word_1_373' title='bbox 893 3175 1084 3244; x_wconf 79' lang='grc' dir='ltr'>σοφίαν</span> <span class='ocrx_word' id='word_1_374' title='bbox 1116 3175 1484 3245; x_wconf 78' lang='grc' dir='ltr'>Σολομῶντος.</span> <span class='ocrx_word' id='word_1_375' title='bbox 1523 3175 1652 3228; x_wconf 84' lang='grc' dir='ltr'>Νόει</span> <span class='ocrx_word' id='word_1_376' title='bbox 1692 3175 1749 3226; x_wconf 80' lang='grc' dir='ltr'><strong>δέ</strong></span> <span class='ocrx_word' id='word_1_377' title='bbox 1784 3191 1875 3244; x_wconf 91' lang='grc' dir='ltr'><strong>μοι</strong></span> 
     </span>
    </p>
   </div>
   <div class='ocr_carea' id='block_1_50' title="bbox 1991 1957 3587 2018">
    <p class='ocr_par' dir='ltr' id='par_1_50' title="bbox 1991 1957 3587 2018">
     <span class='ocr_line' id='line_1_50' title="bbox 1991 1957 3587 2018; baseline 0.004 -7"><span class='ocrx_word' id='word_1_378' title='bbox 1991 1959 2350 2013; x_wconf 88' lang='lat' dir='ltr'><strong>crediderunt</strong></span> <span class='ocrx_word' id='word_1_379' title='bbox 2389 1957 2648 2014; x_wconf 76' lang='lat' dir='ltr'><strong>Ninivitze</strong></span> <span class='ocrx_word' id='word_1_380' title='bbox 2687 1978 2699 2014; x_wconf 93' lang='lat'><strong>:</strong></span> <span class='ocrx_word' id='word_1_381' title='bbox 2740 1961 2871 2016; x_wconf 87' lang='lat' dir='ltr'><strong>mihi</strong></span> <span class='ocrx_word' id='word_1_382' title='bbox 2906 1971 3091 2017; x_wconf 89' lang='lat' dir='ltr'><strong>autem</strong></span> <span class='ocrx_word' id='word_1_383' title='bbox 3138 1962 3302 2017; x_wconf 88' lang='lat' dir='ltr'><strong>etiam</strong></span> <span class='ocrx_word' id='word_1_384' title='bbox 3350 1978 3474 2016; x_wconf 87' lang='lat' dir='ltr'><strong>cum</strong></span> <span class='ocrx_word' id='word_1_385' title='bbox 3515 1979 3587 2018; x_wconf 72' lang='lat' dir='ltr'><strong>re</strong></span> 
     </span>
    </p>
   </div>
   <div class='ocr_carea' id='block_1_51' title="bbox 1991 2053 3599 2123">
    <p class='ocr_par' dir='ltr' id='par_1_51' title="bbox 1991 2053 3599 2123">
     <span class='ocr_line' id='line_1_51' title="bbox 1991 2053 3599 2123; baseline 0.006 -21"><span class='ocrx_word' id='word_1_386' title='bbox 1991 2053 2303 2116; x_wconf 82' lang='lat' dir='ltr'><strong>surrexere,</strong></span> <span class='ocrx_word' id='word_1_387' title='bbox 2341 2067 2446 2106; x_wconf 92' lang='lat' dir='ltr'><strong>non</strong></span> <span class='ocrx_word' id='word_1_388' title='bbox 2498 2053 2685 2108; x_wconf 87' lang='lat' dir='ltr'><strong>credet</strong></span> <span class='ocrx_word' id='word_1_389' title='bbox 2722 2054 3004 2123; x_wconf 83' lang='lat' dir='ltr'><strong>generatio</strong></span> <span class='ocrx_word' id='word_1_390' title='bbox 3055 2055 3156 2109; x_wconf 90' lang='lat' dir='ltr'><strong>ista</strong></span> <span class='ocrx_word' id='word_1_391' title='bbox 3209 2055 3405 2110; x_wconf 88' lang='lat' dir='ltr'><strong>:unde</strong></span> <span class='ocrx_word' id='word_1_392' title='bbox 3466 2071 3599 2111; x_wconf 86' lang='lat' dir='ltr'><strong>con-</strong></span> 
     </span>
    </p>
   </div>
   <div class='ocr_carea' id='block_1_52' title="bbox 1992 2145 3596 2217">
    <p class='ocr_par' dir='ltr' id='par_1_52' title="bbox 1992 2145 3596 2217">
     <span class='ocr_line' id='line_1_52' title="bbox 1992 2145 3596 2217; baseline 0.002 -19"><span class='ocrx_word' id='word_1_393' title='bbox 1992 2145 2421 2210; x_wconf 86' lang='lat' dir='ltr'><strong>demnabuntur,</strong></span> <span class='ocrx_word' id='word_1_394' title='bbox 2461 2148 2605 2216; x_wconf 91' lang='lat' dir='ltr'><strong>quod</strong></span> <span class='ocrx_word' id='word_1_395' title='bbox 2661 2162 2838 2217; x_wconf 89' lang='lat' dir='ltr'><strong>neque</strong></span> <span class='ocrx_word' id='word_1_396' title='bbox 2889 2147 3163 2204; x_wconf 83' lang='lat' dir='ltr'><strong>Ninivitas</strong></span> <span class='ocrx_word' id='word_1_397' title='bbox 3209 2149 3324 2203; x_wconf 87' lang='lat' dir='ltr'><strong>sint</strong></span> <span class='ocrx_word' id='word_1_398' title='bbox 3381 2150 3596 2216; x_wconf 89' lang='lat' dir='ltr'><strong>imitati,</strong></span> 
     </span>
    </p>
   </div>
   <div class='ocr_carea' id='block_1_53' title="bbox 1990 2239 3597 2310">
    <p class='ocr_par' dir='ltr' id='par_1_53' title="bbox 1990 2239 3597 2310">
     <span class='ocr_line' id='line_1_53' title="bbox 1990 2239 3597 2310; baseline 0.004 -20"><span class='ocrx_word' id='word_1_399' title='bbox 1990 2241 2240 2305; x_wconf 87' lang='lat' dir='ltr'><strong>quamvis</strong></span> <span class='ocrx_word' id='word_1_400' title='bbox 2284 2239 2457 2308; x_wconf 82' lang='lat' dir='ltr'><strong>major</strong></span> <span class='ocrx_word' id='word_1_401' title='bbox 2524 2256 2668 2297; x_wconf 90' lang='lat' dir='ltr'><strong>nunc</strong></span> <span class='ocrx_word' id='word_1_402' title='bbox 2727 2243 2814 2296; x_wconf 85' lang='lat' dir='ltr'><strong>liic</strong></span> <span class='ocrx_word' id='word_1_403' title='bbox 2860 2243 3002 2297; x_wconf 88' lang='lat' dir='ltr'><strong>adsit</strong></span> <span class='ocrx_word' id='word_1_404' title='bbox 3049 2258 3212 2310; x_wconf 87' lang='lat' dir='ltr'><strong>quam</strong></span> <span class='ocrx_word' id='word_1_405' title='bbox 3253 2242 3409 2297; x_wconf 86' lang='lat' dir='ltr'><strong>Jona.</strong></span> <span class='ocrx_word' id='word_1_406' title='bbox 3462 2242 3597 2297; x_wconf 83' lang='lat' dir='ltr'><strong>Nam</strong></span> 
     </span>
    </p>
   </div>
   <div class='ocr_carea' id='block_1_54' title="bbox 1988 2324 3594 2406">
    <p class='ocr_par' dir='ltr' id='par_1_54' title="bbox 1988 2324 3594 2406">
     <span class='ocr_line' id='line_1_54' title="bbox 1988 2324 3594 2406; baseline 0.002 -21"><span class='ocrx_word' id='word_1_407' title='bbox 1988 2333 2060 2385; x_wconf 88' lang='lat' dir='ltr'><strong>ob</strong></span> <span class='ocrx_word' id='word_1_408' title='bbox 2086 2348 2262 2386; x_wconf 84' lang='lat' dir='ltr'><strong>meam</strong></span> <span class='ocrx_word' id='word_1_409' title='bbox 2289 2324 2608 2404; x_wconf 78' lang='lat' dir='ltr'><strong>dignitatem</strong></span> <span class='ocrx_word' id='word_1_410' title='bbox 2661 2344 2714 2389; x_wconf 93' lang='lat' dir='ltr'><strong>et</strong></span> <span class='ocrx_word' id='word_1_411' title='bbox 2742 2335 3155 2404; x_wconf 76' lang='lat' dir='ltr'><strong>praedicationis</strong></span> <span class='ocrx_word' id='word_1_412' title='bbox 3191 2352 3384 2406; x_wconf 85' lang='lat' dir='ltr'><strong>genus,</strong></span> <span class='ocrx_word' id='word_1_413' title='bbox 3427 2338 3594 2404; x_wconf 82' lang='lat' dir='ltr'><strong>major</strong></span> 
     </span>
    </p>
   </div>
   <div class='ocr_carea' id='block_1_55' title="bbox 1990 2428 3596 2498">
    <p class='ocr_par' dir='ltr' id='par_1_55' title="bbox 1990 2428 3596 2498">
     <span class='ocr_line' id='line_1_55' title="bbox 1990 2428 3596 2498; baseline 0.002 -19"><span class='ocrx_word' id='word_1_414' title='bbox 1990 2438 2330 2491; x_wconf 84' lang='lat' dir='ltr'><strong>monstratur</strong></span> <span class='ocrx_word' id='word_1_415' title='bbox 2357 2428 2708 2484; x_wconf 82' lang='lat' dir='ltr'><strong>excellentia.</strong></span> <span class='ocrx_word' id='word_1_416' title='bbox 2754 2431 2868 2498; x_wconf 84' lang='lat' dir='ltr'><strong>Ego</strong></span> <span class='ocrx_word' id='word_1_417' title='bbox 2903 2430 3188 2498; x_wconf 86' lang='lat' dir='ltr'><strong>Dominus,</strong></span> <span class='ocrx_word' id='word_1_418' title='bbox 3227 2430 3316 2486; x_wconf 89' lang='lat' dir='ltr'><strong>ille</strong></span> <span class='ocrx_word' id='word_1_419' title='bbox 3357 2446 3547 2486; x_wconf 89' lang='lat' dir='ltr'><strong>servus</strong></span> <span class='ocrx_word' id='word_1_420' title='bbox 3582 2447 3596 2482; x_wconf 90' lang='lat'><strong>:</strong></span> 
     </span>
    </p>
   </div>
   <div class='ocr_carea' id='block_1_56' title="bbox 1991 2521 3592 2592">
    <p class='ocr_par' dir='ltr' id='par_1_56' title="bbox 1991 2521 3592 2592">
     <span class='ocr_line' id='line_1_56' title="bbox 1991 2521 3592 2592; baseline 0.004 -21"><span class='ocrx_word' id='word_1_421' title='bbox 1991 2534 2090 2587; x_wconf 81' lang='lat' dir='ltr'><strong>ego</strong></span> <span class='ocrx_word' id='word_1_422' title='bbox 2119 2535 2344 2589; x_wconf 79' lang='lat' dir='ltr'><strong>regnum</strong></span> <span class='ocrx_word' id='word_1_423' title='bbox 2386 2521 2653 2578; x_wconf 72' lang='lat' dir='ltr'><strong>caelorum</strong></span> <span class='ocrx_word' id='word_1_424' title='bbox 2689 2524 2947 2592; x_wconf 74' lang='lat' dir='ltr'><strong>praedico,</strong></span> <span class='ocrx_word' id='word_1_425' title='bbox 2976 2523 3069 2577; x_wconf 86' lang='lat' dir='ltr'><strong>ille</strong></span> <span class='ocrx_word' id='word_1_426' title='bbox 3097 2524 3327 2578; x_wconf 87' lang='lat' dir='ltr'><strong>salutem</strong></span> <span class='ocrx_word' id='word_1_427' title='bbox 3365 2539 3430 2577; x_wconf 88' lang='lat' dir='ltr'><strong>ne</strong></span> <span class='ocrx_word' id='word_1_428' title='bbox 3466 2538 3592 2592; x_wconf 85' lang='lat' dir='ltr'><strong>per-</strong></span> 
     </span>
    </p>
   </div>
   <div class='ocr_carea' id='block_1_57' title="bbox 1997 2615 3596 2687">
    <p class='ocr_par' dir='ltr' id='par_1_57' title="bbox 1997 2615 3596 2687">
     <span class='ocr_line' id='line_1_57' title="bbox 1997 2615 3596 2687; baseline 0.002 -20"><span class='ocrx_word' id='word_1_429' title='bbox 1997 2615 2139 2670; x_wconf 90' lang='lat' dir='ltr'><strong>irent</strong></span> <span class='ocrx_word' id='word_1_430' title='bbox 2176 2633 2188 2668; x_wconf 90' lang='lat'><strong>:</strong></span> <span class='ocrx_word' id='word_1_431' title='bbox 2241 2626 2341 2685; x_wconf 88' lang='lat' dir='ltr'><strong>ego</strong></span> <span class='ocrx_word' id='word_1_432' title='bbox 2383 2632 2507 2670; x_wconf 89' lang='lat' dir='ltr'><strong>cum</strong></span> <span class='ocrx_word' id='word_1_433' title='bbox 2556 2616 2859 2683; x_wconf 89' lang='lat' dir='ltr'><strong>miraculis,</strong></span> <span class='ocrx_word' id='word_1_434' title='bbox 2901 2617 2992 2672; x_wconf 89' lang='lat' dir='ltr'><strong>ille</strong></span> <span class='ocrx_word' id='word_1_435' title='bbox 3027 2621 3236 2687; x_wconf 87' lang='lat' dir='ltr'><strong>absque</strong></span> <span class='ocrx_word' id='word_1_436' title='bbox 3288 2616 3596 2671; x_wconf 88' lang='lat' dir='ltr'><strong>miraculis.</strong></span> 
     </span>
    </p>
   </div>
   <div class='ocr_carea' id='block_1_58' title="bbox 1990 2711 3593 2778">
    <p class='ocr_par' dir='ltr' id='par_1_58' title="bbox 1990 2711 3593 2778">
     <span class='ocr_line' id='line_1_58' title="bbox 1990 2711 3593 2778; baseline -0.002 -12"><span class='ocrx_word' id='word_1_437' title='bbox 1990 2712 2255 2766; x_wconf 88' lang='lat' dir='ltr'><strong>Similiter</strong></span> <span class='ocrx_word' id='word_1_438' title='bbox 2309 2721 2362 2765; x_wconf 91' lang='lat' dir='ltr'><strong>et</strong></span> <span class='ocrx_word' id='word_1_439' title='bbox 2416 2713 2605 2778; x_wconf 82' lang='lat' dir='ltr'><strong>regina</strong></span> <span class='ocrx_word' id='word_1_440' title='bbox 2657 2713 2832 2766; x_wconf 89' lang='lat' dir='ltr'><strong>austri</strong></span> <span class='ocrx_word' id='word_1_441' title='bbox 2875 2711 3266 2766; x_wconf 87' lang='lat' dir='ltr'><strong>condemnabit</strong></span> <span class='ocrx_word' id='word_1_442' title='bbox 3313 2712 3593 2765; x_wconf 87' lang='lat' dir='ltr'><strong>nationem</strong></span> 
     </span>
    </p>
   </div>
   <div class='ocr_carea' id='block_1_59' title="bbox 1990 2803 3668 2871">
    <p class='ocr_par' dir='ltr' id='par_1_59' title="bbox 1990 2803 3668 2871">
     <span class='ocr_line' id='line_1_59' title="bbox 1990 2803 3668 2871; baseline -0.001 -15"><span class='ocrx_word' id='word_1_443' title='bbox 1990 2803 2150 2868; x_wconf 85' lang='lat' dir='ltr'><strong>banc,</strong></span> <span class='ocrx_word' id='word_1_444' title='bbox 2189 2805 2313 2871; x_wconf 86' lang='lat' dir='ltr'><strong>quia</strong></span> <span class='ocrx_word' id='word_1_445' title='bbox 2361 2819 2430 2858; x_wconf 81' lang='lat' dir='ltr'><strong>ex</strong></span> <span class='ocrx_word' id='word_1_446' title='bbox 2486 2805 2685 2858; x_wconf 77' lang='lat' dir='ltr'><strong>ﬁnibus</strong></span> <span class='ocrx_word' id='word_1_447' title='bbox 2739 2815 2900 2858; x_wconf 70' lang='lat' dir='ltr'><strong>terra:</strong></span> <span class='ocrx_word' id='word_1_448' title='bbox 2931 2804 3088 2859; x_wconf 79' lang='lat' dir='ltr'><strong>venit</strong></span> <span class='ocrx_word' id='word_1_449' title='bbox 3137 2811 3193 2857; x_wconf 92' lang='lat' dir='ltr'><strong>ut</strong></span> <span class='ocrx_word' id='word_1_450' title='bbox 3241 2803 3457 2856; x_wconf 88' lang='lat' dir='ltr'><strong>audiret</strong></span> <span class='ocrx_word' id='word_1_451' title='bbox 3509 2818 3566 2855; x_wconf 87' lang='lat' dir='ltr'><strong>sa</strong></span> <span class='ocrx_word' id='word_1_452' title='bbox 3655 2819 3668 2828; x_wconf 84' lang='grc'><strong>·</strong></span> 
     </span>
    </p>
   </div>
   <div class='ocr_carea' id='block_1_60' title="bbox 1987 2898 3599 2969">
    <p class='ocr_par' dir='ltr' id='par_1_60' title="bbox 1987 2898 3599 2969">
     <span class='ocr_line' id='line_1_60' title="bbox 1987 2898 3599 2969; baseline 0.002 -21"><span class='ocrx_word' id='word_1_453' title='bbox 1987 2898 2247 2966; x_wconf 82' lang='lat' dir='ltr'><strong>pientiam</strong></span> <span class='ocrx_word' id='word_1_454' title='bbox 2275 2899 2608 2954; x_wconf 90' lang='lat' dir='ltr'><strong>Solomonis.</strong></span> <span class='ocrx_word' id='word_1_455' title='bbox 2651 2899 2928 2969; x_wconf 86' lang='lat' dir='ltr'><strong>lntclligas</strong></span> <span class='ocrx_word' id='word_1_456' title='bbox 2958 2914 3196 2969; x_wconf 87' lang='lat' dir='ltr'><strong>quoque,</strong></span> <span class='ocrx_word' id='word_1_457' title='bbox 3229 2901 3478 2966; x_wconf 80' lang='lat' dir='ltr'><strong>obsecro,</strong></span> <span class='ocrx_word' id='word_1_458' title='bbox 3502 2912 3599 2968; x_wconf 83' lang='lat' dir='ltr'><strong>per</strong></span> 
     </span>
    </p>
   </div>
   <div class='ocr_carea' id='block_1_61' title="bbox 1990 2991 3596 3060">
    <p class='ocr_par' dir='ltr' id='par_1_61' title="bbox 1990 2991 3596 3060">
     <span class='ocr_line' id='line_1_61' title="bbox 1990 2991 3596 3060; baseline 0.001 -17"><span class='ocrx_word' id='word_1_459' title='bbox 1990 2992 2233 3060; x_wconf 80' lang='lat' dir='ltr'><strong>reginam</strong></span> <span class='ocrx_word' id='word_1_460' title='bbox 2287 2992 2487 3056; x_wconf 86' lang='lat' dir='ltr'><strong>austri,</strong></span> <span class='ocrx_word' id='word_1_461' title='bbox 2520 3007 2740 3048; x_wconf 90' lang='lat' dir='ltr'><strong>omnem</strong></span> <span class='ocrx_word' id='word_1_462' title='bbox 2780 2993 3018 3046; x_wconf 87' lang='lat' dir='ltr'><strong>animam</strong></span> <span class='ocrx_word' id='word_1_463' title='bbox 3054 3009 3174 3060; x_wconf 84' lang='lat' dir='ltr'><strong>qme</strong></span> <span class='ocrx_word' id='word_1_464' title='bbox 3223 2992 3274 3045; x_wconf 91' lang='lat' dir='ltr'><strong>in</strong></span> <span class='ocrx_word' id='word_1_465' title='bbox 3320 2991 3466 3046; x_wconf 90' lang='lat' dir='ltr'><strong>bono</strong></span> <span class='ocrx_word' id='word_1_466' title='bbox 3502 3009 3596 3044; x_wconf 85' lang='lat' dir='ltr'><strong>va-</strong></span> 
     </span>
    </p>
   </div>
   <div class='ocr_carea' id='block_1_62' title="bbox 1987 3083 3593 3154">
    <p class='ocr_par' dir='ltr' id='par_1_62' title="bbox 1987 3083 3593 3154">
     <span class='ocr_line' id='line_1_62' title="bbox 1987 3083 3593 3154; baseline 0 -17"><span class='ocrx_word' id='word_1_467' title='bbox 1987 3083 2093 3138; x_wconf 86' lang='lat' dir='ltr'><strong>lida</strong></span> <span class='ocrx_word' id='word_1_468' title='bbox 2147 3091 2232 3138; x_wconf 85' lang='lat' dir='ltr'><strong>est</strong></span> <span class='ocrx_word' id='word_1_469' title='bbox 2263 3093 2316 3138; x_wconf 86' lang='lat' dir='ltr'><strong>et</strong></span> <span class='ocrx_word' id='word_1_470' title='bbox 2339 3094 2678 3154; x_wconf 87' lang='lat' dir='ltr'><strong>perseverat.</strong></span> <span class='ocrx_word' id='word_1_471' title='bbox 2712 3085 2780 3138; x_wconf 84' lang='lat' dir='ltr'><strong>Et</strong></span> <span class='ocrx_word' id='word_1_472' title='bbox 2804 3094 2860 3138; x_wconf 88' lang='lat' dir='ltr'><strong>ut</strong></span> <span class='ocrx_word' id='word_1_473' title='bbox 2894 3085 3000 3140; x_wconf 87' lang='lat' dir='ltr'><strong>tale</strong></span> <span class='ocrx_word' id='word_1_474' title='bbox 3019 3085 3150 3154; x_wconf 89' lang='lat' dir='ltr'><strong>quid</strong></span> <span class='ocrx_word' id='word_1_475' title='bbox 3180 3085 3382 3147; x_wconf 83' lang='lat' dir='ltr'><strong>dicam,</strong></span> <span class='ocrx_word' id='word_1_476' title='bbox 3411 3085 3593 3154; x_wconf 82' lang='lat' dir='ltr'><strong>aquilo</strong></span> 
     </span>
    </p>
   </div>
   <div class='ocr_carea' id='block_1_63' title="bbox 1989 3173 3590 3246">
    <p class='ocr_par' dir='ltr' id='par_1_63' title="bbox 1989 3173 3590 3246">
     <span class='ocr_line' id='line_1_63' title="bbox 1989 3173 3590 3246; baseline 0.001 -17"><span class='ocrx_word' id='word_1_477' title='bbox 1989 3176 2043 3229; x_wconf 91' lang='lat' dir='ltr'><strong>in</strong></span> <span class='ocrx_word' id='word_1_478' title='bbox 2083 3173 2368 3245; x_wconf 88' lang='lat' dir='ltr'><strong>Scriptura</strong></span> <span class='ocrx_word' id='word_1_479' title='bbox 2410 3176 2710 3230; x_wconf 79' lang='lat' dir='ltr'><strong>infamatur</strong></span> <span class='ocrx_word' id='word_1_480' title='bbox 2764 3185 3024 3244; x_wconf 87' lang='lat' dir='ltr'><strong>tanquam</strong></span> <span class='ocrx_word' id='word_1_481' title='bbox 3075 3178 3377 3231; x_wconf 80' lang='lat' dir='ltr'><strong>adversarii</strong></span> <span class='ocrx_word' id='word_1_482' title='bbox 3421 3177 3590 3246; x_wconf 82' lang='lat' dir='ltr'><strong>regio.</strong></span> 
     </span>
    </p>
   </div>
   <div class='ocr_carea' id='block_1_64' title="bbox 280 3244 1877 3340">
    <p class='ocr_par' dir='ltr' id='par_1_64' title="bbox 280 3267 1877 3339">
     <span class='ocr_line' id='line_1_64' title="bbox 280 3267 1877 3339; baseline -0.002 -17"><span class='ocrx_word' id='word_1_483' title='bbox 280 3269 379 3322; x_wconf 78' lang='grc' dir='ltr'>καὶ</span> <span class='ocrx_word' id='word_1_484' title='bbox 409 3270 593 3322; x_wconf 82' lang='grc' dir='ltr'>πᾶσαν</span> <span class='ocrx_word' id='word_1_485' title='bbox 622 3269 803 3339; x_wconf 76' lang='grc' dir='ltr'>ψυχὴν</span> <span class='ocrx_word' id='word_1_486' title='bbox 832 3272 889 3321; x_wconf 85' lang='grc' dir='ltr'><strong>ἐν</strong></span> <span class='ocrx_word' id='word_1_487' title='bbox 927 3269 1004 3339; x_wconf 80' lang='grc' dir='ltr'><strong>τῷ</strong></span> <span class='ocrx_word' id='word_1_488' title='bbox 1057 3268 1209 3339; x_wconf 87' lang='grc' dir='ltr'><strong>καλῷ</strong></span> <span class='ocrx_word' id='word_1_489' title='bbox 1257 3267 1570 3339; x_wconf 84' lang='grc' dir='ltr'>κρατοῦσαν</span> <span class='ocrx_word' id='word_1_490' title='bbox 1604 3270 1698 3322; x_wconf 72' lang='grc' dir='ltr'>καὶ</span> <span class='ocrx_word' id='word_1_491' title='bbox 1731 3270 1877 3320; x_wconf 82' lang='grc' dir='ltr'>ἱστα-</span> 
     </span>
    </p>
   </div>
   <div class='ocr_carea' id='block_1_65' title="bbox 1986 3244 3593 3340">
    <p class='ocr_par' dir='ltr' id='par_1_65' title="bbox 1988 3244 3593 3340">
     <span class='ocr_line' id='line_1_65' title="bbox 1988 3244 3593 3340; baseline 0.001 -17"><span class='ocrx_word' id='word_1_492' title='bbox 1988 3268 2177 3324; x_wconf 85' lang='lat' dir='ltr'><strong>Gelida</strong></span> <span class='ocrx_word' id='word_1_493' title='bbox 2211 3244 2362 3323; x_wconf 82' lang='lat' dir='ltr'><strong>enim</strong></span> <span class='ocrx_word' id='word_1_494' title='bbox 2397 3279 2482 3323; x_wconf 86' lang='lat' dir='ltr'><strong>est</strong></span> <span class='ocrx_word' id='word_1_495' title='bbox 2536 3279 2588 3322; x_wconf 91' lang='lat' dir='ltr'><strong>et</strong></span> <span class='ocrx_word' id='word_1_496' title='bbox 2625 3269 2818 3338; x_wconf 81' lang='lat' dir='ltr'><strong>rigida,</strong></span> <span class='ocrx_word' id='word_1_497' title='bbox 2853 3287 2916 3324; x_wconf 87' lang='lat' dir='ltr'><strong>ac</strong></span> <span class='ocrx_word' id='word_1_498' title='bbox 2951 3279 3162 3324; x_wconf 89' lang='lat' dir='ltr'><strong>mortua</strong></span> <span class='ocrx_word' id='word_1_499' title='bbox 3207 3270 3355 3324; x_wconf 80' lang='lat' dir='ltr'><strong>facit.</strong></span> <span class='ocrx_word' id='word_1_500' title='bbox 3394 3271 3593 3340; x_wconf 82' lang='lat' dir='ltr'><strong>Auster</strong></span> 
     </span>
    </p>
   </div>
   <div class='ocr_carea' id='block_1_66' title="bbox 284 3358 1878 3432">
    <p class='ocr_par' dir='ltr' id='par_1_66' title="bbox 284 3358 1878 3432">
     <span class='ocr_line' id='line_1_66' title="bbox 284 3358 1878 3432; baseline 0 -18"><span class='ocrx_word' id='word_1_501' title='bbox 284 3360 454 3431; x_wconf 78' lang='grc' dir='ltr'>μένην</span> <span class='ocrx_word' id='word_1_502' title='bbox 487 3361 808 3431; x_wconf 84' lang='grc' dir='ltr'>βασίλισσαν</span> <span class='ocrx_word' id='word_1_503' title='bbox 837 3361 932 3414; x_wconf 87' lang='grc' dir='ltr'><strong>τοῦ</strong></span> <span class='ocrx_word' id='word_1_504' title='bbox 961 3361 1139 3414; x_wconf 90' lang='grc' dir='ltr'>νότου.</span> <span class='ocrx_word' id='word_1_505' title='bbox 1171 3358 1296 3414; x_wconf 75' lang='grc' dir='ltr'>Οἷόν</span> <span class='ocrx_word' id='word_1_506' title='bbox 1327 3363 1379 3414; x_wconf 85' lang='grc' dir='ltr'><strong>τί</strong></span> <span class='ocrx_word' id='word_1_507' title='bbox 1413 3379 1579 3432; x_wconf 84' lang='grc' dir='ltr'>φημι,</span> <span class='ocrx_word' id='word_1_508' title='bbox 1619 3363 1646 3414; x_wconf 97' lang='lat'><strong>6</strong></span> <span class='ocrx_word' id='word_1_509' title='bbox 1674 3361 1878 3432; x_wconf 77' lang='grc' dir='ltr'>βορρᾶς</span> 
     </span>
    </p>
   </div>
   <div class='ocr_carea' id='block_1_67' title="bbox 281 3436 1878 3526">
    <p class='ocr_par' dir='ltr' id='par_1_67' title="bbox 281 3436 1878 3526">
     <span class='ocr_line' id='line_1_67' title="bbox 281 3436 1878 3526; baseline -0.001 -19"><span class='ocrx_word' id='word_1_510' title='bbox 281 3454 434 3525; x_wconf 80' lang='grc' dir='ltr'>παρὰ</span> <span class='ocrx_word' id='word_1_511' title='bbox 488 3458 556 3526; x_wconf 85' lang='grc' dir='ltr'>τῇ</span> <span class='ocrx_word' id='word_1_512' title='bbox 605 3457 796 3526; x_wconf 79' lang='grc' dir='ltr'>Γραφῇ</span> <span class='ocrx_word' id='word_1_513' title='bbox 835 3436 1208 3519; x_wconf 76' lang='grc' dir='ltr'>διαϐάλλεται,</span> <span class='ocrx_word' id='word_1_514' title='bbox 1249 3456 1323 3517; x_wconf 76' lang='grc' dir='ltr'>ὡς</span> <span class='ocrx_word' id='word_1_515' title='bbox 1360 3455 1451 3507; x_wconf 91' lang='grc' dir='ltr'><strong>τοῦ</strong></span> <span class='ocrx_word' id='word_1_516' title='bbox 1498 3457 1878 3523; x_wconf 80' lang='grc' dir='ltr'>ἀντικειμένου</span> 
     </span>
    </p>
   </div>
   <div class='ocr_carea' id='block_1_68' title="bbox 278 3543 1882 3616">
    <p class='ocr_par' dir='ltr' id='par_1_68' title="bbox 278 3543 1882 3616">
     <span class='ocr_line' id='line_1_68' title="bbox 278 3543 1882 3616; baseline -0.001 -18"><span class='ocrx_word' id='word_1_517' title='bbox 278 3546 464 3609; x_wconf 82' lang='grc' dir='ltr'>τόπος·</span> <span class='ocrx_word' id='word_1_518' title='bbox 489 3546 694 3616; x_wconf 69' lang='grc' dir='ltr'>ψυχρὸς</span> <span class='ocrx_word' id='word_1_519' title='bbox 727 3547 833 3615; x_wconf 84' lang='grc' dir='ltr'><strong>γάρ</strong></span> <span class='ocrx_word' id='word_1_520' title='bbox 858 3546 953 3598; x_wconf 67' lang='grc' dir='ltr'><strong>καὶ</strong></span> <span class='ocrx_word' id='word_1_521' title='bbox 984 3543 1302 3616; x_wconf 81' lang='grc' dir='ltr'>νεκροποιὸς</span> <span class='ocrx_word' id='word_1_522' title='bbox 1335 3546 1429 3596; x_wconf 73' lang='grc' dir='ltr'><strong>καὶ</strong></span> <span class='ocrx_word' id='word_1_523' title='bbox 1497 3544 1784 3614; x_wconf 80' lang='grc' dir='ltr'>ναρκώδης</span> <span class='ocrx_word' id='word_1_524' title='bbox 1805 3560 1816 3572; x_wconf 89' lang='grc'><strong>·</strong></span> <span class='ocrx_word' id='word_1_525' title='bbox 1856 3545 1882 3596; x_wconf 89' lang='lat'><strong>6</strong></span> 
     </span>
    </p>
   </div>
   <div class='ocr_carea' id='block_1_69' title="bbox 277 3635 1877 3705">
    <p class='ocr_par' dir='ltr' id='par_1_69' title="bbox 277 3635 1877 3705">
     <span class='ocr_line' id='line_1_69' title="bbox 277 3635 1877 3705; baseline -0.003 -14"><span class='ocrx_word' id='word_1_526' title='bbox 277 3639 335 3692; x_wconf 63' lang='grc' dir='ltr'><strong>δὲ</strong></span> <span class='ocrx_word' id='word_1_527' title='bbox 361 3641 511 3700; x_wconf 82' lang='grc' dir='ltr'>νότος</span> <span class='ocrx_word' id='word_1_528' title='bbox 543 3642 848 3690; x_wconf 84' lang='grc' dir='ltr'>ἐπαινεῖται</span> <span class='ocrx_word' id='word_1_529' title='bbox 875 3638 948 3698; x_wconf 80' lang='grc' dir='ltr'>ὡς</span> <span class='ocrx_word' id='word_1_530' title='bbox 984 3635 1203 3704; x_wconf 82' lang='grc' dir='ltr'>πνεῦμα</span> <span class='ocrx_word' id='word_1_531' title='bbox 1229 3636 1436 3705; x_wconf 71' lang='grc' dir='ltr'>θερμὸν</span> <span class='ocrx_word' id='word_1_532' title='bbox 1467 3635 1563 3688; x_wconf 79' lang='grc' dir='ltr'>καὶ</span> <span class='ocrx_word' id='word_1_533' title='bbox 1588 3635 1877 3702; x_wconf 73' lang='grc' dir='ltr'>ζωογονον,</span> 
     </span>
    </p>
   </div>
   <div class='ocr_carea' id='block_1_70' title="bbox 278 3727 1877 3799">
    <p class='ocr_par' dir='ltr' id='par_1_70' title="bbox 278 3727 1877 3799">
     <span class='ocr_line' id='line_1_70' title="bbox 278 3727 1877 3799; baseline -0.004 -15"><span class='ocrx_word' id='word_1_534' title='bbox 278 3730 377 3784; x_wconf 76' lang='grc' dir='ltr'><strong>καὶ</strong></span> <span class='ocrx_word' id='word_1_535' title='bbox 417 3730 524 3782; x_wconf 79' lang='grc' dir='ltr'><strong>τῶν</strong></span> <span class='ocrx_word' id='word_1_536' title='bbox 569 3729 986 3799; x_wconf 81' lang='grc' dir='ltr'>νεναρκηκότων</span> <span class='ocrx_word' id='word_1_537' title='bbox 1019 3729 1205 3798; x_wconf 35' lang='grc' dir='ltr'>μελῶν,</span> <span class='ocrx_word' id='word_1_538' title='bbox 1233 3727 1550 3782; x_wconf 86' lang='grc' dir='ltr'>θαλπτικόν.</span> <span class='ocrx_word' id='word_1_539' title='bbox 1597 3728 1686 3780; x_wconf 73' lang='grc' dir='ltr'><strong>Διὸ</strong></span> <span class='ocrx_word' id='word_1_540' title='bbox 1718 3727 1810 3778; x_wconf 77' lang='grc' dir='ltr'>καὶ</span> <span class='ocrx_word' id='word_1_541' title='bbox 1845 3728 1877 3796; x_wconf 85' lang='grc' dir='ltr'><strong>ἡ</strong></span> 
     </span>
    </p>
   </div>
   <div class='ocr_carea' id='block_1_71' title="bbox 279 3817 1871 3892">
    <p class='ocr_par' dir='ltr' id='par_1_71' title="bbox 279 3817 1871 3892">
     <span class='ocr_line' id='line_1_71' title="bbox 279 3817 1871 3892; baseline -0.004 -15"><span class='ocrx_word' id='word_1_542' title='bbox 279 3824 344 3877; x_wconf 78' lang='grc' dir='ltr'><strong>ἐν</strong></span> <span class='ocrx_word' id='word_1_543' title='bbox 381 3821 459 3892; x_wconf 85' lang='grc' dir='ltr'>τῷ</span> <span class='ocrx_word' id='word_1_544' title='bbox 495 3823 733 3891; x_wconf 73' lang='grc' dir='ltr'>’ᾼσματι</span> <span class='ocrx_word' id='word_1_545' title='bbox 768 3820 956 3891; x_wconf 83' lang='grc' dir='ltr'>νύμφη</span> <span class='ocrx_word' id='word_1_546' title='bbox 989 3821 1083 3872; x_wconf 67' lang='grc' dir='ltr'>τὸν</span> <span class='ocrx_word' id='word_1_547' title='bbox 1122 3820 1328 3891; x_wconf 73' lang='grc' dir='ltr'>βορρᾶν</span> <span class='ocrx_word' id='word_1_548' title='bbox 1367 3819 1677 3886; x_wconf 85' lang='grc' dir='ltr'>διώκουσα,</span> <span class='ocrx_word' id='word_1_549' title='bbox 1725 3817 1871 3882; x_wconf 81' lang='grc' dir='ltr'><strong>Ἐξε-</strong></span> 
     </span>
    </p>
   </div>
   <div class='ocr_carea' id='block_1_72' title="bbox 277 3912 1875 3984">
    <p class='ocr_par' dir='ltr' id='par_1_72' title="bbox 277 3912 1875 3984">
     <span class='ocr_line' id='line_1_72' title="bbox 277 3912 1875 3984; baseline -0.003 -18"><span class='ocrx_word' id='word_1_550' title='bbox 277 3914 532 3984; x_wconf 79' lang='grc' dir='ltr'>γὲρθητι,</span> <span class='ocrx_word' id='word_1_551' title='bbox 562 3915 723 3983; x_wconf 69' lang='grc' dir='ltr'>φησὶ,</span> <span class='ocrx_word' id='word_1_552' title='bbox 753 3912 946 3984; x_wconf 75' lang='grc' dir='ltr'>βορρᾶ,</span> <span class='ocrx_word' id='word_1_553' title='bbox 987 3913 1079 3964; x_wconf 73' lang='grc' dir='ltr'><strong>καὶ</strong></span> <span class='ocrx_word' id='word_1_554' title='bbox 1110 3912 1295 3981; x_wconf 77' lang='grc' dir='ltr'>ἔρχου,</span> <span class='ocrx_word' id='word_1_555' title='bbox 1345 3913 1484 3966; x_wconf 85' lang='grc' dir='ltr'>νότε.</span> <span class='ocrx_word' id='word_1_556' title='bbox 1517 3914 1626 3964; x_wconf 76' lang='grc' dir='ltr'><strong>Καὶ</strong></span> <span class='ocrx_word' id='word_1_557' title='bbox 1656 3912 1817 3965; x_wconf 85' lang='grc' dir='ltr'>πάλιν</span> <span class='ocrx_word' id='word_1_558' title='bbox 1846 3913 1875 3963; x_wconf 90' lang='lat'><strong>6</strong></span> 
     </span>
    </p>
   </div>
   <div class='ocr_carea' id='block_1_73' title="bbox 280 4004 1876 4078">
    <p class='ocr_par' dir='ltr' id='par_1_73' title="bbox 280 4004 1876 4078">
     <span class='ocr_line' id='line_1_73' title="bbox 280 4004 1876 4078; baseline -0.002 -18"><span class='ocrx_word' id='word_1_559' title='bbox 280 4008 569 4078; x_wconf 76' lang='grc' dir='ltr'>προφήτης</span> <span class='ocrx_word' id='word_1_560' title='bbox 614 4006 780 4075; x_wconf 74' lang='grc' dir='ltr'>φησί’</span> <span class='ocrx_word' id='word_1_561' title='bbox 841 4006 950 4058; x_wconf 76' lang='grc' dir='ltr'><strong>Καὶ</strong></span> <span class='ocrx_word' id='word_1_562' title='bbox 1001 4005 1093 4058; x_wconf 71' lang='grc' dir='ltr'>τὸν</span> <span class='ocrx_word' id='word_1_563' title='bbox 1143 4005 1252 4058; x_wconf 83' lang='grc' dir='ltr'>ἀπὸ</span> <span class='ocrx_word' id='word_1_564' title='bbox 1300 4005 1474 4076; x_wconf 75' lang='grc' dir='ltr'>βορρᾶ</span> <span class='ocrx_word' id='word_1_565' title='bbox 1520 4004 1876 4078; x_wconf 76' lang='grc' dir='ltr'>ἐξολοθρεύσῃ</span> 
     </span>
    </p>
   </div>
   <div class='ocr_carea' id='block_1_74' title="bbox 277 4098 1870 4172">
    <p class='ocr_par' dir='ltr' id='par_1_74' title="bbox 277 4098 1870 4172">
     <span class='ocr_line' id='line_1_74' title="bbox 277 4098 1870 4172; baseline -0.002 -18"><span class='ocrx_word' id='word_1_566' title='bbox 277 4100 503 4172; x_wconf 79' lang='grc' dir='ltr'>Κύριος,</span> <span class='ocrx_word' id='word_1_567' title='bbox 553 4099 797 4168; x_wconf 83' lang='grc' dir='ltr'>δηλονότι</span> <span class='ocrx_word' id='word_1_568' title='bbox 840 4098 934 4152; x_wconf 71' lang='grc' dir='ltr'><strong>τὸν</strong></span> <span class='ocrx_word' id='word_1_569' title='bbox 985 4099 1256 4153; x_wconf 79' lang='grc' dir='ltr'>Σατανᾶν.</span> <span class='ocrx_word' id='word_1_570' title='bbox 1305 4099 1370 4151; x_wconf 88' lang='lat' dir='ltr'><strong>&#39;H</strong></span> <span class='ocrx_word' id='word_1_571' title='bbox 1411 4099 1590 4152; x_wconf 85' lang='grc' dir='ltr'>τοίνυν</span> <span class='ocrx_word' id='word_1_572' title='bbox 1638 4098 1785 4170; x_wconf 79' lang='grc' dir='ltr'>ψυχὴ</span> <span class='ocrx_word' id='word_1_573' title='bbox 1837 4102 1870 4169; x_wconf 89' lang='grc' dir='ltr'><strong>ή</strong></span> 
     </span>
    </p>
   </div>
   <div class='ocr_carea' id='block_1_75' title="bbox 281 4188 1870 4261">
    <p class='ocr_par' dir='ltr' id='par_1_75' title="bbox 281 4188 1870 4261">
     <span class='ocr_line' id='line_1_75' title="bbox 281 4188 1870 4261; baseline -0.003 -17"><span class='ocrx_word' id='word_1_574' title='bbox 281 4190 650 4261; x_wconf 80' lang='grc' dir='ltr'>βασιλεύουσα</span> <span class='ocrx_word' id='word_1_575' title='bbox 697 4190 754 4242; x_wconf 90' lang='grc' dir='ltr'><strong>ἐν</strong></span> <span class='ocrx_word' id='word_1_576' title='bbox 794 4188 873 4259; x_wconf 81' lang='grc' dir='ltr'>τῷ</span> <span class='ocrx_word' id='word_1_577' title='bbox 901 4189 1058 4258; x_wconf 83' lang='grc' dir='ltr'>νότῳ,</span> <span class='ocrx_word' id='word_1_578' title='bbox 1111 4191 1177 4258; x_wconf 83' lang='grc' dir='ltr'>τῇ</span> <span class='ocrx_word' id='word_1_579' title='bbox 1214 4189 1393 4258; x_wconf 82' lang='grc' dir='ltr'>ἀγαθῇ</span> <span class='ocrx_word' id='word_1_580' title='bbox 1433 4188 1613 4257; x_wconf 81' lang='grc' dir='ltr'>μερίδι</span> <span class='ocrx_word' id='word_1_581' title='bbox 1649 4188 1746 4240; x_wconf 73' lang='grc' dir='ltr'>καὶ</span> <span class='ocrx_word' id='word_1_582' title='bbox 1791 4188 1870 4257; x_wconf 83' lang='grc' dir='ltr'>τῷ</span> 
     </span>
    </p>
   </div>
   <div class='ocr_carea' id='block_1_76' title="bbox 279 4281 1873 4354">
    <p class='ocr_par' dir='ltr' id='par_1_76' title="bbox 279 4281 1873 4354">
     <span class='ocr_line' id='line_1_76' title="bbox 279 4281 1873 4354; baseline -0.003 -18"><span class='ocrx_word' id='word_1_583' title='bbox 279 4283 637 4353; x_wconf 76' lang='grc' dir='ltr'>πνευματικῷ</span> <span class='ocrx_word' id='word_1_584' title='bbox 676 4283 799 4354; x_wconf 76' lang='grc' dir='ltr'>βίῳ,</span> <span class='ocrx_word' id='word_1_585' title='bbox 833 4285 930 4335; x_wconf 71' lang='grc' dir='ltr'>καὶ</span> <span class='ocrx_word' id='word_1_586' title='bbox 973 4282 1062 4334; x_wconf 82' lang='grc' dir='ltr'><strong>διὰ</strong></span> <span class='ocrx_word' id='word_1_587' title='bbox 1094 4281 1192 4350; x_wconf 81' lang='grc' dir='ltr'>τῆς</span> <span class='ocrx_word' id='word_1_588' title='bbox 1224 4281 1538 4351; x_wconf 75' lang='grc' dir='ltr'>πρακτικῆς</span> <span class='ocrx_word' id='word_1_589' title='bbox 1572 4281 1634 4332; x_wconf 66' lang='grc' dir='ltr'>τὸ</span> <span class='ocrx_word' id='word_1_590' title='bbox 1671 4282 1873 4351; x_wconf 86' lang='grc' dir='ltr'>κράτος</span> 
     </span>
    </p>
   </div>
   <div class='ocr_carea' id='block_1_77' title="bbox 275 4373 1873 4446">
    <p class='ocr_par' dir='ltr' id='par_1_77' title="bbox 275 4373 1873 4446">
     <span class='ocr_line' id='line_1_77' title="bbox 275 4373 1873 4446; baseline -0.001 -19"><span class='ocrx_word' id='word_1_591' title='bbox 275 4375 499 4444; x_wconf 57' lang='grc' dir='ltr'>ἔχουσα,</span> <span class='ocrx_word' id='word_1_592' title='bbox 534 4376 752 4446; x_wconf 78' lang='grc' dir='ltr'>ἔρχεται</span> <span class='ocrx_word' id='word_1_593' title='bbox 811 4377 892 4437; x_wconf 79' lang='grc' dir='ltr'><strong>εἰς</strong></span> <span class='ocrx_word' id='word_1_594' title='bbox 945 4373 1003 4426; x_wconf 87' lang='grc' dir='ltr'><strong>τὺ</strong></span> <span class='ocrx_word' id='word_1_595' title='bbox 1042 4373 1274 4426; x_wconf 79' lang='grc' dir='ltr'>κοῦσαι</span> <span class='ocrx_word' id='word_1_596' title='bbox 1323 4375 1424 4444; x_wconf 77' lang='grc' dir='ltr'>τὴν</span> <span class='ocrx_word' id='word_1_597' title='bbox 1474 4375 1690 4444; x_wconf 84' lang='grc' dir='ltr'>σοφίαν,</span> <span class='ocrx_word' id='word_1_598' title='bbox 1737 4374 1873 4443; x_wconf 82' lang='grc' dir='ltr'>ὅπερ</span> 
     </span>
    </p>
   </div>
   <div class='ocr_carea' id='block_1_78' title="bbox 1983 3361 3592 3429">
    <p class='ocr_par' dir='ltr' id='par_1_78' title="bbox 1983 3361 3592 3429">
     <span class='ocr_line' id='line_1_78' title="bbox 1983 3361 3592 3429; baseline 0.003 -15"><span class='ocrx_word' id='word_1_599' title='bbox 1983 3378 2117 3417; x_wconf 83' lang='lat' dir='ltr'><strong>vero</strong></span> <span class='ocrx_word' id='word_1_600' title='bbox 2170 3361 2423 3417; x_wconf 89' lang='lat' dir='ltr'><strong>laudatur</strong></span> <span class='ocrx_word' id='word_1_601' title='bbox 2467 3370 2525 3414; x_wconf 91' lang='lat' dir='ltr'><strong>ut</strong></span> <span class='ocrx_word' id='word_1_602' title='bbox 2575 3371 2771 3416; x_wconf 79' lang='lat' dir='ltr'><strong>ventus</strong></span> <span class='ocrx_word' id='word_1_603' title='bbox 2818 3361 3028 3416; x_wconf 87' lang='lat' dir='ltr'><strong>calidus</strong></span> <span class='ocrx_word' id='word_1_604' title='bbox 3080 3374 3135 3416; x_wconf 88' lang='lat' dir='ltr'><strong>et</strong></span> <span class='ocrx_word' id='word_1_605' title='bbox 3182 3363 3486 3429; x_wconf 83' lang='lat' dir='ltr'><strong>viviﬁcans,</strong></span> <span class='ocrx_word' id='word_1_606' title='bbox 3535 3376 3592 3419; x_wconf 82' lang='lat' dir='ltr'><strong>e‘t</strong></span> 
     </span>
    </p>
   </div>
   <div class='ocr_carea' id='block_1_79' title="bbox 1983 3449 3594 3520">
    <p class='ocr_par' dir='ltr' id='par_1_79' title="bbox 1983 3449 3594 3520">
     <span class='ocr_line' id='line_1_79' title="bbox 1983 3449 3594 3520; baseline 0.003 -16"><span class='ocrx_word' id='word_1_607' title='bbox 1983 3451 2196 3520; x_wconf 89' lang='lat' dir='ltr'><strong>stupida</strong></span> <span class='ocrx_word' id='word_1_608' title='bbox 2252 3450 2497 3504; x_wconf 80' lang='lat' dir='ltr'><strong>ntembra</strong></span> <span class='ocrx_word' id='word_1_609' title='bbox 2558 3449 2876 3505; x_wconf 82' lang='lat' dir='ltr'><strong>confovens.</strong></span> <span class='ocrx_word' id='word_1_610' title='bbox 2935 3451 3061 3505; x_wconf 89' lang='lat' dir='ltr'><strong>Ideo</strong></span> <span class='ocrx_word' id='word_1_611' title='bbox 3109 3460 3163 3506; x_wconf 89' lang='lat' dir='ltr'><strong>et</strong></span> <span class='ocrx_word' id='word_1_612' title='bbox 3221 3451 3274 3506; x_wconf 92' lang='lat' dir='ltr'><strong>in</strong></span> <span class='ocrx_word' id='word_1_613' title='bbox 3343 3452 3594 3509; x_wconf 78' lang='lat' dir='ltr'><strong>Canticis</strong></span> 
     </span>
    </p>
   </div>
   <div class='ocr_carea' id='block_1_80' title="bbox 1982 3543 3593 3615">
    <p class='ocr_par' dir='ltr' id='par_1_80' title="bbox 1982 3543 3593 3615">
     <span class='ocr_line' id='line_1_80' title="bbox 1982 3543 3593 3615; baseline 0.001 -19"><span class='ocrx_word' id='word_1_614' title='bbox 1982 3558 2178 3611; x_wconf 78' lang='lat' dir='ltr'><strong>Sponsa</strong></span> <span class='ocrx_word' id='word_1_615' title='bbox 2221 3543 2528 3612; x_wconf 78' lang='lat' dir='ltr'><strong>aquilonem</strong></span> <span class='ocrx_word' id='word_1_616' title='bbox 2583 3543 2776 3611; x_wconf 77' lang='lat' dir='ltr'><strong>fugatis</strong></span> <span class='ocrx_word' id='word_1_617' title='bbox 2823 3545 2954 3597; x_wconf 88' lang='lat' dir='ltr'><strong>dicit</strong></span> <span class='ocrx_word' id='word_1_618' title='bbox 2990 3561 3003 3596; x_wconf 88' lang='lat'><strong>:</strong></span> <span class='ocrx_word' id='word_1_619' title='bbox 3042 3546 3242 3613; x_wconf 82' lang='lat' dir='ltr'><strong>Surge,</strong></span> <span class='ocrx_word' id='word_1_620' title='bbox 3288 3545 3503 3615; x_wconf 87' lang='lat' dir='ltr'><strong>aquilo;</strong></span> <span class='ocrx_word' id='word_1_621' title='bbox 3537 3556 3593 3600; x_wconf 90' lang='lat' dir='ltr'><strong>et</strong></span> 
     </span>
    </p>
   </div>
   <div class='ocr_carea' id='block_1_81' title="bbox 1981 3635 3592 3708">
    <p class='ocr_par' dir='ltr' id='par_1_81' title="bbox 1981 3635 3592 3708">
     <span class='ocr_line' id='line_1_81' title="bbox 1981 3635 3592 3708; baseline 0.003 -21"><span class='ocrx_word' id='word_1_622' title='bbox 1981 3639 2125 3701; x_wconf 60' lang='lat' dir='ltr'><strong>veni,</strong></span> <span class='ocrx_word' id='word_1_623' title='bbox 2159 3649 2365 3689; x_wconf 84' lang='lat' dir='ltr'><strong>auster.</strong></span> <span class='ocrx_word' id='word_1_624' title='bbox 2408 3635 2471 3687; x_wconf 82' lang='lat' dir='ltr'><strong>Et</strong></span> <span class='ocrx_word' id='word_1_625' title='bbox 2510 3636 2705 3688; x_wconf 83' lang='lat' dir='ltr'><strong>iterum</strong></span> <span class='ocrx_word' id='word_1_626' title='bbox 2751 3638 3012 3705; x_wconf 82' lang='lat' dir='ltr'><strong>prOphetn</strong></span> <span class='ocrx_word' id='word_1_627' title='bbox 3042 3636 3173 3690; x_wconf 88' lang='lat' dir='ltr'><strong>dicit</strong></span> <span class='ocrx_word' id='word_1_628' title='bbox 3209 3656 3221 3691; x_wconf 92' lang='lat'><strong>:</strong></span> <span class='ocrx_word' id='word_1_629' title='bbox 3254 3637 3319 3691; x_wconf 85' lang='lat' dir='ltr'><strong>Et</strong></span> <span class='ocrx_word' id='word_1_630' title='bbox 3349 3652 3472 3692; x_wconf 90' lang='lat' dir='ltr'><strong>eum</strong></span> <span class='ocrx_word' id='word_1_631' title='bbox 3497 3637 3592 3708; x_wconf 85' lang='lat' dir='ltr'><strong>qui</strong></span> 
     </span>
    </p>
   </div>
   <div class='ocr_carea' id='block_1_82' title="bbox 1981 3727 3588 3796">
    <p class='ocr_par' dir='ltr' id='par_1_82' title="bbox 1981 3727 3588 3796">
     <span class='ocr_line' id='line_1_82' title="bbox 1981 3727 3588 3796; baseline 0.002 -15"><span class='ocrx_word' id='word_1_632' title='bbox 1981 3727 2051 3781; x_wconf 86' lang='lat' dir='ltr'><strong>ab</strong></span> <span class='ocrx_word' id='word_1_633' title='bbox 2096 3727 2352 3795; x_wconf 84' lang='lat' dir='ltr'><strong>aquilone</strong></span> <span class='ocrx_word' id='word_1_634' title='bbox 2401 3737 2504 3791; x_wconf 86' lang='lat' dir='ltr'><strong>est,</strong></span> <span class='ocrx_word' id='word_1_635' title='bbox 2551 3729 2945 3783; x_wconf 78' lang='lat' dir='ltr'><strong>exterminabit</strong></span> <span class='ocrx_word' id='word_1_636' title='bbox 2985 3729 3270 3796; x_wconf 84' lang='lat' dir='ltr'><strong>Dominus,</strong></span> <span class='ocrx_word' id='word_1_637' title='bbox 3326 3732 3588 3785; x_wconf 85' lang='lat' dir='ltr'><strong>Satanam</strong></span> 
     </span>
    </p>
   </div>
   <div class='ocr_carea' id='block_1_83' title="bbox 1985 3818 3589 3890">
    <p class='ocr_par' dir='ltr' id='par_1_83' title="bbox 1985 3818 3589 3890">
     <span class='ocr_line' id='line_1_83' title="bbox 1985 3818 3589 3890; baseline 0.002 -16"><span class='ocrx_word' id='word_1_638' title='bbox 1985 3819 2216 3874; x_wconf 85' lang='lat' dir='ltr'><strong>scilicet.</strong></span> <span class='ocrx_word' id='word_1_639' title='bbox 2247 3818 2419 3887; x_wconf 83' lang='lat' dir='ltr'><strong>Igitur</strong></span> <span class='ocrx_word' id='word_1_640' title='bbox 2451 3820 2636 3874; x_wconf 90' lang='lat' dir='ltr'><strong>anima</strong></span> <span class='ocrx_word' id='word_1_641' title='bbox 2659 3835 2781 3890; x_wconf 64' lang='lat' dir='ltr'><strong>qua:</strong></span> <span class='ocrx_word' id='word_1_642' title='bbox 2811 3829 3004 3889; x_wconf 81' lang='lat' dir='ltr'><strong>regnat</strong></span> <span class='ocrx_word' id='word_1_643' title='bbox 3038 3824 3092 3876; x_wconf 89' lang='lat' dir='ltr'><strong>in</strong></span> <span class='ocrx_word' id='word_1_644' title='bbox 3117 3832 3330 3887; x_wconf 89' lang='lat' dir='ltr'><strong>austro,</strong></span> <span class='ocrx_word' id='word_1_645' title='bbox 3358 3824 3409 3876; x_wconf 92' lang='lat' dir='ltr'><strong>in</strong></span> <span class='ocrx_word' id='word_1_646' title='bbox 3448 3824 3589 3878; x_wconf 88' lang='lat' dir='ltr'><strong>bona</strong></span> 
     </span>
    </p>
   </div>
   <div class='ocr_carea' id='block_1_84' title="bbox 1985 3913 3590 3985">
    <p class='ocr_par' dir='ltr' id='par_1_84' title="bbox 1985 3913 3590 3985">
     <span class='ocr_line' id='line_1_84' title="bbox 1985 3913 3590 3985; baseline 0.002 -19"><span class='ocrx_word' id='word_1_647' title='bbox 1985 3922 2140 3982; x_wconf 89' lang='lat' dir='ltr'><strong>parte</strong></span> <span class='ocrx_word' id='word_1_648' title='bbox 2170 3913 2474 3982; x_wconf 76' lang='lat' dir='ltr'><strong>Spiritualis</strong></span> <span class='ocrx_word' id='word_1_649' title='bbox 2507 3913 2652 3980; x_wconf 69' lang='lat' dir='ltr'><strong>vitae,</strong></span> <span class='ocrx_word' id='word_1_650' title='bbox 2689 3924 2744 3967; x_wconf 88' lang='lat' dir='ltr'><strong>et</strong></span> <span class='ocrx_word' id='word_1_651' title='bbox 2778 3914 3065 3984; x_wconf 85' lang='lat' dir='ltr'><strong>imperium</strong></span> <span class='ocrx_word' id='word_1_652' title='bbox 3110 3917 3274 3970; x_wconf 86' lang='lat' dir='ltr'><strong>babet</strong></span> <span class='ocrx_word' id='word_1_653' title='bbox 3315 3916 3370 3970; x_wconf 92' lang='lat' dir='ltr'><strong>in</strong></span> <span class='ocrx_word' id='word_1_654' title='bbox 3401 3919 3590 3985; x_wconf 86' lang='lat' dir='ltr'><strong>operi-</strong></span> 
     </span>
    </p>
   </div>
   <div class='ocr_carea' id='block_1_85' title="bbox 1985 4006 3588 4076">
    <p class='ocr_par' dir='ltr' id='par_1_85' title="bbox 1985 4006 3588 4076">
     <span class='ocr_line' id='line_1_85' title="bbox 1985 4006 3588 4076; baseline 0.002 -16"><span class='ocrx_word' id='word_1_655' title='bbox 1985 4007 2105 4071; x_wconf 88' lang='lat' dir='ltr'><strong>bus,</strong></span> <span class='ocrx_word' id='word_1_656' title='bbox 2159 4006 2310 4059; x_wconf 86' lang='lat' dir='ltr'><strong>venit</strong></span> <span class='ocrx_word' id='word_1_657' title='bbox 2349 4015 2406 4059; x_wconf 90' lang='lat' dir='ltr'><strong>ut</strong></span> <span class='ocrx_word' id='word_1_658' title='bbox 2440 4006 2627 4060; x_wconf 86' lang='lat' dir='ltr'><strong>audiat</strong></span> <span class='ocrx_word' id='word_1_659' title='bbox 2676 4009 3028 4076; x_wconf 85' lang='lat' dir='ltr'><strong>sapientiam,</strong></span> <span class='ocrx_word' id='word_1_660' title='bbox 3066 4009 3168 4064; x_wconf 92' lang='lat' dir='ltr'><strong>boc</strong></span> <span class='ocrx_word' id='word_1_661' title='bbox 3199 4018 3303 4072; x_wconf 90' lang='lat' dir='ltr'><strong>est.</strong></span> <span class='ocrx_word' id='word_1_662' title='bbox 3354 4010 3420 4063; x_wconf 87' lang='lat' dir='ltr'><strong>ad</strong></span> <span class='ocrx_word' id='word_1_663' title='bbox 3453 4017 3588 4066; x_wconf 84' lang='lat' dir='ltr'><strong>con-</strong></span> 
     </span>
    </p>
   </div>
   <div class='ocr_carea' id='block_1_86' title="bbox 1983 4098 3592 4171">
    <p class='ocr_par' dir='ltr' id='par_1_86' title="bbox 1983 4098 3592 4171">
     <span class='ocr_line' id='line_1_86' title="bbox 1983 4098 3592 4171; baseline 0.003 -18"><span class='ocrx_word' id='word_1_664' title='bbox 1983 4098 2390 4167; x_wconf 86' lang='lat' dir='ltr'><strong>templationem</strong></span> <span class='ocrx_word' id='word_1_665' title='bbox 2438 4099 2702 4153; x_wconf 87' lang='lat' dir='ltr'><strong>ascendit.</strong></span> <span class='ocrx_word' id='word_1_666' title='bbox 2753 4100 3034 4171; x_wconf 80' lang='lat' dir='ltr'><strong>Sapientia</strong></span> <span class='ocrx_word' id='word_1_667' title='bbox 3086 4102 3229 4155; x_wconf 89' lang='lat' dir='ltr'><strong>enim</strong></span> <span class='ocrx_word' id='word_1_668' title='bbox 3281 4103 3592 4158; x_wconf 82' lang='lat' dir='ltr'><strong>Solomonis</strong></span> 
     </span>
    </p>
   </div>
   <div class='ocr_carea' id='block_1_87' title="bbox 1984 4191 3590 4266">
    <p class='ocr_par' dir='ltr' id='par_1_87' title="bbox 1984 4191 3590 4266">
     <span class='ocr_line' id='line_1_87' title="bbox 1984 4191 3590 4266; baseline 0.007 -26"><span class='ocrx_word' id='word_1_669' title='bbox 1984 4191 2198 4260; x_wconf 78' lang='lat' dir='ltr'><strong>paciﬁci</strong></span> <span class='ocrx_word' id='word_1_670' title='bbox 2253 4193 2420 4259; x_wconf 84' lang='lat' dir='ltr'><strong>regis,</strong></span> <span class='ocrx_word' id='word_1_671' title='bbox 2475 4191 2689 4246; x_wconf 89' lang='lat' dir='ltr'><strong>Domini</strong></span> <span class='ocrx_word' id='word_1_672' title='bbox 2746 4204 2800 4247; x_wconf 89' lang='lat' dir='ltr'><strong>et</strong></span> <span class='ocrx_word' id='word_1_673' title='bbox 2853 4193 2947 4247; x_wconf 84' lang='lat' dir='ltr'><strong>Dei</strong></span> <span class='ocrx_word' id='word_1_674' title='bbox 2988 4196 3163 4249; x_wconf 88' lang='lat' dir='ltr'><strong>nostri</strong></span> <span class='ocrx_word' id='word_1_675' title='bbox 3201 4197 3590 4266; x_wconf 85' lang='lat' dir='ltr'><strong>contemplatio</strong></span> 
     </span>
    </p>
   </div>
   <div class='ocr_carea' id='block_1_88' title="bbox 1984 4285 3588 4360">
    <p class='ocr_par' dir='ltr' id='par_1_88' title="bbox 1984 4285 3588 4360">
     <span class='ocr_line' id='line_1_88' title="bbox 1984 4285 3588 4360; baseline 0.004 -22"><span class='ocrx_word' id='word_1_676' title='bbox 1984 4293 2070 4338; x_wconf 91' lang='lat' dir='ltr'><strong>est</strong></span> <span class='ocrx_word' id='word_1_677' title='bbox 2101 4301 2113 4339; x_wconf 93' lang='lat'>:</span> <span class='ocrx_word' id='word_1_678' title='bbox 2146 4285 2211 4338; x_wconf 90' lang='lat' dir='ltr'><strong>ad</strong></span> <span class='ocrx_word' id='word_1_679' title='bbox 2254 4300 2419 4355; x_wconf 88' lang='lat' dir='ltr'><strong>quam</strong></span> <span class='ocrx_word' id='word_1_680' title='bbox 2455 4301 2560 4339; x_wconf 86' lang='lat' dir='ltr'><strong>non</strong></span> <span class='ocrx_word' id='word_1_681' title='bbox 2600 4286 2785 4341; x_wconf 73' lang='lat' dir='ltr'><strong>veniet</strong></span> <span class='ocrx_word' id='word_1_682' title='bbox 2815 4289 2940 4356; x_wconf 89' lang='lat' dir='ltr'><strong>quis</strong></span> <span class='ocrx_word' id='word_1_683' title='bbox 2968 4289 3152 4356; x_wconf 91' lang='lat' dir='ltr'><strong>aliter,</strong></span> <span class='ocrx_word' id='word_1_684' title='bbox 3188 4290 3293 4343; x_wconf 91' lang='lat' dir='ltr'><strong>nisi</strong></span> <span class='ocrx_word' id='word_1_685' title='bbox 3324 4306 3588 4360; x_wconf 82' lang='lat' dir='ltr'><strong>regnave-</strong></span> 
     </span>
    </p>
   </div>
   <div class='ocr_carea' id='block_1_89' title="bbox 1988 4375 3378 4451">
    <p class='ocr_par' dir='ltr' id='par_1_89' title="bbox 1988 4375 3378 4451">
     <span class='ocr_line' id='line_1_89' title="bbox 1988 4375 3378 4451; baseline 0.006 -23"><span class='ocrx_word' id='word_1_686' title='bbox 1988 4376 2061 4428; x_wconf 86' lang='lat' dir='ltr'><strong>rit</strong></span> <span class='ocrx_word' id='word_1_687' title='bbox 2092 4375 2146 4428; x_wconf 90' lang='lat' dir='ltr'><strong>in</strong></span> <span class='ocrx_word' id='word_1_688' title='bbox 2182 4376 2322 4431; x_wconf 87' lang='lat' dir='ltr'><strong>bona</strong></span> <span class='ocrx_word' id='word_1_689' title='bbox 2354 4377 2490 4442; x_wconf 91' lang='lat' dir='ltr'><strong>vita,</strong></span> <span class='ocrx_word' id='word_1_690' title='bbox 2521 4385 2575 4432; x_wconf 90' lang='lat' dir='ltr'><strong>et</strong></span> <span class='ocrx_word' id='word_1_691' title='bbox 2599 4391 2696 4445; x_wconf 84' lang='lat' dir='ltr'><strong>per</strong></span> <span class='ocrx_word' id='word_1_692' title='bbox 2740 4380 2975 4433; x_wconf 90' lang='lat' dir='ltr'><strong>activam</strong></span> <span class='ocrx_word' id='word_1_693' title='bbox 3005 4380 3378 4451; x_wconf 73' lang='lat' dir='ltr'><strong>imperaverit.</strong></span> 
     </span>
    </p>
   </div>
   <div class='ocr_carea' id='block_1_90' title="bbox 272 4468 3588 4549">
    <p class='ocr_par' dir='ltr' id='par_1_90' title="bbox 272 4468 3588 4549">
     <span class='ocr_line' id='line_1_90' title="bbox 272 4468 3588 4549; baseline 0.003 -25"><span class='ocrx_word' id='word_1_694' title='bbox 272 4471 446 4534; x_wconf 71' lang='grc' dir='ltr'>ἐστιν,</span> <span class='ocrx_word' id='word_1_695' title='bbox 476 4473 556 4534; x_wconf 83' lang='grc' dir='ltr'><strong>είς</strong></span> <span class='ocrx_word' id='word_1_696' title='bbox 597 4469 832 4539; x_wconf 85' lang='grc' dir='ltr'>Θεωρίαν</span> <span class='ocrx_word' id='word_1_697' title='bbox 870 4471 1032 4524; x_wconf 72' lang='grc' dir='ltr'>ἀναϐί</span> <span class='ocrx_word' id='word_1_698' title='bbox 1064 4471 1178 4523; x_wconf 84' lang='grc' dir='ltr'>’νει.</span> <span class='ocrx_word' id='word_1_699' title='bbox 1221 4469 1288 4522; x_wconf 84' lang='grc' dir='ltr'><strong>Ἦ</strong></span> <span class='ocrx_word' id='word_1_700' title='bbox 1321 4469 1430 4539; x_wconf 72' lang='grc' dir='ltr'><strong>γάρ</strong></span> <span class='ocrx_word' id='word_1_701' title='bbox 1465 4471 1626 4538; x_wconf 65' lang='grc' dir='ltr'>σοφία</span> <span class='ocrx_word' id='word_1_702' title='bbox 1657 4469 1751 4521; x_wconf 87' lang='grc' dir='ltr'><strong>τοῦ</strong></span> <span class='ocrx_word' id='word_1_703' title='bbox 1804 4468 2155 4539; x_wconf 82' lang='grc' dir='ltr'>Σολομῶντος</span> <span class='ocrx_word' id='word_1_704' title='bbox 2220 4471 2315 4524; x_wconf 86' lang='grc' dir='ltr'><strong>τοῦ</strong></span> <span class='ocrx_word' id='word_1_705' title='bbox 2359 4472 2641 4543; x_wconf 79' lang='grc' dir='ltr'>εἰρηνικοῦ</span> <span class='ocrx_word' id='word_1_706' title='bbox 2722 4473 3021 4543; x_wconf 79' lang='grc' dir='ltr'>βασιλέως,</span> <span class='ocrx_word' id='word_1_707' title='bbox 3087 4475 3182 4529; x_wconf 89' lang='grc' dir='ltr'><strong>τοῦ</strong></span> <span class='ocrx_word' id='word_1_708' title='bbox 3232 4478 3445 4549; x_wconf 85' lang='grc' dir='ltr'>Κυρίου</span> <span class='ocrx_word' id='word_1_709' title='bbox 3491 4481 3588 4533; x_wconf 78' lang='grc' dir='ltr'>καὶ</span> 
     </span>
    </p>
   </div>
   <div class='ocr_carea' id='block_1_91' title="bbox 271 4562 3586 4642">
    <p class='ocr_par' dir='ltr' id='par_1_91' title="bbox 271 4562 3586 4642">
     <span class='ocr_line' id='line_1_91' title="bbox 271 4562 3586 4642; baseline 0.002 -25"><span class='ocrx_word' id='word_1_710' title='bbox 271 4564 414 4617; x_wconf 82' lang='grc' dir='ltr'>Θεοῦ</span> <span class='ocrx_word' id='word_1_711' title='bbox 442 4563 600 4635; x_wconf 82' lang='grc' dir='ltr'>ήμῶν</span> <span class='ocrx_word' id='word_1_712' title='bbox 643 4564 677 4633; x_wconf 90' lang='grc' dir='ltr'><strong>ή</strong></span> <span class='ocrx_word' id='word_1_713' title='bbox 716 4563 920 4634; x_wconf 84' lang='grc' dir='ltr'>θεωρία</span> <span class='ocrx_word' id='word_1_714' title='bbox 971 4565 1143 4627; x_wconf 75' lang='grc' dir='ltr'>ἐστὶν,</span> <span class='ocrx_word' id='word_1_715' title='bbox 1181 4565 1261 4626; x_wconf 79' lang='grc' dir='ltr'>εἰς</span> <span class='ocrx_word' id='word_1_716' title='bbox 1309 4565 1374 4634; x_wconf 75' lang='grc' dir='ltr'>ἣν</span> <span class='ocrx_word' id='word_1_717' title='bbox 1432 4564 1609 4625; x_wconf 78' lang='grc' dir='ltr'>ἄλλως</span> <span class='ocrx_word' id='word_1_718' title='bbox 1654 4565 1754 4617; x_wconf 74' lang='grc' dir='ltr'>οὑκ</span> <span class='ocrx_word' id='word_1_719' title='bbox 1804 4562 1870 4616; x_wconf 83' lang='grc' dir='ltr'>ἂν</span> <span class='ocrx_word' id='word_1_720' title='bbox 1910 4564 2129 4636; x_wconf 83' lang='grc' dir='ltr'>εἰσέλθῃ</span> <span class='ocrx_word' id='word_1_721' title='bbox 2160 4582 2266 4628; x_wconf 86' lang='grc' dir='ltr'>τις,</span> <span class='ocrx_word' id='word_1_722' title='bbox 2299 4567 2347 4619; x_wconf 78' lang='grc' dir='ltr'>εἱ</span> <span class='ocrx_word' id='word_1_723' title='bbox 2423 4567 2500 4636; x_wconf 79' lang='grc' dir='ltr'>μὴ</span> <span class='ocrx_word' id='word_1_724' title='bbox 2539 4566 2629 4620; x_wconf 78' lang='grc' dir='ltr'>διὰ</span> <span class='ocrx_word' id='word_1_725' title='bbox 2659 4566 2753 4620; x_wconf 89' lang='grc' dir='ltr'><strong>τοῦ</strong></span> <span class='ocrx_word' id='word_1_726' title='bbox 2819 4567 3142 4637; x_wconf 81' lang='grc' dir='ltr'>βασιλεῦσαι</span> <span class='ocrx_word' id='word_1_727' title='bbox 3183 4572 3241 4626; x_wconf 83' lang='grc' dir='ltr'><strong>ἐν</strong></span> <span class='ocrx_word' id='word_1_728' title='bbox 3279 4571 3359 4642; x_wconf 84' lang='grc' dir='ltr'>τῷ</span> <span class='ocrx_word' id='word_1_729' title='bbox 3391 4572 3586 4642; x_wconf 83' lang='grc' dir='ltr'>ἀγαθῷ</span> 
     </span>
    </p>
   </div>
   <div class='ocr_carea' id='block_1_92' title="bbox 275 4656 1457 4730">
    <p class='ocr_par' dir='ltr' id='par_1_92' title="bbox 275 4656 1457 4730">
     <span class='ocr_line' id='line_1_92' title="bbox 275 4656 1457 4730; baseline 0.002 -21"><span class='ocrx_word' id='word_1_730' title='bbox 275 4658 399 4730; x_wconf 84' lang='grc' dir='ltr'>βίῳ,</span> <span class='ocrx_word' id='word_1_731' title='bbox 433 4659 530 4710; x_wconf 75' lang='grc' dir='ltr'>καὶ</span> <span class='ocrx_word' id='word_1_732' title='bbox 558 4657 835 4728; x_wconf 81' lang='grc' dir='ltr'>κρατῆσαι</span> <span class='ocrx_word' id='word_1_733' title='bbox 869 4656 959 4709; x_wconf 81' lang='grc' dir='ltr'><strong>διὰ</strong></span> <span class='ocrx_word' id='word_1_734' title='bbox 989 4657 1089 4726; x_wconf 78' lang='grc' dir='ltr'>τῆς</span> <span class='ocrx_word' id='word_1_735' title='bbox 1121 4658 1457 4726; x_wconf 75' lang='grc' dir='ltr'>πρακτικῆς.</span> 
     </span>
    </p>
   </div>
   <div class='ocr_carea' id='block_1_93' title="bbox 361 4749 1877 4822">
    <p class='ocr_par' dir='ltr' id='par_1_93' title="bbox 361 4749 1865 4822">
     <span class='ocr_line' id='line_1_93' title="bbox 361 4749 1865 4822; baseline 0.003 -19"><span class='ocrx_word' id='word_1_736' title='bbox 361 4770 380 4803; x_wconf 75' lang='grc' dir='ltr'><strong>ι</strong></span> <span class='ocrx_word' id='word_1_737' title='bbox 410 4751 598 4814; x_wconf 74' lang='grc' dir='ltr'>Οὐδεὶς</span> <span class='ocrx_word' id='word_1_738' title='bbox 642 4750 699 4802; x_wconf 85' lang='grc' dir='ltr'><strong>δὲ</strong></span> <span class='ocrx_word' id='word_1_739' title='bbox 742 4749 934 4822; x_wconf 85' lang='grc' dir='ltr'>λύχνον</span> <span class='ocrx_word' id='word_1_740' title='bbox 974 4750 1141 4820; x_wconf 66' lang='grc' dir='ltr'>ἅψας,</span> <span class='ocrx_word' id='word_1_741' title='bbox 1192 4755 1268 4814; x_wconf 87' lang='grc' dir='ltr'><strong>είς</strong></span> <span class='ocrx_word' id='word_1_742' title='bbox 1320 4753 1572 4821; x_wconf 77' lang='grc' dir='ltr'>κρυπτὴν</span> <span class='ocrx_word' id='word_1_743' title='bbox 1624 4754 1865 4822; x_wconf 81' lang='grc' dir='ltr'>τίθησιν,</span> 
     </span>
    </p>
   </div>
   <div class='ocr_carea' id='block_1_94' title="bbox 1986 4749 3586 4822">
    <p class='ocr_par' dir='ltr' id='par_1_94' title="bbox 2047 4751 3586 4819">
     <span class='ocr_line' id='line_1_94' title="bbox 2047 4751 3586 4819; baseline 0.005 -16"><span class='ocrx_word' id='word_1_744' title='bbox 2047 4751 2212 4805; x_wconf 74' lang='lat' dir='ltr'><strong>Vsus.</strong></span> <span class='ocrx_word' id='word_1_745' title='bbox 2251 4753 2446 4807; x_wconf 77' lang='lat'><strong>55-56.</strong></span> <span class='ocrx_word' id='word_1_746' title='bbox 2491 4771 2506 4804; x_wconf 74' lang='grc' dir='ltr'><strong>ι</strong></span> <span class='ocrx_word' id='word_1_747' title='bbox 2569 4752 2739 4809; x_wconf 81' lang='lat' dir='ltr'><strong>Nemo</strong></span> <span class='ocrx_word' id='word_1_748' title='bbox 2786 4754 3067 4809; x_wconf 89' lang='lat' dir='ltr'><strong>lucernam</strong></span> <span class='ocrx_word' id='word_1_749' title='bbox 3123 4756 3396 4819; x_wconf 86' lang='lat' dir='ltr'><strong>accendit,</strong></span> <span class='ocrx_word' id='word_1_750' title='bbox 3433 4768 3487 4812; x_wconf 83' lang='lat' dir='ltr'><strong>et</strong></span> <span class='ocrx_word' id='word_1_751' title='bbox 3533 4758 3586 4812; x_wconf 91' lang='lat' dir='ltr'><strong>iu</strong></span> 
     </span>
    </p>
   </div>
   <div class='ocr_carea' id='block_1_95' title="bbox 271 4842 1866 4915">
    <p class='ocr_par' dir='ltr' id='par_1_95' title="bbox 271 4842 1866 4915">
     <span class='ocr_line' id='line_1_95' title="bbox 271 4842 1866 4915; baseline 0.002 -17"><span class='ocrx_word' id='word_1_752' title='bbox 271 4844 395 4898; x_wconf 79' lang='grc' dir='ltr'>οὐδὲ</span> <span class='ocrx_word' id='word_1_753' title='bbox 449 4845 552 4897; x_wconf 79' lang='grc' dir='ltr'><strong>ὑπὸ</strong></span> <span class='ocrx_word' id='word_1_754' title='bbox 591 4842 684 4896; x_wconf 80' lang='grc' dir='ltr'>τὸν</span> <span class='ocrx_word' id='word_1_755' title='bbox 726 4844 931 4915; x_wconf 83' lang='grc' dir='ltr'>μόδιον,</span> <span class='ocrx_word' id='word_1_756' title='bbox 966 4845 1081 4896; x_wconf 71' lang='grc' dir='ltr'>ἀλλ’</span> <span class='ocrx_word' id='word_1_757' title='bbox 1133 4845 1228 4897; x_wconf 73' lang='grc' dir='ltr'>ἐπὶ</span> <span class='ocrx_word' id='word_1_758' title='bbox 1255 4845 1352 4914; x_wconf 77' lang='grc' dir='ltr'>τὴν</span> <span class='ocrx_word' id='word_1_759' title='bbox 1388 4845 1634 4914; x_wconf 77' lang='grc' dir='ltr'>λυχνίαν,</span> <span class='ocrx_word' id='word_1_760' title='bbox 1674 4849 1761 4900; x_wconf 75' lang='grc' dir='ltr'>ἵνα</span> <span class='ocrx_word' id='word_1_761' title='bbox 1817 4851 1866 4901; x_wconf 74' lang='grc' dir='ltr'>οἱ</span> 
     </span>
    </p>
   </div>
   <div class='ocr_carea' id='block_1_96' title="bbox 271 4938 1867 5010">
    <p class='ocr_par' dir='ltr' id='par_1_96' title="bbox 271 4938 1867 5010">
     <span class='ocr_line' id='line_1_96' title="bbox 271 4938 1867 5010; baseline 0.001 -19"><span class='ocrx_word' id='word_1_762' title='bbox 271 4938 720 5009; x_wconf 79' lang='grc' dir='ltr'>εἰσπορευόμενοι</span> <span class='ocrx_word' id='word_1_763' title='bbox 744 4938 803 4991; x_wconf 77' lang='grc' dir='ltr'>τὸ</span> <span class='ocrx_word' id='word_1_764' title='bbox 835 4938 951 5007; x_wconf 78' lang='grc' dir='ltr'>φῶς</span> <span class='ocrx_word' id='word_1_765' title='bbox 979 4938 1275 5008; x_wconf 79' lang='grc' dir='ltr'>βλέπωσιν.</span> <span class='ocrx_word' id='word_1_766' title='bbox 1311 4940 1368 4991; x_wconf 85' lang='grc' dir='ltr'>Ὀ</span> <span class='ocrx_word' id='word_1_767' title='bbox 1403 4939 1595 5010; x_wconf 85' lang='grc' dir='ltr'>λύχνος</span> <span class='ocrx_word' id='word_1_768' title='bbox 1628 4941 1721 4994; x_wconf 81' lang='grc' dir='ltr'><strong>τοῦ</strong></span> <span class='ocrx_word' id='word_1_769' title='bbox 1761 4943 1867 4994; x_wconf 86' lang='grc' dir='ltr'><strong>σώ-</strong></span> 
     </span>
    </p>
   </div>
   <div class='ocr_carea' id='block_1_97' title="bbox 274 5026 1866 5102">
    <p class='ocr_par' dir='ltr' id='par_1_97' title="bbox 274 5026 1866 5102">
     <span class='ocr_line' id='line_1_97' title="bbox 274 5026 1866 5102; baseline 0.003 -20"><span class='ocrx_word' id='word_1_770' title='bbox 274 5030 448 5101; x_wconf 81' lang='grc' dir='ltr'>ματός</span> <span class='ocrx_word' id='word_1_771' title='bbox 480 5031 625 5083; x_wconf 81' lang='grc' dir='ltr'>ἐστιν</span> <span class='ocrx_word' id='word_1_772' title='bbox 666 5030 693 5082; x_wconf 89' lang='lat'><strong>6</strong></span> <span class='ocrx_word' id='word_1_773' title='bbox 727 5029 1027 5100; x_wconf 75' lang='grc' dir='ltr'>ὀφθαλμός.</span> <span class='ocrx_word' id='word_1_774' title='bbox 1070 5032 1237 5084; x_wconf 80' lang='grc' dir='ltr'>’Ὀταν</span> <span class='ocrx_word' id='word_1_775' title='bbox 1272 5026 1364 5083; x_wconf 77' lang='grc' dir='ltr'>οὖν</span> <span class='ocrx_word' id='word_1_776' title='bbox 1390 5034 1417 5084; x_wconf 93' lang='lat'><strong>6</strong></span> <span class='ocrx_word' id='word_1_777' title='bbox 1462 5031 1739 5102; x_wconf 58' lang='grc' dir='ltr'>ὀφθαλμός</span> <span class='ocrx_word' id='word_1_778' title='bbox 1775 5053 1866 5087; x_wconf 89' lang='grc' dir='ltr'><strong>σου</strong></span> 
     </span>
    </p>
   </div>
   <div class='ocr_carea' id='block_1_98' title="bbox 273 5117 1863 5193">
    <p class='ocr_par' dir='ltr' id='par_1_98' title="bbox 273 5117 1863 5193">
     <span class='ocr_line' id='line_1_98' title="bbox 273 5117 1863 5193; baseline 0.003 -18"><span class='ocrx_word' id='word_1_779' title='bbox 273 5121 481 5185; x_wconf 81' lang='grc' dir='ltr'>ἁπλοῦς</span> <span class='ocrx_word' id='word_1_780' title='bbox 506 5117 562 5193; x_wconf 80' lang='grc' dir='ltr'>ᾖ,</span> <span class='ocrx_word' id='word_1_781' title='bbox 597 5120 690 5174; x_wconf 64' lang='grc' dir='ltr'><strong>καλ⁸</strong></span> <span class='ocrx_word' id='word_1_782' title='bbox 740 5121 859 5174; x_wconf 78' lang='grc' dir='ltr'>ὅλον</span> <span class='ocrx_word' id='word_1_783' title='bbox 910 5122 967 5174; x_wconf 75' lang='grc' dir='ltr'>τὸ</span> <span class='ocrx_word' id='word_1_784' title='bbox 1021 5122 1181 5192; x_wconf 81' lang='grc' dir='ltr'>σῶμά</span> <span class='ocrx_word' id='word_1_785' title='bbox 1233 5141 1325 5175; x_wconf 88' lang='grc' dir='ltr'><strong>σου</strong></span> <span class='ocrx_word' id='word_1_786' title='bbox 1369 5125 1634 5192; x_wconf 72' lang='grc' dir='ltr'>φωτεινόν</span> <span class='ocrx_word' id='word_1_787' title='bbox 1693 5128 1863 5179; x_wconf 85' lang='grc' dir='ltr'>ἐστιν.</span> 
     </span>
    </p>
   </div>
   <div class='ocr_carea' id='block_1_99' title="bbox 282 5211 1866 5285">
    <p class='ocr_par' dir='ltr' id='par_1_99' title="bbox 282 5211 1866 5285">
     <span class='ocr_line' id='line_1_99' title="bbox 282 5211 1866 5285; baseline 0.003 -19"><span class='ocrx_word' id='word_1_788' title='bbox 282 5212 456 5266; x_wconf 75' lang='grc' dir='ltr'><strong>Ἐπάν</strong></span> <span class='ocrx_word' id='word_1_789' title='bbox 503 5214 560 5266; x_wconf 80' lang='grc' dir='ltr'><strong>δὲ</strong></span> <span class='ocrx_word' id='word_1_790' title='bbox 609 5213 844 5284; x_wconf 81' lang='grc' dir='ltr'>πονηρὸς</span> <span class='ocrx_word' id='word_1_791' title='bbox 878 5211 934 5283; x_wconf 79' lang='grc' dir='ltr'>ᾖ,</span> <span class='ocrx_word' id='word_1_792' title='bbox 987 5215 1083 5266; x_wconf 75' lang='grc' dir='ltr'>καὶ</span> <span class='ocrx_word' id='word_1_793' title='bbox 1113 5215 1172 5266; x_wconf 81' lang='grc' dir='ltr'>τὸ</span> <span class='ocrx_word' id='word_1_794' title='bbox 1217 5215 1380 5285; x_wconf 79' lang='grc' dir='ltr'>σῶμά</span> <span class='ocrx_word' id='word_1_795' title='bbox 1422 5233 1516 5268; x_wconf 87' lang='grc' dir='ltr'><strong>σου</strong></span> <span class='ocrx_word' id='word_1_796' title='bbox 1583 5219 1866 5271; x_wconf 88' lang='grc' dir='ltr'>σκοτεινόν</span> 
     </span>
    </p>
   </div>
   <div class='ocr_carea' id='block_1_100' title="bbox 271 5305 1862 5377">
    <p class='ocr_par' dir='ltr' id='par_1_100' title="bbox 271 5305 1862 5377">
     <span class='ocr_line' id='line_1_100' title="bbox 271 5305 1862 5377; baseline 0.003 -19"><span class='ocrx_word' id='word_1_797' title='bbox 271 5308 407 5359; x_wconf 88' lang='grc' dir='ltr'>ἐστι.</span> <span class='ocrx_word' id='word_1_798' title='bbox 442 5305 646 5358; x_wconf 83' lang='grc' dir='ltr'>Σκόπει</span> <span class='ocrx_word' id='word_1_799' title='bbox 681 5305 797 5371; x_wconf 76' lang='grc' dir='ltr'>οὖν,</span> <span class='ocrx_word' id='word_1_800' title='bbox 835 5308 908 5377; x_wconf 77' lang='grc' dir='ltr'>μὴ</span> <span class='ocrx_word' id='word_1_801' title='bbox 930 5307 989 5359; x_wconf 79' lang='grc' dir='ltr'>τὺ</span> <span class='ocrx_word' id='word_1_802' title='bbox 1019 5308 1133 5374; x_wconf 74' lang='grc' dir='ltr'>φῶς</span> <span class='ocrx_word' id='word_1_803' title='bbox 1157 5307 1213 5361; x_wconf 79' lang='grc' dir='ltr'>τὸ</span> <span class='ocrx_word' id='word_1_804' title='bbox 1245 5308 1300 5360; x_wconf 78' lang='grc' dir='ltr'><strong>ἐν</strong></span> <span class='ocrx_word' id='word_1_805' title='bbox 1335 5308 1418 5360; x_wconf 77' lang='grc' dir='ltr'>σοὶ</span> <span class='ocrx_word' id='word_1_806' title='bbox 1472 5309 1662 5371; x_wconf 86' lang='grc' dir='ltr'>σκότος</span> <span class='ocrx_word' id='word_1_807' title='bbox 1693 5311 1862 5364; x_wconf 82' lang='grc' dir='ltr'>ἐστίν.</span> 
     </span>
    </p>
   </div>
   <div class='ocr_carea' id='block_1_101' title="bbox 269 5393 1865 5472">
    <p class='ocr_par' dir='ltr' id='par_1_101' title="bbox 269 5393 1865 5472">
     <span class='ocr_line' id='line_1_101' title="bbox 269 5393 1865 5472; baseline 0.003 -22"><span class='ocrx_word' id='word_1_808' title='bbox 269 5395 335 5451; x_wconf 73' lang='lat' dir='ltr'><strong>El</strong></span> <span class='ocrx_word' id='word_1_809' title='bbox 358 5393 452 5449; x_wconf 75' lang='grc' dir='ltr'><strong>οὖν</strong></span> <span class='ocrx_word' id='word_1_810' title='bbox 486 5398 549 5450; x_wconf 83' lang='grc' dir='ltr'>τὸ</span> <span class='ocrx_word' id='word_1_811' title='bbox 576 5397 737 5466; x_wconf 82' lang='grc' dir='ltr'>σῶμά</span> <span class='ocrx_word' id='word_1_812' title='bbox 759 5414 852 5450; x_wconf 89' lang='grc' dir='ltr'><strong>σου</strong></span> <span class='ocrx_word' id='word_1_813' title='bbox 894 5398 1012 5452; x_wconf 81' lang='grc' dir='ltr'>ὅλον</span> <span class='ocrx_word' id='word_1_814' title='bbox 1037 5399 1323 5466; x_wconf 69' lang='grc' dir='ltr'>φωτεινὴν,</span> <span class='ocrx_word' id='word_1_815' title='bbox 1357 5401 1432 5468; x_wconf 78' lang='grc' dir='ltr'>μὴ</span> <span class='ocrx_word' id='word_1_816' title='bbox 1459 5399 1580 5468; x_wconf 80' lang='grc' dir='ltr'>ἕχον</span> <span class='ocrx_word' id='word_1_817' title='bbox 1605 5418 1657 5453; x_wconf 86' lang='grc' dir='ltr'><strong>τι</strong></span> <span class='ocrx_word' id='word_1_818' title='bbox 1697 5402 1865 5472; x_wconf 81' lang='grc' dir='ltr'>μέρος</span> 
     </span>
    </p>
   </div>
   <div class='ocr_carea' id='block_1_102' title="bbox 272 5487 1860 5561">
    <p class='ocr_par' dir='ltr' id='par_1_102' title="bbox 272 5487 1860 5561">
     <span class='ocr_line' id='line_1_102' title="bbox 272 5487 1860 5561; baseline 0.001 -20"><span class='ocrx_word' id='word_1_819' title='bbox 272 5487 574 5553; x_wconf 78' lang='grc' dir='ltr'>σκοτεινὸν,</span> <span class='ocrx_word' id='word_1_820' title='bbox 610 5487 762 5540; x_wconf 82' lang='grc' dir='ltr'>ἐσται</span> <span class='ocrx_word' id='word_1_821' title='bbox 788 5489 1051 5556; x_wconf 85' lang='grc' dir='ltr'>φωτεινὸν</span> <span class='ocrx_word' id='word_1_822' title='bbox 1078 5487 1220 5553; x_wconf 83' lang='grc' dir='ltr'>ὅλον,</span> <span class='ocrx_word' id='word_1_823' title='bbox 1250 5490 1325 5551; x_wconf 83' lang='grc' dir='ltr'>ὼς</span> <span class='ocrx_word' id='word_1_824' title='bbox 1355 5490 1483 5541; x_wconf 86' lang='grc' dir='ltr'>ὅταν</span> <span class='ocrx_word' id='word_1_825' title='bbox 1521 5492 1548 5540; x_wconf 89' lang='grc' dir='ltr'>ὁ</span> <span class='ocrx_word' id='word_1_826' title='bbox 1571 5489 1763 5560; x_wconf 83' lang='grc' dir='ltr'>λύχνος</span> <span class='ocrx_word' id='word_1_827' title='bbox 1795 5494 1860 5561; x_wconf 80' lang='grc' dir='ltr'>τῇ</span> 
     </span>
    </p>
   </div>
   <div class='ocr_carea' id='block_1_103' title="bbox 270 5582 1858 5652">
    <p class='ocr_par' dir='ltr' id='par_1_103' title="bbox 270 5582 1858 5652">
     <span class='ocr_line' id='line_1_103' title="bbox 270 5582 1858 5652; baseline -0.001 -15"><span class='ocrx_word' id='word_1_828' title='bbox 270 5583 529 5652; x_wconf 78' lang='grc' dir='ltr'>ἀστραπῇ</span> <span class='ocrx_word' id='word_1_829' title='bbox 563 5583 774 5652; x_wconf 78' lang='grc' dir='ltr'>φωτίζῃ</span> <span class='ocrx_word' id='word_1_830' title='bbox 801 5599 879 5635; x_wconf 88' lang='grc' dir='ltr'><strong>σε.</strong></span> <span class='ocrx_word' id='word_1_831' title='bbox 919 5603 936 5634; x_wconf 71' lang='grc' dir='ltr'><strong>ι</strong></span> <span class='ocrx_word' id='word_1_832' title='bbox 980 5583 1315 5652; x_wconf 85' lang='grc' dir='ltr'>Ἐπειδήπερ</span> <span class='ocrx_word' id='word_1_833' title='bbox 1344 5585 1390 5635; x_wconf 80' lang='grc' dir='ltr'>οἱ</span> <span class='ocrx_word' id='word_1_834' title='bbox 1431 5582 1691 5651; x_wconf 80' lang='grc' dir='ltr'>βάσκανοι</span> <span class='ocrx_word' id='word_1_835' title='bbox 1726 5585 1858 5636; x_wconf 81' lang='grc' dir='ltr'>Ἰου-</span> 
     </span>
    </p>
   </div>
   <div class='ocr_carea' id='block_1_104' title="bbox 269 5672 1866 5743">
    <p class='ocr_par' dir='ltr' id='par_1_104' title="bbox 269 5672 1866 5743">
     <span class='ocr_line' id='line_1_104' title="bbox 269 5672 1866 5743; baseline 0.002 -16"><span class='ocrx_word' id='word_1_836' title='bbox 269 5673 408 5728; x_wconf 76' lang='grc' dir='ltr'>δαῖοι</span> <span class='ocrx_word' id='word_1_837' title='bbox 466 5674 532 5726; x_wconf 81' lang='grc' dir='ltr'>τὰ</span> <span class='ocrx_word' id='word_1_838' title='bbox 581 5672 841 5742; x_wconf 83' lang='grc' dir='ltr'>θαύματα</span> <span class='ocrx_word' id='word_1_839' title='bbox 895 5675 1183 5743; x_wconf 84' lang='grc' dir='ltr'>βλέποντες</span> <span class='ocrx_word' id='word_1_840' title='bbox 1239 5675 1644 5742; x_wconf 81' lang='grc' dir='ltr'>ἐσυκοφάντουν</span> <span class='ocrx_word' id='word_1_841' title='bbox 1688 5676 1866 5730; x_wconf 83' lang='grc' dir='ltr'>ταῦτα</span> 
     </span>
    </p>
   </div>
   <div class='ocr_carea' id='block_1_105' title="bbox 270 5766 1866 5836">
    <p class='ocr_par' dir='ltr' id='par_1_105' title="bbox 270 5766 1866 5836">
     <span class='ocr_line' id='line_1_105' title="bbox 270 5766 1866 5836; baseline 0 -17"><span class='ocrx_word' id='word_1_842' title='bbox 270 5766 388 5828; x_wconf 69' lang='lat' dir='ltr'><em>v66;</em></span> <span class='ocrx_word' id='word_1_843' title='bbox 415 5766 610 5836; x_wconf 70' lang='grc' dir='ltr'>κακίᾳ,</span> <span class='ocrx_word' id='word_1_844' title='bbox 644 5766 836 5819; x_wconf 84' lang='grc' dir='ltr'>τούτου</span> <span class='ocrx_word' id='word_1_845' title='bbox 858 5768 1042 5820; x_wconf 76' lang='grc' dir='ltr'>ἕνεκεν</span> <span class='ocrx_word' id='word_1_846' title='bbox 1076 5770 1102 5819; x_wconf 92' lang='lat'><strong>6</strong></span> <span class='ocrx_word' id='word_1_847' title='bbox 1139 5767 1341 5836; x_wconf 86' lang='grc' dir='ltr'>Κύριος</span> <span class='ocrx_word' id='word_1_848' title='bbox 1365 5767 1538 5818; x_wconf 87' lang='grc' dir='ltr'>ταῦτά</span> <span class='ocrx_word' id='word_1_849' title='bbox 1561 5784 1715 5835; x_wconf 75' lang='grc' dir='ltr'>φησι·</span> <span class='ocrx_word' id='word_1_850' title='bbox 1745 5767 1866 5820; x_wconf 75' lang='grc' dir='ltr'>Ὀτι</span> 
     </span>
    </p>
   </div>
   <div class='ocr_carea' id='block_1_106' title="bbox 269 5857 1870 5933">
    <p class='ocr_par' dir='ltr' id='par_1_106' title="bbox 269 5857 1870 5933">
     <span class='ocr_line' id='line_1_106' title="bbox 269 5857 1870 5933; baseline 0.003 -25"><span class='ocrx_word' id='word_1_851' title='bbox 269 5857 466 5927; x_wconf 75' lang='grc' dir='ltr'>λύχνον</span> <span class='ocrx_word' id='word_1_852' title='bbox 519 5858 782 5920; x_wconf 74' lang='grc' dir='ltr'>λαϐόντες</span> <span class='ocrx_word' id='word_1_853' title='bbox 834 5860 882 5911; x_wconf 90' lang='grc' dir='ltr'>οἱ</span> <span class='ocrx_word' id='word_1_854' title='bbox 915 5860 1214 5933; x_wconf 29' lang='grc' dir='ltr'>γάνθρουποι</span> <span class='ocrx_word' id='word_1_855' title='bbox 1251 5859 1402 5929; x_wconf 80' lang='grc' dir='ltr'>παρὰ</span> <span class='ocrx_word' id='word_1_856' title='bbox 1433 5859 1525 5914; x_wconf 87' lang='grc' dir='ltr'><strong>τοῦ</strong></span> <span class='ocrx_word' id='word_1_857' title='bbox 1571 5860 1729 5928; x_wconf 84' lang='grc' dir='ltr'>Θεοῦ,</span> <span class='ocrx_word' id='word_1_858' title='bbox 1767 5861 1870 5931; x_wconf 84' lang='grc' dir='ltr'>τὴν</span> 
     </span>
    </p>
   </div>
   <div class='ocr_carea' id='block_1_107' title="bbox 1981 4843 3587 4920">
    <p class='ocr_par' dir='ltr' id='par_1_107' title="bbox 1981 4843 3587 4920">
     <span class='ocr_line' id='line_1_107' title="bbox 1981 4843 3587 4920; baseline 0.005 -24"><span class='ocrx_word' id='word_1_859' title='bbox 1981 4843 2301 4897; x_wconf 87' lang='lat' dir='ltr'><strong>abscondito</strong></span> <span class='ocrx_word' id='word_1_860' title='bbox 2333 4844 2502 4913; x_wconf 89' lang='lat' dir='ltr'><strong>ponit,</strong></span> <span class='ocrx_word' id='word_1_861' title='bbox 2555 4860 2728 4915; x_wconf 82' lang='lat' dir='ltr'><strong>neque</strong></span> <span class='ocrx_word' id='word_1_862' title='bbox 2757 4847 2951 4901; x_wconf 88' lang='lat' dir='ltr'><strong>subter</strong></span> <span class='ocrx_word' id='word_1_863' title='bbox 2999 4848 3263 4912; x_wconf 87' lang='lat' dir='ltr'><strong>modium,</strong></span> <span class='ocrx_word' id='word_1_864' title='bbox 3300 4849 3393 4902; x_wconf 86' lang='lat' dir='ltr'><strong>sed</strong></span> <span class='ocrx_word' id='word_1_865' title='bbox 3420 4863 3587 4920; x_wconf 82' lang='lat' dir='ltr'><strong>super</strong></span> 
     </span>
    </p>
   </div>
   <div class='ocr_carea' id='block_1_108' title="bbox 1981 4936 3583 5008">
    <p class='ocr_par' dir='ltr' id='par_1_108' title="bbox 1981 4936 3583 5008">
     <span class='ocr_line' id='line_1_108' title="bbox 1981 4936 3583 5008; baseline 0.005 -19"><span class='ocrx_word' id='word_1_866' title='bbox 1981 4936 2392 5003; x_wconf 86' lang='lat' dir='ltr'><strong>candelabrum,</strong></span> <span class='ocrx_word' id='word_1_867' title='bbox 2428 4949 2485 4989; x_wconf 91' lang='lat' dir='ltr'><strong>ut</strong></span> <span class='ocrx_word' id='word_1_868' title='bbox 2539 4940 2628 5005; x_wconf 86' lang='lat' dir='ltr'><strong>qui</strong></span> <span class='ocrx_word' id='word_1_869' title='bbox 2682 4940 3086 5008; x_wconf 81' lang='lat' dir='ltr'><strong>ingrediuntur,</strong></span> <span class='ocrx_word' id='word_1_870' title='bbox 3135 4943 3315 4997; x_wconf 89' lang='lat' dir='ltr'><strong>lumen</strong></span> <span class='ocrx_word' id='word_1_871' title='bbox 3346 4945 3583 4998; x_wconf 82' lang='lat' dir='ltr'><strong>videant.</strong></span> 
     </span>
    </p>
   </div>
   <div class='ocr_carea' id='block_1_109' title="bbox 1981 5029 3581 5102">
    <p class='ocr_par' dir='ltr' id='par_1_109' title="bbox 1981 5029 3581 5102">
     <span class='ocr_line' id='line_1_109' title="bbox 1981 5029 3581 5102; baseline 0.005 -20"><span class='ocrx_word' id='word_1_872' title='bbox 1981 5029 2224 5083; x_wconf 83' lang='lat' dir='ltr'><strong>Lucerna</strong></span> <span class='ocrx_word' id='word_1_873' title='bbox 2255 5032 2506 5096; x_wconf 90' lang='lat' dir='ltr'><strong>corporis</strong></span> <span class='ocrx_word' id='word_1_874' title='bbox 2535 5041 2615 5086; x_wconf 90' lang='lat' dir='ltr'><strong>est</strong></span> <span class='ocrx_word' id='word_1_875' title='bbox 2640 5033 2850 5086; x_wconf 89' lang='lat' dir='ltr'><strong>oculus.</strong></span> <span class='ocrx_word' id='word_1_876' title='bbox 2878 5033 3012 5085; x_wconf 65' lang='lat' dir='ltr'><strong>tium</strong></span> <span class='ocrx_word' id='word_1_877' title='bbox 3048 5035 3213 5102; x_wconf 79' lang='lat' dir='ltr'><strong>igitur</strong></span> <span class='ocrx_word' id='word_1_878' title='bbox 3239 5036 3430 5089; x_wconf 84' lang='lat' dir='ltr'><strong>oculus</strong></span> <span class='ocrx_word' id='word_1_879' title='bbox 3458 5045 3581 5090; x_wconf 90' lang='lat' dir='ltr'><strong>tuus</strong></span> 
     </span>
    </p>
   </div>
   <div class='ocr_carea' id='block_1_110' title="bbox 1981 5119 3583 5192">
    <p class='ocr_par' dir='ltr' id='par_1_110' title="bbox 1981 5119 3583 5192">
     <span class='ocr_line' id='line_1_110' title="bbox 1981 5119 3583 5192; baseline 0.004 -19"><span class='ocrx_word' id='word_1_880' title='bbox 1981 5119 2145 5173; x_wconf 81' lang='lat' dir='ltr'><strong>fuerit</strong></span> <span class='ocrx_word' id='word_1_881' title='bbox 2177 5120 2436 5188; x_wconf 81' lang='lat' dir='ltr'><strong>simplex,</strong></span> <span class='ocrx_word' id='word_1_882' title='bbox 2478 5131 2646 5175; x_wconf 88' lang='lat' dir='ltr'><strong>totum</strong></span> <span class='ocrx_word' id='word_1_883' title='bbox 2676 5138 2894 5192; x_wconf 83' lang='lat' dir='ltr'><strong>quoque</strong></span> <span class='ocrx_word' id='word_1_884' title='bbox 2924 5140 3125 5191; x_wconf 85' lang='lat' dir='ltr'><strong>corpus</strong></span> <span class='ocrx_word' id='word_1_885' title='bbox 3165 5136 3312 5178; x_wconf 91' lang='lat' dir='ltr'><strong>qum</strong></span> <span class='ocrx_word' id='word_1_886' title='bbox 3344 5126 3583 5180; x_wconf 88' lang='lat' dir='ltr'><strong>lucidum</strong></span> 
     </span>
    </p>
   </div>
   <div class='ocr_carea' id='block_1_111' title="bbox 1978 5213 3586 5286">
    <p class='ocr_par' dir='ltr' id='par_1_111' title="bbox 1978 5213 3586 5286">
     <span class='ocr_line' id='line_1_111' title="bbox 1978 5213 3586 5286; baseline 0.006 -20"><span class='ocrx_word' id='word_1_887' title='bbox 1978 5213 2082 5266; x_wconf 89' lang='lat' dir='ltr'><strong>erit</strong></span> <span class='ocrx_word' id='word_1_888' title='bbox 2106 5230 2118 5277; x_wconf 90' lang='lat'><strong>;</strong></span> <span class='ocrx_word' id='word_1_889' title='bbox 2144 5214 2285 5282; x_wconf 87' lang='lat' dir='ltr'><strong>quod</strong></span> <span class='ocrx_word' id='word_1_890' title='bbox 2315 5215 2358 5266; x_wconf 90' lang='lat' dir='ltr'><strong>si</strong></span> <span class='ocrx_word' id='word_1_891' title='bbox 2391 5214 2566 5266; x_wconf 86' lang='lat' dir='ltr'><strong>malus</strong></span> <span class='ocrx_word' id='word_1_892' title='bbox 2596 5214 2782 5278; x_wconf 82' lang='lat' dir='ltr'><strong>fuerit,</strong></span> <span class='ocrx_word' id='word_1_893' title='bbox 2811 5216 2975 5268; x_wconf 87' lang='lat' dir='ltr'><strong>etiam</strong></span> <span class='ocrx_word' id='word_1_894' title='bbox 3013 5233 3212 5286; x_wconf 81' lang='lat' dir='ltr'><strong>corpus</strong></span> <span class='ocrx_word' id='word_1_895' title='bbox 3249 5229 3398 5274; x_wconf 90' lang='lat' dir='ltr'><strong>tuum</strong></span> <span class='ocrx_word' id='word_1_896' title='bbox 3435 5230 3586 5275; x_wconf 80' lang='lat' dir='ltr'><strong>tene—</strong></span> 
     </span>
    </p>
   </div>
   <div class='ocr_carea' id='block_1_112' title="bbox 1979 5308 3584 5382">
    <p class='ocr_par' dir='ltr' id='par_1_112' title="bbox 1979 5308 3584 5382">
     <span class='ocr_line' id='line_1_112' title="bbox 1979 5308 3584 5382; baseline 0.004 -21"><span class='ocrx_word' id='word_1_897' title='bbox 1979 5308 2200 5361; x_wconf 90' lang='lat' dir='ltr'><strong>brosum</strong></span> <span class='ocrx_word' id='word_1_898' title='bbox 2258 5310 2385 5363; x_wconf 89' lang='lat' dir='ltr'><strong>erit.</strong></span> <span class='ocrx_word' id='word_1_899' title='bbox 2414 5308 2547 5362; x_wconf 86' lang='lat' dir='ltr'><strong>Vide</strong></span> <span class='ocrx_word' id='word_1_900' title='bbox 2585 5323 2715 5377; x_wconf 90' lang='lat' dir='ltr'><strong>ergo</strong></span> <span class='ocrx_word' id='word_1_901' title='bbox 2758 5325 2824 5364; x_wconf 90' lang='lat' dir='ltr'><strong>ne</strong></span> <span class='ocrx_word' id='word_1_902' title='bbox 2881 5311 3065 5366; x_wconf 88' lang='lat' dir='ltr'><strong>lumen</strong></span> <span class='ocrx_word' id='word_1_903' title='bbox 3121 5317 3346 5382; x_wconf 87' lang='lat' dir='ltr'><strong>quodin</strong></span> <span class='ocrx_word' id='word_1_904' title='bbox 3395 5326 3446 5368; x_wconf 91' lang='lat' dir='ltr'><strong>te</strong></span> <span class='ocrx_word' id='word_1_905' title='bbox 3480 5327 3584 5378; x_wconf 84' lang='lat' dir='ltr'><strong>est,</strong></span> 
     </span>
    </p>
   </div>
   <div class='ocr_carea' id='block_1_113' title="bbox 1981 5402 3583 5474">
    <p class='ocr_par' dir='ltr' id='par_1_113' title="bbox 1981 5402 3583 5474">
     <span class='ocr_line' id='line_1_113' title="bbox 1981 5402 3583 5474; baseline 0.006 -20"><span class='ocrx_word' id='word_1_906' title='bbox 1981 5403 2217 5456; x_wconf 70' lang='lat' dir='ltr'><strong>tenebrae</strong></span> <span class='ocrx_word' id='word_1_907' title='bbox 2264 5403 2390 5456; x_wconf 88' lang='lat' dir='ltr'><strong>sint.</strong></span> <span class='ocrx_word' id='word_1_908' title='bbox 2445 5402 2502 5456; x_wconf 89' lang='lat' dir='ltr'><strong>Si</strong></span> <span class='ocrx_word' id='word_1_909' title='bbox 2537 5417 2668 5473; x_wconf 85' lang='lat' dir='ltr'><strong>ergo</strong></span> <span class='ocrx_word' id='word_1_910' title='bbox 2701 5408 2900 5474; x_wconf 77' lang='lat' dir='ltr'><strong>corpus</strong></span> <span class='ocrx_word' id='word_1_911' title='bbox 2935 5416 3086 5460; x_wconf 85' lang='lat' dir='ltr'><strong>luntn</strong></span> <span class='ocrx_word' id='word_1_912' title='bbox 3141 5419 3311 5463; x_wconf 90' lang='lat' dir='ltr'><strong>totum</strong></span> <span class='ocrx_word' id='word_1_913' title='bbox 3347 5410 3583 5464; x_wconf 89' lang='lat' dir='ltr'><strong>lucidum</strong></span> 
     </span>
    </p>
   </div>
   <div class='ocr_carea' id='block_1_114' title="bbox 1975 5494 3583 5573">
    <p class='ocr_par' dir='ltr' id='par_1_114' title="bbox 1975 5494 3583 5573">
     <span class='ocr_line' id='line_1_114' title="bbox 1975 5494 3583 5573; baseline 0.006 -25"><span class='ocrx_word' id='word_1_914' title='bbox 1975 5494 2162 5560; x_wconf 85' lang='lat' dir='ltr'><strong>fuerit,</strong></span> <span class='ocrx_word' id='word_1_915' title='bbox 2218 5510 2324 5548; x_wconf 93' lang='lat' dir='ltr'><strong>non</strong></span> <span class='ocrx_word' id='word_1_916' title='bbox 2406 5496 2613 5551; x_wconf 81' lang='lat' dir='ltr'><strong>habens</strong></span> <span class='ocrx_word' id='word_1_917' title='bbox 2658 5498 2895 5568; x_wconf 88' lang='lat' dir='ltr'><strong>aliquam</strong></span> <span class='ocrx_word' id='word_1_918' title='bbox 2956 5511 3166 5570; x_wconf 86' lang='lat' dir='ltr'><strong>partem</strong></span> <span class='ocrx_word' id='word_1_919' title='bbox 3214 5504 3583 5573; x_wconf 86' lang='lat' dir='ltr'><strong>tenebrosam,</strong></span> 
     </span>
    </p>
   </div>
   <div class='ocr_carea' id='block_1_115' title="bbox 1974 5585 3584 5668">
    <p class='ocr_par' dir='ltr' id='par_1_115' title="bbox 1974 5585 3584 5668">
     <span class='ocr_line' id='line_1_115' title="bbox 1974 5585 3584 5668; baseline 0.008 -29"><span class='ocrx_word' id='word_1_920' title='bbox 1974 5587 2053 5640; x_wconf 91' lang='lat' dir='ltr'><strong>sic</strong></span> <span class='ocrx_word' id='word_1_921' title='bbox 2076 5587 2180 5640; x_wconf 90' lang='lat' dir='ltr'><strong>erit</strong></span> <span class='ocrx_word' id='word_1_922' title='bbox 2205 5585 2444 5641; x_wconf 92' lang='lat' dir='ltr'><strong>lucidum</strong></span> <span class='ocrx_word' id='word_1_923' title='bbox 2468 5588 2633 5660; x_wconf 75' lang='lat'><strong>360</strong></span> <span class='ocrx_word' id='word_1_924' title='bbox 2656 5599 2850 5654; x_wconf 90' lang='lat' dir='ltr'><strong>t0tum,</strong></span> <span class='ocrx_word' id='word_1_925' title='bbox 2885 5600 2943 5645; x_wconf 92' lang='lat' dir='ltr'><strong>ut</strong></span> <span class='ocrx_word' id='word_1_926' title='bbox 2970 5609 3091 5647; x_wconf 91' lang='lat' dir='ltr'><strong>cum</strong></span> <span class='ocrx_word' id='word_1_927' title='bbox 3125 5596 3345 5650; x_wconf 78' lang='lat' dir='ltr'><strong>lucerna</strong></span> <span class='ocrx_word' id='word_1_928' title='bbox 3379 5594 3584 5668; x_wconf 74' lang='lat' dir='ltr'><strong>fulgore</strong></span> 
     </span>
    </p>
   </div>
   <div class='ocr_carea' id='block_1_116' title="bbox 1973 5680 3583 5748">
    <p class='ocr_par' dir='ltr' id='par_1_116' title="bbox 1973 5680 3583 5748">
     <span class='ocr_line' id='line_1_116' title="bbox 1973 5680 3583 5748; baseline 0.006 -15"><span class='ocrx_word' id='word_1_929' title='bbox 1973 5680 2245 5734; x_wconf 83' lang='lat' dir='ltr'><strong>illuminat</strong></span> <span class='ocrx_word' id='word_1_930' title='bbox 2285 5691 2354 5736; x_wconf 89' lang='lat' dir='ltr'><strong>te.</strong></span> <span class='ocrx_word' id='word_1_931' title='bbox 2398 5702 2416 5733; x_wconf 85' lang='grc'><strong>›</strong></span> <span class='ocrx_word' id='word_1_932' title='bbox 2467 5683 2734 5748; x_wconf 88' lang='lat' dir='ltr'><strong>Quoniam</strong></span> <span class='ocrx_word' id='word_1_933' title='bbox 2771 5687 2936 5740; x_wconf 90' lang='lat' dir='ltr'><strong>invidi</strong></span> <span class='ocrx_word' id='word_1_934' title='bbox 2991 5689 3163 5742; x_wconf 65' lang='lat' dir='ltr'><strong>Judaei</strong></span> <span class='ocrx_word' id='word_1_935' title='bbox 3200 5691 3461 5745; x_wconf 89' lang='lat' dir='ltr'><strong>miracula</strong></span> <span class='ocrx_word' id='word_1_936' title='bbox 3505 5694 3583 5743; x_wconf 72' lang='lat' dir='ltr'><strong>vi-</strong></span> 
     </span>
    </p>
   </div>
   <div class='ocr_carea' id='block_1_117' title="bbox 1970 5772 3579 5851">
    <p class='ocr_par' dir='ltr' id='par_1_117' title="bbox 1970 5772 3579 5851">
     <span class='ocr_line' id='line_1_117' title="bbox 1970 5772 3579 5851; baseline -0.001 -17"><span class='ocrx_word' id='word_1_937' title='bbox 1970 5772 2184 5835; x_wconf 68' lang='grc' dir='ltr'><strong>(ΙειιῑΘΞν</strong></span> <span class='ocrx_word' id='word_1_938' title='bbox 2212 5789 2274 5827; x_wconf 76' lang='lat' dir='ltr'><strong>ea</strong></span> <span class='ocrx_word' id='word_1_939' title='bbox 2302 5775 2780 5830; x_wconf 78' lang='lat' dir='ltr'><strong>Calumniabantnr</strong></span> <span class='ocrx_word' id='word_1_940' title='bbox 2809 5779 2875 5833; x_wconf 87' lang='lat' dir='ltr'><strong>ob</strong></span> <span class='ocrx_word' id='word_1_941' title='bbox 2908 5782 3107 5834; x_wconf 70' lang='lat' dir='ltr'><strong>mentis</strong></span> <span class='ocrx_word' id='word_1_942' title='bbox 3141 5781 3244 5832; x_wconf 82' lang='lat' dir='ltr'><strong>mai</strong></span> <span class='ocrx_word' id='word_1_943' title='bbox 3275 5784 3428 5846; x_wconf 87' lang='lat' dir='ltr'><strong>tiam,</strong></span> <span class='ocrx_word' id='word_1_944' title='bbox 3465 5786 3579 5851; x_wconf 58' lang='lat' dir='ltr'><strong>eius</strong></span> 
     </span>
    </p>
   </div>
   <div class='ocr_carea' id='block_1_118' title="bbox 1971 5866 3575 5940">
    <p class='ocr_par' dir='ltr' id='par_1_118' title="bbox 1971 5866 3575 5940">
     <span class='ocr_line' id='line_1_118' title="bbox 1971 5866 3575 5940; baseline 0.007 -22"><span class='ocrx_word' id='word_1_945' title='bbox 1971 5866 2149 5935; x_wconf 84' lang='lat' dir='ltr'><strong>gratia</strong></span> <span class='ocrx_word' id='word_1_946' title='bbox 2183 5867 2446 5925; x_wconf 86' lang='lat' dir='ltr'><strong>Dominus</strong></span> <span class='ocrx_word' id='word_1_947' title='bbox 2473 5869 2590 5925; x_wconf 78' lang='lat' dir='ltr'><strong>bace</strong></span> <span class='ocrx_word' id='word_1_948' title='bbox 2619 5872 2751 5926; x_wconf 89' lang='lat' dir='ltr'><strong>dicit</strong></span> <span class='ocrx_word' id='word_1_949' title='bbox 2792 5891 2803 5926; x_wconf 92' lang='lat'>:</span> <span class='ocrx_word' id='word_1_950' title='bbox 2833 5875 2980 5940; x_wconf 86' lang='lat' dir='ltr'><strong>quod</strong></span> <span class='ocrx_word' id='word_1_951' title='bbox 3022 5875 3305 5930; x_wconf 89' lang='lat' dir='ltr'><strong>lucernam</strong></span> <span class='ocrx_word' id='word_1_952' title='bbox 3336 5880 3512 5937; x_wconf 67' lang='grc' dir='ltr'><strong>δάε-ιιὶί</strong></span> <span class='ocrx_word' id='word_1_953' title='bbox 3550 5893 3575 5930; x_wconf 78' lang='lat'><strong><em>2</em></strong></span> 
     </span>
    </p>
   </div>
  </div>
