4110 6332
644 409 751 475 867

1561 398 2137 461 THEOPHYLACTI
2180 394 2589 458 BULGARUE
2619 391 2973 453 ARCHIEP.

3777 383 3883 449 868

649 527 785 589 Deo,
813 521 1112 579 intellectus
1141 518 1347 573 scilicet
1388 530 1452 569 ac
1498 516 1696 569 mentis
1739 512 2079 577 benelicium,
2118 526 2201 578 pet

2315 510 2409 563 τοῦ
2460 508 2574 572 νοὸς
2604 508 2783 579 χάριν,
2823 508 2891 561 δι’
2920 502 2985 578 ἧς
3041 506 3310 577 βλέπομεν
3350 502 3550 557 ὡσανεὶ
3589 499 3768 569 φωτὸς
3796 502 3883 554 δοι-

645 633 806 688 quam
846 614 1102 674 videmus,
1139 607 1303 662 veluti
1342 606 1387 661 si
1417 604 1571 660 nobis
1613 605 1793 658 datum
1823 612 1970 657 esset
2003 600 2205 665 lumen,

647 711 889 765 homines
916 701 1247 759 abscondunt
1276 700 1469 755 mentis
1489 696 1770 767 judicium,
1793 703 1848 749 et
1874 709 1983 763 pne
2008 692 2208 747 invidia

644 794 1014 861 obtenebrati,
1076 791 1334 846 miracula
1392 798 1447 844 et
1504 786 1766 843 benellcia
1832 801 1940 841 non
2003 786 2205 848 vident,

644 887 887 958 quamvis
912 887 964 940 in
997 886 1100 939 hoc
1126 880 1493 949 acceperimus
1516 870 1775 943 mentem,
1804 887 1863 931 ut
1891 891 2055 947 super
2082 890 2213 931 ean-

644 980 918 1033 delubrum
964 988 1243 1045 ponamus,
1290 980 1350 1025 ut
1397 972 1565 1027 etiam
1618 969 1709 1023 alii
1752 968 1936 1023 lumen
1970 967 2204 1022 videant.

651 1069 872 1125 Videtur
897 1078 1071 1123 autem
1112 1066 1241 1120 mihi
1274 1065 1376 1119 hoc
1405 1064 1584 1118 dicere
1608 1059 1690 1116 :0
1713 1060 2005 1122 Ριιιιτίειεε.
2041 1059 2207 1115 habes

646 1161 947 1222 scientiam,
1000 1157 1144 1211 istud
1188 1163 1269 1210 est
1312 1155 1533 1209 lucerna
1581 1168 1595 1205 :
1651 1159 1865 1217 oportet
1895 1159 1948 1204 te
1980 1148 2208 1204 scientia

646 1252 733 1304 illa
762 1251 858 1312 uti,
892 1256 949 1301 ut
983 1263 1077 1315 per
1100 1261 1215 1301 eam
1246 1259 1507 1313 agnosms
1534 1242 1813 1307 miracula,
1844 1250 1899 1295 et
1924 1240 2043 1293 aliis
2073 1253 2205 1307 quo-

645 1358 749 1409 que
790 1340 1071 1395 ostendere
1100 1348 1153 1392 et
1184 1344 1484 1390 monstrare
1516 1335 1693 1402 possis
1730 1334 1872 1403 quod
1904 1332 2012 1386 sint
2040 1344 2205 1399 opera

645 1433 762 1487 Filii
791 1431 904 1495 Dei,
931 1438 983 1484 et
1010 1443 1112 1482 non
1135 1425 1415 1481 Beelzebul
1448 1443 1461 1478 :
1491 1430 1548 1479 u‘t
1581 1424 1633 1478 hi
1668 1424 1763 1493 qui
1801 1422 2198 1492 ingrediuntur,

647 1525 747 1577 hoc
781 1531 863 1575 est
895 1518 1101 1582 novitii,
1134 1528 1187 1572 et
1239 1518 1329 1585 qui
1360 1517 1716 1581 instruuntur,
1750 1514 1927 1568 lumen
1966 1514 2204 1567 videant.

643 1606 774 1661 Nam
802 1608 891 1675 qui
925 1606 1140 1673 sapiens
1167 1616 1269 1670 εει,
1298 1604 1408 1672 jam
1440 1604 1715 1673 ingressus
1741 1614 1821 1657 est
1857 1603 1987 1671 :qui
2022 1612 2202 1654 autem

642 1699 820 1762 discit,
851 1697 1029 1751 adhuc
1056 1696 1371 1765 ingreditur.
1401 1696 1469 1749 At
1501 1695 1753 1750 Pharisaei
1778 1710 1872 1749 vos
1903 1694 2003 1749 hoc
2026 1692 2205 1747 facere

2310 601 2495 664 θέντος
2532 601 2683 669 ἡμῖν,
2716 600 3068 671 κατέκρυψαν
3106 598 3310 668 ταύτην
3336 598 3434 666 τὴν
3479 595 3760 665 διάκρισιν
3787 594 3879 644 τοῦ

2312 694 2427 758 νοῦ,
2459 694 2552 746 καὶ
2600 691 2706 746 ἀπὸ
2753 692 3052 763 βασκανίας
3103 690 3497 753 σκοτισθέντες,
3525 687 3594 741 τα
3624 686 3882 755 θαύματα

2310 784 2521 847 καὶτὰς
2546 783 2865 853 εὐεργεσίας
2887 784 2986 853 οὐχ
3011 782 3199 853 δρῶσι.
3222 781 3415 834 Καίτοι
3442 780 3535 832 ἐπὶ
3564 776 3743 847 τούτῳ
3762 775 3881 828 ὲλά-

2311 878 2480 947 σομεν
2507 875 2599 929 τδν
2625 875 2771 941 νοῦν,
2801 875 2889 929 ῖνα
2915 874 3009 928 ἐπὶ
3031 874 3128 945 τὴν
3172 873 3396 943 λυχνίαν
3421 870 3679 939 τιθῶμεν,
3713 868 3788 931 ὡς
3816 867 3880 919 ἂν

2310 970 2403 1024 καὶ
2429 968 2575 1025 ἄλλοι
2609 967 2846 1038 βλέπωσι
2870 967 2930 1021 τὸ
2957 967 3089 1037 φῶς.
3118 968 3277 1019 Δοκεῖ
3299 963 3360 1017 δέ
3388 980 3475 1033 μοι
3494 962 3654 1015 τοῦτο
3680 961 3876 1027 λέγειν,

2308 1061 2411 1128 ὅτι,
2438 1057 2511 1113 Ὦ
2528 1061 2810 1131 Φαρισαῖε,
2847 1058 2990 1128 ἔχεις
3022 1058 3243 1126 γνῶσιν,
3262 1055 3419 1109 τοῦτο
3439 1057 3467 1109 ό
3493 1055 3708 1124 λύχνος.
3733 1053 3879 1107 Ἔδει

2310 1169 2371 1207 σε
2403 1156 2468 1224 τῇ
2504 1153 2703 1220 γνώσει
2740 1151 2909 1222 ταύτῃ
2944 1149 3245 1220 κεχρῆσθαι
3283 1149 3422 1217 πρὸς
3458 1148 3555 1217 τὴν
3586 1146 3696 1199 τῶν
3748 1146 3878 1198 θαυ-

2311 1247 2498 1315 μάτων
2548 1245 2863 1313 ἐπίγνωσιν,
2900 1242 2995 1296 καὶ
3045 1244 3155 1305 τοῖς
3202 1240 3383 1302 ἄλλοις
3432 1240 3487 1293 δὲ
3542 1238 3755 1307 φαίνειν
3790 1238 3878 1289 καὶ

2306 1336 2572 1390 δεικνύειν
2601 1335 2797 1398 ταῦτα,
2842 1335 2921 1387 ὃτι
2956 1334 3091 1403 ἔργα
3124 1335 3229 1385 elo‘.
3276 1330 3371 1384 τοῦ
3404 1330 3534 1382 Υίοῦ
3591 1327 3685 1382 τοῦ
3719 1325 3876 1392 Θεοῦ,

2307 1430 2402 1483 καὶ
2431 1428 2555 1499 οὐχὶ
2600 1428 2692 1483 τοῦ
2730 1425 3079 1491 Βεελζεδοὺλ,
3113 1427 3189 1489 ὡς
3225 1424 3290 1477 ἂν
3327 1425 3377 1475 οἱ
3407 1422 3874 1492 είσπορευόμενοι,

2306 1521 2581 1584 τουτέστιν
2612 1520 2659 1573 al
2695 1519 3046 1587 είσαγωγικοὶ
3089 1518 3183 1570 καὶ
3207 1517 3482 1589 ἀρχὰριοι,
3527 1515 3587 1565 τὸ
3612 1513 3729 1581 φῶς
3765 1512 3880 1581 βλέ-

2307 1628 2501 1665 πωσιν.
2539 1611 2597 1664 '0
2648 1611 2746 1681 μὲν
2792 1611 2899 1681 γὰρ
2952 1609 3112 1676 σοφὸς
3145 1608 3245 1677 ήδη
3280 1606 3576 1677 ἐπορεύθη,
3632 1604 3659 1655 ὁ
3696 1604 3751 1655 δὲ
3804 1601 3881 1653 ἔτι

2313 1702 2597 1772 μανθάνων
2662 1701 2973 1772 πορεύεται.
3034 1699 3173 1752 Ἀλλ’
3220 1700 3279 1751 οὐ
3331 1696 3488 1750 τοῦτο
3543 1694 3881 1764 ὴίουλήθητε

645 1806 750 1843 non
776 1789 955 1855 vultis,
991 1789 1082 1843 sed
1125 1790 1336 1841 oculum
1366 1788 1560 1842 mentis
1604 1797 1816 1850 vestrm,
1857 1787 1947 1855 qui
1977 1785 2201 1854 simplex

2312 1799 2466 1866 ὑμεῖς
2492 1798 2539 1849 οἱ
2562 1798 2863 1866 Φαρισαῖοι,
2893 1792 3029 1847 ἀλλὰ
3049 1792 3141 1845 τὸν
3168 1791 3443 1861 ὀφθαλμὸν
3469 1790 3566 1857 τῆς
3590 1790 3770 1858 ψυχῆς
3794 1784 3885 1837 τὸν

642 1891 781 1944 erat,
821 1882 1025 1935 fecistis
1066 1880 1341 1948 obliquum
1379 1890 1433 1933 et
1459 1880 1771 1934 obscurum.
1816 1878 2023 1933 Etenim
2068 1879 2201 1932 sicut

2311 1858 2683 1942 voﬁvidwloﬁ-v
2733 1887 2883 1953 ὄντα,
2934 1858 3229 1955 ἐποιήσατε
3285 1858 3440 1948 λοξὸν
3491 1882 3587 1934 καὶ
3649 1880 3880 1933 σκολιόν.

642 1974 835 2028 oculus
864 1970 1106 2039 corporis
1132 1972 1173 2025 si
1202 1970 1329 2040 quid
1361 1970 1540 2033 habet,
1572 1972 1671 2024 hoc
1700 1980 1755 2024 et
1783 1982 1977 2037 corpus
2010 1970 2206 2024 habere

646 2066 771 2119 facit
804 2082 817 2117 :
848 2064 891 2117 si
925 2061 1138 2131 quidem
1173 2064 1345 2115 lucem
1366 2062 1523 2115 habet
1551 2076 1615 2116 ac
1650 2060 1860 2115 lucidus
1893 2060 2071 2124 fuerit,
2102 2062 2206 2115 erit

642 2164 698 2208 et
723 2168 917 2221 corpus
945 2156 995 2205 in
1018 2151 1173 2206 luce:
1206 2152 1289 2207 sin
1323 2154 1645 2207 tenebrosus
1670 2152 1847 2217 fuerit,
1879 2153 1983 2207 erit
2007 2153 2205 2207 etillud

646 2245 698 2296 in
730 2242 1006 2297 tenebris:
1057 2243 1217 2296 simili
1269 2244 1425 2297 modo
1453 2243 1702 2297 emndem
1750 2241 1998 2298 allectum
2046 2245 2204 2297 habet

644 2337 845 2398 anima,
880 2351 1037 2404 quem
1082 2336 1241 2393 habet
1291 2352 1461 2391 mens.
1492 2337 1555 2390 Et
1588 2340 1630 2390 si
1678 2338 2205 2392 inveneritoeulum

643 2442 800 2495 quem
824 2427 1027 2493 accepit
1058 2441 1087 2478 a
1120 2426 1245 2490 Deo,
1275 2435 1328 2479 et
1352 2427 1520 2480 lucem
1550 2428 1892 2482 obtenebrari
1919 2426 1998 2482 vel
2031 2428 2099 2481 ab
2127 2428 2209 2482 in'-

644 2515 804 2577 vidia,
832 2516 912 2568 vel
942 2514 1009 2567 ab
1040 2516 1287 2578 avaritia,
1322 2516 1478 2569 velut
1509 2516 1559 2569 in
1592 2532 1821 2581 summa,
1849 2518 2047 2582 dicam,
2086 2533 2205 2572 car-

642 2606 881 2671 nalitate,
910 2606 1296 2659 obtenebratur
1330 2617 1385 2661 et
1417 2608 1550 2676 ipsa.

712 2696 876 2750 Vens.
912 2697 1102 2750 57-“.
1140 2717 1156 2748 ι
1212 2698 1277 2751 Ει
1306 2714 1425 2752 cum
1460 2700 1793 2767 loqueretur,
1826 2701 2036 2767 rogavit
2058 2700 2205 2753 illum

642 2792 857 2860 quidam
892 2790 1194 2844 Phariszeus
1223 2801 1274 2843 ut
1305 2792 1592 2858 pranderet
1622 2793 1758 2859 apud
1799 2806 1876 2845 se.
1908 2790 2064 2847 Jesus
2114 2807 2209 2845 au-

646 2892 749 2934 tent
784 2881 1054 2950 ingressus
1082 2881 1357 2934 accubuit.
1404 2880 1708 2940 Phariam-us
1736 2892 1914 2935 autem
1946 2897 2069 2936 cum
2116 2882 2207 2935 vi-

640 2974 827 3035 disset,
862 2972 1157 3025 admiratus
1192 2978 1274 3025 est
1327 2974 1470 3038 quod
1500 2986 1606 3025 non
1639 2974 1785 3040 prius
1816 2974 2049 3026 lavassct
2081 2984 2207 3027 ante

642 3063 917 3130 prandium
943 3079 958 3126 ;
992 3069 1045 3115 et
1065 3062 1140 3114 ait
1171 3062 1426 3116 Dominus
1459 3062 1523 3116 ad
1555 3062 1700 3115 illum
1731 3079 1744 3115 :
1774 3062 1925 3116 Nunc
1950 3078 2043 3117 vos
2068 3062 2202 3117 Pha-

643 3152 781 3205 risazi
808 3155 1073 3207 exteriora
1125 3152 1297 3221 poculi
1330 3154 1601 3221 catinique
1638 3154 1933 3216 mundatis,
1980 3166 2034 3208 et
2061 3156 2205 3225 quod

644 3246 787 3298 intus
839 3254 919 3297 est
965 3245 1152 3308 vestri,
1214 3244 1424 3313 plenum
1479 3257 1563 3300 est
1614 3248 1798 3316 rapina
1857 3259 1911 3303 et
1960 3250 2199 3303 malitia:

642 3337 809 3400 stulti,
839 3350 1015 3389 nonne
1044 3339 1132 3406 qui
1162 3335 1291 3391 fecit
1319 3337 1459 3405 quod
1483 3336 1616 3391 loris
1643 3349 1745 3403 est,
1779 3340 1941 3393 etiam
1973 3341 2025 3395 id
2058 3340 2203 3411 quod

642 3430 783 3482 intus
832 3439 912 3481 est
971 3426 1134 3481 fecit?
1162 3426 1543 3482 Verumtamen
1591 3430 1731 3499 quod
1775 3440 2042 3501 superest,
2082 3434 2204 3487 date

639 3525 1055 3593 eleemosynam,
1098 3534 1149 3575 et
1181 3538 1307 3576 ecce
1348 3524 1528 3576 omnia
1579 3525 1773 3578 munda
1806 3536 1931 3579 sunt
1963 3526 2135 3580 vobis.
2176 3543 2194 3577 ι

641 3616 857 3668 Sciebat
896 3616 1109 3681 quidem
1157 3613 1550 3667 l‘liarismorum
1582 3614 1801 3669 livorem
1835 3616 2115 3681 Dominus,
2148 3625 2204 3671 et

641 3706 987 3760 nihilominus
1022 3706 1253 3761 comedit
1280 3721 1399 3759 cum
1429 3706 1508 3759 eis
1548 3716 1761 3776 propter
1806 3708 1949 3761 istud
2005 3709 2201 3778 ipsum,

638 3800 778 3868 quod
800 3800 919 3853 mali
953 3809 1126 3861 erant,
1152 3808 1203 3851 et
1231 3800 1567 3875 correctione
1593 3814 1725 3867 Opus
1754 3799 2040 3855 habebant.
2067 3800 2197 3855 Nam

640 3882 854 3959 propter
884 3892 981 3943 hoc
1012 3887 1384 3944 comedit'cum
1408 3890 1507 3952 eis,
1540 3900 1597 3943 ut
1627 3891 1965 3946 occasionem
1999 3908 2196 3960 appre-

641 3983 853 4045 hendat,
888 3992 942 4035 et
963 3996 1150 4034 eorum
1194 3994 1372 4035 mores
1415 3980 1683 4035 emendet.
1719 3981 1950 4036 Proinde
1979 3993 2033 4037 et
2062 3998 2203 4037 nunc

635 4072 852 4125 stultam
890 4087 1076 4126 eorum
1120 4072 1561 4126 consuetudinem
1614 4080 1779 4137 taxat,
1826 4088 2019 4141 nempe
2046 4072 2201 4127 lotio-

638 4180 757 4217 nem
794 4176 1081 4231 antequam
1133 4165 1419 4219 comedant
1462 4183 1473 4217 :
1516 4165 1715 4219 docens
1764 4167 1904 4232 quod
1956 4176 2200 4234 oporteat

637 4253 870 4305 animam
894 4269 987 4321 per
1010 4254 1146 4305 bona
1167 4268 1328 4321 opera
1354 4253 1668 4320 puriﬁcare;
1698 4270 1820 4307 nam
1843 4254 2007 4308 lavari
2038 4271 2195 4323 aqua,

638 4358 742 4397 non
783 4343 1042 4405 animam,
1076 4345 1169 4396 sed
1196 4358 1395 4412 corpus
1419 4344 1685 4411 puriﬁcat.
1720 4346 1785 4398 At
1816 4346 1962 4398 stulti
1996 4346 2069 4398 illi
2104 4363 2200 4413 pu-

638 4435 823 4488 tabant
862 4434 1000 4501 quod
1048 4450 1169 4488 cum
1204 4450 1428 4501 corpore
1468 4437 1682 4504 quando
1724 4436 2097 4504 baptizabatur
2148 4446 2197 4491 et

2311 1978 2524 2047 Ὠσπερ
2554 1977 2661 2047 γὰρ
2689 1978 2717 2029 ό
2739 1974 3021 2046 ,ὀφθαλμὸς
3046 1974 3139 2027 τοῦ
3173 1972 3448 2043 σώματος,
3482 1973 3629 2033 ὅπως
3664 1971 3731 2024 ἂν
3761 1971 3881 2042 ἔχῃ,

2306 2070 2449 2122 οῦτω
2482 2071 2575 2123 καὶ
2603 2072 2662 2121 τὸ
2705 2068 2864 2138 σῶμα
2896 2069 3058 2130 ποιεῖ,
3090 2067 3138 2119 εί
3167 2066 3266 2135 μὲν
3294 2064 3555 2133 φωτεινὸς
3584 2064 3695 2133 εἴη,
3730 2062 3883 2115 ἔσται

2309 2160 2400 2211 καὶ
2428 2160 2487 2211 τὸ
2515 2160 2676 2227 σῶμα
2710 2160 2767 2211 ἐν
2790 2158 2926 2227 φωτί
2947 2174 2959 2187 ⁸
2990 2160 3038 2210 εί
3067 2157 3124 2210 δὲ
3150 2155 3446 2218 σκοτεινὸς,
3476 2154 3629 2207 ἔσται
3662 2155 3886 2206 κάκεῖνο

2309 2250 2364 2301 ἐν
2391 2249 2593 2305 σκότει.
2622 2250 2726 2301 Τὸν
2774 2249 2935 2301 αὐτὸν
2964 2247 3165 2317 τρόπον
3192 2246 3285 2299 καὶ
3312 2245 3390 2315 τῷ
3422 2244 3502 2298 νοῒ
3529 2245 3560 2316 ἡ
3585 2244 3733 2313 ψυχὴ
3761 2262 3886 2295 ουν-

2306 2341 2623 2394 διατίοεται.
2662 2341 2773 2393 Καὶ
2828 2339 2886 2392 ὃν
2934 2337 3126 2391 ἐλαϐεν
3170 2339 3234 2390 ικ
3284 2337 3420 2390 Θεοῦ
3476 2335 3761 2406 ὀφθαλμὸν
3791 2335 3885 2387 καὶ

2309 2433 2442 2499 φῶς,
2473 2431 2664 2484 τοῦτον
2690 2433 2737 2483 εἰ
2769 2430 2918 2499 εὖροι
2943 2430 3322 2501 σκοτιζόμενον
3349 2430 3381 2499 ἢ
3419 2429 3523 2482 ὑπὸ
3555 2428 3883 2497 βασκανίας,

2308 2524 2339 2592 ἢ
2374 2522 2826 2593 φιλοχρηματίας,
2866 2524 2958 2573 καὶ
2988 2520 3173 2584 ἁπλῶς
3200 2523 3371 2573 εἰπεῖν
3411 2519 3713 2590 φιλοῦλίας,
3758 2534 3885 2570 σκο-

2306 2616 2510 2679 τίζεται
2544 2617 2637 2667 καὶ
2670 2614 2833 2683 αὐτή.

2383 2725 2401 2757 ι
2449 2706 2537 2759 Ἐν
2568 2707 2635 2765 δὲ-
2657 2703 2733 2775 τῷ
2766 2705 3018 2775 λαλῆσαι,
3042 2704 3233 2775 ἠρώτα
3263 2704 3423 2758 αὑτὸν
3445 2704 3743 2774 Φαρισαῖός
3776 2719 3881 2766 τις,

2309 2802 2453 2863 ὅπως
2482 2800 2752 2871 ἀριστήσῃ
2785 2797 2913 2867 παρ’
2949 2798 3114 2867 αὐτῷ·
3148 2796 3403 2849 εἰσελθὼν
3426 2796 3481 2850 δὲ
3501 2797 3791 2849 ἀνέπεσεν.
3828 2794 3885 2847 Ὀ

2308 2892 2365 2943 δὲ
2402 2892 2691 2961 Φαρισαῖος
2732 2889 2853 2953 iaC-3v
2891 2890 3221 2960 ἐθαύμασεν,
3254 2890 3335 2943 ὅτι
3392 2890 3452 2941 οὐ
3496 2888 3713 2959 πρῶτον
3754 2886 3883 2939 εει-

2310 2980 2506 3051 πτίσθη
2549 2982 2653 3049 προ
2691 2979 2785 3032 τοῦ
2838 2981 3084 3050 ἀρίστου.
3121 2976 3257 3031 Eine
3316 2979 3373 3031 δὲ
3410 2980 3440 3031 ό
3491 2978 3694 3047 Κύριος
3745 2978 3884 3047 πρὸς

2310 3072 2471 3125 αὐτόν
2493 3088 2507 3102 ο
2534 3072 2646 3125 Νῦν
2690 3073 2845 3142 ὑμεῖς
2871 3073 2919 3124 oi
2946 3071 3231 3142 Φαρισαῖοι
3268 3070 3327 3123 τὸ
3360 3068 3556 3133 ἔξωθεν
3588 3067 3683 3119 τοῦ
3720 3083 3885 3135 ποτη-

2312 3164 2425 3231 ρίου
2454 3163 2547 3216 καὶ⁵
2576 3162 2667 3214 τοῦ
2693 3163 2920 3226 πίνακος
2944 3160 3290 3231 καθαρίζετε,
3324 3160 3384 3212 τι
3413 3158 3469 3211 δὲ
3496 3157 3702 3210 ἔσωθεν
3731 3156 3884 3226 ὑμῶν

2310 3254 2470 3323 γέμει
2500 3254 2755 3324 ἁρπαγῆς
2786 3255 2881 3306 καὶ
2913 3255 3174 3325 πονηρίας
3194 3268 3209 3285 ⁸
3246 3254 3499 3322 ἄφρονες,
3533 3252 3631 3320 οὐχ
3662 3252 3691 3300 ὁ
3728 3251 3885 3316 ποιή-

2308 3361 2407 3406 σας
2450 3345 2510 3396 τὸ
2558 3344 2777 3409 ἔξωθεν,
2819 3347 2912 3397 καὶ
2960 3344 3020 3397 τὸ
3069 3344 3272 3397 ἔσωθεν
3302 3345 3593 3413 ὲποίησεν;
3636 3343 3785 3410 Πλὴν
3818 3340 3884 3393 τὰ

2304 3437 2490 3488 ἐνόντα
2539 3436 2657 3487 δότε
2690 3437 3083 3507 ἐλεημοσύνην,
3126 3437 3219 3487 καὶ
3272 3436 3381 3490 ίδοὺ
3436 3435 3612 3487 πάντα
3663 3433 3885 3500 καθαρὰ

2308 3526 2437 3595 ὑμῖν
2466 3527 2633 3580 ἐστιν.
2693 3546 2710 3578 ι
2746 3528 2899 3598 ’ᾙδει
2934 3528 3032 3596 μὲν
3064 3528 3160 3597 τὴν
3193 3528 3300 3580 τῶν
3347 3528 3658 3595 Φαρισαίων
3699 3530 3885 3579 σκαιό-

2299 3630 2435 3681 τητα
2482 3616 2509 3665 ὁ
2548 3613 2771 3681 Κύριος,
2810 3614 2923 3667 αλλ’
2977 3617 3126 3685 ὅμως
3184 3619 3532 3670 συνεστιᾶται
3584 3618 3769 3679 αὐτοῖς
3816 3618 3864 3670 δι

2305 3703 2435 3754 αὐτὸ
2461 3702 2636 3769 τοῦτο,
2663 3704 2744 3754 ὅτι
2769 3704 2992 3773 πονηροὶ
3010 3699 3171 3772 ἦσαν,
3209 3704 3303 3757 καὶ
3344 3704 3683 3773 διορθώσεως
3728 3704 3884 3774 ἔχρῃ-

2304 3798 2413 3858 ζον.
2453 3795 2549 3848 Διὰ
2583 3796 2739 3848 τοῦτο
2770 3796 2876 3865 γάρ
2921 3813 3004 3847 τοι
3038 3795 3327 3860 συνεσθίει,
3378 3795 3455 3857 ὡς
3507 3795 3573 3848 ἂν
3615 3796 3881 3865 δράξηται

2304 3886 2579 3955 ἁξορμῆς,
2608 3888 2700 3938 καὶ
2732 3886 2993 3957 βελτιώσῃ
3034 3888 3101 3939 τὰ
3149 3887 3254 3957 ήθη
3305 3887 3507 3940 αὐτῶν.
3544 3888 3757 3956 Ὠσπερ
3790 3884 3882 3937 οὗ)

2306 3977 2396 4027 καὶ
2423 3976 2516 4028 νῦν
2558 3977 2615 4028 τὸ
2649 3977 2872 4045 ἀνόητον
2908 3978 3087 4030 αὐτῶν
3137 3977 3255 4042 ἔθος
3306 3976 3695 4040 ἐπισκώπτων,
3739 3976 3880 4045 φημὶ

2301 4068 2365 4133 δὴ
2388 4068 2448 4120 τὸ
2476 4068 2579 4137 πρὸ
2606 4068 2695 4119 τοῦ
2728 4072 2921 4135 φαγεῖν
2945 4070 3337 4140 καθαρίζεσθαι
3370 4071 3589 4133 αὐτοὺς,
3614 4069 3879 4134 διδάσκει,

2302 4159 2379 4209 ὅτι
2420 4159 2499 4210 δεῖ
2528 4160 2625 4228 τὴν
2669 4159 2846 4228 ψυχὴν
2898 4161 3237 4231 κεκαθάρθαι
3288 4161 3354 4214 δι’
3405 4160 3580 4230 ἔργων
3636 4161 3879 4228 ἀγαθῶν,

2299 4248 2373 4310 ὼς
2404 4249 2529 4316 τόγε
2560 4250 2845 4302 νίπτεσθαι
2879 4250 2946 4302 δι’
2978 4250 3190 4315 ὓδατος,
3224 4252 3283 4302 οὐ
3318 4250 3518 4321 ψυχὴν,
3553 4250 3690 4303 ἀλλὰ
3722 4251 3882 4319 σῶμα

2302 4341 2571 4411 καθαίρει.
2619 4343 2843 4394 Ἐκεῖνοι
2877 4342 2986 4411 γὰρ
3016 4343 3266 4412 ἐνόμιζον
3297 4343 3346 4395 οί
3380 4343 3621 4410 ἀνόητοι,
3648 4344 3730 4395 ὅτι
3767 4343 3881 4410 ἅμα

2300 4434 2375 4502 τῷ
2406 4433 2619 4502 σώματι
2665 4430 2823 4503 nail]
2874 4435 3020 4504 ψυχὴ
3060 4436 3237 4488 αὐτῶν
3288 4434 3613 4503 καθαίρεται
3665 4432 3753 4487 διὰ
3789 4433 3879 4487 τοῦ

636 4528 933 4590 lavabatur,
962 4526 1120 4582 simul
1160 4528 1403 4582 etanima
1435 4538 1773 4598 purgaretur.
1806 4529 2060 4582 Dominus
2094 4530 2189 4598 igi-

2305 4526 2655 4594 βαπτίζεσθαι
2718 4528 2809 4579 καὶ
2867 4527 3150 4580 νίπτεσθαι
3219 4529 3279 4579 τὺ
3346 4525 3527 4595 σῶμα.
3584 4525 3644 4581 '0
3700 4528 3881 4580 τοίνυν

640 4631 725 4673 tur
768 4620 993 4689 pulchro
1036 4620 1219 4672 calicis
1268 4620 1509 4685 exemplo
1565 4636 1693 4674 usus
1743 4630 1844 4674 est.
1874 4621 2008 4684 Quia
2055 4623 2195 4674 enim

639 4718 846 4779 tempus
892 4720 1008 4763 erat
1057 4724 1278 4775 mensae,
1322 4710 1504 4763 calicis
1550 4722 1603 4763 et
1638 4712 1800 4764 catini
1840 4714 2100 4775 meminit,
2134 4714 2199 4766 ab

638 4801 722 4854 his
750 4814 867 4868 qua:
896 4799 961 4851 ob
990 4798 1173 4851 oculos
1207 4799 1308 4851 sita
1336 4809 1513 4862 erant,
1553 4800 1915 4853 testimonium
1944 4799 2196 4866 alierens,

636 4901 689 4943 et
729 4888 1061 4958 persuadens
1094 4886 1382 4942 Pharisaﬁs
1426 4890 1566 4956 quod
1598 4890 1734 4942 sicut
1788 4889 1930 4941 nulla
1982 4891 2197 4958 quidem

636 4982 838 5035 utilitas
856 4992 937 5035 est
962 4982 1303 5033 extrinsecus
1332 4980 1583 5033 mundum
1608 4995 1727 5034 csse
1745 4980 1901 5050 361
1929 4980 2195 5049 poculum,

638 5074 959 5127 intrinsecus
991 5082 1167 5125 autem
1202 5070 1475 5138 impletum
1520 5086 1641 5125 esse
1671 5073 1923 5125 sordibus
1955 5090 1968 5125 :
1998 5073 2075 5127 sic
2106 5089 2199 5126 ne-

636 5180 739 5233 que
770 5167 811 5217 si
841 5178 1035 5232 corpus
1070 5164 1389 5232 baptizetur,
1430 5164 1607 5215 anima
1662 5173 1835 5217 autem
1868 5166 2011 5218 omni
2043 5166 2195 5234 plena

634 5257 706 5312 sit
739 5257 1097 5319 immunditia,
1132 5266 1309 5325 utpote
1342 5256 1525 5323 rapina
1563 5264 1614 5309 ct
1643 5258 1865 5310 malitia.
1902 5258 2197 5312 lnsinuavit

633 5360 809 5402 autem
862 5347 997 5401 duas
1048 5346 1357 5404 aﬂectiones
1409 5350 1601 5416 quibus
1646 5348 1961 5401 laborabant
2002 5348 2193 5415 Jutlei,

632 5442 914 5493 avaritiam
946 5452 1043 5507 per
1073 5440 1345 5506 rapinam,
1392 5438 1645 5493 invidiam
1698 5450 1873 5493 autem
1906 5451 1957 5494 et
1985 5458 2103 5511 qua:
2130 5457 2195 5495 ex

634 5532 828 5586 invidia
855 5533 1193 5602 proveniunt,
1223 5547 1316 5600 per
1359 5534 1637 5587 malitiam.
1680 5533 1829 5586 Nulla
1860 5535 2019 5604 igitur
2051 5536 2195 5588 utili—

636 5633 715 5677 tas
744 5635 822 5677 cst
848 5627 1059 5691 quando
1104 5625 1181 5678 sic
1219 5625 1380 5677 habet
1407 5627 1605 5681 anima.
1650 5625 1833 5692 Stulti,
1894 5642 2067 5680 nonne
2101 5627 2190 5695 qui

634 5716 756 5771 fecit
782 5734 995 5789 corpus,
1024 5720 1162 5787 quod
1200 5720 1366 5772 multa
1410 5736 1535 5773 cura
1586 5722 1845 5791 dignaris,
1883 5722 2041 5774 etiam
2074 5721 2191 5773 ani-

636 5823 776 5862 mam
820 5810 979 5867 fecit?
1014 5810 1225 5869 Debetis
1258 5812 1421 5882 igitur
1448 5823 1501 5867 et
1529 5814 1670 5869 illam
1705 5828 1953 5885 purgare.
1994 5815 2192 5870 Deinde

2301 4619 2500 4686 Κύριος
2533 4616 2773 4688 χαρίεντι
2802 4618 3211 4687 παραδείγματι
3244 4618 3511 4689 κέχρηται
3535 4617 3612 4689 τῷ
3645 4618 3741 4671 τοῦ
3787 4636 3879 4672 πο-

2299 4709 2507 4779 τηρίου.
2546 4710 2695 4762 Ἐπεὶ
2721 4710 2827 4777 γὰρ
2862 4710 3048 4777 καιρὸς
3069 4704 3137 4779 ἦν
3162 4711 3467 4781 τραπέζης,
3498 4710 3764 4779 ποτηρίου
3786 4711 3880 4762 καὶ

2299 4802 2523 4864 πίνακος
2551 4800 2895 4870 μνημονεύει,
2925 4801 3031 4855 ἀπὸ
3059 4801 3167 4856 τῶν
3200 4802 3256 4853 ὲν
3285 4802 3404 4871 ὄψει
3432 4804 3705 4873 κειμένων
3737 4821 3873 4876 μαρ-

2304 4892 2489 4961 τυρίαν
2520 4894 2804 4958 παράγων,
2842 4892 2935 4946 καὶ
2971 4894 3290 4961 συμπείθων
3320 4894 3414 4947 τὸν
3449 4896 3771 4964 Φαρισαῖον,
3797 4899 3876 4951 ὅτι

2299 4984 2488 5051 ὥσπερ
2542 4985 2695 5036 οὐδὲν
2737 4984 2927 5051 ὖφελος
2976 4984 3173 5047 ἔξωθεν
3222 4986 3320 5054 μὲν
3364 4987 3605 5055 καθαρὸν
3648 4983 3791 5040 εἶναι
3818 4990 3877 5040 τὺ

2302 5079 2580 5147 ποτήριον,
2632 5077 2834 5129 ἔσωθεν
2870 5078 2924 5129 δὲ
2975 5078 3144 5146 ῥύπου
3187 5079 3385 5142 παντὸς
3419 5080 3872 5151 πεπληρωμένον,

2298 5170 2466 5233 οὕτως
2496 5170 2615 5223 οὐδὲ
2650 5170 2899 5239 σώματος
2935 5170 3359 5239 βαπτιζομένου,
3385 5173 3562 5241 ψυχῆς
3586 5174 3641 5226 δὲ
3674 5175 3875 5245 γεμού-

2302 5279 2395 5331 σης
2431 5262 2606 5331 πάσης
2636 5262 2992 5330 ἀκαθαρσίας,
3029 5258 3139 5315 οἷον
3163 5265 3420 5333 ἁρπαγῆς
3451 5266 3543 5317 καὶ
3579 5269 3869 5335 πονηρίας.

2310 5352 2555 5423 ᾙνίξατο
2586 5354 2641 5405 δὲ
2672 5354 2736 5405 τὰ
2764 5354 2853 5408 δύο
2879 5354 3022 5423 πάθη
3052 5355 3121 5407 τὰ
3155 5355 3558 5425 ἐπικρατοῦντα
3596 5355 3703 5409 τῶν
3742 5359 3869 5409 Ἰου-

2297 5446 2477 5498 δαίων.
2529 5444 2839 5507 πλεονεξίαν
2877 5445 2965 5497 διὰ
2998 5446 3096 5513 τῆς
3130 5447 3407 5516 ἁρπαγῆς,
3443 5448 3635 5513 φθόνον
3684 5448 3742 5502 δὲ
3776 5450 3866 5500 καὶ

2296 5538 2361 5589 τὰ
2403 5540 2463 5589 ὲκ
2496 5537 2689 5607 φθόνου
2738 5537 2823 5589 διὰ
2860 5539 2957 5605 τῆς
3007 5538 3287 5607 πονηρίας.
3329 5540 3496 5591 Οὐδὲν
3528 5540 3622 5593 οὖν
3653 5538 3862 5607 δςρελος,

2298 5629 2421 5681 ὅταν
2452 5629 2622 5690 οὕτως
2650 5628 2747 5699 ἔχῃ
2776 5632 2805 5698 ἡ
2832 5628 2996 5699 ψυχή.
3035 5630 3326 5700 Ἀφρονες,
3358 5633 3455 5701 οὐχ
3486 5633 3512 5683 ό
3548 5634 3783 5700 ποιήσας
3810 5632 3864 5683 τὺ

2300 5724 2479 5791 σῶμα,
2509 5722 2537 5773 ὃ
2577 5722 2774 5792 πολλῆς
2818 5724 3136 5793 ἐπιμελείας
3184 5725 3375 5789 ἀξιοῖς,
3426 5726 3519 5776 καὶ
3555 5725 3654 5794 τὴν
3685 5726 3863 5794 ψυχὴν

2299 5816 2587 5887 ἑποίησιν;
2630 5815 2898 5885 ὐφείλετε
2919 5815 3011 5871 οὖν
3045 5818 3136 5873 καὶ
3167 5817 3370 5885 ταύτην
3402 5817 3703 5887 καθαίρειν.
3735 5812 3861 5869 Εἶτα
