4110 6332
286 389 399 454 δερ

1033 388 1480 453 ENABRATIO
1518 388 1605 453 IN
1644 387 2151 452 EVANGELIUM
2201 390 2417 452 LUC/E
2468 416 2538 427 -
2571 390 2735 454 CAP.
2776 390 2885 454 X1.

3496 394 3606 465 870

293 503 539 559 διδάσκει
570 501 794 568 αὐτοὺς,
832 500 949 566 πῶς
997 503 1360 575 καθαρίζεται
1404 503 1467 557 τὸ
1498 502 1629 558 ἔσω.
1668 502 1768 557 Διὰ
1797 501 1877 572 τῆι

2002 502 2161 563 docet
2188 520 2285 559 eos
2330 503 2602 575 quomodo
2628 505 2975 575 purgandum
3018 505 3089 585 sit
3133 507 3278 578 quod
3328 507 3600 567 interius:

296 597 691 668 ιλεημοσύνης,
719 596 904 668 φησίν.
939 597 1082 667 Ὅρα
1109 596 1167 650 δέ
1214 613 1309 667 μοι
1342 595 1460 660 πῶς
1502 596 1571 649 τὰ
1608 596 1705 650 δύο
1739 594 1890 679 ἆπάθη

296 689 479 744 αὐτῶν
508 688 825 759 θεραπεύει,
860 689 953 741 τὸν
988 686 1184 757 φθόνον
1222 688 1388 756 λέγω,
1441 688 1543 743 καὶ
1569 687 1673 758 τὴν
1711 688 1893 758 άρπα-

2000 591 2110 649 Per
2131 594 2564 666 eieemosynam,
2593 596 2787 668 inquit.
2811 597 2951 654 Vide
2974 607 3159 653 autem
3179 603 3452 669 quomodo
3468 600 3605 658 duas
3676 675 3681 681 _

2000 685 2219 742 illorum
2247 686 2567 745 affectiones
2596 700 2775 756 sanet,
2797 689 3061 745 invidiam
3092 689 3218 747 dico
3239 701 3295 746 et
3324 694 3600 763 rapinam,

292 779 422 851 τὴν,
468 780 556 833 διὰ
604 778 699 833 τοῦ
732 778 1037 834 ὑποθέσθαι
1081 782 1185 851 τήν
1231 778 1629 852 ἐλεημοσύνην.
1677 778 1738 834 '0
1783 779 1877 851 γάε

1997 790 2095 848 per
2119 776 2223 833 hoc
2255 779 2399 848 quod
2443 779 2664 849 subjicit
2696 780 3127 852 eieemosyuam.
3158 779 3298 837 Nam
3338 784 3431 854 qui
3472 800 3605 842 vere

297 872 464 926 ιλεῶν
509 870 749 941 ἀληθῶς,
776 871 877 952 οὐχ
906 872 1149 944 ἁρπάσει
1183 870 1255 925 τὰ
1284 870 1378 925 τοῦ
1425 870 1751 941 ἑλεουμένου
1788 870 1889 943 (4),

1996 869 2309 938 miseretur,
2363 885 2473 923 non
2515 868 2688 941 rapiet
2733 870 2853 942 ejus
2888 871 3027 927 bona
3077 871 3235 943 cujus
3283 874 3601 940 miseretur,

296 965 359 1018 οὐ
395 964 651 1035 φθονήσει
677 963 755 1035 τῷ
786 964 1116 1036 ὲλεουμένῳ.
1166 964 1324 1018 Ἐπεὶ
1350 964 1535 1018 τοίνυν
1558 963 1653 1018 δύο
1680 963 1877 1029 τούτοις

1996 974 2172 1029 neque
2197 958 2272 1023 illi
2304 959 2587 1029 invidebit.
2614 960 2679 1015 Et
2705 962 2833 1030 quia
2865 962 3006 1018 duos
3043 964 3264 1019 morbos
3293 966 3376 1020 eis
3406 980 3603 1036 expro~

294 1050 445 1121 πάθη
478 1050 745 1117 ὠνείδισε,
777 1051 846 1106 δι’
874 1053 993 1116 ἑνὸς
1018 1055 1318 1125 φαρμάκου
1344 1052 1519 1107 ταῦτα
1540 1054 1891 1126 ὲκμοχλεύει,

294 1142 836 1215 τῆς-ἐλεημοσύνης,
869 1132 1234 1217 ἥτιςπρώτη
1288 1144 1431 1217 θύρα
1483 1146 1585 1215 τῆς
1634 1145 1886 1199 θεοποιοῦ

291 1234 557 1305 ἀγάπης’
607 1235 831 1306 ἀγάπης
880 1237 937 1290 δὲ
997 1238 1281 1309 παρούσης
1328 1238 1433 1291 ποῦ
1464 1238 1751 1303 πλεονεξία
1795 1241 1890 1294 καὶ

295 1327 522 1395 φθόνος;
543 1328 624 1381 Τὰ
646 1330 837 1383 ἐνόντα
856 1330 973 1393 οὖν,
996 1330 1267 1398 τουτέστι,
1288 1331 1357 1385 τά
1386 1331 1700 1402 ὑπάρχοντα
1726 1333 1855 1403 ὑμῖν
1873 1350 1888 1362 ·

295 1421 479 1484 καλῶς
508 1418 564 1475 δὲ
590 1417 713 1475 εἷπε
743 1422 813 1475 τά
846 1424 1058 1489 ἐνόντα,
1100 1425 1195 1478 καὶ
1229 1425 1329 1479 οὐκ
1361 1422 1540 1493 εἶπεν,
1570 1426 1723 1493 ὅντα,
1754 1427 1889 1481 διότι

287 1512 360 1566 τὰ
390 1512 650 1583 χρήματα
677 1511 874 1568 ἔνεισιν
906 1515 963 1566 ἑν
1000 1517 1066 1585 τῇ
1094 1515 1295 1586 καρδίᾳ
1324 1514 1419 1568 τοῦ
1443 1515 1886 1587 φιλοχρημάτου,

289 1603 389 1657 καὶ
410 1603 747 1676 ἐγκάθηνται
769 1587 931 1675 αὐτῇ,
961 1606 1043 1659 διὸ
1070 1605 1167 1661 καὶ
1201 1606 1548 1676 Δαυΐδφησι,
1615 1608 1689 1679 μὴ
1717 1625 1887 1679 προσ-

288 1693 539 1750 τίθεσθαι
599 1694 699 1769 τὴν
758 1698 989 1768 καρδίαν
1044 1696 1124 1767 τῷ
1179 1698 1419 1768 πλούτῳ,
1462 1698 1754 1777 τουτέστι,
1810 1699 1885 1770 μὴ

288 1789 599 1860 προσηλοῦν
632 1790 803 1863 αὐτὴν
838 1793 937 1844 καὶ
967 1790 1310 1861 συνδεσμείν.

1992 1052 2193 1117 bravit,
2232 1066 2342 1106 uno
2377 1039 2632 1107 remedio
2674 1052 3060 1134 eleemosynae
3086 1067 3383 1126 utrumque
3415 1066 3595 1125 sanat,

1994 1137 2116 1213 qua:
2147 1138 2321 1212 prima
2354 1152 2440 1197 est
2464 1133 2634 1213 janua
2669 1132 2997 1199 ‘deiiicantis
3028 1132 3340 1201 charitatis.
3366 1144 3422 1199 Si
3446 1147 3599 1200 enim

1993 1238 2208 1294 aﬂ‘uerit
2235 1238 2479 1305 dilectio,
2515 1240 2606 1295 ubi
2642 1240 2882 1294 manebit
2905 1240 3137 1295 avaritia
3171 1248 3227 1295 et
3256 1238 3498 1295 invidia?
3526 1238 3599 1293 Ea

1991 1330 2159 1402 igitur
2186 1344 2307 1398 quae
2337 1330 2541 1394 insunt,
2571 1330 2676 1384 hoc
2722 1339 2828 1398 est,
2862 1317 3162 1385 facultates.
3184 1340 3404 1393 vestrae.
3453 1328 3601 1383 Bene

1992 1421 2150 1487 dixit,
2179 1436 2242 1475 ea
2270 1436 2392 1490 qua:
2418 1421 2633 1489 insunt,
2657 1431 2712 1476 ct
2747 1408 2855 1479 non
2886 1424 3049 1488 dixit,
3095 1438 3158 1477 ea
3186 1437 3309 1493 qua:
3337 1430 3493 1485 sunt,
3534 1437 3601 1478 eo

1990 1513 2132 1582 quod
2163 1512 2366 1568 divitizo
2392 1514 2579 1569 insunt
2606 1515 2660 1569 iu
2687 1516 2852 1571 corde
2896 1517 3047 1570 avari
3096 1516 3395 1582 ct_sedent
3423 1515 3477 1568 in
3508 1516 3595 1571 eo.

1989 1608 2116 1663 ideo
2152 1616 2206 1663 et
2255 1607 2426 1662 David
2475 1607 2609 1663 dicit
2652 1622 2764 1663 non
2812 1609 3196 1678 appoucndum
3236 1622 3333 1663 cor
3366 1607 3595 1674 divitiis,

1990 1700 2095 1756 hoc
2125 1708 2232 1766 est,
2268 1715 2337 1755 ne
2361 1699 2731 1771 agglutinetur
2762 1714 2862 1756 nec
2889 1700 3200 1771 colligetur.

368 1899 388 1932 ι
430 1881 569 1935 Ἀλλ’
608 1884 733 1942 nbat
776 1884 906 1954 ὑμῖν
931 1886 1046 1947 τοῖς
1089 1883 1434 1954 Φαρισαίοις,
1482 1884 1567 1938 ὅτι
1599 1883 1877 1938 ἀποδεκα-

2061 1878 2228 1935 Vsus.
2265 1879 2460 1935 42-51.
2494 1898 2512 1931 ι
2554 1879 2661 1934 Sed
2697 1894 2779 1932 vae
2807 1878 2963 1934 vobis
2994 1877 3311 1946 Pharisaais,
3343 1878 3472 1950 quia
3502 1877 3596 1934 de-

288 1970 449 2026 τοῢτε
474 1972 536 2025 τὺ
566 1974 856 2045 ἡδύοσμον,
908 1975 1003 2028 καὶ
1034 1975 1096 2030 τὸ
1124 1977 1389 2047 πήγανον,
1436 1978 1532 2032 καὶ
1556 1977 1667 2032 πᾶν
1710 1975 1881 2044 λάχα-

296 2076 404 2127 νον,
429 2063 523 2117 καὶ
555 2064 896 2137 παρέρχεσθε
926 2065 1027 2137 τὴν
1053 2067 1260 2137 κρίσιν,
1285 2068 1381 2120 καὶ
1405 2068 1506 2138 τήν
1535 2066 1758 2136 ἀγάπην
1782 2065 1878 2120 τοῦ

285 2153 449 2208 Θεοῦο
482 2156 659 2211 ταῦτα
684 2158 790 2211 ἔδει
822 2157 1067 2225 ποιῆσαι,
1101 2159 1332 2212 κάκεῖνα
1368 2158 1444 2229 μὴ
1476 2159 1719 2228 ἀφιέναι.
1743 2158 1881 2211 Οὐαὶ

288 2244 424 2315 ύμῖν
452 2249 565 2311 τοῖς
601 2250 939 2319 Φαρισαίοις,
974 2249 1058 2303 δτι
1088 2250 1343 2320 ἀγαπᾶτε
1386 2251 1485 2320 τὴν
1528 2252 1881 2322 πρωτοκαθε-

290 2336 453 2408 δρίαν
487 2340 546 2392 ὲν
583 2344 703 2405 ταῖς
738 2343 1107 2426 συναγωγαῖς,
1149 2342 1245 2396 καὶ
1285 2343 1412 2405 τοὺς
1448 2344 1776 2414 ἀσπασμοὺς
1822 2346 1879 2398 ἐν

284 2432 407 2493 ταῖς
442 2432 691 2503 ἀγοραῖς.
723 2436 856 2489 Οὐαὶ
885 2436 1037 2505 ὑμῖν,
1088 2436 1445 2505 Γραμματεῖς
1476 2437 1570 2489 καὶ
1592 2438 1879 2509 Φαρισαῖοι

284 2520 603 2592 ὑποκριταὶ,
638 2525 719 2577 ὅτι
753 2527 873 2580 ἐστὲ
910 2526 985 2591 ὡς
1015 2526 1083 2579 τὰ
1110 2529 1351 2597 μνημεῖα
1383 2530 1453 2581 τὰ
1476 2528 1671 2599 ἄδηλα,
1710 2530 1805 2583 καὶ
1828 2531 1877 2582 οἱ

282 2611 567 2681 ἄνθρωποι
605 2616 1037 2685 περιπατοῦντες
1069 2616 1259 2671 ἐπάνω
1284 2618 1386 2672 οὐκ
1438 2620 1665 2673 οῖδασιν.
1716 2621 1877 2674 Ἀπο-

280 2700 500 2773 κριθεὶς
527 2702 584 2755 δέ
617 2720 698 2766 τις
727 2703 833 2757 τῶν
859 2706 1124 2775 νομικῶν,
1160 2707 1310 2776 λέγει
1337 2708 1486 2780 αὐτῷ
1506 2728 1521 2741 ·
1553 2710 1876 2780 Διδάσκαλε,

282 2790 457 2845 ταῦτα
517 2792 689 2862 λέγων
742 2797 838 2850 καὶ
894 2798 1041 2867 ἡμᾶς
1076 2798 1337 2869 ὑϐρίξεις.
1383 2800 1441 2854 'U
1473 2802 1530 2855 δὲ
1556 2798 1715 2857 εἷπε·
1763 2805 1877 2858 Καὶ

283 2882 418 2953 ὑμῖν
455 2886 567 2948 τοῖς
601 2889 843 2956 νομικοῖς
876 2890 1020 2967 οὐαὶ,
1062 2891 1145 2943 ὅτι
1176 2893 1463 2962 φορτίζετε
1489 2897 1619 2959 τοὺς
1666 2897 1879 2967 ἀνθρώ-

284 2990 424 3038 πους
468 2978 663 3047 φορτία
693 2977 1096 3045 δυσϐάστακτα,
1134 2984 1226 3034 καὶ
1250 2984 1407 3035 αὐτοὶ
1434 2985 1513 3037 ἐν).
1542 2986 1649 3037 τῶν
1672 2986 1874 3041 δακτύ-

283 3064 395 3127 λων
427 3067 581 3136 ὑμῶν
622 3069 684 3122 οὐ
716 3071 1060 3145 προσψαύετε
1099 3076 1210 3137 τοῖς
1242 3076 1506 3145 φορτίοις.
1553 3078 1691 3132 Οὐαὶ
1724 3081 1873 3150 ὑμῖν,

283 3158 371 3212 δτι
399 3161 755 3232 ποίκοδομεῖτε
789 3166 857 3219 τὰ
903 3169 1144 3236 μνημεῖα
1195 3168 1305 3221 τῶν
1358 3171 1679 3242 προφητῶν,
1725 3174 1776 3225 οί
1820 3174 1875 3227 δὲ

285 3252 526 3323 πατέρες
550 3255 705 3325 ὑμῶν
750 3232 1076 3313 ἀπέκτειναν
1107 3261 1328 3331 αὐτούςτ
1373 3232 1492 3335 ἄρα.
1519 3232 1873 3335 μαρτυρεῖτε,
1904 3232 1946 3291 C

280 3344 378 3398 καὶ
406 3348 774 3402 συνευδοκεῖτε
802 3352 915 3414 τοῖς
942 3351 1124 3422 ἔργοις
1149 3354 1260 3409 τῶν
1284 3357 1539 3427 πατέρων
1574 3358 1603 3410 ύ
1613 3359 1752 3427 μῶν,
1788 3361 1871 3414 ὅτι

281 3435 442 3489 αὐτοὶ
478 3438 579 3508 μὲν
610 3440 943 3495 ἀπέκτειναν
991 3444 1213 3510 αὐτοὺς,
1260 3447 1419 3516 ὑμεῖς
1452 3448 1510 3501 δὲ
1540 3450 1872 3521 οἰκοδομεῖτε

278 3528 463 3582 αὐτῶν
492 3530 557 3583 τά
599 3536 861 3602 μνημεῖα.
895 3535 993 3587 Διὰ
1023 3535 1185 3589 τοῦτο
1211 3539 1358 3608 καὶὴ
1394 3541 1558 3608 σοφία
1601 3540 1694 3594 τοῦ
1736 3543 1871 3596 Θεοῦ

281 3613 463 3671 εἷπεν
507 3620 819 3677 Ἀποστελῶ
854 3628 932 3689 είς
958 3626 1155 3691 αὐτοὺς
1184 3631 1468 3700 προφήτας
1510 3631 1603 3684 καὶ
1634 3634 1873 3688 ἀποστό-

279 3712 427 3780 λους,
463 3713 559 3767 καὶ
602 3716 661 3781 ἐξ
693 3716 874 3771 αὐτῶν
911 3718 1276 3773 ἀποκτενοῦσι
1313 3722 1407 3775 καὶ
1436 3722 1743 3790 διώξουσιν,
1783 3726 1871 3780 ἵνα

277 3802 557 3875 ἐκζητηθῇ
587 3804 648 3857 τὸ
681 3800 821 3877 αἷμα
856 3810 1075 3863 πάντων
1098 3810 1206 3863 τῶν
1238 3814 1560 3883 προφητῶν,
1606 3816 1666 3869 τὸ
1709 3820 1873 3887 ἐκχυ-

274 3896 506 3965 νόμενον
534 3895 644 3950 ἀπὸ
675 3900 983 3969 καταϐολῆς
1013 3901 1221 3972 κόσμου
1253 3904 1361 3956 ἀπὸ
1384 3904 1486 3974 τῆς
1513 3909 1710 3974 γενεᾶς
1740 3909 1871 3961 ταύο

277 4002 397 4053 της,
427 3986 535 4039 ἀπὸ
558 3988 654 4041 τοῦ
688 3988 921 4059 αἵματος
949 3990 1115 4045 Ἀὀελ
1144 3993 1249 4056 ἕως
1286 3994 1380 4047 τοῦ
1428 3997 1664 4067 αἵματος
1691 4002 1874 4071 Ζαχα-

278 4077 421 4147 ρίου,
451 4077 546 4131 τοῦ
596 4081 939 4151 ἀπολομένου
990 4085 1193 4153 μεταξὺ
1231 4088 1326 4139 τοῦ
1358 4087 1747 4162 θυσιαστηρίου
1779 4097 1871 4149 καὶ

274 4168 374 4222 τοῦ
411 4168 586 4226 οἴκου.
618 4172 728 4226 Ναὶ
768 4174 913 4244 λέγω
960 4176 1111 4246 ὑμῖν,
1148 4179 1587 4254 ἐκζητηθήσεται
1634 4188 1743 4240 ἀπὸ
1773 4190 1870 4259 τῆς

275 4264 471 4332 γενεᾶς
501 4264 727 4337 ταύτης.
768 4286 786 4318 ι
830 4268 891 4321 Οί
917 4269 1201 4340 Φαρισαῖοι
1231 4273 1317 4326 ἵνα
1345 4274 1420 4344 μὴ
1450 4277 1741 4346 παραϐῶσι
1772 4280 1865 4350 Gii-

274 4354 370 4409 θεν
406 4357 499 4411 τὸν
526 4358 714 4429 νόμον,
758 4360 1131 4415 ἀπεδεκάτουν
1176 4366 1269 4418 καὶ
1305 4366 1373 4419 τὰ
1420 4368 1700 4439 ἐλάχιστα,
1734 4373 1781 4423 εί
1811 4368 1895 4425 δέ

269 4462 361 4510 τις
404 4448 589 4513 αὐτοῖς
636 4450 928 4523 ἐμέμψατο
978 4454 1143 4524 τυχὸν
1197 4454 1275 4518 ὡς
1323 4461 1865 4529 μικρολογουμένοις,

1985 1970 2201 2028 cimatis
2238 1982 2479 2026 mentam
2517 1980 2573 2028 ct
2602 1982 2805 2035 rutam,
2837 1980 2894 2026 et
2926 1970 3159 2040 quodvis
3197 1954 3341 2030 olus:
3372 1979 3428 2026 et
3455 1986 3598 2042 pra:-

1985 2062 2162 2118 teritis
2180 2059 2446 2130 judicium
2488 2071 2544 2118 et
2562 2062 2884 2117 charitatem
2915 2061 3046 2116 Dei:
3073 2062 3181 2116 imo
3204 2062 3320 2117 haec
3352 2064 3596 2133 oportuit

1986 2152 2189 2222 facere,
2243 2163 2297 2209 et
2330 2153 2421 2208 illa
2472 2168 2578 2209 non
2618 2155 2896 2211 omittere.
2948 2153 3043 2209 Vae
3082 2154 3236 2210 vobis
3271 2154 3591 2223 Pbarisaais,

1984 2248 2110 2317 quia
2144 2246 2372 2318 diligitis
2399 2247 2605 2317 primas
2643 2247 2936 2302 cathedras
2970 2246 3025 2301 in
3063 2248 3380 2319 synagogis,
3407 2259 3463 2304 et
3497 2263 3591 2306 sa-

1992 2338 2290 2395 lutationes
2326 2339 2378 2392 in
2425 2338 2568 2395 foro.
2601 2338 2695 2394 Va:
2745 2338 2918 2401 vobis,
2967 2338 3177 2413 scriba:
3223 2351 3281 2395 et
3326 2339 3590 2397 Pharisaei

1983 2430 2304 2502 inminet-ita,
2341 2431 2468 2502 quia
2496 2431 2629 2487 estis
2652 2440 2710 2484 ut
2744 2440 3096 2485 monumenta
3130 2446 3250 2500 quae
3281 2446 3387 2486 non
3419 2447 3587 2503 appu-

1985 2536 2138 2593 rent,
2186 2536 2239 2581 ct
2286 2527 2535 2582 homines
2566 2526 2908 2582 ambulantes
2981 2540 3148 2595 super
3178 2525 3450 2581 nesciunt.
3482 2522 3591 2582 Re-

1989 2620 2261 2685 spondens
2313 2629 2491 2674 autem
2541 2618 2763 2687 quidam
2822 2633 2887 2673 ex
2924 2617 3285 2689 icgispcritis,
3318 2620 3393 2672 ait
3446 2618 3522 2673 illi
3571 2636 3587 2675 :

1984 2709 2264 2780 Magister,
2312 2710 2425 2765 haec
2458 2711 2647 2765 dicens
2690 2712 2853 2765 etiam
2892 2725 2995 2765 nos
3025 2710 3197 2767 aiIicis
3227 2710 3585 2765 contumelia.

1983 2801 2051 2855 At
2087 2801 2174 2855 liie
2209 2802 2283 2856 ait
2313 2820 2325 2856 :
2364 2800 2431 2856 Et
2476 2804 2630 2857 vobis
2676 2802 3009 2871 legiSperitis
3044 2818 3145 2867 vae,
3182 2802 3309 2871 quia
3343 2805 3591 2859 oucrat’s

1988 2896 2233 2951 homines
2266 2897 2526 2975 oneribus
2561 2912 2681 2966 qua)
2717 2906 2938 2966 portare
2975 2913 3082 2952 non
3114 2906 3366 2967 possunt,
3399 2907 3454 2951 ct
3484 2896 3587 2966 ipsi

1988 3000 2095 3040 uno
2125 2988 2292 3057 digito
2323 2999 2507 3045 vestro
2536 3005 2641 3044 non
2675 2990 2945 3062 attingitis
2974 2992 3244 3047 sarcinas.
3276 2989 3371 3047 Vae
3410 2991 3585 3055 vobis.

1985 3080 2110 3150 quia
2165 3079 2447 3137 mdiﬁcatis
2495 3092 2849 3137 monumenta
2916 3084 3306 3153 pr0phetarum
3347 3103 3361 3139 :
3404 3094 3588 3154 patrs

1984 3184 2164 3229 autem
2217 3174 2379 3229 vestri
2437 3176 2757 3231 occiderunt
2809 3175 2953 3231 iiios.
3018 3175 3273 3231 Proiecto
3309 3178 3586 3233 testamiui

1980 3267 2125 3334 quod
2150 3268 2516 3336 comprobatis
2551 3266 2695 3323 facta
2728 3279 2944 3338 patrum
2974 3272 3582 3341 vestrorum,quoiam

1977 3359 2054 3422 illi
2091 3359 2309 3428 quidem
2356 3374 2451 3414 eos
2498 3361 2857 3427 occiderunt;
2914 3377 3010 3417 vos
3065 3372 3245 3418 autem
3300 3358 3585 3420 mdiilcatis

1978 3466 2165 3505 eorum
2208 3452 2479 3519 sepulcra.
2519 3452 2815 3521 Propterea
2858 3462 2914 3509 et
2952 3457 3219 3525 sapientia
3267 3457 3359 3511 Dei
3394 3458 3533 3513 dixit
3565 3478 3579 3513 :

1978 3542 2187 3596 Mittam
2222 3544 2289 3597 ad
2339 3543 2457 3599 illos
2503 3548 2797 3614 prophetas
2828 3554 2885 3600 et
2917 3549 3216 3616 apostolos,
3245 3558 3301 3603 et
3364 3565 3430 3603 ex
3476 3550 3584 3606 illis

1975 3632 2223 3687 occident
2249 3643 2303 3686 et
2325 3644 2742 3703 persequentur,
2774 3644 2833 3689 ut
2865 3636 3181 3706 requiratur
3206 3638 3430 3707 sanguis
3460 3654 3578 3693 om-

1978 3724 2123 3777 nium
2166 3724 2548 3793 prophetarum
2608 3728 2698 3794 qui
2758 3727 3057 3782 eﬂ'unditur
3104 3744 3134 3782 a
3188 3731 3578 3786 constitutiOne

1976 3817 2161 3870 mundi
2206 3832 2235 3869 a
2277 3818 2500 3872 natione
2560 3818 2689 3883 ista,
2733 3834 2764 3875 a
2812 3821 3083 3890 sanguine
3122 3821 3256 3876 Abel
3306 3837 3480 3893 usque
3513 3826 3580 3876 ait

1974 3909 2290 3977 sanguinem
2352 3908 2666 3976 Zachariae,
2734 3912 2826 3980 qui
2886 3914 3051 3982 periit
3109 3913 3253 3969 inter
3303 3914 3476 3968 altare
3526 3924 3579 3968 et

1973 4003 2181 4069 aedem;
2218 4002 2465 4070 proiecto
2500 4004 2621 4057 dico
2657 4003 2831 4069 vobis,
2887 4002 3198 4073 requirctur
3234 4005 3301 4059 ab
3350 4005 3452 4059 hac
3482 4020 3579 4059 nu~

1975 4097 2143 4149 tione.
2183 4111 2203 4145 ι
2236 4092 2520 4162 Phariszri,
2554 4110 2621 4149 ne
2644 4096 3159 4166 transgrederentur
3184 4096 3356 4167 legem
3386 4098 3581 4153 videli-

1973 4194 2078 4251 cet,
2127 4187 2371 4241 decimas
2409 4186 2575 4241 etiam
2611 4202 2678 4243 ex
2711 4188 2953 4243 minimis
2993 4190 3198 4243 dabant
3232 4208 3245 4243 :
3294 4200 3348 4244 et
3378 4191 3422 4244 si
3456 4193 3580 4261 quis

1976 4278 2093 4331 illos
2125 4279 2554 4348 reprehendebat
2602 4290 2708 4333 tatu
2761 4296 3052 4348 parvarum
3082 4296 3267 4337 rerum
3308 4283 3576 4336 rationem

1975 4370 2258 4433 habentes,
2306 4369 2479 4441 legem
2511 4369 2887 4439 proferebant,
2932 4388 3053 4441 qua:
3082 4373 3151 4427 de
3196 4374 3455 4427 omnibus
3484 4374 3579 4427 de-

1972 4462 2144 4517 cimas
2172 4461 2357 4516 offerri
2387 4463 2770 4518 sacerdotibus
2824 4464 3199 4533 prtecipiebat.
3243 4463 3434 4533 Itaque
3468 4464 3580 4520 Do-

268 4537 364 4593 τδν
397 4541 562 4610 νόμον
587 4540 919 4612 προύφερον,
955 4543 1014 4608 ὃς
1039 4546 1149 4599 ἀπὸ
1184 4548 1405 4601 πάντων
1438 4550 1669 4627 δεκάτας
1695 4571 1867 4625 προσ-

1982 4554 2155 4607 minus
2185 4553 2319 4607 dicit
2352 4572 2366 4608 :
2416 4554 2569 4608 Sicut
2608 4552 2696 4606 illa
2748 4569 2857 4609 non
2902 4554 3199 4622 negligitis,
3254 4554 3326 4608 ita
3364 4566 3581 4624 oportet

272 4630 541 4703 φέρεσθαι
596 4635 713 4697 τοῖς
747 4636 986 4707 ἱερεῦσιν
1043 4638 1315 4693 ἐκέλευεν.
1379 4642 1438 4693 '0
1478 4644 1609 4711 γοῦν
1665 4646 1872 4716 Κύριός

270 4743 464 4798 φησιν,
529 4728 613 4783 δτι
650 4728 865 4801 Ὠσπερ
895 4729 1103 4785 τούτων
1144 4732 1245 4786 οὐκ
1270 4732 1544 4802 ἀμελεῑτε,
1588 4736 1697 4790 ἔδει
1728 4741 1874 4807 ὑμᾶς

269 4820 372 4872 καὶ
394 4820 494 4891 τὴν
526 4821 714 4891 κρίσιν
750 4823 846 4875 καὶ
868 4822 969 4894 τὴν
1000 4822 1226 4894 ἀγάπην
1256 4824 1349 4877 τοῦ
1390 4825 1528 4881 Θεοῦ
1562 4834 1866 4899 περιποιεῖ-

272 4906 424 4964 σθαι.
484 4909 705 4982 Ἐπειδὴ
753 4910 862 4981 γὰρ
922 4914 1097 4981 ἄδικοι
1175 4908 1341 4983 ἦσαν,
1403 4915 1499 4967 καὶ
1538 4918 1717 4989 χήραν
1771 4922 1865 4973 καὶ

270 4994 510 5066 ὀρφανὸν
536 4998 919 5068 ἀπεκτίννυον,
965 5004 1155 5073 φησιν,
1191 5006 1277 5056 ὅτι
1303 5008 1394 5057 Δεῖ
1422 5006 1566 5075 ὑμᾶς
1596 5008 1740 5078 ἔχειν
1765 5011 1865 5083 τὴν

269 5088 474 5157 κρίσιν,
505 5088 675 5159 ῆγουν
702 5089 801 5162 τὴν
831 5090 1252 5164 δικαιοκρισίαν.
1296 5095 1450 5149 Ἐπεὶ
1478 5097 1536 5151 δὲ
1563 5100 1661 5152 καὶ
1690 5118 1863 5155 κατα-

271 5182 544 5249 φρονηταὶ
600 5177 742 5250 ἦσαν
787 5181 882 5235 τοῦ
937 5182 1095 5250 Θεοῦ,
1154 5184 1466 5257 ἀδιαφόρως
1527 5190 1641 5253 τοῖς
1697 5192 1863 5263 ἱεροῖς

271 5268 457 5341 ἔργοις
490 5272 918 5343 ἐπιχειροῦντες,
946 5275 1037 5328 διὰ
1074 5276 1234 5330 τοῦτο
1266 5278 1449 5343 αὐτοῖς
1475 5282 1573 5351 τὴν
1596 5282 1689 5335 τοῦ
1724 5284 1861 5339 Θεοῦ

272 5360 495 5430 ἀγάπην
521 5361 667 5430 ἔχειν
693 5362 1021 5419 ἐντέλλεται.
1063 5366 1124 5419 'U
1168 5367 1278 5435 γὰρ
1309 5367 1546 5437 ἀγαπῶν
1590 5372 1681 5425 τὸν
1708 5372 1862 5438 Θεὸν,

272 5451 337 5505 οὐ
377 5457 865 5526 καταφρονητικῶς
916 5458 1131 5527 μέτεισι
1182 5458 1252 5511 τὰ
1286 5458 1426 5531 ἔργα
1474 5462 1660 5518 αὑτοῦ.
1711 5466 1865 5536 Τάχα

272 5542 332 5598 δέ
354 5561 449 5615 μοι
465 5546 631 5614 δοκεῖ,
653 5549 843 5620 ἐπειδὴ
869 5549 963 5602 δύο
993 5549 1109 5621 εἴδη
1138 5551 1239 5621 τῆς
1263 5552 1512 5624 ἀγάπης,
1541 5558 1602 5610 τό
1634 5575 1693 5611 τε
1727 5562 1863 5630 πρὸς

1974 4659 2075 4699 vos
2120 4655 2174 4698 et
2219 4644 2483 4715 judicium
2518 4645 2684 4716 362
2724 4655 2780 4700 et
2840 4645 3186 4701 dilectionem
3238 4645 3332 4700 Dei
3372 4646 3576 4711 facere,

1974 4737 2242 4804 Quoniam
2280 4736 2465 4805 injusti
2499 4748 2677 4803 erant,
2724 4738 3029 4808 viduasque
3056 4748 3113 4793 et
3140 4738 3417 4808 orphauos
3447 4755 3577 4810 pes.

1975 4829 2322 4895 sumdabant,
2346 4827 2479 4883 dicit
2504 4829 2649 4898 quod
2668 4840 2918 4899 oporteat
2946 4845 3040 4885 eos
3060 4831 3261 4886 habere
3276 4830 3543 4900 judicium
3559 4877 3572 4901 ,

1976 4920 2081 4975 hoc
2106 4930 2211 4985 est,
2230 4919 2438 4988 justum
2463 4920 2755 4990 judicium.
2794 4920 2860 4975 Et
2884 4923 3009 4992 quia
3039 4933 3453 4995 contemptores
3480 4927 3577 4981 Dei

1976 5024 2153 5076 erant,
2191 5022 2397 5069 temere
2435 5028 2592 5070 sacra
2620 5029 2787 5085 opera
2839 5024 3166 5084 tractantes,
3202 5019 3406 5074 idcirco
3435 5035 3577 5089 prtu-

1978 5104 2117 5183 cipit_
2142 5104 2221 5159 eis
2254 5115 2313 5159 ut
2343 5106 2669 5162 charitatem
2709 5108 2800 5163 Dei
2828 5108 3084 5165 habeant.
3116 5109 3252 5165 Nam
3276 5113 3368 5181 qui
3402 5112 3579 5183 diligit

1978 5175 2172 5261 Deuin,
2208 5211 2315 5252 non
2362 5200 2716 5269 contemptim
2763 5198 2895 5255 facit
2933 5216 3097 5272 opera
3130 5204 3266 5273 ejus.
3304 5202 3578 5262 Fortassis

1979 5298 2180 5353 autem,
2213 5299 2272 5344 ut
2302 5290 2433 5344 mihi
2458 5290 2697 5355 videtur,
2724 5292 2985 5363 quoniam
3018 5296 3135 5349 dua:
3167 5304 3294 5349 sunt
3328 5294 3578 5350 ἁίἰευιὶυ-

1974 5381 2058 5435 nis
2087 5382 2319 5449 species,
2343 5392 2451 5437 una
2487 5398 2613 5454 erga
2650 5384 2842 5451 Deum,
2875 5387 3045 5443 altera
3080 5403 3207 5459 erga
3240 5389 3574 5458 proximum,

1975 5473 2109 5529 duas
2144 5472 2263 5527 illas
2296 5474 2558 5530 insinuat.
2594 5475 2837 5533 Dicendo
2862 5481 3010 5534 enim
3035 5479 3328 5549 judicium,
3368 5480 3579 5537 indicat

1976 5564 2323 5620 dilectionem
2362 5583 2493 5637 erga
2550 5570 2879 5637 proximum.
2933 5571 3094 5628 Juste
3146 5574 3290 5629 enim
3332 5575 3577 5643 judicare

1237 5672 1336 5732 Ex
1376 5671 1724 5737 collatione
1758 5679 1948 5742 codd.
2002 5682 2236 5744 Venet.
2274 5684 2336 5745 S.
2383 5686 2605 5749 Marci.

332 5766 449 5848 (ᾖ).
478 5764 640 5848 ϐοά..
664 5765 758 5848 96,
804 5767 899 5848 τοῦ
953 5769 1280 5848 ὲλεουμένου
1334 5774 1477 5848 (πῶς
1519 5778 1625 5848 γὰρ
1651 5780 1679 5830 ὁ
1708 5779 1875 5835 ἐλεῶν

272 5834 490 5909 ἀληθῶς
510 5839 555 5907 ς)
588 5838 649 5891 ού
687 5838 969 5910 φθονήσει,
998 5859 1057 5899 κ.
1079 5834 1134 5897 τζ
1171 5843 1219 5898 λ.
1263 5834 1494 5903 -ὈοιῙ.
1528 5834 1619 5916 52,
1666 5850 1721 5903 Ὁ
1751 5852 1863 5923 γὰρ

1987 5783 2441 5869 ἐλεῶνιάληθῶ-ς,
2472 5790 2571 5869 nox
2602 5788 2842 5869 ἁρπάσει
2864 5790 3055 5869 τά-τοῦ
3079 5791 3424 5869 ελεουμένου.
3456 5798 3576 5860 Ῐῒῶς

1973 5854 2084 5927 γὰρ
2110 5857 2138 5910 ό
2163 5854 2334 5911 ἐλεῶν
2358 5854 2581 5929 ἀληθῶς
2610 5854 2870 5930 φθονήσει
2894 5861 2971 5932 τῷ
2996 5854 3340 5937 ελεουμένῳ;
3372 5884 3427 5922 κ.
3448 5886 3495 5921 τ.
3527 5854 3573 5921 λζ
