4110 6332
593 337 692 411 871

1506 340 2087 409 THEOPHYLACI‘I
2128 346 2540 410 BULGARI/E
2602 345 2961 414 ARCHIEP.

3744 342 3851 407 872

590 460 920 529 proximum,
968 464 1022 514 et
1068 472 1172 514 non
1207 454 1523 512 conculcare
1570 471 1715 524 eum,
1753 470 1817 512 ex
1870 456 2154 514 dilectione

2272 461 2363 514 τὸν
2404 460 2562 525 Θεὸν,
2613 461 2709 515 καὶ
2755 461 2816 514 τὸ
2861 461 2997 531 πρὸς
3030 456 3121 513 τὸν
3172 456 3418 528 πλησίον,
3458 456 3523 509 τά
3555 453 3651 509 δύο
3675 453 3853 509 ταῦτα

593 552 668 604 tit.
700 549 936 604 Dicenda
961 561 1085 601 vero
1122 543 1463 602 dilectionem
1498 547 1610 609 Dei,
1646 546 1865 599 omnino
1892 545 2155 617 signiﬁcat

589 643 890 713 generalem
939 638 1275 694 aﬂ‘ectionem
1304 654 1430 707 erga
1465 640 1651 693 Deum.
1688 638 1755 690 Et
1789 640 2004 707 quando
2037 640 2157 707 quis

588 734 754 800 diligit
789 731 1111 801 proximum,
1151 747 1254 785 non
1285 739 1527 799 :pmpter
1579 729 1843 783 sceculare
1876 731 2153 797 quiddam,

587 825 668 877 vel
706 834 911 893 turpem
933 823 1288 887 affectionem,
1316 821 1412 877 sed
1435 822 1588 892 juxta
1623 819 1811 885 Deum,
1842 837 1901 875 ea
1938 824 2154 892 quidem

586 914 681 971 Dei
713 916 927 971 dilectio
954 916 1058 969 diei
1098 925 1291 985 potest,
1324 931 1485 984 quam
1523 916 1730 972 scilicet
1763 918 1981 972 mandat
2016 914 2157 969 Deus

586 1024 649 1062 ac
686 1008 892 1077 probat.
951 1005 1210 1063 Volebam.
1253 1017 1430 1063 autem
1487 1008 1740 1065 Pharismi
1792 1011 1859 1064 ab
1906 1007 2156 1062 omnibus

589 1099 894 1153 hominibus
926 1098 1179 1155 honorari
1217 1109 1270 1154 et
1307 1099 1529 1155 salutari
1570 1112 1626 1154 ut
1655 1102 1905 1155 doctores
1937 1100 1987 1152 in
2016 1098 2153 1151 foro.

587 1189 700 1244 Hoc
729 1193 869 1245 enim
902 1191 1011 1245 vult
1044 1191 1295 1247 salutatio
1323 1200 1375 1246 et
1407 1191 1715 1261 appellatio.
1744 1192 1961 1246 Similes
1990 1191 2156 1260 igitur

584 1285 735 1349 estis,
778 1284 965 1353 inquit,
1012 1274 1396 1346 monumentis,
1433 1298 1554 1351 quae
1604 1284 1761 1353 plena
1786 1283 1999 1351 quidem
2031 1291 2155 1336 sunt

585 1377 729 1429 onmi
756 1374 1054 1444 putredine.
1080 1375 1419 1430 extrinsecus
1451 1383 1631 1430 autem
1663 1366 1929 1429 marmore
1950 1374 2155 1443 fulgere

578 1467 766 1520 vident
815 1466 1081 1531 homines,
1133 1466 1437 1521 nescientes
1485 1467 1613 1535 quid
1651 1467 1879 1529 calcent,
1916 1464 2152 1533 alioquiit

584 1556 1027 1611 abominarentur
1048 1556 1502 1611 abominationem
1528 1572 1649 1627 qua:
1678 1557 1817 1609 intra
1838 1566 1941 1609 est.
1964 1554 2152 1625 Legis-

585 1646 787 1713 peritns
815 1660 942 1699 vero
981 1646 1147 1700 stulte
1194 1647 1431 1714 seipsnm
1463 1644 1873 1714 reprehensioni
1909 1644 2148 1709 subiicit.

586 1735 729 1790 Sane
778 1736 867 1789 alii
916 1746 1072 1789 erant
1110 1737 1421 1806 legisperiti,
1476 1745 1529 1789 et
1579 1735 1666 1789 alii
1700 1732 1979 1789 Pharisaei.
2017 1734 2149 1787 Nam

2259 549 2611 619 αἰνίττεσθαι,
2650 550 2742 605 διὰ
2772 550 2871 621 μὲν
2904 550 2998 603 τοῦ
3044 550 3218 603 εἰπεῖν
3263 549 3363 619 τὴν
3403 547 3610 618 κρίσιν,
3642 547 3848 613 ὑποδη-

2258 642 2362 694 ).th
2391 642 2489 714 τὴν
2539 644 2619 704 είς
2670 643 2761 694 τὸν
2812 641 3042 710 πλησίον
3092 640 3334 708 ἀγάπην·
3384 639 3445 692 τὸ
3479 640 3590 709 γὰρ
3619 634 3851 696 δικαίως

2258 734 2464 805 κρίνειν
2494 734 2583 786 τὸν
2616 732 2867 804 πλησίον,
2896 732 2987 785 καὶ
3018 732 3092 803 μὴ
3121 730 3620 785 καταδυναστεύειν
3648 726 3843 788 αὐτοῦ,

2258 825 2320 877 ἐκ
2351 825 2442 878 τοῦ
2476 826 2695 896 ἀγαπᾷν
2726 824 2891 877 αὐτὸν
2932 824 3162 892 γίνεται,
3198 822 3295 875 Διά
3324 823 3379 876 δὲ
3417 821 3510 874 τοῦ
3538 825 3718 875 εἰπεῖν
3749 820 3851 888 τὴν

2258 920 2481 990 ἀγάπην
2504 918 2596 971 τοῦ
2621 916 2894 987 Θεοῦ,τὴν
2921 916 3056 987 πρὸς
3083 915 3176 968 τὸν
3206 914 3344 968 Θεὸν
3380 916 3591 976 πάντως
3625 902 3850 981 μηνύων

2256 1010 2443 1080 όλικὴν
2468 1009 2730 1063 διάθεσιν.
2766 1008 2875 1061 Καὶ
2898 1010 3025 1061 ὅταν
3056 1008 3112 1061 δέ
3150 1024 3233 1071 τις
3265 1007 3459 1076 ἀγαπᾷ
3487 1006 3579 1058 τὸν
3610 1005 3847 1073 πλησίον

2256 1102 2319 1155 ού
2346 1102 2432 1156 διά
2482 1119 2533 1156 τι
2586 1101 2938 1171 κοσμικὸν,ῆ
2992 1099 3219 1170 αἰσχρὸν
3272 1098 3465 1160 πάθος,
3513 1097 3653 1149 ἀλλά
3703 1097 3850 1149 κατὰ

2256 1194 2409 1255 Θεὸν,
2455 1194 2672 1265 λεχθείη
2710 1194 2774 1248 ἂν
2815 1194 2910 1249 καὶ
2938 1191 3077 1263 αὕτη
3109 1192 3298 1261 ἀγάπη
3330 1191 3422 1243 τοῦ
3466 1188 3623 1253 Θεοῦ,
3677 1189 3850 1259 ἤγουν

2256 1286 2322 1357 ἦν
2348 1286 2653 1339 ἐντέλλεται
2674 1288 2701 1339 ὁ
2724 1285 2877 1351 Θεὸς,
2894 1284 2961 1355 ἣν
2988 1282 3337 1352 ἀποδέχεται.
3362 1279 3592 1333 ’ἬθελονΔ
3614 1279 3669 1331 δὲ
3694 1277 3851 1348 παρά

2259 1380 2461 1442 παντὸς
2498 1377 2788 1448 ἀνθρώπου
2867 1376 3133 1445 τιμᾶσθαι
3185 1374 3278 1427 καὶ
3335 1370 3846 1444 προσαγορεύεσθαι

2256 1470 2332 1533 ὡς
2375 1469 2683 1524 διδάσκαλοι
2724 1472 2783 1522 ἐν
2811 1472 2929 1532 ταῖς
2976 1469 3223 1539 ἀγοραῖςο
3259 1466 3417 1520 τοῦτο
3444 1464 3553 1533 γὰρ
3582 1468 3609 1517 ὁ
3661 1466 3847 1516 ἀσπα-

2258 1548 2412 1632 σμὸς,
2445 1564 2479 1633 ἡ
2520 1562 2885 1633 προσηγορία.
2957 1560 3204 1615 Ἐοίκατε
3249 1559 3403 1629 γοῦν,
3434 1558 3590 1628 φησὶ,
3628 1558 3848 1627 μνήμα-

2258 1670 2363 1716 σιν,
2394 1654 2429 1708 ὃ.
2458 1654 2690 1725 γέμουσι
2726 1654 2824 1724 μὲν
2856 1654 3039 1723 πάσης
3072 1653 3332 1723 σαπρίας,
3369 1651 3569 1718 ἔξωθεν
3608 1650 3666 1703 δὲ
3706 1649 3849 1719 λάμο

2258 1764 2450 1799 πουσιν
2487 1746 2803 1816 μαρμάροις
2826 1762 2839 1775 ⁸
2875 1746 2911 1801 ἀ
2938 1745 3174 1816 δρῶντες
3200 1745 3251 1796 οἱ
3297 1742 3599 1815 ἄνθρωποι,
3630 1744 3732 1795 οὐκ
3771 1743 3849 1796 οἷο

587 1827 842 1881 Pharisaei
872 1828 1186 1881 videbantur
1227 1836 1285 1879 ut
1327 1827 1602 1893 monachi,
1631 1838 1683 1881 et
1713 1830 1800 1897 qui
1839 1828 1907 1881 ab
1934 1825 2053 1881 aliis
2100 1839 2154 1881 se

2258 1838 2379 1891 δασι
2407 1813 2509 1891 πού
2553 1813 2984 1909 περιπατοῦσιν,
3007 1838 3041 1908 ἢ
3073 1838 3182 1910 γὰρ
3234 1837 3300 1892 ἂν
3327 1813 3721 1908 ἐμυσάχθησαν
3748 1835 3846 1914 τὴν

584 1918 957 1989 segregabam.
982 1916 1299 1986 Legisperiti
1324 1931 1454 1971 vero
1481 1916 1685 1970 Scriba:
1712 1922 1866 1970 erant
1889 1926 1942 1970 et
1973 1917 2158 1970 docto-

586 2023 691 2072 res,
728 2009 817 2076 qui
854 2006 1128 2061 solvebant
1154 2006 1477 2076 quaestiones
1516 2006 1670 2074 legis.
1704 2003 2014 2061 Onerabaut
2050 2006 2155 2060 ita-

584 2111 691 2167 que
718 2096 961 2151 homines
998 2094 1257 2165 gravibus
1274 2104 1327 2149 et
1356 2092 1805 2160 intolerabilibus,
1839 2100 2156 2150 mandantes

589 2203 649 2241 ea
681 2202 800 2255 qua:
844 2188 898 2241 in
965 2186 1082 2255 lege
1110 2187 1398 2241 observalu
1437 2183 1693 2252 difﬁcilia,
1732 2197 1786 2241 et
1840 2188 1938 2255 ipsi
1982 2201 2156 2256 neque

585 2280 750 2349 digito
782 2279 1116 2347 attingebant
1151 2292 1354 2333 onera:
1394 2279 1493 2333 hoc
1534 2288 1638 2340 est,
1674 2279 1773 2345 ipsi
1807 2279 1937 2332 nihil
1968 2293 2031 2333 ex
2068 2278 2156 2333 his

584 2385 703 2438 quae
734 2370 855 2423 aliis
898 2368 1257 2436 imperabant,
1301 2367 1595 2422 iaciebant.
1644 2368 1778 2423 Nam
1812 2370 2027 2438 quando
2055 2371 2152 2424 do-

582 2476 714 2517 cens
750 2460 875 2515 facit
913 2474 1029 2528 quae
1080 2454 1258 2524 docet,
1307 2456 1525 2515 alleviat
1574 2476 1763 2525 onera,
1799 2461 2156 2531 exemploque

582 2570 679 2610 suo
707 2553 1130 2609 consolatiOuem
1165 2550 1322 2607 aﬂ‘ert
1371 2552 1668 2623 discipulis.
1700 2551 1925 2620 Quando
1975 2565 2154 2634 autem

583 2646 713 2703 nihil
742 2645 1105 2701 ltorum’fac'ti.
1131 2662 1252 2716 quae
1282 2646 1457 2711 docet,
1514 2657 1639 2703 tunc
1669 2662 1789 2716 quae
1832 2649 1988 2702 docet
2030 2662 2157 2720 gra-

583 2742 732 2793 viora
774 2752 937 2791 onera
969 2737 1219 2791 videntur
1251 2738 1550 2805 discipulis,
1598 2747 1851 2806 tanquam
1881 2753 2001 2808 quae
2030 2754 2095 2793 ne
2127 2754 2156 2793 a

584 2828 805 2883 doctore
847 2828 1063 2897 quidem
1124 2826 1306 2895 perlici
1368 2838 1589 2896 queant.
1647 2829 1893 2884 Declarat
1945 2844 2159 2900 quoque

584 2919 844 2974 Dominus
891 2917 1104 2973 Judaeos
1146 2925 1367 2989 nepotes
1395 2928 1517 2973 esse
1558 2934 1620 2975 ac
1666 2921 1906 2976 lueredes
1938 2922 2158 2976 malitiae

582 3012 734 3077 Cain,
763 3026 826 3064 eo
857 3010 997 3079 quod
1034 3010 1162 3065 dicit
1200 3010 1339 3079 quod
1378 3010 1555 3066 omnis
1593 3011 1834 3082 sanguis,
1858 3009 2061 3066 eﬂ'usus
2090 3013 2156 3067 ab

579 3103 709 3157 Abel
742 3119 911 3172 usque
945 3104 1010 3157 ad
1042 3100 1388 3169 Zachariam,
1420 3118 1447 3155 a
1481 3103 1698 3158 natione
1729 3102 1816 3156 illa
1848 3112 2152 3171 expetetur.

581 3192 792 3245 Etenim
852 3208 945 3246 vos
997 3193 1308 3260 prophetas,
1358 3193 1449 3261 qui
1500 3202 1657 3246 erant
1717 3192 1916 3247 fratres
1967 3194 2154 3260 vestri,

581 3284 875 3348 occidistis,
898 3285 1041 3338 sicut
1062 3284 1150 3339 ille
1178 3284 1333 3340 Abel.
1360 3283 1513 3340 Unde
1535 3284 1754 3353 quidam
1788 3300 1891 3339 non
1925 3286 2158 3341 absurde

580 3385 1001 3431 numeraverunt
1028 3375 1161 3431 Cain
1204 3377 1346 3431 inter
1376 3390 1470 3432 eos
1502 3377 1593 3446 qui
1624 3378 1915 3447 prophetas
1941 3378 2155 3433 occide~

581 3477 728 3531 runt,
751 3482 780 3520 ει
809 3483 918 3535 quo
940 3468 1190 3522 vindictae
1208 3470 1490 3539 exquisita:
1507 3480 1637 3525 sunt
1663 3482 1871 3541 septem
1891 3472 2155 3543 supplicio

581 3559 784 3613 scilicet
812 3547 1055 3615 leviore-A:
1081 3560 1313 3615 Lamech
1342 3561 1413 3594 δ’·
1438 3571 1618 3617 autem
1650 3563 1791 3617 inter
1822 3578 1914 3619 eos
1943 3565 2032 3634 qui
2061 3580 2155 3619 oc-

580 3648 831 3701 ciderunt.
849 3647 1145 3702 Christum.
1172 3646 1238 3703 Et
1270 3650 1391 3705 ideo
1419 3649 1729 3721 septuagies
1755 3660 1959 3720 septem
1996 3650 2154 3704 ultio-

581 3752 679 3792 nes
712 3738 1000 3805 dederunt,
1043 3739 1271 3809 dispersi
1308 3740 1361 3793 in
1411 3742 1799 3810 captivitatem,
1838 3756 1867 3794 a
1901 3757 2005 3809 qua
2048 3758 2153 3795 non

583 3828 854 3883 redibunt.
886 3829 1019 3896 Quis
1048 3837 1231 3885 autem
1264 3830 1364 3884 fuit
1396 3831 1709 3897 Zacharias,
1749 3845 1907 3901 quem
1938 3832 2154 3886 occide-

581 3930 709 3974 runt
753 3922 890 3977 inter
928 3924 1183 3992 templum
1210 3916 1285 3977 ὀι
1318 3921 1533 3978 altare?
1566 3922 1668 3977 Alii
1703 3924 1919 3993 quidem
1970 3924 2157 3979 dicunt

581 4012 746 4070 fuisse
771 4015 1006 4083 priscum
1029 4013 1345 4071 Zachariam
1371 4015 1536 4069 illium
1565 4015 1791 4080 Joiadaa,
1814 4031 1971 4085 quem
1992 4018 2153 4089 363

579 4106 906 4172 lapidarunt,
950 4116 1008 4159 ut
1038 4105 1295 4160 discimus
1344 4122 1408 4159 ex
1455 4104 1591 4161 libro
1625 4105 1855 4175 Regum.
1887 4105 1991 4162 Alii
2029 4122 2154 4161 vero

579 4206 791 4267 patrem
847 4194 1227 4259 Pratcursoris,
1261 4212 1323 4250 eo
1355 4200 1495 4265 quod
1546 4198 1635 4252 ille
1681 4200 2027 4253 ordinaverat
2060 4200 2152 4255 Dei

581 4288 909 4343 Genitricem
955 4305 1075 4343 cum
1119 4288 1417 4358 virginibus
1446 4290 1613 4345 etiam
1662 4300 1943 4359 postquam
1989 4307 2154 4362 pepe-

581 4380 744 4435 risset
788 4379 1083 4447 Christum,
1134 4390 1187 4433 et
1220 4382 1578 4435 constituerat
1621 4397 1740 4435 eam
1774 4382 1826 4435 in
1883 4384 2000 4437 loco
2048 4397 2155 4453 quo

2259 1931 2461 1985 έσωθεν
2505 1930 2860 2001 βεςλυγμίαν.
2904 1930 2965 1983 '0
2998 1930 3054 1984 δέ
3095 1931 3321 2001 νομικὸς
3354 1932 3600 2002 ἀνοήτως
3642 1930 3847 1997 ὑπάγει

2260 2020 2452 2074 ἐαυτὸν
2481 2020 2560 2092 τῷ
2591 2020 2818 2091 ἐλέγχῳ.
2857 2021 3042 2074 ’Λλλοι
3082 2021 3139 2075 δὲ
3183 2017 3323 2093 ἦσαν
3355 2023 3403 2075 οἱ
3445 2021 3663 2093 νομικοὶ
3697 2020 3848 2091 παρὰ

2257 2114 2384 2175 τοὺς
2408 2111 2755 2182 Φαρισαίους.
2785 2113 2850 2166 Οί
2894 2113 2992 2183 μὲν
3032 2112 3450 2184 γάρ.Φαρισαϊοι
3488 2114 3565 2177 ὡς
3609 2114 3849 2183 ἀσκηταὶ

2255 2203 2498 2270 ἐδόκουν,
2519 2204 2613 2257 καὶ
2640 2203 3082 2276 ἀποκεκομμένοι
3108 2203 3216 2257 τῶν
3247 2204 3441 2261 ἄλλων.
3464 2205 3527 2257 0i
3554 2204 3609 2257 δέ
3630 2204 3847 2274 νομικοὶ

2258 2296 2614 2367 Γραμματετς
2645 2292 2786 2368 ἦσαν
2830 2297 2925 2350 καὶ
2965 2296 3297 2363 διδάσκαλοι,
3333 2300 3446 2360 τοῖς
3497 2296 3847 2367 βουλομένοις

2258 2386 2327 2439 τά
2352 2387 2452 2462 τοῦ¹
2476 2388 2642 2458 νόμου
2662 2386 2953 2459 ζητήματα
2982 2387 3221 2452 λύοντες.
3260 2389 3578 2459 Ἐφόρτιζον
3602 2386 3697 2441 οὖν
3720 2388 3847 2451 τοὺς

2260 2479 2583 2553 ἀνθρώπους
2608 2480 2780 2552 βαρέα
2806 2482 2899 2536 καὶ
2919 2480 3306 2536 δυσϐάστακτα
3331 2483 3380 2537 οι
3401 2482 3641 2554 νομικοὶ,
3668 2482 3847 2535 ἐντελ-

2257 2572 2473 2643 λόμενοι
2502 2573 2689 2637 αὐτοῖς
2712 2573 2781 2627 τά
2812 2572 2905 2627 τοῦ
2935 2572 3104 2644 νόμου
3133 2574 3489 2642 δυσφύλακτα
3518 2573 3845 2645 παρατηρή-

2264 2682 2427 2735 ματα,
2480 2665 2634 2720 αύτοὶ
2681 2665 2845 2737 δέτῷ
2883 2666 3130 2738 δακτύλῳ
3174 2658 3353 2721 αὐτῶν
3382 2667 3443 2719 οὐ
3493 2666 3843 2736 προσέψαυον

2260 2758 2374 2820 τοῖς
2423 2757 2684 2827 φορτίοις,
2738 2758 3043 2822 τουτέστιν,
3086 2757 3241 2812 αὐτοὶ
3289 2757 3464 2824 οὐδὲν,
3516 2758 3577 2823 ἐξ
3624 2751 3703 2810 ὧν
3735 2759 3847 2818 τοῖς

2262 2845 2441 2910 ἄλλοις
2474 2848 2788 2911 ἐπέταττον,
2828 2846 3118 2919 ἔπραττον.
3153 2847 3324 2903 Ὅταν
3369 2848 3468 2919 μὲν
3501 2848 3611 2919 γὰρ
3642 2849 3670 2902 ὁ
3700 2847 3847 2901 διδά-

2264 2956 2410 2992 σκων
2439 2938 2654 3010 πράττῃ
2700 2938 2736 2992 ἂ
2769 2938 3033 3005 διδάσκει,
3081 2938 3450 3011 ἐπελαφρύνει
3494 2939 3566 2994 τὰ
3621 2939 3845 3010 φορτία,

2262 3031 2568 3099 ὑπόδειγμα
2595 3029 2771 3093 διδοὺς
2821 3029 3035 3098 ἑαυτὸν,
3084 3033 3179 3085 καὶ
3208 3031 3556 3103 παρηγορίαν
3595 3031 3848 3100 ἐμποιῶν

2181 3145 2225 3207 C
2261 3122 2370 3183 τοῖς
2390 3119 2821 3187 διδασκομένοις.
2854 3120 3024 3176 Ὅταν
3050 3122 3107 3176 δέ
3136 3122 3289 3177 οὐδὲν
3319 3118 3395 3177 ὧν
3419 3122 3570 3191 λέγει
3596 3122 3842 3193 πράττῃ,

2264 3210 2563 3279 τηνικαῦτα
2591 3210 2764 3283 βαρέα
2788 3213 2955 3276 ὄντως
2978 3213 3046 3267 τὰ
3072 3212 3269 3287 φορτία
3294 3214 3574 3278 δοκεῖτοῖς
3602 3213 3859 3267 διδασκο·

2268 3304 2469 3371 μένοις,
2500 3303 2574 3367 ὡς
2604 3305 2739 3376 μηδέ
2762 3308 2911 3375 παρὰ
2931 3304 3025 3358 τοῦ
3057 3305 3379 3360 διδασκάλου
3405 3305 3683 3375 δυνάμενα
3717 3321 3857 3360 κατ-

2264 3392 2591 3464 ορθωθῆναι.
2639 3395 2925 3465 Ἐμφαίνει
2966 3396 3023 3449 δὲ
3077 3397 3105 3449 ὁ
3136 3395 3344 3467 Κύριος
3381 3395 3512 3461 τοὺς
3556 3395 3857 3459 Ἰουδαίους

2263 3484 2561 3551 ἀπογόνους
2598 3486 2693 3538 καὶ
2733 3486 3106 3556 κληρονόμους
3143 3488 3243 3554 τῆς
3298 3488 3498 3553 κακίας
3551 3487 3646 3541 τοῦ
3685 3488 3851 3553 Κάῖν,

2262 3574 2348 3627 διὰ
2378 3575 2469 3628 τοῦ
2494 3576 2672 3645 λέγειν
2701 3576 2784 3630 ὄτι
2819 3580 2927 3631 πᾶν
2953 3575 3095 3646 αἷμα
3125 3580 3356 3649 ἐκχυθὲν
3408 3579 3517 3634 ἀπὸ
3551 3579 3720 3632 Ἀϐελ
3745 3580 3856 3643 ἕως

2262 3668 2354 3721 τοῦ
2378 3670 2647 3740 Ζαχαρίου
2677 3671 3115 3742 ἀπαιτηθὴσεται
3146 3673 3255 3727 ἀπὸ
3274 3673 3374 3743 τῆς
3399 3675 3594 3741 γενεᾶς
3617 3674 3851 3743 ταύτης.

2264 3762 2374 3814 Καὶ
2418 3763 2547 3833 γὰρ,
2584 3764 2770 3834 φησὶν,
2804 3766 2959 3836 ὑμεῖς
3004 3766 3267 3834 ἀδελφοὺς
3301 3768 3461 3829 ὄντας
3517 3766 3675 3837 ὑμῶν
3722 3768 3853 3830 τοὺς

2266 3853 2549 3923 προφήτας
2578 3855 2930 3923 ἐφονεύσατε,
2955 3856 3027 3920 ὡς
3059 3859 3309 3921 κάκεῖνος
3337 3858 3427 3911 τὸν
3461 3858 3652 3912 Ἅϐελ.
3683 3856 3853 3911 Ὀθεν

2264 3948 2362 3997 οὐκ
2389 3943 2599 4013 ἀλόγως
2629 3947 2771 4011 τινὲς
2802 3947 2895 4000 τὸν
2925 3948 3023 4017 μὲν
3058 3951 3199 4002 Κάῖν
3224 3952 3304 4012 είς
3346 3950 3437 4003 τὸν
3469 3950 3597 4013 τοὺς
3626 3950 3852 4019 προφή-

2263 4051 2360 4096 τας
2403 4034 2802 4089 ἀποκτείναντα
2843 4037 2968 4089 λαὸν
3015 4037 3350 4103 ἐξελάϐοντο,
3400 4037 3495 4107 ἀφ’
3525 4033 3588 4092 οὗ
3638 4039 3850 4091 ἐκδεδί-

2264 4143 2457 4196 κηνται
2504 4126 2663 4189 ἐπτά,
2703 4128 3044 4200 ἐλαφροτέρᾳ
3088 4130 3290 4199 δηλαδὴ
3332 4129 3607 4201 τιμωρίᾳο
3659 4132 3753 4184 τὸν
3792 4132 3853 4183 δὲ

2262 4217 2453 4286 Λάμεχ
2488 4216 2564 4279 είς
2598 4218 2723 4281 τοὺς
2749 4218 3176 4283 ἀποκτείναντας
3209 4221 3299 4274 τὸν
3324 4221 3584 4290 Χριστὸν,
3626 4221 3709 4275 διὸ
3754 4224 3851 4275 καὶ

2265 4308 2724 4377 ἑϐδομηκοντάκις
2747 4311 2888 4363 ἐπτά
2914 4312 3315 4380 ἐκδεδίκηνται,
3352 4314 3431 4376 είς
3462 4314 3848 4383 αἰχμαλωσίαν

2263 4399 2653 4470 διασπαρέντες
2672 4403 3100 4473 ἀνυπόστροφον.
3128 4404 3222 4467 Τίς
3244 4406 3301 4458 δὲ
3325 4400 3392 4476 ἧν
3415 4407 3523 4475 ἀρα
3549 4407 3845 4477 Ζαχαρίας,

581 4471 684 4525 illae
712 4480 858 4526 stant
889 4492 903 4527 :
938 4473 1025 4527 hic
1052 4473 1196 4526 enim
1230 4471 1381 4527 locus
1408 4484 1491 4527 est
1522 4474 1660 4528 inter
1691 4474 1945 4543 templum
1978 4486 2031 4529 et
2072 4477 2153 4529 al»

2262 4490 2320 4542 ὃν
2350 4492 2647 4558 ἐφόνευσαν
2674 4495 2878 4563 μεταξὺ
2896 4496 2989 4551 τοῦ
3022 4498 3151 4548 ναοῦ
3176 4497 3268 4550 καὶ
3290 4499 3384 4549 τοῦ
3413 4498 3843 4569 θυσιαστηρίου;

580 4569 721 4627 tare,
754 4564 898 4631 quod
930 4573 1011 4617 est
1059 4574 1212 4617 extra
1246 4579 1469 4630 aereum,
1517 4575 1572 4619 et
1616 4576 1899 4634 propterea
1940 4569 2154 4621 occide~

584 4662 710 4705 runt
734 4667 875 4706 eum.
900 4651 1038 4706 Nam
1070 4654 1193 4720 quia
1225 4654 1615 4722 exspectabant
1643 4655 1860 4721 quidam
1880 4656 2151 4713 Christntn

583 4758 765 4814 regem
793 4758 947 4798 suum
980 4745 1242 4810 futurum,
1268 4747 1519 4800 nolebant
1552 4757 1729 4801 autem
1769 4762 1949 4817 regem
1991 4751 2150 4818 ferre,

584 4834 703 4889 ideo
743 4834 1059 4890 occiderunt
1104 4844 1371 4901 sanctum,
1416 4836 1509 4905 qui
1544 4848 1857 4893 asseruerat
1892 4840 2149 4909 virginem

582 4925 875 4993 peperisse,
926 4934 982 4979 et
1030 4925 1301 4981 Christum
1386 4938 1570 4982 natum
1629 4941 1750 4983 esse
1813 4940 2153 4997 regnaturum

584 5029 747 5084 super
784 5032 897 5082 eos,
938 5015 1082 5085 quod
1128 5018 1549 5089 adversabantur
1581 5021 1825 5089 :absqne
1856 5023 2015 5080 enim.
2035 5036 2157 5092 rege

589 5109 839 5163 volebant
868 5125 1004 5164 esse.

578 5200 810 5280 χαλκοῦ.
847 5201 1136 5299 Διά-τοῦτο
1162 5202 1341 5256 τοίνυν
1374 5205 1667 5271 ἐφόνευσαν
1705 5208 1884 5263 αὐτόν.
1930 5210 2082 5264 Ἐπεὶ
2103 5214 2210 5287 γὰρ
2246 5222 2586 5290 προσεδόκων
2615 5226 2755 5289 τινὲς
2783 5229 2874 5280 τὸν
2912 5231 3149 5299 Χριστὸν

586 5312 693 5357 νον,
727 5294 826 5345 οὐκ
856 5293 1044 5359 ἦθελον
1070 5295 1129 5347 δὲ
1156 5295 1563 5365 βασιλευθῆναι,
1617 5300 1802 5354 τούτου
1848 5302 2011 5357 ἕνεκα
2050 5306 2341 5374 ἐφόνευσαν
2401 5316 2493 5367 τὸν
2532 5316 2711 5385 ἅγιον,
2743 5319 2816 5380 ὡς
2850 5293 3171 5389 βεϐαιοῦντα

588 5385 682 5435 καὶ
708 5385 735 5434 ὁ
768 5384 1001 5452 Χριστὸς
1033 5386 1291 5456 ἐγεννήθη
1319 5387 1345 5439 ό
1372 5386 1578 5456 μέλλων
1627 5390 1803 5444 αύτῶν
1841 5391 2088 5461 βασιλεύε

660 5474 821 5530 Vens.
886 5476 1074 5531 52-54.
1123 5497 1141 5529 ι
1240 5479 1327 5534 Va:
1396 5482 1548 5537 vobis
1608 5484 1949 5555 legisperitis,
2021 5491 2149 5558 quia

2265 4584 2325 4635 Οἱ
2356 4584 2454 4653 μὲν
2476 4585 2695 4652 λέγουσι
2722 4588 2811 4639 τὸν
2838 4580 3059 4658 ἀρχαῖοῦ
3085 4590 3361 4658 Ζαχαρίαν
3392 4590 3483 4643 τὸν
3502 4589 3596 4643 τοῦ
3639 4592 3845 4657 Ἰωάδε,

2264 4676 2356 4727 καὶ
2400 4675 2457 4725 ὃν
2485 4676 2891 4744 ἐλιθοϐόλησαν,
2942 4678 3019 4742 ὡς
3050 4680 3163 4732 ἔστι
3205 4680 3397 4751 μαθεῖν
3435 4684 3498 4736 ἐκ
3527 4684 3628 4755 τῆς
3659 4684 3845 4755 βίϐλου

2261 4766 2367 4817 τῶν
2403 4766 2702 4819 Βασιλειῶν
2736 4786 2749 4800 ·
2796 4771 2844 4821 οἱ
2890 4769 2943 4823 δὲ
2988 4772 3077 4824 τὸν
3112 4773 3321 4843 πατέρα
3356 4774 3450 4826 τοῦ
3499 4777 3843 4849 Προδρόμου,

2260 4852 2445 4907 τοῦτον
2492 4858 2597 4925 γὰρ
2628 4857 2865 4925 τάξαντα
2901 4862 3000 4929 τὴν
3029 4862 3290 4917 Θεοτὸκον
3326 4868 3466 4933 μετά
3492 4866 3603 4923 τῶν
3638 4870 3848 4940 παρθέέ-

2262 4962 2367 4998 νων
2397 4950 2533 5015 μετά
2559 4950 2618 5000 τὸ
2652 4954 2829 5004 τεκεῖν
2856 4953 2947 5005 τὸν
2976 4939 3233 5023 Χριστὸν,
3270 4956 3365 5009 καὶ
3399 4959 3681 5029 στήσαντα
3712 4962 3844 5014 ταύ-

2255 5054 2352 5107 την
2384 5041 2438 5091 ἐν
2466 5041 2540 5109 τῷ
2573 5043 2721 5111 τόπῳ
2759 5045 2816 5096 ἐν
2843 5036 2885 5111 ᾧ
2917 5047 3121 5100 ἐκεῖναι
3152 5047 3402 5102 ἵσταντο·
3438 5052 3466 5102 ὁ
3491 5050 3549 5104 δέ
3576 5053 3745 5119 τόπος
3776 5050 3845 5128 ἦν

2260 5132 2462 5197 μεταξὺ
2494 5132 2588 5184 τοῦ
2622 5133 2751 5185 ναοῦ
2784 5136 2878 5187 καὶ
2925 5137 3019 5189 τοῦ
3050 5138 3441 5209 θυσιαστηρίου
3472 5143 3564 5194 τοῦ
3596 5143 3705 5209 ἔξω
3748 5145 3844 5198 τοῦ

3186 5234 3407 5304 βασιλέα
3438 5239 3621 5292 αὐτῶν
3649 5240 3845 5308 ἐσόμε-

3210 5330 3293 5383 ὄτι
3324 5332 3593 5403 παρθένος
3634 5334 3839 5416 ἔτεκενν

2099 5414 2175 5494 ιν,
2226 5401 2361 5473 ὅπερ
2412 5408 2847 5479 ἀπεστρέφοντω
2900 5414 3242 5473 ἀϐασίλευτοι
3300 5401 3415 5492 γὰρ
3442 5424 3637 5494 ἤθελον
3682 5401 3840 5483 εἶναιῖ

2332 5515 2349 5546 ι
2394 5499 2531 5552 Οὐαὶ
2559 5501 2687 5571 ὑμῖν
2715 5506 2826 5567 τοῖς
2860 5512 3124 5576 νομικοῖς,
3172 5512 3253 5565 ὅτι
3305 5514 3474 5586 ⁴δρατε
3506 5522 3607 5587 τὴν
3658 5521 3841 5576 κλεῖδα

590 5568 787 5623 tulistis
824 5569 1027 5624 clavem
1062 5572 1299 5627 scientiae
1332 5591 1347 5627 :
1382 5575 1482 5645 ipsi
1518 5589 1632 5632 non
1670 5578 1957 5647 introistis,
1979 5591 2034 5635 et
2066 5595 2154 5635 eos

590 5661 676 5685 ηυξ
714 5661 998 5685 ζ-.ι-,-ιῖι-....ι
1063 5663 1306 5685 -.-ο-.2-.ε-
1356 5666 1392 5685 Π
1420 5683 1427 5685 ε
1471 5682 1479 5685 .
1542 5676 1651 5685 κη.μ
1769 5670 1779 5685 ι
1979 5674 1992 5685 ι
2042 5673 2092 5685 οη

2599 5568 2607 5571 γ
2923 5568 2935 5576 .
3083 5568 3120 5576 -,
3312 5568 3355 5586 ,η
3520 5568 3597 5587 --,.
3660 5568 3841 5576 .--.---..

2258 5586 2353 5656 τῆς
2383 5589 2657 5656 γνώσεως·
2692 5596 2846 5649 αὐτοὶ
2868 5599 2965 5651 οὐκ
2991 5601 3293 5673 είσήλθετε,
3319 5608 3563 5673 καὶτοὺς
3595 5613 3843 5685 εἰσερχο-

589 5661 677 5729 qui
714 5661 1026 5729 introibant,
1063 5663 1329 5720 vetuistis.
1355 5666 1486 5723 Cum
1534 5676 1713 5723 autem
1765 5670 1880 5727 haec
1926 5674 1992 5730 ad
2040 5673 2158 5729 illos

661 5747 731 5781 δ’·
768 5750 901 5805 Gen.
938 5768 1005 5807 tv.

2263 5680 2456 5747 μένους
2489 5685 2819 5744 ἐκωλύσατε.
2858 5692 3121 5760 Λέγοντος
3169 5696 3225 5749 δὲ
3270 5700 3433 5753 αὐτοῦ
3481 5701 3659 5759 ταῦτα
3704 5680 3841 5764 eis:
