4110 6332
251 422 360 486 ΡΠ

938 420 1385 486 ENARRATIO
1421 424 1498 484 ΙΝ
1536 418 2039 483 EVANGELIUM
2082 420 2316 481 LUCE.
2360 445 2426 458 -
2458 420 2620 481 CAP.
2664 420 2808 481 XII.

3450 418 3556 483 878

247 533 406 587 πᾶσα
430 531 742 604 ὑπόκρισις,
769 531 898 586 ἀλλο
926 533 1026 603 μὲν
1051 532 1421 603 πλαττομένη,
1444 530 1575 587 ἀλλο
1596 530 1652 583 δὲ
1690 524 1846 583 οὖσα.

1958 527 2081 583 dem
2099 537 2205 595 est,
2226 538 2280 585 et
2300 529 2445 585 aliud
2472 530 2643 601 fingit.
2663 527 2923 583 Pharisaei
2943 524 3149 597 itaque,
3171 526 3369 599 inquit,
3389 527 3558 587 latere

246 625 313 678 Oi
349 622 448 693 μὲν
480 622 573 677 οὖν
602 620 911 693 Φαρισαῖοι,
944 625 1131 695 φησὶν,
1180 624 1387 679 οἴονται
1434 622 1722 677 λανθάνειν
1749 620 1845 675 ϐιά

240 715 348 786 τῆς
378 716 741 788 ὑποκρίσεως,
767 716 825 769 τὸ
856 716 1197 787 χρηστόηθες
1228 718 1411 782 αὐτοῖς
1450 715 1848 791 περιποιούμε-

241 824 349 862 νοι.
390 806 535 877 nam
576 806 731 861 οὐδὲν
767 808 1295 879 συγκεκαλυμμένον
1327 810 1476 863 ἐστὶν
1518 807 1547 863 ὃ
1576 808 1678 864 οὐκ
1708 807 1846 862 ἀποο

240 899 680 970 καλυφθήσεται.
730 901 916 954 Πάντα
942 900 1058 973 γὰρ
1092 902 1191 956 καὶ
1235 902 1458 972 ῥήματα
1490 903 1585 955 καὶ
1630 900 1848 972 διανοή⁸

243 1009 399 1064 ματα
431 992 617 1063 γυμνά
649 993 1203 1064 παραστήσονταιτῷ
1238 992 1542 1065 τελευταίῳ
1574 992 1675 1064 μὲν
1706 991 1847 1046 πάν-

238 1100 355 1145 τως
376 1084 665 1157 κριτηρίῳ,
695 1085 837 1157 πλὴν
868 1089 971 1139 κᾶν
1001 1085 1082 1153 τῷ
1118 1087 1347 1158 παρόντι
1375 1085 1478 1158 βίῳ
1508 1085 1684 1141 πολλά
1735 1085 1847 1139 τῶν

238 1177 641 1249 κρυπτομένων
674 1177 1022 1248 γυμνοῦσθαι
1059 1179 1236 1248 φιλεῖ·
1287 1179 1389 1232 ὅσα
1428 1176 1523 1232 οὖν
1551 1179 1746 1240 εἴπατε
1787 1178 1847 1231 ὲν

236 1270 312 1339 ’τῇ
369 1268 561 1338 σκοτία
595 1270 691 1323 καὶ
734 1270 792 1322 ὲν
828 1273 939 1334 τοῖς
987 1269 1260 1341 ταμείοις,
1299 1269 1395 1323 καὶ
1421 1269 1669 1341 κρυφίως
1718 1268 1844 1324 ελα-

238 1358 473 1429 λήσατε,
499 1361 910 1432 κηρυχθήσεται
945 1361 1041 1415 ἐπὶ
1072 1361 1151 1433 τῷ
1179 1363 1323 1431 φωτὶ
1352 1362 1441 1415 καὶ
1473 1362 1568 1415 ἐπὶ
1605 1360 1715 1416 τῶν
1743 1361 1843 1415 δω-

243 1453 455 1523 μάτων.
492 1452 679 1505 Ταῦτα
705 1453 763 1507 δὲ
804 1453 1057 1521 φαίνεται
1108 1454 1208 1525 μὲν
1246 1455 1388 1525 πρὸς
1425 1453 1553 1517 τοὺς
1588 1452 1843 1525 μαθητὰς

239 1543 444 1613 λέγων,
482 1546 620 1615 πρὸς
674 1545 731 1597 δὲ
766 1548 892 1609 τοὺς
931 1547 1269 1617 Φαρισαίους
1316 1546 1693 1611 ἀποτείνεται,
1744 1546 1845 1611 τὰς

240 1634 430 1691 αὑτῶν
463 1636 756 1700 ἐπιϐουλὰς
798 1638 1196 1709 αἰνιττόμενος,
1224 1639 1319 1693 καὶ
1355 1639 1644 1711 μονονουχὶ
1681 1636 1844 1692 τοῦτο

241 1726 423 1801 δηλῶν
461 1731 668 1794 αὐτοῖς,
704 1728 805 1783 κᾶν
847 1731 978 1801 δοκῇ
1016 1730 1155 1801 πρὸς
1205 1733 1334 1797 τοὺς
1382 1731 1635 1803 μαθητὰς
1664 1731 1843 1785 ταῦτα

244 1818 451 1889 λέγειν.
487 1819 632 1887 Ὅτι,
685 1814 730 1875 ὦ
763 1823 1074 1893 Φαρισαῖοι,
1112 1823 1214 1876 ὅσα
1254 1823 1310 1877 ἐν
1340 1826 1406 1895 τῇ
1443 1823 1655 1895 σκοτία,
1690 1840 1845 1877 τουτ-

1956 634 2017 676 se
2054 629 2250 686 putant
2297 635 2395 692 per
2441 620 2785 691 hypocrisin,
2812 620 2994 674 bonos
3043 631 3226 675 mores
3268 617 3371 674 sibi
3399 616 3548 675 emu-

1955 724 2167 785 gentes.
2205 714 2371 785 Atqui
2429 714 2565 770 nihil
2616 711 2893 768 occultum
2937 720 3043 779 est,
3073 712 3218 782 quod
3254 724 3363 767 non
3402 725 3582 767 reve-«

1956 804 2180 861 labitur.
2212 805 2408 861 Omnia
2460 808 2605 863 enim
2642 814 2696 861 et
2725 805 2891 861 verba
2920 814 2978 861 et
3006 806 3369 876 cogitationes
3401 806 3561 863 nudae

1954 906 2083 953 ante
2108 896 2381 966 judicium
2405 898 2631 954 omnino
2654 898 2877 968 quidem
2895 898 2947 952 in
2970 897 3338 968 supremolllo
3354 898 3441 954 die
3464 914 3563 968 ap-

1957 993 2231 1063 parebunt
2267 993 2439 1064 :quin
2476 1002 2532 1048 et
2572 993 2627 1049 in
2682 991 2944 1062 praesenti
2989 992 3097 1047 vita
3140 992 3312 1048 multa
3363 1006 3560 1048 eorum

1953 1101 2076 1157 qua!
2119 1087 2491 1153 occultantur,
2540 1086 2889 1144 manllestari
2963 1087 3165 1143 solent.
3203 1086 3564 1156 Quaecunque

1955 1181 2121 1252 igitur
2183 1181 2236 1237 in
2306 1182 2553 1238 tenebris
2597 1181 2839 1249 dixistis,
2891 1190 2947 1239 et
2992 1182 3048 1236 in
3070 1180 3468 1253 promptuariis
3510 1189 3564 1235 et

1954 1273 2171 1329 occulte
2222 1273 2391 1330 locuti
2432 1277 2586 1339 estis.
2656 1275 3104 1346 praedicabantur
3154 1274 3205 1329 in
3254 1274 3465 1329 lumine
3508 1284 3563 1329 et

1956 1366 2011 1421 in
2051 1367 2230 1425 tectis.
2259 1367 2328 1424 Et
2354 1368 2473 1423 haec
2513 1369 2736 1439 quidem
2770 1369 3001 1424 videtur
3028 1367 3095 1422 ad
3126 1367 3429 1439 discipulos
3483 1368 3565 1423 di-

1953 1474 2100 1528 cere,
2148 1461 2243 1517 sed
2311 1464 2378 1517 ad
2436 1460 2749 1518 Pharisaeos
2787 1462 2998 1529 dirigit,
3050 1461 3283 1517 insidias
3342 1461 3559 1517 illorum

1954 1535 2244 1610 insinuans
2282 1571 2293 1607 :
2326 1563 2380 1610 et
2411 1554 2567 1627 quasi
2598 1556 2697 1611 hoc
2728 1556 2810 1611 eis
2838 1555 3180 1622 manifestat,
3213 1554 3467 1626 quamvis
3492 1553 3559 1608 ad

1953 1645 2253 1716 discipulos
2303 1647 2555 1704 videatur
2604 1649 2777 1718 laqui.
2824 1648 3119 1717 Quoniam,
3172 1663 3206 1703 o
3265 1646 3557 1711 Pharisaei,

1953 1754 2295 1810 quaecunque
2359 1740 2413 1795 in
2477 1740 2740 1806 tenebris,
2828 1742 2929 1797 hoc
2996 1749 3082 1797 est
3127 1742 3183 1796 in
3250 1738 3560 1798 tenebrosis

1953 1832 2156 1888 vestris
2184 1832 2465 1898 cordibus,
2496 1833 2772 1903 cogitatis,
2807 1839 3082 1889 tentantes
3125 1846 3213 1888 me
3233 1830 3556 1901 illaqueare,

246 1913 399 1967 ἐστιν
427 1914 484 1965 tv
510 1915 630 1976 ταῖς
655 1916 960 1977 σκοτειναῖς
993 1913 1149 1983 ὑμῶν
1170 1915 1445 1985 καρδίαις,
1461 1916 1843 1986 πιμελετήσατε

1957 1923 2013 1976 in
2066 1922 2188 1977 luce
2241 1922 2539 1977 andientur
2568 1901 2623 1978 et
2653 1932 3078 1993 cognoscentur.
3110 1922 3224 1993 Ego
3254 1922 3401 1978 enim
3436 1938 3557 2001 sum

248 2001 579 2070 παγιδεῦσαί
626 2020 695 2073 με
724 2002 993 2068 θέλοντες,
1023 2005 1082 2057 ἐν
1110 2004 1191 2073 τῷ
1255 2003 1398 2072 φωτὶ
1436 2003 1846 2075 ἀκουσθήσεται

246 2094 343 2147 καὶ
376 2094 789 2165 γνωσθήσεται·
838 2093 952 2163 ἐγὼ
977 2095 1087 2165 γάρ
1126 2096 1242 2167 είμι
1269 2096 1330 2150 τὸ
1358 2095 1497 2166 φῶς,
1534 2097 1631 2150 καὶ
1657 2096 1719 2149 ού
1751 2094 1846 2149 δύο

243 2186 414 2239 νασθὲ
456 2202 523 2257 με
563 2186 770 2253 λαθεῖν,
811 2186 926 2241 ἀλλ’
977 2188 1037 2241 ἐν
1086 2188 1213 2255 ἐμοὶ
1270 2187 1351 2260 τῷ
1382 2189 1524 2258 φωτὶ
1574 2190 1692 2244 πᾶν
1734 2188 1763 2243 ὃ
1808 2191 1841 2260 ἡ

245 2277 495 2348 ὑμετέρα
540 2279 733 2332 σκοτία
785 2278 1125 2351 βουλεύεται,
1166 2280 1613 2348 διαγινώσκεται.
1661 2281 1773 2336 Καὶ
1820 2280 1848 2334 ὃ

244 2368 389 2438 πρὸς
425 2369 487 2423 τὺ
542 2363 635 2433 οὖς
679 2370 947 2441 ἀλλήλους
1004 2368 1526 2437 συνεϐουλεύσασθε,
1582 2372 1849 2427 ἀκουστόν

1950 2014 2075 2077 lux,
2101 2024 2155 2069 et
2185 2030 2291 2069 non
2327 2015 2559 2084 potestis
2591 2030 2621 2070 a
2656 2030 2743 2071 me
2772 2014 3063 2081 occultari,
3091 2015 3189 2071 sed
3222 2015 3278 2069 in
3316 2030 3438 2071 meo
3468 2013 3558 2069 lu-

1950 2107 2097 2161 mine
2137 2108 2321 2162 omnia
2360 2108 2713 2163 tenebrarum
2766 2116 3077 2163 vestrarum
3122 2108 3356 2165 consilia
3387 2108 3559 2165 inter-

1950 2208 2271 2255 noscuntur.
2312 2200 2379 2256 Et
2420 2200 2567 2272 quod
2602 2202 2745 2257 inter
2776 2216 2871 2257 vos
2904 2202 2956 2256 in
2988 2216 3151 2258 aures
3203 2200 3555 2266 consultatis,

1938 2286 2024 2341 vita
2059 2288 2192 2342 mihi
2224 2289 2503 2359 cognitum
2536 2300 2621 2345 est
2647 2298 2703 2345 et
2731 2290 3003 2358 auditum,
3036 2291 3268 2362 perinde
3301 2306 3367 2347 ac
3391 2305 3560 2362 super

1948 2396 2159 2436 summa
2194 2390 2332 2437 tecta
2369 2382 2725 2452 praedicatum
2765 2382 2979 2438 fuisset.
3008 2382 3223 2440 Poteris
3253 2393 3437 2439 autem
3466 2383 3556 2439 illa

248 2479 343 2532 μοι
392 2463 616 2530 γέγονεν
648 2462 843 2527 οὕτως,
900 2461 1092 2533 ὥσπερ
1138 2462 1204 2517 ἂν
1240 2465 1288 2515 εί
1329 2464 1423 2516 ἐπὶ
1466 2464 1575 2516 τῶν
1622 2463 1846 2535 ὑψηλῶν

1956 2476 2109 2531 etiam
2142 2476 2224 2532 sic
2257 2476 2579 2546 intelligere,
2614 2476 2758 2547 quod
2792 2477 2884 2531 lux
2937 2477 3009 2532 sit
3055 2475 3439 2549 Evangeiium,
3504 2486 3559 2535 et

242 2552 515 2623 δωμάτων
549 2554 855 2627 ἐκηρύχθη.
906 2554 1098 2609 Ταῦτα
1141 2554 1198 2607 δὲ
1245 2554 1477 2609 δύνασαι
1511 2556 1724 2627 νοῆσαι,
1752 2559 1849 2613 καὶ

1956 2578 2091 2626 tecta
2132 2586 2346 2625 summa
2385 2570 2756 2642 apostolorum
2786 2586 3019 2627 summae
3038 2571 3254 2627 animae.
3286 2569 3559 2639 Qiiaecun-

242 2646 331 2701 ὅτι
360 2647 475 2714 φῶς
522 2649 621 2718 μέν
651 2650 768 2702 ἐστι
808 2650 869 2702 τὸ
896 2647 1253 2717 Εὐαγγὲλιον,
1278 2647 1371 2702 καὶ
1393 2647 1624 2719 δώματα
1642 2648 1847 2722 ὑψηλὰ,

1956 2677 2052 2732 que
2086 2670 2268 2719 autem
2306 2662 2571 2719 Phariszei
2622 2663 3031 2730 eonsultarunt,
3070 2668 3368 2735 praedicata
3428 2673 3557 2721 sunt

244 2740 308 2792 αι
358 2740 470 2793 τῶν
505 2741 821 2795 ἀποστόλων
857 2741 1066 2812 ὑψηλαὶ
1102 2740 1295 2812 ψυχαί.
1328 2741 1471 2797 Ὅσα
1504 2742 1564 2796 δὲ
1596 2745 1645 2797 oi
1674 2745 1846 2815 Φαρι-

1956 2765 2136 2825 postea
2171 2765 2224 2812 et
2256 2755 2437 2811 audita
2472 2758 2525 2812 in
2562 2756 2769 2815 lumine
2807 2757 3114 2829 Evangelii,
3152 2767 3337 2814 stante
3388 2773 3555 2830 super

247 2832 393 2885 σαῖοι
426 2830 798 2898 ἐϐουλεύοντο,
835 2832 1224 2906 ἐκηρύχθησαν
1256 2832 1507 2903 ὕστερον,
1546 2836 1642 2889 καὶ
1677 2836 1849 2907 ήκού-

1956 2848 2290 2919 apostolicas
2320 2851 2533 2907 animas
2562 2866 2767 2923 magno
2801 2853 3162 2921 praedicatore
3196 2852 3431 2924 Spiritu.

247 2926 462 3025 σθησαν
502 2928 584 3025 Atv
646 2927 726 2999 τῷ
762 2926 903 2983 φωτὶ
944 2925 1041 2981 τοῦ
1114 2926 1492 2996 Εύαγγελίου,
1543 2929 1639 2984 ἐπὶ
1677 2933 1789 2990 τῶν
1853 2941 2231 2999 ἀποστολικῶν
2277 2946 2468 3017 ψυχῶν
2516 2947 2813 3020 ἱσταμένου
2869 2948 2966 3003 τοῦ
3012 2950 3254 3020 μεγάλου
3312 2954 3559 3025 κήρυκος

245 3023 345 3078 τοῦ
378 3023 516 3077 Πνεύ
525 3039 719 3093 ματος.

326 3156 346 3190 ς
382 3136 543 3206 Λέγω
572 3136 629 3191 δὲ
656 3136 786 3207 ὑμῖν
813 3137 925 3199 τοῖς
944 3134 1118 3206 φίλοις
1149 3154 1274 3205 μου,
1328 3139 1403 3211 μὴ
1435 3139 1715 3215 φοϐηθῆτε
1741 3144 1851 3199 ἀπὸ

2032 3132 2194 3190 Vatis.
2222 3133 2345 3188 4-7.
2388 3152 2407 3187 ι
2444 3131 2578 3190 Dico
2612 3145 2797 3191 autem
2836 3136 2992 3191 vobis
3040 3138 3236 3194 amicis
3272 3144 3444 3207 meis,
3488 3156 3559 3197 ne
3643 3165 3646 3169 ~

245 3231 359 3286 τῶν
395 3229 827 3285 ἀποκτεινόντων
867 3229 931 3282 τὸ
971 3228 1155 3301 σῶμα,
1215 3232 1311 3284 καὶ
1360 3233 1504 3302 μετά
1550 3236 1728 3291 ταῦτα
1771 3238 1847 3311 μὴ

1958 3226 2271 3281 terreamini
2296 3225 2461 3298 366
2485 3228 2552 3282 ab
2577 3228 2662 3283 his
2691 3227 2785 3299 qui
2816 3229 3075 3284 occidunt
3102 3245 3328 3303 corpus,
3351 3241 3405 3288 et
3432 3243 3559 3305 post

246 3326 485 3399 ἑχόντων
512 3322 899 3395 περισσότερόν
933 3340 987 3376 τι
1021 3326 1269 3395 ποιῆσαι.
1318 3324 1609 3393 Ὑποδείξω
1636 3322 1692 3384 δὲ
1716 3332 1849 3403 ὑμῖν

1956 3317 2071 3373 haec
2100 3333 2205 3373 non
2241 3319 2444 3373 habent
2492 3320 2637 3390 quod
2684 3319 2920 3389 amplius
2985 3319 3209 3379 faciant.
3258 3324 3557 3382 Ostendam

246 3423 375 3475 τίνα
414 3418 714 3490 φοϐηθῆτε.
745 3416 1028 3488 Φοϐηθῆτε
1070 3420 1160 3471 τὸν
1208 3419 1349 3490 μετά
1390 3420 1449 3474 τὸ
1498 3422 1848 3493 ἀποκτεῖναι,

247 3516 502 3584 ἐξουσίαν
541 3515 735 3587 ἔχοντα
769 3514 1028 3582 ἐμϐαλεῖν
1058 3516 1138 3578 είς
1161 3514 1259 3585 τὴν
1287 3517 1534 3584 γέενναν.
1567 3518 1676 3573 Ναὶ
1703 3519 1850 3589 λέγω

247 3612 403 3681 υμῖν,
430 3608 616 3664 τοῦτον
642 3606 938 3679 φοϐηθῆτε.
959 3608 1093 3677 Οὐχὶ
1118 3607 1277 3661 πέντε
1304 3608 1563 3680 στρουθία
1585 3611 1849 3668 πωλεῖται

249 3703 534 3776 ἀσσαρίων
567 3701 692 3767 δύος
724 3702 833 3755 Καὶ
863 3699 924 3754 ἓν
968 3698 1029 3766 ἐξ
1057 3699 1237 3753 αὐτῶν
1271 3700 1372 3754 οὐκ
1415 3700 1563 3756 ἔστιν
1593 3704 1849 3776 ἐπιλελη-

250 3796 451 3865 σμένον
484 3792 717 3847 ὲνώπιον
769 3792 863 3846 τοῦ
918 3791 1077 3858 Θεοῦ,
1112 3791 1250 3847 ἀλλά
1292 3794 1387 3847 καὶ
1426 3795 1480 3847 αί
1509 3794 1695 3866 τρίχες
1748 3797 1850 3866 τῆς

248 3883 497 3954 κεφαλῆς
527 3883 684 3955 ὑμῶν
710 3883 881 3937 πᾶσαι
913 3881 1276 3954 ἠρίθμηνται.
1313 3883 1405 3955 Μὴ
1436 3879 1532 3939 οὖν
1564 3886 1846 3956 φοϐεῖσθε,

250 3976 465 4029 πολλῶν
498 3973 796 4045 στρουθίων
829 3974 1141 4046 διαφέρετε.
1179 3993 1197 4026 ι
1236 3974 1459 4048 Ἐπειδὴ
1482 3976 1583 4047 τῆς
1620 3978 1851 4049 ὑποκρί-

252 4084 393 4133 σεως
439 4067 551 4121 τῶν
594 4067 906 4137 Φαρισαίων
961 4067 1344 4139 κατηγόρησεν
1390 4071 1418 4122 ὁ
1471 4069 1701 4140 Κύριος,
1758 4071 1851 4124 καὶ

250 4162 559 4233 ἀπέστησεν
612 4162 784 4232 αὐτῆς
821 4162 948 4225 τοὺς
994 4160 1158 4215 αὑτοῦ
1208 4162 1482 4233 μαθητὰς,
1520 4163 1617 4216 καὶ
1654 4166 1713 4217 ὲν
1770 4164 1850 4236 τῷ

255 4259 409 4331 μέσῳ
437 4258 494 4312 δὲ
531 4258 692 4313 πάλιν
719 4259 843 4321 τοὺς
882 4257 1211 4328 Φαρισαίους
1247 4257 1482 4331 ἐπληττε
1514 4258 1606 4313 διὰ
1636 4260 1730 4314 τοῦ
1763 4260 1850 4314 λέ-

252 4368 406 4421 γειν·
440 4370 459 4404 ι
490 4351 554 4404 Ὃ
571 4350 765 4404 εἴπατε
799 4351 857 4403 ἔν
895 4352 962 4422 τῇ
998 4353 1213 4423 σκοτίᾳ,
1247 4350 1653 4425 ἀκουσθήσεται
1680 4355 1737 4406 ὲν
1771 4353 1849 4425 τῷ

254 4444 415 4513 φωτὶ,
456 4461 476 4496 ι
510 4443 606 4498 νῦν
636 4443 771 4515 πρὸς
820 4445 945 4507 τοὺς
1002 4443 1191 4513 φίλους
1228 4445 1397 4498 αὑτοῦ
1430 4445 1499 4499 τὰ
1534 4446 1849 4519 τελειότερα

253 4506 583 4606 ϐιαλέγεται.
622 4506 765 4601 Τάς-
788 4538 898 4610 γάρ
928 4506 1182 4601 Ϋάκάνθας
1223 4532 1425 4604 ἐξελὼν
1465 4540 1589 4611 ήδη,
1632 4506 1851 4612 σπείρει
1883 4506 1927 4561 υ

254 4630 318 4683 τὸ
351 4628 556 4699 ἀγαθὸν
600 4628 845 4703 σπέρμα.
882 4630 1041 4699 Λέγω
1072 4631 1129 4685 δὲ
1164 4631 1296 4702 ὑμῖν
1334 4636 1444 4696 τοῖς
1491 4633 1667 4703 φίλοις
1711 4651 1814 4704 μου
1837 4651 1852 4667 ο

256 4722 325 4777 τὰ
372 4723 480 4795 γὰρ
525 4723 795 4795 πρότερον
846 4722 1118 4795 λεγόμενα
1167 4725 1226 4779 ού
1276 4725 1413 4797 πρὸς
1442 4726 1642 4790 αὐτοὺς
1690 4723 1852 4798 ἦσαν,

256 4814 395 4869 ἀλλά
418 4816 552 4884 πρὸς
585 4817 711 4880 τοὺς
738 4816 1093 4889 Φαρισαίους’
1130 4818 1260 4887 ὑμῖν
1292 4812 1386 4870 οὖν
1434 4816 1581 4884 λέγω
1620 4819 1734 4880 τοῖς
1766 4818 1857 4888 φί-

256 4907 372 4971 λοις
402 4925 523 4979 μου·
550 4910 611 4962 ού
644 4912 777 4964 πᾶσι
810 4914 920 4982 γάρ
945 4908 1179 4982 ἁρμόζει
1210 4913 1237 4964 ό
1262 4911 1419 4980 λόγος
1451 4904 1629 4977 οὗτος,
1662 4911 1778 4965 ἀλλ’
1805 4911 1855 4965 οἳ

258 4998 319 5065 ἒξ
347 4999 476 5070 ὅλης
500 4999 680 5072 ψυχῆς
704 5001 1006 5073 ἠγάπησαν
1034 5002 1218 5063 αὑτὸν,
1255 5004 1349 5056 καὶ
1386 5002 1437 5056 οἳ
1484 5001 1739 5057 δύνανται
1766 5004 1854 5059 λέ-

260 5107 411 5161 γειν·
445 5092 539 5155 Τίς
570 5093 716 5163 ἡμᾶς
755 5093 982 5166 χωρίσει
1011 5094 1121 5149 ἀπὸ
1161 5096 1259 5165 τῆς
1290 5095 1512 5167 ἀγάπης
1546 5095 1643 5149 τοῦ
1680 5096 1853 5163 Θεοῠ;

261 5184 390 5248 Τοῖς
415 5183 676 5246 τοιούτοις
704 5186 939 5257 ἁρμόζει
977 5185 1120 5259 αὕτη
1164 5190 1198 5259 ή
1229 5189 1578 5259 παραίνεσις.
1620 5188 1712 5260 Μὴ
1758 5206 1857 5259 φο-

263 5276 489 5349 ϐηθῆτε,
520 5277 707 5348 φησιν,
732 5278 842 5333 ἀπὸ
869 5278 979 5335 τῶν
1009 5279 1448 5334 ἀποκτεινόντων
1478 5281 1537 5334 τὸ
1560 5280 1742 5353 σῶμα,
1764 5284 1860 5336 καὶ

268 5370 438 5443 μηδὲν
465 5369 659 5425 τούτου
697 5370 861 5427 πλέον
895 5372 1155 5444 βλάπτειν
1191 5374 1447 5445 ἐχόντων.
1491 5374 1585 5437 Εἰς
1613 5374 1722 5445 γὰρ
1767 5392 1858 5444 μισ

261 5462 395 5535 κρὸν
418 5465 451 5533 ή
476 5464 569 5517 ἀπ’
594 5463 773 5520 αὐτῶν
791 5464 965 5537 ζημία
989 5465 1363 5539 περιίσταται,
1397 5467 1558 5537 σῶμα
1582 5466 1851 5536 βλαπτόνα

264 5573 395 5621 των,
422 5555 451 5609 ὃ
480 5555 539 5611 τὸ
570 5558 770 5611 οίκεῖον
804 5558 1074 5625 πείσεται,
1113 5560 1216 5614 κάν
1245 5560 1399 5614 αὐτοὶ
1441 5560 1517 5633 μὴ
1553 5560 1854 5631 βλάψωσιν.

277 5648 517 5704 Ἐκεῖνον
542 5649 600 5704 δὲ
622 5649 772 5715 ἀξιον
794 5651 1078 5720 φοϐεῖσθαι
1109 5653 1203 5706 τὸν
1227 5653 1287 5707 ού
1323 5653 1485 5725 μόνον
1516 5654 1677 5725 σῶμα
1703 5653 1861 5709 κολάο

264 5742 447 5809 ζοντα,
474 5742 612 5798 ἀλλὰ
634 5744 724 5797 καὶ
751 5743 951 5817 ψυχὴν,
974 5745 1035 5799 τὸ
1060 5744 1329 5801 ἀθάνατον
1352 5749 1544 5819 χρῆμα
1570 5746 1862 5811 ἀθανάτοις

332 5926 376 5957 ⁸³
405 5925 563 5981 Rom.
604 5940 722 5991 \‘Ill,
748 5926 838 5979 33$.

1958 3419 2142 3465 autem
2175 3410 2332 3465 vobis
2364 3426 2528 3480 quem
2565 3411 2826 3466 timeatis.
2861 3411 3073 3469 Timete
3106 3430 3228 3471 eum
3259 3419 3353 3488 qui
3388 3428 3558 3490 post~

1957 3516 2120 3572 quam
2169 3502 2455 3568 occiderit,
2514 3502 2681 3558 habet
2737 3513 3061 3573 potestatem
3110 3508 3435 3578 conjiciendi
3504 3512 3557 3565 ii-

1958 3594 2283 3664 gehennam.
2336 3594 2498 3651 Certe
2532 3596 2656 3651 dico
2692 3598 2868 3664 vobis,
2902 3599 3048 3657 hunc
3102 3602 3313 3658 timete.
3364 3603 3561 3661 Nonne

1957 3688 2199 3758 quinque
2248 3688 2551 3757 passerculi
2610 3700 2854 3746 veneunt
2916 3692 3139 3749 minutis
3173 3696 3394 3751 assibus
3428 3698 3561 3751 duo-

1958 3779 2094 3835 bus?
2133 3788 2189 3833 et
2228 3795 2371 3836 unus
2417 3796 2482 3836 ex
2519 3780 2624 3835 illis
2658 3795 2764 3835 non
2796 3793 2885 3837 est
2930 3784 2987 3839 in
3040 3784 3316 3842 oblivione
3369 3804 3557 3842 eorum

1959 3873 2091 3930 Deo.
2127 3872 2351 3940 Quin'et
2379 3873 2561 3945 capilli
2609 3872 2806 3943 capitis
2846 3876 3013 3931 vestri
3063 3892 3257 3934 omnes
3287 3880 3560 3934 numerati

1959 3976 2090 4025 sunt
2122 3986 2134 4021 :
2171 3968 2341 4023 nolite
2371 3982 2501 4039 ergo
2532 3967 2731 4023 timere
2765 3986 2778 4023 :
2807 3968 2993 4025 multis
3027 3973 3351 4040 passeribus
3387 3974 3562 4044 pluris

1957 4062 2116 4118 estis.
2150 4080 2168 4114 ι
2197 4060 2496 4133 Postquam
2527 4062 2788 4118 Dominus
2816 4063 3130 4136 hypocrisin
3156 4066 3559 4123 Phariszeorum

1958 4149 2261 4217 accusavit,
2304 4160 2357 4207 et
2383 4150 2685 4221 discipulos
2708 4166 2839 4209 suos
2867 4154 3043 4208 abilla
3060 4156 3345 4224 deterruit,
3394 4159 3559 4215 etin-

1959 4244 2116 4296 terim
2136 4239 2442 4298 Pharisaeos
2474 4244 2674 4299 iterum
2698 4246 3019 4315 perstrinxit
3041 4262 3137 4315 per
3156 4248 3262 4303 hoc
3292 4252 3439 4319 quod
3477 4251 3563 4305 di-

1957 4333 2069 4387 xit:
2099 4352 2116 4386 ι
2147 4333 2301 4400 Quod
2321 4334 2609 4390 dixistisin
2632 4338 2895 4402 tenebris,
2916 4338 3238 4393 audieturin
3261 4340 3465 4396 lumine
3490 4358 3507 4399 :
3536 4359 3559 4396 ι

1960 4443 2104 4484 nunc
2166 4428 2233 4483 ad
2290 4430 2495 4485 amicos
2557 4445 2687 4487 suos
2746 4434 3073 4502 perfectiora
3141 4433 3404 4505 loquitur.
3456 4437 3565 4495 Ubi

1957 4523 2105 4577 enim
2131 4523 2320 4592 spinas
2348 4524 2617 4591 exsecuit,
2638 4524 2751 4595 jam
2768 4535 2824 4581 et
2852 4527 3057 4582 bonum
3089 4542 3276 4584 semen
3300 4532 3559 4587 seminat.

1957 4616 2088 4671 Dico
2122 4626 2304 4672 autem
2345 4618 2499 4673 vobis
2526 4618 2720 4675 amicis
2750 4621 2909 4675 meis.
2946 4622 3022 4675 Ea
3054 4623 3202 4676 enim
3241 4638 3365 4694 quae
3405 4626 3558 4695 prius

1958 4710 2192 4777 dixerat,
2220 4712 2407 4765 nonad
2430 4712 2599 4781 ipsos,
2624 4714 2720 4769 sed
2740 4714 2807 4768 ad
2830 4712 3139 4770 Pharisaeos
3157 4718 3301 4772 dicta
3324 4718 3561 4779 fuerant.

1960 4804 2128 4860 Vobis
2159 4805 2324 4876 igitur
2357 4804 2486 4861 dico
2539 4806 2732 4862 amicis
2782 4808 2942 4863 meis.
2981 4805 3096 4864 Non
3131 4810 3277 4864 enim
3310 4811 3563 4869 omnibus

1961 4913 2143 4955 sermo
2162 4900 2250 4956 ille
2268 4903 2544 4971 congruit,
2563 4903 2656 4956 sed
2680 4902 2766 4958 his
2782 4903 2873 4973 qui
2893 4919 2957 4960 ex
2980 4912 3094 4960 toto
3116 4907 3284 4963 corde
3306 4909 3543 4977 diligunt

1959 5004 2014 5047 ct
2046 4992 2232 5048 dicere
2262 5004 2486 5063 possunt
2522 5010 2535 5047 :
2571 4994 2704 5061 Quis
2736 5012 2835 5051 nos
2862 4999 3139 5067 separabit
3190 5015 3217 5053 a
3269 4997 3559 5053 dilectuun

1960 5084 2165 5142 ChriSIi
2190 5085 2281 5141 lu?
2310 5086 2533 5143 Talibus
2563 5088 2708 5143 enim
2740 5087 3043 5146 admonitio
3067 5092 3153 5146 illa
3183 5097 3462 5151 convenit.
3488 5092 3566 5151 Ne

1964 5179 2226 5246 timeatis,
2263 5180 2460 5250 inquit,
2502 5183 2569 5237 ab
2623 5182 2709 5237 bis
2768 5182 2863 5252 qui
2932 5185 3193 5240 occidunt
3256 5186 3577 5259 corpus,et'

1964 5272 2096 5327 nihil
2143 5274 2376 5343 amplius
2429 5289 2625 5331 nocere
2668 5285 2921 5345 p’ssunt.
2951 5276 3185 5333 Parvum
3220 5280 3369 5336 enim
3407 5285 3553 5337 dam-

1965 5382 2091 5419 num
2122 5370 2189 5420 ab
2220 5367 2325 5422 illis
2352 5368 2591 5434 eveniat,
2619 5372 2709 5438 qui
2748 5374 2963 5442 corpori
3000 5384 3221 5441 nocent,
3251 5375 3397 5445 quod
3431 5376 3564 5431 alio-

1962 5460 2053 5529 qui
2083 5476 2375 5531 passurum
2410 5475 2579 5529 esset,
2616 5464 2782 5519 etiam
2816 5465 2923 5521 illis
2952 5482 3061 5522 non
3091 5468 3437 5524 laedentibus.
3474 5468 3567 5524 Illo

1963 5562 2145 5608 autem
2185 5555 2382 5625 dignus
2425 5558 2513 5626 qui
2561 5558 2843 5624 timeatur,
2874 5559 2967 5631 qui
3005 5575 3111 5614 non
3154 5561 3333 5615 solum
3366 5577 3566 5632 corpus

1963 5647 2141 5718 punit,
2157 5649 2251 5703 sed
2270 5651 2601 5715 etanimam,
2619 5652 2988 5708 immortalem
3009 5656 3437 5727 possessionem,
3463 5657 3563 5710 im-

1965 5740 2284 5798 mortalibus
2316 5742 2531 5813 subjicit
2566 5747 2769 5815 pmuis,
2794 5748 2972 5819 iisque
3008 5750 3348 5806 ardentibus.
3380 5751 3568 5819 Itaque
