4110 6332
546 413 678 476 ’⁵879

1491 404 2070 468 THEOPl-IYLACTI
2107 401 2523 466 BULGARI/E
2568 400 2928 463 ARCHIEP.

3734 398 3847 463 830

565 525 621 579 in
652 521 983 593 spiritualem
1015 517 1381 574 fortitudinem
1408 519 1560 587 ungit
1583 527 1636 571 et
1660 526 1927 585 praeparat
1949 518 2153 571 amicos

2274 512 2633 567 5πο6ἁλλοντα
2683 511 3000 583 τιμωρίαις,
3049 512 3140 566 καὶ
3192 515 3418 577 ταύταις
3471 513 3528 566 ἐν
3571 513 3731 585 πυρί,
3771 515 3852 577 εἰς

560 630 698 673 suos
743 613 1017 675 Christus,
1070 619 1344 678 testesque
1394 623 1521 663 suos
1580 606 1730 673 facit,
1779 622 1842 661 ac
1912 609 2149 661 humano

570 721 714 767 metu
747 708 915 764 exuit.
945 703 1205 759 lloinines
1236 703 1405 765 enim,
1437 704 1630 771 inquit,
1661 703 1796 754 iram
1828 715 1983 754 suam
2008 700 2147 753 ultra

571 799 929 870 eorruptibile
975 811 1171 867 corpus
1221 797 1511 851 extendere
1560 801 1860 864 nequeunt,
1914 793 2150 860 finisque

571 894 891 949 insidiarum
923 890 1138 945 illorum
1159 898 1348 945 contra
1377 873 1478 942 nos
1522 887 1704 941 carnis
1733 900 1882 940 mors
1910 894 2013 938 est.
2044 885 2150 939 Deo

569 993 748 1038 autem
780 984 1056 1054 puniente,
1086 996 1192 1034 non
1217 981 1406 1034 carnis
1438 978 1611 1033 solum
1646 979 1905 1031 damnum
1932 985 2033 1038 est,
2055 975 2148 1030 sed

567 1086 623 1131 et
660 1076 861 1131 misera
893 1074 1071 1129 anima
1109 1089 1230 1128 cttm
1264 1073 1545 1142 suppliciis
1579 1072 1747 1125 vadit.
1780 1070 1938 1125 Scito
1970 1079 2148 1123 autem

571 1171 671 1222 hoc
714 1168 852 1232 loco,
899 1167 1042 1235 quod
1105 1165 1486 1234 peccatoribus
1532 1178 1677 1217 mors
1718 1165 1784 1216 ad
1826 1163 2149 1230 supplicium

569 1257 822 1324 infertur,
848 1268 903 1312 et
940 1259 992 1310 in
1026 1256 1129 1310 hac
1175 1257 1281 1309 vita
1330 1257 1626 1326 puniuntur
1654 1269 1777 1307 cum
1809 1254 2149 1316 occiduntur,

567 1358 621 1404 et
661 1349 712 1402 iu
742 1350 849 1402 alia
881 1348 1007 1402 dttm
1048 1347 1102 1400 in
1143 1347 1441 1415 gehennam
1476 1345 1859 1412 conjiciuntur.
1898 1343 2154 1398 Perscru-

573 1452 692 1493 tans
734 1450 912 1492 autem
941 1437 1190 1503 verbum,
1219 1439 1383 1492 etiam
1419 1437 1564 1491 aliud
1596 1439 1850 1506 quiddam
1885 1437 2046 1490 simul
2075 1438 2153 1489 iu-

574 1527 796 1597 telliges.
826 1523 990 1580 Vides
1018 1528 1160 1580 enim
1194 1527 1337 1594 quod
1373 1542 1475 1579 non
1514 1526 1651 1579 dixit
1683 1524 1977 1580 :Metuatis
2001 1541 2149 1591 eum,

569 1618 663 1689 qui
693 1627 976 1688 postquam
1015 1617 1299 1681 occiderit,
1335 1619 1504 1671 mittit
1562 1618 1614 1670 in
1669 1621 1995 1686 gehennam,
2029 1618 2152 1681 sed,

573 1711 858 1765 habentem
901 1718 1230 1780 potestatem
1274 1711 1546 1764 mittendi.
1576 1708 1691 1763 Non
1740 1712 1884 1764 enim
1941 1725 2155 1778 semper

570 1805 667 1873 qui
713 1803 1017 1857 moriuntur
1048 1814 1386 1872 peccatores,
1421 1803 1708 1857 mittuntur
1733 1804 1784 1856 in
1824 1804 2148 1871 gehennam,

576 1872 670 1950 sed
720 1907 848 1950 sunt
874 1899 925 1951 in
955 1906 1226 1965 potestate
1264 1893 1379 1956 Dei,
1414 1904 1474 1949 ut
1500 1897 1663 1949 ctiam
1697 1897 1894 1950 dimitti
1927 1896 2151 1964 possint.
2189 1872 2232 1928 Β

577 1982 691 2040 Hoc
730 1996 913 2038 autem
963 1985 1085 2041 dico
1118 1994 1347 2055 propter
1384 1986 1688 2040 oblationes
1727 1996 1782 2040 et
1820 1986 2159 2040 distributio-

578 2093 672 2132 nes
705 2092 824 2147 quaa
857 2078 1105 2147 liuntpro
1133 2079 1424 2143 defunctis,
1458 2094 1579 2149 quae
1606 2095 1707 2132 non
1737 2094 1923 2147 parum
1953 2077 2157 2132 condu-

579 2179 707 2224 cunt
734 2170 898 2222 etiam
943 2169 1026 2224 his
1049 2171 1138 2237 qui
1169 2170 1219 2222 in
1243 2170 1500 2240 gravibus
1532 2170 1767 2237 pereatis
1792 2169 1988 2223 mortui
2013 2178 2160 2223 sunt.

581 2261 698 2316 Non
725 2262 948 2316 omnino
993 2263 1155 2333 igitur
1197 2274 1481 2332 poSIquam
1533 2263 1732 2316 occidit
1781 2263 1944 2316 mittit
1984 2263 2036 2316 in
2073 2277 2163 2332 ge-

583 2355 845 2421 hennam,
876 2355 969 2409 sed
1003 2362 1332 2425 potestatem
1371 2357 1530 2408 habet
1571 2354 1845 2409 mit-tendi.
1894 2354 1970 2409 Ne
2001 2356 2166 2424 igitur

582 2459 861 2501 cessemus
903 2460 996 2515 per
1060 2447 1434 2516 eleemosynas
1473 2456 1527 2499 et
1581 2446 2002 2500 intercessiones
2030 2462 2157 2514 pro-

583 2537 780 2604 pitium
815 2538 1044 2590 reddere
1072 2551 1195 2590 eum
1234 2540 1324 2605 qui
1351 2546 1671 2606 potestatem
1696 2539 1862 2591 habet
1894 2539 2164 2606 mittendi,

581 2643 689 2683 non
741 2643 956 2697 semper
994 2639 1176 2683 autem
1235 2640 1498 2696 potestate
1537 2633 1638 2685 hac
1681 2641 1943 2695 utentem,
1982 2633 2076 2687 sed
2114 2643 2167 2688 et

581 2721 848 2776 valentem
928 2720 1090 2792 367
1168 2723 1445 2778 remittere
1523 2726 1804 2792 quiddam.
1896 2723 2164 2790 Quoniam

585 2823 763 2870 autem
801 2813 952 2867 multi
992 2823 1180 2881 putant
1212 2815 1508 2868 morientes
1553 2829 1654 2884 pro
1694 2817 1924 2870 veritate
1979 2832 2006 2868 a
2061 2817 2169 2871 Deo

582 2904 871 2960 derelictos
902 2901 1012 2958 :Ne
1046 2906 1146 2958 hoc
1161 2904 1486 2959 existimetis
1520 2919 1635 2969 vos,
1658 2905 1834 2974 inquit
1857 2923 1874 2973 ;
1897 2920 2003 2959 non
2025 2909 2168 2961 enim

588 2996 894 3050 moriemini
927 2997 1083 3065 quasi
1121 3011 1150 3047 a
1188 3010 1274 3048 me
1297 2997 1564 3050 derelicti.
1609 2995 1663 3050 Si
1705 2998 1850 3051 enim
1898 2998 2077 3054 nullus
2103 3013 2171 3053 ex

587 3089 919 3159 passerculis
949 3089 1037 3158 qui
1066 3088 1394 3154 venduntur,
1416 3091 1470 3143 in
1491 3090 1762 3145 oblivione
1796 3101 1901 3158 est,
1941 3093 2169 3146 multum
2205 3079 2208 3082 ’

2254 605 2478 674 ἀνδρίαν
2504 601 2598 658 οὖν
2632 603 3011 675 πνευματικὴν
3043 602 3257 673 ἀλείφει
3290 605 3417 668 τοὺς
3442 605 3613 658 αὑτοῦ
3659 606 3851 674 φίλους

2253 700 2280 751 ὁ
2309 698 2565 769 Χριστὸς,
2620 699 2904 768 μάρτυρας
2959 696 3158 760 αὐτοὺς
3187 696 3582 768 ἐργαζόμενος,
3634 698 3731 753 καὶ
3766 699 3853 750 τὸν

2254 790 2364 843 τῶν
2389 788 2692 862 ἀνθρώπων
2721 789 2886 859 φόϐον
2913 789 3009 841 ἀπ’
3045 788 3227 843 αὐτῶν
3263 789 3564 845 ἐκϐάλλων.
3595 790 3849 859 Ἀνθρω-

2255 899 2347 935 ποι
2366 883 2672 953 γάρ,φησὶ,
2697 881 2859 952 μέχρι
2880 880 2973 933 τοῦ
2999 881 3244 952 φθαρτοῦ
3267 881 3519 951 σώματος
3545 882 3852 934 ἐκτείνουσι

2253 974 2352 1035 τὰς
2373 973 2563 1044 ὀργὰς,
2583 974 2678 1026 καὶ
2701 974 2873 1044 πέρας
2895 974 3075 1027 αὐτῶν
3099 975 3198 1042 τῆς
3223 974 3344 1026 καθ’
3364 974 3522 1044 ἡμῶν
3548 975 3852 1042 ἐπιϐουλῆς

2253 1067 2282 1118 ὁ
2305 1067 2404 1138 τῆς
2434 1068 2636 1135 σαρκὸς
2665 1065 2917 1126 θάνατος·
2954 1066 3090 1119 Θεοῦ
3130 1066 3185 1118 δὲ
3214 1066 3558 1130 κολάζοντος,
3595 1067 3656 1118 οὐ
3689 1068 3849 1136 p.519;

2258 1159 2426 1228 μόνης
2450 1158 2701 1228 σαρκὺςή
2730 1159 2901 1227 ζημία
2943 1161 3225 1224 στήσεται,
3273 1158 3406 1211 ἀλλὰ
3436 1160 3531 1212 καὶ
3560 1158 3700 1228 αὐτὴ
3732 1175 3854 1209 συν-

2265 1250 2540 1316 υπάγεται
2574 1251 2695 1310 ταῖς
2730 1248 2934 1310 αἰκίαις
2973 1249 3003 1316 ἡ
3047 1248 3203 1301 ἀθλία
3239 1248 3404 1318 ψυχή.
3443 1248 3766 1318 Σηίιείωσαι
3798 1249 3850 1300 δέ

2255 1341 2528 1404 ἐντεῦθεν,
2553 1340 2634 1394 ὅτι
2671 1341 2784 1402 τοῖς
2821 1341 3169 1411 ἁμαρτωλοῖς
3201 1341 3226 1391 ὁ
3253 1341 3482 1402 Θάνατος
3510 1341 3645 1408 πρὸ,
3675 1357 3851 1409 τιμω-

2262 1434 2379 1503 ρίαν
2409 1434 2697 1500 ἐπάγεται,
2724 1433 3006 1486 κάνταῦθα
3041 1433 3430 1502 κολαζομένοις
3461 1433 3550 1484 διὰ
3588 1431 3686 1484 τοῦ
3721 1434 3856 1483 irro-

2258 1526 2587 1591 κτείνεσθαι,
2623 1528 2846 1578 κάκεῖσε
2883 1526 3018 1593 μετὰ
3059 1525 3231 1578 ταῦτα
3267 1527 3346 1586 είς
3377 1527 3608 1592 γέενναν
3645 1525 3853 1593 ἐμϐαλ-

2257 1617 2525 1687 λομένοις.
2594 1617 2892 1682 Ἐξετάζων
2949 1619 3004 1671 δὲ
3057 1618 3154 1687 τὴν
3203 1618 3368 1683 λέξιν,
3406 1620 3500 1670 καί
3555 1637 3608 1672 τι
3668 1620 3860 1688 ἕτερον

2258 1711 2554 1782 ἐννοήσεις.
2580 1693 2728 1780 Ὅρα.
2745 1711 2852 1781 γὰρ
2875 1712 2954 1763 ὅτι
2980 1712 3079 1764 οὐκ
3107 1707 3252 1764 εἷπε.⁸
3288 1712 3570 1783 Φοϐήθητε
3600 1713 3690 1766 τὸν
3717 1712 3858 1782 μετὰ

2241 1801 2318 1856 τὸ
2340 1803 2659 1854 ἀποκτεῖναι
2695 1801 2957 1871 βάλλοντα
2996 1804 3070 1864 είς
3109 1802 3490 1872 τῆν’γέενναν,
3525 1804 3670 1868 ἀλλ’,
3708 1807 3862 1869 ἐξου-

2265 1892 2383 1944 σίαν
2414 1891 2609 1962 ἔχοντα
2627 1891 2832 1962 βαλεῖνι
2864 1894 2939 1945 Οὐ
2967 1895 3073 1964 γὰρ
3101 1896 3317 1956 παντως
3339 1897 3384 1948 oi
3409 1896 3862 1965 ἀποθνήσκοντες

2265 1982 2583 2052 ἁμαρτωλοὶ
2623 1982 2908 2053 βάλλονται
2962 1988 3042 2047 εἰς
3092 1985 3191 2054 τὴν
3240 1985 3488 2053 γέενναν,
3533 1988 3651 2038 ἀλλ’
3694 1990 3752 2041 ἐν
3796 1991 3862 2059 τῇ

2266 2073 2484 2145 ἐξουσίᾳ
2510 2077 2689 2127 κεῖται
2718 2075 2880 2127 τοῦτο
2907 2075 3000 2127 τοῦ
3052 2075 3211 2138 Θεοῦ,
3245 2075 3385 2129 ὥστε
3425 2080 3518 2130 καὶ
3553 2079 3613 2130 τὸ
3647 2080 3864 2148 συγχὼ⁴

2269 2169 2404 2237 ρεῖν.
2433 2166 2602 2220 Τοῦτο
2629 2168 2686 2220 δὲ
2720 2167 2867 2235 λέγω
2909 2169 2995 2220 διὰ
3022 2169 3121 2228 τὰς
3159 2170 3251 2221 ἐπὶ
3289 2172 3401 2232 τοῖς
3435 2174 3870 2241 κεκοιμημένοις

2266 2259 2564 2327 γενομένας
2590 2260 2907 2330 προσφορὰς
2941 2262 3036 2312 καὶ
3063 2261 3160 2323 τὰς
3189 2262 3479 2326 διαδόσεις,
3516 2263 3573 2315 οἳ
3600 2266 3660 2316 οὑ
3692 2267 3871 2334 μικρὰ

2269 2350 2580 2404 συντελοῦσι
2638 2354 2753 2413 τοῖς
2797 2353 2892 2404 καὶ
2924 2354 2981 2404 ἐν
3020 2353 3320 2422 ἁμαρτίαις
3366 2355 3618 2424 βαρείαις
3659 2359 3873 2409 ἀποθα-

2267 2442 2468 2498 νοῦσιν.
2499 2444 2576 2497 Οὐ
2601 2446 2822 2508 πάντως
2845 2445 2937 2498 οῦν
2972 2447 3110 2515 μετά
3133 2447 3194 2498 τὸ
3217 2449 3543 2500 ἀποκτεῖναι
3574 2447 3763 2517 βάλλει
3787 2452 3871 2512 εἰς

2266 2539 2366 2606 τὴν
2395 2538 2642 2606 γέενναν,
2675 2540 2789 2592 ἀλλ’
2842 2539 3092 2604 ἐξουσίαν
3143 2540 3257 2610 ἔχει
3305 2541 3513 2609 βαλεῖν.
3551 2544 3644 2614 Μὴ
3687 2544 3872 2595 τοίνυν

2269 2628 2607 2699 ἐλλείψωμεν
2631 2632 2817 2700 ἡμεῖς,
2853 2630 3246 2694 σπουδάζοντες
3271 2632 3339 2693 διῗ
3363 2632 3752 2703 ἐλεημοσυνῶν
3777 2636 3875 2688 καὶ

2270 2722 2582 2790 πρεσόειῶν
2613 2722 2952 2787 ἐξιλεοῦσθαι
2993 2724 3083 2776 τὸν
3128 2725 3378 2789 ἐξουσίαν
3412 2727 3509 2794 μὲν
3542 2727 3739 2798 ἔχοντα
3773 2728 3876 2798 βαι

2269 2812 2402 2877 λεῖν,
2438 2814 2498 2865 οὐ
2543 2813 2761 2877 πάντως
2807 2816 2902 2867 καὶ
2949 2818 3015 2885 τῇ
3060 2814 3281 2887 ἐξουσίᾳ
3333 2817 3507 2889 ταύτῃ
3555 2819 3873 2890 χρώμενον,

2272 2903 2409 2956 ἀλλά
2437 2905 2530 2958 καὶ
2569 2908 2873 2976 συγχωρεῖν
2905 2906 3225 2976 δυνάμενον.
3277 2910 3430 2963 Ἐπεὶ
3465 2911 3520 2962 δὲ
3556 2912 3745 2965 πολλοὶ
3773 2911 3868 2966 τὸν

2273 2997 2411 3068 ὑπὲρ
2467 2998 2568 3070 τῆς
2627 2998 2884 3070 ἀληθείας
2940 3000 3171 3054 θάνατον
3225 3004 3617 3073 ἐγκατάλειψιν
3671 3010 3890 3061 οἴονται

2274 3083 2406 3140 Θεοῦ
2434 3104 2447 3117 °
2504 3087 2596 3158 Μὴ
2627 3088 2804 3154 τοῦτο,
2842 3090 3027 3159 φησὶν,
3074 3091 3234 3160 ὑμεῖς
3263 3092 3502 3164 οἰηθῆτε.
3541 3097 3618 3148 Οὐ
3653 3098 3763 3167 γὰρ
3797 3098 3880 3159 ὡς

591 3183 745 3236 abest
776 3190 835 3235 ut
871 3191 1049 3235 vestra
1091 3195 1258 3247 mors,
1290 3183 1379 3250 qui
1415 3182 1574 3237 amici
1608 3184 1716 3236 mei
1746 3184 1902 3246 estis,
1928 3184 2049 3240 talis
2075 3186 2165 3251 sit,

2274 3180 3008 3255 ὲγκαταλιμπανόμενοιρπ¹
3041 3184 3202 3253 ἐμοῦ,
3241 3186 3462 3255 μέλλετε
3495 3187 3777 3258 θνήσκειν.
3809 3191 3880 3242 Εἰ

584 3273 740 3346 quasi
786 3289 890 3344 ego
947 3289 1050 3329 non
1111 3275 1425 3345 provideant
1462 3276 1638 3332 vobis.
1665 3277 1928 3347 Equidem
1965 3289 2170 3335 tantam

590 3367 759 3423 vestri
803 3383 989 3422 curant
1045 3383 1197 3436 gero,
1235 3376 1293 3421 ut
1343 3379 1398 3422 et
1424 3371 1606 3424 omnia
1663 3383 1846 3427 vestra
1900 3375 2175 3432 subtiliter

593 3470 876 3531 perspecta
906 3463 1034 3525 sint,
1069 3471 1120 3516 et
1153 3463 1420 3516 numerati
1461 3464 1640 3534 capilli
1677 3466 1868 3522 vestti.
1915 3465 2175 3534 Quamvis

594 3549 758 3619 igitur
791 3563 886 3604 vos
918 3550 968 3602 in
1004 3551 1356 3604 tentationem
1389 3553 1582 3606 cadere
1611 3555 1945 3622 permittam,
1978 3570 2176 3626 suppe-

592 3641 776 3712 ditabo
804 3652 987 3696 tamen
1018 3641 1251 3696 ubertim
1281 3642 1575 3698 sufl'ereudi
1612 3646 1776 3702 vires.
1803 3645 1958 3716 Saepe
1988 3660 2172 3704 autem

593 3733 634 3788 si
689 3750 848 3803 quem
896 3735 1247 3806 infirmiorem
1296 3737 1502 3801 videro,
1553 3753 1662 3792 non
1720 3741 1981 3808 permitto
2025 3741 2171 3796 illum

594 3827 646 3880 in
683 3827 1012 3883 tentationes
1047 3829 1310 3883 incidere.
1352 3828 1486 3884 Nam
1539 3833 1629 3898 qui
1680 3846 1797 3885 sum
1837 3841 2079 3898 curator,
2123 3845 2178 3889 et

594 3919 777 3974 omnia
813 3922 948 3975 bene
977 3923 1108 3986 scio,
1136 3921 1194 3975 et
1243 3933 1524 3975 numerata
1572 3921 1746 3977 habeo
1783 3924 1950 3979 eti-am
1997 3926 2179 3981 minu-

593 4012 828 4076 tissima,
893 4014 1163 4067 distribuo
1216 4013 1507 4082 unicuique
1548 4016 1691 4084 quod
1741 4032 1852 4071 sua:
1911 4033 2178 4074 mensura:

601 4109 872 4178 congruit.
895 4106 1064 4163 Porro
1083 4109 1126 4164 si
1144 4108 1544 4176 observaveris,
1562 4111 1614 4163 in
1639 4111 1919 4182 Scriptura
1937 4114 2178 4170 invenies

601 4201 875 4255 uunierari
904 4202 1087 4262 omnia
1119 4201 1294 4255 virilia
1327 4211 1381 4256 et
1411 4217 1532 4270 quae
1567 4203 1632 4256 ad
1662 4219 1974 4259 mensuram
2006 4207 2179 4262 virilis

599 4293 775 4347 aetatis
818 4295 1162 4362 perveniunt,
1197 4295 1467 4361 dignaque
1519 4295 1699 4348 divina
1744 4296 2174 4352 enumeratione.

603 4385 706 4440 Per
739 4391 902 4452 caput
940 4393 1122 4436 autem
1165 4382 1594 4450 uniuscujusque
1652 4379 1857 4436 Citriin
1917 4382 2174 4449 fidelium,

605 4476 950 4545 inteliigenda
974 4476 1081 4527 vita
1105 4473 1320 4528 Christo
1335 4485 1484 4542 grata
1505 4490 1518 4532 ;
1539 4489 1633 4541 pcr
1655 4475 1876 4542 capillos
1898 4489 2024 4529 vero
2040 4477 2178 4544 ejus,

2277 3273 2511 3345 γὰρκαὶ
2559 3273 2670 3328 τῶν
2713 3275 3012 3344 στρουθίων
3041 3277 3150 3328 τῶν
3185 3278 3558 3346 πωλουμένων
3587 3281 3746 3334 οὐδὲν
3775 3283 3878 3335 ἀν-

2280 3366 2597 3436 επέληστον,
2632 3366 2827 3419 πολλοῦ
2855 3368 2936 3419 δεῖ
2961 3367 2990 3419 ὁ
3022 3368 3290 3440 ὑμέτερος
3318 3371 3550 3436 θάνατος
3584 3375 3696 3427 τῶν
3725 3375 3881 3446 ἐμῶν

2280 3461 2450 3528 φίλων
2498 3458 2773 3528 γενέσθαι,
2811 3461 2886 3522 ὼς
2936 3462 3010 3531 μὴ
3051 3464 3464 3533 προνοουμένου
3505 3466 3664 3537 ὑμῶν
3711 3469 3877 3536 ἐμοῦ.

2280 3552 2561 3624 Τοσαὺτην
2610 3554 2717 3625 γὰρ
2768 3555 2921 3624 ὑμῶν
2970 3556 3232 3626 ποιοῦμαι
3268 3557 3365 3628 τὴν
3414 3562 3698 3629 πρόνοιαν,
3734 3563 3884 3618 ὥστε

2280 3647 2489 3700 ἕκαστα
2549 3648 2658 3700 τῶν
2718 3648 3001 3717 ὑμετέρων
3056 3650 3256 3703 εἰδέναι
3311 3655 3549 3718 λεπτῶς,
3617 3663 3710 3708 καὶ
3766 3654 3886 3711 οἷον

2280 3740 2664 3812 ἡριθμημένας
2693 3741 2837 3812 ἔχειν
2865 3741 2962 3804 τὰς
2987 3743 3181 3813 τρίχας
3218 3744 3408 3814 ὑμῶν’
3442 3747 3546 3800 κᾶν
3577 3749 3760 3803 τοίνυν
3797 3753 3884 3816 είς

2280 3832 2583 3902 πειρασμὸν
2611 3834 2758 3887 ἐάσω
2786 3834 2931 3902 ὑμᾶς
2987 3834 3277 3900 εἰσελθεῖν,
3315 3841 3616 3909 χορηγήσω
3657 3844 3882 3908 πάντως

2283 3927 2375 3977 καὶ
2415 3925 2511 3992 τὴν
2561 3926 2641 3988 είς
2676 3927 2736 3980 τὸ
2779 3927 3076 3996 ὑπομεῖναι
3124 3928 3378 4000 δύναμιν.
3417 3933 3686 3998 Πολλάκις
3723 3937 3780 3989 δέ
3833 3938 3893 3991 ετ

2281 4035 2402 4070 τινα
2435 4019 2638 4088 ἀσθενῆ
2673 4019 2788 4082 ἴδω,
2841 4021 2962 4072 οὐδὲ
3018 4023 3281 4087 ἐμπεσεῖν
3315 4026 3481 4078 αὐτὸν
3531 4032 3886 4100 συγχωρήσω

2285 4112 2648 4181 πειρατηρίῳ.
2713 4111 2983 4182 Κηδεμὼν
3029 4114 3136 4186 γὰρ
3179 4114 3276 4179 ὢν,
3319 4119 3414 4170 καὶ
3471 4121 3650 4173 πάντα
3700 4123 3886 4187 εἰδὼς,

2283 4201 2377 4254 καὶ
2417 4201 2772 4272 ἠριθμημένα
2800 4202 2941 4272 ἔχων
2984 4206 3078 4256 καὶ
3107 4208 3175 4258 τὰ
3206 4206 3532 4271 λεπτότατα,
3573 4214 3794 4283 ἑκάστῳ
3825 4216 3888 4268 τὸ

2283 4293 2403 4346 κατ’
2426 4295 2584 4358 ἀξίαν
2619 4298 2713 4348 καὶ
2746 4296 2806 4348 τὸ
2834 4297 3144 4367 πρόσφορον
3174 4301 3465 4372 οἰκονομῶ.
3512 4304 3836 4378 Ἐπιτηρήσ.
3861 4325 3890 4371 ς

2281 4386 2336 4438 δὲ
2364 4387 2615 4458 εὑρήσεις
2639 4387 2697 4440 ἐν
2729 4391 2794 4458 τῇ
2827 4390 3018 4460 Γραφῇ
3048 4393 3437 4465 ἀριθμούμενα
3474 4397 3658 4450 πάντα
3687 4401 3757 4452 τὰ
3790 4404 3889 4453 ἀν-

2283 4477 2458 4547 δρεῖα,
2508 4481 2602 4530 καὶ
2636 4479 2719 4542 είς
2771 4482 2971 4552 μέτρον
3005 4483 3224 4552 ἡλικίας
3268 4487 3578 4554 φθάσαντα,
3633 4491 3734 4544 καὶ
3764 4492 3888 4557 ἀξια

606 4570 953 4641 particularia
994 4583 1182 4637 opera,
1215 4579 1267 4619 et
1309 4566 1507 4633 quibus
1558 4582 1756 4636 corpus
1799 4569 2170 4634 mortificatur,

2289 4569 2474 4632 ἁπλῶς
2499 4569 2655 4633 θείας
2696 4571 3158 4643 ἀπαριθμήσεως.
3210 4576 3470 4647 Κεφαλήν
3500 4574 3594 4631 οὖν
3651 4582 3887 4638 ἑκάστου

606 4681 724 4733 qua:
768 4671 1122 4717 numerantur
1157 4663 1297 4728 apud
1329 4660 1493 4712 Deum
1525 4672 1578 4713 et
1607 4671 1992 4731 supputantur.
2027 4662 2176 4718 Talia

608 4759 752 4810 enim
782 4765 960 4807 vestra
993 4767 1154 4819 opera
1199 4753 1436 4805 divinam
1486 4753 1843 4807 visitationem
1881 4766 2180 4810 merentur.

615 4844 732 4896 .lant
789 4843 1004 4911 quidam
1056 4840 1362 4911 intelligunt
1417 4857 1510 4908 per
1555 4842 1790 4910 quinque
1819 4849 2178 4911 passerculos,

613 4936 853 5006 quinque
877 4948 1089 4995 sensus,
1119 4933 1209 5002 qui
1245 4936 1454 4987 duobus
1487 4934 1710 4988 minutis
1740 4937 1952 4990 assibus
1984 4953 2185 4994 venun-

615 5029 834 5089 dantur,
857 5026 957 5079 hoc
980 5033 1061 5078 est
1083 5024 1234 5078 Novo
1261 5037 1313 5079 et
1335 5022 1514 5079 Veteri
1537 5023 1907 5090 Testamento,
1935 5044 2040 5081 non
2065 5029 2190 5083 Sunt

616 5121 670 5174 in
693 5116 961 5172 oblivione
981 5119 1122 5186 apud
1156 5115 1343 5170 Deum.
1379 5117 1617 5181 Quorum
1649 5120 1790 5173 enim
1824 5135 2017 5174 sensus
2043 5131 2190 5175 recte

620 5221 1039 5277 componuntur,
1070 5219 1122 5263 et
1169 5209 1336 5262 sobrii
1370 5218 1517 5273 sunt,
1543 5219 1597 5264 et
1630 5211 1829 5266 rationi
1864 5213 2190 5278 subduntur,

622 5306 694 5351 ita
725 5308 903 5352 utnon
934 5299 1043 5352 sint
1073 5299 1310 5364 inutiles,
1344 5301 1437 5354 sed
1472 5301 1623 5353 valde
1649 5301 1808 5357 utiles
1846 5302 1899 5356 in
1932 5303 2192 5372 spiritua-

624 5389 726 5442 lem
760 5390 964 5456 cibum,
991 5390 1043 5442 hi
1067 5404 1172 5442 non
1196 5403 1318 5444 sunt
1350 5394 1401 5445 in
1430 5392 1700 5448 oblivione
1715 5397 1854 5462 apud
1886 5395 2191 5450 Dominum.

705 5655 858 5714 VERS.
888 5659 1041 5716 8-12,
1073 5680 1090 5712 ι
1129 5661 1255 5717 Dico
1279 5673 1453 5718 autem
1489 5666 1660 5733 vobis,
1702 5668 1873 5722 omnis
1891 5671 2196 5739 quicunque

626 5777 632 5792 ε
661 5749 906 5804 refossas
939 5751 1100 5808 fuerit
1133 5754 1186 5808 in
1233 5770 1318 5809 me
1345 5771 1529 5811 coram
1586 5759 1914 5824 hominibus,
1947 5770 1999 5813 et
2032 5762 2197 5818 Filius

632 5838 859 5894 ιπηιίηἱε
895 5843 1237 5900 confitebitur
1260 5843 1314 5896 in
1359 5845 1445 5901 illo
1475 5861 1658 5902 coram
1694 5851 1898 5917 angelis
1951 5851 2061 5905 Dei.
2094 5854 2195 5918 Qui

2286 4661 2395 4713 τῶν
2451 4662 2658 4716 πιστῶν
2711 4663 2805 4734 τὴν
2856 4668 3240 4740 χριστοπρεπῆ
3298 4672 3578 4727 πολιτείαν
3638 4678 3887 4747 νοητέον.

2292 4752 2498 4823 Τρίχας
2544 4754 2599 4807 δὲ
2630 4754 2837 4825 ταύτης
2867 4757 2965 4818 τὰς
3013 4758 3158 4810 κατὰ
3210 4760 3376 4833 μέρος
3411 4761 3751 4836 νεκροτέρας
3794 4767 3888 4822 τοῦ

2291 4845 2542 4916 σώματος
2574 4848 2823 4918 πράξεις,
2858 4851 2913 4902 αἳ
2946 4853 3309 4924 ἀριθμοῦνται
3344 4857 3497 4926 παρὰ
3525 4858 3673 4929 Θεῷ,
3711 4863 3806 4914 καὶ
3835 4865 3891 4916 ἐν

2288 4938 2431 5007 λόγῳ
2453 4939 2714 4995 τίθενται.
2748 4941 2812 4994 Al
2847 4943 2954 5013 γὰρ
2989 4945 3242 5015 τοιαῦται
3275 4947 3432 5016 ὑμῶν
3469 4951 3706 5020 πράξεις
3737 4953 3893 5018 θείας

2289 5031 2593 5101 ἐπισκοπῆς
2617 5032 2911 5097 ἀξιοῦνται.
2947 5036 3148 5091 Νοοῦσι
3179 5039 3236 5092 δέ
3275 5057 3441 5107 τινες,
3483 5045 3653 5097 πέντε
3687 5063 3885 5119 στρου-

2293 5123 2403 5186 θία,
2434 5124 2534 5187 τὰς
2567 5126 2730 5179 πέντε
2775 5127 3168 5199 αἰσθήσεις,ἀῖ
3211 5131 3306 5185 δύο
3353 5135 3635 5205 ἀσσαρίων
3681 5141 3896 5195 πωλούο

2294 5233 2474 5286 μεναι,
2507 5218 2753 5272 τουτέστι
2782 5219 2869 5272 διὰ
2901 5222 3106 5292 Καινῆς
3155 5226 3249 5278 καὶ
3299 5227 3544 5292 Παλαιᾶς
3579 5235 3892 5304 Διαθήκης,

2294 5309 2646 5378 ἀνεπίληστοί
2671 5311 2776 5363 είσι
2806 5312 2956 5381 παρὰ
2980 5313 3056 5382 τῷ
3086 5309 3349 5384 Θεῴ.”Ων
3378 5321 3486 5389 γὰρ
3515 5322 3574 5372 αἱ
3602 5324 3898 5394 αίσθήσεις

2296 5399 2649 5491 ρμθμίζονται
2699 5404 2793 5457 καὶ
2842 5406 3213 5476 προσάγονται
3259 5411 3337 5480 τῷ
3396 5412 3558 5482 λόγῳ,
3611 5413 3758 5469 ὥστε
3813 5420 3895 5491 μὴ

2294 5487 2434 5544 εἶναι
2466 5495 2683 5562 ἀχρεῖαι
2721 5498 2800 5558 εἰς
2845 5501 3227 5572 πνευματικὴν
3262 5502 3490 5573 βρῶσιν,
3519 5499 3670 5560 οὗτοι
3703 5510 3897 5565 ἀνεπί-

2297 5585 2484 5654 ληστοι
2517 5586 2592 5654 τῷ
2629 5588 2832 5659 Κυρίῳ.

2379 5692 2397 5723 ι
2431 5675 2596 5742 -Λέγω
2629 5675 2685 5729 δέ
2743 5678 2892 5746 ὑμῖν,
2931 5680 3038 5743 πᾶς
3085 5680 3143 5745 ὃς
3193 5681 3260 5736 ἂν
3307 5685 3620 5763 ὁμολογήσῃ
3679 5693 3738 5744 ἐν
3768 5695 3898 5764 ἐμοὶ

2306 5765 2616 5836 ἔμπροσθεν
2647 5767 2755 5820 τῶν
2799 5768 3126 5841 ἀνθρώπων,
3181 5775 3276 5828 καὶ
3310 5777 3338 5829 ὁ
3369 5776 3498 5842 Υἱὸς
3529 5780 3629 5835 τοῦ
3677 5784 3897 5855 ἀνθρώ-

2307 5875 2409 5909 που
2459 5859 2773 5935 ὁμολογήσῃ
2828 5863 2882 5916 ἐν
2915 5864 3063 5934 αὐτῷ
3119 5864 3428 5939 ἔμπροσθεν
3488 5870 3600 5926 τῶν
3638 5875 3899 5944 ἀγγέλων
