4110 6332
246 381 352 448 881

978 375 1428 441 ΕΝᾹΒΒΑΤΙΟ
1471 375 1553 436 lN
1576 373 1878 436 EVANGE

1988 373 2085 434 JM
2125 373 2364 436 LUCJE.
2408 394 2478 410 -ο
2503 373 2661 434 CAP.
2701 373 2844 433 XII.

3470 366 3579 430 882

245 494 349 550 τοῦ
373 491 530 546 Θεοῦ·
559 493 586 544 ὁ
623 489 680 542 δὲ
702 487 1090 560 ἀρνησάμενός
1125 505 1192 557 με
1226 487 1460 542 ἐνώπιον
1497 486 1604 539 τῶν
1635 484 1852 557 ἀνθρώ-

1988 493 2145 542 ,utem
2184 487 2467 556 negaverit
2512 502 2599 542 me
2648 501 2832 542 coram
2885 481 3225 550 hominibus,
3291 482 3579 552 negabitur

247 605 394 652 πων,
455 582 907 655 ἀπαρνηθήσεται
961 580 1196 635 ἐνώπιον
1261 580 1370 633 τῶν
1442 579 1697 647 ἀγγέλων
1753 577 1850 631 τοῦ

248 679 417 734 Θεοῦ.
454 679 565 732 Καὶ
601 677 710 741 πᾶς
749 675 807 738 ὃς
858 677 975 745 ἐρεῖ
1019 674 1179 741 λόγον
1214 674 1293 737 είς
1327 673 1418 727 τδν
1456 673 1587 726 Υίὸν
1616 672 1710 725 τοῦ
1754 673 1851 725 ἀν-

249 773 499 841 θρώπου,
524 769 861 838 ἀφεθήσεται
878 767 1051 837 αὑτῷο
1079 767 1156 836 τῷ
1180 766 1234 819 δὲ
1253 769 1332 830 είς
1356 765 1416 818 τὸ
1440 767 1596 832 ἅγιον
1620 764 1847 834 Πνεῦμα

256 857 746 928 βλασφημήσαντι,
776 856 875 910 οὐκ
907 854 1270 927 ἀφεθήσεται.
1308 855 1426 907 '(Jr’
1445 854 1510 908 ἂν
1526 854 1582 908 δὲ
1607 855 1852 925 προσφέ-

252 970 431 1024 ρωσιν
455 951 597 1020 ὑμᾶς
630 950 724 1003 ἐπὶ
756 949 854 1015 τὰς
888 951 1247 1019 Συναγωγὰς,
1276 950 1372 1004 καὶ
1408 949 1506 1013 τὰς
1525 948 1726 1021 ἀρχὰς,
1759 950 1856 1004 καὶ

249 1045 355 1105 τὰς
375 1042 644 1109 ἐξουσίας,
683 1043 758 1113 μὴ
782 1044 1111 1113 μεριμνᾶτε,
1139 1042 1256 1105 πῶς
1280 1041 1312 1112 ἢ
1333 1042 1386 1095 τί
1407 1042 1853 1114 ἀπολογήσησθε,

252 1136 287 1204 ἢ
313 1135 368 1187 τί
399 1135 623 1202 εἴπητε·
665 1135 724 1187 τὸ
753 1134 861 1202 γὰρ
913 1133 1070 1200 ἅγιον
1109 1134 1337 1203 Πνεῦμα
1372 1134 1579 1202 διδάξει
1613 1137 1759 1205 ὑμᾶς
1791 1137 1855 1190 ὲν

258 1229 402 1296 αὖτῇ
437 1233 503 1298 τῇ
536 1229 677 1300 ὥρᾳ,
730 1227 765 1281 ἃ
798 1228 877 1281 δεῖ
908 1230 1105 1285 εἰπεῖν.
1146 1249 1164 1280 ι
1208 1229 1324 1283 Νῦν
1366 1229 1424 1282 τὸ
1478 1228 1717 1284 ἔπαθλον
1749 1232 1855 1300 ’τῆς

259 1320 574 1388 μαρτυρίας
603 1319 948 1388 προτίθησιν.
977 1319 1034 1371 Ἐ
1048 1319 1136 1372 πεῖ
1161 1319 1270 1390 γὰρ
1296 1314 1442 1386 εἷπε,
1475 1321 1567 1390 Μὴ
1597 1319 1856 1390 φοϐεῖσθε

255 1411 369 1462 ἀπὸ
410 1411 519 1462 τῶν
565 1411 1004 1464 ἀποκτεινόντων
1039 1411 1101 1463 τὸ
1156 1411 1342 1480 σῶμα,
1384 1411 1492 1465 καῖ’
1533 1416 1853 1483 προσεῖπεν,

258 1503 370 1566 ὅτι,
410 1505 520 1556 Καὶ
559 1503 616 1554 αἱ
657 1502 844 1572 τρίχες
900 1504 1057 1575 ὑμῶν
1108 1503 1466 1573 ἠρίθμηνται,
1509 1505 1599 1559 ἵνα
1658 1507 1732 1575 μή
1774 1523 1860 1570 τις

259 1597 396 1670 εἴπῃ
417 1613 432 1628 ο
469 1597 567 1659 Δός
598 1613 689 1666 μοι
717 1597 811 1649 καὶ
844 1598 1036 1668 μισθόν
1062 1614 1185 1650 τινα
1205 1614 1217 1627 ⁸
1250 1596 1304 1650 τί
1332 1597 1441 1668 γάρ
1480 1615 1571 1670 μοι
1599 1597 1785 1668 μέλλει
1810 1600 1860 1651 εί

257 1694 361 1755 τὰς
415 1692 611 1764 τρίχας
669 1692 814 1764 ἔχεις
851 1694 1270 1764 ἠριθμημένας;
1311 1694 1468 1764 φησί·
1537 1694 1733 1758 Θέλεις
1764 1694 1860 1748 καὶ

263 1784 494 1854 μισθὸν;
535 1785 722 1837 ἄκουεο
759 1786 855 1848 ⁸ος
883 1785 950 1838 ἂν
979 1785 1295 1858 ὁμολογήσῃ
1321 1787 1380 1840 ἐν
1413 1787 1559 1856 ἐμοὶ,
1589 1786 1860 1856 ὁμολογη-

1967 595 2152 636 curam
2188 579 2398 651 angelis
2431 581 2543 635 ltei.
2575 577 2638 634 Et
2673 578 2925 650 quisquis
2972 578 3216 648 loquitur
3274 578 3483 631 dictum
3525 578 3576 629 iu

1964 674 2159 730 Filium
2194 675 2450 742 hominis,
2481 678 2792 730 remittetur
2824 674 2899 729 illi
2931 692 2945 728 :
2975 675 3023 730 ei
3060 687 3186 727 vero
3211 673 3301 742 qui
3349 673 3403 726 in
3454 667 3576 738 Spi-

1967 772 2130 824 ritum
2146 779 2397 824 sanctum
2416 769 2722 826 convicium
2739 768 3077 830 dixerit.non
3105 751 3578 822 remittetur.Cum

1967 873 2147 917 autem
2174 863 2608 918 adduxerintvos
2629 863 2694 918 ad
2722 862 3123 935 Synagogas,et
3141 861 3205 914 ad
3228 860 3582 931 magistratus

1972 972 2034 1010 ac
2067 966 2386 1025 potestates,
2423 957 2591 1011 nolite
2618 956 2834 1012 solliciti
2875 971 2998 1011 esse
3050 954 3289 1025 qualiter
3332 965 3425 1007 aut
3449 953 3583 1023 quid

1971 1051 2368 1121 respondeatis,
2401 1062 2494 1107 aut
2526 1052 2654 1122 quid
2681 1051 2894 1106 dicatis.
2927 1042 3164 1122 Spiritus
3191 1051 3336 1105 enim
3363 1061 3586 1104 sanctus

1970 1144 2187 1200 docebit
2220 1145 2383 1200 vosin
2409 1145 2598 1200 eadem
2627 1144 2758 1199 hora
2780 1144 2908 1214 quid
2927 1152 3179 1212 Oporteat
3200 1158 3296 1197 vos
3324 1142 3525 1196 dicere.
3564 1160 3580 1192 ι

1970 1234 2128 1290 Nunc
2162 1245 2338 1290 autem
2391 1235 2674 1305 praemium
2729 1235 2973 1303 martyrii
3038 1233 3248 1302 adjicit.
3292 1233 3585 1310 l’uslquattt

1973 1329 2116 1383 enim
2151 1329 2311 1393 dixit,
2344 1329 2424 1384 Ne
2453 1328 2694 1384 timcatis
2722 1329 2790 1382 ab
2825 1329 2906 1382 his
2939 1327 3028 1396 qui
3057 1327 3316 1383 occidunt
3346 1341 3545 1394 corpus
3573 1343 3587 1379 :

1972 1433 2028 1478 et
2062 1421 2259 1490 adjecit
2289 1423 2430 1493 quod
2480 1420 2672 1486 Capilli
2731 1423 2897 1474 vestri
2970 1401 3238 1474 numerati
3285 1427 3462 1474 sunt:
3519 1431 3587 1471 ne

1972 1514 2096 1584 quis
2141 1514 2330 1570 dit-at:
2392 1513 2468 1568 Da
2525 1512 2658 1569 mihi
2712 1514 2879 1568 etiam
2938 1513 3242 1568 mercedem
3297 1511 3583 1581 aliquam:

1972 1608 2100 1677 quid
2131 1609 2276 1663 enim
2327 1608 2457 1662 mihi
2487 1607 2757 1679 profuerit
2809 1607 2855 1663 si
2885 1607 3113 1677 capillos
3160 1605 3543 1659 numeraveris
3570 1601 3592 1656 τ

1977 1700 2094 1768 Vis,
2127 1701 2324 1772 inquit,
2355 1701 2518 1757 etiam
2551 1700 2859 1757 mercedem
2895 1699 2918 1753 ?
2950 1697 3110 1753 audi:
3146 1696 3407 1767 Quisquis
3453 1710 3589 1749 con-

1979 1795 2215 1851 ﬁtebitur
2251 1796 2304 1849 in
2366 1811 2472 1860 me,
2532 1803 2867 1864 agnoscetur
2937 1807 3123 1848 coram
3181 1792 3314 1847 Deo.
3371 1789 3424 1843 in
3480 1803 3590 1852 me.

261 1877 494 1954 θήσεται
545 1877 778 1930 ἐνώπιον
827 1877 917 1931 τοῦ
961 1878 1122 1932 Θεοῦ.
1174 1880 1248 1932 Τὸ
1277 1878 1355 1943 δὲ,
1403 1878 1751 1951 Ὀμολογήσῃ
1806 1880 1864 1932 ἐν

1988 1889 2122 1953 licit,
2155 1888 2529 1954 conﬁtebitur,
2565 1887 2670 1950 hoc
2705 1897 2791 1942 est
2833 1901 2955 1941 meo
3015 1883 3292 1954 adiutorio
3341 1882 3586 1951 adjutus,

261 1968 413 2037 ἐμοὶ,
449 1962 627 2030 εἶπεν,
672 1969 794 2022 ἀντὶ
826 1968 920 2022 τοῦ
945 2011 960 2038 ,
993 1971 1151 2024 Μετὰ
1184 1971 1284 2040 τῆς
1345 1971 1484 2042 ἐμῆς
1519 1971 1862 2042 συνεργείας,

262 2060 364 2112 καὶ
405 2061 464 2112 ὲν
496 2062 562 2129 τῇ
597 2063 705 2129 ἐμῇ
738 2060 1006 2130 δυνάμει·
1051 2061 1413 2132 Ὀμολογήσω
1449 2061 1582 2131 γοῦν
1615 2063 1775 2132 κάγὼ
1807 2067 1866 2118 ὲν

263 2151 439 2221 αἷιτῷ,
483 2152 786 2220 τουτέστιν,
823 2154 915 2206 ὑπ’
957 2153 1125 2208 αὐτοῦ
1160 2156 1618 2228 συνεργούμενοζ.
1651 2157 1868 2230 Χρῄζο-

266 2263 371 2315 μεν
402 2246 512 2316 γὰρ
545 2246 640 2299 καὶ
694 2247 858 2317 ἡμεῖς
906 2249 1341 2319 προηγουμένως
1372 2248 1466 2302 τοῦ
1503 2250 1641 2304 Θεοῦ
1669 2268 1682 2282 ·
1715 2252 1871 2305 οὐδὲν

264 2341 380 2410 γὰρ
411 2339 580 2410 χωρὶς
611 2341 820 2393 ἐκείνου
859 2342 1157 2412 δυνάμεθα·
1200 2345 1295 2397 καὶ
1319 2346 1346 2397 ὀ
1375 2344 1509 2408 Θεὸς
1541 2345 1704 2399 πάλιν
1728 2346 1869 2418 χρῄ-

266 2431 350 2495 ζει
390 2432 568 2502 ήμῶνυ
601 2433 697 2486 ἐὰν
725 2434 834 2504 γὰρ
874 2435 947 2507 μὴ
973 2435 1112 2507 εὕρῃ
1157 2437 1215 2488 ὲν
1252 2438 1385 2506 ἡμῖν
1413 2436 1549 2505 ἔργα
1577 2438 1724 2503 ἄξια.
1750 2438 1873 2491 οὐδὲ

267 2527 756 2598 προσλαμϐάνεται
811 2530 982 2599 ἡμᾶς,
1035 2529 1068 2600 ἢ
1119 2531 1228 2600 γὰρ
1261 2529 1327 2583 ἂν
1383 2532 1871 2603 προσωπολήπτης

273 2620 387 2691 εἴη.
434 2620 846 2692 Ὃμολογοῦμεν
894 2618 985 2676 οὖν
1034 2625 1198 2694 ἡμεῖς
1238 2626 1294 2676 ὲν
1351 2624 1524 2695 αὐτῷ,
1588 2627 1876 2679 τουτέστιν

272 2717 333 2765 ὲν
367 2718 432 2784 τῇ
467 2716 634 2768 αὑτοῦ
669 2716 984 2788 συνεργείᾳ.
1045 2718 1156 2771 Καὶ
1220 2719 1382 2782 αὐτὸς
1428 2721 1484 2771 ἐν
1526 2721 1680 2790 ἡμῖν,
1716 2737 1868 2773 τουτ-

273 2809 426 2862 έστιν
499 2811 556 2863 ἐν
586 2813 652 2880 τῇ
707 2811 863 2882 ἡμῶν
892 2812 1205 2882 συνεργείξι.
1258 2815 1316 2866 Et
1351 2814 1425 2884 μὴ
1477 2814 1585 2884 γὰρ
1630 2814 1876 2884 δώσομεν

274 2901 429 2971 αὐτῷ
463 2902 741 2974 ἀφορμὴν,
775 2905 897 2967 οὐδὲ
928 2905 1262 2975 ὁμολογήσει
1311 2907 1455 2978 ὑπὲρ
1503 2907 1683 2978 ἡμῶν.
1733 2908 1792 2962 Ὀ
1820 2909 1876 2961 δὲ

271 2994 632 3066 ἀρνούμενος,
658 2998 758 3050 οὐκ
785 2998 842 3050 ὲν
871 3001 938 3069 τῇ
999 2999 1092 3052 τοῦ
1143 2997 1281 3052 Θεοῦ
1321 2999 1552 3070 δυνάμει
1604 3002 1876 3073 ἀρνεῖται.

275 3089 369 3142 Διὸ
402 3090 522 3142 οὐδὲ
553 3091 861 3161 προσέθηκε
891 3092 970 3157 τὸ,
1009 3094 1066 3144 ὲν
1093 3093 1240 3161 ἐμοὶ,
1265 3093 1403 3160 ἀλλ’,
1442 3095 1468 3145 ὁ
1491 3095 1880 3165 ἀρνησάμενός

1972 1992 2024 2037 ει
2059 1998 2176 2038 mea
2214 1983 2457 2037 virtute:
2520 1981 2822 2037 conﬁtebor
2872 1979 3038 2053 igitur
3087 1987 3136 2035 et
3208 1991 3308 2047 ego
3360 1977 3415 2031 in
3474 1975 3588 2040 illo,

1972 2078 2078 2133 hoc
2107 2088 2189 2133 est
2247 2077 2347 2133 sub
2384 2079 2503 2146 ipso
2541 2090 2860 2146 conperans.
2913 2073 3062 2145 Opus
3116 2074 3260 2128 enim
3321 2071 3589 2126 habemus

1977 2180 2032 2226 et
2062 2187 2165 2227 nos
2222 2173 2333 2228 Deo
2391 2172 2552 2237 duce,
2611 2170 2732 2227 sine
2792 2184 2899 2240 quo
2964 2169 3100 2222 nihil
3167 2181 3461 2236 possumus
3496 2183 3508 2218 :
3546 2173 3600 2219 et

1977 2264 2121 2320 Deus
2173 2281 2393 2336 quoque
2435 2281 2574 2336 opus
2603 2264 2768 2320 habet
2799 2262 2979 2318 nobis.
3009 2261 3179 2334 368
3211 2258 3270 2316 Si
3305 2258 3450 2313 enim
3489 2270 3596 2310 non

1979 2353 2328 2414 inveneritin
2361 2358 2521 2413 nobis
2577 2371 2741 2427 opera
2819 2355 3006 2426 digna,
3065 2367 3239 2422 neque
3287 2367 3387 2406 nos
3433 2365 3590 2404 assu-

1979 2460 2132 2506 met:
2163 2450 2363 2520 alioqui
2401 2463 2758 2520 persenarum
2806 2454 3064 2516 acceptor
3118 2451 3285 2500 esset.
3345 2441 3591 2498 Conﬁte-

1980 2560 2103 2599 mur
2142 2543 2307 2614 igitur
2337 2551 2394 2597 et
2425 2557 2522 2596 nos
2560 2541 2612 2594 in
2646 2539 2758 2606 illo,
2795 2538 2898 2594 hoc
2954 2547 3040 2594 est
3098 2539 3151 2592 in
3202 2534 3323 2606 ejus
3383 2547 3593 2603 coope-

1981 2637 2193 2690 ratione
2222 2653 2235 2688 :
2260 2643 2315 2690 et
2350 2635 2464 2706 ipse
2501 2634 2552 2689 in
2585 2634 2762 2698 nobis,
2806 2633 2912 2688 hoe
2969 2641 3057 2688 est
3098 2633 3150 2686 in
3184 2640 3369 2686 nostra
3404 2643 3602 2698 coope-

1981 2729 2217 2783 ratione.
2277 2726 2333 2781 Si
2375 2726 2522 2783 enim
2614 2741 2722 2780 non
2771 2725 3088 2780 dederimus
3142 2724 3193 2779 ei
3223 2723 3598 2786 occasionem,

1985 2837 2094 2877 non
2125 2822 2475 2877 conﬁtebitur
2511 2838 2610 2892 pro
2645 2821 2821 2878 nobis.
2874 2820 2978 2888 Qui
3053 2828 3237 2874 autem
3291 2817 3597 2888 negaverit.

1984 2931 2092 2970 non
2127 2915 2182 2969 in
2211 2914 2414 2970 virtute
2446 2913 2537 2970 Dei
2577 2924 2738 2985 negat
2770 2914 2928 2969 :ideo
2960 2929 3066 2968 non
3103 2911 3347 2982 apponit,
3383 2911 3436 2964 in
3471 2925 3589 2971 tne.

1987 3008 2104 3075 sed,
2133 3007 2222 3076 qui
2268 3008 2549 3075 negaverit
2579 3023 2686 3062 me.
2713 3005 2852 3073 Quid
2899 3015 3080 3061 autem
3142 3006 3186 3058 si
3236 3004 3403 3057 etiam
3449 3002 3606 3070 juxta

1987 3107 2040 3160 id
2091 3104 2233 3174 quod
2264 3102 2444 3158 omnis
2483 3113 2705 3158 sanctus
2741 3113 2924 3156 manet
2975 3100 3028 3154 in
3073 3098 3319 3161 Christo,
3358 3107 3413 3153 et
3442 3094 3605 3150 Chri-

279 3198 371 3253 με,
404 3183 618 3253 μήποτε
654 3185 708 3236 δὲ
743 3185 878 3238 καίιδ
919 3187 1028 3248 πᾶς
1061 3185 1219 3249 ἅγιος
1245 3187 1303 3238 ὲν
1333 3185 1410 3256 τῷ
1438 3187 1662 3258 Χριστῷ
1701 3187 1876 3258 μένει,

1988 3210 2106 3256 stus
2135 3209 2322 3255 manet
2356 3199 2409 3251 in
2445 3212 2533 3261 eo,
2570 3195 2713 3249 istud
2743 3207 2962 3263 quoque
2991 3191 3194 3245 dictum
3232 3198 3354 3245 est:
3391 3208 3409 3242 ι
3443 3186 3606 3254 Quis-

278 3278 378 3332 καὶ
409 3279 436 3330 ό
467 3278 703 3348 Χριστὸς
738 3280 795 3330 ὲν
832 3277 1004 3348 αὐτῷ,
1044 3277 1190 3331 κατὰ
1219 3277 1380 3332 τοῦτο
1413 3277 1634 3351 εἴρηται
1661 3282 1744 3332 τό·
1779 3281 1883 3342 ’Ὸς

279 3371 348 3423 ἂν
388 3371 702 3441 ὁμολογήσῃ
734 3373 789 3422 ἐν
831 3373 975 3441 ἐμοὶ,
1010 3371 1262 3424 τουτέστι
1319 3372 1520 3441 μένων,
1557 3353 1886 3443 ὁμολογήσω

281 3462 442 3530 κάγὼ
473 3465 532 3518 ἐν
554 3464 706 3533 αὐτῴ
741 3465 916 3532 μένων
944 3478 958 3494 ⁵
996 3467 1088 3517 καὶ
1127 3465 1236 3527 πᾶς
1277 3464 1336 3526 ὃς
1387 3463 1452 3516 ἂν
1490 3465 1588 3534 ὲρῇ
1619 3464 1780 3534 λόγον
1804 3467 1886 3529 εἰς

279 3555 375 3608 τὸν
397 3557 529 3609 Υἱὶν
551 3556 646 3609 τοῦ
676 3555 988 3627 ἀνθρώπου,
1013 3556 1354 3626 ἀφεθήσεται
1377 3556 1547 3628 αὐτῷ.
1571 3557 1885 3624 Τοῦτ’ἕστι,

278 3649 339 3709 ὃς
367 3649 762 3718 βλασφημήσει
795 3653 872 3712 εἰς
923 3651 1022 3720 ἐμὲ
1051 3652 1143 3704 τον
1177 3653 1506 3721 φαινόμενον
1570 3653 1701 3706 Υἱὸν
1733 3653 1889 3722 ψιλὸν

281 3740 378 3795 τοῦ
412 3741 730 3812 ἀνθρώπου,
768 3743 865 3796 καὶ
899 3742 1173 3808 ἐσθίοντα,
1201 3745 1297 3798 καὶ
1329 3745 1579 3812 πίνοντα,
1610 3746 1708 3801 καὶ
1747 3747 1888 3817 μετὰ

281 3833 541 3886 τελωνῶν
599 3835 858 3903 διάγοντα
894 3837 989 3888 καὶ
1048 3836 1288 3907 πορνῶν,
1341 3838 1715 3906 συγγνωστὸς,
1774 3839 1882 3893 κᾶν

287 3928 623 4000 μετανοήσῃ,
659 3927 763 3980 κᾶν
792 3930 889 3997 μή.
921 3929 994 3980 Οὐ
1012 3929 1116 3998 γὰρ
1152 3929 1432 3997 λογίζεται
1456 3931 1606 4001 αὐτῷ
1641 3933 1891 4003 ἁμαρτία

290 4018 366 4089 μὴ
401 4019 735 4072 πιστεύοντι.
775 4021 839 4072 Τί
876 4022 985 4091 γὰρ
1029 4017 1192 4085 εἶδεν,
1251 4023 1338 4075 ἵνα
1394 4025 1708 4096 metatis-{1;
1742 4026 1807 4078 Τί
1838 4027 1893 4081 δὲ

291 4113 498 4182 μᾶλλον
526 4114 631 4166 οὐκ
666 4112 807 4166 εἶδεν
829 4113 979 4179 ἄξιον
999 4115 1319 4186 δυσφημίας
1346 4134 1359 4183 ;
1397 4114 1552 4170 Εἱδεν
1578 4118 1888 4189 ἄνθρωπον,

287 4206 522 4276 πόρναις
557 4205 936 4276 συνδιάγοντα,
981 4207 1078 4260 καὶ
1112 4207 1429 4281 βλασφημεῖ
1468 4211 1546 4274 εἰς
1586 4210 1752 4266 αὐτόν
1782 4227 1796 4241 ⁸
1830 4213 1892 4265 οὐ

291 4300 579 4367 λογίζεται
609 4296 702 4354 οὖν
727 4302 875 4371 αὐτῷ
912 4303 1182 4372 ἁμαρτία.
1217 4305 1380 4366 Εἰκὸς
1411 4305 1518 4374 γὰρ
1547 4305 1736 4358 ἔπαθε·
1775 4307 1895 4370 πῶς

290 4392 401 4459 γὰρ
433 4393 563 4455 mg
604 4392 759 4459 Θεοῦ,
790 4396 816 4447 ό
871 4395 1108 4466 πόρναις
1164 4396 1509 4465 συνδιάγων;
1557 4378 1897 4470 Βλασιρημή-

292 4503 378 4537 σει
415 4485 600 4538 τοίνυν
644 4487 736 4538 καὶ
798 4487 1002 4541 πλάνον
1059 4489 1396 4544 ἀποκαλέσει
1444 4491 1536 4545 τὸν
1580 4490 1724 4545 οὕτω
1785 4493 1888 4562 μὲν

1989 3293 2112 3362 quis
2138 3288 2491 3346 conﬁtebitur
2542 3286 2599 3339 in
2658 3299 2768 3347 me,
2819 3283 2920 3336 hoc
2965 3290 3048 3334 est
3099 3279 3151 3332 in
3210 3293 3298 3332 me
3350 3290 3605 3342 manens,

1991 3385 2295 3439 conﬁtebor
2338 3385 2527 3448 utique
2557 3387 2611 3432 et
2635 3391 2738 3446 ego
2764 3375 2815 3429 in
2849 3374 2940 3429 illo
2967 3387 3194 3426 manens
3215 3372 3284 3424 ⁸⁸.
3323 3370 3393 3424 Ει
3431 3372 3612 3425 omnis

1994 3476 2086 3547 qui
2117 3476 2313 3531 dixerit
2340 3486 2649 3526 sermonem
2701 3469 2753 3523 in
2800 3467 2998 3522 Filium
3058 3465 3319 3530 hominis,
3356 3463 3608 3518 remitte-

1994 3579 2080 3624 tur
2111 3568 2182 3623 ei.
2226 3587 2243 3620 ι
2281 3564 2395 3619 Hoc
2430 3572 2546 3628 est,
2581 3561 2672 3633 qui
2734 3556 3196 3630 hlaSpltetnaverit
3243 3557 3296 3610 in
3347 3571 3454 3621 me,
3508 3557 3600 3624 qui

1993 3661 2180 3713 videor
2213 3673 2380 3727 purus
2414 3654 2583 3709 Filius
2623 3652 2880 3716 hominis,
2911 3661 2963 3704 et
2998 3651 3245 3710 comedo,
3281 3659 3332 3703 et
3365 3648 3515 3712 bibo,
3553 3656 3609 3701 et

1994 3766 2115 3807 cum
2151 3747 2457 3820 publicanis
2481 3757 2535 3800 et
2583 3745 2781 3799 scortis
2814 3757 3007 3797 versor
3030 3779 3046 3807 ,
3081 3740 3296 3794 veniam
3348 3740 3612 3809 consequi

1995 3843 2218 3914 p0terit,
2253 3842 2369 3897 sive
2402 3838 2740 3911 paenituerit,
2784 3836 2901 3892 sive
2934 3850 3064 3890 non.
3102 3831 3218 3886 Non
3250 3833 3397 3888 enim
3433 3833 3613 3902 impu-

1999 3943 2145 3991 tatur
2181 3933 2226 3990 ci
2258 3941 2538 4002 peccatum
2577 3930 2623 3985 si
2675 3945 2780 3983 tton
2839 3927 3050 3983 credat.
3105 3924 3244 3991 Quid
3280 3927 3425 3979 enim
3476 3927 3612 3981 vidit

1998 4039 2055 4083 ut
2091 4026 2319 4083 credat?
2358 4025 2442 4080 vel
2467 4025 2668 4094 p0tius,
2721 4023 2852 4094 quid
2879 4038 2983 4076 non
3036 4018 3171 4073 vidit
3223 4018 3479 4073 convicio
3526 4019 3614 4074 di-

1999 4121 2208 4192 gnum?
2250 4119 2391 4174 Vidit
2421 4118 2698 4172 hominem
2748 4125 3059 4170 versantem
3116 4131 3239 4170 cum
3291 4113 3517 4176 scortis,
3561 4124 3616 4168 et

1999 4215 2120 4269 ideo
2154 4213 2500 4280 hlasphemat
2527 4225 2651 4265 eum
2687 4227 2702 4265 :
2731 4225 2838 4263 non
2871 4209 3032 4280 igitur
3066 4209 3370 4278 imputatur
3405 4209 3452 4262 ei
3489 4222 3616 4276 pee-

1998 4319 2206 4362 catutn.
2241 4304 2558 4360 Verisimile
2610 4303 2754 4357 enim
2790 4302 2965 4355 visum
2997 4309 3083 4356 est
3114 4318 3126 4352 :
3163 4317 3286 4354 nam
3339 4299 3616 4368 quomodo

2000 4399 2172 4455 Filius
2206 4399 2321 4464 Dei,
2361 4398 2456 4467 qtti
2494 4412 2615 4451 cum
2663 4395 2860 4452 scortis
2915 4390 3202 4448 versatur?
3258 4391 3615 4462 Blasphemat

2002 4495 2169 4566 igitur
2199 4503 2254 4548 et
2285 4492 2643 4562 impostorem
2681 4499 2844 4544 vocat
2871 4504 3021 4554 enin,
3053 4487 3144 4558 qui
3200 4487 3280 4542 sic
3321 4501 3617 4541 conversa-

290 4579 573 4647 διάγοντα,
596 4580 724 4632 Υίον
751 4581 808 4634 δὲ
830 4582 964 4634 Θεοῦ
989 4584 1183 4636 ἑαυτὸν
1211 4584 1492 4638 ποιοῦντα.
1529 4584 1696 4641 Ὅταν
1727 4586 1784 4639 δέ
1808 4605 1878 4651 τις

2003 4601 2112 4653 tur,
2153 4597 2208 4642 et
2273 4585 2563 4640 facientem
2633 4597 2692 4638 se
2730 4583 2927 4638 Filium
2977 4581 3094 4636 Dei.
3143 4580 3376 4647 Quando
3431 4590 3614 4634 autem

293 4673 374 4732 ei;
412 4670 474 4724 τὸ
510 4671 668 4740 ἅγιον
700 4672 928 4743 Πνεῦμα
948 4673 1272 4747 βλασφημῇ,
1304 4676 1711 4746 ἁσύγγνωστος.
1745 4681 1810 4732 Ὃ
1840 4678 1898 4733 δὲ

290 4763 471 4832 λέγει,
523 4764 768 4818 τοιοῦτόν
815 4767 962 4820 ἐστιν
1002 4785 1014 4797 ’
1052 4769 1228 4822 ’Ὀταν
1281 4769 1613 4842 θεοσημείας
1655 4771 1899 4840 βλέπων,

295 4859 392 4911 καὶ
415 4858 555 4927 ἔργα
595 4858 811 4927 μεγαλα
842 4862 935 4913 καὶ
961 4861 1222 4931 ἐξαίρετα
1253 4862 1458 4934 ἀπιστῇ
1494 4864 1587 4915 καὶ
1620 4880 1900 4932 συκοφανς

294 4954 386 5020 τῇ,
427 4954 527 5014 τὰς
551 4952 645 5003 τοῦ
677 4953 836 5020 ἁγίου
871 4953 1192 5022 ῐίνεύματος
1239 4955 1525 5026 ἐνεργείας
1569 4955 1647 5024 τῷ
1673 4956 1902 5020 Βεελξε-

294 5045 432 5097 δοὺλ
495 5047 940 5117 προσανατιοεὶς,
997 5047 1121 5100 τότε
1163 5046 1505 5117 βλασφημῶν
1547 5048 1626 5110 είς
1655 5046 1714 5100 τὸ
1747 5045 1905 5114 ἅγιον

297 5136 550 5206 Πνεῦμα,
611 5139 707 5191 καὶ
740 5139 796 5191 ἐν
841 5137 1116 5209 πνεύματι
1167 5139 1394 5209 πονηρῴ
1451 5138 1543 5190 καὶ
1571 5137 1632 5190 οὐ
1670 5137 1802 5207 θείῳ
1834 5137 1903 5191 τὰ

299 5233 510 5301 σημεῖα
542 5231 792 5298 γίνεσθαι
819 5231 1017 5301 λέγων,
1075 5231 1469 5300 ἀσὺγυγνωστὸς
1496 5232 1636 5296 ἐστι,
1665 5230 1760 5283 καὶ
1801 5230 1902 5282 οὐκ

296 5323 456 5377 ἔσται
517 5325 718 5390 ἁθῶος,
757 5314 818 5378 εἴ
865 5325 940 5396 μὴ
998 5328 1358 5397 μετανοήσειξ·
1392 5326 1471 5396 τῷ
1531 5328 1630 5396 μὲν
1677 5328 1757 5388 εἰς
1812 5324 1904 5377 τὸν

297 5416 432 5470 Tib»
485 5417 580 5470 τοῦ
639 5418 932 5487 ἀνθρώπου
984 5404 1425 5489 βλασφημοῦντι,
1477 5418 1599 5473 οὐδὲ
1654 5417 1901 5489 ἁμαρτία

299 5510 604 5579 ἐλογίζετο,
635 5513 716 5565 διὸ
769 5515 861 5566 καὶ
895 5513 971 5584 μὴ
1023 5515 1303 5584 μετανοῶν
1336 5513 1741 5582 συγγνωστέος.
1813 5512 1904 5583 Τῷ

297 5605 357 5655 (7':
392 5604 538 5655 05on
575 5603 892 5673 Πνεύματος
930 5607 1069 5678 ἔργα
1097 5608 1321 5677 ὁρῶντι,
1352 5610 1444 5660 m0.
1494 5606 1899 5677 βλασφημοῦν-

303 5713 376 5759 τι,
419 5699 588 5768 χωρῖς
620 5700 911 5768 μετανοίας
943 5701 1042 5753 οὐκ
1085 5701 1451 5770 ἀφεθήσεται.
1493 5698 1762 5771 ’Λμαρτὶα
1792 5699 1900 5766 γὰρ

385 5880 422 5908 “
454 5877 645 5932 MitiTll.
698 5881 868 5942 1,32.

1997 4680 2120 4750 quis
2176 4676 2481 4733 convicimn
2525 4673 2729 4729 dixerit
2768 4674 2821 4727 in
2875 4671 3139 4742 Spiritum
3188 4680 3462 4736 sanctum,
3507 4685 3612 4723 non

1998 4775 2310 4827 remittetur
2353 4769 2426 4824 ei.
2458 4769 2615 4835 Quod
2651 4783 2783 4822 vero
2837 4754 3186 4831 dicit,—huuc
3236 4779 3459 4820 sensum
3517 4762 3614 4816 ha-

1995 4867 2092 4923 bet
2117 4884 2128 4919 :
2158 4866 2385 4933 Quando
2415 4864 2606 4918 videns
2649 4863 2833 4918 divina
2871 4859 3157 4926 miracula,
3202 4869 3257 4913 ct
3283 4873 3449 4928 opera
3505 4873 3619 4912 ma-

1999 4977 2103 5033 gna
2138 4973 2195 5015 et
2229 4959 2594 5029 pt'azcellentia
2627 4957 2910 5022 discredit,
2964 4963 3020 5010 et
3072 4952 3446 5009 calumniatur
3489 4949 3615 5016 Spi-

2004 5051 2143 5106 ritus
2181 5051 2356 5106 sancti
2392 5051 2763 5121 operationes,
2803 5049 2923 5103 illas
2956 5045 3240 5102 Beelzebul
3283 5045 3616 5109 attribuens,

2016 5145 2061 5200 is
2102 5144 2441 5214 hlaSphetnat
2473 5153 2528 5197 et
2566 5143 2874 5197 convicium
2907 5141 3039 5195 dicit
3099 5140 3153 5193 in
3189 5137 3455 5209 Spiritum
3493 5154 3618 5191 san-

2015 5247 2200 5305 ctum;
2233 5239 2364 5293 etin
2398 5237 2589 5306 spiritu
2622 5237 2856 5308 maligno
2888 5244 2938 5290 et
2968 5250 3073 5289 non
3121 5233 3309 5287 divino
3356 5231 3616 5286 miracula

2017 5330 2132 5385 ﬁeri
2165 5329 2374 5393 dicens,
2408 5329 2625 5382 veniam
2683 5343 2787 5381 non
2821 5334 3210 5396 consequetur,
3259 5334 3314 5379 et
3364 5340 3468 5376 tum
3517 5325 3618 5376 erit

2014 5418 2302 5480 innocens,
2343 5416 2386 5471 si
2417 5432 2521 5470 nou
2574 5417 2914 5486 pcenitucrit.
2971 5416 3030 5470 Ei
3089 5416 3234 5470 enim
3277 5413 3369 5483 qni
3421 5413 3614 5466 Filium

2016 5510 2256 5564 hominis
2303 5510 2666 5578 blasphemat,
2720 5519 3004 5579 peccatum
3072 5524 3178 5563 non
3247 5507 3548 5576 imputatur
3596 5523 3607 5557 :

2015 5603 2136 5659 ideo
2164 5603 2265 5658 etsi
2306 5621 2414 5660 non
2457 5614 2578 5676 agat
2609 5607 3010 5676 pmnitentiam,
3047 5602 3261 5657 veniam
3312 5613 3616 5669 conseque-

2017 5709 2126 5750 tur.
2172 5696 2387 5754 Videnti
2427 5707 2606 5753 autem
2635 5697 2797 5752 divini
2839 5696 3075 5767 Spiritus
3117 5710 3301 5766 Opera,
3349 5704 3400 5746 et
3460 5691 3615 5747 blas-
