4110 6332
574 360 681 423 SS3

577 581 754 625 tetur:
822 571 1100 636 peccatum
1155 559 1299 616 enim
1346 556 1641 612 maximum
1708 554 1960 610 habetur.
2020 551 2154 609 Cum

578 671 754 716 autem
796 653 1117 712 adduxerint
1145 666 1240 708 vos
1265 652 1335 706 ad
1369 650 1717 720 magistratus
1751 655 1804 701 et
1836 651 2153 715 potestates,

575 763 681 807 etc.
717 750 852 817 Quia
885 748 1173 803 intlrmitas
1214 750 1402 802 nostra
1441 740 1638 809 duplex
1675 747 1779 804 est,
1821 747 1876 794 et
1901 737 1986 794 vel
2029 752 2157 809 pro-

577 851 694 912 pter
753 843 1004 894 timorem
1056 851 1338 907 poenarum
1386 833 1622 903 fugimus
1677 831 2018 902 martyrium,
2073 829 2156 886 vel

577 942 794 1003 propter
827 931 1251 1000 simplicitatem.
1283 943 1349 983 eo
1385 926 1532 997 quod
1565 940 1670 980 non
1710 939 1996 995 possumus
2036 923 2157 978 red-

576 1028 705 1081 dere
753 1027 1014 1080 rationem
1068 1031 1267 1079 nostra:
1308 1021 1475 1076 ﬁdei:
1523 1018 1733 1076 sanavit
1769 1018 1985 1087 quidem
2039 1031 2154 1072 me-

578 1129 688 1170 tum
727 1117 817 1186 qui
861 1131 925 1169 ex
982 1115 1180 1185 pmnis,
1208 1113 1332 1188 quia
1366 1111 1543 1167 dixit:
1604 1109 1680 1165 Ne
1730 1108 1972 1173 timeatis
1997 1124 2090 1164 eos
2124 1122 2154 1162 a

579 1211 770 1278 quibus
799 1207 1064 1262 occiditur
1089 1221 1305 1275 corpus.
1332 1205 1501 1260 Sanat
1528 1217 1742 1273 quoque
1769 1216 1912 1256 nunc
1950 1209 2154 1255 metum

577 1300 664 1366 qui
698 1313 766 1352 ex
799 1296 1176 1367 simplicitate;
1213 1309 1334 1351 nam
1363 1293 1612 1364 quoniam
1648 1307 1755 1347 non
1806 1291 1959 1346 multi
2011 1290 2157 1359 sapi-

579 1400 733 1446 entes
784 1390 1079 1445 secundum
1119 1401 1342 1444 carnem
1393 1386 1778 1451 crediderunt,
1827 1384 1920 1439 sed
1974 1384 2156 1454 plures

578 1483 740 1538 laici:
773 1481 851 1538 Ne
892 1482 1104 1551 timeas,
1140 1482 1337 1552 inquit,
1364 1481 1455 1550 qui
1509 1469 1734 1550 simplex
1771 1493 1852 1544 es,
1900 1486 1955 1534 et
2000 1492 2156 1549 agre-

579 1577 680 1632 stis
721 1591 786 1632 ac
843 1576 1032 1642 idiota,
1089 1589 1266 1643 neque
1318 1571 1583 1629 sollicitus
1627 1571 1704 1627 sis
1753 1571 2024 1640 quomodo
2074 1570 2153 1622 vel

581 1669 707 1740 quid
735 1667 1062 1738 respondeas
1087 1678 1347 1740 tyranno,
1387 1681 1508 1721 cum
1546 1666 1911 1736 interrogatus
1961 1664 2163 1730 fueris,

577 1761 662 1816 vel
695 1762 822 1832 quid
854 1762 1036 1817 dicas:
1074 1760 1210 1816 alius
1233 1759 1585 1816 concionandi
1615 1757 1807 1814 modus
1857 1759 1977 1813 erit.
2030 1755 2154 1828 Spi-

1492 348 1799 417 ΤΗΕΟΡΗ
1808 347 2069 410 YLACTI
2119 345 2532 412 BULGARIE
2565 351 2922 414 ARCHIEP-
3491 411 3495 416 ,

576 474 878 551 phemanti,
929 473 1138 542 absque
1167 463 1483 540 pmuitentia
1515 471 1796 536 peceatum
1831 475 1936 516 non
1960 459 2152 533 remit-

2265 457 2500 533 μεγίστη
2533 461 2942 533 λογισθήσεται.
2993 460 3164 515 Ὅταν
3199 459 3254 512 δὲ
3288 456 3677 529 προσφὲρωσιν
3707 454 3848 551 ὑμᾶς

3744 337 3848 406 881

2271 549 2365 604 ἐπὶ
2411 550 2508 615 τὰς
2548 553 2725 625 ἀρχὰς
2784 553 2878 608 καὶ
2929 551 3030 616 τὰς
3087 549 3357 617 ἐξουσίας,
3414 549 3511 602 καὶ
3579 545 3651 600 τὰ
3697 545 3846 613 ἑξῆς.

2282 643 2503 717 Ἐπειδὴ
2534 645 2567 715 ἡ
2607 646 2865 700 ἀσθένεια
2925 644 3084 717 ἡμῶν
3139 643 3315 713 διττὴ,
3367 640 3463 695 καὶ
3495 641 3529 711 ἦ
3557 641 3647 694 διὰ
3681 639 3844 708 φόόον

2274 736 2550 791 κολάσεων
2577 737 2970 808 ἀποφεύγομεν
3018 737 3080 790 τὸ
3135 735 3458 807 μαρτύριον,
3487 733 3521 802 ἢ
3559 733 3851 803 δι’ἀγροι-

2273 826 2419 893 κίαν,
2449 828 2540 883 καὶ
2566 829 2628 883 τὸ
2668 829 2743 901 μὴ
2767 829 3030 884 δύνασθαι
3061 827 3249 883 δοῦναι
3281 826 3441 895 λόγον
3469 823 3573 894 τῆς
3628 825 3690 876 ὲν
3718 824 3848 892 ἡμῖν

2272 921 2509 986 πίστεως
2531 936 2546 952 °
2584 921 2772 976 ίάσατο
2800 921 2901 991 μὲν
2947 922 3038 975 τδν
3068 920 3160 974 ἐπὶ
3213 921 3336 982 ταῖς
3388 915 3646 971 κολάσεσι
3679 911 3846 983 φόϐον

2270 1014 2358 1068 διὰ
2387 1015 2482 1068 τοῦ
2517 1017 2715 1081 εἰπεῖν,
2775 1015 2867 1082 Μὴ
2909 1014 3186 1084 φοϐηθῆτε
3217 1011 3323 1067 ἀπὸ
3343 1009 3454 1064 τῶν
3495 1006 3847 1064 ἀποκτεινόνο

2269 1123 2379 1162 των
2410 1107 2473 1162 τὸ
2515 1109 2695 1179 σῶμα,
2734 1109 2878 1163 ἰᾶται
2922 1107 2981 1162 δὲ
3032 1107 3129 1160 νῦν
3163 1104 3375 1159 καὶτὸν
3406 1102 3497 1155 ἐπὶ
3545 1103 3613 1172 τῇ
3659 1101 3852 1169 ἀγροι-

2269 1199 2384 1272 κίᾳ.
2422 1201 2575 1256 Ἐπεὶ
2606 1205 2716 1272 γὰρ
2763 1203 2824 1256 ού
2867 1202 3052 1255 πολλοὶ
3102 1201 3258 1271 σοφοὶ
3307 1198 3451 1254 κατὰ
3498 1198 3679 1268 σάρκα
3733 1192 3856 1247 επί-

2269 1311 2520 1363 στευσαν,
2558 1296 2670 1351 ἀλλ’
2695 1297 2745 1351 οἱ
2765 1296 2983 1359 πλείους
3020 1295 3248 1360 ἰδιῶται,
3277 1293 3370 1365 Μὴ
3405 1290 3595 1362 φοῦοὖ.
3630 1289 3789 1360 φησὶ,
3826 1289 3856 1340 ὁ

2266 1387 2523 1460 ἄγροικος
2579 1390 2674 1444 καὶ
2715 1388 2956 1459 ἰδιώτης,
3009 1389 3145 1461 μηδὲ
3198 1387 3442 1459 μερίμνα
3505 1382 3624 1448 πῶς
3688 1383 3723 1453 ἢ
3795 1379 3850 1435 τί

2268 1480 2592 1554 ἀπολογήσῃ
2644 1481 2723 1553 τῷ
2777 1483 3027 1554 τυράννῳ
3084 1478 3507 1552 ἐρωτώμενοςῆ
3554 1477 3610 1531 τί
3654 1475 3841 1548 εἴπῃς’

2267 1566 2426 1620 ἀλλον
2490 1567 2690 1638 τρόπον
2733 1569 3064 1640 δημηγορῶν
3090 1584 3104 1596 ·
3141 1569 3201 1622 τὸ
3240 1569 3350 1638 γὰρ
3397 1567 3553 1636 ἅγιον
3620 1564 3853 1636 Πνεῦμα

2271 1661 2470 1726 διδάξει
2506 1663 2650 1732 ὑμᾶς
2685 1663 2743 1714 ὲν
2785 1663 2924 1733 αὐτῇ
2963 1664 3029 1733 τῇ
3054 1661 3196 1734 ὥρᾳ,
3226 1661 3262 1715 ἀ
3315 1661 3396 1714 δεῖ
3429 1660 3626 1715 εἰπεῖν.
3663 1658 3852 1720 Ὥστε,

2267 1755 2353 1820 τίς
2399 1755 2557 1828 χρεία
2608 1754 2704 1808 τοῦ
2758 1755 3093 1826 φροντίζειν,
3147 1754 3262 1822 εἴγε
3317 1755 3373 1808 ὲν
3417 1754 3558 1825 αὐτῇ
3613 1753 3680 1823 τῇ
3731 1751 3854 1822 ὥρᾳ

579 1831 725 1911 ritus
776 1856 920 1910 enim
972 1863 1192 1910 sanctus
1250 1853 1461 1910 docebit
1502 1868 1598 1910 vos
1621 1854 1673 1908 in
1727 1853 1815 1908 illa
1864 1853 1994 1907 liora
2041 1865 2152 1923 qua:

2266 1848 2479 1919 μέλλεις
2535 1849 2638 1902 ὑπὸ
2679 1847 2774 1902 τοῦ
2819 1847 3145 1918 Πνεύματος
3211 1844 3598 1910 διδάσκεσθαις
3674 1843 3853 1906 οὕτως

579 1947 745 2019 369
772 1946 915 2016 loqui
949 1955 1232 2017 oporteat:
1279 1955 1445 2015 atque
1496 1945 1571 2000 ita
1627 1946 1756 2015 quid
1814 1944 1976 2008 fuerit
2025 1958 2177 2014 opus.

580 2035 960 2099 sollicitudine,
1011 2035 1055 2090 si
1086 2034 1300 2104 quidem
1341 2035 1392 2088 in
1424 2034 1513 2089 illa
1576 2034 1708 2089 bora
1740 2050 1766 2087 a
1789 2033 1992 2104 Spiritu
2028 2048 2155 2088 san-

579 2133 668 2178 cto
696 2124 970 2179 docendus
1000 2123 1144 2178 eris?
1174 2121 1265 2178 Sic
1295 2123 1458 2194 igitur
1486 2132 1716 2194 utroque
1770 2123 1930 2178 modo
1963 2136 2060 2178 nos
2089 2124 2156 2178 ad

582 2214 898 2286 martyrium
933 2214 1150 2269 instruit
1177 2233 1191 2269 :
1223 2224 1377 2269 sanat
1407 2222 1607 2269 metum
1641 2214 1727 2283 qui
1759 2223 1842 2271 est
1871 2229 1934 2270 ex
1967 2227 2157 2284 corpo-

581 2305 678 2360 rali
715 2305 1056 2371 inﬁrmitate,
1082 2316 1137 2362 et
1167 2306 1256 2375 qui
1288 2322 1351 2362 ex
1385 2306 1758 2375 simplicitate.

657 2400 818 2456 Vens.
879 2400 1064 2455 15-15.
1119 2419 1137 2453 ι
1186 2400 1276 2456 Ait
1323 2408 1502 2455 autem
1535 2400 1582 2455 ei
1621 2399 1840 2469 quidam
1867 2400 2151 2456 deturba:

580 2495 858 2563 Magister,
914 2493 1000 2548 dic
1028 2492 1180 2548 fratri
1230 2507 1353 2547 meo
1398 2502 1455 2548 ut
1489 2491 1692 2548 dividat
1735 2509 1944 2548 mecum
1979 2492 2154 2548 haere-

578 2590 824 2643 ditatem.
867 2587 1048 2642 Atille
1082 2585 1215 2641 dixit
1249 2587 1296 2641 ei
1336 2604 1349 2641 :
1387 2585 1579 2651 Homo,
1618 2587 1738 2654 quis
1764 2600 1848 2641 me
1872 2586 2155 2641 constituit

572 2680 804 2744 j-nliccm
839 2691 930 2735 aut
954 2679 1240 2734 divisorem
1275 2695 1436 2748 super
1460 2695 1553 2734 vos
1580 2679 1602 2732 ?
1625 2679 1875 2750 Dixitque
1902 2681 1968 2736 ad
1992 2680 2144 2736 illos:

583 2771 771 2826 Videte
803 2782 858 2825 et
910 2784 1098 2827 cavete
1127 2771 1196 2826 ab
1229 2773 1477 2834 avaritia,
1513 2773 1640 2841 quia
1682 2787 1784 2825 non
1834 2773 1884 2826 in
1915 2771 2156 2827 abunda-

582 2867 650 2916 t?a
696 2863 1017 2932 cujusquam
1057 2865 1162 2918 vita
1192 2864 1310 2934 ejus
1360 2873 1441 2919 est
1474 2880 1539 2918 ex
1585 2864 1650 2918 iis
1677 2879 1796 2933 qua:
1829 2865 2086 2934 possidet.
2117 2876 2148 2917 ἰ

582 2954 789 3011 Docens
821 2971 919 3010 nos
953 2957 1211 3011 Dominus
1239 2956 1507 3024 quomodo
1532 2964 1778 3024 oporteat
1806 2964 2154 3021 contemnere

579 3044 915 3115 temporalia,
970 3057 1024 3102 et
1053 3046 1194 3115 quod
1222 3061 1326 3100 non
1353 3060 1488 3115 opus
1523 3046 1594 3100 sit
1619 3046 1842 3100 multum
1897 3045 2153 3114 occupari

578 3137 631 3189 in
688 3138 936 3202 terrenis,
988 3138 1211 3192 dimittit
1238 3152 1266 3190 a
1306 3152 1364 3191 se
1411 3151 1532 3191 eum
1561 3137 1651 3206 qui
1682 3148 1970 3192 vocaverat
1996 3153 2056 3194 se
2095 3145 2154 3192 ut

582 3228 870 3295 partiretur
934 3229 1300 3282 bmreditatem
1333 3239 1656 3299 paternam;
1718 3228 1836 3283 ideo
1896 3237 1952 3284 et
1977 3230 2154 3286 dicit:

580 3318 711 3384 Quis
737 3334 823 3372 me
850 3320 1131 3375 constituit
1155 3320 1387 3391 judicem
1415 3319 1497 3373 vel
1515 3319 1804 3376 divisorem
1831 3337 1992 3393 super
2023 3321 2159 3377 vos?

579 3413 841 3479 Quoniam
875 3413 1018 3468 enim
1050 3414 1135 3467 ille
1171 3415 1425 3469 omiserat
1460 3425 1641 3482 petere
1670 3415 1842 3483 utilia,
1869 3426 1922 3471 et
1961 3417 2158 3473 anima:

577 3505 734 3557 saluti
805 3504 1162 3570 conferentia,
1221 3506 1273 3560 in
1347 3510 1576 3562 terrenis
1658 3517 1710 3562 et
1770 3509 2154 3579 temporalibus

579 3593 807 3663 negotiis
855 3598 1129 3664 qumrebat
1190 3598 1360 3666 ipsum
1419 3597 1596 3654 facere
1626 3600 1918 3656 divisorem
1954 3619 1967 3657 :
2003 3599 2154 3670 cujus

577 3686 751 3758 gratia
814 3691 971 3758 quasi
1029 3688 1428 3760 obstreperum,
1480 3703 1532 3746 et
1564 3693 1694 3748 nilnil
1726 3709 1792 3749 ex
1824 3694 2046 3762 utilibus
2078 3695 2157 3750 di-

575 3792 728 3831 8mm
784 3778 1075 3843 volentem,
1144 3779 1386 3846 dimittit,
1440 3782 1600 3851 idque
1648 3793 1929 3839 mansuete
1963 3793 2152 3837 etnon

576 3880 793 3925 austere
843 3870 1070 3926 faciens.
1109 3872 1273 3927 Docet
1308 3884 1484 3930 autem
1518 3874 1741 3930 omnino
1775 3888 1870 3944 per
1897 3874 1997 3929 hoc
2021 3887 2157 3928 'om-

575 3975 673 4013 nos
698 3967 749 4014 et
779 3961 868 4030 qui
906 3970 1030 4015 tunc
1055 3968 1108 4016 et
1137 3962 1229 4031 qui
1265 3978 1406 4016 nunc
1442 3964 1688 4030 audiunt,
1719 3963 1898 4019 omnia
1940 3964 2154 4033 quidem

573 4058 785 4102 terrena
841 4049 1178 4120 negligenda,
1226 4061 1276 4106 et
1317 4053 1385 4106 ob
1434 4054 1750 4122 temporalia
1793 4058 2004 4126 negotia
2045 4069 2152 4109 non

572 4141 1007 4196 contendendum
1066 4159 1188 4198 eum
1246 4144 1552 4213 fratribus,
1618 4147 1914 4201 cedendum
1970 4156 2152 4202 autent

572 4228 744 4298 magis
813 4229 937 4294 illis,
986 4232 1205 4288 etiamsi
1230 4232 1393 4288 velint
1425 4234 1574 4289 avari
1604 4249 1743 4293 esse.
1782 4234 1863 4290 Ab
1889 4250 1952 4293 eo
1984 4236 2152 4302 enim,

573 4321 770 4387 inquit,
798 4321 888 4390 qui
926 4321 1101 4376 aufert
1139 4330 1253 4388 tua,
1290 4339 1355 4379 ne
1379 4334 1610 4394 repetas.
1654 4326 1959 4392 Quaerenda
1991 4326 2156 4396 igitur

570 4427 911 4482 quaecunque
971 4414 1121 4470 utilia
1163 4423 1216 4469 et
1276 4417 1583 4472 necessaria
1632 4429 1756 4472 sunt
1803 4419 1870 4473 ad
1923 4419 2151 4476 salutem

2262 1937 2357 1996 οὖν
2384 1942 2780 2012 ἀμφοτέρωθεν
2814 1943 2895 2005 είς
2935 1940 2998 1994 τὸ
3028 1938 3328 2011 μαρτύριον
3357 1938 3508 2009 ἡμᾶς
3535 1934 3852 2004 ὲπαλείφει,

2260 2033 2352 2087 τόν
2386 2051 2446 2087 τε
2481 2034 2574 2087 ἐπὶ
2606 2034 2670 2105 τῇ
2699 2033 2988 2104 σωματικῇ
3023 2030 3283 2103 ἀσθενείᾳ
3324 2029 3514 2099 φόϐον,
3542 2030 3634 2082 τόν
3663 2046 3724 2081 τε
3751 2026 3848 2080 ἐπὶ

2259 2127 2327 2197 τῇ
2355 2124 2619 2196 ἀγροικίᾳ
2651 2122 2903 2195 ίώμενος.

2337 2413 2371 2460 ι,
2393 2391 2526 2448 Είπε
2545 2393 2604 2449 δέ
2638 2411 2720 2457 τις
2744 2392 2892 2463 αὑτῷ
2917 2393 2978 2446 ὲκ
3009 2392 3102 2446 τοῦ
3135 2392 3296 2466 ὄχλου
3315 2407 3330 2423 ⁸
3364 2391 3687 2458 Διδάσκαλε,
3717 2391 3843 2445 εἰπὲ

2263 2485 2341 2557 τῷ
2364 2485 2580 2555 ἀδελφῷ
2611 2503 2712 2555 μου
2755 2484 3090 2556 μερίσασθαι
3134 2484 3254 2555 μετ’
3281 2483 3414 2557 ἐμοῦ
3455 2486 3554 2556 τὴν
3583 2485 3852 2556 κληρονο-

2260 2578 2488 2651 μίαν.Ὀ
2520 2579 2574 2631 δὲ
2597 2569 2752 2630 εἶπεν
2788 2576 2957 2648 αὐτῷ’
2990 2577 3304 2646 ΙἌνθρωπε,
3330 2577 3413 2642 τίς
3447 2595 3515 2648 με
3542 2577 3851 2646 κατέστησε

2259 2671 2522 2741 δικαστὴν
2577 2670 2610 2740 ἢ
2649 2669 2917 2741 μεριστὴν
2959 2671 3044 2740 ἐφ’
3075 2670 3252 2741 ύμᾶςς
3307 2666 3443 2724 Eine
3501 2671 3558 2724 δὲ
3585 2669 3723 2740 πρὸς
3751 2670 3851 2723 αύ-

2255 2763 2403 2828 τούςο
2443 2761 2636 2834 Ὁρᾶτε
2689 2763 2782 2815 καὶ
2844 2761 3182 2832 φυλάσσεσθε
3238 2763 3346 2815 ἀπὸ
3375 2763 3473 2832 τῆς
3507 2761 3850 2828 πλεονεξίας,

2258 2855 2341 2908 ὃτι
2373 2855 2473 2908 οὐκ
2508 2857 2565 2909 ἐν
2598 2854 2676 2924 τῷ
2732 2856 3080 2925 περισσεύειν
3111 2856 3221 2908 τινλ⁸
3261 2857 3292 2924 ὴ
3327 2854 3440 2926 ζωὴ
3473 2855 3641 2908 αὐτοῦ
3699 2858 3851 2909 ἐστιν

2259 2949 2322 3001 ὲκ
2338 2947 2447 3001 τῶν
2467 2947 2821 3019 ὑπαρχόντων
2843 2948 3010 3018 αύτῷ.
3049 2968 3067 3000 ι
3098 2947 3377 3001 Διδάσκων
3399 2949 3545 3020 ἡμᾶς
3571 2950 3598 3001 ὁ
3618 2948 3848 3018 Κύριος.

2256 3041 2372 3104 πῶς
2399 3041 2480 3095 δεῖ
2522 3043 2887 3114 καταφρονεῖν
2919 3041 3028 3094 τῶν
3069 3041 3366 3110 βιωτικῶν,
3411 3042 3505 3094 καὶ
3533 3042 3616 3094 ὅτι
3655 3042 3717 3094 ού
3769 3041 3851 3093 δεῖ

2260 3134 2635 3206 περισπᾶσθαι
2671 3134 2802 3204 περὶ
2827 3133 2893 3187 τὰ
2922 3135 3107 3204 γήϊνα,
3131 3135 3522 3204 ἀποπέμπεται
3554 3135 3644 3187 τὸν
3677 3151 3850 3204 προσ-

2259 3225 2597 3298 καλούμενον
2656 3225 2819 3280 αὑτὸν
2859 3228 2938 3291 εἰς
2971 3227 3032 3280 τὸ
3075 3227 3411 3297 μερίσασθαι
3441 3227 3540 3299 τὴν
3577 3227 3844 3299 πατρῴαν

2261 3317 2648 3389 κληρονομίαν.
2677 3319 2766 3372 Διὸ
2794 3319 2886 3372 καί
2912 3336 3046 3388 φησι
3073 3336 3086 3350 ο
3117 3320 3215 3381 Τίς
3245 3337 3313 3389 με
3347 3322 3651 3391 κατέστησε
3689 3320 3846 3374 δικαο

2261 3410 2392 3479 στὴν
2438 3410 2470 3481 ἢ
2537 3411 2799 3482 μεριστὴν
2837 3411 2922 3481 ἐφ’
2955 3413 3133 3483 ὐμᾶς;
3182 3409 3403 3483 Ἐπειδὴ
3458 3412 3567 3485 γὰρ
3609 3415 3839 3482 ἐκεῖνος,

2260 3503 2580 3558 καταλιπὼν
2621 3506 2794 3558 αίτεῖν
2844 3504 2912 3558 τὰ
2953 3510 3200 3577 χρήσιμα
3259 3506 3354 3560 καὶ
3409 3507 3543 3577 πρὸς
3601 3507 3844 3579 ψυχικὴν

2261 3594 2538 3666 σωτηρίαν
2561 3596 2944 3667 συμφέροντα,
2983 3597 3111 3668 περὶ
3139 3598 3344 3668 γηΐνων
3367 3599 3459 3652 καὶ
3491 3599 3846 3669 προσκαίρων

2259 3689 2601 3760 πραγμάτων
2641 3691 2908 3761 μεριστὴν
2939 3690 3101 3745 αὑτὸν
3131 3691 3390 3760 γενέσθαι
3424 3693 3626 3763 ᾐτεῖτο,
3653 3692 3846 3746 τούτου

2258 3783 2417 3853 χάριν
2474 3782 2552 3846 ὡς
2597 3781 2829 3853 ὀχληρὸν
2885 3784 2978 3836 καί
3013 3782 3162 3836 οὐδὲν
3209 3783 3464 3838 ἐθέλοντα
3501 3784 3696 3853 μαθεῖν
3735 3786 3850 3838 τῶν

2257 3873 2487 3927 δεόντων
2512 3875 2923 3945 ἀποπέμπεται,
2959 3876 3055 3928 καὶ
3093 3873 3253 3928 τοῦτο
3302 3876 3494 3949 πράως
3540 3877 3716 3930 ποιῶν
3744 3879 3843 3932 καὶ

2257 3966 2359 4020 οὐκ
2394 3965 2828 4037 ὲπιπληκτικῶς.
2879 3966 3065 4021 Πείθει
3136 3967 3192 4021 δὲ
3239 3968 3458 4033 πάντως
3503 3968 3591 4022 διὰ
3648 3968 3846 4023 τούτου

2259 4059 2466 4122 πάντας
2491 4059 2616 4122 τοὺς
2649 4058 2744 4112 καὶ
2767 4058 2886 4111 τότε
2926 4059 3020 4112 καὶ
3056 4058 3150 4113 νῦν
3173 4060 3472 4125 ἀκούοντας
3509 4061 3716 4126 παντὸς
3745 4062 3847 4133 μὲν

2257 4151 2480 4220 ἀμελεῖν
2531 4151 2867 4222 προσκαίρου
2933 4152 3027 4204 καὶ
3087 4152 3277 4224 γηῖνου
3348 4153 3700 4223 πράγματος,
3761 4154 3838 4225 μὴ

2257 4242 2699 4314 φιλονεικοῦντας
2737 4243 3009 4316 ἀδελφοῖς,
3033 4243 3284 4310 εἴκοντας
3320 4247 3373 4299 δὲ
3404 4245 3606 4317 μᾶλλον
3633 4246 3842 4312 αὐτοῖς,

2258 4337 2360 4393 κᾶν
2393 4337 2686 4408 βούλωνται
2716 4339 3084 4395 πλεονεκτεῖν.
3131 4341 3266 4394 Ἀπὸ
3304 4340 3415 4413 γὰρ
3443 4341 3537 4397 τοῦ
3571 4343 3840 4413 αίρουτος,

2257 4431 2412 4502 φησὶ,
2443 4431 2512 4484 τὰ
2573 4431 2638 4486 σὰ
2674 4432 2749 4505 μὴ
2796 4433 3044 4501 ἀπαίτει,
3084 4433 3377 4504 ζητοῦντας
3411 4437 3511 4491 ὅσα
3570 4438 3679 4509 περ
3726 4440 3843 4492 ἐστι

570 4506 799 4570 animae;
845 4506 962 4560 ideo
1012 4516 1065 4560 et
1104 4507 1342 4563 subdidit
1401 4509 1635 4564 dicens:
1683 4507 1868 4566 Videte
1941 4524 1994 4568 et
2049 4529 2146 4568 cu-

2261 4525 2499 4595 χρὴσιμα
2534 4525 2628 4578 καὶ
2681 4525 2961 4594 ἀναγκαῖα
3012 4526 3152 4598 πρὸς
3193 4527 3470 4598 σωτηρίαν
3503 4506 3707 4599 ψυχῆς.
3751 4530 3844 4583 Διὸ

568 4600 767 4653 stodite
791 4613 887 4652 vos
919 4599 987 4654 ab
1017 4601 1267 4667 avaritia,
1296 4610 1351 4654 ut
1376 4615 1403 4654 a
1423 4602 1686 4659 diabolica
1724 4605 1952 4676 quadam
1996 4605 2148 4662 fovea

571 4693 825 4746 admonet
880 4709 976 4747 nos
1024 4702 1080 4745 ut
1117 4692 1403 4762 fugiamus.
1447 4695 1526 4747 Ad
1575 4710 1712 4764 quos
1745 4706 1923 4751 autent
1953 4698 2090 4752 dixit
2128 4717 2139 4751 :

569 4783 761 4838 Videte
792 4792 843 4838 et
883 4784 1150 4838 custodite
1178 4799 1273 4839 vos
1319 4785 1385 4838 ab
1431 4787 1701 4841 avaritia?
1732 4787 1814 4843 Ad
1840 4790 1972 4844 duos
2028 4789 2149 4844 illos

568 4877 784 4939 fratres,
836 4878 1088 4946 quoniam
1139 4880 1203 4934 de
1264 4879 1578 4937 haereditate
1608 4880 1680 4934 illi
1729 4884 2145 4938 contendebant.

569 4969 873 5025 Verisimile
925 4978 1104 5025 autem
1166 4979 1304 5036 erat,
1347 4988 1512 5027 unum
1534 4988 1598 5028 ex
1633 4973 1740 5030 illis
1772 4974 1979 5030 duobus
2008 4977 2146 5032 alte-

568 5079 685 5116 rum
734 5063 925 5132 injuria
978 5063 1239 5129 affecisse,
1268 5074 1321 5121 et
1349 5076 1632 5137 propterea
1664 5069 1730 5123 de
1756 5069 1982 5125 avaritia
2024 5085 2144 5126 cum

571 5155 677 5208 illis
710 5154 966 5221 loquitur.
1021 5156 1269 5226 Magnum
1305 5159 1447 5213 enim
1489 5161 1588 5217 hoc
1648 5161 1846 5218 malum
1883 5179 1899 5218 :
1944 5163 2146 5220 idcirco

568 5259 620 5303 et
657 5247 856 5301 Paulus
891 5249 1250 5303 idololatriam
1310 5252 1479 5322 ipsam
1506 5264 1661 5309 vocat
1692 5275 1703 5309 :
1735 5256 1873 5311 forte
1901 5261 2041 5328 quod
2077 5262 2143 5315 ad

569 5343 708 5396 solos
771 5342 1032 5409 pertineat
1083 5343 1173 5410 qui
1215 5343 1378 5397 Deum
1418 5344 1668 5416 ignorant
1701 5349 1842 5413 :vel,
1901 5351 1950 5405 id
2000 5353 2143 5421 quod

569 5432 733 5485 etiam
781 5431 983 5492 verius,
1021 5433 1145 5501 quia
1175 5434 1314 5490 idola
1338 5436 1604 5504 gentium,
1643 5449 1921 5507 argentum
1950 5451 2002 5494 et
2049 5457 2144 5494 au-

570 5539 710 5576 rum.
745 5521 910 5593 Igitur
944 5527 1033 5594 qui
1071 5527 1496 5598 colitargentum
1527 5539 1580 5584 et
1601 5545 1812 5598 aurum,
1838 5534 2031 5590 similis
2060 5545 2143 5591 est

568 5615 832 5669 idolorum
869 5619 1182 5674 cultoribus.
1214 5619 1466 5677 Eamdetn
1531 5624 1674 5677 enim
1712 5629 1990 5682 materiam
2050 5635 2144 5682 ad.

567 5717 724 5761 erant
767 5719 820 5763 et
873 5712 1252 5781 amplexantur
1301 5726 1544 5788 uterque.
1573 5717 1918 5788 Supervacua
1961 5723 2140 5791 itaque

571 5798 836 5869 fugienda.
903 5805 1124 5870 Quare?
1161 5807 1294 5878 Quia
1353 5821 1457 5866 non
1501 5811 1553 5868 in
1584 5811 1879 5870 abundanti
1910 5818 2136 5889 quodam

2258 4617 2350 4669 καὶ
2384 4617 2630 4686 ἐπήγαγε
2655 4616 2850 4684 λέγων·
2885 4617 3080 4690 Ὀρᾶτε
3107 4620 3198 4672 καὶ
3231 4619 3571 4689 φυλάσσεσθε
3607 4621 3717 4675 ἀπὸ
3745 4623 3845 4692 τῆς

2260 4710 2594 4779 πλεονεξίας,
2647 4711 2724 4775 ὡς
2775 4711 2967 4784 βόθρον
3030 4713 3153 4768 τινὰ
3207 4713 3509 4768 διαϐολικὸν
3559 4717 3844 4786 παραινῶν

2258 4806 2389 4874 ἡμῖν
2423 4805 2628 4876 ταύτην
2664 4805 3021 4874 ἀποφεύγειν.
3066 4806 3209 4876 Πρὸς
3243 4807 3393 4872 τίνας
3427 4807 3670 4862 δὲλτοῦτο
3696 4807 3841 4876 εἷπε,

2272 4898 2462 4969 Ὁρᾶτε
2505 4898 2600 4951 καὶ⁸
2647 4897 2987 4968 φυλάσσεσθε
3038 4900 3146 4952 απὸ
3175 4901 3273 4969 τῆς
3309 4899 3658 4967 πλεονεξίας;
3701 4902 3842 4973 Πρδς

2255 4991 2380 5052 τοὺς
2409 4988 2504 5042 δύο
2556 4989 2780 5055 τούτους
2823 4991 3107 5060 ἀδελφούς·
3143 4994 3264 5047 ἐπεὶ
3302 4993 3412 5066 γάρ
3472 4996 3598 5066 περὶ
3646 4996 3844 5068 κληρο-

2255 5081 2452 5152 νομίας
2485 5079 2552 5154 ἥν
2603 5084 2774 5147 λύτοῖς
2795 5086 2828 5154 ἡ
2859 5085 3182 5155 ἀμφιϐολία,
3217 5087 3366 5151 εἰκὸς
3417 5088 3476 5143 δὲ
3510 5085 3579 5160 ἦν
3608 5089 3722 5144 τῶν
3750 5090 3841 5144 δύο

2255 5175 2459 5229 τούτων
2492 5175 2582 5229 τὸν
2612 5177 2708 5230 ἕνα
2737 5178 2944 5232 ἀδικεῖν
2997 5179 3089 5232 τὸν
3133 5179 3340 5250 ἕτερον,
3374 5182 3463 5234 διὰ
3521 5182 3686 5236 τοῦτο
3715 5185 3840 5256 περὶ

2255 5253 2567 5334 πλεονεξίας
2599 5268 2781 5332 αὐτοῖς
2829 5269 3157 5340 διαλέγεται.
3193 5272 3356 5340 Μέγα
3386 5273 3497 5347 γὰρ
3546 5274 3708 5330 τοῦτο
3737 5253 3839 5331 κα-

2254 5359 2369 5411 κόν·
2404 5359 2484 5413 διὸ
2533 5363 2628 5415 καὶ
2657 5361 2897 5427 Παῦλος,
2955 5363 3402 5436 είδωλολατρείαν
3449 5367 3608 5422 τοῦτο
3663 5370 3835 5435 καλεῖ,

2251 5446 2391 5518 τάχα
2415 5449 2490 5512 ὡς
2523 5450 2706 5520 μόνοις
2738 5452 2948 5524 πρέπον
2978 5455 3090 5517 τοῖς
3125 5455 3198 5524 μὴ
3222 5456 3387 5511 εἰδόσι
3421 5457 3554 5512 Θεόν
3585 5478 3598 5489 ·
3632 5459 3664 5530 ἦ
3703 5462 3837 5530 ὅπερ

2253 5542 2346 5593 καὶ
2376 5541 2757 5612 ἀληθέστερον,
2802 5544 2923 5597 ἐπεὶ
2963 5545 3028 5598 τὰ
3061 5546 3256 5598 εἴδωλα
3295 5547 3404 5600 τῶν
3436 5550 3630 5615 ἐθνῶν,
3662 5553 3834 5622 ἀργύὲ

2254 5651 2370 5703 ριον
2401 5636 2496 5688 καὶ
2533 5636 2776 5705 χρυσίον.
2809 5637 3037 5708 Ὄμοιος
3067 5639 3181 5701 τοῖς
3233 5640 3654 5714 εἰδωλολάτραις
3693 5647 3720 5697 ὁ
3758 5663 3836 5697 τι-

2253 5729 2370 5798 μῶν
2413 5729 2472 5783 τὸ
2511 5730 2776 5803 ἀργύριον
2821 5732 2914 5785 καὶ
2970 5731 3030 5784 τὸ
3061 5732 3284 5803 χρυσίον
3315 5749 3328 5764 °
3361 5735 3459 5805 τὴν
3502 5737 3612 5809 γὰρ
3666 5739 3832 5808 αὐτὴν

2254 5820 2387 5893 ὓλην
2427 5824 2796 5895 προσκυνοῦσι
2849 5826 2940 5879 καὶ
2989 5828 3341 5896 περιέπουσιν
3371 5831 3695 5905 ἀμφότεροι.
3746 5837 3834 5889 Δεῖ
