4110 6332
209 388 319 456 885

890 379 1341 449 ENARRATIO
1376 387 1459 449 IN
1496 385 1823 451 EVANGE]

1928 384 2010 448 lM
2050 387 2290 452 LUC/E.
2326 417 2395 428 —
2433 394 2593 471 cap.
2642 395 2786 457 x11.

3436 393 3549 460 886

209 498 309 558 οὖν
345 503 573 573 φεύγειν
602 505 664 558 τὸ
704 505 982 577 περιττόν.
1027 506 1216 573 Διατί;
1272 506 1419 560 Διὸτι
1472 506 1575 560 οὐκ
1631 508 1690 561 ὲν
1743 504 1822 576 τῷ

1931 507 2038 562 vita
2096 508 2202 565 illis
2228 518 2353 565 est:
2394 510 2445 566 id
2477 523 2583 579 est,
2621 512 2745 569 vita:
2799 524 3055 568 mensura
3108 526 3217 569 non
3253 511 3417 568 simul
3448 526 3547 567 ex-

213 596 567 669 περισσεὺιιν
599 600 771 669 τινὶή
829 598 945 669 ζωὴ
994 599 1163 655 αὐτοῦ
1216 602 1356 667 ἐστι,
1413 603 1720 669 τουτέστιν,
1756 602 1818 656 οὐ

214 691 622 744 συνεκτείνεται
652 690 715 743 τὸ
747 692 846 761 τῆς
871 690 1017 761 ζωῆς
1043 693 1246 763 μέτρον
1277 697 1347 766 τῇ
1394 695 1710 767 περιουσίᾳ·
1755 696 1818 749 οὐ

214 784 328 856 γάρ
367 784 431 855 δὴ
459 785 486 837 6
521 782 663 856 ἔχων
700 784 897 854 πολλὰ,
928 785 1029 857 ήδη
1074 804 1178 839 που
1212 787 1311 841 καὶ
1346 788 1406 851 ὲς
1445 789 1662 859 μακρὸν
1713 787 1820 859 ζὴ-

218 892 398 936 σεται,
426 873 549 927 οὐδὲ
576 874 867 929 ἀκολουθεῖ
904 875 983 947 τῷ
1011 877 1208 949 πλήθει
1240 877 1333 932 τοῦ
1364 878 1602 933 πλούτου
1637 882 1669 951 ή
1711 898 1822 951 μα-

215 968 482 1039 κροζωΐα.
517 968 689 1025 Τοῦτο
713 970 770 1024 δὲ
813 970 965 1041 λέγει
991 974 1018 1026 6
1043 973 1271 1045 Κύριος.
1324 975 1662 1047 ἀνατρέπων
1689 977 1820 1041 τοὺς

214 1060 325 1113 τῶν
364 1060 745 1130 φιλοπλούτων
796 1064 1097 1134 λογισμούς
1121 1082 1133 1095 '
1198 1067 1389 1140 ἐπειδὴ
1419 1067 1529 1139 γάρ
1567 1069 1616 1122 oi
1670 1068 1824 1138 φιλό-

218 1150 443 1205 πλουτοι
460 1151 713 1205 δοκοῦσιν
745 1152 821 1217 ὡς
853 1155 1112 1223 φιλόζωοι
1140 1157 1430 1229 περιέπειν
1448 1160 1539 1214 τὸν
1563 1158 1820 1227 πλοῦτον,

216 1244 314 1298 καὶ
346 1244 423 1308 ὼς
471 1246 563 1299 ἐπὶ
626 1246 841 1319 μακρὸν
895 1250 1186 1319 μέλλοντες
1233 1251 1554 1322 βιώσεσθαι,
1618 1272 1826 1308 παντα-

215 1336 378 1406 χόθεν
407 1338 687 1407 συνάγειν,
730 1340 897 1411 φησίν
928 1358 942 1372 ·
990 1342 1179 1397 Ἀθλιε
1213 1346 1312 1398 καὶ
1355 1344 1700 1421 ταλαίπωρε,
1746 1349 1823 1421 μὴ

216 1427 328 1498 γὰρ
364 1433 427 1481 ἐκ
461 1429 555 1482 τοῦ
589 1428 737 1499 ἔχειν
788 1431 961 1485 πολλά
995 1435 1438 1508 προσγενήσεταί
1496 1454 1580 1491 σοι
1616 1438 1711 1492 καὶ¹
1761 1438 1823 1493 τὸ

218 1520 554 1593 μακρόβιον;
615 1523 671 1575 τί
702 1523 887 1578 τοίνυν
948 1527 1288 1594 κακοπαθεῖς
1335 1531 1626 1603 προδήλως
1676 1531 1822 1605 ὑπὲρ

214 1613 318 1684 τῆς
374 1613 572 1686 ἀδήλου
635 1616 1033 1685 ἀναπαύσεως;
1074 1620 1305 1692 ’Ἄδηλον
1361 1624 1460 1694 μὲν
1516 1624 1649 1697 γὰρ,
1694 1627 1812 1694 εἴγε

217 1707 445 1774 φθάσεις
468 1709 548 1772 είς
569 1709 766 1780 γῆρας,
797 1703 860 1765 οὗ
885 1712 1073 1767 εἵνεκα
1102 1699 1482 1787 θησαυρίζεις.
1528 1718 1807 1790 Πρόδηλον

227 1798 286 1853 δὲ
310 1800 392 1853 ὅτι
424 1799 519 1853 νῦν
544 1802 764 1875 δαπανᾷ
787 1820 852 1857 πε
862 1804 917 1873 pl
936 1805 1032 1859 τὸν
1052 1808 1321 1880 πορισμὸν
1356 1811 1468 1864 τῶν
1485 1813 1807 1883 χρημάτων.

1927 601 2172 657 tenditur
2231 617 2359 658 cum
2420 605 2535 676 ipsa
2601 605 2963 671 abundantia,
3018 620 3198 677 neque
3247 605 3396 662 enim
3448 604 3546 677 qui

1925 698 2093 753 multa
2172 698 2438 769 possidet,
2526 700 2736 757 diutius
2793 700 2967 756 vivit:
3012 716 3193 772 neque
3246 702 3545 757 comitatur

1925 792 2243 847 divitiarum
2311 792 2720 849 multitudinem
2779 793 2907 849 vitae
2937 792 3281 863 longaevitas.
3312 791 3427 849 Hoc
3445 808 3545 848 au-

1927 894 2033 941 tem
2060 886 2192 943 dicit
2220 888 2485 944 Dominus
2526 888 2818 948 Confutans
2850 891 3213 963 cogitationes
3241 891 3543 946 amantium

1925 982 2167 1039 divitias.
2187 983 2459 1052 Quoniam
2513 984 2662 1040 enim
2704 984 3024 1043 divitiarum
3048 997 3325 1039 amatores
3354 983 3543 1039 existi-

1924 1086 2078 1131 mant
2098 1077 2242 1147 quod
2264 1077 2432 1134 multo
2460 1088 2710 1148 tempore
2736 1078 2956 1135 divitias
2988 1077 3449 1148 possessurisint,
3490 1084 3547 1134 et

1924 1171 2082 1238 quasi
2121 1169 2213 1225 ditt
2245 1170 2848 1242 victuri,undequaque
2893 1185 3027 1239 opes
3059 1170 3349 1241 colligunt,
3370 1170 3505 1227 dicit
3526 1193 3543 1226 ι

1924 1261 2093 1319 Miser
2104 1271 2504 1326 etatrumnose,
2526 1264 2770 1335 nunquid
2790 1279 2858 1320 ex
2877 1263 3174 1319 multorum
3195 1265 3545 1334 possessione

1927 1357 2036 1412 vita
2064 1368 2151 1413 tua
2194 1358 2511 1428 productior
2544 1358 2645 1413 erit
2672 1357 2696 1413 ?
2730 1372 2828 1413 cur
2858 1356 3025 1428 igitur
3056 1356 3317 1427 allligeris
3368 1356 3547 1423 mani-

1926 1440 2064 1507 feste
2104 1465 2207 1521 pro
2251 1450 2422 1522 370
2474 1450 2681 1508 incerta
2746 1450 2988 1521 quiete?
3056 1447 3331 1505 Incertum
3396 1450 3543 1506 enim

1928 1556 2059 1596 num
2090 1544 2160 1596 ad
2210 1551 2553 1598 senectutem
2621 1542 2921 1614 pertingas,
2988 1540 3145 1611 cujus
3192 1540 3368 1612 gratia
3425 1542 3548 1597 tlte-

1928 1633 2175 1688 saurizas
2208 1651 2223 1687 :
2254 1629 2606 1687 manifestum
2640 1643 2824 1687 autem
2848 1629 2996 1702 quod
3032 1644 3179 1686 nunc
3213 1629 3446 1684 insumis
3491 1626 3546 1681 in

1929 1737 2062 1795 opes
2090 1724 2524 1796 conquirendas.

295 1913 314 1943 1
347 1889 482 1946 Eine
497 1894 553 1948 δὲ
578 1864 897 1970 παραδολήν
917 1898 1055 1970 πρὸς
1087 1864 1287 1967 ain-sia;
1319 1864 1533 1971 λέγων.ἒ

1998 1907 2169 1966 νεκς.
2232 1908 2425 1966 lli-2i.
2472 1930 2491 1965 ι
2532 1908 2680 1966 Dixit
2737 1864 2923 1967 autem
2998 1907 3422 1967 similitudinem
3478 1910 3547 1962 ad
3602 1946 3605 1947 ν

219 2004 324 2042 που
375 1990 523 2053 τινὸς
576 1991 836 2046 πλουσίου
869 1992 1177 2064 εὐφόρησεν
1209 1996 1243 2063 ή
1297 1994 1471 2067 χώρα,
1513 1996 1609 2050 καὶ
1642 1996 1820 2053 διελο-

216 2080 405 2151 γξζετο
443 2083 502 2135 έν
554 2082 734 2154 ἐαυτῷ
769 2084 951 2152 λέγων
982 2101 995 2113 ·
1035 2084 1103 2138 Τί
1155 2086 1389 2157 ποιήσω,
1438 2087 1521 2141 ὅτι
1552 2086 1658 2142 οὐκ
1711 2086 1820 2159 ἔχω

217 2173 326 2227 ποῦ
358 2175 572 2243 συνάξω
614 2178 745 2241 τοὺς
808 2178 1062 2249 καρπούς
1095 2196 1233 2251 μους
1278 2180 1389 2233 Καὶ
1420 2175 1546 2235 εἷπε
1572 2197 1588 2214 ·
1647 2181 1820 2237 Τοῦτο

218 2267 456 2335 ποιήσω,
500 2266 720 2321 καθελῶ
780 2283 882 2339 μου
934 2268 1034 2332 τὰς
1060 2269 1374 2341 ἀποθήκας,
1411 2272 1508 2327 καὶ
1563 2273 1822 2344 μείζονας

217 2356 589 2429 οἰκοδομήσω,
623 2358 720 2413 καὶ
754 2360 970 2428 συνάξω
1010 2362 1127 2415 ἐκεῖ
1162 2363 1343 2417 πάντα
1379 2364 1448 2419 τὰ
1501 2362 1821 2439 γεννήματά

219 2467 349 2520 μου,
404 2452 498 2504 καὶ
529 2452 599 2504 τὶ
658 2452 843 2520 ἀγαθά
900 2471 1027 2522 μου,
1061 2456 1157 2510 καὶ
1192 2456 1305 2527 ἐρῶ
1364 2460 1431 2529 τῇ
1464 2457 1614 2531 ψυχῇ
1653 2478 1760 2531 μου
1803 2476 1817 2491 ⁸

222 2542 409 2614 Ψυχὴ,
459 2543 605 2615 ἔχεις
642 2545 817 2600 πολλά
855 2546 1318 2620 ἀγαθάηκείμενα
1368 2553 1451 2616 είς
1498 2552 1595 2623 ἔτη
1623 2553 1819 2622 πολλὰ,

218 2636 549 2703 ἀναπαύου,
583 2639 751 2707 φάγε,
783 2638 898 2705 πίε,
938 2641 1260 2713 εὐφραίνου.
1314 2639 1455 2698 Εῒπε
1496 2644 1555 2698 δὲ
1598 2644 1751 2718 αὐτῷ
1794 2647 1823 2702 6

218 2728 374 2794 Θεόςο
418 2730 649 2801 Ἀφρον,
674 2732 848 2808 ταύτῃ
880 2737 944 2806 τῇ
977 2736 1135 2789 νυκτὶ
1164 2734 1265 2807 τὴν
1302 2736 1489 2810 ψυχήν
1527 2755 1622 2792 σου
1652 2739 1823 2795 ἀπαι-

217 2822 405 2875 τοῦσιν
433 2823 544 2877 ἀπὸ
582 2823 704 2877 σοῦ⁸
740 2824 777 2878 ἃ.
810 2826 864 2880 δὲ
896 2828 1225 2899 ἡτοίμασας,
1254 2829 1360 2883 τίνι
1395 2831 1581 2899 iuvat;
1632 2832 1822 2897 Οὕτως

216 2916 249 2968 6
281 2914 632 2988 θησαυρίζων
667 2920 872 2990 ἑαυτῷ,
906 2920 1109 2993 καὶμὴ
1167 2925 1248 2988 είς
1308 2924 1447 2980 Θεὸν
1487 2926 1757 2984 πλουτῶν.
1799 2946 1817 2979 ι

218 3007 409 3062 Εἰπὼν
443 3012 526 3064 ὅτι
556 3011 617 3063 οὐ
653 3014 728 3084 τῇ,
754 3016 1045 3087 περισσεία
1075 3014 1188 3069 τῶν
1209 3019 1512 3091 χρημάτων
1539 3022 1635 3075 καὶ
1661 3023 1693 3092 ή
1723 3020 1821 3075 τοῦ

218 3099 669 3179 ἀνθρώπουζωὴ
722 3108 1294 3178 συμπαρεκτείνιται,
1317 3115 1325 3121 ’
1352 3110 1489 3182 πρὸς
1526 3108 1824 3189 βεϐαίωσιν

217 3193 414 3247 τούτου
446 3196 702 3268 ἐπιφέρει
734 3198 829 3251 καὶ
861 3199 1205 3271 παραϐολήν.
1247 3205 1358 3258 Καὶ
1396 3206 1499 3276 ὅρα
1533 3207 1652 3270 πῶς
1691 3208 1825 3261 ὐπο-

218 3288 426 3359 γράφει
448 3291 585 3360 ήμτν
611 3292 846 3362 ἀνοήτου
867 3292 1129 3347 πλουσίου
1160 3293 1476 3369 ἀπλήστους
1500 3298 1820 3370 λογισμούς.

230 3380 294 3434 'U
323 3383 423 3452 μὲν
452 3383 561 3453 γὰρ
598 3383 732 3449 Θεὸς
779 3384 845 3439 τά
875 3386 1074 3458 ἑαυτοῦ
1103 3388 1301 3455 ἐποίει,
1337 3392 1432 3445 καὶ
1462 3391 1564 3463 τὴν
1616 3395 1825 3450 οἰκείαν

216 3474 625 3547 ιύσπλαγχνίαν
682 3478 1034 3534 ἐπεδείκνυτο
1070 3496 1085 3511 ⁸
1122 3483 1184 3535 οὐ
1238 3482 1349 3555 γὰρ
1386 3482 1444 3538 ἐν
1493 3486 1682 3558 γήδιον
1729 3486 1825 3541 τοῦ

218 3566 506 3633 πλουσίου,
538 3568 655 3622 ἀλλ’
686 3571 783 3642 ὅλη
820 3572 853 3643 ή
883 3572 1041 3644 χώρα
1068 3573 1398 3646 εὐφόρησεν.
1468 3575 1531 3631 '0
1560 3576 1617 3631 δὲ
1651 3579 1828 3646 οὕτως

222 3656 293 3733 ἧν
322 3647 576 3733 ἄκαρπος
624 3664 754 3733 περὶ
788 3665 889 3736 τὴν
933 3668 1372 3739 εὐσπλαγχνίαν,
1426 3670 1571 3725 ὥστε
1607 3673 1740 3744 πρὶν
1791 3674 1824 3745 ἢ

219 3753 430 3823 λαϐεῖν,
489 3758 760 3827 συνεῖχεν.
805 3759 949 3831 Ὅρα
997 3760 1055 3814 δὲ
1100 3762 1197 3815 καὶ
1248 3763 1347 3828 τάς
1397 3763 1493 3818 τοῦ
1562 3765 1825 3820 πλουσίου

220 3842 439 3915 ήδονάς,
483 3848 549 3901 Τί
599 3850 848 3926 ποιήσωςν
918 3852 1190 3919 Τοιαύτας
1227 3856 1415 3927 φωνὰς
1470 3857 1592 3929 οὐχὶ
1656 3861 1752 3913 καὶ
1800 3862 1827 3914 6

221 3935 391 4008 πένης
428 3937 604 4006 λέγει,
634 3941 688 3993 τί
730 3944 1087 4013 ποιήσω,ὄτι
1138 3946 1241 4023 οὐκ
1284 3947 1395 4018 ἔχω
1440 3948 1559 4013 πῶς
1613 3952 1827 4023 τραφή-

222 4048 422 4101 σομαι,
451 4032 568 4096 πῶς
613 4033 941 4106 ὲνδύσομαι;
986 4036 1091 4091 Ἴδε
1129 4018 1221 4109 tto:
1254 4042 1352 4096 καὶ
1398 4042 1496 4106 τὰς
1527 4043 1621 4098 τοῦ
1652 4018 1826 4100 *πλου-

222 4124 341 4179 σίου
374 4127 559 4195 φωνάς
582 4143 597 4158 ο
629 4127 695 4183 Τί
726 4124 965 4202 ποιήσω,
998 4131 1081 4186 ὅτι
1118 4134 1217 4187 οὐκ
1276 4134 1387 4206 ἔχω
1440 4136 1546 4193 ποῦ
1611 4140 1827 4206 συνάξω

218 4219 348 4281 τοὺς
379 4218 630 4289 καρπούς
660 4236 797 4293 μους
837 4223 992 4295 Καλή
1016 4243 1081 4294 γε
1113 4227 1445 4293 ἀνάπαυσις.
1476 4228 1611 4299 Είγε
1669 4234 1765 4287 καὶ
1800 4236 1829 4289 6

220 4313 396 4383 πένης
418 4314 573 4384 φησί’
601 4314 666 4368 Τί
690 4319 928 4388 ποιήσω,
960 4319 1045 4373 ὅτι
1076 4320 1175 4374 οὐκ
1195 4319 1339 4391 ἔχως
1376 4323 1473 4377 καὶ
1490 4326 1517 4377 6
1540 4324 1823 4393 πλούσιος,

219 4404 286 4461 Τί
318 4408 560 4478 ποιήσω,
586 4410 669 4464 ὅτι
690 4410 791 4465 οὐκ
816 4411 964 4483 ἔχως
996 4413 1048 4467 τί
1074 4415 1257 4469 τοίνυν
1285 4417 1599 4490 συνάγομεν
1632 4422 1698 4473 ὲκ
1729 4421 1825 4474 τοῦ

220 4498 398 4553 πλείω
423 4502 718 4569 συνάγειν;
743 4503 1056 4567 ἀνάπαυσιν
1086 4507 1184 4577 μὲν
1209 4507 1319 4580 γάρ
1351 4510 1413 4563 οὐ
1438 4511 1821 4583 κερδαίνομεν.

1928 2003 2073 2070 illos,
2139 2003 2372 2062 dicens:
2431 2002 2687 2061 Hominis
2744 2004 3034 2076 cujusdam
3100 2002 3291 2059 divitis
3350 2001 3548 2056 uberes

1927 2099 2141 2157 fructus
2195 2115 2326 2172 ager
2366 2102 2574 2167 attulit,
2610 2110 2667 2159 et
2715 2100 2997 2173 cogitabat
3027 2100 3170 2155 intra
3194 2112 3276 2161 se,
3306 2098 3495 2153 direus
3530 2112 3544 2151 :

1926 2193 2068 2263 Quid
2104 2196 2331 2262 faciam,
2393 2200 2543 2268 quod
2614 2212 2722 2252 non
2784 2196 3021 2253 habeam
3053 2209 3163 2265 quo
3217 2207 3546 2265 congregem

1926 2287 2137 2344 fructus
2204 2288 2407 2345 meos?
2472 2288 2541 2343 Et
2604 2288 2785 2344 dixit:
2852 2286 2967 2343 Hoc
2992 2286 3217 2353 faciant,
3264 2284 3546 2340 dcstruam

1927 2382 2121 2439 horrea
2148 2398 2290 2449 mea,
2312 2391 2368 2440 et
2390 2383 2598 2455 majora
2621 2392 2925 2451 exstruam,
2955 2390 3011 2439 et
3040 2381 3389 2453 congregabo
3418 2378 3546 2436 illuc

1926 2477 2110 2533 omnia
2150 2479 2287 2535 bona
2310 2492 2430 2533 mea
2454 2491 2578 2548 quas
2605 2476 2738 2532 milii
2772 2486 2900 2531 nata
2933 2483 3083 2543 sunt,
3120 2482 3177 2530 et
3221 2473 3401 2535 dicam
3433 2470 3550 2526 ani-

1928 2587 2030 2627 mte
2051 2586 2154 2627 mae
2195 2589 2211 2627 :
2245 2556 2480 2637 Anima,
2512 2569 2683 2626 babes
2723 2566 2893 2623 multa
2934 2568 3075 2623 bona
3114 2564 3424 2637 repositain
3451 2578 3551 2647 an-

1927 2680 2028 2721 nos
2059 2667 2282 2731 multos,
2342 2666 2652 2736 requiesce,
2702 2661 2950 2729 comede,
2986 2660 3132 2726 bibe,
3172 2660 3367 2731 gaude.
3401 2657 3550 2715 Dixit

1927 2768 2113 2815 autem
2156 2759 2238 2815 illi
2270 2758 2457 2816 Deus:
2498 2756 2699 2823 Stulte,
2756 2758 2860 2813 hac
2910 2763 3076 2812 nocte
3118 2754 3358 2811 animam
3399 2762 3546 2807 tuam

1929 2858 2181 2919 repetent
2206 2847 2304 2905 abs
2359 2858 2453 2905 te:
2487 2863 2610 2920 quae
2646 2863 2779 2905 vero
2805 2848 3033 2912 parasti,
3066 2845 3153 2901 cui
3186 2842 3429 2900 cedent?
3456 2840 3569 2901 Sic,

1930 2946 2021 3015 qui
2055 2944 2304 3001 recondit
2334 2943 2461 3012 sibi,
2494 2958 2596 3000 nec
2623 2950 2710 2998 est
2740 2947 2878 3013 larga
2911 2940 3086 2996 Deum
3118 2938 3295 2995 dives.
3334 2956 3354 2990 ι
3392 2935 3552 2992 Post-

1926 3053 2091 3108 quam
2154 3036 2296 3092 dixit
2330 3037 2501 3091 vitam
2552 3034 2798 3092 hominis
2838 3047 2944 3088 non
2989 3030 3217 3101 produci
3246 3044 3371 3084 cum
3408 3027 3551 3082 divi-

1930 3130 2131 3186 tiarum
2191 3128 2551 3197 abundantia,
2591 3129 2659 3183 ad
2711 3125 3194 3182 confirmationem
3229 3121 3351 3193 ejus
3389 3120 3551 3179 affert

1859 3252 1907 3314 ο
1938 3225 2104 3281 etiam
2157 3222 2471 3296 parabolam
2509 3241 2522 3277 :
2555 3231 2611 3276 et
2654 3221 2775 3276 vide
2798 3221 3076 3291 quomodo
3098 3216 3368 3314 describit
3387 3214 3550 3271 nobis

1938 3317 2281 3374 insatiabiles
2300 3316 2452 3374 stulti
2480 3315 2665 3372 divitis
2696 3314 3081 3384 cOgitationes.
3116 3312 3261 3368 Deus
3284 3312 3428 3367 enim
3450 3324 3549 3367 sua

1936 3410 2196 3479 faciebat,
2257 3420 2313 3466 et
2369 3409 2588 3466 solitam
2624 3407 2950 3465 ostendebat
2994 3405 3454 3471 misericordiam,
3484 3409 3549 3460 ut

1936 3518 2046 3559 non
2106 3518 2250 3559 unus
2310 3510 2523 3558 tantum
2593 3500 2779 3558 divitis
2832 3500 3059 3573 agellus,
3112 3500 3208 3555 sed
3243 3509 3354 3555 tota
3396 3498 3550 3571 regio

1936 3595 2134 3651 uberes
2158 3596 2233 3650 illi
2268 3594 2483 3650 fructus
2533 3593 2753 3655 all‘erret
2789 3612 2803 3649 :
2841 3608 3033 3648 verum
3091 3592 3181 3649 hic
3219 3600 3328 3647 tam
3368 3591 3552 3646 immi-

1892 3708 1895 3709 '
1932 3688 2171 3744 sericors
2208 3697 2347 3755 erat,
2378 3698 2438 3743 ut
2474 3698 2769 3757 antequam
2804 3687 3074 3757 reciperet
3106 3702 3193 3751 ea,
3235 3686 3548 3742 clauderet.

1934 3781 2070 3837 Vide
2099 3781 2229 3837 item
2285 3790 2343 3837 et
2373 3781 2557 3837 divitis
2603 3781 2930 3851 voluptates.
2965 3779 3105 3848 Quid
3140 3778 3549 3837 faciantiNeu-

1935 3874 2139 3945 liquam
2200 3890 2407 3945 pauper
2456 3876 2531 3932 ita
2580 3876 2922 3947 loqueretur,
2958 3875 3093 3946 quid
3140 3874 3366 3941 faciam,
3418 3875 3549 3945 quia

1933 3984 2040 4024 non
2102 3969 2279 4025 habeo
2315 3973 2589 4040 quomodo
2636 3971 2856 4039 induar,
2907 3972 3185 4043 quomodo
3229 3971 3385 4028 alar?
3417 3970 3551 4029 Vide

1933 4072 2117 4119 autem
2142 4072 2197 4120 et
2228 4064 2419 4121 divitis
2435 4080 2597 4122 voces
2625 4083 2639 4120 :
2663 4064 2807 4133 Quid
2840 4064 3061 4132 faciam,
3086 4065 3214 4139 quia
3242 4083 3349 4122 non
3375 4067 3550 4124 habeo

1935 4157 2023 4211 ubi
2077 4172 2403 4228 congregem
2459 4157 2673 4213 fructus
2731 4158 2931 4216 meos?
2985 4158 3132 4214 Bona
3185 4159 3406 4229 quidem
3463 4169 3550 4216 est

1933 4250 2109 4320 quies.
2146 4251 2430 4321 Siquidem
2467 4261 2521 4306 et
2544 4266 2751 4324 pauper
2782 4252 2952 4307 dicit:
2988 4251 3129 4319 Quid
3160 4251 3383 4318 faciam,
3416 4251 3547 4323 quia

1934 4358 2041 4397 non
2076 4342 2251 4397 habeo
2281 4342 2304 4395 ?
2348 4352 2405 4397 et
2452 4342 2605 4399 dives
2639 4343 2771 4399 dicit
2801 4361 2814 4398 :
2852 4342 2993 4410 Quid
3038 4341 3237 4398 faciam
3272 4342 3399 4413 quia
3436 4357 3545 4397 non

1937 4434 2110 4490 habeo
2142 4435 2165 4489 ?
2195 4433 2334 4502 Quid
2395 4435 2566 4508 igitur
2623 4436 2903 4491 lucramur
2956 4451 3024 4491 ex
3086 4450 3153 4491 eo
3199 4436 3343 4506 quod
3391 4435 3544 4506 plura

1937 4526 2381 4598 congregamus?
2434 4526 2688 4594 Quietem
2744 4528 2891 4584 enim
2957 4541 3064 4583 non
3117 4527 3430 4595 lucramur,
3490 4535 3547 4582 et

218 4591 333 4646 Καὶ
364 4592 527 4663 δῆλον
552 4595 662 4648 ἀπὸ
700 4595 811 4649 τῶν
867 4599 1190 4669 φροντίδων,
1212 4601 1509 4674 ἁμαρτιῶν
1553 4604 1610 4658 δὲ
1663 4606 1823 4676 μόνον

1940 4591 2291 4673 manifestum
2340 4617 2417 4682 id,
2452 4591 2597 4688 quod
2631 4634 2660 4673 a
2712 4620 2904 4676 curis:
2950 4630 3159 4675 tantum
3195 4631 3379 4677 autem
3416 4637 3546 4693 pec-

220 4686 430 4758 πλῆθος
479 4689 697 4753 ἑαυτοῖς
751 4692 1190 4765 ὲπισωρεύομεν.
1259 4696 1491 4751 Καθελῶ
1556 4716 1661 4769 μου
1725 4699 1825 4765 τὰς

221 4783 536 4853 ἀποθήκας,
573 4786 671 4839 καὶ
701 4789 957 4858 μείζονας
987 4791 1353 4865 οἰκοδομήσω.
1421 4796 1546 4850 Ἐὰν
1572 4797 1628 4850 δὲ
1663 4797 1827 4852 πλέον

222 4876 507 4952 ιύφορήσῃ
539 4879 622 4940 εἰς
641 4880 702 4935 τὸ
744 4881 1000 4951 μέλλονή
1036 4882 1213 4956 χώρα,
1248 4888 1412 4941 πάλιν
1440 4875 1823 4963 καθαιρήσεις,

225 4970 323 5021 καὶ
362 4969 526 5024 πάλιν
562 4972 964 5045 οίκοδομήσεις·
995 4981 1090 5031 καὶ
1121 4978 1205 5044 τίς
1231 4983 1390 5053 χρεία
1413 4983 1701 5055 καθαιρεῖν
1732 4988 1827 5041 καὶ

221 5062 567 5134 οίκοδομεῖν;
614 5066 803 5137 Ἔχεις
846 5069 1136 5155 ἀποθήκας
1170 5073 1281 5127 τῶν
1324 5077 1559 5148 πτωχῶν
1588 5079 1687 5143 τάς
1722 5097 1825 5149 γα·

224 5156 449 5231 στέρας,
479 5157 652 5213 πολλά
683 5160 992 5233 δυναμένας
1047 5168 1269 5237 χωρεῖν,
1313 5169 1408 5222 καὶ
1448 5171 1827 5237 ἀκαταλύτους

222 5252 320 5303 καὶ
348 5252 695 5324 ἀφθάρτουςο
728 5258 975 5326 οὐράνιοι
1035 5259 1145 5330 γάρ
1178 5263 1285 5314 εἰσι
1320 5264 1416 5316 καὶ
1463 5264 1628 5335 θεῖαι.
1667 5266 1829 5338 εἴπερ

222 5344 252 5396 6
281 5343 497 5414 τρέφων
522 5348 756 5419 πένητα,
782 5351 917 5406 Θεὸν
946 5353 1161 5425 τρέφει.
1219 5354 1363 5427 Ὀρα
1395 5356 1453 5409 δὲ
1508 5358 1600 5412 καὶ
1640 5358 1829 5430 ἕτερον

223 5439 477 5510 ἀνόητον.
509 5442 591 5495 Τὰ
623 5447 948 5517 γεννήματά
978 5467 1105 5519 μου,
1137 5449 1232 5503 καὶ
1284 5450 1353 5503 τὰ
1383 5451 1567 5519 ἀγαθά
1594 5471 1719 5523 μου.
1753 5454 1827 5507 Οὐ

222 5535 333 5604 γάρ
356 5535 577 5604 ἐνόμιζε
605 5540 779 5595 ταῦτα
805 5542 952 5614 ἔχειν
976 5545 1040 5598 ὲκ
1069 5545 1289 5617 Θεοῦ,ἢ
1319 5552 1429 5617 γάρ
1454 5547 1541 5612 ἂν,
1585 5550 1659 5612 ὡς
1692 5550 1829 5604 Θεοῦ

226 5631 538 5704 οἰκονόμος,
574 5635 707 5703 περὶ
729 5635 904 5691 ταῦτα
935 5638 1191 5694 διέκειτο.
1230 5639 1369 5693 Ἀλλ’
1394 5646 1615 5695 οἰκείων
1652 5643 1830 5697 πόνων

226 5725 549 5797 γεννήματα
568 5726 743 5781 ταῦτα
765 5729 925 5801 ᾤετο,
974 5732 1055 5785 διὸ
1086 5733 1180 5787 καὶ
1218 5735 1399 5806 ἐαυτῷ
1434 5736 1608 5789 ταῦτα
1638 5754 1830 5807 σφετε-

231 5820 539 5891 ριζόμενος,
572 5822 654 5875 Τὰ
706 5826 1025 5894 γεννήματά
1060 5846 1159 5896 μου
1209 5829 1302 5881 καὶ
1332 5829 1399 5883 τὰ
1459 5830 1639 5899 ἀγαθά
1700 5850 1825 5902 μου,

224 5910 417 5982 haer
456 5932 468 5947 ·
523 5915 713 5969 οὐδένα
744 5917 874 5987 γὰρ,
915 5922 1102 5989 φησιν,
1150 5920 1260 5992 ἔχω
1308 5924 1586 5990 κοινωνὸν,
1638 5925 1828 5981 οὐδένα

1934 4715 2184 4766 catorum
2249 4709 2651 4765 multitudinem
2726 4712 2885 4767 nobis
2943 4711 3376 4768 accumulamus.
3436 4713 3542 4771 De-

1935 4813 2145 4859 strnam
2198 4804 2393 4859 horrea
2416 4820 2559 4871 mea,
2611 4814 2666 4861 et
2702 4804 2909 4871 majora
2944 4818 3226 4861 exstruam
3264 4824 3275 4859 :
3311 4807 3454 4879 quod
3488 4809 3535 4863 si

1936 4897 2089 4968 regio
2134 4897 2318 4967 plures
2371 4897 2422 4952 in
2472 4907 2751 4966 posterum
2806 4898 3017 4954 fructus
3047 4899 3313 4965 attulerit,
3346 4901 3544 4957 iterum

1934 4990 2027 5047 illa
2072 4993 2345 5059 destrues,
2376 5001 2434 5046 et
2458 4991 2581 5047 .alia
2622 4992 2940 5048 aedificabis.
2972 4993 3038 5048 Et
3062 5009 3185 5064 qua:
3214 4995 3420 5050 utilitas
3449 4994 3547 5050 de-

1933 5087 2181 5143 struendi
2241 5087 2691 5142 ctexstruendi?
2733 5085 2917 5143 Habes
2969 5088 3192 5154 horrea,
3238 5102 3543 5159 pauperum

1934 5190 2176 5249 ventres,
2207 5196 2327 5251 quae
2362 5180 2530 5235 multa
2579 5196 2778 5251 capere
2823 5189 3069 5251 possunt,
3097 5196 3328 5251 quaeque
3361 5180 3548 5239 incor-

1934 5273 2213 5345 ruptibilia
2270 5282 2447 5329 sunt:
2484 5273 2731 5327 caelestia
2800 5273 2947 5327 enim
3008 5283 3158 5338 sunt,
3194 5283 3249 5329 et
3304 5274 3491 5331 divina
3525 5314 3542 5329 .

1934 5366 2383 5438 quandoquidem
2438 5365 2531 5435 qni
2588 5364 2763 5434 pascit
2788 5380 3106 5433 pauperem,
3140 5364 3310 5419 Deum
3345 5367 3541 5435 pascit.

1934 5458 2072 5515 Vide
2112 5442 2242 5514 item
2274 5468 2329 5513 et
2360 5457 2523 5513 aliam
2579 5457 2971 5525 insipientiam.
3026 5456 3332 5513 Proventus
3364 5474 3541 5527 meos,

1934 5548 2039 5603 hoc
2104 5560 2190 5603 est
2237 5564 2361 5620 qua:
2434 5547 2567 5602 mihi
2628 5557 2753 5601 nata
2804 5559 2953 5615 sunt,
2987 5556 3045 5605 et
3075 5550 3217 5604 bona
3252 5565 3392 5605 mea.
3423 5547 3543 5605 Non

1933 5644 2079 5697 enim
2144 5644 2371 5711 putabat
2423 5641 2543 5697 hac
2592 5654 2652 5697 se
2696 5642 2900 5697 habere
2924 5657 2989 5697 ex
3030 5642 3163 5708 Deo,
3198 5643 3436 5712 alioquin
3483 5652 3545 5700 ut

1935 5736 2280 5806 dispensator
2331 5734 2424 5790 Dei
2475 5735 2636 5791 aliter
2684 5734 2801 5790 hate
2842 5735 3207 5806 disposuisset
3243 5754 3255 5789 :
3295 5746 3391 5793 sed
3428 5737 3544 5793 suis

1934 5830 2215 5885 laboribus
2260 5838 2414 5900 parta
2476 5829 2721 5898 putabat,
2764 5824 2970 5885 idcirco
3006 5839 3058 5885 ct
3086 5828 3186 5886 silli
3218 5829 3331 5887 limo
3362 5830 3543 5886 tribu-

1936 5942 2053 5992 ens,
2098 5923 2235 5979 bona
2269 5938 2366 5978 sua
2400 5933 2450 5978 ct
2506 5922 2607 5979 sibi
2646 5931 2769 5978 nata
2808 5922 3044 5990 diccbat,
3087 5926 3241 5995 quasi
3274 5924 3478 5981 diceret
3522 5940 3544 5979 :
