4110 6332
591 366 695 431 887

1508 363 2086 427 'l‘HEOPIlYLAC'l‘I
2131 361 2544 422 BULGAl’tI/E
2588 365 2945 425 ARCHIEP.

3765 363 3863 424 833

590 484 804 541 Nullum
874 484 1044 540 habeo
1104 481 1328 545 socium,
1387 481 1592 536 nullum
1653 481 1940 536 divisorem
1989 480 2166 534 facio:

2285 477 2551 547 μεριστὴν
2590 475 2874 546 ποιοῦμαι,
2938 478 2996 528 οὐ
3039 475 3131 528 τοῦ
3167 476 3302 529 Θεοῦ
3355 477 3516 542 εἰσιν,
3572 475 3690 528 ἀλλ’
3737 479 3864 547 ἐμὲ,

590 596 697 636 non
756 579 848 634 Dei
883 587 1029 643 sunt,
1064 576 1155 631 sed
1217 590 1336 630 mea
1371 595 1384 631 :
1418 576 1566 632 solus
1625 577 1789 646 igitur
1818 575 1991 637 fruar,
2025 584 2078 628 et
2104 575 2170 627 ad

593 671 902 726 Iruitionem
937 668 1147 724 illortrm
1175 667 1342 724 Deum
1369 683 1471 723 non
1497 683 1791 722 a-ssumam.
1823 665 1958 732 Quia
1987 674 2168 720 autem

592 764 690 818 ista
738 761 924 824 stulta,
983 761 1260 816 videamus
1321 769 1374 814 et
1439 759 1664 828 reliqua.
1721 759 1956 823 Anima,
2003 760 2170 815 habes

593 850 761 905 multa
794 851 934 906 bona
984 851 1214 921 reposita
1251 851 1304 905 in
1346 851 1543 906 mullos
1571 866 1762 906 annos.
1804 851 2041 914 Longam
2070 850 2167 906 sibi

590 942 879 1007 praestituit
925 943 1111 1006 vitam,
1158 942 1310 1011 quasi
1367 952 1422 996 et
1472 941 1639 1006 illam,
1683 949 1884 994 terram
1945 942 2169 996 colendo

587 1033 912 1087 excoluisset
942 1050 955 1086 :
985 1048 1087 1087 non
1111 1034 1253 1087 enim
1291 1043 1343 1087 et
1372 1034 1458 1089 illa
1503 1035 1596 1088 tibi
1625 1034 1748 1088 inde
1779 1043 1902 1087 nata
1937 1041 2043 1097 cst,
2075 1048 2169 1088 nc-

586 1139 692 1192 que
725 1123 823 1177 hoc
853 1134 998 1178 tuum
1031 1125 1188 1196 371
1226 1128 1444 1182 bonum.
1493 1125 1748 1191 Comede,
1787 1125 1928 1188 bibe,
1963 1125 2164 1179 laetare.

588 1215 734 1282 Euge
750 1216 928 1283 qualia
956 1218 1148 1270 anima:
1179 1218 1331 1270 bonae
1359 1215 1670 1272 affectiones
1696 1233 1708 1269 :
1741 1232 1860 1270 nam
1887 1218 2167 1271 comedere

588 1313 642 1358 et
672 1304 889 1370 bibere,
957 1306 1284 1360 irrationalis
1337 1309 1528 1361 anima:
1587 1310 1785 1363 bonum
1813 1319 1896 1363 est
1945 1328 1956 1362 :
2009 1309 2168 1378 igitur

590 1409 713 1448 cum
755 1395 917 1449 etiam
947 1395 1060 1464 ipse
1095 1396 1251 1449 talen.
1304 1398 1536 1451 animam
1569 1399 1793 1454 sortitus
1842 1399 1936 1464 sis,
1975 1400 2168 1452 merito

591 1488 667 1542 illi
694 1488 806 1542 htec
854 1489 1065 1544 tribuis.
1103 1490 1403 1545 Rationalis
1435 1507 1562 1546 vero
1596 1494 1790 1547 animrc
1829 1495 2029 1546 bonum
2061 1502 2164 1556 est,

591 1580 907 1650 intelligere,
945 1582 1281 1648 ratiocinari,
1314 1583 1483 1640 laztari
1540 1586 1592 1640 in
1637 1585 1751 1657 lege
1795 1586 1884 1641 Dei
1919 1595 1972 1640 ct
2015 1587 2168 1640 bonis

590 1675 1020 1746 cogitationibus.
1073 1677 1188 1732 Non
1238 1678 1434 1733 sulIicit
1464 1688 1640 1734 autem
1683 1680 1774 1735 tibi
1806 1690 1860 1734 et
1886 1681 2168 1735 comedere

589 1776 642 1821 et
681 1767 884 1836 bibere,
925 1785 958 1824 o
989 1769 1173 1832 stulte,
1235 1770 1328 1824 sed
1363 1779 1419 1824 et
1476 1769 1894 1826 abominabilem
1931 1771 2168 1840 volupta-

589 1870 694 1914 tem
722 1869 775 1914 et
813 1861 1202 1930 turpissimam,
1249 1877 1369 1931 qua:
1402 1863 1542 1917 hanc
1570 1863 1944 1932 consequitur,
1976 1864 2168 1916 anima:
2201 1850 2243 1904 Β

589 1955 862 2023 imperas?
921 1955 1079 2011 Clare
1120 1958 1262 2011 enim
1299 1957 1558 2012 Dominus
1597 1972 1693 2026 per
1722 1958 1824 2014 hoc
1848 1958 1990 2028 quod
2014 1958 2164 2023 dicit,

591 2046 817 2114 Laetare,
841 2048 1157 2104 affectiones
1195 2050 1487 2105 declaravit
1515 2050 1834 2106 libidinosas
1885 2059 1939 2105 et
1970 2053 2166 2105 intem-

589 2149 825 2208 peratas,
855 2156 974 2211 qua:
1011 2143 1314 2198 satietatem
1363 2143 1606 2198 ciborum
1653 2154 1707 2200 et
1751 2154 1972 2214 potuum
2003 2145 2169 2199 comi-

584 2241 792 2286 tantur.
847 2232 992 2288 Dixit
1039 2242 1218 2290 autem
1274 2235 1322 2290 ei
1377 2234 1516 2290 Deus
1559 2235 1798 2303 :Stultc,
1852 2238 1955 2292 hac
2012 2247 2172 2293 nocte

596 2325 829 2379 animam
867 2337 1011 2381 tuam
1046 2335 1310 2397 repetent.
1348 2328 1462 2386 Non
1495 2330 1596 2385 hoc
1622 2331 1818 2386 dicitur
1849 2333 2000 2402 quasi
2031 2331 2170 2387 Deus

595 2415 863 2470 familiare
919 2419 1244 2488 colloquium
1298 2421 1492 2476 habeat
1531 2437 1651 2476 cum
1686 2423 1875 2489 divite,
1932 2423 2076 2477 Dixit
2120 2426 2168 2480 ei

592 2510 772 2578 Deus;
803 2513 895 2567 sed
923 2527 1143 2569 sensum
1176 2514 1320 2568 hunc
1346 2514 1506 2569 habet
1528 2513 1670 2584 quod
1702 2515 1855 2582 dicit,
1889 2516 2022 2571 Cum
2058 2518 2170 2572 haec

589 2604 677 2660 ille
701 2605 752 2659 in
787 2613 968 2660 mente
998 2606 1239 2670 haberet,
1279 2607 1414 2662 dixit
1443 2609 1582 2664 Deus
1619 2610 1862 2681 (tingitur
1883 2613 2030 2666 enim
2057 2613 2172 2668 haec

601 2699 876 2768 parabola)
907 2716 920 2752 :
951 2698 1143 2752 Stulte.
1180 2699 1413 2754 Stultum
1475 2702 1638 2772 igitur
1689 2703 1842 2759 illum
1900 2715 2075 2771 vocat,
2116 2717 2175 2761 ut

590 2790 682 2858 qui
729 2804 950 2860 prorsus
977 2790 1178 2846 insuisa
1222 2793 1439 2863 cogitet,
1505 2797 1960 2864 quemadmodum
1995 2798 2173 2854 decla-

593 2882 853 2937 ravimus.
885 2881 1146 2951 lnsipiens
1180 2885 1321 2938 enim
1345 2893 1428 2939 est
1454 2895 1506 2940 et
1532 2901 1705 2942 vanus
1732 2891 1910 2943 omnis
1936 2890 2025 2960 qui
2055 2890 2174 2946 talis

588 2983 694 3038 est,
745 2975 886 3030 sicut
921 2984 975 3029 et
1005 2975 1170 3029 David
1207 2976 1338 3032 dicit
1371 2993 1384 3031 :
1416 2976 1564 3034 Vane
1592 2981 1770 3036 omnis
1804 2981 1985 3042 homo,
2019 2984 2086 3049 ",
2121 2994 2174 3038 et

588 3081 750 3120 causa
791 3075 873 3122 est
904 3086 917 3122 :
943 3067 1276 3122 thesaurizat
1318 3079 1373 3122 et
1421 3069 1592 3124 nescit
1634 3072 1718 3125 cui
1764 3087 2050 3145 congreget
2083 3091 2168 3132 ea.

2282 569 2444 638 μόνος
2491 569 2582 621 οὖν
2624 568 2962 622 ἀπολαύσω·
3023 568 3082 619 οὑ
3140 567 3233 619 τὸν
3291 566 3425 620 Θεὸν
3478 567 3868 638 προσλήψομαι

2279 664 2361 724 εἰς
2391 661 2492 731 τὴν
2545 661 2754 713 τούτων
2809 660 3132 714 ἀπόλαυσιν.
3165 659 3318 711 Ἐπεὶ
3367 660 3425 711 δὲ
3473 659 3651 713 ταῦτα
3705 660 3866 712 αὐτοῦ

2279 754 2505 824 ἀνόητα,
2563 753 2762 824 ἴδωμεν
2822 753 2916 806 καὶ
2979 754 3048 805 τὰ
3089 751 3239 822 ἑξῆς.
3276 752 3460 822 Ψυχὴ,
3498 752 3647 820 ἔχεις
3699 753 3865 805 πολλὰ

2277 847 2461 914 ἁγαθά
2492 847 2723 914 κείμενα
2756 849 2832 908 si;
2890 845 2981 915 ἐτη
3012 845 3208 897 πολλά.
3244 845 3434 911 Μῆκος
3469 845 3651 912 ἑαυτῷ
3689 845 3862 916 ὁρίζει

2279 939 2445 1005 ζωῆς,
2477 939 2664 1009 ὥσπερ
2691 941 2786 992 καὶ
2818 938 2974 992 τοῦτο
3015 940 3077 990 ἐκ
3109 937 3212 1006 γῆς
3233 938 3560 1006 γεωργήσας
3591 953 3602 964 ⁸
3641 940 3717 1005 μὴ
3761 937 3867 1007 γὲρ

2280 1033 2373 1084 καὶ
2406 1031 2564 1084 τοῦτο
2589 1031 2834 1100 γέννημα
2856 1031 2967 1094 σον,
2993 1031 3066 1099 μὴ
3083 1029 3191 1099 γὰρ
3221 1030 3313 1082 καὶ
3339 1028 3493 1080 τοῦτο
3517 1028 3724 1095 ἀγαθον
3749 1030 3864 1080 σόν.

2278 1125 2443 1190 Φάγε,
2472 1124 2584 1188 πίε,
2620 1122 2936 1191 εὐφραίνου.
2978 1117 3116 1189 Εὖγε
3143 1121 3249 1174 τῶν
3281 1121 3502 1189 ἀγαθῶν
3535 1122 3631 1189 τῆς
3663 1121 3864 1189 ψυχῆς·

2277 1216 2338 1268 τὸ
2365 1217 2471 1287 γάρ
2519 1219 2714 1285 φαγεῖν
2749 1217 2840 1268 καὶ
2869 1214 2930 1266 τὸ
2976 1217 3142 1277 πιεῖν,
3184 1215 3381 1282 ἀλόγου
3417 1215 3594 1283 ψυχῆς
3636 1213 3865 1280 ἀγαθόν·

2279 1309 2535 1378 τοιαύτην
2564 1309 2656 1362 οῦν
2709 1308 2846 1378 ἔχων
2875 1309 2967 1361 καὶ
2996 1307 3156 1371 αὐτὸς
3196 1309 3396 1377 ψυχὴν,
3453 1308 3676 1367 εἰκότως
3730 1308 3867 1374 αὑτῇ

2279 1402 2450 1455 ταῦτα
2510 1401 2935 1473 προσανατίθης.
2998 1403 3241 1470 Λογικῆς
3289 1401 3345 1453 δὲ
3396 1399 3576 1470 ψυχῆς
3625 1399 3867 1462 ἀγαθὸν,

2280 1497 2489 1566 νοῆσαι,
2547 1496 2889 1562 λογίσασθαι,
2949 1493 3323 1566 εὐφρανθῆναι
3360 1494 3508 1562 νόμῳ
3568 1491 3706 1544 Θεοῦ
3777 1492 3871 1544 καὶ

2277 1589 2640 1659 διανοήμασιν
2691 1587 2938 1655 ἀγαθοῖς.
2977 1588 3090 1641 Οὐκ
3121 1589 3283 1658 ἀρκεῖ
3319 1586 3375 1639 δέ.
3432 1603 3513 1638 σοι
3557 1586 3618 1637 τὸ
3674 1588 3872 1653 φαγεῖν

2281 1683 2371 1734 καὶ
2406 1684 2571 1745 πιεῖν,
2604 1674 2648 1734 ὧ
2689 1682 2884 1750 ἄφρον,
2921 1681 3054 1734 ἀλλὰ
3091 1681 3186 1734 καὶ
3236 1681 3334 1751 τὴν
3392 1677 3872 1733 ἐπακολουθοῦσαν

2276 1779 2490 1838 τούτοις
2529 1777 2820 1846 αἰσχίστην
2869 1777 2963 1828 καὶ
3015 1774 3264 1845 μυσαράν
3315 1773 3506 1843 ἡδονὴν
3560 1771 3874 1832 ἐπιτάττεις

2272 1873 2338 1943 τῇ
2357 1873 2534 1942 ψυχῇ;
2561 1871 2837 1940 Εὑφήμως
2860 1871 2970 1941 γὰρ
2995 1872 3022 1923 6
3043 1867 3246 1940 Κύριος
3273 1866 3357 1920 διὰ
3387 1865 3505 1928 τοῦ,
3532 1863 3872 1933 Εὐφραίνου,

2273 1965 2342 2018 τὰ
2365 1963 2740 2031 ἀσελγέστατα
2773 1962 2920 2034 πάθη
2951 1962 3244 2032 ἐδήλωσεν,
3276 1960 3310 2014 ἃ
3337 1962 3404 2030 τῇ
3447 1959 3735 2027 πλησμονῇ
3766 1956 3874 2007 τῶν

2277 2055 2584 2128 βρωμάτων
2620 2055 2714 2108 καὶ
2768 2055 3032 2125 πομάτων
3085 2054 3416 2123 παρέπεται.
3469 2048 3600 2103 Eine
3635 2051 3691 2102 δὲ
3725 2047 3874 2118 αὐτῷ

2274 2153 2302 2203 6
2329 2149 2461 2212 Θεός
2481 2166 2493 2178 ·
2523 2150 2752 2219 Ἀφρον,
2780 2148 2949 2220 ταύτῃ
2975 2150 3039 2219 τῇ
3063 2148 3219 2200 νυκτὶ
3247 2147 3345 2217 τὴν
3367 2146 3546 2216 ψυχήν
3584 2161 3678 2196 σου
3708 2145 3877 2196 άπαι-

2277 2243 2464 2297 τοῦσιν
2494 2243 2603 2297 ἀπὸ
2649 2243 2765 2296 σοῦ.
2799 2244 2910 2312 Οὐχ
2942 2243 3018 2306 ὡς
3047 2242 3139 2295 τοῦ
3176 2240 3311 2294 Θεοῦ
3338 2241 3414 2310 τῷ
3452 2237 3698 2307 πλουσίῳ
3746 2240 3873 2306 ὁμι-

2280 2337 2547 2407 λήσαντος
2605 2336 2825 2405 λέγεται
2860 2339 2920 2390 τὸ
2947 2377 2961 2401 ,
2991 2331 3127 2390 Eine
3182 2337 3239 2388 δὲ
3288 2333 3438 2405 αὐτῷ
3464 2337 3490 2386 6
3523 2331 3682 2397 Θεὸς,
3739 2331 3876 2384 ἀλλά

2275 2430 2518 2485 τοιοῦτόν
2544 2447 2594 2484 τι
2627 2431 2795 2497 λέγει,
2842 2431 2922 2484 ὅτι
2953 2429 3127 2483 ταῦτα
3159 2429 3215 2482 δὲ
3250 2426 3414 2481 αὑτοῦ
3437 2425 3875 2494 ὲνθυμουμένου,

2275 2521 2429 2578 εἶπεν
2473 2525 2500 2576 6
2540 2523 2672 2587 Θεὸς
2714 2523 3034 2591 (πλάττεται
3071 2521 3179 2592 γὰρ
3219 2520 3391 2574 ταῦτα
3435 2521 3467 2589 ἡ
3516 2516 3830 2586 παραϐολή)
3859 2533 3872 2546 ·

2274 2615 2501 2686 Ἀφρον.
2540 2617 2790 2686 Ἀφρονα
2828 2616 2925 2686 μὲν
2952 2610 3045 2668 οὖν
3081 2613 3243 2667 αὑτὸν
3273 2612 3550 2683 ὀνομάζει,
3577 2611 3652 2674 ὡς
3694 2611 3875 2679 πάντη

2275 2709 2480 2779 ἀνόητα
2502 2707 2956 2777 βουλευσάμενον,
2976 2705 3118 2759 καθά
3140 2705 3205 2776 δὴ
3233 2704 3618 2773 ἀπεδείξαμεν.
3645 2702 3756 2768 Ἀφ
3767 2717 3875 2772 ρων

2278 2801 2384 2871 γὰρ
2409 2801 2504 2853 καὶ
2539 2801 2767 2870 μάταιος
2792 2801 2896 2862 πᾶς
2919 2797 3184 2863 τοιοῦτος,
3209 2796 3352 2851 καθὰ
3386 2798 3481 2850 καὶ
3510 2794 3675 2847 Δαυῒό
3698 2794 3872 2862 λέγει’

2277 2896 2470 2964 Μάτην
2501 2896 2607 2958 πᾶς
2642 2893 2933 2964 ἄνθρωπος
2958 2911 2969 2922 ·
3007 2893 3102 2946 καὶ
3132 2893 3165 2962 ἠ
3197 2893 3367 2956 αίτία,
3403 2889 3732 2961 θησαυρίζει
3777 2889 3874 2942 καὶ

2276 2992 2335 3043 οὑ
2366 2990 2626 3060 γινώσκει
2657 2991 2763 3043 τίνι
2805 2989 3024 3056 συνάξει
3055 2989 3197 3043 αὐτά
3217 3004 3228 3017 ’
3257 2989 3374 3050 πῶς
3400 2988 3510 3058 γὰρ
3533 2987 3632 3040 οὐκ
3657 2986 3873 3056 ἄφρων,

2275 3084 2305 3135 6
2343 3084 2417 3155 μὴ
2451 3083 2612 3152 γνοὺς
2641 3085 2722 3138 ὅτι
2751 3083 2900 3153 ζωῆς
2929 3083 3108 3154 μέτρα
3136 3081 3288 3152 παρά
3321 3081 3467 3151 μόνῳ
3496 3078 3574 3149 τῷ
3605 3078 3748 3148 Θεῷ,
3779 3088 3877 3132 και

589 3157 724 3213 Nam
753 3174 859 3230 quo
891 3169 1049 3229 pacto
1084 3175 1192 3213 non
1214 3169 1296 3214 est
1347 3160 1630 3229 insipiens,
1665 3164 1756 3232 qui
1788 3164 2000 3233 ignorat
2029 3167 2171 3236 quod

2279 3176 2378 3228 οὐκ
2421 3177 2582 3238 αὑτός
2636 3193 2722 3238 τις
2777 3175 3009 3240 ἕκαστος
3064 3173 3243 3244 ἑαυτῷ
3295 3172 3519 3245 όριστὴς
3553 3172 3654 3238 τῆς
3689 3171 3870 3241 ζωῆς,

592 3251 715 3306 vita:
749 3267 1001 3307 mensura
1024 3251 1161 3320 apud
1189 3251 1362 3306 solum
1403 3253 1592 3322 Deum,
1624 3270 1724 3310 nec
1748 3255 1849 3312 sibi
1883 3259 2170 3328 quisquam

597 3357 750 3398 suam
804 3344 970 3399 vitam
1022 3342 1246 3400 deﬁnire
1293 3347 1510 3416 possit?
1543 3346 1782 3402 Observa
1807 3348 1934 3403 item
1964 3360 2018 3404 et
2046 3365 2170 3405 ver-

592 3438 740 3504 bum,
801 3436 1086 3507 Repetent.
1148 3439 1335 3509 Angeli
1378 3440 1521 3492 enim
1579 3441 1720 3495 sicut
1759 3441 2008 3497 crudeles
2071 3444 2170 3496 tri-

592 3533 843 3585 butorum
904 3540 1184 3586 exactores
1243 3541 1296 3584 et
1352 3532 1642 3597 terribiles,
1711 3543 1854 3588 tuam
1927 3545 2174 3604 repetent

591 3623 850 3687 animam,
885 3635 936 3677 te
987 3624 1150 3677 etiam
1188 3623 1375 3689 invito,
1419 3634 1602 3692 utpote
1623 3635 1841 3696 propter
1868 3626 1992 3680 vita:
2031 3642 2172 3697 prae-

591 3713 760 3768 sentis
780 3714 1126 3768 immodicum
1155 3730 1414 3779 amorem,
1451 3715 1782 3772 obluctanle.
1813 3718 1947 3772 Nam
1979 3721 2172 3788 ajusto

594 3823 698 3862 non
757 3810 1020 3879 repetitur
1065 3809 1264 3872 anima,
1301 3811 1396 3864 sed
1423 3809 1509 3864 ille
1540 3811 1780 3879 gaudens
1812 3822 1864 3867 et
1894 3813 2172 3868 exsultans

591 3903 1065 3955 commendateam
1101 3901 1208 3956 Deo
1237 3902 1382 3956 Patri
1408 3903 1716 3972 spirituum,
1751 3918 1924 3975 neque
1949 3917 2172 3961 mortem

591 4005 734 4059 mgre
764 3991 891 4045 fert.
927 3991 1165 4062 Corpore
1198 3993 1340 4046 enim
1376 3994 1816 4051 circumamictus
1845 4006 1929 4052 est
1955 4008 2012 4052 ut
2046 4014 2174 4054 one-

594 4098 672 4149 re,
724 4083 864 4152 quod
913 4082 1102 4137 leviter
1142 4083 1378 4152 deponit.
1436 4083 1698 4142 Peccator
1752 4103 1879 4144 vero
1917 4091 2010 4160 qui
2055 4093 2174 4146 ani-

596 4189 738 4228 mam
786 4178 944 4247 carni
1009 4177 1245 4230 subdidit
1335 4179 1548 4244 corpori
1614 4181 1838 4234 nimium
1925 4183 2170 4252 allectus,

594 4269 756 4322 etiam
787 4269 931 4322 illaut
989 4268 1115 4322 fecit
1147 4284 1388 4335 carnem,
1443 4271 1772 4327 indivulsam
1822 4289 1940 4330 eam
1971 4278 2175 4334 habere

592 4360 706 4412 vult
738 4377 750 4411 :
780 4359 983 4412 idcirco
1023 4359 1219 4412 dicitur
1263 4358 1330 4412 ab
1378 4374 1443 4414 eo
1488 4362 1740 4430 repetita,
1810 4365 1951 4420 sicut
1987 4368 2053 4422 ab
2101 4369 2176 4422 in-

594 4451 882 4505 obcdiente
935 4451 1166 4520 quodam
1198 4451 1441 4508 debitore
1467 4455 1558 4524 qui
1603 4457 1835 4512 traditur
1867 4460 2176 4518 crudelibus

2285 3267 2425 3336 Ὅρα
2450 3267 2505 3320 δὲ
2537 3268 2631 3322 καὶ
2662 3267 2760 3339 τὴν
2784 3267 2931 3334 λέξιν
2960 3266 3076 3334 τοῦ,
3109 3265 3483 3320 Ἀπαιτοῦσιν.
3516 3265 3730 3333 Ὥσπερ
3761 3265 3870 3334 γάρ

2281 3375 2424 3421 τινες
2445 3360 2673 3428 ἀπηνεῖς
2703 3358 3011 3429 φορολόγοι,
3047 3358 3272 3429 φοϐεροὶ
3313 3355 3536 3425 ἄγγελοι
3561 3356 3661 3426 τὴν
3695 3355 3874 3425 ψυχήν

2284 3469 2375 3504 σου
2434 3451 2763 3504 ἀπαιτοῦσιν
2811 3453 3057 3516 ἄκοντος,
3094 3444 3182 3503 οἷα
3229 3449 3318 3503 διὰ
3361 3449 3655 3519 φιλοζωΐαν
3720 3450 3870 3501 ἀντι-

2282 3545 2608 3614 ποιουμένου
2661 3544 2770 3597 τῶν
2820 3542 3094 3598 ἐνταῦθα·
3140 3546 3166 3596 6
3199 3542 3300 3612 μὲν
3349 3543 3459 3612 γάρ
3508 3541 3722 3602 δίκαιος
3773 3540 3872 3593 οὐκ

2282 3641 2597 3693 ἀπαιτεῖται
2629 3640 2726 3709 τὴν
2761 3638 2960 3709 ψυχὴν,
2997 3637 3134 3691 ἀλλὰ
3167 3636 3530 3708 παρατίθεται
3560 3637 3767 3706 ταύτην
3797 3635 3873 3704 τῷ

2281 3732 2401 3802 Θεῷ
2432 3733 2525 3784 καὶ
2557 3733 2732 3802 [la-cpt
2784 3731 2893 3783 τῶν
2940 3731 3289 3800 πνευμάτων,
3332 3727 3540 3799 χαίρων
3578 3729 3675 3780 καὶ
3705 3728 3874 3795 ἀγαλο

2282 3825 2529 3895 λόμενος,
2563 3827 2656 3878 καὶ
2687 3825 2808 3878 οὐδὲ
2837 3824 3098 3893 δυσφορεῖ
3130 3823 3256 3894 περὶ
3287 3821 3387 3894 τὴν
3421 3822 3708 3876 ἀπόθεσιν’
3747 3821 3872 3874 ἐλα-

2283 3919 2417 3986 φρὸν
2473 3921 2580 3988 γὰρ
2652 3918 2871 3986 φορτίον
2917 3916 2976 3969 τὸ
3027 3915 3187 3985 σῶμα
3237 3915 3582 3984 περίκειται·
3629 3918 3656 3968 ό
3708 3914 3765 3967 δέ
3811 3930 3874 3979 γε

2285 4009 2609 4079 ἁμαρτωλὸς
2647 4009 3084 4080 κατασαρκώσας
3123 4009 3222 4078 τὴν
3254 4009 3454 4079 ψυχὴν,
3491 4010 3587 4063 καὶ
3619 4027 3878 4080 προσσωο

2287 4102 2670 4174 ματοποιώσας
2702 4102 2891 4172 αὐτὴν,
2928 4102 3020 4154 καὶ
3063 4102 3166 4172 γῆν
3203 4103 3457 4173 ποιήσας,
3511 4103 3878 4156 δυσαποσπά-

2286 4214 2424 4258 στως
2459 4196 2628 4266 αὐτὴν
2658 4197 2801 4265 ἔχειν
2853 4195 3258 4266 παρεσκεύασε,
3286 4195 3366 4249 διὸ
3396 4197 3492 4250 καὶ
3520 4196 3881 4249 ἀπαιτεῖσθαι

2282 4286 2488 4356 ταύτην
2549 4287 2806 4354 λέγεται,
2883 4285 3074 4356 ὥσπερ
3139 4303 3224 4349 τις
3283 4287 3566 4356 χρεώστης
3642 4285 3882 4355 ἀπειθὴς

2286 4383 2626 4451 πράκτορσιν
2675 4380 2909 4448 ἀπηνὲσι
2957 4379 3412 4449 παραδιδόμενος.
3464 4379 3608 4448 Ὅρα
3653 4379 3710 4431 δὲ
3759 4379 3882 4441 πῶς

2285 4476 2384 4526 οὐκ
2413 4468 2566 4526 εἶπεν
2583 4489 2597 4503 ⁸
2630 4473 2872 4526 Ἀπαιτώ
2895 4472 2991 4542 τὴν
3016 4471 3196 4543 ψυχήν
3224 4489 3340 4537 σου,
3365 4473 3502 4540 ἀλλ’,
3527 4472 3878 4526 Ἀπαιτοῦσιο

595 4545 956 4600 exactoribus.
992 4543 1122 4599 Vide
1165 4561 1378 4615 quoque
1413 4548 1552 4614 quod
1599 4563 1701 4602 non
1733 4550 1869 4606 dixit
1907 4571 1918 4606 :
1972 4552 2172 4624 Repeto

2285 4564 2392 4618 τῶν
2443 4564 2669 4617 δικαίων
2697 4562 2805 4632 γὰρ
2845 4563 2902 4615 αἱ
2928 4563 3100 4632 ψυχαὶ
3135 4565 3192 4616 ὲν
3235 4565 3382 4635 χειρὶ
3412 4563 3572 4617 Θεοῦ.
3635 4563 3729 4634 Τῷ
3762 4563 3878 4617 ὄντι

595 4636 829 4689 animam
915 4644 1059 4688 tuam
1113 4654 1124 4688 ι
1183 4637 1294 4699 sed,
1345 4636 1628 4705 chetent.
1697 4640 1972 4698 Justorum
2027 4646 2171 4702 enim

596 4727 791 4780 animm
823 4727 875 4781 in
906 4742 1066 4781 manu
1106 4727 1220 4783 Dei.
1266 4728 1328 4781 Et
1356 4729 1599 4799 profecto
1634 4733 1687 4786 in
1745 4747 1901 4792 nocte
1955 4739 2023 4794 ab
2067 4739 2171 4795 bu-

590 4819 827 4890 jusmodi
875 4820 1136 4889 repetitur
1189 4821 1390 4876 anima.
1449 4822 1564 4878 Non
1600 4826 1744 4880 enim
1794 4827 1955 4885 habet
1991 4833 2171 4889 lumen

594 4912 790 4966 divina:
837 4910 1076 4966 scientiae
1116 4912 1217 4966 sibi
1252 4912 1483 4985 fulgens,
1531 4917 1626 4971 sed
1656 4933 1779 4972 cum
1828 4923 1982 4976 estin
2017 4936 2173 4983 nocte

595 5003 905 5075 cupiditatis
966 5003 1301 5072 divitiarum,
1347 5018 1399 5063 et
1456 5009 1523 5064 ab
1585 5010 1672 5065 illa
1748 5013 2169 5089 obtenebratur,

597 5107 770 5150 morte
811 5099 1309 5167 comprehenditur.
1367 5101 1455 5156 Sic
1511 5103 1698 5174 utique
1755 5108 1951 5165 stultus
1972 5121 2048 5165 est
2081 5114 2171 5183 qui

597 5189 699 5244 sibi
733 5191 1079 5257 thesaurizat,
1120 5201 1173 5247 et
1204 5194 1464 5264 insipiens
1495 5195 1712 5263 dicitur,
1745 5212 1795 5255 et
1828 5218 1930 5256 non
1965 5205 2174 5271 perlicit

600 5281 980 5349 cogitationem
1029 5299 1202 5346 suam,
1237 5285 1332 5338 sed
1387 5286 1438 5338 in
1471 5287 1587 5354 ipso
1653 5291 2000 5359 cogitationis
2058 5312 2174 5348 mo-

599 5382 782 5427 mento
821 5389 884 5426 cx
921 5382 1028 5427 tota
1074 5377 1181 5430 vita
1211 5377 1568 5434 abscinditur.
1597 5381 1662 5435 At
1687 5383 1726 5437 si
1762 5388 2090 5455 pauperibus
2125 5399 2178 5442 et

597 5464 708 5520 Deo
754 5477 1150 5535 congregasset,
1199 5485 1303 5524 non
1357 5471 1437 5524 sic
1489 5486 1547 5525 se
1590 5473 1886 5541 habuisset,
1925 5495 2175 5534 curemus

599 5559 780 5619 igitur,
809 5569 869 5613 ut
909 5560 1099 5614 divites
1131 5563 1318 5617 fiamus
1365 5564 1418 5618 in
1463 5564 1589 5630 Deo,
1622 5568 1719 5620 hoc
1771 5581 1852 5624 est
1899 5582 1954 5626 ut
1991 5574 2040 5626 in
2087 5574 2175 5628 illo

603 5649 849 5703 ﬁduciam
904 5653 1194 5707 habeamus
1224 5665 1274 5709 ct
1305 5665 1358 5710 ut
1407 5657 1551 5712 illum
1613 5661 1899 5718 habeamus
1965 5665 2174 5719 divitias

673 5831 714 5858 μ
766 5832 903 5884 Ρυηι.
953 5851 1173 5896 \utttt,
1219 5837 1298 5890 Η.

2281 4654 2374 4712 οὖν
2398 4659 2455 4711 ὲν
2486 4658 2642 4711 νυκτὶ
2689 4659 3007 4710 ἀπαιτεῖται
3054 4658 3156 4728 τὴν
3205 4657 3388 4728 ψυχὴν
3427 4659 3455 4710 6
3487 4656 3752 4720 τοιοῦτος.
3797 4659 3876 4711 Οὐ

2281 4746 2391 4817 γὰρ
2421 4746 2538 4817 ἔχει
2584 4745 2701 4814 φῶς
2751 4745 2904 4808 θείας
2943 4744 3298 4813 ἐπιγνώσεως
3349 4744 3666 4816 ὲπιλάμπον
3699 4745 3875 4816 αὐτῷ,

2281 4838 2398 4892 ἀλλ’
2429 4840 2489 4890 ἐν
2518 4839 2675 4890 νυκτὶ
2709 4836 2808 4907 τῆς
2857 4836 3244 4906 φιλοπλουτίας
3272 4835 3369 4903 ὢν,
3407 4837 3500 4891 καὶ
3530 4838 3637 4891 ὑπὸ
3667 4837 3875 4910 ταύτης

2283 4929 2691 4998 ὲσκοτισμένος,
2737 4929 2952 4999 θανάτῳ
2983 4929 3470 5000 καταλαμϐάνεται
3492 4947 3506 4961 ·
3555 4927 3733 4993 οὕτως
3765 4931 3877 5001 ἄρα

2283 5025 2312 5077 6
2361 5023 2708 5092 θησαυρίζων
2757 5022 2960 5092 ἐαυτῷ,
3011 5022 3204 5090 ἄφρων
3253 5021 3454 5092 δηλαδὴ
3507 5021 3872 5094 καλούμενος,

2285 5116 2378 5168 καὶ
2418 5117 2491 5185 μὴ
2526 5116 2801 5186 περαίνων
2835 5115 2935 5178 τὰς
2991 5112 3157 5167 αὐτοῦ
3209 5113 3429 5184 βουλάς,
3482 5113 3599 5167 ἀλλ’
3630 5117 3691 5169 ἐν
3723 5115 3874 5187 αὺτῴ

2283 5208 2361 5277 τῷ
2391 5207 2565 5279 καιρῷ
2607 5208 2702 5278 τῆς
2737 5206 2934 5277 βουλῆς
2967 5208 3372 5278 ἐκτεμνόμενος
3419 5207 3557 5271 ὅλως
3595 5208 3690 5262 τοῦ
3725 5209 3867 5278 βίου.

2278 5303 2338 5354 Εἰ
2369 5301 2424 5354 δέ
2458 5319 2519 5367 γε
2547 5303 2660 5362 τοῖς
2717 5300 2912 5370 πένησι
2954 5300 3047 5354 καὶ
3075 5301 3153 5372 τῷ
3187 5300 3306 5370 Θεῷ
3346 5301 3734 5372 ἐθησαύριζεν,
3770 5303 3872 5356 οὐκ

2275 5388 2340 5442 ἂν
2371 5384 2513 5457 εἶχεν
2545 5389 2716 5449 οὕτως
2743 5405 2754 5416 ο
2790 5389 3185 5460 σπουδάσωμεν
3205 5386 3299 5444 οὖν
3321 5393 3398 5454 είς
3420 5390 3553 5445 Θεὸν
3586 5393 3866 5458 πλουτεῖν,

2273 5485 2571 5546 τουτέστιν,
2603 5483 2687 5535 ἐπ’
2715 5485 2907 5552 ἐκείνῳ
2932 5484 3274 5548 πεποιθέναι,
3304 5487 3402 5537 καὶ
3429 5486 3636 5538 ἐκεῖνον
3664 5488 3867 5557 ἡμέτε-

2277 5593 2368 5645 ρον
2399 5575 2543 5645 ἔχειν
2572 5573 2820 5634 πλοῦτολ,
2847 5576 2938 5626 καὶ
2969 5574 3060 5627 τοῦ
3092 5575 3321 5628 πλούτου
3353 5577 3612 5646 ταμιείαν,
3643 5577 3740 5630 καὶ
3791 5577 3866 5646 μὴ

2275 5668 2449 5734 λὲγῖιν
2488 5669 2563 5718 ἔτι
2599 5669 2656 5717 1}.
2701 5667 2878 5731 ἀγαθά
2917 5685 3035 5733 μου.
3075 5666 3228 5732 ἀλλὰ,
3264 5667 3328 5720 τὲ
3366 5668 3542 5732 ἀγαθὰ
3567 5667 3658 5720 τεῦ
3705 5668 3861 5721 Θζοῦ·
