  <div class='ocr_page' id='page_1' title='image "/cluster/home/n/w/nwhite01/storage/ocr_20150623/123/pst.000005714384/466.png"; bbox 0 0 4110 6332; ppageno 0'>
   <div class='ocr_carea' id='block_1_1' title="bbox 241 418 355 480">
    <p class='ocr_par' dir='ltr' id='par_1_1' title="bbox 241 418 355 480">
     <span class='ocr_line' id='line_1_1' title="bbox 241 418 355 480; baseline 0.026 -3"><span class='ocrx_word' id='word_1_1' title='bbox 241 418 355 480; x_wconf 61' lang='grc' dir='ltr'><strong>δῖῖ9</strong></span> 
     </span>
    </p>
   </div>
   <div class='ocr_carea' id='block_1_2' title="bbox 974 382 2884 475">
    <p class='ocr_par' dir='ltr' id='par_1_2' title="bbox 974 382 2884 475">
     <span class='ocr_line' id='line_1_2' title="bbox 974 382 2884 475; baseline -0.005 0"><span class='ocrx_word' id='word_1_2' title='bbox 974 412 1426 475; x_wconf 74' lang='lat' dir='ltr'><strong>ENARRATIO</strong></span> <span class='ocrx_word' id='word_1_3' title='bbox 1468 413 1551 473; x_wconf 83' lang='grc' dir='ltr'>ΙΝ</span> <span class='ocrx_word' id='word_1_4' title='bbox 1593 408 2105 473; x_wconf 83' lang='lat' dir='ltr'><strong>EVANGELIUM</strong></span> <span class='ocrx_word' id='word_1_5' title='bbox 2148 409 2386 472; x_wconf 63' lang='lat' dir='ltr'><strong>LUCIE.</strong></span> <span class='ocrx_word' id='word_1_6' title='bbox 2431 433 2500 444; x_wconf 92' lang='grc'><strong>--</strong></span> <span class='ocrx_word' id='word_1_7' title='bbox 2541 408 2703 469; x_wconf 81' lang='lat' dir='ltr'><strong>CAP.</strong></span> <span class='ocrx_word' id='word_1_8' title='bbox 2739 382 2884 467; x_wconf 75' lang='grc' dir='ltr'>ΧιἸ.</span> 
     </span>
    </p>
   </div>
   <div class='ocr_carea' id='block_1_3' title="bbox 3481 402 3590 466">
    <p class='ocr_par' dir='ltr' id='par_1_3' title="bbox 3481 402 3590 466">
     <span class='ocr_line' id='line_1_3' title="bbox 3481 402 3590 466; baseline 0.018 -2"><span class='ocrx_word' id='word_1_9' title='bbox 3481 402 3590 466; x_wconf 73' lang='lat'><strong>890</strong></span> 
     </span>
    </p>
   </div>
   <div class='ocr_carea' id='block_1_4' title="bbox 240 513 1873 601">
    <p class='ocr_par' dir='ltr' id='par_1_4' title="bbox 240 524 1861 601">
     <span class='ocr_line' id='line_1_4' title="bbox 240 524 1861 601; baseline -0.001 -19"><span class='ocrx_word' id='word_1_10' title='bbox 240 534 295 582; x_wconf 79' lang='grc' dir='ltr'><strong>εί</strong></span> <span class='ocrx_word' id='word_1_11' title='bbox 329 529 387 582; x_wconf 84' lang='grc' dir='ltr'>δὲ</span> <span class='ocrx_word' id='word_1_12' title='bbox 420 528 557 584; x_wconf 86' lang='grc' dir='ltr'>Θεοῦ</span> <span class='ocrx_word' id='word_1_13' title='bbox 589 530 732 584; x_wconf 88' lang='grc' dir='ltr'>εἰσιν</span> <span class='ocrx_word' id='word_1_14' title='bbox 763 527 966 597; x_wconf 71' lang='grc' dir='ltr'>ἀγαθὰ,</span> <span class='ocrx_word' id='word_1_15' title='bbox 1003 528 1080 599; x_wconf 80' lang='grc' dir='ltr'>μὴ</span> <span class='ocrx_word' id='word_1_16' title='bbox 1129 527 1572 601; x_wconf 75' lang='grc' dir='ltr'>ἀποστερῶμεθα</span> <span class='ocrx_word' id='word_1_17' title='bbox 1605 528 1698 581; x_wconf 83' lang='grc' dir='ltr'><strong>τὸν</strong></span> <span class='ocrx_word' id='word_1_18' title='bbox 1726 524 1861 581; x_wconf 81' lang='grc' dir='ltr'>Θεὸν</span> 
     </span>
    </p>
   </div>
   <div class='ocr_carea' id='block_1_5' title="bbox 1982 513 3589 601">
    <p class='ocr_par' dir='ltr' id='par_1_5' title="bbox 1982 513 3589 599">
     <span class='ocr_line' id='line_1_5' title="bbox 1982 513 3589 599; baseline -0.007 -18"><span class='ocrx_word' id='word_1_19' title='bbox 1982 536 2189 583; x_wconf 75' lang='lat' dir='ltr'><strong>tostras</strong></span> <span class='ocrx_word' id='word_1_20' title='bbox 2220 526 2299 599; x_wconf 91' lang='lat' dir='ltr'><strong>(a)</strong></span> <span class='ocrx_word' id='word_1_21' title='bbox 2336 534 2391 582; x_wconf 90' lang='lat' dir='ltr'><strong>et</strong></span> <span class='ocrx_word' id='word_1_22' title='bbox 2444 521 2762 579; x_wconf 85' lang='lat' dir='ltr'><strong>divitiarum</strong></span> <span class='ocrx_word' id='word_1_23' title='bbox 2800 520 3263 589; x_wconf 80' lang='lat' dir='ltr'><strong>dispensatorem.</strong></span> <span class='ocrx_word' id='word_1_24' title='bbox 3301 513 3413 570; x_wconf 70' lang='lat' dir='ltr'><strong>Nec</strong></span> <span class='ocrx_word' id='word_1_25' title='bbox 3436 516 3589 569; x_wconf 78' lang='lat' dir='ltr'><strong>dica—</strong></span> 
     </span>
    </p>
   </div>
   <div class='ocr_carea' id='block_1_6' title="bbox 236 620 1858 693">
    <p class='ocr_par' dir='ltr' id='par_1_6' title="bbox 236 620 1858 693">
     <span class='ocr_line' id='line_1_6' title="bbox 236 620 1858 693; baseline -0.004 -18"><span class='ocrx_word' id='word_1_26' title='bbox 236 622 360 676; x_wconf 67' lang='grc' dir='ltr'><strong>·έῷν</strong></span> <span class='ocrx_word' id='word_1_27' title='bbox 392 623 614 693; x_wconf 99' lang='grc' dir='ltr'>ἀγαθῶν</span> <span class='ocrx_word' id='word_1_28' title='bbox 641 620 811 678; x_wconf 79' lang='grc' dir='ltr'>αὐτοῦ</span> <span class='ocrx_word' id='word_1_29' title='bbox 832 638 847 653; x_wconf 75' lang='grc' dir='ltr'><strong>ο</strong></span> <span class='ocrx_word' id='word_1_30' title='bbox 881 621 1041 675; x_wconf 76' lang='grc' dir='ltr'>τοῦτο</span> <span class='ocrx_word' id='word_1_31' title='bbox 1079 620 1200 674; x_wconf 79' lang='grc' dir='ltr'>ἐστι</span> <span class='ocrx_word' id='word_1_32' title='bbox 1226 621 1288 675; x_wconf 70' lang='grc' dir='ltr'><strong>τὸ</strong></span> <span class='ocrx_word' id='word_1_33' title='bbox 1312 622 1391 684; x_wconf 80' lang='grc' dir='ltr'><strong>είς</strong></span> <span class='ocrx_word' id='word_1_34' title='bbox 1422 621 1558 674; x_wconf 84' lang='grc' dir='ltr'>Θεὸν</span> <span class='ocrx_word' id='word_1_35' title='bbox 1582 620 1858 685; x_wconf 81' lang='grc' dir='ltr'><strong>πλουτεῖν,</strong></span> 
     </span>
    </p>
   </div>
   <div class='ocr_carea' id='block_1_7' title="bbox 240 710 1862 779">
    <p class='ocr_par' dir='ltr' id='par_1_7' title="bbox 240 710 1862 779">
     <span class='ocr_line' id='line_1_7' title="bbox 240 710 1862 779; baseline -0.002 -10"><span class='ocrx_word' id='word_1_36' title='bbox 240 716 309 769; x_wconf 73' lang='grc' dir='ltr'><strong>τδ</strong></span> <span class='ocrx_word' id='word_1_37' title='bbox 343 716 628 769; x_wconf 75' lang='grc' dir='ltr'>πιστεύειν</span> <span class='ocrx_word' id='word_1_38' title='bbox 660 716 744 769; x_wconf 72' lang='grc' dir='ltr'>ὅτι</span> <span class='ocrx_word' id='word_1_39' title='bbox 770 713 864 768; x_wconf 79' lang='grc' dir='ltr'><strong>ἐὰν</strong></span> <span class='ocrx_word' id='word_1_40' title='bbox 893 714 1076 767; x_wconf 79' lang='grc' dir='ltr'>πάντα</span> <span class='ocrx_word' id='word_1_41' title='bbox 1113 712 1272 767; x_wconf 80' lang='grc' dir='ltr'>δώσω</span> <span class='ocrx_word' id='word_1_42' title='bbox 1305 714 1399 767; x_wconf 75' lang='grc' dir='ltr'><strong>καὶ</strong></span> <span class='ocrx_word' id='word_1_43' title='bbox 1430 711 1678 779; x_wconf 84' lang='grc' dir='ltr'>κενώσω,</span> <span class='ocrx_word' id='word_1_44' title='bbox 1705 710 1862 765; x_wconf 82' lang='grc' dir='ltr'>οὐδέν</span> 
     </span>
    </p>
   </div>
   <div class='ocr_carea' id='block_1_8' title="bbox 243 805 1861 880">
    <p class='ocr_par' dir='ltr' id='par_1_8' title="bbox 243 805 1861 880">
     <span class='ocr_line' id='line_1_8' title="bbox 243 805 1861 880; baseline -0.004 -17"><span class='ocrx_word' id='word_1_45' title='bbox 243 828 346 880; x_wconf 77' lang='grc' dir='ltr'><strong>μοι</strong></span> <span class='ocrx_word' id='word_1_46' title='bbox 400 809 510 863; x_wconf 89' lang='grc' dir='ltr'><strong>τῶν</strong></span> <span class='ocrx_word' id='word_1_47' title='bbox 559 810 880 877; x_wconf 74' lang='grc' dir='ltr'>ἀναγκαίων</span> <span class='ocrx_word' id='word_1_48' title='bbox 947 805 1257 876; x_wconf 73' lang='grc' dir='ltr'>ἐπιλείψει*</span> <span class='ocrx_word' id='word_1_49' title='bbox 1321 810 1547 875; x_wconf 87' lang='grc' dir='ltr'>ταμεῖον</span> <span class='ocrx_word' id='word_1_50' title='bbox 1600 805 1708 876; x_wconf 85' lang='grc' dir='ltr'>γάρ</span> <span class='ocrx_word' id='word_1_51' title='bbox 1770 822 1861 877; x_wconf 89' lang='grc' dir='ltr'><strong>μοι</strong></span> 
     </span>
    </p>
   </div>
   <div class='ocr_carea' id='block_1_9' title="bbox 237 898 1861 969">
    <p class='ocr_par' dir='ltr' id='par_1_9' title="bbox 237 898 1861 969">
     <span class='ocr_line' id='line_1_9' title="bbox 237 898 1861 969; baseline -0.002 -15"><span class='ocrx_word' id='word_1_52' title='bbox 237 902 361 955; x_wconf 80' lang='grc' dir='ltr'><strong>τῶν</strong></span> <span class='ocrx_word' id='word_1_53' title='bbox 412 901 639 969; x_wconf 81' lang='grc' dir='ltr'>ἀγαθῶν</span> <span class='ocrx_word' id='word_1_54' title='bbox 684 906 832 956; x_wconf 74' lang='grc' dir='ltr'>ἐστιν</span> <span class='ocrx_word' id='word_1_55' title='bbox 878 902 907 954; x_wconf 99' lang='lat'><strong>6</strong></span> <span class='ocrx_word' id='word_1_56' title='bbox 954 900 1119 965; x_wconf 85' lang='grc' dir='ltr'>Θεός·</span> <span class='ocrx_word' id='word_1_57' title='bbox 1171 898 1375 967; x_wconf 87' lang='grc' dir='ltr'>ἀνοίγω</span> <span class='ocrx_word' id='word_1_58' title='bbox 1449 899 1546 953; x_wconf 73' lang='grc' dir='ltr'>καὶ</span> <span class='ocrx_word' id='word_1_59' title='bbox 1602 900 1743 969; x_wconf 82' lang='grc' dir='ltr'>αἴρω</span> <span class='ocrx_word' id='word_1_60' title='bbox 1790 898 1861 951; x_wconf 77' lang='grc' dir='ltr'>τὰ</span> 
     </span>
    </p>
   </div>
   <div class='ocr_carea' id='block_1_10' title="bbox 241 995 513 1066">
    <p class='ocr_par' dir='ltr' id='par_1_10' title="bbox 241 995 513 1066">
     <span class='ocr_line' id='line_1_10' title="bbox 241 995 513 1066; baseline 0.007 -19"><span class='ocrx_word' id='word_1_61' title='bbox 241 995 513 1066; x_wconf 80' lang='grc' dir='ltr'>χρειώδη.</span> 
     </span>
    </p>
   </div>
   <div class='ocr_carea' id='block_1_11' title="bbox 327 1188 1862 1266">
    <p class='ocr_par' dir='ltr' id='par_1_11' title="bbox 327 1188 1862 1266">
     <span class='ocr_line' id='line_1_11' title="bbox 327 1188 1862 1266; baseline -0.002 -21"><span class='ocrx_word' id='word_1_62' title='bbox 327 1213 348 1245; x_wconf 71' lang='grc' dir='ltr'><strong>ι</strong></span> <span class='ocrx_word' id='word_1_63' title='bbox 397 1189 531 1247; x_wconf 77' lang='grc' dir='ltr'>Εῗπε</span> <span class='ocrx_word' id='word_1_64' title='bbox 562 1194 617 1248; x_wconf 83' lang='grc' dir='ltr'>δὲ</span> <span class='ocrx_word' id='word_1_65' title='bbox 652 1194 792 1266; x_wconf 80' lang='grc' dir='ltr'>πρὸς</span> <span class='ocrx_word' id='word_1_66' title='bbox 842 1194 970 1256; x_wconf 75' lang='grc' dir='ltr'>τοὺς</span> <span class='ocrx_word' id='word_1_67' title='bbox 1004 1193 1257 1264; x_wconf 84' lang='grc' dir='ltr'>μαθητὰς</span> <span class='ocrx_word' id='word_1_68' title='bbox 1310 1190 1478 1245; x_wconf 76' lang='grc' dir='ltr'>αὑτοῦ</span> <span class='ocrx_word' id='word_1_69' title='bbox 1502 1208 1516 1222; x_wconf 68' lang='grc' dir='ltr'><strong>θ</strong></span> <span class='ocrx_word' id='word_1_70' title='bbox 1571 1189 1671 1244; x_wconf 78' lang='grc' dir='ltr'><strong>Διὰ</strong></span> <span class='ocrx_word' id='word_1_71' title='bbox 1704 1188 1862 1242; x_wconf 78' lang='grc' dir='ltr'>τοῦτο</span> 
     </span>
    </p>
   </div>
   <div class='ocr_carea' id='block_1_12' title="bbox 240 1279 1861 1358">
    <p class='ocr_par' dir='ltr' id='par_1_12' title="bbox 240 1279 1861 1358">
     <span class='ocr_line' id='line_1_12' title="bbox 240 1279 1861 1358; baseline -0.003 -19"><span class='ocrx_word' id='word_1_72' title='bbox 240 1288 381 1355; x_wconf 77' lang='grc' dir='ltr'>ὑμῖν</span> <span class='ocrx_word' id='word_1_73' title='bbox 413 1286 579 1353; x_wconf 75' lang='grc' dir='ltr'>λέγω,</span> <span class='ocrx_word' id='word_1_74' title='bbox 623 1289 697 1356; x_wconf 84' lang='grc' dir='ltr'><strong>μὴ</strong></span> <span class='ocrx_word' id='word_1_75' title='bbox 738 1290 1042 1358; x_wconf 74' lang='grc' dir='ltr'><strong>μεριμνᾶτε</strong></span> <span class='ocrx_word' id='word_1_76' title='bbox 1078 1290 1145 1357; x_wconf 77' lang='grc' dir='ltr'>τῇ</span> <span class='ocrx_word' id='word_1_77' title='bbox 1177 1286 1324 1354; x_wconf 69' lang='grc' dir='ltr'>ψυχῇ</span> <span class='ocrx_word' id='word_1_78' title='bbox 1356 1284 1410 1337; x_wconf 81' lang='grc' dir='ltr'><strong>τί</strong></span> <span class='ocrx_word' id='word_1_79' title='bbox 1443 1283 1680 1353; x_wconf 73' lang='grc' dir='ltr'>φάγητε,</span> <span class='ocrx_word' id='word_1_80' title='bbox 1726 1279 1861 1351; x_wconf 72' lang='grc' dir='ltr'>μηδὲ</span> 
     </span>
    </p>
   </div>
   <div class='ocr_carea' id='block_1_13' title="bbox 239 1374 1861 1452">
    <p class='ocr_par' dir='ltr' id='par_1_13' title="bbox 239 1374 1861 1452">
     <span class='ocr_line' id='line_1_13' title="bbox 239 1374 1861 1452; baseline -0.005 -18"><span class='ocrx_word' id='word_1_81' title='bbox 239 1383 325 1452; x_wconf 74' lang='grc' dir='ltr'>τῷ</span> <span class='ocrx_word' id='word_1_82' title='bbox 362 1383 579 1451; x_wconf 77' lang='grc' dir='ltr'>σώματι</span> <span class='ocrx_word' id='word_1_83' title='bbox 608 1380 761 1451; x_wconf 81' lang='grc' dir='ltr'>ὑμῶν</span> <span class='ocrx_word' id='word_1_84' title='bbox 794 1381 847 1434; x_wconf 95' lang='grc' dir='ltr'><strong>τί</strong></span> <span class='ocrx_word' id='word_1_85' title='bbox 874 1379 1195 1449; x_wconf 74' lang='grc' dir='ltr'>ἐνδύσησθε.</span> <span class='ocrx_word' id='word_1_86' title='bbox 1240 1380 1303 1431; x_wconf 81' lang='grc' dir='ltr'><strong><em>Ἠ</em></strong></span> <span class='ocrx_word' id='word_1_87' title='bbox 1335 1378 1445 1447; x_wconf 84' lang='grc' dir='ltr'><strong>γὰρ</strong></span> <span class='ocrx_word' id='word_1_88' title='bbox 1481 1375 1630 1445; x_wconf 71' lang='grc' dir='ltr'>ψυχὴ</span> <span class='ocrx_word' id='word_1_89' title='bbox 1656 1374 1861 1427; x_wconf 81' lang='grc' dir='ltr'>πλείων</span> 
     </span>
    </p>
   </div>
   <div class='ocr_carea' id='block_1_14' title="bbox 243 1468 1860 1543">
    <p class='ocr_par' dir='ltr' id='par_1_14' title="bbox 243 1468 1860 1543">
     <span class='ocr_line' id='line_1_14' title="bbox 243 1468 1860 1543; baseline -0.002 -18"><span class='ocrx_word' id='word_1_90' title='bbox 243 1474 371 1525; x_wconf 68' lang='grc' dir='ltr'>ἐστὶ</span> <span class='ocrx_word' id='word_1_91' title='bbox 407 1474 505 1541; x_wconf 77' lang='grc' dir='ltr'>τῆς</span> <span class='ocrx_word' id='word_1_92' title='bbox 537 1473 767 1543; x_wconf 69' lang='grc' dir='ltr'>τροφῆς,</span> <span class='ocrx_word' id='word_1_93' title='bbox 816 1476 911 1526; x_wconf 71' lang='grc' dir='ltr'><strong>καὶ</strong></span> <span class='ocrx_word' id='word_1_94' title='bbox 949 1473 1012 1524; x_wconf 76' lang='grc' dir='ltr'>τὸ</span> <span class='ocrx_word' id='word_1_95' title='bbox 1047 1472 1210 1542; x_wconf 81' lang='grc' dir='ltr'>σῶμα</span> <span class='ocrx_word' id='word_1_96' title='bbox 1247 1470 1340 1523; x_wconf 80' lang='grc' dir='ltr'>τοῦ</span> <span class='ocrx_word' id='word_1_97' title='bbox 1378 1468 1681 1539; x_wconf 78' lang='grc' dir='ltr'>ἐνδύματος</span> <span class='ocrx_word' id='word_1_98' title='bbox 1706 1483 1720 1498; x_wconf 83' lang='grc'><em>’</em></span> <span class='ocrx_word' id='word_1_99' title='bbox 1760 1485 1860 1521; x_wconf 83' lang='grc' dir='ltr'>κα·</span> 
     </span>
    </p>
   </div>
   <div class='ocr_carea' id='block_1_15' title="bbox 242 1558 1860 1637">
    <p class='ocr_par' dir='ltr' id='par_1_15' title="bbox 242 1558 1860 1637">
     <span class='ocr_line' id='line_1_15' title="bbox 242 1558 1860 1637; baseline -0.004 -20"><span class='ocrx_word' id='word_1_100' title='bbox 242 1568 555 1637; x_wconf 75' lang='grc' dir='ltr'>τανοήσατε</span> <span class='ocrx_word' id='word_1_101' title='bbox 608 1567 734 1627; x_wconf 75' lang='grc' dir='ltr'>τοὺς</span> <span class='ocrx_word' id='word_1_102' title='bbox 786 1566 1030 1635; x_wconf 76' lang='grc' dir='ltr'>κόρακας</span> <span class='ocrx_word' id='word_1_103' title='bbox 1087 1564 1172 1617; x_wconf 83' lang='grc' dir='ltr'>ὅτι</span> <span class='ocrx_word' id='word_1_104' title='bbox 1208 1564 1270 1616; x_wconf 78' lang='grc' dir='ltr'><strong>οὐ</strong></span> <span class='ocrx_word' id='word_1_105' title='bbox 1328 1561 1673 1630; x_wconf 75' lang='grc' dir='ltr'>σπείρουσιν,</span> <span class='ocrx_word' id='word_1_106' title='bbox 1735 1558 1860 1611; x_wconf 76' lang='grc' dir='ltr'>οὐδὲ</span> 
     </span>
    </p>
   </div>
   <div class='ocr_carea' id='block_1_16' title="bbox 242 1634 1860 1727">
    <p class='ocr_par' dir='ltr' id='par_1_16' title="bbox 242 1634 1860 1727">
     <span class='ocr_line' id='line_1_16' title="bbox 242 1634 1860 1727; baseline -0.002 -20"><span class='ocrx_word' id='word_1_107' title='bbox 242 1657 584 1726; x_wconf 71' lang='grc' dir='ltr'>θερίζουσιν,</span> <span class='ocrx_word' id='word_1_108' title='bbox 624 1652 705 1720; x_wconf 70' lang='grc' dir='ltr'>οἷς</span> <span class='ocrx_word' id='word_1_109' title='bbox 737 1657 837 1710; x_wconf 86' lang='grc' dir='ltr'><strong>οὑκ</strong></span> <span class='ocrx_word' id='word_1_110' title='bbox 873 1657 990 1710; x_wconf 77' lang='grc' dir='ltr'>ἐστι</span> <span class='ocrx_word' id='word_1_111' title='bbox 1020 1658 1267 1727; x_wconf 87' lang='grc' dir='ltr'>ταμεῖον,</span> <span class='ocrx_word' id='word_1_112' title='bbox 1303 1652 1424 1707; x_wconf 82' lang='grc' dir='ltr'>οὑδὲ</span> <span class='ocrx_word' id='word_1_113' title='bbox 1451 1634 1727 1723; x_wconf 59' lang='grc' dir='ltr'>ἀποθήέη,</span> <span class='ocrx_word' id='word_1_114' title='bbox 1766 1651 1860 1704; x_wconf 74' lang='grc' dir='ltr'>καὶ</span> 
     </span>
    </p>
   </div>
   <div class='ocr_carea' id='block_1_17' title="bbox 241 1745 1857 1821">
    <p class='ocr_par' dir='ltr' id='par_1_17' title="bbox 241 1745 1857 1821">
     <span class='ocr_line' id='line_1_17' title="bbox 241 1745 1857 1821; baseline -0.004 -18"><span class='ocrx_word' id='word_1_115' title='bbox 241 1753 271 1803; x_wconf 73' lang='lat'><strong>6</strong></span> <span class='ocrx_word' id='word_1_116' title='bbox 302 1751 439 1815; x_wconf 76' lang='grc' dir='ltr'>Θεὸς</span> <span class='ocrx_word' id='word_1_117' title='bbox 466 1752 663 1821; x_wconf 79' lang='grc' dir='ltr'>τρέφει</span> <span class='ocrx_word' id='word_1_118' title='bbox 690 1750 915 1814; x_wconf 84' lang='grc' dir='ltr'>αὑτούς.</span> <span class='ocrx_word' id='word_1_119' title='bbox 945 1750 1101 1821; x_wconf 82' lang='grc' dir='ltr'>Πόσῳ</span> <span class='ocrx_word' id='word_1_120' title='bbox 1143 1749 1346 1819; x_wconf 86' lang='grc' dir='ltr'>μᾶλλον</span> <span class='ocrx_word' id='word_1_121' title='bbox 1376 1750 1537 1817; x_wconf 82' lang='grc' dir='ltr'>ὑμεῖς</span> <span class='ocrx_word' id='word_1_122' title='bbox 1562 1745 1857 1815; x_wconf 77' lang='grc' dir='ltr'>διαφέρετε</span> 
     </span>
    </p>
   </div>
   <div class='ocr_carea' id='block_1_18' title="bbox 240 1842 1857 1914">
    <p class='ocr_par' dir='ltr' id='par_1_18' title="bbox 240 1842 1857 1914">
     <span class='ocr_line' id='line_1_18' title="bbox 240 1842 1857 1914; baseline -0.002 -19"><span class='ocrx_word' id='word_1_123' title='bbox 240 1844 359 1897; x_wconf 80' lang='grc' dir='ltr'><strong>τῶν</strong></span> <span class='ocrx_word' id='word_1_124' title='bbox 413 1844 718 1910; x_wconf 85' lang='grc' dir='ltr'>πετεινῶν;</span> <span class='ocrx_word' id='word_1_125' title='bbox 769 1844 863 1906; x_wconf 88' lang='grc' dir='ltr'>Τίς</span> <span class='ocrx_word' id='word_1_126' title='bbox 895 1844 953 1898; x_wconf 76' lang='grc' dir='ltr'>δὲ</span> <span class='ocrx_word' id='word_1_127' title='bbox 992 1844 1050 1910; x_wconf 74' lang='grc' dir='ltr'>ἐξ</span> <span class='ocrx_word' id='word_1_128' title='bbox 1086 1843 1243 1913; x_wconf 83' lang='grc' dir='ltr'>ὑμῶν</span> <span class='ocrx_word' id='word_1_129' title='bbox 1291 1842 1575 1914; x_wconf 81' lang='grc' dir='ltr'>μεριμνῶν</span> <span class='ocrx_word' id='word_1_130' title='bbox 1630 1842 1857 1895; x_wconf 65' lang='grc' dir='ltr'>δύναται</span> 
     </span>
    </p>
   </div>
   <div class='ocr_carea' id='block_1_19' title="bbox 249 1934 1860 2008">
    <p class='ocr_par' dir='ltr' id='par_1_19' title="bbox 249 1934 1860 2008">
     <span class='ocr_line' id='line_1_19' title="bbox 249 1934 1860 2008; baseline -0.001 -19"><span class='ocrx_word' id='word_1_131' title='bbox 249 1937 580 2006; x_wconf 69' lang='grc' dir='ltr'>προσθεῖναι</span> <span class='ocrx_word' id='word_1_132' title='bbox 613 1939 706 1989; x_wconf 78' lang='grc' dir='ltr'>ἐπὶ</span> <span class='ocrx_word' id='word_1_133' title='bbox 757 1938 857 2007; x_wconf 82' lang='grc' dir='ltr'><strong>τὴν</strong></span> <span class='ocrx_word' id='word_1_134' title='bbox 912 1936 1137 2008; x_wconf 77' lang='grc' dir='ltr'>ἡλικίαν</span> <span class='ocrx_word' id='word_1_135' title='bbox 1178 1935 1345 1990; x_wconf 76' lang='grc' dir='ltr'>αὑτοῦ</span> <span class='ocrx_word' id='word_1_136' title='bbox 1396 1938 1578 2006; x_wconf 82' lang='grc' dir='ltr'>πῆχυν</span> <span class='ocrx_word' id='word_1_137' title='bbox 1627 1934 1761 1999; x_wconf 67' lang='lat' dir='ltr'><strong>Eva;</strong></span> <span class='ocrx_word' id='word_1_138' title='bbox 1797 1934 1860 1987; x_wconf 82' lang='lat' dir='ltr'><strong>Ei</strong></span> 
     </span>
    </p>
   </div>
   <div class='ocr_carea' id='block_1_20' title="bbox 242 2028 1865 2102">
    <p class='ocr_par' dir='ltr' id='par_1_20' title="bbox 242 2028 1865 2102">
     <span class='ocr_line' id='line_1_20' title="bbox 242 2028 1865 2102; baseline 0.001 -20"><span class='ocrx_word' id='word_1_139' title='bbox 242 2032 343 2083; x_wconf 65' lang='grc' dir='ltr'><strong>οὖν</strong></span> <span class='ocrx_word' id='word_1_140' title='bbox 391 2029 518 2084; x_wconf 72' lang='grc' dir='ltr'>οὔτε</span> <span class='ocrx_word' id='word_1_141' title='bbox 566 2030 851 2101; x_wconf 76' lang='grc' dir='ltr'>ἐλάχιστον</span> <span class='ocrx_word' id='word_1_142' title='bbox 902 2030 1159 2098; x_wconf 87' lang='grc' dir='ltr'>δύνασθε,</span> <span class='ocrx_word' id='word_1_143' title='bbox 1210 2032 1263 2085; x_wconf 89' lang='grc' dir='ltr'><strong>τί</strong></span> <span class='ocrx_word' id='word_1_144' title='bbox 1310 2032 1440 2102; x_wconf 71' lang='grc' dir='ltr'>περὶ</span> <span class='ocrx_word' id='word_1_145' title='bbox 1488 2030 1601 2083; x_wconf 87' lang='grc' dir='ltr'><strong>τῶν</strong></span> <span class='ocrx_word' id='word_1_146' title='bbox 1656 2028 1865 2083; x_wconf 79' lang='grc' dir='ltr'>λοιπῶν</span> 
     </span>
    </p>
   </div>
   <div class='ocr_carea' id='block_1_21' title="bbox 252 2123 1865 2197">
    <p class='ocr_par' dir='ltr' id='par_1_21' title="bbox 252 2123 1865 2197">
     <span class='ocr_line' id='line_1_21' title="bbox 252 2123 1865 2197; baseline -0.001 -20"><span class='ocrx_word' id='word_1_147' title='bbox 252 2126 601 2195; x_wconf 73' lang='grc' dir='ltr'>μεριμνᾶτες</span> <span class='ocrx_word' id='word_1_148' title='bbox 641 2146 659 2178; x_wconf 73' lang='grc' dir='ltr'><strong>ι</strong></span> <span class='ocrx_word' id='word_1_149' title='bbox 699 2126 858 2179; x_wconf 82' lang='grc' dir='ltr'>Κατά</span> <span class='ocrx_word' id='word_1_150' title='bbox 914 2126 1115 2197; x_wconf 68' lang='grc' dir='ltr'>μικρὸν</span> <span class='ocrx_word' id='word_1_151' title='bbox 1150 2125 1247 2178; x_wconf 78' lang='grc' dir='ltr'>ἐπὶ</span> <span class='ocrx_word' id='word_1_152' title='bbox 1287 2126 1357 2179; x_wconf 76' lang='grc' dir='ltr'>τὰ</span> <span class='ocrx_word' id='word_1_153' title='bbox 1386 2123 1697 2195; x_wconf 77' lang='grc' dir='ltr'>τελεώτερα</span> <span class='ocrx_word' id='word_1_154' title='bbox 1733 2136 1865 2192; x_wconf 74' lang='grc' dir='ltr'><strong>προ⁸</strong></span> 
     </span>
    </p>
   </div>
   <div class='ocr_carea' id='block_1_22' title="bbox 250 2213 1862 2290">
    <p class='ocr_par' dir='ltr' id='par_1_22' title="bbox 250 2213 1862 2290">
     <span class='ocr_line' id='line_1_22' title="bbox 250 2213 1862 2290; baseline -0.001 -20"><span class='ocrx_word' id='word_1_155' title='bbox 250 2222 380 2287; x_wconf 72' lang='grc' dir='ltr'>ἁγει</span> <span class='ocrx_word' id='word_1_156' title='bbox 419 2218 518 2289; x_wconf 77' lang='grc' dir='ltr'>τὴν</span> <span class='ocrx_word' id='word_1_157' title='bbox 548 2218 904 2273; x_wconf 79' lang='grc' dir='ltr'>διδασκαλίαν</span> <span class='ocrx_word' id='word_1_158' title='bbox 927 2222 955 2274; x_wconf 93' lang='lat'><strong>6</strong></span> <span class='ocrx_word' id='word_1_159' title='bbox 986 2219 1218 2290; x_wconf 85' lang='grc' dir='ltr'>Κύριος.</span> <span class='ocrx_word' id='word_1_160' title='bbox 1254 2219 1399 2289; x_wconf 87' lang='grc' dir='ltr'>Ὅρα</span> <span class='ocrx_word' id='word_1_161' title='bbox 1427 2218 1537 2289; x_wconf 84' lang='grc' dir='ltr'>γὰρ</span> <span class='ocrx_word' id='word_1_162' title='bbox 1565 2217 1663 2287; x_wconf 87' lang='grc' dir='ltr'><strong>τὴν</strong></span> <span class='ocrx_word' id='word_1_163' title='bbox 1686 2213 1862 2279; x_wconf 83' lang='grc' dir='ltr'>τάξιν.</span> 
     </span>
    </p>
   </div>
   <div class='ocr_carea' id='block_1_23' title="bbox 262 2296 1861 2383">
    <p class='ocr_par' dir='ltr' id='par_1_23' title="bbox 262 2296 1861 2383">
     <span class='ocr_line' id='line_1_23' title="bbox 262 2296 1861 2383; baseline -0.001 -19"><span class='ocrx_word' id='word_1_164' title='bbox 262 2313 501 2379; x_wconf 68' lang='grc' dir='ltr'>’.ἐδίδαξε</span> <span class='ocrx_word' id='word_1_165' title='bbox 538 2313 911 2382; x_wconf 70' lang='grc' dir='ltr'>φυλάσσεσθαι</span> <span class='ocrx_word' id='word_1_166' title='bbox 941 2313 1048 2367; x_wconf 82' lang='grc' dir='ltr'><strong>ἀπὸ</strong></span> <span class='ocrx_word' id='word_1_167' title='bbox 1065 2315 1166 2383; x_wconf 77' lang='grc' dir='ltr'>τῆς</span> <span class='ocrx_word' id='word_1_168' title='bbox 1200 2296 1540 2378; x_wconf 77' lang='grc' dir='ltr'>πλεονεξίας,</span> <span class='ocrx_word' id='word_1_169' title='bbox 1566 2310 1663 2364; x_wconf 74' lang='grc' dir='ltr'><strong>καὶ</strong></span> <span class='ocrx_word' id='word_1_170' title='bbox 1687 2326 1861 2381; x_wconf 77' lang='grc' dir='ltr'>προσο</span> 
     </span>
    </p>
   </div>
   <div class='ocr_carea' id='block_1_24' title="bbox 251 2403 1866 2478">
    <p class='ocr_par' dir='ltr' id='par_1_24' title="bbox 251 2403 1866 2478">
     <span class='ocr_line' id='line_1_24' title="bbox 251 2403 1866 2478; baseline -0.001 -21"><span class='ocrx_word' id='word_1_171' title='bbox 251 2406 425 2475; x_wconf 63' lang='grc' dir='ltr'>ἔθηκε</span> <span class='ocrx_word' id='word_1_172' title='bbox 454 2406 775 2477; x_wconf 79' lang='grc' dir='ltr'>παραϐολὴν</span> <span class='ocrx_word' id='word_1_173' title='bbox 797 2447 811 2471; x_wconf 92' lang='grc'><strong>,</strong></span> <span class='ocrx_word' id='word_1_174' title='bbox 846 2404 949 2478; x_wconf 82' lang='grc' dir='ltr'>τὴν</span> <span class='ocrx_word' id='word_1_175' title='bbox 975 2406 1107 2477; x_wconf 66' lang='grc' dir='ltr'>περὶ</span> <span class='ocrx_word' id='word_1_176' title='bbox 1157 2404 1255 2459; x_wconf 73' lang='grc' dir='ltr'>τοῦ</span> <span class='ocrx_word' id='word_1_177' title='bbox 1291 2405 1576 2470; x_wconf 79' lang='grc' dir='ltr'>πλουσίου,</span> <span class='ocrx_word' id='word_1_178' title='bbox 1610 2403 1701 2457; x_wconf 72' lang='grc' dir='ltr'><strong>διὰ</strong></span> <span class='ocrx_word' id='word_1_179' title='bbox 1729 2403 1866 2457; x_wconf 87' lang='grc' dir='ltr'>ταύ-</span> 
     </span>
    </p>
   </div>
   <div class='ocr_carea' id='block_1_25' title="bbox 249 2497 1863 2571">
    <p class='ocr_par' dir='ltr' id='par_1_25' title="bbox 249 2497 1863 2571">
     <span class='ocr_line' id='line_1_25' title="bbox 249 2497 1863 2571; baseline 0 -18"><span class='ocrx_word' id='word_1_180' title='bbox 249 2516 355 2567; x_wconf 69' lang='grc' dir='ltr'><strong>της</strong></span> <span class='ocrx_word' id='word_1_181' title='bbox 396 2500 638 2563; x_wconf 74' lang='grc' dir='ltr'>δεικνὺς,</span> <span class='ocrx_word' id='word_1_182' title='bbox 671 2502 753 2553; x_wconf 80' lang='grc' dir='ltr'><strong>δτι</strong></span> <span class='ocrx_word' id='word_1_183' title='bbox 802 2500 997 2571; x_wconf 68' lang='grc' dir='ltr'>ἄφρων</span> <span class='ocrx_word' id='word_1_184' title='bbox 1029 2501 1057 2553; x_wconf 91' lang='lat'><strong>6</strong></span> <span class='ocrx_word' id='word_1_185' title='bbox 1088 2498 1182 2553; x_wconf 81' lang='grc' dir='ltr'>τοῦ</span> <span class='ocrx_word' id='word_1_186' title='bbox 1214 2499 1463 2563; x_wconf 87' lang='grc' dir='ltr'>πλείονος</span> <span class='ocrx_word' id='word_1_187' title='bbox 1507 2497 1863 2569; x_wconf 77' lang='grc' dir='ltr'>ὀρεγόμενος.</span> 
     </span>
    </p>
   </div>
   <div class='ocr_carea' id='block_1_26' title="bbox 254 2586 1863 2661">
    <p class='ocr_par' dir='ltr' id='par_1_26' title="bbox 254 2586 1863 2661">
     <span class='ocr_line' id='line_1_26' title="bbox 254 2586 1863 2661; baseline -0.001 -18"><span class='ocrx_word' id='word_1_188' title='bbox 254 2586 395 2643; x_wconf 65' lang='grc' dir='ltr'>Εἶτα</span> <span class='ocrx_word' id='word_1_189' title='bbox 429 2591 759 2661; x_wconf 79' lang='grc' dir='ltr'>προκόπτων</span> <span class='ocrx_word' id='word_1_190' title='bbox 780 2589 859 2661; x_wconf 85' lang='grc' dir='ltr'>τῷ</span> <span class='ocrx_word' id='word_1_191' title='bbox 877 2591 1043 2661; x_wconf 84' lang='grc' dir='ltr'>λόγῳ,</span> <span class='ocrx_word' id='word_1_192' title='bbox 1073 2590 1196 2643; x_wconf 82' lang='grc' dir='ltr'>οὑδὲ</span> <span class='ocrx_word' id='word_1_193' title='bbox 1230 2588 1367 2660; x_wconf 79' lang='grc' dir='ltr'>περὶ</span> <span class='ocrx_word' id='word_1_194' title='bbox 1402 2588 1513 2643; x_wconf 86' lang='grc' dir='ltr'><strong>τῶν</strong></span> <span class='ocrx_word' id='word_1_195' title='bbox 1545 2587 1863 2657; x_wconf 76' lang='grc' dir='ltr'>ἀναγκαίων</span> 
     </span>
    </p>
   </div>
   <div class='ocr_carea' id='block_1_27' title="bbox 252 2678 1866 2751">
    <p class='ocr_par' dir='ltr' id='par_1_27' title="bbox 252 2678 1866 2751">
     <span class='ocr_line' id='line_1_27' title="bbox 252 2678 1866 2751; baseline 0.002 -22"><span class='ocrx_word' id='word_1_196' title='bbox 252 2678 407 2745; x_wconf 70' lang='grc' dir='ltr'>ἡμᾶς</span> <span class='ocrx_word' id='word_1_197' title='bbox 460 2680 739 2749; x_wconf 77' lang='grc' dir='ltr'>μεριμνᾷν</span> <span class='ocrx_word' id='word_1_198' title='bbox 772 2679 855 2751; x_wconf 79' lang='grc' dir='ltr'>ἑᾷ.</span> <span class='ocrx_word' id='word_1_199' title='bbox 896 2680 1110 2749; x_wconf 85' lang='grc' dir='ltr'>Ὥσπερ</span> <span class='ocrx_word' id='word_1_200' title='bbox 1144 2679 1238 2732; x_wconf 83' lang='grc' dir='ltr'><strong>οὖν</strong></span> <span class='ocrx_word' id='word_1_201' title='bbox 1269 2680 1298 2732; x_wconf 90' lang='lat'><strong>6</strong></span> <span class='ocrx_word' id='word_1_202' title='bbox 1332 2679 1579 2743; x_wconf 82' lang='grc' dir='ltr'>διάϐολος</span> <span class='ocrx_word' id='word_1_203' title='bbox 1604 2679 1713 2733; x_wconf 81' lang='grc' dir='ltr'><strong>ἀπὸ</strong></span> <span class='ocrx_word' id='word_1_204' title='bbox 1756 2679 1866 2732; x_wconf 86' lang='grc' dir='ltr'><strong>τῶν</strong></span> 
     </span>
    </p>
   </div>
   <div class='ocr_carea' id='block_1_28' title="bbox 255 2771 1867 2845">
    <p class='ocr_par' dir='ltr' id='par_1_28' title="bbox 255 2771 1867 2845">
     <span class='ocr_line' id='line_1_28' title="bbox 255 2771 1867 2845; baseline 0.002 -22"><span class='ocrx_word' id='word_1_205' title='bbox 255 2771 479 2841; x_wconf 83' lang='grc' dir='ltr'>μικρῶν</span> <span class='ocrx_word' id='word_1_206' title='bbox 530 2774 835 2844; x_wconf 65' lang='grc' dir='ltr'>ἀρχόμενος</span> <span class='ocrx_word' id='word_1_207' title='bbox 887 2774 1247 2845; x_wconf 83' lang='grc' dir='ltr'>περιπίπτειν</span> <span class='ocrx_word' id='word_1_208' title='bbox 1286 2775 1438 2844; x_wconf 79' lang='grc' dir='ltr'>ἡμᾶς</span> <span class='ocrx_word' id='word_1_209' title='bbox 1480 2776 1599 2838; x_wconf 82' lang='grc' dir='ltr'>τοῖς</span> <span class='ocrx_word' id='word_1_210' title='bbox 1636 2774 1867 2845; x_wconf 72' lang='grc' dir='ltr'>μείςωσι</span> 
     </span>
    </p>
   </div>
   <div class='ocr_carea' id='block_1_29' title="bbox 257 2865 1868 2940">
    <p class='ocr_par' dir='ltr' id='par_1_29' title="bbox 257 2865 1868 2940">
     <span class='ocr_line' id='line_1_29' title="bbox 257 2865 1868 2940; baseline 0.005 -25"><span class='ocrx_word' id='word_1_211' title='bbox 257 2867 404 2917; x_wconf 85' lang='grc' dir='ltr'>ποιεῖ</span> <span class='ocrx_word' id='word_1_212' title='bbox 466 2865 570 2932; x_wconf 73' lang='grc' dir='ltr'>(διὸ</span> <span class='ocrx_word' id='word_1_213' title='bbox 620 2867 715 2919; x_wconf 76' lang='grc' dir='ltr'><strong>καὶ</strong></span> <span class='ocrx_word' id='word_1_214' title='bbox 768 2867 1176 2938; x_wconf 84' lang='grc' dir='ltr'>μυρμηκολὲων</span> <span class='ocrx_word' id='word_1_215' title='bbox 1224 2867 1545 2939; x_wconf 79' lang='grc' dir='ltr'>ὠνόμασται</span> <span class='ocrx_word' id='word_1_216' title='bbox 1590 2868 1741 2940; x_wconf 83' lang='grc' dir='ltr'>παρὰ</span> <span class='ocrx_word' id='word_1_217' title='bbox 1791 2867 1868 2939; x_wconf 85' lang='grc' dir='ltr'>τῷ</span> 
     </span>
    </p>
   </div>
   <div class='ocr_carea' id='block_1_30' title="bbox 270 2956 1870 3033">
    <p class='ocr_par' dir='ltr' id='par_1_30' title="bbox 270 2956 1870 3033">
     <span class='ocr_line' id='line_1_30' title="bbox 270 2956 1870 3033; baseline 0.005 -24"><span class='ocrx_word' id='word_1_218' title='bbox 270 2956 444 3024; x_wconf 81' lang='grc' dir='ltr'>’1ὼ6),</span> <span class='ocrx_word' id='word_1_219' title='bbox 472 2956 649 3023; x_wconf 79' lang='grc' dir='ltr'>οὕτως</span> <span class='ocrx_word' id='word_1_220' title='bbox 675 2961 739 3012; x_wconf 84' lang='grc' dir='ltr'>ὲκ</span> <span class='ocrx_word' id='word_1_221' title='bbox 776 2959 872 3013; x_wconf 79' lang='grc' dir='ltr'>τοῦ</span> <span class='ocrx_word' id='word_1_222' title='bbox 906 2960 1156 3014; x_wconf 78' lang='grc' dir='ltr'>ἐναντίου</span> <span class='ocrx_word' id='word_1_223' title='bbox 1189 2964 1216 3016; x_wconf 88' lang='grc' dir='ltr'><strong>ὁ</strong></span> <span class='ocrx_word' id='word_1_224' title='bbox 1248 2963 1454 3033; x_wconf 84' lang='grc' dir='ltr'>Κύριος</span> <span class='ocrx_word' id='word_1_225' title='bbox 1486 2962 1740 3017; x_wconf 79' lang='grc' dir='ltr'>ἀναλύων</span> <span class='ocrx_word' id='word_1_226' title='bbox 1769 2966 1870 3017; x_wconf 81' lang='grc' dir='ltr'>αὑ·</span> 
     </span>
    </p>
   </div>
   <div class='ocr_carea' id='block_1_31' title="bbox 253 3051 1868 3129">
    <p class='ocr_par' dir='ltr' id='par_1_31' title="bbox 253 3051 1868 3129">
     <span class='ocr_line' id='line_1_31' title="bbox 253 3051 1868 3129; baseline 0.005 -26"><span class='ocrx_word' id='word_1_227' title='bbox 253 3051 353 3103; x_wconf 73' lang='grc' dir='ltr'>τοῦ</span> <span class='ocrx_word' id='word_1_228' title='bbox 400 3051 471 3105; x_wconf 82' lang='grc' dir='ltr'>τὰ</span> <span class='ocrx_word' id='word_1_229' title='bbox 542 3053 713 3122; x_wconf 80' lang='grc' dir='ltr'>ἔργα,</span> <span class='ocrx_word' id='word_1_230' title='bbox 773 3056 1042 3126; x_wconf 79' lang='grc' dir='ltr'>πρότερον</span> <span class='ocrx_word' id='word_1_231' title='bbox 1094 3056 1163 3111; x_wconf 84' lang='grc' dir='ltr'><strong>τὰ</strong></span> <span class='ocrx_word' id='word_1_232' title='bbox 1216 3058 1433 3128; x_wconf 82' lang='grc' dir='ltr'>μεγάλα</span> <span class='ocrx_word' id='word_1_233' title='bbox 1488 3059 1868 3129; x_wconf 82' lang='grc' dir='ltr'>ἁμαρτήματα</span> 
     </span>
    </p>
   </div>
   <div class='ocr_carea' id='block_1_32' title="bbox 259 3140 1863 3221">
    <p class='ocr_par' dir='ltr' id='par_1_32' title="bbox 259 3140 1863 3221">
     <span class='ocr_line' id='line_1_32' title="bbox 259 3140 1863 3221; baseline 0.008 -26"><span class='ocrx_word' id='word_1_234' title='bbox 259 3144 478 3213; x_wconf 67' lang='grc' dir='ltr'>φεύγει,</span> <span class='ocrx_word' id='word_1_235' title='bbox 534 3140 653 3199; x_wconf 81' lang='grc' dir='ltr'>εἶτα</span> <span class='ocrx_word' id='word_1_236' title='bbox 689 3148 785 3200; x_wconf 78' lang='grc' dir='ltr'>καὶ</span> <span class='ocrx_word' id='word_1_237' title='bbox 833 3148 935 3209; x_wconf 71' lang='grc' dir='ltr'>τὰς</span> <span class='ocrx_word' id='word_1_238' title='bbox 990 3151 1168 3221; x_wconf 76' lang='grc' dir='ltr'>ἀρχὰς</span> <span class='ocrx_word' id='word_1_239' title='bbox 1216 3153 1428 3207; x_wconf 88' lang='grc' dir='ltr'>τούτων</span> <span class='ocrx_word' id='word_1_240' title='bbox 1483 3154 1863 3209; x_wconf 81' lang='grc' dir='ltr'>ὑποδείκνυσι.</span> 
     </span>
    </p>
   </div>
   <div class='ocr_carea' id='block_1_33' title="bbox 1972 608 3589 689">
    <p class='ocr_par' dir='ltr' id='par_1_33' title="bbox 1972 608 3589 689">
     <span class='ocr_line' id='line_1_33' title="bbox 1972 608 3589 689; baseline -0.008 -14"><span class='ocrx_word' id='word_1_241' title='bbox 1972 638 2115 689; x_wconf 79' lang='lat' dir='ltr'><strong>ntus,</strong></span> <span class='ocrx_word' id='word_1_242' title='bbox 2150 621 2294 677; x_wconf 86' lang='lat' dir='ltr'><strong>bona</strong></span> <span class='ocrx_word' id='word_1_243' title='bbox 2328 628 2538 684; x_wconf 86' lang='lat' dir='ltr'><strong>nostra,</strong></span> <span class='ocrx_word' id='word_1_244' title='bbox 2558 618 2676 683; x_wconf 90' lang='lat' dir='ltr'><strong>sed,</strong></span> <span class='ocrx_word' id='word_1_245' title='bbox 2702 616 2843 670; x_wconf 84' lang='lat' dir='ltr'><strong>bona</strong></span> <span class='ocrx_word' id='word_1_246' title='bbox 2871 611 2966 668; x_wconf 86' lang='lat' dir='ltr'><strong>Dei</strong></span> <span class='ocrx_word' id='word_1_247' title='bbox 2994 630 3007 667; x_wconf 89' lang='lat'><strong>:</strong></span> <span class='ocrx_word' id='word_1_248' title='bbox 3039 612 3084 666; x_wconf 92' lang='lat' dir='ltr'><strong>si</strong></span> <span class='ocrx_word' id='word_1_249' title='bbox 3118 618 3301 666; x_wconf 88' lang='lat' dir='ltr'><strong>autem</strong></span> <span class='ocrx_word' id='word_1_250' title='bbox 3334 608 3427 663; x_wconf 87' lang='lat' dir='ltr'><strong>Dei</strong></span> <span class='ocrx_word' id='word_1_251' title='bbox 3458 619 3589 663; x_wconf 84' lang='lat' dir='ltr'><strong>sunt</strong></span> 
     </span>
    </p>
   </div>
   <div class='ocr_carea' id='block_1_34' title="bbox 1968 700 3585 783">
    <p class='ocr_par' dir='ltr' id='par_1_34' title="bbox 1968 700 3585 783">
     <span class='ocr_line' id='line_1_34' title="bbox 1968 700 3585 783; baseline -0.011 -14"><span class='ocrx_word' id='word_1_252' title='bbox 1968 712 2133 779; x_wconf 81' lang='lat' dir='ltr'><strong>bona,</strong></span> <span class='ocrx_word' id='word_1_253' title='bbox 2182 729 2249 767; x_wconf 90' lang='lat' dir='ltr'><strong>ne</strong></span> <span class='ocrx_word' id='word_1_254' title='bbox 2280 712 2560 783; x_wconf 89' lang='lat' dir='ltr'><strong>privemns</strong></span> <span class='ocrx_word' id='word_1_255' title='bbox 2593 710 2760 763; x_wconf 90' lang='lat' dir='ltr'><strong>Deum</strong></span> <span class='ocrx_word' id='word_1_256' title='bbox 2787 705 2947 760; x_wconf 86' lang='lat' dir='ltr'><strong>bonis</strong></span> <span class='ocrx_word' id='word_1_257' title='bbox 2993 704 3132 758; x_wconf 86' lang='lat' dir='ltr'><strong>suis.</strong></span> <span class='ocrx_word' id='word_1_258' title='bbox 3171 700 3287 756; x_wconf 83' lang='lat' dir='ltr'><strong>Hoc</strong></span> <span class='ocrx_word' id='word_1_259' title='bbox 3315 710 3400 755; x_wconf 90' lang='lat' dir='ltr'><strong>est</strong></span> <span class='ocrx_word' id='word_1_260' title='bbox 3423 700 3585 755; x_wconf 84' lang='lat' dir='ltr'><strong>ditari</strong></span> 
     </span>
    </p>
   </div>
   <div class='ocr_carea' id='block_1_35' title="bbox 1970 794 3588 872">
    <p class='ocr_par' dir='ltr' id='par_1_35' title="bbox 1970 794 3588 872">
     <span class='ocr_line' id='line_1_35' title="bbox 1970 794 3588 872; baseline -0.009 -12"><span class='ocrx_word' id='word_1_261' title='bbox 1970 806 2022 861; x_wconf 89' lang='lat' dir='ltr'><strong>in</strong></span> <span class='ocrx_word' id='word_1_262' title='bbox 2086 805 2219 870; x_wconf 86' lang='lat' dir='ltr'><strong>Deo,</strong></span> <span class='ocrx_word' id='word_1_263' title='bbox 2276 806 2501 860; x_wconf 83' lang='lat' dir='ltr'><strong>credere</strong></span> <span class='ocrx_word' id='word_1_264' title='bbox 2536 803 2677 871; x_wconf 88' lang='lat' dir='ltr'><strong>quod</strong></span> <span class='ocrx_word' id='word_1_265' title='bbox 2712 801 2877 872; x_wconf 78' lang='lat'><strong>372</strong></span> <span class='ocrx_word' id='word_1_266' title='bbox 2934 798 2980 853; x_wconf 93' lang='lat' dir='ltr'><strong>si</strong></span> <span class='ocrx_word' id='word_1_267' title='bbox 3050 796 3237 852; x_wconf 84' lang='lat' dir='ltr'><strong>omnia</strong></span> <span class='ocrx_word' id='word_1_268' title='bbox 3282 794 3484 849; x_wconf 82' lang='lat' dir='ltr'><strong>dedero</strong></span> <span class='ocrx_word' id='word_1_269' title='bbox 3531 801 3588 847; x_wconf 89' lang='lat' dir='ltr'><strong>et</strong></span> 
     </span>
    </p>
   </div>
   <div class='ocr_carea' id='block_1_36' title="bbox 1966 886 3589 963">
    <p class='ocr_par' dir='ltr' id='par_1_36' title="bbox 1966 886 3589 963">
     <span class='ocr_line' id='line_1_36' title="bbox 1966 886 3589 963; baseline -0.007 -10"><span class='ocrx_word' id='word_1_270' title='bbox 1966 913 2329 962; x_wconf 72' lang='lat' dir='ltr'><strong>evacuavero,</strong></span> <span class='ocrx_word' id='word_1_271' title='bbox 2357 898 2493 952; x_wconf 87' lang='lat' dir='ltr'><strong>nihil</strong></span> <span class='ocrx_word' id='word_1_272' title='bbox 2513 912 2704 951; x_wconf 86' lang='lat' dir='ltr'><strong>eorum</strong></span> <span class='ocrx_word' id='word_1_273' title='bbox 2738 894 2942 963; x_wconf 79' lang='lat' dir='ltr'><strong>quibus</strong></span> <span class='ocrx_word' id='word_1_274' title='bbox 2971 891 3103 945; x_wconf 88' lang='lat' dir='ltr'><strong>mibi</strong></span> <span class='ocrx_word' id='word_1_275' title='bbox 3136 904 3269 958; x_wconf 88' lang='lat' dir='ltr'><strong>opus</strong></span> <span class='ocrx_word' id='word_1_276' title='bbox 3298 886 3461 941; x_wconf 79' lang='lat' dir='ltr'><strong>fuerit</strong></span> <span class='ocrx_word' id='word_1_277' title='bbox 3494 892 3589 941; x_wconf 86' lang='lat' dir='ltr'><strong>dc-</strong></span> 
     </span>
    </p>
   </div>
   <div class='ocr_carea' id='block_1_37' title="bbox 1968 981 3583 1063">
    <p class='ocr_par' dir='ltr' id='par_1_37' title="bbox 1968 981 3583 1063">
     <span class='ocr_line' id='line_1_37' title="bbox 1968 981 3583 1063; baseline -0.008 -17"><span class='ocrx_word' id='word_1_278' title='bbox 1968 992 2115 1046; x_wconf 72' lang='lat' dir='ltr'><strong>iicivt</strong></span> <span class='ocrx_word' id='word_1_279' title='bbox 2147 992 2241 1063; x_wconf 74' lang='grc' dir='ltr'><strong>(ὓ).</strong></span> <span class='ocrx_word' id='word_1_280' title='bbox 2273 989 2722 1059; x_wconf 85' lang='lat' dir='ltr'><strong>Prutuptuarium</strong></span> <span class='ocrx_word' id='word_1_281' title='bbox 2758 987 2905 1041; x_wconf 86' lang='lat' dir='ltr'><strong>enim</strong></span> <span class='ocrx_word' id='word_1_282' title='bbox 2938 986 3210 1040; x_wconf 85' lang='lat' dir='ltr'><strong>bonorum</strong></span> <span class='ocrx_word' id='word_1_283' title='bbox 3257 981 3398 1035; x_wconf 83' lang='lat' dir='ltr'><strong>Deus</strong></span> <span class='ocrx_word' id='word_1_284' title='bbox 3445 987 3531 1036; x_wconf 87' lang='lat' dir='ltr'><strong>est</strong></span> <span class='ocrx_word' id='word_1_285' title='bbox 3568 997 3583 1034; x_wconf 92' lang='lat'><strong>:</strong></span> 
     </span>
    </p>
   </div>
   <div class='ocr_carea' id='block_1_38' title="bbox 1968 1080 2879 1153">
    <p class='ocr_par' dir='ltr' id='par_1_38' title="bbox 1968 1080 2879 1153">
     <span class='ocr_line' id='line_1_38' title="bbox 1968 1080 2879 1153; baseline -0.007 -16"><span class='ocrx_word' id='word_1_286' title='bbox 1968 1082 2209 1153; x_wconf 82' lang='lat' dir='ltr'><strong>aperiam</strong></span> <span class='ocrx_word' id='word_1_287' title='bbox 2236 1092 2289 1138; x_wconf 89' lang='lat' dir='ltr'><strong>et</strong></span> <span class='ocrx_word' id='word_1_288' title='bbox 2328 1082 2512 1138; x_wconf 89' lang='lat' dir='ltr'><strong>tollam</strong></span> <span class='ocrx_word' id='word_1_289' title='bbox 2541 1080 2879 1136; x_wconf 87' lang='lat' dir='ltr'><strong>necessaria.</strong></span> 
     </span>
    </p>
   </div>
   <div class='ocr_carea' id='block_1_39' title="bbox 2042 1189 3588 1267">
    <p class='ocr_par' dir='ltr' id='par_1_39' title="bbox 2042 1189 3588 1267">
     <span class='ocr_line' id='line_1_39' title="bbox 2042 1189 3588 1267; baseline -0.008 -7"><span class='ocrx_word' id='word_1_290' title='bbox 2042 1206 2211 1260; x_wconf 68' lang='lat' dir='ltr'><strong>Vens.</strong></span> <span class='ocrx_word' id='word_1_291' title='bbox 2254 1199 2447 1257; x_wconf 65' lang='lat'><strong>22-26.</strong></span> <span class='ocrx_word' id='word_1_292' title='bbox 2491 1217 2510 1251; x_wconf 74' lang='grc' dir='ltr'><strong>ι</strong></span> <span class='ocrx_word' id='word_1_293' title='bbox 2552 1198 2807 1267; x_wconf 82' lang='lat' dir='ltr'><strong>Dixitque</strong></span> <span class='ocrx_word' id='word_1_294' title='bbox 2842 1196 2909 1250; x_wconf 84' lang='lat' dir='ltr'><strong>ad</strong></span> <span class='ocrx_word' id='word_1_295' title='bbox 2938 1192 3238 1263; x_wconf 85' lang='lat' dir='ltr'><strong>discipulos</strong></span> <span class='ocrx_word' id='word_1_296' title='bbox 3267 1206 3394 1246; x_wconf 89' lang='lat' dir='ltr'><strong>suos</strong></span> <span class='ocrx_word' id='word_1_297' title='bbox 3422 1211 3435 1245; x_wconf 80' lang='grc' dir='ltr'><strong>ι</strong></span> <span class='ocrx_word' id='word_1_298' title='bbox 3463 1189 3588 1247; x_wconf 85' lang='lat' dir='ltr'><strong>Ideo</strong></span> 
     </span>
    </p>
   </div>
   <div class='ocr_carea' id='block_1_40' title="bbox 1966 1284 3586 1355">
    <p class='ocr_par' dir='ltr' id='par_1_40' title="bbox 1966 1284 3586 1355">
     <span class='ocr_line' id='line_1_40' title="bbox 1966 1284 3586 1355; baseline -0.01 -1"><span class='ocrx_word' id='word_1_299' title='bbox 1966 1300 2090 1355; x_wconf 87' lang='lat' dir='ltr'><strong>dico</strong></span> <span class='ocrx_word' id='word_1_300' title='bbox 2125 1296 2278 1352; x_wconf 84' lang='lat' dir='ltr'><strong>vobis</strong></span> <span class='ocrx_word' id='word_1_301' title='bbox 2313 1314 2326 1349; x_wconf 92' lang='lat'><strong>:</strong></span> <span class='ocrx_word' id='word_1_302' title='bbox 2358 1293 2537 1348; x_wconf 84' lang='lat' dir='ltr'><strong>Nolite</strong></span> <span class='ocrx_word' id='word_1_303' title='bbox 2575 1290 2800 1345; x_wconf 75' lang='lat' dir='ltr'><strong>solliciti</strong></span> <span class='ocrx_word' id='word_1_304' title='bbox 2832 1302 2956 1343; x_wconf 87' lang='lat' dir='ltr'><strong>esse</strong></span> <span class='ocrx_word' id='word_1_305' title='bbox 3004 1288 3200 1340; x_wconf 72' lang='lat' dir='ltr'><strong>animm</strong></span> <span class='ocrx_word' id='word_1_306' title='bbox 3219 1284 3347 1354; x_wconf 91' lang='lat' dir='ltr'><strong>quid</strong></span> <span class='ocrx_word' id='word_1_307' title='bbox 3390 1284 3586 1352; x_wconf 88' lang='lat' dir='ltr'><strong>edatis,</strong></span> 
     </span>
    </p>
   </div>
   <div class='ocr_carea' id='block_1_41' title="bbox 1970 1378 3590 1461">
    <p class='ocr_par' dir='ltr' id='par_1_41' title="bbox 1970 1378 3590 1461">
     <span class='ocr_line' id='line_1_41' title="bbox 1970 1378 3590 1461; baseline -0.01 -14"><span class='ocrx_word' id='word_1_308' title='bbox 1970 1406 2148 1461; x_wconf 87' lang='lat' dir='ltr'><strong>neque</strong></span> <span class='ocrx_word' id='word_1_309' title='bbox 2214 1387 2431 1458; x_wconf 82' lang='lat' dir='ltr'><strong>corpori</strong></span> <span class='ocrx_word' id='word_1_310' title='bbox 2504 1395 2694 1440; x_wconf 86' lang='lat' dir='ltr'><strong>vestro</strong></span> <span class='ocrx_word' id='word_1_311' title='bbox 2764 1383 2892 1452; x_wconf 89' lang='lat' dir='ltr'><strong>quid</strong></span> <span class='ocrx_word' id='word_1_312' title='bbox 2992 1380 3335 1443; x_wconf 81' lang='lat' dir='ltr'><strong>induamini;</strong></span> <span class='ocrx_word' id='word_1_313' title='bbox 3406 1378 3590 1432; x_wconf 82' lang='lat' dir='ltr'><strong>anima</strong></span> 
     </span>
    </p>
   </div>
   <div class='ocr_carea' id='block_1_42' title="bbox 1967 1469 3589 1553">
    <p class='ocr_par' dir='ltr' id='par_1_42' title="bbox 1967 1469 3589 1553">
     <span class='ocr_line' id='line_1_42' title="bbox 1967 1469 3589 1553; baseline -0.01 -14"><span class='ocrx_word' id='word_1_314' title='bbox 1967 1484 2113 1539; x_wconf 86' lang='lat' dir='ltr'><strong>enim</strong></span> <span class='ocrx_word' id='word_1_315' title='bbox 2149 1482 2267 1553; x_wconf 86' lang='lat' dir='ltr'><strong>plus</strong></span> <span class='ocrx_word' id='word_1_316' title='bbox 2319 1490 2403 1534; x_wconf 87' lang='lat' dir='ltr'><strong>est</strong></span> <span class='ocrx_word' id='word_1_317' title='bbox 2442 1494 2607 1549; x_wconf 88' lang='lat' dir='ltr'><strong>quam</strong></span> <span class='ocrx_word' id='word_1_318' title='bbox 2647 1492 2799 1539; x_wconf 87' lang='lat' dir='ltr'><strong>esca,</strong></span> <span class='ocrx_word' id='word_1_319' title='bbox 2826 1484 2881 1529; x_wconf 91' lang='lat' dir='ltr'><strong>et</strong></span> <span class='ocrx_word' id='word_1_320' title='bbox 2919 1489 3121 1542; x_wconf 86' lang='lat' dir='ltr'><strong>corpus</strong></span> <span class='ocrx_word' id='word_1_321' title='bbox 3150 1472 3269 1542; x_wconf 84' lang='lat' dir='ltr'><strong>plus</strong></span> <span class='ocrx_word' id='word_1_322' title='bbox 3305 1486 3467 1541; x_wconf 87' lang='lat' dir='ltr'><strong>quam</strong></span> <span class='ocrx_word' id='word_1_323' title='bbox 3502 1469 3589 1524; x_wconf 86' lang='lat' dir='ltr'><strong>in-</strong></span> 
     </span>
    </p>
   </div>
   <div class='ocr_carea' id='block_1_43' title="bbox 1970 1565 3586 1635">
    <p class='ocr_par' dir='ltr' id='par_1_43' title="bbox 1970 1565 3586 1635">
     <span class='ocr_line' id='line_1_43' title="bbox 1970 1565 3586 1635; baseline -0.008 -4"><span class='ocrx_word' id='word_1_324' title='bbox 1970 1578 2313 1631; x_wconf 82' lang='lat' dir='ltr'><strong>dumentum.</strong></span> <span class='ocrx_word' id='word_1_325' title='bbox 2350 1572 2714 1629; x_wconf 82' lang='lat' dir='ltr'><strong>Considerate</strong></span> <span class='ocrx_word' id='word_1_326' title='bbox 2750 1582 2946 1623; x_wconf 78' lang='lat' dir='ltr'><strong>corvos</strong></span> <span class='ocrx_word' id='word_1_327' title='bbox 2971 1568 3097 1635; x_wconf 85' lang='lat' dir='ltr'><strong>quia</strong></span> <span class='ocrx_word' id='word_1_328' title='bbox 3139 1582 3244 1620; x_wconf 84' lang='lat' dir='ltr'><strong>non</strong></span> <span class='ocrx_word' id='word_1_329' title='bbox 3292 1565 3586 1627; x_wconf 77' lang='lat' dir='ltr'><strong>seminam,</strong></span> 
     </span>
    </p>
   </div>
   <div class='ocr_carea' id='block_1_44' title="bbox 1970 1661 3592 1738">
    <p class='ocr_par' dir='ltr' id='par_1_44' title="bbox 1970 1661 3592 1738">
     <span class='ocr_line' id='line_1_44' title="bbox 1970 1661 3592 1738; baseline -0.008 -13"><span class='ocrx_word' id='word_1_330' title='bbox 1970 1686 2149 1738; x_wconf 88' lang='lat' dir='ltr'><strong>neque</strong></span> <span class='ocrx_word' id='word_1_331' title='bbox 2210 1677 2442 1733; x_wconf 86' lang='lat' dir='ltr'><strong>metunt,</strong></span> <span class='ocrx_word' id='word_1_332' title='bbox 2495 1667 2695 1735; x_wconf 88' lang='lat' dir='ltr'><strong>quibus</strong></span> <span class='ocrx_word' id='word_1_333' title='bbox 2745 1678 2856 1717; x_wconf 87' lang='lat' dir='ltr'><strong>non</strong></span> <span class='ocrx_word' id='word_1_334' title='bbox 2904 1671 2986 1717; x_wconf 89' lang='lat' dir='ltr'><strong>est</strong></span> <span class='ocrx_word' id='word_1_335' title='bbox 3029 1661 3357 1731; x_wconf 85' lang='lat' dir='ltr'><strong>penuariutn</strong></span> <span class='ocrx_word' id='word_1_336' title='bbox 3414 1672 3592 1727; x_wconf 84' lang='lat' dir='ltr'><strong>neque</strong></span> 
     </span>
    </p>
   </div>
   <div class='ocr_carea' id='block_1_45' title="bbox 1968 1752 3592 1828">
    <p class='ocr_par' dir='ltr' id='par_1_45' title="bbox 1968 1752 3592 1828">
     <span class='ocr_line' id='line_1_45' title="bbox 1968 1752 3592 1828; baseline -0.008 -9"><span class='ocrx_word' id='word_1_337' title='bbox 1968 1766 2249 1828; x_wconf 83' lang='lat' dir='ltr'><strong>horreum,</strong></span> <span class='ocrx_word' id='word_1_338' title='bbox 2299 1773 2356 1817; x_wconf 90' lang='lat' dir='ltr'><strong>et</strong></span> <span class='ocrx_word' id='word_1_339' title='bbox 2403 1760 2548 1814; x_wconf 92' lang='lat' dir='ltr'><strong>Deus</strong></span> <span class='ocrx_word' id='word_1_340' title='bbox 2586 1760 2758 1828; x_wconf 90' lang='lat' dir='ltr'><strong>pascit</strong></span> <span class='ocrx_word' id='word_1_341' title='bbox 2819 1756 2966 1811; x_wconf 89' lang='lat' dir='ltr'><strong>illos.</strong></span> <span class='ocrx_word' id='word_1_342' title='bbox 3013 1753 3232 1819; x_wconf 85' lang='lat' dir='ltr'><strong>Quanto</strong></span> <span class='ocrx_word' id='word_1_343' title='bbox 3288 1752 3462 1820; x_wconf 75' lang='lat' dir='ltr'><strong>magis</strong></span> <span class='ocrx_word' id='word_1_344' title='bbox 3495 1764 3592 1806; x_wconf 91' lang='lat' dir='ltr'><strong>vos</strong></span> 
     </span>
    </p>
   </div>
   <div class='ocr_carea' id='block_1_46' title="bbox 1969 1844 3587 1926">
    <p class='ocr_par' dir='ltr' id='par_1_46' title="bbox 1969 1844 3587 1926">
     <span class='ocr_line' id='line_1_46' title="bbox 1969 1844 3587 1926; baseline -0.008 -17"><span class='ocrx_word' id='word_1_345' title='bbox 1969 1855 2239 1926; x_wconf 60' lang='lat' dir='ltr'><strong>praestatis</strong></span> <span class='ocrx_word' id='word_1_346' title='bbox 2280 1855 2593 1909; x_wconf 89' lang='lat' dir='ltr'><strong>volucribus</strong></span> <span class='ocrx_word' id='word_1_347' title='bbox 2619 1854 2642 1905; x_wconf 88' lang='lat'><strong>?</strong></span> <span class='ocrx_word' id='word_1_348' title='bbox 2672 1851 2807 1918; x_wconf 88' lang='lat' dir='ltr'><strong>Quis</strong></span> <span class='ocrx_word' id='word_1_349' title='bbox 2835 1858 3017 1904; x_wconf 88' lang='lat' dir='ltr'><strong>autem</strong></span> <span class='ocrx_word' id='word_1_350' title='bbox 3045 1855 3290 1903; x_wconf 89' lang='lat' dir='ltr'><strong>vestrum</strong></span> <span class='ocrx_word' id='word_1_351' title='bbox 3314 1844 3587 1899; x_wconf 89' lang='lat' dir='ltr'><strong>sollicitu-</strong></span> 
     </span>
    </p>
   </div>
   <div class='ocr_carea' id='block_1_47' title="bbox 1973 1938 3592 2017">
    <p class='ocr_par' dir='ltr' id='par_1_47' title="bbox 1973 1938 3592 2017">
     <span class='ocr_line' id='line_1_47' title="bbox 1973 1938 3592 2017; baseline -0.011 -12"><span class='ocrx_word' id='word_1_352' title='bbox 1973 1951 2099 2005; x_wconf 85' lang='lat' dir='ltr'><strong>dine</strong></span> <span class='ocrx_word' id='word_1_353' title='bbox 2149 1963 2248 2004; x_wconf 87' lang='lat' dir='ltr'><strong>sua</strong></span> <span class='ocrx_word' id='word_1_354' title='bbox 2280 1956 2457 2017; x_wconf 84' lang='lat' dir='ltr'><strong>potest</strong></span> <span class='ocrx_word' id='word_1_355' title='bbox 2489 1946 2731 2016; x_wconf 80' lang='lat' dir='ltr'><strong>adjicere</strong></span> <span class='ocrx_word' id='word_1_356' title='bbox 2766 1944 2832 1995; x_wconf 88' lang='lat' dir='ltr'><strong>ad</strong></span> <span class='ocrx_word' id='word_1_357' title='bbox 2858 1952 3124 1996; x_wconf 89' lang='lat' dir='ltr'><strong>staturam</strong></span> <span class='ocrx_word' id='word_1_358' title='bbox 3156 1954 3312 1993; x_wconf 82' lang='lat' dir='ltr'><strong>suam</strong></span> <span class='ocrx_word' id='word_1_359' title='bbox 3347 1938 3592 1991; x_wconf 86' lang='lat' dir='ltr'><strong>cubitum</strong></span> 
     </span>
    </p>
   </div>
   <div class='ocr_carea' id='block_1_48' title="bbox 1974 2031 3592 2109">
    <p class='ocr_par' dir='ltr' id='par_1_48' title="bbox 1974 2031 3592 2109">
     <span class='ocr_line' id='line_1_48' title="bbox 1974 2031 3592 2109; baseline -0.007 -13"><span class='ocrx_word' id='word_1_360' title='bbox 1974 2041 2191 2097; x_wconf 81' lang='lat' dir='ltr'><strong>unum?</strong></span> <span class='ocrx_word' id='word_1_361' title='bbox 2239 2040 2294 2096; x_wconf 91' lang='lat' dir='ltr'><strong>Si</strong></span> <span class='ocrx_word' id='word_1_362' title='bbox 2344 2055 2473 2109; x_wconf 81' lang='lat' dir='ltr'><strong>ergo</strong></span> <span class='ocrx_word' id='word_1_363' title='bbox 2524 2054 2591 2092; x_wconf 91' lang='lat' dir='ltr'><strong>ne</strong></span> <span class='ocrx_word' id='word_1_364' title='bbox 2621 2036 2673 2091; x_wconf 91' lang='lat' dir='ltr'><strong>id</strong></span> <span class='ocrx_word' id='word_1_365' title='bbox 2721 2037 2970 2106; x_wconf 88' lang='lat' dir='ltr'><strong>quidem,</strong></span> <span class='ocrx_word' id='word_1_366' title='bbox 3002 2031 3147 2103; x_wconf 88' lang='lat' dir='ltr'><strong>quod</strong></span> <span class='ocrx_word' id='word_1_367' title='bbox 3181 2031 3592 2096; x_wconf 89' lang='lat' dir='ltr'><strong>miuimumest,</strong></span> 
     </span>
    </p>
   </div>
   <div class='ocr_carea' id='block_1_49' title="bbox 1971 2123 3592 2206">
    <p class='ocr_par' dir='ltr' id='par_1_49' title="bbox 1971 2123 3592 2206">
     <span class='ocr_line' id='line_1_49' title="bbox 1971 2123 3592 2206; baseline -0.009 -16"><span class='ocrx_word' id='word_1_368' title='bbox 1971 2135 2223 2206; x_wconf 79' lang='lat' dir='ltr'><strong>potestis.</strong></span> <span class='ocrx_word' id='word_1_369' title='bbox 2251 2134 2379 2203; x_wconf 90' lang='lat' dir='ltr'><strong>quid</strong></span> <span class='ocrx_word' id='word_1_370' title='bbox 2423 2134 2489 2187; x_wconf 90' lang='lat' dir='ltr'><strong>de</strong></span> <span class='ocrx_word' id='word_1_371' title='bbox 2528 2132 2745 2187; x_wconf 61' lang='lat' dir='ltr'><strong>caeteris</strong></span> <span class='ocrx_word' id='word_1_372' title='bbox 2782 2128 3002 2183; x_wconf 90' lang='lat' dir='ltr'><strong>solliciti</strong></span> <span class='ocrx_word' id='word_1_373' title='bbox 3060 2125 3221 2181; x_wconf 81' lang='lat' dir='ltr'><strong>estis?</strong></span> <span class='ocrx_word' id='word_1_374' title='bbox 3265 2144 3283 2177; x_wconf 72' lang='grc' dir='ltr'><strong>ι</strong></span> <span class='ocrx_word' id='word_1_375' title='bbox 3313 2123 3592 2178; x_wconf 91' lang='lat' dir='ltr'><strong>Paulatim</strong></span> 
     </span>
    </p>
   </div>
   <div class='ocr_carea' id='block_1_50' title="bbox 1973 2217 3597 2283">
    <p class='ocr_par' dir='ltr' id='par_1_50' title="bbox 1973 2217 3597 2283">
     <span class='ocr_line' id='line_1_50' title="bbox 1973 2217 3597 2283; baseline -0.006 -1"><span class='ocrx_word' id='word_1_376' title='bbox 1973 2229 2028 2282; x_wconf 92' lang='lat' dir='ltr'><strong>in</strong></span> <span class='ocrx_word' id='word_1_377' title='bbox 2084 2226 2408 2283; x_wconf 83' lang='lat' dir='ltr'><strong>sublimiora</strong></span> <span class='ocrx_word' id='word_1_378' title='bbox 2464 2224 2721 2279; x_wconf 88' lang='lat' dir='ltr'><strong>subducit</strong></span> <span class='ocrx_word' id='word_1_379' title='bbox 2766 2221 3078 2277; x_wconf 81' lang='lat' dir='ltr'><strong>doctrinam</strong></span> <span class='ocrx_word' id='word_1_380' title='bbox 3138 2218 3423 2273; x_wconf 86' lang='lat' dir='ltr'><strong>Dominus.</strong></span> <span class='ocrx_word' id='word_1_381' title='bbox 3458 2217 3597 2273; x_wconf 82' lang='lat' dir='ltr'><strong>Vide</strong></span> 
     </span>
    </p>
   </div>
   <div class='ocr_carea' id='block_1_51' title="bbox 1972 2313 3600 2381">
    <p class='ocr_par' dir='ltr' id='par_1_51' title="bbox 1972 2313 3600 2381">
     <span class='ocr_line' id='line_1_51' title="bbox 1972 2313 3600 2381; baseline -0.007 -4"><span class='ocrx_word' id='word_1_382' title='bbox 1972 2322 2121 2377; x_wconf 88' lang='lat' dir='ltr'><strong>enim</strong></span> <span class='ocrx_word' id='word_1_383' title='bbox 2173 2319 2446 2375; x_wconf 84' lang='lat' dir='ltr'><strong>ordinem.</strong></span> <span class='ocrx_word' id='word_1_384' title='bbox 2507 2317 2922 2372; x_wconf 86' lang='lat' dir='ltr'><strong>Docuitcavere</strong></span> <span class='ocrx_word' id='word_1_385' title='bbox 2953 2315 3022 2369; x_wconf 89' lang='lat' dir='ltr'><strong>ab</strong></span> <span class='ocrx_word' id='word_1_386' title='bbox 3050 2313 3302 2380; x_wconf 89' lang='lat' dir='ltr'><strong>avaritia,</strong></span> <span class='ocrx_word' id='word_1_387' title='bbox 3346 2322 3399 2369; x_wconf 92' lang='lat' dir='ltr'><strong>et</strong></span> <span class='ocrx_word' id='word_1_388' title='bbox 3432 2326 3600 2381; x_wconf 89' lang='lat' dir='ltr'><strong>appo-</strong></span> 
     </span>
    </p>
   </div>
   <div class='ocr_carea' id='block_1_52' title="bbox 1972 2409 3599 2485">
    <p class='ocr_par' dir='ltr' id='par_1_52' title="bbox 1972 2409 3599 2485">
     <span class='ocr_line' id='line_1_52' title="bbox 1972 2409 3599 2485; baseline -0.004 -16"><span class='ocrx_word' id='word_1_389' title='bbox 1972 2415 2080 2469; x_wconf 91' lang='lat' dir='ltr'><strong>suit</strong></span> <span class='ocrx_word' id='word_1_390' title='bbox 2112 2413 2429 2485; x_wconf 86' lang='lat' dir='ltr'><strong>parabolam</strong></span> <span class='ocrx_word' id='word_1_391' title='bbox 2468 2412 2615 2467; x_wconf 84' lang='lat' dir='ltr'><strong>illam</strong></span> <span class='ocrx_word' id='word_1_392' title='bbox 2658 2411 2724 2466; x_wconf 88' lang='lat' dir='ltr'><strong>de</strong></span> <span class='ocrx_word' id='word_1_393' title='bbox 2749 2411 2938 2475; x_wconf 87' lang='lat' dir='ltr'><strong>divite,</strong></span> <span class='ocrx_word' id='word_1_394' title='bbox 2970 2425 3070 2480; x_wconf 81' lang='lat' dir='ltr'><strong>per</strong></span> <span class='ocrx_word' id='word_1_395' title='bbox 3100 2409 3245 2462; x_wconf 87' lang='lat' dir='ltr'><strong>illam</strong></span> <span class='ocrx_word' id='word_1_396' title='bbox 3282 2418 3599 2463; x_wconf 72' lang='lat' dir='ltr'><strong>monstrans</strong></span> 
     </span>
    </p>
   </div>
   <div class='ocr_carea' id='block_1_53' title="bbox 1974 2502 3599 2579">
    <p class='ocr_par' dir='ltr' id='par_1_53' title="bbox 1974 2502 3599 2579">
     <span class='ocr_line' id='line_1_53' title="bbox 1974 2502 3599 2579; baseline -0.002 -20"><span class='ocrx_word' id='word_1_397' title='bbox 1974 2510 2119 2579; x_wconf 88' lang='lat' dir='ltr'><strong>quod</strong></span> <span class='ocrx_word' id='word_1_398' title='bbox 2167 2508 2432 2578; x_wconf 86' lang='lat' dir='ltr'><strong>insipiens</strong></span> <span class='ocrx_word' id='word_1_399' title='bbox 2476 2510 2546 2562; x_wconf 87' lang='lat' dir='ltr'><strong>sit</strong></span> <span class='ocrx_word' id='word_1_400' title='bbox 2576 2507 2665 2575; x_wconf 86' lang='lat' dir='ltr'><strong>qui</strong></span> <span class='ocrx_word' id='word_1_401' title='bbox 2705 2506 2859 2576; x_wconf 89' lang='lat' dir='ltr'><strong>plura</strong></span> <span class='ocrx_word' id='word_1_402' title='bbox 2885 2505 3187 2560; x_wconf 79' lang='lat' dir='ltr'><strong>desiderat.</strong></span> <span class='ocrx_word' id='word_1_403' title='bbox 3226 2502 3432 2557; x_wconf 85' lang='lat' dir='ltr'><strong>Deinde</strong></span> <span class='ocrx_word' id='word_1_404' title='bbox 3467 2515 3599 2570; x_wconf 87' lang='lat' dir='ltr'><strong>pro-</strong></span> 
     </span>
    </p>
   </div>
   <div class='ocr_carea' id='block_1_54' title="bbox 1975 2591 3598 2666">
    <p class='ocr_par' dir='ltr' id='par_1_54' title="bbox 1975 2591 3598 2666">
     <span class='ocr_line' id='line_1_54' title="bbox 1975 2591 3598 2666; baseline -0.007 -12"><span class='ocrx_word' id='word_1_405' title='bbox 1975 2601 2165 2655; x_wconf 82' lang='lat' dir='ltr'><strong>ﬁciens</strong></span> <span class='ocrx_word' id='word_1_406' title='bbox 2196 2614 2473 2663; x_wconf 86' lang='lat' dir='ltr'><strong>sermone,</strong></span> <span class='ocrx_word' id='word_1_407' title='bbox 2524 2612 2701 2666; x_wconf 83' lang='lat' dir='ltr'><strong>neque</strong></span> <span class='ocrx_word' id='word_1_408' title='bbox 2743 2598 2809 2651; x_wconf 90' lang='lat' dir='ltr'><strong>de</strong></span> <span class='ocrx_word' id='word_1_409' title='bbox 2841 2593 3174 2650; x_wconf 83' lang='lat' dir='ltr'><strong>necessariis</strong></span> <span class='ocrx_word' id='word_1_410' title='bbox 3202 2591 3469 2647; x_wconf 84' lang='lat' dir='ltr'><strong>sollicitos</strong></span> <span class='ocrx_word' id='word_1_411' title='bbox 3499 2604 3598 2644; x_wconf 87' lang='lat' dir='ltr'><strong>nos</strong></span> 
     </span>
    </p>
   </div>
   <div class='ocr_carea' id='block_1_55' title="bbox 1973 2684 3601 2759">
    <p class='ocr_par' dir='ltr' id='par_1_55' title="bbox 1973 2684 3601 2759">
     <span class='ocr_line' id='line_1_55' title="bbox 1973 2684 3601 2759; baseline -0.006 -11"><span class='ocrx_word' id='word_1_412' title='bbox 1973 2708 2094 2748; x_wconf 89' lang='lat' dir='ltr'><strong>esse</strong></span> <span class='ocrx_word' id='word_1_413' title='bbox 2140 2694 2290 2748; x_wconf 89' lang='lat' dir='ltr'><strong>sinit.</strong></span> <span class='ocrx_word' id='word_1_414' title='bbox 2326 2690 2799 2759; x_wconf 83' lang='lat' dir='ltr'><strong>Quemadmodum</strong></span> <span class='ocrx_word' id='word_1_415' title='bbox 2860 2688 3029 2759; x_wconf 76' lang='lat' dir='ltr'><strong>igitur</strong></span> <span class='ocrx_word' id='word_1_416' title='bbox 3063 2686 3319 2742; x_wconf 79' lang='lat' dir='ltr'><strong>diabolus</strong></span> <span class='ocrx_word' id='word_1_417' title='bbox 3352 2702 3381 2739; x_wconf 86' lang='lat' dir='ltr'><strong>a</strong></span> <span class='ocrx_word' id='word_1_418' title='bbox 3416 2684 3601 2750; x_wconf 85' lang='lat' dir='ltr'><strong>parvis</strong></span> 
     </span>
    </p>
   </div>
   <div class='ocr_carea' id='block_1_56' title="bbox 1973 2776 3598 2854">
    <p class='ocr_par' dir='ltr' id='par_1_56' title="bbox 1973 2776 3598 2854">
     <span class='ocr_line' id='line_1_56' title="bbox 1973 2776 3598 2854; baseline -0.006 -15"><span class='ocrx_word' id='word_1_419' title='bbox 1973 2784 2191 2854; x_wconf 83' lang='lat' dir='ltr'><strong>incipit,</strong></span> <span class='ocrx_word' id='word_1_420' title='bbox 2244 2792 2301 2837; x_wconf 92' lang='lat' dir='ltr'><strong>ut</strong></span> <span class='ocrx_word' id='word_1_421' title='bbox 2360 2797 2459 2838; x_wconf 92' lang='lat' dir='ltr'><strong>nos</strong></span> <span class='ocrx_word' id='word_1_422' title='bbox 2497 2783 2548 2836; x_wconf 91' lang='lat' dir='ltr'><strong>in</strong></span> <span class='ocrx_word' id='word_1_423' title='bbox 2588 2782 2841 2853; x_wconf 82' lang='lat' dir='ltr'><strong>graviora</strong></span> <span class='ocrx_word' id='word_1_424' title='bbox 2893 2780 3035 2834; x_wconf 88' lang='lat' dir='ltr'><strong>mala</strong></span> <span class='ocrx_word' id='word_1_425' title='bbox 3123 2778 3283 2834; x_wconf 80' lang='lat' dir='ltr'><strong>faciat</strong></span> <span class='ocrx_word' id='word_1_426' title='bbox 3336 2776 3598 2841; x_wconf 88' lang='lat' dir='ltr'><strong>incidere,</strong></span> 
     </span>
    </p>
   </div>
   <div class='ocr_carea' id='block_1_57' title="bbox 1974 2866 3595 2948">
    <p class='ocr_par' dir='ltr' id='par_1_57' title="bbox 1974 2866 3595 2948">
     <span class='ocr_line' id='line_1_57' title="bbox 1974 2866 3595 2948; baseline -0.006 -15"><span class='ocrx_word' id='word_1_427' title='bbox 1974 2866 2328 2948; x_wconf 81' lang='lat' dir='ltr'><strong>quamobrem</strong></span> <span class='ocrx_word' id='word_1_428' title='bbox 2391 2887 2446 2933; x_wconf 90' lang='lat' dir='ltr'><strong>et</strong></span> <span class='ocrx_word' id='word_1_429' title='bbox 2492 2876 2885 2948; x_wconf 87' lang='lat' dir='ltr'><strong>myrmicoleon</strong></span> <span class='ocrx_word' id='word_1_430' title='bbox 2938 2890 2969 2929; x_wconf 89' lang='lat' dir='ltr'><strong>a</strong></span> <span class='ocrx_word' id='word_1_431' title='bbox 3020 2873 3120 2929; x_wconf 82' lang='lat' dir='ltr'><strong>Job</strong></span> <span class='ocrx_word' id='word_1_432' title='bbox 3170 2872 3483 2929; x_wconf 88' lang='lat' dir='ltr'><strong>nominatur</strong></span> <span class='ocrx_word' id='word_1_433' title='bbox 3504 2870 3595 2924; x_wconf 81' lang='grc' dir='ltr'><strong>⁸⁶ι</strong></span> 
     </span>
    </p>
   </div>
   <div class='ocr_carea' id='block_1_58' title="bbox 1975 2965 3600 3039">
    <p class='ocr_par' dir='ltr' id='par_1_58' title="bbox 1975 2965 3600 3039">
     <span class='ocr_line' id='line_1_58' title="bbox 1975 2965 3600 3039; baseline -0.005 -11"><span class='ocrx_word' id='word_1_434' title='bbox 1975 2974 2049 3029; x_wconf 88' lang='lat' dir='ltr'><strong>ita</strong></span> <span class='ocrx_word' id='word_1_435' title='bbox 2083 2989 2112 3029; x_wconf 91' lang='lat' dir='ltr'><strong>e</strong></span> <span class='ocrx_word' id='word_1_436' title='bbox 2136 2972 2354 3027; x_wconf 91' lang='lat' dir='ltr'><strong>diverso</strong></span> <span class='ocrx_word' id='word_1_437' title='bbox 2390 2971 2659 3026; x_wconf 92' lang='lat' dir='ltr'><strong>Dominus</strong></span> <span class='ocrx_word' id='word_1_438' title='bbox 2717 2970 2945 3025; x_wconf 84' lang='lat' dir='ltr'><strong>resolvit</strong></span> <span class='ocrx_word' id='word_1_439' title='bbox 2966 2968 3083 3038; x_wconf 88' lang='lat' dir='ltr'><strong>ejus</strong></span> <span class='ocrx_word' id='word_1_440' title='bbox 3113 2983 3303 3039; x_wconf 82' lang='lat' dir='ltr'><strong>opera.</strong></span> <span class='ocrx_word' id='word_1_441' title='bbox 3352 2965 3600 3021; x_wconf 91' lang='lat' dir='ltr'><strong>Primttm</strong></span> 
     </span>
    </p>
   </div>
   <div class='ocr_carea' id='block_1_59' title="bbox 1973 3058 3601 3137">
    <p class='ocr_par' dir='ltr' id='par_1_59' title="bbox 1973 3058 3601 3137">
     <span class='ocr_line' id='line_1_59' title="bbox 1973 3058 3601 3137; baseline -0.007 -14"><span class='ocrx_word' id='word_1_442' title='bbox 1973 3069 2120 3123; x_wconf 88' lang='lat' dir='ltr'><strong>enim</strong></span> <span class='ocrx_word' id='word_1_443' title='bbox 2174 3080 2367 3137; x_wconf 72' lang='lat' dir='ltr'><strong>magna</strong></span> <span class='ocrx_word' id='word_1_444' title='bbox 2415 3076 2641 3136; x_wconf 82' lang='lat' dir='ltr'><strong>peccata</strong></span> <span class='ocrx_word' id='word_1_445' title='bbox 2702 3064 2875 3133; x_wconf 69' lang='lat' dir='ltr'><strong>fugat,</strong></span> <span class='ocrx_word' id='word_1_446' title='bbox 2911 3062 3112 3119; x_wconf 86' lang='lat' dir='ltr'><strong>deinde</strong></span> <span class='ocrx_word' id='word_1_447' title='bbox 3139 3060 3305 3115; x_wconf 87' lang='lat' dir='ltr'><strong>etiam</strong></span> <span class='ocrx_word' id='word_1_448' title='bbox 3330 3058 3601 3131; x_wconf 82' lang='lat' dir='ltr'><strong>principia</strong></span> 
     </span>
    </p>
   </div>
   <div class='ocr_carea' id='block_1_60' title="bbox 1974 3152 3603 3229">
    <p class='ocr_par' dir='ltr' id='par_1_60' title="bbox 1974 3152 3603 3229">
     <span class='ocr_line' id='line_1_60' title="bbox 1974 3152 3603 3229; baseline -0.005 -14"><span class='ocrx_word' id='word_1_449' title='bbox 1974 3176 2165 3215; x_wconf 91' lang='lat' dir='ltr'><strong>eorum</strong></span> <span class='ocrx_word' id='word_1_450' title='bbox 2212 3158 2477 3215; x_wconf 86' lang='lat' dir='ltr'><strong>ostendit.</strong></span> <span class='ocrx_word' id='word_1_451' title='bbox 2510 3156 2646 3213; x_wconf 90' lang='lat' dir='ltr'><strong>Cum</strong></span> <span class='ocrx_word' id='word_1_452' title='bbox 2683 3157 2852 3229; x_wconf 76' lang='lat' dir='ltr'><strong>igitur</strong></span> <span class='ocrx_word' id='word_1_453' title='bbox 2894 3157 3197 3211; x_wconf 86' lang='lat' dir='ltr'><strong>indicasset</strong></span> <span class='ocrx_word' id='word_1_454' title='bbox 3228 3162 3286 3207; x_wconf 92' lang='lat' dir='ltr'><strong>ut</strong></span> <span class='ocrx_word' id='word_1_455' title='bbox 3324 3152 3393 3209; x_wconf 88' lang='lat' dir='ltr'><strong>ab</strong></span> <span class='ocrx_word' id='word_1_456' title='bbox 3420 3152 3603 3207; x_wconf 81' lang='lat' dir='ltr'><strong>avari-</strong></span> 
     </span>
    </p>
   </div>
   <div class='ocr_carea' id='block_1_61' title="bbox 262 3236 1873 3328">
    <p class='ocr_par' dir='ltr' id='par_1_61' title="bbox 262 3236 1863 3316">
     <span class='ocr_line' id='line_1_61' title="bbox 262 3236 1863 3316; baseline 0.007 -25"><span class='ocrx_word' id='word_1_457' title='bbox 262 3241 307 3291; x_wconf 86' lang='grc' dir='ltr'><strong>Τ</strong></span> <span class='ocrx_word' id='word_1_458' title='bbox 315 3241 381 3311; x_wconf 72' lang='grc' dir='ltr'>ὴν</span> <span class='ocrx_word' id='word_1_459' title='bbox 403 3236 499 3294; x_wconf 85' lang='grc' dir='ltr'><strong>οὖν</strong></span> <span class='ocrx_word' id='word_1_460' title='bbox 534 3241 849 3311; x_wconf 79' lang='grc' dir='ltr'>πλεονεξίαν</span> <span class='ocrx_word' id='word_1_461' title='bbox 901 3244 1191 3309; x_wconf 78' lang='grc' dir='ltr'>ὑποδείξας</span> <span class='ocrx_word' id='word_1_462' title='bbox 1240 3248 1377 3316; x_wconf 84' lang='grc' dir='ltr'>ἡμῖν</span> <span class='ocrx_word' id='word_1_463' title='bbox 1437 3247 1863 3316; x_wconf 80' lang='grc' dir='ltr'>φυλάττεσθαι,</span> 
     </span>
    </p>
   </div>
   <div class='ocr_carea' id='block_1_62' title="bbox 1982 3236 3605 3328">
    <p class='ocr_par' dir='ltr' id='par_1_62' title="bbox 1982 3246 3605 3319">
     <span class='ocr_line' id='line_1_62' title="bbox 1982 3246 3605 3319; baseline -0.004 -13"><span class='ocrx_word' id='word_1_464' title='bbox 1982 3253 2054 3307; x_wconf 83' lang='lat' dir='ltr'><strong>tia</strong></span> <span class='ocrx_word' id='word_1_465' title='bbox 2116 3266 2464 3317; x_wconf 81' lang='lat' dir='ltr'><strong>caveremus,</strong></span> <span class='ocrx_word' id='word_1_466' title='bbox 2515 3251 2663 3305; x_wconf 88' lang='lat' dir='ltr'><strong>venit</strong></span> <span class='ocrx_word' id='word_1_467' title='bbox 2715 3258 2767 3305; x_wconf 92' lang='lat' dir='ltr'><strong>et</strong></span> <span class='ocrx_word' id='word_1_468' title='bbox 2808 3249 2875 3303; x_wconf 88' lang='lat' dir='ltr'><strong>ad</strong></span> <span class='ocrx_word' id='word_1_469' title='bbox 2904 3249 3080 3319; x_wconf 86' lang='lat' dir='ltr'><strong>ipsam</strong></span> <span class='ocrx_word' id='word_1_470' title='bbox 3128 3246 3397 3311; x_wconf 88' lang='lat' dir='ltr'><strong>radicem,</strong></span> <span class='ocrx_word' id='word_1_471' title='bbox 3427 3254 3488 3300; x_wconf 92' lang='lat' dir='ltr'><strong>ut</strong></span> <span class='ocrx_word' id='word_1_472' title='bbox 3545 3251 3605 3300; x_wconf 82' lang='lat' dir='ltr'><strong>et</strong></span> 
     </span>
    </p>
   </div>
   <div class='ocr_carea' id='block_1_63' title="bbox 259 3333 1873 3411">
    <p class='ocr_par' dir='ltr' id='par_1_63' title="bbox 259 3333 1873 3411">
     <span class='ocr_line' id='line_1_63' title="bbox 259 3333 1873 3411; baseline 0.008 -26"><span class='ocrx_word' id='word_1_473' title='bbox 259 3333 483 3404; x_wconf 78' lang='grc' dir='ltr'>ἔρχεται</span> <span class='ocrx_word' id='word_1_474' title='bbox 533 3336 627 3389; x_wconf 69' lang='grc' dir='ltr'><strong>καὶ</strong></span> <span class='ocrx_word' id='word_1_475' title='bbox 659 3336 754 3389; x_wconf 77' lang='grc' dir='ltr'>ἐπὶ</span> <span class='ocrx_word' id='word_1_476' title='bbox 801 3335 903 3407; x_wconf 78' lang='grc' dir='ltr'>τὴν</span> <span class='ocrx_word' id='word_1_477' title='bbox 954 3336 1112 3408; x_wconf 67' lang='grc' dir='ltr'>ῥίζαν</span> <span class='ocrx_word' id='word_1_478' title='bbox 1160 3338 1393 3411; x_wconf 76' lang='grc' dir='ltr'>ταύτης.</span> <span class='ocrx_word' id='word_1_479' title='bbox 1455 3341 1545 3395; x_wconf 81' lang='grc' dir='ltr'><strong>ἴνα</strong></span> <span class='ocrx_word' id='word_1_480' title='bbox 1583 3342 1680 3396; x_wconf 81' lang='grc' dir='ltr'><strong>καὶ</strong></span> <span class='ocrx_word' id='word_1_481' title='bbox 1736 3344 1873 3398; x_wconf 83' lang='grc' dir='ltr'>ταὺ-</span> 
     </span>
    </p>
   </div>
   <div class='ocr_carea' id='block_1_64' title="bbox 258 3428 1872 3509">
    <p class='ocr_par' dir='ltr' id='par_1_64' title="bbox 258 3428 1872 3509">
     <span class='ocr_line' id='line_1_64' title="bbox 258 3428 1872 3509; baseline 0.009 -32"><span class='ocrx_word' id='word_1_482' title='bbox 258 3443 363 3495; x_wconf 65' lang='grc' dir='ltr'><strong>την</strong></span> <span class='ocrx_word' id='word_1_483' title='bbox 413 3428 701 3501; x_wconf 84' lang='grc' dir='ltr'>ὑποτέμῃ,</span> <span class='ocrx_word' id='word_1_484' title='bbox 756 3429 901 3499; x_wconf 69' lang='grc' dir='ltr'>φημὶ</span> <span class='ocrx_word' id='word_1_485' title='bbox 948 3429 1014 3502; x_wconf 83' lang='grc' dir='ltr'>δὴ</span> <span class='ocrx_word' id='word_1_486' title='bbox 1082 3432 1183 3504; x_wconf 84' lang='grc' dir='ltr'>τὴν</span> <span class='ocrx_word' id='word_1_487' title='bbox 1221 3434 1520 3505; x_wconf 87' lang='grc' dir='ltr'>μέριμναν,</span> <span class='ocrx_word' id='word_1_488' title='bbox 1555 3436 1652 3489; x_wconf 88' lang='grc' dir='ltr'><strong>καί</strong></span> <span class='ocrx_word' id='word_1_489' title='bbox 1706 3453 1872 3509; x_wconf 70' lang='grc' dir='ltr'>φησιι</span> 
     </span>
    </p>
   </div>
   <div class='ocr_carea' id='block_1_65' title="bbox 262 3521 1877 3598">
    <p class='ocr_par' dir='ltr' id='par_1_65' title="bbox 262 3521 1877 3598">
     <span class='ocr_line' id='line_1_65' title="bbox 262 3521 1877 3598; baseline 0.006 -25"><span class='ocrx_word' id='word_1_490' title='bbox 262 3522 367 3574; x_wconf 68' lang='grc' dir='ltr'>Διά</span> <span class='ocrx_word' id='word_1_491' title='bbox 398 3521 559 3575; x_wconf 80' lang='grc' dir='ltr'>τοῦτο</span> <span class='ocrx_word' id='word_1_492' title='bbox 584 3521 729 3590; x_wconf 86' lang='grc' dir='ltr'>λέγω</span> <span class='ocrx_word' id='word_1_493' title='bbox 782 3523 934 3593; x_wconf 80' lang='grc' dir='ltr'>ὑμῖν,</span> <span class='ocrx_word' id='word_1_494' title='bbox 968 3523 1177 3595; x_wconf 79' lang='grc' dir='ltr'>ἐπειδὴ,</span> <span class='ocrx_word' id='word_1_495' title='bbox 1213 3525 1404 3596; x_wconf 65' lang='grc' dir='ltr'>φησιν,</span> <span class='ocrx_word' id='word_1_496' title='bbox 1440 3528 1633 3598; x_wconf 80' lang='grc' dir='ltr'>ἄφρων</span> <span class='ocrx_word' id='word_1_497' title='bbox 1671 3528 1822 3581; x_wconf 71' lang='grc' dir='ltr'>ἐστὶν</span> <span class='ocrx_word' id='word_1_498' title='bbox 1849 3530 1877 3582; x_wconf 92' lang='lat'><strong>6</strong></span> 
     </span>
    </p>
   </div>
   <div class='ocr_carea' id='block_1_66' title="bbox 268 3614 1873 3689">
    <p class='ocr_par' dir='ltr' id='par_1_66' title="bbox 268 3614 1873 3689">
     <span class='ocr_line' id='line_1_66' title="bbox 268 3614 1873 3689; baseline 0.006 -24"><span class='ocrx_word' id='word_1_499' title='bbox 268 3615 496 3669; x_wconf 74' lang='grc' dir='ltr'>πλείονα</span> <span class='ocrx_word' id='word_1_500' title='bbox 524 3614 670 3685; x_wconf 78' lang='grc' dir='ltr'>ζωῆς</span> <span class='ocrx_word' id='word_1_501' title='bbox 705 3616 882 3688; x_wconf 82' lang='grc' dir='ltr'>μέτρα</span> <span class='ocrx_word' id='word_1_502' title='bbox 922 3616 1103 3687; x_wconf 79' lang='grc' dir='ltr'>ἑαυτῷ</span> <span class='ocrx_word' id='word_1_503' title='bbox 1137 3618 1483 3689; x_wconf 66' lang='grc' dir='ltr'>διαγράφων,</span> <span class='ocrx_word' id='word_1_504' title='bbox 1523 3621 1618 3673; x_wconf 72' lang='grc' dir='ltr'><strong>καὶ</strong></span> <span class='ocrx_word' id='word_1_505' title='bbox 1643 3620 1873 3675; x_wconf 80' lang='grc' dir='ltr'>ἀπατώ-</span> 
     </span>
    </p>
   </div>
   <div class='ocr_carea' id='block_1_67' title="bbox 269 3705 1879 3783">
    <p class='ocr_par' dir='ltr' id='par_1_67' title="bbox 269 3705 1879 3783">
     <span class='ocr_line' id='line_1_67' title="bbox 269 3705 1879 3783; baseline 0.005 -25"><span class='ocrx_word' id='word_1_506' title='bbox 269 3723 434 3776; x_wconf 75' lang='grc' dir='ltr'>μενος</span> <span class='ocrx_word' id='word_1_507' title='bbox 476 3707 575 3759; x_wconf 75' lang='grc' dir='ltr'>τοῦ</span> <span class='ocrx_word' id='word_1_508' title='bbox 626 3708 874 3771; x_wconf 83' lang='grc' dir='ltr'>πλείονος</span> <span class='ocrx_word' id='word_1_509' title='bbox 927 3708 1180 3762; x_wconf 81' lang='grc' dir='ltr'>ἐντεῦθεν</span> <span class='ocrx_word' id='word_1_510' title='bbox 1230 3709 1547 3781; x_wconf 85' lang='grc' dir='ltr'>ὀρέγεσθαι,</span> <span class='ocrx_word' id='word_1_511' title='bbox 1595 3705 1706 3774; x_wconf 72' lang='grc' dir='ltr'>οἶος</span> <span class='ocrx_word' id='word_1_512' title='bbox 1756 3706 1879 3783; x_wconf 81' lang='grc' dir='ltr'>ἦνό</span> 
     </span>
    </p>
   </div>
   <div class='ocr_carea' id='block_1_68' title="bbox 265 3796 1877 3872">
    <p class='ocr_par' dir='ltr' id='par_1_68' title="bbox 265 3796 1877 3872">
     <span class='ocr_line' id='line_1_68' title="bbox 265 3796 1877 3872; baseline 0.002 -24"><span class='ocrx_word' id='word_1_513' title='bbox 265 3796 551 3861; x_wconf 80' lang='grc' dir='ltr'>πλούσιος,</span> <span class='ocrx_word' id='word_1_514' title='bbox 580 3797 667 3852; x_wconf 81' lang='grc' dir='ltr'>διὰ</span> <span class='ocrx_word' id='word_1_515' title='bbox 704 3796 864 3849; x_wconf 76' lang='grc' dir='ltr'>τοῦτο</span> <span class='ocrx_word' id='word_1_516' title='bbox 910 3796 1055 3867; x_wconf 82' lang='grc' dir='ltr'>λέγω</span> <span class='ocrx_word' id='word_1_517' title='bbox 1090 3798 1241 3867; x_wconf 82' lang='grc' dir='ltr'>ὑμῖν,</span> <span class='ocrx_word' id='word_1_518' title='bbox 1290 3798 1365 3869; x_wconf 81' lang='grc' dir='ltr'>μὴ</span> <span class='ocrx_word' id='word_1_519' title='bbox 1410 3801 1783 3870; x_wconf 82' lang='grc' dir='ltr'>μεριμνήσετε</span> <span class='ocrx_word' id='word_1_520' title='bbox 1810 3802 1877 3872; x_wconf 80' lang='grc' dir='ltr'>τῇ</span> 
     </span>
    </p>
   </div>
   <div class='ocr_carea' id='block_1_69' title="bbox 265 3890 1881 3964">
    <p class='ocr_par' dir='ltr' id='par_1_69' title="bbox 265 3890 1881 3964">
     <span class='ocr_line' id='line_1_69' title="bbox 265 3890 1881 3964; baseline 0.001 -21"><span class='ocrx_word' id='word_1_521' title='bbox 265 3892 417 3962; x_wconf 64' lang='grc' dir='ltr'>ψυχῇ</span> <span class='ocrx_word' id='word_1_522' title='bbox 466 3891 624 3961; x_wconf 86' lang='grc' dir='ltr'>ὑμῶν</span> <span class='ocrx_word' id='word_1_523' title='bbox 650 3892 702 3943; x_wconf 85' lang='grc' dir='ltr'><strong>τί</strong></span> <span class='ocrx_word' id='word_1_524' title='bbox 739 3890 979 3961; x_wconf 78' lang='grc' dir='ltr'>φάγητε,</span> <span class='ocrx_word' id='word_1_525' title='bbox 1038 3891 1137 3961; x_wconf 83' lang='grc' dir='ltr'><strong>οὑχ</strong></span> <span class='ocrx_word' id='word_1_526' title='bbox 1180 3891 1257 3955; x_wconf 83' lang='grc' dir='ltr'>ὡς</span> <span class='ocrx_word' id='word_1_527' title='bbox 1308 3893 1407 3961; x_wconf 83' lang='grc' dir='ltr'>τῆς</span> <span class='ocrx_word' id='word_1_528' title='bbox 1454 3895 1651 3964; x_wconf 83' lang='grc' dir='ltr'>νοερᾶς</span> <span class='ocrx_word' id='word_1_529' title='bbox 1698 3893 1881 3963; x_wconf 71' lang='grc' dir='ltr'>ψυχῆς</span> 
     </span>
    </p>
   </div>
   <div class='ocr_carea' id='block_1_70' title="bbox 270 3986 1878 4059">
    <p class='ocr_par' dir='ltr' id='par_1_70' title="bbox 270 3986 1878 4059">
     <span class='ocr_line' id='line_1_70' title="bbox 270 3986 1878 4059; baseline 0.001 -19"><span class='ocrx_word' id='word_1_530' title='bbox 270 3987 587 4057; x_wconf 75' lang='grc' dir='ltr'>ἒσθιούσης,</span> <span class='ocrx_word' id='word_1_531' title='bbox 640 3987 758 4041; x_wconf 84' lang='grc' dir='ltr'>ἀλλ’</span> <span class='ocrx_word' id='word_1_532' title='bbox 806 3988 930 4040; x_wconf 76' lang='grc' dir='ltr'>ἐπεὶ</span> <span class='ocrx_word' id='word_1_533' title='bbox 980 3989 1129 4041; x_wconf 85' lang='grc' dir='ltr'>δοκεῖ</span> <span class='ocrx_word' id='word_1_534' title='bbox 1157 3989 1189 4058; x_wconf 81' lang='grc' dir='ltr'>ὴ</span> <span class='ocrx_word' id='word_1_535' title='bbox 1218 3986 1368 4059; x_wconf 69' lang='grc' dir='ltr'>ψυχὴ</span> <span class='ocrx_word' id='word_1_536' title='bbox 1415 3987 1491 4059; x_wconf 83' lang='grc' dir='ltr'>μὴ</span> <span class='ocrx_word' id='word_1_537' title='bbox 1551 3988 1729 4052; x_wconf 81' lang='grc' dir='ltr'>ἄλλως</span> <span class='ocrx_word' id='word_1_538' title='bbox 1784 3990 1878 4041; x_wconf 83' lang='grc' dir='ltr'>ἀν-</span> 
     </span>
    </p>
   </div>
   <div class='ocr_carea' id='block_1_71' title="bbox 268 4079 1884 4153">
    <p class='ocr_par' dir='ltr' id='par_1_71' title="bbox 268 4079 1884 4153">
     <span class='ocr_line' id='line_1_71' title="bbox 268 4079 1884 4153; baseline 0 -18"><span class='ocrx_word' id='word_1_539' title='bbox 268 4079 498 4153; x_wconf 71' lang='grc' dir='ltr'>έχεσθαι</span> <span class='ocrx_word' id='word_1_540' title='bbox 530 4080 608 4151; x_wconf 82' lang='grc' dir='ltr'>τῷ</span> <span class='ocrx_word' id='word_1_541' title='bbox 652 4080 871 4151; x_wconf 83' lang='grc' dir='ltr'>σώματι</span> <span class='ocrx_word' id='word_1_542' title='bbox 924 4080 1294 4147; x_wconf 78' lang='grc' dir='ltr'>συνδεδέσθαι,</span> <span class='ocrx_word' id='word_1_543' title='bbox 1323 4083 1371 4134; x_wconf 81' lang='grc' dir='ltr'><strong>εί</strong></span> <span class='ocrx_word' id='word_1_544' title='bbox 1405 4081 1479 4151; x_wconf 85' lang='grc' dir='ltr'>μὴ</span> <span class='ocrx_word' id='word_1_545' title='bbox 1526 4080 1884 4151; x_wconf 77' lang='grc' dir='ltr'>τρεφομένων</span> 
     </span>
    </p>
   </div>
   <div class='ocr_carea' id='block_1_72' title="bbox 271 4172 1882 4251">
    <p class='ocr_par' dir='ltr' id='par_1_72' title="bbox 271 4172 1882 4251">
     <span class='ocr_line' id='line_1_72' title="bbox 271 4172 1882 4251; baseline 0.001 -21"><span class='ocrx_word' id='word_1_546' title='bbox 271 4179 455 4250; x_wconf 59' lang='grc' dir='ltr'>ἡμῶν</span> <span class='ocrx_word' id='word_1_547' title='bbox 475 4178 562 4232; x_wconf 71' lang='grc' dir='ltr'><strong>διὰ</strong></span> <span class='ocrx_word' id='word_1_548' title='bbox 576 4178 735 4231; x_wconf 80' lang='grc' dir='ltr'>τοῦτο</span> <span class='ocrx_word' id='word_1_549' title='bbox 749 4177 923 4242; x_wconf 70' lang='grc' dir='ltr'>οὕτως</span> <span class='ocrx_word' id='word_1_550' title='bbox 946 4172 1121 4232; x_wconf 87' lang='grc' dir='ltr'>εἶπεν.</span> <span class='ocrx_word' id='word_1_551' title='bbox 1145 4177 1357 4241; x_wconf 77' lang='grc' dir='ltr'>’Ἄλλως</span> <span class='ocrx_word' id='word_1_552' title='bbox 1374 4194 1453 4231; x_wconf 89' lang='grc' dir='ltr'>τε·</span> <span class='ocrx_word' id='word_1_553' title='bbox 1476 4179 1537 4232; x_wconf 85' lang='grc' dir='ltr'><strong>τὸ</strong></span> <span class='ocrx_word' id='word_1_554' title='bbox 1574 4179 1675 4249; x_wconf 81' lang='grc' dir='ltr'><strong>μὲν</strong></span> <span class='ocrx_word' id='word_1_555' title='bbox 1716 4180 1882 4251; x_wconf 87' lang='grc' dir='ltr'>σῶμα</span> 
     </span>
    </p>
   </div>
   <div class='ocr_carea' id='block_1_73' title="bbox 273 4270 1884 4341">
    <p class='ocr_par' dir='ltr' id='par_1_73' title="bbox 273 4270 1884 4341">
     <span class='ocr_line' id='line_1_73' title="bbox 273 4270 1884 4341; baseline 0 -16"><span class='ocrx_word' id='word_1_556' title='bbox 273 4272 373 4325; x_wconf 78' lang='grc' dir='ltr'><strong>καὶ</strong></span> <span class='ocrx_word' id='word_1_557' title='bbox 406 4270 603 4341; x_wconf 79' lang='grc' dir='ltr'>νεκρὸν</span> <span class='ocrx_word' id='word_1_558' title='bbox 650 4270 922 4334; x_wconf 72' lang='grc' dir='ltr'>ἐνδύεται,</span> <span class='ocrx_word' id='word_1_559' title='bbox 951 4272 1013 4325; x_wconf 84' lang='grc' dir='ltr'><strong>οὐ</strong></span> <span class='ocrx_word' id='word_1_560' title='bbox 1045 4270 1311 4341; x_wconf 83' lang='grc' dir='ltr'>τρέφεται</span> <span class='ocrx_word' id='word_1_561' title='bbox 1335 4270 1417 4324; x_wconf 83' lang='grc' dir='ltr'><strong>δέ.</strong></span> <span class='ocrx_word' id='word_1_562' title='bbox 1466 4271 1624 4325; x_wconf 75' lang='grc' dir='ltr'>Ἐπεὶ</span> <span class='ocrx_word' id='word_1_563' title='bbox 1669 4271 1765 4325; x_wconf 77' lang='grc' dir='ltr'><strong>οὖν</strong></span> <span class='ocrx_word' id='word_1_564' title='bbox 1788 4272 1884 4326; x_wconf 75' lang='grc' dir='ltr'>τοῦ</span> 
     </span>
    </p>
   </div>
   <div class='ocr_carea' id='block_1_74' title="bbox 275 4363 1887 4437">
    <p class='ocr_par' dir='ltr' id='par_1_74' title="bbox 275 4363 1887 4437">
     <span class='ocr_line' id='line_1_74' title="bbox 275 4363 1887 4437; baseline 0.001 -20"><span class='ocrx_word' id='word_1_565' title='bbox 275 4363 528 4434; x_wconf 60' lang='grc' dir='ltr'>ἐμψύχου</span> <span class='ocrx_word' id='word_1_566' title='bbox 563 4363 623 4417; x_wconf 81' lang='grc' dir='ltr'>τὸ</span> <span class='ocrx_word' id='word_1_567' title='bbox 651 4363 972 4434; x_wconf 81' lang='grc' dir='ltr'>τρέφεσθαι,</span> <span class='ocrx_word' id='word_1_568' title='bbox 1013 4364 1244 4428; x_wconf 85' lang='grc' dir='ltr'>εἰκότως</span> <span class='ocrx_word' id='word_1_569' title='bbox 1281 4363 1517 4434; x_wconf 87' lang='grc' dir='ltr'>ἀνέθηκε</span> <span class='ocrx_word' id='word_1_570' title='bbox 1547 4367 1615 4436; x_wconf 80' lang='grc' dir='ltr'>τῇ</span> <span class='ocrx_word' id='word_1_571' title='bbox 1654 4364 1803 4437; x_wconf 76' lang='grc' dir='ltr'>ψυχῇ</span> <span class='ocrx_word' id='word_1_572' title='bbox 1825 4365 1887 4419; x_wconf 82' lang='grc' dir='ltr'>τὸ</span> 
     </span>
    </p>
   </div>
   <div class='ocr_carea' id='block_1_75' title="bbox 276 4455 1887 4528">
    <p class='ocr_par' dir='ltr' id='par_1_75' title="bbox 276 4455 1887 4528">
     <span class='ocr_line' id='line_1_75' title="bbox 276 4455 1887 4528; baseline 0.001 -20"><span class='ocrx_word' id='word_1_573' title='bbox 276 4456 601 4526; x_wconf 69' lang='grc' dir='ltr'>τρέφεσθαι.</span> <span class='ocrx_word' id='word_1_574' title='bbox 642 4456 714 4508; x_wconf 87' lang='grc' dir='ltr'><em>Ἦ</em></span> <span class='ocrx_word' id='word_1_575' title='bbox 747 4456 871 4526; x_wconf 70' lang='grc' dir='ltr'>οὐχὶ</span> <span class='ocrx_word' id='word_1_576' title='bbox 924 4455 1022 4510; x_wconf 69' lang='grc' dir='ltr'>καὶ</span> <span class='ocrx_word' id='word_1_577' title='bbox 1054 4458 1088 4525; x_wconf 81' lang='grc' dir='ltr'>ἡ</span> <span class='ocrx_word' id='word_1_578' title='bbox 1134 4456 1409 4528; x_wconf 83' lang='grc' dir='ltr'>θρεπτικὴ</span> <span class='ocrx_word' id='word_1_579' title='bbox 1462 4456 1695 4527; x_wconf 88' lang='grc' dir='ltr'>δύναμις</span> <span class='ocrx_word' id='word_1_580' title='bbox 1737 4456 1887 4528; x_wconf 74' lang='grc' dir='ltr'>ψυχὴ</span> 
     </span>
    </p>
   </div>
   <div class='ocr_carea' id='block_1_76' title="bbox 278 4544 1887 4623">
    <p class='ocr_par' dir='ltr' id='par_1_76' title="bbox 278 4544 1887 4623">
     <span class='ocr_line' id='line_1_76' title="bbox 278 4544 1887 4623; baseline -0.001 -18"><span class='ocrx_word' id='word_1_581' title='bbox 278 4550 538 4619; x_wconf 81' lang='grc' dir='ltr'>λέγεται;</span> <span class='ocrx_word' id='word_1_582' title='bbox 581 4550 676 4620; x_wconf 81' lang='grc' dir='ltr'><strong>Μὴ</strong></span> <span class='ocrx_word' id='word_1_583' title='bbox 739 4548 1123 4620; x_wconf 86' lang='grc' dir='ltr'>μεριμνήσητε</span> <span class='ocrx_word' id='word_1_584' title='bbox 1158 4544 1253 4603; x_wconf 76' lang='grc' dir='ltr'><strong>οὖν</strong></span> <span class='ocrx_word' id='word_1_585' title='bbox 1284 4549 1364 4620; x_wconf 78' lang='grc' dir='ltr'>τῷ</span> <span class='ocrx_word' id='word_1_586' title='bbox 1399 4549 1685 4621; x_wconf 80' lang='grc' dir='ltr'>Θρεπτικῷ</span> <span class='ocrx_word' id='word_1_587' title='bbox 1727 4549 1887 4623; x_wconf 88' lang='grc' dir='ltr'>μέρει</span> 
     </span>
    </p>
   </div>
   <div class='ocr_carea' id='block_1_77' title="bbox 1985 3338 3603 3418">
    <p class='ocr_par' dir='ltr' id='par_1_77' title="bbox 1985 3338 3603 3418">
     <span class='ocr_line' id='line_1_77' title="bbox 1985 3338 3603 3418; baseline -0.004 -16"><span class='ocrx_word' id='word_1_588' title='bbox 1985 3348 2161 3418; x_wconf 88' lang='lat' dir='ltr'><strong>ipsam</strong></span> <span class='ocrx_word' id='word_1_589' title='bbox 2223 3354 2489 3415; x_wconf 87' lang='lat' dir='ltr'><strong>amputet,</strong></span> <span class='ocrx_word' id='word_1_590' title='bbox 2558 3343 2989 3399; x_wconf 87' lang='lat' dir='ltr'><strong>sollicitudinem</strong></span> <span class='ocrx_word' id='word_1_591' title='bbox 3041 3344 3288 3412; x_wconf 84' lang='lat' dir='ltr'><strong>inquam,</strong></span> <span class='ocrx_word' id='word_1_592' title='bbox 3326 3348 3380 3394; x_wconf 91' lang='lat' dir='ltr'><strong>et</strong></span> <span class='ocrx_word' id='word_1_593' title='bbox 3430 3338 3603 3396; x_wconf 85' lang='lat' dir='ltr'><strong>dicit:</strong></span> 
     </span>
    </p>
   </div>
   <div class='ocr_carea' id='block_1_78' title="bbox 1981 3432 3592 3509">
    <p class='ocr_par' dir='ltr' id='par_1_78' title="bbox 1981 3432 3592 3509">
     <span class='ocr_line' id='line_1_78' title="bbox 1981 3432 3592 3509; baseline -0.004 -16"><span class='ocrx_word' id='word_1_594' title='bbox 1981 3438 2215 3509; x_wconf 89' lang='lat' dir='ltr'><strong>Propter</strong></span> <span class='ocrx_word' id='word_1_595' title='bbox 2257 3438 2361 3494; x_wconf 89' lang='lat' dir='ltr'><strong>hoe</strong></span> <span class='ocrx_word' id='word_1_596' title='bbox 2388 3440 2514 3494; x_wconf 89' lang='lat' dir='ltr'><strong>dico</strong></span> <span class='ocrx_word' id='word_1_597' title='bbox 2550 3438 2734 3501; x_wconf 84' lang='lat' dir='ltr'><strong>vobis,</strong></span> <span class='ocrx_word' id='word_1_598' title='bbox 2769 3436 3029 3506; x_wconf 84' lang='lat' dir='ltr'><strong>quoniam</strong></span> <span class='ocrx_word' id='word_1_599' title='bbox 3060 3434 3328 3502; x_wconf 89' lang='lat' dir='ltr'><strong>insipiens</strong></span> <span class='ocrx_word' id='word_1_600' title='bbox 3364 3441 3471 3499; x_wconf 88' lang='lat' dir='ltr'><strong>est,</strong></span> <span class='ocrx_word' id='word_1_601' title='bbox 3498 3432 3592 3502; x_wconf 90' lang='lat' dir='ltr'><strong>qui</strong></span> 
     </span>
    </p>
   </div>
   <div class='ocr_carea' id='block_1_79' title="bbox 1981 3523 3605 3604">
    <p class='ocr_par' dir='ltr' id='par_1_79' title="bbox 1981 3523 3605 3604">
     <span class='ocr_line' id='line_1_79' title="bbox 1981 3523 3605 3604; baseline -0.004 -19"><span class='ocrx_word' id='word_1_602' title='bbox 1981 3532 2135 3604; x_wconf 86' lang='lat' dir='ltr'><strong>plura</strong></span> <span class='ocrx_word' id='word_1_603' title='bbox 2156 3547 2318 3603; x_wconf 80' lang='lat' dir='ltr'><strong>quam</strong></span> <span class='ocrx_word' id='word_1_604' title='bbox 2358 3531 2482 3585; x_wconf 63' lang='lat' dir='ltr'><strong>vita;</strong></span> <span class='ocrx_word' id='word_1_605' title='bbox 2541 3529 2845 3584; x_wconf 84' lang='lat' dir='ltr'><strong>necessitas</strong></span> <span class='ocrx_word' id='word_1_606' title='bbox 2876 3530 3083 3598; x_wconf 76' lang='lat' dir='ltr'><strong>exigat,</strong></span> <span class='ocrx_word' id='word_1_607' title='bbox 3122 3525 3377 3597; x_wconf 86' lang='lat' dir='ltr'><strong>inquirit,</strong></span> <span class='ocrx_word' id='word_1_608' title='bbox 3405 3523 3605 3595; x_wconf 87' lang='lat' dir='ltr'><strong>etplus</strong></span> 
     </span>
    </p>
   </div>
   <div class='ocr_carea' id='block_1_80' title="bbox 1984 3618 3606 3694">
    <p class='ocr_par' dir='ltr' id='par_1_80' title="bbox 1984 3618 3606 3694">
     <span class='ocr_line' id='line_1_80' title="bbox 1984 3618 3606 3694; baseline -0.005 -13"><span class='ocrx_word' id='word_1_609' title='bbox 1984 3626 2039 3681; x_wconf 93' lang='lat' dir='ltr'><strong>in</strong></span> <span class='ocrx_word' id='word_1_610' title='bbox 2078 3626 2181 3680; x_wconf 88' lang='lat' dir='ltr'><strong>hac</strong></span> <span class='ocrx_word' id='word_1_611' title='bbox 2218 3625 2328 3679; x_wconf 87' lang='lat' dir='ltr'><strong>vita</strong></span> <span class='ocrx_word' id='word_1_612' title='bbox 2363 3623 2593 3694; x_wconf 89' lang='lat' dir='ltr'><strong>appetit,</strong></span> <span class='ocrx_word' id='word_1_613' title='bbox 2620 3622 2801 3693; x_wconf 84' lang='lat' dir='ltr'><strong>qualis</strong></span> <span class='ocrx_word' id='word_1_614' title='bbox 2832 3621 3170 3687; x_wconf 80' lang='lat' dir='ltr'><strong>eratdives;</strong></span> <span class='ocrx_word' id='word_1_615' title='bbox 3233 3619 3440 3674; x_wconf 86' lang='lat' dir='ltr'><strong>idcirco</strong></span> <span class='ocrx_word' id='word_1_616' title='bbox 3480 3618 3606 3673; x_wconf 89' lang='lat' dir='ltr'><strong>dico</strong></span> 
     </span>
    </p>
   </div>
   <div class='ocr_carea' id='block_1_81' title="bbox 1984 3709 3601 3783">
    <p class='ocr_par' dir='ltr' id='par_1_81' title="bbox 1984 3709 3601 3783">
     <span class='ocr_line' id='line_1_81' title="bbox 1984 3709 3601 3783; baseline -0.006 -10"><span class='ocrx_word' id='word_1_617' title='bbox 1984 3717 2162 3783; x_wconf 86' lang='lat' dir='ltr'><strong>vobis,</strong></span> <span class='ocrx_word' id='word_1_618' title='bbox 2192 3731 2260 3771; x_wconf 88' lang='lat' dir='ltr'><strong>ne</strong></span> <span class='ocrx_word' id='word_1_619' title='bbox 2285 3713 2501 3770; x_wconf 89' lang='lat' dir='ltr'><strong>solliciti</strong></span> <span class='ocrx_word' id='word_1_620' title='bbox 2536 3714 2659 3769; x_wconf 88' lang='lat' dir='ltr'><strong>sitis</strong></span> <span class='ocrx_word' id='word_1_621' title='bbox 2681 3713 2877 3767; x_wconf 84' lang='lat' dir='ltr'><strong>animae</strong></span> <span class='ocrx_word' id='word_1_622' title='bbox 2892 3725 3089 3767; x_wconf 69' lang='lat' dir='ltr'><strong>vesrrm</strong></span> <span class='ocrx_word' id='word_1_623' title='bbox 3111 3709 3239 3781; x_wconf 89' lang='lat' dir='ltr'><strong>quid</strong></span> <span class='ocrx_word' id='word_1_624' title='bbox 3265 3709 3601 3765; x_wconf 88' lang='lat' dir='ltr'><strong>comedatis:</strong></span> 
     </span>
    </p>
   </div>
   <div class='ocr_carea' id='block_1_82' title="bbox 1990 3802 3609 3879">
    <p class='ocr_par' dir='ltr' id='par_1_82' title="bbox 1990 3802 3609 3879">
     <span class='ocr_line' id='line_1_82' title="bbox 1990 3802 3609 3879; baseline -0.005 -16"><span class='ocrx_word' id='word_1_625' title='bbox 1990 3825 2095 3865; x_wconf 89' lang='lat' dir='ltr'><strong>non</strong></span> <span class='ocrx_word' id='word_1_626' title='bbox 2128 3808 2271 3879; x_wconf 91' lang='lat' dir='ltr'><strong>quod</strong></span> <span class='ocrx_word' id='word_1_627' title='bbox 2335 3807 2605 3864; x_wconf 90' lang='lat' dir='ltr'><strong>mentales</strong></span> <span class='ocrx_word' id='word_1_628' title='bbox 2633 3805 2833 3861; x_wconf 60' lang='lat' dir='ltr'><strong>animus</strong></span> <span class='ocrx_word' id='word_1_629' title='bbox 2869 3807 3186 3869; x_wconf 84' lang='lat' dir='ltr'><strong>comedant,</strong></span> <span class='ocrx_word' id='word_1_630' title='bbox 3225 3804 3318 3857; x_wconf 90' lang='lat' dir='ltr'><strong>sed</strong></span> <span class='ocrx_word' id='word_1_631' title='bbox 3346 3802 3474 3871; x_wconf 87' lang='lat' dir='ltr'><strong>quia</strong></span> <span class='ocrx_word' id='word_1_632' title='bbox 3511 3816 3609 3872; x_wconf 91' lang='lat' dir='ltr'><strong>ap-</strong></span> 
     </span>
    </p>
   </div>
   <div class='ocr_carea' id='block_1_83' title="bbox 1986 3895 3605 3973">
    <p class='ocr_par' dir='ltr' id='par_1_83' title="bbox 1986 3895 3605 3973">
     <span class='ocr_line' id='line_1_83' title="bbox 1986 3895 3605 3973; baseline -0.005 -17"><span class='ocrx_word' id='word_1_633' title='bbox 1986 3912 2142 3973; x_wconf 87' lang='lat' dir='ltr'><strong>paret</strong></span> <span class='ocrx_word' id='word_1_634' title='bbox 2184 3904 2425 3955; x_wconf 89' lang='lat' dir='ltr'><strong>animam</strong></span> <span class='ocrx_word' id='word_1_635' title='bbox 2476 3917 2583 3956; x_wconf 90' lang='lat' dir='ltr'><strong>non</strong></span> <span class='ocrx_word' id='word_1_636' title='bbox 2636 3900 2859 3955; x_wconf 88' lang='lat' dir='ltr'><strong>aliunde</strong></span> <span class='ocrx_word' id='word_1_637' title='bbox 2912 3899 3131 3966; x_wconf 84' lang='lat' dir='ltr'><strong>corpori</strong></span> <span class='ocrx_word' id='word_1_638' title='bbox 3176 3895 3447 3965; x_wconf 81' lang='lat' dir='ltr'><strong>colligari,</strong></span> <span class='ocrx_word' id='word_1_639' title='bbox 3502 3895 3605 3949; x_wconf 90' lang='lat' dir='ltr'><strong>nisi</strong></span> 
     </span>
    </p>
   </div>
   <div class='ocr_carea' id='block_1_84' title="bbox 1988 3989 3608 4063">
    <p class='ocr_par' dir='ltr' id='par_1_84' title="bbox 1988 3989 3608 4063">
     <span class='ocr_line' id='line_1_84' title="bbox 1988 3989 3608 4063; baseline -0.004 -14"><span class='ocrx_word' id='word_1_640' title='bbox 1988 4011 2091 4051; x_wconf 91' lang='lat' dir='ltr'><strong>nos</strong></span> <span class='ocrx_word' id='word_1_641' title='bbox 2145 3995 2383 4050; x_wconf 84' lang='lat' dir='ltr'><strong>alamur.</strong></span> <span class='ocrx_word' id='word_1_642' title='bbox 2450 3994 2747 4063; x_wconf 86' lang='lat' dir='ltr'><strong>Propterea</strong></span> <span class='ocrx_word' id='word_1_643' title='bbox 2769 3994 2849 4047; x_wconf 87' lang='lat' dir='ltr'><strong>sic</strong></span> <span class='ocrx_word' id='word_1_644' title='bbox 2874 3991 3027 4047; x_wconf 85' lang='lat' dir='ltr'><strong>dicit.</strong></span> <span class='ocrx_word' id='word_1_645' title='bbox 3056 3989 3120 4046; x_wconf 85' lang='lat' dir='ltr'><strong>Et</strong></span> <span class='ocrx_word' id='word_1_646' title='bbox 3180 3990 3363 4054; x_wconf 90' lang='lat' dir='ltr'><strong>aliter,</strong></span> <span class='ocrx_word' id='word_1_647' title='bbox 3407 4002 3608 4059; x_wconf 88' lang='lat' dir='ltr'><strong>corpus</strong></span> 
     </span>
    </p>
   </div>
   <div class='ocr_carea' id='block_1_85' title="bbox 1988 4084 3604 4161">
    <p class='ocr_par' dir='ltr' id='par_1_85' title="bbox 1988 4084 3604 4161">
     <span class='ocr_line' id='line_1_85' title="bbox 1988 4084 3604 4161; baseline -0.004 -18"><span class='ocrx_word' id='word_1_648' title='bbox 1988 4092 2207 4161; x_wconf 82' lang='lat' dir='ltr'><strong>quidem</strong></span> <span class='ocrx_word' id='word_1_649' title='bbox 2276 4099 2554 4142; x_wconf 90' lang='lat' dir='ltr'><strong>mortuum</strong></span> <span class='ocrx_word' id='word_1_650' title='bbox 2632 4087 2897 4151; x_wconf 88' lang='lat' dir='ltr'><strong>induitur,</strong></span> <span class='ocrx_word' id='word_1_651' title='bbox 2944 4102 3051 4141; x_wconf 87' lang='lat' dir='ltr'><strong>non</strong></span> <span class='ocrx_word' id='word_1_652' title='bbox 3104 4084 3348 4153; x_wconf 83' lang='lat' dir='ltr'><strong>pascitur</strong></span> <span class='ocrx_word' id='word_1_653' title='bbox 3399 4093 3604 4137; x_wconf 90' lang='lat' dir='ltr'><strong>autem.</strong></span> 
     </span>
    </p>
   </div>
   <div class='ocr_carea' id='block_1_86' title="bbox 1990 4176 3612 4253">
    <p class='ocr_par' dir='ltr' id='par_1_86' title="bbox 1990 4176 3612 4253">
     <span class='ocr_line' id='line_1_86' title="bbox 1990 4176 3612 4253; baseline -0.007 -14"><span class='ocrx_word' id='word_1_654' title='bbox 1990 4183 2228 4239; x_wconf 87' lang='lat' dir='ltr'><strong>Proinde</strong></span> <span class='ocrx_word' id='word_1_655' title='bbox 2257 4184 2381 4253; x_wconf 89' lang='lat' dir='ltr'><strong>quia</strong></span> <span class='ocrx_word' id='word_1_656' title='bbox 2406 4182 2775 4236; x_wconf 85' lang='lat' dir='ltr'><strong>anintatorum</strong></span> <span class='ocrx_word' id='word_1_657' title='bbox 2818 4190 2901 4236; x_wconf 84' lang='lat' dir='ltr'><strong>est</strong></span> <span class='ocrx_word' id='word_1_658' title='bbox 2930 4179 3102 4251; x_wconf 85' lang='lat' dir='ltr'><strong>pasci,</strong></span> <span class='ocrx_word' id='word_1_659' title='bbox 3156 4179 3354 4231; x_wconf 87' lang='lat' dir='ltr'><strong>merito</strong></span> <span class='ocrx_word' id='word_1_660' title='bbox 3401 4176 3612 4230; x_wconf 83' lang='lat' dir='ltr'><strong>addidit</strong></span> 
     </span>
    </p>
   </div>
   <div class='ocr_carea' id='block_1_87' title="bbox 1990 4267 3609 4347">
    <p class='ocr_par' dir='ltr' id='par_1_87' title="bbox 1990 4267 3609 4347">
     <span class='ocr_line' id='line_1_87' title="bbox 1990 4267 3609 4347; baseline -0.006 -14"><span class='ocrx_word' id='word_1_661' title='bbox 1990 4279 2189 4334; x_wconf 70' lang='lat' dir='ltr'><strong>animae</strong></span> <span class='ocrx_word' id='word_1_662' title='bbox 2224 4277 2392 4347; x_wconf 89' lang='lat' dir='ltr'><strong>pasci.</strong></span> <span class='ocrx_word' id='word_1_663' title='bbox 2443 4276 2638 4330; x_wconf 85' lang='lat' dir='ltr'><strong>Annon</strong></span> <span class='ocrx_word' id='word_1_664' title='bbox 2666 4284 2721 4330; x_wconf 92' lang='lat' dir='ltr'><strong>et</strong></span> <span class='ocrx_word' id='word_1_665' title='bbox 2758 4274 3015 4329; x_wconf 88' lang='lat' dir='ltr'><strong>nutritiva</strong></span> <span class='ocrx_word' id='word_1_666' title='bbox 3050 4272 3131 4325; x_wconf 89' lang='lat' dir='ltr'><strong>vis</strong></span> <span class='ocrx_word' id='word_1_667' title='bbox 3159 4270 3340 4324; x_wconf 88' lang='lat' dir='ltr'><strong>anima</strong></span> <span class='ocrx_word' id='word_1_668' title='bbox 3362 4267 3609 4323; x_wconf 74' lang='lat' dir='ltr'><strong>dicitur?</strong></span> 
     </span>
    </p>
   </div>
   <div class='ocr_carea' id='block_1_88' title="bbox 1991 4361 3609 4442">
    <p class='ocr_par' dir='ltr' id='par_1_88' title="bbox 1991 4361 3609 4442">
     <span class='ocr_line' id='line_1_88' title="bbox 1991 4361 3609 4442; baseline -0.005 -19"><span class='ocrx_word' id='word_1_669' title='bbox 1991 4368 2160 4442; x_wconf 84' lang='lat' dir='ltr'><strong>Igitur</strong></span> <span class='ocrx_word' id='word_1_670' title='bbox 2193 4384 2261 4423; x_wconf 91' lang='lat' dir='ltr'><strong>ne</strong></span> <span class='ocrx_word' id='word_1_671' title='bbox 2292 4367 2511 4423; x_wconf 92' lang='lat' dir='ltr'><strong>solliciti</strong></span> <span class='ocrx_word' id='word_1_672' title='bbox 2548 4366 2671 4421; x_wconf 90' lang='lat' dir='ltr'><strong>sitis</strong></span> <span class='ocrx_word' id='word_1_673' title='bbox 2713 4365 3032 4435; x_wconf 70' lang='lat' dir='ltr'><strong>vegetativa:</strong></span> <span class='ocrx_word' id='word_1_674' title='bbox 3074 4364 3217 4433; x_wconf 90' lang='lat' dir='ltr'><strong>parti</strong></span> <span class='ocrx_word' id='word_1_675' title='bbox 3276 4361 3474 4416; x_wconf 66' lang='lat' dir='ltr'><strong>anima!</strong></span> <span class='ocrx_word' id='word_1_676' title='bbox 3502 4375 3609 4415; x_wconf 90' lang='lat' dir='ltr'><strong>non</strong></span> 
     </span>
    </p>
   </div>
   <div class='ocr_carea' id='block_1_89' title="bbox 1994 4454 3615 4531">
    <p class='ocr_par' dir='ltr' id='par_1_89' title="bbox 1994 4454 3615 4531">
     <span class='ocr_line' id='line_1_89' title="bbox 1994 4454 3615 4531; baseline -0.007 -13"><span class='ocrx_word' id='word_1_677' title='bbox 1994 4462 2303 4529; x_wconf 88' lang='lat' dir='ltr'><strong>rationalis,</strong></span> <span class='ocrx_word' id='word_1_678' title='bbox 2354 4461 2485 4531; x_wconf 89' lang='lat' dir='ltr'><strong>quid</strong></span> <span class='ocrx_word' id='word_1_679' title='bbox 2537 4460 2864 4525; x_wconf 89' lang='lat' dir='ltr'><strong>comedatis,</strong></span> <span class='ocrx_word' id='word_1_680' title='bbox 2919 4472 3097 4527; x_wconf 89' lang='lat' dir='ltr'><strong>neque</strong></span> <span class='ocrx_word' id='word_1_681' title='bbox 3143 4455 3359 4526; x_wconf 87' lang='lat' dir='ltr'><strong>corpori</strong></span> <span class='ocrx_word' id='word_1_682' title='bbox 3386 4469 3495 4525; x_wconf 91' lang='lat' dir='ltr'><strong>quo</strong></span> <span class='ocrx_word' id='word_1_683' title='bbox 3530 4454 3615 4508; x_wconf 87' lang='lat' dir='ltr'><strong>in-</strong></span> 
     </span>
    </p>
   </div>
   <div class='ocr_carea' id='block_1_90' title="bbox 1996 4546 3614 4618">
    <p class='ocr_par' dir='ltr' id='par_1_90' title="bbox 1996 4546 3614 4618">
     <span class='ocr_line' id='line_1_90' title="bbox 1996 4546 3614 4618; baseline -0.007 -7"><span class='ocrx_word' id='word_1_684' title='bbox 1996 4556 2266 4611; x_wconf 89' lang='lat' dir='ltr'><strong>duamini.</strong></span> <span class='ocrx_word' id='word_1_685' title='bbox 2320 4553 2531 4609; x_wconf 89' lang='lat' dir='ltr'><strong>Deinde</strong></span> <span class='ocrx_word' id='word_1_686' title='bbox 2584 4551 2744 4607; x_wconf 73' lang='lat' dir='ltr'><strong>affert</strong></span> <span class='ocrx_word' id='word_1_687' title='bbox 2772 4552 3041 4607; x_wconf 90' lang='lat' dir='ltr'><strong>rationem</strong></span> <span class='ocrx_word' id='word_1_688' title='bbox 3076 4567 3089 4603; x_wconf 90' lang='lat'><strong>:</strong></span> <span class='ocrx_word' id='word_1_689' title='bbox 3125 4548 3267 4603; x_wconf 85' lang='lat' dir='ltr'><strong>Nam</strong></span> <span class='ocrx_word' id='word_1_690' title='bbox 3298 4547 3392 4618; x_wconf 90' lang='lat' dir='ltr'><strong>qui</strong></span> <span class='ocrx_word' id='word_1_691' title='bbox 3436 4546 3614 4616; x_wconf 87' lang='lat' dir='ltr'><strong>majus</strong></span> 
     </span>
    </p>
   </div>
   <div class='ocr_carea' id='block_1_91' title="bbox 277 4628 1873 4719">
    <p class='ocr_par' dir='ltr' id='par_1_91' title="bbox 277 4645 1873 4719">
     <span class='ocr_line' id='line_1_91' title="bbox 277 4645 1873 4719; baseline -0.001 -16"><span class='ocrx_word' id='word_1_692' title='bbox 277 4649 379 4718; x_wconf 81' lang='grc' dir='ltr'>τῆς</span> <span class='ocrx_word' id='word_1_693' title='bbox 412 4647 611 4719; x_wconf 78' lang='grc' dir='ltr'>ἀλόγου</span> <span class='ocrx_word' id='word_1_694' title='bbox 661 4646 867 4717; x_wconf 81' lang='grc' dir='ltr'>ψυχῆς,</span> <span class='ocrx_word' id='word_1_695' title='bbox 907 4647 959 4700; x_wconf 86' lang='grc' dir='ltr'><strong>τί</strong></span> <span class='ocrx_word' id='word_1_696' title='bbox 995 4647 1236 4719; x_wconf 83' lang='grc' dir='ltr'>φάγητε,</span> <span class='ocrx_word' id='word_1_697' title='bbox 1281 4647 1420 4719; x_wconf 79' lang='grc' dir='ltr'>μηδὲ</span> <span class='ocrx_word' id='word_1_698' title='bbox 1448 4647 1527 4718; x_wconf 83' lang='grc' dir='ltr'>τῷ</span> <span class='ocrx_word' id='word_1_699' title='bbox 1556 4645 1796 4719; x_wconf 82' lang='grc' dir='ltr'>σώματι,</span> <span class='ocrx_word' id='word_1_700' title='bbox 1834 4666 1873 4702; x_wconf 61' lang='grc' dir='ltr'><strong>τι</strong></span> 
     </span>
    </p>
   </div>
   <div class='ocr_carea' id='block_1_92' title="bbox 1982 4628 3612 4719">
    <p class='ocr_par' dir='ltr' id='par_1_92' title="bbox 1994 4638 3612 4715">
     <span class='ocr_line' id='line_1_92' title="bbox 1994 4638 3612 4715; baseline -0.006 -12"><span class='ocrx_word' id='word_1_701' title='bbox 1994 4647 2166 4711; x_wconf 91' lang='lat' dir='ltr'><strong>dedit,</strong></span> <span class='ocrx_word' id='word_1_702' title='bbox 2222 4659 2416 4715; x_wconf 87' lang='lat' dir='ltr'><strong>nempe</strong></span> <span class='ocrx_word' id='word_1_703' title='bbox 2454 4644 2720 4710; x_wconf 88' lang='lat' dir='ltr'><strong>animam,</strong></span> <span class='ocrx_word' id='word_1_704' title='bbox 2774 4657 2957 4699; x_wconf 87' lang='lat' dir='ltr'><strong>nonne</strong></span> <span class='ocrx_word' id='word_1_705' title='bbox 2992 4650 3047 4696; x_wconf 90' lang='lat' dir='ltr'><strong>et</strong></span> <span class='ocrx_word' id='word_1_706' title='bbox 3081 4640 3265 4697; x_wconf 88' lang='lat' dir='ltr'><strong>cibum</strong></span> <span class='ocrx_word' id='word_1_707' title='bbox 3291 4638 3482 4694; x_wconf 85' lang='lat' dir='ltr'><strong>dabit?</strong></span> <span class='ocrx_word' id='word_1_708' title='bbox 3510 4639 3612 4705; x_wconf 88' lang='lat' dir='ltr'><strong>Qui</strong></span> 
     </span>
    </p>
   </div>
   <div class='ocr_carea' id='block_1_93' title="bbox 279 4736 1891 4814">
    <p class='ocr_par' dir='ltr' id='par_1_93' title="bbox 279 4736 1891 4814">
     <span class='ocr_line' id='line_1_93' title="bbox 279 4736 1891 4814; baseline 0.001 -18"><span class='ocrx_word' id='word_1_709' title='bbox 279 4740 606 4809; x_wconf 69' lang='grc' dir='ltr'>ἐνδύσησθε.</span> <span class='ocrx_word' id='word_1_710' title='bbox 642 4736 776 4792; x_wconf 83' lang='grc' dir='ltr'>Εἶτα</span> <span class='ocrx_word' id='word_1_711' title='bbox 798 4739 1052 4810; x_wconf 80' lang='grc' dir='ltr'>ἐπιφέρει</span> <span class='ocrx_word' id='word_1_712' title='bbox 1077 4740 1344 4810; x_wconf 88' lang='grc' dir='ltr'>λογισμόν</span> <span class='ocrx_word' id='word_1_713' title='bbox 1369 4757 1383 4773; x_wconf 89' lang='grc'><strong>·</strong></span> <span class='ocrx_word' id='word_1_714' title='bbox 1412 4742 1441 4795; x_wconf 93' lang='lat'><strong>6</strong></span> <span class='ocrx_word' id='word_1_715' title='bbox 1472 4742 1583 4813; x_wconf 79' lang='grc' dir='ltr'>γάρ</span> <span class='ocrx_word' id='word_1_716' title='bbox 1605 4741 1668 4794; x_wconf 83' lang='grc' dir='ltr'><strong>τὸ</strong></span> <span class='ocrx_word' id='word_1_717' title='bbox 1701 4741 1891 4814; x_wconf 74' lang='grc' dir='ltr'>μεῖζον</span> 
     </span>
    </p>
   </div>
   <div class='ocr_carea' id='block_1_94' title="bbox 282 4829 1890 4903">
    <p class='ocr_par' dir='ltr' id='par_1_94' title="bbox 282 4829 1890 4903">
     <span class='ocr_line' id='line_1_94' title="bbox 282 4829 1890 4903; baseline 0.001 -17"><span class='ocrx_word' id='word_1_718' title='bbox 282 4833 431 4897; x_wconf 69' lang='grc' dir='ltr'>δοὺς,</span> <span class='ocrx_word' id='word_1_719' title='bbox 482 4832 582 4902; x_wconf 83' lang='grc' dir='ltr'><strong>τὴν</strong></span> <span class='ocrx_word' id='word_1_720' title='bbox 622 4830 828 4901; x_wconf 77' lang='grc' dir='ltr'>ψυχὴν,</span> <span class='ocrx_word' id='word_1_721' title='bbox 860 4831 920 4884; x_wconf 85' lang='grc' dir='ltr'><strong>οὐ</strong></span> <span class='ocrx_word' id='word_1_722' title='bbox 950 4829 1112 4885; x_wconf 86' lang='grc' dir='ltr'>δώσει</span> <span class='ocrx_word' id='word_1_723' title='bbox 1163 4832 1261 4886; x_wconf 76' lang='grc' dir='ltr'>καὶ</span> <span class='ocrx_word' id='word_1_724' title='bbox 1303 4832 1407 4902; x_wconf 80' lang='grc' dir='ltr'>τὴν</span> <span class='ocrx_word' id='word_1_725' title='bbox 1455 4833 1703 4903; x_wconf 78' lang='grc' dir='ltr'>τροφήν;</span> <span class='ocrx_word' id='word_1_726' title='bbox 1738 4831 1799 4886; x_wconf 88' lang='grc' dir='ltr'>Ὅ</span> <span class='ocrx_word' id='word_1_727' title='bbox 1830 4835 1890 4887; x_wconf 88' lang='grc' dir='ltr'><strong>τὸ</strong></span> 
     </span>
    </p>
   </div>
   <div class='ocr_carea' id='block_1_95' title="bbox 286 4923 1893 4996">
    <p class='ocr_par' dir='ltr' id='par_1_95' title="bbox 286 4923 1893 4996">
     <span class='ocr_line' id='line_1_95' title="bbox 286 4923 1893 4996; baseline 0.001 -17"><span class='ocrx_word' id='word_1_728' title='bbox 286 4927 449 4994; x_wconf 85' lang='grc' dir='ltr'>σῶμα</span> <span class='ocrx_word' id='word_1_729' title='bbox 497 4925 646 4989; x_wconf 74' lang='grc' dir='ltr'>δοὺς,</span> <span class='ocrx_word' id='word_1_730' title='bbox 696 4924 820 4995; x_wconf 75' lang='grc' dir='ltr'>οὐχὶ</span> <span class='ocrx_word' id='word_1_731' title='bbox 874 4925 971 4978; x_wconf 73' lang='grc' dir='ltr'><strong>καὶ</strong></span> <span class='ocrx_word' id='word_1_732' title='bbox 1009 4924 1071 4978; x_wconf 75' lang='grc' dir='ltr'><strong>τὸ</strong></span> <span class='ocrx_word' id='word_1_733' title='bbox 1100 4923 1308 4996; x_wconf 83' lang='grc' dir='ltr'>ἔνδυμα</span> <span class='ocrx_word' id='word_1_734' title='bbox 1342 4926 1544 4990; x_wconf 77' lang='grc' dir='ltr'>δώσεις</span> <span class='ocrx_word' id='word_1_735' title='bbox 1596 4923 1733 4981; x_wconf 81' lang='grc' dir='ltr'>Εἶτα</span> <span class='ocrx_word' id='word_1_736' title='bbox 1782 4928 1893 4981; x_wconf 83' lang='grc' dir='ltr'><strong>ἀπὸ</strong></span> 
     </span>
    </p>
   </div>
   <div class='ocr_carea' id='block_1_96' title="bbox 284 5017 1889 5092">
    <p class='ocr_par' dir='ltr' id='par_1_96' title="bbox 284 5017 1889 5092">
     <span class='ocr_line' id='line_1_96' title="bbox 284 5017 1889 5092; baseline 0.001 -20"><span class='ocrx_word' id='word_1_737' title='bbox 284 5018 744 5089; x_wconf 75' lang='grc' dir='ltr'>παραδείγματος</span> <span class='ocrx_word' id='word_1_738' title='bbox 778 5017 889 5070; x_wconf 89' lang='grc' dir='ltr'><strong>τῶν</strong></span> <span class='ocrx_word' id='word_1_739' title='bbox 938 5018 1216 5088; x_wconf 84' lang='grc' dir='ltr'>κοράκων,</span> <span class='ocrx_word' id='word_1_740' title='bbox 1251 5018 1326 5082; x_wconf 82' lang='grc' dir='ltr'>ὡς</span> <span class='ocrx_word' id='word_1_741' title='bbox 1352 5020 1417 5072; x_wconf 88' lang='grc' dir='ltr'><strong>ἂν</strong></span> <span class='ocrx_word' id='word_1_742' title='bbox 1442 5018 1682 5092; x_wconf 74' lang='grc' dir='ltr'>ἐνθρέψῃ</span> <span class='ocrx_word' id='word_1_743' title='bbox 1714 5020 1889 5091; x_wconf 82' lang='grc' dir='ltr'>ἡμᾶς,</span> 
     </span>
    </p>
   </div>
   <div class='ocr_carea' id='block_1_97' title="bbox 282 5110 1891 5185">
    <p class='ocr_par' dir='ltr' id='par_1_97' title="bbox 282 5110 1891 5185">
     <span class='ocr_line' id='line_1_97' title="bbox 282 5110 1891 5185; baseline 0 -18"><span class='ocrx_word' id='word_1_744' title='bbox 282 5113 354 5167; x_wconf 70' lang='grc' dir='ltr'>τὰ</span> <span class='ocrx_word' id='word_1_745' title='bbox 387 5112 614 5165; x_wconf 80' lang='grc' dir='ltr'>πετεινὰ</span> <span class='ocrx_word' id='word_1_746' title='bbox 641 5114 722 5175; x_wconf 76' lang='grc' dir='ltr'><strong>εἰς</strong></span> <span class='ocrx_word' id='word_1_747' title='bbox 754 5112 919 5182; x_wconf 82' lang='grc' dir='ltr'>μέσον</span> <span class='ocrx_word' id='word_1_748' title='bbox 949 5110 1095 5180; x_wconf 84' lang='grc' dir='ltr'>ἀγει.</span> <span class='ocrx_word' id='word_1_749' title='bbox 1139 5112 1403 5167; x_wconf 82' lang='grc' dir='ltr'>Ἦδύνατο</span> <span class='ocrx_word' id='word_1_750' title='bbox 1433 5114 1534 5182; x_wconf 81' lang='grc' dir='ltr'><strong>μὲν</strong></span> <span class='ocrx_word' id='word_1_751' title='bbox 1556 5114 1665 5185; x_wconf 75' lang='grc' dir='ltr'>γὰρ</span> <span class='ocrx_word' id='word_1_752' title='bbox 1700 5115 1891 5183; x_wconf 85' lang='grc' dir='ltr'>ἁγίους</span> 
     </span>
    </p>
   </div>
   <div class='ocr_carea' id='block_1_98' title="bbox 286 5201 1891 5277">
    <p class='ocr_par' dir='ltr' id='par_1_98' title="bbox 286 5201 1891 5277">
     <span class='ocr_line' id='line_1_98' title="bbox 286 5201 1891 5277; baseline 0.002 -17"><span class='ocrx_word' id='word_1_753' title='bbox 286 5207 579 5277; x_wconf 71' lang='grc' dir='ltr'>προφήτας</span> <span class='ocrx_word' id='word_1_754' title='bbox 605 5206 980 5277; x_wconf 83' lang='grc' dir='ltr'>παραγαγεῖν,</span> <span class='ocrx_word' id='word_1_755' title='bbox 1002 5201 1114 5259; x_wconf 75' lang='grc' dir='ltr'>οἷον</span> <span class='ocrx_word' id='word_1_756' title='bbox 1144 5205 1236 5260; x_wconf 83' lang='grc' dir='ltr'><strong>τὸν</strong></span> <span class='ocrx_word' id='word_1_757' title='bbox 1272 5206 1461 5261; x_wconf 85' lang='grc' dir='ltr'>Ἠλίαν</span> <span class='ocrx_word' id='word_1_758' title='bbox 1484 5208 1580 5261; x_wconf 77' lang='grc' dir='ltr'>καὶ</span> <span class='ocrx_word' id='word_1_759' title='bbox 1603 5208 1695 5262; x_wconf 77' lang='grc' dir='ltr'>τὸν</span> <span class='ocrx_word' id='word_1_760' title='bbox 1722 5210 1891 5263; x_wconf 83' lang='grc' dir='ltr'><strong>Μωῦ-</strong></span> 
     </span>
    </p>
   </div>
   <div class='ocr_carea' id='block_1_99' title="bbox 289 5297 1887 5374">
    <p class='ocr_par' dir='ltr' id='par_1_99' title="bbox 289 5297 1887 5374">
     <span class='ocr_line' id='line_1_99' title="bbox 289 5297 1887 5374; baseline 0.004 -23"><span class='ocrx_word' id='word_1_761' title='bbox 289 5304 414 5369; x_wconf 71' lang='grc' dir='ltr'>σῆν,</span> <span class='ocrx_word' id='word_1_762' title='bbox 462 5298 600 5352; x_wconf 71' lang='grc' dir='ltr'>ἀλλὰ</span> <span class='ocrx_word' id='word_1_763' title='bbox 642 5298 781 5368; x_wconf 81' lang='grc' dir='ltr'>πρὸς</span> <span class='ocrx_word' id='word_1_764' title='bbox 830 5297 1003 5352; x_wconf 85' lang='grc' dir='ltr'>πλείω</span> <span class='ocrx_word' id='word_1_765' title='bbox 1045 5298 1420 5354; x_wconf 83' lang='grc' dir='ltr'>δυσωπίαντά</span> <span class='ocrx_word' id='word_1_766' title='bbox 1450 5305 1670 5357; x_wconf 85' lang='grc' dir='ltr'>πετεινὰ</span> <span class='ocrx_word' id='word_1_767' title='bbox 1708 5302 1887 5374; x_wconf 83' lang='grc' dir='ltr'>φέρει.</span> 
     </span>
    </p>
   </div>
   <div class='ocr_carea' id='block_1_100' title="bbox 289 5390 1897 5468">
    <p class='ocr_par' dir='ltr' id='par_1_100' title="bbox 289 5390 1897 5468">
     <span class='ocr_line' id='line_1_100' title="bbox 289 5390 1897 5468; baseline 0.002 -22"><span class='ocrx_word' id='word_1_768' title='bbox 289 5390 427 5447; x_wconf 71' lang='grc' dir='ltr'>Εἶτα</span> <span class='ocrx_word' id='word_1_769' title='bbox 457 5392 552 5446; x_wconf 71' lang='grc' dir='ltr'><strong>καὶ</strong></span> <span class='ocrx_word' id='word_1_770' title='bbox 585 5392 775 5464; x_wconf 76' lang='grc' dir='ltr'>ἕτερον</span> <span class='ocrx_word' id='word_1_771' title='bbox 797 5392 1060 5464; x_wconf 81' lang='grc' dir='ltr'>λογισμὸν</span> <span class='ocrx_word' id='word_1_772' title='bbox 1092 5395 1370 5466; x_wconf 74' lang='grc' dir='ltr'>ἐπιφέρει.</span> <span class='ocrx_word' id='word_1_773' title='bbox 1406 5395 1545 5448; x_wconf 78' lang='grc' dir='ltr'>Εἰπέ</span> <span class='ocrx_word' id='word_1_774' title='bbox 1580 5414 1694 5467; x_wconf 86' lang='grc' dir='ltr'>μοι,</span> <span class='ocrx_word' id='word_1_775' title='bbox 1717 5396 1769 5449; x_wconf 80' lang='grc' dir='ltr'><strong>τί</strong></span> <span class='ocrx_word' id='word_1_776' title='bbox 1797 5414 1897 5468; x_wconf 86' lang='grc' dir='ltr'>με-</span> 
     </span>
    </p>
   </div>
   <div class='ocr_carea' id='block_1_101' title="bbox 295 5486 1901 5563">
    <p class='ocr_par' dir='ltr' id='par_1_101' title="bbox 295 5486 1901 5563">
     <span class='ocr_line' id='line_1_101' title="bbox 295 5486 1901 5563; baseline 0.005 -25"><span class='ocrx_word' id='word_1_777' title='bbox 295 5486 505 5557; x_wconf 73' lang='grc' dir='ltr'>ριμνῶν</span> <span class='ocrx_word' id='word_1_778' title='bbox 536 5486 876 5556; x_wconf 84' lang='grc' dir='ltr'>κερδαίνεις;</span> <span class='ocrx_word' id='word_1_779' title='bbox 924 5488 1234 5558; x_wconf 85' lang='grc' dir='ltr'>Προστίθης</span> <span class='ocrx_word' id='word_1_780' title='bbox 1265 5492 1331 5560; x_wconf 82' lang='grc' dir='ltr'>τῇ</span> <span class='ocrx_word' id='word_1_781' title='bbox 1370 5490 1559 5563; x_wconf 81' lang='grc' dir='ltr'>ἡλικία</span> <span class='ocrx_word' id='word_1_782' title='bbox 1588 5509 1682 5544; x_wconf 86' lang='grc' dir='ltr'><strong>σου</strong></span> <span class='ocrx_word' id='word_1_783' title='bbox 1713 5492 1817 5546; x_wconf 75' lang='grc' dir='ltr'><strong>κᾶν</strong></span> <span class='ocrx_word' id='word_1_784' title='bbox 1840 5492 1901 5545; x_wconf 72' lang='grc' dir='ltr'>τὸ</span> 
     </span>
    </p>
   </div>
   <div class='ocr_carea' id='block_1_102' title="bbox 291 5577 1898 5655">
    <p class='ocr_par' dir='ltr' id='par_1_102' title="bbox 291 5577 1898 5655">
     <span class='ocr_line' id='line_1_102' title="bbox 291 5577 1898 5655; baseline 0.004 -24"><span class='ocrx_word' id='word_1_785' title='bbox 291 5578 615 5643; x_wconf 48' lang='lat' dir='ltr'><strong>ili/tanta;</strong></span> <span class='ocrx_word' id='word_1_786' title='bbox 656 5577 813 5645; x_wconf 74' lang='grc' dir='ltr'>Οὑχὶ,</span> <span class='ocrx_word' id='word_1_787' title='bbox 855 5577 1056 5645; x_wconf 79' lang='grc' dir='ltr'>μᾶλλον</span> <span class='ocrx_word' id='word_1_788' title='bbox 1096 5579 1195 5649; x_wconf 83' lang='grc' dir='ltr'><strong>μὲν</strong></span> <span class='ocrx_word' id='word_1_789' title='bbox 1219 5581 1311 5633; x_wconf 74' lang='grc' dir='ltr'><strong>οὖν</strong></span> <span class='ocrx_word' id='word_1_790' title='bbox 1342 5581 1596 5653; x_wconf 52' lang='grc' dir='ltr'>ὑφαιρεῖς</span> <span class='ocrx_word' id='word_1_791' title='bbox 1628 5582 1738 5635; x_wconf 87' lang='grc' dir='ltr'><strong>τῶν</strong></span> <span class='ocrx_word' id='word_1_792' title='bbox 1764 5601 1898 5655; x_wconf 82' lang='grc' dir='ltr'>σαρ-</span> 
     </span>
    </p>
   </div>
   <div class='ocr_carea' id='block_1_103' title="bbox 367 5734 1035 5803">
    <p class='ocr_par' dir='ltr' id='par_1_103' title="bbox 367 5734 1035 5803">
     <span class='ocr_line' id='line_1_103' title="bbox 367 5734 1035 5803; baseline 0.004 -14"><span class='ocrx_word' id='word_1_793' title='bbox 367 5738 413 5768; x_wconf 67' lang='grc'><strong>⁵’⁵</strong></span> <span class='ocrx_word' id='word_1_794' title='bbox 440 5734 541 5791; x_wconf 67' lang='lat' dir='ltr'><strong>Job</strong></span> <span class='ocrx_word' id='word_1_795' title='bbox 579 5752 650 5800; x_wconf 86' lang='lat' dir='ltr'><strong>tv,</strong></span> <span class='ocrx_word' id='word_1_796' title='bbox 677 5736 838 5803; x_wconf 73' lang='lat' dir='ltr'><strong>juxta</strong></span> <span class='ocrx_word' id='word_1_797' title='bbox 873 5735 1035 5792; x_wconf 75' lang='lat' dir='ltr'><strong>LXX.</strong></span> 
     </span>
    </p>
   </div>
   <div class='ocr_carea' id='block_1_104' title="bbox 372 5859 1320 5927">
    <p class='ocr_par' dir='ltr' id='par_1_104' title="bbox 372 5859 1320 5927">
     <span class='ocr_line' id='line_1_104' title="bbox 372 5859 1320 5927; baseline 0.003 -16"><span class='ocrx_word' id='word_1_798' title='bbox 372 5862 448 5927; x_wconf 79' lang='lat' dir='ltr'><strong>(rt)</strong></span> <span class='ocrx_word' id='word_1_799' title='bbox 483 5860 578 5913; x_wconf 68' lang='grc' dir='ltr'>ιῖει.</span> <span class='ocrx_word' id='word_1_800' title='bbox 618 5859 739 5913; x_wconf 87' lang='lat' dir='ltr'><strong>Lut.</strong></span> <span class='ocrx_word' id='word_1_801' title='bbox 773 5860 1077 5913; x_wconf 69' lang='lat' dir='ltr'><strong>diuitiarum</strong></span> <span class='ocrx_word' id='word_1_802' title='bbox 1113 5865 1320 5916; x_wconf 71' lang='grc' dir='ltr'>(ι’ίίιιιη,</span> 
     </span>
    </p>
   </div>
   <div class='ocr_carea' id='block_1_105' title="bbox 1996 4731 3614 4807">
    <p class='ocr_par' dir='ltr' id='par_1_105' title="bbox 1996 4731 3614 4807">
     <span class='ocr_line' id='line_1_105' title="bbox 1996 4731 3614 4807; baseline -0.006 -12"><span class='ocrx_word' id='word_1_803' title='bbox 1996 4738 2145 4795; x_wconf 86' lang='lat' dir='ltr'><strong>dedit</strong></span> <span class='ocrx_word' id='word_1_804' title='bbox 2176 4752 2396 4807; x_wconf 88' lang='lat' dir='ltr'><strong>corpus,</strong></span> <span class='ocrx_word' id='word_1_805' title='bbox 2433 4751 2620 4791; x_wconf 91' lang='lat' dir='ltr'><strong>nonne</strong></span> <span class='ocrx_word' id='word_1_806' title='bbox 2653 4745 2707 4791; x_wconf 91' lang='lat' dir='ltr'><strong>et</strong></span> <span class='ocrx_word' id='word_1_807' title='bbox 2746 4735 3125 4791; x_wconf 89' lang='lat' dir='ltr'><strong>indumentum</strong></span> <span class='ocrx_word' id='word_1_808' title='bbox 3188 4732 3339 4789; x_wconf 90' lang='lat' dir='ltr'><strong>dabit</strong></span> <span class='ocrx_word' id='word_1_809' title='bbox 3366 4732 3389 4785; x_wconf 87' lang='lat'><strong>?</strong></span> <span class='ocrx_word' id='word_1_810' title='bbox 3416 4731 3614 4786; x_wconf 85' lang='lat' dir='ltr'><strong>Postea</strong></span> 
     </span>
    </p>
   </div>
   <div class='ocr_carea' id='block_1_106' title="bbox 1994 4825 3610 4898">
    <p class='ocr_par' dir='ltr' id='par_1_106' title="bbox 1994 4825 3610 4898">
     <span class='ocr_line' id='line_1_106' title="bbox 1994 4825 3610 4898; baseline -0.004 -13"><span class='ocrx_word' id='word_1_811' title='bbox 1994 4830 2160 4886; x_wconf 87' lang='lat' dir='ltr'><strong>etiam</strong></span> <span class='ocrx_word' id='word_1_812' title='bbox 2210 4830 2277 4884; x_wconf 88' lang='lat' dir='ltr'><strong>ab</strong></span> <span class='ocrx_word' id='word_1_813' title='bbox 2299 4828 2550 4898; x_wconf 77' lang='lat' dir='ltr'><strong>exemplo</strong></span> <span class='ocrx_word' id='word_1_814' title='bbox 2579 4843 2868 4883; x_wconf 89' lang='lat' dir='ltr'><strong>corvorum</strong></span> <span class='ocrx_word' id='word_1_815' title='bbox 2904 4828 3099 4898; x_wconf 85' lang='lat' dir='ltr'><strong>probat</strong></span> <span class='ocrx_word' id='word_1_816' title='bbox 3119 4825 3262 4897; x_wconf 91' lang='lat' dir='ltr'><strong>quod</strong></span> <span class='ocrx_word' id='word_1_817' title='bbox 3294 4840 3393 4881; x_wconf 91' lang='lat' dir='ltr'><strong>nos</strong></span> <span class='ocrx_word' id='word_1_818' title='bbox 3427 4826 3610 4879; x_wconf 84' lang='lat' dir='ltr'><strong>nutri-</strong></span> 
     </span>
    </p>
   </div>
   <div class='ocr_carea' id='block_1_107' title="bbox 1996 4922 3616 4987">
    <p class='ocr_par' dir='ltr' id='par_1_107' title="bbox 1996 4922 3616 4987">
     <span class='ocr_line' id='line_1_107' title="bbox 1996 4922 3616 4987; baseline -0.004 -5"><span class='ocrx_word' id='word_1_819' title='bbox 1996 4936 2073 4987; x_wconf 85' lang='lat' dir='ltr'><strong>et.</strong></span> <span class='ocrx_word' id='word_1_820' title='bbox 2108 4925 2353 4980; x_wconf 77' lang='lat' dir='ltr'><strong>volatilia</strong></span> <span class='ocrx_word' id='word_1_821' title='bbox 2380 4925 2435 4979; x_wconf 91' lang='lat' dir='ltr'><strong>in</strong></span> <span class='ocrx_word' id='word_1_822' title='bbox 2462 4924 2700 4979; x_wconf 89' lang='lat' dir='ltr'><strong>medium</strong></span> <span class='ocrx_word' id='word_1_823' title='bbox 2732 4922 2992 4979; x_wconf 61' lang='lat' dir='ltr'><strong>atterens.</strong></span> <span class='ocrx_word' id='word_1_824' title='bbox 3025 4922 3457 4977; x_wconf 89' lang='lat' dir='ltr'><strong>Potueratenim</strong></span> <span class='ocrx_word' id='word_1_825' title='bbox 3489 4936 3616 4978; x_wconf 86' lang='lat' dir='ltr'><strong>san-</strong></span> 
     </span>
    </p>
   </div>
   <div class='ocr_carea' id='block_1_108' title="bbox 1996 5011 3617 5088">
    <p class='ocr_par' dir='ltr' id='par_1_108' title="bbox 1996 5011 3617 5088">
     <span class='ocr_line' id='line_1_108' title="bbox 1996 5011 3617 5088; baseline -0.004 -16"><span class='ocrx_word' id='word_1_826' title='bbox 1996 5030 2115 5073; x_wconf 89' lang='lat' dir='ltr'><strong>ctos</strong></span> <span class='ocrx_word' id='word_1_827' title='bbox 2159 5016 2527 5088; x_wconf 78' lang='lat' dir='ltr'><strong>propltetasin</strong></span> <span class='ocrx_word' id='word_1_828' title='bbox 2567 5016 2807 5069; x_wconf 88' lang='lat' dir='ltr'><strong>medium</strong></span> <span class='ocrx_word' id='word_1_829' title='bbox 2847 5013 3065 5081; x_wconf 77' lang='lat' dir='ltr'><strong>aﬂerre,</strong></span> <span class='ocrx_word' id='word_1_830' title='bbox 3096 5022 3283 5083; x_wconf 82' lang='lat' dir='ltr'><strong>utpote</strong></span> <span class='ocrx_word' id='word_1_831' title='bbox 3310 5012 3483 5066; x_wconf 86' lang='lat' dir='ltr'><strong>Eliam</strong></span> <span class='ocrx_word' id='word_1_832' title='bbox 3530 5011 3617 5067; x_wconf 85' lang='lat' dir='ltr'><strong>vel</strong></span> 
     </span>
    </p>
   </div>
   <div class='ocr_carea' id='block_1_109' title="bbox 1998 5104 3617 5180">
    <p class='ocr_par' dir='ltr' id='par_1_109' title="bbox 1998 5104 3617 5180">
     <span class='ocr_line' id='line_1_109' title="bbox 1998 5104 3617 5180; baseline -0.004 -15"><span class='ocrx_word' id='word_1_833' title='bbox 1998 5110 2211 5175; x_wconf 86' lang='lat' dir='ltr'><strong>Mosen,</strong></span> <span class='ocrx_word' id='word_1_834' title='bbox 2274 5109 2370 5165; x_wconf 87' lang='lat' dir='ltr'><strong>sed</strong></span> <span class='ocrx_word' id='word_1_835' title='bbox 2397 5110 2465 5165; x_wconf 88' lang='lat' dir='ltr'><strong>ad</strong></span> <span class='ocrx_word' id='word_1_836' title='bbox 2523 5109 2788 5180; x_wconf 88' lang='lat' dir='ltr'><strong>majorem</strong></span> <span class='ocrx_word' id='word_1_837' title='bbox 2844 5109 3105 5179; x_wconf 86' lang='lat' dir='ltr'><strong>pudorem</strong></span> <span class='ocrx_word' id='word_1_838' title='bbox 3148 5105 3387 5162; x_wconf 89' lang='lat' dir='ltr'><strong>volatilia</strong></span> <span class='ocrx_word' id='word_1_839' title='bbox 3436 5104 3617 5159; x_wconf 63' lang='grc' dir='ltr'>αὔρη.</span> 
     </span>
    </p>
   </div>
   <div class='ocr_carea' id='block_1_110' title="bbox 1997 5201 3621 5270">
    <p class='ocr_par' dir='ltr' id='par_1_110' title="bbox 1997 5201 3621 5270">
     <span class='ocr_line' id='line_1_110' title="bbox 1997 5201 3621 5270; baseline -0.005 -8"><span class='ocrx_word' id='word_1_840' title='bbox 1997 5208 2204 5264; x_wconf 87' lang='lat' dir='ltr'><strong>Deinde</strong></span> <span class='ocrx_word' id='word_1_841' title='bbox 2251 5217 2304 5261; x_wconf 89' lang='lat' dir='ltr'><strong>et</strong></span> <span class='ocrx_word' id='word_1_842' title='bbox 2327 5207 2486 5261; x_wconf 86' lang='lat' dir='ltr'><strong>aliam</strong></span> <span class='ocrx_word' id='word_1_843' title='bbox 2514 5207 2780 5260; x_wconf 81' lang='lat' dir='ltr'><strong>rationem</strong></span> <span class='ocrx_word' id='word_1_844' title='bbox 2814 5206 3057 5259; x_wconf 86' lang='lat' dir='ltr'><strong>adducit.</strong></span> <span class='ocrx_word' id='word_1_845' title='bbox 3092 5203 3216 5267; x_wconf 87' lang='lat' dir='ltr'><strong>Dic,</strong></span> <span class='ocrx_word' id='word_1_846' title='bbox 3252 5216 3457 5270; x_wconf 58' lang='lat' dir='ltr'><strong>quaeso,</strong></span> <span class='ocrx_word' id='word_1_847' title='bbox 3491 5201 3621 5269; x_wconf 89' lang='lat' dir='ltr'><strong>quid</strong></span> 
     </span>
    </p>
   </div>
   <div class='ocr_carea' id='block_1_111' title="bbox 1999 5296 3622 5371">
    <p class='ocr_par' dir='ltr' id='par_1_111' title="bbox 1999 5296 3622 5371">
     <span class='ocr_line' id='line_1_111' title="bbox 1999 5296 3622 5371; baseline -0.009 -9"><span class='ocrx_word' id='word_1_848' title='bbox 1999 5303 2371 5362; x_wconf 88' lang='lat' dir='ltr'><strong>sollicitudine</strong></span> <span class='ocrx_word' id='word_1_849' title='bbox 2421 5300 2697 5371; x_wconf 83' lang='lat' dir='ltr'><strong>proﬁcis?</strong></span> <span class='ocrx_word' id='word_1_850' title='bbox 2765 5298 2959 5369; x_wconf 90' lang='lat' dir='ltr'><strong>adjicis</strong></span> <span class='ocrx_word' id='word_1_851' title='bbox 3011 5307 3235 5352; x_wconf 70' lang='lat' dir='ltr'><strong>statura:</strong></span> <span class='ocrx_word' id='word_1_852' title='bbox 3261 5304 3364 5351; x_wconf 73' lang='lat' dir='ltr'><strong>tua:</strong></span> <span class='ocrx_word' id='word_1_853' title='bbox 3401 5296 3484 5349; x_wconf 88' lang='lat' dir='ltr'><strong>vel</strong></span> <span class='ocrx_word' id='word_1_854' title='bbox 3522 5296 3622 5348; x_wconf 89' lang='lat' dir='ltr'><strong>mi-</strong></span> 
     </span>
    </p>
   </div>
   <div class='ocr_carea' id='block_1_112' title="bbox 2003 5388 3624 5468">
    <p class='ocr_par' dir='ltr' id='par_1_112' title="bbox 2003 5388 3624 5468">
     <span class='ocr_line' id='line_1_112' title="bbox 2003 5388 3624 5468; baseline -0.007 -15"><span class='ocrx_word' id='word_1_855' title='bbox 2003 5399 2213 5453; x_wconf 90' lang='lat' dir='ltr'><strong>nimum</strong></span> <span class='ocrx_word' id='word_1_856' title='bbox 2255 5396 2430 5468; x_wconf 86' lang='lat' dir='ltr'><strong>quid?</strong></span> <span class='ocrx_word' id='word_1_857' title='bbox 2469 5394 2613 5460; x_wconf 87' lang='lat' dir='ltr'><strong>Non,</strong></span> <span class='ocrx_word' id='word_1_858' title='bbox 2675 5396 2785 5449; x_wconf 91' lang='lat' dir='ltr'><strong>imo</strong></span> <span class='ocrx_word' id='word_1_859' title='bbox 2832 5391 3019 5447; x_wconf 80' lang='lat' dir='ltr'><strong>aufers</strong></span> <span class='ocrx_word' id='word_1_860' title='bbox 3065 5391 3251 5461; x_wconf 89' lang='lat' dir='ltr'><strong>potius</strong></span> <span class='ocrx_word' id='word_1_861' title='bbox 3280 5388 3563 5459; x_wconf 89' lang='lat' dir='ltr'><strong>quidpiam</strong></span> <span class='ocrx_word' id='word_1_862' title='bbox 3592 5402 3624 5441; x_wconf 88' lang='lat' dir='ltr'><strong>e</strong></span> 
     </span>
    </p>
   </div>
   <div class='ocr_carea' id='block_1_113' title="bbox 2002 5478 3623 5547">
    <p class='ocr_par' dir='ltr' id='par_1_113' title="bbox 2002 5478 3623 5547">
     <span class='ocr_line' id='line_1_113' title="bbox 2002 5478 3623 5547; baseline -0.01 -1"><span class='ocrx_word' id='word_1_863' title='bbox 2002 5489 2338 5546; x_wconf 79' lang='lat' dir='ltr'><strong>carnalibus.</strong></span> <span class='ocrx_word' id='word_1_864' title='bbox 2375 5485 2705 5543; x_wconf 90' lang='lat' dir='ltr'><strong>Sollicitudo</strong></span> <span class='ocrx_word' id='word_1_865' title='bbox 2736 5484 2883 5539; x_wconf 88' lang='lat' dir='ltr'><strong>enim</strong></span> <span class='ocrx_word' id='word_1_866' title='bbox 2911 5480 3193 5536; x_wconf 82' lang='lat' dir='ltr'><strong>tabefacit.</strong></span> <span class='ocrx_word' id='word_1_867' title='bbox 3229 5479 3284 5534; x_wconf 84' lang='lat' dir='ltr'><strong>Si</strong></span> <span class='ocrx_word' id='word_1_868' title='bbox 3320 5480 3485 5547; x_wconf 78' lang='lat' dir='ltr'><strong>igitur</strong></span> <span class='ocrx_word' id='word_1_869' title='bbox 3522 5478 3623 5530; x_wconf 84' lang='lat' dir='ltr'><strong>ad-</strong></span> 
     </span>
    </p>
   </div>
   <div class='ocr_carea' id='block_1_114' title="bbox 2001 5568 3624 5655">
    <p class='ocr_par' dir='ltr' id='par_1_114' title="bbox 2001 5568 3624 5655">
     <span class='ocr_line' id='line_1_114' title="bbox 2001 5568 3624 5655; baseline -0.009 -20"><span class='ocrx_word' id='word_1_870' title='bbox 2001 5584 2173 5655; x_wconf 88' lang='lat' dir='ltr'><strong>jicere</strong></span> <span class='ocrx_word' id='word_1_871' title='bbox 2208 5598 2313 5638; x_wconf 92' lang='lat' dir='ltr'><strong>non</strong></span> <span class='ocrx_word' id='word_1_872' title='bbox 2339 5591 2495 5651; x_wconf 89' lang='lat' dir='ltr'><strong>potes</strong></span> <span class='ocrx_word' id='word_1_873' title='bbox 2518 5577 2746 5653; x_wconf 49' lang='lat' dir='ltr'><strong>idjquod</strong></span> <span class='ocrx_word' id='word_1_874' title='bbox 2782 5576 3091 5640; x_wconf 87' lang='lat' dir='ltr'><strong>minimum,</strong></span> <span class='ocrx_word' id='word_1_875' title='bbox 3120 5573 3253 5645; x_wconf 86' lang='lat' dir='ltr'><strong>quid</strong></span> <span class='ocrx_word' id='word_1_876' title='bbox 3296 5573 3360 5629; x_wconf 91' lang='lat' dir='ltr'><strong>de</strong></span> <span class='ocrx_word' id='word_1_877' title='bbox 3395 5568 3624 5639; x_wconf 85' lang='lat' dir='ltr'><strong>reliquis</strong></span> 
     </span>
    </p>
   </div>
   <div class='ocr_carea' id='block_1_115' title="bbox 374 5929 2779 6006">
    <p class='ocr_par' dir='ltr' id='par_1_115' title="bbox 374 5929 2779 6006">
     <span class='ocr_line' id='line_1_115' title="bbox 374 5929 2779 6006; baseline -0.003 -19"><span class='ocrx_word' id='word_1_878' title='bbox 374 5932 447 5991; x_wconf 60' lang='grc' dir='ltr'><strong>εἶ’)</strong></span> <span class='ocrx_word' id='word_1_879' title='bbox 480 5932 613 5987; x_wconf 72' lang='lat' dir='ltr'><strong>Ibid.</strong></span> <span class='ocrx_word' id='word_1_880' title='bbox 653 5932 995 5987; x_wconf 57' lang='lat' dir='ltr'><strong>l’t&#39;acuat&#39;t‘ro</strong></span> <span class='ocrx_word' id='word_1_881' title='bbox 1028 5951 1105 5987; x_wconf 73' lang='lat' dir='ltr'><strong>mc</strong></span> <span class='ocrx_word' id='word_1_882' title='bbox 1149 5945 1333 6004; x_wconf 70' lang='lat' dir='ltr'><strong>totum,</strong></span> <span class='ocrx_word' id='word_1_883' title='bbox 1368 5955 1392 5975; x_wconf 69' lang='grc' dir='ltr'><strong>ν»</strong></span> <span class='ocrx_word' id='word_1_884' title='bbox 1419 5954 1441 5989; x_wconf 84' lang='lat' dir='ltr'><strong>c</strong></span> <span class='ocrx_word' id='word_1_885' title='bbox 1483 5939 1682 6006; x_wconf 65' lang='lat' dir='ltr'><strong>aliquid</strong></span> <span class='ocrx_word' id='word_1_886' title='bbox 1728 5953 1899 5991; x_wconf 68' lang='lat' dir='ltr'><strong>tcum:</strong></span> <span class='ocrx_word' id='word_1_887' title='bbox 1948 5934 2300 5991; x_wconf 70' lang='lat' dir='ltr'><strong>uct&#39;t‘saurttun</strong></span> <span class='ocrx_word' id='word_1_888' title='bbox 2325 5929 2653 5998; x_wconf 52' lang='lat' dir='ltr'><strong>mirantum</strong></span> <span class='ocrx_word' id='word_1_889' title='bbox 2683 5938 2779 5980; x_wconf 73' lang='lat' dir='ltr'><strong>Cat.</strong></span> 
     </span>
    </p>
   </div>
  </div>
