4110 6332
586 360 687 429 891

1509 372 2088 441 THEOPHYLACTI
2119 376 2534 445 BULGARLE
2566 385 2933 452 ARCHIEP.

3746 393 3863 458 8.7-2

580 474 843 532 sollicitus
869 490 930 533 es
957 477 981 533 i
1014 478 1362 547 Perspicuum
1389 484 1561 550 enim,
1585 487 1726 557 quod
1756 486 1900 543 sicut
1925 488 2149 552 Densiu-

2274 496 2409 551 κῶνο
2431 498 2676 567 τηκεδὼν
2702 499 2812 572 γὰρ
2838 500 3158 572 ἡμέριμνα.
3188 501 3250 559 El
3274 501 3458 558 τοίνυν
3479 504 3538 559 τὸ
3568 501 3855 575 ἐλάχιστον

581 576 915 624 crementum
938 570 1049 637 dat,
1072 570 1142 627 ita
1173 582 1226 628 et
1245 573 1347 628 alia
1373 574 1543 631 dabit.

652 824 819 883 Vns.
860 828 1052 887 27-51.
1099 851 1119 885 ι
1168 831 1524 893 Considerate
1551 836 1713 911 373
1746 839 1856 895 lilia
1894 843 2164 911 quomodo

586 928 836 976 crescunt
869 940 884 975 :
914 938 1019 977 non
1068 923 1337 990 laborant,
1366 941 1540 997 neque
1587 940 1737 985 nent.
1792 932 1923 987 Dico
1978 942 2159 987 autem

577 1010 753 1075 vobis,
782 1027 881 1067 nec
919 1014 1174 1071 Solamen
1212 1017 1264 1070 in
1306 1019 1450 1091 omni
1489 1019 1657 1091 gloria
1693 1037 1791 1079 sua
1835 1024 2164 1080 vestiebatur

580 1099 719 1153 sicut
754 1116 916 1156 unum
956 1120 1023 1159 ex
1052 1103 1275 1161 istis.‘Si
1312 1118 1493 1164 autem
1544 1126 1766 1181 gramen
1800 1115 1941 1181 quod
2000 1116 2161 1172 hodie

577 1201 656 1245 cet
684 1191 745 1253 in
776 1208 927 1262 agro,
974 1197 1182 1253 et‘cras
1219 1198 1272 1254 in
1306 1200 1869 1270 clibanum‘mittitur,
1905 1207 2044 1262 Deus
2084 1209 2162 1264 sic

577 1283 737 1338 vestit
772 1301 786 1339 :
822 1294 1027 1355 quanto
1084 1292 1253 1361 magis
1308 1307 1403 1348 vos
1439 1295 1652 1362 vestiet,
1683 1310 1717 1351 ο
1764 1312 1950 1367 parum
1989 1298 2162 1353 [iden-

579 1374 702 1427 tes?
742 1374 810 1429 Et
859 1390 953 1432 vos
1001 1378 1168 1435 nolite
1214 1396 1460 1456 quaerere
1508 1376 1644 1454 quid
1709 1387 1856 1441 esuri
1898 1388 2039 1454 sitis,
2067 1398 2161 1445 aut

579 1464 707 1533 quid
733 1465 953 1521 bibituri
986 1486 1004 1524 :
1036 1478 1092 1525 et
1124 1472 1291 1528 nolite
1325 1474 1378 1528 in
1406 1474 1635 1549 sublime
1673 1478 1805 1535 tolli.
1852 1476 1979 1535 Haec
2014 1482 2157 1536 enim

577 1556 761 1611 omnia
793 1565 985 1629 gentes
1006 1564 1191 1619 mundi
1219 1576 1487 1636 quaerunt.
1539 1568 1701 1626 Pater
1757 1584 1937 1626 autem
1983 1584 2160 1630 vester

581 1647 684 1703 scit
717 1653 859 1720 quod
894 1648 1013 1709 istis
1058 1654 1363 1729 indigestis.
1405 1660 1547 1727 Quin
1579 1663 1759 1733 potius
1809 1666 2038 1735 quaerite
2069 1683 2157 1723 re-

576 1757 737 1811 gnum
772 1743 893 1809 Dei,
914 1754 969 1801 et
997 1749 1109 1804 hac
1135 1754 1316 1805 omnia
1344 1753 1666 1824 adjicientur
1696 1757 1881 1811 vobis.
1905 1776 1924 1810 ι
1960 1757 2025 1812 Et
2053 1759 2157 1815 hoc

576 1832 815 1888 liliorutn
867 1838 1172 1909 exemplum
1226 1844 1431 1911 posuit,
1462 1853 1523 1903 ut
1577 1861 1676 1902 nos
1728 1841 1901 1920 magis
1954 1846 2234 1920 pudoreB

572 1920 923 1982 suﬂunderet.
944 1925 999 1982 Si
1030 1929 1173 1984 enim
1211 1931 1325 1987 hac
1354 1933 1432 1989 sic
1466 1937 1631 1992 vestit
1678 1937 1841 2005 Deus,
1870 1948 1930 1995 ut
1975 1955 2154 2011 neque

571 2012 822 2070 Salomon
857 2017 909 2072 in
942 2020 1191 2077 omnibus
1226 2023 1436 2080 deliciis
1475 2028 1588 2082 suis
1622 2029 1792 2096 possit
1842 2031 1921 2087 sic
1966 2031 2153 2088 vestiri

572 2116 631 2160 nt
663 2123 824 2162 unum
866 2122 935 2164 ex
976 2112 1119 2180 istis,
1146 2130 1375 2185 quorum
1410 2118 1553 2174 nulla
1585 2120 1801 2191 quidem
1840 2132 1921 2179 est
1969 2140 2155 2181 neces-

571 2199 704 2252 sitas
737 2198 1196 2272 pulchritudinis;
1227 2219 1436 2276 quanto
1480 2210 1654 2280 magis
1707 2226 1828 2279 nos,
1858 2214 2156 2269 honorabi-

573 2286 651 2342 les
688 2302 800 2358 pra:
829 2292 1040 2347 caeteris
1078 2305 1377 2363 creaturas,
1409 2299 1635 2369 vestiet,
1688 2304 1995 2373 prmsertim
2033 2320 2155 2360 cum

572 2383 869 2439 necessitas
897 2386 1141 2455 corporis
1174 2387 1547 2447 indumentum
1572 2394 1845 2462 postulet?
1869 2394 2009 2463 Quid
2054 2398 2156 2469 igi-

572 2481 678 2539 tur,
718 2472 863 2529 dicet
912 2478 1201 2547 quispiam,
1229 2480 1387 2549 iubes
1415 2495 1473 2538 ut
1504 2499 1609 2541 non
1653 2485 1899 2544 colamus
1941 2491 2149 2560 agros?

569 2561 686 2621 Non
709 2566 863 2637 dixit,
890 2568 966 2625 Ne
999 2571 1190 2628 colatis
1234 2588 1395 2643 agros
1425 2594 1437 2630 :
1468 2578 1589 2644 sed,
1623 2576 1703 2635 Ne
1760 2579 1975 2636 solliciti
2011 2582 2151 2639 sitis.

569 2656 782 2714 Etenim
835 2660 943 2716 non
990 2662 1253 2732 prohibeo
1283 2682 1351 2722 ne
1383 2666 1618 2736 labores,
1645 2672 1737 2727 sed
1785 2688 1852 2728 ne
1891 2674 2153 2731 sollicitus

570 2748 667 2815 sis,
707 2751 1004 2808 interdico:
1032 2754 1135 2809 hoc
1161 2764 1265 2822 est,
1303 2771 1371 2811 ne
1420 2772 1568 2827 spem
1623 2762 1885 2829 ponasin
1933 2772 1983 2818 te
2014 2764 2150 2833 ipso.

571 2842 663 2898 Sic
699 2845 790 2913 qui
819 2845 1048 2913 laborat,
1068 2856 1119 2903 et
1145 2863 1297 2919 spem
1322 2851 1483 2905 habet
1510 2851 1563 2906 in
1593 2852 1723 2918 Deo,
1751 2854 1799 2911 is
1842 2856 1975 2911 citra
2002 2858 2153 2913 solli-

569 2934 863 2990 citudinem
905 2937 1228 3004 vivit.‘Quod
1260 2942 1403 2995 enim
1433 2942 1850 3001 sollicitudinem
1884 2955 1941 3001 ut
1973 2964 2000 3002 a
2035 2950 2143 3005 Deo

568 3023 925 3079 abducentem
962 3038 1187 3094 resecet,
1213 3023 1557 3089 manifestum
1586 3043 1692 3090 est.
1714 3034 1950 3092 Proinde
1974 3038 2105 3093 dicit
2133 3056 2147 3093 :

574 3110 655 3167 Ne
707 3116 964 3183 quaeratis
1000 3118 1131 3184 quid
1191 3121 1623 3186 cumedatis,vel
1672 3126 1801 3195 quid
1851 3126 2075 3195 bibatis,
2098 3138 2152 3184 et

2264 592 2326 646 οὐ
2352 591 2579 649 δύνασαι
2595 592 2918 667 προσϐῆναι,
2942 593 2996 647 τι
3012 594 3140 665 περὶ
3170 594 3278 649 τῶν
3304 594 3507 648 λοιπῶν
3538 597 3850 667 μεριμνᾷ;;

2266 685 2539 756 Πρόδηλον
2555 688 2665 759 γάρ
2691 686 2795 754 ὅτι,
2824 686 3012 759 ὥσπερ
3037 688 3137 760 τὴν
3163 686 3394 759 αὔξησιν
3414 690 3443 742 6
3462 688 3595 752 Θεὸς
3612 688 3852 755 δίδωσιν,

2264 776 2410 833 οὕτω
2438 779 2530 833 καὶ
2556 777 2728 834 τᾶλλα
2752 780 2937 837 δώσει.

2342 890 2360 924 ι
2401 873 2790 945 Κατανοήσατε
2829 874 2897 928 τά
2934 875 3094 946 κρίνα
3129 875 3249 941 πῶς
3297 876 3539 942 αὐξάνειο
3564 876 3625 930 οὐ
3660 877 3844 946 κοπιᾷ,

2263 961 2385 1016 οὐδὲ
2412 963 2583 1032 νήθει.
2613 966 2771 1034 Λέγω
2795 966 2945 1037 ὑμῖν,
2976 967 3058 1021 ὅτι
3086 968 3207 1022 οὐδὲ
3237 969 3493 1039 Σολομῶν
3520 971 3578 1022 ὲν
3610 969 3762 1039 πάσῃ
3785 970 3850 1038 τῇ

2262 1049 2388 1124 δόξῃ
2411 1052 2577 1105 αὑτοῦ
2609 1053 2965 1124 περιεϐάλετο
2987 1056 3064 1120 ὡς
3093 1056 3151 1109 ἓν
3182 1056 3408 1111 τούτων.
3438 1059 3499 1111 Ei
3522 1058 3577 1112 δὲ
3600 1058 3695 1111 τὸν
3724 1058 3853 1129 χόρ·

2262 1154 2355 1191 τον
2381 1142 2438 1192 ὲν
2462 1139 2541 1211 τῷ
2567 1140 2721 1213 ἁγρῷ
2753 1145 2995 1215 σήμερον
3019 1144 3170 1213 ὄντα,
3208 1148 3301 1201 καὶ
3335 1146 3526 1219 αὔριον
3561 1150 3643 1212 εἰς
3664 1148 3855 1202 κλίσει-

2261 1249 2352 1285 νον
2404 1233 2754 1303 βαλλόμενον,
2802 1239 2831 1290 6
2875 1237 3007 1299 Θεὸς
3058 1238 3232 1304 οὕτως
3269 1241 3631 1311 άμφιέννυσι,
3702 1243 3853 1313 πόσῳ

2264 1322 2467 1390 μᾶλλον
2505 1324 2672 1393 ὑμᾶς,
2711 1324 3080 1395 όλιγόπιστοι;
3122 1331 3233 1383 Καὶ
3272 1332 3432 1401 ὑμεῖς
3462 1331 3537 1404 μὴ
3559 1335 3778 1405 ζητεῖτε
3800 1332 3853 1386 τί

2264 1414 2477 1485 φάγητε
2506 1414 2539 1486 ἦ
2571 1417 2666 1471 καὶ
2689 1418 2743 1470 τί
2766 1418 2952 1490 πίητε,
2978 1420 3073 1474 καὶ
3097 1422 3171 1494 μὴ
3206 1424 3627 1494 μετεωρίζεσθε.
3662 1426 3851 1479 Ταῦτα

2259 1508 2370 1577 γὰρ
2401 1511 2579 1562 πάντα
2623 1508 2695 1562 τὰ
2743 1510 2872 1583 ἔθνη
2922 1512 3015 1566 τοῦ
3069 1514 3281 1584 κόσμου
3343 1516 3615 1598 ὲπιζητεζ.
3661 1517 3850 1587 Ὕμῶν

2257 1598 2315 1654 δὲ
2338 1600 2367 1654 6
2394 1602 2581 1674 Πατὴρ
2607 1598 2770 1670 οἶδεν,
2806 1605 2889 1658 ὅτι
2911 1604 3145 1679 χρῄζετε
3180 1607 3417 1661 τούτων⁸
3450 1609 3591 1679 πλὴν
3634 1611 3851 1680 ζητεῖτε

2257 1695 2357 1766 τὴν
2401 1695 2686 1765 βασιλείαν
2718 1696 2812 1753 τοῦ
2847 1699 3007 1767 Θεοῦ,
3054 1701 3152 1756 καὶ
3186 1703 3360 1756 ταῦτα
3389 1706 3569 1757 πάντα
3616 1723 3851 1775 προσ-ιε-

2259 1784 2485 1857 θήσεται
2513 1788 2664 1858 ὑμῖν.
2714 1809 2733 1843 ι
2763 1792 2874 1846 Καὶ
2897 1791 2959 1846 τὸ
2987 1793 3094 1846 τῶν
3130 1795 3331 1864 κρίνων
3358 1794 3689 1864 ὑπόδειγμα,
3712 1797 3850 1867 πρὸς

2258 1866 2320 1933 τὸ
2348 1879 2607 1951 ἑντρέψαι
2632 1884 2781 1954 ἡμᾶς
2810 1885 2993 1939 πλεῖον
3021 1884 3219 1955 ἔθηκεν
3236 1902 3248 1916 ·
3272 1888 3320 1939 ει
3345 1888 3456 1957 γάρ
3476 1888 3654 1942 ταῦτα
3674 1866 3848 1953 οὕτως

2258 1974 2619 2044 ἀμφιέννυσιν
2646 1976 2673 2027 6
2701 1976 2854 2043 Θεὸς,
2906 1978 2984 2042 ὡς
3032 1979 3168 2050 μηδὲ
3210 1978 3310 2048 τὴν
3354 1977 3451 2032 τοῦ
3494 1980 3849 2051 Σολομῶντος

2256 2066 2413 2133 δόξαν
2447 2071 2664 2141 ἰσχύσαι
2702 2071 3094 2143 περιϐαλέσθαι
3124 2072 3255 2127 ποτε
3279 2074 3355 2137 ὡς
3386 2073 3444 2127 ἓν
3479 2073 3714 2137 τούτων,
3751 2077 3849 2130 καὶ

2258 2161 2435 2217 ταῦτα
2465 2162 2562 2217 τοῦ
2593 2164 2825 2229 κάλλους
2850 2164 2961 2219 τῶν
3001 2166 3207 2239 κρίνων
3242 2165 3317 2239 μὴ
3343 2167 3645 2236 ἀναγκαίου
3669 2168 3845 2232 ὄντος,

2260 2258 2415 2329 πόσῳ
2434 2257 2639 2329 μᾶλλον
2657 2259 2822 2329 ἡμᾶς,
2859 2260 2919 2313 τὸ
2945 2258 3128 2330 τίμιον
3149 2260 3399 2331 πλάσμα,
3429 2262 3529 2315 οὐκ
3554 2262 3844 2333 ἀμφιέσει,

2259 2352 2352 2404 καὶ
2399 2352 2571 2415 ταῦτα
2615 2352 2921 2421 ἀναγκαίου
2954 2352 3107 2417 ὄντος
3156 2353 3235 2425 τῷ
3278 2354 3492 2423 σώματι
3544 2355 3706 2425 ἡμῶν
3750 2353 3845 2408 τοῦ

2257 2443 2589 2511 ὲνδύματος;
2624 2445 2688 2498 Τί
2712 2441 2841 2510 οὖν,
2876 2445 3032 2517 φησι,
3068 2446 3313 2511 κελεύεις
3362 2450 3511 2519 ἡμᾶς
3549 2447 3626 2519 μὴ
3665 2465 3846 2519 γεωρ-

2256 2540 2373 2604 γεῖν
2396 2553 2411 2599 ;
2440 2537 2556 2590 Οὐκ
2584 2532 2727 2591 εἷπε*
2748 2538 2840 2606 Μὴ
2869 2541 3189 2610 γεωργεττε,
3213 2539 3374 2605 ἀλλὰ,
3392 2539 3485 2611 Μὴ
3506 2542 3839 2611 μεριμνᾶτε.

2268 2628 2628 2702 Ἐργάζεσθαι
2673 2630 2773 2700 μὲν
2804 2632 2912 2702 γὰρ
2935 2634 2995 2686 οὐ
3028 2633 3244 2700 κωλύω,
3277 2637 3550 2707 μεριμνᾷν
3587 2635 3667 2699 δὲ,
3703 2637 3842 2709 ὅπερ

2256 2720 2371 2775 ἔστι
2408 2718 2507 2793 τὴν
2537 2721 2727 2775 ἐλπίδα
2759 2722 2905 2793 ἔχειν
2937 2726 2995 2777 ἐν
3020 2726 3256 2791 ἑαυτοῖς,
3286 2726 3447 2781 τοῦτο
3481 2722 3841 2799 ἀπαγορεύω.

2268 2814 2356 2878 Ὠς
2386 2815 2479 2883 ὅγε
2506 2814 2875 2886 ἐργαζόμενος
2897 2815 3014 2887 μὲν,
3047 2816 3288 2882 δλπίζων
3307 2819 3362 2873 δὲ
3388 2823 3465 2884 εις
3490 2820 3647 2882 Θεὸν,
3669 2821 3844 2886 οὕτως

2256 2909 2577 2978 ἀμερίμνως
2620 2908 2822 2978 διάγει.
2860 2910 2981 2963 Ὅτι
3010 2910 3120 2981 γάρ
3152 2911 3251 2983 τὴν
3311 2912 3592 2985 μέριμναν
3629 2914 3708 2980 ὡς
3740 2916 3845 2971 ἀπ-

2252 3000 2492 3068 άγουσαν
2518 2999 2653 3054 Θεοῦ
2684 3002 2967 3069 ἐκκόπτει,
2985 3001 3166 3075 δῆλον.
3200 3006 3339 3076 Φησὶ
3359 3006 3495 3079 γάρ’
3514 3007 3607 3080 Μὴ
3628 3007 3844 3080 ζητεῖτε

2251 3090 2304 3143 τί
2332 3090 2568 3162 φάγητε,
2597 3090 2704 3163 ἢτί
2726 3093 2910 3166 πίητε,
2947 3097 3039 3149 καὶ
3070 3094 3145 3170 μὴ
3173 3087 3595 3168 μετεωρίζεσθε.
3620 3100 3843 3155 Msa-stn-

568 3207 735 3262 nolite
764 3208 815 3261 in
845 3183 1074 3265 sublime
1102 3210 1235 3267 tolli.
1264 3211 1316 3266 In
1350 3183 1581 3271 sublime
1612 3183 1720 3272 tolli
1752 3234 1975 3287 prorsus
2010 3183 2149 3276 nihil

2257 3183 2453 3253 ρισμὸν
2488 3183 2597 3254 γὰρ
2648 3186 2866 3251 πάντως
2916 3188 3072 3243 οὐδὲν
3111 3189 3243 3244 ἄλλο
3293 3190 3464 3261 λέγει,
3497 3192 3532 3264 ἢ
3558 3192 3654 3247 τὸν
3687 3211 3842 3266 περι-

572 3298 713 3351 alind
739 3299 869 3354 dicit
898 3316 1057 3369 quam
1088 3303 1521 3373 distractionem,
1544 3319 1597 3363 et
1621 3311 1821 3366 mentis
1849 3312 2150 3370 instabich

570 3390 896 3456 versionem,
924 3384 1066 3447 nunc
1091 3395 1209 3459 hoc,
1232 3412 1375 3453 nunc
1402 3398 1530 3453 illud
1559 3402 1849 3470 cogitantis
1874 3416 1928 3459 et
1952 3406 2019 3459 ab
2049 3406 2151 3461 hoc

568 3478 624 3531 in
685 3479 810 3533 illud
869 3481 1135 3549 salientis,
1176 3493 1230 3540 et
1282 3500 1500 3557 semper
1553 3489 1842 3546 sublimius
1894 3492 2147 3561 quiddam

570 3569 913 3638 imaginantis
944 3587 1147 3630 secum.
1194 3576 1386 3632 Annon
1422 3578 1587 3635 fuerit
1613 3580 1668 3636 in
1717 3581 1946 3639 sublime
1990 3584 2151 3638 tolli?

568 3659 716 3716 lianc
762 3662 921 3732 igitur
965 3666 1404 3735 sollicitudinem,
1457 3672 1561 3726 hoc
1594 3682 1677 3728 est
1705 3674 1777 3728 ita
1827 3676 1878 3729 in
1919 3676 2148 3733 sublime

568 3753 700 3816 tolli,
719 3755 843 3823 quia
876 3770 904 3808 a
933 3755 1042 3811 Deo
1075 3758 1320 3829 abducit,
1350 3761 1606 3828 prohibet
1647 3762 1932 3832 Dominus,
1959 3765 2147 3823 dicens

565 3844 682 3900 hinc
726 3847 907 3901 omnia
939 3846 1127 3917 gentes
1158 3852 1457 3922 inquirere.
1488 3852 1807 3913 Sollicitudo
1838 3858 1985 3913 enim
2036 3874 2142 3915 non

564 3937 693 3991 solis
722 3940 1047 3995 necessariis
1077 3952 1330 3997 contenta
1360 3952 1465 4009 est,
1527 3946 1643 4013 sed,
1673 3954 1731 4001 ut
1756 3948 1891 4012 dixi,
1928 3962 2144 4020 semper

2260 3277 2533 3347 σπασμὸν,
2564 3278 2661 3332 καὶ
2688 3279 2782 3333 τοῦ
2816 3281 3076 3354 λογισμοῦ
3103 3284 3203 3357 τὴν
3239 3285 3479 3342 ἄστατον
3508 3289 3838 3360 περιφορὰν,

2255 3367 2445 3422 ἄλλοτε
2475 3368 2605 3423 ἄλλο
2630 3371 3060 3449 ἐνθυμουμένου,
3092 3376 3186 3429 καὶ
3210 3375 3319 3431 άπὸ
3348 3377 3542 3431 τούτου
3561 3378 3841 3449 πηδῶν-ξος

2254 3458 2582 3531 ἐπ’ίὲκεῖνο,
2634 3448 2725 3520 καὶ
2780 3468 2867 3521 ἀεὶ
2911 3467 2981 3522 τά
3026 3465 3340 3541 ὑψηλότερα
3388 3448 3839 3543 φανταζομένουο

2252 3557 2375 3628 οὺχὶ
2398 3558 2556 3613 τοῦτό
2584 3558 2734 3615 ἐστιν
2760 3562 2788 3615 ό
2817 3564 3227 3635 μετεωρισμός;
3277 3564 3365 3629 Ὧς
3386 3560 3479 3619 οῦν
3509 3567 3840 3636 άπάγουσαν

2252 3650 2401 3721 ημᾶς
2456 3652 2551 3704 τοῦ
2604 3652 2741 3706 Θεοῦ
2789 3655 2889 3726 τὴν
2934 3655 3195 3721 τοιαύτην
3242 3658 3534 3731 μέριμναν,
3576 3660 3699 3731 ἦτοί
3748 3661 3840 3715 τὸν

2254 3743 2634 3814 μετεωρισμὸν
2660 3783 2676 3809 ,
2734 3746 3071 3818 ἀπαγορεύει
3113 3748 3141 3801 ό
3171 3748 3416 3820 Κύριος,
3480 3749 3653 3804 εἰπὼν
3676 3792 3691 3817 ,
3757 3752 3837 3806 ὅτι

2252 3834 2435 3888 Ταῦτα
2492 3835 2671 3890 πάντα
2700 3837 2768 3891 τά
2813 3838 2941 3909 ἔθνη
2974 3840 3244 3911 ἐπιζητεῖ.
3278 3844 3353 3897 οὗ
3384 3843 3491 3915 γὰρ
3538 3844 3703 3915 μέχρι
3728 3844 3838 3898 τῶν

2250 3930 2565 3999 ἀναγκαίων
2595 3932 2627 4002 ή
2659 3933 2900 4004 μέριμνα
2946 3934 3185 4005 ἵσταται,
3225 3936 3342 3991 ἀλλ’
3371 3937 3510 4009 ὅπερ
3547 3931 3726 4003 εἷπον,
3751 3939 3839 3994 ἀεὶ

561 4028 724 4086 altius
746 4039 801 4084 et
831 4029 1006 4101 majus
1055 4033 1182 4101 quid
1236 4036 1489 4106 requirit,
1520 4046 1572 4091 et
1605 4050 1893 4109 propterea
1929 4040 2136 4097 dicitur

2252 4023 2316 4075 τὰ
2361 4022 2673 4095 ὑψηλότερα
2708 4024 2895 4097 ζητεῖ·
2924 4027 3006 4080 διὸ
3033 4028 3126 4083 καὶ
3159 4030 3544 4102 μετεωρισμὸς
3591 4031 3834 4101 λέγεται,

565 4122 939 4193 μετεωρισμὸς
972 4123 1135 4181 elatio
1169 4126 1220 4181 in
1255 4128 1505 4185 sublime.
1533 4129 1602 4187 Et
1635 4141 1692 4187 ut
1722 4134 1924 4204 aliquid
1956 4148 2141 4189 exem-

2244 4109 2359 4169 οἷόν
2380 4115 2433 4168 τί
2466 4132 2641 4187 φημι·
2676 4118 2789 4173 Οὐκ
2821 4118 3019 4191 ἔχομεν
3056 4122 3239 4194 ἄρτον,
3278 4124 3638 4196 μεριμνῶμεν
3669 4126 3837 4181 πόθεν

561 4214 635 4284 pii
696 4216 867 4285 gratia
919 4218 1130 4273 dicam:
1171 4235 1279 4276 non
1331 4221 1595 4278 habemus
1648 4238 1864 4295 panem,
1922 4224 2140 4281 solliciti

2252 4206 2479 4279 ἑξωμεν,
2515 4211 2610 4265 καὶ⁵
2655 4212 2756 4266 οὐκ
2788 4212 2915 4286 ἄχρι
2966 4215 3159 4270 τούτου
3208 4217 3501 4288 ἱστάμεθα,
3552 4219 3691 4276 ἀλλά
3741 4222 3837 4275 καὶ

562 4321 751 4362 sumus
781 4308 925 4363 unde
956 4310 1250 4367 habeamus
1276 4329 1292 4367 :
1316 4316 1371 4367 et
1400 4328 1505 4369 non
1541 4314 1594 4369 in
1632 4319 1736 4370 hoc
1762 4317 2135 4383 subsistimus,

2241 4304 2427 4357 ὁποῖον
2455 4304 2622 4375 στέαρ
2656 4306 2864 4377 πυροῦ’
2900 4302 3020 4362 εἶτα
3054 4310 3150 4363 καὶ
3182 4306 3347 4375 οῐνον,
3384 4313 3481 4366 καὶ
3510 4312 3704 4371 τοῦτον
3743 4318 3838 4370 άν-

560 4400 654 4455 sed
686 4409 739 4455 et
769 4407 827 4455 ut
857 4401 1067 4473 adipem
1100 4404 1381 4469 frumenti,
1410 4405 1605 4462 deinde
1639 4415 1693 4463 et
1727 4408 1935 4475 vinum,
1964 4410 2129 4479 idque

2252 4398 2497 4477 Βοσμίςιν,
2536 4398 2630 4453 καὶ
2663 4400 2797 4469 ὄψον
2842 4402 2983 4474 πρὸς
3018 4402 3252 4469 τούτοις.
3298 4406 3411 4461 Καὶ
3453 4407 3615 4462 τοῦτο
3663 4409 3835 4466 ἀττα-

555 4492 1075 4562 i‘ragrantissimum,
1097 4505 1152 4551 et
1182 4498 1249 4551 ad
1289 4498 1405 4553 haec
1434 4514 1585 4555 assas
1609 4516 1830 4567 carnes,
1862 4512 1917 4558 et
1945 4504 2011 4559 ad
2042 4506 2139 4560 bas

2252 4492 2407 4562 Υῆνος
2456 4493 2491 4563 ἦ
2543 4492 2826 4562 φασιανοῦζ
2898 4494 3062 4567 Ὁρᾷς
3110 4496 3210 4569 τὴν
3266 4497 3564 4569 μέριμναν,
3615 4504 3834 4559 καὶτὸν

558 4586 827 4655 sttagines
886 4594 940 4641 et
990 4589 1310 4657 phasianos.
1371 4590 1534 4646 Vides
1584 4593 2031 4663 sollicitudinem,
2088 4604 2142 4653 et

558 4677 612 4731 in
651 4679 879 4732 sublime
916 4694 979 4733 ac
1028 4680 1255 4749 amplius
1289 4681 1655 4739 extollentiam
1683 4700 1842 4754 quam
1876 4688 2007 4743 dicit
2036 4706 2135 4757 με·

556 4768 894 4838 αωρισμόνῖ
918 4769 1212 4840 Eapropter
1234 4771 1488 4828 Dominus
1515 4769 1756 4844 amputat
1778 4777 1891 4834 hac
1906 4781 2087 4834 omnia
2116 4799 2131 4839 :

557 4860 785 4932 gentiles
818 4862 963 4917 enim
995 4864 1107 4917 haec
1138 4874 1407 4933 quaerunt.
1436 4864 1665 4938 Insuper
1701 4860 1754 4925 et
1784 4870 1946 4925 aliam
1978 4872 2135 4927 affert

556 4954 824 5009 rationem
851 4972 863 5008 :
891 4956 1015 5024 quia
1052 4954 1212 5009 Pater
1239 4965 1426 5011 noster
1452 4957 1558 5014 scit
1603 4962 1727 5028 quia
1759 4962 1844 5016 his
1872 4977 2006 5031 opus
2036 4963 2136 5017 ba-

556 5043 715 5112 betis,
745 5047 853 5102 imo
895 5064 999 5103 non
1052 5064 1211 5102 unam
1269 5052 1556 5119 rationem,
1588 5056 1682 5109 sed
1730 5056 1953 5112 multas.
1977 5056 2137 5114 Pater

558 5147 665 5204 est,
692 5140 889 5209 inquit,
912 5152 965 5194 et
996 5142 1040 5195 si
1074 5141 1259 5206 Pater,
1288 5146 1558 5213 quomodo
1586 5162 1691 5203 non
1727 5149 1915 5203 dabit?
1947 5148 2051 5205 Sed
2082 5159 2136 5205 et

557 5228 681 5291 scit,
713 5242 811 5281 nec
839 5230 980 5283 enim
1019 5229 1232 5296 ignorat
1262 5249 1273 5283 :
1308 5234 1399 5287 sed
1440 5248 1493 5291 ct
1524 5253 1619 5293 vos
1643 5248 1779 5309 opus
1807 5241 2017 5295 habetis
2038 5243 2137 5312 (α),

558 5333 659 5373 nec
722 5321 865 5374 enim
927 5323 1194 5391 superﬂua
1249 5335 1396 5390 sunt,
1443 5329 1534 5383 sed
1590 5330 1744 5385 vobis
1800 5333 2132 5389 necessaria.

558 5408 725 5479 igitur
764 5428 884 5466 cum
922 5424 974 5468 et
1001 5415 1117 5485 ipse
1147 5417 1215 5471 sit
1252 5418 1435 5488 Pater,
1465 5430 1519 5479 et
1554 5438 1646 5479 vos
1692 5440 1829 5494 Opus
1867 5427 2133 5495 habeatis,

556 5509 613 5554 et
664 5503 799 5558 sciat
832 5506 943 5569 ille,
984 5511 1255 5577 quomodo
1291 5504 1396 5569 non
1431 5514 1657 5572 daturus
1692 5522 1873 5575 esset?
1901 5522 2139 5590 Quzerite

556 5591 720 5659 igitur
753 5610 970 5665 regnum
1006 5598 1097 5654 Dei
1127 5608 1251 5655 ante
1290 5608 1489 5674 omnia,
1539 5608 1704 5682 374
1761 5620 1815 5666 οι
1862 5621 2136 5683 tempora-

2246 4584 2667 4659 μετεωρισμόν;
2692 4590 2984 4644 Διάιτοῦτο
3008 4592 3035 4643 6
3072 4592 3277 4663 Κύριος
3307 4596 3589 4660 παντελῶς
3623 4599 3832 4670 ταύτην

2236 4680 2562 4735 ἀποκόπτει·
2594 4684 2643 4735 oi
2674 4684 2880 4737 ἐθνικοὶ
2911 4685 3019 4755 γὰρ
3052 4684 3226 4739 ταῦτα
3263 4685 3540 4757 ζητοῦσιν.
3573 4688 3709 4747 Εἶτα
3738 4678 3847 4749 καί

2232 4775 2423 4845 ἕτερον
2449 4777 2642 4844 ἐπάγει
2672 4777 2954 4847 λογισμὸν,
2987 4778 3068 4831 ὅτι
3095 4780 3123 4832 6
3162 4779 3354 4851 Πατὴρ
3383 4781 3545 4852 ἡμῶν
3575 4779 3719 4839 οῐδεν
3749 4788 3831 4841 ὅτι

2235 4870 2492 4940 χρῄζετε,
2527 4869 2624 4923 καὶ
2668 4871 2767 4941 οὐχ
2816 4870 2913 4925 ἕνα
2950 4871 3233 4941 λογισμὸν,
3270 4874 3407 4928 άλλά
3454 4877 3550 4931 καὶ
3583 4878 3828 4945 πλείους.

2244 4962 2437 5034 Πατὴρ
2463 4964 2570 5035 γάρ
2605 4966 2742 5031 ἐστι,
2775 4966 2930 5036 φησὶ,
2956 4966 3050 5019 καὶ
3081 4968 3129 5019 εἰ
3154 4968 3368 5040 Πατὴρ,
3398 4969 3514 5034 πῶς
3544 4972 3605 5024 οὑ
3631 4972 3825 5040 δώσει,

2257 5059 2417 5113 Ἀλλὰ
2453 5064 2545 5113 καὶ
2578 5056 2709 5125 οἶδε,
2745 5061 2819 5132 μὴ
2866 5061 2975 5134 γὰρ
3008 5062 3216 5131 ἀγνοεῖ,
3254 5065 3392 5120 άλλά
3428 5069 3521 5121 καὶ
3571 5070 3823 5141 χρῄζετε,

2246 5151 2322 5219 μὴ
2354 5150 2461 5219 γὰρ
2509 5151 2741 5221 περιττά
2788 5153 2957 5218 ἐστιν,
3006 5153 3145 5207 ἀλλὰ
3195 5155 3453 5227 χρειώδη.
3502 5159 3563 5211 El
3605 5155 3702 5213 οὖν
3734 5162 3826 5215 καὶ

2237 5243 2452 5313 Πατὴρ,
2492 5245 2587 5298 καὶ
2625 5245 2782 5313 ὑμεῖς
2830 5246 3089 5318 χρῄζετε,
3125 5249 3221 5301 καὶ
3264 5245 3403 5304 οἶδεν
3445 5251 3676 5317 ἐκεῖνος,
3710 5255 3825 5317 πῶς

2235 5337 2298 5387 οὐ
2329 5336 2524 5402 δώσει;
2553 5338 2775 5407 Ζητεῖτε
2806 5334 2899 5392 οὖν
2942 5339 3041 5408 τὴν
3073 5340 3356 5411 βασιλείαν
3400 5344 3497 5398 τοῦ
3527 5344 3665 5399 Θεοῦ
3695 5364 3825 5417 προν

2235 5432 2579 5501 ηγουμένως,
2606 5435 2699 5486 καὶ
2728 5434 2828 5505 τὴν
2863 5434 2991 5506 περὶ
3021 5436 3090 5488 τὰ
3124 5435 3356 5505 βιωτικὰ
3381 5440 3658 5509 μέριμναν
3683 5444 3816 5495 ἁπο-

2237 5522 2564 5595 ποιήσασθε,
2599 5525 2674 5586 ὡς
2702 5526 3083 5579 ἐκκύπτουσαν
3128 5528 3276 5597 ἡμᾶς
3307 5529 3415 5582 ἀπὸ
3463 5529 3679 5585 τούτου.
3713 5533 3819 5584 Καὶ

2236 5616 2356 5669 τότε
2381 5616 2556 5671 ταῦτα
2588 5618 2767 5672 πάντα
2795 5619 3229 5691 προστεθήσεται
3259 5622 3409 5693 ὑμῖν.
3456 5624 3624 5697 Ὀρᾲς
3648 5625 3816 5691 Θεόν;

634 5777 709 5847 (α)
736 5777 872 5833 Ειιίι.
904 5781 1023 5837 Lnl.
1053 5785 1157 5842 Sed
1182 5799 1229 5843 ct
1270 5795 1366 5845 scit
1406 5808 1423 5846 :
1457 5798 1713 5865 quomodo
1741 5798 1879 5852 enim
1910 5800 2179 5868 ignoraret
2202 5803 2346 5860 ?Sed
2378 5814 2426 5858 ct
2452 5805 2590 5874 quod
2625 5825 2751 5876 opus
2778 5809 2999 5864 habetis.
