4110 6332
234 395 347 465 8&3

954 378 1404 445 ENARRATIO
1439 377 1520 439 IN
1560 374 2082 441 EVANGELIUM
2120 378 2359 441 LUCzE.
2385 402 2455 414 --
2478 377 2641 440 CAP.
2684 378 2829 439 XII.

3466 365 3510 436 ’8
3520 374 3582 440 J4

229 513 287 567 αἱ
313 508 500 581 ζητεῖς
530 507 602 562 τὰ
631 503 830 579 μικρὰ,
875 502 976 556 οὐκ
1007 501 1240 573 ἀρεστὸν
1272 480 1422 570 αὐτῷ
1462 498 1661 561 ποιεῖς’
1705 514 1842 551 κατ-

1960 496 2093 558 lium
2142 494 2571 554 solliciludinem
2609 493 2857 564 abjicite,
2900 508 3021 563 qua:
3075 491 3145 547 ab
3195 489 3289 545 illo
3336 487 3582 549 abducit,

230 601 521 672 αισχύνεις
560 588 671 668 γάρ
696 597 756 649 τὸ
788 592 959 648 αὐτοῦ
994 590 1400 663 μεγαλόδωρον.
1440 589 1501 642 Ei
1531 587 1723 659 ζητεῖς
1777 587 1849 641 τὰ

1959 589 2401 661 adjicienturque
2462 590 2620 646 vobis
2676 597 2809 644 tunc
2860 586 3068 642 omnia.
3119 584 3287 639 Vides
3340 582 3485 653 quod
3534 578 3583 634 si

238 694 481 767 μεγάλα,
533 690 723 745 ἐκεῖνά
764 705 825 741 τε
874 686 1044 757 λήψῃ,
1092 685 1187 736 καί
1248 681 1388 753 πρός
1416 699 1479 750 γε
1527 678 1852 753 προσθήκην

1960 701 2122 756 parva
2156 686 2438 755 quaesieris
2461 700 2491 740 a
2528 684 2662 753 Deo,
2694 684 2831 739 nihil
2862 683 2939 738 illi
2974 690 3191 750 gratum
3224 677 3395 734 facias
3422 692 3437 730 :
3464 690 3586 729 tnu-

230 789 381 857 ἕξεις
411 784 596 842 καὶτὰ
630 783 827 855 μικρά·
856 782 903 835 εἰ
931 780 1040 851 γὰρ
1068 778 1171 832 ἴδοι
1198 794 1258 830 σε
1289 775 1694 847 ἀσχολούμενον
1718 775 1851 846 περὶ

228 885 336 957 τὴν
364 878 642 953 βασιλείαν
692 874 881 941 αὐτοῦ,
934 874 1238 941 ἀναγκαῖον
1288 871 1535 936 πάντως,
1567 870 1649 923 ὅτι
1706 886 1843 940 προσ

234 973 499 1046 νοήσιταί
530 988 624 1025 σου
652 972 710 1022 ἐν
741 970 855 1030 τοίς
885 968 1019 1029 σοῖς.
1055 965 1125 1018 Ἢ
1160 964 1284 1035 οὐχὶ
1313 962 1409 1039 καὶ
1435 964 1602 1033 ἡμεῖς
1634 964 1693 1014 ὲν
1726 962 1844 1024 ταῖς

231 1068 469 1130 οἰκείαις
493 1062 638 1119 οὕτω
669 1060 956 1131 ποιοῦμεν,
983 1058 1184 1129 μᾶλλον
1202 1056 1430 1110 ἐκείνων
1462 1054 1849 1126 φροντίζοντες

232 1160 348 1215 τῶν
380 1158 539 1219 ὅλους
571 1154 805 1217 ἑαυτοὺς
833 1150 1253 1205 ἐπιδεδωκότων
1283 1150 1350 1219 τῇ
1382 1146 1635 1219 ἡμετέρᾳ
1683 1146 1850 1216 θερα-

230 1250 391 1322 πείᾳ,
414 1246 737 1302 καὶτούτων
765 1241 1185 1314 προνοούμενοι,
1212 1240 1289 1303 ὡς
1317 1239 1392 1313 μὴ
1424 1239 1849 1311 προνοουμένων

230 1344 462 1411 αὐτῶν;
493 1342 556 1395 οὐ
590 1337 772 1409 πολλῷ
815 1334 909 1390 οῦν
950 1334 1155 1407 μᾶλλον
1187 1334 1215 1387 6
1247 1334 1495 1405 Κύριος;
1554 1332 1848 1386 Ἐκκόπτει

228 1438 419 1491 τοίνυν
449 1435 549 1506 τὴν
586 1434 718 1504 περὶ
750 1430 862 1486 τῶν
930 1416 1209 1502 βιωτικῶν
1261 1427 1535 1499 μέριμναν
1560 1427 1590 1480 6
1617 1426 1844 1499 Κύριος,

230 1533 323 1586 ἵνα
350 1531 516 1602 πείσῃ
552 1529 697 1599 ἡμᾶς
733 1526 921 1598 ζητεῖν
950 1525 1052 1590 τὴν
1109 1522 1392 1593 βασιλείαν
1430 1522 1599 1576 αὐτοῦ
1627 1538 1642 1552 ο
1686 1538 1849 1593 μερι-

234 1624 415 1698 μνῶσι
446 1624 555 1695 γὰρ
582 1620 741 1675 τοῦτο
782 1620 885 1674 οὐκ
936 1612 1172 1672 ἔνεστιν.
1212 1617 1305 1686 Μὴ
1331 1615 1525 1685 φοϐοῦ,
1554 1613 1616 1669 τὸ
1646 1612 1847 1686 μικρὸν

232 1720 512 1792 ποίμνιον,
540 1719 622 1772 ὅτι
662 1716 961 1789 εὐδόκησεν
988 1715 1016 1767 6
1046 1713 1239 1785 Πατὴρ
1270 1712 1427 1784 ὑμῶν
1480 1710 1668 1766 δοῦναι
1714 1710 1845 1781 ὑμῖν

230 1816 333 1888 τὴν
365 1812 670 1885 βασιλείαν.

310 2014 330 2049 ι
368 1992 670 2065 Πωλήσατε
700 1992 767 2045 τὰ
815 1990 1138 2062 ὑπάρχοντα
1176 1990 1360 2059 ὑμῶν,
1404 1990 1500 2044 καὶ
1530 1989 1650 2044 δότε
1686 1987 1846 2060 ἐλεη-

238 2088 518 2162 μοσύνην·
575 2086 844 2157 ποιήσατε
891 2084 1109 2148 ἑαυτοῖς
1163 2084 1429 2154 βαλάντια
1462 2087 1539 2155 μὴ
1574 2082 1847 2138 παλαιούς

233 2200 395 2256 μενα,
438 2179 716 2252 θησαυρὸν
744 2178 1105 2232 ἀνέκλειπτον
1138 2180 1195 2232 ἐν
1219 2181 1332 2244 τοῖς
1383 2181 1662 2251 οὐρανοίς,
1708 2179 1847 2233 ὅπου

230 2277 481 2347 κλέπτης
540 2276 642 2329 οὐκ
692 2272 928 2343 ἐγγίζει,
980 2274 1103 2327 οὐδὲ
1158 2274 1257 2345 σὴς
1289 2272 1599 2345 διαφθείρει
1634 2290 1647 2303 ·
1710 2272 1849 2326 ὅπου

231 2369 345 2440 γάρ
384 2370 537 2421 ἐστιν
557 2369 585 2422 6
609 2365 886 2437 θησαυρὸς
918 2365 1095 2438 ὑμῶν,
1121 2366 1241 2419 sxa?
1269 2367 1364 2419 καὶ
1390 2368 1422 2437 ή
1456 2365 1662 2438 καρδία
1688 2364 1847 2435 ὑμῶν

230 2462 411 2517 ἔσται.
458 2481 477 2515 ι
511 2460 731 2532 Μικρὸν
763 2460 1018 2529 ποίμνιον
1048 2458 1310 2528 ὀνομάζει
1358 2459 1487 2522 τοὺς
1543 2457 1696 2530 αὐτῷ
1740 2475 1851 2529 μα-

235 2554 496 2626 θητεύειν
550 2553 811 2617 θέλοντας
851 2554 879 2605 6
912 2552 1142 2624 Κύριος,
1173 2552 1205 2623 ἢ
1234 2552 1370 2605 διότι
1422 2554 1482 2605 ὲν
1531 2550 1608 2621 τῷ
1656 2551 1853 2623 κόσμῳ

232 2646 416 2716 τούτῳ
446 2646 496 2699 oi
525 2644 674 2714 ἅγιοι
709 2644 899 2716 μικροὶ
934 2644 1031 2697 καὶ
1062 2642 1339 2715 ἐλάχιστοι
1366 2642 1455 2696 διὰ
1476 2642 1578 2715 τὴν
1603 2642 1854 2697 ἑκούσιον

231 2737 630 2810 ἀκτημοσύνην
680 2739 776 2791 καὶ
802 2739 945 2809 άχρη
958 2738 1297 2807 ματοσύνην,
1326 2737 1358 2807 ἢ
1383 2736 1475 2791 διὰ
1500 2736 1561 2790 τὸ
1584 2736 1855 2805 ἡττᾶσθαι

232 2832 333 2902 τῆς
390 2830 500 2884 τῶν
550 2829 803 2900 ἀγγέλων
854 2829 1100 2902 πληθύος
1152 2820 1474 2900 ἀμετρήτου
1528 2826 1719 2899 οῦσης,
1762 2828 1871 2881 καὶ

234 2926 619 2997 ἀσυγκρείτως
659 2922 1048 2995 ὑπερεχούσης
1091 2923 1165 2977 τὰ
1196 2921 1321 2976 καθ’
1374 2923 1555 2992 ἡμᾶς’
1608 2922 1695 2976 ὅτι
1742 2923 1855 2993 γὰρ

236 3020 462 3085 πλείους
502 3020 553 3073 οί
596 3018 843 3088 ἄγγελοι,
901 3018 1063 3087 δῆλον
1115 3018 1180 3069 ἐκ
1230 3017 1335 3087 τῆς
1393 3016 1744 3088 παραϐολῆς,
1785 3018 1855 3089 ἢν

237 3109 395 3168 εἶπεν
450 3116 479 3167 6
538 3112 785 3184 Κύριος·
820 3111 904 3165 ὅτι
955 3110 1139 3182 χαίρει
1169 3110 1197 3163 6
1229 3110 1437 3180 ποιμὴν
1502 3111 1599 3164 ἐπὶ
1647 3110 1726 3181 τῷ
1774 3111 1855 3164 ἑνὶ

1954 781 2292 837 niiicentiam
2351 780 2500 835 enim
2533 780 2655 850 ejus
2688 779 3044 834 deltoneSIas.
3105 773 3205 831 Sin
3266 768 3588 835 quarsiveris

1957 891 2183 949 magna,
2209 885 2265 931 et
2300 875 2391 931 illa
2424 874 2662 943 accipies
2692 886 2749 929 et
2783 888 2907 928 cum
2964 870 3072 925 illis
3117 866 3370 935 accipies
3418 866 3586 919 etian.

1953 985 2143 1041 parva.
2171 968 2309 1024 Nam
2354 983 2479 1025 cum
2529 979 2583 1025 te
2626 967 2832 1023 viderit
2883 970 3212 1034 occupatum
3251 973 3421 1030 regno
3460 970 3584 1020 suo.

1952 1063 2113 1134 plane
2143 1061 2518 1118 necessarium
2564 1070 2623 1117 ut
2670 1070 2727 1116 et
2765 1062 2862 1116 tibi
2896 1061 2951 1114 in
2985 1060 3152 1114 rebus
3210 1054 3318 1110 luis
3371 1051 3591 1124 prospi-

1956 1156 2088 1213 ciat.
2127 1156 2325 1212 Annon
2359 1166 2415 1213 et
2456 1172 2559 1214 nos
2630 1157 2683 1212 in
2720 1157 2884 1211 rebus
2923 1152 3163 1225 propriis
3202 1152 3285 1208 sic
3322 1149 3578 1217 facimus,

1952 1264 2007 1309 et
2039 1253 2213 1324 magis
2246 1269 2436 1310 curam
2473 1252 2694 1307 illorum
2732 1251 2969 1321 agimus,
2997 1248 3091 1317 qtti
3130 1262 3191 1304 se
3222 1256 3367 1301 totos
3416 1243 3582 1300 nobis

1952 1347 2367 1416 manciparunt,
2397 1347 2576 1415 deque
2629 1344 2739 1400 illis
2792 1342 3011 1399 solliciti
3069 1355 3263 1395 sumus
3314 1349 3578 1408 tanquam

1952 1442 2165 1511 seipsos
2196 1440 2300 1511 ipsi
2346 1439 2664 1510 negligant?
2696 1446 2904 1508 quanto
2940 1434 3118 1505 magis
3166 1432 3219 1487 id
3254 1432 3365 1502 agit
3398 1429 3587 1489 Domi-

1956 1534 2101 1590 nus?
2124 1532 2419 1603 Propterea
2478 1530 2745 1587 Dominus
2775 1531 3021 1584 omniutn
3073 1515 3457 1593 temporalium
3489 1539 3589 1579 cu-

1951 1624 2382 1693 ram'rejicit,ut
2416 1639 2731 1694 quaeramus
2778 1635 3009 1691 regnum
3056 1618 3195 1686 ejus,
3228 1616 3284 1673 id
3332 1616 3476 1689 quod
3522 1617 3589 1672 de

1951 1717 2346 1789 temporalibus
2389 1716 2606 1772 solliciti
2633 1730 2740 1771 non
2771 1715 3001 1769 faciunt.
3020 1710 3141 1765 Noli
3170 1706 3390 1776 timere,
3414 1708 3590 1779 pusil-

1948 1813 2035 1871 lus
2084 1829 2242 1885 grex,
2275 1812 2403 1884 quia
2447 1810 2835 1881 complacitum
2883 1818 2967 1863 est
3010 1804 3161 1861 Patri
3216 1814 3402 1863 vestro
3444 1804 3580 1859 dare

1955 1908 2110 1962 vobis
2139 1922 2390 1978 regnum.

2029 2000 2315 2063 Vsss.55,
2349 1999 2441 2056 54.
2485 2017 2503 2051 ι
2553 1996 2789 2054 Vendite
2832 2013 2953 2068 quas
2994 1995 3294 2068 possidetis
3344 2003 3399 2051 et
3445 1992 3573 2047 data

1959 2094 2392 2166 eleemosynam.
2422 2092 2619 2151 Parate
2656 2091 2812 2149 vobis
2852 2093 3109 2148 sacculos
3140 2090 3235 2161 qui
3271 2104 3378 2144 non
3428 2100 3585 2145 vete-

1955 2198 2209 2253 rascuut,
2260 2188 2583 2243 thesaurum
2616 2203 2722 2243 non
2758 2187 3107 2242 deiicientem
3169 2183 3222 2237 in
3269 2181 3449 2248 caelis,
3476 2195 3586 2252 quo

1956 2283 2046 2338 fur
2078 2297 2182 2338 non
2214 2282 2454 2347 accedit,
2479 2298 2659 2353 neque
2693 2281 2838 2335 tinea
2889 2278 3217 2348 corrumpit.
3270 2273 3373 2331 Ubi
3430 2275 3581 2330 enim

1958 2380 2249 2434 thesaurus
2279 2386 2465 2431 vester
2487 2387 2594 2443 est,
2618 2377 2691 2431 ibi
2724 2386 2780 2431 et
2814 2389 2913 2429 cor
2945 2383 3191 2430 vestrum
3224 2371 3352 2426 erit.
3406 2387 3425 2422 ›
3464 2367 3574 2423 Do-

1958 2473 2141 2528 minus
2176 2473 2423 2527 nominat
2458 2471 2762 2542 discipulos
2785 2479 2840 2525 et
2891 2468 3203 2525 doctrinam
3254 2479 3413 2521 suam
3449 2478 3581 2519 sus-

1957 2567 2225 2634 cipientes
2303 2564 2561 2633 pusillum
2628 2577 2848 2635 gregem
2906 2580 2921 2617 :
2981 2561 3063 2617 vel
3121 2558 3268 2629 quod
3327 2555 3585 2628 perpauci

1960 2669 2099 2715 sunt
2130 2660 2304 2715 sancti
2339 2659 2392 2713 in
2425 2658 2627 2712 mundo
2657 2657 2749 2726 qui
2778 2666 2973 2727 sponte
3008 2660 3386 2724 paupertatem
3434 2649 3582 2704 illam

1958 2755 2162 2811 obeant
2191 2771 2207 2811 :
2238 2755 2321 2809 vel
2354 2754 2500 2823 quod
2533 2752 2578 2808 si
2610 2753 2679 2806 ad
2715 2751 2946 2823 angelos
2975 2750 3363 2812 conferantur,
3394 2759 3583 2799 nume-

1960 2863 2022 2902 ro
2059 2846 2567 2921 incomparabiliter
2594 2844 2889 2900 inferiores
2920 2847 3052 2909 sint,
3080 2843 3208 2911 quia
3244 2841 3417 2895 multo
3457 2838 3590 2908 plu-

1961 2957 2048 2997 res
2077 2949 2204 2998 sunt
2235 2941 2437 3011 angeli.
2464 2941 2533 2995 Et
2565 2938 2920 2995 manifestum
2959 2949 3043 2994 est
3078 2938 3183 2992 hoc
3230 2951 3296 2991 ex
3345 2935 3587 3006 parabo-

1960 3031 2006 3086 la
2030 3048 2192 3103 quam
2216 3030 2358 3086 dixit
2380 3031 2666 3092 Dominus,
2686 3030 2830 3099 quod
2858 3029 3093 3100 gaudeat
3122 3036 3313 3098 pastor
3343 3025 3463 3099 plus
3493 3039 3587 3079 su-

1960 3143 2059 3197 per
2092 3141 2198 3180 una
2240 3141 2343 3181 ove
2372 3127 2595 3180 iuventa
2632 3139 2756 3192 quae
2793 3124 3060 3194 perierat,
3084 3138 3246 3191 quam
3284 3135 3451 3191 super
3483 3134 3582 3173 no-
3644 3151 3651 3157 ο

239 3206 574 3279 πλανηθέντι
622 3207 717 3258 καὶ
751 3202 1110 3273 εὑρεθέντι,ἥ
1146 3202 1241 3257 ἐπὶ
1265 3205 1375 3266 τοῖς
1402 3205 1852 3273 ὲννενηκονταεν-

1975 3222 2199 3292 nagiuta
2232 3236 2426 3275 novem
2459 3234 2579 3289 qum
2613 3234 2719 3273 non
2746 3227 3092 3273 erraverunt.
3124 3216 3243 3283 Quo
3282 3216 3402 3270 loco
3434 3229 3591 3269 monv

238 3303 338 3355 νέα
378 3302 492 3363 τοῖς
538 3299 613 3370 μὴ
662 3298 1151 3376 πεπλανημένοις·
1192 3294 1365 3362 ἔδειξε
1415 3297 1526 3368 γὰρ
1577 3296 1853 3365 ἐντεῦθεν,

234 3399 319 3452 ὅτι
350 3396 543 3465 ὥσπερ
585 3391 646 3447 1:6
707 3392 766 3445 ἒν
802 3391 939 3462 πρὸς
988 3390 1057 3445 τὰ
1098 3392 1642 3461 ὲννενηκονταεννὲα,
1701 3390 1846 3445 οὕτω

237 3488 752 3561 καὶήὰνθρωπίνη
811 3486 972 3556 φύσις
1023 3485 1162 3557 πρὸς
1224 3485 1325 3553 τὴν
1378 3486 1705 3556 ἀγγελικὴν.
1764 3486 1857 3559 Μὴ

238 3583 435 3656 φοϐοῦ,
464 3584 619 3655 φησὶ,
655 3576 701 3635 ὢ
736 3580 935 3651 μικρὸν
968 3578 1240 3649 ποίμνιον,
1283 3580 1404 3633 ἀντὶ
1444 3578 1561 3647 τοῦ,
1597 3581 1689 3652 Μὴ
1724 3582 1855 3633 ἀπι-

244 3680 486 3750 στήσῃς,
542 3677 627 3730 ὃτι
678 3673 1049 3746 προνοήσεταί
1100 3689 1195 3725 σου
1225 3673 1434 3738 ὁΘεδς,
1496 3672 1605 3726 κᾶν
1664 3675 1741 3742 μὴ
1791 3676 1855 3727 σύ

248 3774 551 3842 μεριμνᾷς.
599 3768 700 3823 Διὰ
728 3769 818 3835 τί;
863 3769 1013 3822 Διότι
1060 3766 1356 3835 εὐδόκησεν
1385 3766 1627 3839 ὁΠατὴρ
1671 3766 1857 3822 δοῦναι

244 3871 375 3939 ὑμῖν
406 3867 505 3939 τὴν
556 3865 860 3937 βασιλείαν.
888 3863 1048 3918 Ἐπεὶ⁵
1077 3862 1171 3917 οῦν
1198 3862 1298 3935 τὴν
1332 3861 1615 3933 βασιλείαν
1644 3863 1855 3927 δίδωσι,

242 3961 431 4028 πολλῷ
480 3962 683 4031 μᾶλλον
716 3960 787 4012 τὰ
820 3959 918 4027 τῆς
967 3959 1090 4028 γῆς.
1125 3956 1218 4026 Μὴ
1260 3956 1444 4009 τοίνυν
1492 3956 1741 4019 ἀπίστει,
1773 3957 1857 4009 ὅτι

244 4055 343 4107 ἐὰν
372 4050 764 4121 ἀκτημοσύνην
795 4050 1152 4120 ὲπιτηδεύσῃ,
1187 4051 1287 4119 οὐχ
1326 4050 1471 4116 ἕξεις
1496 4051 1585 4104 τὸν
1621 4067 1859 4122 προνοη-

246 4146 478 4217 σόμενον
531 4162 651 4209 σου,
681 4144 818 4199 ἀλλὰ
862 4142 1116 4213 πώλησον
1164 4143 1233 4197 τὰ
1265 4144 1609 4215 ὑπάρχοντα,
1654 4146 1747 4197 καὶ
1772 4144 1859 4209 66;

243 4238 643 4311 ἐλεημοσύνην,
693 4239 786 4291 καὶ
836 4237 1070 4305 ποίησον
1128 4235 1409 4307 θησαυρὸν
1476 4237 1855 4291 ἀνέκλειπτον.

244 4331 384 4390 Εἶτα
423 4334 601 4385 πείθει
640 4332 791 4403 ἡμᾶς
820 4330 911 4385 καὶ
941 4329 1049 4385 ἀπὸ
1109 4330 1359 4399 ογισμῶν
1414 4331 1858 4401 ἀναντιρῤήτων.

256 4426 530 4481 Ἐνταῦθα
567 4426 665 4497 μὲν
686 4426 820 4496 γὰρ,
848 4425 1003 4495 φησὶ,
1028 4442 1049 4474 ς
1088 4441 1126 4491 ,ς
1154 4422 1491 4497 διαφθείρει,
1522 4427 1579 4477 ὲν
1603 4425 1862 4494 οὐρανοῖς

244 4523 302 4576 δὲ
327 4524 391 4576 οὐ
416 4520 597 4575 τοῦτο.
626 4520 743 4575 Οὐκ
784 4515 895 4589 ἄρα
947 4518 1037 4573 οὖν
1075 4519 1300 4589 κνόητον
1330 4520 1390 4573 τὸ
1420 4520 1779 4593 θησαυρίζειν
1804 4522 1862 4573 ὲν

1962 3325 2169 3370 strator
2198 3316 2342 3383 quod
2376 3314 2521 3368 sicut
2545 3328 2710 3367 unum
2745 3327 2805 3366 se
2838 3312 3005 3366 habet
3040 3312 3106 3367 ad
3159 3309 3455 3380 nonaginta
3487 3322 3586 3363 no—

1962 3426 2108 3473 vem,
2153 3410 2228 3465 ita
2276 3410 2517 3464 humana
2556 3420 2749 3463 natura
2785 3409 2852 3461 ad
2896 3404 3333 3478 angelicant.Ne
3380 3405 3586 3459 timeas

1962 3503 2156 3571 igitur,
2184 3503 2339 3566 dicit,
2373 3518 2406 3557 o
2435 3501 2629 3571 pusille
2676 3517 2831 3572 grex,
2882 3502 2986 3555 hoc
3018 3512 3125 3570 est,
3156 3517 3223 3556 ne
3282 3502 3359 3557 sis
3410 3500 3592 3555 incre-

1963 3596 2142 3652 dulus.
2164 3594 2319 3651 Gerit
2350 3596 2496 3650 enim
2535 3596 2612 3650 tui
2645 3610 2837 3649 curam
2877 3611 2941 3649 ac
2975 3595 3373 3661 providentiam
3417 3594 3585 3658 Deus,

1962 3690 2129 3743 etiam
2180 3688 2224 3743 si
2266 3697 2319 3741 tu
2372 3686 2645 3742 sollicitus
2677 3701 2785 3739 non
2824 3684 2919 3739 sis.
2943 3686 3165 3751 Quare?
3200 3685 3347 3753 Quia
3386 3686 3589 3739 bonum

1964 3782 2137 3835 visum
2172 3791 2277 3845 est,
2303 3792 2358 3836 et
2384 3780 2564 3849 placet
2612 3780 2759 3835 Patri
2795 3791 2856 3836 ut
2882 3782 2973 3836 det
3004 3781 3163 3836 vobis
3214 3794 3461 3851 regnum.
3487 3778 3592 3845 Qui

1965 3874 2128 3940 igitur
2158 3872 2314 3926 vobis
2360 3886 2589 3941 regnum
2630 3872 2745 3934 dat,
2787 3872 2958 3927 multo
2996 3873 3173 3941 magis
3211 3881 3427 3926 terrena
3460 3885 3595 3925 con-

1964 3965 2142 4019 cedet.
2183 3961 2262 4017 Ne
2304 3962 2470 4031 igitur
2505 3962 2742 4033 timidas,
2768 3965 2913 4034 quod
2951 3964 2996 4018 si
3032 3963 3347 4018 divitiarum
3383 3960 3595 4017 sollici-

1966 4057 2208 4110 tudinem
2242 4055 2536 4126 abjeceris,
2584 4072 2691 4111 non
2743 4056 2819 4112 sis
2872 4057 3167 4111 habiturus
3212 4056 3455 4126 aliquem
3489 4054 3586 4124 qui

1965 4150 2060 4204 tibi
2118 4149 2406 4219 provideat
2448 4169 2460 4205 :
2502 4149 2599 4205 sed
2651 4153 2830 4205 vende
2886 4165 2947 4205 ea
3004 4166 3127 4219 qua:
3188 4148 3384 4211 habes,
3428 4156 3484 4201 et
3518 4147 3587 4201 da

1964 4242 2390 4312 cleemosynam,
2416 4251 2468 4297 et
2503 4241 2590 4297 fac
2623 4242 2718 4297 tibi
2774 4244 3098 4297 thesaurum
3155 4238 3591 4295 indeﬁcientem.

1966 4336 2047 4390 Ad
2084 4337 2198 4391 haec
2239 4337 2537 4405 persuadet
2577 4336 2740 4391 nobis
2773 4337 3087 4391 rationibus
3119 4336 3322 4405 quibus
3366 4342 3594 4390 contra-

1968 4430 2155 4485 dicere
2202 4445 2309 4483 non
2368 4444 2687 4499 possumus.
2716 4428 2771 4483 lu
2810 4431 2912 4484 hac
2944 4431 3092 4483 enim
3128 4431 3263 4493 vita,
3296 4429 3495 4498 inquit,
3521 4428 3592 4482 ti-

1965 4540 2069 4581 nea
2104 4525 2435 4595 corrumpit,
2465 4524 2519 4578 in
2578 4524 2734 4580 cmlis
2790 4534 2974 4577 autem
3025 4539 3135 4579 non
3174 4523 3275 4577 sic.
3304 4520 3423 4576 Non
3459 4536 3593 4591 ergo

244 4619 423 4685 τόπςρ,
454 4616 512 4669 ὲν
537 4609 579 4682 ᾧ
603 4614 873 4684 διαφθορά
896 4631 909 4679 ;
938 4608 1070 4667 Εἶτα
1093 4614 1284 4684 ἐπειδὴ
1304 4614 1396 4667 τὸν
1428 4615 1631 4685 χρυσὸν
1662 4616 1722 4669 οὐ
1749 4617 1852 4669 δια-

1980 4617 2289 4686 insipieutis
2319 4627 2469 4672 esset
2500 4618 2765 4689 colligere
2799 4617 3089 4671 thesauros
3125 4615 3179 4669 in
3216 4616 3339 4669 loco
3376 4616 3432 4669 itt
3486 4629 3596 4683 quo

248 4708 466 4778 φθείρει
490 4709 611 4778 σὴς.
638 4702 760 4761 εἷπε
795 4710 887 4761 καὶ
912 4708 993 4773 τὸ,
1028 4708 1208 4761 Ὅπου
1240 4706 1483 4778 κλέπτης
1508 4709 1607 4762 οὐκ
1632 4710 1842 4778 ἐγγίζει

1969 4712 2436 4781 corrumpuntur?
2488 4711 2686 4767 Postea
2743 4712 2871 4781 quia
2942 4726 3140 4765 aurum
3194 4726 3223 4764 a
3272 4712 3417 4764 tinea
3486 4724 3599 4763 non

249 4802 358 4871 Σὴς
394 4799 495 4871 μὲν
542 4800 651 4869 γὰρ
693 4799 753 4852 οὐ
788 4799 1101 4869 διαφθείρει
1153 4798 1379 4869 χρυσὸν,
1431 4799 1571 4852 ἀλλὰ
1622 4800 1852 4867 κλέπτης

1964 4804 2359 4873 corrumpitur,
2385 4804 2545 4870 dixit,
2603 4814 2659 4859 et
2704 4820 2812 4872 quo
2863 4803 2952 4857 fur
3006 4820 3113 4858 non
3164 4802 3397 4858 accedit.
3425 4799 3599 4857 Tiuea

249 4893 409 4962 συλᾷ.
450 4887 582 4944 Εἶτα
613 4889 805 4960 ἐπειδὴ
829 4890 891 4942 οὐ
916 4888 1119 4953 πάντες
1147 4891 1500 4954 κλέπτονται,
1535 4892 1852 4963 προστίθησι

1972 4898 2201 4966 quidem
2246 4912 2354 4952 non
2394 4897 2703 4968 corrumpit
2751 4913 2971 4963 aurum,
2999 4896 3094 4952 sed
3130 4897 3219 4949 fur
3252 4895 3461 4964 diripit.
3495 4893 3601 4949 De-

246 4985 341 5037 ςὶν
384 4983 559 5053 μείζω
590 4984 769 5053 πάντη
793 4983 886 5035 καὶ
913 4983 1314 5055 ἀναντίρρητον
1346 4982 1632 5054 λογισμόν.
1673 4984 1851 5038 Ὅπου

1968 4993 2136 5061 niqne
2171 4992 2302 5061 quia
2352 5007 2458 5047 non
2492 4990 2675 5045 omnia
2714 4990 2859 5045 furto
2912 4998 3170 5059 pereunt,
3198 4988 3386 5055 adjicit
3426 4990 3598 5041 ratio-

248 5077 359 5147 γάρ
385 5078 533 5129 ἐστιν
566 5077 594 5128 6
624 5075 900 5147 θησαυρὸς
930 5075 1108 5144 ὐμῶν,
1146 5076 1266 5128 ἐκεῖ
1291 5079 1441 5145 καὶὴ
1470 5076 1671 5148 καρδία
1706 5077 1852 5149 ὑμιῖ»Ι

1966 5099 2092 5140 nem
2150 5086 2439 5152 majorem,
2488 5093 2541 5138 et
2591 5084 3035 5137 contradictione
3084 5082 3449 5151 superiorem.
3493 5078 3598 5136 Ubi

250 5169 430 5223 ἔσται.
468 5169 651 5222 Ἔστω
678 5168 812 5241 γὰρ,
876 5167 1064 5238 φησιν,
1096 5168 1180 5222 ὅτι
1223 5167 1350 5221 οὐτε
1396 5168 1497 5239 σὴς
1530 5170 1852 5241 διαφθείρει,

1964 5176 2111 5231 enim
2158 5187 2243 5230 est
2290 5175 2585 5231 thesaurus
2638 5174 3207 5245 vester,inquit,illic
3260 5182 3314 5228 et
3361 5189 3457 5228 cor
3505 5187 3602 5227 ve-

252 5262 376 5317 οὒτε
410 5263 656 5333 κλέπτης
686 5260 924 5331 ἐγγίζει,
958 5263 1092 5315 αὐτὸ
1113 5261 1276 5315 τοῦτο
1309 5262 1371 5315 τὸ
1402 5262 1551 5333 ἔχειν
1578 5264 1679 5334 τὴν
1719 5282 1852 5336 καρ-

1968 5281 2142 5325 strunt
2175 5271 2303 5325 erit.
2334 5268 2465 5323 Esto
2499 5270 2669 5334 enim,
2692 5269 3056 5339 inquit,quod
3087 5283 3265 5337 neque
3297 5271 3444 5320 tinea
3480 5282 3601 5320 cor-

253 5354 373 5407 B’av
393 5354 832 5426 προσηλωμένην
848 5354 927 5424 τῷ
954 5355 1439 5427 κατορωρυγμένῳ
1463 5354 1750 5428 θηραυρῷ.
1772 5360 1852 5411 κα¹

1973 5373 2218 5432 rumpat,
2252 5380 2429 5432 neque
2462 5362 2552 5417 fur
2577 5364 2809 5418 accedat
2841 5381 2854 5416 :
2898 5364 3041 5415 istuc
3077 5362 3257 5429 ipsum
3290 5373 3473 5415 tamen
3507 5359 3601 5413 ba-

252 5449 311 5500 τί»
332 5448 475 5500 θεῖον
500 5449 690 5519 χρῆμα
709 5449 808 5519 τῆς
831 5449 1013 5520 ψυχῆς
1034 5453 1099 5521 τῇ
1117 5453 1187 5520 γῇ
1212 5450 1493 5519 ἐμϐαλεῖν,
1520 5450 1695 5521 πόσης
1716 5453 1852 5517 ἄξιοπ

1976 5460 2105 5513 bere
2130 5473 2224 5513 cor
2251 5458 2528 5511 addictum
2567 5461 2828 5512 thesauro
2861 5455 3099 5521 defosso,
3126 5467 3178 5511 et
3208 5457 3449 5510 animam
3478 5468 3601 5524 quas

254 5542 527 5612 τιμωρίας
551 5559 566 5609 ;
599 5543 816 5595 Μᾶλλον
844 5544 902 5596 δὲ
926 5543 1046 5607 πῶς
1066 5544 1126 5596 οὐ
1164 5544 1404 5613 μεγίστη
1429 5545 1672 5614 τιμωρία
1694 5546 1772 5617 τῷ
1807 5564 1852 5615 γε

1976 5554 2161 5606 divina
2199 5553 2480 5621 possessio
2520 5564 2625 5619 est,
2678 5554 2903 5621 injicere
2962 5564 3145 5617 terrm,
3179 5551 3345 5623 375
3398 5565 3493 5617 per
3542 5563 3601 5603 se

255 5633 383 5688 νοῦν
414 5631 596 5702 ἔχοντι
621 5650 635 5699 ;
662 5634 841 5686 Ὅπου
865 5636 891 5687 6
916 5635 1196 5706 θησαυρός
1236 5651 1352 5700 σου,
1382 5638 1499 5687 ἐκεῖ
1525 5639 1621 5689 καὶ
1658 5639 1689 5707 ἡ
1724 5656 1852 5709 καρ-

1977 5656 2184 5717 quanto
2226 5646 2499 5717 supplicio
2533 5646 2702 5701 fuerit
2744 5646 3019 5715 dignum?
3051 5646 3161 5699 into
3186 5642 3461 5711 quomodo
3491 5656 3598 5695 non

256 5724 344 5778 δία
377 5742 495 5780 σου·
528 5730 578 5780 εί
606 5730 664 5781 ὲν
688 5730 755 5799 τῇ
782 5732 875 5800 γῇ,
904 5730 1002 5784 καὶ
1024 5728 1188 5801 αῦτη,
1218 5731 1267 5783 εἰ
1294 5733 1351 5784 ἐν
1380 5732 1457 5802 τῷ
1478 5732 1697 5804 οὐρανῷ
1720 5736 1852 5787 ἐκεῖ·

1976 5754 2213 5803 summo,
2242 5738 2286 5791 si
2325 5740 2449 5808 quis
2482 5740 2931 5793 animadvertat?
2964 5738 3066 5794 Ubi
3108 5738 3255 5790 enim
3308 5737 3603 5790 thesaurus

255 5833 364 5885 νος,
396 5821 510 5876 ἄνω
545 5822 641 5876 καὶ
672 5820 833 5894 αὕτη.
870 5824 966 5888 Τίς
990 5823 1081 5878 οὖν
1111 5826 1212 5879 οὐκ
1242 5824 1308 5878 ἂν
1358 5826 1536 5880 ἕλοιτο
1572 5823 1711 5882 εἶναι
1745 5828 1852 5883 ἄνω

1971 5843 2116 5897 tuus,
2137 5832 2425 5888 illicetcor
2451 5841 2602 5888 tuum
2634 5851 2645 5887 ε
2673 5833 2796 5887 siin
2822 5843 2969 5888 terra
2996 5832 3259 5899 illc,ctin
3289 5839 3433 5885 terra
3454 5828 3557 5882 hoc
3586 5842 3599 5877 :
