4110 6332
589 392 697 454 895
1507 381 2088 445 THEOPHYLACTI
2124 378 2534 450 BULGARIE
2575 378 2928 441 ARCHIEP.
3753 381 3858 444 836

594 507 679 565 sin
739 513 917 560 autem
974 501 1026 556 in
1086 498 1225 568 ctelo
1261 498 1370 563 ille,
1413 512 1629 553 Sttl'Sum
1669 506 1752 552 est
1781 505 1837 550 et
1876 495 2002 548 hoc.
2047 492 2217 558 Quis.

2246 532 2254 548 .
2281 492 2375 544 καὶ
2400 491 2475 560 μὴ
2513 489 2618 542 ὑπὸ
2643 489 2776 558 γῆν;
2805 489 3039 558 ἄγγελος
3082 487 3221 545 εἶναι
3265 493 3356 546 καὶ
3382 492 3459 564 μὴ
3490 491 3745 558 ἀσπάλαξ
3772 487 3869 548 ὑπδ

595 601 756 672 igitur
776 612 881 652 non
915 608 1131 650 sursum
1145 607 1286 655 esse,
1304 601 1357 646 et
1381 607 1483 644 non
1503 589 1602 644 sub
1620 599 1784 654 terra,
1810 588 2028 641 mallet?
2048 588 2181 654 Quis

1814 588 2181 654 mallet?Quis
2287 584 2389 654 γῆν
2424 583 2508 636 ἀεὶ
2540 585 2596 636 ἐν
2626 585 2738 647 τοῖς
2772 583 3049 654 ὀρύγμασι
3079 584 3437 654 διαιτώμενος

598 707 704 746 non
747 687 999 755 diligeret
1035 686 1212 754 potius
1243 698 1364 738 esse
1402 680 1831 750 angelus,-quam
1871 678 2013 748 talpa
2043 692 2182 733 scm-

597 799 695 854 per
725 783 776 834 in
808 779 1177 835 subterraneis
1205 776 1425 849 latebris
1453 773 1664 843 agens?

662 866 828 922 Vnus.
854 865 1043 921 35—60.
1074 884 1092 914 ι
1132 863 1252 918 Sint
1279 864 1444 918 lumbi
1486 865 1650 918 vestri
1692 863 1990 930 prmeincti,
2017 873 2070 916 et
2098 865 2181 916 lu-

2362 881 2379 914 ι
2430 863 2715 914 Ἔστωσαν
2748 858 2906 928 ὑμῶν
2930 857 3210 924 αίόσφύες
3235 856 3680 927 περιεζωσμέναι
3715 861 3805 910 καὶ
3824 857 3873 910 οί

535 1014 540 1016 .
595 975 773 1018 cernze
801 974 1062 1021 accensa),
1088 967 1140 1011 et
1162 973 1254 1010 vos
1286 957 1492 1012 similes
1517 957 1824 1010 hominibus
1854 966 2158 1025 exspectaui

2283 952 2462 1022 λύχνοι
2492 953 2794 1021 καιόμενοι,
2825 954 2914 1004 καὶ
2957 952 3114 1020 ὑμεῖς
3144 951 3319 1018 ὅμοιοι
3353 950 3663 1019 ἀνθρώποις
3697 968 3864 1020 προσ-

595 1055 738 1108 tibus
773 1053 1049 1106 dominum
1082 1068 1237 1104 suum
1276 1053 1490 1118 quando
1525 1063 1839 1104 revertatur
1871 1066 1898 1102 a
1937 1049 2177 1116 nuptiis:

2283 1047 2590 1116 δεχομένοις
2618 1045 2708 1096 16v
2747 1043 2934 1112 κύριον
2957 1043 3166 1096 ἑαυτῶν
3199 1042 3327 1094 πότε
3357 1043 3616 1094 ἀναλύσει
3654 1045 3720 1095 ἐκ
3776 1043 3874 1094 τῶν

598 1157 652 1198 ιιι
685 1162 805 1198 eum
840 1145 1048 1199 venerit
1080 1155 1133 1197 et
1161 1143 1473 1213 pulsaverit,
1514 1141 1796 1195 confestim
1831 1141 2076 1209 aperiant
2105 1141 2175 1194 ei.

2290 1142 2504 1210 γάμων,
2561 1140 2648 1192 ἴνα
2685 1137 2930 1199 ἐλθόντος
2962 1138 3055 1191 καὶ
3106 1135 3462 1204 κρούσαντος,
3493 1135 3699 1196 εὐθέως
3730 1135 3875 1188 ἀνοίν

594 1235 742 1289 Beati
787 1237 928 1288 servi
965 1236 1060 1297 illi,
1088 1250 1222 1302 quos
1257 1249 1376 1285 cum
1410 1232 1620 1285 venerit
1656 1231 1931 1295 dominus,
1959 1231 2181 1285 iuvene-

2286 1233 2450 1298 ξωσιν
2492 1233 2641 1303 αὑτῷ
2665 1250 2677 1263 ·
2717 1233 2976 1304 μακάριοι
3009 1233 3058 1284 ol
3089 1230 3267 1283 δοῦλοι
3298 1232 3496 1283 ἐκεῖνοι
3527 1228 3621 1291 οὓς
3655 1228 3826 1281 ἐλθὼν
3852 1232 3877 1283 ὁ

596 1327 668 1379 rit
715 1326 1013 1396 vigilantes.
1040 1327 1208 1388 Amen
1242 1323 1360 1376 dico
1411 1322 1561 1376 vobis
1593 1325 1734 1391 quod
1767 1324 2063 1390 praacinget
2095 1336 2174 1386 se,

2283 1329 2470 1398 κύριος
2501 1327 2720 1395 εὑρήσει
2757 1323 3186 1396 γρηγοροῦντας.
3226 1323 3397 1391 Ἀμὴν
3424 1322 3565 1388 λέγω
3599 1323 3764 1390 ὑμῖν,
3796 1321 3875 1374 ὅτι

597 1427 649 1469 et
690 1415 846 1468 faciet
876 1415 995 1469 illos
1041 1416 1404 1476 discumbere,
1432 1423 1488 1468 et
1518 1414 1789 1467 transiens
1840 1412 2174 1466 ministrabit

2285 1419 2672 1489 περιζώσεται,
2702 1419 2796 1470 καὶ
2846 1415 3132 1470 ἀνακλινεῖ
3164 1415 3384 1478 αὑτοὺς,
3435 1415 3528 1466 καὶ
3584 1414 3877 1482 παρελθὼν

599 1508 722 1561 illis.
749 1507 814 1560 Et
848 1509 891 1562 si
941 1508 1150 1562 venerit
1203 1508 1254 1561 in
1313 1506 1548 1561 secunda
1600 1507 1882 1578 vigilia,et
1915 1505 1968 1559 in
2020 1506 2176 1559 tertia

2287 1513 2597 1581 διακονήσει
2650 1511 2854 1572 αὑτοῖς.
2892 1507 3001 1561 Καὶ
3033 1508 3128 1560 ἐάν
3177 1506 3306 1576 ἔλθῃ
3336 1507 3392 1557 ἐν
3419 1508 3483 1575 τῇ
3518 1505 3752 1574 δευτέρα
3780 1521 3878 1571 φυ-

597 1601 776 1666 vigilia
809 1602 1034 1664 venerit,
1062 1611 1221 1668 atque
1257 1602 1331 1654 ita
1369 1601 1657 1666 invenerit,
1705 1601 1843 1655 beati
1875 1609 2004 1654 sunt
2034 1599 2178 1654 servi

2284 1605 2447 1675 λακῇ,
2483 1605 2574 1656 καὶ
2613 1605 2671 1654 ἐν
2693 1605 2757 1672 τῇ
2792 1601 2949 1672 τρίτῃ
2986 1600 3229 1670 φυλακῇ,
3265 1599 3357 1650 καὶ
3384 1597 3518 1667 εὕρῃ
3537 1596 3741 1660 οὕτως,
3779 1615 3879 1665 μα-

600 1693 691 1745 ilii.
731 1692 840 1745 lloc
872 1703 1049 1746 autem
1081 1693 1295 1757 scitote,
1321 1694 1461 1762 quod
1490 1694 1534 1748 si
1569 1694 1762 1747 scisset
1788 1693 2179 1762 paterfamilias

2284 1696 2463 1764 κάριοί
2506 1697 2645 1747 εἰσιν
2673 1695 2722 1746 οί
2767 1693 2945 1746 δοῦλοι
2992 1695 3210 1746 ἐκεῖνοι.
3269 1690 3440 1742 Τοῦτο
3465 1689 3521 1742 δὲ
3549 1689 3876 1756 γινώσκετε,

599 1801 703 1854 qua
736 1785 863 1838 hora
891 1784 975 1838 fur
1013 1795 1269 1839 venturus
1311 1785 1516 1850 fuisset,
1542 1785 1816 1854 vigilasset
1846 1785 2050 1853 utique,
2081 1799 2177 1839 nec
2213 1845 2222 1858 ‘

2283 1789 2430 1840 ὃτιεί
2454 1787 2569 1858 ᾔδει
2600 1789 2625 1839 6
2653 1786 2827 1839 οἰκοδε
2846 1785 3054 1854 σπότης
3083 1783 3214 1854 ποία
3249 1783 3368 1852 ὥρᾳ
3395 1784 3420 1834 6
3448 1781 3691 1852 κλέπτης
3723 1781 3879 1850 ‹¹Ξρχε⁹

602 1890 789 1944 passos
841 1877 1029 1930 fuisset
1078 1876 1281 1944 perfodi
1329 1877 1544 1929 donnnn
1577 1891 1750 1930 suam.
1791 1874 1854 1928 Et
1887 1890 1982 1929 vos
2017 1874 2181 1944 igitur
2213 1845 2225 1900 Ῑ

2284 1899 2396 1942 ται,
2425 1845 2798 1948 ἐγρηγόρησεν
2859 1877 2948 1941 ἂν,
2981 1845 3074 1930 καὶ
3104 1845 3204 1929 οὑκ
3232 1845 3509 1944 εῖν-ἀφῆκε
3557 1845 3879 1944 διορυγῆῦιιι

603 1977 777 2020 estote
816 1967 1008 2034 parati,
1036 1967 1160 2034 quia
1191 1983 1293 2035 qua
1333 1967 1460 2019 hora
1491 1983 1595 2020 non
1629 1966 1851 2034 putatis,
1876 1962 2049 2019 Filius
2083 1965 2181 2020 ho-

2285 1974 2376 2024 16v
2400 1969 2546 2026 οἶκον
2581 1971 2767 2026 αὑτοῦ.
2807 1971 2918 2025 Καὶ
2951 1972 3110 2038 ὑμεῖς
3140 1965 3233 2022 οῦν
3265 1969 3482 2036 γίνεσθε
3515 1968 3758 2036 ἕτοιμοι,
3798 1970 3879 2022 ὅτι

606 2058 765 2110 minis
781 2059 979 2112 veniet.
1013 2076 1030 2108 ›
1055 2056 1315 2110 Dominus
1346 2062 1628 2124 postquam
1668 2057 1990 2124 discipulum
2022 2072 2178 2110 suum

2285 2060 2317 2136 ᾖ
2349 2066 2470 2136 ῶρᾳ
2499 2067 2558 2118 οὑ
2587 2067 2816 2129 δοκεῖτε,
2852 2067 2879 2118 6
2911 2064 3044 2127 Υἱὸς
3094 2062 3189 2115 τοῦ
3223 2061 3510 2132 ἀνθρώπου
3568 2063 3812 2131 ἔρχεται.
3858 2080 3877 2114 ι

603 2151 805 2214 absque
839 2149 1126 2220 superfluis
1166 2151 1293 2206 fecit
1344 2160 1397 2204 et
1431 2152 1653 2205 nudavit
1695 2152 1762 2205 ab
1788 2151 1934 2205 omni
1976 2151 2181 2205 sollici-

2298 2157 2616 2227 Ἀπέριττον
2652 2157 2884 2222 ποιήσας
2929 2153 3020 2207 16v
3073 2153 3325 2224 μαθητὴν
3379 2153 3544 2206 αὑτοῦ
3586 2155 3612 2206 6
3649 2153 3876 2223 Κύριος,

607 2244 791 2296 tudine
824 2251 879 2295 et
909 2243 1203 2312 cupiditate
1239 2243 1634 2309 temporalium,
1665 2243 1800 2298 etita
1824 2243 1982 2312 plane
2009 2244 2180 2298 levem

2285 2249 2379 2302 καὶ
2411 2247 2707 2315 γυμνώσας
2745 2247 2908 2299 αὑτὸν
2947 2249 3126 2316 πάσης
3165 2245 3428 2316 βιωτικῆς
3479 2247 3754 2316 μερίμνης
3784 2244 3883 2299 καὶ

608 2335 861 2401 reddidit,
887 2351 1029 2390 nunc
1062 2345 1113 2390 et
1145 2336 1451 2390 ministrum
1489 2354 1644 2390 suum
1679 2337 1828 2392 facit.
1855 2337 1986 2391 Eum
2031 2337 2174 2391 enim

2290 2339 2694 2411 μετεωρισμοῦ,
2744 2339 2839 2393 καὶ
2872 2344 3076 2406 κοῦφον
3127 2338 3616 2408 ἀπεργασάμενος,
3652 2339 3754 2407 ἠδη
3785 2337 3884 2391 καὶ

607 2427 696 2495 qui
735 2425 980 2480 minister
1001 2441 1121 2481 esse
1140 2427 1391 2490 voluerit,
1423 2427 1592 2482 levem
1625 2437 1678 2483 et
1711 2430 2017 2497 expeditum
2057 2442 2181 2482 esse

2286 2431 2567 2503 ὑπηρέτην
2592 2430 2752 2485 αὑτὸν
2773 2431 2935 2483 ποιεῖ.
2962 2433 3052 2482 Δεῖ
3073 2429 3178 2499 γὰρ
3197 2430 3289 2481 τὸν
3309 2431 3604 2498 ὑπηρετεῖν
3630 2428 3882 2493 θέλοντα,

605 2528 838 2588 oportet;
869 2520 984 2574 ideo
1007 2521 1140 2575 dicit
1167 2540 1179 2574 :
1206 2521 1324 2574 Sint
1348 2522 1513 2574 lumbi
1548 2523 1713 2576 vestri
1743 2522 2042 2592 praecincti,
2079 2522 2182 2574 hoc

2288 2523 2489 2590 κοῦφον
2514 2518 2653 2580 εἶναι
2687 2523 2782 2573 καὶ
2802 2520 3023 2589 εὐθαλῆ,
3055 2520 3134 2573 διό
3167 2537 3330 2591 φησιν
3353 2537 3367 2552 ·
3405 2522 3696 2573 Ἔστωσαν
3725 2521 3884 2590 ὑμῶν

605 2620 707 2676 est,
748 2611 994 2666 omnibus
1037 2614 1210 2666 modis
1262 2615 1431 2682 parati
1463 2623 1633 2668 estote
1663 2615 1728 2667 ad
1762 2630 1924 2685 opera
1960 2615 2175 2668 Domini

2284 2615 2340 2666 αἱ
2375 2612 2577 2682 ὀσφύες
2613 2612 3072 2682 περιεζωσμέναι,
3107 2612 3242 2682 ὅπερ
3277 2613 3717 2681 ἐστιν,”Ἐτοιμοι
3749 2613 3886 2665 πάν-

610 2705 794 2759 vestri.
822 2704 886 2758 Et
916 2707 1146 2762 lucernae
1169 2709 1420 2763 ardentes
1449 2709 1502 2762 in
1537 2709 1786 2763 manibus
1819 2710 2035 2774 vestris,
2077 2711 2182 2764 hoc

2285 2723 2407 2758 τοτε
2435 2703 2695 2771 φαίνεσθε
2732 2704 2954 2774 πρὸςτά
2973 2703 3110 2773 ἔργα
3139 2703 3232 2758 τοῦ
3263 2705 3535 2758 Δεσπότου
3565 2703 3740 2774 ὑμῶν.
3771 2705 3884 2758 Καὶ

612 2804 715 2858 est,
762 2811 830 2848 ne
879 2795 931 2849 in
983 2799 1223 2853 tenebris
1275 2808 1328 2851 et
1394 2800 1595 2869 absque
1627 2800 1831 2869 judicio
1871 2803 2183 2864 versemini,

2286 2800 2334 2852 oi
2362 2797 2546 2868 λύχνοι
2601 2797 2910 2866 καιόμενοιο
2965 2796 3100 2865 ὅπερ
3152 2796 3292 2860 ἐστι,
3358 2797 3450 2866 Μὴ
3481 2798 3537 2848 ἐν
3575 2798 3758 2849 σκότει
3789 2801 3886 2850 καὶ

605 2886 705 2939 sed
752 2887 822 2938 sit
869 2887 1021 2942 vobis
1059 2887 1236 2942 lumen
1270 2891 1440 2955 verbi,
1475 2891 1616 2959 quod
1654 2891 1976 2944 monstrabit
2032 2892 2186 2944 vobis

2292 2890 2516 2962 ἀκρισίᾳ
2549 2890 2789 2957 διάγετε,
2817 2887 2932 2941 ἀλλ’
2962 2888 3105 2942 ἔστω
3135 2888 3289 2959 ὑμῶν
3317 2888 3378 2942 16
3411 2889 3504 2942 τοῦ
3540 2888 3702 2956 λόγου
3744 2890 3883 2959 φῶς,

609 2991 729 3045 qua:
773 2976 1013 3030 facienda
1047 2988 1099 3032 et
1138 2995 1254 3046 qua:
1298 2995 1406 3033 non
1463 2979 1725 3035 facienda.
1773 2979 1863 3034 Est
1899 2981 2060 3051 igitur
2098 2983 2185 3035 hie

2294 2988 2474 3036 πάντα
2533 2982 2885 3034 ὑποδεικνύον
2936 2981 3004 3034 τὰ
3053 2982 3303 3053 πρακτέα
3351 2983 3446 3036 καὶ
3489 2984 3563 3052 μὴ
3606 2985 3879 3053 πρακτέα.

612 3070 844 3122 mundus
886 3084 1012 3123 nox.
1038 3068 1206 3125 Porro
1236 3071 1497 3126 succincti
1531 3072 1726 3127 lumbis
1755 3083 1902 3139 sunt,
1928 3074 2018 3143 qui
2049 3072 2185 3127 acti-

2294 3077 2487 3130 Ἔστιν
2517 3074 2612 3128 οῦν
2665 3074 2761 3141 νὺξ
2786 3074 2812 3124 ὁ
2844 3074 3048 3143 κόσμος
3093 3069 3268 3138 οὗτος.
3328 3073 3658 3144 Ἐζωσμένοι
3699 3076 3754 3128 δὲ
3783 3074 3886 3138 τὰς

611 3175 732 3213 vam
766 3160 925 3214 vitam
946 3170 1110 3229 agunt
1141 3181 1154 3216 :
1183 3161 1445 3231 ejusmodi
1477 3165 1621 3218 enim
1655 3165 1933 3220 habilibus
1963 3175 2188 3221 utuntur
2218 3198 2234 3253 ς

2293 3167 2522 3236 ὀσφύας,
2554 3167 2602 3220 οί
2638 3167 2736 3236 τὴν
2786 3165 3097 3236 πρακτικὴν
3133 3166 3430 3236 μετιόντες.
3484 3166 3737 3220 Τοιοῦτον
3774 3168 3886 3237 γὰρ

613 3253 1087 3322 operarii,quibus
1135 3263 1188 3308 et
1236 3254 1550 3310 ardentibus
1606 3257 1848 3311 candelis
1905 3272 2039 3326 opus
2084 3267 2187 3314 est.
2230 3251 2236 3254 ἦ

2293 3258 2352 3310 16
2381 3259 2568 3329 σχῆμα
2597 3258 2706 3311 τῶν
2763 3257 3094 3328 ἐργατικῶν,
3124 3251 3206 3322 οἷς
3238 3259 3320 3311 δεῖ
3347 3259 3442 3313 καὶ
3477 3259 3602 3322 τοὺς
3656 3258 3889 3328 λύχνους

613 3340 761 3411 Opus
794 3342 937 3396 enim
977 3343 1139 3399 habet
1173 3345 1285 3399 vita
1317 3347 1493 3400 activa
1522 3347 1686 3401 etiam
1715 3348 1896 3417 judicii
1930 3350 2090 3415 dono,
2133 3358 2192 3404 ut

2294 3354 2575 3422 προσεῖναι
2609 3350 2951 3420 καιομένους.
2979 3353 3072 3402 Δεῖ
3102 3351 3208 3420 γὰρ
3233 3353 3301 3423 τῇ
3342 3353 3622 3422 πρακτικῇ
3662 3353 3889 3421 προσεῖ-

615 3432 661 3486 is
697 3433 785 3501 qui
842 3434 1074 3487 activam
1114 3437 1277 3489 vitam
1333 3438 1462 3507 agit,
1489 3454 1591 3492 non
1648 3441 1821 3494 solum
1878 3441 2013 3494 sciat
2065 3440 2192 3509 quid

2297 3463 2384 3497 ναι
2417 3443 2512 3496 καὶ
2542 3442 2601 3494 16
2633 3445 2730 3513 τῆς
2765 3443 3092 3513 διακρίσεως
3140 3443 3410 3514 χάρισμα,
3443 3443 3511 3496 ἵν’
3551 3443 3667 3514 ἔχοι
3711 3445 3892 3513 διαγι-

620 3533 867 3592 Oporteat
897 3524 1096 3592 facere,
1121 3528 1212 3582 sed
1237 3537 1290 3583 et
1322 3532 1610 3598 quomodo.
1632 3531 1778 3586 Multi
1811 3536 1953 3586 enim
1988 3534 2192 3587 bonum

2296 3534 2529 3587 νώσκειν
2561 3537 2588 3587 ὁ
2618 3534 2942 3604 πρακτικὸς,
2974 3535 3034 3587 οὑ
3069 3536 3227 3604 μόνον
3255 3534 3309 3586 τί
3353 3536 3458 3607 χρὴ
3504 3539 3702 3600 ποιεῖν,
3750 3536 3891 3590 ἀλλὰ

616 3616 832 3684 quidem
889 3617 1157 3685 fecerunt,
1185 3621 1276 3673 sed
1336 3637 1440 3675 non
1488 3624 1646 3689 bene,
1681 3633 1735 3678 et
1792 3625 1925 3680 tales
1975 3627 2192 3696 quidem

2299 3631 2391 3682 καὶ
2427 3630 2487 3682 τὸ
2520 3629 2656 3692 πῶς.
2694 3627 2888 3680 Πολλοὶ
2917 3627 3016 3697 μέν
3054 3627 3162 3696 γὰρ
3194 3627 3255 3679 τὸ
3286 3627 3451 3681 καλὸν
3503 3628 3792 3696 ἐποίησαν,
3827 3628 3887 3681 οὑ

620 3711 877 3763 succincti
917 3710 1133 3765 fuerunt
1169 3713 1384 3778 lumbis,
1407 3727 1459 3768 et
1485 3731 1647 3785 opera
1679 3718 1894 3786 quidem
1925 3719 2192 3787 fecerunt,

2297 3721 2478 3783 καλῶς
2526 3720 2601 3774 δέ·
2637 3722 2684 3772 οἱ
2731 3718 2961 3772 τοιοῦτοι
3011 3717 3105 3771 οῦν
3154 3717 3254 3781 τὰς
3316 3718 3416 3788 μὲν
3485 3719 3698 3786 ὀσφύας
3747 3713 3892 3788 ἦσαν

621 3802 713 3855 sed
745 3817 848 3854 non
883 3803 1060 3857 bene:
1093 3819 1191 3859 nec
1235 3807 1537 3861 habuerunt
1578 3811 1832 3864 ardentes
1865 3811 2114 3867 lucernas
2143 3815 2194 3868 in

2299 3812 2769 3885 περιεζωσμένον
2832 3811 3102 3882 ἔπραττον
3155 3810 3281 3881 γάρ,
3347 3811 3473 3873 τοὺς
3539 3810 3596 3863 δέ
3657 3809 3888 3881 λύχνους

619 3893 893 3959 manibus,
919 3895 1021 3949 hoc
1053 3905 1155 3960 est,
1197 3914 1300 3951 non
1332 3899 1637 3954 habuerunt
1671 3915 1872 3956 rectum
1911 3905 2198 3975 judicium,

2299 3906 2398 3958 οὐκ
2468 3900 2611 3974 εἶχον
2702 3905 3064 3975 καιομένους,
3143 3904 3477 3971 τουτέστιν,
3558 3905 3658 3958 οὑκ
3744 3901 3893 3975 εἶχον

624 3985 716 4038 sed
740 3986 817 4038 vel
845 3987 894 4038 in
928 3987 1125 4040 fastum
1158 3989 1486 4055 inciderunt,
1508 3991 1590 4044 vel
1617 3991 1668 4044 in
1700 3991 1844 4047 aliud
1877 3998 2200 4065 arrogantia:

2300 3998 2398 4068 τὴν
2429 3999 2493 4051 ἐκ
2538 3997 2631 4050 τοῦ
2666 3998 2822 4065 λόγου
2882 3997 3174 4068 διάκρισιν,
3223 3996 3404 4066 cura
3453 3999 3532 4058 εἰς
3579 3998 3749 4066 τύφον
3800 4001 3891 4052 ἐν·

623 4078 995 4147 prarcipitium.
1023 4080 1344 4137 Censideres
1364 4094 1543 4136 autem
1574 4093 1628 4140 et
1659 4087 1778 4152 hoc,
1797 4089 1937 4158 quod
1962 4090 2197 4158 primum

2301 4091 2518 4155 ἐπεσον,
2553 4091 2583 4162 ἢ
2619 4093 2697 4153 εἰς
2746 4089 2906 4154 ἄλλον
2959 4089 3217 4153 ἀπονοίας
3273 4091 3543 4161 κρημνόν.
3569 4089 3807 4158 Νοήσεις
3837 4092 3892 4145 δὲ

624 4169 788 4225 lumbi
819 4172 988 4224 nostri
1026 4175 1284 4228 succincti
1317 4176 1446 4243 sint,
1469 4177 1660 4232 deinde
1686 4179 1922 4234 lucernae
1949 4183 2195 4237 ardeant.

2301 4184 2396 4238 καὶ
2427 4185 2604 4248 τοῦτο,
2641 4186 2720 4236 ὅτι
2753 4183 2964 4254 πρῶτον
2994 4185 3049 4237 αἱ
3080 4182 3277 4251 ὀσφύες
3321 4181 3478 4252 ὴμῶν
3516 4181 3892 4252 περιζώννυν·

625 4264 866 4318 Primum
927 4269 1068 4320 enim
1125 4271 1394 4337 operatio,
1445 4281 1499 4324 et
1549 4272 1741 4328 deinde
1792 4277 2198 4346 contemplatio,

2304 4294 2418 4341 ται,
2450 4272 2566 4327 εἶτα
2595 4277 2642 4327 οἱ
2675 4275 2858 4343 λύχνοι
2914 4275 3181 4327 καίονται,
3224 4273 3450 4344 Πρῶτον
3501 4274 3611 4345 γάρ
3664 4274 3889 4346 πρᾶξις,

628 4372 746 4424 (ιιιιθ
779 4360 972 4412 mentis
1001 4366 1086 4414 est
1116 4360 1426 4416 illustratio.
1453 4362 1698 4418 Lucerna
1728 4368 1872 4420 enim
1921 4379 2004 4422 est
2051 4385 2203 4424 mens

2309 4362 2432 4419 εἶτα
2467 4365 2690 4438 Θεωρία,
2739 4367 2860 4434 ἥτις
2905 4366 3023 4417 ἐστὶ
3072 4365 3163 4418 τοῦ
3205 4365 3296 4418 νοῦ
3344 4365 3629 4435 ἐλλαμψιτ.
3685 4367 3895 4438 Λύχνος

630 4457 838 4512 nostra,
875 4465 995 4518 qua:
1021 4466 1141 4505 cum
1177 4452 1336 4507 habet
1381 4453 1563 4508 lumen
1620 4455 1714 4510 Dei
1766 4457 1816 4512 in
1871 4475 1928 4514 se
1967 4459 2200 4530 fulgens,

2305 4457 2413 4527 γὰρ
2441 4459 2468 4511 6
2497 4456 2621 4520 νοῦς
2671 4457 2846 4528 ἡμῶν,
2879 4456 2933 4520 ὃς
2977 4459 3105 4510 ὅταν
3153 4456 3250 4527 ἔχῃ
3280 4456 3341 4509 16
3383 4456 3498 4526 φῶς
3540 4457 3636 4510 τοῦ
3669 4457 3806 4513 Θεοῦ
3836 4461 3894 4514 ἐν

625 4548 737 4592 tum
778 4539 974 4594 dicitur
1007 4543 1217 4597 ardere.
1250 4543 1450 4600 Demus
1491 4546 1657 4616 igitur
1692 4564 1938 4620 operam,
1985 4562 2043 4606 ut
2093 4554 2201 4610 vir-.
2233 4557 2248 4612 l

2272 4572 2277 4599 ν
2307 4551 2455 4624 αὐτῷ
2479 4550 2714 4622 λάμπον,
2745 4551 2867 4604 τότε
2902 4550 3117 4618 λέγεται
3170 4549 3460 4603 καίεσθαι·
3491 4550 3895 4620 σπουδάσωμεν

627 4638 740 4685 tute
764 4633 934 4688 simus
959 4635 1168 4701 praediti
1197 4636 1330 4689 duas
1369 4637 1628 4693 habentes
1652 4640 1900 4698 lucernas
1924 4645 2197 4711 ardentes,

2303 4643 2396 4696 οῦν
2431 4644 2633 4714 ἀρετὴν
2663 4644 2871 4706 ἀσκεῖν,
2905 4642 2993 4695 ἵνα
3017 4643 3140 4704 τοὺς
3170 4639 3265 4694 δύο
3291 4640 3519 4711 λύχνους
3546 4643 3710 4711 ἡμῶν
3744 4659 3895 4696 καιο-

627 4732 681 4777 et
733 4739 1042 4779 sermonem
1097 4727 1365 4782 internum
1392 4729 1444 4782 in
1475 4729 1852 4798 affectibus,et
1879 4751 2038 4805 quem
2075 4753 2200 4807 pro-

2308 4737 2499 4807 μένους
2539 4737 2750 4806 ἔχωμεν
2777 4775 2791 4799 ,
2835 4735 2927 4788 τόν
2973 4752 3032 4788 τε
3071 4734 3376 4788 ἐνδιάθετον
3429 4735 3609 4802 λόγον,
3666 4737 3764 4788 καὶ
3803 4735 3895 4788 τὸν

629 4819 938 4871 nuntiamus
968 4836 981 4872 :
1010 4826 1062 4872 et
1091 4819 1361 4874 internum
1394 4822 1611 4892 quidem
1648 4831 1704 4877 ut
1748 4841 1844 4893 per
1873 4830 2051 4883 omnia
2086 4832 2202 4886 ani-

2309 4829 2667 4901 ττροιρορικδν,
2702 4828 2793 4882 16v
2826 4830 2924 4898 μὲν
2963 4826 3266 4880 ἐνδιάθετον
3304 4825 3392 4879 διά
3441 4824 3644 4888 παντὸς
3689 4826 3897 4895 ἀστρά-

631 4923 770 4961 manu
809 4909 1039 4964 illustret
1071 4929 1086 4966 :
1120 4927 1240 4967 eum
1274 4924 1452 4969 autem
1489 4932 1647 4986 quem
1687 4919 2032 4986 proferimus,
2061 4931 2116 4976 ut
2144 4923 2197 4976 in

2309 4937 2510 4974 πτοντα
2533 4921 2590 4971 ἐν
2619 4922 2685 4990 τῇ
2707 4919 2873 4990 ψυχῇ,
2907 4919 2998 4973 τὸν
3024 4918 3078 4972 δὲ
3111 4917 3445 4989 προφορικὺν
3471 4919 3528 4970 ἐν
3556 4919 3620 4986 τῇ
3645 4916 3895 4989 γλώσσῃ.

626 5000 790 5072 376
823 5002 1000 5072 lingua
1033 5003 1291 5076 refulgent
1319 5006 1548 5062 lucidus.
1576 5009 1821 5064 lnternus
1857 5027 1955 5066 nos
2003 5012 2204 5067 illumi-

2321 5013 2380 5067 Ὀ
2415 5012 2514 5082 μὲν
2547 5012 2654 5082 γάρ
2705 5011 2852 5065 ἔνδον
2890 5012 3037 5082 ἡμᾶς
3079 5011 3324 5076 φωτίζει,
3357 5013 3384 5064 6
3414 5009 3469 5063 δέ
3510 5009 3899 5074 διδασκαλικὸς

630 5105 741 5158 net,
795 5095 1075 5149 doctorum
1113 5108 1288 5152 autem
1335 5115 1532 5163 sermo,
1567 5111 1620 5156 et
1655 5102 1745 5170 qui
1806 5107 2204 5174 pronuntiatur,

2310 5105 2402 5156 καὶ
2429 5105 2762 5173 προφορικὺς
2788 5103 2978 5172 λύχνος
3011 5103 3135 5166 τοὺς
3163 5101 3380 5164 ἀλλους.
3419 5101 3529 5153 Καὶ
3555 5103 3717 5170 ἡμεῖς
3745 5095 3899 5170 ὦμεν

633 5186 786 5240 alios.
815 5188 878 5241 Et
902 5205 996 5243 nos
1022 5191 1226 5244 similes
1252 5191 1416 5248 simus
1435 5194 1744 5250 hominibus
1763 5201 2206 5266 exspectantibus

2308 5196 2481 5265 ὅμοιοι
2514 5195 2824 5265 ἀνθρώποις
2851 5195 3305 5266 προσδεχομένοις
3328 5193 3418 5246 16v
3436 5193 3639 5265 Κύριον
3663 5194 3897 5259 ἑαυτῶν,

633 5280 902 5336 dominum
942 5299 1096 5336 suum
1151 5285 1368 5352 quando
1418 5297 1723 5342 revertatur
1754 5306 1782 5343 a
1819 5292 2039 5360 nuptiis.
2069 5293 2204 5359 Quis

2314 5291 2444 5341 πότε
2480 5289 2736 5341 ἀναλύσει
2764 5291 2827 5340 ἐκ
2857 5288 2964 5340 τῶν
2993 5289 3188 5356 γάμων
3209 5304 3222 5318 ·
3246 5287 3326 5349 τίς
3351 5286 3404 5339 δὲ
3430 5280 3586 5348 οὗτος
3611 5287 3634 5336 6
3663 5287 3897 5358 Κύριος,

633 5381 810 5424 autem
842 5373 927 5426 hic
959 5373 1207 5429 dominus
1238 5376 1374 5430 alius
1405 5394 1564 5445 quant
1597 5379 1848 5436 Christus
1876 5381 2034 5437 Jesus
2066 5385 2087 5438 ?
2114 5386 2204 5454 qui

2316 5381 2346 5451 ἢ
2380 5383 2404 5432 6
2436 5380 2668 5449 Χριστὸς
2699 5383 2725 5432 6
2767 5380 3004 5449 Ἰησοῦς;
3043 5383 3138 5443 Ὃς
3173 5381 3271 5450 τὴν
3322 5379 3673 5450 ἀνθρωπίνην
3735 5378 3900 5448 φύσιν

632 5463 920 5519 humanam
944 5469 1158 5536 quidem
1187 5472 1478 5540 assumpsit
1506 5486 1776 5540 naturam,
1797 5485 1848 5529 et
1880 5478 2020 5531 sicut
2047 5492 2207 5547 spon-

2314 5473 2601 5527 άναλαὸὼν
2647 5473 2720 5536 ώς
2779 5475 3019 5544 νύμφην,
3062 5475 3155 5526 καὶ
3187 5471 3393 5536 ἐνώσας
3465 5474 3666 5540 ἐαυτῷ,
3718 5473 3899 5542 γάμον

631 5571 745 5611 sam
773 5556 1040 5625 cepulavit
1067 5561 1186 5625 sibi,
1213 5573 1264 5616 et
1292 5565 1510 5633 nuptias
1536 5566 1682 5633 fecit,
1709 5569 1758 5620 in
1786 5584 2006 5622 carnem
2038 5586 2202 5623 unam

2313 5566 2565 5637 ἐποίησεν
2601 5569 2678 5629 είς
2711 5566 2888 5636 σάρκα
2923 5567 3051 5636 μίαν
3080 5567 3218 5636 αὐτῇ
3248 5565 3550 5635 κολληθεὶς,
3591 5564 3796 5632 μᾶλλον
3819 5566 3900 5628 δέ,

635 5649 682 5702 ei
715 5665 771 5702 se
807 5650 1146 5720 adiungendo
1179 5675 1190 5708 :
1226 5657 1331 5710 imo
1369 5675 1473 5712 non
1507 5676 1640 5714 uuas
1678 5661 1804 5717 fecit
1855 5665 2206 5732 nuptias,sed

2309 5661 2407 5730 οὑχ
2438 5660 2528 5712 ἕνα
2565 5661 2739 5728 γάμον
2771 5662 3024 5725 ποιεῖται,
3052 5661 3185 5712 ἀλλὰ
3213 5658 3461 5721 πολλούς·
3499 5657 3625 5710 καθ’
3657 5659 3900 5731 ἑκάστην

640 5742 855 5799 multas.
881 5746 1130 5811 Quotidie
1157 5750 1293 5802 enim
1340 5753 1536 5821 nuptiae
1576 5756 1706 5809 fiunt
1748 5757 1800 5809 in
1833 5757 1970 5812 ctelo
1994 5769 2207 5811 sancta-

2312 5753 2420 5823 γὰρ
2454 5754 2668 5823 ἡμέραν
2715 5754 3050 5824 νυμφεύεται
3095 5756 3150 5806 ἐν
3186 5753 3400 5825 οὐρανῷ
3433 5753 3530 5815 τὰς
3581 5752 3689 5805 τῶν
3721 5754 3898 5820 ἁγίων

642 5846 754 5885 rum
789 5837 1111 5904 animarum,
1158 5858 1284 5908 qum
1317 5847 1361 5898 ll
1414 5849 1751 5901 renuncndat
1805 5849 2025 5916 Paulus,
2049 5851 2130 5906 vel
2163 5851 2205 5906 si

2314 5849 2507 5917 ’ζυχᾶἧ
2542 5849 2605 5912 Et;
2651 5851 2963 5920 mam»-..
3009 5849 3153 5916 αὑτῷ
3213 5849 3443 5910 Παῦλος,
3475 5848 3505 5910 ἦ
3578 5850 3708 5909 ἰτες
3754 5851 3895 5899 x111
