4110 6332
233 416 350 484 897

964 411 1416 474 ENARRATIO
1456 411 1539 473 IN
1569 407 2081 473 EVANGELIU’M
2127 407 2371 472 [ΗΒΕ.
2399 431 2468 442 --
2506 407 2669 467 (ἈΡ.
2716 406 2854 467 XII.

3478 403 3586 468 8'38

236 529 487 596 Παῦλον,
541 526 851 600 παρθένους
893 524 1085 593 ἀγνάς.
1143 524 1396 578 ’Δναλύει
1433 524 1491 578 δὲ
1537 525 1601 578 ὲκ
1647 523 1757 578 τῶν
1785 525 1856 584 ,ἐν

1965 524 2090 594 quis
2120 524 2317 578 similis
2350 521 2535 587 Paulo,
2578 523 2818 592 virgines
2883 528 3070 575 castas
3094 520 3163 576 ⁵⁸.
3214 518 3376 576 Redit
3404 531 3584 576 autem

233 625 502 696 οὐρανοῖς
539 622 759 692 γάμων,
788 619 931 689 τάχα
967 618 1069 689 μὲν
1099 618 1409 682 καθολικῶς
1439 620 1501 674 ὲν
1527 621 1593 690 τῇ
1622 617 1854 672 καθόλου

240 718 558 787 συντελείᾳ,
596 717 683 766 ὅτε
709 713 804 766 ἀπ’
834 710 1068 783 ούρανοῦ
1108 710 1392 766 ἐλεύσεται
1420 714 1477 765 ὲν
1508 714 1573 783 τῇ
1606 710 1735 785 δόξῃ
1760 711 1855 764 τοῦ

237 809 494 880 Πατρός.
529 807 680 874 Τάχα
711 806 766 858 δὲ
815 806 908 858 καὶ
943 803 1067 857 καθ’
1103 804 1346 874 ἑκάστην
1385 803 1536 875 ὥραν
1563 804 1620 854 ὲν
1649 806 1729 880 τῇ.
1759 819 1858 873 με-

245 907 382 974 ρικῇ
411 901 504 953 τοῦ
537 898 786 952 καθ”ἓνα
833 897 1117 968 συντελείᾳ
1149 898 1406 967 ἀοράτως
1457 895 1552 949 καὶ
1583 895 1856 966 ἀπροσδο-

239 998 430 1066 κήτως
468 995 840 1061 ἐφιστάμενος
864 1009 876 1021 ·
919 1003 1195 1061 μακαριος
1225 989 1320 1042 οὑν
1345 990 1576 1054 ἐκεῖνος,
1606 985 1664 1042 δν
1692 989 1858 1059 εὑρή-

240 1107 330 1143 σει
351 1086 794 1157 περιεζωσμένον
825 1083 923 1153 μὲν
938 1084 1036 1154 τὴν
1059 1084 1251 1152 ὀσφὺν,
1277 1079 1366 1137 οἷα
1390 1082 1454 1153 δὴ
1473 1083 1547 1152 τῷ
1567 1080 1859 1154 πρακτικῷ

245 1183 409 1253 μέρει
445 1181 544 1249 τῆς
580 1179 723 1232 κατά
752 1178 989 1248 Χριστὸν
1029 1176 1353 1246 φιλοσοφίας
1392 1175 1726 1244 θεραπεύειν
1761 1174 1855 1227 τὸν

241 1276 384 1328 Θεὸν
422 1273 844 1343 ἐτοιμασθὲντα,
887 1271 1086 1340 ἔχοντα
1125 1271 1181 1323 δὲ
1209 1270 1302 1322 τὸν
1338 1269 1530 1339 λύχνον
1565 1267 1660 1320 τοῦ
1695 1267 1855 1335 λόγου

241 1370 341 1422 καὶ
374 1369 474 1436 τῆς
505 1365 837 1435 διακρίσεως
877 1363 1191 1432 καιόμενον,
1225 1363 1318 1416 καὶ
1358 1364 1434 1431 μὴ
1472 1362 1634 1430 μόνον
1675 1361 1853 1431 πράτ-

240 1478 409 1514 τοντα
440 1461 499 1512 τὸ
535 1460 721 1524 καλὸν,
771 1457 918 1511 ἀλλά
942 1458 1041 1512 καὶ
1084 1455 1266 1519 καλῶς
1290 1473 1303 1488 σ
1334 1458 1399 1509 οὑ
1433 1455 1539 1527 μὴν
1592 1455 1730 1508 ἀλλὰ
1763 1457 1857 1508 καὶ

243 1554 346 1622 τὴν
386 1553 644 1622 θεωρίαν,
697 1545 808 1602 οἷόν
848 1569 931 1603 τιν
956 1568 989 1604 α
1015 1550 1209 1619 λύχνον
1255 1549 1553 1620 δεξάμενον
1579 1567 1591 1577 ·
1622 1549 1710 1604 διὰ
1750 1547 1857 1619 γάρ

241 1645 338 1697 τοῦ
381 1645 481 1715 τὴν
511 1645 685 1712 ὀσφὺν
716 1643 1086 1712 περιεζῶσθαι
1127 1643 1473 1712 περιγίνεται
1540 1643 1672 1711 ἡμῖν
1707 1644 1800 1696 καὶ
1829 1643 1857 1694 6

244 1737 543 1805 καιόμενος
594 1736 787 1804 λύχνος
837 1737 938 1805 τῆς
992 1735 1250 1806 θεωρίας,
1311 1735 1512 1804 μᾶλλον
1563 1735 1619 1788 δὲ
1667 1735 1716 1787 οἱ
1761 1734 1856 1787 δύο

243 1828 453 1898 λύχνοι,
479 1830 506 1880 ὃ
523 1837 578 1879 τε
608 1828 910 1890 ἐνδιάθετος
967 1828 1059 1880 καὶ
1080 1829 1106 1878 6
1135 1828 1470 1895 προφορικός
1494 1843 1506 1856 ·
1528 1826 1606 1897 τῷ
1629 1828 1856 1896 τοιούτῳ

244 1916 338 1972 οὖν
369 1921 668 1989 θεράποντι
720 1919 980 1989 θεράπων
1013 1919 1040 1970 6
1078 1919 1283 1988 Κύριος
1319 1919 1552 1987 γίνεται.
1606 1921 1851 1989 Περιζώ-
1886 1911 1933 1969 Β

248 2029 404 2065 σεται
431 2013 564 2081 γὰρ,
591 2012 748 2082 φησὶ,
770 2012 862 2063 καὶ
884 2011 1167 2063 ἀνακλινεῖ
1187 2014 1410 2076 αὑτούς.
1435 2014 1546 2066 Καὶ
1566 2012 1854 2083 παρελθὼν

243 2106 559 2176 διακονήσει
616 2107 843 2168 αὑτοῖς·
910 2107 1320 2176 περιζώννυται
1382 2108 1480 2177 μὲν
1532 2103 1626 2159 οὖν
1661 2109 1687 2158 ὁ
1722 2106 1854 2168 Θεὸς

244 2199 381 2251 καθὺ
406 2200 507 2268 οὑχ
537 2198 756 2251 ἃπασαν
797 2199 903 2270 τὴν
944 2200 1055 2252 τῶν
1086 2198 1310 2267 ἀγαθῶν
1365 2201 1521 2269 χύσιν
1567 2203 1700 2271 ἡμῖν
1730 2202 1854 2253 ἐπι-

245 2295 499 2362 χορηγεῖ,
555 2292 673 2344 ἀλλ’
712 2292 1037 2346 ἀναστέλλει
1089 2292 1294 2362 ταύτην
1322 2308 1335 2321 ·
1371 2293 1454 2355 τίς
1487 2293 1599 2363 γὰρ
1627 2293 1853 2346 δύναται

245 2381 501 2451 χωρῆσαι
536 2381 693 2445 Θεὸν,
721 2382 845 2444 ὅσος
878 2383 1032 2447 tati;
1059 2383 1167 2435 Καὶ
1190 2382 1346 2452 δῆλον
1371 2384 1434 2434 ὲκ
1457 2384 1564 2435 τῶν
1597 2385 1852 2456 Σεραφὶμ

246 2475 682 2544 καλυπτομένων
707 2475 795 2528 διὰ
825 2476 924 2546 τὴν
966 2475 1277 2545 ὑπερϐολὴν
1321 2474 1416 2528 τοῦ
1458 2475 1603 2528 θείου
1642 2478 1851 2544 φωτόςο

245 2568 526 2621 ὰνακλίνει
574 2569 631 2621 δὲ
676 2570 802 2631 τοὺς
860 2570 1059 2633 καλοὺς
1099 2570 1321 2634 δούλους
1360 2586 1372 2600 ⁸

245 2662 386 2715 ὅλων
447 2662 721 2716 ἀναπαύει
741 2679 753 2691 ·

1419 2570 1576 2634 ὅλους
1622 2572 1732 2642 γὰρ
1786 2571 1853 2624 δι’

806 2663 899 2727 ὡς’
933 2665 1042 2734 γὰρ
1070 2666 1098 2717 6
1131 2664 1566 2735 άνακεκλιμένος
1620 2667 1743 2717 ὂλον
1782 2665 1844 2717 τὸ

247 2753 410 2824 σῶμα
445 2755 742 2816 ἀναπαύει,
779 2754 925 2809 οὑτω
963 2761 1057 2809 καὶ
1083 2758 1141 2808 ἒν
1165 2759 1232 2828 τῇ
1266 2757 1540 2828 μελλούσῃ
1574 2758 1853 2828 παρουσίᾳ

245 2847 359 2902 ὅλοι
390 2849 458 2902 δι’
492 2849 629 2902 ὅλων
661 2849 710 2901 οἱ
761 2849 906 2918 ἆγιοι
957 2851 1356 2906 ἀναπαύονται.
1431 2853 1704 2907 Ἐνταῦθα
1751 2854 1852 2923 μὲν

251 2938 364 3007 γὰρ
407 2937 481 3005 τῷ
513 2939 729 3007 σώματι
769 2938 956 2992 ἀνεσιν
1019 2941 1117 3011 οὑχ
1157 2941 1533 3010 εὑρίσκουσιν,
1584 2943 1767 2995 εκεῖσε
1794 2942 1851 2996 δὲ

249 3026 352 3078 σὺν
408 3029 531 3088 ταῖς
584 3028 786 3096 ψυχαῖς
818 3029 913 3080 καὶ
941 3028 1009 3080 τὰ
1043 3032 1397 3099 πνευματικὰ
1430 3031 1616 3084 αὑτῶν·
1658 3032 1762 3085 καὶ
1785 3032 1854 3086 τά

249 3113 370 3166 θεῖα
428 3113 661 3185 σώματα
713 3116 1027 3187 ἀφθαρσίαν
1087 3117 1615 3191 κληρονομήσαντα,
1671 3121 1854 3191 πάσης

247 3207 616 3271 ἀναπαύσεως
642 3209 1033 3274 ἀπολαύουσιν,
1064 3214 1156 3265 καὶ
1189 3213 1344 3266 ἔσται
1367 3217 1394 3266 ό
1412 3214 1558 3278 ’Θεὸς
1578 3215 1650 3268 τά
1676 3217 1855 3270 πάντα

247 3303 306 3355 ἐν
326 3303 492 3354 πᾶσιν
526 3303 711 3365 αὑτοῖς
730 3319 744 3333 ’
768 3304 1010 3356 διακονεί
1035 3304 1090 3358 δὲ
1121 3306 1236 3368 τοῖς
1257 3306 1451 3372 ἀξίοις,
1482 3307 1854 3377 ἀμειϐόμενος

248 3394 452 3456 αὑτοὺς
481 3396 592 3455 τοῖς
617 3393 754 3456 ἴσοις
773 3411 786 3425 °
817 3399 911 3449 καὶ
931 3395 1127 3467 ὥσπερ
1145 3397 1300 3450 αὑτοὶ
1325 3398 1475 3468 αὑτῷ
1501 3399 1856 3471 διηκόνησαν,

249 3484 396 3539 οὕτω
427 3490 522 3538 καὶ
557 3483 721 3550 αὑτὸς
755 3488 938 3552 αὑτοῖς
962 3490 1258 3559 ὑπηρετῶν
1312 3493 1407 3544 καὶ
1449 3492 1648 3562 δαψιλῆ
1671 3494 1856 3557 αὑτοῖς

253 3582 850 3652 παρέχωνίτράπεζαν,
902 3586 992 3637 καὶ
1024 3585 1123 3653 τὴν
1172 3585 1282 3637 τῶν
1330 3587 1725 3657 πνευματικῶν
1759 3605 1858 3659 χα-

252 3673 535 3742 ρισμάτων
564 3676 782 3745 τρυφὴν
814 3675 1199 3746 χαριζόμενος.
1224 3677 1475 3747 Φυλακὴν
1500 3679 1556 3731 δὲ
1585 3680 1853 3749 δευτέραν

249 3767 345 3817 καὶ
384 3765 578 3835 τρίτην
603 3770 828 3835 νοήσαις
857 3767 923 3820 ἂν
945 3770 1046 3830 ,τὰς
1077 3768 1375 3839 διαφόρους
1409 3768 1560 3841 ῶρας
1583 3773 1680 3841 τῆς
1710 3770 1856 3841 ζωῆς

247 3855 432 3924 ἡμῶν.
477 3853 606 3911 Οἷόν
641 3876 693 3912 τι
736 3859 910 3928 λέγω·
940 3862 1152 3931 Ὠσπερ
1178 3864 1206 3914 6
1229 3864 1528 3933 ἀγρυπνῶν
1553 3865 1612 3917 ὲν
1637 3868 1704 3936 τῇ
1736 3860 1857 3918 δευ-

248 3947 385 4018 τέρα
418 3950 514 4002 καὶ
537 3950 700 4022 τρίτῃ
727 3953 969 4023 φυλακῇ,
1004 3954 1154 4005 δοκεῖ
1196 3949 1660 4024 ἐγρηγορώτατος
1716 3950 1856 4010 εἶναι

253 4031 441 4105 (αὗται
476 4039 587 4108 γὰρ
618 4041 674 4091 αἱ
709 4033 852 4109 ὧραι
882 4043 981 4112 τῆς
1010 4042 1204 4105 νυκτὸς
1234 4044 1470 4113 μάλιστα
1506 4044 1677 4098 ὑπνου
1708 4063 1854 4117 παρ-

247 4133 469 4184 εκτικαὶ
517 4135 631 4196 τοῖς
666 4135 979 4204 ἀνθρώποις
1025 4137 1118 4190 καὶ
1149 4136 1372 4207 πρώτου
1440 4133 1661 4209 ζιπνου),
1711 4138 1857 4192 οὑτω

247 4223 361 4276 νόει
412 4241 504 4295 μοι
547 4226 643 4279 καὶ
676 4229 736 4280 ἐν
785 4224 851 4298 τῇ
901 4228 1148 4300 διαφόρῳ
1194 4230 1532 4283 καταστάσει
1573 4233 1673 4301 τῆς
1709 4233 1856 4304 ζωῆς

247 4315 408 4384 ἡμῶν
465 4313 606 4370 εἶναι
657 4317 806 4388 ὥρας
855 4320 955 4383 τὰς
1006 4321 1316 4392 μακαρίους
1369 4323 1518 4393 ἡμᾶς
1569 4323 1853 4391 ποιούσας,

248 4407 347 4460 ἐὰν
386 4408 709 4479 εὑρεθῶμεν
761 4413 1190 4484 γρηγοροῦντες.
1228 4415 1492 4486 Ἤρπασέ
1524 4433 1606 4481 τις
1630 4415 1694 4470 τά
1720 4419 1856 4491 χρή-

253 4499 402 4568 ματά
444 4515 570 4564 σου,
609 4500 912 4573 τεθνήκασί
969 4521 1051 4557 σοι
1102 4505 1326 4570 παῖδες,
1379 4509 1852 4582 ὲσυκοφαντήθηςο

1968 634 2036 672 ex
2067 617 2384 672 ctrleStibus
2426 617 2656 684 nuptiis,
2704 612 2958 669 fortassis
2988 612 3040 667 in
3093 613 3390 667 universali
3444 628 3583 668 con-

1967 711 2335 767 summatinne
2390 707 2599 772 mundi,
2659 706 2878 774 quando
2930 705 2996 758 de
3052 706 3209 760 caelis
3267 707 3449 759 veniet
3510 704 3568 759 in

1976 805 2146 876 gloria
2230 803 2432 862 Patris.
2490 800 2768 855 Fortassis
2835 809 3018 852 autem
3069 806 3127 852 et
3187 797 3240 852 in
3303 799 3573 852 uniuscu-

1963 898 2162 967 jusque
2229 896 2448 966 propria
2525 904 2701 949 morte
2757 894 3173 962 inexspectatus
3261 892 3579 947 adveniens.

1966 989 2165 1045 Beatus
2215 989 2380 1060 igitur
2407 989 2495 1042 ille
2535 1003 2699 1051 quem
2738 987 3007 1041 invenerit
3039 982 3333 1040 succinctis
3361 985 3579 1054 lumbis,

1969 1085 2070 1138 hoc
2117 1093 2220 1149 est,
2248 1099 2438 1137 virum
2477 1081 2851 1141 Christianum
2887 1081 3272 1150 pb'ilosorihum
3303 1088 3577 1148 agentem,

1967 1190 2024 1233 et
2081 1179 2148 1233 ad
2209 1177 2575 1232 ministerium
2632 1175 2725 1232 Dei
2782 1186 3251 1246 prmparatum,et
3288 1175 3580 1228 habentem

1966 1272 2248 1327 lucernam
2287 1273 2516 1326 rationis
2555 1280 2612 1325 et
2645 1271 2838 1341 judicii
2878 1270 3163 1323 ardentem
3197 1288 3209 1323 :
3246 1279 3306 1322 et
3345 1283 3449 1322 non
3484 1280 3575 1321 so-

1967 1365 2077 1420 lum
2124 1364 2412 1419 facientem
2448 1365 2594 1433 quod
2641 1365 2866 1427 bonum,
2915 1362 3012 1416 sed
3069 1364 3206 1415 bene
3239 1361 3404 1415 etiam
3437 1377 3452 1414 :
3483 1373 3576 1413 ac-

1967 1457 2374 1527 cipientemque
2411 1467 2464 1512 et
2491 1456 2968 1526 contemplationis
3023 1454 3325 1508 lucernam.
3360 1452 3580 1506 Haben-

1968 1554 2038 1606 do
2070 1552 2216 1606 enim
2275 1551 2490 1604 lumbos
2543 1551 2872 1619 przecinctos
2905 1548 3009 1618 (α),
3035 1548 3195 1602 nobis
3221 1546 3464 1599 advenit
3498 1543 3580 1598 lu-

1968 1660 2132 1700 cerua
2181 1644 2664 1711 contemplationis
2699 1661 2712 1699 :
2747 1643 2857 1696 into
2905 1641 3088 1708 potius
3147 1640 3386 1692 lucerna:
3435 1638 3576 1702 dua,

1967 1754 2075 1791 una
2121 1752 2243 1805 quae
2272 1745 2354 1789 est
2385 1737 2435 1788 in
2467 1736 2651 1799 corde,
2681 1742 2736 1788 et
2782 1733 2953 1788 altera
3009 1723 3299 1784 sermonis.
3328 1729 3586 1796 Ejusmoo

1969 1831 2024 1886 di
2072 1831 2309 1885 ministri
2356 1831 2519 1884 etiam
2570 1829 2833 1884 Dominus
2891 1826 3141 1880 minister
3187 1821 3577 1877 erit.Pr:‘ecin-

1963 1934 2120 1999 gelur
2172 1923 2344 1990 enim,
2396 1922 2595 1991 inquit,
2633 1932 2689 1975 et
2742 1919 3072 1975 recumbere
3126 1917 3248 1970 illos
3302 1916 3575 1980 faciet,et

1961 2016 2282 2087 praeteriens
2359 2015 2696 2069 ministrabit
2777 2013 2905 2066 illis.
2956 2012 3322 2079 Prrecingitur
3390 2013 3576 2077 itaque

1963 2111 2104 2164 Deus
2137 2108 2443 2163 secundum
2479 2109 2626 2177 quod
2663 2122 2769 2160 non
2802 2107 3048 2159 omnium
3102 2104 3374 2158 bonorum
3431 2099 3576 2154 effu-

1961 2204 2169 2258 sionem
2205 2203 2363 2256 nobis
2395 2201 2732 2270 suppeditat,
2764 2200 2858 2252 sed
2906 2197 3054 2256 illam
3111 2194 3411 2263 restringit.
3441 2193 3578 2259 Quis

1951 2298 2104 2359 cnim
2143 2304 2321 2365 potest
2346 2309 2539 2363 capere
2562 2302 2798 2362 quantus
2827 2292 2896 2345 sit
2929 2290 3112 2344 Deus?
3136 2299 3189 2342 et
3221 2286 3575 2341 manifestum

1959 2399 2042 2444 est
2074 2403 2140 2444 ex
2176 2387 2488 2455 Scraphim,
2514 2385 2608 2456 qui
2648 2400 2706 2440 se
2751 2384 3009 2452 obtegunt
3046 2390 3270 2449 propter
3302 2378 3580 2432 excellen-

1961 2484 2089 2537 tiam
2144 2482 2311 2535 divini
2367 2480 2611 2533 luminis.
2658 2477 2834 2531 Porro
2878 2474 3200 2530 recumbere
3235 2473 3368 2527 facit
3404 2473 3585 2526 bonos

1959 2589 2149 2629 servos
2183 2592 2194 2627 :
2247 2584 2390 2626 totos
2423 2573 2570 2626 enim
2605 2586 2700 2642 per
2729 2570 2912 2625 omnia
2941 2570 3225 2638 quiescere
3268 2564 3578 2622 faeit.‘i\‘a'm

1962 2669 2110 2723 sicut
2158 2667 2253 2735 qui
2305 2666 2602 2730 recumbit,
2633 2672 2747 2719 toto
2799 2677 3030 2732 corpore
3082 2661 3317 2732 quiescit
3354 2678 3368 2715 :
3403 2661 3475 2714 ita
3521 2661 3577 2715 in

1959 2764 2200 2817 secundo
2259 2763 2495 2815 adventu
2554 2775 2750 2814 omnes
2796 2757 2971 2813 sancti
3025 2772 3121 2825 per
3188 2755 3374 2810 omnia
3415 2754 3577 2824 quie—

1960 2865 2138 2913 scent.
2181 2855 2393 2910 Etenim
2431 2854 2484 2908 in
2522 2854 2622 2908 hac
2650 2854 2759 2908 vita
2795 2852 3035 2921 quietem
3086 2849 3334 2920 corporis
3363 2863 3468 2903 non
3496 2846 3582 2901 in-

1960 2949 2207 3003 veniunt.
2238 2948 2382 3001 Alibi
2415 2956 2596 3000 autem
2652 2961 2774 3000 cum
2829 2946 3120 3000 animabus
3168 2942 3472 3013 spiritualia
3526 2950 3580 2995 et

1961 3041 2141 3095 divina
2173 3056 2362 3094 eorum
2395 3053 2626 3114 corpora
2651 3039 3122 3107 incorruptionem
3151 3035 3575 3100 hmreditab'tmt,

1959 3137 2015 3180 et
2067 3128 2219 3180 omni
2275 3127 2459 3196 quiete
2501 3125 2793 3206 _fruent_ur,
2823 3137 2878 3182 et
2925 3128 3032 3182 erit
3091 3125 3234 3180 Deus
3287 3124 3470 3180 omnia
3524 3125 3577 3179 in

1961 3219 2220 3272 omnibus
2254 3219 2363 3281 illis
2385 3218 2456 3272 ’τε
2476 3202 2754 3280 Μίιιιειτὶιι
2785 3234 2914 3273 vero
2939 3219 3140 3289 dignis,
3170 3235 3270 3289 par
3299 3220 3379 3274 eis
3405 3219 3571 3274 retri-

1963 3311 2140 3365 buens
2176 3329 2190 3365 :
2220 3321 2275 3365 et
2316 3312 2464 3365 sicut
2520 3312 2619 3379 ipsi
2670 3312 2717 3365 ei
2771 3311 3359 3376 ministraverunt,'ita
3408 3313 3574 3367 etiam

1964 3404 2079 3472 ipse
2112 3403 2191 3458 eis
2234 3403 2478 3457 vicissim
2510 3404 2807 3470 ministrat,
2836 3415 2888 3458 et
2927 3405 3195 3474 dapsilem
3218 3404 3296 3460 eis
3326 3419 3573 3459 mensam

1962 3505 2207 3565 praestat,
2251 3496 2519 3551 exhibens
2573 3497 2937 3567 spiritualium
2993 3497 3262 3551 donorum
3315 3496 3577 3552 lautitias.

1964 3590 2038 3643 At
2094 3607 2191 3660 per
2257 3590 2555 3645 secundam
2611 3597 2666 3644 et
2721 3591 2939 3645 tertiam
3002 3583 3242 3661 vigiliam
3300 3591 3570 3662 intelligas

1961 3684 2110 3738 varia
2151 3685 2275 3738 vita:
2313 3695 2516 3738 nostrae
2557 3693 2804 3752 tempora
2843 3702 2856 3737 :
2895 3695 2957 3738 ut
2988 3685 3225 3754 exempli
3267 3672 3439 3755 gratia
3473 3685 3579 3739 ali-

1962 3774 2093 3842 quid
2149 3774 2329 3828 dicam
2368 3792 2380 3828 :
2416 3774 2894 3840 Quemadmodum
2929 3777 3020 3844 qui
3061 3777 3113 3830 in
3148 3779 3444 3837 secundam
3478 3787 3574 3832 aut

1964 3866 2199 3939 tertiam.
2232 3865 2470 3936 vigiliam
2507 3866 2716 3936 vigilat,
2762 3868 3215 3938 vigilantissimus
3253 3885 3377 3924 csse
3418 3870 3576 3929 vide-

1962 3954 2204 4028 tur(istis
2232 3957 2376 4012 enim
2409 3959 2556 4012 horis
2588 3960 2836 4014 homines
2872 3962 3112 4013 maximo
3145 3972 3197 4014 et
3225 3963 3400 4030 primo
3428 3978 3578 4017 som-

1960 4064 2032 4103 no
2067 4053 2344 4121 tenentur)
2374 4053 2474 4116 sic,
2516 4053 2767 4113 obsecro,
2798 4056 2962 4106 etiam
2999 4054 3274 4124 intelligas
3310 4055 3360 4108 in
3389 4057 3572 4110 diver-

1960 4144 2036 4198 sis
2072 4145 2196 4198 vltze
2225 4154 2424 4199 nostra:
2456 4147 2693 4200 statibus
2726 4162 2849 4200 esse
2875 4147 3062 4211 horas,
3085 4164 3204 4216 qua:
3233 4145 3426 4203 beatos
3465 4165 3567 4205 nos

1961 4236 2184 4303 faciant,
2213 4237 2257 4291 si
2292 4235 2577 4309 vigilantes
2611 4240 2816 4292 inventi
2854 4239 3145 4293 fuerimus.
3193 4239 3398 4308 Rapuit
3447 4242 3574 4311 quis

1963 4330 2206 4385 divititas
2226 4338 2369 4397 tuas,
2397 4331 2597 4386 mortui
2618 4343 2747 4387 sunt
2775 4331 2941 4404 377
2973 4333 3066 4385 tibi
3089 4332 3208 4396 filii,
3237 4333 3576 4389 calumniam

1959 4438 2156 4494 passus
2186 4438 2245 4478 es
2279 4440 2292 4474 :
2331 4423 2374 4478 si
2411 4424 2464 4478 in
2500 4425 2796 4479 iliusmodi
2838 4427 3176 4495 temporibus
3230 4442 3335 4480 non
3392 4427 3564 4485 fueris

1962 4516 2166 4586 lapsus,
2192 4517 2284 4575 sed
2313 4517 2543 4590 vigilans
2581 4519 2835 4574 inventus
2883 4534 2912 4572 a
2953 4519 3064 4574 Deo
3111 4529 3168 4575 et
3215 4518 3474 4587 Domino,
3516 4532 3574 4577 et

249 4591 349 4644 δάν
380 4593 437 4643 ὲν
477 4593 590 4678 τοῖς
639 4594 905 4658 τοιούτοις
965 4600 1182 4668 καιροῖς
1227 4599 1288 4652 οὑ
1340 4603 1685 4673 καταπέσῃς,
1736 4603 1854 4656 ἀλλ’

1963 4607 2097 4662 nihil
2135 4608 2281 4662 aliud
2324 4613 2522 4679 praeter
2558 4611 2810 4663 tnandata
2849 4607 3069 4668 Domini
3104 4610 3302 4666 feceris
3339 4629 3351 4666 :
3386 4613 3577 4683 utique

250 4665 574 4752 ἐγρηγορὼς
605 4683 850 4754 εὑρεθεὶς
883 4685 962 4756 τῷ
990 4665 1110 4758 Θεῷ
1135 4690 1230 4742 καὶ
1253 4692 1525 4766 Δεσπότῃ,
1560 4665 1851 4767 καὶμηδὲν

250 4771 358 4842 ἔξω
387 4774 494 4828 τῶν
526 4775 696 4830 αὑτοῦ
731 4778 964 4834 ἐντολῶν
1017 4782 1377 4856 ἀναγκασθῇς
1421 4787 1854 4856 πρᾶξαι,-δντως

249 4869 599 4938 ἐγρηγορότα
631 4886 690 4956 σε
722 4865 884 4942 εὗρεν
914 4875 971 4926 ὲν
999 4874 1358 4946 δευτέρα-καὶ
1403 4879 1575 4951 ’τρίτῃ¹
1603 4881 1848 4953 φυλακῇ,

247 4963 403 5014 τουτέ
415 4977 556 5027 στιν,
593 4965 651 5016 ὲν
684 4965 861 5036 καιρῷ
887 4966 1068 5039 δεινῷ,
1096 4969 1193 5022 καὶ
1227 4969 1396 5025 ὑπνον
1424 4972 1730 5046 θανατώδη,
1759 4978 1856 5031 καὶ

249 5057 610 5110 κατάπτωσιν
643 5062 763 5123 ταῖς
793 5062 1023 5131 χαύναις
1059 5063 1260 5134 ψυχαῖς
1291 5067 1591 5137 παρέχοντι
1616 5085 1628 5096 ·
1651 5069 1733 5122 δεῖ
1761 5070 1855 5124 οὑν

249 5150 665 5219 ἐγρηγόρσεως·
697 5151 1056 5227 οἰκοδεσπότη
1088 5157 1198 5228 γὰρ
1227 5156 1513 5228 ἐοίκαμεν,
1547 5161 1606 5224 ὃς
1654 5165 1702 5215 εἰ
1752 5164 1853 5234 μὲν

251 5244 546 5314 ἀγρυπνεῖ,
574 5246 635 5298 ού
661 5245 886 5302 δύναται
924 5249 1080 5302 οὐδὲν
1111 5252 1257 5305 κατά
1287 5251 1396 5306 τῶν
1427 5253 1594 5308 αὑτοῦ
1636 5258 1862 5328 χρημά-

251 5351 360 5388 των
383 5339 410 5390 ὀ
437 5338 701 5409 κλέπτης·
728 5342 776 5393 εί
801 5341 858 5394 δὲ
888 5342 1142 5413 ὑπνώδης
1168 5344 1311 5412 ἐστὶ,
1336 5347 1515 5402 πάντα
1543 5350 1681 5420 ἄρας
1708 5354 1858 5425 οίχὴ-

256 5443 433 5484 σεται.
471 5430 729 5503 Κλέπτην
761 5433 818 5486 δὲ
845 5436 1084 5490 ἐνταῦθα
1111 5437 1292 5491 νοοῦσι
1326 5439 1430 5507 μέν
1450 5447 1605 5506 ’τινες
1637 5445 1731 5498 καὶ
1764 5446 1858 5500 τὸν

253 5520 522 5589 διάϐολον,
565 5523 759 5597 ὥσπερ
789 5529 886 5582 καὶ
918 5525 1068 5584 οἷκον
1102 5531 1202 5602 τὴν
1231 5531 1432 5603 ψυχὴν,
1465 5537 1856 5610 οίκοδεσπότην

251 5610 345 5665 τὸν
397 5614 722 5687 ἄνθρωπονο
769 5621 830 5673 οὑ
866 5621 973 5695 μὴν
1019 5623 1165 5677 ἔοικε
1227 5627 1548 5699 πρόσφορος
1583 5627 1747 5686 ἐἶναι
1788 5637 1855 5707 τῇ

329 5753 398 5788 ⁵⁸⁸
433 5755 478 5812 ll
513 5755 645 5814 Cor.
680 5774 761 5823 XI,
797 5756 852 5814 2.
931 5758 977 5791 ⁸⁷
1007 5760 1028 5815 1
1053 5760 1177 5815 Cor.
1208 5777 1302 5828 xv,
1335 5762 1426 5817 98-

1965 4700 2274 4773 vigilantem
2309 4711 2359 4757 te
2396 4702 2450 4756 in
2498 4704 2737 4757 secunda
2768 4713 2823 4758 et
2857 4707 3023 4760 tertia
3055 4703 3240 4774 vigilia
3277 4704 3572 4771 invenerit,

1969 4793 2072 4848 hoc
2101 4804 2186 4849 est
2239 4793 2292 4848 in
2326 4795 2637 4866 periculoso
2666 4809 2721 4852 et
2765 4798 2917 4866 gravi
2951 4807 3220 4868 tempore,
3249 4800 3391 4868 quod
3431 4815 3580 4855 mor-

1960 4891 2206 4967 tiferum
2260 4906 2514 4947 somnum
2568 4903 2624 4947 et
2674 4908 2865 4951 casum
2941 4876 3227 4948 dissolutis
3288 4894 3576 4949 animabus

1957 4987 2186 5054 praebet.
2218 4983 2370 5053 Opus
2425 4986 2607 5054 itaque
2640 4986 2810 5040 fuerit
2847 4987 3154 5058 vigilantia.
3179 4985 3574 5043 Patrifamilias

1957 5078 2104 5148 enim
2155 5077 2654 5150 assimilatnur,qui
2695 5081 2738 5134 si
2775 5080 3266 5150 vigila—verit,nibil
3304 5098 3370 5136 ex
3402 5082 3569 5137 rebus

1959 5171 2079 5239 ejus
2126 5170 2346 5228 auferre
2379 5185 2637 5243 poterunt
2675 5174 2866 5243 fures;
2904 5176 2989 5231 sin
3033 5186 3215 5233 autem
3241 5176 3576 5233 somniculo-

1961 5281 2055 5320 sus
2088 5264 2271 5328 fuerit,
2313 5265 2512 5322 ablatis
2573 5270 2829 5325 omnibus
2862 5269 2949 5324 fur
2986 5273 3191 5326 evadit.
3233 5269 3339 5325 Per
3395 5271 3574 5328 furem

1957 5359 2184 5428 quidam
2222 5360 2326 5414 hoc
2358 5360 2476 5415 loco
2526 5362 2834 5431 intelligunt
2885 5363 3357 5429 diabolum,sicut
3384 5378 3438 5419 et
3477 5381 3573 5434 pet:

1959 5454 2179 5509 domum
2237 5455 2506 5520 animam,
2536 5464 2591 5508 et
2615 5455 3095 5525 patremfamilias,
3120 5457 3428 5524 hominem;
3477 5458 3572 5513 sed

1960 5560 2066 5599 non
2104 5555 2332 5615 apparet
2390 5545 2665 5615 expositio
2720 5546 2856 5600 satis
2906 5545 3324 5605 accommodata
3377 5547 3566 5604 textui.

1955 5636 2086 5693 Furi
2114 5638 2258 5694 enim
2284 5639 2385 5695 hoc
2410 5638 2533 5696 loco
2552 5637 2874 5696 Dominicus
2902 5641 3170 5697 adventus
3197 5649 3566 5711 comparatur,

330 5898 406 5975 ta)
441 5900 585 5958 Edit.
627 5901 750 5958 Lut.
782 5903 1003 5973 omittit,
1045 5903 1284 5961 habendo
1320 5909 1456 5962 enim
1481 5903 1684 5960 lumbos
1711 5907 2046 5975 pra'cinctos.
