4110 6332
586 402 693 466 899

1499 390 2078 455 THEOPHYLACTI
2122 388 2531 453 ΒυιῦΑῇίῶ
2570 386 2930 451 ARCHIEP.

3752 383 3856 448 9:0

586 531 650 571 eo
674 511 820 587 quod
851 519 1069 583 repente
1100 507 1467 580 et-inopiuato
1498 508 1678 564 veniet
1706 526 1722 562 :
1754 508 1901 563 sicut
1930 518 1988 565 et
2030 523 2162 578 apo-

2276 505 2558 577 hxobuﬁi;
2620 504 2838 577 αὖτηή
2888 502 3120 574 ἐκδοχή·
3176 501 3386 576 κλέπτῃ
3444 501 3554 573 γὰρ
3621 502 3855 557 ἐνταῦθα

587 608 848 666 Italorum
895 605 1111 676 quidam
1169 603 1342 659 dicit:
1374 600 1501 657 Dies
1549 601 1693 657 enim
1754 601 1969 658 Domini
2003 602 2165 674 quasi

587 699 675 756 fur
707 701 758 755 in
791 696 1031 754 nocte".
1052 696 1117 752 Et
1144 696 1244 754 hoc
1294 696 1411 753 loco
1442 696 1561 751 vide
1592 696 1866 766 quomodo
1898 695 2168 766 interpre-

590 802 734 849 tatur
777 791 1037 846 Dominus
1070 792 1193 861 quis
1219 790 1293 847 sit
1345 789 1453 845 fur.
1478 787 1611 843 Nam
1641 788 1773 843 dicit
1800 807 1814 844 :
1842 786 1910 842 Et
1939 802 2034 843 vos
2060 788 2165 858 igi-

590 895 675 940 tur
706 884 941 954 vigilate,
966 883 1093 953 quia
1126 898 1230 952 qua
1263 882 1394 936 hora
1432 894 1538 935 non
1579 880 1806 950 putatis,
1852 879 2019 934 Filius
2063 879 2164 935 ho-

588 975 749 1030 minis
782 975 982 1033 veniet.
1005 973 1203 1027 Dicunt
1246 972 1468 1042 quidam
1500 972 1645 1042 quod
1681 987 1777 1042 per
1808 972 2035 1041 primam
2083 971 2164 1026 vi-

587 1067 775 1138 giliam
817 1066 1181 1134 intelligantur
1212 1066 1267 1120 bi
1302 1065 1393 1135 qui
1425 1066 1545 1121 aliis
1571 1074 1699 1120 sunt
1730 1066 2097 1137 diligentiores
2142 1082 2161 1120 :

589 1172 683 1226 per
715 1157 999 1212 secundam
1052 1171 1205 1222 vero,
1232 1148 1324 1226 ψη
1376 1158 1712 1227 aliquantum
1762 1164 2109 1226 proteceruut
2144 1172 2160 1212 :

589 1264 685 1318 per
728 1249 942 1303 tertiam
980 1248 1288 1317 autem,qui
1338 1250 1501 1303 etiam
1538 1250 1643 1304 illis
1690 1260 1819 1304 sunt
1852 1248 2159 1304 inferiores.

590 1342 658 1394 At
711 1340 800 1394 alii
853 1342 1093 1401 diversas
1142 1350 1331 1394 aetates
1382 1351 1775 1409 exposuerunt,
1812 1351 1866 1396 et
1908 1341 2161 1411 primam,

590 1446 697 1502 qua
734 1430 1100 1485 adolescentes
1129 1446 1315 1485 sumus
1352 1434 1707 1499 :secundam,
1732 1447 1837 1501 qua
1884 1430 1985 1485 viri
2023 1440 2166 1486 :ter-

594 1528 740 1585 tiam.
764 1540 866 1593 qua
896 1540 1073 1578 senes.
1105 1523 1299 1577 Beatus
1332 1523 1497 1594 igitur
1548 1525 1801 1595 quisquis
1842 1538 2167 1596 quacunque

589 1626 745 1670 aetate
786 1618 1035 1671 inventus
1063 1616 1224 1671 fuerit
1260 1616 1506 1685 vigilans,
1538 1633 1637 1673 nec
1668 1620 1721 1672 in
1753 1618 2028 1690 operando
2064 1618 2164 1674 bo-

592 1725 715 1763 num
752 1710 1087 1780 negligenter
1115 1726 1172 1765 se
1202 1726 1420 1782 gerens.

662 1970 826 2025 Vsus.
868 1971 1056 2026 ll-M.
1099 1990 1118 2023 ι
1161 1954 1306 2025 Dixit
1338 1978 1519 2027 autem
1545 1972 1593 2026 ei
1621 1983 1812 2026 Petrus
1848 1991 1863 2027 :
1909 1970 2162 2037 Domine,

593 2067 657 2116 ad
686 2080 784 2117 nos
814 2065 945 2118 dicis
973 2065 1129 2117 istam
1172 2064 1510 2133 parabolam,
1540 2079 1607 2117 an
1645 2064 1809 2119 etiam
1846 2066 1910 2118 ad
1938 2064 2172 2120 omnes?

594 2157 679 2210 Ait
709 2167 885 2210 autem
911 2156 1208 2211 Dominus:
1249 2156 1509 2221 Quisnam
1541 2166 1628 2210 est
1677 2155 1853 2209 ﬁdelis
1893 2157 2170 2226 dispensa-

597 2258 680 2302 tor
724 2264 787 2303 ac
856 2252 1091 2317 prudens
1145 2265 1305 2319 quem
1337 2248 1637 2303 constituet
1689 2248 1940 2303 dominus
2004 2263 2171 2318 super

597 2336 919 2393 famulitium
944 2354 1125 2403 suum,
1162 2351 1222 2391 ttt
1250 2338 1343 2392 det
1370 2339 1476 2391 illis
1505 2338 1558 2391 in
1589 2348 1830 2407 tempore
1858 2341 2164 2394 dimensum

595 2428 822 2483 cibum?
860 2428 1056 2482 Beatus
1080 2429 1169 2483 ille
1195 2444 1408 2495 servus,
1429 2446 1588 2499 quem
1618 2445 1740 2485 cum
1770 2432 1983 2485 venerit
2004 2430 2175 2485 domi-

596 2533 718 2582 nus,
758 2518 1024 2572 invenerit
1046 2518 1117 2572 ita
1147 2519 1456 2575 facientem.
1492 2520 1632 2575 Vere
1652 2522 1775 2575 dico
1806 2521 1981 2582 vobis,
2028 2518 2169 2589 quod

595 2611 847 2664 omnibus
874 2626 993 2679 qua:
1017 2613 1276 2681 possidet,
1315 2613 1571 2682 prmliciet
1600 2613 1770 2666 illum.
1811 2631 1829 2663 ι
1864 2611 2171 2682 Interroga-

595 2702 673 2755 vit
733 2698 926 2754 Petrus
970 2716 1066 2755 ceu
1124 2718 1311 2756 curant
1374 2703 1618 2758 omnium
1676 2702 1910 2768 habens,
1964 2713 2018 2758 et
2071 2715 2170 2771 pro

598 2792 932 2846 auditoribus
955 2794 1239 2858 sollicitus,
1279 2803 1539 2864 tanquam
1596 2795 1829 2848 fratrum
1859 2802 2092 2857 amator,
2119 2800 2174 2847 et

599 2884 692 2934 cui
732 2881 842 2949 jam
877 2884 1187 2938 concredita
1242 2882 1503 2949 Ecclesia,
1541 2900 1667 2939 nntn
1699 2887 1766 2937 ad
1795 2898 1984 2941 omnes
2014 2898 2175 2955 para-

597 2972 775 3027 bolam
812 2976 977 3028 dicat.
1009 2976 1265 3031 Dominus
1295 2991 1421 3031 vero
1446 2992 1550 3030 non
1592 2977 1877 3032 manifeste
1901 2980 1966 3033 ad
2009 2979 2174 3033 inter.

601 3070 935 3138 rogationem
978 3072 1289 3138 reSpondet,
1347 3072 1437 3123 sed
1488 3069 1701 3124 occulto
1730 3070 1962 3138 quodam
2011 3070 2172 3125 modo

600 3163 967 3230 indicatquod
1022 3163 1161 3217 dicta
1211 3161 1462 3233 parabola
1505 3164 1811 3217 communis
1864 3162 1956 3227 sit,
2010 3172 2062 3217 et
2105 3164 2170 3216 ad

2270 600 2680 674 παραϐάλλεται
2705 602 2738 670 ἡ
2774 598 3046 672 παρουσία
3078 597 3174 653 τοῦ
3205 598 3412 670 Κυρίου
3444 598 3533 653 διά
3560 598 3622 652 τὺ
3646 599 3858 671 ἀπροσ-

2274 694 2521 766 δόκητον,
2552 693 2629 758 ὡς
2657 694 2749 747 καί
2792 711 2876 756 τις
2920 692 3031 746 τῶν
3082 692 3399 746 ἀποστόλων
3427 692 3599 763 λέγει’
3652 690 3719 745 Ἦ
3747 692 3856 763 γὰρ

2267 785 2446 857 ἡμέρα
2477 786 2682 857 Κυρίου
2713 787 2788 849 ὡς
2814 783 3056 856 κλέπτης
3088 786 3145 838 ἑν
3178 783 3354 839 νυκτί.
3396 783 3506 838 Καὶ
3538 782 3779 837 ινταῦθα
3799 783 3856 837 ὁὶ

2265 883 2294 936 6
2310 881 2513 951 Κύριος
2537 880 2614 934 ίδε
2636 879 2753 943 πῶς
2770 879 3064 950 ὲρμηνεύει
3088 879 3240 949 ἡμῖν,
3267 878 3350 943 τίς
3378 878 3526 930 ἔστιν
3543 878 3571 931 6
3588 876 3854 946 κλέπτης·

2268 974 2403 1044 φησὶ
2428 972 2557 1043 γάρ’
2588 972 2701 1025 Καὶ
2746 972 2905 1041 ὑμεῖς
2930 964 3022 1024 οὖν
3065 971 3417 1040 γρηγορεῖτε,
3464 962 3606 1042 δτιῇ
3637 967 3759 1040 ὥρα
3789 968 3849 1020 οὐ

2264 1067 2494 1131 δοκεῖτε,
2526 1066 2555 1119 6
2576 1065 2704 1129 Υίδς
2731 1064 2825 1119 τοῦ
2847 1063 3125 1134 ἀνθρώτου
3158 1062 3404 1134 ἔρχεται.
3437 1063 3576 1116 1Ιιασὶ
3599 1062 3659 1116 δέ
3690 1078 3856 1125 τινες,

2266 1160 2349 1213 δτι
2385 1158 2516 1231 περὶ
2546 1158 2643 1229 τὴν
2672 1156 2899 1230 πρώτην
2925 1156 3175 1226 φυλακὴν
3206 1152 3646 1225 ὲγρηγοροῠντες
3674 1152 3859 1205 νοοῦν-

2268 1269 2359 1304 ται
2385 1251 2435 1303 οἱ
2467 1250 2576 1302 τῶν
2604 1248 2778 1304 ἄλλων
2823 1248 3237 1319 ὲπιμελέστεροι
3262 1263 3275 1278 ·
3311 1247 3439 1317 περὶ
3467 1246 3523 1300 δὲ
3554 1248 3654 1318 τὴν
3677 1244 3861 1299 δευτέ-

2272 1357 2370 1410 ραν
2402 1340 2450 1393 οἱ
2481 1338 2881 1408 ὑποϐεϐηκότες
2907 1353 2921 1368 ·
2956 1338 3083 1407 περὶ
3110 1336 3167 1391 δὲ
3190 1337 3288 1407 τὴν
3319 1336 3527 1408 τρίτην,
3552 1336 3603 1389 oi
3628 1335 3709 1388 Eri.
3731 1335 3858 1387 τού-

2265 1443 2373 1481 των
2412 1429 2631 1498 ἥττους.
2685 1429 2871 1483 Ἀλλοι
2910 1428 2967 1481 δὲ
3022 1428 3117 1491 τὰς
3150 1427 3445 1500 διαφόρους
3497 1429 3718 1497 ἡλικίας
3767 1426 3852 1491 ἐξα

2266 1521 2570 1592 ηγήσαντο.
2604 1520 2834 1591 Πρώτην
2866 1521 2963 1592 μὲν
2986 1520 3108 1574 καθ’
3134 1519 3202 1591 ἢν
3232 1519 3342 1573 νέοι
3368 1521 3559 1588 ἐσμὲν,
3595 1519 3858 1589 δευτέραν

2266 1612 2344 1678 δὲ,
2380 1612 2502 1665 καθ’
2528 1612 2595 1682 ἣν
2642 1612 2856 1683 ἄνδρες,
2909 1614 3107 1685 τρίτην
3143 1613 3223 1677 δὲ,
3254 1610 3378 1664 καθ’
3414 1612 3480 1683 ἢν
3527 1609 3855 1680 πρεσϐῦται.

2281 1703 2570 1773 Μακάριος
2598 1699 2691 1756 οὖν
2719 1704 2867 1767 ὅστις
2892 1704 3092 1775 εὑρεθῇ
3116 1705 3175 1757 ὲν
3206 1702 3643 1774 ὁποιᾳδηποτοῦν
3671 1704 3857 1773 ἡλικίᾳ

2269 1794 2612 1865 ἐγρηγορὼς,
2646 1798 2743 1848 καὶ
2782 1795 2857 1866 μὴ
2890 1795 3108 1866 ἀμελῶς
3158 1795 3289 1866 περὶ
3322 1795 3420 1866 τὴν
3454 1795 3727 1867 ἐργασίαν
3762 1795 3855 1848 τοῦ

2273 1883 2438 1937 καλοῦ
2469 1884 2838 1954 διακείμενος.

2351 1996 2369 2030 ι
2407 1975 2541 2031 Εἷπε
2598 1979 2655 2032 δὲ
2718 1978 2867 2048 αὐτῴ
2901 1980 2929 2033 6
2995 1981 3241 2052 Πέτρος⁸
3282 1981 3475 2051 Κύριε,
3529 1980 3670 2051 πρὸς

2272 2070 2369 2141 τὴν
2404 2070 2722 2142 παραϐολὴν
2754 2071 2961 2141 ταύτην
2996 2071 3197 2140 λέγεις,
3233 2072 3266 2143 ἣ
3299 2072 3394 2124 καὶ
3434 2071 3572 2140 πρὸς
3604 2072 3819 2134 πάντας
3843 2089 3891 2137 ιι

2275 2159 2410 2216 Εἷπε
2440 2165 2496 2217 δὲ
2534 2166 2561 2216 ό
2598 2163 2834 2235 Κύριος’
2868 2164 2964 2227 Τίς
3014 2160 3126 2235 ἆρά
3158 2166 3307 2217 ὲστιν
3345 2166 3372 2216 ὁ
3404 2166 3595 2228 πιστὸς
3651 2164 3865 2217 οἰκονό-

2275 2274 2394 2327 μος,
2428 2258 2523 2309 καὶ
2563 2256 2847 2326 φρόνιμος,
2881 2256 2940 2309 δν
2964 2257 3300 2326 καταστήσει
3340 2256 3368 2308 ὁ
3415 2256 3606 2327 κύριος
3639 2258 3735 2309 ἐπὶ
3759 2256 3864 2325 τῆς

2274 2348 2574 2419 θεραπείας
2606 2348 2801 2410 αὑτοῦ,
2845 2346 2938 2401 τοῦ
2982 2348 3182 2403 διδόναι
3222 2351 3279 2399 ὲν
3319 2346 3589 2417 καιρῷτό
3641 2348 3866 2416 σιτομέ-

2273 2458 2422 2511 τριον
2445 2460 2458 2507 ;
2493 2441 2779 2512 Μακάριος
2798 2444 2824 2493 6
2850 2440 3037 2503 δοῦλος
3066 2442 3295 2505 ἐκεῖνος,
3323 2440 3383 2494 δν
3408 2441 3577 2494 ἐλθὼν
3602 2445 3630 2495 ὁ
3668 2441 3865 2510 κύριος

2273 2533 2464 2598 αὑτοῦ,
2524 2534 2747 2604 εὑρήσει
2813 2533 3075 2587 ποιοῦντα
3136 2533 3353 2597 οὕτως’
3436 2533 3655 2598 ἀληθῶς
3718 2534 3867 2603 λέγω

2274 2627 2423 2697 ὑμῖν,
2456 2628 2537 2679 ὅτι
2568 2628 2661 2679 ἐπὶ
2684 2628 2817 2679 πᾶσι
2840 2629 2952 2689 τοῖς
2976 2626 3319 2697 ὑπάρχουσιν
3341 2625 3491 2696 αὑτῷ
3516 2629 3865 2695 καταστήσει

2273 2720 2455 2773 αὐτόν.
2486 2738 2504 2771 t
2546 2718 2860 2789 Ἡρώτησεν
2882 2721 2910 2771 6
2937 2720 3162 2789 Πέτρος,
3180 2714 3267 2772 οἷα
3293 2720 3511 2773 πάντων
3530 2719 3864 2789 φροντίζων,

2274 2812 2368 2864 καὶ
2394 2811 2534 2880 ὑπὲρ
2558 2809 2666 2862 τῶν
2703 2809 3013 2863 ἀκουόντων
3037 2810 3420 2879 διακαιόμενος
3481 2810 3557 2873 ὡς
3611 2809 3869 2879 φιλάδελ-

2274 2920 2392 2971 φος,
2426 2904 2520 2956 καὶ
2550 2902 2625 2966 ὼς
2649 2901 2748 2972 ήδη
2770 2902 2870 2971 τὴν
2910 2902 3238 2972 Ἐκκλησίαν
3262 2902 3597 2964 πιστευθεὶς,
3644 2904 3692 2955 εί
3722 2902 3868 2973 πρὸς

2275 2996 2485 3057 πάντας
2525 2993 2623 3063 τὴν
2657 2991 2976 3063 παραϐολὴν
3026 2993 3232 3064 ταύτην
3261 2992 3448 3060 λέγει·
3481 2994 3509 3045 6
3557 2993 3614 3046 δὲ
3658 2992 3868 3061 Κύριος

2274 3084 2523 3156 φανερῶς
2592 3085 2691 3155 μὲν
2733 3083 2886 3137 οὐδὲν
2954 3084 3314 3154 ἀποκρίνεται
3373 3085 3522 3153 αὐτῷ
3573 3082 3713 3152 πρὸς
3763 3083 3869 3151 τὴν

2275 3179 2568 3249 ἐρώτησιν,
2604 3178 3101 3248 ἐπικεκρυμμένως
3145 3177 3204 3230 δὲ
3260 3177 3552 3240 δείκνυσιν,
3582 3178 3725 3247 ὃτιή
3764 3178 3869 3246 μὲν

597 3270 785 3308 omnes
820 3256 1037 3323 quidem
1064 3256 1331 3325 pertineat
1390 3255 1598 3320 ﬁdeles,
1628 3267 1679 3311 et
1710 3256 1777 3311 ad
1822 3270 1918 3311 vos
1954 3265 2172 3326 aposto-

2281 3270 2508 3340 ρηθείσα
2540 3268 2832 3339 παραϐολὴ
2854 3270 3009 3339 κοινὴ
3036 3264 3127 3338 ἧν,
3168 3271 3261 3321 καὶ
3282 3270 3361 3332 είς
3388 3270 3596 3331 πάντας
3624 3268 3869 3336 φθάνου·

604 3345 705 3408 los,
734 3346 857 3398 etin
893 3348 1083 3412 primis
1109 3361 1201 3399 eos
1234 3347 1327 3416 qui
1366 3346 1447 3399 vel
1489 3347 1739 3401 doctrina
1797 3346 1879 3401 vel
1906 3346 2173 3418 dignitate

602 3450 857 3511 prarsunt.
889 3437 1089 3492 Verum
1124 3440 1246 3491 audi
1279 3438 1526 3506 quisnam
1547 3435 1619 3491 sit
1648 3436 1821 3492 ﬁdelis
1845 3451 1907 3491 ac
1940 3437 2176 3507 prudens

600 3534 959 3601 dispensator.
986 3528 1245 3584 Parabola
1272 3534 1414 3582 enim
1449 3529 1707 3599 praedicta
1741 3529 1947 3591 multis,
1977 3529 2174 3595 inquit,

602 3624 872 3690 congruit.
918 3620 1071 3675 Nunc
1121 3628 1300 3673 autem
1328 3621 1393 3675 de
1454 3621 1540 3674 his
1601 3621 1694 3690 qui
1751 3618 1991 3690 praefecti
2050 3630 2177 3674 sunt

601 3716 740 3779 aliis,
800 3716 1037 3784 inquiro,
1086 3714 1206 3783 quis
1244 3714 1551 3768 inveniatur
1607 3716 1713 3768 duo
1770 3715 1885 3768 haec
1935 3713 2172 3778 habens,

603 3812 762 3862 ﬁdem
796 3808 917 3862 dico
974 3817 1029 3862 et
1060 3808 1436 3877 prudentiam;
1470 3822 1628 3860 rarus
1677 3808 1820 3862 enim
1869 3808 1955 3860 hic
2002 3818 2055 3859 et
2090 3808 2175 3859 in-

602 3918 763 3959 ventu
788 3903 1041 3959 dimi-ins.
1076 3902 1207 3957 Nam
1234 3903 1372 3957 sicut
1426 3902 1479 3955 in
1518 3902 2015 3972 dispensationibus
2039 3903 2172 3956 divi-

605 3998 798 4051 tiarum
837 3998 879 4051 si
906 3998 1026 4062 quis
1056 3996 1227 4050 lldelis
1257 3994 1421 4049 fuerit
1452 3995 1672 4049 domino
1711 4009 1831 4060 suo,
1862 4009 1966 4050 non
1997 4004 2177 4049 autem

604 4092 1146 4161 prudens,disperdit
1183 4105 1268 4144 res
1314 4090 1538 4154 domini,
1580 4088 1830 4143 nesciens
1860 4087 2028 4159 378
2056 4087 2179 4142 illas

608 4182 918 4251 dispensare
970 4182 1108 4236 sicut
1170 4182 1441 4247 convenit,
1500 4179 1595 4235 sed
1648 4194 1753 4233 non
1806 4181 1893 4233 dat
1954 4179 2173 4249 quando

608 4283 841 4342 Oportet,
869 4282 923 4327 et
949 4274 1204 4327 damnum
1256 4273 1387 4327 facit
1438 4273 1660 4327 domino
1705 4270 1879 4341 majus
1917 4288 1931 4325 :
1983 4273 2177 4327 iterum

610 4364 655 4417 si
684 4363 921 4430 prudens
950 4363 1075 4431 quis
1096 4361 1276 4427 luerit,
1323 4372 1377 4416 et
1405 4361 1692 4431 expendat,
1730 4355 1964 4415 inﬁdelis
1995 4370 2174 4413 autem

606 4454 696 4516 sit,
734 4450 820 4504 iur
850 4453 1035 4519 utique
1091 4450 1272 4517 fuerit,
1310 4460 1363 4505 et
1417 4460 1567 4505 tanto
1599 4452 1767 4521 magis
1804 4450 2034 4505 diﬁicilis
2069 4450 2176 4503 de-

2282 3378 2349 3414 σα
2373 3363 2469 3414 καὶ.
2504 3362 2630 3423 τοὺς
2669 3360 2929 3431 τυχόντας
2986 3361 3237 3424 πιστοὺς,
3269 3363 3365 3430 τῆς
3418 3361 3474 3414 δὲ
3507 3362 3645 3429 πρδς
3687 3361 3861 3430 ὑμᾶς,

2280 3454 2437 3522 φησὶ,
2462 3452 2586 3514 τοὺς
2612 3453 2967 3516 ἀποστόλους,
3001 3453 3098 3505 καὶ
3130 3452 3318 3516 ἁπλῶς
3347 3454 3475 3517 τοὺς
3508 3453 3870 3517 διδασκαλίας

2278 3546 2310 3614 ἢ
2342 3545 2679 3613 προστασίας
2713 3544 3070 3609 ἀξιωθέντας,
3097 3545 3196 3616 ήδη
3220 3547 3410 3600 ἄκους’
3439 3546 3536 3610 Τίς
3570 3548 3680 3616 ἄρα
3714 3547 3868 3600 ἐστὶν

2277 3637 2305 3688 6
2353 3638 2541 3698 πιστὸς
2599 3640 2693 3689 καὶ
2756 3636 3020 3706 φρόνιμος
3068 3638 3371 3708 οἰκονόμος.
3436 3636 3500 3691 Ἦ
3564 3639 3662 3710 μὶν
3692 3639 3874 3711 προρο

2280 3727 2505 3799 ρηθείσα
2538 3728 2824 3799 παραϐολὴ
2870 3728 3108 3797 πολλοῖς,
3157 3734 3343 3801 φησιν,
3396 3732 3651 3803 ἁρμόζει,
3686 3732 3782 3786 νῦν
3808 3732 3871 3786 δι

2280 3817 2411 3888 περὶ
2463 3818 2570 3870 τῶν
2628 3820 2967 3888 προστασίας
3024 3820 3366 3885 ἀξιωθέντων
3432 3825 3589 3894 φησὶ,
3648 3825 3867 3893 λέγων’

2284 3911 2540 3981 Διαπορῶ
2578 3912 2661 3974 τίς
2697 3913 3058 3983 εὑρεθήσεται
3113 3914 3287 3969 ταῦτα
3342 3917 3504 3985 ἔχων,
3538 3919 3633 3970 καὶ
3683 3918 3873 3971 πίστιν

2282 4002 2380 4056 καὶ
2410 4004 2695 4074 φρόνησιν’
2749 4005 2974 4070 σπάνιος
3024 4006 3133 4075 γὰρ
3178 4004 3335 4073 οὗτος
3382 4010 3480 4062 καὶ⁸
3520 4010 3870 4081 δυσεύρετος.

2281 4094 2472 4167 ὥσπερ
2499 4098 2608 4166 γάρ
2642 4097 2732 4150 ἐπὶ
2763 4098 2873 4151 τῶν
2900 4099 3285 4170 ’χρηματικῶν
3330 4103 3657 4171 οἰκονομιῶν
3692 4104 3740 4157 εί
3769 4119 3870 4156 πι-

2283 4190 2406 4251 στὸς
2443 4190 2525 4259 ετη
2577 4207 2659 4251 τις
2696 4188 2775 4260 τῷ
2820 4189 3059 4263 δεσπότῃ
3100 4192 3285 4258 αὑτοῦ,
3339 4192 3414 4262 μὴ
3469 4196 3736 4265 φρόνιμος
3782 4192 3865 4258 δδ,

2281 4278 2687 4335 ἀπόλλυταιτὰ
2738 4282 3062 4349 δεσποτικὰ,
3118 4284 3195 4353 μὴ
3226 4285 3535 4354 δυναμένου
3589 4286 3870 4355 διοικῆσαι

2282 4373 2455 4426 ταῦτα
2480 4372 2556 4436 ὡς
2594 4374 2695 4440 δεῖ,
2730 4373 2844 4428 ἀλλ’
2872 4375 3001 4429 ὅταν
3027 4376 3189 4446 χρεία
3233 4374 3441 4443 δοῦναι,
3497 4375 3573 4449 μὴ
3601 4378 3864 4445 διδόντος,

2282 4465 2376 4518 καὶ
2407 4465 2671 4519 πλειόνων
2718 4466 2998 4519 ἀπώλειαν
3032 4466 3315 4531 ποιοῦντος
3341 4483 3353 4498 '
3390 4468 3573 4533 πάλιν,
3600 4471 3650 4522 εί
3680 4473 3867 4541 φρόνι-

606 4544 897 4613 prehensu,
927 4548 1132 4610 quanto
1161 4540 1479 4611 prudentior
1505 4558 1516 4594 :
1554 4541 1629 4594 ita
1657 4552 1711 4595 et
1738 4540 1793 4595 in
1820 4541 2017 4595 divinis
2041 4554 2172 4609 opus

2288 4575 2385 4628 μσς
2420 4558 2519 4629 μὲν
2554 4557 2663 4629 εἴη,
2696 4559 2791 4611 καὶ
2852 4560 3195 4630 ποριστικδς,
3236 4559 3467 4625 ᾶπιστος
3515 4562 3595 4626 δὲ,
3626 4562 3869 4635 κλέπτης

606 4645 689 4690 est
723 4636 824 4690 ﬁde
854 4650 919 4690 ac
942 4636 1248 4704 prudentia.
1283 4634 1409 4689 Scio
1456 4635 1599 4688 enim
1633 4634 1830 4689 multos
1851 4634 1946 4703 qui
1981 4634 2174 4688 viden-

611 4740 695 4783 tur
722 4730 920 4781 virtute
961 4742 1023 4780 ac
1064 4728 1262 4795 pietate
1304 4742 1369 4780 ac
1434 4725 1538 4780 ﬁde
1601 4727 1830 4795 prazditi,
1890 4736 2175 4797 propterea

610 4821 752 4889 quod
777 4818 1143 4873 ecclesiastica
1164 4818 1460 4887 prudenter
1477 4818 1858 4873 administrare
1888 4826 2179 4888 nequeant,

610 4911 897 4966 damnosos
918 4922 1037 4962 esse
1070 4908 1343 4973 Ecclesia),
1379 4919 1431 4962 et
1489 4924 1594 4963 non
1648 4914 1821 4963 solum
1869 4909 2178 4974 lacnltates,

612 4999 705 5055 sed
758 5000 921 5053 etiam
984 4999 1193 5053 animas
1257 5000 1517 5070 perdere:
1573 5011 1633 5055 ut
1689 5001 1921 5071 exempli
1976 5003 2174 5072 gratia,

610 5092 851 5161 peccavit
880 5093 1148 5160 quispiam
1182 5103 1399 5161 peccato
1436 5095 1577 5164 quod
1630 5094 1867 5147 animam
1904 5093 2127 5149 oﬁettdit
2160 5114 2171 5148 :

614 5186 716 5240 nisi
750 5188 984 5253 prudens
1018 5185 1086 5239 sit
1133 5186 1223 5253 qui
1261 5186 1531 5254 prtesidet,
1596 5189 1689 5243 sed
1741 5198 1949 5243 tantum
1986 5190 2180 5243 habeat

614 5280 791 5342 Iidem,
853 5280 954 5331 ltoc
1007 5289 1087 5331 est
1135 5281 1384 5333 virtutem
1429 5282 1633 5351 absque
1687 5282 1915 5351 judicio,
1980 5282 2059 5336 vel
2117 5297 2184 5335 ex

613 5370 897 5423 immodica
950 5369 1341 5438 increpatione,
1381 5375 1463 5427 vel
1505 5388 1571 5427 ex
1614 5376 1991 5443 intempestiva
2044 5374 2184 5428 illius

615 5467 1024 5520 mansuetudine
1067 5470 1432 5537 corrumpitur
1456 5471 1501 5523 is
1534 5470 1625 5538 qui
1651 5470 1830 5538 lapsus
1859 5480 1961 5537 est,
1995 5479 2047 5524 et
2078 5485 2181 5524 non

2284 4651 2351 4704 ἂν
2389 4650 2498 4721 είη,
2526 4652 2621 4703 καὶ
2648 4652 2791 4721 τόσῳ
2827 4652 3028 4721 μᾶλλον
3059 4653 3437 4724 δυσφώρατος,
3472 4656 3583 4724 ὅσῳ
3608 4657 3705 4709 καὶ
3733 4674 3871 4728 φρο-

2281 4742 2601 4809 νιμότατος·
2630 4741 2773 4794 οὓτω
2794 4742 2859 4813 δὴ
2888 4743 2983 4795 καὶ
3015 4743 3105 4795 ἐπὶ
3136 4743 3246 4795 τῶν
3275 4744 3457 4812 θείων,
3490 4744 3574 4799 δεῖ
3606 4749 3664 4800 ὲν
3687 4749 3873 4818 ταυτῷ

2276 4831 2373 4883 καὶ
2408 4832 2646 4895 πίστεως
2672 4834 2766 4886 καὶ
2791 4836 3107 4905 φρονήσεως
3128 4853 3141 4867 ·
3192 4832 3306 4889 οἶδα
3344 4838 3455 4909 γὰρ
3486 4837 3598 4907 ἐγὼ
3638 4841 3872 4907 πολλοὺς

2279 4924 2606 4989 σπουδαίους
2633 4926 2730 4996 μὲν
2779 4926 3073 4991 δοκοῦντας
3114 4930 3248 4984 ’κατ’
3275 4931 3500 5003 ἀρετὴν.
3544 4934 3642 4987 καὶ
3684 4936 3873 4990 θεοσε-

2280 5016 2414 5082 ϐεῖς,
2460 5018 2554 5070 καὶ
2590 5019 2771 5072 πίστιν
2814 5019 3056 5089 ἔχοντας,
3116 5024 3173 5075 ὲν
3221 5022 3297 5091 τῷ
3346 5024 3418 5095 μὴ
3479 5025 3748 5080 δύνασθαι
3812 5029 3869 5081 δὲ

2285 5109 2565 5177 φρονίμως
2613 5108 2895 5164 διαθέσθαι
2942 5113 3011 5164 τὰ
3064 5113 3525 5186 ἔκκλησιαστικὰ,
3578 5120 3639 5172 οὐ
3704 5121 3870 5191 μόνον

2283 5202 2562 5270 χρήματα,
2586 5203 2723 5257 ἀλλὰ
2748 5205 2842 5257 καὶ
2867 5203 3045 5275 ψυχὰς
3075 5207 3464 5278 ζημιώσαντας
3486 5230 3499 5246 .
3525 5208 3638 5265 οἷον
3673 5213 3867 5267 gmw

2288 5292 2345 5343 σέ
2369 5309 2452 5355 τις
2474 5295 2529 5346 ὲν
2559 5295 2777 5365 ψυχικῷ
2804 5299 3271 5369 προσπταίσματι,
3299 5303 3346 5354 εἰ
3382 5300 3456 5373 μὴ
3481 5306 3749 5374 φρόνιμος
3780 5307 3865 5372 εί]

2283 5386 2310 5435 ὁ
2344 5383 2648 5455 προεστὼς.
2703 5388 2837 5459 ᾁλλὰ
2886 5390 3050 5461 μόνον
3117 5393 3303 5447 πίστιν
3367 5393 3529 5465 ἔχων,
3588 5399 3870 5450 τουτέστιν

2283 5476 2482 5548 ἀρετὴν
2515 5478 2847 5551 ἀδιάκριτον,
2881 5482 2913 5553 ἢ
2941 5481 3001 5547 ἐξ
3027 5483 3271 5555 ἀμέτρου
3310 5487 3708 5558 ἐπιτιμήσεως,
3746 5489 3778 5558 ῆ
3806 5490 3870 5543 ὲκ

616 5566 858 5621 sanatur,
895 5557 984 5612 sed
1026 5562 1344 5613 conteritur.
1403 5562 1660 5630 Quisquis
1720 5562 1884 5631 igitur
1926 5563 2098 5617 ﬁdelis
2133 5574 2172 5617 cI

2286 5572 2590 5642 πραότητος
2617 5574 2843 5643 ἀκαίρου
2868 5575 3194 5649 διαφθαρείη
3233 5580 3260 5631 6
3317 5580 3575 5647 πταίσας,
3628 5582 3727 5635 καὶ
3768 5557 3871 5636 οὑκ

616 5650 851 5714 prudens
882 5649 1135 5706 inventus
1168 5652 1352 5717 fuerit,
1381 5654 1743 5711 constituetur
1778 5656 1831 5710 in
1876 5656 2183 5712 ministerio

684 5827 730 5859 "
757 5827 799 5882 ll
835 5826 980 5885 Petr.
1014 5846 1095 5897 Ill,
1130 5833 1215 5888 l0.

2293 5669 2599 5740 ἰαθήσεται,
2650 5669 2764 5723 ἀλλ’
2819 5672 3257 5745 ἐπιτριϐήσεται.
3293 5676 3486 5742 Ὅστις
3536 5672 3631 5732 οὖν
3678 5679 3869 5743 πιστὸς
