4110 6332
544 390 650 456 903

1461 374 2048 451 THEOPIIYLACTI
2097 369 2514 434 BULGARIE
2545 370 2907 432 ARCHIEP.

3726 364 3837 429 904

551 504 851 573 secundum
884 497 1224 569 Apostolum,
1261 494 1477 564 quando
1507 493 1744 561 Spiritus
1795 491 1894 546 Dei
1931 490 2141 546 habitat

2247 486 2559 558 εὑρίσκεται
2603 484 2759 549 τότε;
2795 483 2856 536 τὸ
2904 480 3014 552 γὰρ
3065 478 3512 552 διχοτομηθῆναι,
3543 477 3708 532 τοῦτο
3740 495 3839 548 ση·

552 596 609 654 in
641 594 792 649 nobis
824 591 890 644 δ’,
925 588 1027 654 Qui
1069 595 1256 640 autem
1317 597 1424 638 non
1477 581 1720 636 ambulat
1761 579 1976 649 spiritu,
2028 579 2124 632 sed

552 689 608 745 in
649 699 810 742 carne
835 692 938 745 est,
985 691 1040 736 et
1080 693 1274 748 expers
1321 676 1571 732 inventus
1607 673 1775 729 fuerit
1809 674 1933 726 vita:
1965 670 2132 739 spiri-

555 778 746 842 tuaiis,
787 792 910 831 cum
953 773 1248 830 incredulis
1291 771 1596 834 ordinatur,
1658 778 1844 838 utpote
1867 765 1958 834 qui
2008 778 2134 817 cum

552 869 833 927 incredulo
866 869 1065 922 mundo
1104 867 1514 922 condemnatur
1541 881 1553 915 :
1582 861 1839 930 quoniam
1861 855 1996 912 nihil
2027 855 2136 909 uti-

550 963 723 1019 litatis
750 966 818 1018 ab
844 971 1136 1032 apparente
1182 959 1286 1014 ﬁde
1337 957 1589 1029 percipit.
1632 952 1772 1009 Vera
1821 952 1974 1008 enim
2007 949 2140 1004 ﬁdes

553 1058 612 1110 in
640 1057 757 1125 ipso
792 1069 894 1108 non
939 1051 1066 1107 fuit.
1103 1049 1233 1103 Nam
1283 1051 1327 1104 si
1370 1050 1421 1101 in
1472 1061 1538 1102 eo
1576 1044 1766 1099 fuisset
1805 1056 1933 1096 vera
1979 1039 2135 1103 fides,

554 1147 901 1215 dispensator
936 1142 1107 1197 ﬁdelis
1135 1142 1346 1196 fuisset.
1372 1139 1570 1194 Verum
1602 1151 1758 1190 nunc
1785 1135 1911 1202 quia
1944 1133 2136 1187 bibens

556 1250 610 1291 et
641 1254 698 1291 se
732 1237 1008 1290 inebrians
1035 1235 1154 1297 fuit,
1186 1241 1237 1286 et
1285 1248 1374 1287 res
1414 1231 1630 1284 Domini
1660 1239 2039 1294 corrumpens,
2073 1224 2137 1275 fi-

554 1329 679 1384 dem
715 1345 891 1383 veram
929 1343 1034 1380 non
1060 1327 1268 1389 habuit,
1307 1340 1427 1392 qua:
1460 1322 1695 1391 exigitur
1729 1334 1757 1372 ιι
1792 1319 2136 1387 dispensato-

555 1421 748 1476 ribus:
780 1419 913 1472 bene
943 1434 1072 1488 ergo
1098 1432 1221 1471 cum
1272 1415 1454 1469 inﬁdis
1498 1413 1718 1484 ponitur
1777 1410 1954 1480 portio
1998 1409 2137 1476 ejus.

556 1511 807 1567 Privatus
833 1514 978 1567 enim
1008 1514 1150 1565 dono
1192 1522 1246 1565 et
1276 1511 1530 1570 nudatus,
1563 1505 1787 1559 mutilus
1838 1501 2133 1564 invenitur,

556 1614 608 1657 et
642 1619 749 1657 non
785 1604 1021 1670 integer.

2235 580 2441 652 μαίνει,
2481 578 2558 631 Τὸ
2594 575 2921 648 στερηθῆναι
2942 573 3044 644 τῆς
3074 573 3320 643 χάριτος.
3358 571 3695 642 Εὗρίσκεται
3725 573 3834 643 γὰρ

2233 673 2263 724 ό
2293 669 2530 732 ἐλεεινὸς
2563 668 2686 722 τότε
2724 666 2862 741 σὰρξ
2899 661 2975 718 ὣν
3031 666 3126 718 καὶ
3156 666 3218 718 οὺ
3259 662 3504 733 πνεῦμα’
3557 664 3683 715 ἐπεὶ
3709 665 3829 716 τότε

2236 761 2407 832 ἐσμὲν
2438 762 2495 814 ἐν
2519 759 2822 828 πνεύματι,
2845 758 2984 811 κατὰ
3005 757 3094 811 τὸν
3123 756 3469 821 Ἀπόστολον,
3495 754 3584 808 δτε
3605 753 3831 824 Πνεῦμα

2244 852 2385 907 Θεοῦ
2407 854 2552 906 οίκεῖ
2606 854 2664 903 ἐν
2705 852 2836 925 ἡμῖν
2863 865 2876 879 ⁸
2926 850 2954 901 6
2987 847 3044 899 δέ
3079 847 3154 916 μὴ
3189 846 3467 914 πνεύματι
3511 846 3826 916 στοιχήσας,

2240 947 2354 1001 ἀλλ’
2383 946 2443 998 ἐν
2479 943 2646 1015 σαρκὶ
2686 942 2784 1006 ὣν,
2829 942 2920 994 καὶ
2972 941 3202 1010 ἄμοιρος
3236 939 3485 1010 εὑρεθεὶς
3518 955 3656 991 πνευ
3672 953 3830 1008 ματι-

2240 1037 2345 1106 κῆς
2380 1035 2678 1099 πολιτείας,
2711 1030 2850 1100 μετὰ
2874 1031 2981 1082 τῶν
3011 1029 3265 1082 ἀπίστων
3292 1029 3574 1091 τάττεται,
3611 1021 3702 1078 οἷα
3734 1024 3828 1076 σὺν

2236 1129 2315 1198 τῷ
2351 1127 2568 1196 ἀπίστῳ
2596 1124 2793 1195 κόσμῳ
2829 1123 3326 1192 κατακρινόμενος,
3349 1120 3426 1182 ὼς
3485 1117 3656 1188 μηδὲν
3681 1117 3824 1184 ὡφε-

2236 1221 2422 1292 ληθεὶς
2455 1219 2564 1273 ἀπὸ
2610 1217 2711 1288 τῆς
2743 1215 3011 1283 δοκούσης
3064 1214 3304 1275 πίστεως
3333 1230 3347 1243 ·
3379 1214 3414 1283 η
3464 1211 3572 1280 γὰρ
3622 1209 3828 1279 ἀληθὴς

2240 1315 2427 1376 πίστις
2480 1313 2536 1365 ὲν
2577 1309 2728 1380 αὐτῷ
2786 1309 2886 1362 οὑκ
2918 1303 2985 1378 ἦν
3024 1324 3035 1338 ·
3072 1307 3119 1359 εί
3155 1305 3265 1375 γὰρ
3291 1305 3500 1374 ἀληθὴς
3553 1304 3740 1365 πίστις
3773 1303 3829 1352 ἐν

2243 1405 2396 1476 αὑτῷ
2421 1400 2510 1475 ἦν,
2549 1403 2833 1472 οἰκονόμος
2863 1400 2928 1454 διν
2973 1395 3040 1470 ἦν
3091 1398 3281 1460 πιστός
3309 1411 3321 1424 ·
3366 1395 3462 1449 νῦν
3493 1395 3550 1448 δέ
3583 1395 3711 1448 ἐπεὶ
3742 1394 3828 1446 πί-

2244 1513 2350 1549 νων
2390 1493 2480 1561 ἦν,
2518 1494 2612 1546 καὶ
2648 1492 2886 1564 μεθύων,
2918 1493 3013 1545 καὶ
3040 1490 3368 1559 διαφθείρων
3401 1491 3469 1540 τὰ
3503 1488 3827 1549 δεσποτικὰ,

2246 1589 2348 1641 οὑκ
2378 1583 2494 1658 εἶχε
2524 1587 2624 1654 τὴν
2665 1586 2839 1656 άληθῆ
2875 1590 3080 1650 πίστιν,
3117 1586 3185 1654 ἣν
3207 1581 3566 1637 ἀπαιτοῦνται
3600 1584 3649 1634 οί
3681 1583 3829 1636 obto-

556 1697 708 1765 νόμοι
733 1712 746 1726 ·
783 1696 959 1758 καλῶς
989 1697 1099 1766 ἄρα
1126 1693 1262 1764 μετὰ
1287 1693 1394 1745 τῶν
1426 1693 1668 1746 ἀπίστων
1698 1689 1906 1742 τίθεται
1942 1686 2002 1740 τὸ
2043 1684 2206 1757 μέρος
2240 1680 2410 1736 αὐτοῦ
2432 1697 2446 1712 ο
2481 1679 2769 1749 στερηθεὶς
2809 1679 2917 1750 γάρ
2948 1679 3045 1732 τοῦ
3093 1679 3437 1750 χαρίσματος
3467 1679 3560 1733 καὶ
3602 1694 3827 1746 γυμνωο

557 1788 696 1851 θεὶς,
725 1788 943 1851 κολοϐὸς
975 1788 1287 1855 εὑρίσκεται
1327 1787 1422 1837 καὶ
1459 1787 1557 1854 οὑχ
1594 1782 1908 1852 ὁλόκληρος.

629 1884 796 1937 Vsus.
827 1883 913 1947 47,
951 1881 1041 1939 48.
1073 1899 1090 1930 ι
1138 1880 1231 1937 Ille
1261 1891 1453 1934 autent.
1502 1893 1694 1935 servus
1745 1878 1836 1946 qui
1886 1871 2135 1943 cognovit

2315 1887 2334 1920 ι
2378 1869 2618 1930 Ἐκεῖνος
2657 1865 2712 1920 δέ
2745 1868 2772 1919 6
2816 1865 3002 1928 δοῦλος
3059 1866 3086 1917 6
3139 1864 3301 1933 γνοὺς
3356 1864 3416 1918 τὸ
3473 1866 3689 1934 θέλημα
3734 1864 3826 1917 τοῦ

558 1977 895 2030 Volunt-atem
930 1973 1278 2036 tlontinisui,
1325 1988 1421 2027 nec
1463 1990 1522 2046 se
1577 1971 1916 2042 praeparavit,
1967 1981 2141 2036 neque

561 2066 862 2122 secundum
913 2048 1243 2118 voluntatem
1286 2064 1406 2133 ejus
1459 2065 1602 2127 fecit,
1642 2064 1814 2134 plagis
1866 2062 2142 2130 vapulabit

562 2156 745 2210 multis
769 2171 784 2220 ;
807 2155 898 2222 qui
919 2165 1094 2208 autem
1129 2169 1232 2207 non
1252 2156 1522 2222 cegnovit,
1540 2163 1591 2206 et
1616 2153 1744 2207 fecit
1765 2155 1920 2220 digna
1947 2152 2138 2221 plagis,

559 2247 838 2316 vapulabit
856 2250 1062 2315 paucis.
1085 2245 1250 2299 Porro
1265 2247 1565 2314 cuicunque
1581 2245 1806 2298 multum
1832 2245 2014 2298 datum
2033 2255 2138 2306 est,

561 2339 791 2394 multum
822 2349 1091 2405 qumretur
1119 2339 1202 2393 ab
1233 2353 1296 2392 eo
1333 2357 1346 2390 :
1379 2348 1434 2391 et
1481 2338 1567 2390 cui
1623 2337 2143 2390 commendaverunt

565 2430 820 2493 multum,
853 2430 986 2498 plus
1019 2430 1388 2495 petentabee.
1427 2446 1446 2480 ι
1469 2427 1582 2481 Hoc
1601 2429 1715 2481 loco
1739 2427 1968 2495 amplius
1991 2429 2144 2494 quid-

564 2516 686 2571 dam
737 2534 799 2571 ac
829 2519 1124 2574 terribilius
1158 2519 1311 2572 nobis
1339 2518 1678 2572 demonstrat
1707 2519 1989 2572 Dominus.
2027 2517 2141 2571 Non

565 2612 741 2666 solum
767 2612 932 2676 enim,
959 2611 1342 2682 iuquit,gratia
1382 2612 1676 2665 nudabitur
1691 2614 1780 2680 qui
1811 2612 1932 2665 talis
1956 2619 2058 2677 est,
2092 2620 2146 2663 et

567 2702 702 2755 niltil
741 2703 841 2755 sibi
887 2704 1126 2771 proderit
1162 2703 1264 2756 hoc
1290 2712 1350 2754 ιιι
1379 2701 1640 2756 liberetur
1666 2719 1696 2755 a
1731 2702 1927 2772 pmnis,
1965 2704 2056 2756 sed
2091 2711 2144 2756 et

569 2793 793 2860 majoris
823 2793 1294 2848 candetuuationis
1315 2806 1478 2859 causa
1501 2793 1606 2847 erit
1632 2794 1912 2864 dignitatis
1941 2794 2146 2863 magni-

571 2887 720 2970 tude.
745 2885 861 2951 Quo
889 2886 1006 2955 plus
1039 2887 1184 2941 enim
1228 2887 1336 2943 scit
1384 2887 1477 2960 qui
1505 2895 1714 2956 peccat,
1748 2896 1899 2941 tanto
1929 2886 2146 2956 gravioo

567 2993 684 3035 rem
715 2993 932 3043 pteuant
969 2979 1071 3033 sibi
1134 2981 1388 3036 accersit.
1421 2978 1489 3033 Et
1553 2981 1607 3034 in
1659 2981 2013 3049 sequentibus
2042 2980 2142 3035 hoc

572 3068 916 3123 manifestius
945 3066 1022 3123 fit.
1056 3067 1155 3123 Cui
1196 3069 1340 3125 enim
1362 3069 1560 3135 sdatum
1586 3079 1671 3124 est
1703 3069 1953 3136 multum,
1991 3070 2057 3124 ab
2079 3085 2145 3125 eo

569 3161 882 3229 requiretur
923 3160 1086 3214 etiam
1119 3161 1394 3215 multum:
1428 3171 1482 3214 et
1503 3161 1590 3216 cui
1619 3166 2143 3217 commendaret-unt

569 3227 825 3314 multum,
865 3249 987 3319 plus
1013 3258 1196 3320 petent
1224 3252 1292 3306 ab
1320 3265 1406 3306 eo.
1432 3249 1534 3306 Per
1571 3253 1672 3306 hoc
1697 3252 1841 3307 enim
1873 3253 2141 3323 signatur,
2171 3227 2216 3288 θ

567 3355 785 3413 partam
847 3357 1008 3411 quam
1059 3355 1342 3399 merentur
1373 3345 1648 3410 doctores,
1680 3346 1848 3417 380
1904 3346 2144 3402 futuram

570 3433 850 3502 majorem.
894 3433 1058 3488 Datur
1101 3436 1281 3506 igitur
1340 3445 1394 3492 et
1436 3440 1855 3492 commendatur
1902 3438 2145 3494 doctori-

571 3524 675 3580 bus
720 3543 736 3581 :
779 3527 938 3580 datur
973 3527 1209 3596 quidem,
1238 3538 1293 3583 ut
1353 3529 1524 3600 gratia
1577 3531 1800 3584 sanandi
1830 3531 2063 3598 morbos,
2093 3538 2149 3585 et

569 3616 802 3673 faciendi
832 3620 1116 3686 miracula,
1154 3622 1566 3676 commendatur
1599 3631 1778 3677 autem
1811 3623 1892 3679 cis
1914 3625 2062 3679 verbi
2094 3633 2149 3679 et

559 3709 834 3768 doctrina:
867 3711 1088 3765 donum.
1129 3713 1346 3767 Etcum
1372 3713 1529 3778 dixit,
1569 3712 1758 3782 Datur,
1786 3730 1892 3770 non
1922 3717 2146 3784 subjun-

571 3800 669 3869 git,
703 3800 952 3870 Amplius
986 3803 1241 3871 exigeut:
1275 3805 1378 3858 sed
1411 3820 1535 3860 cum
1569 3806 1727 3874 dixit,
1784 3807 2146 3874 Commenda-

573 3902 682 3956 tur,
743 3901 799 3946 et
827 3893 1070 3961 profecto
1122 3895 1324 3952 donum
1369 3899 1522 3952 verbi
1567 3915 1705 3967 opus
1746 3901 1910 3955 habet
1941 3902 2146 3968 labore,

570 3994 625 4038 et
651 3984 887 4055 amplius
913 3984 1146 4055 exigitur
1171 4005 1200 4042 a
1227 3991 1562 4048 doctoribus.
1587 3990 1814 4062 Oportet
1835 3993 1982 4047 enim
2023 4008 2146 4049 eum

569 4089 675 4137 no:
721 4087 844 4130 esse
897 4077 1136 4133 desidem
1172 4095 1236 4136 ac
1285 4082 1559 4151 ignavum,
1635 4086 1729 4140 sed
1790 4086 2150 4156 multiplicare

573 4163 831 4220 talentum
851 4169 1018 4222 verbi.
1040 4167 1228 4238 Igitur,
1246 4173 1332 4226 cui
1359 4175 1906 4244 commendaverunt,
1944 4174 2148 4232 intelli-

571 4271 698 4324 gere
729 4257 915 4323 debes,
938 4261 1022 4314 cui
1048 4261 1276 4317 multum
1310 4265 1495 4319 datum
1525 4267 1590 4320 ad
1635 4283 1876 4323 usuram.
1915 4269 2144 4324 Usuram

572 4347 715 4400 enim
775 4353 1211 4407 commendatum
1265 4364 1320 4408 et
1351 4357 1654 4424 depositum
1709 4359 1797 4414 ltic
1842 4361 2037 4432 signat.
2077 4361 2145 4414 At

573 4447 701 4491 sunt
746 4439 855 4508 qui;
880 4452 1126 4509 quzerant
1164 4462 1178 4502 :
1239 4445 1415 4511 Esto,-
1448 4447 1608 4515 bene,
1660 4452 1916 4518 puniatur
1947 4455 1992 4507 is
2025 4454 2147 4522 quis

574 4529 678 4583 scit
719 4531 1053 4588 voluntatem
1102 4534 1336 4602 Domini,
1369 4549 1423 4592 et
1460 4553 1566 4594 non
1608 4541 1735 4595 facit
1785 4560 1799 4597 :
1854 4545 1944 4612 qui
1967 4556 2146 4600 autem

585 4623 787 4685 nescit,
841 4636 1010 4705 quare
1051 4626 1308 4692 punitur?
1367 4627 1444 4686 Eo
1483 4631 1623 4699 quod
1680 4633 1945 4699 potuisset
1989 4636 2169 4691 etiam

576 4707 692 4776 ipse
723 4711 950 4776 discere,
985 4725 1038 4767 et
1071 4718 1262 4782 noluit,
1301 4721 1392 4797 sed
1416 4721 1568 4791 piger
1594 4721 1716 4786 fuit,
1757 4723 1874 4793 ipse
1905 4725 1956 4780 in
1986 4737 2152 4783 causa

578 4797 684 4855 fuit
738 4805 1033 4872 quominus
1085 4808 1334 4864 didicerit
1385 4828 1399 4865 :
1461 4824 1790 4883 quapropter
1851 4818 2154 4885 punicudus

583 4903 668 4948 est
722 4899 866 4966 quod
911 4909 1100 4967 sponte
1138 4917 1243 4956 non
1295 4904 1506 4960 didicit.
1552 4905 1886 4975 Timeamus,
1915 4909 2142 4968 fratres.

581 4983 722 5040 Nam.
747 4989 791 5041 si
827 4989 871 5042 is
909 4992 999 5058 qui
1030 4993 1161 5047 nibil
1187 4995 1315 5062 scit,
1352 4998 1573 5053 omnino
1593 4999 1791 5069 dignus
1825 5011 1908 5056 est
1939 5003 2150 5074 plagis:

581 5094 700 5148 quae
729 5086 1010 5140 excusatio
1039 5086 1290 5142 liberabit
1322 5105 1416 5145 eos
1437 5093 1526 5160 qui
1553 5093 1792 5149 scienter
1815 5095 2150 5166 delinquunt,

586 5173 820 5227 maxime
859 5178 902 5230 si
931 5179 1180 5236 doctores
1205 5178 1439 5237 fuerint?
1471 5183 1701 5241 Gravior
1732 5188 1878 5242 enim
1907 5201 1990 5244 est
2035 5192 2149 5246 inec

586 5262 981 5324 condemnatio.

663 5524 820 5583 Vsus.
853 5529 944 5597 69,
978 5533 1065 5588 50.
1105 5553 1124 5586 ι
1162 5533 1341 5606 Ignem
1375 5541 1497 5594 veni
1540 5542 1802 5602 missurus
1831 5548 1882 5602 in
1915 5557 2151 5605 terram:

587 5627 640 5669 et
691 5621 819 5687 quid
852 5638 989 5688 voto,
1032 5628 1075 5679 si
1130 5627 1239 5698 jam
1291 5647 1554 5691 accensus
1597 5638 1714 5693 est?
1751 5637 1855 5696 Sed
1887 5641 2157 5712 baptismo

663 5792 706 5824 "
744 5791 900 5852 Rom.
939 5811 1054 5864 vm,
1093 5800 1146 5852 α.

2242 1962 2428 2033 κυρίου
2461 1961 2651 2023 αὑτοῦ,
2677 1960 2773 2012 καὶ
2816 1960 2890 2029 μὴ
2915 1957 3210 2027 ἑτοιμάσας
3233 1958 3365 2028 μηδέ
3411 1958 3648 2028 ποιήσας
3682 1958 3819 2027 πρὸς

2241 2055 2303 2107 τὸ
2336 2054 2548 2123 θέλημα
2575 2051 2768 2118 αὑτοῦ,
2796 2051 3094 2122 δαρήσεται
3122 2051 3320 2114 πολλάς
3344 2066 3360 2080 ⁸
3391 2053 3418 2104 6
3441 2052 3498 2103 δὲ
3530 2051 3608 2121 μὴ
3636 2052 3825 2118 γνοὺς,

2247 2148 2476 2217 ποιήσας
2499 2146 2553 2198 δέ
2574 2145 2700 2211 ἄξια
2723 2144 2970 2214 πληγῶν,
2997 2145 3292 2214 δαρήσεται
3315 2145 3502 2212 ὀλίγας
3528 2159 3542 2172 “
3564 2145 3736 2199 παντὶ
3771 2146 3826 2200 δὲ

2244 2229 2288 2304 ᾧ
2318 2236 2472 2304 ἐδόθη
2506 2235 2661 2300 πολὺ,
2715 2236 2849 2289 πολὺ
2883 2235 3245 2306 ζητηθήσεται
3272 2236 3401 2306 παρ’
3433 2235 3624 2301 αὐτοῦ,
3655 2238 3758 2290 καὶ
3790 2229 3833 2304 ᾧ

2246 2329 2547 2398 παρέθεντο
2583 2328 2740 2393 πολὺ,
2796 2329 3191 2398 περισσότερον
3225 2329 3542 2398 αἰτήσουσιν
3574 2330 3766 2386 αὐτόν.
3807 2351 3823 2381 t

2259 2422 2524 2476 Ἐνταῦθα
2547 2423 2641 2474 καὶ
2672 2421 2852 2473 πλεῖόν
2889 2439 2938 2475 τι
2977 2422 3072 2474 καὶ
3102 2421 3482 2492 φοϐερώτερον
3506 2422 3824 2476 ὑποδείκνυ-

2245 2533 2329 2569 σιν
2357 2517 2486 2586 ἡμῖν
2517 2517 2544 2569 6
2577 2515 2804 2586 Κύριος.
2869 2515 2945 2568 Οὐ
2983 2515 3142 2583 μόνον
3179 2516 3308 2587 γὰρ,
3352 2516 3506 2585 φησὶ,
3544 2517 3639 2570 τοῦ
3672 2517 3835 2589 χαρίο

2249 2621 2454 2675 σματος
2497 2605 2919 2674 γυμνωθήσεται
2958 2605 2988 2655 ὁ
3033 2604 3296 2668 τοιοῦτος,
3353 2605 3448 2657 καὶ
3493 2605 3651 2661 οὐδὲν
3680 2606 3834 2676 αὐτῴ

2249 2697 2609 2767 συμϐαλεῖται
2661 2697 2796 2767 πρὸς
2841 2697 3160 2767 ἀπαλλαγὴν
3213 2699 3323 2751 τῶν
3361 2700 3663 2768 κολάσεων,
3695 2702 3836 2756 ἀλλὰ

2248 2792 2342 2843 καὶ
2378 2789 2625 2860 μείζονος
2647 2790 2794 2859 αὐτῷ
2825 2792 3210 2861 κατακρίσεως
3239 2791 3413 2844 αἴτιον
3441 2794 3738 2864 γενήσεται
3772 2795 3836 2848 τὸ

2247 2881 2342 2935 τοῦ
2366 2881 2676 2952 ἀξιώματος
2702 2883 2953 2960 μέγεθος.
2993 2884 3144 2953 Ὀσῳ
3176 2883 3286 2953 γὰρ
3313 2883 3604 2951 γινώσκων
3641 2886 3833 2939 ἕπταιο

2249 2991 2335 3041 σε,
2384 2975 2628 3046 τοσούτῳ
2686 2973 2910 3044 μείζονα
2966 2975 3065 3045 τὴν
3112 2975 3386 3046 τιμωρίαν
3437 2977 3619 3046 ἐαυτῴ
3673 2996 3836 3049 περι-

2248 3067 2506 3119 ποιεῖται.
2547 3065 2664 3118 Καὶ
2683 3063 2771 3118 διὰ
2820 3063 2928 3117 τῶν
2959 3063 3158 3135 ἐφεξῆς
3201 3065 3258 3118 δέ
3298 3066 3634 3139 σαφέστερον
3668 3068 3836 3128 ,τοῦτο

2249 3161 2421 3215 ποιεῖ,
2482 3152 2552 3230 Ὦ
2582 3159 2692 3230 γὰρ
2719 3157 2896 3226 ἐδόθη,
2921 3159 3076 3229 φησι,
3099 3159 3256 3224 πολὺ,
3296 3158 3390 3212 καὶ
3418 3161 3552 3213 πολὺ
3591 3161 3833 3234 ζητηθή-

2250 3269 2403 3306 σεται
2437 3252 2567 3324 παρ“
2597 3251 2786 3317 αὐτοῦ,
2825 3254 2920 3305 καὶ
2945 3246 2988 3321 ᾧ
3017 3252 3323 3322 παρέθεντο
3357 3255 3520 3318 πολὺ,
3575 3258 3836 3326 περισσό-

2248 3361 2409 3416 τερον
2433 3346 2751 3417 αἰτήσουσιν
2777 3345 2962 3399 αὑτόν.
2990 3345 3088 3399 Διὰ
3118 3343 3327 3399 τούτων
3379 3347 3491 3418 γὰρ
3525 3347 3832 3402 αἰνίττεται

2252 3436 2349 3506 τὴν
2379 3437 2494 3500 τοῖς
2517 3437 2858 3501 διδασκάλοις
2887 3437 3253 3508 ὀφειλομένην
3286 3439 3566 3510 τιμωρίαν
3607 3443 3834 3510 μείζονα

2251 3527 2542 3597 ἐσομένην.
2572 3531 2680 3583 Καὶ
2701 3523 2902 3583 δίδοται
2934 3530 3026 3584 οῦν
3050 3533 3161 3593 τοῖς
3187 3531 3551 3596 διδασκάλοις
3585 3535 3685 3587 καὶ
3717 3551 3824 3588 πα-

2255 3617 2675 3687 ρακατατίθεται
2702 3635 2717 3650 ο
2753 3621 2958 3678 δίδοται
3008 3620 3129 3692 μὲν,
3180 3619 3292 3678 οἷον
3325 3624 3385 3678 τὸ
3441 3625 3691 3697 χάρισμα
3737 3627 3828 3681 τοῦ

2252 3713 2690 3783 θαυματουργεῖν
2750 3717 2844 3767 καὶ
2909 3715 3093 3768 ἰᾶσθαι
3146 3715 3358 3782 νόσους,
3434 3719 3817 3788 παρακατατι·

2252 3803 2402 3858 θεται
2441 3806 2496 3858 δέ
2540 3806 2726 3867 αὐτοῖς
2755 3805 2816 3857 τὸ
2861 3805 2955 3859 τοῦ
2987 3807 3144 3875 λόγου
3178 3810 3274 3862 καὶ
3326 3810 3425 3880 τῆς
3477 3811 3827 3876 διδασκαλίας

2251 3901 2521 3971 χάρισμα.
2559 3901 2683 3954 Ἐπὶ
2720 3900 2819 3970 μὲν
2859 3901 2954 3958 οῦν
2984 3903 3102 3968 τοῦ,
3165 3905 3522 3971 Δίδοται,οὑκ
3552 3904 3711 3962 εἶπεν
3751 3909 3832 3963 ὅτι

2253 3996 2647 4067 Περισσότερον
2677 3997 3074 4068 άπαιτήσουσιν
3111 4014 3124 4028 ο
3162 4001 3254 4053 ἐπὶ
3307 4001 3361 4054 δὲ
3401 4001 3516 4063 τοῦ.
3562 4003 3831 4074 Παρακαο

2251 4089 2533 4145 τατίθεται
2561 4105 2576 4119 ο
2610 4090 2706 4143 καὶ
2749 4089 2859 4159 γὰρ
2911 4091 3080 4155 ὅντως
3113 4092 3175 4145 τὸ
3209 4093 3314 4168 ,τοῦ
3364 4093 3526 4162 λόγου
3587 4097 3833 4165 χάρισμα

2251 4180 2588 4250 ἐπεργασίας
2645 4181 2836 4247 δεῖται,
2895 4183 2990 4236 καὶ
3049 4185 3363 4237 ἀπαιτεῖται
3419 4187 3446 4238 6
3504 4185 3831 4251 διδάσκαλος

2251 4273 2656 4343 περισσότερον.
2715 4273 2808 4324 Δεῖ
2859 4272 2966 4344 γὰρ
3001 4272 3164 4332 αὑτὸν
3206 4273 3282 4344 μὴ
3351 4273 3642 4344 ῥᾳθυμεῖν,
3700 4277 3833 4330 ἀλλὰ

2251 4363 2575 4428 πλεονάζειν
2603 4365 2664 4417 τὸ
2689 4365 2783 4418 τοῦ
2807 4365 2965 4434 λόγου
3003 4366 3266 4421 τάλαντον
3291 4383 3304 4397 °
3341 4368 3402 4420 τὸ
3447 4370 3650 4436 τοίνυν,
3693 4389 3830 4442 παρ-

2252 4456 2578 4527 ετέθη,άντὶ
2595 4456 2713 4523 τοῦ,
2741 4452 2786 4526 ᾧ
2817 4458 3104 4527 ἐδανείσθη
3137 4459 3292 4526 πολὺ,
3314 4461 3553 4530 ὀφείλεις
3576 4467 3743 4517 νοεῖν·
3778 4465 3836 4518 τὸ

2177 4548 2364 4639 Βγάρ
2434 4549 2642 4603 δάνειον
2705 4550 3182 4621 παρακαταθήκην
3228 4553 3465 4605 ἐνταῦθα
3523 4554 3831 4626 ὠνόμασεν.

2270 4640 2426 4693 Ἀλλὰ
2446 4640 2609 4708 ζητοῦ
2619 4642 2669 4693 σί
2691 4642 3070 4706 τινες,”Εστω,
3102 4643 3281 4708 καλῶς
3299 4648 3658 4716 τιμωρεῖταιό
3675 4651 3836 4718 γνοὺς

2255 4731 2315 4784 τὸ
2334 4729 2548 4800 θέλημα
2563 4731 2655 4783 τοῦ
2677 4732 2960 4796 δεσπότου,
2987 4734 3079 4785 καὶ
3104 4732 3178 4806 μὴ
3200 4735 3390 4799 ποιῶν,
3406 4737 3436 4786 6
3461 4736 3519 4790 δὲ
3554 4739 3629 4808 μὴ
3649 4745 3834 4806 γνοὺς,

2257 4820 2399 4873 διατι
2431 4825 2752 4891 τιμωρεῖται
2771 4840 2786 4890 ;
2807 4822 2951 4875 Διότι
2979 4822 3276 4892 δυνάμενος
3303 4829 3497 4895 μαθεῖν
3524 4845 3618 4881 και
3650 4829 3832 4893 αὐτὸς,

2256 4911 2406 4980 ὅμως
2437 4912 2537 4964 οὐκ
2564 4912 2849 4984 ⁴ιίθέλησεν,
2874 4913 2988 4966 ἀλλ’
3012 4914 3120 4970 ἀπὸ
3159 4915 3432 4986 ῥᾳθυμίας
3464 4919 3632 4983 αὐτὸς
3655 4921 3837 4992 ἐαυτῷ

2259 5003 2431 5063 αἴτιος
2476 5002 2572 5055 τοῦ
2604 5003 2679 5075 μὴ
2718 5004 2914 5074 μαθεῖν
2947 5006 3192 5074 γέγονεν,
3226 5007 3367 5061 ὥστε
3400 5009 3489 5063 διὰ
3530 5012 3691 5065 τοῦτο
3744 5031 3833 5068 κο-

2256 5093 2502 5158 λαστέος,
2536 5094 2616 5146 ὅτι
2655 5095 2794 5154 ἐκὼν
2825 5097 2924 5148 οὑκ
2951 5095 3146 5167 ἔμαθε.
3171 5098 3477 5170 Φρίξωμεν,
3503 5103 3726 5172 ἀδελφοί
3751 5121 3763 5134 ·
3790 5106 3839 5161 εἰ

2258 5184 2366 5254 γάρ
2395 5187 2422 5238 6
2445 5186 2571 5256 μηδ’
2599 5186 2736 5251 ὅλως
2767 5190 2951 5254 γνοὺς,
3012 5187 3160 5255 ἄξιος
3187 5191 3438 5263 πληγῶν,
3481 5197 3633 5260 ποῖος
3661 5199 3837 5252 ἀπαλ-

2257 5274 2405 5339 λάξει
2441 5277 2598 5345 λόγος
2647 5282 2771 5342 τοὺς
2833 5281 2892 5333 ἐν
2941 5279 3139 5352 γνώσει
3204 5283 3690 5357 πλημμελοῦντας,
3744 5291 3835 5344 καὶ

2262 5369 2495 5438 μάλιστα
2529 5372 2576 5423 εί
2605 5372 2700 5424 καὶ
2739 5371 3053 5426 διδάσκαλοι
3099 5371 3211 5429 εἷεν
3238 5395 3254 5445 ;
3285 5381 3696 5454 Φορτικώτερον
3731 5383 3836 5456 γὰρ

2259 5462 2317 5514 τὸ
2354 5462 2559 5518 τούτων
2599 5465 2940 5538 κατάκριμα.

2335 5576 2353 5608 ι
2395 5557 2514 5630 Πῦρ
2543 5553 2705 5630 ἦλθον
2739 5559 2922 5622 βαλεῖν
2952 5565 3033 5626 είς
3079 5565 3178 5637 τὴν
3208 5568 3312 5638 γῆν
3337 5584 3350 5597 ·
3385 5571 3480 5623 καὶ
3509 5570 3562 5623 τί
3593 5570 3755 5632 θέλω,
3789 5570 3836 5624 εὶ

2261 5648 2363 5720 ήδη
2407 5650 2668 5722 ἁνήφθη;
2727 5653 3021 5726 Βάπτισμα
3054 5657 3110 5711 δέ
3145 5659 3253 5729 ἐχω
3305 5659 3699 5734 βαπτισθῆναι,
3745 5676 3834 5720 και
