4110 6332
241 384 353 445 905

939 381 1384 443 ENARRATIO
1427 380 1509 441 IN
1550 374 2059 442 EVANGELIUM
2093 376 2332 438 LUCE.
2365 403 2432 410 —
2471 376 2633 435 CAP.
2676 375 2811 436 XII.

3438 377 3542 440 906

241 492 378 556 πῶς
406 490 706 562 συνέχομαι
746 490 847 553 ἕως
870 483 930 543 οὗ
982 491 1206 561 τελεσθῇ
1238 509 1251 556 ;
1298 510 1314 541 ι
1355 490 1474 558 Πῦρ
1513 491 1716 543 νοεῖται
1743 487 1836 556 μὲν

1953 484 2125 540 habeo
2173 485 2468 554 baptizari,
2513 496 2564 540 et
2627 485 2904 555 quomodo
2976 485 3328 557 constringor
3382 489 3559 547 donec

233 587 340 636 καὶ
378 583 432 637 “.6
456 585 746 654 κήρυγμα,
807 585 835 635 ὁ
879 583 1037 651 λόγος
1068 585 1179 655 γὰρ
1227 584 1340 654 πῦρ
1394 581 1703 636 κατεσθίων
1734 582 1843 633 πᾶν

236 676 450 740 ὑλῶδες
507 677 603 729 καὶ
655 676 1000 745 συρφετῶδες
1033 675 1233 746 νόημα,
1284 676 1378 729 καὶ
1425 674 1491 728 τὰ
1533 672 1728 727 εἴδωλα
1762 671 1846 736 ἐξ·

235 771 526 838 ἀφανίζων
552 769 744 833 ὁποίας
769 770 834 822 ἂν
859 768 991 839 ὕλης
1022 765 1154 823 εἷεν.
1186 771 1409 823 Νοεῖται
1431 768 1488 820 δὲ
1510 769 1605 820 καὶ
1634 768 1661 819 6
1682 764 1845 835 ζῆλος

235 868 266 918 ὁ
323 864 464 932 ὑπὲρ
493 864 586 916 τοῦ
630 864 799 918 καλοῦ
835 866 894 918 ὲν
944 866 1164 936 ἑκάστῳ
1216 865 1372 935 ἡμῶν
1425 864 1842 934 ἀναπτόμενος⁶

230 958 386 1027 τάχα
408 957 464 1010 δὲ
498 958 595 1010 καί.
630 950 786 1017 οὗτος
811 958 903 1012 διὰ
963 959 1056 1012 τὸν
1112 958 1270 1026 λόγον
1302 956 1396 1011 τοῦ
1447 956 1584 1010 Θεοῦ
1620 955 1846 1026 γινόμε-

236 1067 359 1114 νος,
395 1051 499 1104 οὐκ
530 1052 758 1105 ἀπέοικε
789 1051 885 1105 τοῦ
951 1053 1225 1125 προτέρου
1251 1066 1263 1079 ⁸
1297 1051 1476 1120 τούτῳ
1501 1049 1567 1120 δὴ
1601 1047 1680 1120 τῷ
1710 1047 1844 1116 πυρὶ

236 1142 494 1210 βούλεται
548 1146 576 1197 6
611 1143 819 1211 Κύριος
871 1145 1212 1199 ἀνάπτεσθαι
1264 1143 1364 1206 τὰς
1400 1142 1629 1214 καρδίας
1657 1139 1838 1211 ἡμῶν·

232 1237 325 1287 δεῖ
357 1236 467 1303 γὰρ
495 1237 643 1307 ἡμᾶς
676 1235 838 1306 ζῆλον
872 1235 1140 1306 διάπυρον
1170 1236 1312 1305 ὑπὲρ
1333 1235 1426 1288 τοῦ
1458 1232 1625 1287 καλοῦ
1661 1233 1841 1302 ἔχειν’

235 1330 302 1381 τδρ
337 1311 469 1402 γάρξ
485 1330 534 1381 τί
557 1329 716 1396 θέλω,
735 1331 855 1382 ἀντὶ
879 1322 997 1395 τοῦ,
1020 1331 1186 1384 πόσον
1209 1329 1370 1395 θέλω,
1394 1329 1442 1381 εί
1466 1326 1566 1400 ἤδη
1592 1324 1840 1396 ἀνήφθης

249 1418 612 1473 Ἐπισπεύδει
685 1421 795 1492 γὰρ
832 1419 932 1491 τὴν
965 1420 1164 1490 ἄναψιν
1232 1419 1427 1473 τούτου
1483 1418 1578 1472 τοῦ
1647 1416 1840 1488 πυρὸς,

240 1510 434 1575 καθὼς
467 1514 562 1566 καὶ
593 1514 622 1565 6
670 1513 884 1576 Παῦλος
938 1513 1089 1582 λέγει
1119 1531 1134 1545 ο
1160 1513 1250 1584 Τῷ
1286 1512 1568 1582 πνεύματι
1596 1511 1837 1575 ζέοντες.

237 1606 357 1660 Καὶ
390 1608 588 1662 πάλιν⁶
628 1607 787 1678 Ζηλῶ
814 1608 926 1679 γάρ
955 1608 1102 1678 ὑμᾶς
1129 1607 1266 1662 Θεοῦ
1310 1607 1482 1680 ζήλῳ.
1539 1605 1838 1674 Βάπτισμα

237 1701 299 1753 δὲ
352 1701 446 1754 τὸν
492 1700 726 1755 θάνατον
775 1701 973 1756 ἑαυτοῦ
1015 1702 1187 1771 λέγει.
1246 1701 1467 1770 Ἐπειδὴ
1499 1701 1608 1770 γὰρ
1649 1699 1709 1752 τὸ
1730 1698 1844 1769 πῦρ

209 1794 412 1849 -τοῦτο
465 1797 567 1849 οὐκ
615 1795 794 1858 ἄλλως
830 1796 1056 1868 ἔμελλεν
1119 1797 1449 1868 ἀναφθῆναι,
1487 1799 1535 1850 εί
1580 1797 1656 1867 μὴ
1703 1797 1844 1866 μετὰ

238 1887 336 1941 τὸν
371 1887 606 1943 θάνατον
638 1888 805 1944 αὑτοῦ
847 1907 860 1920 ·
900 1893 995 1944 καὶ
1050 1890 1160 1961 γάρ
1209 1891 1399 1944 ἔκτοτε
1463 1890 1524 1945 τὸ
1581 1893 1844 1963 κήρυγμα

242 1980 342 2034 καὶ
375 1982 404 2033 6
433 1979 597 2050 ζῆλος
616 1982 828 2053 ηὐξήθη
853 1999 868 2014 °
913 1982 1001 2035 διὰ
1029 1982 1189 2037 τοῦτο
1226 1983 1423 2052 ἐπάγει
1465 1984 1558 2037 καὶ
1593 1981 1842 2055 περὶτοῦ

239 2073 504 2141 Θανάτου,
541 2075 829 2146 ὀνομάζων
860 2075 1025 2130 αὑτὸν
1077 2077 1389 2148 βάπτισμα.
1444 2076 1762 2148 Ἐπιθυμῶν
1789 2077 1844 2129 δὲ

239 2164 432 2219 τούτου
472 2167 700 2238 σφόδρα,
741 2169 873 2239 φησί
897 2185 911 2198 θ
939 2170 1050 2222 Καὶ
1080 2170 1198 2234 πῶς
1231 2171 1548 2240 συνέχομαι,
1575 2172 1698 2223 ἀντὶ
1723 2171 1841 2236 τοῦ,

239 2257 413 2312 πόσον
484 2259 757 2331 φροντίζω
829 2262 922 2314 καί
981 2261 1260 2333 θλίϐομαι,
1314 2261 1418 2325 ἕως
1472 2255 1534 2316 οὗ
1577 2261 1843 2332 τελεσθῇ;

237 2351 394 2420 Διψῶ
427 2352 533 2423 γὰρ
569 2354 660 2406 τὸν
690 2354 828 2426 ὑπὲρ
858 2356 962 2425 τῆς
992 2355 1214 2409 πάντων
1241 2356 1518 2427 σωτηρίας
1574 2355 1828 2410 θάνατον.

242 2444 363 2517 Πῦρ
393 2447 450 2500 δὲ
494 2444 628 2519 ἦλθε
669 2448 855 2519 βαλεῖν
905 2452 934 2503 6
965 2448 1187 2521 Κύριος,
1229 2449 1289 2503 οὐ
1328 2451 1490 2519 μόνον
1537 2451 1629 2502 ἐπὶ
1658 2451 1844 2502 πᾶσαν

240 2541 346 2610 τὴν
371 2541 501 2610 γῆν,
531 2544 610 2604 εἰς
642 2542 708 2611 ἢν
742 2543 770 2595 6
802 2542 964 2611 λόγος
991 2543 1086 2596 καὶ
1137 2544 1170 2612 ἡ
1210 2542 1393 2606 πίστις
1424 2541 1680 2612 ἠπλὼθη,
1707 2542 1844 2601 ἀλλὰ

240 2635 338 2690 καὶ
369 2635 461 2686 ἐπὶ
482 2635 580 2706 τὴν
633 2635 870 2688 ἑκάστου
917 2635 1123 2707 ψυχὴν,
1155 2636 1259 2707 γῆν
1303 2635 1403 2705 μὲν
1451 2633 1617 2688 οὖσαν
1669 2636 1842 2688 ἀκαν-

246 2727 488 2798 θηςόρον
512 2729 607 2780 καὶ
631 2727 905 2800 ἄκαρπον,
936 2729 1042 2780 ὑπὸ
1071 2728 1127 2780 δὲ
1160 2727 1254 2782 τοῦ
1283 2728 1428 2782 θείου
1449 2727 1613 2795 λόγου
1645 2725 1837 2796 ὥσπερ

243 2822 422 2893 πυρῦς
461 2821 875 2892 διακαιομένην,
932 2821 1028 2874 καὶ
1069 2817 1328 2891 δεκτικὴν
1384 2822 1683 2891 γινομένην
1730 2819 1842 2872 τῶν

242 2911 407 2966 θείων
439 2913 800 2984 σπερμάτων,
821 2914 916 2968 καὶ
938 2912 1293 2984 καρποφοροῦ
1306 2930 1400 2965 σαν
1426 2912 1839 2983 πνευματικῶς.

241 3006 416 3060 ’Ὀταν
469 3007 582 3078 γὰρ
628 3006 832 3078 ἆψηταί
888 3024 1033 3070 τινος
1088 3006 1267 3078 ψυχῆς
1335 3008 1588 3080 ἀοράτως
1641 3009 1674 3077 ἠ
1721 3007 1842 3061 Θεία

240 3101 428 3173 χάρις,
453 3099 603 3153 δοκεῖ
628 3099 927 3168 φλέγεσθαι
953 3099 1030 3168 τῷ
1060 3098 1197 3152 Θεοῦ
1233 3101 1407 3170 πόθῳ,
1452 3100 1529 3165 ὡς
1562 3100 1664 3153 οὐκ
1692 3101 1840 3154 ἔστιν

241 3195 437 3255 εἰπεῖν,
469 3191 660 3264 ὥσπερ
684 3192 876 3260 ἀμέλει
905 3192 998 3244 καὶ
1035 3193 1084 3244 οἰ
1115 3192 1246 3263 περὶ
1276 3193 1532 3246 Κλεόπαν
1555 3194 1634 3265 τῷ
1655 3195 1838 3247 τοιού-

239 3302 318 3357 τῳ
351 3287 486 3355 πυρὶ
514 3288 612 3354 τῆς
649 3283 745 3338 τοῦ
773 3286 908 3337 Θεοῦ
935 3285 1375 3355 ὑπο-ρλεγόμενοι
1399 3287 1649 3356 ἀοράτως
1677 3288 1839 3360 χάρι-

237 3398 356 3445 τος,
401 3381 535 3451 Οὐχὶ
596 3383 629 3452 ἡ
679 3382 875 3450 καρδία
912 3384 1072 3453 ἡμῶν
1128 3383 1396 3453 καιομένη
1449 3377 1517 3453 ἦν
1571 3382 1632 3434 ἐν
1673 3381 1836 3451 ἡμῖν;

238 3478 449 3546 ἔλεγον.
480 3477 628 3539 Εῖτις
667 3477 761 3530 οῦν
793 3477 961 3530 ἔπαθε
999 3479 1058 3530 τὸ
1090 3475 1332 3530 τοιοῦτον
1388 3476 1586 3539 πάθος,
1629 3475 1840 3528 εἴσεται

241 3569 306 3622 τὸ
364 3569 684 3639 λεγόμενον.
745 3570 1020 3637 Πάσχουσι
1088 3569 1144 3622 δὲ
1190 3569 1380 3621 πολλοὶ
1420 3568 1516 3622 καὶ
1577 3568 1841 3630 πολλάκις

239 3661 772 3730 ἀναγινωσκομένων
832 3661 994 3714 θείων
1068 3661 1328 3731 Γραφῶν,
1376 3661 1409 3730 ἢ
1475 3659 1614 3730 βίων.
1665 3662 1840 3729 ἁγίων

241 3751 527 3822 Πατέρων,
562 3753 594 3822 ἢ
631 3754 1047 3824 παραινούντων
1079 3751 1244 3808 τινῶν
1292 3755 1387 3806 καὶ
1444 3754 1834 3818 διδασκόντων,

231 3845 616 3917 διακαιόμενοι
652 3847 789 3917 πρὸς
828 3847 888 3899 τὸ
929 3847 1090 3900 καλὸν
1139 3847 1241 3911 τὰς
1285 3846 1486 3918 ψυχὰς,
1522 3847 1616 3900 καὶ
1642 3849 1690 3901 οἱ
1739 3847 1837 3917 μὲν

235 3940 368 4011 ἄχρι
400 3939 612 4003 τέλους,
649 3941 697 3992 οἱ
725 3940 779 3992 δὲ
822 3942 1136 4010 παραυτίκα
1163 3939 1687 4010 ἀποψυχραίνονται,

315 4049 336 4083 ι
375 4034 618 4094 Δοκεῖτε,
651 4032 732 4085 ὅτι
768 4033 992 4104 εἰρήνην
1029 4035 1419 4104 παρεγενόμην
1454 4033 1640 4087 δοῦναι
1677 4035 1734 4086 ὲν
1769 4035 1834 4103 τῇ

234 4123 346 4192 γῇ;
382 4121 540 4191 Οὐχὶ,
573 4121 726 4190 λέγω
769 4122 919 4190 ὑμῖν,
952 4122 1126 4193 ἀλλ’ἢ
1164 4124 1530 4193 διαμερισμόν
1553 4140 1568 4155 ο
1621 4123 1834 4176 ἔσονται

233 4220 346 4285 γάρ
375 4215 484 4268 ἀπὸ
511 4215 604 4266 τοῦ
632 4214 727 4268 νῦν
758 4215 920 4268 πέντε
953 4217 1010 4268 ὲν
1036 4218 1171 4287 οἴκῳ
1201 4218 1283 4268 ἐνὶ
1307 4217 1830 4288 διαμεμερισμένοι,

232 4308 384 4377 τρεῖς
420 4306 515 4358 ἐπὶ
562 4307 706 4370 δυσὶ,
747 4306 965 4360 καὶδύο
1002 4308 1096 4359 ἐπὶ
1140 4309 1320 4378 τρισὶν
1375 4309 1834 4381 διαμερισθήσον-

231 4417 347 4464 ται,
381 4400 564 4472 πατὴρ
597 4402 692 4454 ἐπὶ
713 4400 833 4471 υἱῷ,
867 4402 961 4455 καὶ
989 4400 1104 4464 υἰδς
1135 4403 1231 4455 ἐπὶ
1262 4403 1468 4473 πατρί·
1511 4406 1695 4474 μήτηρ
1741 4406 1834 4458 ἐπὶ

232 4493 494 4566 θυγατρὶ,
527 4494 622 4546 καὶ
656 4495 906 4565 θυγάτηρ
952 4496 1044 4548 ἐπὶ
1078 4496 1278 4567 μητρί·
1338 4497 1576 4567 πενθερὰ
1607 4499 1698 4549 ἐπὶ
1732 4498 1832 4569 τὴν

1866 3243 1914 3307 C

1954 580 2307 648 perﬁciatur?
2356 599 2372 629 ι
2432 579 2535 634 Per
2596 581 2779 650 ignem
2832 581 3053 649 quidem
3111 591 3158 634 ct
3234 583 3558 650 praedicatio

1953 674 2296 744 intelligitur.
2352 672 2547 728 Sermo
2605 673 2751 727 culm
2794 673 2936 743 ignis
2976 682 3084 738 est,
3136 676 3229 743 qui
3279 680 3558 732 consumit

1950 782 2170 822 omnem
2210 767 2558 821 materialem
2606 777 2662 820 et
2714 766 3094 835 imperfectam
3141 772 3557 839 cogitationem.

1950 872 2004 915 et
2037 861 2330 916 simulacra
2364 861 2548 916 abolet
2597 859 2977 932 cujuscunque
3026 861 3237 918 fuerint
3291 866 3557 922 materia.

1949 953 2274 1022 lntelllgitur
2301 955 2467 1009 etiam
2496 962 2550 1006 et
2586 954 2739 1007 zelus
2770 968 2869 1022 pro
2902 956 3104 1012 virtute
3141 957 3194 1012 in
3230 973 3561 1031 unoquoque

1952 1058 2202 1102 nostrum
2251 1063 2566 1104 accensus:
2611 1049 2866 1107 fortassis
2921 1061 3104 1107 autem
3155 1061 3210 1108 et
3259 1054 3308 1108 is
3333 1065 3418 1110 cst
3468 1057 3560 1124 qui

1950 1152 2178 1211 propter
2210 1141 2438 1196 verbum
2469 1143 2560 1197 Dei
2597 1144 2677 1206 fit,
2723 1161 2831 1199 non
2863 1145 3150 1200 dissimilis
3190 1156 3374 1202 autem
3406 1158 3493 1205 est
3520 1166 3547 1201 a

1951 1234 2175 1303 priore:
2212 1233 2316 1289 hoc
2361 1233 2508 1288 enim
2563 1237 2690 1306 igne
2732 1239 2844 1290 vult
2900 1237 3044 1292 Deus
3106 1239 3334 1294 accendi
3393 1243 3557 1296 corda

1952 1336 2160 1380 nostra.
2205 1325 2729 1399 Debemusignitum
2770 1345 2869 1399 pro
2893 1329 3097 1385 virtute
3124 1332 3298 1386 zelum
3334 1333 3561 1389 habere.

1951 1418 2131 1484 Unde,
2166 1420 2295 1490 quid
2332 1420 2477 1483 volo,
2534 1420 2584 1474 id
2614 1429 2720 1486 est,
2754 1432 3023 1491 quantum
3072 1421 3216 1488 volo,
3255 1423 3299 1476 si
3323 1422 3437 1493 jam
3466 1440 3561 1479 ac—

1950 1527 2150 1568 census
2200 1512 2319 1567 est?
2358 1511 2527 1584 Urget
2569 1514 2716 1568 enim
2758 1524 2817 1568 ιιι
2873 1516 3210 1570 accendatur
3266 1516 3410 1587 ignis
3446 1516 3559 1578 illc,

1951 1607 2092 1662 sicut
2128 1617 2185 1663 et
2231 1605 2437 1663 Paulus
2472 1608 2608 1662 dicit
2664 1627 2675 1663 :
2721 1607 2931 1680 Spiritu
2974 1607 3279 1665 ferventes.
3334 1610 3401 1665 Et
3439 1627 3560 1667 rur-

1951 1715 2071 1761 sum
2110 1719 2122 1754 :
2154 1698 2406 1756 [Eumlor
2432 1701 2583 1756 enim
2617 1717 2713 1756 vos
2741 1701 3094 1758 aemulatione
3127 1701 3246 1760 Dei.
3282 1704 3560 1774 B-tplisma

1952 1804 2136 1848 autem
2161 1803 2396 1848 mortem
2432 1808 2584 1849 suam
2605 1795 2760 1849 dicit.
2799 1795 3072 1862 Quoniam
3112 1797 3260 1852 enim
3294 1798 3444 1870 ignis
3469 1799 3560 1854 ille

1952 1901 2058 1940 non
2111 1887 2272 1941 aliter
2327 1889 2714 1943 accendendus
2755 1900 2898 1954 erat,
2953 1905 3117 1959 quam
3169 1903 3291 1962 post
3326 1903 3559 1949 mortem

1950 1979 2109 2048 ejus:
2142 1995 2265 2033 naut
2299 1995 2364 2034 ex
2395 1995 2460 2034 eo
2483 1991 2726 2050 tempore
2747 1981 3065 2048 praedicatio
3104 1991 3159 2038 et
3187 1983 3339 2039 zelus
3371 2000 3567 2042 creve-

1947 2086 2098 2146 runt,
2134 2087 2420 2144 propterea
2457 2075 2644 2129 subdit
2680 2076 2845 2128 etiam
2880 2075 2945 2130 de
2977 2086 3175 2138 morte,
3215 2077 3549 2147 baptismum

1951 2166 2096 2220 illam
2131 2183 2358 2221 vocans.
2387 2166 2540 2223 lianc
2569 2176 2751 2222 autem
2784 2167 2942 2222 valde
2966 2167 3310 2232 desiderans,
3336 2170 3515 2241 inquit
3541 2188 3555 2224 :

1950 2261 2017 2315 Et
2064 2261 2343 2331 quomodo
2369 2262 2735 2333 constringor,
2773 2264 2874 2316 hoc
2915 2273 3021 2324 est,
3077 2279 3242 2333 quam
3287 2265 3562 2321 sollicitus

1949 2372 2068 2411 sum
2107 2372 2174 2412 ac
2243 2371 2486 2426 premor,
2552 2358 2726 2411 donec
2778 2356 3144 2425 perficiatur?
3206 2355 3345 2413 Sitio
3408 2359 3559 2413 enim

1953 2460 2184 2504 mortem
2242 2464 2344 2520 pro
2372 2450 2620 2504 omnium
2655 2448 2854 2504 salute.
2888 2448 3068 2519 Ignem
3096 2449 3243 2505 venit
3289 2451 3562 2505 missurus

1951 2563 2054 2602 non
2089 2546 2264 2602 solum
2302 2548 2353 2599 in
2393 2560 2614 2600 omnem
2655 2554 2882 2610 terram,
2942 2545 2993 2597 ia
3028 2559 3192 2614 quam
3244 2546 3562 2614 praadicatio

1949 2653 2000 2695 et
2029 2641 2166 2695 fides
2195 2639 2487 2710 explanata
2523 2648 2674 2702 sunt,
2710 2642 2804 2693 sed
2831 2638 3266 2708 uniuscujusque
3288 2639 3557 2698 animam.

1949 2747 2068 2803 qum
2099 2742 2250 2787 terra
2306 2731 2527 2800 quidem
2583 2731 2804 2798 spinosa
2841 2740 2926 2785 est
2965 2741 3019 2785 et
3069 2732 3294 2797 sterilis,
3334 2747 3363 2785 a
3393 2734 3561 2787 verbo

1948 2837 2132 2881 autem
2168 2825 2262 2881 Dei
2293 2825 2452 2897 quasi
2482 2825 2605 2897 igne
2638 2839 2928 2889 succensa,
2968 2833 3023 2879 et
3058 2825 3368 2880 divinorum
3394 2827 3562 2882 semi-

1951 2938 2077 2976 num
2105 2935 2303 2991 capax.
2334 2929 2387 2974 et
2411 2918 2784 2989 spiritualium
2818 2916 3035 2986 frugum
3062 2918 3214 2972 ferax
3248 2917 3415 2974 facta.
3447 2920 3549 2975 Ubi

1947 3017 2093 3072 enim
2154 3015 2386 3084 alicujus
2439 3013 2638 3069 animae
2690 3013 3043 3069 invisibiliter
3120 3014 3303 3069 divina
3384 3017 3558 3083 gratia

1947 3109 2263 3177 centigerit,
2288 3108 2505 3162 videtur
2536 3107 2813 3162 desiderio
2845 3107 2936 3161 Dei
2986 3122 3150 3177 supra
3193 3123 3358 3176 quam
3390 3109 3556 3180 381

1948 3200 2052 3255 dici
2082 3209 2248 3269 queat
2278 3198 2534 3269 flagrare,
2567 3199 3032 3268 quemadmodum
3082 3209 3138 3255 et
3175 3199 3409 3271 Cleopas
3465 3202 3562 3256 lla-

1947 3293 2145 3364 grabat
2174 3292 2362 3346 divino
2382 3292 2507 3361 igne
2536 3306 2660 3346 cum
2681 3291 2929 3346 diceret:
2966 3290 3158 3347 Nonne
3185 3307 3281 3348 cor
3305 3303 3557 3357 nostrum

1947 3402 2244 3442 accensum
2289 3395 2406 3441 erat
2456 3385 2511 3441 in
2572 3385 2733 3442 nobis
2765 3385 2854 3439 "?
2888 3384 3153 3457 Quisquis
3203 3388 3374 3459 igitur
3418 3388 3563 3443 lianc

1948 3476 2300 3531 atl'ectionem
2329 3485 2595 3547 expertus
2622 3486 2731 3539 εει,
2775 3477 2881 3531 scit
2906 3478 3036 3546 quid
3073 3479 3345 3533 dicamus.
3379 3477 3562 3549 Expe-

1951 3574 2168 3624 riuntur
2191 3579 2377 3625 autem
2430 3569 2585 3624 multi
2611 3571 2778 3624 etiam
2815 3570 3041 3640 quando
3063 3569 3320 3641 leguntur
3353 3571 3556 3627 divinae

1946 3663 2270 3733 Scriptura,
2314 3662 2402 3718 vel
2428 3664 2554 3718 vita:
2634 3672 2955 3718 sanctorum
3036 3664 3282 3730 Patrum,
3342 3665 3425 3719 vel
3507 3670 3555 3720 si

1944 3762 2348 3814 admoneantur
2372 3756 2454 3812 vel
2488 3758 2812 3821 doceantur,
2845 3759 3124 3826 quomodo
3181 3759 3560 3814 accendantur

1944 3855 2142 3908 anima:
2165 3854 2230 3905 ad
2261 3851 2574 3908 faciendum
2620 3853 2845 3907 bonum.
2893 3850 2959 3905 Et
2985 3853 3076 3906 alii
3105 3854 3331 3923 quidem
3384 3869 3559 3926 usque

1943 3948 2008 4001 ad
2041 3947 2203 4001 finem
2236 3945 2489 4015 ﬂagrant,
2522 3944 2612 3998 alii
2641 3960 2772 3999 vero
2802 3947 2987 3999 statim
3035 3945 3364 4016 frigescunt.

2013 4040 2178 4093 Vsus.
2215 4037 2407 4092 51-55.
2439 4055 2456 4088 ι
2490 4036 2699 4091 Putatis
2728 4037 2869 4105 quod
2905 4052 3094 4106 pacem
3141 4039 3383 4092 venerim
3415 4037 3554 4092 mis-

1941 4148 2104 4185 surus
2149 4132 2201 4184 in
2247 4130 2494 4184 terram?
2529 4130 2672 4192 Non,
2709 4130 2832 4184 dico
2879 4131 3057 4193 vobis,
3100 4129 3212 4184 imo
3246 4133 3558 4200 separatio-

1941 4223 2294 4278 nem.Erunt
2334 4224 2478 4276 enim
2535 4237 2602 4276 ex
2659 4222 2763 4276 hoc
2805 4221 3053 4291 quinque
3111 4221 3161 4275 in
3223 4224 3389 4276 domo
3446 4240 3554 4277 una

1940 4319 2124 4380 divisi,
2164 4327 2275 4371 tres
2305 4318 2571 4371 adversus
2611 4317 2772 4378 duos,
2810 4324 2864 4370 et
2897 4316 3003 4369 duo
3035 4326 3228 4370 contra
3263 4325 3376 4371 tres
3406 4316 3541 4372 divi-

1940 4413 2161 4475 dentur,
2208 4419 2364 4478 pater
2420 4407 2684 4462 adversus
2742 4407 2938 4473 ﬁlium,
2977 4418 3030 4461 et
3094 4407 3239 4464 filius
3291 4412 3555 4465 adversus

1940 4516 2149 4575 patrem
2185 4518 2197 4562 :
2248 4511 2424 4556 mater
2467 4502 2735 4557 adversus
2773 4503 2964 4565 filiam,
3000 4512 3055 4556 et
3116 4503 3226 4556 filia
3282 4492 3552 4558 adversus

230 4589 456 4661 νύμφην
509 4589 704 4659 αὐτῆς,
733 4589 826 4642 καὶ
890 4591 1077 4661 νύμφη
1118 4591 1210 4643 ἐπὶ
1257 4589 1357 4661 τὴν
1418 4591 1692 4662 πενθερὰν
1735 4594 1834 4646 αὑ-

1947 4610 2172 4654 matrem
2215 4612 2447 4653 :socrus
2483 4597 2748 4650 adversus
2804 4611 2998 4648 nurum
3061 4611 3244 4660 suam,
3287 4605 3340 4652 et
3382 4612 3554 4651 nurus

228 4683 354 4752 τῆς.
394 4699 414 4734 ι
455 4683 690 4751 Χριστὸς
734 4684 833 4751 μέν
883 4685 1032 4737 ἐστιν
1074 4685 1106 4755 ἡ
1170 4686 1360 4755 εἰρήνη
1421 4687 1600 4754 ἡμῶν,
1671 4686 1828 4757 πλὴν,

231 4777 350 4830 Οὐκ
397 4771 562 4846 ἦλθον
593 4817 607 4840 ,
666 4777 832 4846 φησὶν
866 4818 880 4840 ,
919 4778 1144 4848 εἰρήνην
1198 4778 1404 4832 δοῦναι.
1459 4779 1625 4831 Ὅθεν
1693 4783 1830 4833 αἰνί-

232 4887 410 4939 γματι
472 4870 616 4923 ἔοικε
672 4870 733 4923 τὸ
777 4869 1092 4941 λεγόμενον.
1157 4873 1406 4941 Λέγομεν
1461 4872 1574 4940 οὖν,
1637 4875 1713 4937 ὡς
1765 4875 1826 4927 οὐ

227 4965 384 5015 πᾶσα
415 4963 608 5033 εἰρήνη
669 4961 874 5030 ἄψογος
910 4962 1004 5015 καὶ
1043 4964 1203 5034 καλὴ,
1234 4964 1350 5017 ἀλλ’
1394 4964 1543 5016 ἔστιν
1591 4967 1828 5033 ὲπισᾳα-

224 5057 323 5128 λὴς
380 5057 664 5120 πολλάκις,
690 5059 786 5110 καί¹
830 5058 1024 5128 πόρρω
1081 5061 1181 5129 τῆς
1228 5057 1378 5123 θείας
1418 5061 1642 5130 ἀγάπης
1698 5061 1825 5132 βάλ-

226 5149 395 5203 λουσα
429 5167 440 5179 ’
466 5145 576 5203 οἷον
601 5151 730 5204 ὅταν
761 5151 1160 5221 εἰρηνεῦωμεν,
1197 5152 1291 5204 καὶ.
1333 5155 1718 5222 συμφωνῶμεν
1739 5155 1830 5206 ἐπὶ

230 5243 528 5295 καταλύσει
558 5245 655 5312 τῆς
683 5243 975 5312 ἀληθείαςο
1004 5245 1210 5312 ταύτην
1237 5244 1329 5297 οῦν
1347 5246 1445 5315 τὴν
1473 5248 1696 5317 εἰρήνην
1729 5250 1828 5299 οὐκ

226 5331 360 5404 ἦλθε
401 5334 584 5387 δοῦναι
630 5337 887 5406 Χριστὸς,
935 5337 1247 5390 τουναντίον
1284 5339 1384 5407 μὲν
1434 5338 1528 5391 οὖν
1577 5340 1828 5409 βούλεται

231 5424 381 5492 ἡμᾶς
426 5421 785 5494 διαφέρεσθαι
818 5429 957 5495 πρὸς
989 5429 1256 5498 ἀλλήλους
1280 5431 1420 5500 ὑπὲρ
1450 5432 1544 5484 τοῦ
1582 5434 1769 5496 καλοῦ,
1802 5433 1829 5483 ὃ

225 5517 317 5566 καὶ
349 5518 407 5566 ἐν
442 5516 521 5584 τῷ
565 5516 794 5588 διωγμῷ
826 5520 1050 5586 γέγονεν
1077 5540 1091 5554 ’
1124 5525 1182 5573 ὲν
1219 5524 1299 5574 ἑνὶ
1326 5524 1435 5592 γὰρ
1469 5526 1603 5596 οἴκῳ
1636 5527 1818 5594 πατὴρ

221 5606 428 5680 Ἕλλην
483 5609 583 5680 υἱῷ
643 5612 818 5680 πιστῴ
849 5615 1150 5683 διεφέρετο,
1195 5620 1286 5668 καὶ
1321 5618 1504 5687 μήτηρ
1564 5620 1816 5690 θυγατρὶ,

219 5705 316 5755 καὶ
353 5705 413 5757 τὸ
471 5703 731 5772 ἔμπαλιν.
787 5707 906 5768 Πῶς
951 5709 1005 5757 δὲ
1058 5710 1230 5762 δικὼν
1285 5712 1446 5762 πέντε
1481 5713 1537 5764 ἐν
1570 5715 1648 5765 ἐνὶ
1686 5716 1818 5784 οἴκῳ

297 5887 340 5915 ‘°
375 5884 499 5939 Luc.
549 5903 696 5941 “tv.
740 5889 825 5939 ἦέ.

547 5987 806 6043 Part-ot.
866 5991 974 6044 tiu.
1036 5991 1298 6052 εἱῖιζῗειίἱί.

1948 4693 2210 4746 adversus
2234 4704 2452 4745 socrum
2494 4705 2672 4743 suam.
2724 4708 2741 4739 ι
2778 4688 3035 4745 Christus
3070 4690 3288 4760 quidem
3332 4700 3414 4745 cst
3443 4705 3550 4761 pax

1947 4794 2157 4846 nostra,
2221 4784 2336 4844 sed,
2384 4781 2501 4836 Non
2532 4782 2680 4845 veni,
2741 4782 2938 4851 inquit,
2991 4783 3263 4840 missurus
3308 4798 3496 4852 pacem
3537 4802 3550 4836 :

1942 4877 2086 4931 unde
2118 4874 2463 4946 mnigmatice
2516 4875 2618 4929 hoc
2677 4874 2885 4928 dictum
2943 4886 3047 4929 est.
3082 4875 3328 4929 Dicimus
3383 4876 3553 4946 igitur

1940 4969 2081 5037 quod
2124 4983 2229 5022 non
2272 4967 2455 5021 omnis
2498 4982 2600 5037 pax
2646 4967 2920 5036 vituperio
2952 4977 3126 5031 caret,
3160 4977 3214 5022 ct
3263 4968 3406 5022 bona
3439 4977 3547 5028 est.

1938 5063 2032 5118 scd
2084 5071 2167 5116 est
2207 5077 2349 5131 saepe
2393 5077 2496 5131 pax
2540 5060 2868 5131 periculosa.
2904 5071 2958 5115 et
3028 5061 3218 5131 procul
3284 5077 3312 5114 a
3365 5062 3545 5113 (liVitIu

1939 5156 2208 5206 charitate
2251 5156 2522 5220 rt'jicicns.
2556 5164 2743 5223 utpote
2791 5157 3011 5222 quando
3053 5171 3237 5224 pacem
3284 5155 3549 5209 habemus

1935 5254 1988 5298 et
2052 5247 2447 5314 conspirantus
2497 5247 2547 5298 iu
2605 5249 3036 5301 destructionem
3090 5247 3356 5301 xeritatis.
3399 5247 3547 5300 lianc

1935 5337 2078 5391 cnim
2130 5353 2317 5406 pacem
2357 5353 2461 5392 non
2492 5340 2637 5392 venit
2678 5340 2928 5395 Christus
2967 5352 3022 5392 ut
3074 5342 3251 5404 daret,
3285 5345 3378 5395 sed
3410 5357 3546 5394 cou-

1938 5432 2167 5484 trarium
2221 5431 2333 5484 vult
2377 5452 2388 5484 :
2426 5448 2620 5503 nempe
2665 5441 2718 5485 ut
2755 5433 3120 5488 dissideamus
3166 5447 3389 5503 propter
3444 5435 3543 5486 bo-

1937 5541 2087 5586 nnm,
2128 5525 2271 5592 quod
2311 5532 2365 5578 et
2409 5527 2458 5578 in
2513 5526 2895 5594 perseeutione
2949 5524 3153 5580 factum
3192 5535 3298 5580 est.
3333 5526 3390 5580 lu
3435 5541 3541 5579 una

1932 5619 2079 5671 enim
2113 5621 2272 5672 domo
2327 5627 2481 5685 pater
2530 5619 2750 5688 gentilis
2803 5637 2829 5671 ιι
2890 5618 3001 5672 ﬁlio
3050 5619 3196 5674 ﬁdeli
3232 5619 3538 5678 tliﬂercbat,

1933 5725 1986 5764 ut
2045 5723 2218 5765 mater
2267 5728 2294 5765 τι
2341 5712 2473 5778 ﬁlia,
2507 5724 2560 5766 et
2623 5723 2834 5767 contra.
2880 5713 3168 5776 Quomodo
3227 5724 3409 5767 autem
3458 5712 3533 5761 di-

3150 6002 3229 6061 ‘29
