4110 6332
634 387 735 451 907

1527 379 2102 445 THEOPHYLACTI
2140 374 2557 438 BULGARLE
2596 374 2953 436 ARCHIEP.

3789 369 3903 436 903

629 497 821 562 cendo,
854 495 1104 568 Quinque
1164 496 1238 550 .in
1301 494 1463 552 domo
1517 512 1620 550 una
1685 495 1842 551 divisi
1920 501 2106 559 erunt,
2154 489 2184 542 ii

2311 488 2842 558 διαμεμερισμένους
2909 485 3153 550 ἔσεσθαι,
3198 486 3255 538 ὲν
3304 487 3372 557 τῇ
3407 485 3790 559 ἀπαριθμήσει
3840 484 3906 553 ιξ

624 589 1036 645 enumeratione
1082 602 1173 643 sex
1230 601 1491 656 personas
1549 587 1764 657 posuit?
1799 586 2044 642 Dicimus
2097 584 2198 653 igi-

626 667 908 750 tur'quod
969 692 1072 733 una
1113 692 1344 748 persona
1393 677 1475 734 bis
1512 688 1785 750 assumpta
1830 687 1932 734 est.
1965 676 2101 732 Filia
2148 684 2203 731 et

626 785 792 825 nurus
846 769 1034 826 eadem
1078 779 1177 826 est
1220 783 1472 840 persona.
1531 767 1665 823 Filia
1696 771 1841 824 enim
1888 769 2108 833 dicitur,
2156 767 2200 822 si

624 861 689 916 ad
738 871 965 918 matrem
1021 861 1293 917 referatur
1329 878 1344 916 :
1375 874 1542 916 nurus
1583 876 1730 929 vero,
1755 863 1800 916 si
1833 862 1898 915 ad
1956 876 2197 918 socrum.

623 957 756 1013 Tres
781 960 944 1030 igitur
977 958 1339 1023 eruntdivisi,
1377 969 1533 1029 pater
1567 969 1620 1014 et
1673 968 1845 1015 mater
1892 967 1948 1014 et
1985 974 2198 1024 socrus,

621 1052 879 1108 adversus
935 1054 1090 1117 duos,
1129 1051 1299 1106 ﬁlium
1355 1062 1408 1108 et
1462 1051 1649 1108 ﬁliam.
1684 1051 1820 1107 Filia
1884 1053 2027 1108 enim
2076 1067 2197 1108 cum

621 1160 726 1199 una
767 1159 994 1213 persona
1025 1145 1114 1206 sit,
1143 1147 1280 1208 duas
1312 1145 1602 1221 relationes
1639 1146 1889 1214 suscipit,
1911 1155 1966 1200 et
2001 1159 2196 1201 secun-

619 1239 744 1290 dum
799 1237 903 1292 hoc
945 1236 1160 1292 videtur
1193 1235 1384 1306 duplex
1423 1219 1658 1304 persona
1707 1237 1864 1290 matri
1910 1245 1966 1291 et
2020 1251 2177 1290 socru

619 1324 832 1381 collata.
867 1325 1112 1400 Intelligo
1155 1336 1332 1381 autem
1390 1327 1708 1396 simpliciter
1749 1342 1843 1396 per
1887 1336 2098 1397 patrem
2149 1343 2203 1383 et

618 1424 846 1472 matrem
906 1426 964 1474 et
1027 1433 1263 1484 socrum,
1314 1429 1496 1474 vetera
1549 1419 1732 1475 Omnia
1797 1437 1810 1474 :
1877 1435 1974 1488 per
2024 1419 2194 1475 ﬁlium

620 1517 799 1562 autem
829 1519 884 1561 et
929 1509 1114 1574 ﬁliam,
1143 1511 1322 1564 omnia
1372 1526 1528 1568 nova.
1567 1514 1755 1581 Itaque
1799 1512 2058 1568 Dominus
2087 1513 2200 1568 vult

616 1608 676 1654 ut
701 1614 796 1655 sua
820 1614 959 1654 nova
981 1611 1035 1653 et
1060 1601 1240 1655 divina
1274 1607 1539 1672 praecepta
1583 1613 1635 1658 et
1659 1602 1910 1673 dogmata
1958 1616 2199 1675 pugnent

615 1705 737 1746 cum
789 1689 1030 1761 antiquis
1052 1691 1252 1747 nostris
1277 1691 1558 1748 sceleratis
1585 1695 1826 1748 moribus
1876 1704 1932 1750 et
1974 1697 2199 1765 dogma-

617 1781 708 1837 tis.
781 1780 1022 1853 Intelligo
1109 1791 1289 1836 autem
1342 1783 1502 1837 etiam
1571 1785 1653 1838 sic
1697 1803 1710 1838 :
1765 1782 1928 1838 Pater
1979 1784 2196 1854 quidem

615 1887 791 1939 mens,
825 1872 972 1928 [ilius
1018 1887 1144 1928 vero
1191 1874 1350 1929 ratio.
1381 1873 1584 1930 Divisio
1631 1877 1823 1930 horum
1863 1875 1920 1930 lit
1965 1875 2016 1930 in
2063 1891 2196 1931 una-

615 1978 831 2032 quaque
859 1962 1042 2030 domo,
1074 1949 1310 2020 hominis
1343 1965 1587 2032 inquam,
1623 1977 1678 2021 ut
1733 1952 2073 2022 manifestius
2107 1968 2192 2022 di-

614 2068 758 2117 cam,
798 2051 1065 2107 illustrata
1113 2052 1213 2108 fuit
1266 2070 1416 2110 mens
1453 2056 1694 2127 Dionysii
1743 2058 2102 2128 Areopagitae,
2141 2068 2194 2113 et

612 2147 1050 2217 praedicationem
1110 2148 1397 2216 suscepit,
1452 2149 1774 2218 repugnavit
1822 2158 2006 2205 autem
2077 2151 2197 2221 ejus

614 2238 803 2304 menti,
829 2254 948 2308 quae
1008 2248 1117 2294 tam
1167 2239 1419 2295 alacriter
1463 2241 1622 2296 ﬁdem
1670 2244 1928 2312 suscepit,
1979 2245 2195 2313 gentilis

611 2331 770 2396 ratio,
801 2337 1017 2385 tentans
1058 2330 1349 2386 ostendere
1406 2332 1707 2389 dialecticis
1761 2335 2074 2401 teudieulis,
2135 2347 2193 2390 ut

611 2421 732 2476 illas
785 2433 1131 2491 Sequeretur.
1170 2422 1332 2478 Vides
1360 2424 1676 2480 divisionem
1709 2428 1879 2496 patris
1903 2438 1955 2482 et
1983 2427 2074 2482 [iiii
2112 2430 2189 2484 in-

610 2524 692 2571 ter
735 2532 792 2570 se
820 2519 1240 2588 repugnantium
1285 2528 1504 2588 propter
1541 2519 1815 2575 Christum
1847 2533 1901 2576 et
1929 2523 2192 2590 praedica-

607 2609 1100 2665 tionem?Matrem
1157 2625 1370 2680 quoque
1419 2621 1474 2667 et
1531 2626 1744 2666 socrum
1771 2613 1989 2668 vocabis
2040 2630 2192 2670 men-

609 2710 740 2769 tem,
764 2702 927 2756 tilium
951 2717 1080 2758 vero
1110 2715 1166 2757 et
1198 2719 1390 2757 nurum
1425 2718 1643 2758 sensum
1678 2721 1690 2757 :
1759 2704 1924 2776 382
1964 2717 2016 2762 et
2050 2710 2192 2764 inter

607 2792 708 2846 has
741 2802 818 2847 est
849 2807 1021 2862 pugna
1052 2803 1272 2863 propter
1305 2793 1607 2860 Christum,
1644 2796 1958 2866 insurgente
2009 2809 2190 2854 mente

605 2890 793 2937 contra
849 2897 1069 2939 sensum
1101 2900 1114 2935 :
1152 2884 1364 2953 quando
1410 2901 1562 2943 mens
1600 2889 1821 2943 suadet"
1854 2890 2186 2958 prmferenda

605 2985 712 3027 non
743 2969 886 3027 ﬂuxa
905 2971 1086 3037 ﬂuxis,
1133 2973 1535 3044 invisibiliaque
1562 2976 1893 3042 visibilibus,
1919 2979 2188 3049 habetque

605 3064 671 3116 ad
706 3064 806 3118 hoc
834 3065 1329 3122 demonstrationes
1356 3067 1558 3121 multas
1582 3067 1896 3136 adjutrices.
1929 3070 2187 3126 Commit-

605 3155 737 3208 titur
765 3165 942 3210 antem
974 3164 1029 3211 et
1060 3156 1253 3211 bellum
1291 3171 1485 3212 sensus
1517 3169 1706 3213 contra
1740 3170 1998 3216 mentem.
2037 3162 2181 3216 Scn-
2209 3193 2253 3253 α

603 3260 697 3300 sus
722 3246 864 3300 enim
902 3262 999 3316 per
1031 3248 1291 3303 miracula
1322 3258 1374 3304 et
1407 3249 1560 3319 signa
1618 3266 1736 3319 qua:
1771 3252 2025 3307 videntur
2057 3270 2182 3324 per-

602 3335 796 3390 ductus
829 3337 896 3391 ad
929 3337 1118 3402 ﬁdem,
1155 3353 1260 3392 non
1304 3339 1476 3394 credit
1510 3341 1706 3396 mentis
1735 3343 2189 3414 cogitationibus:

604 3442 777 3496 neque
807 3429 951 3482 enim
999 3430 1275 3498 gentilium
1306 3432 1798 3489 demonstrationes
1847 3436 1961 3490 vult
2009 3441 2186 3508 sequi,

603 3535 722 3587 quin
747 3521 1075 3590 compellunt
1104 3522 1210 3577 illis
1255 3527 1599 3580 attendentes
1628 3542 1732 3582 non
1788 3530 2010 3584 credere
2043 3535 2187 3602 quod

603 3611 744 3666 Deus
775 3612 946 3669 factus
1000 3615 1070 3668 sit
1118 3615 1299 3676 homo.
1343 3619 1425 3672 vel
1487 3620 1629 3688 quod
1690 3622 1840 3691 virgo
1893 3625 2183 3692 pepererit.

601 3703 916 3774 llujusmodi
947 3717 1071 3762 sunt
1098 3709 1381 3777 gentilium
1415 3712 1786 3779 deliramenta,
1831 3724 2038 3769 natura:
2071 3732 2186 3772 scr-

601 3795 821 3850 vientia.
855 3797 922 3850 At
960 3811 1154 3852 sensus
1181 3813 1275 3868 per
1305 3801 1564 3855 miracula
1591 3819 1709 3871 quae
1745 3805 2016 3871 videntur,
2055 3822 2184 3875 pra:-

596 3889 828 3941 stantior
859 3889 1003 3942 omni
1034 3878 1507 3947 demonstratione
1538 3905 1644 3958 est,
1682 3898 1747 3948 ad
1785 3894 1874 3952 Dei
1913 3901 2180 3968 cognitio-

2304 582 2570 652 πρόσωπα
2600 581 2809 633 τέθεικε
2841 597 2854 646 ;
2881 580 3130 652 Δέγομεν
3159 574 3256 633 οὖν
3286 581 3370 632 ὅτι
3409 578 3467 633 έν
3498 580 3905 650 πρόσωτοονδις

2306 672 2539 745 ἐλήφθη.
2587 673 2653 726 Ἥ
2682 673 2929 743 θυγάτηρ
2959 674 3068 745 γὰρ
3086 673 3182 727 καὶ
3211 671 3452 744 ήνύμφη
3478 673 3540 727 τὸ
3568 673 3703 726 αὐτὸ
3727 673 3902 745 πρόσ·

2304 767 2456 826 ωπόν
2506 769 2676 832 ἐστιν,
2713 768 2789 830 ὡς
2837 767 2974 837 πρὸς
3019 767 3123 838 μιν
3168 762 3261 821 οῦν
3315 767 3416 838 τὴν
3471 767 3689 838 μητέρα
3728 783 3903 838 προσ-

2303 860 2739 930 λαμϐανόμενον,
2775 859 3026 930 θυγάτηρ
3057 858 3373 930 ὠνομάσθη,
3423 859 3499 922 ὡς
3527 857 3594 925 ,δὲ
3631 858 3768 929 πρὸς
3797 859 3900 929 τὴν

2303 949 2607 1019 πενθεράν,
2663 948 2872 1019 νύμφη.
2925 950 3086 1018 Τρεῖς
3140 949 3235 1004 οῦν
3293 949 3514 1012 ἔσονται
3573 950 3904 1021 διαμεμερι-

2306 1041 2514 1110 σμένοι.
2548 1040 2578 1094 6
2608 1042 2813 1113 πατὴρ,
2861 1042 3012 1112 καὶὴ
3059 1043 3264 1113 μήτηρ,
3305 1043 3399 1096 καὶ
3431 1044 3463 1113 ἡ
3505 1043 3772 1114 πενθερὰ,
3802 1043 3896 1096 ἐπὶ

2302 1133 2443 1199 δυσὶ,
2476 1132 2725 1186 τουτέστι
2753 1133 2829 1206 τῷ
2874 1131 2977 1203 υίῷ
3021 1135 3118 1187 καὶ
3154 1136 3219 1204 τῆ
3254 1132 3504 1203 θυγατρί.
3549 1133 3613 1186 'H
3643 1134 3757 1202 γὰρ
3799 1133 3866 1186 θυ

2303 1225 2503 1294 γάτηρ,
2537 1225 2612 1289 ὡς
2669 1224 2903 1297 ἔφαμεν,
2960 1225 3018 1278 ἓν
3055 1225 3346 1297 πρόσωπον
3392 1220 3549 1287 οὖσα,
3602 1226 3743 1279 καθὸ
3803 1226 3898 1280 δύο

2305 1316 2520 1387 σχέσεις
2537 1317 2879 1388 ἀναδέχεται,
2920 1319 3060 1372 κατά
3084 1315 3244 1371 τοῦτο
3272 1318 3420 1371 δοκεῖ
3443 1311 3585 1370 εἶναι
3609 1317 3707 1371 δύο
3727 1319 3899 1387 πρὸσσ

2302 1427 2448 1472 ωπα,
2477 1411 2541 1481 τῇ
2586 1415 2754 1481 μητρὶ
2779 1410 3197 1484 προστεθημένη
3223 1413 3317 1465 καὶ
3362 1413 3428 1484 τῇ
3457 1413 3720 1483 πενθερᾷ.
3767 1413 3896 1468 Νόει

2307 1501 2362 1555 δέ
2419 1520 2510 1571 μοι
2545 1504 2732 1567 ἁπλῶς
2768 1505 2981 1574 πατέρα
3038 1505 3132 1558 καὶ
3192 1506 3407 1577 μητέρα
3459 1507 3554 1560 καὶ
3617 1505 3896 1576 πενθερὰν

2310 1597 2489 1649 πάντα
2519 1596 2588 1649 τὰ
2632 1596 2862 1662 παλαιὰ,
2887 1599 3004 1650 υἱὸν
3034 1597 3093 1650 δὲ
3140 1598 3234 1651 καὶ
3280 1598 3580 1669 θυγατέρα,
3617 1598 3801 1652 πάντα
3826 1597 3896 1650 τά

2303 1684 2398 1738 νέα
2433 1701 2445 1713 ’
2478 1685 2507 1736 6
2529 1685 2709 1738 τοίνυν
2737 1686 2942 1755 Κύριος
2990 1689 3124 1742 πᾶσι
3171 1691 3282 1752 τοῖς
3312 1693 3546 1754 παλαοῖς
3579 1693 3611 1760 η
3623 1689 3744 1762 μῶν
3799 1691 3896 1744 καὶ

2306 1777 2651 1847 ἁμαρτωλοῖς
2681 1778 2827 1831 ἔθεσι
2852 1781 2947 1832 καὶ
2969 1779 3205 1850 δόγμασι
3249 1781 3525 1850 μάχεσθαι
3555 1782 3622 1834 τά
3643 1783 3742 1835 νέα
3797 1781 3894 1834 καὶ

2303 1871 2423 1924 θεῖα
2466 1869 2633 1923 αὐτοῦ
2683 1872 2995 1942 ἐντάλματα
3034 1875 3126 1925 καὶ
3180 1872 3438 1942 δόγματα⁹
3457 1873 3734 1942 βούλεται.
3762 1874 3894 1928 Νόει

2299 1961 2355 2014 δὲ
2388 1965 2480 2015 καὶ⁵
2525 1963 2731 2026 οὕτως·
2773 1964 2964 2034 Πατὴρ
3012 1965 3112 2035 μὲν
3140 1968 3168 2019 6
3215 1967 3357 2031 νοῦς,
3391 1968 3505 2030 υἱὸς
3539 1967 3596 2020 δὲ
3636 1969 3665 2019 6
3707 1967 3888 2036 λόγος,

2303 2056 2567 2126 μερισμὸς
2600 2054 2695 2110 οὖν
2730 2058 2934 2113 τούτων
2956 2061 3176 2128 ἐγένετο
3203 2061 3260 2114 ὲν
3283 2061 3361 2132 τῷ
3381 2061 3460 2113 {vi
3496 2060 3652 2131 οἴκῳ,
3686 2062 3765 2130 τῷ
3799 2063 3892 2114 ἀει-

2299 2145 2505 2217 Ορώπῳ
2538 2149 2702 2218 φημὶ,
2733 2143 2845 2201 οἷον
2869 2149 2956 2203 ἶνα
3003 2151 3336 2220 σαφέστερον
3372 2153 3534 2214 εῖπω,
3575 2151 3891 2224 ἐνελάμςρθη

2296 2238 2324 2289 6
2355 2236 2480 2300 νοῦς
2503 2239 2597 2292 τοῦ
2630 2240 3021 2308 Ἀρεοπαγίτου
3051 2241 3354 2306 Διονυσίου,
3383 2244 3480 2294 καὶ⁵
3511 2241 3571 2293 τὸ
3619 2243 3890 2312 κήρυγμα

2297 2330 2518 2396 ἐδέξατο
2551 2349 2563 2363 ·
2592 2332 2884 2386 ἀνθίστατο
2938 2333 2997 2386 δὲ
3029 2333 3224 2387 τούτου
3249 2334 3328 2403 τῷ
3363 2333 3443 2386 νοῒ
3469 2331 3548 2402 τῷ
3589 2334 3884 2387 ἀναποδείο

2296 2441 2439 2487 κτως
2485 2421 2768 2494 δεξαμένῳ
2797 2425 2896 2494 τὴν
2943 2426 3127 2479 πίστιν
3183 2427 3210 2480 6
3266 2427 3420 2494 λόγος
3456 2428 3484 2478 ὁ
3540 2425 3879 2494 Ἑλληνικοί,

2293 2514 2671 2568 ἀποδεικνύειν
2714 2515 3081 2586 πειρώμενος,
3119 2518 3212 2572 καὶ
3255 2517 3628 2582 διαλεκτικαῖς
3673 2519 3889 2588 ἐφόδοις

2291 2604 2608 2658 ἀκολουθεῖν
2633 2606 2982 2674 ἀναγκάζων.
3034 2608 3198 2678 Ὁρᾷς
3225 2609 3492 2678 μερισμὸν
3537 2611 3743 2679 πατρὸς
3792 2613 3886 2662 καὶ

2291 2696 2407 2751 υίοῦ
2439 2701 2765 2770 μαχομένων
2795 2699 3045 2771 ἀλλήλοις
3094 2701 3186 2754 διά
3218 2702 3454 2770 Χριστὸν
3481 2703 3574 2756 καὶ
3615 2705 3674 2755 τὸ
3709 2704 3884 2774 κήρυ-

2291 2805 2447 2857 γμα;
2478 2791 2590 2844 Καὶ
2618 2785 2831 2861 μητέρα
2859 2791 2914 2843 δὲ
2943 2793 3035 2845 καὶ
3067 2792 3337 2861 πενθερὰν
3388 2793 3649 2856 καλέσαις
3684 2794 3752 2846 ἂν
3786 2793 3882 2863 τὴν

2289 2876 2552 2946 διάνοιαν,
2583 2879 2861 2949 θυγατέρα
2909 2881 2967 2934 δὲ
3018 2883 3115 2934 καὶ
3162 2881 3385 2953 νύμφην
3438 2884 3538 2953 τὴν
3597 2883 3876 2954 αἴσθησιν.

2291 2969 2402 3022 Καὶ
2448 2971 2675 3035 ταύταις
2739 2968 2832 3026 οῦν
2884 2973 3032 3043 μάχη
3103 2973 3318 3027 ἵσταται
3375 2974 3463 3028 διά
3512 2976 3770 3047 Χριστὸν,
3811 2978 3878 3047 τῇ

2291 3059 2390 3131 μὲν
2447 3061 2660 3134 διανοίᾳ
2711 3063 2852 3116 κατά
2908 3065 3008 3135 τῆς
3062 3065 3354 3136 αίθήσεως,
3395 3069 3522 3120 ὅταν
3581 3069 3615 3138 ἠ
3673 3067 3881 3122 διάνοια

2291 3154 2452 3227 πείθῃ
2516 3158 2792 3228 προτιμᾷν
2847 3157 2914 3212 τά
2961 3159 3036 3230 μὴ
3097 3159 3300 3230 ῥευστὰ
3353 3158 3463 3212 τῶν
3521 3161 3881 3231 ρευστῶν,τά

2294 3248 2504 3317 ἀόρατα
2545 3249 2653 3301 τῶν
2702 3250 2939 3320 ὁρατῶν,
2970 3251 3066 3304 καὶ
3119 3250 3220 3324 ἔχῃ
3261 3250 3397 3321 πρὸς
3457 3250 3619 3303 τοῦτο
3675 3252 3880 3316 πολλὰς

2291 3340 2596 3407 ἀποδείξεις
2639 3341 2956 3413 συνεργούς.
2993 3343 3151 3397 Ἐστι
3178 3344 3234 3397 δὲ
3259 3345 3347 3397 ὅτε
3393 3346 3487 3398 καὶ
3521 3347 3588 3416 τῇ
3628 3344 3886 3416 αἰσθήσει

2293 3433 2434 3486 κατὰ
2482 3435 2580 3504 τῆς
2641 3434 2878 3497 διανοίας
2929 3433 3165 3505 πόλεμος
3225 3437 3714 3508 συγκροτεῖται·ἡ
3769 3441 3887 3509 γὰρ

2291 3527 2545 3597 αἴσθησις
2595 3527 2685 3580 διά
2753 3529 2861 3581 τῶν
2914 3527 3212 3598 θαυμάτων
3268 3530 3362 3582 καὶ
3414 3528 3525 3596 ςτῶν
3581 3530 3887 3600 ὁρωμένων

2291 3619 2534 3688 σημείων
2587 3623 3077 3690 χειραγωγουμένη
3129 3622 3264 3691 πρὸς
3297 3621 3504 3688 πίστιν,
3529 3623 3590 3675 ού
3628 3621 3884 3676 πείθεται

2286 3712 2399 3773 τοῖς
2434 3711 2532 3780 τῆς
2582 3712 2822 3775 διανοίας
2868 3711 3171 3781 λογισμοῖς,
3210 3714 3329 3767 οὐδὲ
3366 3717 3485 3778 ταῖς
3531 3715 3881 3786 Ἑλληνικαῖς

2284 3805 2620 3871 ἀποδείξεσιν
2641 3804 2870 3859 ἕπεσθαι
2891 3805 3158 3876 βούλεται,
3182 3807 3726 3876 συναναγκαξούσαις
3751 3815 3836 3865 το’.
3852 3831 3883 3876 ς

2284 3897 2655 3968 προσέχοντας
2682 3900 2877 3962 αὑταῖς
2907 3899 2983 3970 μὴ
3012 3899 3316 3964 πιστεύειν,
3343 3901 3424 3954 ὃτι
3455 3902 3591 3966 Θεὸς
3645 3903 3879 3971 γέγονεν

598 3993 718 4033 nem
739 3983 1129 4037 manuducens.
1159 3983 1269 4038 Non
1294 3987 1468 4041 omnis
1494 3988 1656 4054 igitur
1684 4004 1786 4059 pax
1814 3999 1866 4044 et
1891 3994 2177 4048 concordia

2289 3989 2652 4062 Ξνθρωπος,ἢ
2707 3992 2789 4044 ὅτι
2823 3993 3092 4062 παρθένος
3138 3991 3313 4047 ἔτεκε.
3350 3992 3590 4047 Τοιαῦτα
3644 3995 3755 4068 γὰρ
3804 3993 3867 4050 τε

595 4071 735 4124 bona
794 4079 899 4139 est,
929 4073 1021 4126 sed
1068 4084 1152 4128 est
1191 4078 1407 4144 quando
1456 4088 1509 4131 et
1559 4093 1738 4149 pugna
1786 4089 1836 4135 et
1893 4081 2173 4138 dissidium

2289 4083 2388 4134 τῶν
2422 4083 2582 4152 φύσει
2630 4082 2996 4137 δουλεύοντων
3055 4085 3390 4156 Ἑλληνικῶν
3453 4086 3736 4157 λογισμῶν
3770 4090 3875 4160 λη-

593 4163 774 4218 divina
835 4165 1076 4232 quantam
1141 4180 1226 4218 res
1291 4168 1521 4221 videtur.
1559 4167 1747 4224 Nullus
1796 4170 1957 4240 igitur
2030 4185 2172 4227 amet

2289 4178 2519 4246 σήματα.
2569 4177 2630 4229 Ἡ
2680 4177 2864 4246 μέντοι
2925 4177 3182 4247 αἴσθησις
3243 4179 3330 4233 διὰ
3403 4181 3513 4235 τῶν
3572 4184 3874 4254 ὁρωμένων

596 4255 785 4320 malos,
808 4266 862 4310 et
895 4259 1142 4326 quamvis
1173 4270 1326 4328 pater
1351 4271 1406 4315 et
1460 4274 1633 4316 mater
1672 4265 2031 4320 adversentur
2066 4268 2169 4338 legi

2289 4270 2570 4341 )αυμάτων
2631 4271 2894 4342 κρείττων
2946 4274 3128 4342 πάσης
3175 4274 3505 4342 ἀποδείξεώς
3545 4279 3664 4330 ἐστι
3730 4282 3873 4351 πρὸς

591 4343 816 4410 Christi,
852 4351 1256 4419 repugnandum
1311 4360 1392 4404 est
1443 4351 1520 4404 eis
1556 4351 1786 4422 perinde
1817 4370 1878 4408 ac
1926 4356 2169 4414 hostibus

2289 4363 2605 4430 >εογνωσίαν
2652 4364 2990 4433 χειραγωγός
3019 4382 3031 4393 ·
3071 4365 3130 4416 οὐ
3179 4367 3328 4419 πᾶσα
3381 4364 3474 4422 οὖν
3531 4372 3727 4443 είρήνη
3775 4378 3872 4427 καὶ

593 4436 861 4492 veritatis.
2275 4455 2566 4527 συμφωνία
2607 4455 2797 4519 καλὸν,
2848 4453 2963 4506 ἀλλ’
3004 4454 3152 4508 ἐστιν
3186 4457 3274 4510 ὅτε
3316 4459 3408 4510 καὶ
3445 4436 3599 4532 μάχη
3753 4466 3873 4518 διά-

589 4549 778 4597 στασις
798 4533 939 4588 θεῖόν
963 4552 1017 4588 τι
1060 4536 1248 4607 χρῆμα
1289 4537 1454 4591 δοκεῖ’
1484 4541 1675 4610 μηδεὶς
1725 4545 1903 4598 τοίνυν
1944 4551 2238 4618 φιλιαζέτω
2275 4560 2386 4620 τοῖς
2419 4554 2698 4625 πονηροῖς,
2725 4549 2859 4604 ἀλλὰ
2887 4552 2989 4606 κᾶν
3021 4553 3225 4625 πατὴρ,
3269 4555 3372 4609 κᾶν
3407 4557 3593 4628 μήτηρ
3632 4560 3870 4615 ἐναντίοι

587 4629 946 4722 εὐρίσκωνται
1115 4633 1352 4703 Χριστοῦ
1408 4637 1580 4707 νόμῳ,
1609 4639 1947 4712 πολεμητέον
1979 4649 2165 4718 αὐτοῖς
2213 4658 2288 4720 ὡς
2341 4654 2439 4722 τῆς
2469 4649 2725 4719 ἀληθείας
2757 4650 2990 4721 ἐχθροῖς.

665 4720 822 4774 Vnus.
858 4721 1045 4776 54-59.
1095 4742 1112 4773 ι
1151 4724 1370 4780 Dicebat
1416 4738 1593 4781 autem
1630 4731 1694 4783 ad
1742 4739 1930 4801 turb-ds
1981 4758 1994 4793 :
2030 4742 2162 4798 Cum

2354 4763 2370 4797 ι
2400 4720 2596 4812 Ἔλεγε
2637 4743 2692 4796 δὲ
2741 4720 2972 4806 καὶτοῖς
3014 4742 3214 4813 ὄχλοις,
3253 4746 3422 4800 Ὅταν
3454 4749 3600 4820 ἴδητε
3630 4756 3868 4825 νεφέλη-ι

585 4814 831 4866 videritis
860 4815 1056 4868 nubem
1081 4817 1346 4871 orientem
1375 4821 1443 4873 ab
1485 4835 1705 4886 occasu,
1735 4831 1915 4882 statim
1953 4833 2159 4901 dicitis,

586 4905 758 4958 imber
797 4907 964 4971 venit,
993 4916 1047 4960 et
1094 4909 1166 4962 ita
1217 4909 1272 4963 lit
1311 4929 1324 4965 :
1362 4922 1414 4965 et
1451 4927 1571 4966 cum
1629 4927 1871 4972 austrum
1921 4921 2160 4996 ﬂantem,

583 4997 765 5051 dicitis
807 5001 951 5066 quod
1005 5009 1170 5054 azstus
1219 5002 1346 5066 erit,
1383 5012 1437 5056 et
1494 5007 1572 5058 lit.
1603 5004 1930 5078 llypocritae,
1970 5017 2160 5074 iaciem

582 5088 704 5142 coeli
744 5099 796 5142 et
837 5100 994 5145 terra:
1046 5093 1220 5146 nostis
1268 5097 1516 5163 probare,
1548 5098 1648 5152 hoc
1710 5113 1892 5156 autem
1954 5117 2163 5180 tempus

584 5184 672 5247 qui
718 5181 774 5232 lit
828 5191 1026 5236 utnon
1083 5184 1485 5252 probetis?Cur
1530 5202 1708 5246 autem
1750 5209 1814 5247 ex
1871 5200 2161 5270 voltisipsis

2267 4834 2670 4889 ἀνατέλλουσαν
2701 4835 2808 4886 ἀπὸ
2834 4833 3078 4903 δυσμῶν,
3112 4837 3316 4902 εὐθέως
3350 4840 3562 4910 λέγετε,
3598 4845 3684 4898 ὅτι
3719 4851 3862 4918 Ὄμ-

2270 4928 2396 5000 ϐρος
2439 4929 2680 4999 ἔρχεται,
2726 4927 2821 4981 καὶ
2879 4929 3089 4998 γίνεται
3148 4931 3354 4998 οὕτως’
3386 4938 3480 4990 καὶ
3530 4938 3663 4992 ὅταν
3708 4944 3865 4996 νότον

2269 5021 2520 5081 πνέοντα,
2587 5019 2773 5088 λέγετε
2839 5021 2923 5073 ὅτι
2955 5023 3196 5078 Καύσων
3248 5025 3424 5096 ἔσται,
3479 5031 3573 5082 καὶ
3623 5033 3860 5100 γίνεται.

2278 5112 2623 5182 Ὑποκριταὶ,
2662 5113 2721 5166 τὺ
2753 5114 3048 5186 πρόσωπον
3075 5117 3178 5187 τῆς
3222 5120 3325 5190 γῆς
3374 5122 3468 5174 καὶ
3495 5123 3590 5176 τοῦ
3623 5126 3860 5196 οὐρανοῦ

2266 5205 2440 5258 οἴδατε
2500 5207 2839 5272 δοκιμάζειν,
2875 5210 2968 5260 τὸν
3017 5210 3075 5262 δὲ
3129 5215 3324 5283 καιρὸν
3381 5215 3572 5269 τοῦτον
3623 5219 3741 5284 πῶς
3797 5223 3860 5274 οὐ

582 5287 686 5324 non
715 5272 966 5338 judicatis
991 5277 1344 5343 quodjustum
1371 5280 1492 5333 est?
1523 5280 1656 5334 Cum
1693 5287 1834 5339 enim
1857 5291 2008 5344 vadis
2032 5308 2154 5346 cum

581 5362 891 5414 adversario
929 5374 1016 5417 tuo
1051 5366 1115 5418 ad
1165 5368 1566 5438 magistratum,
1597 5372 1647 5426 in
1685 5376 1768 5429 via
1800 5376 1865 5432 da
1906 5396 2151 5449 operam,

578 5465 636 5506 ut
682 5453 930 5509 librrcris
966 5460 1029 5511 ab
1087 5458 1196 5523 illo,
1223 5477 1286 5515 ne
1341 5463 1477 5517 forte
1513 5471 1790 5533 pertrahat
1823 5483 1871 5524 te
1920 5477 1983 5527 ad
2013 5477 2150 5544 judi-

576 5554 717 5604 cem,
754 5543 992 5612 etjndex
1049 5548 1226 5602 tradat
1259 5559 1308 5603 te
1336 5557 1596 5618 etaetnri,
1633 5568 1687 5610 et
1726 5571 1947 5615 exactor
1980 5543 2150 5635 conji-

577 5633 682 5685 ciat
729 5643 778 5687 te
844 5636 894 5687 in
947 5654 1244 5695 carcerem.
1283 5642 1413 5699 Dico
1464 5647 1578 5713 llill,
1615 5665 1717 5704 non
1767 5655 1940 5710 exiliis
2004 5633 2147 5723 inde,

576 5723 744 5778 donec
800 5725 1044 5782 ultimum
1116 5733 1276 5786 etiam
1333 5739 1595 5792 minutum
1668 5745 1877 5799 reddas.
1921 5766 1938 5797 ι
1993 5748 2150 5803 Post-

576 5831 732 5882 quam
788 5818 853 5873 de
936 5823 1317 5891 przedit-ationc
1378 5831 1675 5902 disseruit,
1734 5837 2022 5910 ignemque
2093 5859 2146 5900 et

2264 5296 2722 5366 δοκιμάζετε;’1“ί
2769 5299 2825 5352 δὲ
2859 5302 2954 5353 καὶ
3000 5303 3093 5371 ἀφ’
3148 5306 3356 5359 ἑαυτῶν
3422 5309 3485 5360 οὐ
3525 5311 3740 5380 κρίνετε
3799 5316 3859 5367 τὸ

2262 5391 2504 5457 δίκαιον;
2557 5393 2650 5456 Ὠς
2682 5393 2792 5465 γὰρ
2827 5396 3061 5464 ὑπάγεις
3115 5399 3256 5469 μετά
3314 5399 3406 5454 τοῦ
3443 5404 3723 5463 ἀντιδίκου
3760 5426 3856 5462 σου

2259 5483 2342 5534 ἐπ’
2388 5483 2645 5553 ἄρχοντα,
2679 5488 2736 5538 ἐν
2780 5490 2846 5557 τῇ
2907 5489 3012 5561 ὀδῴ
3063 5491 3151 5553 δὺς
3187 5495 3452 5563 ἐργασίαν
3499 5498 3856 5569 ἀπηλλάχθαι

2260 5576 2354 5625 ἀπ’
2388 5577 2574 5642 αὑτοῦ,
2611 5581 2683 5650 μή
2739 5597 2868 5633 ποτε
2894 5584 3182 5654 κατασύρῃ
3215 5602 3274 5638 σε
3311 5587 3448 5660 πρὸς
3501 5593 3594 5644 τὸν
3630 5598 3853 5662 κριτὴν,

2257 5668 2350 5716 καὶ
2394 5667 2422 5717 6
2469 5670 2661 5740 κριτὴς
2741 5687 2799 5722 σε
2865 5672 3096 5742 παραδῴ
3147 5675 3225 5745 τῷ
3284 5679 3560 5748 πράκτορι
3597 5720 3613 5744 ,
3667 5684 3764 5734 καὶ
3824 5686 3853 5737 6

2259 5757 2524 5828 πράκτωρ
2573 5778 2629 5812 σε
2681 5761 2816 5832 βάλῃ
2865 5765 2943 5826 είς
2975 5767 3220 5836 φυλακήν
3253 5783 3266 5796 ·
3299 5768 3443 5836 λέγω
3497 5788 3600 5829 σοι.
3639 5775 3701 5827 οὐ
3772 5778 3849 5846 μὴ

2258 5851 2477 5918 ἐξέλθῃς
2522 5855 2768 5919 ἐκεῖθεν,
2833 5857 2934 5920 ἕως
2989 5853 3048 5910 οὗ
3099 5861 3189 5912 καὶ
3243 5861 3301 5912 τὸ
3362 5865 3595 5932 ἔσχατον
3648 5869 3847 5923 λεπτὸν
