4110 6332
214 425 320 488 {09

891 414 1340 477 ΕΝΛΒΗΑἹῚΟ
1388 414 1464 475 ΙΝ
1504 413 1807 476 EVANGE

1920 414 2011 474 JM
2046 413 2258 475 I.UC.E
2305 412 2552 473 -CAP.
2576 411 2750 472 Xlll.

3300 368 3302 373 ’
3403 408 3510 475 910

215 538 451 610 ἁποδῷἰς.
518 558 535 588 ι
618 533 836 604 Ἐπειδὴ
899 535 1031 603 περὶ
1089 529 1183 585 τοῦ
1234 530 1593 602 κηρύγματος
1642 529 1808 584 διελέ-

1920 528 2153 601 gladium
2185 527 2487 583 nominavit
2530 543 2543 580 :
2579 527 2705 594 quia
2743 521 3042 577 verisimile
3076 527 3194 575 erat
3223 519 3509 575 audientes

217 634 341 707 χθη,
369 631 464 686 καὶ¹
493 629 604 698 πῦρ
655 626 787 680 αὐτὸ
827 626 920 678 καὶ
969 625 1248 695 μάχαιραν
1279 624 1565 693 ὠνόμασεν
1605 639 1620 655 '
1656 623 1801 685 εἰκὸς

215 729 272 782 δὲ
312 721 380 795 ἦν
425 723 551 784 τοὺς
595 719 898 782 ἀκούοντας
940 717 1336 787 ταράσσεσθαι,
1376 717 1453 787 μὴ
1522 715 1803 780 συνιέντας

1912 622 2138 686 turbari,
2169 635 2274 675 non
2307 618 2667 688 intelligentes
2691 614 2743 669 id
2766 615 2914 684 quod
2947 613 3252 676 dicebatur,
3288 611 3506 682 inquit:

1907 712 2377 784 Quemadmodum
2405 709 2549 764 aeris
2589 705 2882 777 qualitates
2915 721 2944 760 a
2981 704 3306 775 quibusdam
3339 703 3512 776 signis

212 821 267 876 τί
305 822 423 872 ἐστι
479 813 538 868 τὸ
590 814 903 885 λεγόμενον,
939 811 1104 881 φησιν
1133 827 1146 841 ·
1179 813 1262 864 ὅτι
1309 810 1525 881 Ὠσπερ
1559 809 1658 873 τὰς
1708 808 1805 862 τοῦ

1920 806 2269 877 cognoscitis,
2311 803 2392 858 sic
2437 801 2724 873 oportebat
2761 810 2818 854 et
2863 813 3042 853 meum
3085 797 3376 852 adventum
3418 809 3512 849 co-

214 911 378 980 ἀὲρος
415 906 712 978 ποιότητας
760 904 871 961 ἀπό
922 920 1086 957 τινων
1117 902 1360 971 σημείων
1385 899 1802 968 διαγινώσκετε,

213 998 390 1060 οὓτως
446 996 553 1048 εδει
591 995 686 1049 καὶ
728 995 824 1066 τὴν
856 992 994 1065 ἐμὴν
1047 992 1357 1058 παρουσίαν
1413 987 1808 1057 ἐπιγινώσκειν

213 1091 322 1144 ἀπό
354 1105 415 1142 τε
438 1087 546 1140 τῶν
576 1085 908 1157 λεγομένων,
933 1083 1040 1137 ἀπό
1063 1100 1122 1137 τε
1149 1083 1258 1137 τῶν
1288 1081 1688 1154 πραττομένων
1713 1082 1805 1134 ὑπ’

213 1181 372 1254 ἐμοῦ.
412 1183 519 1236 Καὶ
534 1181 645 1250 γάρ
674 1180 724 1233 οἰ
753 1178 901 1247 λόγοι
934 1194 1035 1248 μου
1072 1176 1379 1230 δεικνύουσι
1434 1194 1502 1245 με
1532 1174 1809 1229 ἐναντιούο

215 1294 376 1349 μενον
423 1276 574 1347 ὑμῖν,
606 1277 700 1328 καὶ
729 1275 797 1327 τὰ
821 1272 958 1344 ἔργα
991 1272 1048 1325 δὲ
1077 1272 1298 1341 ὁμοίως.
1345 1270 1534 1336 Ὑμεῖς
1565 1270 1664 1340 μὲν
1697 1267 1808 1339 γάρ

213 1367 444 1425 τελῶναι
474 1368 572 1422 καὶ
613 1366 887 1439 ἅρπαγες,
924 1362 1036 1432 ἐγὼ
1077 1363 1133 1416 δὲ
1167 1364 1265 1415 ούκ
1303 1361 1412 1432 ἔχω
1443 1363 1545 1414 ποῦ
1576 1361 1674 1432 τὴν
1714 1378 1808 1414 κε-

215 1461 394 1531 φαλήν
417 1459 617 1514 κλίναι.
642 1457 792 1512 Ἔδει
810 1457 903 1510 οὖν
931 1455 1097 1526 ὑμᾶς,
1123 1453 1313 1525 ὥσπερ
1331 1454 1439 1507 ἀπὸ
1459 1453 1562 1524 τῆς
1579 1451 1808 1522 νεφέλης

215 1551 619 1623 τεκμαίρεσθαι
661 1549 752 1602 τὸν
803 1546 1030 1619 δμϐρον,
1084 1546 1179 1600 καὶ
1225 1547 1332 1600 ἀπο
1378 1546 1472 1599 τοῦ
1507 1547 1660 1599 νότου
1719 1547 1811 1600 τὸν

216 1645 496 1711 καύσωνα,
523 1642 665 1697 οὕτω
691 1659 784 1696 και
813 1641 905 1694 τὸν
928 1640 1119 1710 καιρὸν
1143 1643 1241 1711 τῆς
1273 1642 1297 1692 ἐ
1308 1643 1412 1711 μῆς
1439 1639 1642 1711 δηλαδὴ
1665 1657 1810 1708 παρ-

215 1739 407 1800 ουσίας
448 1735 786 1804 δοκιμάζειν,
824 1736 916 1787 καὶ
957 1732 1415 1804 τεκμηριοῦσθαι,
1451 1735 1533 1786 ὅτι
1583 1736 1684 1786 οὐκ
1735 1735 1812 1786 εἰ-

217 1831 392 1902 ρήνην
425 1824 590 1900 ἦλθον
619 1827 830 1892 δοῦναι,
863 1824 980 1883 ἀλλ’
1021 1825 1226 1897 ὄμϐρον
1269 1827 1362 1879 καὶ
1393 1826 1660 1897 ταραχήν.
1694 1824 1802 1877 Νε-

1914 911 2182 970 gnoscere
2197 911 2262 950 ex
2295 895 2379 950 his
2407 909 2528 965 quae
2575 892 2858 954 dicuntur,
2893 898 2948 944 et
2975 903 3042 944 ex
3097 888 3180 942 his
3211 901 3334 956 quae
3359 901 3389 939 a
3423 899 3512 940 me

1913 994 2065 1048 ﬁunt.
2114 990 2330 1047 Etenim
2367 1002 2649 1045 sermones
2699 986 2802 1040 mei
2837 985 3218 1039 demonstrant
3250 995 3336 1034 me
3376 994 3513 1035 eou-

1912 1082 2138 1138 trarium
2166 1079 2342 1146 vobis,
2371 1077 2630 1136 similiter
2661 1085 2718 1131 et
2761 1088 2948 1144 opera.
2978 1057 3114 1126 Nam
3149 1085 3244 1128 vos
3290 1071 3511 1140 quidem

1911 1177 2187 1248 publicani
2241 1186 2297 1230 et
2349 1183 2617 1245 raptores,
2649 1185 2748 1240 ego
2808 1177 2990 1224 autem
3041 1182 3151 1222 non
3203 1167 3376 1221 habeo
3423 1167 3511 1219 ubi

1913 1282 2077 1345 caput
2119 1271 2400 1328 reclinem.
2430 1268 2736 1339 Oportebat
2769 1267 2934 1337 igitur
2955 1279 3072 1328 vos,
3102 1262 3266 1316 veluti
3297 1276 3324 1313 a
3361 1261 3512 1314 nubi-

1917 1371 2019 1426 bus
2051 1369 2304 1431 imbrem,
2353 1377 2408 1421 et
2453 1366 2522 1420 ab
2574 1373 2761 1419 austro
2814 1368 3007 1416 mstum
3054 1356 3399 1426 conjectatis,
3437 1354 3515 1408 sie

1913 1463 2078 1519 etiam
2114 1469 2327 1529 tempus
2359 1459 2518 1528 hujus
2538 1455 2642 1512 mei
2682 1454 2948 1509 adventus
2975 1451 3234 1522 probare,
3273 1457 3328 1503 et
3377 1462 3515 1501 cono

1910 1557 2118 1628 jectare
2151 1553 2296 1626 quod
2341 1567 2448 1606 non
2502 1551 2744 1605 venerim
2791 1549 3004 1602 mittere
3037 1561 3250 1618 pacem,
3282 1543 3377 1599 sed
3412 1543 3514 1598 im-

1918 1652 2068 1706 brem
2096 1659 2152 1705 et
2195 1646 2582 1703 turbationem.
2614 1643 2794 1698 Nubes
2840 1643 2984 1696 enim
3021 1651 3074 1694 et
3121 1640 3244 1709 ipse,
3276 1651 3420 1702 sum,
3464 1646 3519 1688 et

1919 1744 1985 1798 ab
2017 1741 2302 1798 occidente
2331 1737 2582 1794 humanae
2611 1746 2821 1791 naturae
2863 1734 3023 1787 venio
3055 1745 3176 1801 quae
3226 1729 3379 1800 prius
3416 1725 3513 1781 fuit

1921 1836 2162 1902 humilis,
2213 1842 2269 1889 et
2311 1845 2562 1903 magnam
2617 1844 2683 1883 ex
2718 1836 2943 1898 peccato
2982 1823 3270 1894 caliginem
3307 1821 3518 1876 habuit.

217 1923 354 1995 φὲλη
384 1924 494 1994 γάρ
519 1924 638 1993 εἰμι
668 1921 761 1976 καὶ
785 1921 966 1986 αὐτὸς,
997 1919 1092 1974 καὶ
1128 1920 1238 1974 ἀπὸ
1273 1917 1496 1988 δυσμῶν
1550 1920 1805 1988 ἔρχομαι,

1921 1930 2029 1987 Sed
2069 1933 2232 1986 etiam
2276 1927 2398 1982 veni
2463 1927 2642 1995 ignem
2679 1922 2919 1985 mittere,
2959 1928 3013 1972 et
3069 1927 3264 1972 aestum
3311 1912 3516 1969 facere.

217 2018 314 2084 τῆς
343 2016 696 2084 ἀνθρωπίνης
727 2015 943 2083 φύσεως
967 2013 1133 2082 λέγω,
1168 2013 1267 2082 τῆς
1307 2011 1498 2084 πρώην
1527 2011 1815 2082 χθαμαλῆς

213 2127 273 2162 τε
329 2110 424 2163 καὶ
453 2109 621 2163 πολὺν
658 2109 748 2162 τὸν
783 2110 845 2161 ἐκ
884 2108 981 2178 τῆς
1039 2107 1314 2179 ἁμαρτίας
1360 2108 1525 2176 ζόφον
1560 2107 1811 2176 ἐχούσης.

217 2203 378 2257 Ἀλλὰ
410 2203 504 2257 καὶ
548 2202 658 2271 πῦρ
702 2199 862 2272 ἦλθον
896 2202 1103 2271 βαλεῖν,
1134 2202 1233 2257 καὶ
1280 2201 1537 2254 καύσωνα
1567 2200 1811 2269 ποιῆσαι·

215 2296 368 2358 νότος
398 2295 508 2364 γάρ
543 2296 685 2363 εἰμι,
720 2293 939 2364 πνεῦμα
985 2292 1211 2363 θερμὸν,
1251 2294 1346 2346 καὶ
1388 2295 1487 2364 τῆς
1519 2290 1613 2345 τοῦ
1642 2291 1817 2363 βορρᾶ

214 2386 557 2458 ψυχρότητος
606 2387 885 2440 ἀντίθετον
920 2402 933 2414 ·
973 2387 1096 2439 ἐπεὶ
1126 2389 1222 2440 καὶ
1269 2386 1376 2440 άπὸ
1411 2387 1512 2456 τῆς
1561 2386 1812 2457 Βηθλεέμ

217 2484 451 2553 ἐφάνην,
505 2481 627 2550 ἣτις
695 2479 832 2550 πρὸς
897 2480 1050 2532 νότον
1115 2482 1313 2534 κεῖται.
1381 2478 1568 2531 Ταῦτα
1621 2477 1863 2542 εἰπὼν..

215 2574 466 2629 διδάσκει
488 2575 688 2637 αὐτοὺς
708 2573 804 2626 καὶ
849 2573 978 2643 περὶ
1015 2573 1243 2644 εἰρήνης
1273 2573 1459 2627 λοιπξν
1486 2574 1777 2639 ἐπαινετῆς
1797 2588 1812 2605 ·

217 2668 345 2720 ἐπεὶ
384 2668 491 2738 γὰρ
542 2667 709 2731 ἔδειξε
740 2667 839 2737 τήν
881 2665 1179 2735 ἐπαινετὴν
1231 2666 1537 2729 διάστασιν,
1573 2665 1815 2719 δείκνυσι

213 2759 313 2814 καὶ
340 2759 438 2828 τὴν
467 2759 773 2830 ἀμώμητον
801 2761 1046 2829 εἰρήνην·
1084 2758 1179 2812 καί
1210 2775 1398 2828 φησιν,
1423 2759 1504 2814 ὅτι
1557 2758 1814 2812 Ἐπειδὰν

213 2854 242 2905 δ
288 2852 561 2916 ἀντίδικος
621 2852 755 2924 ἕλκῃ
803 2868 863 2904 σε
917 2853 995 2914 εἰς
1050 2852 1427 2922 δικαστήριον,
1474 2853 1531 2904 ἐν
1588 2854 1654 2923 τῇ
1711 2850 1816 2922 ὁδῷ

217 2943 546 3010 σπούδασον,
593 2943 885 3012 ἀγώνισαι·
931 2943 994 2997 τὺ
1040 2944 1150 3014 γάρ
1193 2943 1291 3008 Δὸς
1333 2945 1623 3016 ἐργασίαν,
1657 2942 1815 2997 τοῦτο

215 3037 397 3108 δηλοῖ*
435 3037 498 3090 τὸ
541 3037 720 3090 πάντα
764 3036 968 3108 τρόπον
1002 3036 1418 3108 ἐπινοήσασθαι,
1454 3036 1528 3099 ώς
1549 3035 1615 3090 ἂν
1644 3036 1815 3090 ἀπαλ-

213 3129 394 3198 λαγῇς
435 3125 530 3181 ἀπ’
565 3128 730 3182 αὐτοῦ
760 3140 777 3157 ⁸
827 3130 920 3182 καί⁵
971 3129 1146 3192 ἄλλως
1182 3129 1261 3196 δέ,
1292 3129 1354 3182 τὸ
1400 3130 1498 3193 Δὸς
1527 3129 1812 3199 ἐργασίαν·

213 3223 446 3286 νοεῖται,
495 3222 618 3276 ἀντὶ
653 3221 772 3286 τοῦ,
802 3221 905 3276 κᾶν
963 3222 1129 3295 μηδὲν
1160 3224 1314 3294 ἔχῃς,
1347 3223 1683 3293 δανείσθητι,
1717 3223 1812 3277 καὶ

213 3315 306 3376 δὺς
352 3315 640 3386 ἐργασίαν,
702 3314 980 3381 τουτέστι,
1018 3315 1201 3382 τόκον,
1229 3315 1372 3387 ὺπέρ
1414 3315 1510 3372 τοῦ
1562 3317 1809 3389 ἀπηλλά-

214 3405 348 3477 χθαι
383 3405 574 3474 αὑτοῦ,
606 3408 833 3476 Μήποτε
869 3406 1156 3478 κατασύρῃ
1199 3425 1258 3462 σε
1295 3412 1432 3480 πρὸς
1480 3409 1572 3462 τὸν
1601 3411 1818 3482 κριτὴν,

216 3501 313 3555 καὶ
353 3503 382 3555 ὁ
436 3501 630 3571 κριτής
687 3516 746 3554 σε
790 3499 1017 3570 παραδῷ
1073 3501 1153 3569 τῷ
1215 3502 1508 3574 πράκτορι,
1573 3504 1820 3558 τουτέστι

214 3591 299 3665 τῷ
355 3593 939 3663 ἀωιτητῇ,κάκεῖνος
987 3592 1126 3666 βάλῃ
1177 3612 1236 3647 σε
1275 3595 1355 3659 εἰς
1403 3597 1678 3667 φυλακήν,
1712 3598 1819 3661 ἓως

213 3679 279 3739 οὗ
315 3684 506 3738 καὶτὸ
536 3684 768 3756 ἔσχατον
799 3685 997 3738 λεπτὸν
1047 3687 1284 3757 ἀποδῷς.
1323 3688 1511 3741 Ταῦτα
1555 3687 1613 3740 δὲ
1667 3688 1818 3754 λέγει

211 3779 245 3832 ὁ
311 3777 545 3848 Κύριος,
589 3777 839 3846 ἐκφοϐῶν
894 3777 982 3831 διὰ
1021 3778 1225 3832 τούτων
1270 3779 1396 3843 τοὺς
1455 3781 1817 3851 παχυτέρους,

217 3873 316 3925 καὶ
347 3873 488 3942 πρὸς
504 3872 565 3924 τὸ
586 3871 896 3941 εἰρηνεύειν
929 3869 1178 3939 συνάγων
1199 3888 1212 3901 ·
1254 3871 1408 3936 εἰδὼς
1442 3874 1552 3945 γὰρ
1579 3874 1660 3927 ὅτι
1695 3876 1819 3937 τοὺς

211 3963 624 4032 γεωδεστέρους
669 3964 698 4015 ὁ
744 3963 843 4033 τῆς
886 3964 1090 4034 ζημίας
1127 3964 1290 4032 φόϐος
1340 3967 1436 4016 καὶ
1486 3965 1595 4019 τῶν
1650 3967 1809 4019 κολά-

218 4073 364 4110 σεων
425 4055 731 4119 συστέλλει,
760 4055 848 4108 διὰ
900 4055 1059 4108 τοῦτο
1110 4055 1286 4111 ταῦτά
1340 4073 1511 4127 φησι’
1554 4057 1818 4112 Νοοῦνται

214 4150 274 4204 δέ.
308 4148 489 4202 ταῦτα
555 4148 648 4202 καὶ
700 4148 787 4200 διά
810 4148 902 4200 τὸν
952 4148 1202 4202 διάϐολον
1233 4150 1502 4210 ἀντίδικος
1535 4150 1643 4221 γὰρ
1667 4145 1819 4214 οὗτος

218 4241 384 4314 ήμῶν
409 4257 423 4272 ·
453 4242 512 4294 ἐν
544 4243 610 4310 τῇ
657 4239 761 4310 ὁδῷ
812 4236 928 4305 οὖν,
958 4240 1034 4310 τῷ
1071 4240 1170 4310 βίῳ
1225 4239 1400 4311 τούτῳ
1431 4241 1599 4309 λέγω,
1643 4243 1814 4304 ὄντες,

217 4333 626 4403 σπουδάσωμεν
653 4333 1034 4404 ,ἐργαζόμενοι
1087 4335 1185 4403 τὴν
1215 4334 1441 4405 ἀρετὴν,
1471 4336 1820 4406 ἀπηλλάχθαι

217 4425 317 4481 ἀπ’
347 4426 540 4491 αὑτοῦ,
569 4425 663 4479 καὶ
709 4425 878 4495 μηδὲν
911 4425 1092 4478 κοινὸν
1131 4426 1274 4496 ἔχειν
1309 4429 1446 4497 πρὺς
1487 4428 1674 4492 αὐτὴν,
1709 4430 1814 4496 μή·

216 4534 353 4570 ποτε
416 4519 473 4569 ἐν
525 4519 590 4587 τῇ
654 4517 922 4588 μελλούσῃ
1000 4517 1179 4589 κρίσει
1240 4518 1470 4590 παραδῴ
1529 4521 1676 4591 ἡμᾶς
1737 4521 1815 4590 τῷ

1920 2033 2126 2085 Auster
2166 2026 2312 2081 enim
2369 2038 2514 2088 sum,
2549 2020 2775 2090 spiritus
2821 2015 3080 2078 feri-idus,
3125 2025 3178 2067 et.
3237 2011 3550 2087 frigiditari'

1919 2122 2191 2195 aquilonis
2225 2117 2540 2175 contrarius
2574 2133 2585 2168 :
2616 2110 3062 2185 quandoquidem
3090 2110 3142 2161 iu
3200 2105 3518 2161 Bethleheni

1921 2216 2169 2289 apparui,
2217 2228 2338 2285 quae
2387 2210 2455 2267 ad
2521 2218 2767 2264 austrum
2817 2208 2921 2259 sita
2972 2211 3073 2257 est.
3138 2201 3202 2255 Et
3245 2199 3334 2255 ubi
3406 2198 3524 2251 hil't'.

1922 2311 2083 2374 dixit,
2136 2309 2294 2362 docet
2347 2317 2443 2358 eos
2494 2300 2659 2356 etiam
2719 2298 2785 2352 de
2840 2293 3098 2350 laudabili
3170 2305 3323 2359 pace.
3383 2289 3519 2355 Quin

1919 2401 2066 2456 enim
2099 2399 2416 2455 ostenderat
2457 2395 2737 2449 laudatum
2773 2388 2940 2462 383
2979 2385 3291 2448 discidium,
3329 2393 3522 2439 osten-

1921 2496 2000 2552 dit
2058 2505 2114 2549 et
2174 2487 2715 2561 irreprehensibilem
2766 2499 2978 2556 pacem,
3009 2491 3064 2536 et
3116 2477 3337 2550 inquit:
3381 2475 3520 2531 Cum

1919 2585 2272 2642 adversarius
2340 2579 2585 2652 rapuerit
2644 2589 2696 2633 te
2741 2578 2807 2632 ad
2874 2572 3140 2637 tribunal,
3187 2570 3239 2626 in
3305 2569 3391 2623 via
3452 2571 3521 2621 da

1919 2695 2166 2751 Operam,
2200 2676 2399 2732 festina
2433 2683 2487 2728 et
2520 2673 2728 2737 labora,
2754 2670 2808 2725 id
2837 2669 2983 2724 enim
3016 2664 3289 2737 significat
3311 2663 3402 2726 δὸς
3429 2663 3523 2732 ἐρ-

1919 2772 2140 2843 γασίαν,
2176 2770 2243 2824 da
2265 2783 2514 2839 operam,
2547 2767 2652 2820 hoc
2701 2772 2807 2826 est,
2839 2775 3032 2816 omnes
3070 2757 3263 2815 modos
3316 2754 3520 2826 cogita,

1919 2868 2119 2940 quibus
2154 2865 2222 2920 ab
2249 2879 2313 2920 eo
2335 2861 2612 2918 libereris.
2647 2857 2742 2913 Vel
2785 2857 2984 2912 aliter:
3015 2854 3088 2907 Da
3137 2867 3389 2923 operam,
3420 2851 3523 2904 hoc

1919 2970 2024 3026 est,
2055 2958 2222 3014 etiam
2259 2957 2304 3012 si
2342 2953 2478 3009 nihil
2515 2952 2740 3014 habeas,
2778 2950 3058 3013 fenerare,
3088 2955 3142 3000 et
3166 2945 3234 2999 da
3271 2958 3522 3013 operam,

1921 3054 2024 3108 hoc
2061 3062 2147 3107 est
2190 3064 2436 3112 usuram,
2470 3056 2526 3099 ut
2553 3044 2801 3099 libereris
2834 3040 2902 3095 ab
2940 3041 3055 3106 illo,
3089 3037 3380 3108 nequando
3409 3044 3523 3087 tra-

1921 3146 2016 3201 hat
2043 3154 2092 3200 te
2109 3145 2176 3199 ad
2205 3142 2464 3213 judicein,
2485 3150 2540 3196 et
2556 3138 2724 3210 jndex
2750 3137 2926 3190 tradat
2949 3143 3001 3190 te
3026 3130 3293 3194 exaetori,
3311 3137 3368 3183 et
3391 3143 3524 3182 exa-

1918 3249 2036 3295 ctor
2066 3236 2316 3309 projiciat
2347 3244 2398 3288 te
2432 3234 2484 3286 in
2507 3243 2813 3292 carcerem,
2849 3227 3024 3282 donec
3057 3223 3306 3278 ultimum
3335 3221 3522 3274 minu-

1926 3341 2042 3388 tum
2089 3329 2303 3384 reddas.
2337 3325 2466 3381 "me
2507 3333 2688 3380 autem
2741 3321 2876 3376 dicit
2925 3317 3185 3373 Dominus
3237 3326 3528 3371 exterrens

1925 3438 2022 3492 per
2060 3422 2178 3474 haec
2210 3417 2536 3480 crassiores,
2575 3423 2630 3468 et
2662 3412 2728 3468 ad
2759 3427 2944 3482 pacem
2975 3408 3276 3464 faciendam
3301 3421 3527 3474 cogens,

1925 3491 2104 3574 sciens
2137 3516 2282 3586 quod
2331 3527 2427 3565 eos
2469 3509 2560 3580 qui
2609 3510 2782 3577 magis
2825 3513 3119 3560 terrestres
3169 3511 3317 3568 sunt,
3347 3491 3529 3556 metus

1924 3608 2107 3665 damni
2148 3617 2204 3662 et
2237 3603 2626 3672 suppliciorum
2684 3599 2804 3668 plus
2833 3595 3111 3661 emendet,
3145 3604 3202 3649 et
3237 3604 3526 3664 promer-ea

1932 3701 2066 3756 dicit
2103 3700 2239 3754 haec.
2274 3696 2661 3763 lntelliguntur
2706 3701 2888 3745 autem
2925 3691 3041 3743 tunc
3083 3687 3250 3741 etiam
3301 3687 3369 3741 de
3411 3686 3531 3740 dia-

1925 3793 2070 3852 bolo.
2108 3792 2198 3863 qui
2253 3798 2437 3843 noster
2466 3784 2817 3840 adversarius
2848 3790 2953 3836 est.
2984 3781 3120 3835 Cum
3149 3779 3316 3850 igitur
3342 3780 3395 3833 in
3439 3781 3522 3833 via

1926 3884 2088 3954 hujus
2139 3881 2263 3936 vitae
2308 3894 2519 3942 sumus,
2553 3877 2748 3931 demus
2802 3889 3053 3945 operam,
3090 3872 3387 3927 virtutibus
3436 3888 3530 3927 va~

1925 3977 2122 4039 cando,
2156 3983 2214 4028 ut
2240 3975 2308 4027 ab
2340 3988 2405 4026 eo
2444 3970 2763 4032 liberemur,
2801 3976 2858 4020 et
2893 3965 3041 4021 “nihil
3074 3979 3370 4020 commune
3402 3979 3525 4019 cum

1925 4082 1991 4121 eo
2043 4050 2366 4130 habeamus,
2397 4061 2686 4132 nequando
2744 4062 2796 4115 in
2847 4058 3034 4113 futuro
3075 4056 3284 4126 judicio
3345 4056 3530 4111 tradat

1926 4175 2027 4214 nos
2058 4158 2251 4229 judiei.
2287 4157 2467 4226 Opera
2517 4154 2664 4208 enim
2698 4153 2816 4224 ejus
2852 4167 2973 4222 quae
3015 4153 3066 4205 in
3095 4152 3200 4206 hac
3233 4151 3343 4204 vita
3396 4150 3530 4205 faci—

1927 4267 2070 4315 mus,
2120 4250 2205 4303 ill.i
2256 4251 2478 4304 tradunt
2513 4263 2613 4303 nos
2647 4247 2843 4317 judici,
2882 4256 2937 4299 et
2984 4244 3153 4313 judex
3195 4243 3362 4299 tradit
3426 4259 3531 4299 n05

1925 4344 2193 4409 exactori,
2242 4344 2473 4396 dzmnoni
2535 4340 2752 4395 cuidam
2813 4353 2913 4394 nos
2956 4337 3238 4407 torquenti
3278 4348 3336 4392 et
3388 4339 3526 4392 atill-

1926 4438 2094 4507 genti,
2121 4444 2174 4488 et
2218 4445 2405 4505 postea
2451 4434 2604 4503 puitit
2667 4449 2766 4487 nos
2838 4435 3012 4486 donec
3068 4432 3233 4485 etiam
3289 4431 3529 4485 minuto-

1929 4545 2046 4580 rum
2107 4535 2462 4596 peccatorum
2514 4539 2730 4594 poenam
2783 4524 2998 4578 luamus
3029 4566 3043 4589 ,
3099 4532 3156 4578 et
3211 4538 3528 4577 mensuram

212 4607 412 4676 κριτῇ.
445 4605 529 4658 Τὰ
570 4607 682 4676 γὰρ
722 4605 856 4675 ἔργα
886 4605 1051 4660 αὑτοῦ
1096 4609 1131 4662 ἀ
1180 4609 1415 4662 ἐνταῦθα
1452 4612 1812 4682 ἐποιήσαμεν,

1934 4635 2110 4691 poena:
2169 4619 2514 4689 impleamus.
2587 4616 2874 4687 Nunquam
2951 4629 3132 4672 autem
3166 4618 3389 4687 impleta
3448 4630 3531 4672 est

211 4699 368 4752 αὐτὰ
423 4699 813 4769 παραδιδόασιν
837 4700 984 4770 ἡμᾶς
1018 4703 1084 4769 τῇ
1144 4701 1350 4771 κρίσει,
1386 4703 1482 4754 καὶ
1537 4706 1564 4756 ὁ
1625 4706 1813 4774 κριτὴς

1923 4729 2096 4786 prima:
2152 4727 2430 4776 mensura,
2469 4727 2689 4781 semper
2741 4728 2873 4782 ergo
2932 4715 3246 4782 puniemur.
3276 4711 3334 4767 Si
3379 4714 3526 4767 enim

213 4792 300 4861 τῷ
358 4792 636 4863 πράκτορι
681 4793 1049 4862 παραδίδωσιν
1094 4795 1263 4864 ἡμᾶς,
1313 4801 1660 4868 τιμωρητικῇ
1713 4816 1813 4851 τινι

1923 4812 1976 4863 in
2020 4821 2239 4864 carcere
2286 4806 2632 4861 manebimus
2671 4807 2844 4860 donec
2896 4814 3208 4861 extremum
3255 4807 3526 4861 minutum

215 4884 319 4938 καὶ
350 4884 640 4950 κακοποιῷ
679 4886 928 4953 δυνάμει*
957 4888 1050 4940 καὶ
1082 4887 1269 4941 λοιπὸν
1295 4894 1623 4960 τιμωρεῖται
1650 4894 1813 4962 ἡμᾶς,

1925 4901 2240 4963 reddamils,
2274 4909 2328 4954 et
2367 4914 2645 4969 nunquam
2697 4899 2961 4954 reddituri
3006 4916 3231 4965 sumus,
3304 4901 3529 4954 manife-

211 4976 392 5051 ἄχρις
435 4977 501 5032 ἂν
537 4977 632 5031 καὶ
672 4978 782 5032 τῶν
813 4978 1028 5033 λεπτῶν
1064 4981 1487 5051 ἁμαρτημάτων
1531 4982 1686 5047 δίκας
1719 4984 1813 5037 δῶ·

1926 4999 2070 5041 stum
2130 4989 2274 5057 quod
2306 4999 2573 5042 aeternum
2636 4990 2710 5043 sit
2753 4989 2995 5044 futurum
3030 4991 3380 5062 supplicium.

214 5089 347 5141 μεν,
387 5072 482 5122 καὶ
518 5069 579 5122 τὺ
620 5072 722 5139 τῆς
769 5071 1043 5134 κολάσεως
1087 5073 1288 5144 μέτρον
1342 5075 1812 5146 ἐκπληρώσωμεν.
1858 5082 2132 5134 Οὐδέποτε
2188 5079 2494 5152 πληροῦται
2549 5082 2609 5133 τὸ
2653 5085 2754 5152 τῆς
2825 5083 3103 5146 κολάσεως
3151 5085 3370 5156 μέτρον,
3441 5087 3531 5139 ἀεὶ

208 5165 326 5234 ἄρα
359 5162 838 5234 κολασθησόμεθα.
881 5165 942 5216 Εἰ
982 5166 1091 5234 γάρ
1122 5167 1250 5235 ἄχρι
1281 5167 1401 5218 τότε
1453 5172 1532 5230 εἰς
1569 5170 1816 5240 φυλακὴν
1859 5175 2123 5242 ἐσόμεθα.
2159 5175 2316 5246 ἄχρις
2343 5177 2408 5227 ἂν
2438 5177 2500 5228 το
2564 5174 2794 5246 ἔσχατον
2854 5177 3052 5230 λεπτὸν
3084 5178 3399 5249 ἀποδῶμεν,
3433 5186 3529 5233 ού-

207 5257 418 5309 δέποτε
447 5256 502 5308 δὲ
529 5257 803 5326 μέλλομεν
837 5256 1151 5322 ἀποδοῦναι,
1187 5261 1448 5330 πρέδηλον
1478 5262 1550 5324 ώς
1577 5262 1746 5326 ἀΐδιος
1779 5268 1811 5334 ή
1855 5268 2084 5330 κόλασις
2142 5269 2317 5320 ἔσται.

831 5350 1079 5403 ΚΕΦΑᾹ.
1116 5349 1212 5403 II".

210 5440 366 5520 Πεδρί
396 5437 518 5492 τῶν
541 5440 906 5520 [ξιλαλαίωῃ
933 5439 1030 5520 καὶ
1052 5439 1169 5520 τῶν
1188 5441 1256 5494 ἐν
1283 5441 1362 5520 τῷ
1388 5444 1647 5512 Σιλωάμ.
1678 5447 1817 5512 Περί

285 5510 408 5592 τῆς
426 5510 639 5592 ισυκῆς
678 5514 914 5592 κίέρπογ
945 5510 1031 5592 ei
1073 5511 1469 5592 έγεγκςρσης-
1517 5510 1664 5592 [lini
1709 5510 1818 5583 τῆς

287 5581 566 5663 ἐχούσης
597 5581 836 5663 πνεῦμα
868 5581 1206 5663 ᾀᾳθενείας.
1246 5585 1388 5663 [If-pi
1435 5586 1573 5663 τοῦ-
1591 5581 1816 5663 κόκκοι»

285 5651 602 5724 σινάπεως
627 5651 962 5718 παραϐολὴ,
991 5653 1223 5721 καὶτῆς
1273 5653 1480 5723 ζύμης.
1524 5659 1660 5724 Περί
1708 5660 1814 5711 τοῦ

286 5721 827 5800 ὲίτερι-ιτήσαντοςἱ
867 5723 927 5800 ,εἰ
972 5721 1620 5800 ὀλίγξοιλοζῗᾳωᾷἱμενοιζ
1675 5730 1813 5795 Περὶ

285 5791 411 5844 τῶν
438 5794 733 5845 εἰπόντων
757 5791 836 5855 τῷ
867 5792 1065 5858 Ἰησοῦ
1086 5795 1183 5846 διὰ
1219 5791 1506 5861 Ἡρώδην.

289 5903 307 5934 ι
359 5883 622 5955 Πιρῆιταν
653 5881 709 5935 δέ
745 5899 886 5944 τινες
919 5885 975 5935 ὲν
1006 5884 1155 5954 αὑτῷ
1197 5885 1271 5954 τῷ
1319 5888 1494 5957 καιρῷ
1533 5889 1815 5956 ἀπαγγέλ-

2517 5361 2753 5417 CAPUT
2789 5363 2929 5417 XIII.

1928 5448 2003 5501 De
2033 5447 2272 5529 Guiilceis
2303 5462 2348 5504 ει
2366 5452 2430 5529 iis
2465 5455 2730 5529 quierant
2765 5456 2820 5529 in
2852 5455 3025 5510 Siloa.
3053 5455 3127 5510 De
3158 5457 3265 5524 ﬁcu
3291 5461 3526 5528 fructum

1999 5538 2100 5595 non
2119 5524 2334 5587 [‘erenle.
2360 5522 2435 5575 De
2463 5522 2681 5578 muliere
2708 5527 2926 5593 spiritus
2971 5522 3198 5595 inﬁrmi.
3251 5522 3525 5586 Parabola

1993 5592 2057 5642 de
2112 5608 2280 5659 grano
2328 5595 2520 5670 _sinapi
2564 5606 2611 5648 et
2669 5592 2940 5670 (eripiente.
3001 5592 3074 5651 De
3138 5599 3526 5670 interrogante,

1995 5664 2339 5783 (filumdpauci
2377 5666 2622 5719 saluumli
2660 5672 2784 5720 sint.
2839 5667 2918 5720 De
2963 5670 3232 5723 nuntiatis
3283 5664 3414 5726 Je'su
3462 5664 3524 5729 οὗ

2051 5750 2137 5783 ero
2182 5751 2280 5783 enL

2051 5750 2259 5786 eroaem
2271 5776 2280 5786 .

2000 5891 2167 5951 Vens.
2196 5897 2307 5950 1-5.
2347 5916 2359 5948 ι
2390 5898 2628 5951 Aderant
2649 5910 2826 5954 autem
2856 5900 3080 5968 quidam
3111 5904 3303 5959 eodem
3327 5908 3378 5959 in
3401 5917 3530 5962 tein-
