4110 6332
225 382 336 447 913

855 381 1315 456 ENARRATIO
1358 383 1439 443 ΙΝ
1483 379 1989 444 EVANGELIUM
2040 381 2277 444 LUC.’E.
2310 408 2370 417 -
2402 384 2560 444 CAP.
2597 383 2771 444 XIII.

3427 372 3537 442 9H

225 496 338 548 τῶν
384 496 596 568 καρπὸν
651 501 708 551 ὲν
755 499 916 568 αὐτῇ,
948 502 1040 552 καὶ
1063 502 1163 571 οὐχ
1200 495 1364 569 εὗρεν
1398 519 1408 529 ·
1444 494 1567 554 εἶπε
1592 499 1649 552 δὲ
1687 499 1825 568 πρὸς

1943 512 1980 551 :I
2014 501 2162 553 venit
2192 515 2445 569 quaerens
2494 501 2733 554 fructum
2788 500 2840 554 itt
2902 497 3015 565 illa,
3047 505 3101 552 et
3150 512 3255 551 non
3304 494 3534 552 invenit.

225 590 320 642 τὸν
348 590 766 660 ἀμπελουργόν*
830 592 961 645 Ἰδοὺ
1009 594 1138 661 τρία
1186 594 1279 663 ἔτη
1349 588 1586 662 ἔρχομαι
1646 590 1826 661 ζητῶν

227 681 444 753 καρπὸν
475 681 533 732 ὲν
578 685 644 751 τῇ
680 686 818 754 συκῇ
853 683 1047 755 ταύτῃ,
1076 688 1172 739 καὶ
1209 687 1307 756 οὐχ
1359 685 1632 756 εὐρίσκω’
1665 684 1826 737 ἔκκο-

224 774 332 844 ψι,ν
395 774 588 847 αὐτὴν,
624 776 709 830 ἵνα
765 779 816 831 τί
864 780 960 833 καὶ
1005 779 1104 849 τὴν
1164 780 1267 847 γῆν
1323 781 1625 852 καταργεῖς
1660 779 1720 831 Ὀ
1771 779 1828 832 δὲ

229 865 557 936 ἀποκριθεὶς
616 869 763 936 λέγει
834 871 1027 939 αὐτῷ’
1072 870 1270 941 Κύριε,
1306 872 1445 940 ἄφες
1503 872 1676 944 αὐτὴν
1729 872 1826 925 καὶ

229 957 394 1010 τοῦτο
434 958 496 1011 τὸ
559 960 698 1022 ἔτος,
739 961 844 1024 ἕως
901 962 1023 1015 ὅτου
1068 964 1262 1033 σκάψω
1316 965 1448 1035 περὶ
1508 963 1682 1038 αὐτὴν
1733 965 1830 1018 καὶ

233 1049 385 1120 βαλῶ
446 1051 649 1121 κοπρία
685 1092 701 1115 ,
769 1055 872 1107 κᾶν
937 1053 1039 1124 μὲν
1090 1057 1295 1128 ποιήσῃ
1355 1057 1572 1128 καρπόν
1607 1075 1621 1090 ·
1666 1059 1715 1112 εἰ
1772 1058 1830 1111 δὲ

234 1143 406 1214 μήγε,
466 1145 546 1208 είς
582 1145 644 1199 τὸ
696 1145 895 1217 μέλλον
945 1148 1204 1218 ἐκκόψεις
1249 1149 1444 1222 αὑτήν.
1487 1169 1506 1202 ι
1573 1150 1829 1205 Ἀκολού-

230 1235 343 1300 θως
403 1237 615 1306 εἰσάγει
652 1239 752 1309 τὴν
811 1240 1140 1312 παραϐολὴν
1194 1242 1402 1314 ταύτην
1434 1257 1447 1272 ⁸
1483 1243 1678 1314 ἐπειδὴ
1723 1242 1831 1312 γὰρ

229 1323 409 1392 εἶπεν,
441 1330 538 1383 ,ὅτι
583 1331 710 1384 Ἐὰν
763 1331 837 1403 μὴ
875 1335 1249 1404 μετανοήσητε
1288 1377 1304 1402 ,
1353 1334 1645 1388 ἀπολεῖσθε
1671 1377 1684 1400 ,
1740 1336 1833 1388 Ei-

229 1422 409 1484 κότως
465 1422 826 1478 ὲπισυνάπτει
850 1426 952 1495 τὴν
1007 1427 1328 1499 παραδολὴν
1364 1429 1591 1499 ταύτην.
1640 1427 1832 1480 Ἔστιν

228 1513 327 1568 οῦν
361 1517 502 1585 συκῆ
538 1519 570 1587 ή
607 1517 772 1584 γενεὰ
802 1519 914 1572 τῶν
955 1519 1230 1574 Ἰουδαίων
1275 1522 1455 1592 φύλλα
1489 1523 1626 1592 μόνα
1658 1521 1833 1593 πικρά

228 1608 491 1673 ποιοῦσα,
531 1611 745 1680 καρπὸν
791 1612 847 1665 δὲ
895 1614 970 1682 μὴ
1025 1615 1369 1686 παρέχουσα.
1418 1617 1506 1670 Ἐν
1537 1615 1614 1688 τῷ
1645 1618 1830 1687 ἀμπε-

229 1701 365 1756 λῶνι
393 1701 451 1756 δὲ
484 1702 575 1756 τοῦ
617 1703 753 1756 Θεοῦ
786 1705 995 1769 ἵστατο,
1036 1710 1102 1778 τῇ
1145 1707 1389 1777 πολιτείᾳ
1426 1711 1492 1778 τῇ
1537 1710 1828 1781 Ἰουδαϊκῇ.

242 1792 306 1850 ὐ
337 1795 728 1864 οἰκοδεσπότης
777 1798 806 1850 6
844 1798 1081 1866 Χριστὸς
1121 1799 1318 1864 ἐλθὼν,
1349 1803 1442 1854 καὶ
1478 1801 1660 1872 ζητῶν
1692 1818 1834 1871 καρ-

232 1885 336 1939 πὸν
367 1887 605 1950 πίστεως
649 1890 744 1941 καὶ
797 1888 1174 1960 ἀγαθοεργίας
1215 1894 1274 1943 ὲν
1327 1893 1490 1962 αὐτῇ,
1528 1893 1628 1963 οὐχ
1678 1888 1827 1964 εῦρε.

232 1979 378 2050 Τρία
404 1978 461 2032 δὲ
501 1981 598 2049 ἔτη
635 1978 791 2050 ἦλθε,
822 1983 910 2038 διὰ
941 1984 1209 2050 Μωσέως,
1257 1985 1347 2038 διὰ
1383 1986 1707 2057 προφητῶν,
1739 1987 1834 2043 καὶ

231 2073 296 2128 τὸ
327 2075 508 2144 τρίτον
538 2075 611 2128 δι’
657 2076 883 2130 ἑαυτοῦο
926 2078 1156 2150 ὕστερον
1206 2082 1392 2151 μέντοι
1440 2082 1515 2151 μὴ
1563 2084 1834 2153 μετανοή-

233 2183 438 2232 σαντας
468 2168 694 2239 ἐξέκοψε
735 2174 830 2241 τῆς
859 2172 951 2225 τοῦ
982 2172 1120 2227 Θεοῦ
1161 2175 1405 2242 ἀγάπηςο
1466 2174 1568 2227 οὐκ
1601 2174 1680 2226 ἔτι
1722 2174 1831 2245 γὰρ

232 2257 386 2315 litvo;
417 2263 645 2332 Κυρίου,
679 2264 771 2316 καὶ
804 2264 934 2328 λαὸς
962 2265 1118 2332 ἅγιος
1149 2265 1440 2319 καλοῦνται
1464 2282 1477 2296 ⁸
1507 2268 1590 2329 εἰς
1613 2267 1706 2320 τὸν
1736 2267 1830 2320 τό·

235 2368 338 2405 πον
366 2352 422 2404 δὲ
470 2353 651 2406 αὐτῶν
691 2356 1136 2426 ἀντεισήχθησαν
1181 2359 1250 2411 τὰ
1283 2357 1412 2426 ἒΟνη
1444 2356 1512 2410 τὰ
1555 2358 1834 2430 δυνάμενα

234 2451 634 2518 καρποξορεῖν.
675 2449 915 2520 Νοηθείη
952 2451 996 2502 δ’
1033 2450 1098 2504 ἂν
1132 2453 1282 2522 καὶὴ
1313 2453 1580 2520 σύμπασα
1617 2453 1833 2524 ἀνθρω-

235 2536 412 2607 πότῇς
444 2540 579 2607 συκῆ
603 2556 615 2571 ⁸
649 2541 1041 2611 οἰκοδεσπότης
1063 2585 1076 2603 ,
1109 2544 1136 2595 6
1167 2541 1299 2605 Θεὸς
1332 2548 1428 2596 καὶ
1461 2545 1652 2614 Πατήρ
1675 2558 1688 2572 ⁶
1725 2547 1835 2615 ἁμ-

236 2628 542 2699 πελουργὺς
568 2631 625 2686 δὲ
671 2632 699 2683 6
732 2632 861 2696 Υίὸς
907 2633 1000 2686 τοῦ
1046 2634 1213 2687 Θεοῦο
1246 2635 1612 2704 φιλοπονῆσαι
1644 2637 1702 2690 δὲ
1739 2636 1836 2689 καὶ

235 2723 550 2794 ἑκκαθάραι
594 2726 688 2778 τὸν
723 2727 1024 2797 ἀμπελῶνα
1068 2728 1228 2798 ἡμῶν
1281 2729 1594 2798 ἐνδημήσας
1632 2746 1644 2760 ⁶
1675 2732 1834 2783 ἐκκοι-

238 2815 410 2884 πῆναι
433 2817 635 2887 ταύτην
661 2818 750 2888 τὴν
775 2822 951 2891 συκῆν
976 2820 1050 2882 ὡς
1073 2821 1325 2890 ἄκαρπον
1348 2821 1448 2874 οὐκ
1467 2822 1532 2893 ἐᾷ
1554 2826 1579 2873 6
1601 2822 1835 2892 Χριστὸς

237 2909 465 2961 τοιαῦτα
492 2908 667 2978 λέγων
690 2930 704 2944 ο
745 2931 762 2962 ι
810 2914 982 2980 Ἀφες
1023 2914 1195 2982 αὐτὴν
1226 2915 1321 2967 καὶ
1352 2914 1511 2967 τοῦτο
1542 2917 1602 2967 τὸ
1635 2916 1773 2978 ἔτος.
1812 2937 1830 2968 ι

239 2999 304 3053 Ι¹Σί
338 3001 426 3053 διὰ
463 3001 628 3072 νόμου
661 3005 755 3057 καὶ
807 3005 1106 3075 προφητῶν
1140 3007 1241 3058 οὐκ
1272 3006 1705 3074 ὲϐελτιώθησαν,
1740 3009 1837 3061 καὶ

240 3094 533 3162 μετανοίας
575 3098 788 3164 καρπὸν
846 3098 945 3149 οὐκ
996 3098 1307 3164 ἐπέδωκαν,
1367 3099 1507 3154 ἀλλὰ
1565 3116 1625 3168 γε
1680 3100 1836 3170 κάγὼ

1939 594 2082 648 Dixit
2120 606 2302 649 autem
2345 595 2411 648 ad
2462 596 2728 650 cultorem
2786 593 2957 648 vincat
2994 611 3006 647 :
3050 591 3189 646 Ecce
3232 589 3361 642 anni
3423 599 3534 642 tres

1933 698 2062 740 sunt
2115 689 2166 740 in
2201 704 2308 754 quo
2347 688 2502 740 venio
2531 727 2543 744 .
2583 700 2835 752 quarrens
2882 683 3118 738 fructum
3157 682 3209 735 in
3263 682 3364 735 liz'u
3410 682 3533 739 huc,

1934 788 1984 832 et
2026 795 2131 832 non
2180 779 2397 832 invenio
2443 795 2455 831 :
2500 777 2721 832 succide
2781 777 2974 829 illam:
3017 776 3082 828 ad
3127 773 3254 842 quid
3291 773 3369 826 vel
3429 780 3540 826 ter—

1935 886 2051 926 ram
2110 871 2391 939 occupat?
2432 871 2500 926 At
2541 869 2629 923 ille
2680 871 3022 938 respondens
3072 866 3208 921 dixit
3245 866 3318 919 illi
3369 883 3383 918 :
3436 866 3540 920 Du-

1935 962 2104 1026 tnine,
2161 961 2278 1015 sine
2315 961 2463 1014 illam
2508 969 2563 1015 et
2618 960 2721 1014 hoc
2786 975 2930 1014 anno
2983 958 3159 1012 donec
3203 955 3394 1010 [odero
3439 958 3542 1009 cir-

1935 1069 2059 1107 cum
2097 1053 2266 1119 illam,
2323 1063 2378 1108 et
2423 1053 2625 1108 misero
2679 1063 2920 1114 stercus,
2968 1061 3023 1105 et
3069 1049 3115 1106 si
3184 1049 3406 1118 quidem
3469 1052 3539 1100 lu-

1936 1148 2075 1202 cerit
2105 1147 2387 1202 fructum:
2442 1145 2528 1201 sin
2583 1144 2790 1211 minus,
2849 1144 2900 1197 in
2961 1150 3238 1212 posterum
3290 1141 3540 1196 succida

1938 1240 2110 1295 illam.
2157 1259 2176 1293 ι
2207 1238 2354 1294 Bona
2413 1237 2800 1308 consequentia
2851 1235 3165 1305 parabolant
3229 1234 3369 1288 hanc
3411 1231 3539 1301 jun-

1934 1333 2013 1402 git
2069 1351 2083 1386 :
2129 1342 2417 1403 postquam
2491 1331 2639 1386 enim
2727 1330 2914 1391 dixit,
2971 1326 3080 1380 Nisi
3143 1326 3483 1394 resipueritis
3520 1366 3535 1389 ,

1936 1426 2214 1498 peribitis,
2273 1425 2473 1480 merito
2520 1433 2574 1480 et
2626 1425 2786 1476 istam
2835 1422 3148 1493 parabolam
3209 1420 3414 1486 adjicit.
3446 1417 3549 1473 Est

1934 1518 2104 1590 385
2148 1517 2315 1589 igitur
2350 1517 2484 1572 ﬁcus
2508 1557 2521 1580 ,
2575 1513 2886 1569 Iudaeorum
2921 1512 3199 1582 generatio
3236 1509 3365 1564 folia
3417 1519 3540 1563 tan-

1938 1619 2050 1666 tum
2094 1624 2281 1664 amara
2337 1608 2570 1671 faciens,
2607 1617 2660 1661 et
2701 1606 2906 1660 nullntn
2962 1606 3198 1659 l‘ructum
3233 1599 3540 1672 proferens.

1936 1702 1993 1758 In
2045 1703 2201 1759 vinea
2252 1713 2436 1757 autem
2483 1702 2574 1756 Dei
2613 1700 2803 1765 stetit,
2845 1713 3039 1766 nempe
3088 1698 3139 1751 in
3175 1695 3398 1751 Judaica
3455 1695 3540 1746 vi-

1939 1796 2098 1851 vendi
2132 1796 2368 1851 ratione.
2409 1792 2818 1849 Paterfamilias
2867 1802 3048 1844 autem
3085 1789 3340 1843 Christus
3395 1787 3543 1841 venit

1937 1900 1990 1945 et
2034 1889 2283 1959 quasivit
2332 1888 2570 1943 fructum
2626 1885 2749 1940 ﬁdei
2805 1885 3182 1952 bonorumque
3221 1897 3450 1951 operum
3485 1881 3538 1933 in

1937 1997 2022 2048 ea,
2056 1998 2120 2036 ac
2157 1997 2261 2035 non
2299 1981 2526 2034 invenit.
2573 1979 2774 2033 Tribus
2810 1986 2994 2030 autem
3033 1974 3190 2028 annis
3221 1975 3390 2036 venit,
3442 1988 3543 2043 per

1940 2075 2150 2140 Mosen,
2184 2091 2280 2146 per
2315 2075 2636 2144 prophetas,
2687 2081 2741 2126 et
2777 2087 2874 2140 per
2921 2071 3159 2138 seipsum
3215 2067 3377 2122 tertio
3423 2086 3436 2121 :
3488 2079 3545 2120 et

1938 2169 2064 2237 quia
2095 2168 2473 2236 pmnitentiam
2515 2181 2620 2220 non
2646 2173 2895 2234 egerunt,
2939 2178 2969 2216 a
3001 2161 3291 2217 dilectione
3323 2160 3413 2215 Dei
3448 2174 3543 2213 eus

1938 2261 2178 2315 abtecuit
2221 2278 2232 2313 :
2273 2275 2377 2313 non
2431 2258 2570 2312 ultra
2604 2258 2748 2312 cnim
2780 2271 2911 2326 gens
2945 2254 3158 2308 Domini
3207 2262 3261 2307 et
3313 2253 3543 2322 populus

1940 2364 2161 2411 sanctus
2199 2363 2438 2407 vocatur.
2480 2351 2532 2404 In
2570 2351 2747 2405 locum
2777 2359 2957 2403 autem
2991 2363 3180 2402 eorum
3217 2346 3543 2400 introductae

1942 2460 2072 2505 Sunt
2107 2459 2322 2520 gentes,
2349 2463 2467 2518 qua:
2496 2446 2734 2500 fructum
2772 2443 2957 2498 facere
2981 2442 3182 2503 valent.
3220 2441 3544 2510 lntelligitnr

1938 2555 1992 2599 et
2026 2559 2122 2615 per
2153 2544 2316 2598 ﬁcum
2352 2551 2524 2596 totum
2559 2540 2858 2593 humanum
2913 2551 3084 2607 genus
3116 2554 3128 2590 ;
3169 2550 3267 2605 per
3297 2544 3538 2604 patrem-

1942 2637 2178 2692 familias
2209 2635 2372 2690 Pater
2407 2645 2460 2689 et
2496 2635 2635 2688 Deus
2669 2651 2682 2688 :
2716 2647 2811 2701 per
2841 2631 3108 2685 cultorem
3140 2630 3336 2693 vinem,
3369 2627 3543 2682 Filius

1941 2728 2074 2794 Dei,
2113 2728 2203 2796 qui
2257 2727 2542 2780 nobiscum
2591 2722 2972 2793 peregrinatus
3008 2730 3092 2775 est
3141 2730 3199 2774 ut
3239 2719 3443 2773 coleret
3491 2730 3546 2772 et

1942 2829 2198 2888 purgaret
2247 2819 2480 2872 vineam.
2521 2815 2775 2872 Christus
2841 2825 3024 2870 autem
3079 2814 3240 2868 ﬁcum
3291 2812 3439 2868 illam
3486 2825 3545 2868 ut

1943 2913 2186 2968 sterilem
2219 2911 2464 2968 exsecari
2505 2926 2607 2964 non
2639 2909 2795 2972 sinit,
2829 2911 3019 2964 dicet's
3057 2927 3070 2964 :
3109 2929 3127 2959 ι
3164 2907 3295 2963 Sine
3320 2908 3467 2962 illam
3491 2919 3546 2960 et

1944 3007 2045 3060 hoc
2081 3019 2246 3061 anno.
2288 3023 2305 3056 ι
2343 3005 2495 3059 Licet
2524 3004 2666 3058 enim
2699 3018 2794 3073 per
2827 3002 3000 3072 legem
3027 3011 3082 3057 et
3110 3002 3408 3072 prophetas
3435 3017 3542 3055 non

1944 3095 2148 3152 fuerint
2183 3097 2313 3152 facti
2375 3095 2670 3161 meliores,
2707 3109 2884 3164 neque
2930 3094 3265 3164 pix-nitentia!
3302 3092 3542 3148 fructum

238 3187 357 3248 τοῖς
388 3186 541 3253 ἐμοῖς
574 3188 826 3257 ἀρδεύσω
860 3189 1088 3254 τούτους
1115 3191 1356 3260 δόγμασι
1387 3195 1484 3246 καὶ
1517 3193 1828 3263 παθήμασι,

1944 3191 2223 3246 fecerint:
2261 3198 2504 3244 attamen
2551 3205 2637 3244 me
2685 3189 2949 3258 irrigante
2990 3189 3124 3242 meis
3174 3186 3440 3242 doctrinis
3493 3197 3547 3241 et

237 3277 346 3332 κᾶν
387 3280 485 3348 μὲν
531 3283 798 3351 ποιήσωσι
830 3283 1045 3352 καρπον
1082 3283 1415 3349 εὐπειθείας,
1454 3284 1503 3337 εί
1535 3285 1591 3339 δὲ
1635 3286 1716 3358 μή
1743 3303 1832 3354 γε,

237 3371 320 3431 είς
360 3373 420 3421 τὸ
461 3371 655 3440 μέλλον
709 3373 966 3443 ἐκκόψεις
1021 3373 1216 3444 αὐτὴν,
1272 3375 1373 3444 τῆς
1434 3374 1543 3429 τῶν
1603 3375 1836 3430 δικαίων

242 3466 464 3535 μερίδος
496 3466 746 3536 ἐκτεμὼν
778 3469 1000 3530 αὐτούς.
1036 3470 1134 3522 Ἐκ
1163 3470 1349 3538 τρίτου
1393 3470 1452 3525 δὲ
1491 3470 1705 3542 καρπὸν
1734 3471 1834 3541 ζη-

234 3557 467 3628 τηθείσα
506 3562 539 3632 ἡ
578 3560 739 3628 φύσις
775 3561 956 3630 ἡμῶν,
1003 3561 1104 3614 οὐκ
1146 3563 1459 3616 ἐπέδωκεν⁹
1494 3564 1642 3630 ἅπαξ
1695 3564 1831 3635 μὲν,

237 3651 332 3706 ὅτε
364 3655 420 3705 ὲν
451 3652 528 3723 τῷ
563 3655 882 3725 παραδείσῳ
912 3657 1013 3725 τὴν
1044 3657 1272 3724 ἐντολὴν
1300 3657 1633 3728 παρέσημεν
1655 3676 1667 3690 ·
1707 3659 1836 3712 δεύ-

239 3759 402 3812 τερον
431 3745 508 3810 δὲ,
542 3747 629 3798 ὅτε
676 3749 734 3800 ὲν
787 3747 865 3817 τῷ
919 3747 1070 3819 νόμῳ
1123 3751 1602 3820 ἐμοσχοποίησαν,
1665 3772 1682 3804 ι
1740 3755 1835 3807 καὶ

237 3836 545 3908 ἠλλάξαντο
576 3839 676 3910 τὴν
708 3837 867 3906 δόξαν
893 3841 988 3894 τοῦ
1017 3841 1156 3895 Θεοῦ
1190 3845 1247 3897 ὲν
1281 3843 1592 3916 ὁμοιώματι
1629 3846 1834 3918 μόσχου

239 3929 517 3993 ἐσθίοντος
561 3932 776 4002 χόρτον.
819 3953 837 3985 ι
895 3935 1006 3988 Καὶ
1057 3937 1269 4006 τρίτον,
1322 3939 1412 3990 ὅτε
1464 3939 1555 3993 τὸν
1607 3941 1837 4012 Σωτῆρα

241 4022 342 4076 καὶ
409 4024 614 4094 Κύριον
662 4027 1089 4098 παρῃτήσαντο,
1145 4029 1412 4092 εἰπόντες·
1469 4031 1586 4084 Οὐκ
1632 4031 1836 4102 ἔχομεν

241 4112 492 4184 βασιλέα,
535 4117 580 4168 εί
613 4115 687 4187 μὴ
715 4117 990 4189 Καίεαρα.
1023 4121 1137 4175 Κλὶ
1175 4122 1202 4173 6
1236 4121 1359 4176 καθ’
1390 4122 1488 4176 ἕνα
1538 4123 1611 4189 δὲ,
1641 4127 1834 4197 ἡμῶν,

242 4206 388 4276 συκῆ
423 4209 571 4262 ἐςτιν
601 4210 658 4262 ἑν
682 4209 759 4280 τῷ
784 4213 1182 4281 ἁμπελῶνιτοῦ
1214 4217 1374 4279 Θεοῦ,
1406 4221 1473 4287 τῇ
1503 4217 1833 4292 Ἐκκλησία,

239 4299 276 4370 ἢ
332 4299 522 4360 ἁπλῶς
558 4303 766 4368 εἰπεῖν,
817 4304 895 4376 τῷ
928 4305 1122 4376 κόσμῳ
1175 4306 1350 4376 τούτῳ
1399 4311 1834 4379 πεφυτευμένος.

242 4394 510 4465 Ἔρχεται
537 4393 631 4449 οὖν
659 4393 842 4466 ζητῶν
883 4398 1099 4468 καρπὸν
1129 4401 1156 4452 6
1182 4399 1335 4464 Θεὸς,
1362 4403 1456 4453 καὶ
1486 4403 1583 4454 ἐὰν
1608 4403 1743 4476 εὕρῃ
1774 4423 1834 4458 σε

236 4487 493 4556 ἄκαρπον
515 4528 529 4550 ,
564 4488 869 4559 ἐκκοπῆναι
904 4492 998 4545 τοῦ
1032 4491 1148 4562 βίου
1189 4493 1381 4546 τούτου
1415 4497 1778 4564 προστάττει·
1809 4500 1838 4553 6

1946 3282 2290 3352 passionibus
2330 3279 2615 3348 fortassis,
2644 3278 2851 3335 facient
2901 3277 3140 3334 fruetum
3198 3278 3544 3333 obedientize.

1948 3373 2044 3430 Sin
2083 3376 2284 3442 minus,
2323 3374 2375 3427 in
2408 3382 2744 3445 postremmn
2775 3371 3062 3427 exsecabis
3110 3370 3280 3437 illam,
3309 3373 3548 3427 exsectis

1947 3467 2054 3523 illis
2081 3482 2108 3521 a
2142 3467 2416 3537 justorum
2453 3466 2696 3535 regione.
2736 3463 2845 3520 Ter
2877 3475 3059 3518 autem
3089 3468 3374 3534 qumsitum
3410 3465 3461 3518 in
3487 3481 3550 3519 se

1947 3560 2183 3614 fructum
2222 3570 2416 3613 natura
2454 3569 2642 3612 nostra
2675 3574 2784 3614 non
2822 3559 2991 3613 dedit.
3029 3557 3274 3612 Primum
3307 3562 3454 3613 enim
3491 3560 3544 3612 in

1947 3653 2199 3721 paradiso
2224 3651 2539 3704 mandatum
2565 3651 2903 3719 prmvaricati
2938 3666 3128 3704 sumus
3158 3668 3170 3703 :
3199 3652 3397 3705 deinde
3425 3666 3546 3704 cum

1947 3745 2168 3796 daretur
2199 3741 2305 3807 lex,
2345 3741 2516 3795 vitulo
2550 3740 2712 3806 facto,
2749 3761 2766 3794 ι
2804 3752 3009 3796 mutata
3045 3754 3126 3796 est
3159 3743 3331 3812 gloria
3367 3742 3460 3797 Dei
3495 3744 3546 3796 in

1946 3836 2362 3893 similitudinem
2395 3836 2547 3890 vituli
2597 3836 2936 3891 comedentis
2981 3835 3162 3891 fenum
3192 3837 3233 3868 “
3280 3855 3327 3892 ι.
3365 3837 3550 3893 'l‘crtiu

1947 3933 2164 4003 quando
2214 3931 2474 3986 Dominus
2529 3941 2584 3987 et
2639 3929 2890 3986 Salvator
2929 3932 3231 4002 abnegatus
3269 3943 3353 3986 est
3391 3948 3418 3985 a
3468 3933 3549 3984 di-

1947 4025 2220 4089 centibus,
2276 4022 2395 4078 Non
2449 4024 2718 4080 habemus
2772 4039 2950 4094 regem
2992 4024 3092 4077 nisi
3151 4023 3449 4078 Caesarem.
3486 4019 3552 4073 Et

1949 4117 2326 4187 unusquisque
2365 4125 2613 4172 nostrum
2651 4117 2785 4171 ﬁcus
2833 4127 2916 4172 est
2946 4118 3000 4172 in
3031 4119 3186 4171 vinea
3223 4117 3461 4182 Domini,
3497 4118 3549 4170 in

1947 4211 2191 4267 Ecclesia
2223 4211 2471 4276 scilicet,
2506 4211 2587 4266 vel
2620 4209 2945 4280 simpliciter
2976 4212 3228 4277 dicendo,
3262 4213 3313 4265 in
3349 4212 3552 4265 mundo

1949 4304 2052 4359 hoc
2083 4301 2349 4374 plantata.
2380 4300 2543 4358 Venit
2586 4301 2751 4373 igitur
2780 4302 2923 4358 Deus
2955 4318 3208 4372 quaerens
3258 4303 3498 4357 fructum
3534 4319 3546 4354 :

1946 4407 2000 4453 et
2030 4399 2076 4452 si
2109 4398 2383 4453 invenerit
2412 4410 2462 4452 te
2487 4398 2694 4465 absque
2740 4395 2941 4462 fructu,
2999 4396 3155 4467 jubet
3221 4406 3279 4452 ut
3326 4411 3390 4452 ex
3451 4397 3554 4451 hac

1949 4492 2056 4544 vita
2093 4489 2372 4546 exseceris
2427 4505 2441 4554 ;
2493 4500 2548 4543 at
2584 4490 2761 4542 cultor
2813 4489 2988 4543 vineae
3042 4489 3314 4557 supplicat
3350 4497 3408 4541 ut
3455 4488 3553 4542 tibi

237 4578 300 4632 δὲ
330 4581 718 4649 ἀμπελουργὸς
746 4582 981 4636 ἱκετεύει
1026 4584 1346 4653 φείσασθαι.
1389 4586 1486 4648 Τίς
1515 4586 1573 4640 δὲ
1601 4589 1628 4639 6
1661 4590 1834 4660 ἀμπε-

1952 4592 2226 4652 parcatur.
2260 4582 2396 4650 Quis
2428 4592 2612 4638 autem
2666 4581 2756 4636 ille
2792 4582 2973 4637 cultor
3005 4581 3214 4636 vinem?
3269 4578 3368 4635 Vel
3421 4596 3556 4635 suns

236 4671 510 4742 λουργόςς
553 4675 622 4727 Ἢ
653 4675 682 4728 6
709 4673 942 4744 ἄγγελος
975 4678 1003 4729 6
1040 4676 1272 4730 ἑκάστου
1307 4677 1514 4746 φύλαξ,
1548 4679 1581 4750 ἢ
1615 4682 1710 4734 καὶ
1742 4683 1840 4734 αύ-

235 4765 333 4826 τδς
363 4767 392 4818 6
421 4765 709 4837 ἄνθρωπος
735 4784 749 4798 ·
795 4767 1026 4832 ἕκαστος
1073 4769 1183 4840 γὰρ
1235 4770 1399 4834 αὐτὸς
1451 4771 1633 4842 ἑαυτῷ
1661 4774 1842 4842 ἀμπε-

237 4857 495 4927 λουργός.
539 4859 807 4923 Πολλάκις
857 4859 951 4914 οῦν
997 4863 1331 4933 ἀρρωστίαις
1367 4863 1763 4930 θανατώδεσιν,
1804 4869 1838 4937 ἦ

239 4944 428 5009 ἄλλοις
457 4947 722 5012 κινδύνοις
753 4951 1166 5021 περιπεσόντες,
1198 4955 1391 5022 Ἄφες,
1434 4947 1480 5007 ὦ
1515 4955 1712 5028 Κύριε,
1743 4957 1835 5011 λέ-

242 5054 440 5109 γομεν,
477 5041 572 5092 καὶ
602 5040 768 5095 τοῦτο
801 5043 860 5095 τὸ
887 5043 1026 5108 ἔτος,
1067 5049 1163 5099 καὶ
1209 5049 1650 5118 μετανοήσομενο
1683 5048 1843 5104 τοῦτο

242 5131 360 5202 γὰρ
394 5131 546 5202 δηλοῖ
574 5133 634 5186 τὸ
676 5135 906 5205 σκάψαι,
942 5137 1041 5190 καὶ
1091 5139 1412 5209 περιϐαλεῖν
1443 5141 1670 5213 κοπρίᾳ.
1698 5143 1842 5196 Σκά-

246 5241 451 5279 πτεται
484 5225 582 5296 μὲν
612 5228 722 5296 γὰρ
748 5228 781 5295 ὴ
809 5227 979 5298 ψυχὴ,
1002 5230 1144 5282 ’ὅταν
1173 5231 1264 5282 τὸν
1286 5231 1414 5301 χοῦν
1435 5233 1542 5285 τῶν
1570 5231 1844 5302 βιωτικῶν

245 5318 550 5388 φροντίδων
581 5320 1046 5392 ἀποτινάσσηται,
1097 5323 1191 5376 καὶ
1230 5323 1584 5395 κουφίζηται.
1622 5326 1846 5397 Κύπρια

244 5411 307 5464 δὲ
341 5411 479 5483 αὑτῇ
526 5412 974 5484 περιϐάλλονται,
1018 5416 1050 5486 ἢ
1100 5419 1197 5488 τῆς
1238 5419 1571 5490 ἀτιμοτέρας
1611 5421 1839 5490 ἀγωγῆς

242 5503 345 5559 καὶ
388 5505 537 5576 παρὰ
574 5508 795 5561 πάντων
825 5511 1327 5581 καταπατουμένης
1366 5512 1641 5584 θερμότης
1671 5531 1684 5546 ·
1713 5515 1846 5569 ὅταν

245 5596 359 5668 γάρ
386 5614 472 5660 τις
511 5599 623 5652 ἀπὸ
649 5600 808 5670 δόξης
837 5604 916 5665 εἰς
948 5601 1138 5668 ἄδοξον
1181 5604 1296 5674 βίον
1338 5607 1533 5659 ἑαυτὸν
1579 5606 1850 5679 ὲπιρρίψῃ

246 5688 343 5743 διὰ
373 5687 472 5759 τὴν
499 5689 603 5759 τῆς
635 5688 818 5760 ψυχῆς
866 5694 1166 5766 σωτηρίαν,
1197 5695 1403 5769 κόπρια
1430 5698 1648 5768 λέγεται
1688 5716 1845 5771 περι-

333 5872 371 5902 ⁶¹
412 5872 552 5932 i’sal.
581 5895 669 5947 (έν,
706 5880 796 5936 20.

1949 4677 2216 4748 cujusque
2252 4685 2438 4733 custos
2469 4675 2714 4747 angelus,
2755 4675 2836 4731 vel
2868 4676 3030 4731 etiam
3070 4677 3230 4730 homo
3255 4677 3405 4745 ipse:
3435 4690 3548 4729 sua:

1949 4776 2096 4829 enim
2131 4775 2304 4831 vineae
2334 4773 2569 4844 quisque
2596 4772 2774 4828 cultor
2803 4781 2912 4828 est.
2952 4772 3107 4841 Saepe
3139 4772 3304 4842 igitur
3340 4787 3462 4825 cum
3497 4771 3550 4825 in

1948 4868 2176 4923 letltales
2213 4867 2434 4923 morbos
2475 4865 2559 4919 vel
2593 4864 2697 4919 alia
2735 4864 2976 4935 pericula
3009 4865 3300 4918 incidimus
3336 4881 3347 4914 :
3395 4863 3550 4928 Sine,

1949 4976 1981 5014 ο
2029 4959 2277 5024 Domine,
2306 4958 2564 5023 dicimus,
2616 4958 2780 5012 etiam
2818 4959 2922 5011 hoc
2953 4973 3116 5021 anno,
3187 4967 3241 5010 et
3283 4958 3556 5024 pceniten-

1954 5053 2083 5106 tiam
2113 5067 2360 5121 agemus.
2391 5049 2504 5105 Hoc
2539 5050 2685 5105 enim
2727 5050 3002 5120 signiﬁcat
3033 5047 3220 5104 fodere
3251 5059 3306 5104 et
3337 5051 3556 5104 mittere

1949 5145 2093 5199 circa
2126 5143 2273 5197 illam
2311 5153 2546 5198 stercus.
2578 5142 2806 5197 Foditur
2848 5142 3050 5211 quippe
3092 5143 3296 5204 anima,
3337 5143 3555 5210 quando

1954 5236 2234 5291 decutitur
2258 5235 2640 5304 temporalium
2668 5234 3150 5303 curarumpulvis,
3178 5243 3232 5289 et
3264 5234 3556 5289 alleviatnr

1953 5329 2090 5400 ipsa.
2131 5328 2357 5385 Stercus
2394 5343 2522 5382 vero
2576 5327 2918 5397 circumponi
2974 5327 3155 5396 signat
3195 5327 3466 5381 fervorem
3503 5336 3554 5381 et

1953 5421 2302 5477 severitatem
2340 5420 2392 5474 in
2427 5419 2510 5472 via
2560 5419 2761 5482 viliori,
2796 5418 3130 5487 pmnitentiae
3161 5417 3390 5480 scilicet,
3435 5433 3554 5484 qttte

1955 5515 2023 5570 ab
2055 5513 2309 5570 omnibus
2339 5514 2728 5568 contenzuitur.
2779 5511 3010 5579 Quando
3036 5511 3180 5566 enim
3206 5510 3329 5578 quis
3378 5526 3405 5562 a
3436 5510 3552 5579 gloo

1958 5608 2039 5662 ria
2073 5608 2124 5661 in
2162 5606 2327 5660 vitam
2379 5604 2668 5675 inglorium
2703 5618 2760 5658 se
2800 5601 3042 5656 demittit
3078 5609 3301 5671 propter
3320 5598 3555 5655 salutent

1957 5699 2174 5764 animae,
2231 5706 2445 5753 stercus
2483 5697 2631 5752 circa
2684 5695 2916 5751 animant
2976 5694 3189 5748 mittere
3237 5690 3442 5746 dicitur
3489 5694 3556 5746 ad
