4110 6332
631 343 737 411 9i5

1534 337 2112 405 THEOPHYLACTI
2160 335 2574 397 BULGARLE
2612 323 2964 396 ARCHIEP.

3769 332 3877 395 9ίῦ

632 456 733 511 hoc
769 463 826 509 ιιι
882 456 1111 509 lructum
1155 454 1331 508 faciat.
1382 454 1434 508 Si
1489 453 1708 522 quidem
1759 450 2050 506 fecerimus
2085 447 2199 501 fru.

2306 443 2495 500 ϐαλεῖν
2539 447 2604 516 τῇ
2649 445 2796 514 ψυχῇ
2848 445 2981 512 πρὸς
3039 443 3097 494 τὸ
3149 441 3608 513 καρποᾳορῆσαιο
3665 439 3762 493 ἐὰν
3798 443 3900 511 μὲν

630 561 777 603 ctum
818 568 832 604 :
871 550 953 602 sin
994 549 1192 613 minus,
1224 564 1329 602 uon
1360 548 1498 602 ultra
1527 547 1783 615 relinquit
1822 559 1918 600 nos
1952 544 2005 598 in
2046 543 2200 598 vinea

629 656 724 694 sua
749 679 764 705 ,
805 641 899 696 sed
933 649 1149 694 exsecat
1181 654 1208 693 a
1247 639 1468 705 mundo,
1523 648 1578 691 ut
1619 652 1687 692 ne
1720 636 1924 690 frustra
1969 648 2202 702 occupe-

630 751 749 787 mus
783 735 979 788 locum.
1016 733 1360 788 Peccatorem
1389 733 1529 788 enim
1562 731 1683 798 quis
1710 728 1898 784 videns
1927 727 2017 782 ditt
2047 726 2200 782 diffe-

633 837 856 890 rentem,
891 825 1196 887 offenditur,
1256 836 1309 879 et
1359 823 1510 892 pejor
1546 826 1606 877 fit
1653 840 1667 880 :
1702 833 1756 877 et
1795 823 1874 877 sic
1931 821 2202 876 invenitur

629 924 884 981 peccator
911 932 1082 985 neque
1111 917 1225 985 ipse
1255 914 1484 969 fructum
1519 913 1724 972 faciens
1743 956 1757 978 ,
1784 922 1840 969 et
1875 911 2037 967 alium
2067 926 2202 979 quo-

625 1024 730 1078 que
772 1008 1068 1078 impediens
1125 1024 1189 1060 ne
1223 1007 1389 1079 386
1439 1006 1673 1062 fructum
1732 1006 1916 1060 faciat.
1956 1006 2106 1072 Quod
2155 1004 2198 1057 si

624 1110 908 1153 exsecetur
937 1115 998 1152 cx
1059 1102 1161 1153 bac
1203 1101 1335 1162 vita,
1391 1098 1636 1154 fortassis
1686 1100 1720 1151 ii
1773 1099 1861 1166 qui
1920 1106 2197 1152 exsectum

626 1193 879 1255 \‘ldet'llti,
906 1194 1006 1247 hoc
1037 1195 1220 1246 animo
1251 1209 1434 1247 secum
1468 1191 1882 1261 perpendentes,
1913 1189 2200 1243 mutabun-

625 1296 711 1338 tur
741 1297 792 1338 et
826 1285 1058 1339 fructum
1091 1285 1310 1338 facient.
1347 1284 1542 1338 Tribus
1576 1293 1754 1336 autem
1793 1282 1949 1335 anuis
2002 1281 2201 1335 dicitur

628 1378 1015 1444 paterfamilias
1065 1379 1243 1429 thlll'c
1314 1377 1379 1430 ad
1437 1377 1628 1439 ﬁcum,
1682 1374 1928 1430 fortassis
1980 1381 2200 1443 propter

623 1485 733 1527 tres
765 1474 906 1539 leges
936 1487 1070 1542 quas
1111 1473 1266 1526 nobis
1298 1471 1440 1523 dedit
1477 1479 1528 1525 et
1576 1469 1772 1540 quibus
1803 1467 1869 1522 ad
1922 1482 2021 1522 nos
2053 1466 2199 1518 venit

627 1565 920 1627 Dominus,
969 1579 1086 1631 qum
1137 1573 1261 1617 sunt
1319 1563 1610 1627 naturalis,
1664 1560 1885 1629 legalis,
1931 1569 1985 1613 et
2038 1558 2200 1628 spiri-

626 1657 804 1712 tualis.
837 1655 1126 1724 Oportebat
1157 1671 1287 1712 sane
1321 1671 1416 1710 uos
1444 1653 1672 1708 naturali
1699 1653 1816 1722 lege
1840 1649 2200 1705 commonitos

625 1753 856 1803 fructum
912 1750 1087 1803 facere
1137 1768 1149 1803 :
1210 1765 1333 1802 nam
1393 1758 1583 1802 natura
1635 1747 1795 1800 docet
1838 1746 1967 1814 quid
2021 1743 2199 1796 facere

624 1850 873 1906 oporteat
909 1860 920 1894 :
953 1851 1006 1893 at
1036 1842 1158 1909 quia
1196 1842 1246 1894 ιιι
1284 1841 1442 1894 nobis
1494 1839 1792 1893 naturalem
1838 1835 2042 1890 invenit
2072 1833 2196 1888 inn-

626 1934 796 1995 tilem,
826 1933 965 1986 dedit
991 1945 1041 1987 et
1071 1933 1356 1986 Mosaicam
1390 1933 1558 2000 legem
1587 1939 1795 1985 naturas
1825 1927 2152 1996 adiutricem
2181 1944 2194 1979 :

625 2041 742 2093 qum
791 2042 912 2079 cum
975 2035 1028 2079 et
1073 2027 1181 2094 ipsa
1235 2026 1449 2077 irrcnta
1494 2034 1575 2078 est
1621 2020 1934 2089 infrugifera
1981 2029 2200 2088 propter

628 2127 864 2170 nostram
895 2117 1178 2178 desidiam.
1212 2119 1418 2172 addidit
1447 2128 1499 2170 et
1521 2115 1883 2185 spiritualem.
1911 2113 2014 2169 Ubi
2037 2113 2200 2182 igitur

629 2222 739 2264 tres
775 2209 879 2263 illm
913 2226 1014 2264 uon
1053 2210 1330 2265 meliorem
1378 2209 1713 2264 reddiderint
1747 2209 2048 2278 cujuspiam
2085 2208 2202 2262 ani-

631 2318 797 2368 mam,
835 2319 1006 2372 neque
1042 2304 1453 2371 longanimitate
1493 2312 1546 2357 et
1593 2304 1961 2357 misericordia
2015 2299 2105 2354 Dei
2145 2298 2203 2352 ftt

625 2393 984 2453 emendatior,
1020 2404 1143 2446 tunc
1173 2403 1354 2459 postea
1390 2407 1609 2446 monere
1638 2407 1741 2446 non
1772 2391 1910 2444 ultra
1949 2390 2148 2446 sinittU‘
2187 2408 2199 2444 :

633 2500 737 2537 non
783 2485 928 2538 enim
983 2484 1123 2537 Deus
1154 2499 1297 2550 strpe
1331 2481 1902 2551 procrastinationibus
1935 2479 2198 2535 illuditttr.

622 2576 759 2641 Quid
791 2585 968 2630 autem
999 2577 1042 2631 si
1079 2592 1174 2644 per
1204 2586 1314 2629 tres
1369 2589 1540 2628 annos
1589 2585 1806 2629 :etatum
1843 2583 2015 2628 status
2045 2572 2202 2627 intel-

623 2647 792 2736 ligas?
825 2665 1152 2733 Pueritiam,
1213 2667 1311 2720 hoc
1365 2675 1447 2721 est
1496 2665 1914 2720 adolescentiam
1983 2675 2108 2719 octo
2150 2674 2202 2718 et

629 2760 821 2810 decem
874 2771 1138 2810 annorum
1184 2775 1195 2808 :
1253 2757 1486 2819 virilem,
1527 2765 1580 2810 et
1629 2755 1841 2809 tertiam
1892 2771 2076 2809 eorum
2113 2756 2202 2825 qui

587 2850 732 2916 ~jatn
765 2849 1035 2918 incipiunt
1079 2849 1195 2902 fieri
1228 2850 1415 2904 vetuli.
1461 2849 1688 2914 Quando
1736 2849 1901 2917 igitur
1945 2850 1998 2902 in
2043 2848 2204 2903 tertio

627 2957 790 3006 anno,
825 2940 926 2995 hoc
948 2954 1031 2996 est
1077 2953 1317 3004 senecta,
1345 2957 1450 2996 non
1475 2941 1669 2996 damus
1696 2942 1923 3007 fructus,
1949 2949 2000 2995 et
2029 2941 2205 2994 adhuc

628 3035 996 3104 permittimur
1030 3035 1211 3089 vivere
1261 3045 1320 3088 ttt
1376 3033 1695 3098 adjiciamus
1747 3045 1979 3099 stercus,
2037 3031 2200 3086 vilem

2304 538 2397 592 οὖν
2428 541 2743 608 ποιήσωμεν
2782 535 3012 605 καρτυὺν,
3045 537 3092 588 εί
3114 535 3170 588 δὲ
3219 536 3386 605 μήγε,
3436 533 3622 589 οὐκέτι
3656 535 3887 603 ἀφίησιν

2308 634 2454 704 ἡμᾶς
2487 635 2546 685 ἐν
2587 631 2663 701 τῷ
2705 629 2988 701 ἀμπελῶνι
3019 628 3187 682 αὐτοῦ
3209 671 3222 693 ,
3273 629 3390 682 ἀλλ’
3423 630 3684 683 ἐκκόπτει
3737 629 3895 682 τοῦδε

2306 725 2400 776 τοῦ
2437 724 2668 793 κᾶαμου,
2700 724 2787 776 ἵνα
2816 722 2890 792 μὴ
2915 721 3281 792 καταργῶμεν
3310 721 3401 774 τὸν
3430 722 3597 775 τόπον
3617 739 3632 753 ο
3666 721 3759 774 τὸν
3781 721 3892 792 γὰρ

2309 815 2636 884 ἁμαρτωλὸν
2670 814 3103 885 πολυχρονοῦντα
3138 813 3352 883 βλέπων
3398 830 3485 877 τις
3506 853 3521 876 ,
3564 809 3889 881 βλάπτεται,

2308 909 2400 961 καὶ
2434 906 2633 978 χείρων
2665 909 2874 975 γίνεται
2895 925 2907 936 ·
2943 908 3038 961 καὶ
3071 907 3247 970 οὕτως
3299 907 3615 977 εὑρίσκεται
3651 909 3679 959 6
3710 908 3894 977 ἁμαρ·

2305 1002 2473 1064 τωλὸς
2520 989 2662 1072 μήτε
2714 1002 2877 1066 αὐτὸς
2929 1003 3328 1072 καρποφορῶν,
3384 1001 3480 1054 καὶ
3517 999 3664 1070 ἄλλῳ
3717 1001 3892 1070 {pm-

2304 1096 2466 1160 δίζων
2493 1095 2782 1166 δυναμένῳ
2829 1098 3222 1166 καρποφορεῖν.
3273 1096 3333 1148 Εἰ
3379 1096 3436 1149 δέ
3474 1097 3686 1164 ἐκκοπῇ
3734 1092 3891 1148 τοῦδε

2304 1187 2398 1241 τοῦ
2442 1187 2594 1258 βίου,
2648 1188 2790 1258 τάχα
2843 1189 2893 1240 οἱ
2950 1187 3259 1241 ἐκκοπέντα
3309 1186 3473 1240 αὐτὸν
3527 1186 3767 1248 ίδόντες,
3811 1187 3893 1247 εἰς

2307 1279 2664 1350 συναίσθησιν
2710 1280 3021 1350 ἐρχόμενοι,
3062 1277 3496 1348 μεταϐαλοῦνται
3545 1279 3639 1331 καὶ
3687 1295 3895 1345 καρπο·

2304 1374 2626 1442 φορήσουσι.
2678 1372 2817 1441 Τρία
2870 1371 2925 1424 δὲ
2959 1371 3053 1440 ἔτη
3106 1371 3326 1439 λέγεται
3374 1371 3635 1441 ἔρχεσθαι
3679 1371 3707 1423 6
3747 1370 3896 1423 οίκο-

2304 1462 2577 1532 δεσπότης
2603 1464 2695 1515 ἐπὶ
2726 1462 2824 1532 τὴν
2861 1463 3053 1532 συκῆν,
3086 1462 3228 1533 τάχα
3262 1463 3360 1533 μὲν
3390 1465 3485 1516 καὶ
3521 1461 3610 1515 διὰ
3652 1462 3714 1513 τὸ
3745 1461 3895 1532 τρεῖς

2303 1550 2441 1607 εἶναι
2485 1556 2610 1618 τοὺς
2656 1555 2979 1624 δεδομένους
3028 1559 3159 1626 ἡμῖν
3195 1556 3412 1624 νόμους,
3467 1556 3536 1607 δι’
3567 1550 3643 1608 ὧν
3669 1554 3893 1625 ἔρχεται

2306 1645 2442 1713 πρὸς
2485 1643 2632 1714 ἡμᾶς
2665 1647 2694 1696 6
2741 1643 2981 1713 Κύριος·
3040 1645 3145 1698 εἰσὶ
3192 1644 3248 1695 δὲ
3285 1640 3449 1710 οὗτοι,
3496 1647 3524 1697 6
3572 1645 3829 1712 φυσικὸς.
3863 1643 3894 1696 6

2303 1736 2559 1806 νομικὸς,
2615 1737 2708 1790 καὶ
2762 1739 2788 1789 6
2834 1738 3224 1806 πνευματικός.
3282 1737 3429 1790 Ἔδει
3491 1737 3593 1806 μὲν
3645 1735 3758 1805 γὰρ
3812 1734 3891 1802 τῷ

2305 1825 2522 1897 φυσίκῷ
2555 1826 2705 1896 νόμῳ
2749 1827 3175 1897 παιδευομένους
3223 1829 3370 1896 ἡμᾶς
3416 1829 3812 1896 καρποφορεῖ-δ’
3853 1827 3889 1892 ἠ

2303 1919 2409 1987 γάρ
2443 1916 2601 1985 φύσις
2630 1917 2796 1987 αὐτὴν
2825 1917 3064 1970 διδάσκει
3099 1918 3157 1970 τὸ
3182 1917 3327 1970 δέον·
3369 1919 3491 1970 ἐπεὶ
3518 1919 3574 1970 δὲ
3614 1917 3896 1987 ἄχρηστον

2303 2002 2462 2075 εὗρεν
2506 2011 2563 2061 ἐν
2617 2012 2746 2078 ἡμῖν
2781 2010 2870 2062 τὸν
2923 2010 3175 2078 φυσικὸν,
3235 2009 3403 2062 ἔδωκε
3447 2011 3539 2061 τὸν
3592 1995 3898 2062 Μωσαῑκδν

2306 2102 2498 2173 βοηθὸν
2531 2102 2626 2154 τοῦ
2671 2100 2902 2169 φυσικοῦ
2935 2104 3102 2171 νόμου
3129 2121 3141 2132 ·
3194 2102 3269 2164 ὡς
3297 2102 3353 2154 δὲ
3394 2102 3482 2154 καὶ
3516 2095 3672 2161 οὗτος
3714 2100 3894 2168 ἄχρη-

2305 2212 2424 2257 στος
2457 2195 2542 2247 διὰ
2574 2195 2668 2265 τὴν
2705 2193 2975 2266 ρᾳθυμίαν
3027 2194 3184 2264 ἡμῶν
3223 2193 3538 2264 εὑρίιςκετο.
3588 2191 3774 2244 δίδωσι
3806 2192 3899 2244 τὶν

2311 2288 2675 2356 πνευματικόν
2725 2288 2853 2339 ὅταν
2877 2284 2968 2340 οὖν
2999 2289 3047 2339 οἱ
3077 2289 3223 2355 τρεῖς
3253 2282 3398 2338 οὗτοι
3430 2285 3504 2356 μὴ
3529 2283 3891 2354 βελτιὼσουσι

2304 2384 2403 2450 τήν
2426 2399 2566 2443 τινος
2599 2381 2795 2451 ψλχὴν,
2827 2381 2959 2450 μηδὲ
2991 2380 3096 2433 ὑπὸ
3123 2381 3219 2451 τῆς
3250 2379 3603 2452 μακροξωῖας
3630 2381 3728 2432 καὶ
3764 2379 3896 2447 φιλ-

2305 2475 2621 2546 ανθρωπίας
2695 2476 3052 2545 βελτιωθείη,
3126 2475 3245 2526 τότε
3303 2474 3365 2542 δὴ
3423 2475 3502 2536 εἰς
3561 2472 3624 2525 τὸ
3697 2472 3897 2541 μέλλον

2305 2567 2489 2622 οὐκέτι
2524 2568 2679 2622 ἐᾶται
2720 2585 2731 2598 ⁸
2765 2569 2825 2619 ού
2862 2569 2969 2636 γὰρ
3016 2567 3274 2629 πολλάκις
3319 2565 3660 2631 ἐξαπατᾶται
3699 2568 3731 2617 6
3761 2564 3902 2628 Θεὸς

2307 2665 2422 2724 ταῖς
2453 2663 2879 2733 ὑπερημερίαις.
2916 2663 3145 2730 Μήποτε
3176 2662 3231 2714 δε
3269 2663 3362 2714 καὶ
3392 2660 3520 2732 τρία
3554 2662 3652 2730 ἔτη
3690 2661 3900 2730 νοήσῃς

2308 2756 2405 2817 τὰς
2446 2757 2593 2824 τρεῖς
2625 2756 2986 2819 καταστάσεις
3019 2755 3128 2807 τῶν
3161 2755 3420 2824 ἡλικιῶν;
3455 2753 3566 2825 Τὴν
3598 2755 3894 2822 παιδικὴν,

2309 2847 2428 2915 ἦτοι
2465 2845 2572 2898 τῶν
2605 2847 2931 2915 μειρακίων,
2970 2851 3091 2919 ἥτις
3121 2849 3250 2919 περὶ
3288 2849 3356 2902 τὰ
3390 2847 3767 2902 ὀκτωκαίδεκα
3796 2847 3898 2918 ἔτη

2308 2937 2618 3004 λογίζεται·
2663 2940 2765 3010 τὴν
2811 2940 3105 3010 ἀνδρικὴν,
3144 2943 3237 2993 καὶ
3269 2941 3368 3010 τὴν
3418 2940 3610 3011 τρίτην
3632 2941 3743 2993 τῶν
3789 2941 3898 3012 ἤδη

2307 3029 2630 3100 ἀρξαμένων
2661 3032 2998 3085 πολιοῦσθαι.
3055 3033 3227 3085 Ὅταν
3272 3027 3365 3085 οὖν
3420 3034 3476 3084 ἐν
3498 3033 3575 3101 τῷ
3606 3033 3775 3102 γήρα,
3817 3031 3902 3102 τῷ

631 3124 964 3193 poenitentiae
1001 3123 1168 3177 vitam
1199 3132 1420 3193 propter
1453 3123 1731 3177 Christum
1765 3123 2115 3192 accipientes,
2149 3130 2200 3173 et

2307 3123 2476 3192 τρίτῳ
2500 3121 2632 3183 ἔτει,
2663 3123 2724 3175 ού
2759 3123 2941 3194 δῶμεν
2971 3124 3243 3194 καρποὺς,
3278 3124 3371 3177 καὶ
3405 3123 3484 3177 ἔτι
3520 3123 3902 3194 συγχωρηθῶ-

629 3215 823 3270 deinde
849 3215 1013 3269 etiam
1046 3223 1170 3268 tunc
1206 3218 1518 3277 mentimur,
1552 3229 1659 3268 non
1704 3215 1842 3268 ultra
1877 3213 2030 3268 nobis
2075 3229 2198 3282 par-

626 3315 712 3361 cet
755 3305 1030 3368 Dominus,
1063 3307 1156 3360 sed
1186 3307 1416 3371 excidet,
1449 3317 1505 3359 ut
1551 3321 1618 3360 ne
1645 3307 1840 3361 frustra
1875 3321 2204 3375 occupemus

629 3407 854 3461 terram,
928 3408 980 3451 et
1047 3397 1182 3450 alios
1233 3395 1586 3452 offendamus.
1649 3397 1717 3452 Et
1770 3400 1881 3452 bace
1934 3398 2204 3467 expositio

626 3491 903 3562 proposito
938 3491 1103 3545 textui
1135 3506 1372 3546 consona
1415 3491 1543 3544 mibi
1580 3493 1808 3544 videtur.

699 3753 858 3806 Vens.
904 3750 1084 3804 10-17.
1136 3769 1152 3801 t
1205 3750 1436 3805 Docebat
1488 3761 1666 3805 autem
1716 3753 1764 3804 itt
1819 3768 1921 3804 una
1969 3767 2202 3823 synago-

627 3862 816 3914 garum
856 3843 1110 3899 Sabbatis
1156 3864 1168 3901 :
1199 3855 1251 3899 ct
1287 3861 1411 3898 ecce
1435 3847 1627 3899 mulier
1675 3861 1794 3916 quae
1827 3846 2203 3916 ltabebat'spi-

627 3940 787 3992 iitum
809 3938 1142 3992 infirmitatis
1174 3940 1330 3993 annis
1354 3940 1540 3992 decem
1574 3949 1625 3991 et
1655 3948 1798 4002 octo,
1822 3948 2044 4008 eratque
2073 3956 2203 3992 con-

626 4035 820 4092 tracta,
855 4043 957 4082 nec
1003 4028 1222 4081 omnino
1274 4038 1482 4096 poterat
1519 4029 1730 4098 erigere
1781 4039 1944 4098 caput
1997 4045 2201 4098 :quant

625 4138 746 4173 t‘ttttt
784 4122 988 4173 videret
1019 4119 1194 4183 Jesus,
1227 4123 1442 4174 vocavit
1473 4137 1588 4174 eam
1633 4123 1698 4175 ad
1741 4138 1819 4186 se,
1853 4133 1904 4176 et
1943 4125 2018 4177 ait
2073 4123 2146 4177 illi
2185 4142 2196 4177 :

630 4213 842 4273 Mulier,
877 4212 1104 4266 liberata
1138 4226 1196 4264 es
1225 4214 1291 4263 ab
1325 4212 1637 4266 infirmitate
1687 4225 1796 4267 tua.
1837 4215 1901 4267 Et
1946 4217 2200 4285 imposuit

628 4305 702 4357 illi
734 4320 949 4367 manus,
981 4313 1036 4358 et
1071 4301 1355 4358 confestim
1390 4315 1572 4358 erecta
1601 4315 1720 4367 est,
1772 4317 1827 4361 et
1863 4308 2201 4375 glorificabat

629 4400 816 4450 lietun.
873 4394 1226 4464 Respondens
1275 4407 1456 4449 autem
1494 4398 1752 4467 princeps
1786 4395 2085 4469 Synagoga'.
2120 4402 2203 4453 io-

2307 3232 2406 3284 μεν
2437 3215 2600 3284 ζῆσαι
2629 3217 2767 3287 πρὸς
2811 3217 2870 3269 τὺ
2906 3218 3226 3289 περιϐαλεῖν
3269 3218 3496 3289 κόπρια,
3549 3218 3649 3288 τὴν
3686 3218 3903 3287 ἄτιμον

2300 3308 2392 3362 διὰ
2425 3309 2660 3378 Χριστὸν
2705 3309 2850 3379 ζωὴν
2898 3311 3343 3385 ἐπανῃρημένοι,
3397 3306 3517 3364 εἶτα
3569 3312 3668 3364 καὶ
3716 3311 3904 3374 οὕτως

2303 3397 2641 3467 ψευσόμεθα,
2695 3401 2795 3452 οὐκ
2829 3399 2910 3452 ἑτι
2949 3403 3197 3469 φείσεται
3239 3403 3396 3474 ἡμῶν
3434 3405 3462 3456 6
3511 3403 3741 3472 Κύριος,
3776 3403 3901 3456 ἀλλ’

2303 3486 2558 3557 ἐκκόψει,
2596 3488 2682 3541 ἵνα
2734 3492 2809 3559 μὴ
2859 3493 3230 3564 καταργῶμεν
3270 3495 3367 3562 τὴν
3405 3497 3507 3563 γῆν
3559 3495 3654 3547 καὶ
3701 3495 3904 3559 ἄλλους

2305 3581 2651 3648 βλάπτοντες.
2697 3580 2846 3650 Αὕτη
2900 3585 2929 3653 ἡ
2963 3585 3224 3654 ἐξήγησις
3259 3587 3406 3638 δοκεῖ
3432 3602 3522 3657 μοι
3549 3581 3689 3639 εἶναι
3722 3603 3905 3656 προσ-

2304 3673 2573 3743 φυεστέρα
2602 3673 2678 3743 τῷ
2709 3675 2895 3744 σκοπῷ
2925 3675 3000 3746 τῷ
3034 3679 3403 3749 προκειμένῳ.

2381 3786 2397 3814 ι
2440 3761 2549 3819 Ἦν
2588 3766 2643 3818 δὲ
2701 3768 2967 3821 δ’ὀάσκων
3013 3773 3070 3822 ἐν
3128 3772 3228 3840 μιᾷ
3282 3770 3390 3825 τῶν
3441 3772 3786 3840 συναγωγῶν
3843 3775 3908 3826 ἐν

2305 3859 2414 3918 τοῖς
2468 3858 2742 3911 Σάϐὅασι·
2797 3863 2893 3912 καὶ
2949 3863 3057 3916 ίδοὺ
3107 3865 3242 3934 γυνὴ
3301 3860 3366 3932 ἦν
3427 3867 3644 3935 πνεῦμα
3698 3866 3908 3935 ἔχουσα

2307 3948 2591 4012 ἀσθενείας
2627 3950 2719 4020 ἔτη
2753 3953 2883 4005 δέκα
2912 3957 3005 4007 καὶ
3031 3955 3199 4016 ὀκτὼ,
3243 3958 3348 4009 καὶ
3384 3953 3452 4027 ἦν
3482 3958 3904 4026 συγκύπτουσα,

2305 4040 2400 4096 καὶ
2443 4041 2518 4110 μὴ
2570 4042 2843 4114 δυναμένη
2879 4046 3156 4116 ἀνακύψαι
3204 4049 3283 4112 εἰς
3320 4050 3382 4102 τὸ
3433 4049 3738 4114 παντελέςο
3775 4051 3906 4104 ἰδὼν

2302 4132 2357 4184 δὲ
2392 4132 2563 4204 αὐτὴν
2603 4133 2630 4186 6
2677 4135 2893 4205 Ἰησοῦς
2931 4140 3348 4211 προπειρώνησε,
3392 4145 3485 4196 καὶ
3529 4139 3686 4197 εἶπεν
3722 4144 3902 4213 αὐτῇο

2304 4223 2492 4289 Γύναι,
2532 4227 2865 4283 ἀπολέλυσαι
2894 4232 2988 4301 τῆς
3020 4234 3308 4299 ἀσθενείας
3337 4253 3430 4288 σου
3456 4253 3468 4267 ο
3505 4238 3600 4288 καὶ
3626 4236 3906 4305 ἐπέθηκεν

2304 4317 2440 4389 αὐτῇ
2482 4318 2580 4381 τὰς
2619 4323 2806 4391 χεῖρας
2831 4362 2844 4384 ,
2890 4325 2985 4377 καὶ
3015 4329 3365 4398 παραχρῆμα
3413 4329 3716 4401 ἀνωρθώθη
3740 4376 3752 4395 ,
3807 4336 3905 4386 καὶ

2306 4413 2518 4480 ἐδόξαζε
2565 4416 2657 4468 τὸν
2688 4416 2845 4471 Θεόν.
2886 4418 3237 4489 Ἀποκριθεὶς
3281 4421 3335 4474 δὲ
3378 4424 3405 4476 6
3445 4424 3906 4493 ἀρχισυνάγωγος

624 4489 856 4557 diguans
876 4487 1018 4554 quod
1044 4485 1282 4539 Sabbato
1302 4497 1543 4540 sanasset
1565 4485 1746 4551 Jesus,
1768 4489 1981 4543 dicebat
2009 4492 2195 4544 turbae:

2309 4507 2652 4572 ἀγανακτῶν,
2682 4509 2763 4561 ὃτι
2787 4509 2865 4580 τῷ
2903 4511 3167 4584 Σαϐϐάτῳ
3200 4514 3569 4586 ἐθεράπευσεν
3599 4520 3628 4570 6
3667 4518 3904 4588 Ἰησοῦς,

629 4581 733 4635 Sex
764 4581 878 4634 dies
905 4590 1029 4635 sunt
1060 4582 1110 4634 in
1141 4579 1334 4650 quibus
1360 4590 1574 4648 oportet
1601 4584 1813 4649 operari
1853 4599 1864 4635 :
1897 4586 1947 4636 in
1982 4583 2048 4636 iis
2071 4599 2225 4652 ergo-

631 4675 808 4726 renite
840 4679 898 4724 ιιι
930 4673 1226 4736 sanemini,
1258 4681 1309 4726 et
1341 4688 1445 4726 non
1475 4673 1526 4726 in
1556 4673 1640 4727 die
1668 4674 1909 4731 Sabbati.
1956 4675 2201 4748 licspon-
2242 4689 2248 4694 ‘

627 4769 760 4820 deus
793 4777 973 4820 autem
1018 4767 1083 4820 ad
1125 4765 1272 4818 illum
1319 4764 1579 4821 Dominus
1629 4767 1765 4823 dixit
1803 4787 1815 4821 :
1873 4768 2198 4840 llypocrita,

627 4861 999 4930 unusquisque
1031 4868 1268 4914 vestrum
1302 4857 1540 4915 Sabbato
1579 4876 1756 4917 nonne
1809 4866 1967 4916 solvit
2012 4866 2201 4919 bovem

627 4969 784 5006 snmn
837 4962 932 5006 aut
983 4952 1196 5006 asinum
1244 4967 1274 5007 a
1309 4954 1558 5024 prmsepi,
1611 4965 1665 5009 et
1714 4957 1863 5010 ducit
1909 4959 2205 5026 aquatum?

629 5045 780 5099 llanc
810 5055 990 5098 autem
1025 5043 1186 5098 filiam
1227 5045 1458 5100 Abrahae
1479 5086 1493 5110 ,
1520 5062 1680 5116 quam
1705 5047 1946 5120 alligavit
1971 5050 2203 5106 Satanas

624 5151 754 5193 ecce
793 5138 977 5191 decem
1026 5148 1078 5190 ct
1125 5145 1250 5192 octo
1303 5139 1496 5200 anuis,
1540 5153 1646 5193 non
1696 5142 1939 5208 oportuit
1995 5140 2127 5196 solvi
2172 5157 2200 5195 a

628 5229 840 5284 vinculo
913 5228 1016 5283 isto
1063 5229 1150 5285 die
1201 5228 1460 5283 Sabbati?
1503 5228 1568 5283 Et
1618 5247 1740 5287 cum
1789 5234 1903 5289 haec
1960 5234 2198 5296 diceret,

623 5322 1018 5378 erubescebant
1045 5337 1233 5378 omnes
1285 5323 1581 5378 adversarii
1623 5324 1776 5394 ejus,
1819 5337 1872 5381 et
1899 5327 2076 5382 omnis
2107 5343 2202 5398 p0-

627 5414 785 5483 pulus
815 5411 1084 5481 gaudebat
1110 5427 1273 5481 super
1303 5414 1576 5469 universis
1605 5431 1721 5482 quae
1740 5417 1975 5486 gloriose
2003 5418 2204 5475 fiebant

625 5508 691 5558 ab
725 5520 813 5559 eo.
857 5524 876 5556 ι
919 5505 1132 5559 Morbus
1174 5506 1261 5560 ille
1302 5506 1514 5560 mulieri
1549 5509 1759 5564 diabolo
1809 5509 2076 5582 afﬂigente
2107 5530 2200 5569 ac-
2272 5539 2276 5541 ·

623 5598 862 5659 ciderat,
896 5597 1036 5651 sicut
1071 5608 1124 5652 et
1158 5598 1414 5654 Dominus
1447 5598 1603 5664 dicit,
1633 5615 1794 5671 quam
1829 5604 2069 5675 alligavit
2100 5606 2184 5661 Sa»

628 5701 781 5742 tonas
811 5690 996 5744 decem
1039 5699 1093 5744 et
1126 5701 1248 5745 octo
1297 5696 1474 5749 annis.
1523 5694 1653 5748 Nam
1687 5695 1932 5753 fortassis
1980 5714 2200 5769 propter

626 5792 845 5848 peccata
898 5783 1217 5838 derelictam
1251 5801 1278 5838 ιι
1315 5786 1421 5841 Deo
1457 5786 1659 5855 punivit
1713 5789 1961 5846 Satanas.
2005 5792 2196 5853 Outuia

2311 4598 2465 4666 ἔλεγε
2497 4599 2572 4665 τῷ
2616 4600 2787 4670 ὄχλῳ·
2841 4600 2938 4666 Ἓξ
2973 4605 3175 4675 ἡμέραι
3216 4609 3372 4671 εἰσιν,
3405 4609 3461 4661 ἐν
3494 4604 3580 4672 αἷς
3614 4612 3696 4663 δεῖ
3732 4617 3903 4684 ἐργα-

2313 4691 2520 4754 ζεσθαι·
2559 4693 2616 4745 ἐν
2653 4693 2883 4757 ταύταις
2915 4694 3008 4749 οὖν
3047 4697 3334 4767 ἐρχόμενοι
3372 4699 3764 4770 θεραπεύεσθε,
3813 4709 3904 4759 καῖ

2315 4785 2388 4854 μὴ
2418 4786 2483 4854 τῇ
2523 4784 2706 4857 ἡμέρᾳ
2759 4786 2853 4839 τοῦ
2906 4788 3209 4844 Σαϐϐάτου.
3249 4791 3553 4864 ’Λπεκρίθη
3588 4794 3645 4848 δέ
3697 4798 3849 4868 αύτῴ
3880 4801 3906 4850 6

2313 4879 2555 4948 Κύριος,
2593 4880 2686 4932 καὶ
2727 4875 2904 4932 εἶπενο
2951 4880 3286 4952 Ὑποκριτα,
3336 4885 3565 4950 ἕκαστος
3623 4887 3782 4957 ὑμῶν
3827 4889 3905 4960 τῷ

2312 4969 2577 5038 Σαϐϐάτῳ
2608 4971 2667 5023 ού
2702 4970 2820 5025 λύει
2868 4971 2960 5025 τὸν
3013 4973 3139 5044 βοῦν
3179 4974 3346 5030 αὐτοῦ
3369 5016 3384 5040 ,
3421 4978 3455 5052 ἢ
3505 4978 3597 5033 τὸν
3628 4979 3750 5034 δνον
3795 4984 3906 5036 ἀπὸ

2310 5064 2410 5131 τῆς
2468 5063 2700 5135 φάτνης,
2747 5069 2842 5118 καὶ
2891 5065 3202 5134 ἀπαγαγὼν
3258 5068 3508 5135 ποτίζεις
3565 5071 3788 5143 Ταύτην
3847 5075 3905 5128 δέ

2311 5154 2590 5226 θυγατέρα
2631 5157 2884 5228 Ἀϐραάμ
2915 5157 3105 5226 οὖσαν,
3139 5160 3205 5231 ἢν
3239 5160 3431 5233 ἔδησεν
3462 5163 3489 5216 6
3515 5163 3763 5229 Σατανᾶς
3791 5166 3902 5221 ίδοὺ

2308 5247 2443 5301 δέκα
2473 5249 2572 5303 καὶ
2603 5248 2749 5302 ὀκτὼ
2772 5249 2889 5320 ἐτη,
2921 5252 3022 5306 οὐκ
3050 5252 3158 5307 ἔδει
3188 5253 3419 5324 λυθῆναι
3441 5256 3659 5310 άπὺτοῦ
3691 5257 3901 5328 δεσμοῦ

2309 5340 2500 5393 τούτου
2543 5344 2609 5413 τῇ
2639 5343 2825 5414 ἡμέρα
2854 5343 2949 5398 τοῦ
2974 5345 3286 5415 Σαδϐἀτου;
3318 5348 3427 5401 Καὶ
3448 5349 3622 5404 ταῦτα
3649 5350 3903 5418 λέγοντος

2309 5435 2507 5502 αὐτοῦ,
2543 5436 2950 5511 κατῃσχύνοντο
2979 5439 3180 5505 πάντες
3216 5443 3264 5494 οἱ
3303 5444 3678 5514 ἀντικείμενοι
3718 5449 3896 5519 αὐτῷ,

2310 5530 2403 5583 καὶ
2451 5530 2557 5594 πᾶς
2615 5530 2641 5583 6
2682 5531 2840 5601 ὄχλος
2885 5531 3108 5603 ἔχαιρεν
3151 5534 3243 5587 ἐπὶ
3301 5537 3436 5589 πᾶσι
3489 5539 3603 5602 τοῖς
3664 5539 3902 5607 ἐνδόξοις

2308 5622 2418 5683 τοῖς
2452 5622 2761 5693 γινομένοις
2802 5624 2892 5676 ὑπ’
2937 5625 3128 5680 αὑτοῦ.
3178 5645 3196 5680 ι
3247 5626 3339 5692 Ἐξ
3369 5629 3635 5700 ἐπηρείας
3657 5631 3900 5686 διαϐολι-

2310 5710 2415 5778 κῆς
2445 5711 2505 5764 τὸ
2530 5711 2702 5791 πάθος
2726 5713 2888 5768 τοῦτο
2916 5718 2981 5785 τῇ
3015 5719 3238 5783 γυναικῖ
3267 5719 3493 5790 συνέϐη,
3531 5721 3678 5774 καθά
3708 5722 3776 5791 δὴ
3809 5722 3902 5776 καὶ

2309 5807 2335 5854 6
2379 5806 2581 5876 Κύριός
2613 5811 2804 5877 φησιν’
2843 5810 2904 5878 ἣν
2939 5810 3126 5877 ἴδησξν
3162 5813 3187 5863 6
3222 5813 3462 5876 Σατανᾶς
3497 5814 3590 5884 ἔτη
3631 5815 3764 5867 δέκα
3806 5817 3897 5869 καὶ
