4110 6332
215 375 326 443 917

933 370 1381 432 ENARRATIO
1421 371 1498 431 ΙΝ
1549 371 2057 435 EVANGELIUM
2096 372 2334 444 LUCEE.
2362 397 2432 412 --
2463 371 2625 431 CAP.
2655 368 2832 430 XI”.

3440 361 3549 428 918

217 488 396 544 ὀκτώ.
470 487 632 547 Ἴσως
689 481 798 553 γὰρ
868 481 960 534 διὰ
1021 480 1348 550 πταίσματα
1405 498 1530 535 τινα
1587 482 1829 550 ἐγκατα-

1941 484 2087 538 enim
2117 484 2260 539 mala
2285 460 2542 537 humanis
2567 479 2894 548 corporibus
2920 475 3090 532 Satan
3115 473 3302 542 infert,
3329 478 3547 546 quando

216 580 540 650 λειφθεῖσαν
566 581 674 634 ὑπὸ
705 577 843 631 Θεοῦ
879 577 1208 650 ἐτιμωρεῖτο
1235 579 1262 629 6
1307 577 1575 640 Σατανᾶς.
1611 577 1826 648 Παραί-

219 695 342 741 τιος
372 678 482 749 γάρ
534 678 651 729 ἐστι
692 676 808 738 τοῖς
851 673 960 726 τῶν
995 671 1307 742 ἀνθρώπων
1356 670 1574 742 σώμασι
1606 673 1826 728 πάντων

219 773 335 825 τῶν
365 769 649 840 δυσχερῶν
677 810 691 831 ,
728 769 856 822 ὅταν
894 765 1103 821 ἄνωθεν
1149 765 1302 835 παρά
1348 765 1487 819 Θεοῦ
1534 783 1826 839 συγχωρη-

221 865 380 933 θείηο
421 863 546 915 ἐπεὶ
581 863 677 915 καὶ
716 860 776 922 ἐξ
824 859 1004 930 ἀρχῆς
1031 858 1201 920 αὐτὸς
1229 860 1363 928 ἡμῖν
1402 857 1666 926 πρόξενος
1707 860 1830 927 ἐγεο

221 957 375 1024 γάνει
443 953 538 1007 τοῦ
609 954 864 1006 ἐκπεσεῖν
935 954 1033 1020 μὲν
1093 950 1191 1019 τῆς
1225 949 1586 1020 ἀφθαρσίας,
1665 947 1830 1026 ἑφθῇ

222 1046 583 1115 ἐκτίσθημεν,
630 1045 839 1115 νοσερῷ
880 1044 937 1097 δὲ
987 1045 1201 1114 σώματι
1247 1044 1340 1101 καὶ
1368 1042 1560 1096 παθῶν
1595 1043 1830 1114 δεκτικῷ

224 1137 630 1207 προσδεθῑψαι·
663 1139 788 1200 τοὺς
823 1135 1187 1207 δερματίνους
1227 1137 1338 1206 γὰρ
1388 1137 1627 1205 χιτῶνας
1667 1135 1826 1190 τοῦτο

224 1230 460 1297 νοοῦμεν
491 1230 744 1292 πάντως.
787 1231 844 1282 '0
895 1230 1079 1299 μέντοι
1112 1229 1317 1298 Κύριος
1370 1228 1827 1302 θεοπρεπεστὰτῃ

227 1324 384 1392 φωνῇ
439 1322 533 1374 καὶ
588 1320 838 1394 ἐξουσίας
879 1321 1131 1393 γεμούσῃ
1178 1321 1278 1389 τῆς
1323 1321 1584 1389 γυναικὸς
1619 1321 1828 1390 ταύτης

223 1413 324 1483 τὴν
374 1413 528 1466 νόσον
579 1412 818 1464 ἐλαύνει.
866 1412 1176 1482 Ἐπιτίθησι
1234 1411 1291 1463 δὲ
1349 1412 1582 1475 καὶτὰς
1634 1416 1827 1482 χεῖρας

226 1505 371 1575 αὐτῇ
394 1547 408 1568 ,
445 1505 530 1556 ἵνα
569 1503 866 1572 μάθωμεν,
897 1505 980 1556 ὅτι
1022 1502 1120 1572 τὴν
1149 1501 1245 1554 τοῦ
1290 1502 1452 1568 λόγου
1490 1502 1721 1571 δύναμίν
1769 1521 1828 1556 τε

224 1597 322 1648 καὶ
356 1595 638 1664 ἐνέργειαν
678 1595 709 1663 ἠ
749 1591 880 1661 ἁγία
930 1595 1212 1664 πεφόρηκε
1245 1594 1382 1664 σάρξ
1409 1611 1422 1624 ·
1468 1595 1575 1648 ῖδία
1611 1595 1720 1665 γὰρ
1760 1591 1828 1666 ἦν

223 1686 422 1751 αὐτοῦ,
453 1690 547 1740 καὶ
579 1687 677 1757 οὐχ
715 1688 798 1739 ἑτέ
812 1705 904 1758 ρου
934 1688 1082 1750 τινὸς
1111 1687 1245 1757 παρ’
1270 1687 1436 1740 αὐτὸν
1468 1687 1622 1751 ὄντος
1653 1706 1825 1740 κατα-

228 1780 399 1848 μόνας
448 1780 542 1831 καὶ
609 1779 1034 1840 ίδιοῦποστάτως
1077 1762 1516 1848 κεχωρισμένον,
1570 1781 1714 1834 καθά
1762 1781 1826 1851 δὴ

222 1871 506 1941 Νεστορίῳ
535 1871 612 1940 τῷ
658 1871 913 1922 δυσσεϐεῖ
941 1871 1108 1925 δοκεῖ;
1167 1871 1231 1923 Ἦ
1261 1873 1358 1943 μὲν
1405 1872 1499 1925 οὖν
1549 1872 1826 1941 ἀγαθὸτης

223 1963 322 2016 τοῦ
365 1962 569 2035 Κυρίου
611 1963 860 2033 τοιαύτη,
924 1968 1040 2016 καὶ-
1072 1963 1220 2017 οὕτω
1259 1966 1320 2018 τὸ
1363 1965 1563 2038 οἰκεῖον
1603 1967 1831 2036 πλάσμα

229 2057 483 2128 ἱ·,λὲησεν.
549 2058 606 2109 Ὀ
639 2057 697 2110 δὲ
745 2057 804 2123 ἐξ
853 2059 1028 2128 ἀρχῆς
1091 2058 1191 2126 τὴν
1246 2060 1484 2126 γυναῖκα
1544 2059 1831 2129 δεσμήσας

224 2153 496 2214 Σατανᾶς,
544 2150 842 2220 ἀχθόμενος
873 2154 939 2221 τῇ
967 2150 1178 2221 ταύτης
1209 2149 1385 2214 λύσει,
1415 2145 1504 2204 οἷα
1536 2150 1708 2202 θέλων
1736 2153 1830 2205 ἐπὶ

224 2244 393 2294 πλέον
428 2241 821 2310 κακουχεῖσθαι
850 2242 1044 2310 αὐτὴν,
1083 2243 1276 2312 δεσμεῖ
1305 2241 1395 2294 τὸν
1439 2243 1831 2311 ἀρχισυνάγω-

223 2350 324 2399 γον
372 2331 451 2401 τῷ
511 2331 713 2401 φθόνῳ,
757 2333 853 2385 καὶ
885 2332 973 2384 διὰ
1017 2333 1111 2385 τοῦ
1160 2333 1429 2403 στόματος
1477 2333 1669 2386 τούτου
1729 2336 1829 2384 ἐπ⁴

223 2427 458 2494 ηρεάζει
489 2425 564 2494 τῷ
591 2424 852 2494 θαύματι·
877 2424 1050 2488 οὕτως
1073 2425 1181 2496 ἄρα
1211 2424 1489 2495 πανταχοῦ
1508 2427 1618 2488 τοῖς
1644 2426 1828 2488 καλοῖς

223 2519 555 2573 ἐπιτίθεται.
609 2518 937 2586 Ἀγανακτεί
978 2519 1070 2572 οῦν
1103 2521 1184 2571 ὅτι
1223 2522 1279 2572 ἐν
1310 2520 1578 2590 Σαϐϐάτῳ
1609 2523 1640 2589 ἡ
1670 2520 1833 2589 θερα-

225 2611 362 2664 πεία
411 2611 625 2678 γέγονε,
662 2611 721 2663 ὃν
760 2612 788 2663 6
818 2611 1025 2682 Κύριος
1080 2615 1430 2684 χαριεστάτῳ
1460 2615 1830 2685 ὑποδείγματι

224 2703 344 2756 τῶν
385 2704 600 2770 ἀλόγων
652 2702 808 2766 ζώων
869 2706 1116 2774 ἐλέγχειο
1173 2705 1300 2758 ὅθεν
1345 2708 1406 2758 οὔ
1465 2707 1638 2778 μόνος,
1669 2709 1834 2772 αὐτὸς

225 2801 346 2861 τοῖς
377 2797 646 2860 τοιούτοις
675 2797 880 2864 λόγοις,
920 2798 1059 2852 ἀλλὰ
1090 2800 1187 2851 καὶ
1221 2799 1430 2863 πάντες
1471 2801 1520 2852 οἱ
1556 2800 1708 2854 ἄλλοι
1738 2803 1833 2856 ἁν-

223 2891 534 2961 τικείμενοι
563 2889 641 2958 τῷ
687 2891 864 2960 Ἰησοῦ
894 2892 1003 2944 ἀπὸ
1042 2891 1152 2943 τῶν
1193 2892 1366 2960 λόγων
1401 2893 1830 2964 κατῃσχύνοντο.

225 2986 370 3039 Δίαν
429 2984 538 3054 γὰρ
585 2979 652 3054 ἦν
701 2984 928 3052 ἀνόητον
993 2984 1056 3037 τὸ
1109 2985 1352 3038 κωλύειν
1421 2985 1833 3056 θεραπευθῆναι

225 3076 520 3144 ἇιθρωπον
554 3076 613 3128 ἐν
664 3075 953 3145 Σαϐϐάτῳ,
1000 3076 1090 3129 διὰ
1126 3076 1228 3146 τὴν
1278 3076 1482 3147 ἀργίαν
1523 3076 1687 3146 δῆθεν
1733 3078 1834 3147 τὴν

225 3166 339 3230 ὑπὸ
381 3167 476 3218 τοῦ
521 3166 689 3235 νόμου
732 3164 810 3237 τῷ
852 3165 1118 3237 Σαϐϐάτῳ
1165 3167 1692 3237 προστεταγμένην.
1768 3169 1832 3222 0i
1863 3194 1900 3248 (τ

229 3259 336 3329 μὲν
365 3255 458 3314 οὖν
487 3260 856 3328 ἀντικείμενοι
885 3259 962 3330 τῷ
1001 3259 1175 3331 Ἰησοῦ
1205 3260 1314 3314 ἀπὸ
1350 3260 1456 3314 τῶν
1487 3259 1666 3328 λόγων
1693 3278 1818 3315 κατο

227 3353 566 3427 ῃσχύνοντο,
617 3355 668 3407 οἱ
723 3353 780 3404 δὲ
813 3353 960 3422 ὄχλοι
995 3352 1214 3424 ἔχαιρον
1246 3353 1340 3406 ἐπὶ
1370 3357 1484 3415 τοῖς
1515 3352 1722 3423 ἔργοις,
1756 3355 1831 3416 ὡς

230 3448 438 3501 ἐκεῖνοί
470 3464 532 3515 γε
561 3449 672 3508 τοῖς
718 3446 901 3514 ἔργοις
932 3446 1032 3499 οὐκ
1065 3445 1308 3516 ἔχαιρον,
1351 3446 1464 3498 ἀλλ’
1509 3447 1835 3518 ἐξετήκοντο

226 3539 782 3609 θαυματουργοῦντος
835 3538 928 3592 τοῦ
983 3540 1246 3610 Χριστοῦ.
1295 3542 1357 3593 υἱ
1417 3540 1472 3593 δὲ
1527 3541 1622 3592 τοῦ
1672 3539 1832 3611 ὄχλου

227 3627 322 3685 οἶα
387 3633 762 3702 ὠφελούμενοι
814 3634 878 3686 ὲκ
906 3631 1016 3686 τῶν
1048 3633 1318 3702 σημείων,
1357 3633 1602 3704 ἔχαιρον,
1635 3635 1834 3687 ἶάσεων

225 3727 624 3789 ἀπολαύοντες.
660 3725 847 3778 Ταῦτα
880 3726 936 3778 δέ
966 3745 1056 3796 μοι
1087 3727 1334 3795 λάμϐανε
1363 3728 1428 3779 τὰ
1456 3727 1715 3796 θαύματα
1742 3729 1835 3782 καὶ

227 3817 325 3868 ἐπὶ
357 3814 446 3866 τὸν
482 3814 633 3876 ἐντὸς
687 3814 1007 3881 ἄνθρωπον·
1054 3815 1363 3883 συγκύπτει
1408 3820 1517 3885 γὰρ
1568 3824 1605 3887 ii,
1651 3819 1830 3890 ψυχὴ,

227 3910 365 3962 ὅταν
411 3909 504 3960 ἐπὶ
537 3907 649 3988 κτὰς
704 3909 905 3976 γηΐνας
961 3908 1130 3976 μόνας
1181 3909 1471 3978 φροντίδας
1529 3911 1679 3982 νεύῃ,
1740 3911 1836 3963 καὶ

231 4001 406 4073 μηδὲν
440 3999 690 4068 οὐράνιον
727 4001 757 4068 ἦ
815 3999 956 4053 θεῖον
1002 4002 1381 4070 φαντάζηται·
1431 4002 1512 4053 διὸ
1549 4005 1639 4054 καὶ
1691 4002 1834 4055 ὀκτὼ

227 4096 330 4149 καὶ
364 4093 498 4147 δέκα
520 4093 615 4158 ἐτη
650 4096 828 4146 νοσεῖν
857 4093 1096 4160 λέγεται.
1126 4095 1298 4147 Ὀταν
1327 4095 1436 4164 γάρ
1469 4112 1554 4157 τις
1579 4099 1708 4166 περὶ
1733 4097 1832 4166 τὴν

227 4191 468 4260 τήρησιν
508 4187 615 4240 τῶν
664 4187 894 4240 ἐντολῶν
940 4187 1034 4240 τοῦ
1065 4187 1211 4240 θείου
1235 4190 1447 4265 μόμου,
1487 4190 1692 4253 αἵτινές
1728 4191 1834 4241 είσι

223 4282 389 4344 δέκα,
419 4281 513 4333 καὶ
542 4280 676 4350 περὶ
698 4280 798 4351 τὴν
829 4279 1022 4334 ἐλπίδα
1048 4279 1142 4333 τοῦ
1173 4280 1361 4348 ὀγδόου
1384 4282 1580 4344 αἰῶνος
1607 4282 1835 4354 ἀσθενῆ,

227 4373 368 4427 δέκα
401 4374 498 4425 καὶ
529 4371 677 4425 ὀκτὼ
710 4373 805 4443 ἐτη
835 4373 1176 4440 συγκύπτειν
1211 4374 1465 4442 λέγεται·
1510 4377 1539 4443 ἢ
1573 4377 1671 4448 οὐχ
1698 4378 1726 4430 6
1765 4379 1833 4449 τῇ

231 4469 305 4536 γῇ
343 4466 778 4537 προσκείμενος,
825 4466 919 4520 καὶ
961 4467 1298 4538 ἁμαρτάνων
1331 4469 1418 4522 ἀεὶ
1457 4469 1557 4533 τας
1590 4487 1648 4522 τε
1684 4471 1835 4523 tvm-

1937 574 1986 629 ei
2039 590 2067 628 ο
2115 575 2346 629 Domino
2389 573 2779 643 permittitur:
2828 568 3274 640 quandoquidem
3306 569 3467 624 nobis
3493 581 3548 624 et

1939 666 2006 720 ab
2047 665 2205 720 initio
2235 676 2428 721 auctor
2478 664 2578 718 fuit
2623 664 2789 735 387
2839 673 2896 717 ut
2930 662 2999 718 ab
3050 662 3463 730 incorruptione
3493 663 3548 717 in

1936 774 2045 828 qua
2084 759 2290 814 conditi
2322 759 2550 822 fuimus,
2579 758 2984 821 exeideremus,
3013 764 3069 809 ct
3095 754 3314 809 inllrmo
3341 754 3549 824 passio-

1937 867 2179 922 numque
2203 851 2394 921 capaci
2437 852 2656 919 corpori
2709 849 2915 918 alligati
2943 864 3216 905 essemus.
3251 847 3366 905 lloe
3398 849 3545 903 enim

1939 961 2036 1014 per
2071 944 2330 1016 pelliceas
2362 945 2579 998 tunicas
2605 943 2983 1013 intelligimus.
3021 942 3092 996 At
3121 940 3384 997 Dominus
3409 957 3543 996 voce

1937 1038 2050 1093 Deo
2086 1035 2410 1106 dignissima
2454 1042 2837 1105 potestateque
2869 1035 3029 1104 plena
3051 1072 3068 1099 ,
3103 1033 3358 1088 mulieris
3388 1033 3551 1089 istius

1936 1130 2185 1184 morbum
2221 1129 2393 1198 fugat.
2429 1129 2664 1197 Imponit
2692 1135 2874 1182 autem
2898 1126 2946 1179 ei
2973 1135 3029 1180 et
3058 1139 3256 1180 manus
3289 1132 3348 1179 ut
3371 1124 3550 1180 disea-

1937 1239 2059 1280 mus
2105 1224 2247 1290 quod
2283 1223 2376 1276 Dei
2416 1235 2727 1276 sermonem
2755 1219 3131 1288 virtutemque
3175 1225 3230 1271 et
3262 1216 3541 1279 operatio-

1938 1331 2060 1370 nem
2096 1325 2284 1370 sancta
2320 1329 2448 1366 caro
2498 1311 2774 1367 habuerit.
2805 1310 2916 1364 Sua
2955 1311 3101 1364 enim
3135 1307 3358 1377 propria
3406 1316 3544 1370 erat,

1933 1418 1988 1462 et
2031 1422 2140 1461 non
2185 1406 2414 1460 alterius
2446 1401 2750 1474 cuiuspiam
2785 1402 2891 1458 sibi
2942 1401 3290 1460 assistentis,
3327 1408 3382 1453 et
3423 1413 3549 1467 pro-

1939 1503 2173 1572 prietate
2224 1515 2475 1570 personre
2533 1497 2814 1568 separati,
2874 1497 3020 1552 sicut
3066 1494 3236 1562 impio
3290 1491 3548 1548 Nestorio.

1934 1595 2171 1655 videtur.
2207 1593 2377 1661 igitur
2405 1602 2556 1646 tanta
2587 1590 2810 1658 quidem
2854 1586 3073 1641 Domini
3107 1586 3451 1657 benignitas,
3489 1593 3548 1636 ut

1935 1687 2155 1757 proprio
2206 1685 2469 1755 figmento
2527 1683 2846 1738 misericors
2895 1687 3065 1734 esset.
3125 1677 3361 1730 Satanas
3417 1689 3548 1729 vero

1934 1781 2026 1850 qui
2064 1781 2218 1850 prius
2264 1778 2554 1832 mulierem
2599 1776 2942 1844 alligaverat,
2987 1772 3164 1828 morbi
3215 1771 3548 1825 solutionem

1936 1873 2150 1937 dolens,
2193 1879 2247 1925 et
2294 1886 2415 1925 eam
2462 1869 2696 1937 amplius
2745 1867 2986 1934 alliigcre
3034 1866 3302 1934 cupiens,
3357 1862 3546 1932 alligat

1937 1964 2238 2034 principem
2275 1963 2578 2032 Synagogze
2613 1961 2837 2024 invidia,
2866 1970 2916 2014 et
2950 1975 3046 2030 per
3069 1974 3131 2014 os
3153 1959 3277 2027 ejus
3304 1956 3545 2009 miracu-

1938 2059 2047 2113 lum
2085 2057 2499 2114 calumniatur:
2557 2043 2719 2108 more}
2757 2053 2905 2106 enim
2965 2067 3068 2106 suo
3132 2049 3293 2104 bonis
3346 2047 3548 2116 ubique

1939 2151 2188 2220 imponit.
2223 2149 2545 2218 Indignatur
2576 2162 2706 2217 ergo
2733 2144 2878 2216 quod
2915 2145 2966 2196 in
2996 2144 3241 2197 Sabbato
3272 2152 3499 2195 sanatur
3533 2165 3546 2198 ς

1940 2259 2104 2315 quem
2159 2243 2424 2296 Dominus
2481 2237 2867 2309 pulcherrimis
2932 2235 3200 2303 exemplis
3260 2233 3548 2287 brutorum

1936 2335 2256 2391 animalium
2299 2334 2499 2404 arguit.
2562 2332 2716 2388 Unde
2754 2346 2860 2384 non
2915 2330 3032 2397 ipse
3083 2337 3293 2382 tantum
3352 2323 3551 2380 talibus

1937 2426 2308 2487 sermonibus,
2363 2425 2456 2478 sed
2506 2433 2562 2478 et
2611 2436 2804 2476 omnes
2835 2422 2926 2474 alii
2977 2420 3068 2488 qui
3108 2419 3547 2472 adiersabantur

1936 2522 2091 2584 Jesu,
2132 2519 2629 2575 confundebantur.
2676 2514 2886 2584 Magnae
2919 2516 3066 2568 cnim
3101 2511 3350 2567 stultitiae
3390 2516 3548 2573 erat,

1939 2615 2232 2686 prohibere
2299 2613 2578 2666 hominem
2649 2608 2835 2664 sanari
2895 2608 2949 2662 iu
3017 2606 3263 2661 Sabbato
3325 2613 3550 2672 propter

1938 2711 2109 2765 otium
2141 2707 2287 2778 quod
2321 2705 2500 2776 aliqua
2533 2721 2597 2758 ex
2645 2713 2799 2772 parte
2852 2703 2905 2754 in
2941 2699 3186 2754 Sabbato
3219 2699 3303 2752 lex
3339 2710 3550 2767 prace-

1939 2811 2116 2872 perat.
2159 2800 2330 2870 Igitur
2362 2801 2454 2869 qui
2485 2798 2924 2853 adversabantur
2951 2794 3105 2858 .lesu,
3141 2791 3556 2848 confundeban-

1941 2904 2050 2949 tur.
2081 2891 2281 2947 Turbae
2316 2904 2500 2945 autem
2537 2890 2850 2960 gaudebant
2885 2887 2937 2941 in
2971 2884 3271 2955 operibus,
3307 2883 3450 2938 sicut
3473 2879 3552 2935 illi

1940 2987 2199 3056 operibus
2237 3000 2342 3040 non
2390 2985 2736 3056 gaudebant,
2787 2982 2880 3034 sed
2908 2977 3283 3039 insaniebant,
3332 2973 3554 3030 Christo

1942 3080 2178 3136 faciente
2206 3077 2494 3147 miracula.
2534 3080 2598 3131 At
2627 3076 2801 3130 turbae
2847 3089 2912 3128 ex
2944 3067 3225 3127 miraculis
3255 3067 3556 3123 utilitatem

1941 3172 2332 3243 percipientes.
2385 3161 2732 3238 gaudebant,
2776 3166 3018 3220 maxime
3049 3163 3193 3234 quod
3253 3159 3556 3218 sanationi-

1941 3269 2042 3322 bus
2073 3267 2414 3320 fruerentur.
2458 3261 2740 3332 lntelligas
2793 3267 3002 3323 autem,
3039 3271 3176 3322 oro,
3229 3253 3554 3310 miraculum

1942 3358 2086 3413 istud
2126 3358 2290 3412 etiam
2329 3356 2395 3411 de
2427 3357 2646 3409 interno
2695 3353 2944 3408 homine.
2997 3351 3329 3407 lncurvatur
3370 3346 3554 3402 anima

1941 3453 2161 3522 quando
2194 3451 2260 3504 ad
2318 3460 2568 3505 terrenas
2619 3458 2831 3502 tantum
2884 3460 3047 3502 curas
3088 3444 3301 3513 vergit,
3329 3452 3386 3498 et
3417 3439 3553 3497 nihil

1944 3547 2174 3602 cmleste
2212 3545 2292 3599 vel
2317 3545 2562 3600 divinum
2597 3558 2784 3598 secum
2826 3542 3086 3611 concipit.
3119 3537 3331 3594 Idcirco
3365 3537 3555 3592 decem

1946 3651 1995 3695 et
2034 3649 2160 3695 octo
2190 3639 2353 3693 annis
2387 3646 2658 3707 mgrotare
2705 3635 2931 3690 dicitur.
2981 3633 3213 3700 Quando
3253 3631 3401 3686 enim
3431 3629 3558 3698 quis

1945 3734 1997 3785 in
2033 3728 2426 3785 observatione
2457 3727 2844 3781 mandatorum
2878 3725 3075 3780 divinae
3104 3722 3240 3792 legis
3276 3736 3399 3791 qua:
3429 3727 3559 3775 sunt

1942 3825 2155 3889 decem,
2197 3830 2251 3876 et
2287 3820 2339 3874 in
2393 3835 2492 3890 spe
2526 3819 2708 3874 octavi
2745 3817 3218 3876 smculilinﬁrmus
3249 3813 3439 3879 fuerit,
3465 3813 3560 3867 de-

1942 3931 2059 3971 cem
2093 3923 2147 3970 et
2187 3924 2312 3970 octo
2348 3915 2507 3970 anuis
2537 3913 2738 3969 dicitur
2770 3912 3072 3967 incurvari.
3122 3911 3319 3964 Annon
3368 3910 3560 3963 incur-

1943 4019 2106 4061 vatur
2154 4016 2210 4062 et
2241 4005 2594 4060 contrahitur
2641 4005 2732 4073 qui
2783 4003 3024 4059 terrenis
3063 4003 3318 4057 addictus
3369 4007 3562 4072 peccat

1944 4113 2186 4170 semper,
2233 4099 2488 4153 mandata
2539 4099 2837 4168 reprobat,
2882 4104 2938 4151 et
2994 4094 3238 4150 futurum
3295 4093 3557 4148 saeculum

1944 4208 2052 4248 non
2139 4192 2472 4262 exspeCtat?
2537 4190 2644 4246 Sed
2730 4189 3000 4244 Dominus
3072 4188 3125 4242 in
3201 4186 3445 4242 Sabbato
3503 4193 3560 4240 et

1947 4283 2236 4357 Synagoga
2306 4291 2465 4339 sanat
2543 4283 2706 4338 talem
2765 4282 3032 4336 animam.
3101 4279 3336 4347 Quando
3409 4278 3559 4332 enim

1940 4375 2064 4445 quis
2112 4377 2165 4431 in
2211 4375 2394 4445 seipse
2451 4373 2658 4445 colligit
2717 4370 3083 4427 confessionis
3138 4369 3548 4439 cOgitationes:

1941 4467 2110 4523 ludas
2161 4468 2306 4523 enim
2354 4467 2631 4521 confessio
2664 4464 2886 4535 dicitur,
2937 4475 2992 4519 et
3047 4463 3348 4518 Sabbatum
3384 4469 3559 4525 tenet,

229 4560 337 4624 λάς
364 4560 570 4624 ἀθετεῖ,
602 4562 694 4614 καὶ
726 4561 817 4612 τὸν
851 4558 1123 4629 μέλλοντα
1151 4561 1326 4614 αίῶνα
1351 4562 1410 4613 οὺ
1442 4561 1833 4633 προσδέχεται;

1949 4559 2050 4615 hoc
2085 4569 2190 4625 est,
2228 4560 2460 4614 feriatur
2501 4574 2531 4613 a
2575 4557 2735 4612 malis
2774 4574 2786 4610 :
2824 4565 2956 4611 tunc
3001 4571 3125 4612 eum
3161 4564 3327 4610 sanat
3373 4551 3558 4620 Jesus,

231 4652 385 4706 Ἀλλ’
414 4654 443 4705 6
477 4652 682 4723 Κύριος
709 4655 768 4706 ὲν
795 4650 1060 4726 Σαϐϐάτῳ
1083 4655 1177 4707 καὶ
1206 4655 1509 4725 Συναγωγῇ
1537 4654 1836 4730 θεραπεύει

229 4743 338 4813 τὴν
391 4741 648 4814 τοιαύτην
686 4743 888 4814 ψυχήν.
941 4746 1116 4823 Ὅταν
1149 4749 1258 4816 γὰρ
1308 4746 1597 4817 συναγάγῃ
1644 4764 1727 4810 τις
1781 4748 1838 4801 ἐν

232 4833 424 4904 ἑαυτῷ
457 4835 586 4899 τοὺς
618 4835 717 4903 τῆς
775 4836 1220 4907 ἑξομολογήσεως
1250 4839 1549 4907 λογισμούς
1571 4856 1584 4870 ·
1635 4840 1838 4904 Ἰούδας

231 4931 350 4998 γὰρ
407 4927 799 5000 ἐξομολόγησις
846 4931 1108 4999 λέγεται⁸
1167 4930 1264 4984 καὶ
1315 4931 1596 4986 Σάϐϐατον
1644 4933 1836 5004 σχοίη,

231 5021 519 5074 τουτέστιν
549 5021 749 5092 ἀργίαν
778 5023 888 5076 ἀπὸ
934 5021 1043 5075 τῶν
1097 5021 1311 5090 κακῶν,
1358 5022 1480 5076 τότε
1535 5022 1833 5093 θεραπεύει

233 5115 406 5169 αὐτὸν
434 5117 463 5168 6
510 5114 742 5186 Ἰησοῦς,
762 5117 822 5169 οὐ
858 5118 1002 5187 λόγῳ
1032 5117 1181 5188 μόνῳ
1214 5116 1389 5186 λέγων
1426 5117 1576 5189 αὑτῷ
1606 5118 1832 5172 Ἀπολὲ-

1953 4668 2058 4708 non
2090 4667 2347 4708 sermone
2385 4659 2597 4706 tantum
2643 4651 2836 4706 dicens
2868 4651 2918 4704 ei
2951 4668 2964 4704 :
3012 4649 3300 4704 Liberatus
3345 4658 3466 4701 esto
3490 4647 3561 4700 ab

1949 4749 2274 4804 iullrmitate
2323 4756 2414 4803 tua
2469 4764 2484 4801 :
2539 4759 2637 4803 seu
2690 4759 2746 4803 et
2798 4761 2990 4802 manus
3043 4749 3351 4816 imponens.
3408 4741 3561 4814 Opus

1949 4843 2096 4898 enim
2152 4852 2238 4899 est
2294 4842 2454 4898 nobis
2503 4849 2562 4895 ut
2603 4841 2671 4896 ad
2721 4841 3062 4912 operandam
3119 4853 3286 4910 opera
3337 4837 3560 4891 virtutis

1949 4934 2320 5003 suscipiamus
2354 4942 2410 4988 et
2439 4933 2751 4988 divinarum
2784 4948 3046 4987 manuum
3084 4928 3555 4999 cooperationcm,

1949 5038 2006 5083 et
2047 5043 2156 5083 non
2194 5042 2288 5098 per
2329 5026 2505 5082 solmu
2551 5027 2779 5082 verbum
2809 5032 2865 5079 et
2911 5024 3309 5081 instructiones
3347 5021 3557 5076 erudiri

1948 5120 2215 5185 contenti,
2257 5129 2514 5190 putemus
2558 5134 2658 5175 nos
2697 5118 2990 5175 sanitatem
3027 5125 3378 5172 consecutos.

234 5209 403 5263 λυσαι
433 5206 535 5277 τῆς
573 5207 862 5273 ἀσθενείας
895 5225 1013 5272 σου,
1081 5209 1219 5264 ἀλλὰ
1292 5214 1387 5264 καὶ
1452 5211 1553 5275 τὰς
1603 5215 1793 5282 χεῖρας
1857 5211 2073 5276 ἐπιθείς
2139 5211 2222 5265 δεῖ
2290 5210 2400 5282 γάρ
2455 5212 2604 5283 ἡμᾶς
2666 5210 2764 5264 καὶ
2816 5209 2914 5280 τὴν
2968 5208 3077 5263 τῶν
3134 5209 3296 5262 θείων
3355 5206 3560 5280 χειρῶν

238 5298 541 5367 συνεργίαν
572 5300 710 5371 πρὸς
760 5301 822 5354 τδ
861 5301 1125 5372 πράττειν
1158 5301 1228 5355 τὰ
1271 5303 1371 5370 τῆς
1429 5303 1629 5373 ἀρετῆς
1676 5303 1813 5374 ἔργα
1859 5303 2139 5372 δέξασθαι,
2177 5305 2273 5359 καὶ
2348 5305 2426 5377 μὴ
2487 5304 2577 5359 διὰ
2640 5305 2804 5374 λόγου
2847 5305 3012 5377 μόνου
3053 5303 3150 5358 καὶ
3191 5303 3559 5373 κατηχήσεως

235 5391 342 5461 τὴν
372 5390 673 5463 θεραπείαν
700 5391 884 5446 λαϐεῖν
915 5392 1207 5458 δοκοῦντας
1241 5395 1601 5466 ἀρκεσθῆναι.

323 5501 342 5535 ι
375 5485 569 5554 Ἔλεγε
599 5483 679 5550 δὲ,
707 5481 828 5538 Τίνι
853 5486 1019 5557 ὁμοία
1043 5486 1192 5540 ἐστὶν
1216 5487 1249 5558 ή
1280 5487 1528 5557 βασιλεία
1564 5487 1658 5542 τοῦ
1685 5488 1845 5557 Θεοῦ,

241 5576 344 5630 καὶ
371 5576 480 5630 τίνι
525 5576 784 5646 ὁμοιώσω
815 5577 1024 5648 αὑτήν;
1070 5577 1265 5649 Ὁμοία
1309 5581 1429 5633 ἐστὶ
1470 5580 1660 5651 κόκκῳ
1696 5582 1850 5636 σινά-

243 5687 418 5738 πεως,
446 5669 506 5724 ὃν
535 5669 720 5726 λαϐὼν
747 5671 1037 5746 ἄνθρωπος
1071 5671 1267 5727 ἔϐαλεν
1300 5675 1380 5737 εἰς
1409 5673 1591 5742 κῆπον
1627 5674 1844 5741 ἑαυτοῦ,

243 5764 342 5818 καὶ
369 5763 610 5834 ηὔξησε,
645 5764 741 5818 καὶ
785 5765 1003 5834 ἐγένετο
1053 5765 1134 5830 είς
1179 5765 1396 5836 δένδρον
1434 5767 1599 5838 μέγα,
1653 5768 1748 5821 καὶ
1781 5768 1850 5822 τά

251 5854 478 5910 πετεινά
504 5854 598 5910 τοῦ
626 5855 862 5925 οὐρανοῦ
913 5846 1343 5926 κατεσκήνωσαν
1380 5858 1435 5912 ἐν
1483 5859 1598 5921 τοῖς
1632 5856 1848 5923 κλάδοις

2022 5489 2191 5546 Vens.
2243 5484 2433 5543 18-22.
2495 5501 2514 5536 ι
2577 5482 2805 5539 Dicebat
2853 5496 3035 5552 ergo:
3094 5479 3195 5534 Cui
3243 5478 3423 5534 simile
3475 5486 3562 5532 est

1951 5593 2183 5649 regnum
2215 5575 2350 5630 Dei?
2385 5582 2442 5630 et
2476 5574 2566 5630 cui
2600 5574 2783 5630 simile
2809 5571 3006 5629 faciam
3042 5571 3216 5627 illud?
3245 5569 3436 5625 Simile
3475 5579 3561 5625 est

1951 5685 2120 5744 grano
2155 5670 2334 5740 sinapi
2374 5669 2519 5740 quod
2554 5679 2840 5738 acceptum
2878 5667 3044 5722 homo
3075 5665 3220 5722 misit
3253 5664 3306 5718 in
3337 5663 3556 5719 hortum

1952 5781 2131 5833 suum,
2172 5774 2229 5820 et
2270 5764 2470 5833 crevit,
2505 5774 2560 5819 et
2593 5764 2768 5820 evasit
2804 5761 2857 5816 in
2888 5765 3143 5818 arborem
3176 5774 3457 5830 magnam,
3505 5768 3561 5812 et

1953 5860 2206 5937 volucres
2231 5857 2403 5930 388
2437 5857 2561 5915 caeli
2603 5855 2993 5914 nidulabautur
3026 5856 3078 5910 in
3111 5853 3278 5910 ramis
3317 5853 3459 5926 ejus.
3497 5854 3561 5906 Et
