4110 6332
608 394 709 456 9ἓ9

605 595 732 647 mile
763 605 857 648 esto
880 595 1170 654 fermento,
1198 591 1338 659 quod
1365 599 1643 654 acceptum
1675 588 1866 640 mulier
1897 584 2181 639 ah5c0udit

607 687 657 736 in
696 682 882 735 farina:
915 691 1032 734 sata
1079 682 1181 734 tria
1208 723 1221 746 ,
1263 681 1436 734 donec
1487 678 1837 732 ferruentetnr
1872 684 2065 729 totum.
2113 674 2180 728 Et

608 776 714 827 ibat
744 790 838 842 per
868 776 1118 829 civitates
1148 785 1202 828 et
1234 773 1452 827 castella
1489 772 1713 834 docens,
1750 781 1800 822 et
1845 772 1944 824 iter
1977 768 2180 823 faciens

606 863 1057 936 llierosolyn'iam.
1102 885 1118 917 ι
1161 865 1341 918 Grano
1400 863 1572 931 sinapi
1631 871 1907 930 comparat
1958 875 2178 928 regnum

608 960 720 1012 Dei.
754 957 1000 1028 Regnum
1035 966 1214 1010 autem
1250 957 1341 1010 Dei
1378 955 1693 1026 praedicatio
1732 966 1836 1016 csr,
1871 965 1925 1006 et
1955 953 2176 1005 verbum

604 1051 720 1104 Dei.
756 1051 857 1104 Per
890 1049 1334 1119 praedicatioaem
1363 1048 1508 1104 enim
1546 1046 1792 1116 regnavit
1819 1047 1870 1099 in
1899 1045 2183 1099 animabus

604 1141 903 1195 hominmu.
961 1141 1252 1195 Enimvero
1287 1140 1428 1193 sicut
1479 1139 1652 1206 sinapi
1704 1138 1915 1190 videtur
1963 1137 2180 1202 quidem

603 1248 824 1300 parvum
867 1249 1020 1296 esse,
1076 1231 1296 1285 multam
1329 1238 1506 1282 autem
1556 1229 1714 1283 habet
1767 1227 2048 1290 virtutem,
2105 1227 2176 1279 ita

602 1332 654 1379 et
699 1340 879 1379 sermo
928 1323 1204 1393 Evangelii
1247 1322 1617 1376 contemnitur
1658 1321 1876 1389 quidem
1912 1335 1939 1373 a
1971 1319 2175 1385 multis,

601 1427 655 1470 et
710 1426 930 1484 apparet
968 1431 1091 1470 esse
1130 1415 1356 1469 stultitia
1403 1434 1414 1467 :
1473 1429 1594 1468 cum
1658 1429 1785 1468 vero
1831 1413 1979 1467 illum
2019 1413 2178 1466 homo

601 1508 927 1576 susceperit,
961 1516 1014 1562 et
1050 1508 1258 1562 miserit
1283 1508 1334 1560 iu
1369 1508 1585 1561 hortum
1623 1521 1734 1560 sua:
1767 1508 1980 1568 animie,
2020 1504 2181 1558 arbo-

606 1617 716 1653 rem
754 1615 1002 1669 magnam
1053 1599 1201 1662 facit,
1237 1600 1305 1651 ita
1339 1609 1393 1651 ut
1431 1609 1485 1652 et
1515 1615 1692 1652 ramos
1726 1599 1934 1662 dilatet,
1990 1612 2052 1650 ac
2092 1612 2182 1650 vo-

601 1693 767 1744 latilia
792 1692 934 1754 cmli,
969 1693 1069 1745 hoc
1095 1701 1202 1757 est,
1239 1691 1484 1744 homines
1517 1693 1604 1759 qui
1649 1692 1699 1744 iu
1741 1691 1972 1744 sublime
2002 1690 2182 1742 volare

606 1784 872 1842 nituntur,
918 1785 1072 1837 nidos
1098 1784 1335 1838 habeant
1371 1785 1421 1836 in
1456 1783 1641 1838 ramis.
1681 1785 1780 1849 Qui
1811 1784 1955 1837 enim
1994 1800 2183 1852 super-

602 1877 769 1944 gressi
805 1886 930 1931 sunt
966 1878 1243 1931 terrestria
1268 1917 1281 1940 ,
1310 1879 1362 1930 in
1407 1879 1569 1932 ramis
1608 1879 2032 1948 prazdicationis,
2084 1877 2185 1931 huc

601 1980 706 2034 eat,
746 1967 982 2023 dilatatis
1009 1971 1299 2024 sententiis
1345 1971 1630 2038 quiescunt
1661 1988 1673 2037 ;
1719 1981 1776 2024 ut
1806 1971 2032 2040 exetupli
2057 1986 2182 2040 gra-

605 2060 676 2112 tia
711 2061 837 2127 quid
868 2062 1040 2114 dicam
1096 2078 1110 2113 :
1161 2062 1402 2114 Granum
1434 2062 1662 2130 sumpsit
1701 2060 1922 2122 Paulus,
1959 2076 2180 2130 parvam

604 2151 826 2204 Ananiae
851 2152 893 2181 δ’
932 2151 1346 2206 instructionem
1371 2192 1384 2215 ,
1428 2155 1522 2205 sed
1558 2153 1857 2220 plantatqu
1913 2153 2015 2204 hoc
2057 2167 2180 2221 gra-

605 2259 730 2295 num
762 2241 814 2295 in
851 2243 1007 2296 horto
1039 2242 1156 2310 ejus
1193 2241 1405 2310 pingui,
1450 2255 1629 2295 ramos
1666 2239 1815 2305 fecit,
1852 2239 2072 2301 nmltas,
2103 2240 2184 2291 in-

605 2348 793 2401 quam,
827 2343 878 2385 et
923 2333 1091 2386 bonas
1127 2334 1406 2388 doctrinas
1438 2347 1500 2385 ac
1551 2331 1830 2400 epistolas,
1886 2331 1936 2382 in
1987 2330 2184 2398 quibus

605 2423 991 2478 nidulabautur
1023 2441 1128 2478 non
1156 2427 1330 2478 solum
1365 2424 1418 2477 hi
1446 2423 1536 2492 qui
1563 2435 1690 2478 tunc
1719 2424 1976 2478 sublimes
2005 2433 2185 2478 mente

604 2523 651 2567 et
687 2515 980 2582 sapientia,
1028 2515 1102 2568 uti
1149 2514 1449 2577 Corinthii,
1496 2515 1821 2585 Dionysius,
1862 2515 2185 2571 llicrorhcus

600 2615 655 2658 et
722 2605 810 2660 alii
876 2607 1112 2676 plurimi,
1165 2609 1257 2662 sed
1303 2616 1355 2662 et
1404 2609 1495 2676 qui
1557 2607 2180 2676 reliquis-temporibus.

607 2698 789 2754 Potest
861 2717 955 2767 per
1004 2717 1231 2768 granum
1293 2701 1499 2770 sinapis
1556 2702 1777 2771 intelligi
1819 2711 1894 2756 eti
1926 2700 2186 2754 Dominus

605 2793 752 2861 ipse,
787 2794 909 2847 vilis
941 2794 1084 2848 enim
1115 2794 1419 2860 videbatur,
1453 2812 1482 2846 ιι
1505 2811 1574 2847 un
1607 2794 1744 2848 fabri
1781 2795 1944 2857 lilins,
1976 2806 2029 2846 et
2057 2811 2182 2863 pati-

606 2883 892 2949 perrimus.
921 2886 988 2936 At
1016 2885 1103 2937 tibi
1130 2884 1329 2938 cecidit
1372 2886 1422 2937 in
1453 2899 1548 2939 cor
1578 2896 1756 2950 terra},
1790 2902 1911 2938 cum
1941 2895 2185 2940 mortuus

603 2985 767 3038 esset,
813 2984 866 3028 et
904 2974 1148 3044 sepultus
1194 2976 1245 3028 in
1301 2976 1480 3040 horto,
1519 2991 1698 3030 ramos
1749 2978 2002 3046 pulchros
2055 2993 2176 3044 apo-

603 3066 776 3121 stolos
814 3066 963 3129 fecit,
1003 3068 1055 3120 iu
1105 3069 1300 3134 quibus
1348 3069 1632 3136 quiescunt
1677 3086 1866 3124 omnes
1915 3070 2004 3138 qui
2037 3071 2186 3140 prius

1454 383 2034 446 Tl-IEUPllYLAC'l'l
2079 374 2487 441 BULGARUE
2531 369 2884 431 ARCHIEP.

609 522 802 557 uerum
840 503 973 558 iliin
1007 521 1017 556 :
1057 501 1152 556 Cui
1205 498 1381 554 simile
1428 498 1622 551 faciam
1662 509 1882 565 regnum
1921 493 2047 546 Dei?
2096 491 2182 543 Si-

2291 483 2475 540 αὑτοῦ.
2514 480 2679 535 Πάλιν
2721 473 2863 531 εἷπε·
2896 471 3014 526 Τίνι
3044 465 3296 534 ὁμοιώσω
3322 465 3420 536 τὴν
3454 465 3735 533 βασιλείαν

3769 476 3796 508 τ
3802 475 3864 510 O‘J

2286 578 2461 640 Θεοῦ;
2503 573 2697 644 ὐμοία
2728 570 2844 624 ἐστι
2883 567 3052 636 ζύμῃ.
3082 564 3148 633 ἢν
3181 559 3422 614 λαϐοῦσα
3461 555 3602 626 γυνὴ
3629 552 3866 624 ἔκρυψεν

2286 676 2364 734 εἰς
2412 669 2642 738 ἀλεύρου
2679 665 2814 717 σατα
2849 660 3005 728 τρία,
3039 657 3145 716 ἓως
3185 646 3245 706 οῦ
3282 648 3544 738 ἐζυμώθη
3578 647 3720 701 ὅλον.
3756 644 3867 698 Καὶ

2283 760 2627 830 διεπορεύετο
2659 756 2795 810 κατὰ
2835 752 3018 812 πόλεις
3080 748 3173 800 καὶ
3205 743 3397 812 κώμας
3446 731 3738 799 δξδάσκων,
3771 736 3867 788 καὶ

2285 855 2511 925 πορείαν
2548 847 2872 915 ποιούμενος
2921 843 3000 903 εἰς
3039 834 3421 908 Ἰερουσαλήμ.
3471 850 3488 882 ι
3544 831 3747 896 Κόκκῳ
3785 843 3864 878 σι-

2285 919 2499 1004 νάπεως
2530 937 2871 1010 παραϐάλλει
2917 933 3016 1002 τὴν
3049 929 3322 1000 βασιλείαν
3362 923 3455 976 τοῦ
3507 921 3674 974 Θεοῦ·
3711 919 3865 1010 put:

2288 1039 2407 1092 λεία
2447 1037 2501 1089 δὲ
2531 1006 2665 1088 Θεοῦ
2699 1035 2725 1085 6
2753 1031 2908 1098 λόγος
2971 1027 3063 1080 καὶ
3096 1025 3156 1076 τὸ
3190 1023 3475 1091 κήρυγμα.
3511 1015 3611 1068 Διὰ
3637 1012 3749 1082 γὰρ
3772 1006 3864 1062 τοῦ

2285 1133 2642 1204 κηρύγματος
2683 1124 3036 1179 ἐϐασίλευσεν
3063 1120 3156 1173 ἐπὶ
3188 1117 3288 1177 τὰς
3314 1109 3628 1204 ψυχὰς-τῶν
3656 1103 3868 1174 ἀνθρὼ-

2285 1196 2424 1277 ea».
2447 1196 2670 1288 ignauap
2697 1217 2789 1272 οῦν
2819 1215 2879 1268 τὸ
2919 1213 3108 1282 σίνηπι
3141 1209 3291 1263 δοκεῖ
3336 1205 3432 1274 μὲν
3469 1196 3607 1254 εἶναι
3646 1198 3865 1295 μικρόν,

2284 1316 2486 1383 πολλὴν
2519 1314 2575 1366 δὲ
2609 1312 2708 1382 τὴν
2748 1307 2980 1376 δύναμιν
3008 1303 3123 1374 ἔχει
3144 1340 3158 1364 ,
3201 1298 3347 1352 οὕτω
3381 1296 3476 1348 κα)⁸
3507 1296 3534 1346 6
3573 1289 3733 1359 λόγος
3772 1289 3868 1383 τοῦ

2283 1380 2620 1475 Εὐαγγελίου
2666 1380 3097 1472 καταφρονεῖται
3146 1393 3246 1464 μὲν
3301 1391 3413 1451 τοῖς
3483 1384 3720 1446 πολλοῖς,

2282 1471 2429 1559 δοκεί
2453 1471 2648 1571 ’μωρια
2680 1494 2854 1561 εἶναι,
2890 1492 3074 1546 λαϐὼν
3122 1489 3177 1541 δὲ
3210 1483 3374 1539 αὑτὸν
3422 1479 3740 1571 ἅνθρωπος,
3775 1471 3869 1571 καὶ

2287 1595 2462 1666 βαλὼν
2502 1595 2582 1654 είς
2643 1591 2818 1659 κῆπον
2873 1583 3061 1647 αὑτοῦ,
3118 1581 3288 1651 ῆγουν
3338 1577 3404 1644 τῇ
3455 1569 3651 1625 ἑαυτοῦ
3697 1566 3867 1635 ψυχῇ,

2285 1662 2498 1757 δένδρον
2539 1685 2680 1755 μέγα
2716 1683 2878 1741 ποιεῖ,
2923 1677 3064 1730 ὥστε
3100 1672 3328 1730 κλάδους
3359 1663 3507 1732 αύτῷ
3543 1662 3868 1757 προσεῖναι,

2287 1785 2380 1836 καὶ
2423 1782 2492 1834 τὰ
2528 1776 2747 1831 πετεινὰ
2799 1773 2892 1827 τοῦ
2942 1765 3207 1840 ούρανοῦ,
3275 1763 3412 1828 ὅπερ
3464 1757 3580 1808 ἔστι
3621 1755 3749 1816 τσὺς
3802 1748 3871 1801 τὰ

2217 1844 2258 1897 Β
2290 1875 2468 1945 ὑψηλὰ
2498 1872 2750 1931 θέλοντας
2796 1863 3053 1918 πέτεσθαι
3097 1854 3442 1927 ἀνθρώποις,
3481 1841 3871 1914 κατασκηνοῦν

2290 1973 2348 2023 ὲν
2376 1968 2585 2027 τούτοις
2621 1965 2733 2024 τοῖς
2781 1958 3014 2015 κλάδοις.
3060 1953 3124 2004 Οἱ
3172 1948 3281 2018 γὰρ
3309 1946 3418 2000 τῶν
3459 1943 3667 2012 γηΐνων
3699 1940 3872 2004 ὑπερ-

2288 2063 2553 2129 κείμενοι,
2593 2059 2649 2108 ὲν
2676 2055 2787 2115 τοῖς
2822 2049 3037 2109 κλάδοις
3074 2042 3168 2096 τοῦ
3196 2039 3577 2110 κηρύγματος,
3614 2033 3734 2101 ἦτοι
3763 2030 3874 2090 τοῖς

2287 2152 2634 2224 ήπλωμένοις
2682 2147 2946 2216 νοήμασιν
2985 2139 3392 2194 ἀναπαύονται·
3456 2123 3569 2182 οἷόν
3619 2125 3671 2177 τί
3706 2139 3870 2190 φημι,

2289 2250 2487 2302 κόκκον
2527 2242 2720 2297 ἔλαϐεν
2758 2242 2784 2292 6
2817 2236 3045 2296 Παῦλος,
3081 2233 3180 2301 τὴν
3233 2224 3436 2300 μικρὰν
3481 2219 3578 2274 τοῦ
3620 2215 3871 2271 Ἀνανίου

2290 2342 2620 2409 κατήχησινο
2650 2333 2784 2388 ἀλλὰ
2816 2328 3091 2400 φυτεύσας
3115 2322 3304 2376 τοῦτον
3344 2319 3434 2370 τὸν
3466 2314 3670 2366 κόκκον
3701 2311 3767 2414 ἐν

2290 2436 2434 2486 πίονι
2488 2428 2653 2484 αὐτοῦ
2707 2427 2892 2495 κήπῳ,
2928 2421 3157 2479 κλάδους
3206 2416 3454 2480 ἐποίησε,
3487 2407 3589 2468 τὰς
3645 2403 3875 2508 πολλὰς,

2289 2528 2453 2597 φημὶ.
2489 2525 2581 2577 καὶ
2617 2519 2786 2580 καλὰς
2816 2510 3189 2572 διδασκαλίας,
3227 2507 3321 2558 καὶ
3359 2498 3673 2559 ἐπιστολὰς,
3707 2497 3765 2547 ὲν
3789 2497 3879 2554 αἷς

2289 2588 2656 2686 κατεσκήνουν
2687 2612 2746 2665 ού
2774 2609 2934 2680 μόνον
2971 2606 3019 2658 οἱ
3047 2603 3167 2655 τότε
3201 2595 3396 2669 ὑψηλοὶ
3419 2595 3511 2646 καὶ
3547 2588 3704 2656 σοφοὶ
3737 2588 3880 2639 κατὰ

2290 2711 2413 2762 νοῦν
2438 2677 2532 2760 καί
2562 2705 2772 2770 σοφίαν,
2793 2696 2896 2752 οἷοι
2928 2701 2974 2749 οἱ
3001 2691 3298 2764 Κορίνθιοι,
3321 2688 3348 2740 ὁ
3373 2683 3672 2742 Διονύσιος,
3706 2680 3735 2731 6
3781 2677 3879 2729 Ἰε-

2293 2798 2477 2867 ρόθεος
2503 2794 2597 2847 καὶ
2618 2792 2768 2846 ἄλλοι
2797 2789 3058 2848 πλεῖστοι,
3087 2781 3223 2836 ἀλλὰ
3261 2778 3356 2832 καὶ
3373 2779 3420 2829 οἱ
3456 2773 3572 2827 καθ’
3610 2770 3883 2829 ἑκάστους

2291 2888 2535 2958 καιρούς.
2559 2887 2793 2938 Δύναται
2825 2883 3024 2942 κόκκος
3057 2876 3329 2935 σινάπεως
3366 2869 3628 2938 νοηθῆναι
3655 2866 3751 2917 καὶ
3784 2863 3886 2915 αῦ-

2289 2956 2396 3045 τὸς-
2419 2984 2445 3033 6
2472 2979 2705 3048 Κύριος,
2749 2973 2972 3042 εὐτελὴς
3015 2970 3111 3039 μὲν
3142 2968 3200 3019 τὸ
3235 2964 3585 3034 φαινόμενον·
3624 2956 3886 3016 τέκτονος

2290 3076 2397 3144 γὰρ
2423 3074 2556 3136 υἱὸς,
2587 3072 2680 3125 καὶ
2705 3068 3030 3126 πενέστατος
3049 3081 3061 3094 ·
3086 3059 3268 3114 πεσὼν
3297 3057 3352 3109 δὲ
3376 3059 3431 3108 έν
3462 3057 3530 3124 τῇ
3561 3051 3756 3121 καρδία
3779 3049 3883 3115 τῆς

605 3158 950 3225 agitabantur
981 3169 1035 3211 et
1067 3159 1404 3213 chabautur
1438 3176 1465 3212 a
1492 3161 1686 3229 Spiritu
1721 3162 1925 3216 erratis
1949 3204 1962 3228 ,
1996 3178 2183 3231 nempe

2291 3165 2394 3231 γῆς
2422 3162 2508 3215 διὰ
2549 3159 2641 3212 τοῦ
2685 3154 3062 3226 νεκρωθῆναι,
3099 3150 3193 3202 καὶ
3221 3152 3277 3202 έν
3323 3147 3402 3226 τῷ
3443 3147 3607 3213 κήπῳ
3647 3137 3882 3243 ταφεὶὶ,

603 3248 876 3320 gentiles;
919 3251 1008 3317 qui
1055 3253 1515 3319 comparabantur
1577 3252 1919 3317 volatilibus,
1969 3265 2187 3323 propter

607 3351 845 3395 mentem
895 3342 1056 3396 facile
1124 3343 1414 3406 mobilem,
1474 3355 1529 3398 et
1576 3344 1812 3399 illusioui
1873 3348 2188 3412 obnoxiam,

603 3449 918 3504 itiaganue
959 3435 1215 3489 levitatis.
1269 3436 1435 3490 Tales
1489 3439 1630 3490 enim
1674 3451 1798 3491 sunt
1855 3454 2048 3493 omnes
2097 3442 2186 3509 qui

601 3533 815 3587 errant,
861 3525 1162 3581 volatilibus
1209 3527 1500 3598 cmii,\hoc
1548 3539 1632 3583 eat
1668 3531 1830 3589 aeris.
1879 3509 2183 3587 aSsimilati.

607 3617 804 3672 Iterum
840 3610 1173 3672 assimilatur
1221 3620 1490 3674 lermcuto
1527 3622 1742 3675 divinus
1788 3639 1992 3686 sermo,
2041 3626 2184 3693 quod

603 3721 874 3778 sumptum
915 3712 1128 3777 mulier,
1174 3713 1276 3766 hoc
1315 3722 1398 3767 est
1466 3715 1702 3767 humana
1741 3727 1955 3780 natura,
2005 3718 2188 3770 occul-

605 3803 737 3858 tavit
772 3804 823 3857 in
857 3804 1046 3859 farina:
1077 3806 1348 3869 sata'tria,
1393 3807 1491 3859 hoc
1518 3817 1622 3870 est,
1659 3809 1711 3860 in
1761 3824 1980 3876 corpus,
2029 3811 2188 3879 spiri-

609 3909 743 3959 tum,
782 3905 835 3948 et
866 3896 1139 3960 animam,
1189 3897 1258 3948 ita
1313 3907 1370 3950 ut
1424 3898 1512 3950 illa
1559 3899 1996 3963 sanctiliceutur,
2047 3903 2190 3954 sicut

605 3989 737 4043 dicit
772 3989 959 4043 beatus
1020 3989 1253 4054 Paulus,
1321 3990 1521 4060 ﬁatque
1569 4008 1671 4045 una
1738 3995 2188 4060 coartemperatio

604 4080 984 4134 comnunione
1034 4098 1154 4135 cum
1207 4080 1411 4152 Spiritu
1451 4094 1661 4137 sancto.
1728 4082 1969 4152 lutellige
2005 4096 2186 4139 autem

604 4189 701 4243 per
757 4175 1034 4228 mulierem
1088 4177 1324 4230 animam
1359 4196 1370 4230 :
1409 4189 1524 4230 Sata
1560 4195 1691 4232 vero
1730 4180 1832 4232 tria
1860 4188 1971 4232 tres
2004 4190 2188 4245 partes

606 4267 745 4334 ejus,
799 4265 1141 4328 rationalem,
1192 4268 1696 4334 concupiscibilem,
1732 4278 1786 4321 et
1830 4268 2183 4323 irascibilem.

606 4356 660 4411 Si
693 4358 815 4426 quis
847 4356 1012 4426 igitur
1040 4358 1091 4411 in
1125 4358 1298 4412 tribas
1338 4358 1442 4412 illis
1476 4360 1722 4426 partibus
1754 4377 2060 4415 sermonem
2093 4361 2184 4416 Dei

603 4452 929 4510 occultat-it,
966 4452 1127 4505 lacict
1184 4452 1328 4504 illam
1384 4462 1550 4507 totam
1596 4455 1968 4522 spiritnalem,
2010 4456 2081 4509 ita
2131 4465 2187 4509 ut

608 4541 890 4595 rationalis
919 4558 1022 4596 non
1055 4543 1265 4596 labatur
1294 4543 1344 4596 in
1374 4545 1666 4607 doctrinis,
1696 4561 1869 4614 neque
1897 4548 2186 4601 irascibilis

601 4645 656 4688 et
684 4649 730 4688 Cl
755 4635 1126 4702 ncupiseibilis
1172 4637 1376 4701 absque
1412 4635 1620 4688 ratione
1655 4634 1920 4699 ferantur,
1955 4640 2044 4691 sed
2079 4639 2185 4692 l'er-

609 4736 914 4779 ltiClllt'lllUf
945 4737 999 4781 et
1031 4726 1402 4780 assimilentur
1428 4730 1665 4781 sermoni
1696 4728 1808 4783 Dei.
1838 4729 2183 4785 Perambula-

606 4821 695 4872 bat
721 4836 846 4873 vero
873 4817 1029 4873 Jesus
1056 4836 1151 4889 per
1179 4836 1342 4891 pagos
1375 4827 1428 4875 et
1460 4821 1708 4876 civitates
1732 4823 1959 4877 docens.
1998 4824 2182 4892 Neque

605 4913 676 4965 ita
693 4911 742 4965 in
771 4927 933 4979 parva
955 4913 1097 4964 venit
1117 4913 1309 4979 oppida
1333 4922 1382 4965 et
1405 4928 1590 4981 pagos,
1614 4921 1669 4965 ut
1695 4929 1914 4979 magnas
1937 4915 2183 4970 civitates

606 5006 901 5075 negligeret
934 5022 946 5056 :
987 5005 1037 5058 id
1077 5007 1219 5074 quod
1246 5006 1454 5059 faciunt
1487 5008 1577 5075 qui
1613 5006 1800 5060 volunt
1829 5007 2185 5074 simpliciores

605 5096 876 5165 decipere,
899 5113 1073 5165 neque
1097 5099 1167 5150 ita
1199 5100 1343 5150 venit
1371 5099 1421 5150 iu
1441 5100 1710 5164 civitates,
1730 5098 1898 5169 389
1919 5109 1976 5152 ut
2003 5110 2181 5153 Osten-

606 5198 757 5241 tator
790 5203 834 5241 et
878 5191 1145 5256 gloriosus
1183 5203 1377 5255 parvas
1436 5190 1706 5259 negligens
1753 5208 1766 5243 :
1804 5192 1897 5244 scd
1941 5202 2000 5244 ut
2033 5208 2182 5245 com-

607 5280 785 5332 munis
819 5279 1095 5343 Dominus,
1131 5280 1237 5332 imo
1287 5291 1342 5331 ιιι
1379 5293 1532 5348 pater
1589 5283 1676 5349 qui
1705 5283 1948 5336 omnium
1995 5298 2182 5335 curam

607 5376 739 5442 agit,
778 5372 973 5438 ubique
1009 5375 1224 5426 circuit.
1260 5371 1514 5441 Nunquid
1543 5383 1722 5426 autem
1758 5374 1831 5425 ita
1869 5374 2061 5427 transit
2093 5389 2186 5440 per

607 5476 864 5518 externas
902 5465 1170 5529 civitates,
1203 5467 1253 5520 iu
1287 5467 1483 5535 quibus
1513 5483 1616 5520 nou
1649 5475 1726 5519 tot
1759 5478 1915 5520 erant
1948 5468 2185 5535 legispc-

608 5557 740 5610 riti:
793 5573 821 5609 a
859 5555 1160 5613 Jerusalem
1199 5570 1380 5614 autem
1432 5561 1599 5630 fugit,
1649 5569 1834 5629 utpote
1887 5561 2186 5616 formidans

611 5648 929 5716 reprehendi
974 5667 1001 5702 a
1049 5650 1398 5721 legisperitis,
1437 5654 1519 5706 vel
1560 5655 1846 5724 suspicans
1885 5670 1950 5709 ne
1996 5654 2062 5708 ab
2107 5656 2186 5711 eis

683 5823 866 5878 "Act.
908 5840 977 5891 ix,
1021 5825 1104 5890 ll,
1146 5826 1224 5878 l2.

2294 3255 2517 3315 κλάδους
2565 3250 2799 3322 ὡραίους
2868 3247 2992 3307 τοὺς
3053 3239 3386 3300 ἀποστόλους
3441 3233 3724 3301 εποίησεν,
3795 3221 3882 3291 οἷς

2291 3345 2736 3403 ὲπαναπαύονται
2796 3342 2996 3400 πάντες
3070 3336 3119 3388 οἱ
3197 3330 3391 3401 πρώην
3449 3322 3886 3397 περιφερόμενα

2293 3441 2456 3495 παντὶ
2491 3437 2764 3504 πνεύματι
2798 3436 2896 3503 τῆς
2937 3430 3165 3499 πλάνης,
3214 3423 3326 3478 οἷον
3359 3422 3408 3474 οἱ
3457 3419 3517 3484 ἐξ
3565 3415 3737 3470 ἐθνῶν
3783 3430 3887 3466 πι-

2289 3534 2484 3594 τεινοῖς
2523 3525 3001 3598 παραϐαλλόμενοι
3031 3520 3118 3573 διὰ
3165 3516 3227 3568 τὸ
3266 3511 3360 3566 τοῦ
3400 3505 3667 3578 λογισμοῦ
3720 3505 3891 3557 εὐπε-

2296 3626 2570 3696 ριάγωγον
2603 3622 2696 3674 καὶ
2730 3615 3156 3684 εύεξαπάτητον,
3188 3607 3282 3662 καὶ
3313 3605 3515 3673 πολλῆς
3550 3603 3724 3670 γέμον
3753 3615 3889 3652 atou-

2294 3721 2548 3788 φότητος.
2583 3712 2829 3768 Τοιοῦτοι
2855 3710 2962 3778 γὰρ
2988 3707 3184 3765 πάντες
3217 3704 3265 3756 οί
3293 3698 3660 3768 πλανώμενοι,
3693 3710 3888 3746 πετει-

2292 3815 2402 3873 νοῖς
2439 3808 2530 3861 τοῦ
2566 3804 2820 3877 ούρανοῦ,
2853 3801 3105 3854 τουτέστι
3135 3796 3229 3850 τοῦ
3276 3794 3436 3864 ἀέρος
3467 3789 3731 3849 ἐοικότες.
3765 3786 3889 3839 Πά-

2292 3905 2373 3956 λιν
2417 3903 2561 3954 έοικε
2614 3899 2759 3967 ζύμῃ
2811 3897 2838 3948 6
2871 3895 3014 3957 θεῖος
3063 3891 3243 3959 λόγος,
3292 3888 3358 3958 ἦν
3400 3883 3643 3938 λαϐοῦσα
3696 3880 3868 3949 γυνὴ,

2291 3993 2571 4046 τουτέστιν
2632 3989 2665 4057 ἡ
2695 3983 3007 4054 ἀνθρωπεία
3039 3980 3223 4048 φύσις,
3261 3972 3496 4045 ἔκρυψεν
3528 3972 3610 4032 είς
3643 3967 3886 4038 ἀλεύρου

2293 4085 2433 4136 σατα
2471 4081 2629 4150 τρία,
2678 4078 2956 4131 τουτέστιν
3005 4077 3083 4136 εἰς
3137 4071 3333 4141 σῶμα,
3383 4068 3587 4140 ψυχὴν,
3636 4064 3886 4134 πνεῦμα,

2290 4175 2431 4227 ὥστε
2483 4169 2811 4238 ἁγιασθῆναι
2857 4163 3066 4225 ταῦτα,
3098 4159 3242 4215 καθᾶ
3285 4173 3451 4228 φησιν
3515 4157 3544 4206 6
3604 4154 3888 4223 μακάριος

2291 4267 2524 4330 Παῦλος,
2559 4264 2650 4317 καὶ
2694 4259 2946 4329 γενέσθαι
2981 4256 3038 4309 ἓν
3071 4256 3300 4324 φύραμα
3347 4253 3414 4321 τῇ
3444 4248 3582 4318 πρὸς
3626 4247 3687 4297 τὸ
3719 4247 3888 4312 ἅγιον

2291 4357 2514 4426 Πνεῦμα
2548 4352 2822 4422 κοινωνίᾳ.
2848 4349 3090 4418 Νοήσαις
3121 4347 3166 4399 δ’
3197 4344 3262 4396 ἂν
3285 4343 3523 4410 γυναῖκα
3551 4337 3650 4408 τὴν
3673 4334 3882 4407 ψυχὴν,

2293 4451 2431 4503 σάτα
2460 4449 2516 4500 δὲ
2575 4447 2704 4517 τρία
2737 4445 2797 4498 τὸ
2832 4441 3092 4513 τριμερὲς
3118 4437 3309 4506 αὐτῆς,
3345 4433 3584 4502 λογικὸν,
3619 4429 3884 4497 θυμικὸν.

2220 4529 2261 4584 θ
2293 4546 2385 4598 καὶ
2416 4540 2834 4612 ἐπιθυμητικόν.
2867 4536 2929 4589 Εἰ
2963 4534 3056 4588 οῦν
3086 4550 3168 4596 τις
3209 4533 3267 4584 ἐν
3307 4527 3387 4598 τῷ
3415 4525 3673 4597 τριμερεῖ
3699 4523 3885 4592 τούτῳ

2293 4635 2638 4706 κατακρύψει
2673 4633 2763 4686 τὸν
2797 4631 2953 4700 λόγον
2988 4628 3081 4681 τοῦ
3115 4623 3274 4685 Θεοῦ,
3316 4622 3533 4688 ποιήσει
3565 4618 3686 4671 ὅλον
3717 4615 3887 4669 τοῦτο

2295 4729 2685 4799 πνευματικὸν,
2717 4726 2857 4777 ὥστε
2898 4723 3036 4792 μήτε
3080 4719 3141 4772 τὸ
3166 4713 3480 4784 λογιστικὸν
3505 4715 3565 4765 ὲν
3611 4713 3721 4772 τοῖς
3751 4710 3886 4778 δὸγ.

2293 4842 2426 4895 μασι
2450 4818 2798 4890 σφάλλεσθαι,
2829 4819 2962 4886 μήτε
2988 4813 3158 4882 θυμὸν
3179 4812 3269 4864 καὶ
3291 4809 3592 4877 ἐπιθυμίαν
3617 4805 3884 4873 ἁλόγιστα

2290 4915 2580 4986 φέρεσθαι,
2619 4911 2753 4963 ἀλλὰ
2805 4908 3161 4978 ζυμωθῆναι,
3219 4906 3312 4959 καὶ
3361 4902 3759 4973 ἐξομοιωθῆναι
3801 4899 3882 4970 τῷ

2291 5012 2432 5077 λόγῳ
2463 5006 2556 5059 τοῦ
2591 5002 2749 5057 Θεοῦ.
2791 4999 3152 5070 Διεπορεύετο
3181 4999 3237 5051 δὲ
3271 4999 3300 5049 ὁ
3341 4995 3550 5067 Ἰησοῦς
3596 4996 3737 5048 κατα
3778 4994 3883 5047 πό-

2293 5101 2404 5162 λεις
2457 5098 2548 5151 καὶ
2573 5096 2765 5165 κώμας
2795 5093 3080 5146 διδάσκων·
3110 5090 3233 5144 οὔτε
3261 5090 3371 5161 γὰρ
3397 5088 3507 5140 τῶν
3533 5087 3751 5157 μικρῶν
3777 5086 3879 5155 μὲν

2293 5191 2599 5250 ἐπέϐαινεν,
2655 5181 2764 5240 οἷαι
2811 5188 2866 5240 αἱ
2905 5187 3118 5254 κῶμαι,
3157 5183 3264 5236 τῶν
3314 5182 3370 5235 δὲ
3407 5181 3616 5235 πόλεων
3647 5178 3876 5248 ἠμέλει.

2282 5289 2419 5347 ὅπερ
2463 5282 2704 5336 ποιοῦσιν
2752 5283 2799 5333 oi
2829 5282 2953 5342 τοῦς
2985 5277 3381 5347 ἁξξελεστέρους
3428 5274 3710 5343 ὲξαπατᾷν
3754 5271 3879 5341 βον-

2284 5379 2522 5448 λόμενοι,
2554 5374 2677 5427 οὕτε
2699 5374 2805 5426 τῶν
2826 5373 3032 5425 πόλεων
3056 5370 3351 5424 ἐπιϐαίνων
3370 5368 3446 5430 ὡς
3495 5366 3878 5435 φιλενδείκτης

2287 5472 2380 5525 καὶ
2406 5469 2558 5539 φίλος
2586 5467 2766 5534 δόξης,
2800 5465 2910 5518 τῶν
2948 5463 3162 5534 μικρῶν
3201 5463 3416 5532 ἠμέλει,
3442 5460 3557 5516 ἀλλ’
3585 5460 3660 5521 ὼς
3700 5458 3876 5519 κοινὸς

2282 5563 2578 5630 δεσπότης,
2637 5557 2836 5627 μᾶλλον
2881 5557 2938 5609 δὲ
2990 5554 3170 5625 πατὴρ
3206 5556 3424 5608 πάντων
3473 5551 3874 5626 προνοούμενος

2288 5653 2564 5723 πανταχοῦ
2623 5651 2858 5724 περιῄει.
2903 5645 3031 5719 Ἆρ’
3085 5644 3178 5702 οῦν
3230 5645 3326 5709 τὰς
3383 5647 3484 5718 μὶν
3525 5645 3630 5711 ἔξω
3691 5653 3874 5716 πελεις
