4110 6332
247 408 348 472 921

932 391 1386 459 ENABRATIO
1421 385 1500 449 IN
1543 378 2055 448 EVANGELIUM
2091 374 2330 438 LUCIE.
2395 399 2463 409 —
2494 373 2660 433 CAP.
2704 367 2882 430 Xlll.

3411 333 3414 336 ’
3467 354 3581 422 922

250 519 606 589 περιήρχετο,
648 516 706 567 ἐν
756 507 844 573 αἷς
896 509 954 560 ού
1006 504 1255 558 τοσοῦτοι
1306 499 1448 571 ἦσαν
1499 492 1862 566 νομομαθεῖς,

1987 490 2295 544 )ccidatur?
2330 484 2446 539 Non
2483 494 2566 538 est
2598 485 2700 537 hoc
2741 479 3058 542 dicendum,
3104 475 3198 532 sed
3246 483 3302 530 et
3334 474 3457 535 iter.
3493 475 3581 526 in-

2051 583 2060 589 .
2177 581 2196 589 -
2265 582 2274 589 .
2423 581 2432 589 .
2527 576 2586 589 ιι·
2763 574 2773 589 ι
2935 587 2959 589 ν.
3044 571 3145 589 I1I.!
3199 569 3334 589 -_-!__.
3394 567 3581 589 -Ιη-,ηι

248 587 352 683 τὴν
383 587 438 665 δε
481 604 838 681 Ἰερουσαλὴμ
868 601 1272 671 ἀπεδίδρασκεν
1293 636 1307 660 ,
1358 594 1456 648 ἀτε
1515 589 1704 652 δεδιὼς
1735 587 1862 648 τοὺς

252 680 412 775 παρά
444 680 561 756 τῶν
592 693 920 770 νομομαθῶν
976 693 1268 761 ἐλέγχους,
1316 689 1350 759 ἢ
1399 685 1489 739 τὸν
1532 685 1597 736 ἐκ
1651 680 1862 734 τούτων

1971 583 2122 654 quit,
2174 581 2381 634 faciens
2423 581 2474 632 in
2525 574 2988 645 Hierosolymam.
3044 571 3146 627 Ubi
3192 569 3338 624 enim
3394 567 3582 636 plures

1973 684 2266 747 aegrotant,
2307 689 2373 728 eo
2405 673 2584 741 magis
2617 669 2845 723 festinat
2882 664 3149 719 medicus.

254 801 488 856 θάνατον
527 794 918 868 ὐφορώμενος;
973 791 1088 844 Οὐκ
1146 786 1295 840 ἐστιν
1347 783 1545 846 εἰπεῖν,
1591 778 1731 833 ἀλλὰ
1797 776 1895 829 καὶ
1935 773 2201 845 πορείαν,
2240 772 2413 843 φησὶ,
2473 768 2804 841 ποιούμενος
2851 765 2934 828 εἰς
3009 760 3407 832 Ἰερουσαλήμ·
3453 755 3585 811 ἔνθα

253 893 371 965 γὰρ
408 892 624 952 πλείους
659 889 706 942 οἱ
737 886 1043 948 νοσοῦντες,
1076 882 1258 936 ἐκεῖσε
1299 877 1503 949 μᾶλλον
1558 872 1857 934 εἰσωθείτῳ
1899 871 1926 924 6
1964 869 2172 937 ἰατρός.

341 1011 359 1042 ι
413 985 548 1042 Eius
588 987 643 1041 δέ
679 1002 761 1049 τις
799 981 947 1052 αὐτῷ
974 997 991 1014 ο
1027 979 1225 1049 Κύριε,
1252 980 1298 1030 εἰ
1330 974 1576 1044 ὀλίγοιοί
1611 970 1860 1040 σωζόμε-

258 1100 372 1148 vet;
407 1083 467 1136 '0
485 1082 542 1136 δὲ
573 1075 692 1136 εἷπε
717 1077 853 1149 πρὸς
870 1073 1089 1138 αύτούς·
1111 1068 1470 1140 Ἀγωνίζεσθε
1491 1065 1752 1120 εἰσελθεῖν
1773 1061 1863 1115 διὰ

257 1178 365 1245 τῆς
390 1177 580 1245 στενῆς
605 1173 802 1242 πύλης,
830 1171 910 1223 ὅτι
939 1168 1147 1229 πολλοὶ,
1175 1167 1318 1232 λέγω
1346 1163 1495 1232 ὑμῖν,
1531 1160 1862 1231 ζητήσουσιν

260 1265 549 1329 εἰσελθεῖν,
582 1263 679 1318 καὶ
700 1262 800 1315 οὐκ
827 1258 1159 1330 ἰσχύσουσιν.
1190 1254 1311 1322 Ἀφ’
1342 1248 1404 1308 οὗ
1436 1251 1481 1305 δ’
1506 1249 1709 1320 ἐγερθῇ
1730 1249 1758 1300 6
1783 1247 1863 1300 οἰ-

263 1361 598 1429 κοδεσπότης
620 1399 634 1422 ,
672 1357 764 1409 καὶ
799 1351 1100 1421 ἀποκλείσῃ
1128 1350 1228 1418 τὴν
1258 1346 1431 1417 θύραν
1449 1385 1464 1410 ,
1501 1343 1595 1398 καὶ
1622 1340 1864 1412 ἄρξησθε

261 1455 371 1520 ἔξω
402 1453 643 1515 ἑστάναι,
671 1449 764 1502 καὶ
794 1444 1012 1516 κρούειν
1040 1445 1140 1513 τὴν
1181 1439 1378 1509 θύραν,
1422 1436 1677 1505 λέγοντες
1704 1450 1716 1462 ·
1748 1431 1865 1485 Κύ-

264 1565 376 1618 ριε,
405 1545 598 1615 Κύριε,
632 1541 840 1605 ἀνοιξο)
881 1539 1030 1607 ἡμῖν·
1069 1537 1165 1588 καὶ
1194 1532 1518 1602 ἀποκριθετς
1555 1531 1672 1600 ὲρεῖ
1702 1528 1862 1598 ὑμῖν,

265 1640 384 1693 Οὐκ
414 1634 530 1690 οἶδα
557 1637 700 1706 ὑμᾶς
747 1632 913 1685 πόθεν
963 1629 1089 1683 ἐστὲ
1127 1644 1142 1658 ·
1170 1627 1290 1679 τότε
1355 1623 1589 1696 ἄρξεσθε
1642 1622 1824 1688 λέγειν
1847 1632 1862 1649 ⁸

275 1730 590 1800 Ἐφάγομεν
649 1725 877 1779 ἐνώπιόν
929 1740 1044 1786 σου,
1079 1721 1175 1772 καὶ
1199 1720 1449 1787 ἐπίομεν,
1494 1718 1588 1769 καὶ
1620 1715 1678 1766 ἐν
1745 1713 1866 1775 ταῖς

263 1824 553 1885 πλατείαις
604 1819 762 1889 ήμῶν
818 1815 1081 1880 ἐδίδαξας.
1106 1813 1212 1866 Καὶ
1246 1812 1381 1881 ἐρεῖ,
1407 1808 1566 1876 Λέγω
1598 1807 1747 1877 ὑμῖν,
1768 1805 1868 1858 οὐκ

2053 965 2213 1020 Vnus.
2245 962 2439 1018 25-30.
2491 980 2508 1011 ι
2540 957 2629 1014 Ait
2682 966 2868 1012 autem
2922 953 2996 1008 illi
3024 952 3243 1022 quidam
3274 966 3288 1004 :
3333 947 3582 1011 Domino,

1973 1077 2040 1116 an
2071 1060 2227 1131 pauci
2284 1067 2410 1112 sunt
2439 1055 2532 1122 qui
2588 1053 2825 1108 salutem
2866 1043 3399 1118 consequuturHlle
3453 1055 3585 1096 vero

1973 1155 2114 1211 dixit
2141 1155 2207 1208 ad
2234 1152 2353 1208 illos
2380 1169 2394 1204 :
2426 1147 2754 1204 Coutendite
2787 1146 2996 1199 intrare
3023 1157 3118 1212 per
3135 1147 3424 1208 angustam
3453 1150 3584 1204 por-

1974 1255 2108 1314 tam,
2154 1247 2282 1317 quia
2331 1243 2511 1311 multi,
2565 1242 2687 1297 dico
2750 1238 2930 1304 vobis,
2964 1243 3221 1306 quaerent
3277 1233 3589 1295 intrare,“

1972 1359 2078 1399 non
2114 1351 2388 1412 pou-runt.
2427 1337 2562 1394 Cum
2597 1343 2781 1390 autem
2817 1339 3176 1402 experrectus
3200 1328 3369 1383 fuerit
3395 1337 3583 1395 pater-

1969 1437 2228 1499 familias,
2249 1444 2304 1490 et
2333 1431 2594 1488 clauserit
2617 1429 2843 1491 ostium,
2871 1439 2928 1481 et
2947 1421 3226 1494 ceperitis
3257 1417 3392 1474 foris
3413 1427 3586 1482 stare,

1970 1543 2026 1588 et
2060 1530 2274 1601 pulsare
2293 1527 2520 1588 ostium,
2549 1524 2791 1578 dicentes
2823 1539 2836 1575 :
2872 1518 3129 1579 Domine,
3150 1513 3402 1575 Domine,
3433 1508 3584 1581 apell

1974 1626 2130 1681 nobis
2169 1641 2182 1677 :
2215 1635 2268 1676 et
2302 1617 2646 1689 respondens
2671 1614 2818 1669 dicet.
2861 1610 3016 1666 vobis
3043 1627 3056 1664 :
3084 1606 3282 1663 Nescio
3318 1619 3419 1659 vos
3442 1603 3586 1657 unde

1972 1718 2096 1775 sitis
2132 1735 2144 1772 :
2191 1725 2320 1770 tunc
2375 1709 2649 1780 iucipietis
2688 1710 2805 1762 dice
2821 1721 2879 1760 re
2911 1722 2926 1758 :
2961 1703 3187 1757 Edimus
3214 1713 3399 1754 coram
3431 1704 3504 1760 te,
3534 1703 3590 1748 et

1975 1814 2234 1876 bibimus,
2254 1819 2308 1865 et
2333 1810 2384 1862 in
2419 1805 2611 1878 plateis
2642 1801 2847 1857 nostris
2871 1796 3127 1854 docuisti.
3161 1793 3225 1848 Et
3247 1791 3392 1848 dicet
3414 1806 3429 1844 :
3451 1789 3585 1844 Dico

259 1912 384 1969 οἰδα
413 1916 556 1985 ὑμᾶς
609 1912 774 1965 πόθεν
802 1911 946 1973 ἐστὲ,
981 1907 1260 1976 ἀπόστητε
1289 1905 1382 1958 ἀπ’
1411 1901 1545 1973 ἐμοῦ
1582 1902 1785 1962 πάντες
1813 1898 1865 1951 οἰ

1987 1907 2149 1970 vobis,
2177 1902 2359 1958 nescio
2397 1914 2496 1955 vos
2522 1898 2666 1951 unde
2698 1893 2839 1950 sitis.
2878 1888 3153 1945 Discedite
3177 1904 3205 1941 a
3246 1900 3355 1952 me,
3391 1897 3590 1939 omnes

261 2012 500 2083 ἐργάται
543 2007 642 2076 τῆς
681 2005 920 2066 ἀδικίας.
950 2002 1102 2055 Ἐκεῖ
1132 2001 1283 2052 ἔσται
1318 2000 1344 2050 6
1373 1991 1675 2066 κλαυθμὸς,
1712 1993 1807 2046 καὶ
1834 1993 1862 2045 6

264 2102 516 2174 βρυγμὸς
566 2101 673 2154 τῶν
702 2099 933 2152 ὀδόντων
969 2115 980 2129 ·
1013 2097 1142 2150 ὅταν
1190 2092 1399 2163 ὄψησθε
1460 2089 1736 2160 Ἀϐραὰμ,
1771 2087 1868 2141 καὶ

260 2197 474 2256 Ἰσαὰκ,
509 2196 603 2247 καὶ
651 2190 872 2255 Ἰακὼϐ,
905 2190 1002 2244 καὶ
1043 2189 1255 2249 πάντας
1311 2186 1438 2248 τοὺς
1467 2183 1756 2254 προφήτας
1809 2183 1868 2233 ὲν

260 2291 334 2360 τῇ
363 2286 613 2357 βασιλεία
642 2284 737 2338 τοῦ
767 2282 926 2346 Θεοῦ,
964 2282 1110 2352 ὑμᾶς
1139 2280 1195 2333 δὲ
1226 2276 1666 2347 ἐκϐαλλομένους
1717 2271 1824 2338 ἔξω
1853 2289 1865 2304 ⁸

263 2384 366 2435 καὶ
404 2377 628 2450 ἥξουσιν
672 2377 780 2430 ἀπὸ
840 2374 1146 2429 ’Δνατολῶν
1181 2373 1276 2426 καὶ
1323 2370 1580 2440 Δυσμῶν,
1629 2369 1724 2422 καὶ
1762 2367 1871 2420 ἀπὸ

265 2475 456 2544 Βορῤᾶ
485 2474 581 2525 καί
602 2471 798 2532 Νότου,
836 2469 934 2522 καὶ
960 2466 1420 2537 ἀνακλιθήσονται
1448 2465 1505 2516 ὲν
1525 2465 1590 2532 τῇ
1623 2460 1872 2533 βασιλείᾳ

261 2566 362 2621 τοῦ
394 2565 551 2620 Θεοῦ.
597 2566 709 2616 Καὶ
766 2562 874 2616 ἰδοὺ
921 2563 1057 2614 εἰσὶν
1120 2560 1339 2629 ἔσχατοι
1386 2557 1436 2610 οῖ
1473 2555 1687 2609 ἔσονται
1724 2555 1874 2625 πρῶ-

263 2674 373 2721 τοι,
409 2655 500 2708 καί
533 2656 638 2708 εἰσι
673 2654 879 2726 πρῶτοι
911 2653 959 2706 οἳ
993 2653 1207 2706 ἔσονται
1239 2650 1477 2722 ἔσχατοι.
1519 2669 1537 2701 ι
1594 2648 1795 2716 ὐλίγοι
1824 2648 1872 2700 oi

272 2749 577 2818 σωζόμενοι
611 2748 698 2802 διὰ
731 2748 793 2800 τὸ
833 2747 907 2817 μὴ
934 2747 1202 2816 ἐγχωρεῖν
1231 2744 1461 2806 πολλοὺς
1496 2739 1754 2807 δέξασθαι
1778 2741 1875 2812 τὴν

273 2840 476 2908 στενήν
519 2855 532 2868 ·
557 2839 706 2890 ἔστιν
738 2837 833 2890 οὖν
862 2841 889 2891 ὁ
924 2836 1312 2904 οἰκοδεσπότης
1341 2836 1369 2888 6
1399 2834 1627 2903 Κύριος,
1663 2849 1876 2900 συγκα-

270 2935 448 2986 λεῖται
471 2934 526 2986 δὲ
557 2934 770 2996 πάντας
824 2930 1248 3001 ἀνθρώπουςείς
1272 2928 1540 2994 ἑστίασιν,
1583 2926 1677 2979 καὶ
1734 2926 1874 2978 ἁπό-

268 3026 466 3081 λαυσιν
492 3026 599 3080 τῶν
628 3025 991 3091 ἁδαπανήτων
1023 3021 1246 3090 ἀγαθῶν
1267 3036 1282 3051 ⁶
1314 3023 1428 3074 ὅσοι
1465 3022 1562 3090 μὲν
1593 3019 1688 3072 οὖν
1708 3036 1880 3072 σπου·-

270 3119 418 3175 δαῖοι
447 3121 573 3190 ἄχρι
611 3120 706 3172 καὶ
755 3118 853 3187 τῆς
885 3117 977 3170 τοῦ
1012 3118 1239 3185 ἀρίστου
1272 3117 1424 3186 ὥρας
1476 3113 1879 3179 σπουδάζουσιν

270 3215 563 3270 εἰσελθεῖν.
609 3215 766 3267 Ὅσοι
796 3213 853 3265 δὲ
906 3211 1296 3282 νωθρέστεροι,
1325 3210 1420 3263 καὶ
1455 3211 1597 3279 μετά
1647 3213 1748 3278 τὴν
1782 3209 1877 3262 τοῦ

270 3313 500 3384 ἀρίστου
523 3309 673 3379 ὤραν
695 3309 1006 3381 ἐρχόμενοι,
1036 3305 1437 3360 ἀποκλείονται.
1472 3305 1567 3368 Τίς
1598 3303 1654 3356 δὲ
1688 3306 1721 3374 ή
1757 3304 1877 3373 ὥρα

271 3404 372 3457 τοῦ
436 3404 687 3474 ἀρίστου,
734 3402 768 3473 ἢ
799 3405 826 3456 ὁ
875 3401 1071 3473 παρὼν
1103 3401 1256 3470 βίος;
1291 3393 1461 3462 Οὗτος
1495 3401 1607 3470 γὰρ
1655 3398 1825 3461 ὅντως
1852 3398 1882 3450 6

272 3496 466 3569 καιρὸς
501 3499 723 3568 ἄριστον
758 3496 838 3557 εἰς
868 3495 966 3566 τὴν
991 3495 1126 3563 πρὸς
1177 3495 1238 3546 τὸ
1275 3494 1597 3562 ὲστιαθῆναι
1632 3508 1884 3560 πνευμα-

269 3593 436 3661 τικὴν
475 3590 817 3659 ἐτοιμασίαν.
851 3589 973 3657 Ἀφ’
1012 3584 1072 3643 οῦ
1119 3588 1300 3642 τοίνυν
1363 3586 1563 3658 ἐγερθῇ
1596 3590 1623 3642 6
1674 3587 1884 3640 οἰκοδε-

275 3686 515 3754 σπότης,
556 3685 861 3747 τουτέστιν,
918 3685 997 3745 εἰς
1045 3684 1231 3752 κρίσιν
1289 3682 1580 3753 ἐξαναστῇ,
1625 3683 1720 3736 καὶ
1751 3683 1886 3735 ἀπο·

271 3782 470 3853 κλείση
506 3783 604 3853 τὴν
636 3782 832 3851 θύραν,
859 3781 956 3851 τὴν
979 3781 1080 3848 τῆς
1130 3781 1359 3850 ἀρετῆς,
1394 3781 1558 3850 φημὶ,
1595 3779 1738 3841 ὁδὸν.
1762 3780 1885 3848 ἥτις

274 3879 418 3949 μετά
461 3877 558 3950 τὴν
593 3875 849 3931 ἐντεῦθεν
884 3873 1193 3927 ἁποὸίωσιν
1219 3875 1318 3946 οὐχ
1371 3874 1622 3927 όδεύεται
1647 3889 1663 3904 ·
1694 3875 1753 3926 ὲν
1804 3874 1884 3942 τῷ

275 3969 379 4040 βίῳ
404 3967 513 4039 γὰρ
543 3966 694 4021 οὖσιν
717 3968 849 4036 ἡμῖν
880 3965 1125 4018 όδεύεται
1152 3966 1184 4034 ή
1209 3964 1308 4032 τῆς
1357 3962 1565 4030 ἀρετῆς
1588 3961 1707 4024 ὁδός
1734 3978 1748 3993 ·
1781 3963 1886 4031 ἀρ-

270 4078 465 4133 χονται
498 4059 598 4130 μὲν
619 4060 669 4113 οἰ
713 4056 1084 4128 ἀμελέστερον
1117 4053 1355 4108 ἐνταῦθα
1397 4054 1665 4124 ζήσαντες
1713 4054 1882 4122 κρού-

271 4171 358 4207 ειν
376 4154 474 4220 τὴν
511 4151 718 4221 θύραν
744 4151 868 4204 τότε
910 4149 1020 4219 γὰρ
1051 4148 1117 4218 δὴ
1165 4147 1288 4201 τότε
1337 4145 1424 4199 διὰ
1472 4147 1571 4214 τῆς
1620 4145 1883 4216 ἀνονήτου

273 4246 568 4318 μετανοίας
617 4245 720 4316 τὴν
744 4244 844 4315 τῆς
866 4244 1070 4314 ἀρετῆς
1128 4242 1247 4295 ὁδὸν
1303 4240 1640 4311 ἀναζητοῦσι
1703 4240 1889 4309 λόγοις

269 4339 477 4412 ψιλοῖς,
500 4334 612 4393 οἶόν
644 4355 756 4391 τισι
812 4337 1031 4409 κρότοις
1060 4336 1155 4390 καὶ
1186 4334 1414 4397 κτύποις
1450 4334 1888 4405 ἀνακαλούμενοι

269 4432 504 4500 ταύτην,
533 4431 645 4485 τῶν
678 4431 855 4503 ἔργων
886 4431 1156 4484 ἀπόντων.
1195 4429 1252 4481 '0
1278 4428 1335 4482 δὲ
1359 4428 1751 4497 οἰκοδεσπότης
1781 4429 1882 4498 ἤδη

269 4525 503 4590 δικαίως
560 4523 919 4587 ἀποκλείσας,
947 4523 1332 4592 προσποιεῖται
1367 4521 1504 4591 μηδὲ
1552 4521 1752 4574 εἰδέναι
1789 4520 1888 4573 πό-

276 4619 374 4672 θεν
406 4617 546 4670 εἰσίν
580 4632 595 4646 ·
630 4615 881 4679 εἰκότως,
917 4616 1025 4668 εἰσί
1052 4615 1151 4685 μὲν
1173 4615 1282 4684 γὰρ
1324 4615 1386 4667 ὲκ
1416 4614 1510 4667 τοῦ
1554 4613 1885 4677 διαδόλου,·ὁ

274 4713 334 4768 δὲ
362 4711 570 4783 Κύριος
591 4712 715 4773 τοὺς
741 4710 895 4772 ὄντας
937 4708 1106 4764 αὑτοῦ
1135 4709 1414 4777 γινώσκει.
1443 4708 1517 4760 Τὸ
1543 4709 1621 4770 δὲ,
1659 4706 1894 4775 Ἐφάγο-

279 4823 385 4878 μεν
411 4806 509 4858 καλ⁸
538 4805 768 4873 ἐπίομεν
800 4801 1034 4856 ἐνώπιόν
1065 4820 1183 4867 σου,
1218 4803 1312 4855 καὶ
1340 4804 1397 4854 ὲν
1421 4803 1543 4862 ταῖς
1598 4800 1894 4862 πλατείαις

275 4898 442 4970 ἡμῶν
490 4897 755 4962 ἐδίδαξας,
794 4897 890 4949 καὶ
948 4894 1137 4958 ἁπλῶς
1193 4894 1295 4964 μὲν
1340 4893 1517 4957 οὕτως
1577 4894 1717 4964 πρὸς
1767 4896 1895 4958 τοὺς

275 4991 339 5056 ἐξ
405 4987 628 5059 Ἰσραὴλ
690 4988 928 5054 λέγεται.
960 4987 1074 5038 Καὶ
1110 4985 1218 5056 γὰρ
1268 4985 1326 5049 ἐξ
1361 4986 1541 5038 αὐτῶν
1576 4989 1602 5040 6
1659 4987 1899 5055 Χριστὸς

278 5079 427 5134 κατὰ
479 5081 682 5148 σάρκα.
756 5081 852 5131 καὶ
900 5078 1086 5141 αὐτοῖς
1138 5077 1396 5148 συνήσθιε
1456 5081 1553 5132 καὶ
1605 5079 1882 5134 συνέπινε.

281 5174 435 5244 Πλὴν
469 5172 609 5226 ἀλλὰ
641 5172 735 5225 καὶ
766 5172 1099 5242 ὑψηλότερον
1120 5171 1343 5225 δύναται
1372 5172 1631 5242 νοηθῆναι
1659 5173 1737 5239 τὸ,
1781 5176 1897 5228 Ἐν·

280 5265 458 5320 ὡπιόν
495 5281 589 5318 σου
636 5265 914 5334 ἐφάγομεν
944 5266 1037 5317 καὶ
1088 5265 1316 5332 ἐπίομεν
1346 5280 1358 5294 ο
1403 5268 1500 5334 τὴν
1527 5265 1636 5334 γὰρ
1662 5268 1896 5336 νομικὴν

281 5359 573 5421 τελοῦντες
596 5358 878 5428 λατρείαν,
906 5357 999 5411 καί
1023 5357 1489 5428 προσκομίζοντες
1525 5358 1602 5427 τῷ
1647 5358 1767 5428 Θεῷ
1798 5360 1894 5422 τὰς

284 5450 354 5504 δι’
369 5450 604 5520 αἵματος
628 5448 842 5515 θυσίας,
863 5448 1051 5519 ’ήσθιον
1081 5451 1173 5502 καὶ
1195 5449 1587 5520 ηύφραίνοντο,
1613 5451 1898 5520 ἠκροῶντο

313 5542 342 5596 ὲ
373 5541 470 5596 καὶ
497 5539 609 5593 τῶν
635 5540 795 5593 θείων
818 5540 1015 5611 βίϐλων
1048 5542 1104 5593 ὲν
1133 5543 1250 5604 ταῖς
1274 5546 1638 5610 συναγωγαῖς.
1670 5543 1896 5609 Πάντως

283 5635 394 5704 γὰρ
424 5635 454 5687 6
494 5633 702 5704 Κύριος
729 5632 823 5686 καὶ
856 5633 946 5686 διὰ
996 5633 1104 5686 τῶν
1148 5635 1447 5704 προφητῶν
1493 5634 1798 5690 ἐδίδασκεν·
1833 5638 1893 5689 ού

287 5729 397 5801 γὰρ
420 5727 488 5782 τὰ
511 5728 725 5781 ἑαυτῶν
750 5728 1093 5799 οἰπροφῆται
1122 5730 1507 5799 προετίθεσαν,
1538 5731 1681 5783 ἀλλὰ
1708 5733 1776 5784 τά
1800 5732 1896 5784 τος,

288 5821 423 5876 Θεοῦ
452 5821 819 5892 ὑπηγόρευον,
845 5820 924 5874 διὸ
955 5821 1047 5873 καὶ
1080 5821 1285 5890 ἔλεγον,
1314 5820 1452 5876 Τάδε
1487 5824 1632 5890 λέγει
1669 5825 1893 5894 Κύριος.

295 5917 503 5971 υῦκπιύν
532 5919 736 5988 itif-2:3;
769 5917 876 5980 τοῖς
913 5911 1189 5981 Ἰουδαία-ις
1230 5919 1307 5981 εἰς
1335 5918 1618 5973 italico-Iw
1654 5921 1683 5991 ἠ
1717 5922 1781 5974 όι’
1820 5923 1893 5975 αἱ·

1976 2000 2068 2071 qui
2113 1995 2349 2068 patratis
2399 1991 2772 2060 iniquitatem.
2819 1986 2892 2040 lbi
2920 1984 3026 2038 erit
3060 1981 3245 2049 ﬂetus,
3275 1991 3330 2035 et
3388 1978 3592 2033 stridor

1975 2067 2244 2153 dentium,
2265 2102 2387 2143 cum
2412 2083 2668 2140 videbitis
2692 2080 2996 2142 Abraham,
3023 2087 3076 2130 et
3103 2074 3281 2140 Isaac,
3303 2081 3357 2127 et
3384 2067 3581 2135 Jacob,

1973 2197 2028 2243 et
2055 2199 2249 2242 omnes
2284 2179 2580 2251 praphetas
2607 2177 2662 2231 in
2733 2188 2902 2245 regno
2941 2170 3056 2238 Dei,
3094 2185 3192 2223 vos
3268 2175 3453 2221 autem
3487 2178 3590 2219 ex-

1984 2279 2115 2351 pelli
2151 2279 2320 2332 foras.
2352 2275 2417 2329 Et
2445 2274 2666 2327 venient
2712 2269 2780 2324 ab
2814 2265 3041 2322 Oriente
3082 2272 3137 2317 et
3186 2260 3505 2321 Occidente,
3535 2263 3591 2309 ct
3666 2317 3676 2326 1

1974 2369 2246 2442 Aquilone
2296 2378 2358 2422 ειν
2402 2368 2622 2427 Austro,
2654 2372 2708 2417 et
2768 2359 3104 2416 accumbent
3158 2356 3214 2410 in
3260 2366 3430 2421 regno
3467 2347 3586 2404 Dei.

1977 2467 2042 2520 Et
2078 2478 2205 2521 ccce
2253 2470 2380 2518 sunt
2433 2456 2718 2530 postremi,
2753 2456 2842 2524 qui
2884 2463 3046 2509 erunt
3103 2449 3266 2520 primi
3315 2456 3412 2502 :et
3461 2452 3592 2500 Sunt

1978 2557 2290 2630 primi,qui
2347 2564 2510 2610 erunt
2563 2548 2849 2623 postremi.
2895 2566 2913 2599 ι
2958 2543 3118 2600 Pauci
3155 2549 3283 2596 sunt
3336 2537 3428 2608 qui
3479 2535 3590 2592 sal-

1980 2668 2197 2717 vantur,
2263 2667 2330 2707 eo
2385 2650 2530 2719 quod
2590 2653 2820 2716 angusta
2879 2643 2968 2696 via
3020 2637 3222 2694 multos
3280 2648 3387 2687 non
3443 2630 3590 2685 reci-

1982 2752 2115 2821 piat.
2153 2748 2244 2802 Est
2272 2753 2451 2800 autem
2482 2740 2744 2796 Dominus
2776 2732 3196 2808 paterfamilias,
3231 2727 3323 2797 qui
3381 2739 3592 2780 convo-

1980 2851 2071 2896 cat
2093 2855 2284 2895 onmes
2317 2836 2570 2892 homines
2600 2834 2663 2887 ad
2694 2831 2981 2902 prandium
3006 2833 3059 2880 et
3091 2821 3408 2878 fruitiouem
3435 2826 3596 2872 aeter-

1984 2952 2177 2991 norum
2209 2934 2500 2988 bonorum.
2530 2928 2732 2981 Omnes
2760 2926 2942 2991 itaque
2998 2919 3199 2974 virtute
3228 2913 3444 2987 praditi
3500 2927 3595 2966 us-

1983 3046 2087 3101 que
2122 3031 2187 3084 ad
2221 3026 2434 3097 prandii
2471 3032 2684 3091 tempus
2737 3017 3071 3072 Studuerunt
3120 3011 3370 3066 intrare:
3401 3019 3596 3062 omnes

1986 3135 2168 3179 autem
2207 3118 2468 3177 desidiosi
2498 3129 2552 3172 et
2588 3112 2793 3183 ignavi,
2829 3110 2922 3180 qui
2961 3117 3085 3180 post
3113 3118 3328 3174 tempus
3377 3098 3596 3171 prandii

1990 3225 2280 3278 venerunt,
2314 3211 2704 3267 excluduntur.
2770 3205 2911 3259 llora
2961 3212 3144 3256 autem
3199 3195 3413 3267 prandii
3450 3207 3594 3263 prat-

1987 3328 2116 3368 seus
2158 3308 2265 3362 vita
2309 3316 2410 3361 est.
2451 3303 2563 3359 Hoc
2620 3301 2766 3356 enim
2821 3309 3034 3365 tempus
3062 3296 3249 3362 utique
3303 3288 3597 3362 prandium

1990 3414 2097 3464 est,
2135 3418 2244 3472 quo
2273 3410 2651 3472 praeparantur
2685 3404 2742 3446 ut
2769 3390 3042 3460 spirituali
3070 3386 3328 3443 convivio
3349 3381 3598 3451 excipia-
3643 3388 3645 3391 '

1994 3514 2138 3552 mur.
2172 3496 2306 3550 Cum
2355 3503 2537 3546 autem
2602 3484 3028 3560 expergefactus
3072 3481 3236 3534 fuerit
3282 3474 3606 3547 paterfami-

1990 3591 2109 3654 lias,
2143 3588 2245 3642 hoc
2271 3597 2374 3650 est,
2408 3587 2476 3638 ad
2519 3583 2790 3652 judicium
2856 3576 3185 3636 surrexerit,
3227 3588 3291 3625 ac
3343 3568 3602 3624 clauserit

1983 3683 2234 3752 januatn,
2263 3677 2482 3732 virtutis
2509 3675 2632 3728 dico
2662 3671 2825 3734 viam,
2855 3683 3018 3738 quam
3049 3663 3262 3734 ingredi
3317 3677 3425 3716 non
3475 3674 3602 3727 pus-

1989 3787 2179 3830 sumus
2207 3778 2494 3840 postquam
2532 3765 2661 3819 hinc
2686 3758 3139 3832 emigravcrimus
3163 3773 3175 3809 :
3201 3754 3420 3824 quando
3454 3752 3602 3806 enim

2007 3868 2061 3922 in
2112 3867 2222 3919 vita
2277 3875 2487 3924 sumus,
2525 3857 2652 3911 iniri
2704 3862 2884 3924 potest
2913 3853 3000 3905 via
3031 3849 3294 3904 virtutis:
3331 3844 3605 3914 incipiunt

1990 3962 2212 4032 quidem
2239 3969 2365 4014 tunc
2394 3956 2446 4010 bi
2466 3955 2559 4025 qui
2585 3948 2952 4021 negligentius
2985 3945 3039 3999 in
3070 3946 3172 3997 hac
3199 3943 3308 3996 vita
3344 3940 3602 4002 vixerint,

1994 4054 2217 4125 pulsare
2250 4051 2500 4120 januam,
2532 4056 2688 4112 tunc,
2726 4043 2974 4110 ittquam,
3014 4049 3143 4092 tunc
3196 4051 3291 4104 per
3357 4032 3603 4089 inutilem

1996 4145 2376 4218 paznitentiam
2406 4143 2627 4197 virtutis
2655 4142 2798 4195 viam
2851 4135 3164 4206 requirunt,
3205 4129 3370 4184 nudis
3423 4125 3606 4181 verbis

1995 4238 2152 4310 quasi
2186 4235 2591 4308 pulsationibus
2645 4243 2704 4287 et
2769 4226 3096 4298 strepitibus
3146 4221 3474 4293 quibusdam
3514 4233 3606 4271 re-

1997 4339 2258 4387 vocantes
2316 4327 2487 4391 illam,
2541 4323 2805 4394 cperibus
2858 4329 3040 4374 tamen
3100 4324 3379 4370 carentes.
3445 4307 3609 4362 Pater

2006 4440 2139 4481 vero
2166 4422 2400 4477 familias
2432 4411 2685 4473 cum'eos
2729 4415 2876 4483 iuste
2928 4409 3254 4472 excluserit,
3297 4401 3611 4460 dissimulat

1999 4519 2144 4575 scire
2168 4515 2311 4570 unde
2347 4514 2479 4576 sint,
2542 4521 2596 4566 et
2634 4508 2832 4564 merito
2861 4525 2874 4560 :
2907 4512 3036 4560 sunt
3079 4501 3224 4556 enim
3249 4514 3315 4553 ex
3344 4495 3561 4551 diabolo
3592 4513 3606 4548 :

1915 4629 1969 4689 Ι)
2002 4612 2263 4668 Dominus
2317 4617 2499 4662 autem
2559 4603 2842 4675 cOgnoscit
2882 4613 3031 4654 suos.
3063 4597 3175 4651 Hoc
3229 4602 3413 4647 autem
3462 4589 3608 4659 quod

2002 4705 2133 4760 dicit
2161 4719 2175 4756 :
2206 4699 2562 4757 Comedimus
2589 4706 2643 4750 et
2669 4695 2915 4750 bibimus
2935 4705 3123 4745 coram
3152 4699 3223 4752 te,
3251 4686 3387 4742 etin
3417 4682 3612 4755 plateis

1999 4796 2204 4850 nostris
2242 4790 2478 4846 docuisti
2521 4772 2883 4856 :simplicit'er
2917 4784 3139 4854 quidem
3194 4778 3261 4832 ad
3321 4775 3608 4832 lsraelitas

2001 4887 2224 4941 dicitur.
2307 4884 2527 4939 Etenim
2582 4879 2850 4935 Dominus
2900 4892 2966 4931 ex
3021 4872 3189 4945 390
3246 4871 3380 4940 ipsis
3449 4881 3612 4923 natus

1999 4992 2088 5038 est
2111 4979 2411 5036 secundum
2446 4991 2693 5041 carnem,
2726 4983 2782 5028 et
2816 4987 2942 5027 cum
2973 4971 3054 5026 eis
3088 4967 3330 5024 comedit
3353 4980 3418 5020 ac
3451 4965 3611 5020 bibit.

2001 5075 2066 5129 Et
2098 5083 2279 5144 potest
2309 5073 2476 5129 etiam
2501 5069 2793 5125 sublimius
2823 5064 3047 5134 intelligi
3077 5079 3090 5117 :
3121 5062 3316 5118 Coram
3339 5069 3391 5114 te
3426 5073 3614 5115 come-

2003 5171 2181 5226 dimus
2208 5179 2262 5224 et
2298 5167 2562 5221 bibimus.
2616 5161 2871 5232 Legalem
2904 5159 3050 5213 enim
3108 5153 3459 5225 perlicientes
3499 5150 3616 5205 cul-

2010 5275 2147 5325 tum,
2180 5271 2236 5316 et
2264 5260 2560 5314 offerentes
2596 5257 2705 5310 Deo
2741 5261 2969 5309 cruenta
3029 5249 3323 5312 saerilicia,
3356 5248 3614 5302 comede-

2005 5365 2133 5408 runt
2167 5362 2218 5406 et
2249 5352 2412 5405 laetati
2445 5360 2574 5404 sunt
2606 5368 2618 5403 :
2653 5347 2949 5401 audierunt
2971 5354 3151 5397 autent
3172 5341 3388 5395 divinos
3448 5339 3616 5392 libros

2003 5449 2056 5502 in
2104 5446 2416 5516 synagogis.
2437 5444 2673 5499 Omnino
2701 5443 2844 5495 enim
2887 5447 2940 5492 et
2962 5453 3057 5508 per
3093 5437 3390 5506 prOphetas
3426 5433 3614 5488 Domi-

2005 5558 2104 5596 nus
2127 5541 2333 5594 docuit.
2361 5538 2547 5606 Neque
2566 5538 2715 5590 enim
2747 5535 3031 5606 propheta:
3063 5547 3163 5587 sua
3188 5532 3434 5601 ipsorum
3462 5529 3612 5583 dicm

2005 5635 2381 5706 proferebant,
2415 5633 2510 5686 sed
2562 5630 2746 5684 divina
2813 5626 3190 5698 przedicabant
3231 5643 3245 5679 :
3280 5632 3615 5693 quapropter

2004 5727 2363 5784 etdiccbant:
2395 5726 2520 5780 ch
2553 5724 2688 5778 dicit
2715 5722 2999 5776 Dominus.
3031 5718 3149 5774 Non
3186 5718 3354 5788 igitur
3378 5712 3613 5768 sufﬁcie-

2005 5825 2094 5877 bat
2137 5819 2423 5874 ludatis-ad
2449 5817 2901 5886 justilicationcm
2936 5816 3117 5869 cultus
3146 5815 3235 5869 ille
3267 5826 3360 5881 pcr
3387 5810 3612 5879 sangui-

2007 5921 2087 5974 nis
2137 5914 2480 5981 cﬂ'u:ioncm,
2531 5929 2639 5970 non
2680 5911 2973 5969 accedente
3031 5912 3157 5976 fide,
3191 5924 3311 5981 qua:
3348 5903 3612 5979 jUstilicat
