4110 6332
575 353 683 417 9'23

1458 350 2044 412 THEOPIIYLACTI
2086 350 2187 412 BU
2200 349 2425 410 LGARI
2439 349 2502 408 ,Ε
2542 347 2895 408 ARCHIEP.

3733 335 3842 402 9‘24

574 459 823 533 impium.
858 461 921 516 Et
969 460 1343 528 meis'quoqne
1381 460 1707 516 Christianis
1754 459 1995 528 quidem,
2029 461 2152 514 vita:

2272 461 2449 526 κάτων
2507 457 2758 528 λατρεία,
2794 457 2869 530 μὴ
2911 451 3353 526 προσηκαμένοις
3399 451 3496 522 τὴν
3535 451 3718 503 πίστιν
3747 451 3844 522 τὴν

575 564 756 608 autem
780 552 1072 614 dissoltttze,
1107 551 1219 606 haec
1240 561 1568 622 congruunt.
1595 545 1675 605 An
1706 565 1810 603 non
1845 560 1897 604 et
1921 540 2148 603 manduc

577 661 760 700 camus
793 659 986 713 corpus
1016 645 1279 710 divinum,
1308 653 1362 698 et
1391 643 1625 697 bibimus
1686 645 2005 714 sanguinem
2059 642 2150 696 Dei

576 752 761 790 coram
793 751 879 802 eo,
921 737 1163 804 quotidie
1183 736 1251 790 ad
1277 736 1553 805 mysticam
1583 751 1828 790 mensam
1884 736 2153 790 acceden-

579 841 682 891 tes,
719 837 774 883 et
805 829 958 884 docet
999 829 1049 881 in
1110 828 1231 880 latis
1275 828 1560 882 animabus
1619 829 1823 882 nostris
1864 827 2154 880 Dominus?

577 920 737 984 Atqui
773 921 910 972 nulla
936 921 1057 973 inde
1089 919 1315 981 utilitas,
1345 920 1386 972 si
1412 919 1684 973 auditores
1713 919 1905 972 divina:
1930 919 2150 986 quidem

579 1011 708 1081 legis
738 1011 949 1073 ﬁamus,
991 1021 1045 1064 et
1087 1025 1191 1063 n0n
1222 1009 1456 1064 factores
1487 1027 1501 1064 :
1545 1011 1656 1065 imo
1686 1019 1871 1064 contra
1906 1011 1971 1063 ad
2035 1024 2151 1061 ma-

573 1104 746 1172 jorem
799 1113 1189 1156 tormentorum
1242 1103 1586 1156 occasionem
1653 1101 1926 1155 audivisse
1979 1100 2152 1162 cedet,

586 1194 724 1246 sicut
759 1202 811 1248 et
842 1191 1666 1247 divitiarum.sanctiiicationum
1703 1193 1939 1258 sumptio
1977 1195 2041 1244 ad
2070 1191 2153 1260 jn-

579 1284 799 1336 dicium.
837 1281 1070 1336 Obsc-rVa
1113 1283 1253 1348 quod
1286 1283 1470 1349 rejccti
1509 1293 1635 1336 sunt
1667 1282 1762 1348 illi,
1798 1297 2028 1349 quorum
2101 1287 2150 1335 in

580 1375 770 1444 plateis
795 1375 944 1428 docet
979 1374 1235 1428 Dominus
1275 1394 1288 1430 :
1317 1389 1502 1429 verum
1521 1375 1564 1428 si
1596 1376 1767 1442 ipsum
1807 1376 2154 1430 ltabuerinn:s

579 1466 883 1529 docentem,
919 1481 1020 1518 non
1052 1467 1102 1518 itt
1158 1466 1367 1530 plateis,
1410 1468 1502 1520 sed
1555 1467 1606 1519 in
1640 1469 1881 1536 angustis
1928 1478 1981 1520 et
2014 1469 2155 1521 tritis

579 1567 634 1610 et
662 1560 996 1627 comptmctis
1045 1560 1320 1620 cordibus,
1365 1575 1467 1613 non
1527 1560 1733 1612 erimus
1789 1559 1997 1626 rejerti.
2037 1556 2152 1612 ιη...

581 1650 682 1702 boc
716 1652 856 1717 quod
915 1651 1111 1719 inquit,
1147 1650 1256 1705 lllic
1284 1651 1387 1705 erit
1423 1653 1684 1719 ploratus,
1735 1654 1953 1722 quando
2010 1652 2157 1705 vidc-

581 1742 706 1795 bitis
737 1743 1028 1809 Abraham,
1067 1756 1115 1797 et
1138 1744 1304 1806 Isaac,
1333 1754 1385 1796 et
1415 1742 1604 1807 Jacob,
1665 1746 1915 1813 congruit
1941 1744 2154 1813 quidem

2261 551 2575 607 δικαιοῦσαν
2607 552 2697 603 τὸν
2725 539 2916 618 ἀσεϐῆ.
2951 548 3058 600 Καὶ
3088 549 3200 609 τοῖς
3229 547 3348 598 κατ’
3374 545 3472 615 ἐμὲ
3492 543 3550 596 δὲ
3578 544 3843 612 Χριστια-

2260 649 2372 709 νοῖς
2396 644 2514 712 μὲν,
2548 642 2778 712 ἀμελέσι
2800 641 2855 694 δὲ
2881 641 2979 709 τὴν
3006 639 3174 708 ζωὴν,
3205 637 3500 708 ἀρμόσειεν
3533 637 3600 690 ἀν
3631 635 3839 689 ταῦτα’

2261 738 2294 808 ἦ
2321 735 2440 805 οὐχὶ
2477 736 2570 788 καὶ
2602 737 2764 804 ἡμεῖς
2796 731 3082 802 τρώγομεν
3109 730 3168 783 τὸ
3194 731 3333 782 θεῖον
3363 728 3520 797 σῶμα
3545 767 3560 792 ,
3613 729 3708 780 καὶ
3757 728 3844 780 πί-

2265 843 2432 897 νομεν
2471 829 2532 879 τὸ
2570 821 2711 896 αἷμα
2770 825 2865 877 τοῦ
2909 821 3044 876 Θεοῦ
3094 825 3322 876 ἐνώπιον
3358 819 3522 874 αὑτοῦ
3554 820 3676 873 καθ’
3715 822 3844 875 ἑκά-

2265 938 2404 990 στην
2434 923 2500 990 τῇ
2545 920 2781 988 μυστικῇ
2815 915 3058 986 τραπέζῃ
3087 914 3403 984 προσιόντες
3422 952 3437 978 ,
3473 915 3570 967 καὶ
3597 914 3842 966 διδάσκει

2261 1015 2321 1066 ὲν
2343 1015 2460 1074 ταῖς
2505 1011 2785 1072 πλατείαις
2818 1009 3017 1079 ψυχαῖς
3046 1009 3202 1080 ἡμῶν
3233 1011 3260 1060 ὁ
3298 1007 3538 1081 Κύριος;
3587 1007 3728 1059 ’Δλλ⁹
3754 1008 3842 1059 ou-

2260 1106 2348 1157 δὲν
2371 1104 2580 1174 ὄφελος,
2611 1106 2657 1156 εἰ
2711 1105 2978 1174 ἀκροαταὶ
3024 1102 3114 1154 τοῦ
3160 1100 3305 1154 θείου
3335 1101 3501 1171 νόμου
3556 1099 3840 1170 γινόμεθα,

2264 1197 2354 1247 κατ.
2389 1197 2448 1247 οὔ
2493 1193 2710 1264 ποιηταί
2739 1209 2749 1222 ’
2783 1190 3092 1246 τούναντίον
3128 1190 3226 1259 μὲν
3251 1189 3344 1241 οὖν
3378 1189 3579 1258 μᾶλλον
3617 1188 3696 1247 είς
3725 1203 3842 1255 μειο

2262 1287 2432 1348 ζόνων
2461 1285 2708 1356 βασάνων
2732 1284 2989 1336 ὑπόθεσιν
3011 1284 3144 1352 ἡμῖν
3165 1281 3197 1346 ὴ
3231 1279 3514 1349 ἀκρόασις,
3534 1278 3722 1346 ῶσπερ
3754 1276 3846 1330 καὶ

2264 1381 2295 1442 ἡ
2319 1379 2428 1430 τῶν
2468 1379 2628 1431 θείων
2673 1377 3028 1445 ἀγιασμάτων
3075 1373 3377 1442 μετάληψις
3404 1373 3484 1434 εἰς
3509 1372 3682 1440 κρῖμα
3710 1368 3845 1421 καθ-

2265 1471 2499 1525 ίσταται.
2538 1471 2936 1540 Παρατήρησον
2989 1469 3044 1520 δὲ
3067 1471 3148 1521 δτι
3177 1465 3476 1533 ἀπόϐλητοί
3533 1465 3671 1516 είσιν
3705 1463 3846 1514 ἐκεῖ-

2264 1582 2364 1624 νοι,
2396 1551 2469 1616 ῶν
2505 1564 2562 1613 ὲν
2593 1565 2710 1623 ταῖς
2746 1561 3028 1623 πλατείαις
3055 1559 3292 1611 διδάσκει
3323 1559 3350 1610 ό
3384 1555 3586 1624 Κύριος
3610 1571 3622 1585 ο
3652 1553 3726 1616 ὡς
3755 1555 3845 1605 ἐάν

2266 1672 2327 1722 γε
2359 1654 2674 1706 διδάσκοντα
2697 1653 2862 1706 αὑτὸν
2883 1652 3094 1722 ἔχωμεν
3114 1652 3212 1703 οὐκ
3242 1651 3300 1701 ὲν
3325 1647 3626 1712 πλατείαις,
3655 1645 3768 1700 ἀλλ’
3791 1652 3846 1699 ὲν

2267 1751 2483 1810 στεναῖς
2516 1748 2610 1801 καὶ
2642 1745 3034 1816 τεθλιμμέναις
3066 1747 3160 1798 καὶ
3192 1743 3694 1811 κατανενυγμέναις
3717 1759 3843 1810 καρ-

590 1845 644 1886 et
704 1832 956 1888 lsraelitis
996 1837 1190 1903 quibus
1243 1836 1342 1889 ista
1378 1836 1611 1898 dicebat,
1636 1846 1688 1890 et
1735 1836 1820 1890 Itis
1856 1839 1943 1903 qui
2003 1837 2160 1889 ltodic

2272 1843 2422 1903 Ξὶαις,
2468 1843 2567 1896 οὐκ
2613 1840 2910 1910 ἀπόϐλητοι
2942 1839 3197 1909 ἐσόμεθα.
3228 1839 3300 1891 Τὸ
3327 1839 3382 1890 δὲ
3431 1839 3577 1889 Ἐκεῖ
3615 1837 3765 1889 ἔσται
3816 1837 3844 1887 ὁ

581 1940 701 1980 sunt
753 1929 1033 1983 increduli.
1063 1928 1229 1984 Jud;ci
1264 1946 1392 1983 sane
1427 1941 1574 1984 tanto
1631 1931 1801 2001 magis
1825 1930 2152 1999 torqueban—

582 2030 667 2074 tnr
686 2022 952 2076 audiendo
983 2024 1115 2077 alios
1149 2040 1211 2077 ex
1239 2025 1488 2092 gentibus
1533 2025 1890 2093 requiescere,
1923 2033 1972 2078 et
2004 2025 2158 2092 quie-

581 2125 683 2167 tem
718 2114 995 2168 habituros
1024 2129 1145 2168 cum
1163 2115 1448 2170 Abt-altam
1481 2127 1532 2168 et
1563 2117 1825 2186 patribus,
1883 2132 1940 2172 se
1971 2128 2153 2168 autem

581 2207 939 2274 “pellendos.
978 2207 1217 2262 Pertinet
1243 2209 1372 2262 item
1405 2221 1458 2264 et
1483 2216 1547 2262 ad
1577 2226 1693 2273 nos,
1731 2212 1818 2278 qui
1873 2226 1980 2264 non
2025 2213 2156 2264 bene

580 2312 869 2367 operantur
893 2315 1013 2353 cum
1053 2300 1156 2354 {ille
1187 2318 1198 2353 :
1242 2311 1294 2354 et
1327 2317 1424 2355 nos
1462 2303 1677 2368 quidem
1711 2303 1761 2355 in
1800 2305 1912 2370 lege
1944 2303 2150 2357 Christi

581 2388 1079 2457 gloriamur,quatn
1114 2405 1234 2445 mox
1269 2404 1452 2458 postea
1504 2393 1930 2460 transgredimur
1967 2405 2021 2446 et
2071 2409 2154 2446 re-

582 2480 890 2546 probamus.
916 2481 1076 2534 Prini
1111 2484 1324 2551 quidem
1347 2498 1466 2537 esse
1495 2485 1758 2547 videmur,
1790 2496 1973 2552 utpote
2006 2501 2032 2537 a
2059 2501 2153 2539 cu-

583 2572 790 2627 nabulis
835 2574 1176 2640 instructi,et
1203 2589 1398 2630 nomen
1453 2574 1654 2629 (lltristi
1686 2574 1930 2630 terentes
1985 2596 1996 2630 :
2055 2593 2154 2647 po-

581 2665 769 2718 s'remi
794 2677 971 2720 autem
993 2668 1217 2729 erimus,
1243 2669 1476 2735 pralatis
1499 2670 1788 2738 gentilibus
1812 2670 2154 2738 quihusdam,

583 2756 675 2822 qui
707 2759 757 2810 in
793 2758 894 2812 ilne
927 2759 1044 2812 vitae
1072 2775 1181 2813 sua:
1205 2761 1453 2824 credunt,
1483 2769 1534 2814 et
1571 2761 1680 2815 Deo
1715 2760 1991 2830 placentes
2027 2779 2153 2829 par-

586 2863 710 2900 vum
747 2849 868 2903 vita
899 2859 1110 2916 tempus
1135 2861 1324 2918 agunt.

2268 1935 2565 2002 κλαυθμὸς,
2594 1935 2721 1987 ὅταν
2754 1931 2960 2002 ὄψησθε
2980 1933 3255 2002 Ἀϐραὰμ,
3282 1934 3375 1985 καὶ
3420 1932 3606 1986 Ἰσαὰκ
3632 1935 3725 1985 καὶ
3743 1934 3843 1984 Ἰα-

2265 2026 2402 2090 κὼϐ,
2446 2027 2672 2096 ἁρμόζει
2723 2027 2822 2095 μὲν
2874 2028 2966 2076 καὶ
3003 2027 3115 2087 τοῖς
3164 2024 3548 2093 Ἰσραηλίταις,
3589 2025 3727 2094 πρὸς
3756 2025 3846 2086 οὓς

2264 2119 2436 2171 ταῦτα
2469 2117 2759 2182 διελέγετο,
2795 2118 2888 2168 καὶ
2921 2116 2999 2169 ἔτι
3017 2118 3126 2177 τοῖς
3147 2115 3286 2167 κατά
3320 2114 3546 2184 καιροὺς
3572 2115 3843 2177 ἀπίστοις.

2263 2209 2326 2264 Οἱ
2357 2209 2464 2280 γὰρ
2511 2207 2750 2262 Ἰουδλῖοι
2796 2206 2972 2272 τούτῳ
3009 2205 3243 2276 μάλιστα
3276 2203 3557 2261 ἑδάκνοντο
3583 2204 3660 2275 τῷ
3685 2205 3849 2260 6mi-

2268 2323 2370 2366 ειν,
2402 2307 2481 2357 ὅτι
2517 2305 2666 2358 ἄλλοι
2701 2304 2797 2372 μὲν
2827 2305 2874 2356 οἱ
2912 2303 2971 2366 ἐξ
3033 2301 3200 2355 ἐθνῶν
3256 2301 3668 2354 ἀναπαύσονται
3710 2301 3850 2370 μετά

2276 2395 2530 2464 ’Λϐραάμ
2559 2395 2652 2447 καὶ
2698 2395 2805 2446 τῶν
2837 2395 3112 2463 πατέρων,
3147 2395 3300 2446 αὐτοὶ
3344 2393 3400 2446 δὲ
3431 2393 3799 2462 ὲξωθήσονται
3831 2410 3844 2423 ·

2265 2487 2577 2554 ἀρμόζειδὲ
2612 2487 2703 2537 καὶ
2753 2488 2886 2554 ἡμῖν
2943 2491 3054 2547 τοῖς
3105 2487 3180 2554 μὴ
3224 2484 3500 2538 ἀκόλουθα
3539 2487 3607 2555 τῇ
3667 2485 3850 2537 πίστει

2263 2577 2565 2646 πράττουσι
2599 2594 2609 2605 ο
2645 2580 2747 2648 καὶΔ
2773 2579 2934 2646 ἡμεῖς
2965 2578 3073 2648 γὰρ
3114 2579 3170 2630 ὲν
3198 2576 3278 2647 τῷ
3312 2577 3462 2648 νόμῳ
3491 2576 3583 2630 τοῦ
3615 2577 3851 2646 Χριστοῦ

2270 2670 2640 2739 καυχώμενοι,
2666 2666 2783 2722 εἷτα
2807 2670 2892 2721 διὰ
2923 2668 3020 2737 τῆς
3057 2669 3420 2739 παραϐάσεως
3467 2669 3658 2722 τούτου
3724 2669 3852 2722 ἀθε-

2261 2761 2478 2826 τοῦντες
2503 2763 2685 2825 αὑτὶν,
2720 2762 2926 2831 πρῶτοι
2963 2762 3060 2831 μὲν
3081 2761 3155 2831 τῷ
3184 2762 3361 2814 δοκεῖν
3388 2762 3576 2829 ἐσμεν,
3609 2758 3684 2822 ῶς
3720 2776 3855 2812 κατ-

2263 2855 2560 2923 ηχηθέντες
2602 2857 2663 2907 ὲκ
2698 2854 3030 2924 σπαργάνων
3078 2852 3258 2906 αὐτῶν
3299 2853 3389 2905 τὸν
3435 2852 3594 2920 λόγον
3640 2851 3855 2904 καὶτὸν

582 2940 818 3015 Χριστὸν
876 2942 1230 3012 φορέσαντες,
1263 2942 1482 3013 ἔσχατοι
1527 2943 1583 2997 δὲ
1641 2945 1880 3013 ἰσόμεθα
1925 2943 2155 2998 ἐθνικῶν
2195 2946 2359 3014 τυχὸν
2396 2947 2871 3018 προτιμηθέντων,
2933 2947 3042 3001 τῶν
3079 2951 3215 3019 πρὸς
3239 2947 3316 3018 τῷ
3362 2947 3509 3001 τέλει
3568 2945 3664 3000 τοῦ
3732 2945 3850 3017 βίου

581 3034 1006 3096 πιστευσάντων,
1037 3035 1131 3087 καὶ⁵
1162 3035 1408 3105 ἀρεστῶς
1430 3037 1505 3108 τῷ
1529 3038 1648 3109 Θεῷ
1677 3039 2046 3107 διαγαγόντων
2070 3038 2162 3092 τὸν
2201 3039 2382 3108 ὀλίγον
2405 3041 2504 3110 τῆς
2537 3041 2682 3110 ζωῆς
2710 3041 2922 3112 χρόνον.

650 3129 811 3184 Vsus.
847 3125 1034 3185 31-35.
1092 3145 1110 3177 ι
1147 3126 1343 3181 Eodem
1382 3133 1465 3184 die
1530 3141 1879 3186 accesserunt
1934 3131 2152 3202 quidam
2185 3141 2229 3196 C

584 3219 1244 3278 Pbarismorum'dicentes
1274 3223 1345 3274 illi
1380 3241 1391 3274 :
1435 3223 1551 3283 la‘xE,
1583 3234 1638 3276 et
1669 3224 1804 3277 vade
1836 3225 1959 3279 hinc
2000 3226 2162 3291 :quia

586 3315 825 3368 Herodes
860 3318 971 3368 vult
1011 3326 1058 3370 te
1087 3313 1356 3371 occidere.
1395 3315 1454 3366 Et
1488 3316 1560 3368 ait
1589 3316 1735 3370 illis:
1770 3317 1865 3381 Ite,
1901 3327 1952 3369 et
2002 3317 2167 3371 dicite

583 3407 722 3476 vulpi
749 3408 898 3461 huic:
936 3407 1072 3462 Ecce
1093 3409 1251 3477 ejicio
1272 3407 1552 3469 dmmonia,
1579 3417 1629 3460 et
1659 3409 1921 3461 sanitates
1952 3407 2174 3475 perﬁcio

583 3501 758 3561 bodie,
783 3511 985 3559 etcras,
1008 3509 1061 3552 et
1089 3501 1242 3553 tertia
1274 3501 1362 3554 die
1388 3514 1750 3554 consuttttnor.
1776 3499 2158 3568 Verumtamen

579 3603 788 3661 oportet
839 3609 922 3647 me
969 3594 1126 3648 bodie
1160 3605 1213 3646 et
1248 3609 1368 3646 cras
1397 3601 1446 3647 et
1481 3593 1725 3659 proximo
1751 3592 1836 3645 die
1882 3592 2170 3660 proﬁcisci,

582 3685 706 3752 quia
741 3685 850 3737 tie:i
875 3699 978 3736 non
1023 3693 1198 3752 potest
1240 3694 1296 3737 ut
1325 3685 1582 3752 prolibeta
1620 3695 1804 3748 pereat
1829 3695 1978 3735 extra
2013 3682 2173 3737 Jeru-

585 3773 767 3826 salem.
811 3791 827 3823 ›
870 3773 1067 3827 Invidia
1091 3774 1435 3828 tabcscebant
1455 3774 1722 3830 maledicti
1743 3772 1908 3827 Judaei
1930 3787 1981 3825 et
1999 3775 2174 3828 Domi-

584 3881 714 3916 num
751 3875 956 3918 terrere
987 3866 1250 3930 nituntur,
1284 3874 1338 3917 et
1373 3865 1732 3919 minantcmei
1771 3863 1976 3919 t‘aciuut
2010 3864 2176 3918 llcro-

582 3955 702 4010 dcnt
743 3971 755 4007 :
790 3955 1198 4010 nolebantenim
1223 3972 1344 4010 eum
1379 3957 1571 4009 videre
1600 3954 1888 4009 facientem
1917 3958 2176 4010 miracula

584 4063 651 4100 ne
708 4049 1051 4101 multitudine
1081 4050 1464 4102 miraculorum
1503 4048 1684 4101 turbas
1715 4049 1815 4102 sibi
1841 4050 2152 4103 conciliaret

578 4149 637 4191 et
687 4139 884 4192 virtute
937 4140 1086 4192 verbi
1143 4141 1206 4192 ad
1244 4155 1302 4194 se
1349 4129 1607 4192 alliceret.
1667 4139 1974 4194 [’rwlexuut
2015 4117 2177 4214 igitu;

597 4229 890 4296 Herodem,
913 4243 968 4286 et
1001 4232 1202 4298 litigant
1221 4233 1319 4286 sibi
1343 4230 1642 4287 Sa'lvatoris
1670 4248 1852 4286 curam
1881 4248 2022 4289 esse.
2061 4235 2180 4303 Ipse

580 4324 739 4395 391
806 4336 984 4380 autem
1019 4327 1179 4380 corda
1229 4327 1439 4380 illorum
1495 4326 1713 4391 sciens,
1773 4337 2051 4380 mansuete
2114 4336 2172 4380 et

584 4417 899 4471 adumbrate
938 4433 1032 4485 pro
1059 4434 1206 4472 more
1244 4433 1339 4471 suo
1367 4416 1446 4471 eis
1472 4420 1761 4486 respondet
1787 4437 1800 4472 ι
1833 4418 1999 4474 Dicite
2027 4420 2171 4489 vulpi

2343 3153 2360 3184 ι
2412 3135 2499 3186 Ἐν
2548 3136 2686 3204 αὐτῇ
2729 3136 2793 3204 τῇ
2832 3133 3011 3202 ἡμέρᾳ
3043 3130 3351 3200 προσῆλθόν
3391 3147 3534 3194 τινες
3573 3129 3857 3197 Φαρισαῖοι

2281 3226 2533 3293 λέγοντες
2587 3224 2734 3295 αὐτῷ
2763 3241 2774 3254 ·
2812 3224 3056 3288 Ἔξελθε,
3087 3223 3179 3276 καὶ
3205 3222 3438 3292 πορεύου
3470 3221 3748 3281 ἐντεῦθεν,
3773 3221 3857 3272 ὅτι

2290 3316 2535 3387 Ἡρώδης
2567 3317 2710 3370 θέλει
2771 3335 2830 3369 σε
2889 3319 3228 3371 ἀποκτεῖναι.
3261 3315 3391 3381 Kal:
3416 3310 3568 3367 εἶπεν
3621 3314 3804 3370 αὐτοῖς
3837 3329 3852 3342 ⁶

2278 3409 2640 3476 Πορευθέντες
2671 3411 2858 3461 εὖπατε
2884 3412 2953 3479 τῇ
2977 3409 3228 3462 ἀλώπεκι
3245 3406 3438 3478 ταύτῃ,
3459 3406 3588 3460 Ἰδοὺ
3614 3407 3860 3459 ἐκϐάλλω

2275 3500 2544 3568 δαιμόνια,
2586 3500 2678 3553 καὶ
2729 3500 2898 3560 ἰάσεις
2932 3496 3168 3550 ὲπιτελῶ
3201 3499 3438 3566 σήμερον
3497 3496 3590 3549 καὶ
3643 3494 3855 3564 αὔριον,

2278 3576 2372 3645 καὶ
2403 3595 2468 3662 τῇ
2496 3593 2654 3664 τρίτῃ
2681 3592 3014 3664 τελειοῦμαι.
3055 3591 3201 3663 Πλὴν
3229 3591 3310 3644 δεῖ
3359 3606 3426 3661 με
3487 3590 3732 3660 σήμερον
3761 3588 3855 3641 καὶ

2278 3686 2465 3755 αὔριον
2490 3687 2584 3740 καὶ
2600 3690 2666 3756 τῇ
2692 3686 2927 3756 ἐχομένη
2960 3685 3312 3754 πορεύεσθαι,
3345 3687 3424 3737 ὅτι
3455 3683 3555 3737 οὐκ
3581 3682 3856 3752 ἐνδέχεται

2281 3779 2566 3848 προφήτην
2589 3777 2879 3830 ἀπολέσθαι
2909 3777 3013 3841 ἔξω
3048 3774 3425 3846 Ἰερουσαλήμ.
3461 3793 3478 3827 ι
3517 3775 3703 3843 Φθόνῳ
3748 3774 3860 3825 δια-

2281 3870 2570 3939 τηκόμενοι
2594 3870 2640 3920 οἱ
2670 3870 2967 3937 κατάρατοι
2989 3870 3273 3938 Φαρισαῖοι
3315 3866 3572 3934 ἐκφοὸεῖν
3626 3865 3860 3936 πειρῶν-

2280 3979 2369 4015 ται
2396 3962 2486 4014 τὸν
2513 3961 2718 4032 Κύριον
2742 3962 2837 4013 καὶ
2860 3962 2952 4013 τὸν
2990 3961 3235 4030 Ἡρώδην
3263 3959 3654 4012 ἐπαπειλοῦσιν
3675 3957 3823 4026 αὐτῷ
3844 3971 3857 3985 '

2280 4053 2340 4103 οὑ
2376 4052 2482 4120 γὰρ
2514 4051 2886 4121 ἡθελοναύτὺν
2911 4053 3045 4121 όρᾷν
3075 4050 3621 4120 θαυματουργοῦντα,
3653 4050 3740 4103 ἵνα
3789 4049 3861 4120 μὴ

2280 4141 2355 4212 τῷ
2389 4143 2587 4211 πλήθει
2613 4143 2720 4195 τῶν
2751 4141 2995 4212 σημείων
3030 4143 3332 4210 ἐφέλκηται
3359 4142 3484 4205 τοὺς
3511 4142 3728 4212 ὄχλους,
3768 4143 3860 4195 καὶ

2279 4237 2344 4304 τῇ
2398 4235 2492 4286 τοῦ
2540 4235 2704 4301 λόγου
2765 4235 2998 4303 δυνάμει
3055 4233 3328 4287 διδάσκων
3371 4234 3676 4304 ἐπιστρέφῃ
3729 4235 3864 4304 πρὸς

2283 4323 2960 4393 ὲκυτόν.11ροφασίζονται
3008 4319 3102 4376 οὖν
3173 4322 3265 4374 τὸν
3313 4323 3579 4393 Ἡρώδην,
3617 4325 3714 4376 καὶ
3766 4329 3866 4393 κήο

2282 4415 2466 4468 δεσθαι
2531 4416 2622 4468 τοῦ
2677 4416 2932 4485 Σωτῆρος
2993 4415 3440 4487 σχηματίζονται.
3509 4416 3752 4481 Ἐκεῖνος
3813 4418 3866 4471 5s

589 4509 730 4564 huic.
766 4509 830 4561 Et
857 4512 1064 4564 videtur
1087 4512 1299 4579 quidem
1330 4510 1593 4565 llerodem
1625 4512 1893 4580 appellare
1924 4513 2156 4581 vulpem,

2272 4505 2426 4568 εἰδώς
2452 4507 2550 4568 τὰς
2581 4507 2810 4574 καρδίας
2856 4506 3058 4572 αὐτῶν,
3112 4506 3300 4575 πράως
3344 4523 3404 4558 τε
3436 4507 3532 4559 καὶ
3573 4524 3865 4562 συνεσκια-

590 4605 684 4656 sed
736 4602 1038 4655 Pharismus
1077 4613 1245 4667 notat,
1278 4605 1321 4654 si
1348 4605 1466 4671 quis
1507 4605 1796 4671 diligenter
1831 4609 2156 4661 consideret.

591 4694 704 4750 Non
737 4697 880 4749 enim
914 4697 1069 4758 dixit,
1109 4697 1250 4764 vulpi
1280 4696 1376 4759 illi,
1421 4699 1515 4751 sed
1552 4698 1696 4760 buic,
1731 4699 1902 4752 media
1935 4701 2162 4767 quadam

589 4803 722 4842 voce
757 4804 906 4851 usus,
945 4789 1104 4856 idque
1159 4788 1315 4842 scite.
1353 4788 1627 4856 Singulari
1664 4804 1887 4843 numero
1936 4791 2164 4844 dicendo

589 4881 826 4950 vulpem,
875 4880 1138 4934 llerodem
1173 4881 1290 4934 illos
1314 4883 1581 4948 suspicari
1620 4881 1786 4934 fecit:
1822 4881 2050 4935 dicendo
2073 4897 2165 4934 au-

589 4983 718 5038 tem,
768 4973 908 5035 huic,
962 4973 1101 5040 quod
1165 4984 1248 5025 est
1313 4989 1607 5040 pronomen
1663 4974 2166 5037 demonsuativum,

593 5064 888 5117 in~innavit
919 5065 1052 5117 istos
1093 5063 1237 5131 ipsos
1271 5078 1389 5117 esse
1424 5063 1636 5117 dolosos
1667 5063 1805 5116 illos.
1835 5062 1895 5115 Et
1931 5062 2171 5127 profecto

596 5154 846 5209 Pltariszci
885 5171 991 5224 prre
1022 5171 1079 5208 se
1131 5155 1375 5208 fert-bant
1428 5156 1690 5224 malignos
1745 5154 2169 5221 t'ersipcllcsqne

597 5247 829 5316 vulpium
865 5262 1059 5301 mures.
1097 5247 1227 5300 Vide
1258 5258 1458 5307 autem,
1509 5264 1626 5308 oru,
1657 5246 1926 5315 quomodo
1955 5245 2172 5298 malitia:

593 5353 778 5390 eorum
816 5338 1146 5404 respondeat.
1169 5338 1304 5403 Quia
1332 5339 1472 5390 enim
1493 5339 1786 5407 illipropzer
1811 5339 2071 5390 sanitates
2093 5335 2177 5388 ia-

593 5428 866 5493 videbant,
899 5438 952 5483 ct
976 5429 1305 5483 incutiebant
1329 5429 1377 5485 ei
1405 5440 1597 5483 metum
1624 5445 1688 5484 ex
1714 5431 1944 5492 llerode,
1974 5430 2174 5483 idcirco

599 5522 715 5592 ipse
741 5524 789 5575 id
815 5524 955 5589 quod
987 5521 1197 5578 sciebat
1220 5522 1322 5579 illis
1349 5523 1693 5592 potissimum
1743 5524 1952 5588 dolere,
2000 5523 2128 5577 dicit
2160 5540 2172 5575 :

604 5613 743 5666 Ecce
781 5614 924 5666 enim
951 5627 1072 5682 ego,
1108 5613 1303 5682 inquit,
1335 5616 1594 5669 sanitates
1617 5615 1856 5684 periit-io,
1890 5626 1947 5669 et
1977 5616 2178 5668 daemo-

607 5703 693 5756 nia
745 5703 922 5769 ejicio.
963 5701 1121 5770 Nam,
1177 5706 1319 5758 sicut
1365 5705 1680 5774 prmdictutn
1737 5713 1844 5772 cst,
1891 5715 2175 5776 proptcrca

611 5793 1012 5852 insectabantur
1043 5810 1188 5863 eum,
1228 5805 1283 5852 ut
1312 5813 1376 5853 ne
1411 5795 1689 5856 miraculi:
1720 5796 1952 5855 ostensis
1980 5797 2178 5854 multos

2271 4597 2502 4666 σμένως,
2531 4598 2603 4658 ὡς
2641 4598 2761 4660 ἔθος
2789 4598 2959 4667 αὐτῷ,
2997 4599 3353 4670 ἀποκρίνεται
3390 4601 3571 4662 αὐτοῖς
3593 4641 3608 4664 ,
3643 4601 3735 4653 καί
3764 4617 3865 4669 φη-

2272 4709 2376 4752 σιν,
2409 4691 2611 4742 Εἴπατε
2647 4693 2712 4758 τῇ
2748 4690 2993 4744 ἀλώπεκι
3031 4691 3236 4764 ταύτην
3275 4693 3371 4745 καὶ
3411 4692 3561 4746 δοκεῖ
3591 4690 3692 4760 μὲν
3718 4691 3864 4744 ἀλώ-

2275 4800 2416 4834 πεκα
2450 4782 2539 4833 τὸν
2581 4783 2830 4853 Ἡρώδην
2882 4782 3193 4852 ὀνομάζειν,
3243 4787 3370 4848 τοὺς
3424 4772 3761 4854 ⁴ιίαρισαίους
3809 4783 3866 4836 δὲ

2279 4876 2496 4944 μᾶλλον,
2529 4873 2691 4937 εἴτις
2748 4875 2995 4944 ἀκριϐῶς
3058 4875 3433 4947 σκοποίη..οὐ
3473 4877 3583 4946 γάρ
3613 4873 3762 4944 εῐπε,
3800 4878 3865 4947 τῇ

2273 4965 2517 5019 ἀλώπεκι
2549 4967 2757 5038 ἐκείνῃ,
2813 4967 2948 5020 ἀλλά
2981 4967 3176 5040 ταύτῃ,
3236 4969 3378 5040 μέσῃ
3423 4970 3530 5021 τινὶ
3582 4967 3865 5039 χρώμενος

2278 5059 2451 5127 φωνῇ,
2484 5057 2572 5110 καί
2597 5075 2660 5124 γε
2690 5058 2930 5126 εὐφυῶς.
2956 5061 3056 5115 Διά
3081 5061 3182 5130 μὲν
3215 5062 3325 5130 γὰρ
3339 5062 3433 5115 τοῦ
3464 5062 3665 5125 ἑνικῶς
3697 5063 3870 5116 είπιῖν

2277 5149 2542 5211 ἀλώπεκι,
2581 5150 2670 5202 τὸν
2716 5149 2962 5223 Ἡρώδην
3001 5153 3235 5206 δέδωκεν
3275 5153 3508 5217 ἐκείνοις
3547 5153 3864 5220 ὑπολαϐεῖν,

2277 5240 2363 5292 διὰ
2393 5241 2447 5293 δὲ
2470 5241 2564 5294 τοῦ
2600 5242 2891 5308 δεικτικῶς
2943 5245 3110 5314 φάναι
3145 5245 3344 5320 ταύτῃ,
3392 5246 3592 5310 αὐτοὺς
3621 5246 3865 5310 ἐκείνους

2279 5335 2405 5397 τοὺς
2459 5335 2711 5403 δολεροὺς
2742 5336 2992 5406 ᾐνίξατο·
3025 5337 3103 5408 τῷ
3133 5338 3248 5391 ὖντι
3279 5337 3390 5410 γάρ
3419 5339 3481 5391 τὸ
3515 5339 3616 5409 τῆς
3651 5338 3864 5392 ἀλώπε·

2281 5443 2372 5488 κος
2403 5426 2709 5496 πανοῦργον
2770 5429 2866 5481 καὶ
2911 5429 3214 5498 δύστροπον
3237 5432 3285 5484 οῖ
3327 5433 3612 5503 Φαρισαῖοι
3650 5429 3860 5485 ἐπεδεί-

2283 5535 2461 5572 κνυτο.
2501 5520 2642 5588 Ὅρα
2671 5519 2726 5572 δέ
2759 5537 2849 5589 μοι
2874 5523 2991 5585 πῶς
3027 5522 3164 5590 πρὸς
3190 5522 3291 5594 τὴν
3322 5524 3662 5594 κακουργίαν
3687 5523 3866 5578 αὐτῶν

2283 5611 2640 5680 ἀποκρίνεται
2674 5613 2880 5676 αὐτοῖς.
2901 5615 3055 5667 Ἐπεὶ
3080 5615 3190 5686 γὰρ
3217 5617 3416 5669 ικεῖνοι
3446 5615 3536 5669 διὰ
3563 5616 3662 5676 τάς
3696 5615 3868 5677 ἰάσεις

2286 5706 2607 5774 φθονοῦντες
2635 5707 2724 5758 τὸν
2746 5709 2811 5759 ὲκ
2837 5707 2931 5760 τοῦ
2969 5707 3212 5778 Ἡρώδου
3243 5709 3406 5778 φόϐον
3432 5709 3581 5780 αὺτῷ
3599 5711 3864 5775 ἑπὲσειον,

2295 5798 2474 5864 αὐτὸς,
2511 5797 2645 5868 ὅπερ
2683 5797 2949 5870 ἠπίστατο
2979 5800 3172 5857 λυπεῖν
3201 5801 3466 5870 ἐκείνους,
3496 5801 3655 5856 τοῦτο
3685 5801 3863 5872 λέγει’
