4110 6332
290 312 403 372 923

1016 310 1465 370 ENARIIA'I'IO
1501 310 1580 370 IN
1627 259 2130 372 EVANGELIUM
2170 311 2411 374 LUC/E.
2452 335 2524 348 ’-
2563 312 2726 373 CAP.
2767 309 2942 373 XIII.

3511 308 3620 374 923

306 427 444 482 Ἰδοὺ
474 426 602 496 γὰρ,
637 425 823 496 φησὶν,
869 421 1102 476 ἐπιτελώ
1132 421 1328 488 ἰάσεις,
1363 423 1458 474 καὶ
1489 421 1749 491 δαιμόνια
1799 424 1893 474 ἐκ-

2003 421 2071 474 ad
2137 421 2470 476 credendum
2501 420 2606 476 sibi
2662 420 2927 477 alliceret.
2995 418 3170 475 Hodie
3211 433 3345 476 vero
3387 429 3442 475 et
3495 436 3623 477 cras

291 520 483 573 ϐάλλω
501 535 514 549 ο
544 519 618 582 ὡς
645 520 754 588 γάρ
786 514 1134 586 προείρηται,
1158 514 1245 567 διὰ
1269 512 1429 566 τοῦτο
1461 514 1687 566 ἐδίωκον
1715 513 1900 577 αὑτὸν,

295 615 388 667 ἵνα
423 615 498 683 μὴ
534 616 599 682 τῇ
631 612 741 665 τῶν
794 608 1116 684 παραδόξων
1162 607 1424 670 ἐπιδείξει
1458 607 1744 676 χρώμενος
1806 624 1904 659 σα-

291 707 507 779 γηνεύῃ
535 705 762 767 πολλοὺς
794 704 874 766 είς
905 701 966 763 τὸ
1003 700 1282 754 πιστεύειν
1305 698 1473 768 αὐτῷ.
1514 700 1587 752 Τὸ
1609 699 1689 763 δὲ,
1732 702 1904 769 σήμε-

295 821 392 874 ρον
420 803 514 854 καὶ
542 799 750 871 αὔριον,
801 797 1055 860 πλείονας
1094 793 1312 864 ἡμέρας
1351 793 1524 864 δηλοῖ.
1555 794 1773 862 Ὥσπερ
1807 793 1901 846 οὖν

292 898 392 948 καὶ
440 897 602 964 ἡμεῖς
654 891 932 961 εἰώθαμεν
978 892 1038 944 ἐν
1072 891 1139 960 τῇ
1193 887 1418 958 συνήθει
1468 888 1660 958 ὁμιλίᾳ
1695 887 1898 954 λέγειν,

295 991 553 1059 Σήμερον
605 987 698 1040 καὶ
724 985 917 1056 αὖριον
940 984 1151 1052 γίνεται
1186 981 1332 1048 τόδε,
1367 981 1428 1034 οὐ
1454 981 1676 1044 πάντως
1703 980 1864 1033 τοσού
1882 1009 1900 1020 -

289 1099 372 1151 τῳ
401 1081 737 1149 διαστήματι
789 1079 849 1130 τὸ
878 1076 1040 1146 ἔργον
1071 1075 1504 1143 περικλείοντες,
1543 1073 1681 1127 ἀλλά
1716 1073 1776 1124 τὸ
1799 1089 1897 1127 τα-

290 1173 432 1242 χέως
465 1171 789 1241 γενήσεσθαι
810 1167 1102 1238 δηλοῦντες
1124 1187 1137 1200 ο
1171 1165 1346 1229 οὕτως
1371 1162 1466 1219 οῦν
1491 1167 1588 1219 καὶ
1617 1167 1644 1218 6
1662 1165 1899 1235 Χριστὸς

289 1265 490 1330 εἰπὼν,
516 1267 598 1318 ὃτι
624 1265 822 1324 ’ἰάσεις
868 1260 1106 1315 ἐπιτελῶ
1127 1262 1395 1330 σήμερον,
1433 1260 1530 1314 καὶ
1558 1257 1773 1328 αὔριον,
1803 1260 1898 1310 καὶ

289 1361 360 1430 τῇ
380 1358 540 1428 τρίτῃ
567 1358 748 1428 ἡμέρᾳ
785 1354 1101 1423 τελειοῦμαι
1129 1392 1144 1418 ,
1169 1353 1230 1406 οὐ
1262 1353 1481 1414 πάντως
1507 1351 1668 1405 τοῦτο
1695 1351 1895 1422 ἐδήλω-

294 1471 380 1519 σε,
429 1455 489 1506 τὸ
539 1454 598 1503 ἐν
635 1453 699 1520 τῇ
747 1450 908 1522 τρίτῃ
939 1449 1125 1519 ἡμέρᾳ
1158 1449 1478 1514 ἀναγκαίως
1510 1446 1894 1516 τελειωθῆναι,

290 1549 430 1602 ἀλλά
454 1547 514 1600 τὸ
541 1545 822 1614 συντόμως
844 1545 935 1595 τὸν
967 1541 1203 1594 θάνατον
1235 1539 1404 1594 αὑτοῦ
1439 1539 1770 1608 γενήεεσθαι
1796 1539 1892 1605 δη-

289 1639 392 1693 λοῖ.
426 1637 571 1706 Πλὴν
594 1635 675 1688 δεῖ
707 1651 772 1704 με
808 1633 1053 1703 σήμερον
1100 1630 1195 1683 καὶ
1233 1627 1446 1695 αῠριον,
1480 1625 1728 1679 τουτέστι
1771 1626 1895 1694 χρόα

289 1749 382 1783 νον
407 1731 548 1794 τινὰ,
588 1729 913 1800 προσμεῖναι
943 1715 1190 1778 ἐνταῦθα’
1215 1719 1765 1791 θαυματουργοῦντα,
1799 1718 1894 1771 καὶ⁴

289 1829 360 1898 τῇ
393 1826 626 1897 ἐχομένῃ
649 1820 977 1893 πορεύεσθαι
1009 1820 1087 1881 είς
1126 1815 1511 1885 Ἰερουσαλήμο
1550 1815 1727 1866 ἐκεῖσε
1786 1811 1895 1880 γὰρ

290 1918 550 1989 ἐφώρισα
578 1914 800 1985 ἐμαυτῷ
830 1914 890 1966 τὸ
921 1911 1116 1974 πάθος.
1155 1909 1380 1978 Ἐπειδὴ
1411 1907 1519 1979 γὰρ
1551 1909 1749 1960 ἐκεῖνοι
1779 1905 1894 1956 ἐλε-

291 2028 390 2074 γον
417 2009 566 2078 αὑτῷ
591 2027 602 2038 ·
636 2005 883 2071 Ἔξελθε,
920 2005 1002 2058 ὅτι
1051 2002 1298 2072 Ἡρώδης
1323 2000 1509 2071 μέλλει
1542 2017 1601 2050 σε
1627 1997 1895 2065 φονεύειν,

287 2105 348 2155 ἐν
382 2104 448 2170 τῇ
485 2099 746 2169 Γαλιλαέᾳ
777 2097 832 2149 δέ
878 2094 1054 2149 ταῦτα
1095 2095 1306 2161 ελεγον,
1337 2093 1555 2162 ἐκείνης
1580 2092 1689 2160 γάρ
1721 2088 1898 2157 Ἠρώ-

287 2193 385 2266 δης
414 2189 574 2264 ἦρχε,
630 2191 904 2243 δείκνυσιν
936 2190 1145 2250 αὐτοῖς,
1195 2188 1278 2240 ὃτι
1319 2188 1410 2239 καὶ
1461 2185 1634 2238 πολλὰ
1673 2185 1898 2255 βουλευο

286 2287 474 2356 ομένῳ
513 2283 729 2355 Ἡρώδῃ
763 2285 866 2335 οὐκ
913 2282 1068 2333 ἔσται
1099 2279 1265 2333 αὑτὸν
1317 2279 1553 2332 ἀνελεῖν·
1586 2279 1647 2332 οὐ
1679 2281 1788 2350 γὰρ
1839 2283 1898 2334 ἐν

287 2378 574 2446 Γαλιλαίᾳ,
597 2375 712 2428 ἀλλ’
740 2376 798 2427 ἐν
829 2372 1193 2444 Ἰερουσαλὴμ
1220 2370 1560 2444 προώρισται
1597 2373 1745 2442 αὑτῷ
1787 2391 1894 2426 πα-

287 2467 429 2519 θεῖν.
466 2467 584 2517 Ἵνα
614 2464 671 2516 δέ
710 2479 792 2515 σοι
826 2463 1014 2515 καὶτὸ
1051 2463 1216 2532 ῥητὸν
1267 2462 1360 2514 τοῦ
1417 2462 1756 2530 Εὐαγγελίου
1799 2481 1900 2516 σα·

297 2561 567 2629 φέστερον
593 2555 867 2626 ἐκθῶμαι,
929 2556 1008 2627 μὴ
1037 2556 1241 2626 νοήσῃς
1285 2555 1369 2607 ὅτι
1404 2555 1485 2608 δεῖ
1523 2575 1590 2626 με
1655 2560 1886 2629 σήμεροι

294 2652 393 2705 καὶ
422 2650 613 2722 αὔριον
664 2649 1021 2720 πορεύεσθαι,
1054 2648 1191 2702 ἀλλὰ
1244 2649 1405 2718 στῆθι
1437 2649 1565 2719 ἄχρι
1593 2648 1689 2702 τοῦ
1725 2653 1896 2720 σήμε-

295 2759 390 2811 ρον
433 2741 527 2794 καὶ
579 2738 768 2811 αὔριον
788 2755 802 2770 °
837 2740 934 2792 καὶ
963 2738 1139 2802 οὕτως
1170 2739 1298 2790 είπέ
1329 2737 1413 2802 τὸ,
1442 2741 1508 2808 τῇ
1530 2737 1770 2808 ἐχομένῃ
1797 2755 1897 2790 που

287 2833 570 2901 ρεύεσθαι,
628 2828 739 2886 οἷον
772 2831 1037 2894 πολλάκις
1080 2830 1448 2902 ἀριθμοῦντες
1488 2831 1767 2900 εἰώθαμεν
1801 2831 1896 2882 λέ.

285 2944 432 2995 γειν,
481 2927 629 2995 Ἐγὼ
661 2927 920 2996 Κυριακῇ
968 2924 1203 2996 δευτέρᾳ.
1255 2925 1348 2977 καὶ
1379 2924 1541 2995 τρίτῃ
1575 2923 1891 2993 ἐξέρχομαι,

284 3024 388 3092 οὐχ
417 3023 492 3084 ὡς
534 3020 744 3092 μέλλων
781 3020 876 3073 καί
906 3020 964 3071 ἐν
988 3021 1054 3088 τῇ
1081 3019 1363 3090 κυριακῇ,
1399 3018 1493 3071 καὶ
1527 3019 1583 3071 ἐν
1607 3019 1673 3087 τῇ
1708 3017 1891 3072 δευτέ-

2010 515 2195 584 plures
2227 514 2342 570 dies
2369 514 2650 584 signiﬁcat
2679 531 2694 568 :
2727 514 3192 585 quemadmodum
3232 524 3282 570 et
3318 531 3420 570 nos
3463 515 3622 571 fami.

2008 608 2128 662 Iiarl
2162 623 2416 663 sermone
2472 607 2855 663 consuevimus
2904 608 3085 662 dicere
3129 623 3145 660 :
3194 605 3366 662 Hodie
3399 616 3455 663 et
3494 623 3620 663 cras

2009 703 2102 754 ﬁet
2138 701 2241 754 hoc
2280 717 2294 754 :
2345 716 2453 755 non
2513 701 2740 755 omnino
2787 699 2928 754 intra
2985 709 3092 752 tam
3127 699 3294 753 breve
3359 699 3619 768 temporis

2008 793 2358 847 intervallum
2411 808 2524 847 rem
2562 792 3107 855 circumscribentes,
3141 792 3236 845 sed
3268 791 3458 845 Statim
3494 790 3610 845 ﬁeri

2005 884 2404 954 significantes,
2439 885 2512 938 ita
2556 884 2719 938 etiam
2755 883 3030 946 Christus,
3076 883 3264 938 dicens
3297 901 3310 938 :
3343 882 3618 938 Sanitatea

2004 976 2230 1046 perlicio
2257 977 2420 1032 hodie
2453 986 2505 1032 ct
2530 992 2678 1042 cras,
2709 987 2763 1032 et
2789 979 2951 1032 tertio
2981 979 3069 1033 die
3095 992 3445 1032 eonsumntor
3469 993 3483 1032 :
3511 990 3615 1030 non

2003 1070 2230 1125 omnino
2258 1069 2576 1140 signiﬁcare
2598 1071 2773 1125 voluit
2805 1071 2946 1140 quod
2985 1071 3146 1126 tertio
3177 1070 3267 1125 die
3295 1071 3617 1124 necessario

2005 1163 2075 1214 sit
2110 1163 2599 1225 consummandns,
2631 1164 2725 1217 sed
2757 1162 2904 1217 brevi
2935 1171 3164 1216 mortem
3192 1176 3347 1216 suam
3374 1160 3614 1215 futuram

2004 1253 2264 1307 declarat.
2301 1253 2694 1308 Verumtamen
2726 1261 2940 1322 oportet
2966 1267 3051 1308 me
3085 1255 3243 1308 hodie
3264 1262 3318 1308 et
3344 1267 3489 1317 cras,
3517 1253 3620 1307 hoc

2001 1359 2086 1402 est
2147 1349 2330 1416 aliquo
2362 1358 2628 1417 tempore,
2687 1363 2910 1403 manere
2968 1349 3070 1401 hoc
3104 1347 3244 1413 loco,
3298 1356 3352 1401 et
3400 1347 3615 1415 operari

2003 1441 2282 1504 miracula,
2311 1450 2362 1494 et
2395 1441 2643 1510 sequenti
2689 1441 2739 1493 in
2786 1439 3086 1495 Jerusalem
3143 1440 3461 1508 prolicisci:
3510 1439 3620 1494 illic

1999 1535 2144 1589 cnim
2193 1533 2328 1602 elegi
2376 1545 2628 1588 mortem.
2698 1533 2835 1599 Quia
2876 1534 3022 1588 enim
3064 1533 3138 1587 illi
3196 1533 3453 1588 dicebant
3507 1533 3555 1586 ei
3599 1545 3614 1582 :

2002 1628 2298 1699 Egredere,
2328 1628 2456 1698 quia
2494 1625 2741 1680 Herodes
2790 1636 2842 1680 te
2897 1627 3184 1681 occisurus
3225 1635 3331 1680 est.
3371 1625 3429 1680 In
3467 1625 3618 1681 Gali-

2003 1722 2099 1775 Iu’tt
2146 1733 2327 1776 autem
2374 1723 2490 1774 haec
2525 1719 2808 1786 dicebant,
2866 1720 2953 1774 cui
3019 1728 3249 1787 pra-erat
3292 1719 3542 1776 herodes
3598 1737 3617 1776 :

2004 1824 2270 1870 monstrat
2339 1815 2460 1881 eis,
2556 1813 2770 1868 etiamsi
2845 1812 3138 1879 plurimum
3223 1813 3424 1881 vellet,
3509 1828 3617 1869 non

2001 1925 2158 1980 posse
2184 1910 2252 1964 ab
2285 1897 2377 1963 illo
2410 1923 2470 1964 se
2508 1907 2788 1963 interimi:
2825 1923 2930 1961 non
2967 1908 3111 1960 enim
3145 1906 3198 1960 in
3244 1906 3488 1971 Galilaea,
3523 1909 3620 1962 sed

2000 2001 2304 2056 Jerusalem
2375 2001 2702 2072 praefinitum
2772 2011 2892 2054 erat
2955 1999 3236 2054 Christum
3312 2014 3434 2054 esse
3484 2015 3616 2070 pas-

2003 2116 2222 2169 surum.
2271 2098 2338 2152 Et
2393 2107 2450 2152 ut
2516 2097 2609 2150 tibi
2660 2096 2938 2165 Evangelii
2989 2097 3195 2148 dictum
3269 2093 3618 2150 manifestius

2000 2203 2295 2254 exponam,
2334 2203 2456 2242 cum
2491 2186 2709 2257 legeris,
2754 2187 2914 2240 hodie
2961 2195 3015 2241 et
3044 2202 3189 2252 cras,
3221 2197 3484 2255 punctum
3533 2188 3616 2240 fa-

1999 2281 2131 2342 cito,
2167 2290 2222 2333 et
2266 2289 2393 2332 tunc
2433 2277 2545 2342 dic,
2584 2278 2836 2348 proximo
2876 2280 2966 2334 die
2997 2281 3269 2350 proticisci
3295 2300 3308 2333 :
3338 2282 3619 2351 quomodo

2004 2384 2364 2428 numerantes
2407 2387 2551 2444 saepe
2592 2375 2772 2429 dicere
2797 2375 3229 2430 consuevimus:
3276 2375 3390 2446 Ego
3432 2373 3620 2430 Domi-

2003 2468 2123 2520 nieo
2183 2468 2424 2521 secundo
2474 2475 2532 2521 et
2591 2467 2752 2522 tertio
2801 2467 2889 2520 die
2942 2467 3197 2538 egredior
3242 2484 3257 2521 :
3300 2483 3412 2522 non
3469 2469 3616 2538 quod

2003 2575 2331 2631 egressurus
2381 2560 2482 2615 sim
2540 2560 2824 2615 Dominico
2865 2569 2920 2614 et
2960 2561 3224 2626 secundo,
3277 2561 3378 2617 sed
3437 2564 3616 2617 solum

2005 2658 2138 2709 .luos
2176 2655 2296 2710 illos
2325 2655 2440 2708 dies
2469 2668 2888 2716 enumeramus,
2923 2662 2982 2708 nt
3025 2653 3443 2710 manifestemus
3470 2654 3617 2710 diem

2001 2748 2244 2803 tet-tium.
2285 2746 2362 2800 Ita
2399 2760 2533 2800 sane
2593 2755 2647 2799 ct
2700 2744 2968 2800 Dominus
3009 2746 3113 2800 hoc
3139 2746 3260 2800 loco
3299 2747 3453 2817 prius
3483 2762 3620 2802 enu-

2001 2855 2240 2902 merans,
2276 2839 2488 2906 inquit:
2527 2837 2752 2905 Oportet
2802 2853 2886 2893 me
2944 2838 3106 2894 hodie
3137 2850 3194 2894 et
3231 2855 3383 2906 cras,
3422 2840 3619 2898 deinde

2000 2932 2158 3013 tertio
2183 2931 2451 3000 proticisci
2490 2930 2541 2984 in
2578 2930 2879 2986 Jerusalem
2911 2949 2926 2988 :
2955 2931 3063 2986 illic
3092 2934 3238 2986 enim
3276 2935 3400 2989 linis
3442 2950 3618 3010 meus.

1998 3023 2156 3080 Sicut
2183 3034 2363 3079 autem
2417 3039 2580 3093 supra
2610 3025 2870 3092 diximus,
2902 3041 3006 3080 non
3039 3027 3180 3094 quod
3214 3028 3390 3083 tribus
3421 3028 3620 3085 diebus

288 3133 359 3185 p;
388 3113 644 3178 ἐξελθεῖν,
675 3111 791 3164 ἀλλ’
823 3110 1311 3183 ἀπαριθμούμενος
1348 3111 1511 3180 μόνον
1541 3110 1639 3172 τὰς
1668 3110 1782 3173 δύο,
1803 3109 1892 3162 ἵνα

2004 3119 2172 3170 vitam
2224 3132 2378 3171 suam
2436 3117 2885 3183 circumscribat,
2953 3121 3046 3174 sed
3097 3119 3347 3190 pluribus
3395 3124 3618 3192 quidem

284 3207 517 3278 δηλώσω
547 3205 644 3275 τὴν
672 3206 890 3276 τρίτην.
925 3204 1114 3267 Οὕτως
1143 3199 1238 3257 οὖν
1264 3204 1358 3256 καί⁵
1376 3205 1402 3256 6
1421 3201 1628 3272 Κύριος
1655 3201 1894 3254 ἐνταῦθα

283 3304 480 3372 ὥσπερ
510 3297 1004 3369 ἀπαριθμούμενός
1056 3313 1213 3367 φησι,
1260 3297 1353 3348 Δεῖ
1412 3312 1479 3366 με
1528 3296 1770 3365 σήμερον
1799 3294 1896 3347 καὶ

283 3394 502 3464 αὔριον,
538 3387 657 3445 εἶτα
690 3394 756 3463 τῇ
791 3391 955 3462 τρίτῃ
987 3388 1322 3459 πορεύεσθαι
1375 3391 1455 3452 είς
1503 3387 1891 3458 Ἰερουσαλήμο

282 3490 467 3541 ἐκεῖσε
518 3486 626 3556 γάρ
690 3502 780 3556 μοι
831 3485 893 3537 τὸ
942 3485 1099 3547 τέλος
1133 3482 1470 3551 ἀφώρισται,
1527 3483 1801 3553 Καθάπερ
1837 3483 1893 3534 δὲ

282 3579 550 3648 ἀνωτέρω
581 3576 894 3646 ἐξιίπομεν,
933 3575 1054 3644 οὐχὶ
1082 3573 1158 3637 ὡς
1202 3575 1260 3625 ἐν
1290 3575 1473 3644 τρισὶν
1521 3574 1761 3642 ἡμέραις
1793 3589 1895 3624 πε-

285 3671 544 3742 ρικλείων
563 3671 664 3742 τὴν
709 3669 906 3724 ἑαυτοῦ
952 3667 1100 3737 ζωὴν
1146 3669 1174 3720 ό
1231 3666 1458 3736 Κύριος,
1495 3665 1668 3718 ταῦτά
1702 3683 1890 3734 φησιν,

281 3764 422 3818 ἀλλὰ
447 3764 700 3826 πλείονας
749 3763 848 3832 μέν
881 3762 1117 3833 ἡμέρας,
1182 3758 1323 3829 πλὴν
1364 3759 1425 3811 οὐ
1473 3759 1617 3812 πάνυ
1678 3761 1892 3829 μακρόν

282 3874 406 3909 τινα
435 3857 628 3925 χρόνον
664 3853 1052 3925 ὑποσημαίνει·
1095 3851 1301 3904 ὡσανεὶ
1332 3851 1442 3920 γὰρ
1498 3850 1725 3904 τοιαῦτά
1755 3867 1891 3919 φησι

283 3947 424 4013 πρὸς
455 3949 582 4008 τοὺς
615 3945 766 4014 αὑτῷ
800 3942 1312 4012 διαφθονουμένουςο
1339 3944 1405 3994 Τί
1437 3941 1528 3994 τὸν
1564 3942 1698 4012 ἐμὸν
1733 3942 1892 4011 μελε-

279 4043 412 4094 τᾶτε
431 4039 696 4102 θάνατον;
734 4037 845 4090 ίδοὺ
875 4033 995 4106 μετ’
1021 4034 1206 4102 ὀλίγον
1239 4035 1399 4088 τοῦτο
1445 4035 1682 4102 γίνεται.
1717 4035 1892 4087 Ὅταν

275 4135 339 4186 δὲ
366 4132 503 4188 ἀκού
516 4149 633 4202 τῃς,
659 4131 742 4184 ὅτι
784 4131 889 4182 οὑκ
915 4129 1188 4199 ἐνδέχεται
1223 4128 1332 4192 ἔξω
1373 4128 1737 4197 Ἰερουσαλήμ
1756 4129 1892 4180 ἀπο-

277 4225 470 4278 λέσθαι
527 4224 838 4294 προφήτην,
902 4222 978 4292 μὴ
1044 4221 1236 4291 νόμιζε
1291 4220 1412 4290 βίαν
1463 4221 1883 4291 ἀναγκαστικὴν

292 4318 573 4382 Ἰουδαίοις
599 4315 911 4384 ἐπάγεσθαι
940 4315 1022 4379 είς
1067 4313 1129 4367 τὸ
1157 4312 1381 4366 τοιαῦτα
1411 4313 1568 4385 δρᾷν,
1601 4315 1666 4367 ἐκ
1694 4314 1788 4366 τοῦ
1819 4315 1888 4368 τὰ

277 4411 508 4465 τοιαῦτα
541 4411 799 4480 γράφειν,
825 4407 960 4460 ἁλλά
994 4409 1060 4478 τῇ
1093 4407 1366 4478 μιαιφόνῳ
1400 4406 1583 4459 αὐτῶν
1617 4407 1886 4479 προαιρέ-

2003 3213 2194 3266 diebus
2222 3254 2234 3274 ,
2301 3223 2681 3266 verumtamen
2735 3228 2839 3265 non
2878 3213 3036 3268 valde
3086 3214 3249 3284 longo
3282 3225 3529 3282 tempore
3559 3232 3621 3272 se

2003 3320 2319 3358 mansurum
2353 3303 2672 3372 signiﬁcat:
2719 3306 2877 3374 quasi
2928 3307 3043 3361 hate
3079 3307 3226 3362 dicat
3281 3309 3348 3363 ad
3377 3324 3472 3363 eos
3524 3311 3619 3381 qni

2000 3398 2102 3452 sibi
2139 3397 2494 3451 invidebant:
2568 3396 2709 3460 Quid
2755 3412 2931 3450 meam
2970 3400 3310 3455 meditamini
3349 3405 3622 3459 mortem?

2000 3505 2131 3543 ecce
2166 3489 2334 3558 paulo
2368 3497 2490 3557 post
2524 3487 2638 3557 ipsa
2668 3492 2920 3544 instabit.
2953 3490 3088 3544 Cum
3119 3508 3252 3547 vero
3277 3495 3436 3549 audis
3471 3499 3619 3567 quod

2003 3585 2120 3637 ﬁeri
2179 3601 2284 3638 non
2334 3585 2510 3653 possit
2540 3597 2696 3638 extra
2728 3585 2891 3655 392
2927 3586 3236 3642 Jerusalem
3273 3589 3453 3655 perire
3490 3606 3622 3658 pro-

2001 3676 2239 3742 phetam,
2303 3689 2370 3728 ne
2433 3684 2593 3741 putes
2643 3673 2862 3734 Judzeos
2921 3677 2969 3728 vi
3017 3679 3256 3746 quadam
3305 3694 3370 3734 ac
3434 3696 3626 3742 ncces.

2000 3771 2162 3823 sitate
2197 3768 2262 3820 ad
2306 3769 2410 3824 hoc
2433 3767 2744 3823 iaciendum
2775 3769 3051 3840 compelli,
3087 3771 3181 3826 sed
3207 3772 3354 3828 scias
3386 3789 3624 3830 censen-

2002 3872 2159 3914 lance
2178 3862 2242 3913 ad
2262 3861 2670 3932 sanguinariam
2693 3862 2910 3917 illorum
2937 3865 3276 3921 voluntatem
3305 3867 3450 3921 istud
3475 3865 3622 3924 dici:

2002 3960 2059 4001 nt
2089 3950 2133 4002 si
2164 3949 2287 4018 quis
2317 3949 2506 4004 videns
2538 3950 2980 4006 crudelissimum
3018 3955 3370 4025 maximeque
3402 3959 3626 4027 sangui-

2001 4039 2214 4090 narium
2252 4039 2519 4093 latronem
2559 4041 2679 4094 vias
2709 4042 2988 4107 obsidere,
3025 4044 3234 4099 diceret
3262 4049 3297 4112 ;:
3332 4045 3476 4100 Fieri
3515 4062 3622 4102 non

2000 4140 2201 4197 potest,
2234 4129 2377 4182 viam
2412 4131 2552 4184 hanc
2579 4133 2630 4184 in
2665 4148 2767 4200 qua
2804 4133 2944 4188 latro
2990 4137 3453 4204 prmtcrcuntibus
3485 4139 3625 4194 insi-

1998 4224 2206 4288 diatur,
2239 4239 2267 4277 a
2311 4225 2580 4292 sanguine
2612 4241 2804 4293 pnrant
2841 4242 2987 4281 esse.
3048 4227 3292 4284 Omnino
3340 4232 3486 4284 enim
3520 4233 3627 4288 hoc

1998 4318 2120 4372 loco
2160 4317 2304 4385 quod
2357 4328 2794 4373 consentaneum
2852 4331 2933 4373 est
2985 4323 3050 4375 ad
3094 4338 3261 4393 opera
3318 4323 3622 4392 latronum,

1997 4409 2150 4462 dicit.
2185 4407 2276 4464 Sic
2304 4409 2467 4478 igitur
2491 4419 2545 4464 et
2568 4409 2619 4463 in
2654 4409 3056 4482 Hierosolyma,
3087 4431 3249 4481 quam
3284 4431 3624 4486 occuparunt

280 4519 366 4556 σει
397 4502 707 4562 ἀκολούθως
731 4498 987 4568 λέγεσθαι
1015 4497 1206 4551 τοῦτο·
1241 4497 1435 4569 ὥσπερ
1470 4498 1537 4553 ἂν
1581 4500 1630 4551 εί
1673 4498 1880 4570 λῃστήν

2003 4504 2236 4556 latrones
2269 4500 2530 4557 Pharisaei
2562 4515 2616 4558 et
2646 4503 2876 4572 Scrihw,
2913 4509 3029 4561 ﬁeri
3069 4524 3177 4562 non
3209 4519 3393 4579 potest
3421 4512 3477 4566 in
3516 4514 3626 4568 alio

276 4594 423 4665 ὁρῶν
454 4593 888 4663 μιαιφονώτατον
936 4590 1336 4645 ὁδοστατοῦντα
1367 4592 1576 4646 εῐποιέν
1611 4611 1730 4657 τις,
1764 4593 1880 4646 Οὐκ

278 4686 556 4758 ἐνδέχεται
585 4686 684 4756 τὴν
713 4685 832 4739 ὁδὸν
863 4687 1092 4755 ταύτην,
1127 4680 1237 4757 ἐνῆ
1261 4687 1289 4738 ό
1306 4685 1508 4755 λῃστὴς
1527 4686 1651 4748 τοὺς
1675 4685 1889 4739 όδεύονυ

276 4799 378 4843 τας
402 4779 694 4852 ἐνεδρεύει,
725 4778 975 4850 καθαρὰν
1002 4779 1256 4850 αἱμάτων
1290 4771 1434 4832 εἶναι
1455 4795 1470 4810 ο
1505 4778 1726 4843 πάντως
1776 4779 1885 4849 γὰρ

1997 4592 2116 4648 loco
2170 4609 2333 4662 quam
2371 4595 2421 4648 in
2463 4594 2555 4650 illo
2601 4596 2652 4650 in
2687 4612 2794 4666 quo
2829 4610 2957 4654 sunt
2984 4601 3248 4669 latrones,
3278 4607 3461 4672 perire
3493 4620 3624 4674 pro-

2001 4691 2286 4759 phetarutn
2317 4689 2608 4744 Dominum
2652 4708 2666 4745 :
2699 4693 2902 4747 assueti
2954 4695 3100 4749 enim
3129 4696 3410 4752 ell‘undere
3439 4715 3628 4756 servo-

2007 4797 2128 4834 rum
2182 4782 2532 4850 sanguinem,
2568 4783 2737 4837 etiam
2772 4784 3063 4841 Dominum
3121 4789 3300 4858 ipsum
3345 4793 3625 4848 occident.

277 4877 394 4939 τοῖς
427 4875 612 4946 ἔργοις
641 4875 737 4930 τοῦ
768 4874 968 4948 λῃστοῦ
1000 4874 1062 4928 τὺ
1104 4873 1400 4929 ἀκόλουθόν
1439 4891 1624 4946 φησιν.
1686 4875 1875 4940 Οὕτως
1915 4871 2010 4932 οὗν
2077 4877 2180 4930 κάν
2234 4879 2302 4948 τῇ
2352 4877 2714 4950 Ἰερουσαλὴμ
2762 4880 2980 4954 λῃστῶν
3060 4883 3462 4954 ἐγκαθημένων
3514 4888 3628 4940 τῶν

274 4971 592 5045 Φαρισαίων
622 4973 717 5024 καὶ
749 4971 1154 5044 Γραμματέων,
1180 4971 1279 5024 οὐκ
1325 4971 1602 5042 ἐνεδέχετο
1657 4973 1714 5024 ἐν
1765 4973 1913 5045 ἄλλῳ
1954 4975 2161 5047 χωρίῳ,
2199 4973 2481 5045 ήπάντως
2516 4977 2574 5029 ἐν
2601 4977 2679 5047 τῷ
2746 4977 2855 5030 τῶν
2903 4977 3141 5050 λῃστῶν,
3183 4982 3484 5036 ἀπολέσθαι
3531 4983 3625 5038 τὸν

277 5071 389 5124 τῶν
455 5065 752 5139 προφητῶν
788 5064 1069 5136 Δεσπότην
1093 5081 1108 5096 ο
1157 5063 1531 5127 ἐνεθισθέντες
1594 5065 1705 5136 γάρ
1762 5070 1876 5130 τοῖς
1917 5069 2117 5149 αἵμασι
2152 5066 2262 5120 τῶν
2293 5066 2519 5130 δούλων,
2552 5070 2647 5120 καὶ
2691 5071 2784 5121 τὸν
2820 5069 3030 5141 Κύριον
3061 5072 3455 5132 ἀποκτενοῦσι.

357 5183 375 5216 ι
425 5161 807 5232 Ἰερουσαλὴμ,
843 5159 1229 5231 Ἰερουσαλήμ,
1267 5159 1301 5227 ή
1327 5158 1734 5212 ἀποκτείνουσα
1763 5159 1893 5225 τοὺς

279 5257 592 5328 προφήτας,
619 5249 715 5307 καὶ
746 5251 1099 5306 λιθοϐολοῦσα
1130 5252 1254 5313 τοὺς
1272 5250 1726 5321 ἀπεσταλμένους
1751 5251 1888 5322 πρὸς

279 5351 477 5424 αὐτὴν,
507 5348 740 5412 ποσάκις
761 5346 1004 5418 ἠθέλησα
1032 5344 1359 5415 ἐπισυνάξαι
1388 5347 1458 5400 τά
1487 5345 1654 5400 τέκνα
1689 5362 1805 5411 σου,
1832 5345 1893 5399 ὃν

277 5443 484 5517 τρόπον
512 5443 662 5515 δρνις
687 5443 784 5512 τήν
818 5443 1020 5512 ἐαυτῆς
1049 5440 1272 5521 νοσσιὰν
1313 5440 1420 5494 ὑπὸ
1446 5440 1546 5504 τάς
1581 5441 1889 5525 πτέρυγας,

282 5542 376 5594 καὶ
422 5537 526 5591 οὐκ
548 5535 887 5607 ὴθελήσατε;
938 5534 1068 5588 Ἰδοὺ
1095 5533 1317 5604 ἀφίεται
1351 5533 1483 5604 ὑμῖν
1512 5533 1539 5587 6
1559 5528 1706 5598 οἶκος
1738 5533 1894 5600 ὑμῶν

285 5629 512 5700 ἕρημοςο
536 5628 594 5682 Ἀ
607 5628 716 5698 μήν
747 5626 891 5695 λέγω
914 5627 1065 5697 ὑμῖν,
1091 5627 1152 5680 οὐ
1188 5627 1262 5698 μή
1299 5643 1367 5697 με
1390 5627 1540 5697 ῐδητε
1571 5627 1698 5699 ήδη,
1726 5626 1891 5698 ἄχρις

284 5722 352 5775 ἂν
383 5721 613 5790 εῖπητιο
689 5719 1066 5790 Εὐλογημένος
1105 5721 1134 5772 6
1205 5719 1503 5789 ἐρχόμενος
1549 5721 1606 5772 ἐν
1657 5719 1886 5789 ὀνόματι

285 5813 514 5886 Κυρίου.
555 5833 570 5860 ι
635 5813 726 5884 Τῷ
757 5811 1144 5883 διπλασιασμῷ
1175 5813 1266 5866 τοῦ
1317 5812 1585 5880 ὀνόματος
1640 5811 1882 5866 δείκνυσι

2076 5159 2239 5215 Vstts.
2261 5160 2356 5224 54,
2378 5161 2470 5218 55.
2510 5182 2528 5214 ι
2566 5159 2895 5227 Jerusalem,
2919 5160 3249 5231 Jerusalem,
3273 5180 3397 5237 qua!
3416 5169 3626 5226 occidis

2001 5258 2327 5326 prophetas,
2355 5262 2408 5310 et
2429 5257 2646 5326 lapidas
2678 5271 2773 5312 eos
2813 5257 2906 5327 qui
2945 5257 3243 5314 mittuntur
3277 5261 3345 5316 ad
3373 5271 3448 5328 te,
3479 5278 3620 5334 quo-

2003 5349 2104 5403 ties
2131 5348 2274 5404 volui
2310 5363 2649 5420 congregare
2681 5349 2822 5406 ﬁlios
2845 5361 2986 5420 tuos,
3012 5353 3476 5423 quemadmodum
3507 5357 3629 5412 avis

2000 5440 2192 5494 nidum
2244 5455 2407 5497 suum
2443 5439 2546 5496 sub
2581 5455 2814 5512 pennas,
2854 5452 2908 5496 et
2954 5444 3246 5501 noluistis?
3279 5447 3420 5502 Ecce
3461 5448 3628 5504 relin-

2004 5532 2194 5602 quitur
2221 5532 2377 5587 vobis
2401 5532 2595 5587 domus
2615 5543 2794 5589 vestra
2822 5534 3064 5590 deserta.
3092 5534 3228 5592 Dico
3254 5547 3438 5593 autem
3466 5539 3624 5597 vobis

2002 5626 2150 5696 quod
2183 5640 2292 5683 non
2322 5624 2577 5681 videbitis
2607 5641 2714 5693 me,
2763 5628 2942 5684 donec
2979 5631 3192 5685 venerit
3245 5640 3459 5703 tempus
3496 5648 3621 5688 cum

2000 5719 2196 5773 dicetis
2225 5736 2237 5772 :
2277 5717 2608 5774 Benedictus
2635 5719 2727 5789 qui
2757 5721 2910 5775 venit
2947 5721 3002 5776 in
3052 5722 3276 5779 nomine
3311 5723 3549 5781 Domini.
3595 5745 3613 5778 ι

2004 5811 2384 5883 anlicationc
2421 5813 2660 5870 nominis
2699 5816 2942 5871 ostendit
2977 5831 3223 5874 antorem
3281 5834 3442 5893 quem
3487 5835 3616 5892 erga
