4110 6332
578 356 683 418 927

1473 361 2055 422 THEOPHYLACTI
2096 363 2512 424 BUI.G.\RI.E
2546 365 2916 429 ARCIIIEP.

3756 364 3862 430 9‘28

578 464 697 518 illos
735 463 1212 520 habet'Dominus.
1271 465 1736 533 Quemadmodum
1761 469 1906 522 enim
1950 481 2155 523 amator

2266 472 2362 541 τὴν
2388 473 2644 544 στοργήν,
2677 474 2743 544 ἢν
2778 473 2892 544 ἔχει
2943 474 3069 542 περὶ
3102 474 3304 539 αὐτοὺς
3331 475 3361 529 ό
3400 475 3604 547 Κύριος
3627 494 3641 507 ·
3675 476 3867 551 ῶσπερ

577 556 700 624 quis
746 555 812 608 ab
864 557 1037 609 amica
1087 567 1448 627 contemptus,
1503 560 1570 613 ita
1608 571 1824 614 revocat
1859 561 2160 617 adulteram

581 647 946 719 Synagogam.
1003 640 1251 706 Ostendit
1312 654 1438 707 item
1486 669 1638 707 suam
1706 655 2158 720 misericordiam,

575 741 719 807 quod
749 755 1119 810 saepenumero
1146 742 1374 798 voluerit
1408 760 1741 817 congregare
1769 748 1889 804 illos
1921 767 1933 803 :
1959 759 2012 802 et
2039 749 2162 803 illo.

577 844 696 884 rum
728 831 1401 903 significatarrogantiam,
1430 837 1682 902 dicendo,
1716 839 1853 907 Quia
1891 840 2161 906 noluistis,

576 922 822 992 relinquo
860 939 957 979 vos
997 935 1202 994 postea.
1254 928 1311 982 ln
1369 937 1575 983 tantum
1633 932 1781 985 enim
1819 932 1945 988 odio
1997 934 2161 988 habui

576 1011 839 1065 malitiam
877 1025 1135 1078 vestram,
1162 1027 1220 1070 ut
1246 1033 1419 1088 neque
1439 1019 1695 1088 templum
1722 1021 1940 1076 domum
1984 1038 2162 1079 meam

573 1119 696 1160 esse
715 1106 914 1174 dicam,
959 1108 1052 1164 sed
1086 1110 1304 1164 domum
1338 1121 1591 1167 vestram.
1630 1113 1763 1167 Nam
1809 1118 2050 1186 quandiu
2085 1120 2163 1170 vi-

576 1205 685 1251 tam
712 1208 944 1254 vestram
977 1200 1114 1255 bene
1139 1201 1431 1270 gerebatis.
1452 1212 1506 1258 et
1528 1208 1786 1275 templum
1813 1224 1987 1263 meum
2011 1220 2157 1264 erat:

573 1289 699 1358 quia
753 1299 931 1344 autem
991 1290 1118 1362 illud
1176 1297 1612 1360 contaminastis,
1671 1308 1724 1353 et
1776 1301 2163 1368 negotiationis

579 1381 826 1449 domum,
864 1396 921 1438 et
957 1383 1304 1454 sepeluncam
1331 1387 1599 1442 latronum
1627 1387 1854 1455 fecistis,
1887 1392 2163 1463 variisque

572 1476 1028 1545 negotiationibus
1072 1487 1129 1534 et
1159 1479 1340 1533 avaris
1371 1482 1567 1536 vestris
1597 1484 1790 1538 studiis
1813 1485 2048 1539 vicissim
2069 1501 2161 1542 vos

570 1567 918 1636 exstinguitis
962 1571 1278 1637 (negotiatio
1321 1573 1463 1626 enim
1514 1574 1859 1630 latrocinium
1893 1589 1994 1641 est.
2029 1595 2156 1648 sup-

571 1655 820 1724 plantans
845 1656 1063 1725 fratres,
1098 1671 1152 1714 et
1198 1663 1411 1730 rapiens
1454 1679 1573 1732 quae
1615 1666 1830 1720 illorum
1868 1687 1880 1720 :
1934 1670 1986 1722 id
2015 1672 2157 1740 quod

569 1755 623 1802 et
651 1747 888 1804 latrones
913 1749 1116 1806 faciunt
1145 1771 1157 1807 :
1187 1754 1445 1809 invadunt
1477 1757 1620 1810 enim
1654 1759 1905 1822 viatores,
1959 1769 2012 1816 ut
2041 1763 2157 1815 illo-

2269 563 2377 635 γάρ
2406 581 2490 627 τις
2520 566 2759 636 ἐραστὴς
2812 567 2956 635 παρὰ
3004 570 3103 636 τῆς
3156 568 3443 639 ἐρωμένης
3486 570 3867 640 καταφρονού-

2271 671 2453 723 μενος,
2484 655 2658 719 οῦτως
2686 656 3038 710 ἀνακαλεῖται
3063 656 3162 727 τὴν
3192 658 3472 728 μοιχαλίδα
3494 660 3864 733 Συναγωγήν·

2248 745 2593 800 ’δείκνυσιδέ
2631 749 2724 801 καὶ
2752 749 2850 818 τὴν
2901 749 3110 804 οίκείαν
3135 750 3568 822 φιλανθρωπίαν,
3610 754 3694 806 ὅτι
3733 755 3862 808 πολ-

2267 839 2426 902 λάκις
2445 839 2712 910 ἠθέλησεν
2757 843 3184 911 ἐπισυναγαγεῖν
3212 845 3433 908 αὐτοὺς,
3463 848 3560 899 καὶ⁵
3588 847 3691 917 τὴν
3715 847 3860 900 ἐκεί-

2267 947 2372 983 νων
2399 930 2657 982 ἀπόνοιαν
2683 931 2961 1000 σημαίνει,
2990 934 3050 985 ἐν
3073 931 3151 1001 τῷ
3175 933 3370 1000 εἰπεῖν,
3401 935 3485 987 ὃτι
3510 935 3625 988 Οὐκ
3666 935 3863 1006 ἠθελή-

2269 1035 2398 1072 σατε
2427 1033 2440 1048 ·
2476 1019 2682 1089 ἀφίημι
2715 1020 2900 1074 λοιπὸν
2954 1023 3119 1092 ὑμᾶς.
3157 1022 3428 1078 Τοσοῦτον
3457 1025 3568 1095 γὰρ
3619 1026 3859 1098 ἐμίσησα

2265 1109 2366 1182 τὴν
2393 1110 2657 1182 πονηρίαν
2709 1111 2886 1182 ὑμῶν,
2915 1113 3057 1167 ὥστε
3089 1114 3209 1167 οὑδέ
3258 1115 3352 1168 τὸν
3381 1115 3507 1170 ναὸν
3537 1117 3682 1186 λέγω
3712 1113 3857 1172 οἶκόν

2270 1218 2372 1271 μου
2402 1197 2566 1266 εἷναι,
2600 1202 2716 1256 ἀλλ’
2745 1200 2894 1257 οἷκον
2923 1205 3077 1275 ὑμῶν
3099 1223 3114 1238 ο
3143 1207 3271 1278 ἄχρι
3305 1209 3415 1280 γὰρ
3448 1211 3860 1268 ἐνεπολιτεύετο

2269 1293 2399 1362 ὑμῖν
2421 1295 2453 1364 ή
2485 1295 2676 1365 ἁρετὴ,
2705 1295 2801 1349 καὶ
2827 1296 2856 1349 ό
2886 1297 3010 1361 ναὸς
3035 1298 3166 1368 ἐμὸς
3195 1294 3264 1368 ἧν
3289 1315 3305 1331 ο
3344 1302 3468 1354 ἐπεὶ
3496 1302 3554 1357 δὲ
3576 1305 3672 1358 καὶ
3695 1306 3858 1359 αὑτὸν

2265 1386 2548 1455 ἐμιάνατε,
2595 1390 2689 1441 καὶ
2719 1389 2984 1462 ἐμπόριον
3024 1392 3119 1443 καὶ
3190 1393 3459 1462 σπήλαιον
3511 1397 3730 1470 λῃστῶν
3759 1416 3856 1452 πε-

2265 1479 2532 1548 ποιήκατε
2563 1481 2685 1543 ταῖς
2717 1481 2938 1544 πολλαῖς
2983 1483 3333 1554 καπηλείαις,
3358 1489 3454 1540 καὶ
3487 1488 3567 1558 τῷ
3595 1490 3856 1563 φιλοχρη-

2267 1569 2423 1637 μάτῳ
2459 1569 2556 1638 τῆς
2606 1570 2832 1639 γνώμης
2875 1572 3138 1640 ἀλλήλους
3173 1577 3633 1640 ἀποκτιννύοντες
3657 1597 3670 1612 ·
3700 1580 3858 1633 τοῦτο

2263 1658 2372 1729 γάρ
2399 1662 2548 1713 ἐστιν
2577 1663 2610 1730 ή
2641 1665 2995 1733 πραγματεία
3017 1666 3115 1734 τῆς
3147 1665 3402 1737 λῃστείας
3424 1671 3854 1736 ύποσκελίζουσα

2260 1751 2352 1803 τὸν
2404 1752 2632 1821 ἀδελφὸν
2687 1755 2780 1808 καὶ
2829 1757 3157 1826 ἁρπάζουσα
3222 1758 3290 1812 τὰ
3354 1761 3558 1816 αὑτοῦ·
3619 1763 3648 1816 δ
3679 1766 3772 1817 καὶ
3806 1766 3855 1816 οί

573 1853 691 1891 rum
718 1839 853 1894 bona
889 1843 1143 1913 rapiant),
1180 1854 1231 1897 et
1266 1847 1518 1913 quoniam
1552 1849 1862 1918 speluncam
1882 1851 2151 1907 latronum

2266 1843 2459 1916 λῃσταὶ
2492 1820 2727 1908 ποιοῦσι,
2768 1820 3190 1916 συμποδίζοντες
3229 1853 3338 1924 γὰρ
3372 1855 3499 1918 τοὺς
3530 1857 3736 1923 όδίτας,
3769 1857 3859 1910 οὗ·

571 1929 829 1999 templum
878 1932 1084 1989 fecistis
1141 1950 1236 2004 per
1280 1940 1704 2005 negotiationum
1746 1943 1981 2011 speciem
2025 1960 2161 2014 quas

570 2021 623 2074 in
656 2021 772 2090 ipso
799 2026 1061 2080 orationis
1088 2027 1203 2081 loco
1227 2028 1507 2084 faciebatis
1537 2049 1549 2085 :
1592 2048 1697 2087 non
1732 2035 1871 2088 ultra
1906 2052 2023 2091 mea
2054 2039 2154 2091 erit

569 2114 785 2182 domus,
819 2117 914 2172 sed
948 2128 1145 2176 vestra.
1184 2121 1299 2176 Non
1339 2123 1511 2177 solum
1561 2134 1738 2179 autem
1780 2129 2039 2197 templum
2072 2130 2157 2183 in-

571 2206 781 2277 telligas
804 2210 1046 2273 domum,
1080 2215 1173 2266 sed
1203 2223 1253 2266 cl
1274 2229 1488 2269 omnem
1509 2219 1914 2286 generationem
1941 2220 2156 2276 Judaeu—

577 2314 717 2353 rum.
765 2299 912 2355 Solet
940 2304 1082 2356 enim
1119 2304 1396 2374 Scriptura
1429 2318 1481 2361 et
1525 2325 1693 2377 genus
1725 2312 1941 2365 domum
1976 2314 2156 2381 appel-

573 2390 708 2455 lare,
746 2403 801 2446 ut
834 2411 848 2447 :
887 2413 904 2444 ι
947 2395 1146 2451 Domus
1191 2396 1344 2463 Levi,
1381 2399 1683 2456 benedicite
1717 2403 2000 2458 Dominum
2032 2407 2096 2460 “.
2133 2427 2150 2458 ι

571 2483 631 2538 Et
657 2484 758 2540 hoc
780 2486 899 2540 loco
923 2497 1098 2555 potest
1117 2489 1363 2561 intelligi,
1388 2491 1585 2548 Domus
1611 2504 1786 2550 vestra
1809 2498 2152 2567 relinquitur,

573 2577 674 2630 hoc
707 2588 811 2645 est,
839 2593 1270 2648 genusvestrum
1306 2586 1635 2653 relinquitur
1682 2604 1709 2640 a
1748 2605 1832 2642 me
1864 2608 1876 2643 :
1917 2591 2057 2646 sicut
2101 2602 2156 2647 et

574 2680 668 2730 per
694 2669 1007 2734 pr0phetam
1045 2672 1171 2725 alibi
1203 2674 1356 2739 dicit,
1401 2674 1671 2746 Dereliqui
1699 2678 1918 2733 domum
1953 2696 2150 2746 meam,

574 2754 944 2813 lnereditatem
989 2776 1162 2816 meam
1189 2764 1404 2833 reliqui.
1449 2764 1675 2820 Domum
1709 2769 1853 2823 cnim
1889 2771 1998 2827 illic
2025 2775 2154 2829 dicit

569 2846 864 2905 lsraelitas.
917 2852 1169 2908 Ostendit
1215 2867 1396 2910 autem
1438 2861 1582 2928 quod
1618 2870 1672 2915 et
1724 2873 1849 2917 ante
1896 2865 1999 2920 hoc
2039 2867 2154 2936 ipse

567 2953 662 2994 eos
719 2946 1076 3009 conservarit,
1115 2957 1168 3000 et
1215 2950 1282 3002 ab
1322 2949 1557 3005 inimicis
1595 2952 1859 3010 liberarit.
1909 2955 2152 3026 Denique

569 3030 759 3085 dicens
790 3051 802 3085 :
838 3033 954 3088 Non
987 3052 1070 3090 me
1101 3038 1351 3093 videbitis
1376 3041 1546 3098 donec
1577 3045 1796 3112 dicatis,
1826 3047 2149 3107 Benedictus

2268 1955 2374 2000 τως
2402 1938 2500 2008 ήδη
2549 1941 2617 1992 τὰ
2667 1939 2845 1992 αὐτῶν
2883 1933 3280 2008 ἀφαιροῦνται·
3319 1947 3443 2001 ἐπεὶ
3472 1944 3566 2001 οὖν
3611 1950 3704 2002 τὸν
3730 1952 3855 2004 ναὸν

2269 2027 2534 2094 σπήλαιον
2574 2028 2786 2099 λῃστῶν
2823 2035 3157 2101 πεποιήκατε
3217 2034 3303 2087 διὰ
3337 2037 3398 2088 τὸ
3449 2037 3556 2090 τῶν
3593 2057 3854 2109 πραγμα-

2265 2121 2432 2175 τειῶν
2487 2118 2646 2188 εἶδος,
2683 2122 2751 2186 ἃς
2791 2125 3022 2194 ἐναὺτῷ
3080 2125 3159 2196 τῷ
3215 2129 3314 2197 τῆς
3361 2133 3674 2202 προσευχῆς
3723 2133 3854 2205 οίκῳ

2264 2215 2516 2282 ἐποιεῖτε,
2547 2215 2730 2268 οὐκέτι
2765 2218 2895 2284 ἐμός
2921 2217 3068 2270 ἐστιν
3087 2215 3256 2284 οἶκος,
3280 2220 3396 2273 ἀλλ’
3425 2223 3611 2292 ὑμῶν·
3648 2225 3726 2279 Οὐ
3756 2226 3850 2296 μό·

2264 2321 2352 2358 νον
2380 2306 2436 2359 δὲ
2463 2307 2554 2359 τὸν
2587 2309 2711 2360 ναὸν
2741 2309 2956 2377 νοήσεις
2989 2304 3165 2376 οἷκον,
3209 2312 3342 2365 ἀλλὰ
3376 2314 3468 2366 καὶ
3499 2315 3596 2386 τὴν
3630 2315 3852 2371 ἃπασαν

2263 2399 2456 2467 γενεὰν
2485 2400 2593 2454 τῶν
2631 2398 2921 2455 Ἰουδαίων
2951 2397 3061 2454 οἶδα
3090 2404 3199 2474 γὰρ
3234 2406 3266 2474 ή
3315 2405 3510 2476 Γραφὴ
3546 2409 3640 2460 καὶ
3681 2409 3739 2461 τὸ
3759 2409 3852 2476 γέ-

2264 2509 2352 2555 νος
2389 2489 2536 2546 οἷκον
2569 2492 2859 2563 ὀνομάζειν
2883 2510 2897 2523 ·
2945 2496 3020 2557 ῶς
3047 2496 3128 2557 τὸ,
3172 2515 3190 2548 ι
3219 2492 3381 2559 Οἶκος
3431 2498 3582 2562 Acut,
3625 2501 3852 2570 εὐλογή-

2264 2603 2392 2638 σατε
2421 2586 2513 2639 τὸν
2541 2586 2766 2656 Κύριον.
2810 2606 2828 2638 ι
2866 2588 3163 2642 Κάνταῦθα
3211 2589 3304 2643 οῦν
3333 2590 3554 2645 δύναται
3591 2595 3849 2664 νοηθῆναι
3921 2638 3924 2639 ν

2261 2677 2338 2740 τὸ,
2373 2672 2520 2739 οἵκος
2555 2677 2677 2731 ἀντὶ
2696 2676 2790 2730 τοῦ
2816 2677 2875 2731 τὸ
2903 2679 3061 2746 γένος
3087 2681 3243 2751 ὑμῶν
3276 2682 3494 2748 ἀφίεται
3528 2686 3659 2754 παρ’
3689 2685 3844 2756 ἐμοῦ,

2259 2768 2334 2833 ὡς
2364 2769 2458 2822 καὶ
2491 2768 2579 2821 διὰ
2609 2769 2702 2821 τοῦ
2749 2771 3030 2840 προφήτου
3079 2772 3313 2843 ἀλλαχοῦ
3347 2792 3537 2844 φησιν,
3585 2778 3853 2848 Ἑγκατα-

2259 2861 2485 2916 λέλοιπα
2515 2864 2606 2915 τὸν
2637 2860 2785 2916 οἶκόν
2819 2881 2943 2934 μου,
2970 2865 3158 2935 ἀφῆκα
3190 2868 3290 2936 τὴν
3315 2868 3684 2941 κληρονομίαν
3720 2890 3846 2943 μουο

2215 2976 2220 2980 ’
2258 2951 2407 3008 οἶκον
2433 2955 2543 3026 γὰρ
2569 2958 2688 3008 ἐκεῖ
2728 2957 2855 3020 τοὺς
2898 2958 3240 3029 Ἰσραηλίτας
3287 2964 3461 3034 φησί·
3497 2965 3738 3020 δείκνυσι
3767 2968 3844 3030 δὲ,

2257 3042 2339 3095 ὅτι
2365 3043 2462 3095 καὶ
2486 3043 2592 3112 πρὸ
2623 3044 2814 3097 τούτου
2843 3045 3007 3110 αὐτὸς
3055 3044 3123 3118 ἦν
3165 3049 3193 3101 ὁ
3224 3051 3469 3123 συνέχων
3502 3056 3723 3122 αὐτοὺς,
3756 3062 3846 3114 καὶ

566 3123 657 3190 qui
702 3127 847 3179 venit
879 3128 931 3180 in
982 3131 1203 3186 nomine
1234 3133 1442 3190 Domini
1477 3154 1492 3192 :
1528 3143 1822 3197 secundum
1874 3144 2144 3216 significat

2257 3132 2354 3184 τῶν
2383 3132 2596 3202 ἐχθρῶν
2630 3134 2922 3203 ῥυόμενος·
2966 3136 3026 3190 τὸ
3064 3138 3140 3203 δὲ,
3176 3141 3250 3193 Οὐ
3304 3144 3376 3213 μή
3416 3161 3482 3214 με
3516 3146 3661 3216 ίδητι
3689 3149 3846 3218 ἄχρις

565 3213 727 3286 393
747 3218 1062 3290 adventum;
1083 3224 1425 3282 involuntarii
1441 3232 1585 3285 enim
1602 3243 1730 3288 tunc
1749 3238 2154 3294 confitebuntur

2259 3222 2324 3274 ἂν
2348 3221 2539 3292 εἴπητε
2560 3263 2575 3289 ,
2607 3224 2986 3296 Εὐλογημένος
3017 3231 3045 3282 ό
3075 3231 3365 3301 ἐρχόμενος
3388 3213 3447 3288 ἐν
3476 3213 3706 3308 ὀνόματι
3727 3213 3847 3295 Ku-

567 3315 623 3360 et
655 3307 990 3366 Salvatorem
1029 3323 1084 3367 et
1114 3315 1421 3385 Dominum,
1457 3324 1673 3390 quando
1699 3325 1828 3395 ipsis
1856 3330 1999 3384 nulla
2031 3331 2154 3387 inde

2257 3313 2411 3384 ρίουο
2445 3314 2544 3385 τὴν
2589 3316 2853 3387 δευτέραν
2896 3321 3152 3389 σημαίνει
3201 3328 3525 3395 παρουσίαν.
3567 3307 3702 3385 Τότε
3738 3335 3845 3406 γὰρ

574 3395 783 3452 utilitas
817 3401 1048 3459 eveniet.
1099 3403 1236 3469 Quid
1272 3408 1468 3476 igitur?
1502 3411 1618 3467 Non
1660 3416 1910 3472 viderunt
1948 3422 2097 3476 illum
2121 3439 2150 3477 a

2257 3407 2349 3459 καὶ
2375 3406 2601 3470 ἄκοντες
2633 3407 3068 3480 ὁμολογήσουσιν
3107 3415 3272 3469 αὑτὸν
3327 3419 3557 3491 Σωτῆρα
3605 3424 3702 3476 καὶ

567 3504 676 3558 quo
703 3499 941 3560 tempore
970 3497 1083 3550 haec
1107 3499 1281 3554 dixit?
1308 3500 1523 3571 Utique.
1555 3505 1746 3562 Dicens
1786 3513 1930 3565 enim
1966 3534 1978 3569 :
2033 3515 2148 3573 Non

2257 3512 2392 3565 ριον,
2450 3499 2539 3551 ὅτε
2588 3498 2772 3561 αὐτοῖς
2826 3501 2979 3554 οὐδὲν
3013 3503 3225 3574 ὄφελος.
3275 3509 3341 3561 Τί
3377 3506 3505 3577 οῦν;
3565 3515 3666 3568 οὐκ
3707 3511 3842 3571 εἶδον

571 3595 656 3635 me
681 3583 933 3640 videbitis
955 3602 1020 3640 ex
1046 3588 1136 3643 illo
1167 3599 1428 3662 tempore,
1475 3613 1579 3651 non
1627 3604 1812 3657 horam
1849 3620 1969 3674 qua:
2021 3619 2151 3666 tunc

2257 3589 2416 3644 αὐτὸν
2449 3593 2544 3661 ἀφ’
2571 3586 2632 3647 οὗ
2661 3593 2838 3647 ταῦτα
2859 3590 3016 3662 sine;
3057 3599 3166 3651 Καὶ
3189 3601 3340 3668 μάλα
3366 3620 3380 3633 ο
3412 3604 3542 3658 ὅταν
3563 3601 3657 3659 οὖν
3687 3607 3840 3681 λέγῃ,

567 3682 686 3725 erat
720 3673 1006 3744 significat,
1036 3681 1130 3734 sed
1160 3690 1372 3752 tempus
1399 3690 1540 3755 quod
1569 3701 1687 3759 post
1719 3673 1937 3751 crucem
1971 3716 1983 3753 :
2011 3702 2152 3755 sicut

2257 3683 2334 3737 δτι
2383 3685 2456 3737 Οὐ
2492 3701 2560 3755 με
2596 3685 2744 3757 ἴδητε
2811 3687 2919 3741 ἀπὸ
2949 3689 3043 3742 τοῦ
3077 3690 3190 3756 νῦν,
3227 3694 3344 3764 οὐχὶ
3389 3696 3488 3766 τὴν
3537 3697 3660 3752 τότε
3695 3673 3843 3771 ego};

568 3765 616 3820 si
658 3765 883 3823 dixisset
916 3787 927 3824 :
966 3772 1008 3824 A
1040 3783 1281 3850 tempore
1327 3793 1435 3847 quo
1483 3796 1570 3835 me
1597 3785 2008 3857 cruciﬂxeritis,
2044 3809 2148 3847 non

2257 3774 2533 3844 σημαίνει,
2556 3777 2692 3830 ἀλλὰ
2721 3779 2811 3831 τὸν
2843 3781 2979 3850 μετὰ
3004 3781 3094 3835 τὸν
3127 3788 3360 3858 σταυρὸν
3391 3765 3582 3858 χρόνον
3609 3806 3622 3818 ·
3652 3765 3842 3863 ῶσπερ

569 3853 709 3909 ultra
741 3872 826 3914 me
864 3858 1139 3930 videbitis,
1177 3866 1351 3923 donec
1383 3871 1623 3928 redeam.
1995 3853 2003 3857 ⁷

2257 3866 2320 3920 ἂν
2360 3868 2406 3918 εί
2443 3864 2618 3932 εἶπεν,
2660 3870 2780 3938 Ἀφ’
2811 3866 2871 3925 οὗ
2918 3889 2985 3942 με
3022 3876 3388 3946 σταυρώσετε,
3443 3882 3628 3939 οὐκέτι
3663 3886 3726 3939 οὑ
3765 3889 3840 3959 μή

2255 3976 2324 4029 με
2355 3959 2523 4032 ἴδητε,
2556 3960 2718 4032 ἄχρις
2740 3964 2806 4018 ἂν
2833 3965 2994 4021 πάλιν
3013 3967 3172 4024 ἔλθω.

1153 4089 1380 4148 CAPUT
1415 4092 1553 4150 XIV.

574 4208 655 4296 De.
675 4213 983 4296 hydropico.
1007 4218 1169 4296 Quod
1199 4239 1302 4278 non
1335 4225 1491 4280 liceat
1543 4229 1742 4284 ambire
1761 4249 1956 4296 primo:
1987 4254 2147 4292 accu-

637 4284 796 4338 bitus.
829 4285 983 4352 Quod
1007 4287 1199 4371 'dereat
1250 4297 1417 4371 magis
1457 4284 2150 4371 vocaread

635 4371 779 4436 pere:
808 4364 1214 4436 guum_9nticos.
1244 4363 1549 4436 De’vocatis
1593 4369 1662 4424 ad
1705 4387 1926 4429 canam.
1977 4363 2149 4434 Paru-

636 4424 756 4478 bola
784 4429 848 4480 de
870 4429 1099 4497 redi/icio
1125 4435 1306 4487 turris.
1383 4443 1386 4446 ’

637 4606 818 4666 Vsns.’
851 4610 964 4665 1-6.
1002 4630 1021 4665 r
1056 4613 1124 4668 Et
1153 4611 1354 4669 factum
1407 4627 1491 4672 est
1528 4635 1650 4675 cum
1681 4622 1928 4681 introiret
1962 4625 2014 4681 in
2045 4628 2144 4684 do-

2857 4102 3113 4159 ΚΕΦΑΛ.
3149 4107 3244 4161 ῐΔ’.

2251 4233 2391 4320 Περὶ
2435 4234 2544 4290 τοῦ
2576 4229 2944 4320 ρίῖρωειτιζι-οῦἒ
2991 4242 3130 4320 Περὶ
3163 4243 3271 4299 τοῦ
3323 4244 3412 4320 μὴ
3466 4247 3712 4320 ἀγαπᾷν
3738 4253 3843 4320 τὰς

2321 4310 2782 4390 πρωτοκλισίας.
2802 4309 2948 4390 f1pr
2972 4309 3429 4390 fciathétbc
3460 4309 3710 4390 μᾷλλὸν
3752 4309 3844 4390 sic

2321 4375 2398 4455 τὸ,
2419 4374 2670 4455 damnor
2705 4374 2935 4455 νεα-ῥεῦμ’,
2967 4383 3002 4450 ἣ
3028 4374 3435 4455 φίλουςίᾘερί
3460 4374 3585 4442 τῶν
3619 4374 3844 4449 καλοᾶ

2183 4485 2229 4542 D
2668 4449 2749 4516 τῷ
2786 4444 3199 4523 δείπνῲ.”Περί
3225 4444 3578 4530 ὀίκὸδομῆς
3608 4444 3838 4536 πῦᾗξτὶυ

2326 4530 2484 4585 παρα
2489 4517 2635 4585 σολή
2645 4555 2659 4573 .

2325 4648 2344 4681 ι
2381 4630 2492 4685 Καὶ
2523 4632 2739 4702 ἐγένετο
2767 4634 2825 4686 ἐν
2855 4633 2934 4707 τῷ
2969 4636 3235 4693 εἰσελθεῖν
3264 4640 3428 4697 αὐτὸν
3461 4645 3540 4709 είς
3579 4642 3732 4703 οίκόν
3755 4667 3835 4705 τι·

563 4715 709 4755 mum
742 4701 1020 4771 cujusdam
1068 4707 1352 4778 principis
1381 4708 1774 4770 Pharisaeorum
1805 4717 2041 4774 Sabhato
2076 4721 2144 4778 ad

2257 4739 2336 4786 νος
2365 4723 2472 4777 τῶν
2507 4725 2784 4797 ἀρχόντων
2816 4701 2925 4782 τῶν
2951 4731 3262 4801 Φαρισαίων
3318 4701 3605 4808 Σαϐϐάτῳ.
3637 4701 3836 4810 φα-γείν

564 4793 881 4862 capiendum
912 4797 1113 4865 cibum,
1145 4809 1200 4854 et
1229 4801 1324 4870 ipsi
1353 4803 1713 4861 observabant
1741 4823 1886 4864 eum.
1926 4812 1993 4867 Et
2015 4829 2144 4870 ecce

572 4887 730 4940 homo
769 4889 986 4956 quidam
1038 4891 1360 4963 hydropicus
1413 4906 1527 4950 erat
1565 4908 1692 4953 ante
1733 4899 1900 4956 illum.
1954 4905 2022 4959 Et
2060 4922 2146 4961 re-

569 4978 844 5046 spondens
884 4981 1040 5037 Jesus
1070 4985 1206 5038 dixit
1250 4988 1315 5040 ad
1350 4986 1689 5058 legisperitos
1739 5003 1792 5046 et
1825 4993 2147 5064 Pharisazos,

565 5071 750 5126 dicens
781 5091 793 5126 ε
822 5071 960 5127 Num
993 5075 1117 5130 licet
1143 5075 1377 5133 Sabbato
1405 5083 1630 5135 sanare?
1654 5081 1813 5139 Atilii
1843 5096 2149 5145 tacuerunt.

566 5160 686 5228 Ipse
741 5175 868 5216 vero
902 5168 1298 5234 apprehensum
1350 5172 1564 5225 sanavit
1620 5188 1767 5235 eum.
1818 5191 1882 5231 ac
1918 5178 2142 5236 dimisit.

2249 4815 2434 4885 ἄρτον,
2468 4817 2560 4870 καὶ
2607 4818 2764 4873 αὐτοὶ
2791 4815 2932 4892 ἦσαν
2977 4825 3458 4897 παρατηρούμενοι
3505 4830 3692 4886 αὐτόν.
3727 4833 3836 4886 Kal

2252 4906 2362 4961 ίδοὺ
2394 4908 2680 4981 ἄνθρωπός
2706 4929 2789 4977 τις
2831 4908 2901 4984 ἦν
2933 4914 3240 4988 ὑδρωπικὸς
3278 4919 3596 4993 ἔμπροσθεν
3642 4926 3834 4984 αὐτοῦ.

2252 5001 2358 5054 Καὶ
2388 5002 2707 5074 ἀποκριθεὶς
2741 5007 2769 5059 ό
2805 5007 3010 5078 Ἰησοῦς
3044 5005 3164 5064 εἷπε
3201 5011 3337 5082 πρὸς
3362 5015 3488 5077 τοὺς
3504 5017 3834 5088 Φαρισαίους

2250 5091 2344 5143 καὶ
2373 5095 2648 5161 νομικοὺς,
2687 5092 2859 5162 λέγων
2883 5113 2895 5125 ·
2933 5098 2993 5151 EE
3025 5099 3203 5166 ἔξεστι
3233 5102 3562 5173 θεραπεύειν
3585 5111 3644 5163 ἐν
3691 5111 3834 5164 Σασ-

2247 5179 2424 5251 6ἀτῳ;
2487 5184 2549 5235 Οί
2579 5183 2635 5236 δέ
2670 5184 2975 5255 ἡσύχασαν.
3016 5190 3126 5243 Καὶ
3186 5193 3584 5264 ἐπιλαϐόμενος
3640 5201 3832 5256 ἰάσατο

567 5251 633 5305 Et
667 5259 994 5323 respondens
1021 5258 1088 5312 ad
1123 5259 1243 5314 illos
1287 5262 1456 5318 dixit:
1486 5265 1651 5333 Cujus
1685 5279 1924 5324 vestrum
1957 5272 2142 5329 asinus

2257 5273 2419 5337 ιύτὸν,
2473 5276 2570 5329 καὶ
2610 5251 2871 5334 ἀπέλυσε.
2929 5282 3037 5337 Καὶ
3080 5251 3585 5362 ἀποκριθεὶςιπρδξ

569 5345 777 5400 autbos
805 5347 857 5400 in
899 5361 1114 5419 puteum
1157 5353 1331 5419 cadet,
1373 5367 1425 5410 et
1455 5373 1557 5412 non
1590 5361 1848 5416 continuo
1894 5367 2146 5422 extrahet

2257 5360 2361 5418 ιῖπε
2390 5382 2402 5395 ’
2423 5366 2580 5431 Τίνος
2608 5368 2760 5439 ὑμῶν
2785 5371 2906 5436 ὄνος
2940 5371 2972 5443 ἢ
3009 5373 3132 5444 βοῦς
3169 5345 3249 5441 είς
3277 5345 3455 5451 φρέαρ
3483 5345 3830 5455 ipsum;

570 5436 718 5490 illum
762 5438 812 5491 in
837 5440 922 5494 die
957 5442 1216 5498 Sabbati?
1252 5443 1315 5497 Et
1354 5461 1460 5500 non
1511 5458 1762 5516 poterant
1805 5451 1872 5506 ad
1909 5453 2024 5508 banc
2060 5470 2146 5510 re-

2645 5436 2656 5439 -
2961 5436 2972 5443 ε
3009 5436 3020 5444 υ
3114 5436 3128 5439 ν
3229 5436 3244 5441 ν
3287 5436 3330 5450 σι
3424 5436 3435 5451 ι
3515 5436 3528 5454 ι
3609 5436 3827 5455 ""'—"

2257 5458 2336 5510 ιαί
2360 5459 2459 5512 οὐκ
2490 5459 2694 5525 εὐθέως
2733 5463 3042 5520 ἀνασπάσει
3066 5468 3231 5523 αὑτὸν
3261 5473 3318 5525 ἐν
3370 5475 3436 5544 τῇ
3485 5475 3674 5551 ήμέρᾳ
3736 5479 3827 5534 τοῦ

566 5531 833 5597 spondere
865 5532 962 5588 illi.
1003 5553 1021 5586 ι
1064 5537 1322 5593 Dominus
1360 5541 1492 5596 satis
1517 5542 1694 5598 sciens
1741 5543 2140 5638 Pharisaeorum

2257 5551 2556 5620 Ξαόόάτου;
2616 5555 2727 5610 Kal
2756 5557 2855 5612 οὑκ
2902 5561 3131 5631 ἴσχυσαν
3172 5531 3828 5644 ἀνταποκριθῆναιδαύτῶ

566 5625 964 5692 morositatem,
1020 5628 1323 5699 ingreditur
1373 5632 1425 5688 in
1485 5648 1668 5691 eorum
1723 5637 1935 5697 domos.
1988 5625 2144 5698 (Ξυὲω

2257 5645 2379 5712 πρὸς
2408 5645 2604 5703 ταῦτα.
2650 5667 2669 5702 ι
2723 5649 2786 5704 Ei
2818 5653 2912 5707 καὶ
2960 5625 3228 5725 ἐγίνωσκε
3271 5658 3333 5712 τὸ
3369 5625 3677 5733 δύστροπον
3719 5625 3827 5722 sit;

646 5806 688 5836 “
717 5804 857 5865 l‘sal.
899 5829 1115 5882 cxxxtv,
1151 5814 1240 5871 20.
