4110 6332
295 391 409 453 9'29

1093 380 1540 443 ENARRATIO
1584 381 1662 440 ΙΝ
1704 380 2210 442 EVANGEIJUM
2254 383 2570 445 LUC/Ee-
2601 383 2760 443 CAP.
2793 383 2950 446 XIV.

3505 381 3612 450 93d

296 499 608 572 Φαρισαῖων
631 498 658 552 6
688 496 911 567 Κύριος,
939 493 1088 561 ὅμως
1125 491 1285 544 εἰσίει
1315 493 1396 555 είς
1423 492 1549 554 τοὺς
1575 491 1760 552 οἷ’κους
1794 489 1890 542 αύ-

2002 491 2141 544 enim
2168 491 2214 544 ci
2244 503 2362 544 erat
2397 496 2705 546 animarum
2741 491 2969 555 utilitas,
2999 497 3052 544 et
3092 495 3380 558 propterea
3409 487 3614 561 ingres-

295 595 442 646 τῶν·
479 587 746 657 ὠφελείας
778 587 888 654 γὰρ
916 581 1106 652 ψυχῶν
1136 580 1445 650 ἐφρόντιζε,
1484 579 1576 630 καὶ
1610 576 1700 630 διὰ
1735 574 1894 630 τοῦτο

295 685 590 755 εἰσήρχετο
615 699 629 713 ο
666 680 698 750 ἢ
731 679 836 748 γὰρ
888 677 954 728 ἐκ
1000 675 1162 744 λόγου
1209 675 1305 726 καὶ
1352 670 1728 736 διδασκαλίας,
1762 668 1793 740 ἢ
1831 671 1894 722 ἐκ

295 776 545 848 σημείων
578 772 890 838 ἐπιδείξεως
918 768 1142 824 δυνατὸν
1178 763 1248 838 ἦν
1309 765 1508 829 αὐτοὺς
1539 761 1892 834 ὠφελεῖσθαι,

295 872 419 938 εἴγε
440 867 751 939 ἠϐούλοντο.
781 863 1152 932 Παρελθόντος
1175 857 1269 914 οὖν
1302 861 1382 921 είς
1413 858 1579 928 μέσον
1607 855 1704 909 τοῦ
1725 856 1896 925 ύδρω-

298 962 487 1025 στικοῦ,
515 960 542 1011 6
578 958 778 1027 Κύριος
807 955 866 1008 οὐ
893 952 1053 1005 τοῦτο
1079 951 1410 1019 ἐσκόπησεν,
1445 949 1594 1007 ὅπως
1622 944 1697 1016 μὴ
1729 961 1896 998 σκαν-

293 1055 490 1126 δαλίσῃ
520 1051 741 1111 αὐτοὺς,
775 1047 889 1101 ἀλλ’
913 1047 1062 1108 ὅπως
1095 1043 1437 1113 εύεργετήσῃ
1467 1039 1558 1092 τὸν
1595 1035 1896 1108 θεραπείας

293 1145 572 1213 δεόμενον.
625 1144 717 1194 Δεῖ
778 1141 888 1208 γὰρ
943 1139 1111 1208 ἡμᾶς,
1150 1134 1279 1188 ἔνθα
1312 1132 1554 1202 ὠφέλεια
1589 1129 1896 1184 ἀνακύπτει

297 1239 446 1310 μάλα
474 1236 666 1303 πολλὴ,
704 1232 778 1304 μὴ
813 1228 1122 1302 φροντίζειν
1154 1228 1262 1282 τῶν
1301 1226 1548 1298 ἀνοήτως
1603 1219 1895 1276 σκανδαλι-

293 1329 564 1394 ζοαένων.
609 1325 854 1395 Ἐλέγχει
882 1323 938 1377 δὲ
989 1322 1088 1392 τὴν
1136 1319 1453 1392 ἀφροσύνην
1481 1315 1591 1370 τῶν
1639 1313 1894 1382 ἐγκαλεῖν

297 1423 604 1492 μελλόντων
632 1418 802 1488 αὐτῷ,
844 1418 923 1470 διὸ
957 1417 1053 1469 καὶ
1099 1415 1303 1486 ἐρωτᾷ,
1337 1413 1400 1466 Et
1432 1411 1612 1477 ἔξεστι
1641 1408 1720 1480 τῷ
1755 1405 1898 1460 Σα6‹

294 1515 448 1585 ϐάτῳ
511 1511 871 1582 θεραπεύειν,
926 1510 960 1579 ἢ
1011 1508 1108 1574 οὓς
1144 1503 1293 1578 1Ἄρα
1325 1506 1434 1577 γὰρ
1489 1505 1551 1558 οὐ
1599 1501 1895 1574 προφανῶς

294 1607 578 1679 καταγελᾷ
607 1606 788 1660 αὐτῶν
819 1605 894 1668 ὡς
911 1603 1194 1674 ἀνοήτων;
1233 1603 1349 1669 είγε
1377 1599 1470 1653 τοῦ
1500 1597 1636 1652 Θεοῦ
1663 1597 1724 1650 τὸ
1753 1595 1894 1649 Σάϐ-

293 1699 463 1755 ϐατον
509 1699 922 1768 εὐλογήσαντος,
961 1695 1120 1749 αὐτοὶ
1177 1691 1481 1747 κωλύουσιν
1537 1689 1894 1758 ἀγαθοποιεῖν

293 1797 356 1848 ἐν
394 1793 590 1863 τούτῳ,
615 1792 712 1844 καὶ
742 1787 990 1842 ποιοῦσιν
1023 1787 1158 1840 αὐτὸ
1191 1786 1411 1848 πάντως
1435 1781 1848 1852 ἐπικατάρατον
1875 1796 1889 1844 ;

305 1888 372 1941 Ἥ
403 1887 512 1958 γάρ
538 1885 722 1956 ἡμέρα
770 1884 804 1954 ή
840 1881 1006 1952 μηδὲν
1035 1880 1200 1951 ἔργον
1237 1878 1445 1947 ἀγαθὸν
1499 1873 1890 1943 ἐπιδεχομένη,

291 1982 397 2036 οὐκ
429 1976 793 2048 εὐλογημένη.
841 1973 980 2026 Ἀλλ’
1017 1966 1166 2028 οὗτοι
1220 1987 1285 2040 γε
1319 1969 1542 2038 γνόντες
1583 1968 1708 2020 ὅποι
1737 1965 1895 2036 φέρει

290 2075 357 2127 τὸ
387 2074 672 2144 ἐρώτημα,
706 2071 1017 2142 ἡσύχασανο
1048 2069 1173 2120 τότε
1202 2064 1266 2135 δὴ
1297 2066 1325 2118 6
1370 2063 1578 2134 Ἰησοῦς
1610 2061 1672 2114 τὸ
1694 2061 1895 2113 οἰκεῖον
1935 2082 1945 2089 —

293 2168 461 2230 ποιεῖ,
495 2164 590 2220 καὶ
627 2163 714 2217 διὰ
747 2163 846 2232 τῆς
888 2162 1034 2231 ἁφῆς
1073 2161 1220 2213 ἰᾶται
1270 2158 1361 2212 τὸν
1393 2156 1716 2228 ἄνθρωπον·
1776 2148 1894 2206 εἶτα

292 2263 391 2313 καὶ
419 2261 545 2321 τοὺς
568 2256 896 2328 Φαρισαίους
927 2254 1183 2323 ἐντρέπει
1232 2252 1320 2306 διά
1351 2250 1565 2315 τούτου,
1608 2247 1894 2320 μονονουχὶ

291 2353 522 2407 τοιαῦτα
549 2352 722 2418 λέγων
751 2350 931 2410 αὐτοῖς
959 2365 971 2377 ·
1006 2348 1070 2401 Ei
1101 2344 1416 2399 κεκώλυκεν
1456 2345 1483 2396 6
1527 2343 1690 2413 νόμος
1723 2343 1894 2394 ἐλεεῖν

291 2449 354 2500 ἐν
403 2445 688 2515 Σαϐϐάτῳ,
745 2442 819 2514 μὴ
862 2441 1166 2511 φροντίσῃς
1221 2438 1340 2492 υἱοῦ
1387 2436 1792 2497 κινδυνεύοντος
1835 2437 1894 2488 ἐν

293 2533 595 2602 Σαϐϐάτῳ;
629 2533 739 2585 Καὶ
763 2532 816 2584 τί
843 2531 986 2600 λέγω
1001 2529 1118 2582 υίοῦ
1142 2546 1156 2595 ;
1179 2531 1313 2582 ὅπου
1343 2527 1464 2581 οὐδὲ
1492 2526 1618 2596 βοῦν
1649 2527 1891 2596 ἀδοήθηυ

291 2645 388 2680 τον
423 2625 771 2696 καταλείψεις
813 2627 860 2678 εἰ
899 2624 1283 2678 κινδυνεύοντα
1307 2623 1428 2693 ὄψει
1455 2641 1470 2689 ;
1511 2622 1637 2684 Πῶς
1667 2616 1762 2675 οὗν
1792 2622 1892 2674 οὐκ

291 2719 524 2788 ἀνόητον
549 2717 986 2787 παρατηρεῖσθαι
1011 2715 1112 2786 τὴν
1134 2714 1229 2768 τοῦ
1257 2714 1569 2785 ὑδρωπικοῦ
1593 2713 1893 2784 θεραπείαν

292 2813 354 2864 ἐν
390 2809 689 2880 Σαϐϐατῳ;
759 2807 1101 2879 ’Υδρωπικός
1144 2810 1262 2860 ἐστι
1313 2807 1409 2860 καὶ
1447 2809 1556 2869 πᾶς
1583 2806 1641 2870 ὃς
1681 2806 1768 2860 διὰ
1797 2807 1891 2860 τοῦ

291 2904 583 2973 ἀνειμένου
619 2902 735 2972 βίου
779 2902 876 2954 καὶ
919 2901 1086 2971 ὑγροῦ
1124 2900 1266 2954 κατά
1297 2899 1474 2970 ψυχὴν
1520 2901 1754 2970 νοσήσας
1781 2901 1891 2952 δει-

292 2997 424 3060 νῶς,
456 2996 626 3049 δεῖται
660 2995 923 3066 Χριστοῦ,
955 2993 1151 3048 οὐκοῦν
1176 2995 1271 3046 καὶ
1303 2993 1805 3064 θεραπευθήσεται,
1842 2995 1890 3046 εί

293 3089 608 3159 ἔμπροσθεν
639 3088 877 3158 Χριστοῦ
909 3089 1156 3158 γένηται.
1211 3088 1271 3140 '0
1293 3087 1401 3158 γὰρ
1423 3086 1738 3158 ἔμπροσθεν
1755 3085 1890 3139 Θεοῦ

293 3179 438 3236 εἶναι
462 3181 658 3234 ἐννοῶν
685 3182 793 3246 ἀεὶ,
826 3181 920 3233 καὶ
953 3180 1077 3251 παρ’
1128 3179 1295 3233 αὑτοῦ
1332 3180 1588 3250 δρᾶσθαι,
1626 3177 1891 3249 ἐλάχιστα

294 3275 705 3343 ἁμαρτήσεται.

375 3386 394 3418 ‹
439 3367 633 3433 Ἔλεγε
667 3367 722 3419 δὲ
782 3367 916 3437 πρὸς
950 3367 1077 3428 τοὺς
1127 3365 1503 3436 κεκλημενους
1556 3362 1895 3436 παραϐολὴν,

295 3459 514 3528 ἐπέχων
564 3459 675 3520 πῶς
739 3459 838 3522 τὰς
893 3459 1295 3528 πρωτοκλισίας
1339 3457 1686 3524 ἐξελέγοντο,
1720 3457 1898 3523 λέγων

298 3553 440 3620 πρὸς
467 3549 696 3613 αὐτούς·
732 3551 903 3603 Ὅταν
946 3550 1153 3620 κληθῇς
1195 3549 1300 3602 ὑπό
1324 3566 1467 3612 τινος
1493 3552 1571 3612 είς
1596 3550 1795 3619 γάμον,
1822 3549 1897 3619 μὴ

296 3640 635 3710 κατακλιθῇς
657 3641 735 3702 είς
765 3639 863 3710 τὴν
882 3639 1306 3710 πρωτοκλισίαν,
1329 3641 1537 3708 μήποτε
1553 3639 1899 3709 ἐντιμότερός

301 3750 398 3786 σου
501 3731 832 3801 κεκλημένος
867 3731 958 3783 ὑπ’
984 3729 1170 3794 αὐτοῦ,
1209 3731 1304 3782 καὶ
1338 3728 1512 3781 ἐλθὼν
1541 3732 1568 3782 6
1592 3731 1652 3780 σὲ
1675 3729 1770 3781 καὶ
1802 3729 1900 3781 αύ-

295 3828 388 3878 τέιν
440 3825 698 3888 καλέσας,
745 3825 862 3894 ἐρεῖ
897 3839 1000 3886 σοι,
1037 3825 1134 3886 Δὸς
1161 3823 1343 3893 τούτῳ
1388 3823 1589 3887 τόπον,
1648 3824 1743 3876 καὶ
1771 3823 1892 3876 τότε

296 3918 441 3988 ἄρξῃ
474 3918 593 3988 μετ’
622 3917 883 3988 αἰσχύνης
906 3916 1240 3987 τὸνὲσχατον
1261 3916 1426 3969 τόπον
1463 3915 1748 3987 κατέχειν·
1782 3917 1899 3971 ἀλλ’

297 4013 432 4067 ὅταν
478 4011 708 4082 κληθῇς,
766 4010 1056 4081 πορευθεὶς
1107 4011 1380 4064 ἀνάπεσον
1424 4014 1504 4075 είς
1557 4012 1648 4064 τὸν
1674 4011 1900 4081 ἔσχατον

294 4105 484 4169 τόπον,
518 4105 604 4156 ἵνα
627 4104 754 4157 ὅταν
783 4102 914 4175 ἔλθῃ
947 4104 974 4155 6
1009 4102 1296 4176 κεκληκώς
1332 4121 1412 4166 σε,
1447 4103 1578 4176 εἴπῃ
1605 4122 1716 4158 σοι·
1748 4105 1899 4168 Φίλε,

298 4197 683 4266 προσανάϐηθι
711 4197 1013 4264 ἀνώτερον·
1049 4197 1170 4249 τότε
1201 4196 1356 4250 ἔσται
1385 4215 1467 4250 σοι
1499 4197 1628 4263 δόξα
1665 4198 1900 4251 ἐνώπιον

295 4293 409 4342 τῶν
448 4289 925 4358 συνανακειμένων
983 4306 1088 4354 σοι,
1151 4290 1234 4341 ὅτι
1276 4291 1382 4352 πᾶς
1431 4291 1458 4342 ὁ
1504 4290 1656 4358 ὑψῶν
1707 4290 1899 4343 ἑαυτὸν

295 4381 796 4451 ταπεινωθήσεται,
819 4382 910 4433 καὶ
927 4383 954 4434 ὁ
978 4399 1107 4435 ταπς
1124 4381 1248 4435 ινῶν
1272 4382 1465 4435 ἐαυτὸν
1489 4381 1858 4452 ὑψωθήσεται.
1875 4402 1892 4434 ι

309 4474 477 4546 Ὁρᾷς
511 4475 579 4527 τὰ
611 4475 801 4528 δεῖπνα
848 4473 942 4528 τοῦ
976 4476 1080 4546 Χρι
1109 4474 1214 4527 τοῦ
1252 4476 1382 4530 ποῖά
1427 4477 1552 4530 τινά
1604 4479 1762 4542 εἰσιν,
1818 4479 1899 4540 εἰς

2002 599 2093 638 sus
2121 594 2224 639 est.
2255 585 2564 639 Pomissent
2597 585 2744 638 enim
2765 583 2850 638 vel
2879 598 2942 638 ex
2971 583 3218 638 doctrina
3253 591 3308 636 et
3332 597 3610 648 St‘l’llione,

1999 678 2161 732 velex
2184 678 2501 733 ostensione
2531 677 2921 731 miraculorum
2956 677 3244 730 utilitatem
3271 677 3610 746 percepisSP,

2001 769 2044 824 si
2069 769 2288 839 quidem
2312 768 2633 824 voluissem.
2663 768 2836 822 Porro
2860 785 2985 822 cum
3021 769 3074 821 in
3096 766 3335 821 medium
3363 770 3609 822 venisset

2001 862 2355 933 hydmpicus,
2422 875 2528 916 non
2588 860 2692 913 hoc
2739 860 3106 914 consideravit
3159 858 3440 922 Dominus,
3476 876 3614 928 quo-

2000 957 2162 1012 modo
2216 972 2320 1009 non
2360 955 2660 1010 offenderet
2697 955 2866 1024 ipsos,
2913 957 3007 1009 sed
3055 955 3334 1023 quomodo
3385 963 3608 1008 sanaret

2000 1062 2124 1102 eum
2173 1048 2265 1117 qui
2314 1063 2445 1104 cura
2505 1063 2604 1101 sua
2665 1047 2962 1113 indigebat.
3009 1045 3236 1114 Oportet
3297 1047 3441 1100 enim
3509 1062 3609 1102 nos

2001 1144 2092 1198 ubi
2134 1159 2328 1213 magna
2391 1150 2706 1212 prospectat
2761 1141 3002 1203 utilitas,
3064 1156 3176 1194 non
3226 1157 3419 1195 curare
3472 1141 3611 1196 insi-

2002 1239 2215 1305 pientes
2274 1235 2367 1305 qui
2427 1233 2902 1290 scandalizentur.
2977 1232 3171 1303 Arguit
3221 1241 3402 1287 autem
3475 1233 3611 1288 insi-

2002 1329 2266 1400 pientiam
2308 1343 2499 1382 eorum
2555 1327 2645 1396 qui
2703 1326 3088 1394 reprehensuri
3142 1336 3320 1390 erant,
3381 1326 3611 1394 ideoque

2001 1425 2337 1489 interrogat:
2366 1420 2592 1477 Licetne
2626 1421 2869 1476 Sabhato
2912 1436 3110 1475 sanare
3141 1435 3206 1474 an
3237 1436 3346 1475 non
3366 1420 3389 1459 ν
3420 1418 3612 1473 Nonne

2000 1515 2290 1570 manifeste
2323 1515 2515 1569 irridet
2543 1529 2636 1570 eos
2663 1521 2720 1568 ut
2761 1512 3124 1582 insipientes?
3159 1511 3442 1580 Siqnidem
3483 1528 3608 1567 cum

1998 1608 2144 1666 Deus
2176 1607 2475 1663 Sabbatutn
2511 1607 2878 1672 benedixeril,
2915 1607 3014 1676 ipsi
3051 1605 3375 1660 benefacere
3420 1605 3612 1674 prohi-

2003 1701 2131 1756 bent
2170 1699 2224 1754 in
2249 1713 2333 1765 eo,
2368 1709 2420 1752 et
2454 1713 2551 1768 per
2587 1698 2688 1753 hoc
2719 1695 2928 1751 faciunt
2958 1697 3182 1751 omnino
3224 1694 3610 1750 maledictum?

2001 1791 2119 1846 Non
2153 1791 2302 1846 enitr.
2341 1790 2664 1844 benedictus
2683 1799 2767 1844 est
2787 1789 2905 1843 dies
2944 1789 2998 1843 in
3033 1802 3141 1858 quo
3164 1788 3298 1842 nihil
3325 1786 3452 1842 boni
3491 1787 3610 1842 fieri

1999 1888 2192 1942 soleat.
2223 1886 2290 1939 At
2314 1899 2438 1939 cum
2469 1883 2522 1936 hi
2544 1883 2779 1938 scientes
2813 1896 2923 1950 quo
2955 1879 3205 1934 tenderet
3229 1878 3606 1946 interrogatio,

1999 1979 2292 2042 siluerunt,
2330 1986 2460 2031 tunc
2486 1974 2644 2029 Jesus
2677 1973 2820 2044 quod
2853 1986 3014 2027 suum
3041 1978 3161 2026 erat
3196 1968 3354 2032 facit,
3388 1979 3444 2025 et
3472 1985 3612 2024 con-

2005 2075 2152 2122 tactu
2210 2075 2372 2123 sanat
2425 2064 2747 2118 hominem:
2817 2061 3014 2117 deinde
3063 2063 3229 2116 etiam
3297 2059 3611 2116 Pharismos

1999 2161 2325 2215 erubescere
2371 2159 2520 2224 facit,
2557 2158 2716 2228 quasi
2775 2157 2901 2212 talia
2934 2157 3140 2210 diceret
3169 2156 3249 2210 cis
3281 2174 3293 2209 :
3335 2153 3390 2209 Si
3417 2155 3608 2226 prohi-

1999 2254 2207 2310 buisset
2240 2253 2325 2307 lex
2350 2250 2598 2308 misereri
2634 2251 2686 2306 in
2717 2249 2980 2313 Sabbato,
3016 2264 3121 2303 non
3155 2263 3300 2302 cura:
3332 2248 3429 2302 tibi
3461 2247 3599 2303 fuis-

1997 2357 2082 2405 set
2135 2347 2181 2403 si
2235 2346 2380 2401 filius
2421 2355 2544 2401 tuus
2595 2345 2937 2415 periclitatus
2976 2344 3171 2401 fuisset
3221 2341 3601 2400 ittSabhato?

1999 2441 2218 2512 thuid
2247 2441 2368 2495 dico
2406 2439 2592 2496 filius?
2622 2456 2798 2512 neque
2819 2441 3014 2496 bovem
3043 2442 3365 2511 reliquisses
3395 2443 3607 2509 absque

1994 2534 2291 2602 adiutorio,
2319 2535 2363 2590 si
2395 2535 2794 2605 periclitantem
2827 2535 3081 2590 vidisses.
3120 2536 3406 2602 Quomodo
3441 2534 3608 2605 igitur

1997 2646 2104 2686 nou
2137 2630 2363 2685 stultum
2397 2628 2559 2681 fuerit
2600 2630 2744 2699 quod
2775 2631 3086 2683 observatis
3131 2630 3472 2683 sanationem
3508 2630 3607 2697 hy-

1997 2723 2210 2793 dropici
2256 2724 2308 2777 in
2374 2723 2656 2777 Sabbato?
2687 2719 2854 2792 394
2886 2721 3228 2793 Hydropicus
3286 2730 3369 2774 est
3425 2720 3607 2774 omnis

1995 2831 2204 2887 quiper
2227 2815 2546 2870 dissolutam
2573 2816 2737 2869 vitam
2765 2827 2813 2870 et
2853 2799 3115 2869 lubricam
3149 2815 3328 2868 anitna
3366 2829 3463 2868 sua
3481 2828 3605 2884 gra-

1997 2913 2137 2967 viter
2170 2919 2420 2981 aegrotat,
2459 2911 2549 2979 qui
2583 2920 2635 2963 et
2692 2909 2911 2964 Christo
2941 2909 3188 2977 indiget:
3227 2919 3280 2963 et
3323 2907 3609 2960 sanabitur

1995 3003 2175 3074 plane,
2207 3005 2249 3059 si
2287 3016 2414 3059 ante
2459 3003 2740 3058 Christum
2795 3002 2980 3057 fuerit.
3048 3002 3186 3066 Nam
3242 3002 3332 3070 qui
3387 3016 3447 3056 se
3477 3013 3606 3056 ante

1995 3096 2274 3152 Christum
2321 3113 2443 3152 esse
2493 3096 2831 3162 eoosiderat,
2891 3097 3140 3166 cogitans
3193 3110 3413 3164 semper
3468 3109 3606 3164 quo-

1921 3211 1966 3274 C
2003 3191 2162 3246 modo
2202 3190 2271 3245 ab
2314 3193 2431 3261 ipso
2454 3190 2726 3257 videatur,
2759 3191 2986 3244 minime
3025 3188 3296 3258 peccabit.

2078 3372 2237 3429 Vens.
2293 3373 2446 3427 7-H.
2488 3389 2511 3424 ε
2547 3371 2774 3426 Dicebat
2806 3379 2986 3425 autem
3040 3371 3106 3424 ad
3153 3369 3409 3424 invitatos
3442 3385 3606 3441 para-

2000 3468 2202 3531 bolatn,
2235 3466 2526 3520 intendens
2557 3466 2830 3534 quomodo
2856 3465 3064 3532 primos
3096 3463 3380 3517 accubitus
3436 3463 3606 3532 elige-

1999 3567 2141 3622 rent,
2166 3557 2354 3614 dicens
2383 3558 2448 3609 ad
2485 3556 2648 3610 illos:
2679 3557 2813 3611 Cum
2843 3557 3105 3610 invitatus
3135 3554 3303 3609 fueris
3333 3557 3400 3608 ab
3425 3555 3608 3624 aliquo

2000 3656 2068 3709 ad
2117 3655 2356 3723 nuptias,
2424 3667 2491 3706 ne
2523 3653 2821 3705 accumbas
2858 3651 2910 3703 in
2938 3650 3115 3719 primo
3155 3650 3297 3714 loco,
3354 3662 3419 3702 ne
3464 3647 3607 3701 forte

2000 3749 2321 3803 honoratior
2359 3755 2410 3800 te
2456 3745 2524 3800 ab
2567 3745 2658 3799 illo
2712 3745 2784 3797 sit
2853 3745 3136 3806 invitatus,
3203 3753 3258 3796 et
3299 3743 3522 3797 veniens
3563 3744 3606 3798 is

2000 3839 2092 3909 qui
2124 3849 2175 3893 te
2205 3847 2260 3892 et
2289 3838 2438 3890 illum
2468 3839 2708 3901 vocavit,
2733 3835 2880 3890 dit-at
2920 3838 3012 3891 tibi
3052 3856 3062 3890 :
3109 3836 3178 3889 Da
3216 3836 3345 3890 huic
3371 3834 3553 3888 locum
3590 3854 3605 3888 :

2000 3941 2054 3986 et
2091 3941 2220 3986 tunc
2270 3930 2503 4001 incipias
2542 3944 2666 3984 cum
2722 3931 2921 3984 rubore
2960 3939 3267 3982 extremum
3299 3929 3476 3983 locum
3521 3937 3608 3983 te-

2002 4038 2133 4078 nere
2203 4041 2215 4077 :
2290 4025 2423 4094 quin
2471 4022 2653 4091 potius
2717 4036 2837 4076 cum
2892 4031 3115 4076 voealus
3175 4019 3378 4086 fueris,
3430 4021 3606 4088 vade,

2003 4118 2267 4172 accumbe
2334 4117 2386 4169 in
2465 4117 2764 4171 novissimo
2833 4117 2992 4180 loco,
3081 4125 3137 4169 ttt
3197 4131 3319 4170 cum
3393 4119 3608 4171 venerit

2002 4209 2094 4278 qui
2123 4219 2174 4263 te
2205 4210 2477 4274 invitavit,
2507 4210 2654 4262 dicat
2698 4209 2795 4264 tibi
2851 4227 2865 4264 :
2896 4211 3116 4274 Amice,
3160 4210 3394 4264 ascende
3449 4224 3612 4278 supc-

2006 4302 2117 4355 rius
2159 4319 2170 4354 :
2237 4309 2371 4355 tunc
2420 4302 2526 4355 erit
2560 4301 2656 4355 tibi
2691 4301 2862 4371 gloria
2905 4317 3092 4355 coram
3141 4302 3300 4354 simul
3358 4302 3608 4356 disrum-

2005 4395 2298 4450 bentibus:
2338 4395 2461 4464 quia
2487 4395 2666 4449 omnis
2694 4397 2784 4463 qui
2837 4411 2895 4449 se
2920 4395 3155 4458 extollit,
3188 4395 3564 4450 humiliabitur
3588 4435 3603 4460 ,

2003 4496 2058 4540 et
2092 4487 2183 4557 qui
2235 4502 2295 4541 se
2329 4486 2600 4547 humiliat.
2627 4487 2938 4541 extolletur.
2986 4506 3004 4539 ι
3047 4486 3206 4539 Vides
3223 4501 3409 4540 omitas
3447 4486 3609 4541 Chri-

294 4567 570 4636 ὠφέλειαν
599 4567 788 4637 ψυχῶν
813 4606 827 4631 ,
863 4567 963 4620 οὐκ
1003 4570 1080 4630 είς
1111 4567 1275 4639 κόρον
1319 4568 1560 4639 γαστρὸς
1589 4571 1896 4639 καταστρέ-

2004 4581 2071 4634 Sli
2099 4578 2290 4649 quales
2339 4579 2472 4646 sint,
2521 4593 2717 4649 nempe
2751 4580 2804 4633 in
2843 4580 3136 4633 utilitatem
3169 4581 3389 4640 animae.
3420 4590 3472 4632 et
3502 4596 3607 4634 non

295 4675 504 4728 φοντα;
540 4659 644 4712 Ἷδε
673 4661 803 4731 γὰρ,
839 4661 1026 4713 ἰάσατο
1062 4659 1154 4712 τὸν
1181 4660 1509 4729 ὑδρωπικδν,
1536 4662 1743 4725 ἐδίδαξε
1772 4663 1895 4725 τοὺς

296 4751 650 4822 Φαρισαίους,
699 4753 781 4806 ὅτι
840 4752 1004 4806 καλὸν
1037 4755 1098 4804 τὸ
1147 4754 1204 4805 ἐν
1239 4752 1504 4823 Σαϐϐάτῳ
1558 4754 1893 4822 εὐεργετεῖν.

309 4845 467 4898 Ἐπεὶ
517 4845 574 4898 δὲ
623 4840 765 4898 εἶδεν
817 4846 1016 4910 αὐτοὺς
1056 4847 1151 4899 καὶ
1193 4848 1451 4916 περὶτῆς
1489 4847 1896 4917 πρωτοκλισίας

300 4938 761 5008 θορυϐουμένους,
820 4940 967 4992 ίᾶται
1021 4942 1112 4992 καὶ
1164 4939 1324 4992 τοῦτο
1356 4939 1419 4992 τὸ
1452 4939 1625 5002 πάθος
1655 4941 1756 4992 οὐκ
1790 4941 1897 4993 ἀπὸ

301 5031 545 5102 σμικρᾶς
574 5030 878 5100 ἀρχόμενον
933 5033 1285 5101 προφάσεως,
1344 5031 1460 5084 ἀλλ’
1509 5032 1617 5084 ἀπὸ
1657 5031 1898 5100 μεγάλης

300 5126 398 5176 καὶ
424 5124 875 5190 δυσδιαφεύκτου,
908 5125 1003 5192 τῆς
1023 5125 1330 5189 κενοδοξίας
1367 5126 1510 5196 φημί
1536 5143 1548 5156 ο
1578 5128 1671 5180 καὶ
1709 5128 1784 5197 μή
1815 5144 1897 5188 τις

299 5217 573 5284 νομιζέτω
603 5217 700 5285 τὴν
734 5219 861 5285 περὶ
903 5218 1094 5270 τούτου
1115 5219 1464 5272 διδασκαλίαν
1493 5221 1695 5290 μικρὰν
1733 5216 1896 5284 εἶναι,

302 5313 396 5362 καὶ
426 5311 654 5376 ἀναξίαν
675 5311 775 5378 τῆς
799 5310 893 5362 τοῦ
927 5311 1063 5364 Θεοῦ
1101 5313 1577 5384 μεγαλοπρεπείας
1608 5333 1617 5342 ·
1659 5315 1899 5383 μάλιστα

304 5405 406 5474 μὲν
451 5406 558 5472 γὰρ
603 5404 724 5456 οὐδὲ
769 5405 950 5475 ίατρὺν
1001 5406 1387 5475 φιλάνθρωπον
1433 5409 1610 5470 εἴποις
1663 5409 1750 5471 ἂν,
1808 5410 1899 5461 τον

303 5495 584 5561 ποδάγρας
629 5497 726 5566 μὲν
782 5499 966 5551 ἰᾶσθαι
1017 5501 1509 5570 ἐπαγγελλόμενον,
1547 5511 1637 5554 χαι
1668 5506 1764 5555 ὅσα
1794 5505 1898 5555 τῶν

302 5590 632 5657 νῡσημάτων
693 5591 968 5657 ἀξιόλογα,
1027 5592 1294 5645 δακτύλου
1375 5595 1428 5648 δὲ
1492 5597 1806 5666 σύντριμμα
1867 5598 1896 5665 ἢ

301 5682 514 5745 ὀδόντος
531 5682 694 5750 ἄλγος
720 5684 794 5753 μὴ
821 5686 1109 5754 δεχόμενον
1137 5688 1481 5757 θεραπεύειν.
1523 5690 1759 5743 Ἔπειτα
1786 5691 1899 5753 πῶς

308 5776 505 5848 μικρὸν
534 5776 595 5829 τὸ
625 5777 722 5845 τῆς
757 5779 1063 5845 κενοδοξίας
1119 5782 1313 5845 πάθος,
1356 5781 1383 5832 ὃ
1413 5782 1644 5852 ἠνώχλει
1680 5785 1900 5847 πάντως

304 5872 414 5932 τοῖς
444 5868 543 5929 τὰς
570 5871 976 5936 πρωτοκλισίας
1004 5872 1290 5942 ζητοῦσιν;
1329 5874 1525 5944 Ἐχρῆν
1559 5873 1672 5938 οὖν,
1733 5876 1900 5948 ἐχρῆν

2009 4677 2062 4729 in
2103 4676 2412 4730 satietatem
2447 4677 2652 4729 ventris
2685 4685 2995 4730 vertuntur.
3025 4672 3168 4729 Ecce
3199 4675 3342 4727 enim
3393 4675 3610 4728 sanavit

2007 4766 2362 4837 hydropicum
2397 4783 2408 4818 :
2446 4766 2626 4819 docuit
2658 4763 2968 4818 Pharisaros
2995 4767 3138 4834 quod
3193 4766 3390 4818 bonum
3438 4766 3509 4819 sit
3553 4768 3606 4820 in

2008 4855 2248 4913 Sabbato
2275 4857 2618 4914 benefacere.
2662 4856 2727 4912 Et
2769 4865 2957 4926 postea
2988 4859 3178 4912 videns
3200 4872 3296 4912 eos
3337 4859 3402 4911 de
3434 4859 3610 4923 primo

2008 4953 2260 5006 accubitu
2284 4952 2632 5016 tumultuari,
2664 4960 2821 5006 sanat
2853 4961 2905 5006 et
2934 4953 3072 5005 hanc
3101 4950 3469 5014 affet-tionem,
3490 4967 3612 5021 quin

2010 5061 2113 5098 non
2139 5059 2368 5115 aparva,
2395 5046 2490 5099 sed
2515 5059 2709 5114 magna
2730 5055 2778 5098 et
2803 5048 2889 5099 vix
2909 5044 3185 5114 eﬂugahili
3206 5059 3369 5097 causa
3400 5045 3609 5113 incipit,

2010 5138 2157 5191 inani
2200 5138 2420 5206 inquam
2459 5137 2654 5206 gloria.
2677 5137 2825 5191 Etnc
2849 5137 2968 5204 quis
2995 5137 3273 5189 existimet
3299 5136 3611 5188 hocd0t-ere

2013 5230 2190 5282 minus
2221 5239 2270 5281 et
2306 5229 2584 5298 indignum
2605 5243 2724 5279 esse
2751 5225 3152 5295 magnificentia
3181 5226 3328 5278 verhi
3363 5225 3478 5287 Dei,
3503 5225 3611 5276 imo

2010 5321 2249 5374 maxime
2291 5321 2450 5389 :quia
2489 5321 2730 5373 medicus
2768 5320 2856 5388 qui
2900 5319 3188 5388 pollicetur
3221 5333 3419 5373 sanare
3445 5319 3611 5385 poda-

2011 5428 2186 5482 gram,
2219 5426 2515 5479 omnesque
2566 5413 2784 5464 niuibus
2833 5420 3134 5465 memoratu
3168 5411 3384 5480 dignos,
3438 5425 3611 5477 neque

2012 5505 2304 5574 digitorum
2371 5505 2705 5568 altritioucs,
2765 5504 2846 5557 vel
2893 5505 3074 5558 dentis
3116 5504 3358 5557 dolorem
3415 5518 3612 5555 sanare

2011 5603 2300 5656 detractat.
2361 5601 2565 5655 Deinde
2629 5603 2900 5669 quomodo
2955 5617 3156 5668 parvus
3214 5601 3392 5654 inanis
3429 5601 3609 5664 giurim

2014 5695 2256 5757 morbus,
2304 5710 2413 5764 quo
2470 5696 2694 5746 omnino
2739 5697 3031 5748 turbantur
3065 5695 3156 5761 qui
3207 5696 3415 5761 pri-mos
3454 5707 3613 5744 acru-

2011 5788 2416 5855 billlstlllsln'llltl
2437 5791 2457 5841 '3
2477 5788 2772 5854 ΟροιιυΙπιι
2806 5789 2968 5856 igitur
2993 5789 3316 5843 humilitatis
3337 5789 3610 5839 iiut'ttm‘ttt

2011 5890 2064 5933 et
2113 5881 2415 5951 principem
2468 5892 2521 5934 et
2552 5890 3056 5935 consumtttatoretn
3114 5882 3392 5933 (Ihriswm
3428 5896 3614 5938 omnes
