4110 6332
596 389 697 457 931

1515 394 2100 457 THEOPHYLACTI
2139 395 2553 456 BULGARIE
2591 399 2634 456 Λ
2649 396 2949 459 RCHIEP.

3749 395 3856 454 93'!

587 520 770 560 rantes
800 505 972 559 inanis
1020 504 1204 573 gloriae
1234 517 1536 576 amputare.
1586 510 1653 569 Et
1681 510 1783 565 hoc
1820 526 2038 580 quoque
2065 527 2147 566 exi

2263 510 2359 564 τὸν
2385 513 2481 582 τῆς
2511 511 2896 576 ταπεινώσεως
2943 508 3284 575 διδάσκαλον,
3315 511 3407 562 καὶ
3457 509 3728 578 ἀρχηγλν,
3767 508 3856 559 καὶ

593 599 787 668 pende,
816 597 860 651 si
901 610 1006 650 non
1040 595 1237 652 fuisset
1267 607 1480 669 tempus
1504 614 1725 666 mensae,
1750 608 1803 656 et
1821 600 1889 658 de
1914 602 2018 658 hoc
2056 603 2171 658 dis-

590 687 848 744 seruisset
879 687 1140 744 Dominus
1175 689 1368 744 relicto
1399 691 1467 746 de
1495 690 1619 746 aliis
1668 693 1832 748 rebus
1879 707 2157 758 sermone,

591 784 730 854 esset
756 775 894 830 forte
920 778 1341 848 heprehensioni
1395 771 1590 836 locus:
1634 797 1778 838 nunc
1819 793 1998 838 autem
2042 784 2171 854 quia

592 849 720 924 hara
754 882 924 924 coenae
961 880 1013 924 et
1056 871 1374 928 ambitionis
1427 874 1649 929 morbus
1681 875 1911 930 miseros
1946 875 2171 932 turbans

589 970 716 1014 ante
754 960 942 1015 oculos
976 959 1272 1016 Salvatoris
1300 964 1644 1029 versabatur,
1679 957 1892 1033 tempus.
1914 975 2032 1019 erat
2067 965 2170 1018 ad-

589 1053 925 1106 monitionis.
982 1050 1118 1106 Vide
1147 1052 1290 1106 enim
1319 1060 1374 1107 et
1403 1053 1561 1108 aliter
1613 1057 1889 1126 quomodo
1927 1069 1958 1109 α
2006 1057 2164 1126 culpa

588 1144 859 1196 lmmincm
901 1143 1117 1207 liberet,
1145 1153 1200 1199 et
1224 1146 1496 1214 quomodo
1535 1145 1710 1214 ipsum
1735 1145 1948 1200 civilem
1976 1145 2164 1201 faciat.

585 1231 799 1301 Quanta
837 1234 983 1289 enim
1039 1236 1356 1293 confusione
1381 1239 1598 1308 plenus,
1634 1253 1755 1293 cum
1814 1239 2166 1304 requisiveris

585 1325 764 1380 locum
821 1337 872 1380 te
925 1327 1227 1396 indignum,
1264 1335 1319 1382 ‘et
1371 1329 1566 1384 deinde
1612 1344 1734 1383 cum
1785 1331 2166 1397 supervenerit

584 1419 814 1487 dignior,
848 1421 893 1471 is
922 1421 1010 1486 qui
1045 1430 1095 1474 te
1115 1421 1530 1487 vocavitpdicat
1561 1438 1574 1476 :
1606 1419 1682 1497 Da
1711 1420 1837 1476 huic
1858 1422 2058 1485 locum,
2092 1422 2166 1477 id-

582 1525 688 1579 que
737 1512 914 1580 εαξροῖ
945 1511 1436 1569 Descendes'enim
1476 1525 1572 1586 tu,_
1604 1515 1680 1568 illi
1710 1525 1892 1570 autem
1924 1517 2162 1587 primum

584 1604 758 1657 locum
797 1604 1162 1673 occupabunt.
1212 1605 1441 1674 Contra,
1487 1616 1693 1678 quanta
1740 1607 1902 1663 laude
1945 1609 2161 1680 dignus,

581 1697 796 1764 quando
847 1697 1020 1766 prima
1078 1697 1210 1753 sella
1240 1698 1769 1772 diguus,‘principio
1799 1702 1946 1759 sedet
1980 1703 2031 1756 in
2057 1703 2171 1784 hu-.

584 1787 697 1841 mili
724 1787 867 1853 loco,
901 1799 955 1843 et
1001 1801 1186 1858 postea
1229 1806 1344 1861 pm
1386 1792 1507 1847 aliis
1545 1794 1738 1849 sedere
1789 1795 2170 1866 conrperiturr

583 1881 832 1935 omnibus
891 1882 965 1935 illi
1007 1882 1179 1951 primo
1224 1883 1344 1939 loco
1391 1874 1750 1942 cedentibus?
1799 1886 1936 1943 Num
1995 1889 2157 1959 igitur

581 1987 746 2040 parva
777 1973 870 2027 tibi
898 1973 1109 2028 videtur
1142 1974 1230 2030 illa
1257 1976 1554 2033 admonitio
1585 1978 1816 2045 Domini,
1841 1997 1960 2052 qua:
1982 1977 2154 2038 maxi-

581 2077 721 2115 mam
763 2064 1023 2119 virtutum
1051 2065 1410 2123 humilitatem
1457 2070 1633 2135 docet,
1660 2081 1714 2126 et
1747 2073 1800 2126 in
1838 2073 2146 2130 auditorum

579 2156 860 2211 animabus
876 2159 1128 2225 collocat,
1165 2169 1220 2216 et
1248 2162 1314 2215 ad
1345 2163 1628 2220 honestam
1661 2167 1784 2222 vita:
1818 2170 2155 2225 observatio-

577 2261 698 2300 nem
722 2248 883 2319 395
915 2251 1102 2306 ducit?
1128 2253 1177 2307 id
1203 2256 1348 2324 quod
1370 2255 1571 2312 Christi
1604 2259 1831 2315 dilectus
1855 2262 2152 2333 discipulus

579 2339 776 2396 Paulus
809 2353 998 2413 postea
1024 2345 1161 2401 dixit
1188 2364 1202 2401 :
1240 2365 1260 2400 ι
1297 2345 1491 2403 Omnia
1524 2351 1748 2408 honeste
1771 2363 1825 2408 et
1846 2357 2144 2409 secundum

575 2433 849 2499 ordinem,
898 2437 1103 2505 inquit,
1139 2439 1288 2494 fiant.
1328 2458 1346 2491 ι
1372 2440 1489 2507 Quo
1521 2455 1677 2512 pacto
1710 2445 1994 2516 igiturltoc
2026 2448 2155 2503 fiet?

572 2521 758 2579 Nullus
787 2537 990 2596 qumrat
1017 2531 1158 2598 quod
1189 2546 1346 2586 suum
1365 2541 1467 2597 est,
1495 2536 1588 2589 sed
1609 2539 1979 2608 unusquisque
2007 2543 2151 2610 quod

572 2609 815 2672 alterius.
853 2617 1014 2674 Vides
1062 2620 1384 2692 discipulum
1440 2630 1628 2682 eadem
1658 2628 1825 2699 loqui,
1879 2645 1998 2699 quzr
2029 2609 2144 2686 ma-

570 2708 736 2776 sister
779 2709 926 2778 ejus?
997 2712 1139 2769 Istud
1194 2730 1323 2772 vero
1369 2735 1437 2772 ιι
1506 2720 1698 2777 Omnis
1757 2723 1849 2792 qui
1906 2727 2141 2793 seipsum

568 2801 772 2855 exaltat
795 2803 1168 2860 humiliabitur
1188 2805 1255 2874 “,
1282 2828 1302 2861 ι
1355 2825 1464 2881 quo
1504 2823 1664 2882 pacto
1690 2815 2022 2887 intelligam?
2055 2818 2142 2872 Et-

570 2892 714 2946 enim
749 2896 901 2949 nmlti
927 2895 980 2950 in
1024 2898 1132 2952 vita
1175 2899 1274 2955 hac
1296 2915 1354 2956 se
1384 2903 1942 2973 exaltantes,honore
1961 2909 2148 2963 fruun-

563 2989 676 3042 tur.
707 2983 874 3055 Igitur
902 2986 1005 3043 hoc
1057 2991 1274 3059 quidem
1311 2986 1583 3050 humiliari
1625 3009 1730 3065 est,
1766 3003 1984 3071 quando
2016 3008 2139 3075 quis

565 3072 762 3132 fruitur
793 3094 987 3148 magno
1021 3082 1227 3139 honore
1258 3085 1311 3140 in
1348 3088 1568 3154 mundo,
1602 3099 1713 3146 tum
1746 3094 1913 3149 miser
1942 3105 1996 3152 et
2031 3072 2135 3153 bu-

2274 597 2562 675 τελειωτὴν
2594 605 2827 676 Χριστὸν
2855 605 3037 657 πάντα
3071 604 3268 657 κλάδον
3297 603 3397 672 τῆς
3428 603 3671 672 πονηρᾶς
3704 602 3855 672 ῥίζης

2273 694 2371 764 τῆς
2401 693 2707 759 κενοδοξίας
2740 695 3048 763 ἐκτέμνειν.
3082 695 3193 747 Καὶ
3223 693 3381 747 τοῦτο
3410 691 3465 744 δέ
3502 709 3592 762 μοι
3620 692 3851 763 προσλοο

2273 786 2427 855 γίζου
2453 805 2467 822 ·
2508 788 2556 841 εί
2584 788 2683 856 μὲν
2709 783 2804 842 οὗν
2838 788 2939 841 οὐκ
2975 783 3044 858 ἦν
3073 787 3264 858 καιρὸς
3285 784 3586 858 τραπέζης,
3647 785 3748 840 καὶ
3779 785 3852 838 δι-

2273 880 2492 948 ελέγετο
2518 881 2646 951 περὶ
2674 879 2879 945 τούτων
2904 881 2931 935 6
2949 880 3174 951 Κύριος,
3194 881 3353 948 ἀφεὶς
3373 879 3499 941 τοὺς
3528 878 3662 948 περὶ
3683 876 3856 931 ἄλλων

2271 972 2483 1040 λόγους,
2516 968 2661 1043 εἶχεν
2695 972 2762 1026 ἂν
2793 972 2950 1038 λόγον
2978 973 3011 1042 ἡ
3051 971 3279 1041 μέμψις,
3315 970 3412 1022 νῦν
3441 970 3496 1023 δὲ
3524 969 3744 1023 δείπνου
3770 967 3855 1020 6v-

2270 1079 2381 1127 τος,
2405 1063 2500 1114 καὶ⁸
2521 1061 2616 1115 τοῦ
2642 1061 2740 1133 τῆς
2762 1061 3163 1132 φιλοπρωτείας
3187 1061 3394 1123 πάθους
3423 1061 3530 1130 πρὸ
3554 1059 3856 1128 ὀφθαλμῶν

2269 1153 2364 1208 τοῦ
2397 1154 2650 1225 Σωτῆρος
2683 1155 3027 1225 ἐνοχλοῦντος
3066 1157 3176 1217 τοῖς
3207 1155 3481 1216 ἐλεεινοῖς,
3522 1154 3720 1225 καιρὸν
3773 1149 3852 1206 εἷ-

2271 1249 2417 1316 χενὴ
2446 1248 2787 1315 παραίνεσις.
2822 1247 2926 1300 Ἴδε
2956 1245 3065 1318 γὰρ
3104 1247 3199 1300 καὶ
3234 1246 3412 1307 ἄλλως
3465 1245 3630 1299 πόσου
3661 1244 3854 1316 μώμου

2267 1339 2360 1392 τὸν
2390 1339 2674 1410 ἄνθρωπον
2724 1339 3081 1406 ἀπαλλάττει,
3133 1339 3376 1402 καὶπῶς
3421 1340 3652 1407 κόσμιον
3691 1338 3856 1392 αὑτὸν

2269 1432 2435 1484 ποιεῖ.
2465 1430 2646 1500 Πόσης
2695 1430 2805 1501 γὰρ
2835 1428 3100 1499 αἰσχύνης
3139 1430 3469 1499 ἀνάμεστον,
3489 1430 3620 1481 ὅταν
3645 1428 3739 1481 τὸν
3779 1427 3854 1498 μὴ

2268 1523 2549 1594 πρέποντά
2591 1540 2673 1576 σοι
2728 1524 2893 1577 τόπον
2935 1525 3257 1594 ζητήσαντι,
3303 1516 3424 1574 εἶτα
3474 1521 3723 1585 ἐλθόντος
3759 1519 3854 1573 τοῦ

2266 1617 2638 1687 ὲντιμοτέρου,
2685 1617 2713 1669 6
2749 1617 2986 1679 καλέσας
3021 1633 3078 1669 σε
3120 1616 3248 1688 εἴπῃ
3269 1633 3282 1646 ·
3328 1615 3427 1678 Δὸς
3457 1614 3633 1684 τούτῳ
3663 1615 3850 1675 τόπον,

2265 1711 2358 1761 καὶ
2386 1707 2544 1762 τοῦτο
2575 1708 2859 1772 πολλάκις,
2908 1709 3009 1762 καὶ
3043 1708 3343 1778 ὑποϐαίνῃς
3380 1708 3479 1775 μὲν
3508 1707 3694 1770 αὐτὸς,
3718 1708 3854 1759 ἐκεῖ·

2264 1818 2342 1855 νοι
2375 1800 2431 1854 δὲ
2457 1800 2860 1871 προεδρεύωσις
2901 1801 3074 1853 Πόσου
3109 1801 3164 1854 δὲ
3197 1801 3422 1854 ἐπαίνου
3464 1799 3612 1864 ἄξιον
3633 1805 3856 1852 τούναν-

2262 1894 2399 1956 τίον,
2428 1895 2556 1947 ὅταν
2584 1895 2611 1947 6
2634 1893 2731 1963 τῆς
2765 1892 2988 1965 πρώτης
3023 1893 3292 1963 καθέδρας
3338 1893 3508 1957 ἄξιος,
3539 1892 3752 1956 ὑποϐὰς
3795 1893 3854 1956 ἐξ

2266 1988 2464 2058 ἀρχῆς,
2507 1983 2625 2039 εἶτα
2671 1986 3016 2057 προεδρεύων
3053 1985 3273 2057 εὑρεθῇ,
3315 1987 3532 2040 πάντων
3561 1986 3851 2054 ἐξισταμέο

2266 2099 2371 2134 νων
2406 2078 2555 2151 αὐτῷ
2597 2079 2705 2131 τῶν
2736 2078 3052 2148 πρωτείων;
3080 2074 3227 2148 Ἀρα
3280 2079 3454 2147 μικρά
3496 2096 3578 2132 σοι
3635 2079 3785 2132 δοκεῖ
3817 2081 3851 2150 fg

2264 2170 2486 2238 τοιαύτη
2516 2167 2610 2221 τοῦ
2660 2169 2865 2235 Κυρίου
2904 2168 3246 2238 παραίνεσις,
3302 2167 3399 2237 την
3433 2169 3700 2237 μεγίστην
3740 2170 3850 2220 τῶν

2264 2261 2495 2332 ἀρετῶν,
2525 2262 2624 2332 τὴν
2652 2259 2981 2313 ταπείνωσιν
3003 2258 3421 2328 ὑπογράφουσα,
3467 2261 3561 2312 καὶ
3588 2262 3709 2323 ταῖς
3740 2261 3850 2314 τῑυν

2262 2355 2629 2427 ἀκροωμένων
2664 2355 2866 2424 ψυχαῖς
2897 2351 3303 2420 ὲγκαθιστῶσα,
3336 2355 3431 2406 καὶ
3476 2353 3612 2421 προς
3653 2354 3712 2405 τὸ
3756 2354 3849 2407 εῦ-

2264 2466 2472 2519 σχημον
2501 2450 2710 2516 ἄγουσα
2730 2447 2891 2515 τότγέ
2941 2445 3110 2514 αὐτῆς
3138 2447 3438 2513 ἀκούοντα;
3464 2447 3602 2515 ὅπερ
3639 2441 3734 2501 οὖν
3756 2449 3848 2500 καὶ

2258 2541 2286 2591 6
2311 2538 2547 2610 Χριστοῦ
2573 2538 2820 2609 μαθητὴς
2845 2536 3057 2602 Παῦλος
3082 2535 3307 2607 ὕστερον
3319 2535 3461 2598 εἷπε,
3495 2556 3512 2588 ι
3551 2538 3735 2592 Πάντα
3757 2539 3846 2590 εὑ-

2260 2647 2361 2701 σχη
2371 2631 2547 2698 μόνως
2585 2630 2682 2684 καὶ
2713 2631 2856 2682 κατὰ
2887 2630 3063 2696 τάξιν,
3087 2629 3239 2700 φησὶ,
3267 2629 3521 2696 γινέσθω.
3546 2648 3564 2680 ι
3600 2631 3724 2692 Πῶς
3753 2625 3845 2683 οῦν

2259 2721 2419 2775 τοῦτο
2442 2721 2735 2790 γενήσεται
2759 2738 2772 2786 ;
2803 2721 3010 2791 Μηδεὶς
3037 2722 3098 2775 τὸ
3119 2722 3314 2775 ἑαυτοῦ
3342 2722 3594 2792 ζητείτω,
3625 2722 3764 2777 ἀλλά
3785 2723 3845 2776 τὸ

2256 2811 2350 2865 τοῦ
2379 2813 2568 2882 ἑτέρου
2602 2811 2854 2876 ἕκαστος.
2896 2812 3060 2884 Ὁρᾷς
3085 2813 3178 2868 τδν
3221 2813 3471 2885 μαθητὴν
3503 2814 3569 2867 τὰ
3603 2816 3742 2869 αὑτά
3767 2814 3842 2885 τῷ

2253 2905 2562 2960 δ.δασκάλω
2589 2904 2994 2975 φθεγγόμενον;
3021 2906 3096 2960 Τὸ
3115 2908 3192 2970 δὲ,
3214 2927 3245 2959 ι
3277 2909 3389 2970 Πᾶς
3414 2910 3441 2960 6
3470 2908 3620 2977 ὑψῶν
3651 2910 3844 2966 ἑαυτὸν

2257 2995 2779 3068 ταπεινωθήσεται,›
2823 2997 2941 3060 πῶς
2964 2999 3262 3068 νοήσομεν;
3293 2999 3404 3053 Καὶ
3432 3001 3540 3071 γὰρ
3573 3001 3758 3056 πολλοὶ
3786 3003 3842 3054 ἐν

2253 3087 2334 3158 τῷ
2365 3088 2467 3160 βίῳ
2497 3089 2675 3160 τούτῳ
2707 3089 2970 3159 ὑψοῦντες
3008 3091 3260 3156 ἑαυτοὺς,
3280 3094 3444 3164 τιμῆς
3470 3094 3837 3150 ἀπολαύουσι·

565 3167 710 3222 milis
752 3168 811 3222 [lt
841 3172 982 3240 apud
1015 3173 1203 3230 Deum.
1245 3176 1469 3249 Insuper
1497 3196 1600 3236 non
1644 3199 1816 3254 usque
1842 3187 1910 3242 ad
1958 3188 2144 3258 finem,

2253 3181 2407 3234 τοῦτο
2437 3183 2535 3251 μὲν
2565 3177 2659 3235 οὖν
2691 3182 2808 3235 ἐστι
2844 3183 2906 3235 τὸ
2950 3184 3370 3251 ταπεινοῦσθαι,
3408 3189 3535 3241 ὅταν
3589 3206 3675 3253 τις
3703 3193 3840 3245 ἀπο-

565 3271 743 3327 neque
765 3262 907 3329 apud
939 3278 1130 3322 omnes
1162 3267 1214 3322 in
1250 3270 1341 3323 tali
1384 3272 1591 3327 honore
1615 3283 1720 3350 est,
1749 3279 1844 3333 sed
1886 3292 2144 3350 quantum

566 3362 596 3400 a
635 3349 961 3419 quibusdam
997 3356 1345 3422 observatur,
1377 3370 1586 3417 tantum
1611 3365 1680 3421 ab
1702 3348 1828 3422 'aliis
1860 3348 2147 3437 irridetur,

568 3449 623 3494 et
654 3455 1039 3513 nonnunquam
1077 3447 1143 3502 ab
1199 3449 1282 3505 his
1323 3467 1352 3507 ιι
1392 3455 1591 3523 quibus
1638 3441 1954 3513 honoratur.
2014 3461 2150 3520 Vera

564 3529 726 3600 igitur
757 3543 841 3588 est
885 3539 1178 3594 sententia.
1222 3540 1291 3598 Et
1334 3547 1510 3600 omnis
1549 3548 1801 3619 indignus
1850 3553 1993 3608 hanc
2046 3557 2147 3610 sibi

562 3622 950 3681 sublimitatem
993 3630 1298 3698 vindicans,
1322 3634 1718 3706 humiliahitur,
1743 3652 1798 3696 et
1818 3645 1956 3712 apud
1982 3647 2148 3702 Deum

562 3712 803 3781 quiem,
827 3719 1045 3785 quando
1080 3720 1323 3777 ultimum
1349 3725 1636 3795 judicium,
1662 3731 1714 3784 in
1738 3731 1848 3785 vita
1889 3747 2018 3789 vero
2046 3736 2147 3793 hac

561 3805 812 3860 maxime.
854 3808 1056 3864 Natura
1080 3812 1227 3866 enim
1260 3816 1438 3871 omnis
1481 3817 1644 3873 homo
1692 3819 1943 3891 indignus
1977 3825 2146 3881 subli-

561 3895 772 3950 mitate.
811 3899 1011 3956 Nullus
1041 3902 1208 3973 igitur
1231 3904 1551 3976 extollatur,
1579 3919 1637 3963 ut
1668 3926 1737 3966 ne
1767 3924 2010 3972 extreme
2040 3919 2142 3973 hu-

560 3987 817 4043 ntilietur.

634 4161 800 4222 Vens.
836 4167 1014 4223 l2-l5.
1057 4190 1075 4223 ι
1113 4171 1336 4228 Dicebat
1363 4187 1542 4232 autem
1574 4190 1628 4235 et
1655 4182 1702 4237 ei
1725 4187 1816 4253 qui
1855 4201 1916 4243 se
1943 4189 2140 4244 invita-

558 4265 710 4309 verat
748 4275 761 4312 :
788 4257 921 4313 Cum
951 4261 1083 4318 fucis
1106 4266 1395 4333 prandium
1421 4281 1513 4323 aut
1535 4284 1771 4336 comam,
1807 4277 1912 4332 noli
1947 4295 2139 4337 vocare

555 4346 758 4402 amicos
795 4357 950 4417 tuos,
996 4369 1171 4423 neque
1219 4355 1419 4414 fratres
1452 4371 1610 4427 tuos,
1657 4381 1831 4436 neque
1879 4383 2137 4441 cegnatos

558 4446 698 4504 tuos,
729 4455 907 4510 neque
932 4445 1138 4502 vicinos
1171 4450 1365 4505 divites
1388 4492 1404 4516 ,
1439 4460 1722 4523 nequando
1752 4471 1805 4513 et
1837 4461 1934 4531 ipsi
1977 4473 2028 4520 te
2052 4467 2129 4520 vi-

2258 3275 2396 3344 λαύῃ
2427 3275 2668 3338 πλείονος
2701 3278 2865 3346 τιμῆς
2895 3277 2953 3328 ὲν
2982 3276 3060 3347 τῷ
3088 3278 3278 3348 κόσμῳ
3307 3295 3332 3309 ’δ
3359 3280 3478 3334 τότε
3521 3283 3630 3354 γὰρ
3659 3283 3840 3348 ἄθλιος

2256 3367 2352 3419 καὶ
2384 3366 2641 3429 ταπεινὸς
2670 3367 2818 3438 παρὰ
2844 3366 2985 3437 Θεῷ.
3007 3368 3239 3423 Ἔπειτα
3254 3369 3314 3423 δὲ
3343 3375 3443 3424 οὐκ
3469 3373 3596 3443 ἄχρι
3626 3375 3836 3442 τέλους,

2255 3457 2377 3512 οὐδὲ
2415 3458 2565 3530 παρά
2618 3461 2798 3513 πᾶσιν
2825 3461 2856 3514 6
2892 3460 3134 3525 τοιοῦτος
3197 3465 3446 3534 τιμᾶται,
3497 3466 3615 3519 ἀλλ’
3641 3469 3701 3520 ὲν
3732 3470 3842 3539 ὅσῳ

2251 3549 2463 3613 τούτοις
2508 3553 2774 3620 τιμᾶται,
2808 3553 3006 3608 ἐκεῖνοι
3049 3554 3396 3627 διασύρουσιν
3445 3557 3630 3625 αὑτὸν,
3672 3559 3707 3632 ἢ
3749 3564 3843 3615 καὶ

2251 3643 2410 3696 αὐτοὶ
2439 3645 2488 3697 oi
2519 3644 2808 3714 τιμῶντες.
2849 3644 3077 3717 Ἀληθὴς
3101 3647 3250 3720 οὖνὴ
3285 3649 3386 3720 τῆς
3417 3651 3678 3721 ἀληθείας
3701 3656 3842 3708 ἀπό-

2248 3754 2430 3805 φασις.
2470 3737 2579 3789 Καὶ
2615 3738 2724 3800 πᾶς
2753 3739 2782 3789 6
2828 3738 3048 3804 ἀνάξιος
3103 3738 3273 3807 ὕψους
3297 3780 3312 3804 ,
3375 3745 3837 3816 σφετεριζόμενος

2248 3828 2432 3893 τοῦτο,
2461 3828 2955 3898 ταπεινωθήσεται,
3004 3834 3099 3885 καὶ
3156 3834 3308 3904 παρὰ
3338 3835 3417 3905 τῷ
3451 3835 3571 3907 Θεῷ
3599 3838 3722 3908 μὲν,
3745 3841 3839 3893 ὅτε

2246 3921 2280 3989 ή
2310 3920 2597 3974 τελευταία
2637 3920 2840 3990 κρίσις,
2871 3925 2980 3976 κάν
3028 3923 3106 3994 τῷ
3150 3926 3250 3995 βίῳ
3296 3927 3354 3979 δὲ
3393 3927 3568 3999 τούτῳ
3611 3932 3836 3984 πάντων

2249 4010 2511 4080 μάλιστα·
2571 4012 2733 4080 φύσει
2778 4013 2835 4066 δὲ
2870 4016 2979 4079 πᾶς
3027 4015 3316 4088 ἄνθρωπος
3360 4018 3581 4086 ἀνάξιος
3639 4021 3832 4092 ὕψους.

2243 4103 2451 4174 Μηδεὶς
2478 4098 2573 4157 οὖν
2600 4104 2935 4174 ἑπαιρέσθω,
2973 4107 3061 4160 ἵνα
3098 4109 3175 4179 μὴ
3207 4110 3453 4179 ἐσχάτως
3486 4115 3831 4189 ταπεινωθῇρ

2319 4214 2338 4246 ι
2388 4195 2579 4263 Ἔλεγε
2603 4198 2660 4250 δὲ
2695 4196 2769 4266 τῷ
2793 4199 3082 4268 κεκληκότι
3112 4202 3299 4266 αὐτὸν,
3335 4204 3505 4257 Ὅταν
3530 4210 3691 4276 ποιῇς
3708 4210 3833 4281 ἄρι-

2241 4304 2364 4340 στον
2424 4288 2458 4359 ἢ
2505 4287 2721 4342 δεῖπνον
2748 4329 2762 4354 ,
2818 4291 2893 4360 μὴ
2931 4291 3100 4359 φώνει
3132 4294 3257 4356 τοὺς
3309 4295 3499 4363 φίλους
3536 4314 3654 4364 σου,
3689 4302 3830 4372 μηδὲ

2237 4378 2365 4440 τοὺς
2400 4376 2662 4443 ἀδελφούς
2703 4394 2794 4429 σου
2817 4416 2832 4438 ,
2867 4379 3002 4449 μηδὲ
3050 4381 3177 4444 τοὺς
3222 4376 3508 4451 συγγενεῖς
3541 4405 3660 4451 σου,
3690 4392 3829 4461 μηδὲ

2239 4469 2486 4534 γείτονας
2527 4469 2844 4536 πλουσίους,
2889 4473 3100 4541 μήποτε
3129 4474 3220 4526 καὶ
3252 4475 3406 4528 αὐτοί
3435 4494 3494 4530 σε
3537 4480 3829 4536 ἀντικαλέ-

555 4528 738 4583 cissim
778 4533 1027 4598 imitent,
1059 4551 1121 4591 ac
1156 4543 1482 4610 rependatur
1519 4546 1612 4600 tibi
1646 4528 1989 4609 beneficium.
2025 4555 2136 4612 lino

709 4622 839 4644 ρηε,
1073 4629 1083 4639 .
1749 4642 1757 4644 _

2253 4528 2399 4627 σωσι,
2433 4528 2528 4613 καὶ
2569 4528 2904 4630 γένηταίνσοί
2934 4528 3302 4634 ἀνταπόδομα,
3333 4528 3454 4620 ἀλλᾷ
3645 4577 3824 4644 ίποιῇς

553 4635 673 4674 cum
706 4622 841 4680 facis
873 4628 1204 4695 convivium,
1233 4647 1362 4688 voca
1397 4650 1678 4706 pauperes,
1728 4642 1955 4712 debiles,
1984 4650 2134 4703 clau-

552 4710 675 4779 dos,
714 4729 911 4782 caseos,
967 4729 1024 4773 et
1055 4721 1244 4778 beatus
1267 4725 1376 4780 eris
1416 4746 1429 4781 :
1462 4731 1588 4798 quia
1638 4748 1746 4786 non
1785 4710 2012 4804 possunt
2045 4756 2135 4795 re-

552 4805 783 4871 pendere
810 4808 906 4863 tibi
936 4827 952 4867 :
984 4814 1315 4879 rependetur
1342 4818 1486 4872 enim
1519 4823 1610 4876 tibi
1647 4825 1699 4878 in
1732 4833 2136 4890 resurrectione

545 4893 840 4960 justorum.
881 4898 1006 4955 llaec
1055 4917 1176 4956 eum
1208 4907 1448 4964 audisset
1480 4913 1694 4981 quidam
1741 4919 1806 4972 de
1842 4921 2002 4976 simul
2046 4939 2133 4979 ac-

549 4989 949 5056 cumbentibus,
984 4993 1118 5046 dixit
1150 4995 1229 5049 illi
1260 5015 1273 5050 :
1309 4999 1507 5056 Beatus
1547 5006 1640 5073 qui
1685 5011 1922 5064 comedit
1971 5029 2132 5082 prau-

547 5079 692 5131 dium
728 5083 779 5135 in
817 5098 979 5152 regno
1008 5086 1122 5140 Dei.
1159 5105 1176 5138 ι
1202 5087 1276 5142 Ex
1294 5091 1503 5149 duobus
1522 5099 1810 5164 generibus
1839 5079 2125 5161 constabat

548 5174 876 5240 convivium,
910 5192 975 5231 ex
1004 5181 1229 5245 vocatis,
1260 5192 1314 5238 et
1345 5184 1427 5240 his
1449 5188 1538 5255 qui
1570 5192 1858 5248 vocabant.
1895 5196 2126 5254 Vocato-

551 5280 670 5318 rum
703 5283 873 5336 genus
909 5271 1111 5326 salubri
1137 5275 1507 5334 admonitione
1536 5284 1603 5334 ad
1638 5283 1994 5344 humilitatem
2043 5293 2126 5346 in-

547 5352 810 5419 duxerat,
862 5368 913 5412 et
963 5362 1265 5417 convivium
1308 5369 1529 5423 minime
1585 5383 1962 5441 sumptuosum
2021 5382 2127 5438 illis

551 5458 926 5514 proposuerat.
958 5449 1114 5508 Nunc
1150 5465 1200 5509 et
1237 5457 1288 5511 in
1320 5474 1441 5512 eum
1494 5465 1584 5532 qui
1625 5479 1929 5535 vocaverat,
1969 5472 2128 5528 vicis-

547 5537 648 5591 sim
687 5538 1060 5599 liberalitatem
1090 5561 1240 5603 suam
1269 5565 1487 5608 exercet
1513 5573 1525 5607 :
1547 5565 1600 5610 et
1618 5559 1989 5618 admonitione
2005 5565 2125 5619 red-

547 5623 759 5691 invitat,
789 5629 1060 5688 abduceus
1089 5649 1211 5691 eum
1253 5654 1322 5696 ne
1352 5642 1594 5699 convivia
1625 5647 1870 5706 instituat
1906 5654 2123 5711 humani

619 5807 663 5839 “
690 5807 816 5866 Luc.
855 5829 1006 5880 mu,
1046 5818 1130 5871 l4.

2235 4653 2421 4722 δοχὴν,
2473 4653 2703 4707 κάλεσον
2737 4657 3022 4723 πτωχοὺς,
3061 4657 3382 4727 ἀναπήρους
3407 4700 3423 4724 ,
3455 4661 3699 4730 χωλοὺς,
3731 4683 3822 4720 τυ.

2235 4743 2418 4813 φλοὺς,
2473 4746 2568 4797 καὶ¹
2601 4745 2877 4817 μακάριος
2923 4748 3044 4818 ἔσῃ,
3081 4748 3162 4801 ὅτι
3196 4748 3296 4802 οὐκ
3325 4751 3539 4820 ἔχουσιν
3582 4760 3823 4812 ἀνταπο-

2231 4835 2413 4889 δοῦναί
2437 4852 2540 4889 σοι’
2574 4837 3070 4909 ἀνταποδοθήσεται
3099 4839 3208 4909 γάρ
3246 4857 3328 4892 σοι
3355 4841 3419 4896 ὲνι
3435 4845 3500 4916 τῇ
3525 4845 3821 4904 ἀναστάσει

2229 4930 2338 4981 τῶν
2373 4929 2617 4983 δικαίων.
2680 4930 2945 4995 Ἀκούσας
2987 4932 3043 4984 δέ
3074 4948 3154 4995 τις
3190 4932 3303 4986 τῶν
3339 4943 3820 5010 συνανακειμένων

2230 5019 2384 5072 εἶπεν
2417 5021 2584 5091 αὐτῴ-
2619 5023 2912 5094 Μακάριος
2942 5022 3000 5085 ὃς
3025 5026 3259 5092 φάγεται
3289 5024 3515 5096 ἄριστον
3548 5030 3609 5082 ἐν
3635 5035 3701 5103 τῇ
3731 5033 3818 5103 βα·

2229 5112 2402 5184 σιλείᾳ
2430 5113 2519 5164 τοῦ
2545 5113 2704 5166 Θεοῦ.
2741 5133 2758 5165 ι
2803 5115 2896 5167 Ἐκ
2925 5115 3071 5167 δυοῖν
3099 5118 3290 5186 μεροῖν
3326 5122 3691 5190 συγκειμένου
3725 5126 3817 5178 τοῦ

2227 5199 2465 5266 δείπνου,
2491 5203 2599 5255 τῶν
2651 5221 2710 5256 τε
2744 5205 3054 5260 καλούντων
3089 5207 3182 5260 καὶ
3219 5206 3329 5261 τῶν
3361 5209 3731 5283 καλουμένων,
3761 5219 3822 5271 τὸ

2232 5294 2330 5362 μὲν
2362 5294 2470 5348 τῶν
2504 5295 2854 5366 καλουμένων
2897 5299 3061 5370 μέρος
3110 5302 3250 5372 ἔφθη
3296 5305 3385 5359 διὰ
3427 5309 3816 5378 παραινέσεως

2229 5389 2310 5451 είς
2343 5388 2441 5458 τὴν
2492 5391 2756 5461 σωτήριον
2806 5396 3312 5467 ταπεινοφροσύνην
3367 5401 3816 5472 χειραγωγήσας,

2229 5482 2323 5534 καὶ
2347 5480 2478 5549 ὄψον
2499 5483 2684 5545 αὐτοῖς
2708 5484 3054 5556 ἀδαπάνητον
3077 5489 3342 5559 παραθεὶς
3365 5531 3381 5555 ,
3409 5490 3598 5546 λοιπὸν
3626 5492 3684 5546 δὲ
3723 5495 3818 5547 τὸν

2233 5572 2540 5627 καλέσαντα
2590 5576 3107 5647 άντιφιλοτιμείται,
3160 5581 3254 5634 καὶ
3301 5581 3388 5635 διὰ
3432 5585 3816 5656 παραινέσεως

2231 5666 2509 5737 ἀνθεστιᾷ,
2541 5669 2769 5738 ἀπάγων
2815 5672 2977 5726 αὑτὸν
3005 5673 3100 5727 τοῦ
3134 5674 3223 5729 διά
3250 5692 3372 5729 τινα
3411 5677 3575 5748 χάριν
3606 5680 3816 5752 ἀνθρω-
