4110 6332
233 418 348 488 933

950 412 1403 477 ENARRATIO
1452 413 1529 473 1N
1572 410 2080 475 EVANGELIUM
2125 414 2344 475 LUC.E
2402 438 2469 452 ·-·
2505 413 2663 474 CAP.
2702 412 2858 475 XIV.

3447 413 3556 479 936

237 537 408 603 va
442 534 542 597 τάς
581 530 857 593 ἑστιάσεις
890 527 1202 592 ποιεῖσθαι,
1253 529 1347 579 καὶ
1375 526 1476 597 τὴν
1527 525 1838 597 παραυτίκα

1952 526 2158 583 favoris
2192 527 2275 582 vel
2329 528 2793 584 remunerationis
2827 541 2952 583 mox
2998 523 3325 596 recipienda:
3355 530 3551 598 gratia.

237 626 591 699 ἀντιμισθίαν
620 621 962 692 ἐκδέχεσθαι.
1016 621 1080 673 Ol
1128 620 1239 690 γάρ
1284 618 1619 689 μικρόψυχοι
1652 616 1839 687 φίλους

236 718 536 781 καλοῦντες
562 716 594 789 ἢ
620 715 907 783 συγγενεῖς
936 711 1024 766 διά
1055 708 1153 780 τὴν
1189 712 1248 764 ἐν
1284 709 1363 780 τῷ
1394 708 1643 779 παρευθὺ
1679 709 1842 780 χάριν

233 815 400 868 τοῦτο
443 808 686 873 ποιοῦσι,
718 806 822 862 κᾶν
870 806 947 880 μὴ
983 805 1213 877 τύχωσι,
1263 802 1739 875 δυσχεραίνουσιν.
1777 802 1841 855 οι

234 908 295 961 δὲ
347 900 719 977 μεγαλόψυχοι
779 901 840 954 τὸ
892 898 1091 970 μέλλον
1133 894 1507 965 ἀναμένοντες
1556 894 1709 965 παρὰ
1743 892 1838 946 τοῦ

235 1000 411 1059 δντως
446 992 733 1057 πλουσίου,
774 993 873 1055 τὰς
916 992 1155 1063 ἀμοιϐάς
1184 994 1521 1063 ἐκδέχονται.
1556 989 1746 1045 Ταῦτα
1784 990 1840 1044 δὲ

234 1090 416 1157 λέγων
469 1090 498 1141 6
552 1088 795 1157 Κύριος,
843 1085 905 1139 οὐ
960 1086 1061 1155 τῆς
1110 1086 1247 1156 πρὸς
1282 1087 1413 1152 τοὺς
1453 1085 1642 1156 φίλους
1672 1085 1841 1155 τιμῆξ

236 1181 499 1249 ἀπείργει
524 1181 674 1251 ἡμᾶς
698 1219 713 1244 ,
750 1177 889 1231 άλλά
920 1179 995 1248 μὴ
1044 1179 1389 1249 πιπράσκειν
1439 1181 1541 1247 τὴν
1575 1178 1837 1247 φιλοφρο-

239 1273 410 1343 σύνην
448 1270 715 1345 παιδεύει.
750 1270 1017 1333 ’Δκούσας
1035 1271 1093 1325 δέ
1123 1289 1206 1335 τις
1235 1271 1431 1335 ταῦτα,
1451 1270 1546 1323 καὶ
1580 1271 1835 1339 νομίσας,

233 1366 315 1420 ὅτι
344 1368 372 1419 6
405 1366 541 1428 Θεὸς
572 1354 1115 1434 άντιφιλοτιμήσέται
1141 1403 1163 1428 ι
1204 1364 1302 1417 καλ¹
1347 1363 1697 1417 άνθεστιάσει
1734 1379 1841 1414 σωο

238 1460 500 1531 ματικαῖς
533 1456 840 1528 τραπέζαις
894 1457 1021 1519 τοὺς
1051 1456 1297 1519 δικαίους
1319 1494 1333 1519 ,
1367 1451 1520 1509 εἶπεν
1541 1471 1556 1487 ο
1597 1455 1682 1508 ὅτι
1712 1456 1839 1508 Μα-

234 1550 429 1620 κάριος
479 1549 629 1613 ὅστις
686 1548 921 1616 φάγεται
974 1546 1199 1621 άριστον
1232 1548 1290 1600 ἐν
1340 1551 1407 1619 τῇ
1444 1546 1697 1619 βασιλεία
1742 1546 1837 1600 τοῦ

233 1640 396 1695 Θεοῦ.
446 1641 522 1695 Οὐ
571 1641 681 1709 γάρ
714 1634 782 1709 ἦν
827 1638 1223 1709 πνευματικὸς,
1256 1638 1344 1692 ἵνα
1386 1642 1556 1712 νοήσῃ
1591 1640 1661 1693 τὰ
1694 1639 1838 1710 ὑπὲρ

239 1734 523 1805 αἴσθησιν,
554 1732 671 1787 ἀλλ’
701 1734 783 1785 ἑτι
828 1732 1082 1803 ψυχικὸς,
1135 1733 1415 1787 τουτέστιν
1469 1732 1837 1803 ἀνθρωπίνοις

232 1828 516 1897 λογισμοῖς
554 1825 970 1896 διοικούμενος’
1030 1824 1276 1888 τοιοῦτος
1319 1827 1429 1896 γὰρ
1470 1828 1499 1879 ὁ
1543 1827 1776 1896 ψυχικὸς
1808 1826 1837 1877 6

236 1919 407 1991 μηδὲν
438 1917 576 1989 ὑπὲρ
605 1918 768 1988 φύσιν
792 1914 1089 1984 πιστεύων,
1117 1916 1256 1971 άλλά
1291 1917 1468 1970 πάντα
1494 1917 1639 1970 κατά
1669 1917 1835 1987 φύσιν
1868 1897 1911 1952 Β

234 2010 392 2066 νοῶν.
429 2011 592 2081 Τρεῖς
618 2010 729 2081 γάρ
762 2012 871 2063 εἱσι
903 2011 1295 2072 καταστάσεις,
1316 2009 1578 2079 σαρκικὴ,
1602 2009 1833 2080 ψυχικὴ,

234 2104 331 2156 καὶ
375 2103 747 2173 πνευματική.
804 2102 917 2154 Καὶ
967 2102 1210 2171 σαρκικὴ
1242 2102 1341 2169 μέν
1384 2104 1555 2164 ἐστιν,
1599 2104 1729 2157 ὅταν
1754 2121 1839 2167 τις

231 2193 460 2266 ἥδεσθαι
490 2194 775 2265 βούληται,
815 2194 910 2248 καὶ
933 2196 1147 2265 χαίρειν
1176 2195 1318 2265 μετά
1359 2194 1455 2247 τοῦ
1510 2195 1605 2247 καὶ
1638 2193 1837 2256 ἄλλους

233 2291 577 2353 κακοποιεῖν,
632 2281 744 2341 οἷόν
791 2288 911 2342 ἐστι
958 2288 1180 2341 πάντων
1226 2288 1287 2340 τὸ
1328 2286 1439 2340 τῶν
1492 2288 1836 2341 πλεονεκτῶν

232 2379 401 2449 φῦλον
422 2396 435 2409 ·
458 2380 669 2451 ψυχικὴ
684 2379 743 2433 δὲ
770 2380 1131 2447 κατάστασις,
1156 2384 1286 2434 ὅταν
1308 2398 1391 2445 τις
1415 2383 1553 2452 μήτε
1573 2380 1837 2451 βλάπτειν

234 2471 375 2540 μήτε
400 2468 740 2539 βλάπτεσθαι
766 2469 1012 2541 βούλοιτο
1036 2487 1048 2501 ·
1083 2470 1244 2523 τοῦτο
1272 2470 1384 2540 γάρ
1408 2472 1469 2523 τὸ
1491 2471 1633 2525 κατὰ
1662 2471 1829 2540 φύσιν

232 2562 357 2633 ζῆν·
395 2562 518 2615 ἐπεὶ
548 2562 643 2615 καὶ
673 2564 707 2633 ἡ
742 2563 911 2631 φύσις
946 2563 1085 2633 αὑτὴ
1113 2562 1273 2615 τοῦτο
1306 2564 1440 2633 ἡμῖν
1483 2564 1787 2634 εἰσηγεῖται
1813 2578 1827 2594 ⁸

232 2655 585 2725 πνευματικὴ
622 2654 703 2720 δὲ,
740 2654 869 2707 ὅταν
922 2672 1007 2719 τις
1058 2656 1153 2707 καὶ
1204 2654 1544 2724 βλάπτεσθαι
1590 2654 1835 2725 βούλοιτο

237 2747 329 2801 διὰ
364 2746 426 2799 τὸ
466 2746 635 2800 καλὸν
696 2746 794 2801 καὶ
848 2747 1261 2818 κακουχεῖσθαι.
1298 2748 1487 2801 Ἔστιν
1521 2748 1613 2802 οὖν
1666 2750 1698 2819 ὴ
1736 2750 1835 2818 μὲν

230 2836 435 2909 πρώτη
491 2839 648 2908 παρά
679 2837 867 2907 φύσιν,
903 2840 937 2910 ἡ
967 2840 1024 2895 δὲ
1071 2843 1215 2910 μέση
1264 2839 1411 2893 κατά
1456 2838 1643 2909 φύσιν,
1684 2842 1719 2909 ὴ
1778 2840 1836 2894 δὲ

229 2934 397 3005 τρίτη
428 2930 568 3003 ὑπὲρ
598 2930 785 3001 φύσιν.
818 2931 934 2996 Πᾶς
962 2926 1057 2986 οὖν
1084 2930 1406 3003 ἀνθρώπινα
1446 2932 1686 3004 φρονῶν,
1735 2933 1836 2986 καὶ

236 3024 409 3097 μηδὲν
438 3023 551 3079 τῶν
574 3025 716 3096 ὑπὲρ
755 3022 920 3094 φύσιν
962 3022 1272 3095 δυνάμενος
1323 3024 1543 3093 νοῆσαι,
1596 3024 1832 3095 ψυχικὸς

231 3120 481 3186 λέγεται,
504 3118 583 3183 ὡς
606 3117 755 3190 ψυχῇ
795 3118 891 3172 καὶ
932 3117 1208 3188 πνεύματι
1248 3116 1623 3188 διοικούμενος
1656 3134 1669 3148 ·
1703 3120 1834 3173 ὃταν

230 3212 291 3266 δέ
320 3229 406 3275 τις
439 3212 718 3282 πνεύματι
758 3212 987 3282 ἄγηται,
1014 3212 1108 3264 καὶ
1137 3212 1325 3266 οὐκέτι
1356 3212 1426 3282 ζῇ
1457 3212 1644 3279 αὐτὸς,
1677 3212 1746 3286 ζῇ
1776 3200 1833 3267 δὲ

232 3308 293 3359 ὲν
325 3304 478 3376 αὐτῷ
502 3304 760 3376 Χριστὸς,
802 3297 957 3368 οὗτός
1004 3305 1151 3359 ἐστιν
1179 3306 1206 3357 6
1240 3304 1643 3375 πνευματικὸς,
1676 3306 1705 3359 6
1734 3306 1835 3377 τὴν

232 3399 402 3469 φύσιν
424 3396 775 3470 ύπεραναῦάς
806 3413 820 3427 ο
861 3395 1095 3467 ψυχικὸς
1128 3396 1221 3450 οῦν
1275 3392 1342 3465 ἦν
1399 3400 1427 3450 ὁ
1470 3399 1701 3467 νομίσας
1752 3400 1838 3452 αι-

233 3492 441 3564 σθητάς
472 3490 694 3545 ἔσεσθαι
722 3491 822 3555 τὰς
866 3490 1104 3559 άμοιὸὰς
1134 3492 1247 3554 τοῖς
1288 3491 1492 3559 ἁγίοις,
1537 3483 1627 3541 οἷα
1665 3490 1838 3561 μηδὲν

230 3584 345 3641 τῶν
382 3584 523 3655 ὑπὲρ
553 3581 717 3649 φύσιν
741 3580 1045 3651 δυνάμενος
1084 3582 1297 3651 νοῆσαι.

314 3696 332 3730 t
376 3677 435 3731 '0
462 3676 519 3729 δὲ
540 3670 695 3729 εἶπεν
726 3672 897 3744 αὐτῷ,
922 3672 1247 3744 Ἄνθρωπός
1270 3691 1353 3737 τις
1379 3675 1605 3747 ἐποίησε
1623 3675 1841 3729 δεῖπνον

232 3769 406 3840 μέγα,
433 3767 527 3821 καὶ
555 3766 779 3820 ἐκάλεσε
802 3766 1053 3833 πολλοὺς,
1084 3766 1178 3818 καὶ
1212 3767 1503 3821 ἀπέστειλε
1541 3768 1633 3820 τὸν
1651 3767 1840 3820 δοῦλον

230 3857 403 3913 αὑτοῦ
440 3860 507 3929 τῇ
536 3855 658 3927 ὥρα
682 3855 778 3909 τοῦ
804 3855 1049 3920 δείπνου,
1085 3857 1262 3908 εἰπεῖν
1297 3858 1409 3919 τοῖς
1444 3856 1835 3927 κεκλημένοις·

232 3951 532 4024 Ἐργεσθε,
563 3951 647 4005 ὅτι
681 3950 784 4022 ήδη
814 3949 1016 4020 ἕτοιμά
1054 3950 1171 4003 ἐστι
1210 3949 1413 4003 πάντα.
1457 3950 1569 4002 Καὶ
1600 3948 1840 4021 ἤρξαντο

228 4044 343 4099 άπὸ
398 4044 530 4114 μιᾶς
578 4042 970 4114 παραιτεῖσθαι
1024 4044 1250 4103 πάντες.
1305 4042 1364 4094 '0
1414 4040 1633 4111 πρῶτος
1683 4036 1840 4093 εἶπεν

228 4134 385 4206 αύτῷ
405 4149 421 4163 ·
466 4133 664 4202 Ἀγρὸν
694 4132 947 4202 ἠγόρασα
973 4172 986 4197 ,
1034 4132 1127 4185 καὶ
1160 4130 1267 4201 ἔχω
1292 4131 1542 4201 ἀνάγκην
1578 4130 1837 4195 ἐξελθεῖν,

228 4229 328 4283 καὶ
364 4227 493 4279 ίδείν
522 4226 918 4297 σύτὸν,ὲρωτῶ
950 4242 1030 4287 σε,
1061 4224 1152 4296 ἔχε
1183 4241 1249 4295 με
1278 4226 1697 4296 παρῃτημένον.
1730 4224 1839 4277 Καὶ

226 4322 420 4391 ἕτερος
470 4314 593 4371 εἷπε
625 4335 638 4348 ο
669 4319 851 4389 Ζεύγη
884 4316 1025 4388 βοῶν
1060 4318 1319 4387 ⁴ὴγὸρασα
1354 4318 1516 4369 πέντε
1541 4354 1555 4379 ,
1596 4318 1688 4367 καὶ
1742 4332 1840 4368 πο-

232 4412 471 4486 ρεύομαι
513 4412 810 4483 δοκιμάσαι
838 4410 1003 4476 αὐτὰ,
1035 4411 1227 4481 ἐρωτώ
1255 4427 1337 4475 σε,
1368 4410 1457 4481 ἔχε
1495 4428 1562 4480 με
1586 4426 1841 4482 παρῃτη-

231 4506 421 4579 μένον.
472 4506 583 4558 Καὶ
622 4505 814 4575 ἕτερος
858 4499 981 4557 εἷπε
1011 4519 1023 4533 ·
1088 4505 1328 4557 Γυναῖκα
1378 4506 1585 4573 ἔγημα,
1620 4504 1716 4556 καὶ
1747 4504 1840 4555 διὰ

1948 618 2048 687 Qui
2085 620 2284 691 pusillo
2345 631 2476 675 sunt
2531 621 2752 688 animo,
2788 619 2998 675 amicos
3034 620 3117 676 vel
3171 631 3434 691 cognatus
3482 623 3555 677 ob

1949 714 2235 783 praesentis
2268 715 2396 769 vita:
2429 714 2758 769 beneficium
2786 725 2980 769 vocant
3019 731 3033 768 :
3065 718 3209 783 quod
3264 714 3310 769 si
3369 714 3553 770 minus

1945 815 2376 875 consequantur,
2422 806 2689 877 gravatim
2741 805 2942 873 lerunt.
2993 803 3097 871 Qui
3134 814 3316 859 autem
3368 807 3550 877 magni

1945 905 2077 952 sunt
2105 897 2299 961 animi,
2328 897 2574 953 futurum
2608 897 2889 966 praemium
2920 907 3327 966 exspectantes,
3360 912 3388 952 a
3421 912 3552 953 vere

1946 991 2114 1045 divite
2142 992 2618 1046 remunerationes
2652 992 2949 1060 accipiunt.
2986 988 3113 1045 Haec
3142 999 3323 1044 autem
3355 991 3549 1046 dicens

1947 1081 2231 1150 Dominus,
2263 1098 2369 1137 non
2395 1098 2493 1137 nos
2517 1083 2585 1138 ab
2611 1083 2805 1137 amicis
2836 1094 3007 1147 arcet,
3043 1084 3137 1138 sed
3152 1083 3547 1154 benignitatem

1946 1192 2051 1231 non
2091 1189 2215 1230 esse
2246 1177 2583 1233 Vcndcndam
2628 1177 2807 1233 docet.
2855 1176 3045 1247 Itaque
3090 1184 3381 1246 postquam
3433 1176 3551 1231 ha‘c

1943 1269 2164 1337 quidam
2207 1270 2475 1335 audisset,
2503 1279 2558 1325 et
2603 1270 2834 1326 sentiret
2867 1272 3013 1339 quod
3063 1268 3206 1324 Deus
3246 1268 3550 1337 corporali-

1946 1364 2045 1417 hus
2063 1362 2269 1417 mensis
2288 1371 2670 1418 remuneraret
2687 1370 2744 1418 et
2764 1362 2913 1417 rediu
2925 1362 3121 1416 vitaret
3142 1361 3345 1430 justos,
3373 1359 3547 1414 dixit:

1942 1452 2142 1507 Beatus
2174 1454 2264 1522 qui
2294 1446 2533 1509 comedit
2563 1468 2757 1523 panem
2793 1454 2845 1509 ln
2894 1467 3063 1524 regno
3099 1452 3213 1508 Dei.
3250 1452 3365 1508 Non
3402 1453 3548 1507 enim

1942 1547 2241 1617 spiritualis
2267 1556 2407 1613 erat,
2435 1557 2491 1600 ut
2520 1546 2850 1617 int-lligeret
2871 1562 2933 1601 ea
2957 1562 3078 1611 quae
3104 1529 3267 1619 supra
3285 1560 3504 1603 sensum
3531 1562 3544 1598 :

1914 1644 2036 1695 .sed
2069 1641 2321 1695 animalis
2358 1641 2539 1695 adhuc
2570 1651 2708 1708 erat,
2760 1642 2861 1695 hoc
2896 1650 3001 1705 est,
3048 1643 3315 1693 humanas
3341 1640 3551 1710 cogita-

1944 1735 2122 1788 tiones
2160 1735 2494 1787 sceiabatur.
2534 1733 2797 1786 Animalis
2833 1731 2981 1786 enim
3014 1740 3125 1792 est.
3157 1730 3252 1801 qui
3291 1732 3426 1785 nihil
3455 1746 3549 1785 su-

1943 1841 2039 1891 per
2064 1834 2311 1877 naturam
2342 1826 2537 1889 credit,
2568 1824 2661 1879 sed
2695 1826 2879 1877 omnia
2935 1825 3237 1879 secundum
3293 1833 3545 1877 naturam

1944 1915 2211 1985 intelligit.
2234 1915 2371 1968 Tres
2388 1914 2535 1968 enim
2558 1925 2684 1968 sunt
2707 1915 2950 1977 ordines,
2984 1914 3307 1979 carnalium,
3335 1913 3552 1967 anima-

1942 2006 2072 2062 lium
2106 2008 2275 2079 396
2296 2016 2351 2063 et
2375 2008 2767 2075 spiritualium.
2800 2005 3051 2062 Carualis
3072 2007 3290 2075 quidem
3322 2015 3429 2072 est,
3456 2005 3547 2074 qui

1942 2102 2057 2155 vult
2087 2103 2257 2156 lactari
2290 2112 2340 2155 et
2372 2104 2609 2170 gaudere
2638 2116 2761 2155 cum
2800 2102 2921 2155 aliis
2956 2099 3295 2155 malefcceiit
3320 2142 3333 2165 ,
3376 2108 3434 2153 ut
3466 2109 3553 2156 est

1946 2210 2107 2251 cunne
2140 2209 2311 2265 genus
2344 2208 2654 2247 avarorum.
2690 2193 2980 2258 Auimalis,
3016 2194 3107 2262 qui
3161 2209 3337 2263 neque
3378 2192 3548 2247 furari

1942 2302 2119 2358 neque
2143 2302 2345 2342 nocere
2377 2287 2512 2351 vult,
2544 2288 2643 2341 hoc
2677 2297 2762 2342 cst
2788 2286 2935 2340 enim
2988 2286 3143 2356 juxta
3181 2295 3429 2340 naturam
3468 2286 3550 2340 vi-

1940 2394 2091 2442 vere.
2123 2380 2566 2450 (planiloquidem
2607 2384 2709 2434 hoc
2745 2380 2901 2433 nobis
2932 2390 3127 2433 natura
3164 2379 3380 2435 indidit.
3408 2379 3549 2450 ’8ρί-

1941 2474 2158 2529 rimalis
2191 2487 2352 2539 vero,
2396 2473 2490 2541 qui
2524 2483 2578 2527 et
2625 2473 2789 2543 aﬂligi
2832 2484 2885 2530 et
2936 2474 3193 2529 damnum
3253 2475 3397 2532 ferre
3431 2476 3549 2531 vult

1938 2575 2163 2635 propter
2196 2563 2475 2620 virtutem.
2510 2562 2605 2619 Est
2639 2565 2805 2636 igitur
2829 2566 3039 2635 primus
3068 2577 3265 2635 praeter
3293 2566 3376 2621 vel
3409 2568 3547 2623 citra

1940 2669 2213 2721 naturam,
2240 2660 2514 2713 secundus
2539 2660 2694 2729 juxta
2730 2672 3005 2727 naturam,
3030 2663 3224 2715 tertius
3256 2677 3417 2731 supra
3446 2678 3547 2716 na-

1938 2758 2136 2804 turam.
2164 2750 2358 2808 Omnis
2382 2753 2546 2821 igitur
2573 2752 2667 2823 qui
2696 2754 2935 2806 humana
2967 2757 3131 2823 sapit.
3165 2761 3220 2806 et
3267 2770 3373 2806 non
3403 2755 3551 2809 valet

1939 2840 2245 2913 intelligere
2274 2858 2336 2897 ea
2366 2858 2489 2913 qua:
2519 2859 2686 2914 supra
2723 2853 2999 2907 naturam,
3036 2844 3289 2900 animalis
3323 2845 3544 2913 dicitur,

1938 2936 2013 2989 uti
2044 2938 2136 3008 qui
2169 2938 2349 2991 anima
2376 2947 2431 2991 et
2460 2939 2657 3007 spiritu
2681 2938 3037 3009 gubernetur.
3075 2938 3307 3005 Quando
3354 2948 3541 2995 autem

1938 3028 2064 3095 quis
2091 3027 2289 3095 spiritu
2321 3028 2524 3099 agitur,
2556 3038 2613 3083 et
2641 3045 2747 3083 non
2786 3028 2901 3098 jam
2935 3029 3069 3083 vivit
3100 3029 3240 3098 ipse,
3271 3028 3405 3083 vivit
3432 3043 3547 3083 au-

1940 3130 2048 3176 tem
2084 3122 2137 3176 in
2163 3137 2231 3179 eo
2262 3122 2516 3178 Christus
2548 3123 2616 3184 ⁶⁸.
2652 3122 2738 3177 hic
2777 3132 2864 3178 est
2898 3123 3203 3193 spiritualis
3225 3163 3240 3187 ,
3286 3132 3544 3178 naturam

1939 3227 2349 3283 supergressus.
2376 3214 2649 3270 Animalis
2682 3215 2848 3286 igitur
2873 3223 3071 3270 eratet
3105 3214 3216 3278 hic',
3252 3215 3345 3284 qui
3387 3224 3549 3284 puta-

1941 3303 2034 3360 bat
2064 3304 2178 3360 fore
2195 3306 2488 3361 seusibiles
2503 3315 2821 3361 sanctorum
2852 3306 3267 3369 retributiones,
3285 3306 3546 3377 quoniam

1941 3396 2077 3452 nihil
2104 3411 2270 3467 super
2300 3407 2553 3453 naturam
2591 3408 2809 3469 poterat
2848 3398 3185 3470 intelligere.

2015 3678 2184 3734 Vens.
2216 3662 2471 3734 16-20.}
2508 3681 2581 3733 At
2626 3681 2743 3749 ipsc
2776 3682 2916 3737 dixit
2947 3683 2995 3739 ei
3033 3700 3047 3737 :
3100 3682 3278 3741 llomo
3325 3687 3549 3758 quidam

1942 3780 2231 3843 paraverat
2274 3787 2488 3827 cmnam
2538 3788 2819 3844 magnam,
2844 3787 2900 3829 et
2934 3778 3152 3831 vocavit
3186 3780 3409 3845 multos,
3444 3784 3549 3837 mi-

1940 3866 2127 3935 sitque
2158 3880 2380 3918 servum
2415 3865 2569 3920 illum
2604 3881 2762 3921 snuiu
2788 3868 2922 3922 hora
2952 3883 3125 3925 casum
3154 3881 3212 3926 ut
3234 3872 3445 3929 diceret
3477 3876 3551 3929 iu-

1942 3955 2129 4009 vitatis
2162 3972 2176 4008 :
2212 3954 2408 4009 Venite
2433 3998 2447 4021 ,
2498 3958 2627 4025 quia
2676 3956 2791 4026 jam
2840 3969 3028 4026 parata
3060 3971 3189 4016 sunt
3236 3966 3445 4021 omnia.
3483 3966 3552 4022 Et

1943 4056 2226 4115 cmperuut
2256 4048 2421 4102 simul
2468 4065 2659 4104 omnes
2690 4065 2983 4107 excusare.
3018 4053 3239 4111 Primus
3272 4057 3411 4111 dixit
3444 4061 3494 4113 ei
3529 4076 3545 4115 :

1946 4140 2137 4193 Villam
2174 4141 2311 4205 emi,
2366 4151 2421 4195 et
2467 4156 2696 4196 necesse
2748 4156 2833 4198 est
2883 4145 3014 4199 mihi
3055 4150 3230 4209 exire,
3260 4162 3316 4204 et
3352 4151 3546 4207 videro

1943 4232 2088 4285 illam
2128 4255 2140 4288 :
2179 4248 2309 4302 rogo
2345 4245 2414 4297 te,
2447 4234 2583 4287 habe
2604 4249 2691 4288 me
2719 4248 3064 4292 excusatum.
3099 4240 3163 4293 Et
3188 4240 3328 4295 alter
3359 4242 3501 4297 dixit
3533 4261 3548 4298 :

1940 4324 2077 4395 Juga
2110 4325 2273 4380 boum
2308 4327 2413 4381 emi
2444 4326 2713 4396 quinque,
2737 4339 2789 4383 et
2819 4342 2884 4382 eo
2918 4331 2985 4384 ad
3030 4332 3372 4399 probandum
3409 4335 3495 4388 illa
3532 4351 3549 4393 :

1943 4434 2072 4487 rogo
2107 4428 2179 4483 te,
2210 4419 2349 4473 habe
2373 4435 2457 4474 me
2478 4431 2823 4475 excusatum.
2854 4420 2919 4476 Et
2942 4424 3077 4477 dixit
3103 4425 3244 4479 alius
3272 4444 3287 4480 :
3313 4426 3549 4483 Uxorem

1943 4513 2095 4579 duxi,
2125 4524 2180 4568 ct
2206 4516 2325 4567 ideo
2354 4529 2460 4567 non
2495 4528 2715 4582 possum
2744 4517 2953 4571 venire.
2994 4536 3013 4570 ι
3050 4516 3187 4575 Cum
3231 4519 3469 4577 dixisset
3502 4524 3546 4577 is

225 4596 395 4654 τοῦτο
414 4598 474 4651 οὐ
504 4597 741 4668 δύναμαι
785 4597 982 4650 ἐλθεῖν.
1022 4614 1041 4648 ι
1074 4596 1182 4650 Τοῦ
1229 4596 1695 4667 συνανακειμένου
1753 4597 1834 4649 είη

1944 4606 2035 4674 qui
2080 4605 2241 4660 simul
2290 4607 2665 4671 accubuerat,
2723 4607 2943 4662 beatum
3002 4624 3127 4663 cum
3180 4612 3272 4680 qui
3316 4614 3550 4669 comedit

229 4691 451 4755 πόντος,
492 4691 575 4744 ὅτι
607 4692 881 4761 μακάρ·ος
912 4691 970 4754 ὃς
1003 4690 1241 4760 φάγεται
1277 4691 1503 4761 ἄριστον
1534 4692 1592 4743 ὲν
1635 4694 1701 4762 τῇ
1740 4690 1839 4761 βα-

230 4782 415 4853 σιλεία
442 4780 540 4835 τοῦ
581 4780 743 4846 Θεοῦ,
774 4783 802 4833 6
830 4782 1036 4853 Κύριος
1084 4783 1331 4837 διδάσκει
1368 4783 1531 4838 αὑτὸν
1564 4785 1835 4839 πλατύτε-

230 4897 349 4952 ρον,
382 4879 499 4942 πιῖις
532 4879 612 4931 δεῖ
636 4882 776 4932 νοεῖν
800 4880 948 4951 ἡμᾶς
972 4882 1070 4944 τὰς
1102 4881 1197 4934 τοῦ
1226 4880 1363 4935 Θεοῦ
1395 4881 1690 4945 ἑστιάσεις.
1726 4883 1837 4935 Καὶ

226 4975 296 5044 δή
325 4989 461 5044 τησι
480 4972 797 5043 παραϐολὴν
828 4974 1064 5039 τοιάνδε,
1102 4974 1391 5045 ἄνθρωπον
1422 4976 1521 5047 μὲν
1552 4976 1837 5046 ὀνομάζων

228 5068 327 5119 τὸν
357 5065 750 5137 φιλάνθρωπον
800 5067 968 5121 αὑτοῦ
1016 5068 1258 5139 Πατέρα.
1310 5069 1370 5122 Ὀ
1402 5068 1509 5140 γάρ
1539 5069 1674 5133 Θεὸς
1708 5071 1837 5122 ὅταν

234 5163 339 5230 μὲν
404 5161 505 5231 τὴν
558 5161 945 5234 τιμωρητικὴν
1000 5161 1168 5215 αὑτοῦ
1227 5161 1459 5232 δύναμιν
1507 5161 1839 5230 αίνίττηται,

233 5254 392 5319 παρὰ
418 5258 482 5325 τῇ
520 5254 712 5325 Γραφῇ
774 5254 1019 5327 πάνθηρ,
1055 5256 1150 5308 καὶ
1184 5254 1448 5326 πάρδαλις
1471 5295 1484 5317 ,
1516 5257 1611 5307 καὶ
1640 5255 1843 5323 ἄρκτος

232 5345 563 5414 ὀνομάζεται
588 5362 603 5389 ε
639 5348 770 5401 ὃταν
797 5347 854 5401 δὲ
897 5347 1315 5418 φιλανθρωπίαν
1354 5347 1479 5400 τινὰ
1506 5345 1843 5400 αἰνίττεσθαι

236 5438 413 5511 μέλλῃ
440 5476 456 5501 ,
510 5440 799 5510 ἄνθρωπος
851 5440 1157 5509 εἰσάγεται,
1210 5439 1401 5513 ὥσπερ
1442 5436 1537 5493 οὖν
1566 5442 1658 5491 καὶ
1698 5437 1793 5491 νῦν
1826 5455 1838 5468 ·

235 5530 429 5601 ἐπειδὴ
463 5532 593 5600 περ)⁵
640 5532 740 5601 τῆς
780 5532 1309 5603 φιλανθρωποτάτης
1350 5533 1664 5599 οἰκονομίας
1714 5531 1830 5584 δια-

233 5620 510 5691 λαμϐάνει
542 5624 575 5693 ὴ
614 5624 925 5695 παραϐολὴ,
955 5624 1022 5695 ἢν
1060 5625 1369 5695 ἐνήργησεν
1409 5625 1467 5676 ἐν
1506 5624 1659 5691 ἡμῖν,
1718 5639 1832 5674 κοι-

234 5717 440 5780 νωνοὺς
474 5718 623 5787 ἡμᾶς
654 5718 891 5788 ποιήσας
926 5718 1029 5787 τῆς
1079 5718 1282 5789 σαρκὸς
1315 5716 1410 5772 τοῦ
1458 5716 1591 5769 Υίοῦ
1643 5714 1831 5779 αὐτοῦ,

314 5897 358 5928 ’⁸
391 5895 569 5954 Galat.
601 5911 664 5963 ιι,
700 5896 793 5951 20.

1942 4697 2229 4768 prandium
2268 4699 2317 4752 in
2352 4712 2519 4765 regno
2569 4698 2688 4764 Dei,
2727 4700 2988 4755 Dominus
3036 4701 3341 4758 doceteum
3385 4703 3550 4759 latius

1941 4790 2217 4859 quomodo
2250 4798 2500 4858 Oporteat
2536 4802 2636 4843 uos
2664 4789 2973 4859 intelligere
3007 4793 3314 4846 convivium
3350 4793 3467 4857 Dei,
3497 4805 3551 4848 et

1944 4880 2260 4948 parabolam
2293 4883 2432 4935 hanc
2470 4881 2599 4936 dicit
2630 4899 2643 4936 ε
2693 4882 2969 4935 hominem
3002 4884 3219 4953 quidem
3261 4885 3549 4939 nominans

1946 4972 2355 5027 misericordem
2391 4987 2551 5025 suum
2595 4982 2827 5041 patrem.
2862 4974 3093 5039 Quando
3120 4975 3266 5030 enim
3305 4976 3550 5031 vindica-

1948 5066 2117 5119 tivam
2153 5066 2246 5119 Dei
2286 5066 2548 5120 virtutem
2573 5068 2857 5137 Scriptura
2883 5068 3174 5138 signiﬁcat,
3201 5072 3547 5138 pauthcram,

1944 5169 1999 5213 et
2020 5174 2233 5223 ursum,
2265 5170 2319 5213 et
2349 5160 2577 5229 pardum
2606 5174 2729 5213 eum
2764 5170 2959 5223 vocat;
3000 5163 3221 5229 quando
3240 5171 3423 5217 autem
3444 5166 3549 5217 mi-

1942 5250 2240 5305 sericordia
2283 5252 2396 5304 vult
2431 5252 2719 5305 insinuare
2744 5291 2757 5315 ,
2793 5252 3069 5307 hominem
3114 5253 3323 5309 inducit
3358 5273 3371 5309 :
3408 5257 3549 5311 sicut

1944 5356 1997 5399 et
2022 5359 2167 5398 nunc
2200 5346 2776 5399 misericordissimam
2815 5345 2933 5413 ejus
2967 5346 3432 5415 dispensationem
3470 5350 3550 5401 in-

1947 5436 2238 5505 tvlligcus,
2275 5453 2439 5507 cpiam
2482 5448 2745 5507 Operatar
2783 5438 2835 5491 in
2890 5438 3071 5503 nobis,
3108 5454 3215 5509 qua
3270 5456 3370 5496 nos
3419 5440 3551 5494 facit

1945 5531 2241 5600 participes
2273 5532 2455 5584 carnis
2487 5532 2609 5585 Filii
2647 5532 2755 5594 sui,
2796 5532 3071 5587 hominem
3102 5548 3227 5586 eum
3277 5533 3543 5587 nOmiuat.

1944 5628 2167 5677 (uanam
2202 5623 2345 5677 enim
2370 5640 2620 5695 magnam
2656 5628 2869 5681 vocavit
2891 5626 3349 5693 dispensationem
3381 5626 3543 5681 hanc.

1948 5712 2173 5770 (laenam
2204 5717 2451 5784 quidem,
2486 5735 2550 5773 eo
2574 5720 2719 5787 quod
2756 5721 2807 5775 iu
2837 5719 3152 5775 novissimis
3182 5720 3541 5793 temporibus,
