4110 6332
583 375 693 440 935

1515 367 2092 430 TﬂEOPIII'LACTI
2136 363 2555 426 BULGARI/E
2592 360 2943 424 ARCIIIEP.

3750 353 3849 416 936

580 495 636 544 et
684 483 840 555 (ιι.αεί
871 481 934 535 ad
971 495 1246 549 vesperam
1283 478 1460 534 saeculi
1496 480 1636 532 venit
1669 479 1942 532 Dominus.
1984 477 2165 546 Magna

2276 475 2564 545 ἄνθρωπον
2598 472 2761 526 αὑτὸν
2785 470 3032 538 ὠνόμασε
3060 482 3072 496 ·
3109 467 3322 519 δεῖπνον
3361 465 3416 519 δὲ
3455 466 3600 534 μέγα
3628 465 3847 518 ἐκάλεσε

582 587 761 631 autem
797 589 948 629 caena
979 579 1113 632 tunc.
1162 573 1416 640 quoniam
1467 585 1532 624 es
1577 568 1828 624 confesso
1903 582 2158 637 magnum

582 681 666 725 est
682 670 869 724 salutis
887 674 1087 722 nostra:
1119 666 1461 738 mysterium.
1492 664 1556 718 Et
1585 663 1734 718 ntisit
1758 677 1974 716 servum
2011 662 2158 715 illum

585 776 736 814 suum
768 759 896 813 hora
928 773 1117 812 ctpnaa.
1151 757 1282 824 Quis
1314 768 1390 812 est
1417 770 1605 813 servus
1642 753 1767 808 ille?
1788 752 1841 807 Is
1873 753 1962 822 qui
1990 751 2158 806 forma

583 854 722 908 servi
747 862 1049 922 assumpta,
1087 850 1253 905 Filius
1287 852 1375 904 Dei
1419 852 1577 904 homo
1611 847 1786 902 factus
1820 856 1874 900 et
1906 855 1965 900 ut
2001 845 2162 900 homo

587 947 787 1000 missus
821 959 943 999 esse
979 945 1191 997 dicitur.
1229 943 1459 996 Attende
1489 939 1758 1006 quomodo
1791 952 1895 992 non
1940 937 2160 998 dixerit,

582 1050 822 1098 servum,
855 1034 945 1089 sed
975 1050 1092 1087 cum
1124 1031 1376 1094 articulo,
1401 1046 1614 1084 servum
1638 1029 1784 1083 illum
1810 1041 1984 1080 suum.
2012 1025 2160 1078 Illum

586 1126 801 1193 proprie
820 1125 974 1186 dixit,
993 1123 1081 1191 qui
1109 1122 1263 1191 juxta
1300 1120 1527 1174 formam
1559 1121 1844 1172 humanam
1872 1116 1918 1169 ei
1942 1115 2161 1185 placuit,

585 1223 639 1268 et
672 1214 908 1270 servivit.
936 1210 1051 1267 Non
1081 1213 1226 1265 enim
1262 1221 1316 1265 ut
1347 1210 1513 1265 Filius
1530 1216 1583 1263 et
1610 1209 1747 1261 Deus
1769 1217 1974 1260 tantum
2003 1206 2163 1257 bene-

594 1307 822 1378 plaritus
844 1317 925 1360 est
959 1304 1130 1368 Patri,
1159 1303 1253 1358 sed
1283 1312 1337 1355 et
1361 1303 1499 1355 sicut
1525 1301 1686 1354 homo
1708 1299 1823 1368 ipse
1866 1301 2014 1352 solus
2048 1301 2164 1353 sine

584 1408 827 1470 peccato,
861 1393 1110 1453 omnibus
1138 1393 1380 1466 paternis
1413 1391 1655 1446 consiliis
1686 1400 1741 1445 et
1771 1390 2041 1444 mandatis
2065 1391 2164 1444 mi-

587 1494 840 1548 nistravit
867 1502 917 1546 et
950 1490 1130 1560 paruit
1163 1508 1176 1544 :
1208 1499 1263 1542 et
1305 1486 1467 1558 397
1498 1484 1727 1554 implens
1759 1499 1975 1539 omnem
2004 1484 2166 1554 justi-

589 1584 742 1648 tiam,
768 1582 973 1638 servire
996 1581 1190 1635 dicitur
1219 1581 1326 1634 Deo
1350 1589 1404 1632 et
1432 1577 1577 1631 Patri
1611 1595 1624 1630 :
1648 1577 1767 1631 ideo
1796 1585 1851 1630 et
1876 1577 1993 1646 ipse
2016 1576 2164 1632 solus

587 1674 800 1744 proprie
825 1687 1010 1728 servus
1034 1671 1122 1724 Dei
1146 1671 1360 1725 dicitur.
1396 1667 1539 1722 Hora
1572 1679 1752 1724 autem
1775 1681 1944 1722 cena
1966 1668 2164 1722 missus

585 1775 704 1831 est,
741 1764 843 1820 hoc
891 1769 976 1818 est
1024 1763 1247 1818 deﬁnito
1289 1771 1343 1816 et
1391 1771 1697 1832 opportuno
1730 1769 1994 1828 tempore.
2043 1757 2161 1814 Non

2263 565 2361 636 τὴν
2381 565 2698 634 οἰκονομίαν
2733 562 2961 630 ταύτην,
3003 560 3216 612 δεῖπνον
3240 559 3360 628 μὲν,
3385 559 3575 628 ἐπειδὴ
3601 559 3659 610 ὲν
3689 558 3847 627 ἐσχά-

2263 675 2372 720 τοις
2409 657 2642 726 καιροῖς,
2674 655 2763 706 καὶ
2796 651 2906 703 οἷον
2936 650 3028 702 ἐπὶ
3052 649 3286 718 δυσμαῖς
3321 647 3416 702 τοῦ
3459 648 3658 713 αἰῶνος
3691 643 3846 719 ἦλθεν

2265 752 2292 803 6
2347 748 2568 817 Κύριος.
2623 748 2813 814 Μέγας
2854 745 2908 796 δὲ
2950 745 2977 793 6
3013 743 3228 804 δεῖπνος
3271 735 3444 809 οὗτος,
3511 743 3704 814 ἐπειδὴ
3759 746 3848 798 καὶ

2265 841 2714 910 ὁμολογουμένως
2756 839 2898 907 μέγα
2922 835 2981 886 τὸ
3010 835 3109 903 τῆς
3145 835 3423 904 σωτηρίας
3455 833 3614 905 ἡμῶν
3644 837 3845 904 μυστή.

2267 955 2382 1007 ριον
2406 952 2419 966 °
2453 937 2548 988 καὶ
2587 933 2874 987 ἀπέστειλε
2933 932 3024 983 τὸν
3075 928 3266 982 δοῦλον
3310 927 3476 981 αὑτοῦ
3512 930 3578 997 τῇ
3620 926 3740 996 ὥρᾳ
3762 927 3848 978 τοῦ

2264 1031 2502 1083 δείπνου.
2551 1027 2647 1091 Τίς
2691 1029 2839 1078 ἐστιν
2881 1020 3034 1085 οὗτος
3069 1023 3098 1074 6
3123 1020 3342 1084 δοῦλος;
3377 1019 3436 1072 Ὀ
3483 1022 3583 1089 τὴν
3642 1022 3850 1089 μορφὴν

2266 1123 2360 1176 τοῦ
2385 1121 2574 1175 δούλου
2603 1116 2886 1173 ἀναλαϐὼν
2912 1117 2941 1169 6
2977 1116 3100 1178 Υἱὸς
3133 1113 3228 1167 τοῦ
3252 1112 3410 1176 Θεοῦ,
3448 1113 3735 1182 ἄνθρωπος
3771 1130 3851 1181 γε·

2267 1217 2513 1285 νόμενος,
2566 1214 2661 1265 καί
2691 1213 2766 1274 ὡς
2797 1209 3083 1280 ἄνθρωπος
3116 1207 3490 1276 ἀποσταλῆναι
3540 1206 3848 1274 λεγόμενος.

2268 1311 2511 1381 Πρόσχες
2540 1307 2596 1360 δὲ
2622 1306 2737 1369 πῶς
2757 1306 2857 1358 οὐκ
2886 1299 3027 1367 εἷπε,
3052 1301 3259 1366 δοῦλον,
3300 1300 3438 1353 ἀλλά
3470 1299 3609 1369 μετά
3633 1298 3725 1352 τοῦ
3757 1297 3851 1370 ἆρ-

2267 1399 2424 1468 ορου,
2454 1397 2545 1451 τὸν
2571 1396 2783 1459 δοῦλον,
2811 1394 2902 1447 τὸν
2932 1393 3165 1464 κυρίως,
3199 1393 3386 1461 φησϊν,
3426 1390 3577 1461 αὐτῷ
3613 1392 3753 1445 κατὰ
3797 1390 3854 1442 τὸ

2266 1489 2608 1558 ἀνθρώπινον
2667 1484 3113 1557 εὑαρεστήσαντα
3142 1482 3234 1534 καὶ
3268 1477 3325 1535 εὖ
3353 1480 3740 1534 δουλεύσαντα.
3776 1480 3850 1534 Οὐ

2270 1582 2432 1652 μόνον
2457 1581 2566 1651 γὰρ
2599 1578 2734 1633 καθὸ
2762 1578 2889 1642 Υἱὸς
2920 1575 3013 1630 καὶ
3039 1574 3174 1638 Θεὸς
3220 1573 3514 1643 εὐάρεστος
3551 1570 3631 1642 τῷ
3659 1573 3852 1642 Ila-egi.

2264 1673 2401 1726 ἀλλὰ
2440 1672 2535 1725 καὶ
2569 1669 2707 1725 καθὸ
2741 1667 3048 1741 ἄνθρωπος,
3079 1667 3242 1729 αῦτὸς
3265 1665 3424 1736 μόνος
3454 1667 3857 1738 ἀναμαρτήτως

2269 1767 2473 1828 πάσαις
2507 1766 2629 1827 ταῖς
2660 1761 2755 1816 τοῦ
2790 1762 3000 1833 [ἰατρὸς
3037 1759 3255 1830 βουλαῖς
3320 1760 3416 1813 καὶ
3441 1759 3684 1823 ἐντολαῖς
3715 1760 3856 1829 ὑπη-

584 1855 728 1912 enim
765 1855 908 1908 aliud
954 1865 1166 1924 tempus
1215 1853 1552 1924 commodius
1589 1850 1690 1907 fuit
1729 1852 1888 1906 salut‘i
1943 1862 2164 1917 nostrae,

2275 1858 2527 1930 ρετήσας,
2564 1857 2661 1910 καὶ
2691 1855 2988 1925 πληρώσας
3023 1854 3207 1907 πᾶσαν
3236 1851 3611 1921 δικαιοσύνην,
3642 1851 3862 1905 δουλεῦο

581 1960 747 2015 quam
769 1961 874 2016 quo
905 1948 1164 2015 regnabat
1185 1943 1364 1998 Caesar
1393 1944 1693 2011 Augustus,
1723 1957 1848 1997 cum
1883 1943 1934 1996 in
1955 1957 2168 1996 summo

587 2048 732 2092 esset
759 2036 982 2100 malitia,
1019 2051 1178 2106 quam
1217 2036 1424 2089 destrui
1472 2033 1780 2104 oportebat.
1825 2033 1976 2088 Sicut
2021 2034 2165 2087 enim

589 2130 782 2184 medici
813 2130 1000 2182 sinunt
1037 2128 1088 2199 in
1122 2127 1246 2182 saevi
1287 2128 1457 2181 morbi
1495 2125 1765 2181 ulceribus
1805 2127 2004 2180 malum
2053 2141 2169 2180 om-

590 2235 712 2276 nem
753 2221 1034 2274 humorem
1067 2233 1377 2289 erumpere,
1411 2228 1465 2272 et
1491 2217 1686 2272 deinde
1720 2218 1957 2271 remedia
2003 2231 2161 2286 appo-

590 2321 758 2366 nunt:
784 2311 855 2366 ita
879 2317 931 2364 et
956 2318 1235 2379 peccatum
1265 2310 1549 2379 oportebat
1579 2323 1767 2364 omnes
1799 2324 1927 2364 suas
1961 2309 2171 2379 species

588 2404 866 2472 indicare,
923 2414 978 2456 et
1025 2401 1226 2457 deinde
1278 2417 1532 2473 magnum
1591 2403 1862 2457 medicum
1897 2403 2172 2474 imponere

587 2497 902 2566 pharmaca.
941 2496 1005 2550 Et
1038 2506 1324 2565 prepterea
1361 2495 1694 2564 exspectavit
1726 2495 1973 2551 Christus
1999 2499 2170 2551 donec

589 2588 836 2644 diabolus
855 2587 1073 2641 malitiae
1094 2601 1400 2640 mensuram
1425 2587 1692 2656 impleret,
1726 2600 1776 2642 et
1799 2596 1925 2642 tunc
1952 2588 2167 2641 demum

591 2682 905 2736 incarnatus
927 2688 1029 2745 est,
1064 2690 1116 2734 et
1144 2696 1305 2736 omne
1334 2695 1505 2748 genus
1537 2679 1756 2733 malitiae
1783 2694 1878 2747 per
1925 2695 2169 2734 sanctam

591 2775 754 2828 vitam
785 2788 938 2827 suam
967 2775 1195 2828 sanavit.
1227 2773 1418 2827 Missus
1443 2782 1528 2826 est
1550 2771 1713 2841 igitur
1739 2773 1892 2834 hora.
1941 2773 2042 2826 hoc
2088 2782 2174 2828 est

591 2873 894 2933 opportuno
942 2870 994 2917 et
1028 2863 1378 2918 accommodo
1417 2871 1658 2932 tempore
1685 2900 1700 2927 ,
1752 2863 1892 2917 sicut
1919 2872 1970 2916 et
2004 2862 2170 2918 David

593 2956 757 3010 dicit:
793 2973 813 3007 ι
850 2955 1147 3024 Accingere
1173 2955 1350 3024 gladio
1385 2965 1476 3008 tuo
1524 2969 1685 3024 super
1728 2954 1902 3011 femur
1949 2967 2097 3010 tuum
2128 2957 2172 2987 “

590 3057 838 3114 potenter
869 3065 886 3096 ι
923 3047 1343 3116 tempestivitate
1375 3057 1486 3102 tua.
1515 3045 1751 3101 Omnino
1773 3047 1917 3102 enim
1938 3048 2170 3119 gladius,

589 3140 816 3191 verbum
851 3137 992 3192 Dei:
1036 3153 1130 3205 per
1177 3138 1352 3192 femur
1382 3147 1558 3192 autem
1602 3139 1857 3194 nativitas
1906 3141 1958 3193 in
2002 3155 2168 3196 carne

589 3229 945 3301 signiﬁcatur,
968 3231 1362 3302 quaecontingit
1386 3231 1438 3284 in
1471 3232 1913 3301 tempestivitate,
1945 3236 2046 3288 hoc
2081 3242 2167 3288 est

591 3320 646 3376 In
677 3331 914 3390 tempore
958 3331 1286 3389 opportuno.
1328 3321 1521 3378 Missus
1572 3338 1701 3378 vero
1753 3331 1832 3378 est
1869 3332 1926 3376 ιιι
1961 3324 2168 3380 diceret

593 3411 851 3466 invitatis.
888 3411 988 3478 Qui
1042 3421 1167 3466 suut
1217 3413 1270 3467 hi
1312 3414 1401 3481 qui
1455 3416 1627 3467 vocati
1682 3415 1844 3468 sunt?
1893 3413 2166 3470 Fortassis

591 3518 780 3558 omnes
811 3503 1079 3558 homines.
1113 3505 1312 3560 Omnes
1341 3506 1484 3558 enim
1527 3505 1738 3560 vocavit
1788 3506 1929 3561 Deus
1983 3508 2050 3561 ad
2082 3507 2164 3560 sui

592 3597 943 3666 agnitionem,
984 3598 1183 3666 partim
1224 3613 1317 3667 per
1350 3599 1656 3652 ordinatam
1703 3598 1994 3653 visibilium
2038 3614 2167 3655 con-

594 3689 956 3754 stitutionem,
993 3691 1189 3759 partim
1227 3706 1320 3760 per
1347 3691 1642 3745 naturalem
1669 3690 1840 3762 legem
1871 3709 1883 3745 :
1923 3691 2168 3746 fortassis

593 3793 775 3841 autem
807 3784 975 3852 magis
1017 3783 1232 3852 proprie
1287 3781 1575 3847 Israelitas,
1629 3783 1720 3852 qui
1754 3799 1849 3851 per
1889 3786 2055 3852 legem
2115 3793 2170 3838 et

599 3873 890 3943 prophetas
917 3873 1089 3926 vocati
1117 3872 1354 3928 luerunt.
1392 3873 1470 3925 Ad
1500 3873 1620 3926 illos
1664 3875 1828 3942 igitur
1859 3875 2053 3928 missus
2085 3886 2172 3930 est

597 3969 827 4036 primum
856 3965 1135 4031 Dominus,
1191 3966 1266 4020 uti
1327 3965 1393 4020 ad
1431 3981 1559 4021 oves
1591 3969 1782 4024 domus
1820 3967 2008 4024 Israel.
2053 3969 2170 4040 Ipse

595 4060 739 4113 enim
773 4059 986 4114 dicebat
1016 4075 1030 4114 :
1067 4059 1278 4128 Venite,
1299 4061 1423 4131 quia
1455 4070 1638 4128 parata
1665 4061 1775 4130 jam
1806 4070 1931 4115 sunt
1965 4062 2166 4115 omnia.

601 4149 772 4220 Prope
796 4153 937 4206 enim
964 4167 1085 4207 esse
1121 4169 1345 4224 regnum
1386 4152 1478 4208 Dei
1520 4154 1586 4219 "’,
1611 4154 1864 4208 omnibus
1895 4153 2170 4224 evangeli-

601 4243 759 4294 zahat
787 4241 1064 4308 Dominus,
1096 4254 1148 4298 et
1178 4244 1319 4298 intra
1341 4260 1455 4300 vos.
1485 4245 1554 4299 At
1582 4245 1656 4300 illi
1672 4257 1954 4315 cmperunt
1984 4245 2166 4310 simul,

599 4332 650 4385 id
678 4341 760 4386 est
800 4348 863 4388 ex
889 4338 1208 4404 composito,
1243 4349 1524 4391 excusare.
1554 4335 1757 4392 Omnes
1792 4339 1934 4392 enim
1967 4339 2168 4405 princi-

597 4438 690 4494 pes
728 4423 1032 4481 Iudaeorum
1066 4428 1440 4484 detrectabant
1485 4428 1909 4486 Jesum,habere
1962 4446 2166 4502 regem,

2273 1969 2360 2003 σαι
2393 1949 2609 2016 λέγεται
2637 1946 2716 2015 τῷ
2735 1945 2852 2016 Θεῷ
2884 1947 2979 1998 καὶ¹
3001 1945 3195 2014 Πατρὶ,
3221 1944 3302 1998 διὸ
3328 1947 3422 1997 καὶ
3443 1945 3648 2016 κυρίως
3671 1945 3859 2007 δοῦλος

2269 2040 2363 2094 τοῦ
2418 2039 2554 2094 Θεοῦ
2584 2037 2746 2101 αὐτὸς
2775 2038 2841 2091 ἂν
2881 2037 3096 2105 λέγοιτο
3138 2037 3322 2106 μόνος.
3370 2038 3449 2108 Τῇ
3489 2037 3608 2109 ὥρᾳ
3659 2037 3716 2090 δὲ
3765 2037 3860 2090 τοῦ

2270 2134 2486 2188 δείπνου
2516 2130 2821 2200 ἀπεστάλη,
2853 2131 3156 2193 τουτέστιν,
3193 2131 3250 2182 ἐν
3305 2126 3386 2200 τῷ
3433 2129 3733 2200 ὡρισμένῳ
3767 2131 3860 2182 καὶ

2273 2224 2571 2294 ἐπιτηδείῳ
2607 2223 2804 2292 καιρῷ.
2839 2221 2972 2274 Οὐδὲ
2989 2222 3094 2295 γάρ
3125 2221 3283 2285 ἄλλος
3311 2223 3499 2288 καιρὸς
3529 2217 3597 2292 ἦν
3626 2223 3724 2291 τῆς
3755 2238 3863 2272 σω-

2273 2315 2471 2384 τηρίας
2497 2312 2657 2384 ἡμῶν
2705 2313 3163 2382 ἐπιτηδειότερος,
3198 2311 3231 2381 ἧ
3279 2313 3486 2375 ἐκεῖνος
3519 2314 3548 2364 6
3578 2311 3722 2365 κατά
3767 2310 3864 2380 τὴν

2275 2405 2368 2457 τοῦ
2407 2402 2723 2472 Αὐγούστου
2751 2403 3025 2471 Καίσαρος
3057 2401 3358 2472 βασιλείαν,
3393 2402 3481 2454 ὅτε
3519 2403 3866 2472 κορυφωυεῖ-

2278 2514 2377 2550 σαν
2401 2497 2499 2568 τὴν
2552 2496 2749 2549 κακίαν
2783 2494 2890 2548 ἔδει
2921 2493 3343 2565 καθαιρεθῆναι.
3380 2493 3596 2561 Ὥσπερ
3621 2496 3733 2562 γὰρ
3783 2493 3868 2544 νέ-

2277 2605 2426 2659 σημα
2450 2587 2702 2650 ὓπουλον,
2756 2587 2847 2639 καὶ
2885 2585 3160 2656 κακόηθες
3193 2585 3354 2637 ἐῶσιν
3381 2586 3431 2636 οἱ
3470 2585 3650 2654 ἰατροὶ
3685 2584 3865 2637 πάντα

2274 2680 2366 2732 τὸν
2406 2680 2641 2750 πονηρὸν
2675 2681 2850 2750 χυμὸν
2876 2679 3130 2751 ἐκρῆξαι,
3163 2672 3264 2730 εἷθ’
3300 2675 3473 2740 οὕτως
3507 2678 3608 2741 τὰς
3638 2694 3864 2747 φαρμα-

2276 2771 2427 2833 κείας
2452 2770 2773 2838 ἐπάγουσιν,
2806 2769 2980 2832 οὕτως
3003 2770 3099 2822 καὶ
3119 2769 3218 2840 τὴν
3245 2768 3525 2840 ἁμαρτίαν
3548 2769 3658 2822 ἔδει
3687 2771 3865 2821 πάντα

2277 2864 2346 2917 τὰ
2376 2865 2560 2916 οἰκεῖα
2601 2863 2799 2932 ἑαυτῆς
2834 2863 2950 2932 εἴδη
2986 2861 3381 2926 ἐπιδείξασθαι,
3417 2857 3536 2914 εἶτα
3567 2861 3658 2914 τὸν
3687 2861 3867 2930 μέγαν

2285 2956 2464 3029 ἰατρὸν
2488 2957 2759 3009 ἐπιθεῖναι
2793 2956 2853 3007 τὸ
2887 2956 3203 3026 φάρμακον.
3264 2955 3364 3007 Διά
3402 2953 3560 3006 τοῦτο
3595 2951 3660 3024 δὴ
3712 2971 3866 3023 περι-

2280 3050 2495 3120 έμεινεν
2521 3049 2549 3100 6
2573 3049 2776 3120 Κύριος
2794 3047 2854 3100 τὸ
2880 3049 3078 3118 μέτρον
3105 3049 3204 3116 τῆς
3235 3048 3434 3110 κακίας
3463 3045 3750 3117 πληρῶσαι
3775 3048 3867 3098 τὸν

2277 3140 2545 3206 διάϐολον,
2581 3142 2677 3194 καὶ
2700 3139 2872 3203 οὕτως
2900 3139 3206 3212 σαρκωθεὶς
3238 3140 3348 3194 πᾶν
3378 3135 3518 3202 εἶδος
3546 3141 3748 3202 κακίας
3780 3137 3868 3191 διὰ

2282 3233 2463 3303 πάσης
2501 3233 2598 3301 τῆς
2650 3231 2812 3299 ἁγίας
2866 3231 3028 3284 αὐτοῦ
3082 3231 3363 3294 πολιτείας
3409 3231 3687 3295 ὲξιάσατο.
3740 3231 3868 3284 Ἀπ-

2282 3324 2483 3392 εστάλη
2500 3311 2598 3376 οὖν’
2618 3323 2674 3374 ὲν
2697 3323 2838 3394 ὥρᾳ,
2857 3323 3125 3388 τουτέστι,
3146 3323 3224 3387 τῷ
3252 3323 3438 3394 ὡραίῳ
3468 3324 3559 3376 καὶ
3577 3322 3867 3391 ἐπιτηδείῳ

2283 3419 2480 3490 καιρῷ,
2511 3417 2652 3472 καθά
2692 3418 2782 3470 καὶ
2807 3416 2968 3471 Δαυῒδ
2989 3415 3137 3486 λέγει
3175 3435 3188 3448 ·
3231 3415 3572 3488 «Περίζωσαι
3593 3415 3694 3486 τὴν
3728 3417 3863 3485 ῥομ-

2282 3511 2447 3580 φαίαν
2475 3527 2590 3576 σου,
2615 3510 2707 3562 ἐπὶ
2736 3509 2828 3561 τὸν
2864 3511 3039 3578 μηρόν
3062 3525 3184 3573 σου,
3206 3509 3400 3561 δυνατὲ
3428 3527 3446 3559 ι
3474 3509 3540 3578 τῇ
3572 3506 3870 3579 ὡραιότητί

2283 3620 2377 3656 σου
2398 3619 2418 3639 ·-
2440 3603 2658 3664 πάντως
2683 3601 2788 3671 γὰρ
2821 3600 3066 3671 ῥομφαία
3104 3601 3201 3672 μὲν
3228 3603 3256 3654 6
3288 3601 3450 3668 λόγος
3475 3599 3569 3653 τοῦ
3588 3599 3749 3664 θεοῦ,
3777 3599 3867 3652 διὰ

2282 3696 2374 3748 τοῦ
2419 3694 2594 3764 μηροῦ
2621 3693 2680 3746 δὲ
2733 3694 2767 3762 ἡ
2817 3696 2876 3745 ὲν
2918 3695 3082 3763 σαρκὶ
3111 3692 3324 3760 γένεσις
3359 3693 3713 3763 σημαίνεται,
3745 3693 3872 3762 ἥτις

2292 3789 2361 3857 τῇ
2398 3786 2696 3857 ὡραιότητι
2746 3786 2983 3853 ἐγένετο,
3014 3785 3317 3845 τουτέστιν,
3363 3788 3420 3838 ὲν
3467 3785 3546 3856 τῷ
3577 3787 3875 3857 ἐπιτηδείῳ

2286 3888 2482 3949 καιρῷ.
2507 3879 2815 3949 Ἀπεστάλη
2841 3878 2896 3932 δὲ
2923 3880 3098 3932 είπεῖν
3133 3880 3248 3942 τοῖς
3280 3878 3662 3950 κεκλημένοις.
3713 3878 3875 3939 Τίνες

2284 3971 2340 4024 δέ
2369 3972 2503 4023 εἰσιν
2527 3965 2673 4025 οὗτοι
2703 3971 2752 4024 oi
2785 3971 3147 4042 κεκλημένοι;
3191 3971 3344 4041 Τάχα
3385 3972 3485 4041 μὲν
3526 3973 3624 4024 καὶ
3669 3972 3874 4034 πάντες

2282 4062 2560 4134 ἄνθρωποι
2622 4066 2827 4127 πάντας
2858 4062 2966 4133 γὰρ
2993 4063 3249 4116 ἐκάλεσεν
3274 4066 3302 4115 6
3340 4063 3469 4126 Θεὸς
3504 4064 3584 4126 είς
3613 4062 3713 4134 τὴν
3746 4065 3874 4117 ἐπί-

2280 4173 2479 4225 γνωσιν
2510 4156 2698 4221 αὑτοῦ,
2735 4155 2893 4209 τοῦτο
2927 4155 3026 4224 μὲν
3056 4155 3143 4208 διά
3169 4157 3266 4226 τῆς
3307 4156 3415 4208 τῶν
3444 4157 3742 4226 δρωμένων
3773 4159 3870 4210 εὖ·

2280 4251 2492 4316 ταξίας,
2516 4250 2672 4303 τοῦτο
2698 4249 2754 4302 δὲ
2779 4247 2866 4302 διά
2885 4247 2981 4302 τοῦ
3014 4249 3248 4317 φυσικοῦ
3280 4249 3447 4319 νόμον
3470 4265 3483 4278 ’
3529 4248 3672 4320 τάχα
3705 4251 3760 4302 δὲ
3791 4255 3876 4304 ol-

2283 4344 2560 4413 κειότερον
2587 4343 2635 4394 οἱ
2692 4341 2748 4406 ἐξ
2787 4341 3000 4412 Ἰσραὴλ
3027 4382 3040 4406 ,
3083 4342 3132 4394 οἳ
3162 4340 3250 4394 διὰ
3303 4341 3396 4394 τοῦ
3427 4360 3452 4394 ν
3492 4359 3594 4410 ,λου
3630 4346 3723 4396 καὶ
3761 4345 3876 4397 τῶν

2284 4435 2581 4505 προφητῶν
2627 4432 2937 4502 ἐκλήθησαν
2974 4447 2988 4463 ⁶
3033 4434 3113 4493 εἰς
3163 4432 3382 4497 τούτους
3437 4432 3531 4485 οὖν
3588 4435 3877 4491 ἀπεστάλη

593 4526 648 4569 et
678 4529 887 4572 canam
943 4531 1048 4571 non
1100 4527 1414 4574 meruerunt
1445 4535 1458 4572 :
1495 4517 1631 4575 alius
1669 4521 1888 4591 quidem
1937 4529 2161 4592 propter

2275 4526 2695 4598 προηγουμένως
2758 4527 2786 4578 6
2837 4524 3064 4594 Κύριος,
3124 4525 3203 4586 είς
3272 4524 3337 4578 τά
3420 4524 3672 4594 πρόϐατα
3720 4527 3878 4580 οἴκου

595 4607 902 4663 divitiarum
945 4610 1320 4676 cupiditatem,
1357 4611 1496 4665 alius
1546 4623 1724 4667 autem
1761 4625 1979 4682 propter
2014 4616 2166 4670 voluo

596 4709 815 4768 ptatem.
850 4699 983 4754 Nam
1043 4701 1130 4754 ille
1176 4703 1394 4772 quidem
1437 4703 1620 4759 villam
1669 4716 1898 4774 emerat,
1939 4718 1994 4763 et
2032 4710 2170 4762 alius

590 4790 716 4862 juga
743 4791 923 4857 boum,
952 4793 1041 4858 qui
1073 4795 1286 4863 signant
1315 4795 1626 4852 divitiarum
1655 4799 1900 4868 cupidos.
1933 4801 2002 4855 At
2032 4801 2170 4857 alius

596 4883 688 4952 qui
717 4899 935 4937 uxorem
969 4883 1218 4950 duxerat,
1262 4886 1642 4956 voluptuarius
1674 4903 1807 4946 erat.
1853 4893 2072 4962 Insuper
2115 4906 2170 4951 et

598 4976 644 5030 is
684 4975 860 5027 villam
895 4990 1275 5045 compararat,
1308 4984 1396 5050 qui
1451 4995 1668 5050 propter
1708 4987 2030 5041 mundanam
2078 5005 2173 5044 sa.

594 5065 850 5133 pientiam
907 5082 1009 5119 non
1061 5068 1254 5137 aceipit
1306 5075 1641 5139 mysterium.
1699 5073 1831 5128 Villa
1890 5078 2028 5130 enim
2086 5091 2164 5133 est

598 5159 826 5212 mundus
860 5159 969 5224 hic,
1012 5172 1063 5213 et
1098 5172 1286 5214 natura
1323 5165 1656 5231 simpliciter.
1692 5169 1789 5234 Qui
1838 5179 2014 5223 autem
2063 5187 2162 5224 na-

598 5258 771 5303 turam
794 5250 1065 5316 observat,
1087 5269 1187 5306 non
1223 5260 1407 5321 recipit
1427 5260 1519 5310 hor
1546 5262 1682 5324 quod
1707 5278 1867 5331 super
1891 5276 2158 5319 naturam.

597 5338 760 5411 Igitur
787 5344 1080 5411 pharisaeus
1110 5347 1198 5413 qui
1236 5348 1407 5401 villam
1443 5350 1574 5405 forte
1599 5367 2026 5422 comparaverat,
2065 5359 2166 5411 hoc

597 5442 701 5496 est,
743 5435 830 5500 qui
887 5448 1190 5501 respexerat
1239 5441 1304 5491 ad
1359 5454 1560 5496 natura
1607 5445 1770 5513 leges,
1815 5464 1917 5501 non
1975 5451 2164 5518 recipit

599 5525 858 5589 virginem
905 5539 1088 5590 parere
1131 5525 1320 5592 Deum,
1373 5536 1509 5598 quod
1560 5550 1720 5602 super
1751 5547 1996 5590 naturam
2033 5551 2158 5594 est;

599 5620 691 5669 sed
724 5623 776 5667 et
806 5631 991 5668 omnes
1024 5619 1112 5687 qui
1160 5620 1210 5672 in
1254 5633 1474 5676 externa
1525 5628 1784 5695 sapientia
1841 5631 2163 5699 gloriantur,

667 5798 711 5829 “
741 5796 880 5853 Psal.
919 5815 1022 5864 xu,
1051 5801 1103 5855 4.
1183 5804 1223 5835 ⁸⁷
1263 5806 1434 5859 Matth
1495 5823 1575 5872 ιιι,
1605 5809 1638 5860 2

2282 4619 2522 4691 Ἰσραήλ.
2561 4617 2730 4680 Αὐτὸς
2778 4616 2878 4686 μὲν
2918 4615 3012 4670 οῦν
3063 4616 3217 4683 ἔλεγε
3245 4632 3260 4650 ο
3305 4615 3573 4688 Ἔρχεσθε
3634 4617 3718 4670 ὅτι
3770 4616 3875 4687 ήδη

2277 4713 2472 4781 ἕτοιμά
2505 4713 2620 4764 ἐστι
2651 4712 2848 4765 πάνταο
2883 4709 3052 4777 ἐγγὺς
3102 4709 3209 4782 γὰρ
3259 4705 3399 4762 εἶναι
3446 4709 3545 4780 τὴν
3582 4709 3877 4780 βασιλείαν

2278 4806 2390 4856 τῶν
2415 4802 2696 4875 οὐρανῶν,
2759 4801 2960 4854 ἆπασιν
2993 4801 3380 4872 εὐηγγελίζετο
3421 4805 3449 4855 6
3490 4802 3735 4872 Κύριος,
3777 4807 3877 4855 καὶ

2273 4898 2424 4960 ἐντὸς
2456 4897 2632 4964 ὑμῶν.
2665 4897 2727 4948 Oi
2775 4895 2830 4948 δὲ
2864 4894 3097 4964 ἧρξαντο
3145 4897 3254 4949 ἀπὸ
3283 4895 3415 4965 μιᾶς
3457 4895 3871 4964 παραιτεῖσθαι,

2280 4988 2558 5040 τουτέστιν
2585 5025 2600 5048 ,
2631 4987 2704 5049 ὼς
2756 4985 2815 5051 ἐξ
2851 4987 2967 5050 ἑνὸς
2996 4988 3338 5057 συνθήματος
3363 5004 3377 5017 ο
3415 4987 3616 5051 πάντες
3669 4987 3780 5058 γὰρ
3819 4990 3872 5040 oi

2275 5082 2528 5150 ἄρχοντες
2572 5079 2679 5132 τῶν
2723 5079 2991 5133 Ἰουδαίων
3056 5080 3532 5149 παραιτησάμενοι
3577 5079 3723 5148 ἔχειν
3777 5083 3874 5132 τὸν

2289 5173 2495 5242 Ἰησοῦν
2533 5171 2795 5242 βασιλέα,
2845 5173 2967 5224 οὐδὲ
3011 5173 3104 5224 τοῦ
3163 5173 3381 5225 δείπνου
3437 5169 3752 5243 ἠξιώθησαν
3782 5188 3794 5201 ·
3838 5174 3871 5222 6

2279 5267 2375 5335 μὲν
2406 5266 2492 5319 διὰ
2524 5266 2930 5334 φιλοπλουτίαν,
2995 5267 3022 5318 6
3067 5265 3122 5317 δὲ
3163 5265 3252 5319 διὰ
3294 5263 3628 5332 φιληδονίαν.
3675 5263 3733 5315 ὐ
3770 5263 3871 5333 μὲν

2272 5360 2379 5428 γὰρ
2418 5360 2504 5411 τὸν
2537 5359 2705 5428 ἀργὸν
2732 5359 3033 5428 ἀγοράσας,
3070 5359 3207 5410 καὶὸ
3241 5359 3308 5410 τὰ
3342 5358 3513 5427 ζεύγη
3555 5357 3666 5408 τῶν
3701 5356 3865 5425 βοιῖιν,

2273 5449 2612 5516 φιλόπλουτοι
2658 5450 2722 5502 ἂν
2760 5450 3001 5519 νικηθεῖεν
3028 5469 3039 5480 ·
3087 5453 3114 5502 6
3145 5451 3199 5502 δὲ
3233 5452 3329 5517 τὴν
3372 5451 3610 5514 γυναῖκα
3657 5448 3868 5515 γήμας,

2273 5543 2549 5610 φιλήδονος
2573 5559 2584 5571 °
2624 5545 2670 5595 εἰ
2729 5543 2908 5612 βούλει
2965 5544 3023 5596 δέ
3058 5561 3170 5613 μοι,
3204 5543 3377 5610 ἀγρὸν
3408 5540 3673 5609 ἀγοράζει
3718 5543 3746 5593 6
3775 5539 3866 5592 διὶ

2272 5638 2371 5706 τὴν
2413 5640 2504 5690 τοῦ
2537 5640 2741 5698 κόσμου
2778 5640 2971 5709 σοφίαν
2999 5638 3073 5710 μη
3101 5638 3540 5709 παραδεχόμενος
3563 5635 3627 5687 τὸ
3662 5637 3869 5703 μυστή-
