4110 6332
252 432 357 500 9M

954 429 1408 496 ENARRATIO
1451 433 1535 496 IN
1567 429 2078 498 EVANGELIUM
2124 432 2367 495 LUCAS.
2394 459 2462 468 —
2487 432 2646 494 CAP.
2686 430 2845 494 XIV.

3476 424 3586 493 942

247 549 451 612 αὐτοὺς
483 543 596 603 οἷον
619 546 699 602 δεῖ
719 548 810 602 τὸν
839 547 1092 620 μαθητὴν
1114 549 1283 605 αὐτοῦ
1315 544 1481 614 εἶναι,
1498 547 1860 618 ἀποφαίνεται

1976 560 2041 602 ac
2071 546 2236 602 veluti
2271 547 2533 602 informat
2559 557 2613 603 et
2646 546 2892 618 depingit
2927 559 3085 609 eum,
3129 559 3383 601 asserens
3417 560 3553 615 θροι-

248 645 388 716 περὶ
415 641 635 708 τούτου,
669 641 762 694 καί
797 634 910 695 οἷον
930 642 1187 696 διατυποῖ
1217 643 1403 708 αὑτὸν,
1452 641 1548 694 κα)⁵
1570 640 1865 711 ,ζωγραφεῖ

247 734 648 806 εἰσηγούμενος
695 733 810 786 δεῖν
843 735 1010 788 αὐτὸν
1047 737 1232 806 μισεῖν
1260 735 1322 788 ού
1362 734 1527 805 μόνον
1569 735 1699 797 τοὺς
1729 731 1864 796 ἐξω-

246 825 347 878 θεν
375 823 526 895 αὐτῷ
553 824 961 895 ᾠκειωμένους,
996 826 1135 880 ἀλλὰ
1164 827 1262 880 καὶ
1293 826 1395 896 τὴν
1435 824 1632 879 ἑαυτοῦ
1654 825 1860 896 ψυχήν.

252 919 403 989 Ὅρα
421 917 478 970 δὲ
508 918 583 988 μὴ
621 920 1014 992 συναρπασθῇς
1041 919 1120 990 τῷ
1157 918 1310 991 ῥητῷ
1336 918 1529 984 ἁπλῶς
1557 918 1734 996 οὕτως
1765 920 1863 972 καὶ

247 1009 731 1082 ἀνεπιστημόνως.
793 1013 867 1066 Οὐ
904 1014 1016 1085 γὰρ
1074 1011 1484 1084 ἀπανθρωπίαν
1535 1012 1781 1076 διδάσκει
1830 1014 1860 1067 ό

247 1102 670 1174 φιλάνθρωπος,
718 1105 838 1159 οὐδὲ
867 1106 1294 1178 διαχειρίζεσθαι
1322 1106 1556 1171 ἑαυτοὺς
1591 1105 1860 1172 νουθετεῖ,

248 1194 394 1248 ἀλλὰ
419 1196 514 1249 τόν
564 1213 627 1264 γε
653 1198 877 1267 γνήσιον
923 1199 1094 1252 αὐτοῦ
1140 1199 1396 1273 μαθητὴν
1425 1199 1682 1272 βούλεται
1735 1198 1860 1253 τότε

252 1289 437 1357 μισεῖν
467 1289 592 1351 τοὺς
608 1289 753 1341 κατὰ
780 1289 940 1358 γένος
970 1293 1231 1358 οἰκείους,
1261 1294 1348 1346 ὅτε
1372 1297 1511 1365 πρὸς
1545 1291 1862 1347 θεοσέϐειαν

249 1378 408 1448 αὒτῷ
437 1380 782 1449 ἐμποδίζοιεν
817 1381 912 1434 καὶ
938 1381 1030 1434 διὰ
1052 1383 1054 1385 ’
1079 1384 1181 1452 τὴν
1217 1385 1364 1455 πρὸς
1415 1384 1620 1448 αὐτοὺς
1672 1383 1861 1456 σχέσιν

250 1471 520 1526 κωλύοιτο
544 1473 708 1535 αὐτὸς
737 1473 797 1526 τὸ
831 1458 997 1528 καλόν
1035 1477 1283 1545 μετιέναι
1302 1489 1316 1506 ⁵
1352 1478 1476 1530 ἐπεὶ
1500 1479 1548 1530 εί
1585 1477 1662 1548 μὴ
1688 1479 1864 1552 ὲημπο-

247 1567 473 1632 δίζοιεν,
506 1569 676 1640 τιμᾷν
711 1567 913 1637 μᾶλλον
940 1569 1070 1640 ἄχρι
1102 1571 1203 1641 τῆς
1228 1568 1549 1633 τελευταίας
1578 1568 1861 1639 ἀναπνοῆς

250 1661 520 1716 διδάσκει.
557 1662 670 1716 Καὶ
693 1660 813 1726 πῶς
847 1662 1126 1730 διδάσκεις
1160 1665 1260 1716 Διὰ
1294 1666 1396 1734 τῆς
1436 1665 1682 1734 μείζονος
1709 1662 1862 1716 διδα-

252 1752 506 1816 σκαλίας,
540 1755 707 1824 φημὶ,
746 1755 816 1808 δι’
859 1749 935 1809 ὧν
981 1755 1220 1827 ἔπραξεν
1267 1757 1434 1820 αὑτός
1460 1773 1475 1788 ³
1508 1757 1606 1811 καὶ
1640 1758 1751 1828 γάρ
1781 1756 1860 1827 τῷ

267 1846 487 1919 Ἰωσὴφ,
511 1848 690 1901 καίτοι
722 1849 842 1903 οὐδὲ
872 1851 1080 1920 κυρίως
1138 1851 1308 1905 αὑτοῦ
1344 1851 1515 1921 πατρὶ
1547 1850 1684 1916 δντι,
1718 1849 1858 1906 ἀλλὰ

253 1943 621 2014 νομιζομένῳ,
658 1939 728 2014 ἦν
795 1945 1286 2016 ὑποτασσόμενος,
1341 1945 1440 1999 καὶ⁵
1483 1946 1580 2016 τῆς
1639 1945 1866 2016 Μητρὸς

252 2033 528 2105 τοσαύτην
547 2037 785 2089 ἐποιεῖτο
802 2036 890 2090 ἀεὶ
922 2036 1021 2107 τὴν
1051 2037 1333 2106 πρόνοιαν,
1362 2035 1505 2089 ὥστε
1535 2036 1660 2089 οὐδὲ
1689 2053 1861 2089 σταυ-

256 2125 524 2197 ρούμενος
555 2127 799 2198 ἠμέλησε
822 2129 1052 2198 ταύτης,
1089 2129 1222 2183 ἀλλὰ
1280 2129 1574 2200 παρεδίδου
1605 2128 1683 2200 τῷ
1717 2129 1864 2198 inta-

257 2221 494 2292 πημὲνῳ
547 2221 790 2293 μαθητῇ.
828 2223 953 2286 Πῶς
985 2222 1079 2277 οὖν
1118 2225 1146 2277 ὁ
1177 2222 1353 2276 ταῦτα
1389 2223 1610 2288 διδάξας
1640 2223 1728 2276 διὰ
1757 2222 1866 2276 τῶν

252 2317 462 2388 ἔργων,
493 2317 581 2370 ἒτε
595 2336 663 2388 ρα
685 2317 772 2371 διὰ
803 2318 912 2371 τῶν
939 2318 1118 2386 λόγων
1169 2321 1449 2389 εἰσηγοῖτο
1475 2337 1489 2386 ;
1525 2319 1668 2373 Ἀλλ’
1726 2320 1867 2390 ὅπερ

252 2411 420 2480 ἔφην,
461 2415 642 2481 μισεῖν
670 2413 818 2483 ἡμᾶς
852 2413 981 2474 τοὺς
1017 2414 1198 2479 γονεῖς
1225 2412 1560 2477 ἐντέλλεται,
1611 2413 1701 2466 ὅτε
1730 2411 1866 2475 Θεὸς

250 2502 319 2555 τὸ
366 2502 836 2573 κινδυνευόμενον.
871 2501 1008 2556 Τότε
1045 2503 1156 2576 γὰρ
1210 2504 1272 2556 ού
1324 2506 1504 2573 γονεῖς
1551 2503 1866 2572 λογίζονται

251 2595 380 2649 οὐδὲ
411 2597 623 2662 οἰκεῖοι,
650 2597 787 2666 πρὸς
811 2596 910 2666 τὴν
935 2597 1200 2667 τοιαύτην
1232 2596 1504 2666 ὠφέλειαν
1554 2599 1684 2668 ἡμῖν
1709 2597 1864 2649 ἀντι-

252 2688 569 2751 πίπτοντες.
625 2688 940 2743 Κάντεῦθεν
968 2689 1025 2742 δὲ
1079 2689 1262 2760 δῆλον,
1301 2690 1329 2743 δ
1356 2690 1613 2760 λέγομεν,
1673 2692 1738 2743 ἐκ
1767 2689 1862 2743 τοῦ

250 2783 350 2833 καὶ
384 2781 483 2852 τὴν
508 2780 705 2834 ἑαυτοῦ
756 2781 934 2853 ψυχὴν
979 2782 1332 2836 ἐντέλλεσθαι
1385 2786 1566 2852 μισεῖν
1593 2799 1605 2812 ·
1645 2784 1864 2848 πάντως

250 2875 367 2942 γὰρ
401 2875 462 2926 οὐ
494 2873 654 2927 τοῦτο
682 2873 1057 2927 διακελεύεται
1086 2875 1148 2927 τὸ
1179 2877 1412 2940 ἑαυτοὺς
1443 2875 1859 2942 ἀποκτιννύναι,

251 2984 278 3018 ε
295 2967 396 3020 λλὰ
431 2968 490 3019 τὸ
513 2969 633 3030 ταῖς
656 2967 980 3037 ἐπιθυμίαις
1003 2967 1101 3038 τῆς
1126 2967 1309 3037 ψυχῆς
1349 2970 1466 3032 ταῖς
1498 2967 1863 3040 χωριζούσαις

252 3061 406 3128 ἡμᾶς
441 3060 533 3112 τοῦ
566 3059 700 3112 Θεοῦ
735 3061 1174 3113 άποτάσσεσοαιο
1202 3060 1296 3112 καὶ
1319 3063 1366 3112 εί
1400 3063 1686 3131 πρόκειται
1719 3079 1863 3131 μαρ-

250 3152 465 3222 τύριον,
494 3152 568 3224 μὴ
588 3155 900 3223 φροντίζειν
927 3155 1026 3221 τῆς
1044 3155 1247 3226 ψυχῆς,
1272 3157 1434 3226 μόνον
1467 3156 1693 3226 κέρδους
1728 3173 1861 3225 προ-

1973 648 2090 694 tere
2131 652 2256 694 eum
2299 641 2429 694 odio
2467 639 2671 694 habere
2716 654 2824 695 non
2869 637 3044 694 solum
3083 653 3178 694 eos
3220 638 3314 710 qui
3355 647 3582 693 externa

1971 729 2352 784 familiaritate
2372 729 2548 798 juncti
2573 739 2720 795 sunt,
2742 728 2840 786 sed
2865 740 2919 784 et
2941 743 3098 783 suam
3123 729 3295 799 ipsius
3314 730 3581 785 animam.

1971 820 2109 878 \‘ide
2132 832 2316 877 autem
2359 838 2428 878 ne
2454 823 2639 878 littera
2672 815 2906 892 prorsus
2941 821 3197 893 imperite
3227 821 3304 892 (ιι)
3337 823 3583 893 ιιιιιῗρὶιιο

1969 920 2068 974 ris.
2099 916 2215 972 Non
2242 919 2387 972 enim
2426 917 2890 972 inbumanitatcm
2917 926 2974 971 et
3007 915 3390 970 crudelitatem
3422 915 3586 970 docet

1985 1011 2325 1075 misericors,
2361 1023 2538 1081 neque
2562 1010 2772 1081 sibiipsi
2801 1011 2962 1064 docet
2987 1023 3206 1062 manum
3239 1007 3464 1071 inferre.
3489 1011 3584 1062 sed

1969 1107 2255 1177 proprium
2305 1121 2465 1161 suum
2507 1105 2837 1175 discipulum
2879 1103 2998 1159 vult
3039 1114 3171 1159 tunc
3207 1103 3334 1158 odio
3377 1103 3593 1157 habere

1967 1209 2234 1267 cngnatos
2279 1213 2444 1264 suos,
2501 1197 2724 1268 quando
2770 1195 2838 1251 ad
2885 1196 3147 1266 pietatem
3196 1195 3246 1250 ei
3291 1193 3578 1249 obstaculo

1968 1301 2131 1356 sunt,
2176 1300 2229 1344 et
2265 1298 2492 1361 propter
2541 1290 3012 1345 necessitudinem
3051 1302 3081 1342 a
3116 1285 3277 1342 bOnis
3321 1287 3584 1356 operibus

1967 1386 2332 1457 prohibetur:
2366 1383 2631 1456 quoniam
2663 1383 2768 1438 nisi
2806 1383 3172 1443 obsisterent,
3207 1380 3381 1450 magis
3406 1379 3582 1434 hono-

1971 1479 2175 1533 randos
2201 1478 2363 1531 docet
2390 1493 2562 1547 nsque
2593 1477 2660 1531 ad
2691 1485 3002 1532 extremum
3034 1475 3308 1545 spiritum.
3346 1472 3415 1526 Et
3443 1487 3584 1542 quo-

1971 1572 2133 1627 modo
2177 1570 2384 1626 docet?
2443 1568 2548 1624 Per
2611 1567 2873 1637 majorem
2939 1567 3269 1631 doctrinam,
3334 1565 3586 1634 inquam,

1969 1680 2164 1732 nempe
2213 1677 2310 1735 per
2376 1678 2439 1717 ea
2505 1677 2627 1733 qum
2678 1670 2938 1732 operatus
2986 1670 3104 1724 est;
3158 1660 3276 1729 ipse
3327 1659 3476 1714 enim
3529 1668 3585 1710 et

1966 1757 2208 1828 Jnscpb,
2258 1759 2512 1828 quamvis
2553 1771 2663 1810 non
2711 1764 2855 1809 esset
2903 1754 3160 1824 proprius
3201 1765 3438 1821 parens,
3485 1751 3581 1805 sed

1973 1851 2322 1906 existimatus
2345 1888 2360 1913 ,
2394 1847 2658 1902 obediens
2699 1845 2843 1901 fuit:
2882 1854 2936 1900 et
2987 1843 3180 1900 Matris
3224 1856 3338 1896 sum
3373 1849 3579 1894 tantam

1972 1956 2191 2011 semper
2224 1940 2331 2008 egit
2378 1952 2599 2002 curam,
2645 1948 2705 1991 ut
2752 1951 2930 2006 neque
2974 1951 3098 1990 cum
3141 1933 3582 2004 crucifigeretur,

1971 2050 2091 2089 eam
2135 2032 2472 2104 negligeret,
2510 2030 2606 2086 sed
2647 2031 3055 2087 commendavit
3099 2028 3368 2098 discipulo
3416 2041 3577 2094 quem

1973 2129 2250 2196 diligebat.
2304 2127 2590 2195 Quomodo
2643 2127 2811 2195 igitur
2858 2124 2905 2178 is
2954 2121 3048 2190 qui
3102 2121 3220 2176 hzec
3266 2136 3366 2191 per
3412 2133 3570 2189 oper;

1972 2222 2180 2287 docuit,
2207 2221 2311 2274 alia
2357 2222 2706 2276 sermonibus
2738 2216 3110 2274 asseveravit?
3137 2217 3230 2280 At,
3268 2216 3412 2270 sicut
3441 2213 3578 2280 dixi,

1971 2315 2216 2386 praecipit
2255 2330 2356 2369 nos
2393 2315 2520 2369 odio
2554 2313 2758 2368 habere
2786 2321 3064 2381 parentes,
3095 2308 3314 2380 quando
3347 2309 3400 2362 itt
3431 2309 3577 2362 cultu

1973 2409 2065 2463 Dei
2091 2409 2394 2478 perit-nium
2434 2419 2539 2464 est.
2568 2407 2721 2461 Tunc
2747 2406 2893 2461 enim
2919 2419 3027 2458 non
3060 2411 3314 2475 parentes
3344 2415 3579 2456 censen-

1973 2515 2084 2568 tur,
2118 2521 2294 2574 ncque
2328 2504 2646 2569 familiares,
2689 2502 2732 2557 si
2770 2503 2822 2556 in
2856 2503 2959 2556 hoc
2988 2499 3146 2554 nobis
3179 2499 3476 2554 obsistant.
3513 2493 3578 2548 Et

1971 2594 2098 2649 hinc
2141 2593 2490 2648 manifestum
2526 2593 2669 2661 quod
2702 2592 2955 2647 dicimus.
2993 2583 3130 2643 Nam
3167 2604 3294 2644 cum
3331 2597 3576 2643 nostram

1970 2691 2206 2743 animam
2233 2689 2361 2744 odio
2389 2688 2592 2744 habere
2626 2687 2896 2756 prmcipit,
2921 2687 3146 2741 omnino
3173 2700 3278 2739 non
3307 2683 3579 2756 praecipit,

1971 2794 2028 2838 ut
2062 2785 2358 2854 nobisipsis
2399 2795 2630 2838 mortem
2667 2784 3104 2845 conseiscamus,
3145 2781 3243 2836 sed
3277 2792 3332 2834 ιιι
3371 2795 3578 2834 renun-

1971 2879 2168 2932 tietnus
2213 2878 2679 2947 concupiscentiis
2711 2877 2930 2939 anitnze,
2963 2891 3084 2946 qua:
3125 2891 3227 2930 nos
3265 2881 3522 2941 separant
3547 2885 3578 2927 a

1968 2971 2113 3038 Deo;
2146 2972 2360 3027 ct'ratnsi
2398 2970 2780 3041 perferendum
2811 2965 3156 3039 martyrium,
3201 2985 3305 3022 non
3339 2965 3578 3022 curanda

1968 3068 2190 3129 anima,
2251 3065 2510 3134 quoniam
2569 3075 2892 3132 perpetuum
2955 3062 3167 3116 lucrutn
3229 3058 3577 3131 proponitur.

1970 3158 2085 3213 llnc
2119 3159 2264 3213 enim
2301 3167 2384 3213 est
2416 3159 2562 3227 quod
2596 3173 2696 3211 nus
2722 3159 2903 3221 duret,
2941 3165 2995 3210 et
3023 3172 3130 3210 non
3167 3154 3492 3226 simpliciter
3521 3164 3579 3210 nt

251 3245 514 3314 κειμένου
548 3247 793 3300 αἰωνίου.
837 3249 959 3301 Ὀτι
983 3249 1039 3301 δὲ
1069 3249 1229 3302 τοῦτο
1271 3249 1537 3312 διδάσκει,
1572 3249 1666 3301 καὶ
1711 3249 1772 3301 οὺ
1799 3249 1860 3301 τὸ

1969 3256 2090 3330 quis
2124 3256 2363 3328 seipsun.
2395 3254 2627 3313 occidat.
2673 3251 3036 3326 Ostenditque
3063 3253 3193 3312 illud
3231 3253 3429 3313 iterum
3459 3251 3578 3328 ipse

248 3335 448 3404 ἀῖὶιῖες
497 3338 722 3407 ἑαυτοὺς
764 3341 1178 3409 ἀποκτιννύναι,
1223 3341 1465 3398 δείκνυσι
1507 3345 1668 3399 πάλιν
1697 3347 1860 3410 αὐτὸς

251 3432 317 3497 ἐξ
345 3426 418 3486 ῶν
448 3432 542 3485 τοῦ
584 3435 832 3488 διαϐόλου
869 3437 1223 3507 πειράζοντος
1250 3439 1435 3504 αὑτὸν,
1485 3436 1625 3491 ὥστε
1677 3438 1860 3507 βαλεῖν

252 3525 449 3579 ἑαυτὸν
475 3526 626 3580 κάτω
656 3529 765 3582 άπὸ
809 3529 902 3582 τοῦ
958 3530 1128 3602 ἱεροῦ,
1163 3531 1553 3602 ἀπεκρούσατο
1581 3532 1682 3600 τὴν
1739 3533 1862 3584 πεῖ-

258 3637 383 3688 ριν,
440 3623 536 3674 καὶ
566 3623 689 3676 οὐδὲ
732 3625 980 3677 ἐπεδίδου
1016 3624 1211 3678 ἑαυτὸν
1241 3626 1354 3687 τοῖς
1382 3623 1683 3688 Ἰουδαίοις,
1720 3624 1860 3678 ἀλλὰ

254 3717 354 3770 καὶ
421 3717 709 3791 ἀνεχώρει,
755 3721 852 3774 καὶ
896 3721 985 3774 διὰ
1048 3723 1218 3792 μέσου
1282 3721 1462 3775 αὐτῶν
1494 3722 1860 3792 ἀνερχόμενος

252 3812 384 3877 τοὺς
420 3816 731 3882 φωνοῦντας
765 3814 830 3888 [Ῑ.
861 3814 1168 3887 φονῶντας]
1225 3815 1629 3887 ἀπεκρύπτετο.
1669 3816 1859 3878 Ὅστις

252 3909 351 3963 οὖν
410 3909 783 3980 βλαπτόμενος
841 3912 920 3973 εἰς
983 3909 1302 3963 θεοσέϐειαν
1353 3910 1460 3962 ὑπό
1531 3927 1677 3971 τινος
1747 3908 1859 3962 τῶν

251 4003 498 4066 οἰκείων,
530 4003 748 4072 στέργει
782 4003 880 4073 τὴν
912 4003 1050 4074 πρδς
1102 4003 1297 4066 αὐτοὺς
1344 4002 1550 4071 σχέσιν,
1597 4001 1693 4056 καὶ
1724 4020 1857 4074 προ-

253 4097 549 4167 τιμοτέραν
572 4096 776 4166 ταύτην
802 4097 1036 4149 ποιεῖται
1067 4095 1164 4166 τῆς
1189 4095 1326 4165 πρὸς
1371 4095 1464 4148 τὸν
1493 4094 1626 4148 Θεὸν
1661 4095 1859 4168 εὐαρεο

1971 3371 2067 3424 per
2095 3355 2198 3408 hoc
2221 3355 2392 3422 quod,
2417 3350 2632 3408 diabolo
2658 3353 2834 3423 ipsum
2867 3362 3112 3408 tentante
3147 3362 3204 3406 ιιι
3233 3368 3293 3409 se
3319 3353 3388 3408 de
3421 3370 3578 3408 sunt-

1972 3449 2161 3501 mitate
2198 3445 2381 3514 templi
2411 3443 2694 3512 dejiceret,
2726 3445 3085 3498 tentationem
3110 3444 3309 3514 repulit
3337 3461 3351 3501 :
3383 3455 3438 3499 et
3469 3459 3575 3499 non

1969 3552 2030 3592 se
2061 3535 2266 3591 Judaeis
2300 3534 2559 3597 tradidit,
2596 3534 2692 3588 sed
2726 3533 2977 3597 secessit,
3008 3543 3174 3601 atque
3204 3548 3301 3601 per
3336 3532 3574 3586 medium

1970 3645 2159 3684 eorum
2196 3628 2506 3691 transiens,
2549 3627 2619 3680 ab
2657 3623 2765 3679 illis
2797 3640 2856 3678 se
2895 3624 3210 3680 occultavit.
3246 3624 3416 3694 Igitur
3451 3625 3574 3680 cui-

1969 3736 2188 3789 cunque
2218 3722 2501 3775 domestici
2533 3731 2587 3774 et
2620 3719 2780 3773 amici
2819 3715 3042 3772 obstant
3080 3717 3133 3771 in
3167 3718 3368 3786 pietate
3389 3759 3405 3784 ,
3441 3728 3496 3772 et
3528 3719 3574 3772 is

1971 3815 2183 3870 illorum
2225 3811 2656 3869 familiaritatem
2691 3813 2820 3877 Deo,
2852 3812 2938 3865 cui
2972 3811 3187 3880 placere
3219 3812 3400 3878 debet,
3433 3828 3572 3881 prato

1969 3909 2105 3975 fert,
2155 3906 2239 3963 vel
2291 3908 2457 3964 etiam
2507 3919 2734 3978 propter
2785 3921 3030 3960 amorem
3083 3907 3205 3960 vita:
3254 3907 3578 3963 imminente

1971 4003 2236 4073 martyrio
2272 3999 2454 4057 deficit
2487 4009 2542 4056 et
2569 4013 2755 4071 negat,
2792 4001 2883 4055 ille
2916 4016 3022 4056 non
3055 4009 3233 4070 potest
3259 4015 3384 4058 esse
3414 4003 3579 4059 disci-

1969 4096 2129 4168 pulus
2153 4093 2380 4151 Christi.

258 4190 529 4260 στήσεως,
577 4188 658 4240 ἔτι
689 4205 748 4241 τε
791 4187 887 4242 καὶ
919 4186 1007 4240 διὰ
1035 4187 1130 4241 τοῦ
1182 4185 1470 4256 φιλοζωεῖν
1503 4188 1763 4254 πολλάκις
1789 4191 1882 4245 καὶ
1937 4190 2243 4264 μαρτυρίου
2286 4190 2650 4261 προκειμένου
2701 4191 2781 4254 είς
2815 4187 3046 4262 ἄρνησιν
3077 4192 3572 4267 ὲκτραχηλίζεται,

254 4279 413 4346 οὗτος
454 4282 516 4335 οὐ
580 4282 805 4335 δύναται
851 4279 1090 4351 Χριστοῦ
1143 4276 1282 4334 εἶναι
1341 4282 1614 4352 μαθητής.

342 4395 360 4429 t
399 4376 494 4441 Τίς
526 4377 634 4446 γάρ
671 4373 732 4437 ἐξ
777 4373 930 4446 ὑμῶν
982 4372 1153 4426 θέλων
1207 4373 1418 4446 πύργον
1470 4374 1856 4445 οἰκοδομῆσαι,

2043 4374 2208 4433 Vens.
2241 4376 2428 4432 28-50.
2461 4393 2480 4428 ι
2517 4375 2651 4443 Quis
2678 4379 2822 4430 enim
2856 4391 2920 4431 ex
2954 4380 3129 4446 vobis,
3160 4379 3251 4449 qui
3286 4380 3415 4436 velit
3453 4392 3573 4438 tur-

253 4470 378 4541 ούχὶ
408 4466 624 4540 πρῶτον
651 4464 879 4528 καθίσας
909 4464 1137 4534 ψηφίζει
1163 4464 1260 4536 τὴν
1284 4465 1555 4536 δαπάνην,
1581 4469 1629 4519 εί
1652 4466 1765 4537 ἔχει
1789 4468 1857 4521 τὰ

1969 4473 2068 4526 rim
2100 4470 2392 4535 aedificare,
2420 4469 2548 4540 quin
2579 4471 2731 4540 prius
2759 4471 2959 4526 sedens
2982 4482 3261 4542 computet
3291 4487 3569 4544 sumplus,

255 4566 338 4627 είς
365 4561 715 4633 ἀπαρτισμὸν
735 4601 749 4621 ,
789 4560 873 4612 ἵνα
901 4563 1152 4630 μήπωτε,
1175 4559 1359 4623 θέντος
1385 4561 1554 4614 αὑτοῦ
1588 4560 1858 4632 θεμέλιον,

256 4659 354 4712 καὶ
382 4657 459 4728 μὴ
497 4658 775 4726 ἰσχύοντος
825 4655 1132 4715 ἐκτελέσαι,
1171 4654 1374 4718 πάντες
1428 4657 1478 4708 οῖ
1525 4655 1861 4726 θεωροῦντες

255 4752 530 4820 ἄρξωνται
566 4748 859 4819 ἐμπαίζειν
884 4748 1034 4818 αὐτῷ
1069 4748 1345 4816 λέγοντες,
1382 4749 1486 4813 ὅτι,
1510 4742 1682 4812 Οὗτος
1715 4751 1741 4802 ὁ
1768 4750 1862 4803 ἇν-

257 4847 480 4916 θρωπος
513 4844 718 4913 ἧρξατο
744 4843 1070 4912 οἰκοδομεῖν,
1127 4843 1223 4895 καὶ
1255 4843 1356 4896 οὐκ
1385 4843 1606 4913 ἴσχυσεν
1637 4843 1860 4895 ἐκτελέ-

259 4957 352 4992 σαι
379 4957 394 5004 ;
427 4957 445 4989 ›
474 4941 569 4990 Διὰ
595 4938 695 5006 τῆς
727 4935 822 4988 τοῦ
850 4935 1060 5006 πύργου
1094 4936 1410 5008 παραδολῆς
1435 4937 1682 4990 διδάσκει
1713 4939 1861 5006 ἡμᾶς

256 5035 286 5086 ὂ
329 5031 532 5100 Κύριος
556 5029 704 5095 ἆπαξ
743 5028 1058 5081 ἀκολουθεῖν
1088 5029 1237 5098 αὐτῷ
1270 5029 1584 5100 ἑλομένους,
1620 5031 1856 5099 φυλάξαι

254 5124 356 5193 τὴν
389 5122 559 5192 αὐτὴν
610 5124 957 5192 προαίρεσιν,
1003 5123 1099 5173 καὶ
1151 5125 1224 5191 μὴ
1259 5122 1512 5192 θεμέλιον
1554 5123 1654 5191 μὲν
1685 5140 1857 5175 κατα-

255 5213 516 5266 ϐαλέσθαι
540 5255 554 5276 ,
594 5213 713 5282 ἦτοι
759 5211 934 5283 ἀρχὴν
965 5212 1403 5282 ἁκολουθήσεως,
1436 5209 1556 5267 εἶτα
1591 5214 1741 5276 τέλος
1781 5214 1858 5284 μὴ

257 5305 545 5365 ἐπιθεῖναι,
578 5305 654 5367 ῶς
685 5305 760 5375 μὴ
790 5303 1010 5373 ἔχοντας
1041 5304 1320 5372 ἀρκοῦσαν
1345 5306 1444 5375 τὴν
1495 5307 1857 5377 παρασκευὴν

254 5397 356 5466 τῆς
385 5398 716 5469 προθυμίας.
748 5397 990 5451 Τοιοῦτοι
1011 5394 1153 5468 ἦσαν
1181 5401 1402 5462 ἐκεῖνοι,
1424 5401 1554 5470 περὶ
1574 5392 1648 5452 ὧν
1676 5394 1859 5454 Ἰωάν-

257 5508 358 5560 νης
387 5494 415 5544 ὁ
439 5493 835 5562 εὐαγγελιστὴς
856 5491 982 5563 ἔφη·
1020 5492 1215 5544 Πολλοὶ
1245 5489 1338 5546 οὖν
1367 5496 1432 5545 ὲκ
1458 5493 1566 5546 τῶν
1593 5494 1853 5564 μαθητῶν

257 5587 424 5641 αὐτοῦ
451 5587 696 5658 ἀπῆλθον
729 5589 809 5650 εἰς
845 5588 912 5639 τά
943 5588 1144 5640 ὀπίσω.
1177 5588 1288 5641 Καὶ
1316 5589 1424 5649 πᾶς
1454 5587 1511 5640 δὲ
1558 5588 1848 5659 ἄνθρωπος

329 5768 374 5800 ⁶⁹
397 5768 564 5826 Joan.
592 5785 705 5832 th,
741 5769 833 5824 '52.

325 5929 401 6004 (α)
429 5928 532 5986 Ed.
565 5930 687 5986 Lnt.
735 5944 836 5985 non
871 5927 1058 5993 habet,
1086 5944 1304 5996 promtu
1335 5928 1595 5999 imperite.

1964 4583 2032 4619 an
2063 4566 2262 4620 habeat
2289 4565 2488 4634 quibus
2513 4575 2755 4632 Opus.est
2781 4565 2844 4616 ad
2875 4565 3265 4633 perliciendum
3285 4566 3308 4619 ?
3331 4583 3399 4623 ne
3421 4581 3571 4635 post-

1960 4673 2122 4727 qnam
2148 4656 2394 4727 posuerit
2422 4655 2864 4724 fundamentum,
2891 4673 2990 4712 nec
3013 4661 3251 4727 potuerit
3278 4661 3568 4728 perficere,

1960 4767 2152 4805 omnes
2205 4751 2297 4818 qui
2335 4749 2572 4804 viderint
2609 4750 2875 4821 incipiant
2912 4751 3140 4806 illutlere
3170 4753 3243 4817 ei,
3283 4755 3565 4809 dicentes:

1963 4839 2062 4894 llic
2086 4842 2247 4894 homo
2271 4843 2436 4909 cthit
2459 4840 2752 4907 ardilicare,
2782 4857 2880 4895 nec
2903 4844 3076 4910 potuit
3100 4859 3418 4899 consumma
3431 4863 3509 4901 rc.
3543 4864 3562 4896 ι

1959 4930 2064 4986 Per
2097 4933 2414 5001 parabolam
2457 4934 2628 4987 turris
2661 4934 2822 4988 docet
2852 4951 2952 4990 nos
2995 4935 3256 4992 Dominus
3293 4949 3353 4992 ut
3385 4938 3436 4992 lti
3475 4939 3567 5009 qui

1959 5027 2125 5081 semel
2169 5027 2472 5097 delegerint
2508 5042 2633 5081 eum
2670 5029 2863 5096 sequi,
2897 5030 3039 5083 idem
3075 5034 3411 5102 propositum
3445 5049 3564 5088 scr-

1959 5129 2088 5172 vent
2116 5135 2128 5171 :
2166 5134 2266 5172 nec
2297 5118 2470 5172 solum
2500 5118 2708 5188 jaciant
2743 5119 3183 5186 fundamentum,
3219 5124 3320 5176 hoc
3351 5134 3455 5187 est,
3498 5140 3566 5178 ne

1959 5211 2223 5278 incipiant
2263 5221 2474 5264 tantum
2507 5213 2684 5279 sequi,
2718 5223 2774 5266 et
2806 5224 2991 5282 postea
3039 5214 3199 5268 finem
3243 5229 3349 5269 non
3392 5215 3567 5284 impoo

1959 5319 2127 5372 nant,
2165 5316 2222 5360 ιιι
2264 5307 2316 5360 hi
2341 5308 2432 5374 qui
2469 5322 2572 5361 nOn
2613 5307 2816 5361 habent
2855 5308 3212 5363 sufﬁcientem
3263 5311 3566 5366 alacritatis

1961 5401 2437 5468 praeparationem.
2471 5397 2632 5454 Tales
2665 5399 2884 5454 fuerunt
2919 5403 2970 5455 bi
2999 5403 3063 5456 de
3095 5402 3293 5472 quibus
3324 5419 3561 5474 evange-

1963 5495 2087 5547 lista
2119 5493 2280 5566 ἀοι
2313 5492 2556 5549 Joannes
2587 5494 2716 5549 dicit
2750 5510 2768 5549 :
2801 5495 2948 5549 Multi
2985 5496 3149 5564 igitur
3177 5510 3244 5550 ex
3280 5497 3564 5566 discipulis

1962 5591 2077 5648 eius
2111 5594 2363 5645 abierunt
2394 5599 2692 5644 retrorsum
2725 5590 2793 5644 ".
2831 5589 2895 5644 Et
2924 5589 3100 5644 omnis
3135 5592 3297 5646 homo
3333 5591 3426 5663 qui
3453 5593 3566 5647 vir-
