4110 6332
591 330 693 390 917

1438 333 2017 400 THEOPIIYLACTI
2060 338 2474 400 BULGARL‘E
2512 338 2871 398 ARCHIEP.

3731 331 3837 394 9-13

541 443 760 522 ‘donec
831 442 1069 496 inveniat
1148 445 1313 499 eam?
1382 456 1436 501 et
1504 459 1626 502 ctnn
1688 449 1956 504 invenerit
2019 466 2137 505 eam

2279 449 2382 512 ἕως
2433 449 2567 520 εὕρῃ
2619 449 2751 502 αὐτό
2783 465 2796 478 °
2864 449 2958 501 καὶ
3013 448 3191 517 εὑρὼν
3234 446 3543 515 ἐπιτίθησιν
3591 444 3687 498 ἐπὶ
3739 443 3862 498 τοὺς

591 535 814 604 imponit
862 535 912 587 in
975 535 1228 592 humeros
1300 553 1425 592 suos
1488 541 1760 608 gaudens,
1835 542 2166 613 veniensque

589 630 828 692 domum,
867 638 1133 683 convocat
1169 629 1373 685 amicos
1419 641 1474 686 et
1542 632 1772 698 vicinos,
1803 633 1990 689 dicens
2021 634 2163 689 illis:

587 719 830 775 Gaudete
885 736 1130 787 mecum,
1193 724 1317 790 quia
1371 723 1548 778 inveni
1615 739 1770 780 ovem
1823 741 1996 779 meam
2046 741 2166 795 quae

584 810 843 876 perierat.
905 810 1036 866 Dico
1103 813 1277 874 vobis,
1331 816 1472 886 quod
1517 817 1588 870 ita
1642 816 1894 884 gaudium
1946 817 2051 871 erit
2109 817 2161 870 in

581 904 720 958 cmlo
793 918 954 973 super
1014 919 1120 958 uno
1185 918 1474 977 peccatore
1539 909 1912 978 resipiscente,
1993 908 2164 977 magis

580 1012 744 1064 quant
804 1012 964 1064 super
1001 999 1288 1067 nonaginta
1324 1014 1513 1054 novem
1565 1000 1752 1071 jnstis,
1797 1001 1886 1068 qui
1919 1015 2022 1054 non
2081 1000 2164 1054 in-

583 1087 1139 1157 digeutpmnitentia.
1195 1091 1304 1147 Aut
1367 1107 1485 1158 quae
1539 1093 1730 1146 mulier
1782 1094 1986 1152 habens
2035 1094 2162 1147 dra-

581 1184 772 1234 rlnnas
807 1180 1013 1242 decem.
1048 1181 1091 1235 si
1117 1181 1414 1250 perdiderit
1441 1183 1752 1236 drachmam
1778 1199 1960 1254 unam,
1988 1198 2164 1242 nonne

580 1272 828 1326 accendit
872 1273 1171 1338 lucernam,
1220 1283 1274 1327 et
1332 1274 1502 1328 verrit
1567 1274 1806 1341 domum,
1865 1276 2163 1345 quaritqne

579 1364 864 1434 diligenter
885 1365 1055 1420 donec
1104 1366 1386 1431 inveniat?
1415 1379 1466 1421 et
1515 1384 1634 1421 cmn
1687 1369 1912 1433 invenit,
1967 1384 2164 1424 convo-

577 1466 666 1509 cat
704 1457 906 1511 amicas
959 1472 1023 1513 ac
1073 1459 1574 1523 vicinas,diccns:
1637 1460 1878 1515 Gaudete
1928 1475 2160 1526 mecum,

576 1549 700 1616 quia
736 1549 913 1603 inveni
968 1551 1277 1604 drachmam
1303 1566 1463 1620 quam
1516 1551 1882 1621 perdideram.
1920 1552 1996 1607 Ita
2039 1554 2163 1607 dico

579 1639 752 1705 vobis,
785 1641 1036 1708 gaudium
1070 1642 1172 1696 erit
1218 1657 1401 1697 coram
1454 1644 1661 1712 angelis
1718 1643 1807 1699 Dei
1833 1659 1996 1714 super
2056 1660 2161 1698 uno

579 1744 861 1801 peccatore
925 1735 1292 1805 resipisccnte.
1325 1754 1344 1788 ι
1419 1736 1679 1791 Daminns
1749 1737 1964 1806 quidem
2033 1735 2159 1790 illud

579 1825 831 1891 faciebat,
868 1827 1022 1895 cujus
1073 1829 1244 1896 gratia
1303 1830 1619 1884 incarnatus
1663 1838 1767 1894 est,
1800 1829 2064 1882 accedens
2091 1827 2154 1880 ad

2266 1826 2590 1897 ἐσαρκὼθη,
2653 1828 3012 1898 προσιέμενος

577 1917 894 1985 publicanos
919 1928 975 1974 et
1001 1931 1338 1991 peccatores,
1375 1932 1632 1989 tanquam
1670 1920 1915 1974 medicus
1957 1917 2024 1972 ad
2075 1919 2158 1972 in-

578 2009 783 2065 lirmos.
818 2011 917 2078 Qui
955 2021 1135 2078 autem
1177 2027 1362 2074 revera
1409 2022 1729 2081 peccatores
1781 2021 1940 2067 erant
1971 2010 2162 2065 Phari-

575 2102 1268 2164 stei,obmurmurationcm
1313 2115 1475 2162 tanta:
1528 2104 1850 2162 humanitati
1904 2104 2162 2175 repende-

577 2198 724 2250 battt.
778 2197 1184 2253 Abominabiles
1237 2198 1381 2252 enim
1452 2197 1750 2254 εθιιειιὺςιηι
1818 2197 2158 2268 publicanos,

576 2288 674 2356 ipsi
709 2301 887 2344 autem
926 2292 1112 2344 domos
1136 2290 1419 2343 viduarum
1451 2298 1503 2344 et
1543 2290 1917 2353 orpltauorutn
1977 2304 2162 2343 come-

577 2380 794 2435 debant.
861 2381 1000 2448 Quid
1045 2381 1206 2450 igitur
1254 2381 1551 2436 Dominus?
1619 2379 1771 2435 Sicut
1848 2379 2158 2436 misericors

573 2481 692 2526 erat
718 2487 843 2543 erga
866 2472 1199 2542 publicanos,
1246 2474 1321 2526 ita
1370 2481 1424 2526 et
1476 2486 1602 2541 erga
1654 2471 1796 2537 illos,
1850 2473 1941 2543 qui
2000 2487 2153 2527 suam

571 2564 1048 2619 calumniabantur
1083 2564 1532 2619 misericordiam.
1573 2563 1692 2618 Non
1743 2562 1888 2619 enim
1935 2578 2154 2619 aversa-

574 2663 664 2710 tur
708 2670 803 2710 eos
857 2663 1110 2728 tauquam
1174 2655 1500 2711 insanabiles
1550 2665 1604 2712 et
1652 2657 2153 2721 obmurmurantes,

573 2746 670 2802 sed
716 2757 1001 2803 mansuete
1058 2758 1234 2814 sanat,
1299 2747 1608 2817 parabolatn
1660 2748 1800 2808 hanc
1851 2748 1918 2802 de
1965 2748 2157 2804 ovibus

571 2837 804 2894 dicens:
841 2849 897 2894 et
949 2840 1018 2895 de
1059 2838 1360 2894 manifestis
1394 2852 1450 2895 et
1502 2841 1669 2895 certis
1716 2841 1795 2896 eis
1845 2841 2152 2909 persuadet,

570 2939 624 2982 et
653 2928 899 2984 confulat
942 2930 1034 2997 ita,
1087 2946 1155 2988 ne
1200 2945 1345 3001 agre
1393 2932 1570 2986 ferant
1629 2940 1832 2986 tantam
1896 2931 2152 2986 bonitatis

571 3019 915 3079 t-ﬂ’usionem.
942 3019 1076 3075 Nam
1106 3022 1150 3077 si
1177 3021 1233 3077 in
1265 3037 1367 3077 ove
1404 3038 1510 3076 una
1569 3020 1893 3084 irrationali.
1923 3037 2040 3092 qua:
2081 3021 2148 3076 ad

572 3113 859 3183 imaginem
894 3113 986 3169 Dei
1016 3128 1121 3168 non
1153 3113 1421 3181 estfacta,
1456 3115 1500 3169 si
1536 3130 1660 3170 cum
1705 3115 1989 3180 erraverit,
2033 3114 2149 3169 fue-
2174 3149 2220 3212 C

570 3202 640 3255 rit
670 3204 903 3265 iuventa
934 3202 1187 3274 gaudium
1217 3203 1275 3258 fit
1303 3211 1508 3258 tantum
1535 3213 1830 3273 :quantum
1853 3204 2148 3258 verisimile

568 3300 652 3348 est
691 3292 804 3349 ﬁeri
832 3295 884 3347 iu
916 3294 1132 3350 homine
1160 3294 1403 3356 rationali
1431 3294 1500 3349 ad
1541 3294 1831 3365 imaginem
1880 3294 1972 3349 Dei
2019 3310 2152 3350 con-

569 3386 724 3441 dito?
752 3385 1033 3442 Manifeste
1058 3388 1220 3457 igitur
1248 3387 1499 3455 parabola
1524 3388 1638 3442 haec
1676 3386 1856 3454 justos
1879 3387 2011 3442 dicit
2056 3403 2152 3456 per

567 3495 696 3536 oves
739 3480 1030 3553 nonaginta
1073 3495 1308 3546 novem;
1343 3488 1397 3545 et
1429 3496 1526 3551 per
1574 3495 1755 3544 unam,
1809 3490 2146 3551 peccatorem

572 3572 663 3640 qui
696 3574 951 3641 perierat.
988 3572 1179 3626 Dicunt
1219 3582 1401 3626 autem
1455 3573 1695 3630 nonnulli
1748 3583 1963 3628 centum
2022 3585 2150 3626 oves

566 3679 784 3718 omnem
811 3674 1118 3718 creaturam
1149 3665 1461 3720 rationalem
1490 3681 1504 3719 :
1534 3680 1696 3720 unam
1746 3675 1926 3720 autem
1969 3679 2146 3728 ovem,

570 3756 852 3810 rati0nalis
883 3765 1091 3812 natura:
1125 3756 1421 3823 hominem,
1447 3772 1609 3824 quam
1639 3766 1908 3811 errantem
1964 3757 2149 3825 requi—

570 3848 695 3902 sivit
729 3848 918 3902 Pastor
953 3852 1154 3921 bonus,
1178 3848 1381 3903 relictis
1413 3849 1706 3919 nonaginta
1757 3862 1948 3903 novem
1981 3849 2032 3901 in
2060 3863 2150 3903 so-

571 3939 819 4006 litudine,
853 3940 956 3996 hoc
983 3951 1086 4008 est,
1124 3946 1174 3995 in
1199 3954 1436 4008 superno
1468 3941 1586 3996 loco
1625 3940 1852 3996 ctelesti.
1902 3940 2150 3996 Solitudo

569 4033 711 4086 enim
739 4042 824 4086 est
853 4037 1070 4100 coelum,
1104 4047 1133 4086 a
1159 4035 1432 4087 mundano
1467 4033 1694 4087 tumultu
1719 4041 2147 4104 sequestratum,

570 4134 624 4178 et
663 4125 878 4194 plenum
925 4131 1069 4188 omni
1119 4126 1510 4195 tranquillitate
1558 4139 1624 4179 ac
1677 4140 1827 4194 pace.
1891 4126 2148 4180 Dominus

573 4233 701 4270 vero
731 4226 786 4271 ut
825 4218 1028 4271 invenit
1066 4218 1214 4270 illam
1262 4232 1381 4287 qua
1432 4225 1729 4280 erraverat,
1782 4219 2037 4286 imposuit
2096 4220 2146 4270 in

573 4313 848 4368 ltttmeros.
881 4311 1232 4366 infirmitates
1262 4311 1404 4364 enim
1436 4319 1652 4364 nostras
1678 4317 1732 4364 et
1767 4317 1986 4377 peccata
2018 4323 2146 4363 nos-

572 4417 650 4456 tra
684 4402 849 4475 404
873 4404 982 4472 ipse
1007 4406 1257 4474 portavit,
1296 4413 1345 4457 et
1379 4403 1557 4456 omnia
1591 4417 1756 4456 onera
1806 4412 1989 4458 nostra
2041 4416 2145 4454 non

569 4501 830 4565 gravatim
879 4497 991 4566 ipse
1061 4498 1321 4564 suscepit,
1378 4496 1665 4566 persolutis
1730 4496 1979 4550 omnibus
2025 4510 2144 4564 quae

567 4589 917 4654 debebamus,
946 4596 1001 4641 et
1039 4604 1135 4641 nos
1175 4599 1365 4657 sponte
1393 4604 1455 4640 ac
1498 4588 1726 4642 libenter
1766 4587 1997 4656 portavit
2051 4603 2145 4641 ns—

571 4697 676 4744 que
715 4681 765 4733 in
797 4683 1016 4737 domum
1045 4697 1221 4742 suam,
1257 4682 1356 4734 ltoc
1387 4689 1488 4744 est,
1531 4681 1584 4734 itt
1628 4683 1847 4735 malum.
1871 4683 2146 4737 Convocat

572 4772 775 4824 amicos
802 4782 854 4824 et
887 4772 1112 4832 vicinos,
1165 4771 1411 4826 fortassis
1460 4773 1700 4841 angelos,
1733 4789 1867 4841 quos
1915 4784 1968 4827 ct
2020 4791 2146 4831 oves

567 4865 804 4918 diximus
835 4879 954 4923 esse
984 4864 1134 4933 juxta
1169 4864 1327 4917 aliam
1362 4865 1595 4923 etaliatn
1643 4865 1984 4920 relationem.
2015 4865 2144 4926 Nam

569 4958 864 5012 secundum
897 4960 1036 5026 quod
1085 4958 1262 5012 onmis
1301 4966 1549 5012 creatura
1598 4960 1814 5012 condita
1861 4961 1924 5013 ad
1979 4963 2143 5015 Deum

567 5050 862 5114 confertur,
900 5052 1122 5118 pecuina
1151 5061 1231 5106 cst
1264 5063 1317 5106 ct
1370 5052 1545 5117 bruta,
1596 5064 1648 5107 et
1696 5055 1992 5108 secundum
2045 5056 2146 5109 lroc

565 5140 916 5209 dicuntur(a)
943 5142 1102 5201 etiam
1126 5157 1368 5209 supernae
1391 5144 1614 5198 virtutes
1635 5159 1791 5209 oves;
1820 5144 1867 5196 in
1885 5157 2145 5214 quantum

569 5243 696 5281 vero
731 5228 1044 5293 rationales.
1081 5232 1130 5284 id
1183 5243 1268 5290 est
1316 5235 1729 5299 intellectuales,
1777 5248 1830 5289 et
1883 5249 2149 5308 quatenus

570 5321 690 5372 aliis
774 5339 1042 5378 creatais
1120 5326 1404 5381 viciniores
1473 5329 1754 5393 videntur,
1839 5331 2139 5385 sccnnlntn

570 5411 669 5466 lIoc
697 5412 855 5466 amici
899 5424 952 5468 et
1003 5416 1161 5470 vitini
1226 5418 1446 5489 intelligi
1505 5432 1728 5489 possunt
1781 5423 2141 5491 angelicat'um

2272 541 2455 612 ὤμους
2488 540 2655 594 αὐτοῦ
2689 542 2929 612 χαίρων.
2965 542 3056 594 καὶ
3088 539 3259 594 ἐλθὼν
3285 542 3365 604 εἰς
3397 540 3486 593 τὸν
3518 533 3668 591 οἷκον
3696 535 3858 590 αὐτοῦ

2272 635 2530 700 συγκαλεῖ
2552 634 2678 696 τοὺς
2703 634 2888 702 φίλους
2919 635 3011 686 καὶ
3035 635 3161 696 τοὺς
3183 633 3430 701 γείτονας
3456 632 3631 698 λέγων
3651 629 3854 690 αὐτοις·

2272 724 2595 796 Συγχὰρητέ
2630 743 2741 796 μοι,
2776 726 2858 779 ὅτι
2888 719 3046 797 εὖρον
3077 725 3137 778 τὸ
3171 724 3445 794 πρόϐατόν
3489 740 3592 792 μου
3623 721 3684 773 τὸ
3719 720 3855 774 ἀπο·

2267 819 2472 886 λωλόςς
2528 803 2687 890 Λέγω
2724 821 2884 888 ὑμῖν,
2926 822 3008 873 ὅτι
3043 819 3189 874 οὕτω
3223 818 3369 890 χαρὰ
3408 820 3466 871 ἐν
3510 817 3590 886 τῷ
3640 813 3856 887 οὐρανῷ

2269 911 2423 976 ἔσται
2456 915 2548 966 ἐπὶ
2577 914 2659 967 ἑνὶ
2684 911 2996 982 ἁμαρτωλῷ
3026 911 3416 983 μετανοοῦντι,
3443 911 3475 980 ἢ
3508 911 3604 964 ἐπὶ
3639 910 3856 972 ivven-

2267 1002 2591 1055 κοντιεννέα
2619 1002 2872 1067 δικαίοις,
2910 1004 3108 1066 οἵτινες
3141 1004 3202 1055 οὐ
3235 1001 3424 1071 χρείαν
3460 1001 3656 1071 ἔχουσι’
3687 1016 3857 1068 μετα-

2267 1093 2432 1156 νοίας.
2473 1095 2544 1146 Ἢ
2575 1094 2660 1157 τίς
2691 1097 2828 1163 γυνὴ
2870 1094 3120 1165 δραχμὰς
3147 1093 3344 1163 ἔχουσα
3381 1093 3516 1147 δέκα
3537 1135 3551 1159 ,
3585 1092 3683 1144 ἐὰν
3720 1091 3854 1144 ἀποο

2266 1187 2400 1258 λέσῃ
2429 1185 2677 1257 δραχμὴν
2723 1186 2886 1256 μίαν,
2934 1187 3053 1254 οὐχὶ
3085 1185 3248 1239 ἅπτει
3295 1185 3519 1255 λύχνον,
3563 1184 3659 1237 καὶ
3705 1185 3862 1252 σαροῖ

2267 1276 2366 1343 τὴν
2397 1277 2610 1341 οἰκίαν,
2642 1277 2734 1329 καὶ
2763 1277 2914 1345 ζητεῖ
2947 1277 3254 1346 ἐπιμελῶς,
3284 1277 3388 1340 ἕως
3412 1278 3537 1330 ὅτου
3569 1274 3738 1345 εὕρῃ,
3769 1274 3863 1327 καὶ

2265 1368 2534 1438 εὑροῦσα.
2589 1370 2852 1437 συγκαλεί
2882 1371 2983 1433 τὰς
3016 1371 3176 1438 φίλας
3215 1371 3310 1422 καὶ
3341 1371 3441 1432 τὰς
3477 1353 3744 1438 γείτονας
3777 1367 3862 1420 λέν

2265 1477 2478 1528 γουσα·
2528 1461 2852 1531 Συγχάρητέ
2895 1478 3020 1530 μοι,
3072 1463 3154 1515 ὅτι
3205 1454 3365 1531 εὗρον
3421 1461 3522 1530 τὴν
3565 1459 3857 1530 δραχμὴν,

2264 1555 2332 1625 ἣν
2364 1552 2656 1618 (ambissit;
2700 1553 2856 1608 Οὕτω
2901 1554 3045 1624 λέγω
3086 1555 3235 1626 ὑμῖν,
3270 1554 3418 1625 χαρά
3473 1554 3681 1621 γίνεται
3724 1549 3860 1605 ἑνώ-

2267 1662 2391 1697 πιον
2422 1643 2530 1698 τῶν
2554 1645 2806 1713 ἀγγέλων
2833 1644 2926 1698 τοῦ
2954 1644 3090 1698 Θεοῦ
3115 1646 3207 1698 ἐπὶ
3230 1646 3311 1699 ἑνὶ
3337 1643 3652 1715 ἀμαρτωλῷ
3691 1659 3860 1713 μετα-

2265 1736 2492 1791 νοοῦντι.
2538 1735 2599 1790 Ὀ
2633 1735 2734 1806 μὲν
2764 1735 2966 1807 Κύριος
2995 1738 3171 1790 ἐκεῖνο
3226 1737 3404 1790 ἐποίει
3435 1729 3498 1789 οὗ
3529 1735 3720 1789 ἕνεκεν
3762 1735 3859 1788 καὶ

3104 1829 3230 1892 τοὺς
3291 1827 3534 1889 τελώνας
3589 1827 3684 1880 καὶ
3730 1827 3861 1889 τοὺς

2267 1919 2661 1990 ἁμαρτωλοὺς,
2715 1919 2790 1981 ὡς
2845 1919 3030 1988 ἰατρὸς
3083 1920 3211 1983 τοὺς
3261 1919 3664 1983 ἀσθενοῦνταςο
3714 1920 3764 1971 oi
3803 1918 3860 1970 δὲ

2261 2013 2579 2084 ἁμαρτωλοὶ
2611 2012 2691 2082 τῷ
2722 2013 2838 2066 δντι
2871 2015 3158 2084 Φαρισαῖοι
3199 2011 3500 2083 γογγυσμῷ
3529 2011 3630 2084 τὴν
3666 2011 3862 2079 φιλονι-

2263 2106 2512 2179 θρωπίαν
2554 2105 2760 2175 ταύτην
2795 2106 3090 2177 ἠμείϐοντο
3113 2124 3127 2138 ο
3179 2106 3502 2177 βδελυκτοὺς
3546 2105 3656 2175 γὰρ
3689 2101 3858 2174 ἡγού-

2245 2217 2418 2275 μενοι
2446 2200 2574 2263 τοὺς
2601 2198 2862 2262 τελώνας,
2894 2200 3050 2252 αὐτοὶ
3079 2200 3178 2261 τὰς
3202 2200 3379 2262 οἰκίας
3409 2198 3520 2252 τῶν
3544 2197 3733 2268 χηρῶν
3758 2197 3856 2249 καὶ

2260 2292 2368 2344 τῶν
2400 2290 2653 2360 ὀρφανῶν
2697 2289 3013 2359 κατήσθιον.
3051 2290 3117 2343 Τί
3158 2289 3250 2351 οῦν
3285 2293 3313 2343 ό
3354 2288 3592 2361 Κύριος;
3637 2289 3856 2356 Ὠσπερ

2262 2383 2398 2454 πρὸς
2431 2384 2558 2446 τοὺς
2607 2382 2846 2445 τελώνας
2884 2380 3431 2453 ἐφιλανθρωπεύετο,
3462 2379 3609 2437 οὕτω
3649 2380 3715 2450 δὴ
3759 2378 3855 2431 καὶ

2259 2475 2397 2544 πρὸς
2429 2473 2654 2538 τούτους
2693 2475 2892 2538 αὐτοὺς
2921 2476 3046 2538 τοὺς
3071 2474 3170 2542 τὴν
3197 2471 3614 2544 φιλανθρωπίαν
3647 2471 3854 2541 ταύτην

2257 2567 2677 2631 διαϐάλλοντας·
2731 2567 2792 2619 ού
2856 2568 2965 2636 γὰρ
3029 2565 3436 2636 ἀποστρέφεται
3493 2563 3719 2626 τούτους
3776 2563 3855 2624 ὡς

2257 2662 2508 2720 ἀνιάτους
2537 2659 2615 2729 (5i
2651 2658 2742 2713 καὶ
2772 2659 3104 2728 γογγυατάς,
3133 2659 3273 2713 ἀλλά
3304 2657 3526 2729 πραέως
3553 2653 3852 2727 θεραπεύει

2258 2750 2573 2823 παραϐολὴν
2623 2752 2809 2813 αὐτοῖς
2856 2751 3032 2820 λέγων
3087 2752 3187 2818 τὴν
3233 2747 3342 2804 τῶν
3386 2748 3713 2820 προϐάτων,
3756 2745 3852 2800 καὶ

2255 2844 2366 2900 ἀπὸ
2405 2843 2513 2897 τῶν
2557 2842 2813 2914 ἐναργῶν
2848 2844 2942 2896 καὶ
2971 2842 3222 2914 φανερῶν
3256 2841 3462 2895 πείθων
3492 2839 3722 2906 αὐτοὺς,
3755 2840 3852 2894 καὶ.

2256 2937 2628 3006 ἐπιστομίζων
2676 2936 2752 3007 μὴ
2785 2935 3163 3006 δυσχεραίνειν
3207 2936 3299 2989 ἐπὶ
3345 2934 3425 3006 τῷ
3457 2933 3702 3004 τοσούτῳ
3746 2934 3848 3003 τῆς

2256 3031 2592 3101 ἀγαθότητος
2611 3029 2841 3099 χύματι.
2870 3030 3066 3086 Καίτοι
3081 3030 3128 3082 εί
3145 3030 3238 3082 ἐπὶ
3261 3028 3521 3101 προϐάτῳ
3540 3028 3621 3080 ἑνὶ
3645 3026 3845 3095 ἀλόγῳ,

2254 3125 2349 3176 καὶ
2387 3122 2462 3194 μὴ
2492 3122 2616 3175 κατ’
2646 3121 2833 3175 εἰκόνα
2873 3120 3008 3174 Θεοῦ
3049 3119 3402 3190 γεγενημένῳ
3432 3117 3669 3186 τοσαύτη
3703 3117 3850 3186 χαρά

2253 3216 2464 3285 γίνεται
2495 3213 2776 3283 εὑρεθέντι
2810 3213 2951 3283 μετά
2981 3212 3040 3267 τὸ
3075 3211 3444 3282 πλανηθῆναι,
3476 3210 3653 3279 πόσην
3698 3208 3847 3274 εἰκὸς

2255 3306 2504 3376 γίνεσθαι
2535 3308 2628 3359 ἐπὶ
2665 3305 2937 3378 ἀνθρώπῳ
2965 3306 3169 3376 λογικῷ
3206 3305 3326 3359 κατ’
3357 3304 3542 3358 εἰκόνα
3581 3301 3720 3356 Θεοῦ
3753 3303 3844 3355 δε-

2253 3399 2755 3470 δημιουργημένῳ;
2815 3397 3108 3468 Προδήλως
3165 3398 3264 3468 μὲν
3313 3392 3408 3450 οὖν
3463 3398 3496 3465 ἡ
3557 3392 3845 3464 παραϐολὴ

2254 3493 2378 3554 τοὺς
2407 3491 2650 3552 δικαίους
2699 3489 2836 3559 φησὶ
2866 3489 3120 3558 πρόϐατα
3151 3487 3710 3560 ὲννενηκονταεννέα,
3752 3484 3848 3537 καὶ

2252 3585 2311 3637 ἓν
2355 3584 2447 3637 τὸν
2487 3583 2789 3636 ἐκπεσόντα
2810 3582 3164 3653 ἁμαρτωλόν.
3200 3581 3343 3634 Φασὶ
3374 3580 3430 3634 δέ
3471 3596 3616 3642 τινες
3648 3576 3848 3631 ἑκατὸν

2257 3676 2354 3746 μὲν
2389 3673 2638 3746 πρόϐατα
2673 3676 2854 3730 πᾶσαν
2893 3676 2992 3745 τὴν
3022 3675 3248 3744 λογικὴν
3287 3673 3485 3737 κτίσιν,
3523 3671 3580 3724 ἒν
3622 3669 3680 3722 δὲ
3716 3669 3850 3740 πρό-

2257 3769 2422 3823 ϐατον
2449 3767 2547 3837 τῆς
2584 3768 2809 3838 λογικῆς
2850 3769 3068 3837 φύσεως
3105 3768 3200 3821 τὸν
3231 3767 3538 3836 ἄνθρωπον,
3578 3764 3608 3817 ὃ
3645 3762 3853 3831 πλανη-

2258 3859 2351 3912 θὲν
2382 3857 2716 3929 ἀνεζήτησεν
2751 3860 2779 3911 ὁ
2813 3860 3022 3929 ποιμὴν
3052 3860 3081 3912 ὁ
3113 3857 3298 3920 καλὸς,
3336 3857 3494 3924 ἀφεὶς
3520 3855 3588 3908 τὰ
3627 3857 3852 3922 ὲννενησ-

2257 3952 2580 4012 κονταεννέα
2639 3953 2697 4004 ὲν
2738 3954 2805 4023 τῇ
2881 3954 3106 4023 ἐρήμῳ,
3158 3951 3470 4012 τουτέστιν,
3513 3949 3572 4001 ὲν
3618 3947 3698 4015 τῷ
3737 3946 3854 4000 ἀνω

2252 4047 2402 4116 τόπῳ
2431 4044 2510 4114 τῷ
2539 4045 2798 4116 οὐρανίῳ.
2848 4045 3098 4117 Ἐρημος
3135 4045 3244 4115 γὰρ
3287 4041 3611 4112 πολυοχλίας
3650 4056 3853 4109 κοσμιέ

2252 4138 2358 4208 κῆς
2411 4137 2802 4207 ἀπῳκισμένος
2835 4139 2864 4190 ὁ
2908 4137 3176 4208 οὐρανὸς,
3217 4139 3311 4190 καὶ
3375 4136 3554 4202 πάσης
3599 4133 3851 4203 γαλήνης

2253 4231 2348 4283 καὶ
2403 4232 2628 4300 εἰρήνης
2695 4231 3150 4300 μεμεστωμένος.
3214 4228 3404 4300 Εύρὼν
3456 4228 3512 4279 δὲ
3560 4228 3588 4279 ὁ
3642 4226 3849 4297 Κύριος

2252 4322 2413 4375 τοῦτο
2439 4324 2500 4374 τὸ
2525 4322 2822 4392 πλανηθὲν,
2853 4322 3124 4394 ἐπέθηκεν
3149 4323 3243 4375 ἐπὶ
3273 4321 3399 4384 τοὺς
3428 4319 3614 4389 ὤμους
3651 4316 3846 4370 αὑτοῦ.

2181 4435 2230 4494 D
2255 4415 2367 4478 Τὰς
2403 4416 2510 4486 γὰρ
2547 4415 2830 4480 ἀσθενείας
2874 4417 3034 4488 ἡμῶν
3058 4457 3072 4480 ,
3106 4416 3330 4478 καὶτὰς
3365 4414 3641 4484 ἁμαρτίας
3679 4410 3851 4474 αὐτὸς

2255 4509 2554 4574 ἐϐάστασε,
2599 4512 2690 4562 καὶ
2738 4510 2917 4563 πάντα
2956 4509 3027 4562 τὰ
3059 4510 3200 4584 βάρη
3229 4509 3384 4581 ἡμῶν
3423 4507 3586 4570 αὐτὸς
3619 4503 3851 4575 ἁϐαρῶς

2255 4601 2576 4665 ἀνεδέξατο·
2622 4604 2798 4654 πάντα
2838 4604 2937 4655 ὅσα
2981 4602 3428 4673 εχρεωστοῦμεν,
3470 4601 3634 4659 αὖτδς
3706 4599 3850 4652 ἀπο-

2256 4692 2490 4763 φλήσας,
2545 4698 2641 4746 καὶ
2671 4697 2820 4765 ἡμᾶς
2872 4696 3073 4766 ῥᾳδίως
3107 4696 3202 4748 καὶ
3229 4694 3442 4755 ἀπόνως
3484 4691 3665 4755 σώσας
3715 4692 3849 4761 ἄχρι

2256 4784 2352 4836 καὶ
2400 4783 2493 4835 τοῦ
2529 4785 2681 4838 οἴκου
2731 4787 2927 4850 αὑτοῦ,
2974 4788 3254 4853 τουτέστι,
3300 4784 3395 4838 τοῦ
3431 4781 3705 4854 οὖρανοῦ’
3750 4784 3849 4834 καί

2254 4877 2516 4943 συγκαλεῖ
2554 4879 2680 4942 τοὺς
2760 4879 2948 4947 φίλους
3015 4883 3109 4934 καὶ
3168 4882 3294 4942 τοὺς
3353 4882 3638 4948 γείτονας,
3703 4879 3847 4946 τάχα

2249 4969 2376 5031 τοὺς
2403 4971 2693 5038 ἀγγέλους,
2722 4972 2816 5034 οὓς
2846 4973 2939 5026 καὶ
2970 4973 3220 5043 πρόϐατα
3248 4970 3388 5026 εἶναι
3415 4972 3846 5042 ἀποδεδώκαμεν

2250 5064 2372 5114 κατ’
2408 5063 2575 5136 ἄλλην
2630 5064 2725 5117 καὶ
2776 5066 2942 5136 ἄλλην
2995 5067 3275 5138 ἐπιϐολήν.
3322 5066 3459 5119 Καθ’
3506 5066 3534 5119 ὃ
3591 5066 3694 5135 μὲν
3733 5063 3844 5135 γάρ

2252 5158 2401 5209 πᾶσα
2445 5161 2639 5229 κτιστὴ
2683 5159 2845 5227 φύσις
2901 5160 2975 5224 ὡς
3010 5162 3146 5230 πρὸς
3188 5161 3320 5213 Θεὸν
3356 5159 3640 5230 κτηνώὸης
3682 5160 3840 5220 ἐστὶ,

2250 5251 2386 5302 κατά
2430 5251 2588 5304 τοῦτο
2636 5252 2883 5322 πρόϐατα
2931 5254 3180 5307 καλοῖντο
3221 5254 3287 5308 ἂν
3317 5255 3371 5307 αἱ
3413 5255 3525 5307 ἅνω
3552 5254 3837 5322 δυνάμεις.

2253 5341 2403 5394 Καθὸ
2430 5343 2486 5395 δὲ
2508 5343 2744 5412 λογικαὶ,
2779 5347 2947 5416 ἡγουν
2971 5349 3152 5418 νοεραὶ
3189 5349 3281 5401 καὶ
3307 5346 3698 5416 πλησιέστεραι
3733 5344 3839 5397 τῶν

2251 5433 2425 5486 ἄλλων
2467 5438 2780 5505 κτισμάτων
2819 5439 3115 5506 δοκοῦσαι,
3168 5441 3309 5494 κατά
3357 5439 3516 5492 τοῦτο
3557 5439 3703 5508 φίλοι
3743 5435 3837 5489 καὶ

1523 5562 1608 5620 Ex
1642 5560 1984 5624 collatione
2018 5565 2203 5627 codd.
2242 5571 2468 5634 Venet.
2503 5576 2562 5634 S.
2601 5577 2818 5637 Marci.

639 5674 714 5732 t3)
754 5674 887 5728 Cod.
917 5676 1009 5739 ‘26,
1058 5678 1363 5747 ’Λνοήτους,
1407 5703 1422 5733 ι
1464 5685 1757 5740 dementes.
1802 5705 1817 5734 ι

633 5792 756 5867 .‘nil‘I
780 5794 857 5849 lit.
892 5795 1007 5850 Litt.
1045 5812 1095 5851 ut
1132 5800 1175 5850 si
1206 5802 1271 5852 ml
1301 5802 1434 5854 ull/ts
1481 5817 1750 5857 «ire/tumis
1785 5815 2125 5877 cun/eruntin
2167 5814 2469 5877 ration/tisi,
2507 5816 2775 5883 dicuntur,
2810 5828 2916 5871 σεε.
