4110 6332
223 304 349 370 949

923 312 1369 375 ENARRATIO
1404 312 1483 375 IN
1528 310 2033 374 EVANGELIUM
2067 317 2305 379 LUCJS.
2345 344 2411 352 -
2448 317 2606 377 CAP.
2647 315 2768 380 XV.

3424 318 3532 384 950

220 423 479 490 γείτονες
508 424 557 478 οἱ
588 422 696 477 τῶν
725 425 1036 495 ἀγγελικῶν
1062 426 1348 498 δυνάμεων
1374 428 1527 498 χοροὶ
1562 426 1829 495 νοηθεῖεν.

1940 424 2175 481 'irtutum
2208 426 2384 482 chori.
2423 424 2483 480 Et
2522 442 2616 498 per
2659 428 2947 482 mulierem
2992 427 3265 496 intelligas
3313 430 3531 499 sapien-

226 516 351 570 Kal
387 517 622 584 γυναῖκα
672 517 730 570 δὲ
771 517 1030 589 νοήσαις,
1067 519 1165 588 τὴν
1208 520 1423 589 σοφίαν,
1456 520 1552 574 καὶ
1596 519 1827 588 δύναμιν

220 606 333 664 ’ἑοῦ
367 609 503 664 Θεοῦ
550 612 642 665 καὶ
694 612 909 683 Πατρδς
942 613 1037 667 τὸν
1076 614 1242 667 αὑτοῦ
1282 614 1432 677 Υίὸν,
1468 614 1527 677 ὃς
1573 612 1825 668 ἀπώλεσε

230 703 374 775 μίαν
408 704 659 775 δραχμὴν
718 706 784 760 ἐκ
834 706 944 759 τῶν
996 707 1263 776 λογικῶν,
1321 708 1417 761 xxl
1468 708 1590 761 κατ’
1640 708 1828 762 είκόνα

225 794 407 850 αὐτοῦ
461 796 793 852 κτισθέντων
848 799 1166 869 κτισμάτων
1215 798 1309 852 τὸν
1358 800 1684 872 ἄνθρωπον,
1732 801 1827 854 καὶ

228 890 402 944 ἅπτει
429 888 621 961 λύχνον
640 932 656 955 ,
689 889 787 961 τὴν
813 891 1009 944 ἑαυτοῦ
1048 892 1249 963 σάρκα.
1286 893 1499 963 Ὥσπερ
1534 895 1643 964 γὰρ
1673 896 1700 947 6
1730 893 1827 947 λύ-

224 997 361 1051 χνος
416 982 480 1033 ὲκ
532 979 638 1049 γῆς
674 978 752 1035 ὢν
784 981 852 1035 τὰ
900 983 1261 1052 ὲσκοτισμένα
1314 983 1539 1053 φωτίζει
1595 983 1682 1038 διά
1733 984 1825 1036 τοῦ

218 1072 435 1141 φωτὸς,
464 1066 526 1128 οὗ
556 1072 794 1144 δέχεται,
823 1073 969 1128 οὕτω
993 1075 1141 1146 καὶὴ
1170 1075 1310 1148 σὰρξ
1335 1074 1427 1128 τοῦ
1462 1075 1669 1146 Κυρίου
1698 1075 1827 1146 γήῖ·

226 1180 327 1227 νος
360 1159 536 1231 οὖσα,
585 1165 684 1219 καὶ
732 1167 895 1236 ὁμοία
919 1169 1074 1238 ἡμῖν,
1114 1166 1192 1237 τῷ
1223 1169 1364 1237 φωτὶ
1403 1170 1501 1238 τῆς
1539 1167 1825 1238 θεότητος,

221 1253 328 1326 ὑφ’
356 1250 426 1329 ἦς
455 1258 813 1330 προσελήφθη
833 1300 849 1323 ,
889 1258 1054 1330 ἔφανε
1076 1277 1089 1290 ·
1121 1261 1216 1314 καὶ
1249 1262 1356 1333 μὴν
1386 1262 1638 1334 ὲσαρώθη
1673 1264 1770 1316 καὶ
1800 1262 1829 1315 6

223 1345 415 1415 οἶκος,
465 1351 782 1416 τουτέστιν,
828 1351 974 1417 ἄπας
1019 1355 1046 1406 6
1100 1354 1305 1423 κόσμος
1334 1354 1695 1425 ἀπεκαθάρθη
1730 1354 1829 1426 τῆς

228 1442 534 1514 ἁμαρτίας.
592 1444 833 1514 Χριστὸς
876 1445 983 1517 γάρ
1025 1439 1094 1517 ἦν
1134 1446 1163 1499 6
1208 1445 1383 1519 αἴρων
1416 1447 1517 1515 τὴν
1549 1447 1829 1519 ἁμαρτίαν

226 1534 329 1591 τοῦ
378 1536 607 1606 κόσμου.
665 1537 778 1590 Kal
809 1536 874 1607 δὴ
908 1537 1108 1609 εὑρέθη
1140 1538 1174 1608 ἡ
1205 1538 1444 1609 δραχμὴ,
1498 1539 1532 1609 ὴ
1570 1538 1828 1613 βασιλικὴ

227 1627 420 1693 εἰκὼν,
456 1628 551 1684 καὶ
575 1630 721 1702 χαρά
742 1628 956 1698 γίνεται
985 1629 1136 1700 αὐτῷ
1159 1647 1217 1682 τε
1235 1630 1313 1702 τῷ
1336 1632 1552 1702 εὑρόντι
1580 1632 1826 1703 Χριστῷ,

228 1723 330 1777 καὶ
367 1725 490 1787 ταῖς
524 1724 637 1778 ἄνω
667 1723 992 1794 δυνάμεσιν,
1028 1722 1086 1778 αἱ
1129 1723 1282 1792 φίλαι
1313 1724 1464 1789 αὐτῷ
1511 1725 1606 1778 καὶ
1650 1725 1829 1794 γείτο-

227 1814 326 1880 νές
375 1816 516 1869 είσι·
551 1816 704 1883 φίλαι
739 1816 839 1887 μὲν
874 1816 953 1880 ὡς
984 1815 1047 1870 τὸ
1076 1815 1295 1887 θέλημα
1330 1817 1500 1871 αὐτοῦ
1553 1817 1827 1885 ποιοῦσαι,

228 1910 478 1979 γείτονες
522 1910 579 1964 δὲ
624 1910 701 1973 ὡς
733 1910 1041 1983 ἀσώματοι.
1094 1910 1254 1982 Ζητῶ
1298 1911 1356 1965 δὲ
1404 1912 1479 1984 μή
1512 1929 1645 1967 ποτε
1677 1913 1829 1982 φίλαι

234 2002 341 2073 μὲν
381 2002 547 2057 αὐτοῦ
585 2006 693 2057 εἰσι
727 2004 901 2058 πᾶσαι
937 2004 995 2057 αἱ
1024 2003 1139 2058 ἀνω
1174 2002 1457 2073 δυνάμεις,
1502 2005 1745 2073 γείτονες
1772 2005 1831 2059 δὲ

225 2094 290 2147 al
315 2092 729 2163 πλησιέστεραι,
756 2089 867 2149 οἷον
907 2094 1125 2165 Θρόνοι,
1152 2094 1492 2166 Χερουϐεὶμ,
1516 2095 1828 2168 Σεραφείμ.

231 2188 381 2258 Ὅρα
405 2186 516 2259 γάρ
541 2188 641 2259 τὴν
674 2188 843 2256 λέξιν.
880 2207 898 2241 ι
938 2188 1050 2243 Kal
1089 2188 1355 2255 συγκαλεῖ
1394 2189 1495 2253 τὰς
1529 2189 1691 2259 φίλας
1739 2190 1831 2243 καὶ

224 2277 332 2340 τὰς
360 2279 631 2346 γείτονας·
659 2299 678 2331 ι
704 2279 851 2334 ἔοικε
863 2280 974 2351 γὰρ
1005 2279 1099 2335 δύο
1127 2281 1251 2335 τινὰ
1285 2281 1427 2353 μέρη
1462 2281 1829 2353 παραδηλοῦν,

224 2373 279 2426 εί
313 2374 409 2426 καὶ
438 2375 862 2447 περιεργότερον
895 2375 1060 2442 δόξει.

312 2486 330 2518 t
357 2464 492 2522 Εῐπε
524 2468 603 2522 δέ·
632 2468 949 2549 Ἄνθρωπός
962 2489 1045 2533 τις
1080 2468 1195 2542 εἶχε
1224 2470 1319 2525 δύο
1347 2471 1520 2535 υἱοὺς,
1550 2473 1644 2524 καὶ
1673 2466 1831 2525 εἶπεν

226 2562 257 2613 6
292 2559 559 2634 νεώτερος
586 2564 765 2617 αὐτῶν
788 2564 868 2635 τῷ
898 2565 1107 2637 πατρί·
1143 2564 1349 2636 Πάτερ,
1379 2565 1468 2630 δός
1502 2583 1593 2637 μοι
1623 2566 1683 2619 τὸ
1710 2568 1829 2619 ἐπι-

227 2651 430 2708 ϐάλλον
491 2657 657 2727 μέρος
692 2658 793 2728 τῆς
842 2658 1072 2725 οὐσίας·
1125 2660 1221 2715 καὶ
1259 2659 1459 2714 διεῖλεν
1513 2661 1700 2725 αὐτοῖς
1737 2660 1831 2714 τὸν

232 2746 373 2817 βίον.
400 2749 509 2802 Kal
537 2750 657 2821 μετ’
678 2751 739 2805 οὐ
770 2750 973 2817 πολλὰς
1003 2751 1220 2825 ἠμέρας
1248 2753 1580 2824 συναγαγὼν
1610 2754 1831 2809 ἅπαντα

224 2840 260 2892 6
280 2839 550 2911 νεώτερος
584 2842 721 2910 υίὸς,
748 2842 1109 2917 ἀπεδήμησεν
1134 2846 1218 2909 είς
1245 2845 1433 2918 χώραν
1460 2847 1704 2917 μακρὰν,
1737 2848 1830 2899 καὶ

231 2934 356 2987 ἐκεῖ
404 2933 757 3008 διεσκόρπισα
804 2938 907 3007 τὴν
958 2938 1152 2993 οὐσίαν
1196 2938 1364 2993 αὑτοῦ
1415 2940 1525 3004 ζῶν
1560 2938 1826 3005 ἀσώτως·

226 3026 645 3098 δαπανήσαντος
669 3030 727 3084 δὲ
751 3030 919 3084 αὑτοῦ
946 3033 1147 3098 πάντα,
1176 3033 1395 3102 ἐγένετο
1421 3033 1578 3103 λιμὸς
1610 3035 1830 3106 ίσχυρδς

232 3120 380 3174 κατὰ
419 3120 518 3191 τὴν
553 3120 741 3193 χώραν
788 3123 1028 3197 ἐκείνην,
1072 3124 1171 3179 καὶ
1210 3125 1374 3190 αὐτὸς
1429 3124 1634 3199 ἦρξατο
1675 3128 1833 3181 ὑστε-
1862 3158 1907 3222 C

235 3213 483 3280 ρεῖσθαι,
524 3215 619 3268 καὶ
671 3218 963 3289 πορευθεὶς
1004 3220 1273 3293 ἐκολλήθη
1315 3222 1397 3275 ἐνὶ
1441 3222 1553 3276 τῶν
1596 3222 1832 3277 πολιτῶν

232 3306 335 3377 τῆς
386 3308 570 3379 χώρας
612 3310 874 3383 ἐκείνης·
915 3314 1012 3367 καὶ
1061 3312 1310 3386 ἔπεμψεν
1362 3316 1528 3370 αὐτὸν
1578 3317 1659 3381 είς
1708 3319 1835 3382 τοὺς

235 3397 445 3467 ἀγροὺς
484 3401 652 3454 αὐτοῦ
696 3402 912 3472 βόσκειν
954 3403 1200 3477 χοίρους,
1248 3408 1343 3460 καὶ
1372 3408 1640 3479 ἐπεθύμει
1677 3408 1836 3479 γεμίι

238 3509 335 3546 σαι
377 3493 480 3563 τὴν
511 3495 718 3549 κοιλίαν
758 3497 924 3552 αὑτοῦ
978 3502 1041 3553 ἐκ
1072 3499 1183 3552 τῶν
1222 3501 1496 3571 κερατίων
1539 3495 1615 3569 ὧν
1646 3501 1835 3573 ἤσθιον

234 3587 290 3640 οι
308 3589 503 3657 χοῖροι,
531 3588 628 3642 καὶ
646 3589 820 3654 οὐδεὶς
846 3591 1017 3645 ἐδίδου
1048 3592 1219 3664 αὐτῷ.
1252 3614 1269 3647 ι
1304 3596 1417 3649 Καὶ
1438 3592 1578 3665 αὕτη
1604 3597 1635 3664 ἠ
1657 3609 1837 3667 παρα-

235 3680 371 3751 ϐολὴ
393 3680 553 3750 ὁμοία
578 3686 702 3747 ταῖς
734 3684 1139 3755 προλαϐούσαις
1162 3689 1314 3742 ἐστίν
1331 3706 1343 3720 ·
1369 3690 1581 3759 εἰσάγει
1606 3690 1716 3762 γὰρ
1740 3691 1836 3744 καὶ

237 3772 379 3847 αῦτη
398 3775 685 3848 ἄνθρωπον
719 3778 839 3849 μὲν,
873 3779 968 3832 τὸν
1002 3780 1167 3848 Θεὸν,
1202 3781 1296 3834 τὸν
1327 3781 1497 3847 ὅντως
1526 3783 1836 3854 φιλάνθρω-

238 3888 362 3924 πον·
394 3872 543 3936 ’.θεοὺς
576 3872 694 3938 δύο,
726 3874 793 3927 τὰ
828 3872 923 3927 δύο
957 3875 1215 3945 τάγματα
1244 3877 1354 3931 τῶν
1395 3878 1726 3949 ἀνθρώπων,
1756 3879 1835 3932 δι-

237 3964 433 4029 καίους
475 3967 619 4041 φημὶ
658 3968 753 4021 καὶ
784 3968 1167 4039 ἁμαρτωλούς.
1208 3966 1344 4024 Eine
1370 3970 1428 4024 δὲ
1466 3972 1494 4024 6
1526 3972 1795 4041 νεώτερος
1818 3988 1833 4003 ·

240 4059 342 4121 Δός
373 4076 463 4129 μοι
494 4061 556 4113 τὸ
603 4060 897 4115 ἐπιϐάλλον
939 4060 1105 4133 μέρος
1140 4063 1239 4133 τῆς
1273 4064 1486 4127 οὐσίας.
1530 4064 1593 4118 Ἥ
1621 4065 1830 4118 δικαιο-

240 4148 377 4220 σύνη
418 4149 517 4220 μὲν
552 4151 781 4222 ἀρχαῖον
827 4155 1015 4224 κτῆμα
1049 4155 1149 4223 τῆς
1197 4155 1547 4227 ἀνθρωπίνης
1597 4156 1835 4224 φύσεως,

236 4242 321 4295 διὸ
370 4245 465 4296 καὶ
512 4245 540 4296 6
597 4244 971 4317 πρεσϐύτερος
1014 4247 1128 4309 υίὸς
1183 4248 1283 4300 οὐκ
1317 4249 1731 4321 ἀποσκιρτᾷ’ή
1779 4249 1838 4302 δὲ

239 4339 490 4408 ἁμαρτία
521 4338 877 4410 ὑστερογενὲς
900 4340 1092 4405 κακὸν,
1128 4340 1209 4394 διὸ
1238 4344 1332 4395 καὶ
1353 4344 1380 4396 6
1412 4343 1677 4415 νεώτερος
1704 4345 1839 4397 ἀπο-

240 4430 463 4500 σκιρτᾷ,
496 4430 524 4482 6
553 4432 619 4500 τῇ
683 4430 933 4503 ἁμαρτία
977 4431 1181 4504 δηλαδὴ
1223 4436 1289 4505 τῇ
1358 4434 1588 4506 ὕστερον
1648 4438 1837 4491 ἐπεισ-

1916 518 2044 573 tiant
2077 530 2130 575 et
2172 519 2426 575 virtutem
2468 502 2569 575 Dei
2604 529 2658 575 et
2698 519 2897 587 Patris,
2954 518 3142 575 .lesum
3189 520 3391 589 ipsum,
3432 524 3526 590 qui

1913 617 2151 687 perdidit
2196 634 2362 674 unam
2420 618 2769 683 drachmam,
2825 634 2891 674 ex
2943 617 3309 673 rationalibus
3352 627 3408 671 et
3462 618 3529 669 ad

1914 711 2205 784 imaginem
2232 712 2323 768 Dei
2344 712 2581 768 conditis
2594 724 2925 778 creaturam,
2954 712 3255 777 hominem,
3283 711 3533 782 inquam,

1914 812 1970 860 et
2027 804 2279 861 accendit
2328 805 2637 872 lucernam,
2695 822 2851 862 suam
2896 823 3145 862 carnem.
3180 806 3340 861 Sicut
3384 806 3533 861 enim

1916 899 2162 966 lucerna,
2194 899 2450 971 quamvis
2498 899 2571 957 sit
2602 916 2668 955 ex
2696 910 2862 966 terra,
2916 901 3192 955 illuminat
3242 900 3534 955 tenebrosa

1929 1001 2029 1059 per
2063 986 2243 1041 lucem
2281 1001 2446 1056 quam
2471 987 2693 1057 recipit;
2728 985 2805 1041 ita
2835 993 2888 1039 et
2928 998 3061 1039 caro
3101 981 3317 1036 Domini
3352 1021 3366 1046 ,
3401 979 3531 1033 licet

1932 1084 2148 1135 terrena
2188 1090 2356 1145 esset,
2396 1079 2706 1151 similisque
2762 1078 2940 1143 nobis,
3000 1076 3207 1131 lumine
3252 1073 3474 1129 deitatis
3505 1088 3533 1124 ει

1931 1187 2035 1241 qua
2067 1182 2342 1243 assumpta
2378 1182 2483 1240 est,
2527 1173 2709 1229 lumen
2737 1170 3005 1229 exhibuit.
3030 1168 3172 1236 Quin
3206 1168 3373 1223 etiam
3407 1181 3534 1220 sco-

1932 1264 2014 1333 pis
2049 1265 2305 1319 mundata
2342 1273 2426 1320 cst
2454 1266 2671 1331 domus,
2720 1268 2826 1320 hoc
2848 1272 2936 1319 est
2974 1260 3265 1315 universus
3301 1259 3536 1313 mundus

1931 1365 2256 1427 repurgatus
2289 1365 2371 1411 est
2426 1370 2456 1409 a
2513 1368 2760 1426 peccato.
2808 1354 3062 1411 Christus
3105 1352 3254 1408 enim
3309 1348 3538 1405 abstulit

1932 1458 2215 1517 peccatum
2256 1448 2462 1503 mundi.
2520 1448 2585 1503 Et
2634 1448 2794 1518 plane
2840 1449 3062 1503 inventa
3116 1454 3202 1501 est
3250 1444 3535 1505 drachma.

1933 1541 2080 1609 regia
2137 1540 2348 1598 scilicet
2394 1540 2577 1611 imago
2629 1549 2685 1597 et
2747 1539 3003 1611 gaudium
3049 1535 3154 1593 fuit
3201 1546 3257 1593 et
3316 1533 3539 1591 Christo

1934 1634 2206 1690 inventori
2235 1644 2290 1691 et
2330 1634 2584 1705 supernis
2631 1633 2945 1699 virtutibus,
2998 1645 3121 1703 quas
3186 1631 3378 1685 amicae
3422 1628 3539 1697 ejus

1934 1737 1991 1782 et
2034 1728 2225 1784 vicina:
2248 1735 2421 1783 sunt:
2473 1726 2681 1782 Amicaa
2741 1725 2985 1795 quidem,
3033 1724 3160 1794 quia
3197 1722 3538 1778 voluntatem

1940 1821 2061 1893 ejus
2102 1821 2349 1878 faciunt:
2380 1821 2574 1876 vicina:
2614 1835 2766 1886 vero,
2818 1820 2947 1892 quia
2992 1820 3347 1888 incorporem.
3398 1815 3541 1883 Quid

1939 1924 2123 1969 autem
2157 1915 2200 1969 si
2238 1912 2427 1969 amicae
2452 1913 2565 1969 sint
2595 1927 2789 1969 omnes
2828 1927 3079 1984 superna:
3102 1909 3369 1973 Virtutes,
3400 1906 3543 1963 vici-

1941 2023 2021 2062 nze
2050 2016 2251 2075 autem,
2282 2021 2403 2076 quaa
2442 2006 2726 2077 propiores
2766 2005 2838 2073 ei,
2891 2014 2950 2059 ut
2999 2002 3208 2059 Throni
3244 2009 3300 2058 et
3327 2001 3543 2056 Cheru-

1940 2098 2048 2153 bim
2071 2097 2094 2151 τ
2117 2096 2358 2154 Dicendo
2389 2098 2535 2153 enim
2574 2098 2783 2153 amicas
2816 2106 2871 2152 et
2904 2096 3134 2160 vicinas.
3180 2096 3288 2150 duo
3340 2108 3545 2166 genera

1942 2190 2334 2257 manifestavlt,
2363 2190 2617 2262 quamvis
2646 2190 2751 2246 hoc
2793 2189 3065 2246 curiosius
3094 2187 3364 2244 videatur.

2015 2470 2176 2525 Vens.
2213 2472 2397 2529 ιι-ιθ.
2434 2492 2453 2526 ι
2479 2474 2569 2527 Ait
2608 2480 2790 2527 autem
2819 2488 2832 2526 :
2859 2470 3033 2525 llomo
3080 2468 3301 2540 quidam
3355 2465 3547 2524 habuit

1939 2563 2073 2617 duos
2122 2562 2284 2629 ﬁlios,
2342 2575 2397 2620 et
2449 2565 2586 2620 dixit
2634 2562 3042 2619 adolescentior
3096 2561 3314 2616 illorum
3365 2561 3544 2631 patri:

1941 2654 2122 2721 Pater,
2156 2656 2226 2712 da
2260 2656 2391 2711 mihi
2438 2656 2746 2727 portionem
2799 2653 3121 2711 substantiae
3166 2667 3289 2724 quae
3336 2649 3405 2706 ad
3462 2667 3547 2705 me

1940 2751 2102 2806 redit.
2134 2751 2202 2806 Et
2227 2750 2410 2806 divisit
2441 2749 2546 2805 illis
2580 2749 2964 2805 substantiam.
3002 2749 3071 2804 At
3112 2757 3235 2819 post
3278 2747 3397 2801 dies
3441 2761 3545 2799 non

1941 2840 2139 2897 multos
2167 2858 2289 2898 cum
2320 2844 2506 2899 omnia
2534 2843 2923 2909 contraxisset,
2960 2840 3365 2898 adolescentior
3402 2839 3547 2895 Illius

1939 2949 2168 3007 peregre
2218 2935 2495 3007 profectus
2525 2944 2609 2992 est
2658 2935 2711 2991 in
2765 2936 3041 3007 regionem
3075 2934 3449 3007 longinquam,
3493 2942 3548 2987 et

1942 3026 2015 3082 ibi
2044 3027 2330 3098 dissipavit
2378 3027 2742 3083 substantiam
2772 3040 2927 3081 suam
2958 3025 3194 3081 vivendo
3223 3023 3500 3080 luxuriose
3529 3038 3547 3076 :

1941 3128 1996 3173 et
2020 3129 2305 3190 postquam
2333 3122 2515 3176 omnia
2558 3121 3020 3191 consumpsisset,
3069 3119 3210 3174 facta
3253 3125 3341 3174 cst
3375 3116 3551 3174 fames

1942 3212 2115 3267 valida
2148 3215 2200 3267 in
2234 3214 2456 3286 regione
2494 3214 2606 3280 illa,
2633 3224 2688 3269 et
2724 3215 2839 3283 ipse
2868 3214 3037 3284 cmpit
3076 3226 3259 3283 egere.
3290 3211 3356 3266 Et
3412 3227 3542 3280 pro-

1940 3306 2112 3362 fectus
2140 3316 2246 3373 est,
2280 3317 2334 3363 et
2385 3308 2617 3364 :tdhazsit
2647 3308 2737 3362 uni
2792 3306 2990 3362 civium
3049 3306 3289 3378 regionis
3344 3304 3491 3361 illius
3534 3321 3550 3359 :

1939 3412 2102 3469 atque
2130 3401 2176 3455 is
2233 3401 2383 3455 misit
2439 3401 2588 3456 illum
2644 3400 2698 3457 in
2758 3400 2942 3455 villam
2983 3415 3137 3457 suam
3197 3410 3256 3456 ut
3304 3410 3553 3471 pasccrct

1940 3510 2173 3564 porcos:
2204 3503 2259 3549 et
2297 3495 2551 3566 cupiebat
2578 3494 2810 3565 implere
2855 3503 3103 3549 ventrem
3143 3509 3302 3549 suum
3346 3494 3414 3549 de
3435 3492 3553 3549 sili-

1938 3590 2064 3659 quis
2113 3588 2311 3659 quibus
2355 3588 2505 3657 porci
2558 3587 2946 3652 vescebantur,
3003 3602 3102 3643 nec
3138 3587 3427 3658 quisquam
3472 3585 3551 3641 illi

1940 3682 2123 3735 dabat.
2166 3700 2184 3733 ι
2224 3680 2287 3735 Ει
2327 3680 2443 3735 Ιιλθε
2468 3679 2723 3750 parabole
2781 3679 3047 3750 superiori
3086 3679 3285 3735 similis
3324 3688 3430 3734 est.
3460 3676 3553 3733 ln-

1940 3774 2250 3829 ducitenim
2291 3782 2346 3828 et
2376 3773 2492 3828 haec
2532 3773 2808 3828 hominem
2841 3773 3084 3849 quidem,
3145 3771 3315 3827 Deum
3356 3770 3553 3827 videli-

1940 3879 2052 3937 cet,
2097 3885 2223 3925 vere
2263 3869 2677 3925 misericordem
2715 3883 2731 3923 :
2773 3868 2915 3923 illios
2938 3878 3120 3922 autem
3153 3867 3311 3935 duos,
3355 3881 3553 3935 nempe

1940 3964 2159 4019 ordines
2211 3964 2492 4019 hominum
2541 3963 2815 4035 iustorum
2870 3963 2996 4018 dico
3060 3969 3116 4016 et
3163 3969 3544 4033 peccatorum.

1945 4057 2088 4111 Dixit
2126 4066 2308 4111 autem
2347 4056 2577 4126 junlor:
2619 4055 2696 4110 Da
2764 4058 2898 4112 mihi
2953 4066 3165 4126 partem
3225 4058 3554 4115 substantia:

1941 4166 2061 4220 qua;
2090 4151 2154 4205 ad
2186 4166 2273 4205 me
2302 4151 2558 4221 pertinet.
2590 4150 2731 4206 Olim
2771 4151 3027 4206 humanm
3092 4162 3303 4208 natura:
3333 4167 3555 4220 posses.

1942 4246 2024 4300 sio
2052 4253 2169 4298 erat
2195 4244 2446 4315 justitia;
2484 4244 2606 4299 ideo
2637 4254 2692 4300 et
2722 4244 2864 4299 illius
2905 4245 3087 4299 seniur
3108 4262 3213 4300 non
3246 4244 3552 4301 insolescit.

1945 4339 2230 4395 Peccatum
2275 4350 2461 4409 postea
2505 4348 2691 4394 natum
2732 4348 2839 4407 est,
2870 4339 3034 4413 5,05
3079 4340 3224 4395 unde
3255 4348 3308 4394 et
3364 4339 3554 4411 iunior

1946 4435 2247 4500 insolescit,
2290 4435 2385 4506 qui
2418 4451 2539 4490 cum
2578 4443 2829 4507 peccato,
2869 4436 3011 4506 quod
3045 4447 3234 4505 posma
3268 4436 3551 4492 introduc-

238 4519 478 4592 αχθείσῃ
521 4522 900 4593 συναυξηθείς.
938 4525 1045 4577 Kal
1092 4524 1268 4589 ἄλλως
1300 4526 1357 4579 δὲ
1407 4526 1674 4598 νεώτερος
1720 4530 1833 4593 υίὸς

1944 4537 2056 4582 tum
2093 4539 2199 4595 est,
2228 4527 2418 4584 crevit.
2459 4525 2556 4583 Vel
2603 4528 2799 4583 aliter:
2825 4528 3014 4598 junior
3043 4527 3244 4582 dicitur
3268 4541 3552 4599 peccator,

238 4610 457 4679 λέγεται
495 4613 521 4665 6
545 4613 891 4684 ἁμαρτωλὸς,
913 4614 1002 4678 ⁴ὡς
1023 4618 1411 4688 νεωτεριστὴς,
1442 4616 1538 4670 καὶ
1588 4620 1832 4672 ἀποστά-

238 4721 363 4775 της,
402 4706 496 4759 καὶ
529 4705 769 4777 ἀντάρας
801 4706 880 4775 τῷ
912 4709 1169 4780 πατρικῷ
1245 4711 1535 4782 θελήματι.
1576 4731 1593 4763 ι
1630 4713 1836 4785 Πάτερ,

242 4798 332 4861 δός
366 4814 459 4868 μοι
483 4799 541 4851 τὺ
571 4798 864 4855 ἐπιϐάλλον
893 4801 1061 4872 μέρος
1095 4804 1193 4872 τῆς
1221 4802 1433 4866 οὐσίας.
1473 4823 1490 4854 ι
1534 4805 1704 4857 Οὑσία
1743 4804 1838 4859 τοῦ

241 4890 536 4963 ἀνθρώπου
583 4895 645 4947 τδ
692 4893 910 4962 λογικόν
960 4897 1131 4960 ἐστιν,
1181 4890 1226 4966 ᾧ
1277 4899 1586 4969 παρέπεται
1628 4902 1719 4954 καὶ
1780 4901 1841 4955 τὸ

243 4985 625 5053 αὐτεξούσιον,
683 4989 791 5042 πᾶν
824 4988 931 5060 γὰρ
962 4991 1181 5058 λογικὸν
1203 4990 1575 5058 αὐτεξούσιον.
1613 4995 1841 5047 Δίδωσιν

245 5075 341 5130 οὖν
376 5079 509 5150 ἡμῖν
540 5081 567 5132 6
603 5079 806 5151 Κύριος
844 5082 936 5135 τὸν
976 5082 1155 5151 λόγον,
1190 5084 1275 5137 ἵνα
1302 5085 1642 5156 χρησώμεθα
1709 5089 1842 5142 αὺτ-

247 5170 514 5235 εξουσίως
557 5172 732 5245 τούτῳ
764 5175 838 5237 ὡς
865 5176 1024 5246 οὐσία
1078 5176 1193 5229 ὄντι
1229 5178 1499 5250 ἡμετέρᾳ.
1559 5180 1755 5233 Δίδωσι
1786 5182 1845 5236 δὲ

247 5265 416 5318 πᾶσιν
446 5265 665 5335 ἐπίσης,
708 5268 911 5331 πάντες
945 5269 1054 5339 γὰρ
1117 5269 1316 5337 ἐπίσης
1363 5270 1598 5338 λογικοὶ,
1646 5273 1841 5343 ἐπίσης

247 5358 587 5423 αὑτεξούσιοι
613 5376 625 5390 ·
662 5361 780 5414 ἀλλ’
822 5363 871 5414 οξ
930 5364 1030 5431 μὲν
1078 5365 1221 5418 κατὰ
1262 5365 1420 5434 λόγον
1455 5368 1719 5438 χρώμεθα
1776 5373 1840 5441 τῇ

248 5452 536 5523 φιλοτιμία
569 5454 764 5527 ταύτῃ,
807 5458 855 5509 οἱ
880 5457 935 5510 δὲ
965 5458 1059 5511 καὶ
1082 5459 1420 5530 ἀχρειοῦμεν
1454 5463 1513 5514 τὸ
1562 5462 1704 5516 θεῖον
1743 5464 1843 5516 δῶ-

250 5563 366 5619 ρον.
402 5547 509 5599 Kal
543 5549 724 5603 πάντα
758 5550 813 5603 δὲ
847 5550 1057 5614 ἁπλῶς,
1097 5552 1197 5604 ὅσα
1236 5552 1471 5606 δέδωκεν
1518 5556 1648 5624 ἡμῖν
1678 5557 1705 5605 6
1740 5556 1846 5609 Κύο

248 5653 393 5707 ρως.
422 5636 582 5691 οὐσία
608 5640 762 5708 ἡμῶν
781 5640 1102 5707 ὶογισθεῖεν,
1134 5636 1245 5694 οἷον
1268 5643 1413 5710 λέγω
1441 5646 1695 5712 οὐρανὸν,
1717 5647 1843 5714 γῆν,

250 5727 438 5793 ἁπλῶς
474 5728 573 5801 τὴν
606 5730 783 5785 κτίσιν
815 5735 1017 5796 πᾶσαν,
1058 5734 1241 5803 νόμον,
1298 5739 1606 5807 προφήτας.
1650 5738 1789 5791 Ἀλλ’
1820 5743 1847 5793 ὁ

253 5822 358 5893 μὲν
393 5822 659 5897 νεώτερος
719 5828 829 5890 υἱὸς
865 5822 999 5879 εῗέίν
1034 5829 1282 5902 οὐρανὸν,
1329 5832 1422 5883 καὶ
1465 5832 1841 5903 ἐθει-ποέψςλ,

1947 4635 2073 4689 qma
2104 4630 2335 4675 novator
2392 4634 2571 4674 rerum
2606 4619 2846 4674 insolens
2898 4627 2954 4673 et
3008 4629 3257 4689 apostata
3310 4637 3374 4677 ac
3418 4623 3553 4678 deii-

1948 4712 2098 4767 ciens
2120 4727 2148 4766 a
2184 4722 2409 4782 paterna
2454 4711 2753 4767 voluntate.
2796 4731 2814 4761 σ
2868 4710 3050 4776 Pater,
3081 4713 3148 4766 da
3178 4712 3309 4766 mihi
3344 4723 3556 4783 partem

1950 4803 2270 4859 substantiae
2296 4819 2419 4872 qua:
2446 4804 2511 4858 ad
2538 4818 2623 4857 me
2662 4804 2919 4871 pertinet.
2944 4822 2963 4855 ›
2998 4803 3283 4859 Rationale
3315 4804 3382 4859 ad
3415 4806 3559 4874 quod

1950 4895 2301 4965 subsequitur
2332 4896 2566 4951 liberum
2592 4897 2904 4961 arbitrium,
2935 4896 3238 4951 substantia
3264 4906 3348 4955 cst
3386 4897 3563 4952 homi-

1952 4992 2059 5047 nis.
2088 4989 2263 5046 Omne
2307 5001 2489 5046 autem
2532 4993 2829 5058 rationale,
2861 4992 3019 5046 liberi
3058 4992 3272 5048 albitrii
3315 5001 3419 5048 est.
3462 4994 3566 5049 Dat

1954 5085 2119 5155 igitur
2166 5083 2321 5139 nobis
2374 5084 2635 5137 Dominus
2687 5083 2977 5143 rationem,
3032 5092 3089 5135 ut
3137 5097 3201 5137 ea
3244 5082 3414 5137 libere
3447 5092 3567 5138 uta-

1956 5194 2077 5232 mur
2101 5183 2361 5249 tanquam
2388 5185 2569 5231 nostra
2598 5177 2927 5231 snbstantia.
2960 5176 3064 5231 Dat
3096 5189 3278 5231 autem
3309 5178 3565 5234 omnibus

1953 5290 2016 5327 ex
2036 5288 2208 5343 mquo.
2226 5273 2427 5327 Omnes
2441 5273 2586 5324 enim
2606 5287 2668 5325 cx
2687 5285 2845 5339 sequo
2865 5270 3159 5325 rationales
3178 5279 3325 5335 sunt,
3345 5283 3392 5326 ct
3408 5287 3566 5342 aeque

1956 5366 2183 5417 liberum
2230 5365 2434 5418 habent
2482 5362 2794 5418 arbitrium.
2840 5362 2910 5415 At
2952 5362 3039 5416 alii
3085 5362 3303 5430 quidem
3358 5364 3567 5417 utimur

1959 5458 2057 5511 hac
2084 5458 2333 5511 libertate
2366 5459 2665 5510 secundum
2699 5452 2990 5516 rationem.
3022 5454 3113 5508 alii
3147 5462 3329 5508 autem
3360 5452 3563 5525 dilapi-

1959 5552 2151 5606 damus
2188 5554 2386 5603 donum
2430 5548 2695 5603 divinum.
2736 5546 2801 5601 Et
2848 5547 3174 5616 simpliciter
3221 5548 3401 5602 Omnia
3444 5564 3565 5617 qum

1958 5646 2108 5699 dedit
2143 5644 2298 5696 nobis
2324 5641 2603 5706 Dominus,
2632 5642 2933 5695 substantia
2971 5650 3156 5697 nostra
3186 5643 3397 5695 censeri
3436 5658 3563 5711 pos-

1959 5750 2083 5793 sunt
2127 5744 2223 5792 :ut
2249 5737 2482 5801 exempli
2522 5735 2714 5803 gratia,
2746 5735 2942 5789 cmltini
2972 5743 3025 5790 et
3053 5745 3217 5798 lerra,
3244 5743 3299 5789 et
3333 5735 3386 5788 in
3416 5749 3565 5789 smn-

1961 5850 2045 5887 um
2080 5844 2341 5889 creaturae
2372 5843 2581 5893 omnes,
2613 5827 2717 5892 l-x,
2746 5827 3040 5896 propinet-te.
3069 5826 3228 5896 Atqui
3262 5826 3405 5883 illius
3433 5836 3562 5883 natu
