4110 6332
494 270 619 338 955
1342 264 1749 328 ΤΙῙΕΟΡΗΥΙ.
1759 261 1929 323 ACTI
1976 260 2112 322 Βυι

2217 256 2389 322 ιΗΙλΕ
2432 256 2786 318 ARCHIEP.
3653 246 3762 314 956

499 389 564 443 Et
621 388 815 447 iterum
858 403 870 438 :
909 401 927 434 ι
963 381 1156 436 Levavi
1187 394 1379 434 manus
1409 392 1554 432 tuens
1581 375 1647 430 ad
1682 371 1935 428 mandata
1963 378 2112 434 tua,,

2217 366 2488 437 ,αρτυρεῐ⁶
2542 382 2561 415 ι
2609 363 2696 425 Ὠς
2729 360 2998 432 ἠγάπησα
3035 357 3129 413 τὴν
3176 358 3341 429 νόμον
3369 373 3486 422 σου,
3552 353 3759 428 Κύριεί

496 496 617 552 qum
643 478 824 540 dilexi,
861 494 879 528 ι
908 490 1045 550 non,
1069 488 1188 540 qua:
1219 473 1391 526 timui.
1425 471 1492 525 Et
1527 469 1721 523 iteium
1760 480 1774 519 :
1807 481 1824 516 ι
1861 461 2082 517 Mirabi-

2217 457 2315 528 λην
2344 454 2443 527 τὴν
2474 455 2687 526 ἡμέραν
2745 452 2945 524 μελέτη
2997 467 3099 522 μου
3151 450 3267 504 ἐστί
3296 468 3310 482 ο
3359 469 3378 502 ι
3433 450 3529 503 καὶ
3577 450 3759 504 πάλιν

502 541 570 626 lia
621 567 921 623 testimonia
979 547 1090 631 tua,
1131 574 1184 620 et
1211 563 1333 633 quia
1386 571 1514 620 sunt
1543 556 1804 612 mirabilia
1831 555 1931 627 (a),
1961 555 2084 611 ideo

2217 546 2405 620 ιἮρα
2437 549 2536 611 τὰς
2574 547 2762 620 χεῖράς
2805 562 2910 617 μου
2962 544 3100 615 πρὸς
3134 543 3232 608 τὰς
3286 543 3508 605 ἐντολάς
3541 559 3662 609 σου,
3699 541 3764 606 ἃς

499 670 735 718 scrutata
788 675 850 714 ea
907 667 991 713 est
1049 655 1229 711 anima
1285 669 1425 710 mea.
1488 673 1508 705 ι
1567 650 1701 707 Cum
1767 649 1930 720 igitur
1963 647 2086 718 quis

2217 642 2468 715 Ιγάπησα,
2499 659 2517 692 ι
2551 642 2650 710 οὐχ
2681 639 2746 702 ἃς
2772 637 3185 723 ἐφοϐήθηνίκαὶ
3212 635 3392 690 πάλινο
3421 654 3440 686 ι
3465 634 3766 706 Θαυμαστὰ

501 753 662 807 fuerit
712 753 764 806 in
811 751 1000 806 ordine
1030 749 1191 812 ﬁlius,
1225 756 1278 802 et
1328 746 1522 799 deinde
1556 729 1775 813 prepter
1803 752 2084 813 peccatum

2220 737 2254 790 ὰ
2306 734 2584 806 μάρτυρία
2616 752 2732 800 σου,
2767 735 2861 787 καὶ
2900 733 2989 786 διὰ
3015 733 3076 785 τὸ
3131 729 3272 788 εἶναι
3321 733 3637 802 θαυμαστὰ,
3683 731 3767 785 διά

500 845 802 908 abdicatur,
845 842 1095 912 videtque
1121 840 1254 895 alios
1279 837 1384 894 l‘rui
1417 837 1613 915 diuinis
1643 837 1816 899 donis,
1852 843 1906 890 ct
1945 849 2096 890 com:

2220 827 2345 881 οῦτο
2380 826 2742 898 ἐξηρεύνησεν
2771 825 2908 880 αὐτὰ
2938 826 2970 896 ἡ
2999 827 3144 897 ψυχή
3181 842 3306 896 μου.
3342 826 3552 879 »⁸⁷οταν
3577 824 3672 878 οὖν
3714 828 3767 878 ἐν

501 937 833 990 municautes
892 933 1090 988 divinis
1134 933 1404 1002 mysteriis
1435 912 1505 986 et-
1549 930 1733 984 divino
1769 945 1948 998 pane:
1980 942 2085 982 non

2222 919 2438 990 ᾕτάξει
2467 917 2562 972 τοῦ
2602 916 2717 971 υίοῦ
2760 916 2834 970 ὢν
2885 933 2993 982 τις,
3040 912 3158 969 εἶτα
3215 916 3306 970 διὰ
3345 917 3448 986 τὴν
3499 915 3768 987 ἁμαρτίαν

501 1025 645 1078 enim
697 1027 764 1077 de
824 1021 958 1078 solis
1011 1021 1416 1077 catccltumenis
1447 1020 1668 1090 intelligi
1701 1027 1912 1090 oportet
1941 1016 2084 1087 quod

2217 1010 2640 1083 ὶποκηρυχθείη,
2690 1011 2783 1064 καὶ⁵
2820 1010 2966 1082 ὁρῴη
3019 1009 3215 1073 ἄλλους
3250 1009 3630 1072 ἀπολαύοντας
3667 1009 3772 1064 τῶν

501 1118 568 1172 de
617 1116 958 1170 mercenario
1006 1115 1226 1182 dicitur,
1281 1115 1374 1179 sed
1431 1123 1486 1167 et
1539 1113 1604 1167 de
1646 1112 1710 1168 iis
1739 1111 1827 1180 qui
1880 1120 2008 1166 sunt
2034 1111 2087 1164 in

2217 1102 2354 1156 μείων
2400 1099 2782 1172 χαρισμάτων,
2839 1102 2936 1156 καὶ
2994 1099 3550 1164 κοινωνοῦντας-’τῶν
3612 1099 3773 1154 θείων

506 1208 741 1264 Ecclesia
768 1208 1086 1278 simpliciter
1143 1223 1246 1262 non
1281 1209 1332 1261 in
1365 1207 1539 1276 primo
1567 1206 1761 1261 ordine
1785 1205 1859 1276 (ὁ)
1895 1222 1911 1272 ;
1956 1214 2090 1260 tunc

2217 1193 2538 1265 ιυστηρίων,
2591 1194 2686 1247 καὶ
2743 1192 2837 1245 τοῦ
2873 1193 3040 1264 ἄρτου
3097 1193 3192 1246 τοῦ
3247 1191 3432 1245 θείου·
3489 1192 3613 1246 ούδέ
3667 1194 3777 1265 γὰρ

505 1301 597 1356 illa
677 1301 790 1355 haec
864 1299 1358 1355 commiserationis
1413 1301 1573 1354 verba
1627 1299 1726 1354 sibi
1761 1298 1858 1368 ipsi
1908 1298 2092 1353 dicere

2217 1287 2322 1357 περὶ
2347 1285 2458 1341 τῶν
2487 1286 2918 1357 κατηχουμένων
2953 1287 3120 1356 μόνον
3151 1285 3256 1357 χρὴ
3278 1287 3420 1340 νοεῖν
3444 1286 3521 1349 ὡς
3544 1285 3778 1356 μισθίων

503 1392 662 1446 debet
692 1408 707 1443 :
735 1389 868 1456 Quot
905 1392 1223 1445 mercenarii
1259 1390 1434 1445 Patris
1465 1390 1565 1443 mei
1618 1389 1891 1444 abundant
1914 1388 2088 1458 pane!

2217 1379 2531 1450 εγομένων,
2570 1379 2728 1451 άλλᾲ.
2753 1379 2851 1449 καὶ
2883 1379 2992 1434 τῶν
3028 1381 3084 1434 ἐν
3116 1383 3184 1452 τῇ
3244 1379 3545 1452 Ἐκκλησία
3591 1379 3776 1442 ἁπλῶς

504 1499 604 1554 ego
656 1495 833 1539 autem
883 1479 1022 1538 lame
1075 1498 1255 1552 pereo.
1284 1483 1390 1538 Sed
1417 1496 1644 1552 surgens
1670 1482 1737 1535 de
1773 1481 1924 1535 ruina
1960 1495 2088 1547 pec-

2217 1474 2272 1541 ιὴ
2309 1473 2410 1543 τῆς
2461 1470 2690 1548 πρώτης
2730 1473 2938 1546 τάξεως
2983 1473 3184 1527 ὄντων’
3218 1473 3341 1527 τότε
3374 1471 3439 1544 δὴ
3476 1471 3662 1528 ταῦτα
3711 1473 3783 1526 τὰ

508 1576 636 1640 cati,
706 1575 797 1630 ibo
831 1577 896 1628 ad
939 1573 1154 1629 Patrem
1212 1588 1407 1635 meum,
1462 1582 1513 1628 et
1558 1573 1734 1627 dicam
1785 1575 1832 1628 ei
1863 1588 1878 1624 :
1911 1571 2093 1639 Pater,

2217 1565 2399 1636 ›ίκτρὰ
2433 1564 2640 1634 ὀφείλει
2671 1564 2946 1633 ἐπιλέγειν
2977 1564 3186 1636 ἑωτῷο
3245 1565 3407 1618 Πόσοι
3445 1565 3651 1636 μίσθιοι
3686 1563 3781 1617 τοῦ

509 1665 726 1734 peccavi
752 1666 804 1719 iu
837 1664 1028 1719 cmlum
1060 1672 1114 1718 et
1139 1679 1323 1718 coram
1361 1674 1433 1716 te.
1489 1662 1917 1733 Dercliuquendo
1946 1665 2089 1717 enim

2217 1657 2410 1728 Ῐατρός
2440 1675 2543 1728 μου
2603 1657 3025 1726 περισσεύουσιν
3068 1656 3250 1726 ἄρτων
3282 1674 3296 1688 ·
3361 1656 3472 1725 ἐγὼ
3529 1657 3586 1710 δέ
3640 1656 3785 1728 λιμῷ

510 1756 770 1821 caelestia,
800 1755 1018 1822 peccavi
1080 1755 1241 1820 inea,
1303 1754 1592 1824 pra-ferens
1617 1753 1747 1821 ipsis
1771 1753 2095 1822 voluptatem

2217 1725 2537 1819 ὶπόλλυμαι.
2590 1748 2731 1832 Ἀλλ’
2770 1749 3036 1813 ἀναστὰς,
3072 1725 3375 1813 τουτέστιν,
3407 1749 3473 1803 ἐκ
3505 1747 3600 1803 τοῦ
3633 1725 3786 1802 πτὼξ

509 1847 985 1916 contemplibilem,
1022 1855 1076 1902 et
1113 1846 1427 1916 praeeligens
1475 1844 1683 1899 caelesti
1729 1845 1918 1913 patria:
1971 1859 2101 1899 mea:

2217 1858 2373 1906 sata;
2405 1842 2504 1912 τῆς
2531 1827 2828 1913 ἁμαρτίας,
2882 1841 3226 1912 πορεύσομαι
3257 1842 3390 1913 πρὸς
3430 1843 3525 1897 τὸν
3559 1842 3786 1914 Πατέρα

509 1941 781 2011 regiOuem
837 1938 1014 1994 famis.
1068 1938 1528 2007 Quemadmodum
1561 1938 1727 2004 enim,
1779 1947 1838 1993 ut
1868 1938 2097 2006 exempli

2217 1950 2331 2003 aeu,
2366 1935 2459 1987 καὶ
2495 1934 2607 2004 ἐρῶ
2639 1934 2791 2005 αύτῷ
2817 1950 2831 1964 ⁶
2865 1934 3072 2004 Πάτερ,
3105 1934 3354 2004 ἥμαρτον
3393 1934 3472 1998 είς
3505 1933 3595 1986 τὸν
3624 1933 3789 2000 ούρα-

509 2035 681 2103 gratia
743 2034 1017 2098 dicamus,
1064 2034 1115 2087 in
1159 2049 1347 2087 aurum
1382 2047 1607 2103 peccare
1646 2032 1859 2096 dicitur,
1896 2031 1985 2099 qui
2019 2015 2098 2084 illi

514 2124 789 2192 plumbqu
841 2122 1063 2193 praefert
1096 2137 1111 2175 :
1144 2123 1218 2176 ita
1277 2123 1330 2176 in
1397 2123 1593 2176 cadum
1650 2131 1856 2191 peccat,
1899 2121 1987 2191 qui
2021 2120 2096 2175 illi

511 2223 733 2271 terrena
782 2215 1070 2285 prazponit.
1109 2214 1276 2285 Abest
1311 2224 1488 2268 autem
1533 2215 1754 2269 omnino
1809 2229 1837 2268 a
1870 2216 1949 2269 via
1981 2229 2101 2283 qua:

513 2305 614 2358 fert
667 2307 718 2358 in
770 2305 988 2360 ccelum.
1022 2304 1178 2359 Scias
1246 2306 1373 2358 item
1416 2306 1555 2374 quod
1583 2307 1797 2375 quando
1835 2306 2098 2374 peccavit,

511 2395 663 2464 quasi
708 2412 812 2448 non
857 2410 1038 2450 coram
1091 2394 1196 2449 Deo
1245 2410 1476 2465 aperans
1543 2398 1825 2464 peccavit;
1883 2400 2100 2466 quando

514 2499 691 2542 autem
755 2487 1066 2554 conﬁtetur,
1130 2502 1311 2542 coram
1370 2486 1477 2540 Deo
1511 2504 1568 2542 se
1615 2503 1869 2557 pet-casse
1911 2488 2094 2543 sentit.

514 2580 684 2634 l’orro
735 2579 901 2651 408
947 2595 1173 2650 surgens
1227 2581 1371 2633 vadit
1406 2582 1469 2633 ad
1513 2580 1724 2635 Patrem
1770 2597 1946 2636 suum.
1981 2579 2099 2635 Non

515 2674 687 2729 solum
746 2678 890 2728 enim
939 2661 1353 2748 causult‘audum
1402 2685 1484 2729 est
1516 2677 1580 2730 de
1613 2676 1696 2730 bis
1733 2691 1851 2745 quae
1889 2674 2102 2745 placent

521 2767 650 2831 Deo,
709 2765 801 2818 sed
859 2775 914 2820 et
961 2779 1123 2835 Opus.
1147 2749 1228 2819 cst
1263 2765 1425 2819 facto.
1455 2763 1607 2818 Nunc
1649 2765 2099 2834 quemadmodum

517 2856 693 2909 vidisti
733 2845 995 2910 fervidam
1033 2857 1430 2924 paenitentiam,
1466 2855 1537 2908 ita
1579 2865 1635 2909 et
1662 2855 1893 2911 celerem
1920 2854 2101 2913 Patris

516 2945 940 3000 misericordiam
973 2945 1114 3000 vide.
1155 2944 1334 3014 Neque
1388 2945 1532 2999 enim
1567 2943 1901 3015 exspectavit
1931 2947 2100 3002 donec

2202 2024 2310 2091 νὸν,
2344 2026 2437 2078 καὶ
2491 2025 2727 2092 ἐνώπιόν
2771 2042 2867 2079 σου
2900 2041 2914 2055 ·
2950 2023 3269 2079 καταλιπὼν
3303 2024 3412 2096 γὰρ
3437 2023 3506 2077 τὰ
3533 2024 3786 2094 οὐράνια,

2203 2118 2453 2189 ἥμαρτον
2486 2119 2564 2181 είς
2589 2115 2784 2183 ταῦτα,
2807 2119 3156 2189 προτιμήσας
3180 2117 3359 2171 αὐτῶν
3379 2117 3477 2188 τὴν
3505 2116 3770 2170 κατάπτυ

2204 2227 2326 2263 στον
2355 2208 2572 2281 ἡδονὴν,
2613 2213 2708 2263 καὶ
2737 2209 2836 2280 τῆς
2867 2210 3126 2281 πατρίδος
3159 2226 3264 2281 μου
3297 2210 3533 2280 ούρανοῦ
3566 2210 3668 2279 τὴν
3692 2208 3787 2263 τοῦ

2201 2302 2362 2373 λιμοῦ
2412 2301 2598 2375 χώραν
2647 2304 2976 2376 προκρίνας.
3037 2304 3253 2371 Ὠσπερ
3302 2302 3409 2374 γὰρ
3449 2303 3787 2372 ἁμαρτάνειν

2199 2396 2438 2464 λέγεται,
2477 2396 2610 2467 φέρε
2655 2399 2831 2450 είπείν
2865 2398 2954 2460 είς
3010 2396 3235 2467 χρυσὸν,
3281 2396 3310 2448 δ
3341 2394 3590 2464 μόλιϐδον
3619 2393 3786 2448 αὐτοῦ

2202 2486 2508 2556 προτιμῶν,
2562 2484 2737 2550 οὕτως
2771 2488 2852 2549 εἰς
2881 2486 3110 2555 οὐρανὸν
3141 2485 3476 2556 ἁμαρτάνει,
3531 2487 3560 2538 ό
3593 2484 3786 2538 τούτου

2201 2578 2551 2648 προτιμήσας
2609 2578 2678 2631 τὰ
2707 2578 2894 2648 γήϊνα.
2926 2578 3324 2649 Ἀποτυγχάνει
3385 2578 3494 2644 γὰρ
3570 2575 3788 2639 πάντως

2202 2669 2300 2738 τῆς
2331 2672 2410 2733 εἰς
2455 2669 2548 2723 τὸν
2587 2669 2817 2740 ούρανὺν
2857 2670 3127 2741 φερούσης
3159 2668 3306 2723 ὀδοῦ.
3350 2667 3675 2738 Ἐπίστησον
3705 2666 3786 2733 δὲ,

2202 2762 2284 2815 ὅτι
2309 2801 2325 2827 ,
2356 2763 2486 2816 ὅταν
2524 2763 2624 2833 μὲν
2650 2763 2988 2834 ἡμάρτανεν,
3017 2764 3094 2826 ὡς
3127 2764 3204 2832 μὴ
3236 2761 3471 2816 ἐνώπιον
3500 2761 3594 2815 τοῦ
3647 2759 3782 2816 Θεοῦ

2207 2856 2466 2924 πράττων
2494 2855 2832 2925 ἡμάρτανεν,
2863 2854 2953 2908 ὅτε
2986 2855 3041 2907 δὲ
3081 2853 3511 2924 ἐξομολογεῖται.
3551 2852 3781 2906 ἐνώπιον

2200 2945 2295 2999 τοῦ
2325 2946 2461 3000 Θεοῦ
2497 2947 2835 3018 ἡμαρτηκὼς
2884 2947 3220 3001 αἰσθάνεται.
3268 2946 3543 3009 Ἀναστὰς
3574 2945 3630 2998 δέ
3660 2941 3790 3016 ἦλθε

521 3037 659 3091 lilius
701 3038 906 3090 veniret
953 3038 1018 3089 ad
1069 3052 1148 3100 se,
1194 3036 1285 3090 sed
1344 3037 1603 3105 praevenit
1635 3046 1688 3092 et
1714 3036 2091 3105 amplexatur;

2217 3038 2336 3108 πρὸς
2374 3039 2464 3091 τὸν
2523 3037 2736 3108 πατέρα
2793 3035 2987 3100 αὑτοῦ,
3023 3037 3104 3089 δεῖ
3145 3037 3254 3106 γὰρ
3311 3036 3459 3106 ἡμᾶς
3515 3034 3592 3106 μὴ
3629 3035 3790 3104 μόνον

525 3140 679 3198 pater
736 3129 882 3183 enim
923 3135 1004 3183 est
1057 3129 1406 3198 benignitate,
1446 3129 1610 3184 etiam
1647 3129 1691 3185 si
1725 3137 1917 3183 natura
1959 3129 2101 3185 Deus

517 3228 617 3282 est,
681 3228 735 3274 et
788 3229 932 3273 totus
991 3227 1159 3272 totum
1237 3219 1625 3288 amplectitur,
1695 3227 1755 3273 ut
1825 3219 2102 3288 undequa-

517 3325 624 3379 que
647 3312 820 3380 ipsum
846 3312 910 3365 ad
950 3326 1006 3366 se
1033 3310 1383 3380 constringat,
1407 3311 1547 3365 sicut
1579 3310 1786 3366 dictum
1816 3321 1900 3367 est
1929 3329 1942 3365 ε
1979 3331 1997 3364 ι
2041 3311 2109 3366 Et

519 3401 686 3471 gloria
723 3400 815 3457 Dei
843 3402 1200 3456 circumdabit
1252 3411 1321 3456 te.
1365 3421 1383 3454 ε
1435 3401 1576 3458 Olim
1625 3403 1838 3472 quidem
1891 3405 2106 3473 quando

520 3494 804 3563 elongabat
848 3508 906 3549 se
961 3492 1122 3560 Illius,
1170 3504 1380 3565 tempus
1412 3504 1530 3551 erat
1556 3505 1609 3550 et
1634 3495 1782 3551 Patri
1816 3506 1869 3551 ut
1894 3499 1961 3553 ab
1993 3513 2107 3551 am-

530 3583 689 3651 plexu
727 3598 786 3638 se
825 3587 1108 3653 elongaret
1138 3601 1152 3637 :
1187 3600 1330 3640 nunc
1369 3601 1498 3641 vero
1517 3603 1639 3642 cum
1675 3590 1812 3642 redit
1841 3598 1894 3644 et
1916 3604 2112 3659 appro-

525 3677 750 3747 pinquat
776 3690 871 3745 per
904 3677 1314 3732 conversionem
1343 3687 1395 3733 et
1425 3679 1747 3743 orationem,
1785 3688 1995 3749 tempus
2028 3690 2112 3735 est

525 3769 888 3839 amplexandi.
925 3768 1053 3824 Ruit
1109 3752 1272 3841 igitur
1312 3773 1368 3827 in
1405 3772 1600 3827 collum
1650 3771 1792 3842 ejus,
1821 3775 2113 3828 ostendens

526 3881 647 3920 cum
703 3866 791 3937 qui
842 3869 969 3925 olim
1021 3867 1341 3932 desciverat,
1393 3882 1533 3921 nunc
1576 3867 1948 3922 obedientem.
1991 3881 2113 3922 esse

531 3957 753 4012 factum.
813 3959 882 4012 Et
932 3959 1206 4014 osculatur
1253 3972 1398 4020 eum,
1444 3955 1935 4011 reconciliationem
1977 3956 2115 4010 iudi-

528 4064 677 4110 cans,
710 4057 763 4101 et
813 4049 965 4118 quasi
988 4049 1315 4105 vestibulum
1371 4048 1636 4118 quoddam
1671 4062 1733 4101 os
1763 4047 1950 4116 polluti
1984 4061 2114 4100 san—

528 4140 790 4207 ctilicans,
846 4157 908 4195 ac
948 4157 1044 4212 per
1104 4141 1209 4196 hoc
1268 4142 1332 4194 ad
1366 4143 1577 4195 interna
1627 4141 2110 4195 sattctilicatiouem
2162 4166 2166 4169 -

533 4233 850 4285 Emmitteus.

2178 3167 2184 3170 -
2217 3131 2505 3202 βούλεσθαι
2541 3132 2608 3184 τὰ
2641 3132 2769 3199 φίλα
2793 3129 2934 3201 Θεῷ,
2965 3129 3101 3183 ἀλλὰ
3129 3129 3226 3182 καὶ
3254 3129 3538 3199 πράττειν.
3582 3127 3795 3197 Ὠσπερ

2215 3222 2270 3274 δὲ
2300 3218 2437 3284 εἶδες
2468 3221 2678 3290 θερμὴν
2726 3224 2826 3292 τὴν
2866 3219 3177 3291 μετάνοιαν,
3225 3219 3398 3282 οὕτως
3442 3219 3535 3271 καὶ
3570 3218 3671 3289 τὴν
3703 3217 3796 3270 εύ-

2220 3312 2556 3382 σπλαγχνίαν
2586 3313 2679 3365 τοῦ
2710 3313 2914 3383 πατρὸς
2953 3313 3076 3382 ὅρα.
3115 3311 3251 3364 Οὐδὲ
3279 3311 3388 3382 γὰρ
3418 3311 3674 3380 ἀνέμεινε
3707 3310 3799 3366 τὸν

2215 3408 2328 3461 υίὶν
2360 3408 2539 3460 ἐλθεῖν
2578 3407 2738 3476 ἄχρις
2766 3406 2955 3470 αὑτοῦ,
2995 3406 3128 3460 ἀλλὰ
3159 3406 3486 3476 προφθάνει,
3521 3405 3618 3458 καὶ
3648 3421 3803 3474 περι-

2215 3500 2496 3553 πλέκεται.
2521 3569 2526 3572 _
2554 3499 2745 3571 Πατὴρ
2780 3501 2888 3570 γὰρ
2925 3501 2990 3570 τῇ
3029 3499 3384 3569 χρηστότητι,
3421 3499 3469 3550 εί
3502 3499 3599 3550 καὶ
3640 3496 3802 3568 φύσει

2211 3591 2366 3656 Θεὸς,
2407 3593 2502 3644 καὶ
2522 3591 2641 3653 ὅλος
2673 3591 2793 3645 ὅλον
2842 3591 3191 3661 περιφύεται,
3227 3591 3314 3644 ῐνα
3350 3589 3619 3643 πάντοθεν
3642 3589 3805 3661 αύτδν

2215 3686 2352 3756 πρὸς
2368 3686 2558 3738 ἑαυτὸν
2573 3685 2866 3755 συσφίγξῃ,
2889 3685 3022 3737 καθὸ
3041 3684 3279 3753 εῐρηταιο
3312 3701 3331 3734 ι
3363 3683 3474 3735 Καὶ
3500 3685 3530 3753 ἡ
3555 3680 3685 3746 δόξα
3709 3681 3806 3736 τοῦ

2215 3775 2351 3829 Θεοῦ
2401 3775 2715 3845 περιστελεῖ
2749 3791 2832 3827 σε.
2865 3794 2882 3827 ι
2908 3775 3018 3828 Καὶ
3044 3773 3214 3828 πάλαι
3252 3775 3351 3841 μὲν
3376 3773 3463 3827 ὅτε
3496 3774 3809 3842 ἐμάκρυνεν

2222 3869 2414 3922 ἐαυτὸν
2439 3869 2467 3920 ὁ
2498 3868 2634 3932 υίὸς,
2670 3866 2861 3937 καιρὸς
2885 3862 2952 3937 ἦν
2985 3867 3078 3920 καὶ
3116 3865 3194 3936 τῷ
3229 3866 3398 3937 πατρὶ
3427 3865 3525 3918 τοῦ
3562 3882 3811 3936 μακρυν-

2221 3961 2378 4031 θῆναι
2408 3959 2514 4014 ἀπὸ
2544 3961 2643 4027 τῆς
2675 3959 3022 4030 περιλήψεως
3052 3974 3065 3988 ⁶
3096 3959 3186 4012 ὅτε
3238 3959 3295 4012 δὲ
3332 3959 3528 4028 ἧγγισε
3587 3958 3674 4012 διὰ
3708 3958 3809 4026 τῆς

2223 4053 2536 4124 προσευχῆς
2569 4053 2669 4107 καὶ
2721 4053 2820 4122 τῆς
2850 4052 3207 4124 ἐπιστροφῆς,
3243 4051 3439 4123 καιρὸς
3463 4051 3682 4119 ἐγένετο
3713 4049 3810 4104 τοῦ

2223 4145 2563 4218 περιλαϐεῖν.
2610 4143 2931 4199 Ἐπιπίπτει
2965 4145 3146 4199 τοίνυν
3196 4145 3289 4198 ἐπὶ
3347 4145 3440 4197 τὸν
3502 4144 3807 4214 τράχηλον,

2222 4237 2314 4290 τὸν
2361 4235 2778 4291 ἁποστατοῦντα
2812 4233 3040 4305 πρώην,
3095 4235 3375 4306 πειθήνιον
3428 4233 3525 4287 νῦν
3557 4233 3815 4297 γενέσθαι

530 4324 955 4394 ἐνδεικνύμενος.
981 4327 1089 4380 Καὶ
1113 4326 1403 4396 καταφιλεϊ
1423 4327 1609 4394 αὐτὸν,
1630 4325 1728 4398 τὴν
1756 4325 2104 4396 καταλλαγὴν
2143 4328 2424 4390 δεικνύων,
2460 4330 2557 4382 καὶ
2623 4323 2740 4380 οἷό]
2771 4346 2823 4381 τι
2858 4328 3201 4398 προπύλαιον
3239 4329 3301 4380 τὸ
3350 4328 3528 4398 στόμα
3594 4327 3817 4398 πρῶτον

531 4417 624 4472 τοῦ
678 4419 995 4488 μιανθέντος
1031 4421 1295 4488 ἁίιάζων,
1329 4415 1448 4475 εἷτα
1483 4422 1570 4475 διὰ
1621 4421 1811 4475 τούτου
1865 4425 1960 4476 καὶ
2007 4424 2100 4476 ἐπὶ
2139 4425 2206 4476 τὰ
2243 4424 2393 4479 ἔνδον
2425 4425 2516 4479 τὸν
2547 4424 2821 4493 ἁγιασμὸν
2856 4423 3200 4495 εἰσπέμπων.

606 4514 765 4571 Vsus.
790 4516 981 4570 22-24.
1007 4535 1025 4566 ι
1059 4516 1200 4569 Dixit
1224 4527 1399 4570 autem
1428 4526 1578 4586 pater
1609 4517 1674 4570 ad
1713 4531 1898 4571 servos
1927 4532 2054 4572 suos
2093 4535 2105 4571 :

2295 4537 2312 4570 ι
2355 4515 2487 4571 Eine
2511 4518 2566 4572 δὲ
2592 4520 2619 4571 ό
2648 4517 2830 4589 πατὴρ
2852 4517 2988 4586 πρὸς
3013 4519 3138 4578 τοὺς
3179 4515 3398 4578 δούλους
3424 4517 3588 4570 αὐτοῦ
3629 4533 3640 4547 ⁸

537 4608 778 4664 Proferte
820 4610 1010 4663 stolam
1077 4611 1326 4676 primam,
1383 4617 1438 4664 et
1489 4611 1693 4665 induite
1755 4610 1904 4665 illum
1943 4629 1956 4666 :
1994 4612 2118 4666 date

534 4701 790 4755 annulum
843 4702 892 4754 in
959 4717 1175 4754 manum
1241 4701 1378 4770 ejus,
1427 4710 1480 4755 et
1529 4701 1895 4756 calce-amenta
1946 4703 1995 4756 in
2027 4719 2116 4772 pe-

537 4795 633 4849 des
666 4812 678 4848 :
708 4804 761 4848 et
815 4795 1064 4848 adducite
1113 4794 1335 4847 vitulum
1391 4794 1536 4846 illum
1579 4795 1902 4864 saginatum,
1956 4808 2117 4865 atque

542 4894 795 4949 mactate,
824 4887 1160 4955 sumptisque
1187 4885 1364 4956 epulis
1391 4885 1632 4940 laatemnr
1664 4902 1678 4939 :
1712 4886 1834 4954 quia
1858 4885 1946 4940 hic
1977 4886 2116 4940 (ilius

543 4991 692 5031 meus
724 4984 967 5034 mortuus
993 4989 1130 5045 erat,
1156 4986 1209 5032 et
1239 4977 1428 5032 revixit
1453 4995 1468 5043 ;
1505 4977 1764 5048 perierat,
1798 4989 1851 5032 et
1879 4979 2129 5033 inventus

544 5077 647 5123 est.
680 5069 748 5123 Et
795 5078 1074 5138 coeperunt
1131 5071 1321 5123 lzetari.
1357 5089 1376 5122 ι
1416 5069 1517 5125 Per
1541 5084 1727 5125 servos
1770 5070 2006 5140 intelligo
2036 5069 2118 5125 vel

544 5160 764 5229 angelos
817 5162 1236 5215 ministratorios
1275 5162 1516 5230 spiritus,
1577 5163 1666 5232 qui
1725 5162 2012 5216 mittuntur
2076 5164 2130 5216 in

545 5250 903 5306 ministerium
955 5263 1174 5321 propter
1225 5267 1317 5307 cos
1352 5254 1440 5321 qui
1469 5255 1640 5310 salute
1690 5256 1835 5326 digni
1869 5265 2014 5310 sunt.
2057 5255 2133 5310 llli

546 5343 688 5396 enim
745 5343 984 5397 vestiunt
1033 5360 1060 5396 a
1095 5357 1313 5412 peccato
1349 5356 1702 5401 revertentem
1752 5347 1891 5402 stola
1937 5349 2131 5413 prima,

549 5433 663 5487 sive
714 5434 912 5503 prisca,
957 5450 1140 5502 quam,
1197 5438 1510 5506 priusquam
1546 5453 1913 5505 peccaremus,
1951 5450 2131 5507 geSIa-

547 5524 738 5580 i'atnus
766 5565 779 5590 ,
804 5526 1118 5580 indumento
1165 5529 1371 5584 scilicet
1403 5531 1824 5600 incorruptionis
1857 5550 1869 5585 :
1901 5533 1978 5585 vel
2015 5549 2134 5601 prc-

620 5658 698 5734 (a)
730 5660 1024 5734 βίη-μίμνε.
1050 5663 1269 5725 omittit,
1290 5674 1336 5717 et
1361 5666 1482 5734 quia
1511 5675 1629 5718 sunt
1661 5665 1947 5719 mirabilia.

623 5728 700 5802 (ὁ)
729 5729 781 5785 In
819 5732 911 5787 Ed.
949 5731 1068 5788 Lut.
1101 5728 1436 5801 omittuntur,
1469 5755 1570 5791 non
1623 5739 1672 5791 in
1723 5738 1889 5806 primo
1934 5737 2134 5791 ordino.

3692 4519 3816 4585 Ἓξ,

2226 4610 2488 4678 ενέγκατε
2513 4611 2611 4679 τὴν
2628 4609 2821 4680 στολὴν
2836 4610 2934 4677 τὴν
2954 4607 3198 4678 πρώτην,
3223 4610 3315 4662 καὶ
3339 4609 3600 4662 ἐνδύσατε
3627 4612 3812 4677 αὑτὸν,

2226 4705 2318 4757 καὶ
2348 4703 2466 4755 δότε
2501 4701 2787 4754 δακτύλιον
2821 4702 2901 4763 εἰς
2929 4700 3029 4770 τὴν
3052 4703 3212 4771 χεῖρα
3261 4700 3450 4766 αὑτοῦ,
3490 4704 3583 4757 καὶ
3610 4704 3821 4775 ὑποδή-

2229 4813 2377 4866 ματα
2420 4797 2500 4858 είς
2543 4796 2673 4857 τοὺς
2713 4794 2877 4858 πόδας
2909 4792 3097 4857 αὑτοῦ,
3154 4793 3250 4845 καὶ
3280 4793 3674 4861 ἐξενέγκαντες
3722 4797 3818 4850 τὸν

2233 4891 2432 4962 μόσχον
2461 4890 2552 4944 τὸν
2585 4891 2832 4944 σιτευτὸν
2864 4891 3090 4955 θύσατε,
3149 4890 3246 4944 καὶ
3270 4891 3539 4958 φαγόντες
3570 4893 3819 4960 εὐφραν-

2227 4984 2432 5053 θῶμεν,
2472 4984 2554 5037 ὃτι
2581 4985 2607 5036 ὁ
2630 4984 2741 5046 υἱός
2768 5001 2869 5053 μου
2891 4975 3047 5045 οὗτος
3078 4982 3275 5050 νεκρὸς
3307 4977 3396 5052 ἦν,
3430 4983 3525 5035 καὶ
3549 4983 3811 5050 ἁνέζησε,

2232 5076 2324 5127 καὶ
2353 5072 2649 5136 ἀπολωλὼς
2690 5069 2780 5142 ἦν,
2809 5073 2900 5126 καὶ
2932 5073 3152 5143 εὑρέθη.
3185 5071 3297 5126 Καὶ
3322 5072 3559 5143 ἤρξαντο
3589 5073 3824 5144 εὐφραίο

2232 5164 2443 5218 νεσθαι.
2523 5182 2541 5215 ε
2597 5164 2831 5226 Δούλους
2879 5164 3075 5234 ἢτοὺς
3135 5162 3403 5230 ἀγγέλους
3471 5165 3720 5231 νοήσαις,
3755 5165 3823 5216 τὰ

2232 5257 2585 5324 λειτουργικᾶ
2631 5255 2920 5324 πνεύματα
2955 5255 3023 5307 τὰ
3053 5253 3384 5324 στελλόμενα
3427 5256 3506 5318 είς
3540 5255 3822 5309 διακονίαν

2237 5351 2325 5403 δια
2354 5349 2477 5411 τοὺς
2515 5348 2791 5417 σωτηρίας
2822 5347 3028 5414 ἀξίουςο
3073 5347 3168 5398 καὶ
3203 5347 3311 5413 γὰρ
3341 5340 3489 5400 οὗτοι
3519 5347 3823 5411 στολίζουσι

2239 5443 2330 5493 τὸν
2352 5443 2417 5493 ἐκ
2459 5441 2657 5502 κακίας
2687 5442 2842 5492 επιστ
2855 5438 3088 5508 ρέφοντα
3115 5436 3211 5506 τὴν
3236 5438 3428 5507 στολὴν
3451 5437 3548 5507 τὴν
3575 5435 3824 5506 πρώτην,

2242 5533 2360 5604 ἦτοι
2386 5535 2486 5602 τὴν
2525 5533 2783 5604 ἀρχαίαν,
2810 5534 2874 5603 ἣν
2924 5531 3055 5602 πρὶν
3092 5530 3361 5601 ἁμαρτεῖν
3391 5529 3722 5602 ἑφοροῦμεν,
3766 5528 3827 5582 τὸ

2245 5665 2450 5720 Czetera
2496 5678 2619 5722 sunt
2651 5685 2814 5722 :aanc
2852 5667 2945 5722 illa
2993 5662 3315 5719 miserabilia
3365 5675 3565 5736 aportct
3600 5665 3645 5720 ei
3695 5679 3824 5719 ειιιο

2250 5753 2471 5791 mcrare.
