4110 6332
283 313 390 378 957

1037 315 1487 379 ENARBATIO
1528 315 1610 376 IN
1649 314 2160 380 EVANGELIUM
2190 318 2430 383 LUC-’8.
2463 320 2708 394 -CAP.
2744 318 2869 380 XV.
2963 338 2975 348 ·

3489 309 3596 374 958

276 423 604 498 ισδυματῆς
641 425 978 500 ἀφθαρσίας,
1008 429 1042 498 ἢ
1081 429 1183 498 τὴν
1236 430 1429 500 τιμίαν
1473 427 1575 499 τὴν
1609 427 1720 497 πρὸ
1761 426 1863 481 τῶν

1981 430 2117 484 tiosa
2166 444 2289 500 qua:
2321 429 2586 499 dignitate
2643 434 2865 498 praestat
2904 424 3025 481 aliis
3085 420 3368 486 omnibus,
3403 429 3463 477 ut
3494 425 3594 477 ba-

275 520 456 573 άλλων
490 519 704 579 πασῶν,
732 513 823 572 οἷά
851 520 1004 573 ἐστιν
1033 520 1067 591 ἡ
1095 519 1188 573 τοῦ
1224 520 1627 591 βαπτίσματος.
1677 516 1877 590 Πρώτη

279 619 394 689 γάρ
427 633 520 687 μοι
551 615 691 687 αὓτη
722 614 1088 685 περιτίθεται,
1129 617 1226 670 καὶ
1253 617 1385 686 παρτ
1416 617 1588 686 αὐτῆς
1614 616 1878 686 λαμϐάνω

271 713 382 781 τὴν
426 711 528 780 τῆς
583 709 982 780 ἀσχημοσύνης
1020 710 1379 780 περιστολήν.
1422 710 1490 766 Ἦ
1522 709 1704 764 τοίνυν
1750 710 1878 773 τοὺς

274 804 548 872 ἀγγέλους
570 804 796 874 νοήσαις
824 802 1071 867 δούλους,
1113 803 1244 866 τοὺς
1292 805 1430 856 πᾶσι
1463 805 1575 867 τοῖς
1620 802 1712 873 ὑφ’
1742 805 1877 873 ἡμῖν

269 898 631 966 τελουμένοις
666 897 1143 967 διακονουμένους,
1195 897 1292 950 καὶ
1325 894 1396 950 δι’
1429 889 1506 951 ὧν
1535 895 1876 967 ἀγιαζόμεθα

273 991 464 1056 μέσων
497 1006 511 1020 ⁸
559 991 593 1061 ἢ
635 991 730 1042 καὶ
756 989 884 1053 τοὺς
916 989 1106 1060 ἱερεῖς,
1136 990 1265 1052 τοὺς
1300 989 1394 1042 καὶ
1424 988 1510 1043 διὰ
1557 988 1876 1057 βαπτίσμα-

267 1100 387 1145 τος,
413 1083 510 1135 καὶ
535 1083 694 1151 λόγου
717 1080 1103 1136 διδασκαλικοῦ
1120 1081 1214 1135 τὸν
1237 1081 1636 1153 ἐπιστρέφοντα
1660 1081 1874 1135 ἐνδύον-

267 1194 394 1241 τας,
425 1180 522 1232 καὶ
558 1177 754 1247 στολὴν
799 1176 1025 1249 πρώτην
1062 1177 1466 1248 περιτιθέντας,
1501 1178 1593 1231 τὸν
1637 1177 1874 1248 Χριστὸν

267 1269 438 1321 αὐτόν
489 1267 627 1337 (ὅσοι
650 1268 760 1337 γὰρ
791 1268 1211 1338 ἐϐαπτίσθημεν
1232 1269 1312 1332 είς
1344 1269 1607 1340 Χρ;στὸν.
1637 1271 1874 1340 Χριστὸν

267 1360 686 1431 ἑνεδυσάμεθα).
711 1362 803 1414 καὶ
844 1360 1136 1417 δακτύλιον
1172 1360 1414 1415 διδόασιν
1443 1365 1523 1426 είς
1561 1361 1660 1432 τὴν
1685 1364 1871 1432 χεῖρα,

263 1453 371 1524 τὴν
428 1453 702 1523 σφραγῖδα
742 1451 838 1505 τοῦ
871 1452 1334 1523 Χριστιανισμοῦ.
1368 1454 1438 1526 ἢν
1457 1453 1546 1507 διὰ
1561 1455 1671 1507 τῶν
1695 1453 1873 1524 ἔργων

265 1547 506 1617 ἔχομεν’
558 1548 590 1616 ἠ
627 1547 726 1617 μὲν
767 1547 877 1618 γὰρ
910 1550 1031 1617 χεὶρ
1069 1547 1171 1617 τῆς
1217 1548 1475 1618 πράξεως
1519 1547 1811 1617 σύμϐολον,
1843 1550 1872 1602 6

264 1640 325 1692 δὲ
363 1639 649 1703 δακτύλιος
687 1641 786 1711 τῆς
827 1639 1170 1710 σφραγίδοςυ
1221 1641 1250 1694 6
1295 1640 1477 1694 τοίνυν
1521 1639 1868 1710 βαπτισθεὶς,

266 1733 367 1786 καὶ
392 1732 581 1796 ἁπλῶς
620 1736 647 1786 6
686 1733 793 1787 ἀπὸ
825 1734 1027 1797 κακίας
1070 1734 1444 1804 ἐπιστρέφων,
1485 1733 1694 1804 ὀφείλει
1725 1734 1868 1806 ἔχειν

267 1825 365 1877 ἐπὶ
417 1825 516 1894 τῆς
549 1827 757 1896 χειρὸς,
810 1819 1115 1891 τουτέστιν,
1161 1827 1257 1881 ἐπὶ
1292 1827 1476 1897 πάσης
1544 1828 1866 1898 πρακτικῆς

263 1915 575 1986 δυνάμεως,
604 1917 907 1988 σφραγῖδα,
943 1917 1037 1970 καὶ
1055 1915 1347 1987 γνώρισμα
1379 1917 1738 1987 Χριστιανοῦ,
1779 1918 1866 1971 ἵνα

261 2006 543 2060 δεικνύναι
581 2006 707 2079 ἔχῃ,
759 2008 835 2068 ῶς
868 2009 989 2061 κατ’
1020 2009 1207 2061 είκόνα
1237 2007 1332 2064 τοῦ
1381 2010 1667 2068 κτίσαντος
1703 2009 1868 2063 αὐτὸν

216 2105 233 2113 ⁷
261 2098 650 2169 ἁνεκαινίσθη.
701 2100 772 2151 Ἢ
802 2099 899 2151 καὶ
928 2098 1108 2162 ἄλλως
1149 2100 1381 2167 νοήσαις
1426 2099 1518 2153 τὸν
1553 2100 1864 2164 δακτύλιον,

261 2187 568 2260 ἀρραϐῶνα
595 2187 688 2242 τοῦ
722 2188 1063 2259 Πνεύματος⁶
1095 2185 1210 2244 οἷον
1253 2190 1310 2243 τί
1342 2207 1506 2261 φημι*
1548 2191 1610 2245 '0
1633 2192 1769 2257 Θεὸς
1796 2194 1867 2246 τὰ

268 2279 375 2359 μὲν
397 2279 715 2332 τελειότατα
739 2279 924 2346 ἀγαθὰ
951 2280 1072 2333 τότε
1119 2279 1358 2345 δίδωσιν,
1387 2280 1476 2334 ὅτε
1500 2281 1706 2336 τούτων
1739 2300 1863 2336 και-

263 2371 385 2439 ρὸς,
431 2371 524 2423 καὶ
549 2370 646 2423 νῦν
668 2371 724 2423 δὲ
757 2371 1126 2443 πιστούμενος
1167 2373 1394 2442 δηλαδὴ,
1428 2376 1614 2429 ἐκεῖνα
1647 2376 1865 2432 δίδωσιν

258 2466 399 2533 ἡμῖν
422 2465 761 2535 χαρίσματα,
787 2459 900 2518 οἶόν
930 2483 1083 2529 τινας
1123 2466 1456 2538 ἀρραϐῶνας
1501 2468 1610 2522 τῶν
1642 2469 1865 2540 μελλόν-

257 2572 395 2617 των,
432 2559 543 2619 τοῖς
589 2558 686 2627 μὲν
728 2559 1203 2629 θαυματουργίαν,
1258 2563 1372 2624 τοῖς
1396 2561 1451 2613 δὲ
1483 2560 1859 2627 διδασκαλίαν,

258 2650 380 2705 τοῖς
408 2647 467 2702 δὲ
497 2649 628 2700 ἄλλο
677 2666 755 2713 τι,
807 2648 902 2702 καί⁵
953 2648 1127 2702 ταῦτα
1179 2649 1462 2721 δεχόμενοι
1505 2651 1617 2705 ἀπὸ
1656 2653 1862 2706 τούτων

261 2740 362 2794 καὶ
390 2741 460 2794 τά
493 2742 807 2811 τελειότερα
838 2741 1075 2811 βεϐαίως
1135 2741 1453 2813 ἐλπίζομεν.
1496 2745 1860 2816 ’Υποδήματα

261 2833 348 2896 είς
373 2834 502 2897 τοὺς
534 2835 726 2896 πόδας,
763 2835 852 2887 ἵνα
888 2835 1263 2900 φυλάττωνται
1287 2835 1397 2889 ἀπὸ
1419 2836 1532 2889 τῶν
1555 2840 1859 2910 σκορπίων,

259 2924 376 2978 τῶν
410 2926 622 2996 μικρῶν
669 2927 870 2996 δηλαδὴ
909 2927 1217 2981 δοκούντων
1268 2929 1709 3001 ἁμαρτημάτων,
1765 2933 1862 2985 καὶ

261 3018 537 3089 κρυφίων,
571 3018 647 3080 ὠς
696 3019 800 3090 ἔφη
853 3020 1043 3084 Δαυῒδ,
1084 3021 1228 3091 πλὴν
1265 3021 1593 3077 θανατωδῶν
1623 3024 1716 3076 καὶ
1756 3024 1858 3076 αύ-

1983 520 2166 590 ptismi
2219 521 2509 593 dignitate.
2537 520 2717 575 Prima
2752 519 2899 575 enim
2937 533 3036 573 nos
3075 515 3165 571 illa
3203 514 3390 577 vestit,
3429 521 3484 566 et
3524 515 3592 565 ab

1980 625 2045 665 ea
2105 611 2372 667 sumimus
2433 609 2735 667 honestatis
2785 608 3064 663 vestitum.
3125 603 3220 660 Vel
3273 618 3370 677 per
3407 618 3597 658 servos

1982 702 2224 773 intellige
2276 703 2518 775 angelos,
2577 703 2668 772 qui
2702 694 3016 756 ministrant
3041 699 3298 756 omnibus
3323 713 3444 768 qua:
3471 711 3598 766 pro-

1984 804 2068 850 ter
2102 811 2200 849 nos
2255 795 2409 860 ﬁunt,
2441 805 2494 850 et
2539 795 2738 865 quibus
2763 794 3131 864 mediantibus
3162 791 3594 847 sanctiﬁcamur.

1984 884 2080 941 Vel
2108 888 2276 940 etiam
2325 886 2666 950 sacerdotes,
2743 886 2834 957 qui
2870 899 3165 940 conversos
3251 897 3348 952 per
3422 881 3597 951 bapti-

1979 995 2156 1033 smum
2186 980 2268 1033 vel
2295 981 2521 1034 verbum
2546 980 2810 1034 doctrina:
2837 978 3093 1042 induunt,
3163 987 3218 1031 et
3242 977 3470 1030 induunt
3497 988 3595 1029 eos

1978 1070 2253 1127 Christum
2307 1073 2500 1130 stolam
2566 1073 2798 1143 primam
2848 1070 3189 1142 (quicunque
3247 1069 3392 1121 enim
3423 1068 3593 1134 bapti-

1978 1164 2086 1219 Ζειιὶ
2142 1180 2331 1219 sumus
2365 1166 2417 1220 itt
2449 1163 2757 1227 Christum,
2807 1163 2980 1219 induti
3017 1175 3212 1216 sumus
3259 1159 3590 1225 Christum),

1975 1271 2030 1315 et
2058 1259 2315 1314 annulum
2374 1264 2466 1316 dat
2502 1262 2556 1316 in
2586 1276 2830 1324 manum,
2864 1260 3204 1330 signaculum
3263 1257 3595 1312 Christiani-
3677 1330 3683 1334 _

1977 1348 2106 1410 stui,
2136 1350 2281 1417 quod
2331 1365 2429 1419 per
2450 1366 2617 1420 Opera
2641 1351 2930 1406 habemus.
2968 1349 3106 1404 Nam
3145 1364 3342 1404 manus
3377 1349 3597 1418 symbo-

1981 1440 2097 1496 lttm
2133 1445 2473 1510 operationis
2505 1453 2608 1510 est,
2660 1447 2897 1502 annulus
2929 1461 3058 1500 vero
3098 1443 3388 1510 signaculi.
3425 1444 3597 1514 igitur

1979 1534 2305 1604 baptizatus,
2371 1547 2426 1591 et
2493 1538 2672 1605 omnis
2731 1538 2825 1607 qui
2876 1554 2904 1592 a
2936 1548 3166 1608 peccato
3221 1537 3584 1604 convertitur,

1976 1627 2138 1682 debet
2193 1627 2398 1684 habere
2453 1629 2507 1684 in
2555 1646 2738 1696 manu,
2783 1629 2888 1686 hoc
2914 1641 3018 1695 est,
3045 1629 3327 1699 operatira
3360 1630 3586 1691 virtute,

1975 1720 2314 1788 signaculum
2346 1721 2644 1776 Christiani
2680 1740 2694 1777 :
2733 1732 2794 1778 ut
2841 1724 3223 1777 demonstrare
3254 1730 3414 1792 queat
3448 1720 3592 1788 quod

1979 1823 2262 1868 recreatus
2313 1815 2384 1869 sit
2415 1815 2480 1869 ad
2516 1815 2806 1886 imaginem
2832 1815 2951 1886 ejus
2984 1815 3076 1883 qui
3109 1830 3168 1870 se
3196 1813 3464 1868 condidit.
3496 1812 3595 1867 Vel

1968 1904 2125 1959 aliter
2159 1924 2174 1959 :
2206 1921 2305 1976 per
2324 1907 2586 1960 annulum
2617 1907 2887 1978 intelliges
2919 1907 3283 1961 arrhabonem
3305 1905 3540 1976 Spiritus
3575 1923 3590 1960 :

1969 2008 2028 2050 ttt
2061 1998 2294 2069 exempli
2342 2003 2517 2071 gratia
2573 2001 2704 2070 quid
2767 2001 2967 2067 dicam,
3004 2002 3146 2056 Deus
3189 2000 3590 2069 perfectissima

1969 2091 2108 2146 bona
2169 2103 2298 2146 tunc
2355 2093 2470 2152 dat.
2529 2094 2752 2165 quando
2802 2110 2987 2148 eorum
3039 2104 3254 2164 tempus
3289 2093 3496 2148 fuerit:
3536 2101 3595 2147 et

1969 2199 2113 2240 nunc
2163 2194 2215 2239 ut
2242 2185 2521 2241 credibilia
2581 2188 2711 2251 sint,
2745 2186 2836 2240 illa
2877 2187 3034 2241 nobis
3082 2188 3175 2241 dat
3221 2188 3586 2243 charismata.

1971 2288 2029 2331 ttt
2062 2277 2427 2333 arrhabouetn
2465 2279 2770 2334 futurorum
2803 2298 2818 2335 :
2845 2288 2899 2335 et
2922 2281 3042 2334 aliis
3074 2284 3274 2333 donum
3329 2281 3589 2346 operandi

1969 2373 2261 2436 miracula,
2293 2373 2419 2428 aliis
2451 2374 2702 2436 docendi.
2743 2374 2865 2429 aliis
2906 2389 3038 2430 vero
3069 2375 3214 2429 aliud
3243 2373 3592 2446 mquid-

1972 2465 2101 2519 dam
2143 2474 2394 2520 :etcum
2456 2465 2544 2519 illa
2604 2468 2958 2536 suscipimus,
3018 2467 3248 2522 firmiter
3298 2477 3353 2521 et
3408 2467 3591 2534 perfe-

1968 2559 2143 2611 ctiora
2201 2567 2578 2624 expectamus.
2636 2557 2699 2611 Et
2745 2558 2960 2612 calceos
2991 2559 3058 2612 ad
3087 2558 3274 2627 pedes,
3319 2565 3376 2611 ttt
3406 2567 3592 2611 custo-

1965 2650 2189 2704 diantur
2221 2665 2249 2718 a
2304 2650 2557 2720 secrpiis,
2618 2653 2860 2721 peccatis
2905 2651 3121 2707 scilicet
3150 2666 3271 2721 qua:
3326 2653 3585 2706 videntur

1967 2758 2132 2812 parva
2167 2750 2220 2796 et
2252 2743 2489 2810 occulta,
2521 2744 2662 2799 sient
2696 2743 2912 2799 dicebat
2942 2745 3134 2808 David,
3159 2753 3402 2796 attamen
3436 2759 3588 2798 mor-

1968 2836 2147 2891 tiferis
2181 2849 2235 2891 et
2279 2837 2412 2907 ipsis
2448 2854 2462 2891 :
2497 2847 2662 2906 atque
2689 2838 2854 2892 etiam
2909 2854 2937 2891 a
2970 2837 3344 2906 serpentibus,
3380 2838 3430 2891 id
3481 2848 3583 2896 est.

1966 2929 2205 2997 peccatis
2226 2945 2345 2998 qua:
2380 2930 2667 2984 manifeste
2691 2945 2889 2985 nocere
2917 2940 3236 2984 censentur.
3265 2929 3360 2986 Vel
3393 2930 3578 2985 aliter:

1965 3022 2332 3076 calt'eamettta
2358 3014 2568 3076 dantur
2597 3023 2644 3077 ei
2672 3025 2763 3092 qui
2799 3024 3032 3093 primam
3070 3023 3270 3076 stolam
3299 3033 3588 3078 assecutus

259 3110 374 3165 τῶν
395 3128 408 3142 ·
444 3111 534 3165 ναὶ
567 3111 673 3182 μὴν
695 3112 788 3164 καὶ
817 3112 925 3165 ἀπὸ
947 3111 1126 3180 ὄφεων
1147 3114 1255 3165 τῶν
1278 3113 1571 3184 προφανῶς
1599 3113 1860 3184 βλάπτειν

1970 3126 2070 3177 est,
2103 3115 2336 3171 faciente
2381 3117 2490 3171 Deo
2520 3131 2642 3170 eum
2685 3128 2870 3185 aptum
2904 3125 2962 3169 ut
3007 3117 3294 3170 anttuntiet
3335 3117 3591 3186 EVftltgco

260 3204 664 3273 νομιζομένων,
715 3205 861 3275 φημὶ
896 3204 1206 3275 ἁμαρτιῶν.
1254 3208 1364 3259 Kal.
1407 3206 1581 3270 ἄλλως
1618 3208 1700 3273 δὲ,
1732 3209 1862 3262 ὑπο-

258 3296 487 3367 δήματα
520 3295 756 3350 δίδονται
791 3297 898 3382 τῷ]
921 3295 1208 3362 ἀξιωθέντι
1245 3299 1346 3368 τῆς
1383 3299 1609 3370 πρώτης
1645 3300 1859 3369 στολῆς,

260 3389 553 3454 ποιοῦντος
578 3387 671 3441 τοῦ
713 3377 878 3442 Geo-3"
900 3391 1063 3443 αὑτὸν
1097 3389 1320 3459 ἕτοιμον
1351 3393 1432 3454 είς
1477 3392 1538 3444 τὸ
1574 3393 1863 3460 εὐαγγελί-

230 3471 236 3475 “
264 3482 482 3550 ζεσθαι,
516 3485 612 3537 καὶ
643 3484 876 3553 ὠφελεῖν
913 3485 1157 3554 ἐτέρους.
1189 3483 1365 3538 Τοῦτο
1397 3484 1508 3555 γὰρ
1537 3486 1564 3537 6
1602 3487 1862 3556 Χριστια-

263 3574 355 3638 νὸς
387 3575 484 3628 τοῦ
522 3575 808 3647 πλησίονὴ
837 3575 1100 3645 ὠφέλεια.
1136 3576 1357 3646 Μόσχος
1387 3577 1446 3630 δὲ
1481 3579 1726 3640 σιτευτὸς
1761 3579 1864 3633 οὒκ

262 3668 548 3732 ἀγνοεῖται
587 3670 668 3731 τίς
701 3671 871 3730 ἐστιν,
921 3655 955 3721 δ’
1001 3669 1286 3737 θυόμενος,
1342 3669 1436 3721 καὶ
1501 3669 1859 3740 ὲσθιόμενοςο

263 3759 486 3822 πάντως
521 3763 628 3830 γὰρ
676 3761 704 3812 ό
735 3759 942 3830 ἀληθὴς
975 3759 1104 3822 Υἱὸς
1139 3755 1235 3811 τοῦ
1274 3759 1436 3826 Θεοῦ,
1471 3759 1609 3812 καθὸ
1647 3759 1861 3831 ἀνορω-

261 3867 390 3913 πος,
448 3851 543 3903 καὶ
594 3850 776 3919 σάρκα
835 3849 1050 3917 εἴληφε,
1105 3849 1208 3917 τὴν
1260 3849 1460 3915 ἄλογον
1515 3847 1700 3916 φύσει.
1766 3848 1862 3900 καὶ

265 3939 546 4012 κτηνώόη,
584 3940 689 3994 κᾶν
740 3942 914 4009 αὐτὴν
954 3940 1064 3993 τῶν
1116 3938 1339 3994 οἰκείων
1377 3939 1719 4010 αὐχημάτων
1759 3957 1863 3993 πε.

266 4034 548 4101 τλήρωκε.
583 4033 742 4086 Κατὰ
789 4033 950 4086 τοῦτο
987 4035 1188 4103 μόσχος
1225 4034 1452 4099 νοεῖται,
1496 4034 1862 4104 ἀπειρόζυγος

269 4126 370 4197 μὲν
409 4123 502 4176 τοῦ
539 4123 707 4191 νόμου
755 4123 857 4194 τῆς
893 4125 1196 4193 ἁμαρτίας·
1239 4125 1484 4188 σιτευτὸς
1519 4125 1597 4188 δὲ,
1625 4125 1761 4178 καθὸ
1780 4128 1861 4187 εἰς

263 4207 431 4270 τοῦτο
449 4217 506 4269 τὸ
532 4216 838 4288 μυστήριον
863 4216 1074 4288 saepe.
1095 4234 1146 4269 το
1167 4217 1273 4287 πρὸ
1295 4217 1607 4286 καταϐολῆς
1626 4217 1858 4286 κόσμου.

266 4309 377 4361 Καὶ
430 4308 860 4378 περιεργότερον
887 4305 944 4360 δὲ
978 4305 1049 4360 (at
1088 4325 1110 4370 ;
1155 4306 1298 4371 δόξει
1345 4307 1409 4360 τὸ
1461 4307 1858 4378 ῥηθησόμενον,

261 4406 417 4473 ὅμως
446 4403 747 4472 ῥηθήσεται
768 4419 783 4432 ·
816 4402 900 4455 ὅτι
946 4404 974 4454 6
1035 4430 1044 4452 ι
1076 4419 1221 4472 ρτος,
1267 4402 1326 4454 ὃν
1362 4401 1583 4471 κλῶμεν
1617 4401 1760 4454 κατά
1800 4401 1860 4453 τὸ

1972 3209 2126 3272 lium,
2182 3218 2345 3277 atque
2379 3209 2502 3262 aliis
2563 3207 2758 3275 prosit.
2818 3208 3119 3262 Christiani
3157 3209 3304 3264 enim
3335 3219 3418 3263 est
3459 3226 3572 3277 pro

1949 3292 2132 3355 'dt-sse
2200 3301 2471 3368 proximo.
2528 3298 2745 3354 Vitulus
2811 3302 3097 3370 saginatus
3153 3316 3256 3354 non
3301 3302 3586 3371 ignoratur

1969 3396 2094 3464 quis
2129 3395 2224 3460 sit,
2257 3396 2348 3464 qui
2404 3395 2724 3449 immolatur
2752 3404 2807 3449 et
2843 3396 3171 3449 comeditur.
3207 3395 3345 3448 Nam
3382 3405 3466 3449 est
3495 3410 3588 3450 vo-

1971 3503 2061 3542 rus
2113 3487 2283 3543 Filius
2316 3486 2431 3551 Dei,
2469 3497 2519 3541 ei
2565 3487 2633 3540 ila
2672 3487 2836 3542 homo
2863 3488 2957 3557 qui
2993 3505 3226 3542 carttcttt
3263 3489 3584 3557 assumpsit,

1969 3590 2157 3634 natura
2214 3577 2667 3642 irrationabiletn,
2712 3588 2768 3633 et
2821 3579 3064 3647 brutam,
3112 3580 3371 3648 illamque
3401 3581 3586 3635 divino

1968 3672 2174 3726 honore
2205 3670 2450 3739 implevit
2493 3688 2506 3722 :
2539 3679 2592 3722 et
2621 3673 2948 3723 secundtttn'
2975 3669 3082 3724 hoc
3117 3670 3317 3724 vitulus
3361 3671 3584 3732 dicitur,

1968 3779 2075 3819 non
2126 3763 2270 3818 enim
2307 3772 2564 3831 expertus
2605 3761 3042 3833 cstjngnmlegis
3079 3764 3288 3832 peceati
3322 3778 3336 3826 ;
3366 3764 3586 3831 sagina-

1970 3866 2056 3911 ttts
2088 3872 2242 3921 vero,
2274 3855 2574 3910 secundum
2610 3855 2755 3924 quod
2800 3855 2867 3908 ad
2925 3856 3028 3910 hoc
3085 3856 3404 3927 mysterium
3437 3856 3586 3909 ordi-

1969 3955 2130 3999 natus
2182 3957 2266 4000 est
2319 3955 2448 4000 ante
2501 3946 2948 3999 constitutionem
2983 3947 3194 4000 mutuli.
3222 3947 3288 4000 Et
3328 3945 3584 4000 fortassis

1966 4038 2232 4093 Curiosius
2276 4038 2548 4092 videbitur
2577 4038 2621 4092 si
2656 4037 2894 4102 dicatur,
2945 4041 3166 4093 dicetur
3208 4049 3412 4093 tamen.
3443 4042 3583 4106 Quia

1966 4129 2119 4197 panis
2146 4143 2308 4198 quem
2352 4127 2675 4200 frangimus,
2714 4130 3015 4182 secundum
3051 4130 3103 4183 id
3151 4133 3294 4199 quod
3331 4141 3580 4195 apparet,

1966 4236 2030 4274 ex
2074 4221 2255 4275 tritico
2284 4221 2565 4275 confectus
2595 4233 2699 4287 est,
2729 4222 3032 4290 saginatus.
3079 4233 3155 4287 et,
3194 4235 3252 4276 ut
3286 4223 3459 4277 Gl‘tl‘Cl
3496 4227 3586 4275 di-

1966 4327 2124 4381 cunt,
2185 4317 2452 4383 σιτευτὸς,
2484 4315 2759 4372 frumento
2789 4328 2978 4386 pastus
3026 4319 3288 4371 dicendus
3320 4329 3426 4373 est.
3480 4319 3581 4373 Sn-

1966 4412 2203 4464 cuudum
2239 4411 2342 4464 hoc
2377 4419 2561 4463 autem
2592 4411 2736 4478 quod
2765 4425 2861 4480 per
2893 4410 3044 4463 illum
3078 4410 3400 4480 intelligitur
3433 4411 3578 4479 quod

263 4500 590 4569 φαινόμενον
633 4499 756 4567 μὲν,
804 4499 869 4551 ὲκ
904 4498 1055 4552 σίτου
1106 4496 1399 4561 συνεστὼς,
1455 4498 1701 4559 σιτευτὸς
1753 4497 1856 4566 ῥησ-

1970 4515 2093 4554 raro
2140 4511 2241 4562 est,
2300 4497 2500 4552 vitulus
2554 4499 2734 4553 dictus
2759 4506 2865 4553 est.
2909 4497 3113 4567 Etipse
3145 4511 3228 4552 est
3266 4499 3489 4558 vitulus.
3524 4511 3582 4555 et

263 4593 423 4660 θείη·
465 4591 609 4644 κατά
653 4591 716 4644 τὸ
761 4589 1054 4662 νοούμενον
1107 4590 1164 4643 δὲ
1207 4590 1345 4661 σὰρξ
1404 4588 1501 4653 ὣν,
1539 4589 1742 4660 μόσχος
1795 4589 1862 4641 ἂν

260 4685 500 4756 λεχθείη.
539 4685 648 4738 Kal.
674 4688 701 4739 6
729 4685 892 4749 αὑτός
924 4686 1042 4737 ἐστι
1066 4685 1290 4755 μόσχος,
1321 4686 1418 4738 καὶ
1448 4685 1715 4746 σιτευτός.
1747 4684 1862 4747 Πᾶς

263 4779 360 4832 οὖν
392 4777 813 4848 βαπτιζόμενος,
861 4777 959 4846 καὶ
989 4778 1101 4840 υίὸς
1134 4776 1273 4830 Θεοῦ
1312 4777 1623 4847 γινόμενος,
1653 4776 1859 4845 μᾶλλον

261 4871 320 4923 δὲ
351 4869 890 4940 ἀποκαθιστάμενος,
923 4868 1022 4922 καὶ
1052 4866 1240 4930 ἁπλῶς
1259 4870 1366 4930 πᾶς
1391 4869 1419 4920 6
1443 4866 1557 4921 ἀπὸ·
1580 4866 1859 4937 ἁμαρτίας

261 4963 720 5033 καθαριςόμενος,
780 4961 874 5014 τοῦ
940 4961 1146 5031 μόσχου
1203 4959 1396 5014 τούτου
1455 4960 1550 5014 τοῦ
1609 4958 1858 5012 σιτευτοῦ

263 5058 532 5120 κοινωνεῖ,
567 5056 660 5110 καὶ
694 5054 1035 5124 εὐφροσύνης
1074 5055 1247 5116 αἴτιος
1279 5054 1372 5107 καὶ
1416 5052 1493 5122 τῷ
1530 5052 1729 5121 Πατρὶ,
1765 5053 1861 5106 καὶ

261 5151 372 5212 τοῖς
402 5146 610 5212 δούλοις
640 5147 807 5200 αὐτοῦ
854 5146 1202 5211 καθίσταται,
1240 5145 1496 5216 ἀγγέλοις
1536 5147 1631 5198 καὶ
1673 5145 1857 5217 ἱερεῦ-

262 5259 351 5294 σιν
395 5241 470 5303 ῶς
517 5242 580 5293 ἐκ
609 5241 939 5312 νεκρώσεως
986 5240 1289 5311 ἀναζήσας,
1327 5241 1421 5292 καὶ
1473 5239 1533 5304 ἐξ
1575 5239 1856 5303 ἀπωλείας

259 5332 543 5402 εὑρεθείςο
577 5334 703 5386 ὅσον
744 5332 842 5401 μὲν
892 5333 1002 5401 γὰρ
1057 5333 1150 5385 ἐπὶ
1178 5334 1243 5400 τῇ
1272 5331 1372 5401 τῆς
1405 5332 1604 5395 κακίας
1629 5348 1855 5402 περιου-

260 5423 354 5494 σία
388 5427 583 5493 νεκρὸς
610 5419 701 5494 ἦν,
745 5424 1172 5493 ἀπεγνωσμένος
1207 5423 1413 5494 δηλαδή
1437 5440 1450 5455 ”
1503 5426 1629 5477 ὅσον
1665 5424 1723 5478 δὲ
1756 5421 1848 5477 ἐπὶ

253 5519 324 5586 τῇ
381 5517 701 5594 ἀνθρωπίνη
748 5515 909 5585 φύσει
966 5519 1032 5585 τῇ
1086 5519 1335 5585 τρεπτῇ,
1378 5516 1470 5568 καὶ
1520 5518 1585 5568 ἐκ
1635 5516 1834 5580 κακίας

1976 4593 2276 4663 saginatus.
2315 4589 2506 4645 Omnis
2560 4589 2721 4658 igitur
2747 4591 2838 4660 qui
2869 4593 3201 4658 baptizatur,
3229 4601 3283 4643 et
3313 4590 3455 4644 tilitts
3486 4590 3582 4645 Dei

1975 4683 2227 4747 eflicitur,
2281 4684 2391 4737 imo
2418 4684 2748 4747 restituitur,
2797 4684 2928 4738 etin
2958 4698 3166 4737 summa
3205 4684 3384 4736 omnis
3422 4684 3511 4752 qui
3549 4699 3583 4737 α

1975 4787 2201 4846 peccato
2255 4785 2519 4846 purgatur
2561 4777 2834 4844 particeps
2902 4775 2962 4830 iit
3014 4776 3249 4844 saginati
3302 4775 3449 4831 illius
3483 4776 3579 4831 Vi-

1975 4869 2094 4934 tuli,
2123 4877 2178 4923 et
2213 4869 2414 4924 la'titite
2451 4879 2644 4924 auctor
2675 4867 2734 4922 iit
2765 4866 2914 4922 Patri
2962 4881 3016 4923 et
3049 4870 3221 4924 servis
3246 4869 3384 4937 ejus,
3419 4884 3586 4940 ange-

1962 4962 2035 5015 lis
2060 4972 2114 5016 et
2163 4960 2566 5025 sacerdotibus,
2604 4970 2861 5029 tauquam
2912 4976 2979 5015 cx
3014 4970 3188 5013 morte
3241 4964 3580 5015 resurrexise

1963 5064 2068 5117 set,
2101 5064 2156 5108 et
2187 5063 2306 5124 post
2327 5052 2689 5123 perditionem
2722 5052 2919 5107 fuisset
2951 5051 3377 5107 inventus.Nam
3401 5068 3580 5123 quan-

1963 5158 2076 5201 tttttt
2115 5147 2181 5201 ad
2219 5147 2442 5201 malitiae
2470 5146 2860 5200 abundantiam
2900 5156 3146 5201 mortuus
3169 5157 3309 5211 erat,
3359 5159 3412 5201 et
3447 5150 3574 5203 des--

1959 5251 2212 5310 peratus:
2269 5248 2535 5309 quantum
2572 5253 2700 5293 vero
2729 5241 2796 5294 ad
2822 5240 3115 5294 humanam
3150 5251 3426 5304 naturam,
3456 5255 3576 5309 qua:

1958 5331 2228 5386 vertibilis
2280 5340 2363 5385 est
2414 5339 2467 5384 et
2509 5329 3005 5385 valetantalttiaad
3041 5332 3295 5385 virtutem
3340 5332 3570 5399 ingredi,

1960 5424 2202 5494 perditus
2232 5423 2455 5480 dicitur.
2493 5422 2742 5478 Perditus
2765 5423 2909 5477 enim
2940 5423 3124 5480 mitius
3158 5427 3386 5487 dicitur,
3409 5441 3576 5496 quam

1965 5526 2234 5570 mortuus.

257 5611 532 5677 δυναμένη
562 5608 640 5670 είς
690 5608 890 5678 ἀρετὴν
953 5610 1307 5672 μεταπεσεῖν,
1329 5607 1628 5670 ἀπολωλὼς
1652 5607 1896 5675 λέγεται·
1935 5609 1962 5660 6
1995 5609 2105 5674 γὰρ
2140 5607 2439 5670 ἀπολωλὼς
2472 5608 2865 5679 μετριώτερον,
2900 5609 2932 5681 ἢ
2966 5610 2994 5662 6
3022 5611 3235 5681 νεκρός.

338 5723 354 5753 1
397 5700 506 5754 Ἷίν
535 5702 591 5753 δὲ
625 5702 652 5752 6
693 5702 804 5763 υἱὸς
850 5701 1016 5753 αὑτοῦ
1072 5703 1099 5752 6
1148 5700 1519 5772 πρεσϐύτερος
1571 5702 1627 5753 ἐν
1668 5700 1844 5771 ἀγρῷ,

804 5795 989 5860 ἦξε-(επ
1023 5798 1081 5860 vi
1111 5793 1277 5862 οἰκίᾳ,
1305 5793 1501 5859 ἤκουσε
1531 5795 1850 5863 συμφωνίας

396 5797 404 5804 .
481 5794 492 5803 ο
593 5793 602 5806 ρ

283 5820 285 5822 -
317 5799 352 5846 .-‘-,
378 5797 451 5857 ιῖις
480 5795 772 5861 ξςρχόμειινς
798 5795 923 5860 ἦξε-,ιι

2038 5699 2195 5753 Vsus.
2256 5698 2452 5754 25-52.
2494 5721 2509 5752 t
2545 5701 2680 5755 Erat
2729 5715 2910 5756 autem
2949 5703 3091 5756 filius
3146 5702 3270 5770 ejus
3301 5707 3489 5760 senior
3517 5711 3570 5765 iu

1973 5809 2124 5862 agro,
2178 5803 2229 5847 cl
2279 5809 2403 5848 cum
2458 5795 2663 5850 veniret
2703 5806 2756 5852 et
2810 5799 3304 5867 appropinquasset
3361 5805 3567 5863 dom-ti.
