4100 6334
636 443 740 506 963
1494 426 2077 494 THEOPHYLACTI
2113 418 2528 484 BNLGARl/E
2556 416 2914 480 ARCHIEP.
3769 415 3870 482 964

621 552 825 621 Μηδεὶς
854 546 950 606 οὖν
970 551 1060 605 ἐπὶ
1087 551 1196 615 τοίς
1220 546 1308 602 τοῦ
1341 545 1475 600 Θεοῦ
1506 545 1737 617 κρίμασι
1765 537 2187 610 δυσχεραινέτω,
2228 532 2342 586 ἀλλ’
2409 530 2686 602 ἀνεχέσθω
2729 528 3174 621 εὐπραγούντων,
3223 529 3318 583 καὶ
3398 527 3728 599 σωζομένων
3778 530 3881 621 τῶν

617 617 954 715 ἁμαρτωλῶν
978 623 1301 696 δοκούντων.
1347 638 1408 690 Γί
1442 647 1550 708 γάρ
1596 623 1768 697 οἶδας,
1802 633 1852 685 εἰ
1897 631 1995 683 ἕνα
2061 629 2126 681 σὺ
2189 625 2435 694 νομίζεις
2491 621 2836 715 ἁμαρτωλὸν,
2902 617 3056 685 οὗτος
3099 621 3418 692 μετενόησε,
3469 623 3567 676 καὶ
3595 621 3685 675 διά
3729 620 3882 675 τοῦτο

624 739 960 811 προσεδέχθη
985 754 1002 803 ;
1046 737 1111 790 Τί
1144 735 1200 790 δέ
1230 736 1280 788 εἰ
1309 716 1562 805 κρυπτὰς
1593 731 1794 802 ἀρετάς
1819 726 1956 797 ἔχει,
1997 724 2094 780 καὶ
2121 722 2211 776 διὰ
2238 717 2444 784 ταύτας
2478 717 2632 788 παρά
2669 714 2763 771 τοῦ
2793 715 2929 770 Θεοῦ
2967 715 3214 787 εὐμενῶς
3241 716 3472 784 όρᾶταις

1098 851 1262 925 4η
1296 849 1523 906 CAPUT
1577 846 1714 903 XVI.

2895 837 3146 891 κεοΑΛ.
3183 835 3298 903 ις’.

619 963 696 1018 De
727 967 1087 1034 dispensatore
1115 967 1334 1035 injuste.
1376 964 1530 1029 Quod
1565 973 1628 1016 tte
1677 975 1815 1035 puppes
1874 961 2079 1035 quidem
2131 959 2185 1013 dt

2298 952 2434 1019 Περί
2463 951 2571 1035 τοῦ
2609 951 2927 1035 οἰκονόμου
2969 949 3076 1035 τῆς
3121 947 3545 1035 adtulerant]?!
3575 950 3684 1035 τοῦ
3728 949 3883 1035 μηδὲ

692 1019 1228 1108 ιρςείριιιειείιιυῃε-Ιῖςε
1251 1037 1341 1088 sit.
1377 1019 1448 1108 ῖΙσ
1475 1050 1576 1087 non
1627 1019 1944 1086 dimittenda
2006 1044 2185 1084 uxore.

2365 1023 2613 1108 κεραίαν
2629 1021 2748 1108 (ξπό
2775 1021 2883 1108 toi:
2914 1021 3100 1089 νόμον
3129 1019 3449 1108 ξταρεέθεξν
3475 1019 3575 1100 ὡς.
3607 1021 3745 1108 napi
3775 1020 3880 1108 τοῦ

689 1091 765 1161 De
790 1091 994 1160 Lazaro
1015 1121 1059 1160 et
1095 1106 1252 1159 divite
1280 1104 1520 1172 epuloue.
2360 1092 2464 1172 μὴ.
2501 1093 2798 1172 dato/135859:
2825 1091 2940 1172 τὴν
2972 1091 3255 1160 γυναῖκα.
3275 1091 3412 1159 Περί
3445 1091 3556 1144 τοῦ
3574 1093 3880 1147 πλουσίου

2368 1153 2467 1216 aedi
2497 1161 2604 1216 τοῦ
2646 1153 2934 1230 Λαζάροὺ.

691 1283 858 1340 Vsus.
920 1283 1056 1339 1-9.
1102 1301 1120 1334 ι
1169 1283 1385 1338 Dicebat
1435 1289 1614 1336 autem
1689 1290 1745 1336 et
1796 1280 1862 1334 ad
1905 1278 2193 1350 discipulos

615 1393 780 1432 suos:
817 1376 988 1432 llotno
1025 1378 1241 1446 quidam
1277 1383 1398 1429 erat
1451 1375 1624 1437 dives,
1656 1374 1746 1444 qtti
1804 1372 2033 1428 habebat
2080 1372 2190 1427 dis-

617 1477 979 1540 peusatorem,
1011 1479 1063 1522 et
1103 1468 1444 1522 'bicdelatns
1483 1476 1564 1521 est
1594 1467 1733 1535 apud
1779 1466 1925 1519 illum
1989 1476 2048 1520 ut
2098 1455 2189 1535 qui

618 1562 908 1628 dissiparet
942 1560 1078 1613 bona
1114 1557 1282 1628 ipsius
1314 1572 1329 1612 :
1370 1569 1422 1610 et
1448 1559 1656 1612 vocavit
1687 1557 1859 1622 illum,
1880 1565 1933 1613 et
1961 1557 2037 1611 ait
2068 1557 2141 1610 illi
2171 1576 2185 1613 :

618 1649 756 1716 Quid
803 1653 902 1703 hoc
956 1649 1129 1702 audio
1163 1644 1231 1702 de
1261 1647 1348 1701 te?
1385 1647 1552 1702 redde
1593 1649 1855 1707 rationein
1915 1648 2190 1718 dispensa-

616 1742 776 1795 tionis
811 1751 914 1795 tua:
947 1756 961 1793 :
996 1756 1102 1795 non
1136 1742 1278 1795 enim
1323 1741 1524 1812 poteris
1567 1741 1794 1809 posthac
1848 1739 2180 1807 dispensare.

2375 1293 2396 1329 ι
2437 1277 2628 1344 Ἔλεγε
2647 1275 2815 1330 δὲκαὶ
2840 1275 2976 1346 πρὸς
3003 1276 3127 1338 τοὺς
3155 1269 3403 1345 μαθητάς
3424 1272 3594 1329 αὑτοῦ
3617 1292 3632 1306 ·
3651 1275 3883 1347 Ἀνθρω-

2297 1373 2397 1434 πός
2431 1389 2512 1434 τις
2541 1366 2608 1443 ἧν
2640 1370 2915 1438 πλούσιος,
2962 1371 3019 1434 6;
3059 1365 3209 1442 εἶχεν
3242 1373 3551 1441 οἰκονόμον,
3586 1373 3682 1424 καὶ
3720 1363 3876 1438 οὗτος

2292 1463 2552 1534 διεσλήθη
2607 1461 2793 1532 αὐτῷ,
2847 1463 2920 1526 ὼς
2973 1463 3376 1533 διασκορπίζων
3433 1465 3503 1517 τά
3564 1464 3880 1536 ὑπάρχοντι

2295 1557 2483 1610 αὑτοῦ.
2547 1558 2657 1610 Kal
2687 1557 2943 1628 φωνήσας
2981 1555 3164 1620 αὐτὸν,
3214 1553 3372 1610 εἶπεν
3399 1557 3551 1629 αὒτῷ
3575 1576 3588 1589 ο
3625 1559 3692 1611 Τί
3726 1559 3879 1613 τοῦτο

2296 1647 2480 1702 ἀκούω
2508 1651 2636 1719 περί
2669 1649 2799 1714 σοῦδ
2849 1650 3069 1712 Ἀπόδος
3109 1650 3199 1703 τὸν
3238 1650 3396 1719 λόγον
3433 1650 3535 1720 τῆς
3564 1652 3880 1720 οἰκονομίας

2295 1758 2411 1808 σου,
2440 1741 2499 1794 οὗ
2527 1743 2636 1811 γάρ
2667 1739 2872 1812 δυνήσῃ
2901 1741 2980 1794 ιτι
3011 1741 3338 1810 οἰκονομεῖν.
3376 1734 3508 1796 Bina
3535 1743 3593 1797 δὲ
3615 1747 3672 1798 ἐν
3699 1743 3878 1813 ἑαυτῷ

616 1836 909 1888 Aitautetn
941 1834 1289 1901 dispensator
1332 1835 1472 1887 intra
1512 1847 1570 1887 se
1604 1851 1620 1885 :
1656 1831 1791 1898 Quid
1826 1830 2021 1886 faciam
2061 1833 2185 1902 quia

2291 1833 2320 1886 6
2369 1833 2671 1902 οἰκονόμος·
2711 1833 2778 1886 Τί
2823 1832 3054 1902 ποιήσω,
3091 1835 3173 1886 ὃτι
3223 1834 3250 1886 6
3323 1833 3511 1903 κύριός
3563 1852 3666 1906 μου
3715 1837 3878 1904 ἀφαιο

617 1925 866 1981 dominus
896 1941 1046 1980 meus
1102 1925 1281 1980 aufert
1305 1942 1333 1979 a
1359 1940 1444 1980 me
1462 1923 1920 1992 dispensationem
1943 1924 1964 1978 ἰ
1987 1923 2185 1979 Fodere

2296 1927 2468 1996 ρεῐται
2488 1924 2588 1994 τὴν
2609 1925 2924 1995 οἰκονομίαν
2951 1925 3046 1978 ἀπ’
3073 1925 3206 1995 ἐμοῦ
3233 1943 3248 1991 ;
3271 1925 3542 1979 Σκάπτειν
3562 1928 3661 1980 οὐκ
3686 1927 3878 1998 ἰσχύω,

618 2029 724 2068 non
784 2013 957 2078 valeo,
993 2014 1304 2068 mendicare
1330 2013 1590 2067 erubesco
1625 2028 1639 2065 :
1674 2013 1787 2067 scio
1818 2012 1944 2081 quid
1968 2011 2185 2078 faciam,

2291 2019 2534 2070 ἐπαιτεῖν
2551 2016 2878 2088 αἰσχύνομαι
2897 2035 2911 2049 ·
2934 2016 3105 2087 ἔγνων
3133 2018 3185 2070 τί
3221 2019 3450 2087 ποιήσω.
3487 2017 3596 2080 ἵνα,
3625 2019 3756 2072 ὅταν
3787 2037 3883 2087 με·

617 2116 675 2160 υι
715 2115 1080 2160 cumamotus
1145 2103 1348 2160 fueroa
1412 2103 1838 2171 dispensatione,
1912 2103 2182 2172 recipiant

2291 2107 2544 2162 τασταθῶ
2571 2107 2671 2177 τῆς
2693 2107 3028 2178 οἰκονομίας,
3055 2103 3313 2172 δέξωνταί
3345 2124 3411 2178 με
3438 2109 3514 2171 εἰς
3537 2107 3666 2170 τοὺς
3696 2108 3880 2171 οἰκους

618 2211 704 2252 me
765 2197 816 2249 in
857 2197 1048 2251 domos
1111 2211 1258 2250 suas.
1301 2193 1630 2250 Convocatis
1697 2195 1879 2264 itaque
1961 2194 2185 2266 singulis

2291 2196 2492 2251 αὐτῶν.
2526 2198 2633 2250 Kal
2663 2198 3178 2269 προσκαλεσάμενος
3205 2196 3302 2249 ινα
3324 2197 3554 2250 ἕκαστον
3580 2198 3691 2250 τῶν
3715 2215 3878 2267 χρει-

619 2289 955 2344 dcbitoribus
989 2288 1190 2344 domini
1233 2287 1338 2354 sui,
1378 2287 1590 2344 dicebat
1647 2288 1871 2357 primo:
1915 2288 2185 2356 Quantum

2291 2287 2552 2358 φειλετῶν
2578 2287 2671 2342 τοῦ
2721 2288 2910 2358 κυρίου
2942 2285 3130 2351 αὐτοῦ,
3158 2286 3309 2356 ἔλεγε
3345 2287 3421 2356 τῷ
3448 2287 3671 2358 πρώτην
3704 2288 3880 2341 Πόσον

618 2380 785 2436 debes
809 2381 1030 2436 domino
1067 2397 1189 2437 meo
1213 2382 1236 2434 ?
1261 2381 1331 2435 At
1358 2380 1448 2434 ille
1510 2381 1644 2435 dixit
1681 2399 1695 2436 :
1737 2381 1967 2436 Centum
2034 2382 2190 2437 balos

617 2469 742 2527 olei.
789 2470 1040 2541 Dixitque
1104 2473 1176 2526 illi
1214 2491 1227 2526 :
1274 2473 1473 2542 Accipe
1561 2475 1867 2529 cautionem
1930 2482 2097 2538 tuam,
2138 2484 2194 2530 et

617 2563 747 2616 sede
803 2563 933 2626 cito,
973 2576 1026 2618 et
1072 2564 1253 2620 scribe
1316 2566 1728 2636 quinquaginta.
1777 2565 1980 2621 Deinde
2035 2567 2189 2623 alteri

617 2656 752 2710 dixit
782 2671 796 2710 :
825 2654 902 2709 Tu
953 2672 1086 2711 vero
1121 2666 1380 2726 quantum
1453 2657 1663 2713 debes?
1694 2657 1795 2725 Qui
1821 2660 1895 2712 ait
1919 2700 1932 2713 .
1963 2658 2188 2715 Centum

603 2762 776 2801 foros
807 2748 988 2801 tritici.
1041 2749 1133 2804 Ait
1169 2749 1241 2802 illi
1279 2767 1292 2801 :
1326 2749 1526 2816 Accipe
1583 2749 1887 2803 cautionem
1925 2761 2094 2817 tuam,
2139 2760 2194 2806 et

622 2838 799 2893 scribe
827 2841 1120 2909 octoginta.
1148 2839 1212 2892 Et
1240 2840 1477 2893 laudavit
1498 2839 1747 2894 dominus
1771 2840 2192 2910 dispensatorem

622 2932 892 2999 iniquum,
922 2933 1062 2999 quod
1080 2933 1369 3007 prudenter
1389 2930 1718 3000 fecissel(a):
1753 2933 1876 3001 quia
1910 2932 2002 2987 lilii
2035 2933 2194 3004 hujus

623 3021 802 3075 saeculi
833 3023 1215 3091 prudentiores
1244 3034 1367 3076 sunt
1400 3021 1522 3077 filiis
1562 3023 1701 3077 lucis
1756 3024 1806 3077 in
1832 3025 2050 3078 natione
2074 3039 2190 3082 sua.

631 3095 818 3182 Efcgo
848 3114 999 3166 vobis
1027 3114 1145 3166 dico
1178 3131 1189 3166 :
1216 3111 1398 3167 Facite
1424 3111 1569 3166 vobis
1601 3113 1804 3168 amicos
1841 3129 1905 3168 ex
1933 3129 2190 3169 mammo-

621 3218 687 3255 na
725 3202 944 3271 injuste,
979 3213 1036 3256 ut
1084 3219 1204 3258 cum
1257 3204 1582 3271 defeceritis,
1641 3204 1907 3274 recipiant
1986 3220 2080 3259 vos
2133 3205 2185 3259 in

617 3301 814 3347 aitertta
845 3295 1207 3348 tabernacula.
1225 3315 1241 3347 ι
1266 3294 1454 3349 Omnis
1479 3298 1731 3364 parabola
1755 3297 1969 3366 oblique
1991 3308 2043 3350 et
2069 3296 2194 3366 figit.

617 3396 739 3438 rato
783 3387 942 3439 modo
975 3401 1152 3440 rerum
1185 3389 1538 3454 quarumdam
1575 3401 1818 3442 naturam
1861 3387 2189 3450 ntanifesmt,

621 3492 726 3528 non
750 3493 845 3543 per
872 3480 1050 3531 omnia
1086 3479 1245 3533 rebus
1273 3479 1376 3533 illis
1435 3479 1731 3534 assimilata
1783 3491 1999 3550 propter
2055 3496 2190 3551 quas

2287 2378 2523 2449 ὀφείλεις
2552 2379 2626 2448 τῷ
2667 2380 2842 2450 κυρίῳ
2874 2395 3013 2448 μους
3053 2380 3109 2433 '0
3133 2379 3190 2434 δὲ
3214 2373 3389 2433 εἶπεν·
3429 2378 3656 2433 Ἑκατὸν
3676 2379 3879 2450 βάτους

2289 2470 2491 2523 ἐλαίουο
2549 2471 2644 2524 καὶ
2676 2465 2830 2524 εἶπεν
2870 2471 3039 2542 αὐτῷ’
3073 2471 3233 2536 Δέξαι
3268 2489 3363 2526 σου
3394 2471 3453 2524 τὸ
3486 2473 3746 2542 γράμμα,
3779 2473 3878 2526 sui

2289 2561 2520 2620 καθίσας
2545 2562 2752 2632 ταχέως
2783 2563 2992 2635 γράψον
3033 2564 3393 2635 πεντήκοντα.
3433 2565 3664 2618 Ἔπειτα
3704 2566 3878 2637 ἑτέρῳ

2289 2649 2410 2707 εἷπε
2444 2671 2458 2684 ·
2505 2654 2579 2708 Σὺ
2613 2654 2860 2708 δέπόσον
2911 2655 3174 2724 ὀφείλειςς
3229 2656 3290 2710 '0
3331 2655 3388 2708 δὲ
3421 2651 3598 2709 εἰπενο
3649 2655 3880 2710 Ἐκατίν

2289 2747 2484 2818 κόρους
2513 2747 2686 2800 σίτου.
2720 2749 2827 2800 Καὶ
2864 2747 3012 2815 λέγει
3030 2746 3200 2818 αὐτῷ·
3230 2748 3390 2811 Δέξαι
3418 2763 3510 2802 σου
3534 2748 3595 2800 τὸ
3615 2750 3877 2818 γράμμα,

2290 2841 2387 2893 καὶ
2415 2840 2625 2910 γράψον
2661 2840 3009 2911 ὀγδοήκοντα.
3044 2841 3155 2894 Καὶ
3196 2840 3464 2913 ἐπῄνεσεν
3494 2843 3523 2894 6
3565 2839 3758 2911 κύριος
3786 2841 3880 2894 τὸν

2290 2931 2574 3001 οἰκονόμον
2604 2932 2702 3001 τῆς
2730 2925 2964 2997 ἀδικίας,
2998 2933 3080 2986 ὅτι
3105 2933 3155 2985 οί
3188 2934 3295 2985 υίοὶ
3327 2931 3421 2986 τοῦ
3455 2932 3651 2996 αἰῶνος
3683 2931 3880 2986 τούτου

2294 3024 2696 3095 φρονιμώτεροί
2731 3027 2869 3077 εἰσιν
2919 3024 3060 3097 ὑπὲρ
3096 3025 3220 3089 τοὺς
3249 3026 3398 3084 υἱοὺς
3453 3025 3548 3079 τοῦ
3584 3026 3763 3095 φωτὸς
3794 3026 3882 3088 εἰς

2291 3119 2389 3188 τὴν
2416 3118 2612 3185 γενεάν
2642 3116 2739 3188 τὴν
2765 3118 3003 3171 ἑαυτῶν.
3040 3119 3210 3188 Κάγὼ
3245 3117 3374 3190 ὑμῖν
3401 3120 3566 3188 λέγω,
3608 3121 3876 3192 ποιήσατε

2291 3207 2503 3272 ἑαυτοῖς
2532 3208 2714 3278 φίλους
2733 3213 2795 3263 ἐκ
2821 3211 2913 3264 τοῦ
2937 3213 3177 3279 μαμωνᾶ
3205 3211 3303 3281 τῆς
3342 3212 3576 3277 ἀδικίας,
3613 3211 3719 3273 ἵνα,
3747 3213 3879 3264 ὅταν

2291 3301 2604 3372 ἐκλείπητε,
2634 3301 2892 3367 δέξωνται
2917 3303 3060 3372 ὑμᾶς
3094 3303 3173 3366 εἰς
3199 3302 3298 3365 τὰς
3323 3303 3578 3366 αἰωνίους
3602 3302 3825 3372 σκηνάς.
3849 3323 3869 3353 ι

2295 3394 2450 3448 Πᾶσα
2485 3395 2769 3464 παραδολή
2812 3393 3057 3463 πλαγίως
3091 3395 3185 3448 καί
3216 3394 3503 3458 εἰκονικῶς
3547 3395 3700 3466 δηλοῖ
3729 3411 3877 3462 πρα-

2295 3485 2521 3555 γμάτων
2564 3487 2726 3540 τινῶν
2771 3485 2953 3554 φύσιν,
3004 3488 3065 3540 οὐ
3113 3486 3254 3540 κατὰ
3286 3486 3460 3540 πάντα
3508 3488 3721 3541 ἐοικυῖα
3761 3488 3878 3551 τοῖς

616 3581 890 3637 assumpta
917 3577 1018 3623 est.
1039 3566 1244 3624 Idcirco
1265 3585 1368 3625 non
1423 3581 1634 3640 Oportet
1676 3587 1864 3626 omnes
1900 3573 2183 3642 parabola-

2293 3577 2614 3645 πράγμασιν
2646 3576 2896 3639 ἐκείνοις,
2937 3575 3004 3628 δι’
3034 3575 3070 3630 ἃ
3117 3576 3462 3649 παρελήφθη.
3495 3579 3589 3630 Διὸ
3617 3577 3738 3631 οὐδὲ
3769 3579 3875 3649 χρὴ

618 3673 736 3710 rum
771 3671 950 3727 partes
977 3660 1246 3715 curiosius
1276 3661 1574 3729 inquirere,
1601 3661 1694 3716 sed
1719 3673 1987 3731 quatenus
2014 3679 2183 3733 appa-

616 3759 738 3804 rent
778 3752 1052 3820 proposito
1082 3753 1279 3817 utiles;
1335 3753 1551 3822 reliqua:
1579 3756 1724 3807 enim
1779 3755 2016 3809 sinendrc
2061 3767 2184 3810 sunt

616 3840 768 3908 quasi
798 3841 1106 3909 parabolam
1131 3854 1505 3907 contexentes,
1539 3854 1592 3898 et
1611 3845 1739 3898 nihil
1758 3846 1823 3897 ad
1851 3848 2184 3914 prepositnm

615 3932 1004 3997 conducentes,
1064 3933 1334 4003 quoume
1386 3945 1440 3989 et
1472 3936 1522 3988 iu
1597 3938 1868 4006 proposita
1932 3939 2182 4006 parabole

615 4019 941 4077 faciendum.
975 4022 1107 4076 Nam
1153 4024 1198 4078 si
1265 4041 1360 4095 per
1421 4034 1608 4080 tenues
1677 4027 1966 4096 particulas
2007 4029 2185 4083 omnia

615 4129 888 4184 exponere
917 4124 1211 4180 tentavero,
1259 4119 1381 4187 quis
1416 4121 1774 4189 dispensator,
1811 4121 1933 4188 quis
1966 4122 1997 4175 d
2021 4137 2180 4192 spen-

619 4206 817 4259 satoris
852 4206 1120 4272 dominus,
1160 4221 1214 4262 et
1241 4223 1269 4261 ο
1303 4225 1408 4277 quo
1436 4210 1641 4264 delatus
1671 4213 1761 4278 sit,
1791 4221 1844 4266 et
1873 4210 1962 4282 qui
1987 4215 2187 4268 debito-

617 4310 726 4362 res,
758 4305 811 4348 et
835 4308 1052 4366 propter
1108 4314 1268 4368 quam
1326 4315 1546 4355 causam
1589 4303 1676 4356 ille
1734 4304 1948 4372 quidem
1985 4307 2183 4370 oleum,

620 4389 759 4445 alios
787 4401 966 4445 autem
1011 4392 1274 4459 triticum,
1313 4403 1368 4448 et
1403 4409 1504 4463 qua
1536 4384 1600 4448 de
1633 4411 1792 4450 causa
1825 4409 2036 4450 centum
2087 4400 2182 4453 dc-

617 4481 748 4536 bere
772 4482 1043 4548 dicantur,
1079 4494 1132 4537 et
1192 4485 1234 4538 si
1282 4485 1387 4538 alia
1451 4487 1627 4539 omnia
1689 4489 2184 4556 perquisitor-imus,

613 4575 906 4630 obscurum
962 4586 1016 4629 et
1074 4577 1356 4632 molestum
1409 4593 1710 4633 sermonem
1771 4581 2075 4634 faciemus:
2133 4592 2186 4636 et

617 4667 883 4734 fortassis,
917 4669 958 4722 si
991 4668 1145 4724 valde
1173 4671 1624 4733 luesitaverintus,
1655 4672 1817 4726 etiam
1852 4674 2056 4728 ridiculi
2076 4678 2184 4730 eri-

618 4773 755 4811 IllllS.
788 4757 954 4827 Igitur
991 4769 1196 4812 tantum
1235 4760 1481 4813 utilitatis
1511 4775 1576 4812 ex
1635 4763 1880 4829 prasenti
1929 4764 2178 4829 parabole

2290 3666 2466 3720 πάντα
2490 3668 2559 3720 τά
2591 3668 2731 3738 μέρη
2787 3662 2896 3720 τῶν
2957 3667 3282 3739 παραϐοὶῶν
3332 3668 3541 3733 λεπτῶς
3598 3670 3878 3743 πολυπρα-

2291 3759 2637 3829 γμονεῖσθαι,
2672 3759 2786 3813 ἀλλ’
2818 3761 2940 3814 ὅσον
2971 3759 3111 3812 ἔοικε
3149 3758 3226 3828 τῷ
3255 3759 3601 3830 προκειμένῳ
3632 3777 3879 3830 καρπου-

2292 3851 2506 3922 μένους,
2545 3852 2614 3906 τά
2646 3853 2808 3906 λοιπὰ
2852 3855 2968 3924 ὲᾷν,
3007 3852 3084 3916 ὡς
3121 3853 3186 3924 τῇ
3225 3852 3510 3924 παραδολῇ
3544 3854 3877 3919 συνυφιστά-

2293 3963 2449 4014 μενα,
2478 3945 2572 3998 καὶ
2599 3945 2764 4015 μηδὲν
2789 3946 2920 4013 πρὸς
2945 3947 3004 3998 τὸ
3031 3946 3392 4018 προκείμενον
3421 3946 3868 4016 συμϐαλλόμενα.

2289 4031 2401 4089 οἷον
2432 4036 2497 4108 δὴ
2531 4038 2626 4088 καὶ
2659 4036 2752 4090 ἐπὶ
2791 4041 2891 4108 τῆς
2945 4037 3302 4109 προτεθείσης
3349 4037 3671 4109 παραϐολῆς
3694 4079 3708 4104 ,
3767 4042 3872 4110 χρὴ

2291 4128 2543 4202 ποιῆσαι,
2571 4128 2631 4183 Εἰ
2663 4129 2768 4199 γὰρ
2799 4130 2974 4183 πάντα
3005 4129 3280 4195 ἐξετάζειν
3324 4130 3754 4201 ἐπιχειρήσομεν
3787 4132 3872 4183 λε-

2289 4220 2602 4293 πτομερῶς,
2636 4221 2718 4284 τίς
2747 4223 2773 4274 6
2819 4223 3123 4292 οἰκονόμος,
3162 4224 3244 4286 τίς
3272 4225 3300 4277 6
3347 4223 3537 4277 τοῦτον
3574 4223 3875 4295 προϐαλλόο

2294 4329 2454 4381 μενος
2482 4315 2561 4376 εἰς
2593 4314 2690 4385 τὴν
2720 4314 3054 4384 οἰκονομίαν,
3088 4315 3182 4368 καὶ
3221 4316 3372 4386 παρά
3410 4317 3554 4380 τίνος
3584 4318 3874 4388 διεϐλήθη,

2290 4409 2382 4457 καὶ
2423 4405 2567 4468 τίνες
2614 4405 2662 4456 οἰ
2710 4405 3132 4475 χρεωστοῦντες,
3187 4409 3281 4462 καὶ
3311 4408 3398 4463 διά
3429 4409 3590 4463 ποίαν
3634 4410 3818 4463 αἰτίαν
3847 4415 3876 4464 6

2296 4495 2392 4564 μὶν
2416 4494 2615 4560 ἔλαιον,
2641 4498 2667 4548 6
2695 4497 2751 4548 δὲ
2787 4498 2952 4561 σῖτον,
2981 4498 3077 4551 καὶ
3122 4498 3263 4552 διατί
3292 4500 3397 4554 ἀνά
3419 4500 3616 4554 ἑκατὸν
3634 4501 3878 4571 όᾳλῆσαι

2293 4587 2538 4654 λέγονται
2563 4603 2576 4615 ’
2606 4587 2698 4639 καὶ
2727 4587 2915 4652 ἁπλῶς
2948 4586 3118 4644 τᾶλλα
3153 4592 3329 4646 πάντα
3364 4593 3412 4644 εἰ
3450 4594 3876 4665 περιεργότερον

2292 4675 2660 4747 ἐξετάζωμεν,
2704 4680 2975 4732 σκοτεινὸν
3017 4680 3108 4733 τὸν
3142 4681 3299 4749 λόγον
3334 4683 3696 4753 ποιησόμεθα,
3736 4687 3875 4757 πρὸς

2289 4769 2366 4838 τῷ
2403 4769 2498 4823 καὶ
2544 4770 2921 4838 καταγέλαστα
2954 4775 3085 4835 ἴσως
3134 4773 3447 4845 ἐξηγεῖσθαι
3486 4775 3573 4829 διὰ
3621 4777 3723 4847 τὴν
3770 4778 3872 4846 τῆς

619 4864 811 4917 Capere
839 4859 1071 4916 oportet.
1097 4861 1359 4918 quantum
1383 4850 1636 4917 possibile
1667 4861 1771 4904 est.
1804 4850 1866 4904 lit
1900 4863 1956 4906 ιιι
1986 4855 2179 4924 al'quid

2292 4861 2529 4924 ἀπορίας
2560 4862 2828 4932 ἀνάγκην.
2865 4864 2955 4914 Δεῖ
3000 4862 3179 4916 τοίνυν
3226 4865 3479 4920 τοσοῦτον
3520 4867 3872 4938 ὠτελῃθῆναι

615 4942 812 5005 dicam,
851 4939 1108 4994 Dominus
1138 4941 1238 4994 hoc
1269 4941 1384 4993 loco
1417 4941 1526 4994 vult
1568 4956 1666 4995 nos
1715 4941 1911 4996 docere
1958 4955 2014 4996 ut
2047 4923 2179 5000 bene

2291 4951 2528 5019 ἀπὸτῆς
2558 4923 2837 5024 παρούσης
2879 4955 3219 5025 παραϐολῆς,
3249 4958 3374 5010 ὅσον
3405 4923 3704 5030 ἐνδέχεταί
3744 4923 3874 5015 (lim:

613 5036 988 5103 dispensentur
1020 5037 1239 5090 credita:
1277 5036 1432 5090 nobis
1463 5035 1681 5090 divitize.
1721 5034 1784 5088 Et
1816 5037 2046 5105 primum
2080 5039 2179 5091 hoc

2291 5047 2333 5098 τί
2383 5061 2561 5118 φημι·
2609 5048 2637 5098 6
2683 5045 2885 5117 Κύριος
2918 5045 3151 5100 ἐνταῦθα
3184 5048 3432 5118 βούλεται
3467 5052 3614 5121 ἡμᾶς
3658 5052 3873 5122 διδάξαι

615 5129 898 5193 discimus,
934 5131 1076 5198 quod
1110 5145 1212 5184 non
1244 5145 1429 5184 sumus
1461 5131 1658 5185 domini
1714 5132 2043 5186 divitiarum.
2085 5131 2180 5186 Ni-

615 5221 687 5274 liil
710 5221 852 5274 enim
886 5221 1147 5276 habemus
1183 5223 1475 5292 proprium,
1501 5225 1595 5279 sed
1620 5227 2020 5294 dispensatores
2051 5225 2182 5278 alie-

616 5327 805 5369 narum
841 5328 1016 5366 rerum
1047 5329 1257 5378 sumus,
1290 5330 1407 5382 qum
1431 5330 1458 5367 a
1501 5314 1727 5369 Domino
1766 5315 1918 5369 nobis
1960 5330 2176 5370 concre-

615 5405 738 5456 dita:
768 5413 892 5455 sunt
920 5414 975 5456 nt
1003 5404 1118 5457 illas
1143 5407 1275 5459 bene
1304 5406 1674 5474 dispensemus
1697 5408 1830 5462 sicut
1875 5408 1988 5475 ipse
2013 5407 2180 5474 impe-

619 5505 721 5548 rat.
756 5498 819 5546 At
847 5495 1006 5566 413
1033 5496 1074 5549 si
1103 5499 1450 5552 concrcditas
1485 5500 1698 5552 divitias
1731 5515 1833 5552 non
1863 5500 2181 5568 expenderi-

2285 5138 2414 5208 περί
2451 5137 2546 5191 τοῦ
2577 5138 2666 5191 τὸν
2713 5135 2936 5191 δοθέντα
2963 5139 3093 5208 ἡμῖν
3144 5141 3368 5194 πλοῦτον
3401 5143 3582 5206 καλῶς
3628 5145 3869 5199 διατίθε-

2286 5230 2429 5282 σθαι.
2489 5231 2596 5282 Kal
2641 5229 2858 5298 πρῶτον
2906 5229 3004 5300 μὲν
3037 5229 3196 5284 τοῦτο
3247 5234 3615 5304 μανθάνομεν,
3657 5238 3740 5289 ὅτι
3769 5239 3870 5290 οὐκ

2291 5319 2456 5389 ἐσμὲν
2477 5320 2661 5391 «κύριοι
2688 5323 3006 5392 χρημάτων,
3032 5321 3184 5374 οὐδὲν
3215 5323 3323 5395 γάρ
3347 5324 3542 5394 ἔχομεν
3570 5327 3720 5389 [διον.
3752 5328 3870 5381 ἀλλ’

2287 5413 2562 5482 οἰκονόμοι
2597 5417 2891 5486 ἀλλοτρίων
2926 5421 3095 5489 ἐσμὲν
3126 5423 3272 5491 παρά
3302 5421 3397 5475 τοῦ
3415 5425 3688 5478 Δεσπότου
3734 5429 3868 5496 ἡμῖν

2293 5504 2811 5576 ἐγκεχειρισμένων,
2866 5511 2953 5564 ἵνα
3002 5512 3182 5576 καλῶς
3220 5515 3358 5568 αὑτά
3405 5514 3736 5586 διαθώμεθα,
3773 5525 3870 5572 καὶ

618 5601 736 5637 mus
763 5583 909 5649 juxta
944 5598 1172 5641 mentem
1217 5586 1455 5653 Domini,
1493 5599 1544 5642 et
1575 5589 1727 5642 abusi
1785 5589 2046 5643 fuerimus
2078 5590 2179 5644 illis

2291 5594 2359 5657 Lb;
2392 5599 2603 5660 ἐκεῖνος
2664 5603 2989 5671 προστάττει
3025 5619 3038 5635 ⁸
3095 5606 3285 5659 ἔπειτα
3314 5609 3395 5659 ὃτι
3439 5607 3514 5678 μὴ
3551 5611 3690 5662 κατὰ
3723 5613 3868 5677 γνώ-

618 5675 668 5728 in
710 5686 952 5731 nostrum
1002 5677 1203 5743 luxum,
1239 5681 1628 5735 accusabimur.
1673 5681 1879 5736 Etenim
1932 5684 2180 5736 voluntas

2291 5705 2391 5759 μην
2423 5689 2517 5742 τοῦ
2563 5693 2835 5746 Δεσπότου
2887 5697 2985 5767 τὴν
3020 5699 3333 5768 οἰκονομίαν
3381 5702 3476 5754 τοῦ
3507 5702 3739 5756 πλούτου
3773 5721 3858 5772 με·

696 5792 769 5859 (α)
811 5792 1002 5856 Verba,
1029 5792 1108 5846 ὅτι
1138 5795 1411 5868 φρονίμως
1444 5798 1718 5868 ἐποίησεν,
1743 5813 1847 5854 nan
1885 5797 2094 5868 legebat.
2161 5799 2185 5853 ii

619 5875 740 5913 eum
779 5860 962 5917 Mtllto.

2292 5818 2388 5858 suo
2433 5808 2621 5862 codice
2680 5805 3137 5882 Tbeopbylactus,
3189 5815 3480 5872 adnotante
3527 5817 3758 5872 adhunc
3793 5821 3876 5873 lo-
