4100 6334
277 410 388 480 9.5

1006 406 1455 473 ENARRATIO
1497 406 1577 470 ΙΝ
1621 405 2125 470 EVANGELIUM
2159 407 2373 471 LUCtE
2419 435 2488 447 ·-·
2511 409 2670 473 CAP.
2700 410 2854 473 XVI.

3501 414 3606 482 966

268 521 738 595 ταχειριζόμενοι,
758 518 874 573 ἀλλ’
893 518 975 582 εἰς
1002 518 1214 581 οἰκείας
1262 515 1545 577 σπατάλας
1570 516 1686 578 τοῖς
1715 512 1885 566 δοθεῖ-

1993 514 2217 571 Doutiui,
2237 528 2313 571 est
2350 518 2493 572 datis
2542 518 2619 574 ttti
2650 518 2702 572 iu
2763 535 2893 575 usus
2926 535 3344 589 conservorum,
3382 540 3486 579 non
3549 530 3609 583 in

272 634 372 670 σιν
420 613 836 687 ἀποχρώμενοι,
891 610 1315 682 διαϐεϐλημένοι
1370 612 1539 680 ἐσμὲν
1588 607 1888 677 οίκονόμοι.

268 707 452 777 Βούλη
462 725 538 777 μα
562 706 672 778 γὰρ
702 705 796 760 τοῦ
822 704 1097 759 Δεσπότου
1122 703 1238 756 ἐστὶ
1262 702 1500 774 χρᾶσθαι
1527 702 1638 761 τοῖς
1661 700 1893 753 δοθεῖσιν

271 802 357 864 si;
396 800 494 864 τὰς
526 801 635 854 τῶν
671 798 987 870 ὁμοδούλων
1017 797 1229 869 χρείας,
1265 795 1365 849 ούκ
1396 797 1477 858 εἰς
1506 795 1716 856 οἰκείας
1751 810 1886 864 τρυ-

279 894 414 963 φάς’
469 892 886 964 διαϐαλλόμενοι
940 891 999 945 δὲ
1054 891 1150 944 καὶ
1204 890 1493 960 μέλλοντες
1528 884 1888 957 μεθίστασθαι

270 990 374 1059 τῆς
400 989 715 1059 οἰκονομίας
743 989 853 1043 τῶν
905 987 1232 1059 χρημάτων,
1267 985 1389 1057 ἦτοι
1417 982 1513 1038 τοῦ
1553 981 1669 1053 βίου
1696 982 1887 1036 τούτου

274 1080 674 1145 Ξκκόπτεσοαι,
739 1081 828 1134 ὅτε
887 1076 1091 1149 δηλαδὴ
1138 1077 1236 1130 καὶ
1284 1076 1446 1142 λόγον
1487 1073 1737 1143 δώσομεν
1787 1072 1888 1142 τῆς

274 1174 594 1243 οίκονομίας
639 1173 776 1242 μετά
802 1170 901 1243 τὴν
932 1170 1146 1235 ἑνθένδε
1181 1168 1537 1239 μετάστασιν,
1570 1166 1667 1219 ὲάν
1698 1165 1889 1236 φρόνι-

275 1284 369 1337 μοι
409 1260 587 1337 ὦμεν,
620 1261 1072 1334 ὲπαισθανόμεθα
1102 1262 1201 1332 ὀψὲ
1229 1259 1366 1329 γοῦν
1405 1257 1502 1313 τοῦ
1529 1258 1767 1322 δέοντος,
1792 1257 1889 1310 καὶ

275 1357 544 1429 ποιοῦμεν
584 1360 719 1431 ἡμῖν
767 1358 982 1419 ἑαυτοῖς
1018 1355 1209 1424 φίλους
1258 1355 1323 1407 ὲκ
1375 1351 1486 1405 τῶν
1529 1352 1628 1422 τῆς
1661 1350 1886 1414 ἀδικίας

276 1452 611 1524 χρημάτων·
651 1448 867 1511 ἀδικίας
897 1448 952 1501 δὲ
976 1448 1241 1519 χρήματα
1275 1448 1459 1499 ἐκεῖνα
1490 1443 1882 1515 ὀνομάζονται,

270 1546 377 1599 ὅσα
421 1547 450 1598 ὀ
492 1545 592 1615 μὲν
627 1544 835 1616 Κύριος
866 1542 1102 1596 δέδωκεν
1144 1538 1536 1594 ἀναλίσκεσθαι
1564 1540 1647 1601 εἰς
1692 1539 1884 1609 χρείας

269 1637 383 1691 τῶν
418 1637 689 1707 ἀδελφῶν,
723 1638 819 1690 καὶ
854 1632 1190 1705 ὁμοδούλων,
1234 1633 1403 1703 ἡμεῖς
1447 1631 1505 1685 δὲ
1535 1632 1750 1694 ἑαυτοῖς
1783 1646 1888 1683 πα-

276 1730 716 1801 ρακατέσχομεν.
780 1725 927 1780 Ἀλλ’
968 1725 1067 1796 ὀψὲ
1119 1724 1252 1793 γοῦν
1298 1722 1749 1794 ωναισθώμεθα,
1784 1723 1881 1775 ποῖ

272 1819 582 1892 φερόμεθα,
620 1822 715 1874 καὶ
747 1820 828 1873 ὅτι
858 1822 916 1873 ὲν
951 1820 1017 1889 τῇ
1055 1817 1241 1888 ἡμέρα
1274 1814 1461 1887 ἐκείνῃ
1489 1811 1613 1867 οὔτε
1645 1812 1882 1884 κάμνειν

1996 611 2246 678 proprias
2271 609 2545 664 delicias:
2593 626 2760 681 porro
2808 612 2901 681 qui
2949 625 3284 669 accusantur
3333 624 3390 671 et
3430 618 3606 674 desti-

1996 710 2270 756 tuuntura
2304 704 2715 773 dispensatione
2770 706 3109 774 divitiarum.
3139 710 3195 765 bi
3232 721 3360 766 sunt
3390 714 3482 781 qui
3532 730 3602 769 ex

1995 793 2098 850 lth
2125 796 2237 857 vita
2255 797 2552 867 emigrant,
2602 798 2822 866 quando
2848 800 3056 856 scilicet
3084 813 3140 858 et
3174 805 3440 862 rationem
3507 808 3606 863 da‘

1993 884 2171 938 bimus
2200 886 2266 940 de
2292 887 2701 958 dispensatione
2756 906 2879 946 cum
2917 895 3159 950 destituti
3211 895 3498 956 fuerimus.
3544 900 3604 956 Si

1994 976 2178 1047 itaque
2209 977 2506 1046 prudentes
2530 994 2799 1047 essemus,
2823 984 2907 1039 vel
2939 986 3093 1041 tarde
3118 988 3449 1047 sentiremus
3464 994 3599 1065 quid

1994 1064 2146 1121 facto
2186 1083 2350 1138 opus,
2386 1080 2441 1123 et
2487 1070 2796 1129 iaceremus
2829 1074 2984 1130 nobis
3039 1079 3247 1132 amicos
3274 1094 3339 1133 ex
3394 1064 3601 1139 divitiis

1995 1162 2323 1233 injustitiae.‘
2382 1164 2651 1221 Dicuntur
2713 1177 2895 1224 autem
2974 1170 3181 1228 divitia:
3269 1175 3603 1247 iniustitiae,

1992 1269 2131 1324 quas
2182 1257 2339 1311 nobis
2371 1255 2634 1315 Dominus
2681 1258 2737 1314 in
2808 1270 2937 1317 usus
2988 1262 3221 1319 fratrum
3286 1278 3337 1322 et
3368 1277 3611 1325 conser-‘

1988 1365 2181 1403 vorum
2220 1351 2575 1406 insmnemlas
2614 1353 2781 1421 dedit,
2840 1369 2940 1410 nos
2995 1367 3177 1411 autent
3237 1360 3394 1415 nobis
3420 1361 3593 1432 depo-

1988 1444 2123 1498 sitas
2190 1455 2457 1501 tenemus.
2510 1444 2709 1502 Verum
2769 1448 2851 1502 vel
2900 1449 3057 1505 tarde
3132 1453 3439 1509 sentiamus
3492 1472 3599 1526 quo

1989 1537 2255 1606 feramur,
2290 1550 2339 1594 et
2367 1542 2509 1608 quod
2537 1556 2660 1595 cum
2689 1542 2805 1597 dies
2829 1542 2918 1597 illa
2939 1546 3175 1612 venerit,
3207 1562 3383 1616 neque
3439 1549 3597 1604 labo-

1988 1646 2111 1686 rare
2167 1633 2493 1701 poterimus.
2534 1634 2653 1689 Non
2689 1636 2834 1690 enim
2868 1647 2997 1693 tunc
3025 1639 3130 1693 erit
3158 1642 3417 1710 operandi
3464 1651 3602 1697 tem-

1988 1742 2108 1796 pus,
2175 1743 2352 1798 neque
2379 1740 2505 1784 tunc
2538 1730 2828 1786 honestum
2892 1733 2997 1788 erit
3036 1735 3387 1790 mendicare:
3421 1737 3603 1791 stultae

1986 1823 2130 1875 enim
2166 1822 2402 1893 virgines
2427 1824 2823 1896 dicunturqute
2877 1829 3383 1899 mendicant:quid
3434 1831 3600 1902 igitur

271 1913 554 1984 δυνάμεθα
579 1930 595 1946 ·
623 1913 888 1985 ἐργασίας
920 1911 1030 1983 γὰρ
1060 1909 1161 1961 οὐκ
1191 1906 1308 1961 ἔστι
1358 1906 1483 1960 τότε
1512 1906 1727 1977 καιρός·
1758 1903 1883 1959 οὒτε

1994 1914 2285 1983 reliquum,
2322 1930 2484 1985 quam
2520 1926 2577 1971 ut
2609 1916 2805 1973 harum
2832 1919 3147 1975 divitiarum
3174 1920 3372 1977 fratres
3428 1899 3598 1995 parti-

272 2009 525 2062 ἐπαιτεῖν
551 2005 863 2078 εὐπρεπέςο
897 2004 1082 2075 μωραὶ
1112 2002 1223 2072 γὰρ
1258 2000 1316 2053 αί
1345 1998 1607 2071 παρθένοι
1642 2000 1697 2052 αἰ
1726 2001 1883 2052 ἐπαι-

272 2103 518 2173 τήσασαι
548 2099 935 2170 ὀνομάζονται.
966 2096 1033 2149 Τί
1064 2095 1248 2149 τοίνυν
1293 2092 1521 2158 λοιπόν;
1560 2092 1634 2145 Τὸ
1667 2105 1883 2163 συμμε-

278 2194 472 2266 ριστάς
498 2191 725 2263 ποιῆσαι
746 2192 856 2245 τῶν
880 2190 1183 2262 χρημάτων
1202 2187 1412 2242 τούτων
1435 2188 1563 2250 τοὺς
1592 2186 1879 2255 ἀδελφοὺς,

274 2287 346 2340 ἵν’
370 2289 502 2340 ὅταν
522 2286 835 2354 ὲκλίπωμεν
863 2281 1138 2347 ἐντεῦθεν,
1161 2282 1471 2344 τουτέστιν,
1499 2280 1608 2332 ἀπὸ
1641 2278 1737 2333 τοῦ
1765 2277 1882 2349 βίου

273 2382 469 2435 τούτου
501 2380 901 2452 ἀναχωρῶμεν,
942 2378 1206 2444 δέξωνται
1230 2377 1378 2447 ἡμᾶς
1422 2374 1473 2427 οἱ
1531 2374 1764 2442 πένητες
1804 2372 1885 2434 εἰς

271 2475 374 2535 τὰς
400 2471 653 2534 αἰωνίους
686 2471 912 2542 σκηνάςο
940 2472 1052 2532 τοῖς
1077 2468 1185 2537 γάρ
1208 2471 1265 2521 ὲν
1300 2466 1526 2538 Χριστῷ
1558 2466 1789 2535 πένησιν
1817 2465 1872 2516 αἱ

274 2565 499 2620 αἰώνιαι
532 2566 733 2636 σκηναὶ
750 2561 1254 2633 ἀπεκληρώθησαν,
1295 2561 1376 2623 εἰς
1410 2558 1765 2623 ἀς⁸δύνανται
1788 2557 1882 2610 δέ·

275 2657 475 2725 ξασθαι
487 2658 613 2719 τοὺς
627 2654 865 2709 ἐνταῦθα
880 2656 1063 2723 αὐτοῖς
1081 2654 1439 2723 φιλιάσαντας
1461 2651 1549 2706 διὰ
1567 2651 1667 2721 τῆς
1686 2651 1887 2715 δόσεως

275 2756 389 2805 τῶν
424 2751 748 2823 χρημάτων,
785 2749 820 2803 ἃ
859 2747 1177 2801 Δεσποτικά
1204 2746 1335 2800 ὄντα
1369 2750 1481 2810 τοῖς
1521 2747 1750 2816 πένησιν
1780 2745 1888 2799 ἔδει

274 2849 336 2913 ἐξ
366 2846 542 2917 ἀρχῆς
580 2842 821 2913 δοθῆναι.
858 2834 1020 2894 Οὗτοι
1051 2839 1160 2910 γὰρ
1192 2839 1243 2891 oi
1290 2837 1568 2910 χρεῶσται
1626 2837 1767 2891 κατὰ
1814 2839 1876 2889 τὸ

272 2940 591 3007 εἰρημένον·
614 2952 635 2987 ι
672 2933 843 3005 Ὅλην
858 2933 957 3004 τὴν
974 2931 1189 3003 ἡμέραν
1218 2930 1377 2994 ὲλεεί,
1401 2930 1495 2983 καί
1521 2930 1756 2993 δανείζει
1774 2930 1890 2982 ὁδί-

273 3047 453 3093 καιος’
470 3049 487 3082 ι
512 3030 610 3083 καὶ
634 3027 816 3081 πάλινο
860 3044 878 3077 ι
915 3027 977 3080 '0
1002 3025 1167 3077 ἐλεῶν
1193 3025 1411 3096 πτωχὸν
1444 3024 1680 3087 δανείζει
1702 3023 1839 3093 Θεῷ.
1864 3041 1881 3074 ι

280 3124 429 3177 Ἔδει
488 3123 586 3193 μὲν
635 3117 730 3174 οὖν
782 3117 1215 3189 προηγουμένως
1257 3116 1437 3169 πάππα
1493 3116 1715 3184 δοθῆναι
1769 3115 1883 3175 τοῖς

276 3215 469 3281 καλοῖς
498 3212 710 3272 τούτοις
742 3210 1172 3281 χρεωφειλέταις
1196 3210 1311 3270 τοῖς
1342 3204 1885 3260 ἑκατονταπλασίονα

275 3265 615 3362 Ageage“.
663 3265 813 3372 ibi;
860 3265 984 3356 ἐπεὶ
1031 3265 1310 3371 οἰκονόμοι
1350 3301 1451 3368 τῆς
1492 3299 1707 3361 ἀδικίας
1736 3299 1884 3368 εὐρι-
1914 3265 1957 3323 ο

279 3399 556 3469 σκόμεθα,
607 3398 811 3460 ἀδίκως
856 3396 1338 3467 παρακατέχοντες
1371 3395 1407 3449 ἃ
1460 3394 1641 3454 ἀλλοις
1675 3390 1887 3462 ἀφώρι-

274 3512 425 3561 σται,
457 3495 531 3566 μὴ
556 3494 733 3563 πάντη
771 3491 1035 3563 μενητέον
1065 3490 1123 3542 ὲν
1168 3488 1341 3561 ταύτῃ
1389 3490 1454 3559 τῇ
1489 3486 1882 3557 ἀπανθρωπὶᾳ,

274 3589 415 3643 ἀλλά
454 3586 777 3659 μεταδοτέον
821 3588 933 3649 τοῖς
965 3585 1216 3657 πένησιν,
1248 3583 1336 3636 ἵνα
1370 3583 1499 3653 παρ’
1530 3581 1710 3641 αὐτῶν
1745 3580 1882 3635 ὑπο-

264 3678 561 3751 ’δεχθῶμεν
588 3680 667 3742 εἰς
690 3679 793 3743 τὰς
812 3678 1068 3741 αἰωνίους
1094 3675 1323 3746 σκηνάς.
1345 3675 1535 3739 Οὕτως
1563 3670 1655 3726 οὖν
1678 3673 1887 3741 ἐκλαμ-

273 3774 532 3827 6ἀνουσιν
561 3772 691 3843 ἡμῖν
709 3770 807 3841 τὴν
824 3769 1159 3840 παραδολὴν,
1178 3767 1327 3821 οὒδὲν
1362 3766 1639 3836 περιτ.δν,
1664 3766 1695 3836 ἢ
1733 3763 1885 3833 περί-

272 3863 520 3937 εργον,ἢ
552 3863 1058 3937 ὀνειροκριτκὶντῇ
1091 3860 1352 3930 ἐξηγήσει
1379 3860 1702 3931 ἀπαντήσει.
1732 3860 1891 3911 Δοκεῖ

273 3958 336 4015 δὲ
357 3958 648 4013 ἀλλόκοτόν
678 3975 731 4011 τι
764 3955 1052 4028 σημαίνειν
1077 3956 1138 4008 τό
1163 3969 1177 3985 ⁶
1204 3953 1323 4007 Υἱοὶ
1347 3952 1442 4006 τοῦ
1471 3953 1666 4015 αἰῶνος
1693 3955 1885 4005 τούτου

276 4052 688 4125 φρονιμώτεροι
716 4052 847 4113 εἰσι,
878 4050 973 4103 καὶ
1001 4052 1071 4103 τὰ
1096 4047 1248 4118 ἑξῆς.
1280 4048 1395 4101 Οὐκ
1427 4046 1543 4098 ἔστι
1582 4045 1640 4098 δὲ
1672 4045 1884 4097 δυσπα-

279 4145 708 4220 ρακολούθητον,
758 4143 791 4215 ἢ
843 4142 1070 4207 ξενίζον.
1121 4140 1287 4204 Υίοὺς
1347 4140 1457 4211 γὰρ
1502 4139 1697 4201 αἰῶνός
1751 4155 1884 4207 φησι

276 4243 499 4306 τούτου,
555 4239 681 4301 τοὺς
732 4236 1155 4305 ὲπινοουμένους
1214 4237 1394 4289 πάντα
1446 4234 1515 4286 τὰ
1578 4236 1636 4287 ὲν
1687 4235 1755 4304 τῇ
1810 4236 1881 4304 γῇ

277 4337 469 4397 αὐτοῖς
510 4327 918 4385 λυσιτελοῦντα·
958 4330 1107 4391 υἰοὺς
1138 4328 1194 4381 δὲ
1240 4327 1443 4391 φωτὸς,
1487 4326 1883 4394 τοὺςιόφείλον-

277 4443 383 4487 τας
413 4426 502 4477 τὶν
536 4421 909 4492 πνευματικὸν
952 4420 1183 4473 πλοῦτον
1236 4418 1719 4491 μεταχειρίζεσθαι
1768 4418 1884 4471 θεο-

282 4516 481 4587 φιλῶς.
522 4515 694 4568 Τοῦτο
732 4511 826 4569 οὖν
866 4513 1037 4583 λέγει,
1081 4514 1163 4565 ὅτι
1191 4513 1255 4565 Oi
1294 4511 1573 4582 ἄνθρωποι
1606 4530 1634 4564 ο
1659 4512 1883 4581 κονόμοι

1988 2009 2139 2076 cipes
2169 2006 2461 2076 faciamus,
2492 2019 2551 2064 ut
2597 2013 2815 2081 quando
2861 2012 2990 2068 hinc
3050 2013 3438 2080 defecerimus,
3492 2018 3596 2074 hoc

1988 2110 2071 2155 est
2130 2115 2196 2154 ex
2225 2101 2325 2156 hac
2343 2102 2451 2155 vita
2472 2104 2893 2169 excesserimns,
2923 2107 3197 2177 accipiant
3244 2125 3343 2162 nos
3382 2124 3589 2180 paupe-

1988 2206 2075 2245 res
2095 2191 2145 2245 in
2166 2202 2372 2249 aeterna
2401 2194 2754 2250 tabernacula
2781 2196 3055 2253 'UEterna
3071 2200 3217 2254 enim
3244 2201 3595 2257 tabernacula

1982 2287 2324 2369 pauperibus
2350 2286 2402 2341 in
2435 2287 2659 2345 Christo
2697 2292 2995 2347 constituta
3031 2304 3181 2358 sunt,
3216 2294 3268 2349 in
3299 2311 3421 2363 qua:
3470 2312 3595 2367 pos-

1991 2378 2102 2433 sint
2138 2380 2382 2449 recipere
2414 2396 2510 2437 cos
2560 2383 2653 2453 qui
2696 2384 2785 2439 hic
2847 2385 2985 2456 ipsis
3043 2389 3220 2442 amice
3291 2392 3358 2443 de
3418 2392 3595 2454 bonis.

1988 2488 2112 2543 quae
2147 2484 2273 2526 sunt
2326 2474 2629 2541 Dominica,
2665 2477 2995 2547 largiuntur.
3052 2479 3392 2551 Pauperibus
3451 2485 3597 2539 enim

1990 2562 2226 2633 primum
2270 2566 2603 2621 debebamus
2635 2569 2766 2623 dare
2800 2588 2813 2623 :
2844 2584 2969 2624 nam
3006 2571 3080 2624 illi
3110 2573 3385 2629 debitores
3445 2586 3597 2637 sunt,

1990 2660 2287 2713 secundum
2326 2659 2430 2713 hoc
2460 2662 2605 2728 quod
2635 2662 2836 2715 dictum
2871 2672 2956 2718 est
2986 2682 2998 2716 :
3039 2683 3057 2715 ι
3090 2664 3225 2719 Tata
3257 2669 3344 2723 die
3375 2671 3602 2724 miserr-

1992 2758 2077 2803 tur
2092 2758 2145 2802 et
2162 2751 2664 2819 conuuodatjustus
2682 2754 2782 2819 3°“;
2815 2774 2833 2805 ι
2875 2764 2928 2810 et
2956 2757 3211 2820 iterunu
3238 2760 3339 2825 Qui
3372 2763 3601 2817 misere-

1993 2851 2077 2895 tur
2108 2844 2664 2924 paupcri,feneratur
2698 2846 2806 2901 Deo
2840 2847 2941 2902 υ.»
2977 2849 3277 2920 Oportebat
3305 2854 3470 2923 igitttr
3492 2855 3602 2924 pri-

1991 2950 2138 2988 mum
2173 2936 2303 2988 dare
2362 2921 2518 2990 bouis
2579 2936 2690 2992 illis
2758 2938 3125 3008 debitoribus,
3191 2942 3282 3011 qui
3331 2921 3598 3013 iccntupla

1995 3027 2251 3081 reddunt.
2292 3027 2491 3081 Verum
2528 3030 2652 3099 quia
2689 3029 3101 3099 iliSpcnsatores
3131 3035 3413 3102 iniustitiae
3443 3037 3603 3091 inve-

2000 3118 2204 3183 nimur,
2236 3117 2439 3187 injuste
2480 3120 2777 3174 retinentes
2806 3136 2926 3189 qua:
2966 3123 3089 3179 aliis
3152 3126 3391 3195 seposita
3449 3136 3603 3194 sunt,

1992 3222 2103 3261 non
2135 3224 2355 3279 semper
2381 3214 2710 3266 manendum
2742 3215 2847 3269 erit
2877 3216 2931 3269 in
2974 3216 3077 3272 bac
3106 3218 3452 3285 infidelitate,
3504 3226 3599 3277 sed

1993 3304 2510 3357 communicandum
2542 3308 2894 3376 pauperibus,
2918 3318 2975 3363 ut
2995 3312 3063 3364 ab
3087 3314 3217 3380 ipsis
3233 3314 3603 3383 suscipiantur

1994 3396 2047 3450 in
2080 3407 2285 3450 aeterna
2319 3397 2696 3453 tabernacula.
2733 3399 2825 3454 Sic
2861 3402 3027 3471 igitur
3063 3403 3222 3458 nobis
3272 3409 3603 3475 exponenti-

1998 3487 2100 3541 bus
2132 3488 2472 3557 parabolam,
2506 3490 2639 3544 nihil
2664 3493 2747 3545 vel
2778 3492 3141 3563 superfluum,
3177 3499 3257 3552 vel
3294 3500 3599 3565 curiosum,

1992 3581 2077 3635 vel
2113 3582 2541 3637 somniculosum
2580 3588 2895 3641 enarrando
2935 3600 3210 3645 occurret.
3248 3588 3477 3645 Videtur
3505 3608 3602 3645 au-

1994 3682 2099 3727 tem
2129 3682 2185 3727 et
2212 3672 2446 3727 alienum
2476 3676 2733 3743 quiddam
2807 3678 3140 3747 signiﬁcare,
3190 3681 3420 3737 dicens:
3478 3680 3600 3738 Filii

1993 3766 2153 3836 hujus
2186 3768 2370 3821 Stl'culi
2422 3769 2808 3837 prudentiores
2865 3784 3013 3838 sunt,
3068 3784 3180 3826 etc.
3232 3773 3350 3828 Non
3416 3788 3600 3833 autetn

1991 3865 2132 3914 male
2164 3862 2424 3927 colt-teret,
2452 3877 2629 3932 neque
2650 3863 2888 3918 alienum
2924 3876 3028 3920 cst.
3060 3865 3232 3922 Filios
3260 3870 3405 3923 enim
3430 3871 3596 3939 hujus

1990 3953 2173 4008 smcuii
2219 3955 2349 4007 dicit
2380 3968 2475 4009 eos
2533 3957 2623 4025 qui
2690 3957 2913 4011 laudant
2946 3961 3129 4013 munia
3162 3976 3285 4030 qua:
3342 3962 3395 4015 in
3456 3973 3599 4018 terra

1993 4047 2204 4101 lucrosa
2231 4059 2357 4102 sunt
2386 4067 2399 4103 :
2439 4050 2577 4103 filios
2606 4066 2737 4105 vero
2762 4052 2924 4114 lucis,
2950 4067 3047 4107 cos
3112 4056 3202 4123 qui
3248 4056 3445 4110 debent
3512 4059 3600 4127 pie

1991 4139 2304 4207 spiritualcs
2336 4142 2557 4195 divitias
2592 4144 3023 4200 c0mmunicare.
3058 4144 3171 4200 lloc
3223 4148 3390 4217 igitur
3421 4150 3595 4204 dicit:

1990 4234 2251 4287 [lutuincs
2303 4234 2559 4289 humanis
2606 4236 3105 4306 dispensationibus
3166 4242 3432 4308 praefecti,
3473 4258 3597 4298 Otii-

1991 4329 2149 4383 nibus
2220 4328 2392 4382 mod—is
2441 4344 2628 4383 curam
2691 4332 2896 4385 habent
2960 4340 3013 4386 et
3051 4335 3341 4403 provident
3374 4347 3431 4389 ut
3472 4352 3595 4391 cum

1987 4420 2230 4474 destituti
2275 4421 2478 4475 luerint
2510 4438 2537 4473 a
2570 4420 2999 4489 dispensationis
3035 4439 3287 4489 munere,
3346 4429 3596 4481 consula.

1990 4516 2191 4568 tionem
2253 4514 2533 4581 habeant;
2577 4516 2666 4583 ιιιιὶ
2704 4526 2885 4569 autem
2928 4518 3023 4571 lilii
3067 4518 3203 4573 lucis
3248 4521 3599 4588 onlinautur,

283 4618 389 4686 μὲν
441 4612 801 4683 ἀνθρωπίνων
866 4610 1189 4681 διοικήσεων
1246 4609 1640 4679 καθιστάμενοι
1699 4608 1880 4661 πάντα

1993 4610 2093 4662 hoc
2122 4619 2228 4671 εει,
2269 4608 2469 4677 quibus
2511 4608 2825 4663 concredita
2864 4622 2951 4664 est
2986 4612 3289 4680 spiritualis
3336 4616 3602 4682 pecunia-

278 4709 486 4781 τρόπον
518 4705 1031 4778 πραγματεύονται,
1073 4704 1221 4765 ὅπως
1253 4704 1392 4771 μετά
1439 4704 1501 4754 τὸ
1535 4702 1878 4771 μετασταθῆ-

279 4819 375 4856 ναι
409 4801 474 4853 ὲκ
505 4798 607 4868 τῆς
651 4797 988 4869 οἰκονομίας,
1040 4796 1208 4867 ἔχωσι
1256 4795 1628 4866 παρηγορίαν·
1671 4795 1775 4847 υίοί
1825 4793 1881 4846 δὲ

281 4894 464 4964 φωτὸς
493 4891 840 4960 ταττόμενοι,
872 4892 1147 4954 τουτέστι,
1186 4888 1569 4958 πνευματικὴν
1612 4887 1882 4957 διοίκησιν

282 4986 592 5059 χρημάτων
624 4984 1036 5053 πιστευόμενοι,
1084 4980 1238 5033 οὐδὲν
1268 4979 1614 5032 ὲπινοοῦνται
1646 4978 1781 5047 πρὸς
1822 4978 1882 5030 τὸ

282 5078 640 5150 ὠφεληθῆναι
675 5077 815 5148 μετὰ
838 5076 1012 5129 ταῦτα
1038 5093 1051 5106 ·
1086 5074 1194 5128 υἰοὶ
1221 5072 1313 5126 οὖν
1343 5071 1439 5125 τοῦ
1469 5072 1662 5134 αἰῶνος
1687 5071 1879 5125 τούτου

282 5176 339 5240 οἰ
360 5172 712 5239 ἀνθρωπίνας
755 5168 1055 5238 διοικήσεις
1105 5167 1557 5235 πεπιστευμένοι,
1592 5166 1686 5216 καὶ
1724 5166 1779 5215 ὲν
1812 5168 1876 5235 τῇ

284 5267 452 5336 γενεᾷ
484 5266 551 5334 τῇ
584 5260 820 5327 ἑαυτῶν,
853 5260 1157 5324 τουτέστιν,
1189 5257 1353 5337 ὲντῷ
1383 5256 1486 5329 βίῳ
1515 5256 1712 5327 τούτῳ,
1750 5274 1885 5327 φρο-

287 5358 461 5427 νίμως
486 5358 556 5407 τὰ
590 5352 712 5406 καθ’
740 5352 969 5414 ἑαυτοὺς
996 5348 1351 5411 διοικοῦντες.
1386 5348 1508 5401 Υἰοί
1534 5348 1592 5400 δὲ
1634 5348 1809 5415 φωτὸς
1839 5351 1886 5401 οἱ

285 5449 551 5521 χρήματα
604 5446 887 5517 ιαὸόντες,
945 5445 1088 5498 ὥστε
1136 5444 1361 5497 διοικεῖν
1413 5443 1553 5495 αύτὰ
1599 5442 1887 5510 θεοφιλῶς.

288 5540 678 5612 Εὑρισκόμεθα
702 5536 796 5593 οὖν
822 5540 881 5590 ὲν
907 5539 1005 5608 μὲν
1032 5540 1150 5591 ταῖς
1185 5536 1555 5607 ἀνθρωπίναις
1585 5536 1884 5605 διοικήσεσι

288 5635 573 5707 φρονίμως
617 5635 687 5687 τὰ
722 5633 933 5688 ἑαυτῶν
966 5632 1319 5697 διοικοῦντες,
1358 5631 1455 5684 καὶ
1497 5630 1885 5701 πραγματευό-

290 5751 466 5805 μενοι,
502 5731 610 5795 ἵνα,
649 5734 698 5785 εί
726 5732 820 5785 καί
855 5730 1180 5799 ἑκπέσωμέν
1236 5744 1367 5782 ποτε
1418 5729 1515 5798 τῆς
1547 5728 1881 5797 οἰκοιομίας.

364 5919 441 5949 ⁹’“
474 5917 618 5973 l‘sal.
649 5932 832 5985 nm,
858 5916 947 5973 26.
1026 5916 1072 5949 ⁸⁸
1106 5915 1265 5973 Prov.
1306 5931 1418 5984 xix,
1462 5915 1543 5970 ιτ.

1996 4718 2112 4754 rum
2135 4703 2488 4770 dispensatio,
2512 4717 2617 4754 non
2637 4703 2881 4773 cogitant
2901 4706 3174 4773 quomodo
3196 4716 3316 4775 post
3346 4707 3487 4762 hanc.
3517 4710 3571 4763 vi

1994 4806 2103 4849 tam
2128 4796 2476 4849 commodum
2497 4796 2821 4865 percipiant.
2850 4796 2973 4851 Filii
2993 4798 3178 4867 itaque
3197 4801 3377 4855 saeculi
3415 4802 3596 4871 hujus,

1996 4890 2031 4943 ii
2073 4899 2202 4942 sunt
2241 4888 2439 4957 quibus
2469 4888 2725 4943 humanae
2764 4888 3203 4959 dispensationes
3272 4898 3599 4949 concredita:

1994 4994 2143 5045 sunt,
2179 4994 2233 5037 et
2269 4982 2322 5037 in
2376 4984 2733 5051 generatione
2768 4997 2892 5050 sua,
2948 4985 3053 5039 hoc
3110 4995 3214 5049 est,
3247 4987 3301 5040 in
3334 4988 3441 5041 vita
3475 4988 3604 5048 hac,

1994 5075 2289 5142 prudenter
2343 5092 2432 5129 res
2489 5073 2658 5147 414
2716 5091 2844 5131 suas
2906 5078 3274 5147 dispensant;
3332 5078 3426 5133 ﬁlii
3470 5096 3606 5138 vero

1992 5169 2151 5234 lucis,
2212 5170 2303 5239 qui
2362 5174 2624 5237 pecunias
2681 5182 3006 5240 receperunt
3077 5183 3136 5227 ut
3194 5174 3315 5229 illas
3367 5176 3418 5229 in
3484 5180 3600 5246 pios

1992 5279 2122 5317 usus
2192 5265 2529 5333 (Ιίερριιειιιιι.
2608 5265 2923 5320 ltiveuimur
3007 5269 3191 5338 itaque
3249 5268 3301 5322 in
3350 5269 3605 5324 humanis-

1990 5358 2491 5425 dispensationibus
2540 5374 2625 5411 res
2664 5371 2881 5414 nostras
2941 5362 3237 5429 prudenter
3264 5361 3607 5429 dispensare,

1998 5457 2053 5502 ut
2103 5449 2265 5502 etiam
2330 5451 2374 5503 si
2430 5450 2912 5504 administratione
2967 5451 3356 5517 exciderimus,
3406 5453 3607 5505 habea-

1999 5557 2119 5595 mus
2158 5543 2431 5610 quoddam
2470 5543 2737 5611 refugium
2779 5544 2905 5597 vitae
2942 5564 2955 5599 :
2995 5545 3047 5599 iit
3083 5545 3169 5599 his
3228 5554 3408 5598 autem
3439 5548 3608 5598 rebus

1998 5648 2117 5703 qua:
2167 5637 2364 5688 debent
2408 5640 2710 5691 secundum
2758 5636 2926 5692 Deum
2988 5640 3316 5709 dispensari,
3397 5636 3605 5691 nuilam

2002 5728 2248 5781 videmur
2275 5742 2465 5796 gerere
2495 5744 2681 5785 curam
2726 5733 3003 5800 quomodo
3068 5732 3333 5787 rationem
3381 5729 3603 5800 dispen-
