4100 6334
233 329 342 392 969

1035 327 1483 390 ENARRATIO
1534 329 1613 390 ΙΝ
1653 330 2163 393 EVANGELIUM
2203 329 2442 391 LUC/3E.
2479 326 2919 387 --CAP..XV[.

3435 325 3540 387 970

233 455 332 492 τον
389 435 622 498 πιστῶς·
681 435 960 507 ἀλλότριος
1014 437 1120 506 γάρ
1174 440 1321 501 ὲστι,
1361 439 1457 491 καὶ
1511 439 1610 509 οὐχ
1649 439 1828 508 ἡμῶν·

1943 439 2108 509 Igitur
2141 441 2426 510 hucusque
2459 439 2643 493 docuit
2674 453 2774 492 nos
2805 435 3069 492 Dominus
3103 437 3378 507 quomodo
3412 439 3544 495 nde-

238 531 404 600 ήμεῖς
438 531 545 599 γὰρ
576 529 870 597 οἰκονόμοι,
902 528 996 582 καὶ
1029 529 1148 599 ούχὶ
1182 529 1363 596 κύριοι
1424 531 1516 583 καὶ
1548 529 1830 584 δεσπόται.

251 624 410 676 Ἐπεὶ
455 623 512 675 δὲ
564 624 597 692 ἡ
643 623 787 674 κατά
831 621 966 674 Θεὸν
1005 622 1101 674 τοῦ
1147 624 1381 676 πλούτου
1431 624 1699 694 διοίκησις
1737 626 1834 678 οὐκ

236 717 421 780 ἄλλως
471 715 855 786 κατορθοῦται,
908 719 956 768 εί
989 717 1064 786 μὴ
1101 717 1191 769 διὰ
1227 717 1328 786 τῆς
1375 719 1796 787 ἀπροσπαθείας
1819 760 1832 782 ,

237 809 569 880 προστίθησι
604 809 698 862 καὶ
730 808 888 861 τοῦτο
933 812 998 879 τῇ
1031 809 1378 880 διδασκαλίᾳ,
1403 811 1598 864 εἰπών’
1631 812 1706 864 Ού
1741 811 1832 863 δύ-

236 902 410 956 νασθε
440 901 556 972 Θεῴ
588 902 860 955 δουλεύειν
891 903 987 954 καὶ
1013 905 1271 974 μαμωνᾷ,
1307 905 1610 970 τουτέστιν,
1641 903 1809 958 ἀδύνα

232 1011 329 1047 τον
355 993 446 1047 τὸν
468 995 896 1064 προσηλωμένον
920 993 997 1065 τῷ
1025 995 1266 1066 πλούτῳ.
1301 996 1396 1050 καὶ
1417 997 1835 1067 ὑποκρατοῦντά

232 1106 288 1140 τι
340 1089 485 1142 κατά
533 1089 932 1160 προσπάθειαν,
978 1089 1166 1143 δοῦλον
1208 1085 1349 1143 εἶναι
1388 1091 1563 1144 Θεοῦ’
1605 1091 1747 1144 ὥστε
1786 1093 1833 1143 εί

237 1180 462 1248 μέλλεις
507 1180 712 1243 πιστῶς
755 1179 981 1234 διοικεῖν
1016 1181 1106 1234 τὸν
1142 1181 1392 1249 πλοῦτον,
1431 1183 1506 1254 μὴ
1540 1182 1836 1258 δουλεύσῃς

233 1272 408 1342 αὐτῷ,
446 1274 582 1344 ὅπερ
622 1274 759 1339 ἐστὶ,
809 1275 886 1345 μὴ
930 1273 1061 1346 ἔχῃς
1096 1274 1283 1345 σχέσιν
1333 1277 1471 1345 πρὸς
1520 1277 1705 1343 αὐτὸν,
1741 1280 1835 1330 καὶ

231 1363 408 1428 ὅντως
450 1366 770 1429 ὲδούλευσας
800 1366 879 1437 τῷ
911 1367 1030 1436 Θεῷ
1051 1383 1063 1395 ·
1099 1369 1381 1438 πανταχοῦ
1417 1369 1526 1439 γὰρ
1559 1371 1592 1440 ἡ
1636 1370 1833 1438 φιλαρ-

229 1458 402 1530 γυρία
425 1458 790 1522 διαϐάλλεται,
819 1461 955 1531 ὅπερ
982 1461 1128 1514 ἐστιν
1152 1463 1184 1530 ἠ
1210 1462 1468 1533 ἐμπαθὴς
1501 1463 1685 1533 σχέσις
1742 1464 1836 1517 καὶ

230 1553 389 1621 φιλία
419 1554 512 1607 τοῦ
548 1553 805 1608 πλούτου.

311 1666 331 1699 ε
380 1649 618 1703 Ἤκουον
652 1649 706 1704 δὲ
736 1652 910 1705 ταῦτα
957 1653 1134 1707 πάντα
1177 1654 1270 1706 καὶ
1323 1655 1372 1706 ot
1424 1654 1709 1724 Φαρισαῖοι
1746 1671 1834 1723 ιρι⁴

229 1743 506 1814 λάργυροι
539 1744 879 1816 ὑπάρχοντες
907 1746 1002 1798 καὶ
1039 1745 1475 1816 ἐξεμυκτήριζον
1504 1747 1687 1800 αὐτόν.
1724 1747 1835 1799 Καὶ

1947 534 2072 588 liter
2110 533 2491 604 dispensanda:
2528 541 2656 588 sunt
2691 531 2930 597 divitiae;
2985 530 3176 586 aliena:
3215 534 3360 587 enim
3393 545 3542 600 sunt,

1941 637 1994 682 et
2027 643 2136 681 non
2180 635 2382 682 nostra:
2424 644 2439 680 :
2482 641 2582 681 nos
2617 627 2762 680 enim
2806 628 3214 696 dispensatores
3259 643 3449 684 sumus
3489 640 3544 683 et

1941 737 2049 774 non
2083 721 2310 774 domini.
2340 719 2610 786 Quoniam
2641 728 2826 774 autem
2857 720 3196 789 dispensatio
3223 721 3539 777 divitiarum

1937 815 2088 882 juxta
2129 813 2296 866 Deum
2351 828 2456 868 non
2506 814 2664 869 aliter
2700 815 2758 868 tit
2806 826 2985 879 recte,
3040 816 3142 870 nisi
3198 815 3376 870 absint
3414 831 3543 885 erga

1941 907 2060 960 illas
2109 907 2273 961 etiam
2316 904 2671 971 aﬂectioncs,
2727 908 2830 961 hoc
2871 920 3094 976 quoque
3142 907 3244 962 hac
3293 907 3541 963 doctrina

1941 995 2079 1049 dixit
2110 1012 2125 1049 :
2158 995 2274 1050 Non
2305 995 2534 1063 potestis
2574 995 2682 1050 Deo
2710 996 2919 1051 servire
2940 1004 2992 1050 et
3025 1010 3354 1050 manui-noua:
3383 1012 3398 1061 ;
3441 997 3543 1050 hoc

1941 1095 2054 1150 est,
2084 1086 2422 1156 impossibile
2445 1098 2528 1140 est
2552 1087 2713 1141 simul
2742 1087 3019 1141 addictum
3044 1101 3167 1141 esse
3193 1101 3543 1154 mammonm,

1941 1187 1994 1233 et
2029 1178 2122 1232 tali
2171 1175 2466 1233 atl'eetioue
2501 1177 2786 1233 detentum
2823 1177 3032 1235 servire
3069 1178 3201 1234 Deo.
3255 1179 3436 1248 Atque
3471 1181 3546 1236 ita

1941 1273 1982 1326 si
2014 1271 2097 1326 vis
2136 1271 2366 1326 ﬁdeliter
2395 1271 2716 1350 dispensare
2750 1271 2972 1326 divitias
2994 1312 3008 1336 ,
3053 1287 3157 1326 non
3200 1274 3412 1328 servias
3444 1274 3546 1339 eis,

1943 1367 2044 1420 hoc
2071 1372 2176 1431 est,
2206 1380 2312 1418 non
2351 1366 2585 1420 tenearis
2612 1363 2898 1420 ati‘ectione
2931 1380 3056 1435 erga
3094 1365 3211 1420 illas
3233 1404 3247 1430 ,
3280 1376 3333 1419 et
3359 1381 3547 1421 revera

1941 1458 2148 1513 servias
2189 1459 2317 1512 Deo.
2359 1455 2573 1527 Ubique
2608 1457 2755 1511 enim
2796 1471 2956 1511 amor
2993 1459 3236 1526 pecuniae
3273 1469 3492 1512 taxatur
3531 1501 3546 1524 ,

1943 1551 2044 1604 hoc
2075 1559 2159 1604 est
2189 1547 2405 1604 atl‘eetio
2439 1563 2569 1618 erga
2599 1548 2716 1602 illas
2749 1557 2802 1604 et
2828 1549 3094 1604 studium.

2013 1640 2176 1696 Vsus.
2222 1640 2416 1706 14,15.
2473 1659 2490 1691 ι
2532 1640 3054 1698 Αυιὶὶεὺιιηιιιυιειη
3103 1644 3218 1698 ιιωο
3267 1645 3450 1700 omnia
3491 1657 3548 1700 et

1942 1735 2236 1800 Pharisaei,
2273 1736 2364 1805 qui
2409 1745 2568 1790 erant
2610 1736 2793 1801 avari,
2835 1745 2892 1790 et
2922 1736 3245 1793 deridehant
3275 1737 3445 1796 illum.
3481 1740 3550 1794 Et

230 1837 389 1889 εἶπεν
439 1837 658 1901 αὐτοῖς·
703 1837 897 1908 Ὑμεῖς
943 1839 1067 1891 ἐστε
1117 1840 1166 1891 οἱ
1214 1838 1558 1902 δικαιοῦντες
1605 1839 1833 1904 ἑαυτοὺς

1943 1830 2015 1882 ait
2054 1829 2162 1884 illis
2197 1847 2208 1882 :
2248 1827 2356 1883 Vos
2390 1828 2524 1883 estis
2561 1829 2652 1898 qui
2693 1829 3015 1898 iustiﬁcatis
3062 1832 3314 1902 vosipsos
3359 1848 3545 1889 coram

228 1928 468 1982 ἐνώπιον
489 1928 600 1981 τῶν
631 1928 729 1981 ἀνθ
741 1929 960 1999 ρώπων,
992 1931 1019 1983 ό
1039 1930 1097 1982 δὲ
1124 1930 1256 1991 Θεὸς
1284 1930 1546 1998 γινώσκει
1570 1930 1668 1993 τάς
1692 1949 1831 2001 καρ-

229 2021 356 2084 δίας
397 2021 574 2092 ύμῶν,
611 2023 697 2074 ὅτι
740 2022 802 2074 τὸ
836 2024 893 2076 ἐν
930 2020 1242 2093 ἀνθρώποις
1279 2021 1516 2093 ὑψηλὸν,
1555 2021 1834 2093 βδέλυγμα

233 2115 392 2185 παρὰ
419 2113 498 2183 τῷ
527 2113 664 2182 Θεῷ.
705 2133 722 2164 ι
752 2114 815 2168 Οἱ
847 2114 946 2184 μὲν
972 2115 1257 2183 Φαρισαῖοι
1281 2114 1714 2185 ἐξεμυκτήριζον
1743 2115 1835 2167 τὸν

230 2205 466 2277 Κύριον,
491 2205 568 2267 ώς
591 2204 684 2256 ἐπὶ
706 2207 816 2268 τοῖς
833 2203 1014 2273 λόγοις
1031 2204 1378 2273 δακνόμενοι·
1403 2204 1536 2274 δυση
1547 2203 1836 2273 ρεστοῦντο

229 2300 346 2371 γὰρ
393 2301 469 2362 ὼς
515 2299 842 2370 φιλάργυροι
892 2299 1022 2369 περὶ
1058 2298 1447 2369 άκτημοσύνης
1503 2299 1830 2360 ἀκούοντες,

229 2393 361 2446 ἐπεὶ
404 2394 498 2446 καὶ
544 2392 782 2461 εἴρητάιο
818 2389 1109 2460 Βδέλυγμα
1158 2389 1475 2461 ἁμαρτωλῷ
1519 2391 1831 2454 θεοσέϐεια,

229 2489 332 2539 καὶ
380 2486 429 2539 οἱ
481 2484 696 2554 ἔλεγχοι
730 2483 807 2554 τῷ
837 2483 1028 2536 ἀσεϐεῖ
1060 2483 1355 2551 μώλωπες.
1420 2483 1479 2535 Ὀ
1523 2484 1580 2536 δὲ
1629 2483 1835 2555 Κύριος

227 2576 601 2631 ὲκκαλύπτων
630 2577 730 2646 τὴν
770 2575 1279 2646 ύποκεκρυμμένην
1320 2574 1503 2628 αὐτῶν
1540 2576 1831 2647 πονηρίαν,

229 2671 332 2724 καὶ
378 2669 626 2732 δεικνὺς,
671 2669 756 2721 ὅτι
788 2670 837 2721 εί
886 2669 983 2721 καὶ
1031 2668 1422 2739 ὑποκρίνονται
1453 2667 1832 2740 δικαιοδύνην,

231 2763 522 2833 βδελυκτοί
551 2765 658 2815 εἱσι
698 2762 851 2834 παρά
878 2761 955 2829 τῷ
983 2761 1103 2830 Θεῷ
1128 2761 1218 2814 διὰ
1243 2759 1342 2832 τὴν
1371 2762 1573 2830 οἴησιν,
1604 2761 1671 2832 ἣν
1705 2765 1835 2832 περὶ

233 2856 451 2912 ἑαυτῶν
489 2856 697 2927 ἔχουσι,
753 2856 941 2927 φησίν·
1003 2855 1198 2924 Ὑμεῖς
1243 2854 1364 2907 ἐστε
1402 2854 1451 2907 oi
1492 2853 1835 2918 δικαιοῦντες

227 2953 489 3019 ἑαυτοὺς,
519 2953 615 3006 καὶ
643 2953 906 3022 οἰόμενοι,
932 2951 1007 3015 ὡς
1039 2952 1224 3022 μόνοις
1248 2951 1378 3021 ὑμῖν
1409 2951 1469 3005 τὸ
1498 2954 1641 3005 νοεῖν
1669 2951 1704 3005 ἀ
1732 2953 1832 3019 δεῖ,

230 3047 332 3100 καὶ
352 3045 626 3100 διδάσκειν
647 3045 876 3099 δέδοται⁸
899 3045 978 3098 διὸ
1004 3045 1098 3098 καὶ
1125 3044 1492 3115 μυκτηρίζετε
1517 3045 1644 3108 τοὺς
1667 3046 1836 3116 εμοὺς

1940 1923 2256 1978 hominibus
2289 1942 2301 1978 :
2339 1922 2483 1978 Deus
2513 1931 2696 1976 autem
2746 1923 2896 1978 novit
2946 1925 3111 1980 corda
3151 1936 3330 1980 vestra
3366 1945 3378 1982 :
3418 1929 3546 1998 quia

1938 2019 2085 2085 quod
2129 2014 2446 2071 hominibus
2493 2014 2769 2071 excelsum
2817 2025 2932 2081 est,
2985 2018 3413 2075 abominandum
3464 2035 3546 2078 est

1940 2122 2123 2161 coram
2148 2106 2279 2162 Deo.
2309 2127 2327 2159 ι
2355 2108 2617 2164 Pharisaei
2645 2108 2864 2178 quidem
2892 2109 3210 2165 deridebaut
3233 2110 3546 2182 Dominum,

1941 2215 2006 2254 eo
2028 2200 2170 2270 quod
2199 2201 2556 2258 sermonibus
2584 2202 2688 2257 illis
2715 2211 3063 2259 notarentur.
3093 2204 3372 2262 Gravatim
3399 2209 3547 2264 enim

1941 2293 2127 2348 ferunt
2181 2296 2369 2358 avari,
2423 2296 2467 2350 si
2521 2296 2743 2366 quando
2796 2297 2864 2351 de
2905 2308 3229 2367 paupertate
3280 2301 3544 2365 audiunt;

1939 2387 2198 2457 quoniam
2233 2398 2288 2443 ct
2325 2390 2530 2444 dictum
2574 2399 2658 2443 est
2705 2409 2716 2444 :
2766 2390 3116 2456 Abominatio
3149 2403 3234 2448 est
3271 2397 3545 2464 peceatori

1941 2483 2239 2551 pietas,-et
2280 2483 2739 2554 reprehensiones
2782 2484 2939 2555 illlpiL
2989 2495 3116 2542 sunt
3158 2488 3390 2559 ﬂagclta.
3433 2488 3544 2544 Do-

1941 2575 2121 2630 minus
2147 2583 2330 2630 autem
2364 2585 2614 2646 relegens
2639 2577 2909 2632 occultam
2944 2594 3135 2634 eorum
3175 2574 3465 2646 malitiam,
3495 2593 3551 2638 et

1940 2668 2236 2723 ostendens
2273 2683 2369 2724 eos
2402 2669 2666 2724 simulare
2705 2671 3017 2740 justitiam,
3065 2684 3116 2728 et
3154 2673 3552 2731 abominabiles

1939 2775 2062 2816 esse
2084 2762 2224 2830 apud
2255 2762 2427 2817 Deum
2457 2771 2679 2833 propter
2706 2764 3024 2835 opinionem
3055 2781 3219 2836 quam
3258 2769 3325 2822 de
3355 2783 3413 2824 se
3450 2768 3550 2824 ba-

1942 2853 2174 2920 behant,
2216 2854 2351 2909 dicit
2391 2873 2404 2909 :
2462 2853 2565 2911 Vos
2608 2858 2743 2912 estis
2781 2858 2874 2928 qui
2908 2858 3228 2928 jnstitlcatis
3272 2862 3549 2930 vusipsos,

1947 2946 2232 3016 opinantes
2259 2947 2392 3004 solis
2423 2947 2576 3004 vobis
2635 2951 2824 3005 datum
2869 2966 3033 3007 nosse
3064 2966 3186 3022 qua:
3231 2962 3450 3024 oportet
3497 2966 3554 3010 et

1942 3039 2174 3104 docere,
2216 3049 2271 3095 et
2305 3041 2428 3095 ideo
2460 3041 2723 3096 deridetis
2751 3057 2904 3099 meos
2928 3057 3233 3111 sermones,
3270 3045 3553 3113 cupientes

229 3141 433 3208 λόγους
468 3140 543 3203 ώς
585 3139 854 3211 ἄφρονος,
889 3139 1136 3202 θέλοντες
1173 3137 1495 3210 νομίζεσθαι
1529 3137 1608 3209 τῷ
1640 3138 1834 3209 πλήθει

1946 3132 2135 3188 haberi
2184 3147 2214 3187 a
2267 3132 2619 3188 multitudine
2667 3133 2922 3190 doctores
2971 3135 3240 3190 veritatis.
3281 3135 3388 3191 Sed
3442 3153 3552 3192 non

228 3233 496 3304 ἀληθείας
530 3219 867 3286 διδάσκαλοι.
923 3231 1066 3284 Ἀλλ’
1116 3233 1214 3302 οὐχ
1248 3231 1443 3296 οὕτως·
1479 3233 1508 3285 ὀ
1550 3232 1658 3303 γὰρ
1699 3232 1835 3296 Θεὸς

229 3327 500 3397 γινώσκει
537 3327 634 3390 τὰς
673 3326 902 3396 καρδίας
953 3325 1142 3396 ὑμῶν,
1186 3326 1282 3379 καὶ
1325 3325 1654 3395 βδελυκτοὺς
1693 3326 1838 3395 ὑμᾶς

231 3421 455 3488 ἡγεῖται
486 3417 575 3472 διὰ
606 3418 706 3488 τὴν
736 3417 1213 3488 ὑψηλοφροσύνην,
1247 3419 1343 3470 καὶ
1371 3416 1469 3488 τὴν
1498 3417 1597 3486 τῆς
1627 3416 1838 3487 ἀνθρω-

229 3513 402 3582 πίνης
467 3511 626 3579 δόξης
679 3510 998 3581 ἐπιθυμίαν.
1053 3532 1069 3563 t
1128 3512 1202 3563 Τὸ
1261 3515 1371 3582 γὰρ
1416 3513 1475 3563 ὲν
1525 3511 1838 3582 ἀνθρώποις

231 3603 443 3673 ὑψηλὸν
484 3602 765 3674 βδέλυγμα
807 3604 957 3675 τιαρά
1006 3603 1084 3674 τῷ
1120 3602 1260 3674 Θεῷ,
1305 3624 1322 3655 ι
1364 3604 1680 3675 ἀκάθαρτος
1727 3605 1837 3673 γάρ

233 3698 392 3768 παρά
419 3695 613 3768 Κυρίῳ
647 3697 755 3757 πᾶς
789 3695 1212 3766 ὑψηλοκάρδιος.
1251 3695 1402 3748 Ἔδει
1430 3694 1561 3762 γοῦν
1594 3695 1758 3765 ὑμᾶς·
1791 3688 1838 3746 ὦ

228 3790 541 3860 Φαρισαῖοι,
577 3787 654 3859 μὴ
687 3787 824 3858 πρὸς
856 3786 1128 3858 ὑπόληψιν
1165 3786 1266 3858 ζῇν
1295 3787 1668 3858 ἀνθρωπίνην,
1703 3787 1835 3851 Θεὸς

228 3885 342 3954 γὰρ
377 3881 762 3951 διεσκόρπισεν
794 3881 929 3934 ὀστᾶ
961 3880 1468 3949 ἀνθρωπαρέσκων·
1501 3876 1748 3931 δικαιοῦν
1777 3877 1835 3930 δὲ

230 3976 440 4049 μᾶλλον
472 3975 699 4037 ἑαυτοὺς
733 3972 964 4026 ἐνώπιον
999 3970 1094 4025 τοῦ
1121 3971 1282 4026 Θεοῦ.

311 4089 330 4121 ι
371 4071 429 4123 ’0
453 4070 615 4139 νόμος
633 4085 644 4099 ·
668 4069 763 4121 καὶ
781 4069 830 4120 οί
855 4067 1134 4138 προφῆται
1155 4067 1259 4129 ἕως
1289 4066 1562 4132 Ἰωάννου,
1585 4066 1694 4118 ἀπὸ
1713 4066 1835 4118 τότε

228 4165 264 4235 ή
298 4163 549 4235 βασιλεία
571 4161 668 4214 τοῦ
687 4160 822 4213 Θεοῦ
848 4158 1290 4228 εὐαγγελίζεται·
1319 4159 1411 4210 καὶ
1433 4159 1539 4220 πᾶς
1561 4158 1640 4221 είς
1663 4156 1833 4226 αὐτὴν

231 4254 506 4326 βιάζεται.
563 4250 960 4322 Εὐκοπώτερον
1023 4250 1083 4302 δέ
1131 4251 1247 4302 ἐστι
1303 4251 1396 4302 τὸν
1442 4249 1673 4319 οὐρανὸν
1737 4253 1832 4303 καὶ

225 4345 332 4416 τὴν
357 4345 459 4414 γῆν
488 4342 803 4414 παρελθεῖν,
832 4343 866 4413 ἢ
897 4341 986 4395 τοῦ
1014 4343 1180 4410 νόμου
1211 4343 1340 4412 μίαν
1361 4343 1594 4411 κεραίαν
1619 4345 1828 4395 πεσεῖν.

229 4441 350 4504 Πᾶς
380 4440 408 4491 ό
438 4439 694 4493 ἀπολύων
724 4437 823 4508 τὴν
856 4440 1097 4506 γυναῖκα
1131 4437 1322 4502 αὐτοῦ,
1360 4436 1455 4488 καὶ
1489 4435 1686 4505 γαμῶν
1713 4436 1826 4488 ἑτέ-

230 4549 357 4604 ραν,
399 4532 665 4602 μοιχεύει,
699 4533 795 4585 καὶ
827 4533 936 4595 πᾶς
969 4532 997 4583 ὁ
1031 4529 1448 4600 ἀπολελυμένην
1489 4531 1599 4582 ἀπὸ
1633 4530 1827 4597 ἀνδρὸς

1943 4531 2123 4590 ducit,
2174 4527 2504 4582 adulterium
2538 4528 2834 4580 committit
2884 4545 2898 4582 :

229 4623 453 4694 γαμῶν,
490 4623 757 4694 μοιχεύει.
800 4647 817 4676 ι
856 4625 1016 4677 Δοκεῖ
1049 4623 1422 4694 ἀπηρτημένα
1458 4623 1600 4676 εἶναι
1629 4623 1827 4684 ταῦτα,

231 4718 330 4770 καὶ
365 4718 642 4787 μηδεμίαν
663 4717 952 4770 κοινωνίαν
971 4717 1116 4786 ἔχειν
1150 4717 1286 4788 πρὸς
1317 4718 1386 4769 τά
1410 4717 1827 4788 προρρηθέντα,
1856 4771 1859 4774 _

229 4811 372 4864 ἀλλά
422 4811 500 4880 τῷ
551 4813 875 4881 προσέχοντι
927 4812 1029 4864 οὐκ
1080 4811 1424 4864 ἀνακόλουθα
1474 4811 1688 4876 δόξαιεν
1741 4811 1828 4874 ἀν,

231 4905 361 4957 λίαν
396 4904 456 4956 δὲ
499 4906 613 4967 τοῖς
661 4904 1035 4974 προλαϐοῦσιν
1091 4903 1381 4958 ἀκόλουθα.
1447 4903 1666 4974 Ἐπειδὴ
1725 4905 1832 4973 γὰρ

233 4996 402 5061 αὐτὸς
439 4997 538 5064 μὲν
570 4996 964 5066 ἀκτημοσύνην
996 4998 1334 5067 εἰσηγήσατο
1367 4997 1432 5048 δι’
1461 4988 1536 5048 ὦν
1573 4996 1833 5064 ἀνωτέρω

233 5086 392 5154 εἷπε,
427 5089 523 5143 καὶ
556 5089 646 5142 τὸν
691 5090 920 5142 πλοῦτον
960 5091 1145 5143 ἄδικον
1181 5092 1450 5161 μαμωνᾶν
1488 5090 1772 5154 ἐκάλεσεν,
1807 5091 1833 5139 ὁ

234 5180 293 5232 δὲ
320 5182 486 5251 νόμος
516 5180 612 5244 τὰς
646 5180 896 5250 εὐλογίας
929 5183 1021 5234 καὶ
1052 5185 1109 5235 ὲν
1141 5183 1218 5252 τῷ
1253 5182 1470 5252 πλούτῳ
1507 5181 1701 5246 ἐδίδου,
1740 5182 1834 5234 καὶ

235 5273 286 5324 οἱ
318 5271 601 5341 προφῆται
639 5274 708 5326 τΞι
756 5274 938 5340 ἀγαθά
979 5275 1080 5344 τῆς
1117 5275 1219 5344 γῆς
1268 5275 1692 5343 ἐπηγγέλλοντο,
1747 5276 1836 5327 ἵνα

242 5366 318 5436 μή
365 5383 447 5427 τις
495 5368 623 5436 εἴπῃ
671 5367 822 5438 αύτῷ
864 5367 1344 5439 διαμυκτηρίζων,
1381 5369 1571 5438 ὥσπερ
1598 5371 1643 5420 οί
1677 5371 1842 5438 Φαρι-

245 5464 412 5525 σαῖοι,
446 5460 510 5512 Τί
549 5465 610 5513 σὺ
647 5460 861 5527 λέγεις;
895 5461 1164 5525 ὲναντιοῖς-
1190 5464 1265 5532 τῷ
1293 5463 1475 5534 νόμῳ;
1507 5464 1716 5523 ἐκεῖνος
1748 5462 1842 5514 καὶ

237 5554 299 5608 ὲν
333 5553 411 5623 τῷ
451 5553 670 5624 πλούτῳ
713 5555 964 5623 εύλογεῐ,
1007 5559 1101 5608 καὶ
1148 5557 1211 5609 σὺ
1264 5552 1654 5625 ἀκτημοσύνην
1699 5553 1843 5606 διδά-

241 5663 428 5714 σκεις;
480 5645 580 5698 Διά
613 5647 771 5701 τοῦτό
803 5665 987 5717 φησιν’
1040 5649 1097 5700 Ὀ
1132 5650 1295 5718 νόμος
1333 5649 1426 5701 καὶ
1461 5650 1506 5701 οἱ
1557 5647 1837 5718 προφῆται

314 5831 381 5862 ⁸¹⁹
411 5828 428 5883 1
455 5831 583 5884 (lor.
629 5846 666 5894 t,
702 5831 790 5884 25.

496 5926 770 5986 Parum.
807 5928 922 5988 Gn.
963 5927 1248 5988 CXXIII.

1945 3223 2045 3279 sic.
2082 3222 2225 3278 Deus
2247 3224 2394 3279 enim
2427 3225 2607 3280 noscit
2638 3226 2803 3280 corda
2831 3237 3013 3282 vestra
3035 3269 3048 3295 ,
3080 3237 3134 3283 et
3158 3228 3554 3286 abominabiles

1945 3331 2041 3371 vos
2067 3317 2379 3383 existimat,
2401 3328 2629 3387 prepter
2665 3320 2976 3390 superbiam
3013 3333 3068 3376 et
3095 3323 3348 3378 humanae
3368 3323 3556 3394 gloria:

1943 3407 2320 3476 cupiditatem.
2371 3427 2389 3459 ι
2439 3407 2596 3475 Quod
2641 3411 2788 3464 enim
2830 3401 3063 3466 sublime
3104 3411 3158 3466 in
3208 3413 3554 3480 hominibus,

1944 3501 2278 3556 abominatio
2327 3501 2467 3571 apud
2501 3503 2668 3558 Deum
2709 3515 2793 3559 est
2822 3503 2911 3558 "‘.
2960 3523 2980 3557 ι
3029 3493 3352 3562 immundus
3405 3509 3550 3562 enim

1946 3595 2089 3662 apud
2128 3593 2415 3647 Dominum
2465 3595 2647 3650 omnis
2691 3598 2964 3667 superbus
3017 3600 3204 3653 corde.
3255 3597 3557 3668 Oportebat

1946 3687 2109 3756 igitur
2147 3702 2276 3754 vos,
2329 3703 2362 3741 ο
2408 3687 2704 3754 Pharismi,
2755 3705 2861 3746 non
2906 3693 2973 3745 ad
3026 3693 3323 3747 humanam
3371 3695 3557 3749 vivere

1943 3779 2251 3848 opinionem
2281 3795 2293 3829 :
2323 3778 2466 3834 Deus
2499 3781 2645 3833 enim
2674 3781 3081 3852 dispersitossa
3115 3800 3306 3838 eorum
3338 3787 3430 3856 qui
3461 3787 3557 3841 lto-

1943 3873 2182 3927 minibus
2211 3871 2425 3940 placent
2459 3892 2469 3927 :
2507 3874 2602 3928 sed
2633 3874 2939 3943 justiticare
2964 3892 3060 3931 vos
3091 3892 3278 3932 coram
3311 3878 3440 3933 Deo.

2013 4059 2180 4115 Vens.
2227 4059 2412 4114 16-18.
2452 4079 2469 4110 ι
2521 4060 2632 4113 Lex
2665 4069 2717 4112 et
2756 4062 3038 4129 propheta:
3073 4076 3246 4131 usque
3286 4062 3455 4134 416
3486 4065 3550 4119 ad

1939 4155 2204 4211 Joannem
2235 4172 2251 4208 :
2283 4154 2356 4209 ab
2389 4169 2456 4208 eo
2489 4163 2734 4222 tempore
2776 4170 3003 4225 regnum
3042 4154 3136 4210 Dei
3167 4158 3551 4219 annuntiatur,

1939 4260 1993 4304 et
2023 4249 2202 4320 quivis
2225 4247 2437 4331 ilf‘iiiud
2469 4246 2576 4299 vim
2604 4247 2754 4300 facit.
2773 4244 3012 4303 Facilius
3035 4257 3118 4302 est
3141 4258 3324 4304 autem
3351 4249 3550 4305 coelum

1939 4353 1991 4398 et
2023 4353 2223 4398 terram
2259 4341 2566 4411 prteterire,
2612 4357 2776 4409 quam
2830 4341 2965 4410 legis
3001 4357 3173 4396 unum
3218 4345 3430 4412 apicem
3465 4360 3549 4398 Cu-

1942 4437 2090 4490 dere.
2135 4434 2392 4503 Quisquis
2434 4434 2662 4488 dimittit
2704 4449 2930 4488 uxorem
3006 4449 3159 4490 suam
3221 4447 3274 4491 et
3324 4439 3552 4492 alteram

2950 4538 3005 4582 et
3056 4531 3148 4598 qui
3187 4531 3470 4586 dimissam
3523 4551 3551 4587 a

1944 4623 2061 4675 viro
2101 4619 2279 4681 ducit,
2325 4619 2651 4672 adulterium
2694 4621 3011 4675 committit.
3056 4640 3072 4672 ι
3124 4622 3392 4679 Videntur
3438 4628 3555 4683 Ικειε

1943 4709 2236 4778 separatim
2267 4707 2433 4770 dieta,
2457 4716 2510 4760 et
2539 4722 2661 4760 cum
2688 4710 3065 4776 superioribus
3094 4727 3200 4766 non
3229 4714 3507 4770 cohmrcre
3539 4738 3548 4769 :

1945 4807 2040 4862 sed
2089 4804 2393 4860 attendeuti
2443 4804 2779 4858 videbuntur
2831 4821 2937 4860 non
2989 4809 3130 4862 male
3161 4821 3547 4876 consectanei,

1945 4899 2411 4971 praevenientibus
2462 4913 2593 4951 vero
2636 4901 2773 4952 satis
2823 4911 3216 4956 consentanea.
3256 4903 3387 4958 Nam
3425 4909 3550 4976 quia

1949 4996 2063 5063 ipse
2093 5001 2470 5062 paupertatem
2499 4993 2552 5045 in
2586 4993 2967 5061 superioribus
2994 4997 3278 5062 docuerat,
3307 5003 3552 5056 vocando

1937 5083 2167 5139 divitias
2203 5086 2465 5152 iujustum
2496 5098 2831 5145 mammona,
2867 5085 2947 5138 lex
2987 5101 3114 5140 vero
3146 5091 3553 5145 bcncdieliones

1901 5228 1906 5233 .
1951 5192 2004 5234 et
2051 5183 2105 5234 in
2146 5180 2353 5233 divitiis
2385 5180 2576 5245 dabat,
2627 5191 2681 5233 et
2713 5183 2991 5250 propheta:
3039 5182 3178 5236 bona
3221 5194 3378 5239 terno
3429 5204 3552 5254 pru-

1951 5274 2236 5327 mittebant
2276 5292 2288 5328 :
2327 5283 2382 5326 ut
2414 5289 2479 5327 ne
2512 5274 2637 5342 quis
2669 5274 2894 5328 dicatei
2944 5274 3179 5330 irridens
3223 5278 3365 5332 sicut
3409 5278 3551 5332 Pha-

1950 5368 2116 5432 risaei,
2155 5366 2295 5431 Quid
2343 5375 2395 5418 tu
2435 5366 2613 5419 dicis?
2647 5367 2960 5421 contrarius
2995 5383 3052 5424 es
3100 5371 3236 5440 legi?
3274 5371 3361 5426 illa
3397 5382 3450 5426 et
3497 5374 3547 5424 in

1946 5459 2151 5513 divitiis
2171 5458 2467 5518 hencdicit,
2487 5467 2539 5510 et
2560 5466 2611 5509 ttt
2637 5469 3012 5527 paupertatem
3038 5463 3237 5516 doces?
3254 5463 3548 5535 Propterea

1945 5551 2075 5605 dicit
2105 5569 2114 5603 :
2144 5550 2255 5605 Lex
2280 5559 2331 5605 et
2360 5552 2638 5620 prophetat
2667 5567 2837 5620 usque
2863 5553 2926 5606 ad
2951 5554 3216 5610 Joannem
3242 5558 3550 5612 habuerunt

1951 5655 2183 5714 tempus.
2224 5643 2286 5697 Et
2323 5645 2459 5700 bene
2493 5645 2714 5713 quidem
2753 5646 3057 5715 docebant,
3114 5668 3308 5721 nempe
3343 5653 3413 5708 ita
3452 5669 3549 5707 au-

3080 5933 3146 5991 fit
