4100 6334
660 370 756 439 971

1607 365 2187 429 THEOPHYLACTI
2230 363 2639 429 BULGARUE
2684 362 3040 424 ARCHIEP.

3804 352 3908 419 972

655 486 889 540 «litorum
922 478 1236 535 inilrmitate
1277 474 1602 547 postulante.
1648 474 1690 529 Α
1722 477 1833 543 qno‘
1860 486 2038 529 autem
2090 486 2221 529 tem-

2331 475 2436 536 ἕως
2469 473 2717 527 Ἰωάννου
2758 466 2902 540 εἶχον
2926 470 3018 522 τὸν
3063 467 3275 537 καιρόν.
3316 465 3426 522 Καὶ
3455 462 3638 529 καλῶς
3670 462 3769 535 μὲν
3802 464 3907 518 έδίο

656 590 786 646 pore
810 570 1175 641 Joannes,qui
1205 579 1423 640 pr0pter
1452 575 1821 638 paupertatem
1860 568 2083 619 materia
2119 567 2231 622 fere

655 664 899 730 carebat,
946 670 999 715 et
1034 668 1251 731 propter
1285 657 1527 713 materize
1568 657 1883 713 tenuitatem
1932 656 2049 711 sine
2102 672 2231 727 pos-

656 755 987 813 sessionibus
1015 762 1159 817 erat,
1190 751 1430 815 advenit,
1462 758 1515 804 et
1548 764 1773 820 regnum
1802 748 2064 804 caelorum
2098 763 2233 818 pra:-

652 847 875 913 dicavit,
956 861 1061 901 non
1116 844 1261 899 ultra
1344 841 1483 896 bona
1542 851 1755 896 terrena
1816 842 1941 895 huic
1999 841 2229 908 tempori

652 939 937 1003 debentur,
960 938 1053 993 sed
1079 950 1300 1007 regnum
1322 934 1582 989 caelorum
1615 932 1966 1004 praedicatur.
1984 932 2228 989 Proinde

650 1042 707 1088 et
736 1039 1105 1103 paupertatem
1132 1029 1185 1083 in
1217 1037 1362 1083 terra
1383 1027 1576 1082 debent
1598 1041 1819 1081 servare
1852 1024 1904 1079 hi
1934 1026 2027 1094 qui
2057 1024 2228 1078 cmlos

651 1124 983 1179 desiderant.
1030 1121 1297 1189 Quoniam
1343 1120 1621 1191 prophetat
1668 1130 1721 1173 et
1759 1118 1845 1172 lex
1894 1117 2223 1173 mentionem

650 1230 757 1270 non
808 1212 1083 1269 faciebant
1119 1213 1269 1281 regni
1315 1211 1599 1275 cmlorum,
1635 1209 1829 1265 merito
1878 1211 2017 1265 bona
2068 1219 2225 1265 terra

651 1306 1037 1376 promittebant
1087 1304 1611 1375 iuiperfectioribus,
1665 1312 1719 1357 et
1760 1302 1891 1357 nihil
1943 1303 2097 1357 virile
2144 1303 2226 1356 vel

650 1413 904 1468 magnum
940 1396 1239 1466 intelligere
1279 1394 1606 1450 valentibus.
1640 1395 1815 1465 Atque
1862 1394 1933 1447 ita
1957 1433 1973 1458 ,
2008 1408 2040 1448 ο
2081 1392 2223 1447 Pha-

650 1490 827 1555 risaei,
862 1489 1057 1543 merito
1088 1495 1462 1559 paupertatem
1497 1486 1693 1553 doceo,
1728 1500 1793 1539 eo
1829 1484 1970 1552 quod
2024 1486 2223 1553 imper-

649 1578 786 1633 fecta
814 1578 948 1648 legis
971 1587 1239 1648 praecepta
1256 1577 1371 1647 jam
1395 1590 1501 1632 non
1529 1577 1727 1631 habent
1753 1584 1982 1644 tempus.
2003 1574 2225 1642 insuper

648 1682 718 1723 ne
751 1669 933 1723 dicant
965 1669 1167 1737 reiecta
1211 1665 1391 1723 omnia
1434 1679 1553 1737 qua:
1603 1666 1657 1719 in
1703 1664 1821 1736 lege
1868 1674 1996 1720 sunt
2048 1664 2223 1729 dicta,

644 1757 800 1829 quasi
828 1772 963 1812 vana
991 1756 1101 1812 sint
1128 1764 1183 1811 et
1203 1756 1413 1811 inutilia
1447 1773 1460 1809 :
1490 1770 1595 1809 non
1625 1758 1731 1809 hoc
1751 1756 1903 1821 dicit,
1932 1755 2027 1811 sed
2052 1754 2224 1823 magis

649 1848 942 1918 implentur
995 1856 1051 1903 et
1099 1846 1476 1916 perﬁciuntur.
1531 1845 1880 1917 Qnmcunqne
1936 1847 2078 1901 enim
2136 1845 2223 1901 illa
2258 1839 2299 1896 Β

646 1941 1007 2005 adumbravit,
1032 1956 1094 1994 ea
1120 1940 1255 1995 dixit
1278 1940 1343 1994 de
1368 1938 1589 1996 Christo
1614 1938 1932 2010 figuraliter.
1962 1941 2025 1992 Et
2048 1956 2223 2009 quan-

647 2044 761 2087 tum
795 2032 862 2086 ad
912 2031 1060 2100 leges
1090 2028 1320 2094 attinet,
1364 2028 1528 2082 etiam
1565 2027 1695 2096 ipsa:
1726 2041 1874 2082 nunc
1907 2026 2221 2092 implentur,

642 2134 697 2182 et
720 2122 857 2180 nihil
887 2122 941 2178 in
974 2122 1057 2177 his
1082 2126 1253 2191 nsQue
1282 2119 1903 2190 adertremum‘a-picem
1929 2117 2220 2172 intercidit.

642 2218 713 2275 Et
763 2230 885 2287 qua
928 2215 995 2271 de
1043 2212 1261 2270 Christo
1294 2212 1402 2268 illic
1446 2227 1541 2283 per
1586 2211 1832 2267 umbram
1879 2210 2220 2267 subindicata

638 2312 803 2372 sunt,
849 2319 992 2359 nunc
1030 2303 1379 2375 perﬁcientur
1423 2302 1641 2358 clarius.
1682 2300 1744 2355 Et
1790 2302 2041 2357 mandata
2090 2301 2224 2371 legis

2336 566 2565 631 δασκον,
2616 564 2713 618 ἁτε
2754 561 2946 633 καιρὸν
2994 559 3224 632 ἐχούσης
3272 556 3375 629 τῆς
3422 557 3757 629 νηπιότητος
3807 556 3910 610 τῶν

2333 658 2661 713 ἀκουόντων.
2706 653 2823 722 Ἀφ’
2854 649 2914 707 οὗ
2944 652 3002 706 δὲ
3025 653 3054 705 δ
3095 651 3364 723 Ἰωάννης,
3394 652 3423 704 ό
3445 648 3632 720 σχεδὸν
3661 647 3824 711 άῦλος
3844 647 3909 702 δι’

2335 748 2743 820 άκτημοσύνην,
2789 746 2883 799 καὶ
2920 744 3187 815 ἀκτήμων
3219 743 3307 797 διὰ
3335 743 3432 815 τὴν
3461 740 3660 814 μικροῦ
3697 740 3856 795 άῦλία
3887 776 3909 809 ,

2334 844 2670 913 ἐπεδήμησε,
2702 840 2795 893 καὶ
2827 837 3106 909 βασιλείαν
3131 835 3377 907 οὐρανῶν
3409 833 3702 905 ἐκήρυξεν,
3730 832 3911 885 οὐκέτι

2333 932 2519 987 λοιπὸν
2547 931 2616 984 τά
2647 930 2748 999 τῆς
2782 929 2884 998 γῆς
2911 925 3093 997 ἀγαθὰ
3121 928 3313 997 καιρὸν
3337 924 3574 996 ἔχουσιν,
3604 922 3722 977 ἀλλ’
3755 924 3789 994 η
3822 921 3913 991 βα-

2335 1026 2511 1081 σιλεία
2547 1023 2658 1078 τῶν
2704 1022 2951 1094 οὐρανῶν
2996 1019 3353 1092 κηρύττεται.
3396 1018 3490 1072 Διὸ
3530 1019 3626 1072 καὶ
3666 1018 3911 1085 ἀκτημο-

2336 1118 2503 1187 σύνην
2538 1118 2595 1170 ιν
2622 1117 2693 1186 γῇ
2729 1113 3035 1183 ὀφείλουσιν
3068 1110 3411 1182 ὶπιτηδεύειν
3440 1110 3491 1163 οἰ
3531 1108 3643 1161 τῶν
3668 1105 3911 1178 οὐρανῶν

2333 1210 2631 1282 ἐφιέμενοι.
2679 1207 2833 1261 Ἐπεὶ
2880 1206 2998 1275 οῖγε
3039 1204 3317 1277 προφῆται
3374 1202 3468 1256 καὶ
3518 1202 3547 1255 δ
3596 1200 3796 1270 νόμος,
3837 1198 3909 1266 μὴ

2336 1302 2671 1376 μνησθέντες
2703 1301 2984 1375 βασιλείας
3015 1299 3285 1371 οὐρανῶν,
3321 1297 3550 1361 εἰκότως
3580 1295 3651 1349 τὰ
3676 1294 3777 1364 τῆς
3814 1292 3910 1362 γῆς

2328 1397 2511 1466 ἀγαθά
2539 1394 2943 1468 έπηγγέλλοντο
2963 1394 3075 1455 τοῖς
3096 1392 3176 1445 ἑτι
3199 1390 3596 1458 ἀτελεστέροις,
3624 1386 3721 1440 καὶ
3748 1384 3911 1455 μηδὲν

2334 1490 2477 1561 μέγα
2498 1489 2593 1543 καὶ
2610 1487 2866 1559 ἀνδρικὸν
2890 1487 3089 1540 ἐννοεῖν
3107 1481 3455 1553 δυναμένοις.
3474 1480 3641 1531 ’Ὥστε
3664 1476 3909 1537 εἰκότως,

2330 1576 2375 1636 ὦ
2426 1562 2749 1651 Φαρισαῖοι,
2805 1574 3193 1649 ἀκτημοσύνην
3238 1574 3507 1637 διδάσκω,
3558 1564 3649 1623 οἷα
3692 1567 3759 1639 δὴ
3808 1567 3911 1618 τῶν

2333 1671 2541 1725 ἀτελῶν
2592 1667 2688 1722 τοῦ
2748 1668 2915 1738 νόμου
2963 1665 3405 1739 προσταγμάτων
3458 1661 3660 1732 μηκέτι
3722 1658 3911 1728 καιρὸν

2331 1763 2583 1834 ἑχόντων.
2616 1755 2751 1814 Εἶτα
2781 1760 2869 1813 ῖνα
2905 1757 2981 1830 μὴ
3010 1759 3272 1821 εἴπωσιν,
3308 1756 3390 1809 ὅτι
3420 1754 3609 1807 λοιπὸν
3641 1752 3821 1805 πάντα
3845 1750 3909 1801 τά

2327 1853 2421 1908 τοῦ
2452 1854 2618 1925 νόμου
2647 1852 2974 1920 έκσέδληται
2995 1849 3070 1913 ὡς
3102 1850 3333 1919 ματαίου
3364 1848 3457 1901 καὶ
3478 1846 3758 1908 διακένου,
3792 1844 3907 1913 οὐχί

2331 1962 2518 2017 φησιν,
2555 1941 2692 1999 άλλά
2720 1944 2923 2015 μᾶλλον
2950 1942 3048 1994 νῦν
3080 1940 3489 2011 ἀναπληροῦται
3517 1940 3610 1992 καί
3670 1934 3909 1989 τελειοῦ-

2326 2056 2439 2094 ται.
2487 2039 2629 2093 Ὅσα
2683 2039 2794 2109 7&9
2850 2034 3298 2104 έσκιαγράφησεν
3354 2036 3562 2095 ἐκεῖνος
3614 2031 3729 2084 εῖτε
3782 2026 3910 2101 περὶ

2328 2130 2566 2203 Χριστοῦ
2594 2130 2769 2198 λέγων
2815 2126 3093 2191 τυπικῶς,
3128 2127 3237 2180 εἴτε
3281 2125 3410 2195 περὶ
3442 2122 3697 2186 έντολῶν,
3734 2116 3905 2173 ταῦτα

2326 2224 2421 2279 νῦν
2448 2221 2913 2293 ἀναπληροῦνται,
2947 2219 3042 2274 καὶ
3074 2218 3226 2273 οὐδὲν
3250 2216 3457 2271 τούτων
3490 2216 3619 2287 ἄχρι
3646 2214 3745 2267 καὶ
3780 2213 3909 2283 μιᾶς

2325 2314 2552 2385 κεραίας
2599 2312 2961 2367 διαπεσεῖται·
3004 2310 3073 2364 τά
3103 2326 3164 2362 τε
3203 2307 3310 2379 7&9
3358 2308 3487 2379 περὶ
3517 2302 3757 2377 Χριστοῦ
3794 2304 3911 2354 ἐκεῖ

643 2407 764 2463 quae
788 2402 912 2447 tunc
928 2394 1073 2457 data,
1097 2406 1193 2462 pro
1217 2390 1655 2462 imperfectorum
1678 2402 1839 2453 sensu
1858 2401 2221 2461 congruenter

2326 2403 2606 2474 σκιοειδῶς
2656 2402 3080 2473 ὑποδειχθέντα,
3133 2400 3229 2455 νῦν
3289 2399 3603 2470 φανώτερον
3651 2394 3909 2462 τελεαθή-

642 2487 801 2555 data,
821 2499 964 2541 nunc
991 2484 1361 2542 sublimiorem
1382 2493 1437 2540 et
1464 2482 1841 2554 perfectiorem
1873 2499 2092 2541 sensum
2124 2485 2219 2540 ha-

2324 2488 2531 2552 σονται.
2566 2494 2677 2550 Καὶ
2711 2494 2770 2548 αἱ
2800 2492 3015 2548 έντολαὶ
3038 2492 3133 2547 τοῦ
3179 2492 3368 2562 νόμου,
3410 2492 3468 2544 αἰ
3496 2499 3615 2543 τότε
3640 2488 3777 2558 πρὸ,
3810 2486 3909 2556 τὴν

640 2578 820 2641 bitura
845 2584 994 2633 sunt.
1014 2576 1131 2632 Lex
1164 2578 1307 2631 enim
1341 2574 1657 2645 imperfecte
1677 2575 2010 2647 imperfectis
2042 2577 2216 2631 locuta

2324 2589 2427 2644 τῶν
2477 2588 2686 2644 ἀτελῶν
2733 2584 2975 2641 διάνοιαν
3006 2584 3226 2648 οἰκείως
3268 2583 3366 2637 καὶ
3417 2579 3775 2651 καταλλήλως
3819 2578 3906 2631 δ.)-

642 2679 725 2727 est
760 2689 774 2726 :
808 2671 953 2741 quod
980 2670 1107 2725 hinc
1149 2668 1491 2725 manifestum
1534 2680 1640 2725 est.
1679 2667 1816 2724 Nam
1845 2670 1910 2725 de
1948 2669 2219 2725 solutione

2324 2681 2521 2746 θεῖσαι,
2559 2680 2656 2735 νῦν
2694 2679 2757 2733 τὸ
2788 2677 3127 2751 ὑψηλότερον
3167 2678 3259 2733 καὶ
3294 2676 3629 2746 τελειότερον
3659 2672 3903 2739 ἕξουσιν⁸

644 2760 951 2829 nuptiarum
978 2759 1131 2830 juxta
1161 2758 1418 2814 duritiem
1446 2758 1625 2814 cordis
1656 2756 1964 2813 Iudaeorum
1995 2771 2218 2830 respon-

2324 2774 2402 2827 δτι
2430 2773 2540 2844 7&9
2560 2774 2589 2826 ό
2610 2771 2771 2842 νόμος
2792 2772 2930 2843 πρὸς
2949 2770 3164 2833 ἀτελεῖς
3186 2769 3395 2833 ἀτελῶς
3417 2760 3692 2836 διελέγετο
3707 2807 3723 2831 ,
3746 2765 3906 2837 δῆλον

641 2851 743 2917 dit,
784 2861 843 2905 ut
895 2864 1015 2905 cum
1046 2850 1129 2904 rir
1157 2850 1282 2905 odio
1316 2849 1568 2907 habuerit
1600 2864 1847 2917 uxorem,
1893 2854 2217 2919 potestatem

2324 2861 2592 2918 ὶντεῦθεν.
2613 2861 2725 2916 Καὶ
2744 2861 2854 2933 7&9
2875 2861 3005 2932 περὶ
3027 2861 3236 2923 λύσεως
3254 2859 3435 2931 γάμου
3459 2858 3597 2931 πρὸς
3616 2858 3716 2927 τὴν
3739 2858 3907 2927 σκλη-

642 2943 840 2999 habeat
876 2941 1182 2999 dimittendi
1212 2956 1367 3009 eam,
1405 2955 1475 2997 ne
1518 2942 1765 2998 deterius
1790 2942 1920 3012 quid
1960 2942 2075 3000 iiat.
2108 2941 2218 2999 Ho-

2324 2952 2621 3025 ροκαρδίαν
2658 2952 2769 3008 τῶν
2816 2951 3085 3023 Ἐϐραίων
3130 2952 3497 3022 ἀπεκρίνατο,
3532 2947 3601 3002 ἶν’
3631 2952 3678 3003 εἰ
3716 2949 3904 3019 μισοίη

641 3037 858 3093 ωἱοίάε
879 3036 1021 3090 enim
1050 3042 1208 3091 erant
1239 3043 1293 3091 et
1317 3034 1675 3107 sanguinarii,
1702 3045 1758 3092 et
1785 3050 1961 3104 neque
1982 3036 2217 3107 propriis

2324 3046 2348 3098 ό
2380 3046 2520 3115 ἀνὴρ
2564 3044 2665 3115 τὴν
2696 3046 2965 3114 γυναῖκα,
2998 3043 3253 3111 δξουσίαν
3291 3044 3391 3115 ἔχῃ
3424 3041 3680 3096 άπυλύειν
3710 3040 3903 3110 αὐτὴν,

641 3130 958 3202 parcebant,
985 3128 1421 3199 quandoquidem
1454 3138 1508 3184 et
1545 3129 1681 3184 ﬁlios
1728 3139 1784 3183 et
1830 3130 1968 3187 tilias
2015 3131 2215 3185 daemo-

2324 3136 2407 3192 ῐνα
2432 3136 2507 3208 μὴ
2529 3137 2711 3209 χεῖρόν
2736 3154 2789 3190 τι
2818 3137 3065 3207 γένηται.
3089 3138 3273 3200 Φονεῖς
3308 3137 3418 3207 γὰρ
3452 3135 3602 3200 ὅντες
3624 3134 3719 3189 καὶ
3744 3136 3906 3205 αἱμο-

642 3223 799 3277 nibus
844 3222 1233 3288 immolabant;
1285 3220 1381 3277 sed
1430 3219 1707 3275 humilitas
1752 3232 1806 3276 et
1873 3221 2214 3293 imperfectio

642 3314 776 3384 legis
807 3312 929 3367 talis
956 3323 1093 3369 erat.
1126 3312 1362 3381 Tempus
1391 3313 1534 3367 enim
1566 3311 1831 3381 ejusmodi
1866 3312 2217 3383 legislationls

642 3416 771 3461 tunc
791 3413 929 3469 erat,
950 3419 1090 3461 nunc
1118 3413 1297 3458 autem
1326 3398 1430 3458 alia
1461 3403 1786 3474 perfectiore
1809 3405 2057 3460 doctrina
2081 3421 2218 3477 opus

638 3503 744 3552 est.
792 3494 1004 3550 Idcirco
1038 3494 1202 3547 etiam
1236 3492 1361 3549 dico
1394 3493 1597 3566 :517
1634 3492 1823 3551 Omnis
1855 3496 1947 3566 qui
1993 3497 2219 3553 dimittit

641 3600 885 3652 uxorem,
946 3596 1175 3655 excepta
1232 3599 1394 3641 causa
1447 3586 1827 3643 fornicationis
1875 3588 2119 3655 scilicet,
2160 3598 2217 3645 et

646 3675 790 3731 ducit
822 3675 1017 3739 aliam,
1063 3675 1390 3729 adulterium
1430 3677 1720 3732 committit
1746 3678 1815 3733 ⁸¹.
1863 3677 2019 3735 Unde
2070 3680 2213 3735 haud

638 3766 867 3830 mirum,
904 3764 949 3818 si
985 3778 1109 3819 cum
1146 3764 1282 3818 nihil
1324 3764 1428 3820 tale
1456 3765 1525 3819 de
1558 3775 1872 3839 paupertate
1914 3768 2001 3824 lex
2036 3769 2214 3825 mani-

640 3860 777 3910 feste
824 3858 1103 3922 docuerit,
1149 3871 1249 3925 ego
1300 3858 1367 3912 de
1413 3869 1729 3928 paupertate
1776 3874 1882 3914 non
1928 3861 2214 3917 disseram.

641 3947 781 4002 hcce
828 3963 951 4003 cum
1005 3948 1073 4003 de
1111 3947 1379 4003 solutione
1419 3950 1751 4004 matrimonii
1787 3951 1870 4005 lex
1909 3952 2218 4020 promiscue

640 4041 959 4111 praeceperit
997 4049 1215 4111 propter
1243 4044 1448 4097 caedent
1481 4040 1790 4099 Judteorum
1814 4084 1829 4109 ,
1860 4060 1959 4113 ego
1990 4047 2056 4101 ad
2084 4062 2215 4117 per-

636 4132 865 4188 fectiora
900 4147 1166 4190 exercens
1198 4136 1475 4191 auditores
1497 4179 1511 4203 ,
1548 4140 1831 4206 repudium
1873 4142 2078 4209 absque
2126 4155 2213 4195 ra-

638 4224 882 4279 tionabili
912 4239 1075 4279 causa
1108 4226 1399 4295 prohibeo,
1435 4242 1545 4281 non
1582 4229 1654 4281 illi
1684 4232 1956 4283 contraria
1988 4231 2209 4297 docens,

635 4316 731 4369 sed
777 4316 951 4383 magis
993 4316 1319 4369 voluntatem
1360 4316 1476 4384 ejus
1523 4319 1829 4385 perliciens.
1878 4319 2027 4376 Mens
2066 4321 2211 4377 enim

636 4404 770 4476 legis
804 4415 921 4461 erat
952 4419 1019 4460 ne
1059 4407 1347 4461 homicidia
1382 4407 1573 4462 fierent
1604 4410 1741 4463 inter
1774 4412 1944 4465 virum
1976 4422 2030 4471 et
2076 4428 2211 4467 uxo-

2321 3232 2536 3301 χαρεῖς,
2558 3231 2678 3284 οὐδὲ
2698 3229 2808 3284 τῶν
2833 3231 3182 3285 οἰκειοτάτων
3216 3227 3510 3299 έφείδοντο,
3542 3228 3619 3292 ὡς
3649 3228 3747 3283 καὶ
3774 3226 3904 3291 τοὺς

2321 3323 2471 3386 υἰοὺς
2525 3322 2623 3376 καῖ
2672 3320 2773 3387 τὰς
2815 3320 3122 3394 θυγατέρας
3197 3323 3313 3386 τοῖς
3356 3320 3657 3393 δαιμονίοις
3718 3320 3900 3374 θύειν·

2318 3412 2454 3468 ἀλλά
2484 3414 2545 3467 τὸ
2578 3414 2675 3484 μὲν
2699 3413 2999 3486 χθαμαλὸν,
3034 3414 3132 3468 καὶ
3173 3413 3364 3478 ἀτελὲς
3392 3412 3488 3468 τοῦ
3518 3413 3691 3482 νόμου
3724 3412 3903 3466 τοιοῡ⁸

2317 3517 2431 3559 τονο
2472 3504 2663 3577 καιρὸς
2708 3504 2817 3577 7&9
2854 3502 2922 3577 ἦν
2965 3507 3065 3577 τῆς
3093 3507 3352 3576 τοιαύτης
3381 3505 3707 3576 νομοθεσίας
3745 3504 3900 3567 τότε,

2318 3599 2437 3652 νυνί
2482 3598 2539 3651 δέ
2584 3598 2752 3669 άλλης
2784 3595 3126 3670 τελειοτέρας
3154 3596 3506 3661 διδασκαλίας
3542 3597 3644 3651 δεῖ.
3685 3596 3777 3650 Διὸ
3810 3597 3904 3649 καί

2316 3707 2481 3760 φημι,
2513 3690 2623 3755 πᾶς
2651 3692 2680 3744 ό
2716 3690 2970 3745 ἀπολύων
3004 3693 3105 3762 τὴν
3132 3692 3365 3760 γυναῖκα
3395 3689 3903 3762 αὑτοῦ,-παρεκτός

2314 3782 2475 3854 λόγου
2507 3784 2763 3857 πορνείας
2784 3784 3010 3859 δηλαδὴ,
3040 3786 3137 3842 καὶ⁸
3160 3784 3357 3857 γαμῶν
3382 3785 3599 3857 έτέραν,
3635 3783 3900 3856 μοιχεύει·

2316 3874 2459 3930 ὥστε
2490 3876 2645 3931 οὐδὲν
2680 3877 3014 3947 θαυμαστὸν,
3045 3879 3093 3931 εἰ
3124 3878 3217 3931 καὶ
3245 3879 3320 3948 μὴ
3354 3878 3486 3950 περὶ
3511 3876 3905 3947 ἀκτημοσύνης

2314 3966 2659 4039 διαλέγομαι,
2691 3968 2859 4038 μηδὲν
2889 3968 3032 4023 οὕτω
3064 3968 3251 4039 σαφῶς
3286 3971 3380 4023 τοῦ
3415 3970 3583 4039 νόμου
3618 3970 3902 4024 διδάσκον-

2314 4076 2406 4124 τος
2437 4059 2605 4131 (6-7).
2656 4059 2786 4113 ’ἰδοὺ
2828 4059 2959 4130 γοῦν
2994 4064 3126 4132 περὶ
3156 4062 3258 4133 τῆς
3287 4061 3383 4116 τοῦ
3424 4064 3605 4133 γάμου
3635 4062 3844 4127 λύσεως
3876 4065 3903 4115 ὁ

2314 4151 2479 4222 νόμος
2518 4151 2829 4222 ἀδιαφόρως
2860 4136 3116 4207 magis.
3137 4192 3152 4219 ,
3183 4153 3273 4207 διὰ
3300 4155 3400 4225 τὴν
3445 4155 3765 4226 μιαιφονίαν
3796 4155 3904 4209 τῶν

2326 4243 2620 4312 Ἰουδαίων,
2654 4243 2767 4314 ἐγὼ
2798 4244 2857 4299 δὲ
2891 4244 3031 4318 πρὸς
3060 4245 3121 4299 τὸ
3156 4246 3495 4318 τελειότερον
3533 4247 3903 4318 ὲγγυμνάζων

2312 4337 2440 4401 τοὺς
2462 4336 2787 4404 ἀκούοντας,
2816 4338 2917 4408 τὴν
2939 4338 3232 4409 άνεύλογον
3254 4338 3519 4394 ἀπόλυσιν
3544 4341 3899 4411 ἀπαγορεύω,

2312 4428 2412 4482 οὐκ
2460 4429 2683 4483 ένανςία
2731 4429 2925 4501 ἐκείνῳ
2975 4430 3333 4504 διαγορεύων,
3388 4432 3525 4487 ἀλλά
3583 4433 3790 4502 μᾶλλον
3842 4432 3903 4484 τὸ

634 4513 780 4553 rem:
820 4500 922 4554 hoc
952 4510 1006 4554 et
1026 4514 1125 4570 ego
1164 4500 1405 4566 intendo,
1437 4516 1502 4557 eo
1532 4503 1672 4573 quod
1702 4505 1920 4559 doceam
1952 4505 2209 4577 coniuges

2324 4518 2527 4571 ἐκείνου
2575 4518 2826 4591 βούλημα
2862 4500 3047 4578 ἱστῶν.
3205 4523 3316 4595 γὰρ
3354 4523 3505 4595 νόμῳ
3536 4500 3800 4591 βουλητὸν
3833 4517 3902 4593 ἦν

633 4602 875 4649 mutuam
906 4599 1051 4649 inter
1078 4608 1139 4649 se
1167 4609 1359 4649 curam
1390 4610 1611 4664 gerere,
1637 4605 1691 4651 et
1719 4612 1943 4666 parcere
1976 4599 2205 4653 alterum

2324 4609 2376 4664 τὺ
2409 4609 2484 4679 μὴ
2515 4608 2763 4677 γίνεσθαι
2791 4612 2985 4681 φόνους
3023 4613 3229 4684 μεταξὺ
3272 4615 3467 4685 ἀνδρὸς
3490 4617 3585 4669 καί
3615 4616 3900 4682 γυναικός·

634 4687 787 4739 alteri
823 4696 882 4739 ut
910 4684 1171 4740 membris
1205 4687 1439 4755 prepriis
1474 4724 1489 4751 ,
1520 4686 1572 4739 id
1602 4690 1746 4756 quod
1775 4700 1828 4743 et
1858 4692 1941 4743 lex
1967 4690 2206 4747 volebat.

2314 4698 2473 4754 τοῦτο
2502 4700 2659 4770 κάγὼ
2688 4701 2874 4769 τυπῶ,
2908 4703 2998 4757 διὰ
3034 4704 3131 4758 τοῦ
3163 4703 3442 4761 παιδεύειν
3470 4706 3593 4769 τοὺς
3628 4705 3902 4773 συζύγους

633 4780 705 4831 At
729 4778 983 4847 quoniam
1016 4776 1316 4848 imperfecti
1340 4789 1493 4833 erant
1514 4781 1818 4847 auditores,
1849 4783 2093 4840 decrevit
2118 4785 2205 4840 illa

2324 4793 2559 4864 Ελλήλων
2586 4796 2865 4866 κήδεσθαι,
2893 4798 2988 4851 καὶ
3014 4798 3315 4869 φείδεσθαι,
3343 4798 3417 4861 ὡς
3444 4798 3631 4870 μελῶν
3656 4800 3901 4869 οἰκείων,

613 4870 862 4940 .conjugii
898 4869 1220 4925 solutionem
1240 4910 1255 4936 ,
1293 4881 1350 4925 ut
1382 4870 1464 4925 vel
1497 4873 1574 4927 sic
1600 4873 1702 4928 sibi
1734 4884 1977 4931 mutuum
2008 4892 2203 4948 parce-

2324 4885 2457 4939 ὥστε
2488 4889 2583 4942 καὶ
2620 4890 2649 4941 ό
2678 4890 2841 4960 νόμος
2874 4892 2972 4961 μὲν
3009 4892 3172 4945 τοῦτο
3217 4869 3488 4947 ἐδούλετοο
3536 4893 3660 4947 επεὶ
3690 4893 3746 4947 δέ
3776 4896 3902 4949 άτε-

632 4969 769 5026 rant,
803 4970 858 5015 et
886 4977 991 5015 non
1028 4962 1078 5015 in
1115 4977 1173 5017 se
1200 4963 1428 5018 invicem
1458 4965 1760 5022 insanircnt
1791 4969 1874 5023 vir
1899 4979 1952 5024 et
1986 4972 2198 5027 mulier.

2324 4980 2426 5042 isi;
2469 4975 2609 5053 ἦσαν
2650 4982 2699 5035 οἰ
2727 4982 3038 5049 ἀκούοντες,
3070 4984 3239 5057 ὥρισε
3267 4985 3368 5058 τὴν
3412 4985 3507 5040 τοῦ
3554 4985 3739 5056 γάμου
3774 4986 3901 5040 διά-

632 5052 833 5107 Statuit
872 5054 1035 5125 igitur
1069 5053 1317 5110 Christus
1352 5059 1533 5111 omnia
1564 5072 1685 5128 qua:
1714 5059 1781 5114 ad
1826 5061 1999 5129 legem
2034 5066 2205 5133 perti-

2324 5052 2501 5137 tucw,
2540 5071 2629 5125 ἵνα
2671 5074 2775 5128 κᾶν
2823 5073 2998 5140 οὕτως
3052 5052 3223 5147 φειδὼ
3266 5052 3477 5148 γένοιτο
3518 5052 3739 5149 καὶνμὴ
3776 5095 3895 5134 κατ’

632 5156 792 5213 nent,
824 5158 879 5203 et
910 5149 981 5202 ita
1025 5152 1158 5203 bene
1192 5150 1329 5204 dixit
1375 5152 1515 5221 quod
1562 5152 1891 5221 impossibile
1938 5158 2007 5212 sit
2040 5175 2202 5214 unum

2324 5162 2561 5236 ἀλλήλων
2601 5167 2877 5238 μαίνοιντο
2905 5170 2935 5223 ὅ
2974 5188 3033 5225 τε
3073 5170 3213 5245 ἀνὴρ
3281 5171 3375 5226 καὶ
3417 5171 3453 5242 ἡ
3481 5172 3642 5243 γυνή’
3692 5174 3764 5228 τά
3803 5171 3895 5228 toi

706 5328 749 5356 ⁸⁸
774 5325 967 5381 Matth.
1001 5344 1115 5395 tux,
1140 5327 1192 5383 9.

1596 5494 1689 5556 Ex
1723 5496 2068 5560 collatione
2102 5504 2289 5566 codd.
2322 5504 2550 5567 Venet.
2594 5509 2661 5569 S.
2694 5509 2916 5573 Marci.

676 5668 839 5750 '(6-7)
871 5667 1001 5723 Cod.
1043 5670 1131 5751 τε,
1166 5674 1345 5751 Μηδὲν
1370 5673 1512 5751 ούτω
1546 5680 1730 5746 σαφῶς
1764 5680 1859 5751 τοῦ
1902 5682 2067 5751 νόμου
2107 5682 2189 5734 δι-

630 5737 939 5826 δάξκρντος,
997 5742 1159 5805 αὐτὸς
1188 5737 1366 5826 ,τιεριί-
1400 5737 1814 5826 ἀκτημορύνης-
1846 5737 2189 5820 διαλέγομαι.

640 5809 790 5862 Τλὸοὺ
822 5809 989 5879 γοῦν,
1021 5829 1072 5867 κ.
1111 5830 1159 5867 τ.
1188 5816 1234 5869 λ.
1260 5809 1403 5871 (δὶς
1425 5809 1703 5875 ρυιιῖηἱίιίί
1741 5809 1885 5877 adeo
1916 5809 2200 5877 tnat'till'cstc

2302 5683 2707 5816 Lixmdo'ctzezit,
2744 5692 2859 5763 ipse
2907 5695 2974 5750 de
3028 5706 3341 5767 paupertate
3415 5700 3699 5758 disseram.
3761 5702 3893 5761 Ecce

2451 5800 2465 5827 θ
2509 5800 2524 5810 '
2562 5800 2668 5816 ναι.
