4100 6334
146 429 255 495 973

834 414 1287 480 ENARRATIO
1328 414 1409 475 IN
1454 410 1957 474 EVANGELIUM
1997 409 2229 474 LUCt‘E.
2258 409 2505 469 -ΕΑΒ
2546 407 2700 469 XVI.

3343 401 3449 467 971

148 537 322 610 νόμου
351 534 531 588 τοίνυν
568 532 745 587 πάντα
778 528 1011 599 ἔστησεν
1048 531 1076 583 ὁ
1104 528 1360 599 Χριστός·
1392 526 1535 581 ὥστε
1562 525 1745 589 καλῶς

1873 524 2062 593 ιρῖοοηι
2108 523 2331 595 de'lcge
2375 521 2593 575 cadere.
2627 514 2910 586 Quomodo
2940 514 3089 571 enim
3138 513 3448 583 decideret,

147 626 330 693 εἶπεν,
367 626 443 691 ὡς
475 621 738 680 ἀδύνατόν
766 638 955 693 φησιν,
989 624 1178 673 πεσεῖν
1217 619 1346 690 μίαν
1385 618 1616 689 κεραίαν
1646 617 1742 670 τοῦ

145 724 343 793 νόμου·
380 719 498 783 πῶς
529 715 640 788 γὰρ
672 716 740 773 ἂν
788 715 935 785 πέσῃ
962 717 991 768 δ
1025 714 1227 785 μᾶλλον
1274 713 1608 785 όρθούμενος
1637 710 1745 764 ύπδ

151 813 389 889 Χριστοῦ
408 831 422 881 ;

232 930 251 966 ι
302 906 625 979 Ἄνθρωπος
650 902 709 957 δέ
735 920 821 968 τις
846 896 916 973 ἦν
950 897 1227 963 πλούσιος,
1255 896 1350 951 καὶ
1376 893 1750 949 ἐνεδιδύσκετο

151 999 446 1074 πορφύραν
477 997 573 1052 καὶ
607 995 828 1069 βύσσον,
890 989 1321 1061 εὐφραινόμενος
1360 985 1486 1042 καθ’
1532 986 1750 1059 ἡμέραν

166 1090 466 1164 λαμπρῶς.
504 1088 726 1160 Πτωχὸς
772 1086 830 1141 δέ
868 1102 955 1149 τις
997 1080 1066 1155 ἦν
1094 1082 1322 1153 ὀνόματι
1366 1080 1647 1151 Λάζαρος,
1690 1078 1749 1143 ὃς

154 1185 424 1253 ἐϐέϐλητο
472 1181 609 1254 πρὸς
637 1181 729 1233 τδν
766 1178 992 1231 πυλῶνα
1034 1177 1204 1231 αὐτοῦ
1253 1173 1602 1245 ήλκωμένος,
1654 1177 1750 1225 καὶ

153 1275 449 1346 ἐπιθυμῶν
475 1271 851 1345 χορτασθῆναι
881 1268 992 1324 ἀπὸ
1022 1268 1132 1323 τῶν
1161 1266 1363 1338 ψιχίων
1390 1265 1501 1321 τῶν
1526 1265 1751 1318 πιπτόν-

152 1389 267 1424 των
295 1369 409 1423 ἀπδ
437 1368 534 1436 τῆς
569 1362 853 1435 τραπέζης
892 1360 986 1416 τοῦ
1035 1359 1316 1416 πλουσίου.
1371 1358 1536 1413 ’Λλλά
1574 1357 1669 1411 καὶ
1699 1357 1750 1409 oi

153 1463 324 1525 κύνες
354 1459 642 1532 ἐρχόμενοι
675 1456 965 1527 ἀπέλειχον
1002 1454 1070 1508 τὰ
1098 1453 1233 1524 ἐλκη
1263 1450 1454 1506 αὑτοῦ.
1504 1449 1754 1519 Ἐγένετο

155 1556 215 1609 δέ
241 1554 535 1607 ἀποθανεῖν
559 1549 652 1603 τὸν
680 1548 917 1618 πτωχὸν,
945 1546 1043 1601 κα)⁸
1065 1544 1433 1616 ἀπενεχθῆναι
1456 1544 1621 1599 αὑτὸν
1648 1544 1755 1596 ὑπὸ

157 1644 271 1697 τῶν
305 1642 555 1712 ἀγγέλων
577 1640 659 1702 είς
681 1637 775 1693 τὸν
802 1636 1007 1692 κόλπον
1039 1634 1134 1690 τοῦ
1169 1634 1447 1706 Ἀϐραάμ.
1486 1632 1753 1688 Ἀπέθανε

157 1738 217 1791 δέ
271 1738 367 1791 καὶ
415 1736 444 1789 ὁ
491 1734 779 1801 πλούσιος,
828 1735 924 1787 καὶ
962 1731 1158 1802 ἐτάφη.
1205 1748 1223 1781 ι
1292 1728 1592 1784 Ἀκόλουθα
1641 1731 1755 1789 τοῖς

162 1828 585 1901 προειρημένοις
626 1826 820 1881 ταῦτα.
876 1824 1097 1895 Ἐπειδὴ
1143 1823 1254 1896 γὰρ
1284 1821 1575 1894 προλαϐὼν
1625 1820 1756 1895 περὶ

1858 616 2187 689 cowm‘agis
2221 631 2249 668 a
2282 613 2504 671 Christo
2542 607 2951 684 corrigeretur?

1929 891 2099 948 Vens.
2134 889 2303 949 19-22
2356 907 2374 943 ι
2409 887 2584 944 Homo
2622 887 2845 960 quidam
2878 896 2998 943 erat
3037 888 3215 953 dives,
3244 890 3334 961 qui
3367 891 3455 945 in-

1858 988 2128 1041 duebatnr
2157 998 2396 1053 purpura
2442 994 2498 1036 et
2530 983 2729 1053 bysso,
2770 986 2825 1035 et
2850 977 3173 1050 epulabatur
3209 982 3457 1050 quotidie

1859 1079 2163 1148 splendide.
2216 1078 2346 1132 Erat
2395 1086 2581 1131 autem
2630 1074 2855 1147 quidam
2904 1072 3191 1130 mendicus
3235 1075 3455 1131 nomine

1861 1173 2134 1236 Lazarus,
2186 1172 2276 1240 qui
2321 1169 2539 1240 jacebat
2588 1169 2655 1221 ad
2701 1168 2927 1238 januam
2974 1165 3092 1235 ejus
3141 1167 3454 1234 ulcerosus,

1861 1265 2088 1335 cupiens
2120 1264 2358 1318 saturari
2393 1264 2457 1317 de
2509 1260 2668 1317 micis
2702 1275 2823 1330 qua:
2857 1260 3130 1315 cadebant
3170 1260 3239 1316 de
3269 1276 3455 1316 mensa

1869 1356 2074 1411 divitis.
2106 1354 2215 1409 Sed
2236 1365 2291 1408 et
2326 1368 2491 1408 canes
2522 1352 2847 1417 veniebant,
2882 1367 2946 1407 ac
2972 1351 3253 1422 lingebant
3276 1352 3456 1408 ulcera

1862 1448 2001 1520 ejus.
2031 1447 2247 1502 Accidit
2274 1455 2454 1501 autem
2488 1453 2546 1500 ut
2585 1456 2889 1501 moreretur
2918 1447 3219 1511 mendicus,
3260 1458 3316 1503 et
3350 1450 3459 1505 de-

1864 1550 2176 1613 portaretur
2222 1540 2290 1593 ab
2343 1537 2552 1607 angelis
2590 1537 2643 1593 in
2692 1538 2870 1593 sinum
2907 1538 3162 1595 Abrabm.
3216 1540 3461 1596 Mortuus

1865 1645 1947 1691 est
1965 1644 2143 1690 autem
2166 1643 2221 1688 et
2246 1634 2419 1698 dives,
2449 1647 2511 1686 ac
2534 1640 2779 1701 sepultus
2800 1640 2905 1688 est.
2939 1650 2960 1685 ι
2988 1631 3135 1689 Bene
3149 1645 3463 1704 sequuntur

1867 1729 1984 1784 haec
2014 1727 2079 1781 ad
2112 1727 2419 1797 superiora.
2448 1725 2585 1792 Quia
2616 1726 2762 1780 enim
2796 1725 2947 1796 prius
2977 1725 3240 1782 docuerat
3269 1739 3326 1783 ut
3361 1742 3463 1784 nos

1869 1830 2016 1877 recte
2046 1821 2191 1876 circa
2217 1818 2439 1874 divitias
2473 1832 2826 1889 gereremus,
2860 1816 3059 1873 merito
3088 1819 3372 1890 conjungit
3406 1829 3464 1877 et

158 1921 256 1976 τοῦ
286 1921 379 1974 τὸν
408 1919 638 1974 πλοῦτον
660 1918 999 1974 διατίθεσθαι
1032 1917 1220 1981 καλῶς
1245 1916 1507 1981 ἐδίδαξεν,
1529 1916 1757 1979 είκότως

1873 1915 2003 1970 hanc
2028 1911 2339 1985 parabolam
2366 1911 2421 1965 in
2448 1910 2694 1966 eamdem
2720 1909 2986 1967 ferentem
3010 1914 3338 1969 sententiam
3368 1928 3465 1984 per

160 2015 525 2069 ἐπισυνάπτει
572 2014 668 2067 καὶ
698 2011 908 2083 ταύτην
940 2010 1041 2081 τὴν
1077 2010 1424 2082 παραϐολὴν,
1472 2010 1555 2073 είς
1600 2008 1763 2063 τοῦτο

163 2106 301 2160 αὐτὸ
343 2105 619 2175 φέρουσαν
656 2104 745 2157 διὰ
790 2102 883 2156 τοῦ
920 2101 1064 2156 κατὰ
1097 2104 1187 2155 τὸν
1237 2102 1493 2155 πλούσιον
1548 2099 1764 2153 ὑποδεί-

172 2210 409 2265 γματος.
443 2192 737 2263 Παραίολὴ
767 2192 877 2263 γὰρ
905 2192 999 2245 καὶ
1028 2190 1207 2256 τοῦτο,
1233 2190 1351 2245 ἀλλ’
1378 2192 1477 2261 οὐχ
1505 2188 1581 2253 ὣς
1619 2205 1763 2251 τινες

164 2286 412 2353 ἀνοήτως
452 2282 519 2338 ἂν
561 2282 821 2351 οἰηθεῖεν,
874 2282 1111 2353 πρᾶγμά
1164 2284 1315 2335 ἐστιν
1360 2280 1465 2353 ήδη
1513 2279 1760 2348 γεγονός.

168 2377 401 2430 Ούδὲπω
447 2376 557 2445 γὰρ
603 2374 727 2428 ούτε
772 2376 886 2438 τοῖς
921 2374 1156 2438 δικαίοις
1188 2372 1299 2431 τῶν
1344 2371 1589 2441 ἀγαθῶν,
1638 2370 1763 2424 οὕτε

163 2470 281 2531 τοῖς
316 2467 668 2539 ἁμαρτωλοῖς
696 2467 808 2522 τῶν
835 2469 1103 2522 ἐναντίων
1132 2470 1166 2538 ή
1196 2467 1612 2537 ἀποκλήρωσις,
1644 2465 1763 2520 ἀλλ’

165 2561 509 2630 ἐσχημάτισε
546 2560 638 2613 τὸν
672 2559 834 2628 λόγον
868 2559 898 2612 δ
928 2559 1138 2629 Κύριος
1161 2599 1176 2626 ,
1212 2559 1351 2632 πρὸς
1379 2559 1441 2611 τὸ
1470 2556 1764 2612 παιδεῦσαι

170 2654 302 2717 τοὺς
333 2652 726 2724 ἀνελεήμονας,
771 2647 862 2707 οἷα
892 2652 1079 2718 αὐτοῖς
1123 2652 1537 2714 άποκείσονται,
1570 2654 1667 2711 καὶ
1694 2646 1763 2704 αὖ

167 2744 383 2810 διδάξαι
436 2746 563 2808 τοὺς
622 2743 1113 2811 κακοπαθοῦντας,
1166 2740 1254 2798 οἷα
1316 2743 1764 2814 εύπαθήσουσιν,

169 2839 315 2909 ὑπὲρ
344 2831 420 2892 ὧν
453 2837 691 2892 ἐνταῦθα
731 2838 1089 2907 ὑπομένουσι.
1122 2838 1230 2892 Τὸν
1259 2837 1358 2909 μὲν
1386 2836 1481 2890 οῦν
1511 2835 1766 2890 πλούσιον

168 2931 475 3002 άνωνύμως
523 2932 582 2985 ἐν
620 2934 687 3003 τῇ
738 2932 1025 3004 παραϐολῇ
1082 2932 1429 3004 παρέλαϐεν,
1484 2924 1571 2986 οἷα
1631 2931 1767 3001 μηδέ

170 3021 325 3088 ἄξιον
356 3023 504 3095 παρά
526 3023 645 3095 Θεῷ
671 3023 1063 3095 ὀνομάζεσθαι,
1095 3024 1241 3079 καθὰ
1259 3024 1356 3078 καὶ
1383 3023 1471 3077 διὰ
1499 3022 1593 3075 τοῦ
1627 3038 1763 3092 προ-

173 3116 349 3187 φήτου
386 3116 575 3186 φησιν,
609 3117 672 3171 ού
722 3118 800 3189 μὴ
837 3117 1066 3189 μνησθῶ
1105 3117 1215 3172 τῶν
1262 3117 1550 3189 ὀνομάτων
1588 3114 1768 3169 αὐτῶν

170 3194 266 3261 διὰ
298 3205 523 3275 χειλέων
560 3224 684 3277 μου.
736 3208 845 3261 Τοῦ
879 3208 938 3263 δὲ
974 3208 1209 3278 πένητος
1248 3208 1515 3278 ὀνομαστὶ
1556 3224 1768 3278 μνημο-

172 3295 358 3349 νεύει·
416 3295 526 3349 τῶν
563 3296 673 3367 γὰρ
704 3296 930 3352 δικαίων
966 3300 1036 3352 τὰ
1080 3297 1324 3368 ὀνόματα
1366 3298 1461 3350 καὶ
1500 3299 1557 3350 ἐν
1600 3296 1768 3367 βίϐλῳ

173 3388 326 3459 ζωῆς
366 3388 805 3458 ἀπογράφονται·
837 3389 956 3444 ἐστι
998 3390 1057 3443 δὲ
1086 3390 1269 3458 λόγος,
1302 3391 1378 3453 ὡς
1420 3392 1455 3460 ή
1498 3389 1767 3460 Ἐϐραίων

175 3480 479 3551 παράδοσις
504 3479 641 3552 ἔχει,
670 3482 920 3553 Λάζαρον
947 3478 1089 3536 εἷναί
1118 3500 1241 3536 τινα
1269 3484 1328 3535 ἐν
1368 3481 1767 3552 Ἱεροσολύμοις

176 3572 303 3627 κατ’
350 3572 532 3626 ἐκεῖνο
565 3572 760 3644 καιροῦ
806 3573 1045 3645 ἐσχάτην
1113 3573 1304 3627 πενίαν
1348 3573 1770 3645 κεκληρωμένον

177 3662 276 3717 καὶ
302 3660 638 3733 ἀρρωστίαν,
686 3656 750 3718 οὗ
785 3663 1161 3734 μνημονεῦσαι
1201 3663 1292 3717 τὸν
1320 3664 1528 3735 Κύριον
1557 3666 1636 3725 είς·
1665 3682 1768 3717 πα-

175 3753 417 3825 ραϐολὴν
450 3753 613 3807 αὐτὸν
658 3754 918 3823 λαϐόντα,
968 3755 1043 3819 ὡς
1071 3756 1293 3825 ἐμφανῆ
1326 3755 1422 3809 καὶ
1464 3754 1766 3826 γνώριμον.

189 3844 253 3901 '0
284 3846 387 3915 μὲν
434 3840 528 3900 οῦν
560 3845 815 3912 πλούσιος
849 3846 1117 3901 πάντοθεν
1148 3848 1356 3919 εύροῶν
1384 3844 1474 3919 ἦν,
1526 3849 1621 3903 καὶ
1662 3848 1770 3917 γάρ

176 3936 277 3990 καὶ
311 3936 607 4008 πορφύραν
645 3937 743 3993 καὶ
786 3937 988 4011 βύσσον
1022 3938 1327 3995 ἐνεδέδυτο·
1360 3942 1454 3994 καὶ
1493 3941 1554 3993 ού
1608 3939 1771 4009 μόνον

174 4022 365 4094 τοῦτο,
398 4028 535 4083 ἀλλά
572 4031 668 4085 καὶ
697 4030 798 4102 τήν
843 4031 1017 4102 ἀλλην
1060 4033 1276 4103 τρυφὴν
1322 4031 1535 4103 ἐτρύφα
1566 4033 1769 4085 πᾶσαν.

177 4121 629 4192 Εύφραινόμενος
660 4121 790 4194 γὰρ,
828 4124 989 4194 φησὶ,
1038 4125 1134 4177 καὶ
1177 4126 1240 4178 ού
1290 4124 1387 4179 νῦν
1424 4124 1545 4193 μὲν,
1590 4122 1685 4177 νῦν
1716 4123 1771 4175 δὲ

176 4211 270 4273 οὔ.
298 4214 436 4268 ἀλλὰ
458 4214 803 4287 καθημέραν,
830 4217 922 4270 καὶ
942 4218 1004 4270 ού
1030 4218 1290 4288 μετρίως,
1315 4217 1452 4271 ἀλλὰ
1478 4216 1770 4287 λαμπρῶς,

178 4306 467 4359 τουτέστιν
532 4307 761 4371 ἀσώτως
800 4306 899 4361 καὶ
936 4308 1270 4371 πολυτελῶς.
1324 4310 1383 4363 '0
1423 4310 1479 4362 δὲ
1521 4310 1773 4380 Λάζαρος

178 4397 283 4452 καὶ
321 4397 516 4469 πένης,
549 4400 645 4453 xa‘t
678 4385 1001 4472 ἀρρωστῶν,
1032 4404 1129 4455 καὶ
1158 4403 1319 4457 τοῦτο
1349 4403 1563 4467 δεινῶς·
1597 4404 1776 4472 ἡλκω-

182 4489 350 4559 μένος
387 4489 516 4562 γάρ,
560 4491 746 4559 φησίν.
802 4493 959 4546 Ἔστι
1009 4494 1117 4565 γὰρ
1174 4496 1516 4566 ἀρρωστεῖν,
1554 4494 1613 4547 ού
1669 4494 1776 4564 μὴν

179 4581 488 4651 ⁴ἔλλιιῶσθαι.
534 4584 801 4639 Ἐνταῦθα
828 4585 886 4639 δέ
916 4587 1166 4649 ἐπίτασις
1194 4588 1289 4640 τοῦ
1314 4587 1488 4641 κακοῦ
1514 4588 1607 4640 καὶ
1639 4587 1774 4657 πρὸς
1808 4608 1851 4663 ο

178 4670 277 4726 τὸν
306 4671 533 4727 πυλῶνα
561 4673 894 4745 βεϐλημένος
914 4676 1011 4731 τοῦ
1040 4678 1320 4741 πλουσίου,
1347 4679 1508 4749 ἑτέρα
1542 4679 1773 4749 βάσανος

179 4760 248 4814 τδ
279 4760 417 4832 ὀρᾷν
443 4762 637 4828 ἄλλους
657 4763 1145 4837 ὑπερτρυφῶντας,
1178 4770 1341 4823 αὑτὸν
1371 4770 1427 4823 δὲ
1458 4771 1774 4841 λιμώττειν.

195 4852 503 4924 Ἐπεθύμει
536 4855 647 4926 γὰρ
685 4860 1057 4931 χορτασθῆναι
1094 4862 1216 4933 οὐχὶ
1258 4862 1569 4934 βρωμάτων
1610 4864 1777 4917 πολυ-

180 4944 382 5013 τελῶν,
432 4946 569 5000 άλλά
600 4950 694 5003 καὶ⁵
738 4950 937 5022 ψιχίων
973 4955 1174 5021 αὐτῶν,
1210 4958 1305 5011 καὶ
1350 4958 1577 5025 τούτων,
1610 4950 1686 5015 ὧν
1726 4958 1779 5010 oi

182 5038 354 5102 κύνες
409 5043 790 5111 χορτάζονται.
862 5047 1021 5101 Ἀλλὰ
1066 5048 1160 5102 καὶ
1208 5048 1412 5121 ἔρημος
1460 5051 1568 5104 τῶν
1617 5052 1779 5122 θερα-

183 5129 531 5183 πευσόντων·
568 5133 618 5186 οί
652 5135 761 5206 γὰρ
789 5137 945 5201 κύνες
978 5138 1185 5210 ἕλειχον
1218 5140 1285 5193 τὰ
1315 5141 1449 5213 ἕλκη
1480 5141 1668 5209 αὐτοῦ,
1693 5137 1778 5196 οἶα

186 5220 419 5289 μηδενὸς
446 5222 598 5289 ὄντος
627 5226 720 5280 τοῦ
754 5230 1191 5303 άποσοϐήσοντος
1224 5234 1470 5298 τούτους.
1506 5230 1655 5306 ’Δρα
1684 5233 1778 5288 οὖν

183 5311 246 5361 ἐν
286 5311 564 5377 τοσούτοις
600 5314 795 5383 δεινοῖς
839 5320 915 5374 ὢν
948 5325 975 5375 ὁ
1018 5324 1270 5394 Λάζαρος
1312 5327 1775 5399 ἐϐλασφήμησενς

184 5399 219 5490 ᾖ
250 5401 561 5475 ἐλοιδόρησε
592 5407 690 5479 τὴν
723 5416 937 5482 τρυφὴν
962 5413 1055 5467 τοῦ
1083 5416 1341 5469 πλουσίου
1365 5436 1380 5484 ;
1407 5419 1441 5489 ἢ
1474 5420 1575 5490 τὴν
1604 5421 1779 5472 ἀπαν-

184 5488 437 5559 θρωπίαν
483 5498 845 5570 κατέκρινεν;
900 5506 931 5575 ἢ
985 5505 1084 5579 τὴν
1138 5510 1397 5579 πρόνοιαν
1432 5488 1775 5581 Ϋὲμέμψατος

183 5581 358 5635 Οὐδὲν
388 5587 595 5642 τούτων
626 5593 870 5665 ἐνόησεν,
906 5598 1044 5652 ἀλλὰ
1078 5601 1215 5669 μετὰ
1257 5602 1461 5672 πολλῆς
1498 5604 1598 5672 τῆς
1630 5603 1780 5672 φιλο-

188 5676 384 5743 copia;
421 5681 735 5753 ἐκαρτέρει.
774 5689 947 5743 Πόθεν
983 5691 1175 5762 δῆλον;
1220 5694 1339 5764 ’Λφ’
1369 5692 1443 5750 ὢν
1479 5700 1527 5750 οἱ
1559 5697 1781 5765 ἄγγελοι

187 5765 354 5859 αὑτὸν
370 5768 716 5829 ἀποθανόντα
736 5779 999 5851 ἐδέχοντο.
1025 5786 1139 5839 υύκ
1161 5786 1226 5839 ἂν
1250 5788 1379 5858 γὰρ,
1406 5789 1452 5840 εἰ
1473 5806 1644 5857 γογγυ
1655 5790 1780 5860 πὴς

189 5861 258 5926 ὴν
312 5860 406 5914 καὶ
434 5864 779 5939 βλάσφημος,
812 5876 1081 5947 τοσαύτης
1109 5880 1273 5950 τιμῆς
1306 5881 1526 5953 ὴξιὼθη,
1565 5884 1655 5936 καὶ
1682 5884 1781 5953 τῆς

1865 2008 2175 2078 exemplum
2215 2006 2425 2061 divitis.
2466 2002 2735 2061 Parabola
2768 2004 2914 2062 enim
2944 2014 3028 2061 est
3063 2004 3211 2075 hac,
3233 2013 3289 2062 et
3326 2021 3461 2070 non,

1866 2110 1925 2155 ut
1958 2099 2175 2171 quidam
2217 2099 2423 2167 opinati
2457 2108 2604 2165 sunt,
2634 2097 2889 2154 historia.
2922 2097 3176 2153 Nondum
3200 2098 3346 2154 enim
3373 2114 3465 2155 se-

1866 2205 2057 2264 parata
2080 2204 2241 2249 erant
2257 2193 2424 2263 justis
2457 2194 2623 2259 bona,
2653 2203 2709 2248 et
2731 2193 3112 2264 peccatoribus
3142 2193 3415 2249 contraria
3444 2210 3460 2247 :

1866 2289 1962 2344 sed
1994 2288 2249 2361 ﬁguravit
2272 2302 2582 2343 sermonem
2608 2286 2891 2353 Dominus,
2920 2296 2979 2342 ut
2999 2286 3467 2343 immisericordes

1868 2380 2065 2437 doceat
2108 2380 2288 2450 qualia
2319 2380 2401 2435 eis
2449 2390 2715 2437 eventura
2757 2380 2897 2443 sint,
2935 2387 2991 2434 et
3032 2380 3229 2435 iterum
3271 2380 3468 2435 doceat

1868 2487 1964 2529 eos
1991 2472 2085 2542 qui
2113 2470 2451 2541 alniguntur,
2485 2487 2649 2540 quam
2680 2471 2821 2527 bene
2850 2471 3089 2527 habituri
3121 2471 3232 2527 sint
3250 2487 3353 2543 pro
3384 2472 3469 2527 bis

1869 2579 1991 2633 qua:
2026 2564 2116 2619 hic
2146 2564 2443 2619 sustinent.
2478 2562 2712 2618 Divitem
2750 2562 2915 2633 igitur
2949 2563 3051 2618 hoc
3096 2563 3218 2619 loco
3258 2564 3469 2633 absque

1867 2656 2091 2711 nomine
2136 2655 2189 2709 in
2241 2653 2498 2724 parabola
2549 2655 2875 2724 assumpsit,
2922 2664 3112 2725 utpote
3151 2654 3242 2726 qui
3287 2669 3467 2726 neque

1869 2748 2064 2818 dignus
2095 2747 2167 2802 sit
2204 2748 2295 2815 qui
2327 2762 2358 2802 a
2405 2746 2514 2802 Deo
2539 2748 2850 2802 nominetur
2882 2787 2899 2815 ,
2934 2746 3082 2803 sicut
3114 2758 3169 2802 et
3214 2761 3309 2816 per
3339 2763 3469 2819 pro-

1871 2841 2088 2911 phetam
2119 2840 2252 2896 dicit
2281 2857 2294 2893 :
2324 2839 2441 2894 Non
2471 2854 2679 2895 memor
2704 2854 2799 2895 ero
2826 2840 3107 2895 nominum
3130 2839 3345 2895 illorum
3371 2856 3469 2911 per

1870 2932 2008 2988 labia
2040 2947 2183 2988 mea.
2217 2931 2428 2986 Nomen
2457 2941 2641 2988 autem
2677 2932 2935 3002 pauperis
2964 2941 3253 2987 memorat.
3285 2930 3471 2987 Justo-

1872 3040 1991 3081 rum
2022 3024 2167 3079 enim
2220 3024 2442 3081 nomina
2479 3024 2532 3078 in
2568 3022 2708 3080 libro
2755 3024 2880 3079 vita:
2913 3026 3121 3093 scripta
3151 3031 3299 3081 sunt.
3337 3024 3467 3079 Fert

1871 3119 2015 3172 enim
2050 3115 2404 3171 Hebraeorum
2442 3115 2698 3183 traditio,
2738 3115 3007 3171 Lazarum
3052 3115 3340 3187 quemdam
3372 3131 3471 3185 per

1872 3209 2001 3265 illud
2027 3216 2239 3277 tempus
2260 3220 2504 3263 extrema
2524 3207 2707 3279 inopia
2735 3216 2789 3263 et
2814 3208 3134 3263 inﬁrmitate
3159 3208 3464 3273 laborasse,

1873 3301 2028 3369 cujus
2059 3300 2391 3353 mentionem
2426 3298 2617 3354 fecerit
2651 3298 2913 3353 Dominus
2944 3299 2998 3353 in
3030 3298 3291 3369 parabola
3328 3297 3431 3352 hac
3452 3340 3467 3363 ,

1874 3400 2061 3459 utpote
2091 3389 2203 3443 noti
2235 3398 2291 3443 et
2317 3388 2614 3444 manifesti.
2648 3388 2809 3444 Dives
2840 3387 3008 3457 igitur
3034 3388 3260 3444 omnino
3296 3388 3471 3443 disso-

1875 3485 2019 3540 lutus
2053 3492 2202 3537 erat:
2229 3496 2354 3536 nam
2392 3496 2631 3551 purpura
2662 3489 2717 3535 et
2754 3480 2917 3550 bysso
2950 3482 3298 3547 induebatur,
3333 3498 3473 3552 prm-

1876 3585 2023 3632 terea
2070 3575 2329 3630 omnibus
2379 3574 2502 3628 aliis
2549 3573 2757 3628 deliciis
2808 3573 3058 3629 vacabat.
3109 3573 3470 3644 Epulabatur,

1874 3666 2073 3735 inquit,
2107 3675 2159 3720 et
2190 3679 2296 3719 non
2328 3679 2471 3719 nunc
2505 3664 2757 3733 quidem,
2804 3673 2993 3734 postea
3022 3680 3155 3721 vero
3197 3682 3337 3729 non,
3377 3669 3471 3722 sx-d

1874 3756 2044 3828 418
2077 3755 2321 3824 quotidie
2354 3773 2368 3809 :
2395 3763 2450 3809 et
2480 3770 2587 3809 non
2616 3754 2989 3821 mediocriter,
3020 3758 3115 3812 sed
3152 3758 3470 3827 splendide,

1879 3849 1981 3903 hoc
2031 3856 2117 3903 est
2179 3855 2499 3916 sumptuose
2543 3854 2598 3901 et
2647 3845 3020 3916 prodigaliter.
3070 3845 3313 3906 Lazarus
3344 3866 3477 3906 vero

1879 3954 2082 4011 pauper
2138 3948 2258 3994 erat
2298 3949 2354 3993 et
2388 3938 2638 3993 inlirmus
2665 3938 2945 4008 graviter:
2982 3939 3263 3997 ulcerosus
3292 3946 3472 4010 enim,

1878 4032 2073 4101 inquit,
2108 4042 2248 4085 erat.
2284 4029 2578 4102 Egrotant
2609 4031 2734 4095 alii,
2769 4032 2862 4086 sed
2911 4034 3184 4089 ulceribus
3231 4048 3426 4093 carent
3458 4057 3470 4093 :

1878 4124 1967 4178 hic
2001 4134 2182 4178 autem
2231 4122 2482 4193 graviore
2526 4122 2667 4177 male
2708 4122 3073 4193 afﬂigebatur,
3122 4136 3176 4181 et
3209 4128 3276 4181 ad
3313 4131 3475 4184 vcsti-

1879 4215 2065 4270 bulum
2088 4214 2273 4269 divitis
2298 4214 2517 4284 jacebat
2548 4228 2718 4270 :ecce
2747 4214 2887 4270 alius
2905 4216 3082 4283 dolor,
3115 4218 3305 4274 videre
3336 4221 3475 4275 alios

1880 4307 1932 4359 in
1964 4304 2195 4369 deliciis,
2234 4318 2293 4359 se
2324 4318 2453 4359 vero
2499 4303 2645 4357 fame
2686 4303 2883 4373 premi.
2935 4304 3293 4360 Desiderabat
3328 4310 3472 4361 enim

1880 4398 2092 4461 satiari,
2130 4410 2235 4451 non
2266 4396 2601 4464 sumptuosis
2636 4394 2893 4460 ferculis,
2916 4398 3009 4453 sed
3045 4399 3111 4453 de
3142 4399 3300 4455 micis
3334 4402 3473 4469 ejus,

1881 4496 1935 4542 et
1972 4486 2077 4541 illis
2108 4488 2307 4554 quibus
2340 4476 2685 4539 satiebantur
2706 4499 2893 4541 canes.
2932 4486 3161 4557 Insuper
3183 4489 3477 4544 destitutus

1882 4590 2001 4635 erat
2024 4577 2173 4633 omni
2200 4592 2355 4643 cura,
2386 4588 2442 4631 et
2466 4591 2631 4631 canes
2660 4576 2933 4645 lingebant
2958 4579 3145 4633 ulcera
3178 4582 3315 4649 eius,
3349 4596 3475 4636 cum

1881 4686 2041 4727 nemo
2079 4678 2226 4727 esset
2268 4670 2361 4739 qui
2408 4668 2602 4724 abillo
2647 4670 2780 4725 istos
2819 4671 3081 4739 abigeret.
3124 4672 3267 4727 Num
3310 4673 3477 4741 igitur

1879 4765 2124 4820 Lazarus
2160 4765 2214 4819 in
2265 4765 2428 4819 tantis
2468 4764 2625 4817 matis
2675 4763 3132 4833 blaspliemabat?
3178 4783 3307 4821 num
3344 4783 3479 4823 con-

1880 4857 2225 4913 viciabatur?
2256 4873 2384 4911 num
2416 4856 2727 4912 inceSSabat
2759 4857 2945 4910 luxum
2977 4857 3201 4913 divitis?
3232 4876 3359 4915 num
3393 4860 3479 4915 in-

1882 4950 2282 5005 humanitatem
2316 4948 2756 5003 condemnabat?
2790 4964 2916 5002 num
2953 4950 3350 5018 providentiam
3379 4953 3474 5007 Dei

1883 5042 2349 5115 reprehendebat?
2402 5041 2549 5097 Nihil
2604 5043 2795 5097 borum
2836 5060 2850 5097 :
2895 5044 2987 5097 sed
3026 5043 3181 5099 fortis
3228 5055 3383 5111 erat,
3424 5056 3479 5101 ct

1884 5150 2095 5207 magna:
2140 5134 2522 5205 philosophice.
2572 5132 2727 5189 Unde
2757 5132 3153 5189 manifestum?
3189 5147 3477 5206 propterea

1882 5228 2024 5299 quod
2077 5228 2252 5299 angeli
2294 5228 2467 5298 ipsum
2495 5230 2793 5296 {mortuum
2840 5228 3201 5296 susceperint.
3248 5228 3384 5284 Nam
3430 5234 3474 5285 si

1882 5324 2332 5377 obmurmurator
2380 5320 2579 5376 fuisset
2628 5329 2683 5377 et
2722 5320 3107 5391 blasphemus,
3158 5326 3476 5393 neutiquam

1883 5424 2092 5469 tantum
2129 5415 2393 5468 honorem
2433 5414 2629 5467 fuisset
2676 5423 3029 5476 consecutus,
3068 5424 3122 5469 ct
3157 5416 3474 5484 angelorum

1884 5508 2144 5562 comitatu
2186 5508 2440 5575 stipatus.
2483 5505 2724 5560 Mortuus
2757 5513 2847 5559 est
2892 5514 3073 5560 autem
3114 5517 3170 5561 et
3204 5508 3380 5571 dives,
3412 5523 3477 5559 ac

1882 5600 2126 5669 sepultus
2172 5610 2279 5655 est.
2318 5599 2451 5653 Nam
2485 5598 2730 5669 profecto
2766 5599 2927 5651 etiam
2964 5614 3087 5653 cum
3121 5599 3347 5661 viveret,
3392 5614 3478 5653 se-

1883 5692 2033 5762 pulla
2069 5702 2191 5748 erat
2232 5693 2351 5763 ejus
2398 5692 2616 5757 anima,
2672 5705 2896 5745 carnem
2952 5691 3105 5760 quasi
3162 5692 3475 5759 sepulcrum

1883 5787 2300 5843 circumferens.
2348 5785 2414 5840 Et
2459 5788 2581 5842 ideo
2612 5803 2733 5841 cum
2772 5797 3097 5850 moreretur,
3138 5801 3245 5839 non
3276 5788 3343 5840 ab
3386 5803 3480 5840 au-

1889 5881 2023 5947 gclis
2046 5888 2357 5951 assumptus
2388 5888 2505 5947 est,
2535 5882 2627 5937 sed
2655 5882 2705 5934 in
2732 5877 3003 5933 infernum
3034 5881 3319 5935 deductus.
3346 5878 3481 5933 Nam
