4100 6334
665 401 773 464 975

652 510 744 580 qui
767 504 901 561 nihil
927 501 1150 558 sublime
1203 492 1440 559 nihilque
1457 487 1676 544 cwleste
1698 479 1948 547 cognovit
1969 489 2226 544 unquam,
2261 481 2307 537 Α

656 567 843 656 iiilimo
873 599 992 652 loco
1023 593 1237 663 dignus.
1264 587 1500 643 Dicendo
1528 585 1669 639 enim
1701 574 1842 647 quod
1868 569 2111 640 sepultus
2133 567 2225 633 sit,

661 695 896 748 insinuat
924 688 1099 741 obiter
1130 683 1395 737 Dominus
1429 679 1569 749 quod
1601 682 1654 730 et
1684 671 1860 726 anima
1900 666 2017 736 ejus
2053 662 2228 717 locum

660 782 898 837 intimum
933 788 986 835 et
1018 775 1371 844 caliginosum
1400 770 1587 824 sortita
1624 764 1809 818 fuerit.

1496 365 2068 439 THEOPHYLACTI
2105 359 2515 424 BULUARUE
2544 355 2900 417 ARCHIEP.

2342 469 2471 536 παρ’
2507 466 2763 549 ἀγγέλων
2787 461 3147 536 δορυφορίας,
3185 458 3424 514 ἀπέθανε
3457 455 3515 509 δὲ
3561 453 3655 507 καὶ
3696 451 3725 504 ὁ
3761 450 3919 504 πλού-

2341 577 2471 624 σιος,
2520 546 2612 612 καὶ
2656 556 2851 625 ἐτάφη.
2900 554 2989 623 Τῷ
3030 553 3145 606 δντι
3195 550 3304 622 γὰρ
3341 547 3434 602 καὶ
3483 545 3693 610 ζῶντος
3737 560 3919 595 κατω-

2345 650 2586 722 ρυγμένη
2623 645 2790 702 αὑτοῦ
2823 642 2949 718 ἦνή
2986 643 3135 716 ψυχὴ
3160 685 3173 708 ,
3222 643 3298 703 ὡς
3331 626 3514 709 τάφον
3550 636 3924 708 περιφέρουσα

2339 745 2439 814 τὴν
2487 742 2688 811 σάρκα.
2745 740 2837 792 Διὸ
2885 739 2980 791 καὶ
3031 734 3321 789 ἀποθανὼν
3372 732 3471 803 οὐχ
3521 729 3628 784 ὑπὸ
3678 728 3924 795 ἀγγέλων

3811 338 3916 403 976

658 873 950 942 ἀπάγεται,
977 869 1088 923 ἀλλ’
1117 823 1194 930 ἔξς
1217 823 1458 935 cbo—45m;
1484 860 1800 925 κατάγεται,
1839 852 1898 905 '0
1925 849 2031 919 γὰρ
2060 841 2227 916 μηδὲν
2267 837 2468 907 ὑψηλὸν
2499 834 2774 905 φρονήσας
2801 831 2932 884 ποτὲ
2973 828 3097 897 μηδ’
3126 826 3395 897 οὐράνιον,
3451 825 3546 878 τοῦ
3613 823 3923 876 κατωτάτου

660 917 826 1023 τόποιυ
859 917 1040 1034 ἀξῖος,
1071 965 1151 1034 τῷ
1181 962 1313 1032 γοῦν
1339 917 1550 1020 εἰπεῖν,
1583 917 1665 1008 ὅτι
1698 950 1894 1018 ἐτάφη,
1927 917 2084 997 τούτο
2127 932 2465 1008 παρῃνίξατο
2528 932 2556 983 ὁ
2585 927 2808 998 Κύριος,
2845 927 2925 980 ὅτι
2959 926 3052 978 καὶ
3122 927 3154 996 η
3186 923 3335 994 ψυχὴ
3396 917 3561 974 αὑτοῦ
3623 918 3714 971 τὸν
3744 935 3924 971 κατω-

663 1065 808 1118 τάτω
835 1062 998 1116 τόπον
1029 1060 1120 1112 καὶ
1153 1056 1368 1125 ζοφώδη
1403 1053 1617 1121 ἔλαχεν.

735 1158 901 1211 Vens.
929 1152 1119 1216 25-26.
1158 1169 1173 1202 t
1213 1151 1387 1218 Atque
1431 1147 1482 1200 in
1528 1151 1733 1196 tartaro
1767 1133 2000 1191 sublatis
2029 1129 2236 1190 oculis,

667 1265 787 1302 cum
828 1255 974 1302 esset
1007 1245 1060 1298 in
1108 1241 1422 1312 tormentis,
1472 1236 1614 1288 videt
1664 1229 1935 1285 Abraham
1985 1224 2236 1284 eminus,

667 1349 720 1392 et
764 1339 1028 1391 Lazarum
1073 1333 1123 1387 in
1159 1332 1280 1386 sinu
1315 1328 1431 1399 ejus
1467 1345 1478 1380 :
1514 1333 1566 1378 et
1600 1321 1713 1390 ipse
1755 1319 1994 1374 clamans
2041 1312 2176 1369 dixit
2223 1328 2236 1363 :

672 1430 833 1484 Pater
864 1427 1156 1488 Abraham,
1194 1421 1452 1476 miserere
1485 1416 1627 1481 mei,
1662 1421 1717 1468 et
1758 1411 1913 1465 mitte
1943 1407 2238 1469 Lazarum,

672 1533 730 1574 ut
770 1520 1000 1587 intingat
1040 1524 1342 1571 extremum
1385 1509 1533 1579 digiti
1574 1508 1656 1562 sui
1697 1506 1748 1559 in
1784 1517 2014 1572 aquam,
2055 1513 2117 1553 ac
2159 1512 2243 1552 re-

672 1618 895 1686 frigeret
940 1613 1174 1682 linguam
1224 1622 1434 1670 meam,
1487 1603 1612 1673 quia
1667 1599 1881 1654 crucior
1933 1597 1984 1650 in
2030 1592 2242 1647 ﬂamma

2416 1141 2432 1175 ι
2471 1121 2580 1173 Kal.
2613 1120 2670 1172 ὲν
2701 1117 2777 1187 τῷ
2821 1115 2921 1187 ᾅδῃ
2955 1113 3169 1184 ἐπάρας
3198 1109 3324 1172 τοὺς
3363 1105 3679 1176 ὀφθαλμοὺς
3716 1103 3882 1156 αὑτοῦ
3910 1144 3924 1166 ,

2340 1214 2600 1285 ὑπάρχων
2650 1212 2708 1264 ἐν
2757 1207 3049 1278 βασάνοις,
3091 1204 3194 1275 ὁρᾷ
3226 1202 3316 1255 τὸν
3359 1197 3615 1270 ’Δϐραάμ
3667 1194 3776 1249 ἀπὸ
3821 1212 3928 1264 μα-

2341 1282 2557 1375 κρόθεν,
2616 1302 2710 1356 καλ⁸
2759 1285 3010 1369 Λάζαρον
3047 1300 3104 1350 ὲν
3157 1294 3270 1358 τοῖς
3325 1289 3548 1352 κόλποις
3584 1285 3791 1348 αὐτοῦ,
3837 1282 3932 1337 καὶ

2340 1389 2504 1453 αὐτὸς
2537 1388 2791 1458 φωνήσας
2839 1382 2980 1438 εἷπε·
3031 1383 3215 1452 Πάτερ
3257 1380 3528 1449 Ἀϐραὰμ,
3565 1376 3791 1444 ἐλέησόν
3827 1390 3932 1443 με,

2343 1478 2438 1533 καὶ
2471 1478 2689 1548 πέμψον
2725 1475 2996 1545 Λάζαρον,
3028 1475 3117 1528 ἵνα
3148 1472 3294 1542 βάψῃ
3325 1472 3385 1522 τὸ
3407 1470 3578 1539 ἀκρον
3608 1465 3702 1518 τοῦ
3730 1464 3932 1518 δακτύ-

2345 1575 2438 1627 λου
2472 1571 2635 1626 αύτοῦ
2667 1570 2880 1633 ὕδατος,
2913 1566 3005 1620 καὶ
3044 1563 3334 1637 καταψύξῃ
3366 1561 3464 1633 τὴν
3494 1560 3754 1630 γλῶσσάν
3794 1574 3895 1626 μου
3917 1597 3932 1620 ,

676 1647 895 1686 "Ismu-
940 1647 1174 1682 ιιι-διιαιιι
1224 1647 1434 1670 suum",
1488 1647 1612 1673 ην...-
1671 1647 1873 1654 ﬂ---"
1933 1647 1984 1650 ---

676 1712 795 1764 hac.
845 1705 989 1760 Dixit
1026 1711 1204 1758 autem
1238 1698 1511 1754 Abraham
1548 1708 1563 1748 :
1605 1693 1744 1757 Fili,
1781 1689 2061 1744 recordare
2102 1681 2245 1755 quod

2377 1685 2428 1719 τι
2457 1647 2725 1733 ὀδυνῶμαι
2755 1664 2812 1715 ὲν
2834 1663 2898 1730 τῇ
2941 1659 3099 1729 φλογὶ
3129 1657 3320 1727 ταύτῃ.
3354 1651 3488 1708 Εἷπε
3523 1653 3581 1706 δὲ
3626 1650 3889 1721 Ἀϐραάμ
3912 1664 3923 1673 ·

680 1799 946 1867 receperis
995 1797 1134 1850 bona
1176 1803 1263 1846 tua
1309 1792 1360 1844 in
1409 1789 1513 1841 vita
1565 1796 1683 1849 tua,
1715 1795 1768 1838 et
1803 1779 2043 1834 Lazarus
2092 1775 2245 1831 simi-

682 1894 800 1944 liter
835 1890 972 1944 mala
994 1906 1017 1954 ,;
1049 1900 1193 1941 nunc
1223 1894 1399 1939 auten:
1431 1882 1518 1936 hic
1559 1877 1748 1932 solatio
1775 1873 1983 1936 fruitur,
2019 1881 2074 1924 tu
2123 1881 2247 1922 vero

679 1982 956 2039 cruciaris.
1009 1980 1078 2034 Et
1123 1992 1282 2048 super
1342 1977 1456 2029 haec
1503 1972 1686 2026 omnia
1734 1968 1874 2022 inter
1917 1978 2017 2018 nos
2055 1970 2108 2017 et
2152 1973 2247 2013 vos

681 2078 859 2130 hiatus
895 2075 1080 2144 ingens
1113 2070 1358 2125 ﬁrmatus
1402 2075 1520 2129 est,
1565 2071 1623 2117 ut
1669 2062 1721 2114 hi
1766 2059 1856 2128 qui
1902 2056 2084 2109 volunt
2123 2052 2250 2106 hinc

685 2169 916 2223 transire
957 2166 1023 2221 ad
1054 2179 1148 2220 vos
1178 2177 1282 2217 non
1333 2158 1560 2230 possint,
1609 2167 1781 2224 neque
1808 2151 1932 2206 inde
1967 2157 2250 2201 transcen-

681 2263 807 2314 dere
856 2260 919 2313 ad
972 2271 1088 2312 nos.
1139 2274 1156 2306 ι
1201 2249 1664 2320 Quemadmodum
1710 2243 1970 2300 Dominus
2017 2237 2248 2306 ejectum

683 2355 853 2406 Adam
900 2364 928 2403 e
982 2347 1197 2417 regione
1251 2340 1487 2413 paradisi
1527 2337 1847 2399 collocavit,
1888 2341 1949 2386 ut
1995 2327 2252 2384 continuo

684 2452 986 2514 aSpectans,
1014 2439 1214 2494 clarius
1236 2434 1458 2490 sentiret
1477 2446 1506 2486 a
1524 2428 1739 2501 quantis
1761 2425 1918 2481 bonis
1933 2419 2218 2476 excidisset
2238 2435 2250 2470 :

685 2539 763 2594 sic
799 2546 854 2592 et
897 2534 1042 2588 illum
1078 2525 1460 2586 condemnavit
1508 2525 1563 2578 in
1607 2527 1898 2591 conspectu
1934 2512 2161 2577 Lazari,
2199 2518 2256 2564 ut

686 2633 874 2688 videns
904 2628 1052 2682 illum
1109 2625 1161 2678 in
1206 2620 1452 2692 qualibus
1486 2623 1662 2679 esset,
1711 2609 1938 2665 sentiret
1986 2602 2127 2658 unde
2162 2615 2258 2671 per

688 2721 1140 2781 inbumanitatem
1181 2713 1493 2768 excidisset.
1538 2707 1604 2760 Et
1639 2711 1922 2776 propterea
1966 2711 2074 2751 non
2118 2693 2256 2764 apud

690 2819 855 2873 alium
888 2812 1170 2885 quemdam
1204 2809 1441 2878 justum,
1480 2803 1572 2858 sed
1610 2801 1663 2855 in
1697 2797 1820 2853 sinu
1862 2789 2091 2848 Abrahze
2127 2787 2262 2842 vidit

691 2878 1256 2973 Lazaruin,quoniam
1301 2893 1582 2964 hospitalis
1627 2890 1801 2945 fuerat
1849 2881 2141 2940 Abraham.
2190 2878 2261 2935 Ut

691 3002 852 3072 igitur
887 2992 1374 3067 reprehenderetur
1404 2986 1546 3041 illius
1571 2978 1986 3049 inhospitalitas,
2015 2983 2262 3045 propter-

693 3063 754 3150 ea
804 3063 963 3147 illum
1001 3086 1140 3159 apud
1178 3081 1454 3139 Abraham
1506 3075 1674 3130 videt;
1723 3071 1813 3126 llle
1849 3070 2009 3125 etiam
2045 3080 2137 3121 eos
2169 3063 2261 3134 qui

695 3181 1072 3256 praeteribant,
1125 3175 1177 3231 in
1212 3176 1428 3228 domum
1460 3182 1613 3223 suam
1644 3163 1925 3224 trahebat,
1961 3159 2047 3212 hic
2081 3165 2260 3211 autem

695 3249 860 3351 ‘1‘19
895 3274 1057 3328 etiam
1091 3271 1230 3324 intra
1263 3265 1482 3319 domum
1525 3260 1772 3330 iacentes
1801 3251 2150 3323 despiciebat.
2189 3249 2263 3301 At

701 3385 798 3424 cur
847 3382 950 3422 non
1013 3361 1173 3417 vertit
1225 3369 1531 3414 sermonem
1599 3351 1665 3405 ad
1716 3348 2005 3409 Lazarum,
2059 3343 2152 3397 sed
2204 3340 2270 3393 ad

698 3456 1007 3515 Abraham?
1033 3448 1478 3508 Confundebatur
1500 3441 1746 3498 fortassis
1767 3479 1781 3505 ,
1807 3437 2130 3492 existimans
2156 3431 2266 3486 for-

700 3554 836 3607 sitan
868 3549 1134 3604 Lazarum
1171 3539 1419 3596 vindicta:
1456 3534 1695 3598 avidum,
1750 3540 1805 3586 et
1850 3545 1915 3585 ex
1951 3527 2064 3582 suis
2094 3524 2273 3578 causis

701 3642 976 3714 judicabat
1011 3637 1179 3692 illum.
1219 3633 1276 3686 Si
1307 3630 1449 3687 enim
1478 3642 1575 3699 ego
1607 3634 1753 3681 tanta
1785 3622 2041 3678 felicitate
2087 3619 2276 3671 fruens

704 3731 998 3801 contempsi
1025 3730 1171 3783 illum
1200 3725 1362 3780 tantis
1385 3722 1542 3776 malis
1565 3724 2002 3786 coangustatum,
2024 3719 2077 3765 et
2102 3723 2276 3778 neque

708 3831 876 3884 micas
934 3825 983 3879 ei
1038 3816 1482 3878 communicavi:
1537 3811 1705 3865 multo
1755 3808 1925 3878 magis
1981 3806 2095 3874 ipse
2148 3817 2275 3856 cono

711 3927 940 3986 Icmptus
969 3911 1276 3972 vindicabit,
1323 3916 1376 3961 et
1421 3919 1526 3958 non
1569 3908 1770 3954 annuet
1808 3907 1865 3949 ut
1903 3895 2029 3948 mihi
2078 3891 2277 3946 beneﬁ-

706 3985 848 4068 cium
881 4007 1225 4063 concedatur.
1259 4000 1549 4067 Propterea
1593 3995 1657 4047 ad
1685 3990 1960 4044 Abraham
1993 3985 2123 4041 facit
2165 3998 2279 4037 sero

710 4117 942 4157 monent.
980 4097 1207 4151 Putabat
1255 4091 1401 4146 enim
1453 4089 1706 4157 ignorare
1754 4080 2112 4152 patriarcham
2163 4087 2284 4143 quae

709 4192 1079 4260 contigissent.
1115 4185 1249 4251 Quid
1285 4185 1446 4251 igitur
1476 4177 1599 4232 ille!
1635 4175 1749 4229 Non
1784 4172 1952 4226 dixit:
1991 4167 2285 4222 lnhumane

714 4298 767 4342 et
822 4282 1079 4343 crudelis,
1149 4291 1253 4331 non
1313 4268 1628 4326 erubescis?
1691 4263 2073 4319 misericordiae
2142 4271 2285 4312 nunc

715 4371 1050 4433 recordaris?
1089 4371 1178 4423 sed
1233 4364 1499 4435 quomodo
1536 4361 1558 4412 ?
1597 4358 1717 4411 Fili.
1758 4356 1883 4409 Vide
1939 4350 2286 4421 compatien—

719 4483 820 4525 tem
851 4476 904 4522 et
934 4471 1200 4520 sanctum.
1228 4458 1365 4513 Dicit
1396 4457 1539 4507 enim
1574 4461 1626 4503 et
1654 4449 1868 4517 sapiens
1896 4445 2132 4513 quidam,
2163 4441 2286 4494 Ani-

720 4577 860 4616 mam
892 4557 1224 4612 humiliatam
1259 4564 1323 4603 ne
1353 4543 1675 4600 turbaveris.
1714 4540 1778 4593 Et
1811 4545 2090 4608 propterea
2122 4532 2284 4586 etiam

719 4657 833 4723 ipse
883 4650 1032 4714 dicit,
1078 4645 1214 4707 Fili,
1263 4640 1542 4693 insinuans
1583 4648 1675 4700 per
1711 4634 1807 4684 hoc
1838 4637 2060 4681 eatenus
2095 4624 2197 4678 sibi
2234 4623 2296 4674 li-

723 4761 866 4813 cere,
901 4750 1167 4812 quatenus
1199 4745 1305 4786 tam
1340 4731 1569 4796 benigne
1600 4723 1915 4791 alloquitur,
1946 4718 2038 4772 sed
2071 4716 2295 4770 ulterius

728 4836 859 4892 nihil
891 4833 1051 4885 licere
1091 4828 1161 4882 ci.
1195 4822 1348 4889 Quod
1391 4831 1631 4888 possum,
1665 4814 1768 4867 hoc
1810 4811 1902 4864 tibi
1936 4807 2293 4868 communico,

731 4925 1148 4995 C0tnpalit.-‘.cm
1183 4914 1390 4970 scilicet
1419 4922 1626 4962 vocem.
1660 4907 1725 4958 At
1755 4904 1878 4956 hinc
1915 4901 2039 4954 illuc
2070 4899 2299 4952 transire

733 5038 834 5075 non
871 5026 952 5071 est
990 5022 1228 5066 nostrum
1270 5026 1281 5060 :
1315 5003 1567 5059 conclusa
1603 4999 1742 5052 enim
1769 5003 1893 5048 sunt
1921 4991 2121 5045 omnia.
2149 4989 2212 5043 Et
2245 4999 2300 5042 tu

734 5112 948 5180 quidem
1001 5101 1254 5172 recepisti
1298 5099 1435 5151 bona
1489 5103 1600 5157 tua,
1656 5089 1741 5142 ille
1783 5095 1962 5140 autem
2018 5084 2178 5136 mala.
2238 5080 2304 5133 Et

735 5215 903 5271 quare
950 5213 1051 5251 non
1094 5194 1265 5254 dixit,
1305 5183 1594 5254 Accepisti,
1654 5179 1770 5242 sed,
1800 5174 2106 5243 Recepisti?
2148 5174 2306 5226 Reci-

739 5310 864 5363 pere
896 5291 1037 5345 cnim
1064 5289 1126 5340 de
1158 5287 1238 5338 his
1263 5283 1440 5335 dicere
1460 5276 1690 5329 solemus
1714 5272 1802 5341 qui
1835 5270 2135 5336 suscipiunt
2166 5266 2309 5333 quod

745 5389 823 5440 eis
874 5381 1186 5435 debebatur.
1236 5370 1503 5427 Discitnns
1544 5364 1706 5432 igitur
1740 5363 1880 5430 quod
1925 5362 2045 5413 licet
2092 5359 2308 5426 quidam

745 5473 1029 5531 facinerosi
1065 5471 1174 5523 sint
1237 5475 1289 5516 et
1336 5464 1385 5513 in
1433 5466 1726 5512 extremam
1782 5451 2117 5520 pii-rvcncrint
2155 5449 2311 5502 mali-

744 5570 895 5628 tiam,
941 5570 1316 5625 nonnunquam
1365 5563 1540 5603 tamen
1581 5561 1742 5599 unntn
1793 5543 2054 5612 quoddam
2098 5540 2178 5593 vel
2211 5541 2315 5591 tluo

748 5663 885 5713 luna
933 5668 1093 5723 opera
1149 5651 1393 5707 iaciunt;
1435 5642 1575 5694 umle
1629 5650 1678 5692 et
1708 5637 1806 5707 ipsi
1864 5636 2120 5688 habentes
2177 5636 2316 5687 bona

751 5751 1012 5816 quurdazn,
1054 5757 1170 5812 qme
1218 5741 1267 5791 in
1306 5733 1583 5805 pnescntis
1633 5733 1752 5783 vita:
1807 5729 2167 5798 prosperitate
2226 5742 2314 5778 ca-

756 5845 926 5903 niunt,
977 5849 1213 5904 recipere
1257 5830 1522 5884 dicuntur.
1557 5823 1816 5877 Similiter
1848 5832 2023 5875 autem
2057 5830 2109 5873 ct
2161 5819 2326 5871 Lazt~

2276 1784 2322 1844 Β
2351 1759 2572 1819 Τέκνον,
2606 1754 2914 1826 μνήσθητι,
2943 1754 3026 1806 ὅτι
3076 1749 3351 1811 ἀπέλαϐες
3387 1748 3452 1800 σὺ
3494 1745 3562 1799 τά
3610 1743 3793 1809 ἀγαθά
3836 1758 3927 1794 σου

2356 1855 2413 1906 ὲν
2445 1854 2510 1921 τῇ
2541 1851 2651 1920 ζωῇ
2685 1866 2802 1912 σου,
2828 1847 2925 1899 καὶ
2945 1844 3198 1914 Λάζαρος
3221 1839 3424 1911 ὁμοίως
3451 1838 3519 1891 τά
3544 1837 3713 1898 κακά,
3747 1833 3842 1885 νῦν
3876 1831 3932 1883 δὲ

2355 1943 2440 1998 ὅδε
2489 1940 2927 2011 παρακαλεῖται,
2964 1935 3029 1988 σὺ
3063 1929 3119 1987 δὲ
3167 1934 3448 1986 ὀδυνᾶσαι.
3501 1929 3612 1982 Καὶ
3660 1926 3755 1979 ἐπὶ
3801 1925 3935 1977 πᾶσι

2355 2035 2564 2097 τούτοις
2605 2035 2793 2103 χάσμα
2830 2031 2974 2102 μέγα
3021 2029 3345 2100 ἐστήρικται
3386 2022 3588 2094 μεταξὺ
3637 2018 3797 2088 ἡμῶν
3845 2017 3939 2068 καὶ

2359 2126 2534 2196 ὑμῶν,
2573 2126 2721 2188 ὅπως
2759 2126 2807 2177 οἱ
2861 2123 3106 2182 θέλοντες
3141 2117 3392 2186 διαϐῆναι
3427 2114 3579 2165 ἐνθεν
3613 2111 3754 2181 πρὸς
3794 2109 3938 2175 ὑμᾶς

2363 2217 2438 2288 μὴ
2491 2215 2775 2282 δύνωνται,
2833 2214 2968 2286 μηδὲ
3008 2216 3054 2266 ol
3105 2212 3313 2265 ἐκεῖθεν
3361 2209 3499 2280 πρὸς
3548 2207 3697 2276 ἡμᾶς
3745 2205 3937 2256 διαπε-

2363 2312 2550 2383 ρῶσιν.
2587 2330 2604 2363 ι
2644 2311 2857 2380 Ὥσπερ
2889 2309 2980 2363 τὸν
3018 2308 3192 2379 ’Λδάμ
3225 2308 3254 2360 ὁ
3284 2304 3490 2374 Κύριος
3520 2299 3803 2353 ἐκϐάλλων
3845 2295 3940 2348 τοῦ

2361 2403 2691 2476 παραδείσου
2717 2403 2976 2456 ἀπέναντι
3011 2400 3177 2454 αὑτοῦ
3207 2397 3534 2466 κατῴκισεν,
3566 2392 3653 2444 ἵνα
3685 2393 3751 2461 τῇ
3785 2405 3941 2441 συνε-

2363 2499 2446 2567 χεῖ
2471 2495 2591 2565 ὄψει
2625 2493 3022 2564 ἀνανεούμενον
3056 2491 3117 2545 τὸ
3145 2490 3318 2552 πάθος
3344 2482 3752 2555 ἀκριϐεστέραν
3793 2477 3944 2548 αὐτῷ

2365 2587 2621 2658 παράσχῃ
2650 2586 2748 2656 τὴν
2791 2583 3044 2654 αἴσθησιν
3076 2581 3175 2652 τῆς
3205 2579 3311 2631 τῶν
3342 2573 3562 2644 ἀγαθῶν
3591 2569 3943 2630 ἐκπτώσεως,

2363 2679 2506 2735 οὕτω
2530 2681 2622 2734 καὶ
2641 2678 2826 2732 τοῦτον
2851 2677 3140 2730 κατέναντι
3163 2671 3257 2725 τοῦ
3283 2668 3534 2738 Λαζάρου
3560 2663 3943 2722 κατεδίκασεν,

2367 2775 2432 2828 ἵν’
2461 2773 2602 2845 ὁρῶν
2631 2770 2793 2825 αὑτὸν
2821 2771 2876 2824 ὲν
2903 2768 3033 2831 οἵοις
3071 2766 3243 2831 ἐστὶν,
3273 2760 3596 2829 αἰσθάνηται
3625 2748 3700 2810 ὧν
3735 2754 3822 2807 διὰ
3854 2753 3949 2819 τὴν

2369 2843 2764 2934 ἀπανθρωπίαν
2815 2858 3172 2912 ὲκπέπτωκε.
3225 2851 3378 2906 Διατί
3413 2851 3469 2904 δὲ
3514 2849 3577 2902 οὐ
3633 2846 3764 2914 παρ’
3805 2843 3950 2910 ἄλλῳ

2368 2955 2476 3010 τινὶ
2497 2954 2607 3008 τῶν
2627 2951 2850 3006 δικαίων
2868 2990 2882 3016 ,
2930 2947 3046 3001 ἀλλ’
3083 2949 3140 3000 ὲν
3167 2945 3279 3006 τοῖς
3309 2942 3529 3003 κόλποις
3557 2936 3652 2992 τοῦ
3705 2935 3952 3004 ’Λϐραὰμ

2370 3048 2477 3106 εἶδε
2507 3051 2596 3104 τὸν
2630 3049 2899 3116 Λάζαρον,
2931 3044 3051 3096 ἐπεὶ
3083 3038 3357 3110 φιλόξενος
3387 3032 3454 3107 ἦν
3478 3037 3504 3088 ὁ
3533 3031 3805 3103 Ἀϐραάμ.
3855 3023 3950 3080 ἰγ’

2291 3152 2333 3211 C
2367 3149 2458 3202 οὖν
2483 3147 2703 3214 ἔλεγχος
2736 3141 2832 3210 τῆς
2863 3135 3176 3209 μισοξενίας
3202 3129 3367 3186 αὑτοῦ
3399 3129 3650 3198 γένηται,
3679 3124 3767 3178 διὰ
3795 3119 3952 3174 τοῦτο

2374 3241 2490 3311 μετ’
2541 3236 2748 3290 ἐκείνου
2801 3232 3010 3302 βλέπει.
3081 3227 3325 3285 Ἐκεῖνος
3383 3221 3478 3274 καὶ
3534 3220 3663 3279 τοὺς
3720 3215 3947 3285 παριόν-

2371 3307 2468 3394 τας
2515 3332 2594 3393 εἰς
2625 3329 2726 3397 τὴν
2772 3325 2948 3379 οἰκίαν
2983 3318 3131 3375 εἷλκε
3165 3318 3266 3389 τὴν
3306 3313 3524 3380 ἑαυτοῦ,
3567 3310 3731 3371 αὐτὸς
3769 3309 3822 3360 δὲ
3862 3307 3955 3358 καὶ

2371 3422 2461 3474 τὸν
2496 3420 2604 3473 ἔσω
2643 3396 2895 3485 κείμενον
2932 3410 3216 3482 παρεώρα.
3263 3406 3414 3458 Διατί
3449 3404 3506 3457 δὲ
3570 3401 3646 3471 μὴ
3684 3400 3817 3467 πρὸς
3858 3396 3958 3450 ’τὶν

2373 3515 2623 3582 Λάζαρον
2702 3508 2982 3563 ἀποτείνει
3071 3503 3162 3555 τὸν
3222 3499 3402 3568 λόγον,
3467 3496 3604 3550 ἀλλὰ
3679 3494 3815 3560 πρὸς
3869 3491 3959 3542 τὸν

2387 3601 2666 3674 ’Λὸραάμ;
2713 3597 3004 3669 ᾘσχύνετο
3039 3594 3168 3657 ἴσως
3203 3609 3215 3623 ’
3255 3588 3473 3660 ἐνόμιζε
3509 3588 3617 3657 γάρ
3657 3586 3820 3654 τυχὺν
3869 3583 3963 3635 καὶ

2381 3694 2736 3766 μνησικακεῖν
2767 3690 2856 3742 τὸν
2895 3688 3172 3756 Λάζαρον,
3225 3684 3328 3737 καὶ
3357 3685 3421 3736 ὲκ
3466 3681 3575 3733 τῶν
3609 3679 3733 3731 καθ’
3770 3676 3961 3730 ἑαυτὸν

2379 3788 2558 3858 ἔκρινε
2607 3785 2702 3838 καὶ
2747 3783 2814 3836 τά
2849 3779 2942 3833 τοῦ
2979 3779 3263 3849 Λαζάρου.
3313 3777 3374 3827 Εἰ
3406 3775 3516 3844 γὰρ
3545 3773 3655 3840 ἐγὼ
3698 3771 3964 3836 τοσαύτης

2383 3878 2674 3933 ἀπολαύων
2729 3874 3052 3945 εὐημερίας,
3107 3869 3415 3941 παρεώρων
3464 3867 3628 3920 αὑτὸν
3681 3863 3964 3922 τοσούτοις

2382 3973 2569 4033 κακοῖς
2623 3965 3148 4036 στενοχωρούμενον,
3203 3959 3297 4012 καὶ
3345 3959 3466 4011 οὐδὲ
3523 3956 3723 4026 ψιχίων
3759 3953 3966 4024 μετεδί-

2383 4065 2527 4127 δουν,
2561 4059 2738 4129 πολλῷ
2775 4059 2974 4127 μᾶλλον
3031 4054 3195 4116 αὐτὸς
3227 4055 3254 4104 ὁ
3294 4048 3738 4119 καταφρονηθεὶς
3775 4063 3964 4116 μνησι-

2385 4155 2638 4223 κακήσει,
2683 4151 2776 4204 καὶ
2827 4150 2926 4202 οὐκ
2969 4145 3246 4200 ἐπινεύσει
3287 4143 3473 4196 δοῦναι
3508 4143 3612 4212 τὴν
3645 4140 3841 4211 χάριν.
3878 4140 3968 4190 Διά

2384 4247 2540 4300 τοῦτο
2604 4243 2740 4314 πρὸς
2791 4241 2884 4294 τὸν
2955 4236 3212 4308 Ἀϐραὰμ
3269 4235 3504 4287 ποιεῖται
3556 4232 3689 4294 τοὺς
3754 4231 3967 4296 λόγους.

2399 4337 2644 4410 Ἐνόςιιζε
2684 4337 2793 4406 γὰρ
2844 4334 3059 4400 ἀγνοεῖν
3095 4330 3190 4382 τὸν
3240 4327 3590 4396 πατριάρχην
3637 4323 3707 4378 τὰ
3743 4338 3970 4392 γεγενη-

2395 4435 2546 4503 μένα.
2581 4431 2643 4483 Τί
2692 4425 2785 4481 οὖν
2824 4414 3074 4488 ἐκεῖνος;
3116 4423 3218 4474 οὐκ
3252 4417 3427 4472 εἶπεν·
3483 4416 3851 4485 Ἀπάνθρωπε
3885 4412 3973 4466 καὶ

2392 4525 2530 4594 (bus,
2579 4522 2676 4574 οὐκ
2727 4518 2998 4587 αἰσχύνῃ;
3056 4511 3468 4583 φιλανθρωπίας
3513 4508 3608 4563 νῦν
3661 4509 3971 4578 μέμνησαι;

2396 4615 2530 4667 ἀλλὰ
2566 4614 2680 4675 πῶς
2705 4631 2719 4678 ;
2748 4613 2968 4664 Τέκνον.
3005 4609 3149 4676 Ὅρα
3179 4604 3438 4672 συμπαθῆ
3457 4603 3549 4654 καὶ
3583 4599 3748 4667 ἁγίαν
3770 4601 3968 4669 ψυχήν·

2397 4707 2530 4774 φησὶ
2559 4706 2664 4773 γὰρ
2697 4702 2787 4754 καί
2818 4719 2897 4762 τις
2937 4698 3097 4766 σοφός
3118 4713 3130 4726 ’
3163 4695 3354 4766 Ψυχὴν
3394 4692 3874 4760 τεταπεινωμένην
3908 4693 3975 4758 μὴ

2399 4797 2802 4869 προσταράξῃς.
2849 4793 2946 4845 Διὰ
2977 4791 3138 4844 τοῦτο
3177 4790 3274 4842 καὶ
3319 4786 3502 4849 αὐτὸς,
3542 4785 3758 4849 τέκνον,
3797 4783 3976 4854 φησιν,

2401 4890 2767 4957 αἰνιττόμενος
2797 4887 2885 4939 διὰ
2909 4886 3124 4949 τούτου,
3158 4883 3239 4934 ὅτι
3268 4881 3396 4950 ἄχρι
3435 4878 3628 4932 τούτου
3662 4879 3811 4930 ἐστὶν
3835 4872 3977 4942 αὐτῷ

2405 4986 2437 5052 ἡ
2473 4982 2678 5046 ὲξουσίς
2734 4977 2825 5031 τοῦ
2882 4977 3146 5045 ὀνομάσαι
3192 4973 3354 5025 αὑτὸν
3390 4971 3561 5033 οὕτως
3613 4969 3838 5037 ἱλαρῶς,
3887 4983 3978 5018 πε·

2411 5075 2643 5146 ραιτέρω
2673 5073 2727 5123 ι;
2777 5069 2988 5130 οὐδενὸς
3035 5065 3358 5129 ἐξουσιάζει.
3395 5054 3469 5115 Οὗ
3524 5061 3633 5130 ἔχω
3673 5059 3862 5112 τούτου
3905 5073 3977 5107 σοι

2412 5166 2763 5236 μεταδίδωμι,
2799 5157 3120 5230 συμπαθοῦς
3153 5157 3357 5226 φωνῆς,
3403 5155 3464 5207 τὸ
3506 5153 3562 5206 δὲ
3588 5151 3840 5204 ἐντεῦθεν
3875 5149 3981 5200 ἐκεῖ

2414 5258 2760 5331 μεταϐαίνειν
2804 5255 2900 5320 οὐχ
2935 5252 3224 5322 ἡμέτερον·
3259 5247 3515 5316 ἐκλείσθη
3555 5245 3666 5314 γὰρ
3697 5243 3765 5296 τὰ
3795 5243 3978 5296 πάντα.

2410 5351 2516 5406 Καὶ
2550 5355 2612 5405 σὺ
2651 5351 2748 5419 μὲν
2782 5345 3054 5407 ἀπέλαϐες
3098 5342 3168 5394 τὰ
3206 5341 3388 5409 ἀγαθὰ
3444 5357 3561 5401 σου,
3596 5340 3808 5399 ἐκεῖνος
3839 5335 3890 5387 δὲ
3923 5334 3980 5383 τὰ

2414 5442 2578 5496 κακά.
2621 5440 2777 5500 Τίνος
2829 5437 2885 5487 δὲ
2946 5436 3134 5485 ἕνεκεν
3183 5432 3284 5483 οὑκ
3339 5426 3512 5495 εἶπεν,
3548 5426 3805 5490 Ἕλαϐες,
3855 5421 3979 5480 ἀλλ’.

2428 5533 2759 5596 ’Λπέλαϐες;
2793 5531 2866 5581 Τὸ
2904 5527 3012 5596 γὰρ
3048 5525 3346 5578 ἀπολαϐεῖν
3376 5525 3468 5574 ἐπὶ
3511 5521 3619 5573 τῶν
3666 5518 3982 5586 ὑποδεχομέ-

2418 5646 2521 5681 νων
2562 5627 2702 5694 ἆπερ
2732 5619 3158 5691 ὲχρεωστοῦντο,
3204 5617 3382 5683 λέγειν
3439 5613 3732 5683 εἰώθαμεν.
3791 5611 3855 5662 Ti
3903 5605 3982 5658 οὖν

2425 5721 2800 5792 μανθάνομεν;
2838 5716 2960 5765 Ὀτι
2993 5712 3095 5764 κᾶν
3140 5709 3325 5779 μιαροί
3385 5724 3525 5768 τινες
3576 5701 3708 5766 εἷεν,
3767 5703 3870 5755 κᾶν
3918 5699 3990 5758 είς
4029 5725 4037 5742 ι

2420 5820 2641 5882 ἔσχατον
2690 5803 2887 5864 κακίας
2935 5799 3262 5871 ἐληλακότες
3291 5839 3305 5863 ,

3371 5795 3635 5856 πολλάκις
3693 5795 3752 5844 ’ἐν
3805 5809 3854 5843 τι
3907 5805 3993 5840 και
4074 5813 4075 5856 3
