4100 6334
206 391 315 454 ε”ῙἹ

1007 393 1459 457 ENAltllA'l‘lO
1509 395 1587 454 IN
1633 393 2138 456 EVANGELIUM
2175 391 2412 455 LUCE.
2441 419 2506 427 -··
2538 391 2697 452 CAP.
2738 387 2889 450 XVI.

3399 384 3504 445 973

206 508 307 559 Eoo
347 508 674 576 εἰργάσαντο
704 506 907 577 ἀγαθά.
941 507 1110 560 Ὅθεν
1160 507 1255 561 καὶ
1302 505 1466 568 αὐτὸς
1520 504 1660 574 ἔχων
1691 503 1811 557 τινὰ

1940 521 2013 559 ἰιε
2048 503 2206 557 mala.
2243 501 2518 558 Fortassis
2549 499 2695 556 enim
2728 508 2780 553 et
2813 497 2902 551 ille
2929 509 3096 551 unum
3127 495 3208 550 vel
3239 496 3346 550 duo
3379 496 3519 547 mala

207 599 397 667 ἀγαθὰ
421 601 510 654 διὰ
538 602 638 670 τῆς
673 602 730 654 ὲν
774 600 912 671 τῷδε
939 600 1017 669 τῷ
1050 599 1150 668 βίῳ
1181 597 1486 668 εὐημερίας
1519 597 1618 668 τὴν
1647 597 1808 667 ἀμοι-

211 692 319 763 ϐὴν
359 694 678 761 δεξάμενος,
737 692 1036 746 ἀπολαϐεῖν
1085 689 1261 744 ταῦτα
1310 691 1552 758 λέγεται’
1609 690 1812 758 ὁμοίως

207 785 266 837 δὲ
307 786 400 837 καὶ
427 787 455 836 6
486 786 738 856 Λάζαρος
769 787 836 839 τὰ
873 785 1043 841 κακά.
1086 785 1248 847 Ἴσως
1281 784 1390 854 γὰρ
1429 783 1526 835 καὶ⁵
1557 775 1714 845 οὗτος
1755 783 1812 834 ἓν

209 879 242 947 ἢ
277 878 369 930 δύο
403 878 698 947 εἰργάσατο
731 881 899 937 κακὰ,
935 879 1030 931 καὶ
1076 877 1165 930 διὰ
1204 877 1304 944 τῆς
1356 875 1571 948 ὀδύνης,
1627 870 1695 946 ἦς
1727 876 1812 928 ὲν-

207 969 389 1023 ταῦοα
420 970 736 1040 ὑπέμεινεν,
783 971 1026 1024 ἀπέλαϐε
1077 971 1175 1040 τὴν
1226 969 1382 1035 ἀξίαν
1418 968 1658 1039 ἀμοιϐὴν
1691 968 1810 1021 τούο

207 1079 340 1116 των.
369 1063 460 1116 Διὸ
491 1066 889 1133 παρακαλεῖται
921 1065 1018 1136 μὲν
1045 1057 1226 1129 οὗτος,
1259 1063 1512 1118 ὀδυνᾶσαι
1541 1063 1595 1116 δὲ
1621 1061 1705 1116 σύ.
1741 1062 1814 1116 Τὸ

207 1155 269 1206 δὲ
320 1155 508 1226 χάσμα
551 1158 703 1223 δηλοῖ
732 1157 830 1229 τὴν
875 1159 986 1210 τῶν
1025 1158 1253 1211 δικαίων
1290 1156 1425 1227 πρὸς
1460 1157 1590 1220 τοὺς
1623 1156 1811 1226 ἁμαρ-

207 1246 415 1309 τωλοὺς
441 1247 723 1301 διάστασιν
784 1251 876 1302 καὶ
906 1249 1196 1317 διαφοράν.
1241 1249 1456 1319 Ὥσπερ
1483 1247 1592 1318 γὰρ
1623 1239 1717 1301 καὶ
1758 1247 1812 1299 αἱ

208 1339 564 1408 προαιρέσεις
621 1341 802 1395 αὐτῶν
864 1343 1117 1412 διάφοροι
1167 1337 1332 1412 ἦσαν,
1389 1341 1533 1395 οὕτω
1595 1341 1692 1394 καὶ
1758 1340 1814 1394 αἱ

214 1427 384 1494 μοναὶ
427 1428 630 1499 πολλὴν
659 1432 760 1500 τὴν
811 1431 1119 1486 ἀπόστασιν
1171 1432 1411 1502 ἔχουσιν,
1469 1431 1705 1484 ἑκάστου
1748 1431 1818 1486 τὰ

212 1516 530 1588 κατάλληλα
575 1523 639 1590 τῇ
697 1521 1018 1592 προαιρέσει
1085 1523 1181 1577 καὶ
1230 1524 1307 1594 τῷ
1355 1523 1456 1593 βίῳ
1492 1521 1815 1592 ἀπολαμϐά-

211 1624 421 1671 νοντος.
454 1611 767 1680 Σημεεωσαι
790 1614 846 1665 δὲ
875 1614 1128 1667 ἐντεῦθεν
1173 1615 1421 1687 πόρισμα
1449 1633 1501 1668 τι
1529 1614 1672 1670 κατὰ
1706 1614 1815 1668 τῶν

224 1699 649 1772 Ὡριγενιαστῶν
679 1707 970 1774 λεγόντων,
1010 1709 1094 1762 ὅτι
1125 1709 1276 1774 τέλος
1314 1709 1547 1780 ἐχούσης
1579 1710 1678 1780 τῆς
1719 1727 1814 1762 κο-

209 1793 429 1859 λάσεως
460 1795 612 1850 ἔσται
646 1800 859 1868 καιρὸς,
885 1801 974 1854 δτε
1017 1802 1066 1854 οἱ
1099 1803 1417 1873 ἁμαρτωλοὶ
1447 1803 1815 1873 ἑνωθήσονται

209 1890 326 1950 τοῖς
361 1889 610 1955 δικαίοις,
665 1894 758 1947 καὶ
806 1893 886 1964 τῷ
920 1895 1062 1965 Θεῷ,
1106 1897 1201 1948 καὶ
1244 1896 1418 1958 οὕτως
1454 1897 1526 1950 τὰ
1555 1897 1733 1950 πάντα
1765 1898 1820 1950 ἐν
1853 1877 1897 1937 Β

211 1983 350 2034 πᾶσι
409 1983 638 2053 γένηται
695 1989 723 2039 6
782 1988 938 2050 Θεός.
1023 1988 1156 2041 Ἰδοὺ
1224 1991 1333 2058 γάρ
1384 1987 1662 2058 ἀκούομεν
1724 1986 1818 2043 τοῦ

226 2073 486 2144 ’Λϐραάμ
535 2075 805 2143 λέγοντος,
840 2078 991 2142 ὅπως
1033 2081 1082 2132 οἱ
1136 2079 1455 2151 βουλόμενοι
1490 2079 1817 2152 ἔνθενπρὸς

214 2167 386 2236 ὑμεῖς,
425 2170 457 2239 ἢ
496 2170 709 2224 ὲκεῖοεν
741 2171 998 2243 διαϐῆναι
1031 2176 1170 2245 πρὸς
1223 2176 1370 2244 ἡμᾶς
1408 2175 1485 2244 μὴ
1531 2173 1818 2230 δύνωνται.

216 2259 436 2331 Ὠσπερ
478 2259 572 2315 οὖν
615 2263 878 2318 ἀδύνατον
931 2269 996 2320 ὲκ
1043 2267 1143 2337 τῆς
1189 2268 1400 2338 λήξεως
1449 2267 1558 2320 τῶν
1596 2268 1822 2322 δικαίων

214 2353 526 2425 μεταϐῆναι
551 2374 674 2410 τινα
701 2360 780 2422 εἰς
803 2359 893 2412 τὸν
923 2361 1085 2414 τόπον
1109 2362 1216 2414 τῶν
1250 2361 1619 2433 ἁμαρτωλῶν,
1648 2361 1820 2426 οὕτως

214 2444 506 2512 ἀδύνατον,
546 2450 692 2517 ἡμᾶς
722 2450 967 2504 διδάσκει
1013 2453 1290 2524 Ἀϐραὰμ,
1323 2453 1385 2506 τὸ
1419 2453 1725 2525 μεταϐῆναι
1760 2455 1824 2508 ὲκ

214 2537 312 2590 τοῦ
339 2538 506 2592 τόπου
535 2540 632 2610 τῆς
669 2542 949 2607 κολάσεως
993 2545 1071 2608 εἰς
1107 2545 1198 2599 τὸν
1226 2546 1393 2601 τόπον
1427 2547 1537 2601 τῶν
1574 2547 1819 2602 δικαίων.

229 2627 491 2702 Ἀϐραὰμ
543 2632 598 2684 δὲ
645 2634 1100 2708 ἀξιοπιστότερος
1147 2640 1321 2710 δήπου
1387 2641 1720 2713 Ὠριγένους.
1759 2642 1824 2693 τι

215 2722 276 2775 δὲ
318 2727 345 2776 6
392 2724 564 2795 ᾇδης;
603 2727 666 2779 Ol
705 2729 805 2798 μὲν
839 2730 1002 2784 αὐτόν
1031 2749 1162 2801 φασι
1194 2733 1372 2805 χῶρον
1405 2734 1666 2798 ὑπόγειον
1699 2751 1824 2789 σκο-

215 2813 424 2876 τεινὸν,
462 2817 512 2867 οἱ
546 2816 603 2869 δὲ
637 2819 736 2888 τὴν
779 2821 888 2874 ἀπὸ
917 2820 1013 2874 τοῦ
1064 2822 1346 2893 ἐμφανοῦς
1380 2826 1462 2888 εἰς
1511 2825 1569 2878 τὸ
1618 2826 1824 2894 ἀφανὲς

216 2907 320 2959 καὶ
344 2907 519 2972 ἀειδὲς
545 2912 880 2980 μετάστασιν
902 2916 1004 2986 τῆς
1027 2915 1206 2988 ψυχῆς
1234 2919 1369 2989 ᾅδην
1397 2918 1629 2988 ἔφασαν.
1661 2919 1825 2989 Ἀχρι

221 3000 328 3072 μὲν
359 3003 467 3074 γὰρ
500 3005 558 3057 ὲν
593 3005 809 3076 σώματί
837 3010 984 3063 ἐστιν
1021 3013 1052 3080 ἡ
1098 3012 1270 3081 ψυχὴ,
1304 3013 1561 3080 φαίνεται
1594 3012 1684 3066 διὰ
1719 3013 1826 3067 τῶν

218 3097 443 3150 οἶκείων
474 3101 787 3171 ἐνεργειῶν,
839 3107 1158 3174 μεταστᾶσα
1186 3105 1241 3157 δὲ
1278 3105 1372 3159 τοῦ
1425 3105 1680 3178 σώματος
1713 3107 1828 3161 ἀειο

217 3189 321 3260 δὴς
374 3191 582 3258 γίνεται
615 3209 630 3224 ο
667 3193 827 3246 τοῦτο
876 3195 1010 3264 γοῦν
1070 3197 1281 3266 ἔφασαν
1331 3194 1474 3253 εἶναι
1521 3199 1615 3254 τὸν
1669 3199 1824 3271 ᾅδην.

221 3283 476 3346 Κόλπους
525 3285 581 3337 δὲ
643 3286 920 3360 Ἁϐραάμ,
982 3292 1081 3362 τὴν
1129 3291 1396 3363 περιοχὴν
1451 3293 1562 3349 τῶν
1605 3293 1830 3362 ἀγαυῶν

219 3376 336 3429 τῶν
370 3379 756 3450 ἀποκειμένων
805 3386 918 3447 τοῖς
951 3384 1206 3451 δικαίοις,
1258 3389 1368 3450 τοῖς
1412 3387 1521 3440 ἀπὸ
1552 3386 1721 3460 ζάλης
1753 3389 1832 3452 εἰς

219 3468 454 3536 λιμένας
481 3477 890 3545 καταντήσασιν
946 3478 1257 3548 οὐρανίους.
1306 3479 1463 3532 Ἐπεὶ
1497 3482 1593 3534 καὶ
1642 3483 1700 3534 ὲν
1733 3483 1834 3536 Θα-

221 3561 405 3634 λάσσῃ
442 3566 676 3630 κόλπους
730 3568 1001 3639 εἰώθαμεν
1052 3571 1243 3624 καλεῖν
1293 3571 1422 3637 τοὺς
1475 3572 1835 3642 λιμενοειδεῖς

1915 597 2301 662 commiserat,
2333 605 2388 650 et
2426 604 2714 667 propterea
2747 592 2992 647 dolorem
3027 590 3177 644 illum
3214 590 3521 648 sustinens.

1916 693 2133 760 dignam
2179 689 2340 744 factis
2376 689 2686 744 mercedem
2741 686 2966 756 recepit.
3012 684 3164 740 Unde
3193 684 3522 738 consolatio--

1919 805 2040 843 nem
2079 790 2240 844 habet
2278 789 2388 853 ille,
2445 798 2498 841 tu
2537 802 2664 841 vero
2699 785 2990 842 cruciaris.
3031 783 3203 839 Porro
3232 782 3417 838 hiatus
3453 783 3523 837 si-I

1917 884 2139 954 gnificat
2170 881 2487 936 distantiam
2517 891 2573 934 et
2607 878 2972 935 differentiam
3009 877 3282 947 justorum
3311 885 3366 929 et
3395 891 3523 942 pce-

1917 984 2184 1030 catorum.
2220 974 2352 1029 Nam
2388 974 2531 1028 sicut
2574 973 2884 1026 voluntates
2914 985 3103 1025 eorum
3148 969 3374 1022 diversa:
3411 966 3526 1021 fue-

1918 1076 2064 1132 runt,
2118 1068 2190 1120 ita
2241 1077 2297 1121 et
2346 1067 2662 1120 mansiones
2718 1069 2949 1118 multum
3005 1063 3148 1116 inter
3196 1074 3255 1114 se
3297 1060 3525 1122 distant,

1919 1173 2250 1228 unoquoque
2293 1159 2591 1227 recipiente
2620 1172 2684 1212 ea
2719 1172 2840 1226 qtue
2868 1155 2992 1208 vitae
3019 1164 3072 1208 et
3114 1153 3381 1206 voluntati
3415 1168 3526 1207 sua:

1918 1262 2243 1322 congruunt.
2278 1250 2519 1306 Observa
2554 1260 2736 1304 autent
2779 1249 2884 1304 hoc
2908 1247 3029 1303 loco
3058 1256 3247 1301 contra
3277 1245 3528 1314 Origeni-

1920 1354 2032 1401 stas
2063 1345 2310 1402 dicentes
2341 1344 2484 1415 quod
2522 1354 2739 1414 tempus
2764 1342 2872 1396 erit
2899 1356 3008 1411 quo
3037 1341 3302 1396 finientur
3329 1338 3530 1407 impio-

1923 1455 2042 1495 rum
2075 1439 2363 1510 supplicia,
2396 1446 2450 1492 et
2476 1445 2798 1506 peccatores
2828 1451 2951 1492 cum
2993 1434 3159 1502 justis
3197 1418 3534 1505 conjungenv

1923 1541 2031 1598 tur,
2065 1542 2118 1586 et
2143 1533 2224 1588 sic
2255 1531 2439 1587 omnia
2488 1532 2542 1584 in
2579 1529 2834 1584 omnibus
2863 1529 2968 1583 erit
3002 1529 3166 1580 Deus.
3205 1524 3344 1578 Ecce
3385 1524 3531 1578 enim

1923 1625 2178 1680 audimus
2202 1623 2478 1678 Abraham
2509 1621 2778 1678 dicentem
2811 1621 2954 1689 quod
2991 1617 3042 1673 hi
3071 1618 3160 1686 qui
3190 1617 3376 1671 volunt
3408 1615 3533 1668 hinc

1922 1721 1988 1773 ad
2022 1735 2138 1782 vos,
2162 1717 2246 1773 vel
2276 1717 2425 1771 illinc
2457 1717 2522 1769 ad
2557 1729 2653 1770 nos
2687 1715 2943 1778 transire,
2983 1729 3089 1766 non
3143 1712 3374 1782 possint.
3414 1709 3536 1763 Sie-

1925 1818 1982 1863 ut
2034 1811 2199 1880 igitur
2267 1807 2607 1879 impossibile
2656 1816 2746 1860 est
2800 1821 2865 1860 ex
2927 1805 3213 1859 mansione
3259 1805 3535 1874 justorum

1927 1902 2239 1972 quempiam
2278 1900 2516 1954 transire
2559 1900 2610 1952 in
2649 1899 2826 1954 locum
2864 1905 3213 1968 peccaturum
3254 1935 3268 1959 ,
3312 1898 3385 1950 ita
3437 1896 3538 1948 itu-

1925 1994 2184 2065 possibile
2205 2003 2307 2056 cst,
2345 2003 2404 2046 ut
2429 2007 2526 2046 nos
2548 1991 2712 2047 docet
2744 1990 3046 2049 Abraham,
3084 1989 3323 2042 transire
3356 2006 3383 2040 ιι
3418 1988 3540 2040 loro

1925 2101 2102 2156 poma:
2135 2086 2186 2139 in
2240 2085 2419 2139 locum
2461 2082 2758 2152 justorum.
2811 2080 3088 2135 Abraham
3140 2096 3272 2134 sane
3317 2080 3421 2134 fide
3459 2081 3540 2131 di-

1928 2182 2088 2244 gnior
2149 2186 2255 2242 est,
2315 2191 2479 2246 quam
2521 2174 2805 2244 Origines.
2866 2174 3004 2240 Quid
3069 2183 3252 2228 autem
3313 2186 3396 2227 est
3462 2175 3543 2226 in-

1926 2271 2152 2325 fernus?
2196 2269 2428 2336 Quidam
2482 2271 2676 2323 dicunt
2721 2284 2840 2323 esse
2894 2267 3068 2321 loettm
3117 2268 3539 2322 subterraneum

1930 2365 2306 2420 tenebrosum.
2360 2362 2466 2416 Alii
2529 2371 2709 2416 autem
2765 2361 3057 2414 transitum
3107 2361 3303 2413 anitum
3362 2376 3391 2412 a
3459 2359 3539 2412 lu-

1929 2456 2054 2512 cido
2131 2456 2183 2512 in
2245 2458 2545 2534 obscurum
2600 2465 2652 2510 et
2743 2454 3092 2508 tenebrosum
3185 2454 3373 2507 dicunt
3461 2453 3544 2506 itt-

1929 2551 2164 2606 l‘ernum.
2245 2539 2523 2616 Quandiu'
2569 2548 2738 2621 420
2811 2548 2956 2602 cnim
3038 2547 3088 2599 in
3161 2561 3394 2615 corpore
3461 2557 3543 2599 cst

1930 2643 2136 2707 anima,
2200 2653 2425 2712 apparet
2479 2651 2701 2709 propter
2732 2639 3085 2708 operationcs
3132 2651 3262 2692 suas
3308 2654 3320 2688 :
3389 2642 3542 2704 post-

1931 2749 2094 2805 quam
2133 2746 2314 2788 autem
2348 2749 2375 2786 a
2424 2747 2656 2799 corpore
2689 2731 3068 2800 emigraverit,
3117 2728 3410 2783 invisibilis
3465 2729 3543 2780 lit.

1932 2827 2046 2883 lloc
2088 2828 2256 2898 igitur
2311 2826 2572 2882 dixerunt
2622 2841 2748 2881 esse
2803 2823 3102 2880 infernum.
3159 2823 3325 2879 Sinus
3361 2829 3542 2875 autem

1930 2919 2164 2974 Abraltm
2195 2929 2390 2974 vocant
2421 2918 2818 2974 continentiam
2856 2920 3122 2972 honorum
3151 2931 3273 2985 qua:
3305 2917 3544 2984 reposita

1932 3019 2058 3065 sunt
2099 3010 2285 3082 justis,
2327 3010 2420 3080 qui
2475 3026 2502 3063 a
2552 3018 2877 3080 tempestate
2925 3009 3088 3078 hujus
3135 3008 3305 3062 maris
3361 3008 3546 3077 ingrc-

1932 3106 2162 3160 diuntur
2201 3106 2255 3160 in
2290 3113 2478 3174 portus
2517 3103 2773 3158 ewlestes
2826 3120 2838 3158 :
2880 3103 3143 3172 quoniam
3197 3111 3252 3156 et
3302 3101 3355 3156 in
3411 3117 3544 3154 mar.

1936 3198 2088 3254 sinus
2121 3196 2459 3268 appellamus
2493 3195 2609 3251 loca
2663 3195 2932 3265 portubus
2970 3203 3025 3249 et
3063 3194 3233 3264 quieti
3269 3206 3419 3263 apta.
3457 3194 3552 3246 At-

1944 3289 2104 3346 tende
2150 3290 2240 3344 ltic
2271 3292 2414 3360 quod
2451 3290 2505 3343 in
2540 3289 2626 3344 die
2655 3288 2744 3343 iilo
2771 3287 2863 3358 qui
2901 3287 3065 3348 alium
3111 3283 3308 3356 injuria
3346 3286 3550 3348 affecit.

1945 3384 2152 3438 videbit
2195 3383 2396 3453 injuria
2439 3382 2696 3438 allectum
2737 3382 2792 3436 in
2845 3381 2990 3448 quali
3025 3381 3196 3450 gloria
3246 3382 3338 3446 sit,
3373 3393 3430 3436 et
3467 3381 3554 3436 hic

1950 3477 2147 3532 iterum
2177 3475 2330 3530 illum
2375 3477 2426 3530 in
2472 3485 2675 3546 quanta
2713 3474 3175 3531 condemnatiouc
3225 3492 3238 3530 :
3275 3476 3421 3531 sicut
3455 3475 3556 3529 hoc

1950 3574 2070 3629 loco
2103 3573 2252 3629 dives
2283 3569 2581 3634 Lazarum,
2622 3581 2677 3624 et
2709 3569 2954 3622 Lazarus
2986 3569 3235 3624 divitem.

224 3657 323 3710 καὶ
352 3659 804 3731 ἀναπαυτηρίους
835 3666 1056 3726 τύπους.
1086 3665 1405 3735 Σημείωσαι
1438 3667 1494 3720 δὲ
1519 3668 1617 3720 καὶ
1677 3667 1859 3734 τοῦτο,
1901 3669 1985 3722 ὅτι
2023 3668 2081 3721 ὲν
2116 3669 2183 3736 τῇ
2227 3665 2414 3737 ἡμέρα
2455 3665 2643 3735 ἐκείνῃ
2699 3664 2727 3715 6
2813 3663 3020 3717 ἀδικῶν
3060 3663 3149 3716 τὸν
3192 3664 3560 3736 ἀδικούμενον

221 3751 438 3818 δέδεται,
474 3755 531 3806 ὲν
566 3756 697 3826 ποίᾳ
739 3757 868 3828 δόξῃ
902 3759 1042 3825 ἐστὶ,
1083 3762 1178 3812 καὶ
1221 3753 1375 3824 οὗτος
1406 3757 1475 3815 αὖ
1529 3761 1739 3817 ἐκεῖνον
1806 3765 1865 3818 ἐν
1939 3763 2073 3833 ποία
2124 3761 2478 3831 κατακρίσει,
2531 3754 2724 3831 ὥδθτερ
2779 3757 3016 3812 ἐνταῦθα
3063 3760 3090 3810 6
3146 3759 3408 3822 πλούσιος
3461 3761 3554 3814 τὸν

225 3847 504 3917 Λάζαρον,
539 3849 634 3902 καὶ
659 3846 813 3914 οὗτος
847 3854 1010 3908 πάλιν
1047 3855 1136 3908 τὸν
1166 3856 1447 3912 πλούσιον.

308 3959 327 3992 ι
361 3938 530 3994 Ἐῐπε
558 3942 614 3995 δέ
644 3961 656 3973 ·
697 3945 923 4015 Ἐρωτῶ
955 3946 1054 4001 οὖν
1107 3965 1189 4016 σε,
1224 3951 1425 4022 πάτερ,
1472 3953 1562 4008 ἵνα.
1615 3953 1840 4026 πέμψῃς

224 4031 392 4085 αὐτὸν
432 4035 512 4096 εἰς
547 4033 636 4088 τὸν
664 4033 814 4090 οἷκον
840 4039 934 4090 τοῦ
972 4042 1180 4112 πατρός
1216 4059 1340 4112 μου·
1377 4043 1488 4114 ἔχω
1520 4045 1630 4116 γὰρ
1680 4046 1839 4100 πέντε

227 4124 518 4193 ἀδελφοὺς,
560 4127 708 4192 ὅπως
739 4130 1190 4206 διαμαρτύρηται
1225 4137 1432 4202 αὐτοῖς,
1470 4138 1560 4192 ἵνα.
1613 4139 1690 4210 μὴ
1745 4143 1839 4193 καὶ

228 4215 389 4268 αὐτοὶ
427 4216 656 4271 ἔλθωσιν
717 4223 796 4285 εἰς
840 4222 930 4278 τὸν
972 4225 1138 4279 τόπον
1186 4228 1378 4280 τοῦτον
1431 4233 1528 4300 τῆς
1578 4230 1841 4300 βασάνου.

229 4308 397 4375 Λέγει
426 4310 576 4382 αὐτῷ
619 4313 888 4386 Ἀϐραάμο
923 4316 1151 4386 Ἔχουσι
1187 4320 1391 4374 Μωσέα
1429 4322 1526 4378 καὶ
1551 4325 1675 4387 τοὺς
1707 4342 1841 4398 προ-

230 4403 434 4468 φήτας,
498 4404 889 4462 ἀκουσάτωσαν
942 4411 1146 4469 αὐτῶν.
1211 4413 1270 4466 '0
1321 4414 1377 4467 δὲ
1430 4411 1605 4469 εἶπεν·
1668 4420 1837 4490 Οὐχὶ,

231 4493 414 4564 πάτερ
481 4497 754 4570 ¹Λϐραὰμ.,
805 4503 921 4556 ἀλλ’
969 4505 1065 4558 ἐάν
1113 4524 1196 4571 τις
1243 4509 1307 4562 ὲκ
1345 4511 1560 4581 νεκρῶν
1593 4515 1836 4586 πορευθῇ

2026 3951 2188 4007 Vens.
2226 3949 2421 4003 27-51.
2464 3967 2481 3999 ι
2521 3949 2611 4003 Ait
2648 3956 2830 4003 autem
2869 3968 2882 4002 :
2919 3949 3069 4019 Rogo
3104 3963 3232 4017 ergo
3266 3956 3338 4011 te,
3390 3957 3565 4017 pater,

1952 4059 2009 4103 ut
2042 4049 2228 4102 mittas
2279 4061 2404 4100 cum
2437 4045 2488 4100 in
2530 4045 2751 4100 domum
2787 4046 2958 4115 patris
3009 4045 3113 4099 tnei
3160 4064 3169 4097 :
3214 4043 3386 4097 habeo
3419 4043 3563 4095 enim

1951 4145 2198 4211 quinth
2229 4139 2428 4194 fratres
2462 4157 2473 4192 :
2503 4148 2561 4193 ut
2592 4147 2824 4194 testctur
2859 4140 2991 4204 illis,
3028 4154 3094 4192 ne
3123 4148 3178 4193 ct
3210 4137 3311 4208 ipsi
3343 4136 3566 4192 veniant

1952 4235 2004 4288 in
2033 4237 2176 4288 lnmc
2212 4233 2390 4288 locum
2425 4230 2721 4287 cruciatus.
2762 4233 2850 4286 Ait
2877 4231 2953 4285 illi
2999 4231 3276 4285 Abraham
3307 4249 3320 4284 :
3355 4231 3565 4284 llahent

1953 4329 2142 4385 Mosen
2208 4344 2272 4384 ac
2324 4329 2640 4398 prophetas,
2675 4329 2900 4382 audiant
2951 4329 3093 4383 illos.
3149 4327 3336 4382 Atille
3378 4327 3564 4381 dixit:

1950 4422 2090 4486 Non,
2117 4431 2276 4492 pater
2308 4421 2611 4486 Abraham,
2655 4421 2750 4476 sed
2807 4421 2850 4476 si
2889 4421 3014 4489 quis
3055 4435 3118 4475 ex
3161 4421 3393 4473 mortuis
3443 4419 3560 4472 ierit

1950 4518 2016 4572 ad
2065 4531 2182 4583 eos,
2229 4516 2574 4586 resipiscent.
2635 4516 2726 4568 Ait
2759 4524 2942 4568 autem
2987 4513 3061 4568 illi
3117 4531 3129 4566 :
3185 4514 3240 4567 Si
3287 4513 3471 4568 Mosen
3514 4525 3567 4567 et

232 4589 374 4658 πρὸς
426 4592 645 4656 αὖτοὺς,
716 4601 1167 4668 μετανοήσουσιν.
1230 4598 1366 4655 Εἷπε
1425 4604 1482 4656 δὲ
1542 4606 1713 4678 αὐτῷ·
1769 4608 1830 4660 ΕΞ

1947 4611 2242 4680 prophetas
2287 4625 2394 4664 non
2435 4609 2684 4674 audiunt,
2739 4624 2914 4676 neque
2953 4608 2999 4661 si
3051 4607 3176 4676 quis
3219 4621 3282 4661 ex
3329 4610 3567 4662 mortuis

233 4683 484 4748 Μωσέως
535 4688 631 4739 καὶ
693 4691 804 4743 τῶν
852 4694 1152 4762 προφητῶν
1209 4697 1311 4749 οὐκ
1363 4697 1682 4765 ἀκούουσιν,
1721 4702 1843 4755 οὐδὲ

235 4777 336 4829 ἐάν
367 4794 451 4841 τις
501 4781 566 4832 ὲκ
599 4782 817 4852 νεκρῶν
859 4785 1090 4857 ἀναστῇ,
1137 4791 1552 4861 πεισθήσονται.
1607 4811 1625 4845 ι
1683 4796 1844 4848 Ἀπο-

234 4869 424 4938 τυχὼν
467 4873 575 4924 τῶν
625 4875 747 4927 καθ’
780 4878 971 4931 ἑαυτὸν
1013 4881 1042 4931 6
1086 4881 1320 4945 ἐλεεινὸς
1361 4884 1645 4950 πλούσιος,
1699 4889 1844 4958 ὑπὲρ

239 4964 450 5034 ἐτέρων
495 4967 678 5037 τίθησι
718 4969 818 5040 τὴν
870 4972 1176 5044 ἱκετηρίαν.
1233 4977 1378 5048 Ὅρα
1429 4980 1546 5043 πῶς
1595 4981 1700 5034 ὑπὸ
1747 4983 1845 5053 τῆς

237 5059 518 5121 κολάσεως
563 5060 642 5124 εἰς
678 5063 1034 5134 συναίσθησιν
1081 5063 1237 5138 ἦλΟε,
1269 5071 1362 5122 καὶ
1400 5073 1428 5124 ὁ
1457 5071 1552 5125 τοῦ
1585 5074 1845 5146 Λαζάρου

237 5149 375 5218 πρὶν
419 5155 785 5222 καταφρονῶν
847 5159 906 5210 ὲν
967 5159 1096 5211 ποσὶ
1152 5165 1434 5232 κειμένου,
1493 5165 1588 5219 νῦν
1644 5167 1847 5239 ἐτέρων

237 5244 492 5298 ἀπόντων
520 5250 817 5317 φροντίζει,
835 5252 929 5305 καὶ
957 5257 1272 5323 παρακοιλεί
1293 5259 1612 5330 πεμφθῆναι
1633 5262 1722 5314 τὸν
1742 5263 1850 5316 Λά-

239 5338 411 5408 ζαρον
442 5342 506 5394 ἐκ
534 5343 639 5396 τῶν
657 5347 866 5416 νεκρῶν
886 5349 965 5411 εἰς
992 5351 1083 5403 τὸν
1099 5347 1248 5404 οἶκον
1278 5355 1372 5406 τοῦ
1411 5357 1620 5427 πατρὸς
1657 5357 1844 5410 αὐτοῦ.

239 5431 358 5485 Καὶ
394 5433 492 5505 ούχ
519 5437 708 5500 ἁπλῶς
737 5439 835 5492 ἕνα
868 5441 976 5493 τῶν
1003 5446 1240 5514 νεκρῶν,
1269 5447 1408 5502 ἀλλὰ
1452 5448 1544 5502 τὸν
1576 5449 1848 5520 Λάζαρον.

236 5526 394 5590 ὅπως
445 5527 632 5582 ῑδωσιν
674 5531 836 5584 αὑτὸν
885 5538 1304 5603 στεφανωθέντα
1349 5543 1437 5594 καὶ
1487 5542 1544 5593 ἐν
1576 5542 1704 5613 δόξῃ
1759 5544 1852 5595 καὶ

241 5617 424 5688 ὑγεία.
446 5621 493 5672 οἱ
515 5619 714 5686 ἰδόντες
753 5623 914 5678 αὑτὸν
958 5629 1016 5678 ἐν
1052 5630 1357 5702 ἀρρωστία,
1387 5633 1482 5684 καὶ
1521 5633 1852 5702 ἀτιμία,καὶ

240 5717 292 5766 οἱ
339 5716 623 5785 γενόμενοι
658 5717 938 5788 μάρτυρες
971 5720 1074 5789 τῆς
1120 5724 1307 5785 πενίας
1354 5724 1541 5788 αὐτοῦ,
1573 5725 1728 5778 αὐτοὶ
1759 5727 1852 5777 καὶ

240 5810 344 5877 τῆς
403 5810 563 5880 διὲξης
617 5817 882 5881 γέιωνται
935 5817 1144 5872 Οεαταὲ.
1197 5819 1468 5890 Πρόδηλον
1519 5821 1626 5889 γῖνρ
1669 5820 1742 5882 ὡς
1796 5823 1852 5872 ἐν

246 5901 379 5976 δόξῃ
431 5906 659 5977 ἔμελλεν
710 5912 893 5975 autat;
944 5913 1311 5985 ἐπιφανῆναι,
1361 5914 1478 5980 Ehe
1536 5912 1851 5980 ἀξιόπιπου

1954 4703 2260 4758 resurrexit
2283 4702 2529 4756 credent.
2567 4721 2584 4753 ›
2623 4701 2699 4756 De
2732 4702 2893 4755 rebus
2921 4700 3038 4756 suis
3073 4701 3376 4770 desperans
3401 4701 3566 4755 miser

1956 4797 2046 4852 ille
2085 4798 2238 4852 dives
2281 4811 2378 4864 pro
2419 4795 2542 4849 aliis
2573 4795 2872 4865 supplicat.
2910 4794 3046 4848 Vide
3079 4804 3261 4848 autem
3293 4795 3567 4864 quomodo

1956 4891 2008 4944 in
2064 4889 2348 4960 suppliciis
2395 4905 2616 4944 sensum
2653 4889 2844 4942 alienae
2893 4886 3240 4943 infelicitatis
3292 4889 3463 4956 capit.
3505 4889 3567 4942 [ἐι

1958 4983 2110 5050 prius
2159 4981 2430 5035 Lazarum
2488 4981 2824 5049 despiciebat
2878 4991 3007 5035 ante
3057 4983 3224 5050 pedes
3269 4979 3566 5049 iacentem,

1959 5095 2104 5133 nunc
2138 5078 2370 5133 aliorum
2409 5077 2716 5132 absentium
2765 5091 2956 5131 curam
3001 5077 3163 5145 gerit,
3213 5085 3268 5131 et
3316 5079 3569 5132 obsecrat

1960 5185 2016 5227 ut
2057 5173 2296 5227 Lazarus
2327 5186 2391 5226 ex
2428 5172 2658 5226 mortuis
2695 5170 2744 5223 itt
2795 5171 3017 5224 domum
3056 5169 3228 5240 patris
3265 5173 3348 5225 sui
3389 5172 3569 5224 mitta-

1961 5276 2069 5319 tur.
2115 5265 2179 5319 Et
2214 5282 2320 5320 non
2374 5264 2694 5332 simpliciter
2739 5279 2803 5318 ex
2845 5265 3078 5317 mortuis
3129 5263 3425 5333 quispiam,
3475 5266 3571 5320 sed

1961 5357 2222 5422 Lazarus,
2275 5367 2330 5409 ut
2384 5357 2604 5410 videant
2648 5370 2772 5408 eum
2829 5365 3152 5410 coronatum
3191 5368 3244 5409 et
3298 5356 3471 5423 gloria
3520 5366 3572 5411 et

1963 5448 2364 5511 incolumitate,
2415 5450 2507 5516 qui
2564 5448 2812 5501 viderant
2862 5455 2990 5502 ante
3035 5447 3312 5501 infirmum
3356 5460 3410 5502 et
3438 5464 3570 5501 con-

1965 5551 2226 5611 temptum
2256 5559 2268 5594 :
2301 5551 2356 5594 et
2385 5543 2479 5610 qui
2518 5550 2684 5595 testes
2721 5540 2942 5595 fuerunt
2987 5543 3330 5612 paupertatis
3375 5542 3570 5610 ipsius.

1966 5634 2066 5702 ipsi
2099 5636 2261 5689 etiam
2289 5633 2626 5702 glorimliant
2653 5642 3014 5703 spectatores.
3053 5634 3398 5689 Manifestum
3422 5635 3567 5688 enim

1964 5735 2069 5792 est,
2103 5729 2242 5797 quod
2277 5728 2328 5780 in
2360 5728 2528 5797 gloria
2565 5727 2672 5780 illis
2701 5738 2847 5782 esset
2881 5727 3324 5798 conSpicicndus,
3373 5728 3416 5781 si
3447 5728 3571 5796 qui.

1966 5819 2085 5872 tlt‘m
2118 5819 2293 5888 ipsum
2330 5820 2432 5872 litlc
2488 5819 2708 5888 dignum
2750 5836 3052 5887 pta‘icnttL‘tn
3085 5837 3209 5875 esse
3257 5819 3562 5890 oportebat.

1966 5913 2103 5982 Quid
2164 5913 2325 5988 igitur
2382 5910 2706 5978 Abraham?
2775 5915 2991 5982 Habent
3033 5915 3215 5977 Mosen
3291 5915 3405 5972 Non
3480 5917 3546 5968 tt"
