4100 6334
652 371 757 435 979

1577 368 2157 432 THEOPHYLACTI
2190 367 2597 432 BULGARI/E
2627 364 2987 428 ARCHIEP.

3795 360 3900 424 980

655 483 847 555 inquit,
902 490 957 537 tu
1005 480 1229 542 fratrum
1280 494 1466 536 curam
1504 480 1645 552 geris
1688 492 1746 533 ut
1789 480 1879 549 qui
1916 479 2037 537 illos
2086 480 2212 536 fecit

2320 480 2475 535 αὑτὸν
2503 479 2671 550 ἐχρῆν
2691 472 2828 530 εῖναι
2857 476 3100 547 κήρυκα.
3124 470 3190 525 Τί
3208 466 3303 527 οὖν
3323 472 3350 526 6
3367 469 3656 543 ’Δϐραάμ;
3683 468 3907 543 Ἔχουσι

651 573 814 628 Deus.
878 570 1193 629 innumeros
1264 572 1409 627 enim
1485 570 1591 627 illis
1664 569 1905 641 praefecit
1966 572 2213 628 doctores

647 666 714 721 At
735 665 906 728 dives,
938 662 1076 727 Non,
1114 663 1308 733 inquit,
1354 670 1525 730 pater.
1573 660 1709 717 Nam
1757 662 2212 733 quemadmodum

648 757 761 825 ipse
794 754 1106 825 Scriptura;
1132 753 1357 810 audiens
1406 768 1510 810 non
1548 754 1875 821 crediderat,
1918 764 1974 809 et
2007 752 2215 809 fabulas

645 861 766 901 esse
816 854 1035 915 putarat
1075 859 1136 899 ea
1178 860 1297 914 qum
1346 845 1704 903 dicebantur:
1749 846 2001 903 similiter
2049 846 2211 902 etiam

647 934 841 992 fratres
884 950 1013 991 suos
1044 949 1103 991 se
1146 936 1344 991 habere
1386 936 1693 1006 suspicatus
1729 947 1832 1002 est,
1864 946 1920 991 et
1951 950 2018 990 ex
2049 933 2215 1001 seju-

644 1029 833 1082 dicans
863 1027 1077 1083 dicebat
1116 1029 1258 1098 quod
1288 1044 1393 1085 non
1443 1030 1679 1084 audituri
1728 1030 1831 1085 sint
1883 1028 2213 1099 Scripturas,

644 1120 784 1174 sicut
812 1135 988 1190 nequc
1016 1121 1170 1192 ipse;
1208 1123 1324 1187 sed,
1362 1122 1407 1177 si
1442 1121 1565 1191 quis
1598 1136 1662 1175 ex
1699 1120 1925 1175 mortuis
1971 1134 2212 1175 resurre-

648 1218 835 1265 cturus
864 1219 1031 1279 esset,
1054 1202 1313 1267 credituri
1363 1212 1472 1265 sint
1534 1210 1691 1267 Tales
1710 1211 1871 1267 etiam
1912 1225 2055 1266 nunc
2088 1218 2216 1265 sunt

649 1302 742 1370 qui
799 1302 1024 1358 dicunt:
1074 1303 1204 1370 Quis
1249 1304 1382 1357 vidit
1420 1319 1482 1359 ea
1528 1318 1647 1373 quze
1694 1304 1745 1357 in
1800 1303 2050 1359 inferno?
2082 1302 2214 1371 Quis

650 1391 792 1447 venit
818 1392 986 1458 illinc,
1014 1402 1067 1447 et
1088 1392 1426 1446 annuntiavit
1450 1392 1637 1447 nobis?
1662 1392 1766 1448 Sed
1798 1392 2019 1447 audiant
2042 1393 2214 1447 Abra-

647 1483 794 1537 ham.
830 1481 1091 1550 Quoniam
1137 1485 1180 1540 si
1227 1483 1538 1554 Scripturas
1581 1499 1688 1539 non
1726 1484 1993 1549 audimus,
2041 1498 2215 1554 neque

645 1574 730 1629 bis
760 1576 849 1645 qui
880 1591 945 1631 ex
997 1574 1209 1632 inferno
1238 1576 1481 1641 veniunt,
1511 1576 1819 1632 credemus.
1864 1574 1926 1630 Et
1962 1576 2064 1631 hoc
2099 1592 2216 1631 ma-

646 1667 969 1723 nifestaruut
987 1667 1181 1736 Judaei,
1199 1670 1288 1739 qui
1311 1670 1430 1739 quia
1451 1667 1757 1740 Scripturas
1778 1684 1887 1725 non
1909 1670 2215 1735 audierunt,

654 1775 828 1829 neque
889 1776 1011 1817 cum
1062 1763 1486 1819 rcsurrexissent
1545 1764 1771 1828 mortui,
1817 1763 2212 1820 crediderunt:

653 1851 745 1905 sed
770 1860 823 1906 et
858 1850 1119 1907 Lazarum
1150 1854 1396 1909 occidere
1438 1863 1798 1920 tentaverunt,
1834 1865 1888 1911 et
1923 1869 2045 1911 cum
2076 1869 2218 1908 mor—
2252 1848 2291 1902 Β

648 1942 742 2022 tui
775 1941 927 1996 multi
974 1946 1400 2001 resurrexissent
1442 1946 1702 2001 crucifixo
1743 1945 1893 2011 Jesu,
1931 1946 2100 2017 magis
2135 1958 2217 2001 ta-

646 2048 767 2086 men
797 2034 1077 2089 srevientes
1127 2032 1295 2090 Judaei
1334 2036 1644 2092 invaserunt
1688 2038 1958 2108 apostolos
1991 2056 2005 2095 :
2056 2037 2214 2111 421

646 2126 771 2194 quia
840 2127 883 2184 si
928 2128 1142 2198 quidem
1201 2128 1330 2184 illud
1377 2130 1668 2199 profuisset
1714 2132 1870 2187 nobis
1921 2132 1986 2187 ad
2041 2133 2219 2198 fidem,

645 2220 805 2273 etiam
858 2218 959 2274 hoc
993 2233 1135 2287 saepe
1164 2219 1382 2277 fecisset
1418 2219 1697 2277 Dominus.
1747 2221 1902 2277 Nunc
1943 2223 2075 2277 nihil
2114 2235 2218 2278 tam

647 2310 778 2365 utile
807 2318 902 2365 est
920 2316 979 2364 ut
1033 2308 1437 2379 Seripturarum
1468 2311 1695 2381 diligens
1740 2314 2024 2370 scrutatio.
2076 2313 2220 2368 Mor-

649 2414 863 2458 tuorum
908 2404 1321 2459 suscitatiouem
1374 2404 1509 2460 false
1564 2415 1617 2459 et
1667 2415 1989 2476 apparenter
2041 2405 2221 2461 facere

643 2505 833 2565 posset
867 2496 1028 2551 etiam
1065 2495 1335 2562 diabolus,
1372 2506 1431 2552 ut
1457 2500 1680 2552 seducat
1709 2498 2099 2566 imprudentes,
2137 2512 2219 2553 se-

646 2591 862 2643 minans
893 2588 1169 2644 doctrinas
1193 2589 1257 2643 de
1286 2589 1495 2644 inferno
1525 2589 1712 2658 dignas
1738 2604 1833 2644 sua
1876 2590 2073 2643 malitia
2111 2607 2128 2643 :
2154 2598 2222 2642 .at

645 2684 727 2739 eis
774 2684 868 2753 qui
900 2682 1214 2754 Scripturas
1265 2683 1430 2754 probe
1486 2691 1820 2747 scrutantur,
1867 2682 2003 2737 nihil
2049 2692 2222 2749 potest

647 2776 892 2831 illudere.
937 2776 1047 2831 iiire
1072 2776 1215 2833 enim
1245 2786 1370 2832 sunt
1409 2778 1632 2833 lucerna
1668 2792 1697 2832 ε
1766 2791 1967 2840 .umcn,
2004 2789 2110 2846 quo
2148 2774 2225 2828 iu-

647 2877 803 2924 ceute
841 2868 927 2922 fur
950 2869 1375 2938 deprehenditur
1396 2880 1451 2925 et
1484 2870 1885 2926 manifestatur.
1919 2867 2027 2924 illis
2058 2868 2223 2936 igitur

646 2960 999 3026 credendum,
1034 2969 1088 3013 et
1115 2958 1183 3014 de
1218 2969 1555 3016 mortuorum
1594 2961 1955 3016 suscitatioue
1991 2973 2219 3017 non.cu-

650 3052 899 3105 randum.
934 3050 1125 3108 Posset
1157 3060 1337 3107 autem
1363 3052 1615 3120 paraboia
1641 3053 1752 3109 btec
1781 3067 1874 3124 per
1907 3050 2215 3121 allegoriam

646 3145 863 3213 exponi.
899 3154 952 3200 et
998 3144 1070 3200 ita
1121 3143 1411 3215 dici,quod
1462 3159 1557 3212 per
1598 3144 1819 3201 divitem
1870 3142 2098 3215 populus
2125 3140 2218 3197 Ju-

647 3239 880 3293 dmorum
914 3237 1268 3308 significetur.
1317 3235 1473 3292 Dives
1502 3236 1646 3293 enim
1687 3235 1775 3292 ille
1822 3235 1924 3291 fuit
1954 3235 2106 3301 olim,
2140 3234 2220 3289 io-

646 3330 951 3402 cupietatus
979 3330 1125 3386 omni
1166 3329 1473 3400 cognitione
1522 3338 1574 3384 et
1622 3329 1885 3400 sapientia
1927 3335 1982 3385 et
2011 3341 2221 3384 sermo-

646 3422 803 3479 nibus
830 3422 943 3487 Dei,
971 3421 1061 3491 qui
1097 3435 1258 3491 super
1296 3435 1488 3475 aurum
1531 3428 1587 3475 et
1618 3419 1846 3489 lapidem
1898 3419 2217 3490 pretiosum,

650 3514 744 3572 sed
777 3524 830 3570 et
868 3529 1102 3586 purpura
1144 3524 1199 3569 et
1238 3514 1397 3583 bysso
1438 3513 1655 3569 indutus
1687 3522 1827 3579 erat,
1858 3527 2081 3582 regnum
2124 3512 2218 3567 ha-

648 3609 783 3663 bens
819 3617 875 3661 et
920 3606 1317 3669 sacerdotium,
1368 3614 1421 3659 et
1460 3604 1639 3674 regale
1690 3614 1809 3662 erat
1858 3603 2217 3659 sacerdotium

650 3697 779 3752 Deo.
807 3696 1087 3768 Significat
1116 3705 1296 3751 autem
1329 3710 1561 3766 purpura
1589 3697 1803 3765 quidem
1831 3712 2073 3767 regnum,
2100 3697 2221 3765 bys-

648 3805 743 3847 sus
786 3803 916 3843 vero
967 3788 1349 3843 sacerdotium.
1408 3786 1541 3843 Nam
1584 3788 1785 3843 Levita:
1832 3789 1886 3841 in
1940 3788 2222 3843 sacrificiis

647 3880 883 3952 byssinis
915 3864 1655 3937 vestimentisinduebantur.
1686 3878 2014 3950 Epulabatur
2040 3888 2216 3935 autem

647 3973 886 4045 quotidie
920 3981 975 4027 et
1006 3970 1217 4027 vivebat
1246 3970 1543 4041 splendide.
1577 3971 1830 4037 Quotidie
1857 3972 1998 4027 enim
2029 3971 2217 4029 oﬂ‘erc-

648 4066 777 4120 bant
823 4061 1150 4119 sacrificium
1198 4062 1523 4118 matutinum
1573 4070 1627 4118 et
1664 4064 2054 4133 vespertinum,
2101 4078 2219 4135 qua:

645 4168 700 4214 et
744 4155 1143 4227 ἐνδελεχισμὸν,
1173 4155 1276 4211 hoc
1323 4163 1405 4209 est
1440 4155 1563 4226 iuge
1599 4156 1927 4213 sacrificium
1974 4159 2219 4213 nomina-

648 4253 802 4307 bant.
838 4249 1079 4303 Lazarus
1108 4262 1237 4302 vero
1284 4247 1513 4317 populus
1554 4248 1831 4319 gentilium
1873 4249 1990 4315 fuit,
2022 4264 2221 4320 pauper

647 4340 829 4394 divina
852 4339 1023 4411 gratia
1058 4347 1112 4393 et
1146 4339 1430 4407 sapientia,
1460 4346 1513 4394 et
1537 4348 1663 4395 ante
1693 4339 1837 4396 fores
1868 4340 2086 4408 jacens;
2112 4355 2217 4397 non

648 4433 790 4487 enim
813 4432 1009 4487 licebat
1035 4430 1325 4500 gentilibus
1349 4429 1555 4485 intrare
1589 4429 1642 4484 in
1672 4430 1890 4486 domum
1932 4450 1945 4484 :
1996 4429 2221 4501 pollutio

2323 568 2545 625 Μωσέαο
2578 567 2674 639 οὐχ
2715 566 2909 632 οὕτως,
2955 564 3110 637 φησὶ,
3160 564 3225 618 σὺ
3271 563 3411 635 κήδῃ
3455 562 3569 617 τῶν
3621 563 3890 631 ἀδελφῶν,

2322 662 2398 726 ὡς
2432 663 2461 717 6
2509 662 2737 731 ποιήσας
2773 659 2972 720 αὐτοὺς
2997 657 3163 721 Θεός·
3202 655 3431 727 μυρίους
3457 654 3568 725 γὰρ
3604 654 3907 721 ἐπέστησεν

2323 756 2503 819 αὐτοῖς
2542 752 2917 815 διδασκάλους.
2981 751 3042 804 '0
3088 749 3146 804 δέ
3205 749 3479 813 πλούσιος,
3531 748 3693 818 Οὐχὶ,
3751 749 3903 819 φησὶ.

2323 850 2515 919 πάτερ.
2549 845 2706 900 Ἐπεὶ
2752 846 2861 917 γάρ
2893 842 3054 907 αὐτὸς
3086 840 3196 896 τῶν
3260 840 3498 912 Γραφῶν
3527 839 3745 893 ἀκούων
3784 837 3909 908 ηπί-

2325 959 2461 1009 στει,
2493 940 2587 995 καὶ
2620 939 2823 1010 μύθους
2864 932 3004 990 εῖναι
3030 935 3097 989 τά
3124 934 3397 1003 λεγόμενα
3433 932 3677 1003 ἐνόμιζε,
3709 932 3907 1002 ὁμοίως

2323 1035 2467 1107 ἔχειν
2497 1033 2589 1087 καὶ
2616 1033 2740 1095 τοὺς
2766 1029 3030 1099 ἀδελφοὺς
3065 1025 3439 1098 ὑπελάμϐανε,
3472 1026 3566 1079 καὶ
3590 1025 3685 1094 ἀφ’
3712 1022 3906 1077 ἑαυτοῦ

2322 1129 2521 1201 κρίνων
2548 1126 2725 1194 ἔλεγε,
2759 1126 2842 1179 ὄτι
2878 1124 2979 1178 οὐκ
3001 1121 3259 1177 ἀκούουσι
3287 1120 3397 1174 τῶν
3432 1118 3689 1191 Γραφῶν,
3720 1118 3908 1186 ῶσπερ

2321 1224 2413 1278 οὖν
2442 1223 2549 1277 οὐδ’
2594 1220 2779 1286 αὐτὸς,
2810 1218 2926 1272 ἀλλ’
2970 1218 3065 1272 ἐάν
3091 1233 3175 1280 τις
3203 1218 3268 1270 ἐκ
3310 1214 3522 1281 νεκρῶν
3564 1213 3782 1281 ἀναστῇ
3816 1227 3907 1264 πι-

2324 1314 2627 1369 στεύσουσι.
2656 1310 2899 1367 Τοιοῦτοι
2916 1310 3009 1364 καὶ
3025 1308 3121 1363 νῦν
3140 1307 3279 1361 είσιν
3301 1306 3351 1361 οῖ
3396 1305 3637 1373 λέγουσι·
3662 1304 3762 1367 Τίς
3803 1297 3907 1354 οἶδε

2321 1409 2390 1460 τὰ
2412 1408 2471 1460 ἐν
2495 1406 2624 1478 ᾅδου
2648 1424 2662 1471 ;
2696 1405 2779 1469 τίς
2800 1402 2969 1457 ἐλθὼν
2990 1403 3201 1455 ἐκεῖθεν
3214 1399 3551 1471 ἀπήγγειλεν
3572 1397 3705 1467 ἡμῖν
3724 1412 3739 1463 ;
3771 1393 3909 1447 Ἀλλ’

2322 1497 2708 1553 ἀκουσάτωσαν
2754 1494 2849 1549 τοῦ
2898 1492 3344 1565 ’Δϐραάμ,ὅτιεῖ
3372 1490 3482 1544 τῶν
3521 1487 3757 1560 Γραφῶν
3802 1485 3906 1538 οὐκ

2321 1589 2613 1660 ἀκούομεν,
2636 1588 2757 1641 οὐδὲ
2781 1588 2893 1650 τοῖς
2920 1585 2979 1651 ἐξ
3004 1585 3130 1656 ᾅδου
3166 1584 3485 1654 ἐρχομένοις
3514 1578 3905 1647 πιστεύσομεν.

2324 1684 2433 1737 Καὶ
2455 1683 2617 1736 τοῦτο
2648 1681 2924 1751 ἐδήλωσαν
2950 1682 2997 1733 oi
3020 1679 3287 1741 Ἰουδαῖοι,
3312 1677 3362 1731 οἳ
3391 1676 3512 1729 ἐπεὶ
3535 1674 3644 1727 τῶν
3677 1672 3907 1743 Γραφῶν

2333 1776 2436 1831 ούκ
2463 1775 2682 1846 ἢκουον,
2724 1773 2845 1826 ούδέ
2893 1773 3119 1843 νεκροὺς
3161 1770 3363 1833 ἰδόντες
3407 1767 3757 1829 ἀναστάντας
3788 1765 3910 1816 ἐπί-

2322 1886 2579 1937 στευσαν,
2613 1868 2749 1921 ἀλλά
2793 1867 2888 1921 καὶ
2931 1865 3021 1919 τὸν
3046 1864 3297 1935 Λάζαρον
3328 1862 3537 1916 ἀνελεῖν
3566 1858 3908 1929 ἐπεχείρουν.

2323 1958 2417 2012 καὶ
2441 1958 2497 2010 ἐν
2542 1955 2619 2029 τῷ
2650 1954 2869 2025 σταυρῷ
2893 1953 3106 2023 νεκρῶν
3133 1951 3343 2006 πολλῶν
3370 1950 3743 2013 ἀναστάντων,
3763 1949 3911 2017 ὅμως

2321 2052 2432 2113 τοῖς
2462 2046 2783 2110 ἀποστόλοις
2822 2045 3112 2114 ἐπεπήδων
3160 2041 3553 2113 φονικώτερον.
3598 2042 3759 2094 Ἐπεὶ
3787 2040 3904 2107 εἴτε

2322 2141 2523 2213 ὠφέλει
2554 2141 2698 2210 ἡμᾶς
2734 2140 2815 2203 είς
2848 2138 3050 2203 πίστιν,
3080 2139 3173 2191 καὶ
3214 2136 3374 2189 τοῦτο
3404 2136 3575 2189 ἐποίει
3609 2136 3677 2188 ἂν
3711 2134 3912 2204 συχνά-

2321 2252 2408 2299 κις
2430 2236 2460 2287 6
2486 2234 2709 2304 Κύριος.
2738 2231 2851 2285 Νῦν
2881 2231 2939 2283 δέ
2975 2230 3127 2283 οὐδὲν
3157 2229 3331 2292 οὕτως
3364 2227 3585 2295 ὠφελεῖ,
3621 2227 3698 2289 ὡς
3725 2228 3757 2297 ἡ
3794 2226 3904 2278 τῶν

2320 2322 2553 2395 Γραφῶν
2609 2320 2843 2391 ἀκριϐὴς
2876 2318 3095 2388 ἔρευνα.
3131 2318 3375 2386 Νεκροὺς
3410 2316 3468 2369 δὲ
3496 2314 3747 2384 ἀνιστᾷν,
3785 2314 3907 2365 ἐσο-

2320 2415 2517 2486 φίσατο
2552 2413 2617 2468 ἂν
2648 2416 2675 2466 ό
2711 2411 2959 2474 διάϐολος
2986 2409 3128 2464 κατά
3154 2407 3481 2477 φαντασίαν,
3515 2408 3610 2459 καὶ
3638 2405 3728 2458 διά
3754 2403 3914 2458 τοῦτο

2318 2506 2621 2577 ἐπλάνησεν
2650 2504 2717 2559 ἂν
2769 2505 2896 2568 τοὺς
2940 2504 3226 2573 ἀνοήτους,
3261 2504 3393 2572 περὶ
3436 2500 3544 2553 τῶν
3574 2500 3631 2552 ἐν
3661 2498 3793 2569 ᾅδου
3823 2495 3914 2549 δό-

2319 2618 2505 2671 γματα
2538 2598 2666 2663 ἀξια
2710 2596 3060 2667 τῆςοίκείας
3097 2594 3303 2657 κακίας
3338 2593 3751 2662 κατασπείρων.
3787 2590 3913 2644 Τῶν

2318 2694 2375 2747 δέ
2402 2692 2634 2763 Γραφῶν
2660 2690 2830 2759 ὑγιῶς
2857 2689 3271 2759 ἐρευνωμένων,
3303 2687 3457 2741 οὐδὲν
3484 2685 3699 2756 ἰσχύσει
3722 2682 3909 2737 τοιοῦ-

2320 2799 2412 2835 τον
2452 2780 2777 2850 σοφίσασθαι
2818 2796 2831 2810 ·
2882 2773 3046 2834 αὗται
3093 2779 3203 2851 γάρ
3243 2780 3349 2831 εισι
3393 2776 3584 2847 λύχνος
3631 2776 3726 2830 καὶ
3769 2773 3911 2843 φῶς,

2321 2872 2415 2927 καὶ
2444 2871 2633 2926 τούτου
2680 2870 2985 2939 φαίνοντος,
3034 2870 3063 2923 6
3102 2869 3351 2939 κλέπτης
3401 2868 3649 2938 φαίνεται
3686 2867 3783 2921 καὶ
3823 2867 3914 2919 εὐ-

2323 2967 2593 3037 ρίσκεται.
2639 2962 2880 3026 Ταύταις
2932 2956 3025 3017 οὖν
3082 2960 3423 3022 πιστευτέον,
3488 2958 3697 3029 καὶμὴ
3745 2958 3914 3027 ζητη-

2317 3057 2439 3111 τέον
2460 3054 2670 3126 νεκρῶν
2700 3052 3045 3116 ἀναστάσεις.
3080 3052 3237 3105 Ἔστι
3273 3050 3331 3105 δέ
3358 3051 3453 3106 καὶ
3490 3048 3908 3119 τροπικιίπερον

2320 3150 2420 3220 τὴν
2496 3146 2814 3219 παραϐολὴν
2891 3146 3100 3216 ταύτην
3166 3144 3441 3209 ἐκλαϐεῖν,
3500 3142 3758 3211 λέγοντας
3817 3141 3914 3194 τόν

2332 3240 2625 3312 Ἐϐραῖκδν
2676 3239 2803 3293 λαὸν
2872 3235 3275 3309 ὑποδηλοῦσθαι
3336 3234 3426 3290 διά
3474 3235 3569 3288 τοῦ
3625 3233 3907 3287 πλουσίου.

2324 3334 2581 3398 Πλούσιος
2612 3333 2720 3405 γὰρ
2754 3328 2821 3403 ἦν
2847 3325 3001 3395 οὗτος
3030 3332 3092 3385 τὸ
3120 3330 3371 3392 παλαιὸν,
3402 3329 3462 3381 ἐν
3490 3328 3638 3399 πάσῃ
3704 3325 3908 3395 γνώσει

2323 3428 2415 3483 καὶ
2448 3426 2612 3498 σοφίᾳ
2657 3422 3025 3488 πλουτισθεὶς,
3065 3423 3162 3476 καὶ
3222 3422 3335 3486 τοῖς
3380 3420 3584 3488 λογίοις
3630 3418 3727 3473 τοῦ
3772 3417 3910 3471 Θεοῦ

2319 3523 2431 3585 τοῖς
2460 3520 2602 3589 ὑπὲρ
2659 3516 2882 3589 χρυσίον
2959 3518 3055 3570 καὶ
3105 3514 3253 3569 λίθον
3300 3513 3485 3585 τίμιον
3523 3514 3726 3577 πολὺν,
3775 3511 3913 3565 ἀλλά

2321 3614 2415 3668 καὶ
2489 3611 2779 3683 πορφύραν
2845 3610 2939 3663 καὶ
3003 3608 3201 3681 βύσσον
3262 3606 3565 3671 ἐνεδέδυτο,
3631 3605 3912 3677 βασιλείαν

2321 3706 2460 3775 ἔχων
2498 3704 2595 3759 καὶ
2648 3700 2970 3773 ἱερωσύνην,
3014 3702 3109 3755 καὶ
3171 3699 3442 3771 βασίλειον
3483 3697 3559 3751 ὢν
3606 3698 3912 3767 ἱεράτευμα

2320 3797 2399 3865 τῷ
2450 3795 2589 3865 Θεῷ.
2632 3796 2939 3848 Αίνίττεται
2988 3794 3045 3847 δὲ
3090 3792 3124 3863 ἠ
3177 3792 3275 3863 μὲν
3317 3790 3577 3862 πορφύρα
3618 3790 3724 3859 τὴν
3761 3790 3914 3859 βασι-

2322 3888 2493 3951 λείαν,
2517 3888 2551 3957 ἡ
2583 3886 2639 3939 δέ
2670 3884 2867 3956 βύσσος
2915 3884 3241 3955 ἱερωσύνην.
3288 3886 3351 3937 Oi
3384 3885 3493 3955 γὰρ
3526 3885 3752 3937 Λευῖται
3787 3882 3915 3949 βυσ-

2324 3977 2489 4040 σίνοις
2537 3975 2777 4046 ἐχρῶντο
2825 3975 2884 4029 ἐν
2917 3976 3037 4037 ταῖς
3072 3972 3408 4044 ἱερουργίαις
3439 3972 3571 4042 ἐσθή
3582 3986 3773 4041 μασιν.
3805 3970 3908 4023 Εὑ-

2321 4067 2579 4141 φραίνετό
2612 4084 2671 4121 τε
2725 4066 2851 4122 καθ’
2901 4067 3113 4139 ἡμέραν
3140 4064 3413 4137 λαμπρῶς
3440 4079 3457 4097 ο
3493 4064 3619 4118 καθ’
3673 4063 3914 4130 ἑκάστην

2319 4161 2429 4232 γάρ
2468 4161 2679 4232 ἡμέραν
2721 4158 2913 4223 Θυσίας
2949 4158 3216 4230 ἀνέφερον
3246 4156 3461 4227 πρωῒας
3493 4157 3591 4210 καὶ
3640 4155 3910 4226 ἑσπέρας,

2318 4254 2385 4318 ἀς
2418 4255 2511 4308 καὶ
2539 4253 2633 4307 τοῦ
2672 4250 3052 4323 ἐνδελεχισμοῦ
3091 4249 3399 4321 ὠνόμαζον.
3435 4247 3689 4322 Λάζαρος
3734 4249 3791 4302 δέ
3842 4244 3913 4320 ἦν

2319 4349 2347 4399 6
2375 4345 2435 4411 ἐξ
2463 4345 2633 4398 ἐθνῶν
2672 4344 2819 4407 λαὸς,
2875 4343 3044 4413 πένης
3077 4342 3236 4395 θείων
3266 4342 3504 4413 χαρίτων
3563 4342 3661 4395 καὶ
3692 4342 3911 4410 σοφίας.

2322 4437 2417 4489 καὶ
2449 4437 2556 4505 πρὸ
2602 4435 2709 4489 τῶν
2749 4434 3009 4489 πυλώνων
3055 4433 3328 4503 κείμενος
3380 4435 3443 4490 οὐ
3477 4433 3588 4505 γὰρ
3639 4430 3769 4503 ἐξῆν
3798 4436 3910 4495 τοῖς

646 4523 789 4577 enim
816 4521 1121 4587 videbatur,
1156 4523 1299 4577 sicut
1331 4523 1383 4576 in
1411 4522 1562 4577 Actis
1591 4520 1955 4593 apostolorum
1986 4522 2218 4579 clamant

2324 4529 2555 4591 ἐθνικοῖς
2598 4530 2679 4592 είς
2710 4528 2801 4581 τὸν
2830 4522 2979 4581 οἶκον
3020 4527 3307 4581 είσελθεῖν·
3355 4527 3595 4597 μιασμὸς
3642 4527 3754 4596 γὰρ
3791 4528 3910 4579 ἐδό-

645 4616 700 4669 ἰιι
732 4614 959 4669 Paulum
989 4614 1130 4681 quod
1180 4614 1404 4682 gentiles
1434 4613 1807 4669 introduxerat
1838 4614 1891 4669 in
1942 4615 2217 4685 templum,

649 4714 704 4759 et
723 4717 1064 4759 communem
1096 4701 1311 4759 fecisset
1331 4712 1577 4758 sanctum
1603 4704 1749 4758 illum
1777 4705 1976 4760 locum.
2001 4704 2223 4776 insuper

648 4806 705 4854 et
734 4796 1004 4851 ulceribus
1035 4805 1378 4865 peccatorum
1426 4796 1708 4853 fetentium
1756 4799 1945 4867 plenus
1976 4810 2095 4855 erat
2132 4802 2220 4857 ille

645 4889 895 4960 populus,
918 4898 971 4941 et
998 4887 1333 4957 impudentes
1360 4890 1826 4958 caneshdiaholos,
1842 4892 2092 4960 pascebat
2108 4893 2219 4949 suis

650 4981 941 5037 ulceribus.
978 4978 1252 5048 Voluptati
1286 4980 1429 5035 enim
1475 4980 1584 5035 illis
1630 4990 1756 5035 sunt
1802 4991 1983 5037 nostra
2018 4983 2214 5038 ulcera.

649 5074 1004 5129 Desiderabat
1050 5073 1179 5127 item
1228 5081 1281 5127 et
1321 5071 1487 5127 micas
1515 5074 1826 5129 decidentes
1864 5088 1891 5125 a
1924 5088 2105 5128 mensa
2135 5074 2218 5129 di-

648 5167 794 5221 vitis.
826 5166 1059 5222 Omnino
1083 5166 1223 5223 enim
1254 5166 1471 5221 carebat
1500 5182 1655 5234 pane,
1690 5168 1779 5237 qui
1808 5166 2097 5223 confirmat
2125 5182 2218 5221 cor

647 5260 879 5313 hominis
907 5277 920 5313 :
947 5267 1000 5313 et
1039 5258 1262 5313 minimo
1289 5257 1544 5327 tenuique
1573 5258 1695 5314 cibo
1724 5268 1779 5313 et
1814 5259 2065 5313 rationali
2091 5273 2217 5327 ege-

650 5348 762 5413 bat,
792 5352 929 5405 sicut
969 5360 1024 5406 ct
1055 5350 1356 5406 Chananaea
1403 5349 1593 5405 mulier
1630 5366 1749 5405 cum
1796 5352 2008 5406 cthnica
2049 5363 2213 5419 esset,

649 5437 715 5492 de
748 5439 902 5494 micis
942 5442 1175 5496 saturari
1211 5440 1479 5511 cupiebat.
1530 5438 1667 5506 Quid
1702 5441 1930 5498 multis?
1975 5441 2215 5499 Mortuus

643 5537 731 5583 est
762 5528 1059 5586 iiebraicus
1090 5532 1318 5601 populus
1352 5530 1484 5598 Deo,
1516 5541 1570 5586 et
1610 5543 1816 5587 mortua
1846 5543 1973 5591 sunt
2002 5534 2212 5590 illorum

643 5632 789 5681 ossa,
838 5635 959 5689 quae
1002 5622 1068 5675 ad
1118 5622 1314 5677 bonum
1360 5622 1662 5678 faciendum
1727 5642 1833 5680 non
1905 5635 2209 5682 moventur.

648 5708 888 5765 Mortuus
908 5720 992 5768 est
1028 5722 1209 5768 autem
1232 5723 1285 5770 et
1313 5713 1554 5771 Lazarus
1591 5728 1810 5786 peccato
1832 5762 1846 5787 ,
1882 5721 2099 5791 gentilis
2127 5722 2210 5777 in-

648 5815 807 5870 quam
848 5804 1098 5875 populus.
1125 5805 1191 5863 Et
1217 5806 1385 5865 Judaei
1403 5809 1615 5881 quidem
1642 5812 1731 5881 qui
1758 5812 1811 5869 in
1836 5814 2071 5884 peccatis
2098 5815 2210 5871 suis

2326 4637 2430 4687 κει,
2461 4620 2535 4683 ὡς
2567 4620 2661 4673 καὶ
2692 4621 2751 4673 ἐν
2785 4622 2906 4683 ταῖς
2940 4620 3179 4689 Πράξεσι
3227 4618 3566 4673 καταϐοᾶται
3610 4622 3638 4674 6
3693 4619 3910 4683 Παῦλος

2321 4714 2397 4776 ὡς
2426 4711 2669 4775 ἐθνικοὺς
2700 4711 3013 4779 εἰσαγαγὼν
3038 4714 3116 4770 είς
3145 4711 3236 4765 τὸν
3260 4711 3406 4777 ναὸν,
3440 4712 3534 4765 καὶ
3558 4712 3906 4775 κεκοινωκὼς

2319 4806 2411 4859 τὸν
2462 4804 2617 4873 ἅγιον
2671 4804 2836 4859 τόπον
2893 4804 3103 4860 τοῦτον.
3165 4804 3326 4859 Ἀλλά
3380 4806 3475 4858 καὶ
3523 4804 3743 4876 ῆλκωτο
3786 4808 3907 4869 ταῖς

2321 4896 2731 4967 προσωζούσαις
2772 4896 3094 4968 ἁμαρτίαις,
3128 4897 3226 4950 καὶ
3265 4896 3394 4961 τοὺς
3432 4896 3674 4960 ἀναιδεῖς
3710 4897 3900 4958 κύνας,

2318 4988 2445 5051 τοὺς
2482 4986 2764 5059 δαίμονας,
2792 4987 2991 5059 ἔτρεφε
3045 4990 3160 5051 τοῖς
3188 4988 3374 5041 ἐλκεσι
3421 4988 3657 5051 τούτοις.
3706 4987 3901 5057 Ἡδονὴ

2320 5081 2428 5153 γὰρ
2454 5084 2639 5145 αὐτοῖς
2672 5082 2741 5135 τὰ
2770 5080 3019 5153 ἡμέτερα
3051 5082 3206 5153 ἕλκη.
3257 5082 3554 5152 Ἐπεθύμει
3582 5082 3639 5136 δέ
3668 5082 3777 5136 τῶν
3815 5081 3902 5150 ψι-

2318 5172 2451 5243 χίων
2479 5174 2589 5228 τῶν
2634 5174 2945 5229 πιπτόντων
2982 5174 3088 5227 ἀπὸ
3131 5174 3232 5243 τῆς
3263 5175 3547 5246 τραπέζης
3586 5175 3687 5229 τοῦ
3735 5176 3900 5229 πλού·

2318 5268 2456 5321 σίουο
2488 5269 2716 5338 ἄμοιρος
2761 5266 2869 5339 γάρ
2915 5262 2983 5339 ῆν
3028 5268 3350 5323 παντάπασι
3381 5269 3489 5321 τῶν
3536 5269 3635 5338 τὴν
3667 5269 3896 5340 καρδίαν

2318 5362 2680 5431 στηριζόντων
2727 5361 2927 5433 ἄρτων,
2970 5362 3063 5415 καὶ
3112 5363 3212 5431 τῆς
3252 5362 3604 5433 λεπτοτάτης,
3656 5364 3747 5417 καὶ
3809 5382 3898 5433 μι-

2314 5454 2475 5524 κρᾶς,
2505 5452 2601 5507 καὶ
2642 5453 2867 5523 λογικῆς
2896 5454 3103 5523 τροφῆς
3130 5453 3322 5516 ἐδεῖτο,
3356 5453 3547 5527 ῶσπερ
3573 5456 3669 5508 καὶ
3698 5456 3733 5524 ἡ
3779 5456 3894 5508 Χα-

2316 5542 2739 5613 ναναία,ἐθνικὴ
2787 5539 2944 5611 οὖσα,
2995 5544 3105 5597 ἀπὸ
3149 5543 3259 5597 τῶν
3291 5544 3489 5615 ψιχίων
3528 5546 3894 5615 διατραφῆναι

2315 5634 2485 5705 ζητεῖ.
2535 5633 2599 5687 Τί
2631 5632 2854 5699 τοίνυν;
2899 5633 3163 5687 Ἀπέθανε
3216 5634 3315 5705 μέν
3359 5635 3387 5687 6
3429 5634 3716 5706 Ἐϐραῖκὺς
3764 5634 3893 5700 λαὸς

2314 5730 2392 5798 τῷ
2430 5727 2568 5798 Θεῷ,
2606 5728 2699 5781 καὶ
2728 5727 2901 5798 νεκρά
2927 5727 3152 5797 γέγονεν
3196 5728 3380 5781 αὐτῶν
3409 5728 3477 5782 τά
3519 5729 3673 5793 ὀστᾶ,
3729 5729 3893 5799 μηδε-

2318 5820 2447 5890 μὲαν
2474 5820 2690 5891 κίνησιν
2722 5819 2859 5891 πρὸς
2884 5820 2941 5873 τὸ
2968 5819 3172 5889 ἀγαθὸν
3208 5820 3567 5891 ποιουμένων.
3626 5821 3892 5875 Ἀπέθανε
