4100 6334
246 395 352 461 981

995 400 1442 467 ENARRATIO
1485 400 1569 461 IN
1608 396 2119 462 EVANGELIUM
2157 395 2395 458 LUCIE.
2440 385 2933 457 —ICAP..XVII.

3418 375 3533 441 98'}.

234 507 298 562 δὲ
335 508 434 561 καὶ
466 508 493 560 ὁ
522 503 773 576 Λάζαρος
810 509 874 578 τῇ
905 507 1176 581 ἁμαρτίᾳ,
1211 510 1239 562 6
1278 507 1492 572 ἐθνικὸς
1526 508 1679 575 λαὸς,
1735 506 1823 560 καὶ

1938 504 2140 559 mortui
2173 511 2327 568 sunt,
2357 502 2411 558 in
2440 499 2658 555 ﬂamma
2682 493 2899 552 invidiae
2918 494 3242 555 exuruntur,
3273 484 3538 581 zelantes,

233 599 287 651 oi
330 600 432 669 μὲν
462 600 709 653 Ἰουδαῖοι
762 600 820 651 ἐν
853 602 973 661 ταῖς
1023 601 1328 670 ἁμαρτίαις
1383 600 1567 656 αὐτῶν
1614 598 1824 655 ἀποθα-

230 688 425 752 νόντες
459 691 518 744 ἐν
574 691 642 759 τῇ
675 688 833 758 φλογὶ
883 690 1281 745 κατακαίονται
1332 691 1423 746 τοῦ
1459 690 1677 761 φθόνου,
1730 690 1826 759 ζη-

228 778 480 847 λοῦντες,
538 780 613 844 ῶς
679 797 850 851 φησιν
902 783 931 836 ό
974 782 1321 848 ’Δπόστολος,
1369 783 1452 836 ὅτι
1505 784 1556 838 oi
1619 772 1829 837 ἐθνικοὶ

229 871 682 943 προσεδέχθησαν
715 873 796 936 είς
842 872 1172 941 τὴνεπίστιν,
1204 876 1231 928 6
1256 875 1314 928 δὲ
1360 876 1493 947 πρὶν
1529 875 1701 945 πένης
1730 873 1827 927 καὶ

226 965 431 1036 ἄτιμος
489 964 616 1027 λαὸς
664 963 775 1018 τῶν
827 964 998 1019 ἐθνῶν
1044 966 1105 1019 ἐν
1163 965 1385 1031 κόλποις
1431 966 1689 1037 Ἀϐραάμ
1726 964 1823 1019 τοῦ

229 1056 446 1126 πατρὸς
484 1057 592 1110 τῶν
648 1055 819 1110 ἐθνῶν
868 1055 1049 1125 διάγει
1100 1057 1351 1122 είκότως.
1406 1058 1518 1111 Καὶ
1558 1057 1670 1130 γὰρ
1731 1058 1827 1111 καὶ

230 1145 513 1219 Ἀϐραὰμ,
553 1148 763 1214 ἐθνικὸς
790 1148 887 1218 ὢν,
925 1149 1217 1203 ἐπίστευσε
1250 1149 1330 1223 τῷ
1364 1149 1485 1221 Θεῷ
1519 1152 1611 1203 καὶ
1640 1148 1701 1215 ἐξ
1747 1150 1826 1203 εί-

224 1238 628 1311 δωλολατριίας
672 1242 754 1306 είς
807 1241 1143 1310 θεογνωσίαν
1213 1242 1473 1315 μετέστη.
1527 1244 1591 1297 0i
1644 1242 1826 1296 τοίνυν

225 1333 483 1387 κοινωνοὶ
531 1332 633 1404 τῆς
683 1333 1030 1404 μεταθέσεως
1076 1334 1242 1390 αὑτοῦ
1282 1337 1377 1390 καὶ
1426 1335 1529 1405 τῆς
1562 1336 1821 1402 πίστεως,

224 1424 461 1489 εικότως
510 1427 605 1481 καὶ
658 1428 718 1481 ἐν
760 1429 873 1492 τοῖς
932 1428 1156 1492 κόλποις
1196 1428 1364 1484 αὐτοῦ
1426 1430 1821 1496 ἀναπαύονται,

223 1514 329 1580 τὰς
375 1516 547 1582 αὐτὰς
593 1517 744 1589 αὐτῷ
775 1518 982 1588 λήξεις,
1015 1520 1111 1574 καὶ
1164 1519 1357 1590 μονὰς,
1414 1521 1510 1575 καὶ
1554 1522 1824 1594 ὑποδοχὰς

224 1604 339 1661 τῶν
365 1608 585 1679 ἀγαθῶν
614 1608 1053 1681 κληρωσάμενοι.
1088 1613 1195 1667 Καὶ
1218 1613 1479 1685 ἐπιθυμεῖ
1504 1616 1533 1669 6
1565 1615 1824 1681 Ἰουδαῖος

225 1702 510 1771 σταγῶνος
551 1704 682 1774 μιᾶς
732 1703 841 1759 τῶν
879 1705 1033 1777 παρὰ
1062 1704 1142 1778 τῷ
1175 1707 1325 1777 νόμῳ
1356 1708 1605 1763 παλαιῶν
1635 1712 1823 1780 ῥαντι-

225 1792 408 1862 σμῶν,
456 1792 552 1847 καὶ
580 1794 917 1865 καθαρσίων,
952 1794 1029 1857 ὡς
1076 1796 1143 1849 ἂν
1186 1797 1563 1869 καταψυχθείη
1592 1799 1755 1854 αὐτοῦ
1788 1801 1822 1871 ἠ

226 1882 472 1950 γλῶσσα,
518 1884 613 1938 καὶ
652 1883 767 1954 ἔχοι
814 1885 875 1937 τὸ
920 1865 1740 1958 παρρησιάζεσθαινκαὶ’λέγειν
1770 1865 1823 1944 τι

1928 1887 2174 1955 noluisti,
2230 1903 2295 1943 ac
2344 1895 2541 1944 caetera
2597 1904 2612 1944 :

228 1974 372 2045 πρὸς
410 1976 580 2046 ἡμᾶς,
614 1976 690 2041 ῶς
718 1975 815 2030 τοῦ
840 1978 1006 2046 νόμου
1036 1979 1415 2051 ἐνεργοῦντος,
1452 1982 1570 2038 ἀλλ’
1602 1983 1664 2049 ού
1690 2000 1825 2051 τυγο

224 2065 403 2137 χάνιι.
440 2067 500 2121 ’0
526 2068 690 2138 νόμος
713 2070 822 2143 γὰρ
847 2071 953 2135 ἕως
991 2071 1266 2127 Ἰωάννουο
1293 2074 1388 2127 καὶ
1415 2074 1631 2142 θυσίαν,
1666 2078 1823 2147 φησὶ,

226 2160 323 2214 καὶ
357 2162 678 2230 προσφορὰν
725 2164 826 2217 οὐκ
878 2163 1177 2235 ἠθέλησας,
1225 2167 1320 2220 καὶ
1355 2169 1425 2222 τὰ
1458 2167 1607 2239 ἑξῆς.
1643 2170 1753 2223 Καὶ
1794 2172 1822 2223 6

226 2250 429 2321 Δανιὴλ
458 2251 1013 2324 ἐξολοορευθήσεσθαι
1062 2256 1291 2327 χρίσμα,
1332 2258 1430 2312 καὶ
1483 2261 1825 2332 σφραγισθῆ-

223 2358 319 2394 ναι
375 2343 736 2415 προφητείαν,
778 2345 1046 2413 τουτέστι,
1082 2347 1363 2419 παυθῆναι
1432 2350 1529 2405 καὶ
1569 2352 1825 2420 συγκλει⁹

226 2433 424 2504 ιιθῆναι
456 2436 854 2508 προηγόρευσε.
881 2439 955 2493 Σὺ
986 2438 1042 2493 δὲ
1074 2440 1167 2493 καὶ
1198 2441 1410 2511 ἠθικῶς
1441 2443 1543 2514 τὴν
1572 2445 1822 2514 παραϐο-

224 2523 328 2597 λὴν
359 2526 695 2598 ἐκλάμὼνε,
729 2530 823 2583 καὶ
874 2530 949 2601 μὴ
977 2529 1231 2597 πλούσιος
1260 2533 1336 2587 ὢν
1365 2535 1424 2589 ἐν
1453 2537 1643 2601 κακοῖς
1677 2553 1823 2610 παρ-

221 2618 359 2690 δρᾷς
414 2619 505 2673 τὸν
552 2620 678 2674 νοῦν
724 2639 818 2675 σου
864 2621 1228 2695 λιμώττοντα,
1261 2626 1357 2680 καὶ
1404 2627 1557 2681 κάτω
1586 2627 1827 2700 βεϐλημ-

226 2708 393 2778 μινον
430 2712 522 2765 τὸν
547 2711 663 2767 ἄνω
692 2712 957 2786 φέρεσθαι
988 2715 1557 2790 δεδημιουργημένον,
1592 2722 1684 2775 καὶ
1721 2724 1828 2793 πρὸ

220 2798 339 2855 τῶν
377 2800 641 2857 πυλώνων
685 2804 964 2875 κείμενον,
1023 2806 1140 2861 ἀλλ’
1178 2809 1442 2879 εἰσάγαγε
1473 2812 1639 2867 αὐτὸν
1695 2814 1825 2868 ἔξω.

222 2892 325 2945 καὶ
362 2891 439 2965 μὴ
465 2891 571 2960 ἐξω
596 2892 758 2963 ἔστω,
809 2894 907 2951 καὶ
940 2899 1392 2971 περιπλανάσθω,
1430 2902 1568 2973 μηδὲ
1599 2904 1825 2969 κείσθω,

1934 606 1993 652 ut
2037 596 2172 652 dicit
2210 593 2528 665 Apostolus,
2560 588 2706 661 quod
2745 586 2979 660 gentiles
3023 580 3292 651 assumpti
3323 576 3436 636 sint
3468 578 3536 633 ad

1933 689 2091 744 ﬁdem
2121 707 2134 744 :
2174 686 2268 758 qui
2297 692 2478 742 autem
2511 682 2664 755 prius
2688 694 2897 753 pauper
2925 684 3124 734 eratet
3150 672 3405 745 ignobilis
3436 685 3535 741 pot-

1930 781 2092 853 pulus
2138 778 2380 851 gentilis,
2428 777 2481 831 in
2531 773 2746 832 sinibus
2784 769 3023 827 Abraba
3077 766 3250 839 patris
3292 764 3539 837 gentium

1931 874 2128 929 merito
2157 879 2431 927 versatur.
2477 866 2695 923 Etenim
2738 872 2795 919 et
2838 861 3119 918 Abraham
3158 872 3284 914 cum
3318 854 3538 927 gentilis

1928 972 2097 1026 esset,
2144 960 2381 1019 credidit
2428 958 2561 1026 Deo,
2612 965 2669 1013 et
2702 970 2770 1012 ex
2818 952 3087 1009 idolorum
3132 951 3283 1008 cultu
3337 950 3406 1005 ad
3439 950 3535 1004 Dei

1929 1056 2263 1127 agnitionem
2321 1053 2562 1109 transiit.
2624 1048 2860 1106 Proinde
2921 1047 3015 1118 qui
3064 1045 3363 1117 participes
3411 1051 3539 1099 sunt

1934 1144 2315 1201 translationis
2360 1143 2481 1213 ejus
2513 1152 2569 1199 et
2604 1140 2753 1209 fidei,
2796 1138 2924 1209 jure
2970 1146 3026 1195 et
3068 1139 3121 1192 in
3160 1135 3371 1193 sinibus
3418 1133 3537 1205 ejus

1928 1212 2240 1311 quiescunt,
2285 1212 2542 1297 eumdem
2619 1237 2783 1293 tinem
2832 1245 2887 1292 et
2930 1230 3302 1291 habitationes
3345 1238 3399 1285 et
3446 1244 3539 1283 su-

1927 1332 2264 1402 sceptionem
2292 1330 2563 1386 bonorum
2613 1327 2820 1385 sortiti.
2849 1326 3016 1399 422
3040 1324 3107 1380 Ει
3138 1323 3291 1393 cupit
3318 1318 3534 1375 ludam-

1928 1439 2047 1479 rum
2070 1424 2302 1494 populus
2327 1437 2489 1479 unam
2521 1430 2730 1493 guttam
2773 1422 2840 1475 de
2879 1417 3291 1490 aspersionibus
3319 1420 3373 1469 et
3404 1426 3535 1482 pur-

1926 1518 2242 1589 gationibus
2291 1515 2491 1587 priscis
2549 1513 2841 1585 legalibus,
2889 1520 2951 1567 ut
3018 1508 3375 1579 refrigeretur
3417 1505 3537 1576 ejus

1927 1610 2138 1680 lingua,
2174 1617 2229 1665 et
2264 1608 2436 1680 possit
2485 1606 2827 1662 conﬁdenter
2878 1603 3028 1673 loqui
3072 1598 3230 1657 nobis
3263 1596 3410 1668 quod
3450 1594 3535 1648 lex

1927 1702 1997 1756 sit
2027 1700 2215 1756 etIicax
2246 1709 2301 1755 et
2328 1692 2621 1771 operetur;
2644 1699 2739 1756 sed
2763 1712 2873 1752 non
2905 1704 3023 1751 est:
3057 1692 3144 1749 lex
3180 1691 3326 1747 enim
3364 1702 3536 1758 usque

1926 1793 1994 1849 ad
2032 1790 2299 1848 Joannem
2335 1810 2348 1847 :
2378 1804 2433 1849 et
2468 1792 2834 1856 sacriﬁcium,
2877 1787 3078 1858 inquit,
3111 1793 3168 1841 et
3201 1782 3533 1839 oblationem

2670 1895 2725 1941 et
2780 1883 2995 1947 Daniel,
3065 1876 3539 1935 Exterminabitur

1924 1982 2135 2038 unctio.
2190 1981 2257 2036 Et
2296 1981 2502 2053 signari
2548 1981 2873 2050 prophetas,
2927 1978 3032 2032 hoc
3079 1983 3189 2039 est,
3222 1980 3539 2028 ccssaturos

1923 2089 2047 2131 esse
2076 2084 2131 2131 et
2160 2074 2576 2131 concludendos
2609 2073 2883 2145 prmdixit.
2931 2068 3012 2125 Tu
3044 2078 3229 2123 autem
3270 2073 3324 2120 et
3353 2078 3537 2119 mora-

1922 2170 2051 2225 liter
2078 2166 2396 2237 parabolam
2428 2181 2664 2235 expone,
2690 2172 2745 2220 et
2767 2178 2834 2219 ne
2860 2176 2984 2218 cum
3009 2158 3088 2216 sis
3112 2158 3287 2221 dives,
3313 2156 3368 2209 in
3393 2154 3539 2207 malo

1927 2268 2169 2315 mentem
2204 2268 2353 2313 tuam
2404 2257 2714 2312 famelicam
2760 2264 3089 2325 praetereas,
3141 2262 3319 2317 neque
3350 2244 3539 2313 despi-

1920 2353 2035 2409 cias
2069 2352 2124 2407 in
2142 2353 2369 2407 humum
2417 2351 2722 2422 projectam
2754 2358 2831 2413 et,
2872 2363 2995 2403 cum
3025 2345 3173 2398 facta
3206 2342 3279 2397 sit
3328 2349 3386 2394 ut
3416 2352 3539 2394 sur-

1924 2462 2045 2503 sum
2076 2445 2284 2512 tendat,
2310 2455 2441 2500 ante
2494 2444 2640 2499 fores
2669 2443 2970 2513 jacentem,
3001 2438 3096 2493 sed
3135 2434 3389 2490 introduc
3415 2445 3537 2486 eam

1931 2541 2099 2605 intro,
2132 2548 2188 2596 et
2211 2553 2323 2594 non
2355 2547 2464 2592 stet
2491 2536 2646 2602 foris,
2672 2550 2773 2590 nec
2800 2542 3051 2603 vagetur,
3084 2542 3185 2583 nec
3206 2527 3410 2596 jaceat,
3442 2522 3540 2579 sed

1932 2640 2208 2703 operetur.
2253 2630 2321 2686 Et
2354 2630 2434 2686 sic
2488 2644 2548 2685 ea
2599 2642 2721 2699 quae
2761 2625 2981 2688 mentis,
3036 2618 3276 2693 operari,
3321 2630 3377 2673 et
3430 2630 3537 2671 non

1934 2724 2107 2779 solum
2137 2722 2195 2779 in
2222 2738 2390 2779 carne
2421 2721 2665 2779 deliciari
2700 2718 2929 2792 poteris.
2965 2714 3150 2772 Facile
3182 2711 3344 2767 fuerit
3368 2709 3534 2766 etiam

1935 2817 2040 2871 alia
2071 2832 2193 2887 qua
2220 2815 2279 2872 in
2306 2816 2411 2872 hac
2437 2813 2695 2887 parabola
2739 2820 2866 2869 sunt
2896 2807 2965 2864 ad
2996 2819 3208 2861 morum
3243 2800 3547 2859 utilitatem.

1936 2923 2225 2980 exponere.

222 2984 345 3039 ἀλλ’
381 2987 695 3057 ἐνεργείτω.
730 2988 918 3057 Οὕτως
965 2993 1076 3063 γὰρ
1116 2994 1184 3048 ἄν
1213 3012 1296 3049 σοι
1328 2996 1547 3070 ὑπάρξῃ
1615 2999 1677 3053 τὸ
1712 3002 1857 3057 κατὰ
1892 3001 2019 3057 νοῦν
2048 3005 2318 3075 ἐνεργεῖν,
2367 3003 2464 3056 καὶ
2531 3001 2607 3072 μὴ
2657 3002 2816 3072 μόνον
2867 2998 3013 3055 κατὰ
3063 2996 3245 3068 σάρκα
3297 2998 3534 3069 τρυφᾷνο

225 3076 339 3131 Καὶ
396 3079 445 3131 τ’
494 3078 630 3135 ἄλλα
680 3079 739 3134 δέ
783 3080 886 3151 τῆς
933 3084 1258 3158 παραϐολῆς
1310 3088 1495 3160 ῥᾴδιον
1531 3093 1611 3155 είς
1648 3092 1813 3163 ἦοους
1852 3094 2130 3164 ὠφέλειαν
2156 3092 2511 3149 ἐκλαθέσθαι.

846 3197 1102 3257 ΚΕΦΔΛ.
1138 3200 1240 3260 lZ'.

224 3302 773 3393 Περίμειιιτδᾴςῑου.
790 3310 937 3393 gap}
967 3312 1075 3393 ξοῦ
1106 3314 1355 3393 ρφξῖται
1386 3318 1494 3393 τᾲς
1524 3321 1816 3393 ἁμαρτίας

303 3378 429 3461 τρῖς
452 3378 743 3461 signator.
782 3378 923 3460 Qspl
940 3380 1051 3461 [ἧς
1066 3378 1330 3461 εις-’Θεῷ
1354 3378 1660 3461 altitude.-
1673 3378 1816 3461 Περὶ

298 3444 427 3532 τέξῃ
457 3444 615 3532 δέκα
647 3444 909 3532 λεπρῶὶο.
943 3444 1081 3532 αξξρι
1132 3444 1241 3532 'zos
1271 3444 1489 3532 ﬁrmos
1511 3444 1813 3532 nam;

298 3513 511 3583 θέντος
534 3517 679 3572 πότε
700 3513 935 3591 ἔρχεται
967 3513 1473 3600 ἠξβασιλειαξτοῧ
1501 3513 1671 3588 ὁὲᾶῧέ

272 3647 326 3697 γι
363 3625 497 3685 Εῐπε
535 3632 594 3689 δέ
642 3634 779 3706 πρὸς
822 3638 952 3702 τοὺς
1003 3640 1280 3712 μαθητὰς,
1332 3645 1653 3704 ἀνένδεκτόν
1700 3652 1817 3706 ἐστι
1915 3640 1919 3644 ’

220 3721 324 3813 τοῦ
363 3722 441 3794 μὴ
471 3724 647 3780 ἐλθεῖν
671 3728 740 3782 τὰ
770 3730 1067 3798 σκάνδαλα,
1093 3736 1218 3790 οὐαὶ
1257 3737 1313 3793 δὲ
1344 3738 1413 3793 δι’
1438 3734 1501 3795 οὗ
1535 3742 1812 3813 ἔρχονται·

222 3810 500 3905 λυσιτελεῖ
527 3816 677 3889 αὐτῷ
703 3820 752 3873 εί
804 3820 973 3891 μύλος
1012 3824 1192 3890 ὀνικὸς
1223 3830 1532 3900 περίκειται
1570 3810 1700 3905 περὶ
1728 3835 1819 3890 τὸν

222 3904 712 4000 τράχηλοναύτοῦ,
768 3914 863 3967 καὶ
894 3913 1152 3987 ἔρριπται
1184 3921 1264 3985 εἰς
1294 3922 1397 3994 τὴν
1437 3904 1736 3994 θάλασσαν,
1782 3929 1817 4000 ἢ

226 3997 319 4091 ῖνα
354 3999 690 4077 σκανδαλίσῃ
721 4003 817 4058 ἕνα
852 4006 962 4062 τῶν
997 4011 1211 4081 μικρῶν
1246 4014 1473 4069 τούτων.
1510 3997 1819 4091 Προσέχετε

225 4090 464 4156 ἑαυτοῖς.
512 4092 638 4147 Ἐὰν
668 4095 724 4148 δὲ
758 4097 983 4173 ἁμάρτῃ
1013 4102 1093 4164 είς
1128 4102 1188 4156 σέ
1229 4106 1257 4158 ὀ
1288 4105 1517 4175 ἀδελφός
1553 4127 1668 4177 σου,
1702 4090 1820 4167 ἐπι⁸

224 4181 461 4252 τίμησον
504 4184 675 4257 αὐτῷ’
709 4188 805 4241 καὶ
834 4190 931 4243 ἐὰν
961 4196 1294 4267 μετανοήσῃ,
1330 4197 1469 4267 ἄφες
1518 4201 1691 4272 αὐτῷ,
1726 4205 1821 4258 καὶ

228 4274 328 4329 ἐάν
388 4277 619 4342 ἑπτάκις
669 4281 767 4355 τῆς
818 4283 1033 4355 ἡμέρας
1093 4286 1405 4360 ἁμαρτήσει
1458 4296 1537 4357 εἰς
1588 4296 1669 4361 σὲ,
1726 4300 1821 4351 καὶ⁵

226 4370 460 4459 ἑπτάκις
490 4371 804 4448 ἐπιστρέψῃ
833 4377 913 4440 είς
930 4376 1009 4443 et,
1040 4378 1235 4449 λέγων,
1267 4383 1555 4451 Μετανοῶ,
1586 4389 1821 4459 ἀφήσεις

226 4457 403 4531 αὐτῷ.
439 4480 459 4514 ι
524 4461 744 4537 Ἐπειδὴ
774 4467 823 4520 οἱ
852 4466 1161 4540 Φαρισαῖοι,
1196 4474 1593 4547 φιλοχρήματοι
1642 4457 1819 4548 ὄντες,

1851 3215 1900 3277 C

2502 3208 2734 3266 CAPUT
2771 3208 2939 3265 XVII.

1917 3326 2306 3397 Degscandalo.
2342 3326 2500 3392 Quod
2524 3328 2840 3381 remittenda
2865 3329 2968 3382 sint
3000 3327 3259 3397 proximis
3290 3337 3527 3396 peccata.

1992 3395 2069 3451 De
2100 3395 2205 3464 ﬁde
2247 3397 2303 3450 in
2336 3397 2523 3451 Deum.
2564 3397 2641 3451 De
2670 3398 2846 3452 decem
2875 3395 3117 3465 leprosis.
3162 3398 3240 3451 De
3266 3395 3398 3452 Jesu
3448 3399 3537 3451 in-

1994 3476 2280 3536 terrogato,
2310 3465 2666 3533 Quandonam
2700 3477 2973 3523 venturum
3006 3470 3070 3524 sit
3093 3484 3311 3538 regnum
3339 3467 3462 3524 Dei.

1996 3652 2165 3711 Vens.
2214 3654 2331 3710 1-4.
2384 3673 2403 3707 ι
2459 3654 2607 3711 Dixit
2633 3667 2818 3711 autem
2862 3657 2929 3709 ad
2978 3654 3279 3725 discipulos
3323 3671 3336 3708 :
3385 3654 3531 3709 Fieri

1923 3758 2030 3799 non
2068 3754 2249 3814 potest
2291 3745 2424 3815 quin
2456 3747 2678 3802 veniant
2703 3747 3069 3816 otl‘endicula;
3106 3763 3187 3804 vas
3221 3758 3403 3801 tamen
3455 3745 3533 3803 illi

1876 3838 1893 3857 “
1923 3850 2021 3906 per
2047 3851 2211 3906 quem
2241 3837 2487 3893 veniunt.
2522 3838 2760 3911 Expedit
2801 3840 2875 3894 illi
2921 3842 2967 3894 si
3003 3841 3144 3894 mola
3170 3842 3407 3895 asinaria
3436 3856 3532 3911 po-

1924 3938 2087 3983 natur
2116 3931 2260 3985 circa
2294 3930 2494 3986 collum
2520 3932 2661 4002 ejus,
2688 3943 2741 3986 et
2769 3938 3046 4003 projectus
3072 3931 3236 3987 fuerit
3265 3933 3317 3987 in
3354 3949 3528 3999 mare,

1923 4021 2103 4089 potius
2145 4035 2306 4091 quam
2340 4033 2401 4078 ut
2428 4022 2761 4099 otijendiculo
2791 4025 2865 4078 sit
2908 4026 2998 4078 uni
3030 4026 3099 4080 de
3134 4024 3347 4095 pusillis
3380 4025 3525 4082 istis.

1923 4112 2126 4180 Cavete
2156 4114 2327 4169 vobis.
2363 4112 2422 4169 Si
2462 4100 2771 4185 peccaverit
2823 4117 2878 4171 in
2925 4127 2977 4172 te
3022 4115 3191 4173 frater
3242 4127 3391 4183 tuus,
3446 4119 3530 4173 in-

1925 4217 2089 4272 crepa
2130 4202 2279 4257 illum
2320 4221 2333 4256 :
2378 4214 2432 4259 et
2473 4204 2519 4260 si
2574 4205 2917 4275 paenituerit,
2969 4209 3188 4263 remitte
3218 4206 3325 4263 illi.
3369 4208 3437 4263 Et
3481 4212 3529 4265 si

1927 4293 2135 4363 septies
2162 4296 2219 4349 in
2245 4293 2335 4350 die
2368 4297 2679 4365 peccaverit
2706 4296 2762 4351 in
2794 4308 2867 4356 te.
2892 4308 2945 4352 et
2970 4300 3173 4367 septies
3199 4300 3253 4354 in
3284 4302 3371 4355 die
3400 4316 3531 4357 con-

1927 4398 2119 4439 versus
2154 4385 2319 4441 fuerit
2366 4389 2432 4443 ad
2472 4397 2543 4454 te,
2582 4389 2793 4455 dicens,
2842 4388 3078 4444 Paenitet
3140 4406 3228 4446 me
3260 4410 3273 4446 :
3311 4393 3533 4448 remitte

1929 4475 2080 4530 illi.)
2142 4477 2413 4545 Quoniam
2475 4477 2741 4535 Pharisaei
2798 4483 2953 4536 avari
3038 4484 3530 4541 obmurmurabant

224 4554 580 4625 διεγόγγυζον
629 4558 774 4613 κατὰ
833 4560 930 4615 τοῦ
978 4563 1188 4633 Κυρίου
1238 4566 1370 4637 περὶ
1427 4569 1821 4644 άκτημοσύνης

1927 4576 2117 4624 contra
2149 4569 2439 4625 Dominum
2475 4572 2541 4628 de
2576 4580 2899 4643 paupertate
2946 4574 3283 4658 loquentem,
3332 4577 3529 4648 quibus

223 4644 502 4716 λέγοντος,
550 4648 674 4705 εἶπε
723 4652 824 4724 μὲν
863 4654 957 4707 καὶ
996 4656 1093 4726 τὴν
1122 4656 1218 4710 τοῦ
1251 4658 1510 4714 πλουσίου
1580 4664 1677 4717 καὶ
1724 4663 1820 4718 τοῦ

224 4737 477 4810 Λαζάρου
509 4741 853 4814 παραδολὴν,
883 4743 1147 4799 δεικνύων
1168 4748 1353 4803 αὐτοῖς
1382 4750 1472 4804 διὰ
1493 4751 1701 4825 ταύτης
1727 4754 1819 4809 οἵα

223 4826 423 4895 αὐτοὺς
454 4832 675 4898 κόλασις
708 4835 987 4903 ἐκδέξεται
1016 4837 1107 4891 διὰ
1154 4840 1217 4892 τὸ
1244 4840 1624 4911 φιλόπλουτον.
1652 4846 1819 4914 Λέγει

222 4919 283 4973 δὲ
317 4919 504 4975 λοιπὸν
535 4924 631 4977 καὶ
678 4925 817 4997 πρὸς
848 4928 977 4992 τοὺς
1015 4928 1266 5001 μαθητὰς
1316 4935 1412 4988 καὶ
1460 4937 1589 5006 περὶ
1637 4936 1821 4992 αὐτῶν

224 5009 338 5064 τῶν
371 5014 700 5084 Φαρισαίων,
738 5020 1214 5094 σκανδαλουργοὺς
1261 5027 1545 5097 ἐμφαίνων
1595 5030 1818 5100 αὐτοὺς,

228 5100 337 5171 καὶ
374 5104 712 5175 ἐμποδιστὰς
740 5109 841 5179 τῆς
888 5111 1040 5177 θείας
1070 5114 1213 5181 ὁδοῦ,
1248 5121 1342 5170 καὶ
1372 5118 1460 5171 διὰ
1488 5119 1649 5173 τοῦτο
1690 5122 1817 5175 οὐαὶ

226 5193 415 5260 αὐτοῖς
438 5198 787 5271 ἁποκληρῶν.
823 5203 888 5256 Τί
911 5200 1006 5258 οὗν
1048 5222 1247 5276 φησιν,
1302 5207 1523 5279 ἴδωμεν.
1570 5211 1812 5265 Ἀνένδε-

225 5286 360 5340 κτόν
408 5289 527 5343 ἐστι
577 5290 653 5363 μὴ
706 5294 886 5349 ἐλθεῖν
912 5296 983 5350 τὰ
1037 5297 1333 5365 σκάνδαλα,
1375 5301 1500 5355 οὐαὶ
1548 5303 1604 5355 δὲ
1656 5302 1723 5357 δι’
1753 5298 1815 5357 οὗ

225 5377 470 5447 ἔρχεται,
520 5384 843 5452 τουτέστιν,
896 5387 1163 5445 ἀδύνατόν
1215 5391 1332 5444 ἐστι
1392 5392 1468 5463 μὴ
1518 5392 1696 5448 ἐλθεῖν
1746 5396 1815 5449 τὰ

226 5470 523 5536 υκάνδαλα,
569 5475 690 5545 ἦτοι
719 5477 788 5530 τά
818 5477 1123 5549 κωλύματα
1162 5484 1264 5552 τῆς
1306 5483 1520 5555 ἀγαθῆς
1550 5486 1643 5539 καὶ
1692 5486 1815 5541 θεο-

226 5560 419 5631 φιλοῦς
449 5563 751 5631 πολιτείας.
813 5570 1056 5640 ’Δνάγκη
1080 5574 1189 5645 γὰρ
1218 5574 1305 5627 διὰ
1349 5576 1447 5644 τὴν
1474 5576 1677 5647 πολλὴν
1707 5578 1816 5631 τῶν

226 5653 533 5726 ἀνθρώπων
557 5662 823 5733 πονηρίαν
849 5664 1151 5735 κωλύματα
1192 5668 1364 5723 πολλὰ
1392 5670 1488 5723 τοῦ
1520 5668 1817 5741 κηρύγμαο

1924 4670 1981 4717 et
2014 4662 2329 4732 parabolam
2361 4664 2497 4719 dixit
2534 4665 2600 4720 de
2641 4666 2808 4721 divite
2852 4676 2908 4724 et
2950 4666 3179 4736 Lazaro,
3230 4671 3527 4726 ostendens

1924 4755 2005 4810 eis
2054 4770 2154 4826 per
2196 4755 2370 4824 illam,
2422 4768 2625 4828 quanta
2662 4768 2887 4829 propter
2921 4775 3164 4815 amorem
3211 4761 3525 4817 divitiarum

1925 4845 2189 4915 supplicia
2219 4850 2435 4917 passuri
2479 4860 2607 4904 sunt
2638 4867 2651 4904 :
2684 4850 2816 4905 dicit
2849 4866 2996 4906 nunc
3026 4850 3093 4906 ad
3130 4852 3427 4921 discipulos
3461 4854 3527 4909 de

1925 4937 2117 4993 iisdem
2164 4938 2479 5008 Pharisaeis,
2522 4942 2883 4999 manifestans
2933 4958 3029 5000 eos
3082 4957 3206 5000 esse
3235 4946 3526 5001 seandalo-

1924 5044 2046 5085 rum
2077 5038 2353 5098 auctores,
2385 5042 2440 5088 et
2470 5034 2833 5105 impedientes
2865 5052 2897 5091 a
2926 5036 3011 5090 via
3036 5036 3153 5102 Dei,
3189 5046 3242 5090 et
3276 5048 3528 5107 propter-

1926 5137 1989 5178 ea
2015 5137 2097 5178 ναι
2127 5124 2207 5179 eis
2240 5123 2612 5193 indigentium.
2640 5125 2937 5184 Videamus
2984 5130 3149 5198 igitur
3175 5130 3304 5199 quid
3334 5131 3479 5185 dicat
3509 5151 3523 5187 :

1926 5211 2069 5269 Fieri
2113 5230 2219 5274 non
2263 5227 2444 5286 potest
2474 5228 2531 5273 ut
2561 5234 2667 5274 non
2708 5221 2969 5276 eveniant
3008 5222 3290 5286 scandala,
3320 5224 3398 5293 (α)
3448 5242 3526 5279 va:

1921 5313 2104 5360 autem
2150 5308 2227 5361 illi
2285 5323 2379 5377 per
2415 5323 2576 5378 quem
2627 5310 2858 5367 veniunt
2907 5331 2919 5366 :
2976 5312 3187 5367 scilicet
3241 5312 3356 5367 fieri
3416 5330 3522 5371 non

1920 5408 2097 5468 potest
2144 5408 2203 5454 ut
2251 5416 2356 5455 non
2410 5404 2634 5459 veniant
2672 5406 2951 5471 scandala,
2992 5407 3093 5462 hoc
3137 5417 3238 5471 cst,
3290 5408 3521 5479 impedi-

1924 5501 2106 5545 menta
2157 5492 2311 5547 bona:
2361 5495 2579 5564 Deoque
2638 5498 2850 5567 placitae
2899 5501 3040 5553 vitae.
3092 5500 3328 5557 Necesse
3376 5504 3519 5556 enim

1923 5595 2141 5653 propter
2175 5586 2398 5640 multam
2446 5582 2724 5644 hominum
2774 5592 3038 5646 malitiam
3073 5594 3239 5646 multa
3290 5595 3544 5663 impedi-‘

1928 5684 2108 5729 menta
2140 5678 2545 5744 pracdieationis
2576 5691 2629 5736 et
2653 5683 2897 5737 veritatis
2931 5684 3181 5738 inveniri.
3218 5684 3308 5739 Va:
3339 5698 3520 5741 autem

298 5836 376 5908 (ιι)
397 5835 540 5895 Edit.
580 5840 707 5897 Lut.
742 5842 945 5914 omisit,
979 5862 1053 5902 ra:
1079 5857 1253 5902 autem
1291 5848 1370 5903 illi
1399 5866 1491 5920 per
1538 5869 1690 5921 quem
1738 5853 1946 5907 veniunt
1982 5872 1997 5909 .·
2031 5855 2229 5911 scilicet
2252 5856 2493 5925 ﬁerinun
2528 5874 2693 5931 potest
2755 5869 2940 5914 utnon
2986 5862 3195 5916 veniant
3242 5865 3520 5922 παραίσια.
