4100 6334
617 408 727 474 983

1538 407 2122 470 THEOPHYLAC’I‘I
2165 409 2577 470 BULGARI/E
2618 407 2973 469 ARCHIEP.

3760 401 3858 465 98l

622 521 694 575 illi
726 534 820 589 per
839 533 997 589 quem
1036 520 1273 586 veniunt,
1296 520 1348 575 id
1370 531 1474 586 est,
1508 519 1584 576 illi
1612 521 1700 590 qui
1729 536 1792 576 ea
1825 519 1973 586 facit,
2001 520 2180 590 quales

2292 541 2379 586 τος
2439 521 2531 576 καὶ
2563 521 2661 591 τῆς
2692 520 2951 591 ἀληθείας
2974 515 3283 589 εὑρεθῆναιο
3318 513 3458 585 πλὴν
3488 513 3604 568 ἀλλ’
3639 513 3764 567 οὐαὶ
3788 518 3862 586 τῷ

617 619 745 668 sunt
767 609 1154 679 Pharisaeiﬁqui
1174 610 1451 668 oﬂ'endunt
1471 619 1524 666 et
1551 611 1833 676 prohibent
1847 610 2186 678 praedicatio-

618 715 762 756 nem.
805 700 879 772 (a)
905 701 974 754 At
1017 700 1261 772 plerique
1327 702 1707 756 addubitantes
1761 708 2033 769 quaerunt,
2060 715 2183 753 num

617 806 838 845 necesse
874 790 963 855 sit,
1004 793 1261 847 eveniant
1287 792 1562 858 scandala,
1593 807 1713 862 quae
1747 790 2184 860 praedicationem

616 895 838 948 prorsus
870 880 1032 952 423
1069 882 1386 952 impediunt.
1420 881 1597 948 Quare
1634 881 1798 952 igitur
1829 882 2182 947 condemnas,

617 971 860 1037 Domine,
883 983 936 1027 et
954 975 1182 1029 miseros
1198 974 1332 1029 dicis
1355 989 1447 1029 eos
1476 974 1833 1044 qui‘scandala
1864 973 2183 1030 faciunt?ex

617 1065 941 1119 necessitate
969 1066 1112 1120 enim
1144 1065 1277 1121 tales
1302 1066 1431 1120 facti
1457 1075 1601 1121 sunt.
1628 1065 1800 1121 Omne
1831 1074 2009 1121 autem
2041 1067 2184 1136 quod

617 1154 1008 1219 necessarium,
1036 1155 1154 1212 hoc
1182 1165 1238 1209 et
1266 1157 1418 1210 venia
1458 1156 1706 1225 dignum.
1753 1154 1859 1211 Sed
1882 1155 2005 1209 audi
2040 1155 2181 1225 quod

613 1245 911 1318 necessitas
949 1246 1036 1300 illa
1078 1262 1143 1303 ex
1175 1249 1454 1304 voluntate
1505 1249 1668 1304 habet
1725 1248 1933 1303 initium
1968 1266 1983 1314 ;
2024 1257 2100 1314 et,
2128 1260 2185 1302 ut

619 1337 937 1406 explicatius
969 1339 1140 1394 dicam
1179 1380 1194 1404 ,
1258 1339 1521 1395 Dominus
1570 1341 1759 1395 videns
1796 1339 2056 1394 malitiam
2089 1341 2186 1394 ho-

614 1427 816 1482 minum
848 1430 938 1497 qui
971 1433 1280 1484 tunc‘erant
1315 1447 1328 1483 :
1369 1431 1521 1500 proni
1559 1433 1702 1486 enim
1750 1440 1906 1486 erant
1939 1432 1991 1486 in
2023 1447 2184 1488 omne

612 1521 836 1588 malum,
862 1521 1104 1592 nihilque
1149 1521 1273 1578 boni
1305 1523 1572 1592 eligebant
1617 1524 1800 1579 :‘dicit
1845 1525 1986 1595 quod
2011 1539 2183 1594 quan-

616 1620 728 1663 tum
763 1611 829 1664 ad
861 1613 1300 1681 consequentiam
1350 1627 1536 1668 eorum
1598 1629 1718 1683 qua:
1774 1614 2047 1679 videntur,
2083 1630 2182 1670 ne-

612 1712 763 1754 cesse
809 1700 878 1754 sit
918 1701 1103 1755 venire
1137 1701 1411 1756 scandala.
1461 1701 1652 1757 Maliti:
1721 1704 1884 1773 igitur
1940 1704 2027 1758 cui
2065 1711 2180 1759 stu-

611 1791 739 1845 dent
792 1791 1058 1859 homines,
1111 1807 1177 1848 ex
1229 1794 1506 1849 voluntate
1534 1804 1634 1850 est.
1687 1794 1943 1865 Operatio
2000 1806 2178 1852 autem

611 1881 1058 1939 odendiculorum
1096 1886 1406 1940 necessario
1455 1887 1710 1941 malitiam
1757 1889 2049 1950 comitatur
2084 1907 2095 1941 :
2129 1897 2180 1942 et
2213 1879 2254 1932 Β

612 1971 683 2025 ita
716 1977 1057 2042 pr0pterhoc
1097 1985 1150 2030 et
1175 1979 1426 2044 puniendi
1475 1989 1601 2032 sunt
1635 1978 2015 2033 scandalorum
2051 1995 2171 2034 auc-

612 2075 778 2120 tores.
806 2065 872 2120 Et
902 2081 996 2137 age
1027 2067 1268 2122 dicamus
1302 2071 1572 2139 exempla.
1617 2070 1821 2126 Videns
1872 2073 2176 2143 quempiam

576 2158 851 2214 'medicus
904 2161 1097 2215 malam
1147 2161 1359 2216 diaetam
1441 2177 1662 2218 servare
1715 2174 1769 2219 et
1817 2165 2176 2220 insatiabilem

611 2263 755 2316 esse,
776 2251 907 2307 dicit
935 2268 948 2305 :
986 2252 1361 2308 Necessarium
1387 2264 1466 2310 est
1513 2256 1662 2311 illum
1690 2266 1976 2327 aegrotare.
2040 2256 2176 2312 Num

612 2341 777 2410 igitur
829 2341 1050 2397 morbus
1099 2345 1484 2400 necessarius?
1537 2346 1738 2412 Etiam,
1795 2357 2064 2417 quatenus
2114 2351 2178 2403 ad

613 2432 766 2487 mala:
795 2434 966 2488 diaetas
995 2437 1455 2492 consecutionem.
1511 2437 1916 2506 Propterea-va:
1949 2440 2032 2497 his
2089 2441 2178 2510 qui

613 2521 1048 2591 praedicationem
1079 2525 1398 2594 impediunt,
1436 2541 1500 2580 eo
1525 2527 1666 2596 quod
1713 2529 1770 2580 in
1805 2537 2012 2583 tantam
2051 2543 2177 2598 per-

612 2623 871 2667 venerunt
911 2615 1194 2681 malitiam,
1238 2627 1317 2681 ut
1345 2617 1509 2671 etiam
1566 2620 1884 2674 necessario
1928 2620 2180 2674 eveniant

610 2705 885 2766 scandala.
922 2706 985 2760 Et
1019 2706 1298 2776 expediret
1339 2709 1510 2779 magis
1548 2709 1753 2764 homini
1811 2710 2066 2765 scandala
2125 2721 2182 2765 et

611 2790 932 2848 oﬂ‘endicula
963 2795 1185 2850 facienti
1246 2797 1438 2852 molam
1475 2798 1766 2854 asinariam
1802 2800 1855 2853 in
1903 2799 2041 2855 collo
2063 2801 2182 2870 ejus

611 2883 865 2951 appendi,
898 2893 952 2937 et
983 2885 1172 2954 projici
1211 2899 1332 2940 eum
1383 2887 1435 2941 in
1467 2901 1641 2954 mare,
1685 2903 1845 2958 quam
1899 2896 2062 2943 unum
2113 2905 2178 2945 ex

610 2973 822 3042 pusillis
850 2973 1098 3030 ﬁdelibus
1132 2977 1490 3032 scandalizari
1534 2988 1587 3034 et
1613 2982 1876 3036 subverti.
1906 2981 2030 3037 Ideo
2063 2997 2180 3036 mu-

611 3064 690 3116 uit
719 3064 1012 3135 discipulos
1041 3081 1190 3131 suos,
1226 3077 1278 3121 et
1306 3067 1472 3124 dicit:
1529 3068 1727 3124 Cavete
1782 3076 1957 3126 vobis.
2017 3073 2176 3139 Ecce,

611 3157 806 3226 inquit,
840 3159 1074 3228 praedico
1113 3160 1264 3216 vobis
1293 3162 1435 3230 quod
1479 3164 1694 3218 venient
1748 3166 1908 3232 mala,
1955 3167 2178 3221 inexcu-

2291 617 2357 671 δι’
2383 610 2445 671 οὗ
2475 614 2745 684 ἔρχονται,
2776 612 2855 684 τῷ
2880 611 3088 684 ἐργάτῃ
3108 609 3338 672 τούτων,
3368 602 3470 660 οἷοι
3499 609 3547 660 oi
3574 609 3859 678 Φαρισαῖοι

2293 706 2754 771 σκανδαλίζοντες,
2796 704 2891 759 καὶ⁵
2939 703 3238 763 κωλύοντες
3271 700 3331 754 τὸ
3379 700 3670 775 κήρυγμα.
3703 701 3860 754 Ἀλλά

2291 800 2514 870 ζητοῦσι
2547 798 2732 852 πολλοὶ
2767 794 3193 873 ἐπαποροῦντες,
3245 795 3292 847 εί
3333 792 3550 860 ἀνάγκη
3581 786 3757 845 ἐλθεῖν
3796 791 3863 845 τὸ.

2292 892 2585 956 σκάνδαλα,
2604 892 2695 943 καὶ
2717 889 2977 943 ἀδύνατον
2994 885 3070 957 μὴ
3087 883 3479 956 ἐμπώισθῆναι
3498 883 3560 936 τὸ
3575 873 3859 954 κήρυγμα,

2287 985 2376 1038 διά
2406 986 2456 1037 τί
2483 983 2668 1037 λοιπὸν
2706 980 3078 1050 κατακρίνεις,
3123 972 3185 1030 ὣ-
3214 976 3408 1044 Κύριε,
3439 975 3530 1029 καὶ
3557 974 3864 1038 ταλανίζεις

2287 1077 2414 1141 τοὺς
2443 1076 2552 1130 τῶν
2581 1073 2895 1128 σκανδάλων
2927 1070 3161 1142 ἐργάτας
3189 1086 3202 1134 ;
3237 1068 3295 1131 ἐξ
3319 1067 3565 1136 ἀνάγκης
3607 1065 3715 1136 γὰρ
3739 1065 3862 1133 ἐγέ-

2288 1187 2440 1224 νοντο
2503 1167 2756 1230 τοιοῦτοι,
2799 1166 2910 1219 πᾶν
2963 1164 3020 1218 δέ
3063 1158 3552 1228 τὺάναγκαστικὸν
3585 1157 3683 1211 καὶ
3737 1172 3867 1224 συγ·

2288 1263 2546 1330 γνωστόν.
2596 1258 2736 1312 Ἀλλ’
2777 1260 2940 1313 ἄκουε
2980 1257 3064 1310 ὅτι
3091 1256 3123 1325 ἡ
3154 1253 3383 1320 ἀνάγκη
3409 1249 3547 1320 αῦτη
3583 1253 3647 1303 ἐκ
3674 1265 3864 1318 προαι-

2291 1357 2495 1426 ρέσεως
2546 1353 2661 1423 ἔχει
2701 1351 2800 1420 τὴν
2834 1348 3030 1420 ἀρχὴν,
3088 1342 3201 1399 οἷόν
3262 1361 3314 1398 τι
3346 1341 3509 1410 λέγω,
3571 1343 3600 1394 6
3660 1341 3866 1408 Κύριος

2286 1450 2427 1520 δρῶν
2475 1447 2574 1518 τὴν
2621 1443 2885 1516 πονηρίαν
2915 1440 3024 1495 τῶν
3052 1440 3170 1493 τότε
3203 1434 3533 1508 ἀνθρώπων,
3570 1433 3665 1487 καὶ
3713 1434 3862 1496 ὅπως

2286 1561 2564 1628 ἔγκεινται
2595 1559 2687 1610 ἐπὶ.
2722 1557 2782 1610 τὺ
2807 1554 3065 1625 πονηρὸν,
3109 1553 3205 1606 καὶ
3247 1549 3399 1604 οὐδὲν
3439 1545 3646 1615 ἀγαθὸν
3673 1559 3866 1612 προαιο

2289 1652 2532 1723 ροῦνται,
2577 1646 2752 1712 εἶπεν,
2810 1649 2892 1700 ὅτι
2951 1647 3072 1700 ὅσον
3102 1643 3210 1698 ἀπὸ
3255 1641 3355 1712 τῆς
3401 1637 3723 1696 ἀκολουθίας
3755 1633 3864 1685 τῶν

2284 1745 2575 1816 ὁρωμένων
2603 1742 2817 1811 ἀνάγκη
2852 1740 2998 1792 ἐστὶν
3029 1737 3202 1790 ἐλθεῖν
3223 1733 3292 1788 τὰ
3317 1730 3612 1786 σκάνδαλα.
3670 1727 3735 1780 Ἥ
3764 1725 3865 1795 μὲν

2284 1835 2376 1892 οὖν
2411 1835 2665 1907 πονηρία,
2706 1835 2770 1904 ἣν
2797 1829 3186 1901 ἐπετηδεύοντο
3235 1827 3281 1880 οἱ
3309 1823 3610 1895 ἄνθρωποι,
3637 1821 3699 1872 ἐκ
3729 1835 3864 1887 προ-

2283 1927 2568 1998 αιρέσεως,
2605 1928 2637 1994 ἡ
2663 1924 2719 1976 δὲ
2748 1922 2852 1976 τῶν
2887 1920 3199 1975 σκανδάλων
3233 1916 3466 1986 ἐργασία
3507 1915 3571 1965 ὲκ
3613 1910 3714 1978 τῆς
3767 1924 3863 1960 πο-

2283 2015 2474 2086 νηρίας
2521 2012 2835 2080 ἀναγκαίως
2881 2007 3340 2079 ἐπηκολούθησεν,
3395 2001 3535 2055 ὥστε
3589 2001 3677 2052 διὰ
3705 2001 3864 2049 τοῦτο

2285 2111 2376 2161 καὶ
2401 2106 2678 2160 κολαστέοι
2729 2107 2776 2156 οἱ
2801 2103 2908 2156 τῶν
2938 2099 3250 2154 σκανδάλων
3279 2096 3529 2166 ἐργάται.
3577 2093 3685 2154 Ὧς,
3728 2087 3864 2156 φέρε

2283 2204 2458 2255 εἰπεῖν
2509 2201 2601 2254 ἐπὶ
2638 2196 3060 2265 ύποδείγματος,
3112 2191 3292 2260 ἰατρὸς
3327 2187 3468 2258 ὁρῶν
3491 2202 3614 2238 τινα
3655 2180 3864 2252 μοχθη-

2288 2297 2393 2366 ρώς
2439 2292 2814 2362 διαιτώμενον,
2857 2289 2950 2340 καὶ
3005 2284 3278 2353 ἀπληστίᾳ
3334 2283 3637 2351 χρώμενον,
3671 2275 3860 2325 είποι³

2298 2387 2619 2456 Ἀναγκαῖόν
2652 2386 2765 2438 ἐστι
2822 2382 3010 2435 τοῦτον
3049 2379 3296 2446 νοσῆσαι.
3339 2369 3468 2443 'Ap'
3507 2367 3600 2424 οὖν
3633 2370 3663 2439 ἡ
3709 2366 3866 2426 νόσος

2281 2482 2582 2551 ἀναγκαία;
2609 2479 2737 2542 Ναὶ,
2770 2477 2892 2530 ὅσον
2917 2473 3024 2528 ἀπὸ
3049 2476 3145 2543 τῆς
3171 2466 3488 2528 ἀκολουθίας
3518 2464 3617 2534 τῆς
3655 2462 3866 2532 μοχθη-

2283 2577 2384 2647 ρᾶς
2417 2572 2646 2642 διαίτης.
2712 2571 2810 2624 Διά
2868 2567 3027 2620 τούτο
3081 2563 3203 2617 οὐαὶ
3247 2564 3358 2622 τοῖς
3391 2557 3749 2647 ἐμποδίζουσι
3783 2555 3867 2626 τῷ

2283 2646 2623 2737 κηρύγματι,
2657 2663 2791 2715 διότι
2839 2661 2919 2722 είς
2947 2656 3206 2710 τοσοῦτον
3239 2651 3439 2713 κακίας
3471 2646 3665 2720 ἦλθον,
3719 2646 3866 2698 ὥστε

2260 2761 2524 2829 ’ἀνάγκην
2577 2756 2830 2827 γενέσθαι
2858 2752 2949 2805 τοῦ
2974 2751 3150 2804 ἐλθεῖν
3179 2747 3249 2800 τά
3285 2744 3576 2798 σκάνδαλα.
3610 2739 3723 2794 Καὶ
3753 2739 3866 2806 γὰρ

2286 2869 2558 2940 συμφέρει
2619 2867 2698 2937 τῷ
2749 2860 3023 2934 ἀνθρώπῳ
3059 2859 3137 2930 τῷ
3171 2855 3441 2911 σκάνδαλα
3482 2856 3578 2906 καὶ
3626 2849 3866 2921 ἐμπόδια

2286 2963 2530 3016 ποιοῦντι
2576 2959 2745 3029 μύλον
2801 2954 2980 3008 όνικὸν
3043 2950 3420 3022 περιτεθῆναι,
3457 2945 3554 2999 καὶ
3596 2942 3865 3014 βληθῆναι

2282 3057 2362 3118 είς
2398 3053 2496 3123 τὴν
2525 3050 2819 3113 θάλασσαν,
2857 3046 2890 3116 ἢ
2933 3045 3030 3098 ἐνα
3058 3043 3167 3096 τῶν
3208 3039 3421 3112 μικρῶν
3456 3035 3662 3090 πιστῶν
3691 3050 3866 3086 σκαν-

2280 3146 2489 3200 δαλίσαι
2525 3146 2620 3198 καὶ
2684 3139 3034 3212 περιτρέψαι.
3068 3136 3159 3189 Διὸ
3203 3131 3565 3203 ἀσφαλίζεται
3594 3128 3721 3190 τοὺς
3757 3143 3868 3196 μα·

609 3248 805 3304 sabiles
833 3251 982 3304 estis.
1036 3249 1415 3308 Necessarium
1460 3255 1602 3309 enim
1657 3265 1716 3309 ut
1773 3259 1991 3312 veniant
2056 3258 2173 3324 illa,

2284 3239 2472 3311 θητάς,
2505 3237 2598 3292 καί
2660 3253 2823 3307 φησι·
2883 3231 3187 3304 Προσέχετε
3236 3228 3474 3289 ἑαυτοῖς.
3507 3220 3866 3324 ,Ἰδοὺρφησὴ

611 3351 716 3390 non
747 3352 966 3394 necesse
999 3348 1178 3394 autem
1214 3357 1309 3398 vos
1351 3343 1550 3412 peri-re,
1588 3345 1630 3400 si
1664 3348 1878 3415 quidem
1933 3349 2179 3405 munive-

605 3428 729 3484 ritis
750 3437 804 3484 et
835 3431 1176 3486 armaveritis
1209 3447 1325 3488 vos.
1368 3432 1748 3491 Necessarium
1781 3441 1924 3494 enim
1960 3451 2045 3496 est
2091 3455 2179 3495 ve-

609 3520 725 3573 nire
752 3519 958 3589 lupum,
983 3522 1077 3576 sed
1113 3523 1156 3576 si
1191 3521 1492 3594 vigilaverit
1519 3535 1730 3595 pastor,
1765 3543 1870 3583 non
1924 3544 2176 3585 necessa-

608 3613 749 3668 rium
778 3624 859 3668 est
892 3615 1067 3683 perire
1096 3629 1256 3685 oves,
1309 3617 1403 3674 sed
1439 3619 1598 3688 lupus
1633 3619 1834 3676 frustra
1877 3621 2033 3677 hians
2065 3625 2180 3678 abi-

613 3705 710 3760 bit.
744 3705 885 3760 Dixit
915 3706 1079 3776 igitur
1111 3709 1226 3763 haec
1249 3709 1314 3764 de
1345 3709 1430 3765 his
1466 3711 1555 3780 qui
1595 3710 1894 3778 offendunt,
1927 3712 2031 3768 hoc
2073 3723 2176 3777 est,

608 3796 907 3864 impediunt
938 3806 993 3851 et
1022 3809 1241 3854 nocent.
1270 3800 1534 3866 Quoniam
1567 3811 1747 3858 autem
1772 3803 1958 3859 multa:
1985 3804 2178 3859 horum

607 3883 923 3942 diderentiae
977 3906 991 3949 :
1047 3905 1171 3943 nam
1233 3891 1320 3944 alii
1377 3893 1596 3962 quidem
1669 3905 1798 3948 sunt
1836 3896 2178 3964 incurabiles,

608 3977 797 4047 quales
827 3977 1136 4045 Pharisaei}
1173 3981 1260 4035 alii
1295 3998 1424 4039 vero
1445 3984 1736 4050 sanabiles,
1760 3987 1951 4056 quales
1983 3987 2181 4044 fratres

614 4068 825 4125 Domini
880 4085 1006 4141 erga
1061 4071 1346 4128 Dominqu
1389 4057 1616 4144 ipsum‘.
1680 4092 1806 4131 nam
1852 4093 2027 4148 neque
2081 4080 2179 4149 ipsi

611 4162 904 4218 credebant
935 4164 988 4219 in
1023 4179 1144 4220 eum
1173 4179 1186 4222 :
1219 4167 1343 4235 quia
1373 4166 1536 4236 igitur
1559 4168 1740 4223 multa;
1774 4169 2178 4238 impedientium

612 4253 946 4321 diﬂ‘erentiae,
1008 4257 1302 4314 verisimile
1370 4259 1533 4314 etiam
1580 4260 1844 4328 quosdam
1894 4261 1984 4331 qui
2038 4262 2178 4317 idem

609 4348 853 4415 credant,
884 4348 1018 4404 tales
1044 4365 1165 4404 esse
1193 4367 1207 4415 ;
1237 4357 1292 4403 et
1342 4362 1622 4420 propterea
1667 4351 1835 4405 dicit:
1892 4352 1950 4407 Si
1984 4367 2177 4423 pecca-

608 4441 747 4494 verit
772 4441 824 4495 iu
862 4450 913 4494 te
951 4440 1116 4494 frater
1139 4449 1283 4505 tuus,
1316 4456 1482 4510 argue
1510 4457 1631 4496 eum
1663 4451 1718 4496 tu
1749 4444 1916 4507 solus,
1953 4452 2006 4497 et
2033 4457 2180 4500 sear-

606 4548 764 4589 sum:
798 4541 852 4588 et
880 4533 1146 4602 siquidem
1192 4534 1425 4590 audierit
1470 4544 1543 4598 te,
1606 4534 1850 4589 lucratus
1897 4548 1956 4588 es
1991 4534 2138 4589 illum
2161 4553 2182 4587 ε-

2283 3333 2531 3405 προλέγω
2559 3331 2711 3400 ὑμῖν,
2736 3330 2818 3381 ὅτι
2851 3327 2971 3397 ἦξει
2997 3323 3063 3377 τά
3081 3321 3250 3384 κακά,
3282 3316 3684 3385 ἀναπολόγητοί
3711 3316 3863 3368 ἐστε.

2296 3424 2532 3492 Ἀνάγκη
2563 3421 2661 3492 μὲν
2695 3420 2800 3489 γὰρ
2833 3418 2985 3488 ἥξειν
3011 3413 3214 3477 ἐκεῖνα,
3249 3413 3349 3465 ούκ
3373 3410 3586 3479 ἀνάγκη
3615 3409 3671 3462 δὲ
3716 3407 3867 3474 ὑμᾶς

2282 3513 2600 3577 ἀπολέσθαι,
2630 3513 2745 3580 εῐγε
2781 3505 3148 3579 ἀσφαλίζεσθε
3187 3503 3413 3565 ἑαυτοὺς
3456 3501 3555 3554 καὶ⁵
3593 3497 3864 3552 καθοπλί-

2283 3609 2426 3673 ζετε.
2477 3604 2720 3673 Ἀνάγκη
2772 3602 2871 3672 μέν
2928 3602 3037 3670 γὰρ
3064 3599 3156 3651 τὸν
3207 3597 3370 3648 λύκον
3399 3593 3593 3656 ἐλθεῖν,
3627 3589 3742 3644 ἀλλ’
3767 3587 3867 3641 ἐὰν

2279 3699 2585 3770 ἐγρήγορεν
2641 3697 2669 3749 6
2705 3694 2931 3764 ποιμὴν,
2982 3693 3082 3745 οὐκ
3122 3689 3336 3758 ἀνάγκη
3395 3685 3762 3756 διαφθαρῆναι
3796 3681 3868 3736 τὸ.

2283 3791 2553 3862 πρόϐατα,
2588 3787 2726 3844 ἀλλὰ
2751 3786 2843 3840 τὸν
2865 3785 3026 3838 λύκον
3068 3783 3246 3854 μάτην
3301 3780 3535 3849 χανόντα
3581 3776 3862 3832 ἀπελθεῖν.

2282 3880 2467 3936 Εἰπὼν
2496 3881 2588 3934 οὖν
2611 3878 2786 3932 ταῦτα
2810 3879 2937 3947 περὶ
2966 3877 3075 3929 τῶν
3095 3870 3558 3936 σκανδαλιζόντων
3608 3870 3704 3922 καὶ
3730 3868 3864 3937 βλα-

2283 3974 2559 4038 πτόντων,
2604 3970 2882 4024 τουτέστιν
2950 3965 3372 4037 ἐμποδιζόντων,
3428 3964 3618 4033 ἐπειδὴ
3671 3959 3868 4015 πολλαὶ

2283 4063 2536 4135 διαφοραί
2564 4065 2668 4116 είσι
2697 4061 2925 4115 τούτων’
2965 4060 3015 4112 οί
3057 4059 3158 4129 μὲν
3188 4059 3295 4127 γάρ
3321 4057 3459 4109 εἰσιν
3494 4055 3731 4118 ἀνίατοι,
3751 4047 3866 4104 οἷον

2281 4162 2329 4212 oi
2368 4160 2669 4227 Φαρισαῖοι,
2702 4157 2749 4207 οί
2789 4154 2844 4207 δὲ
2869 4152 3096 4220 ίάσιμοι,
3132 4147 3303 4202 οἷοιοί
3333 4147 3426 4201 τοῦ
3462 4146 3670 4217 Κυρίου
3703 4145 3868 4198 ἀδελ-

2262 4255 2372 4325 ιφοὶ
2407 4255 2543 4323 πρὸς
2599 4250 2761 4303 αὑτὸν
2815 4249 2907 4300 τὸν
2960 4244 3184 4317 Κύριον,
3227 4243 3349 4297 ούδέ
3397 4243 3507 4312 γάρ
3557 4240 3715 4292 αὐτοὶ
3745 4237 3868 4291 ἐπί-

2284 4363 2472 4402 στευον
2498 4346 2579 4410 εἰς
2600 4341 2787 4398 αὐτόν⁹
2817 4341 2942 4395 ἐπεὶ
2967 4340 3060 4393 οὖν
3085 4340 3277 4393 πολλαὶ
3319 4337 3576 4407 διαφοραὶ
3620 4335 3732 4388 τῶν
3764 4339 3786 4386 ὲ
3798 4353 3866 4404 μ-

2285 4439 2628 4502 ποδιζόντων·
2668 4435 2816 4497 είκὸς
2870 4435 2977 4504 γάρ
3035 4428 3174 4486 είναί
3198 4449 3352 4494 τινας
3401 4433 3498 4484 καὶ
3527 4431 3868 4499 δμοπίστους

2283 4531 2554 4592 τοιούτους
2586 4545 2599 4559 ·
2635 4528 2721 4581 διά
2751 4525 2906 4581 τοῦτό
2928 4541 3114 4596 φησιν’
3159 4523 3286 4577 Ἐὰν
3333 4525 3553 4594 ἁμάρτῃ
3609 4524 3689 4584 είς
3730 4522 3789 4573 σὲ
3839 4523 3868 4575 6

609 4629 692 4683 sin
721 4631 922 4695 minus,
967 4631 1150 4700 accipe
1174 4637 1350 4684 tecum
1389 4644 1557 4684 unum
1589 4630 1672 4684 vel
1707 4629 1865 4693 duos,
1915 4637 2022 4685 etc.
2062 4644 2180 4700 quae

2284 4622 2512 4692 ἀδελφός
2553 4637 2671 4687 σου,
2703 4618 3029 4689 ἐπιτίμησον
3059 4616 3210 4686 αὐτῷ
3243 4615 3307 4668 σὺ
3343 4616 3502 4686 μόνος
3540 4613 3662 4666 κατ’
3701 4612 3865 4671 ἰδίαν.

608 4723 716 4777 late
744 4723 967 4793 exponit
1017 4722 1352 4777 Matthaeus:
1404 4722 1579 4777 Lucas
1629 4730 1811 4776 autem
1868 4730 1924 4775 ut
1959 4722 2098 4778 dicta
2149 4737 2179 4775 a

605 4815 863 4870 Matthaeo
899 4813 1113 4870 silentio
1141 4813 1419 4882 praeteriit.
1457 4813 1639 4883 Itaque
1666 4816 1757 4886 qui
1815 4815 2047 4869 audierit
2093 4816 2178 4869 in-

604 4907 994 4977 crepationem,
1033 4905 1191 4959 venia
1214 4906 1404 4972 dignus
1434 4914 1551 4969 est;
1586 4906 1678 4974 qui
1721 4913 1900 4960 autem
1940 4921 2045 4961 non
2077 4922 2173 4961 au-

603 4995 786 5061 dierit,
816 4998 884 5050 sit
917 4994 1011 5049 tibi
1044 4995 1189 5049 velut
1210 4993 1456 5048 ethnicus
1487 5003 1540 5050 et
1565 4995 1904 5065 publicanus,
1940 4998 2041 5052 hoc
2071 5009 2171 5065 est,

606 5087 672 5142 ab
727 5086 975 5141 omnibus
1027 5093 1390 5154 contemptus,
1446 5095 1500 5138 et
1555 5087 1802 5155 indignus
1858 5099 1915 5143 ut
1956 5102 2175 5146 vocetur

605 5178 792 5232 frater.-
829 5176 1018 5231 Postea
1051 5177 1204 5246 quasi
1239 5177 1528 5247 interroget
1555 5179 1856 5247 quispiam:
1887 5179 2034 5248 Esto,
2065 5182 2179 5238 Do~

604 5267 770 5332 mine,
808 5267 921 5320 haec
974 5268 1189 5336 quidem
1238 5268 1375 5323 bene
1412 5269 1618 5323 dixeris
1655 5288 1666 5324 :
1701 5271 1748 5325 si
1796 5280 1975 5326 autem
2033 5288 2175 5342 saepe

607 5358 820 5412 veniam
848 5367 1172 5412 consecutus
1216 5358 1401 5426 fuerit,
1435 5369 1489 5415 et
1529 5361 1722 5415 iterum
1774 5371 1984 5429 noceat,
2044 5365 2172 5432 quid

607 5447 910 5505 faciendum
942 5450 1024 5502 ei?
1050 5449 1180 5502 dicit
1220 5468 1232 5503 :
1279 5449 1332 5503 Si
1368 5452 1642 5521 resipiscit
1694 5453 1910 5519 iterum,
1963 5455 2177 5509 remitte

605 5539 674 5593 ei.
711 5539 776 5594 Et
815 5544 1008 5595 iterum
1039 5558 1051 5593 :
1090 5541 1145 5594 Si
1180 5543 1376 5610 septies
1402 5543 1452 5596 in
1488 5545 1574 5597 die
1633 5547 1937 5614 peccaverit
1963 5557 2172 5607 et.con-

608 5645 799 5686 versus
841 5631 1024 5698 fuerit,
1059 5633 1272 5687 remitte
1301 5633 1370 5688 ei.
1417 5634 1626 5704 Septies
1655 5645 1833 5692 autem
1882 5640 1981 5694 hoc
2009 5638 2175 5710 424

2281 4717 2374 4770 καὶ
2399 4716 2464 4769 ἂν
2499 4714 2597 4784 μὲν
2626 4712 2835 4783 ἀκούσῃ
2876 4728 2990 4776 σου,
3024 4709 3324 4780 ἐκέρδησας
3355 4706 3516 4760 αὐτόν
3537 4721 3553 4736 ’
3597 4707 3646 4757 εί
3679 4705 3736 4758 δέ
3764 4705 3867 4775 μὴ,

2280 4806 2564 4877 παράλαϐε
2625 4803 2762 4873 μετὰ
2795 4802 2888 4856 σοῦ
2935 4803 3032 4854 ἕνα
3087 4801 3119 4871 ἢ
3153 4800 3266 4863 δύο,
3315 4799 3408 4852 καὶ
3432 4797 3558 4867 ἐξῆς
3584 4811 3598 4827 ·
3627 4799 3729 4848 ὃσα
3767 4796 3868 4865 μὲν

2278 4899 2526 4960 πλατέως
2555 4899 2581 4950 6
2603 4895 2878 4957 Ματθαῖος
2906 4892 3142 4960 ἐξέθετο,
3166 4895 3192 4945 6
3219 4891 3275 4944 δὲ
3322 4891 3537 4954 Λουκᾶς
3579 4889 3868 4958 παρεσιώο

2282 5010 2457 5063 πησεν
2509 4992 2583 5055 ώς
2634 4990 2711 5061 τῷ
2746 4988 3013 5058 Ματθαίῳ
3072 4987 3325 5058 ρηθέντα.
3379 4986 3437 5039 '0
3471 4987 3570 5056 μὲν
3620 4985 3866 5047 ἀκούσας

2283 5088 2394 5140 τῶν
2419 5085 2818 5154 ἐπιτιμήσεων,
2855 5081 3191 5150 συγγνώμης
3224 5081 3393 5145 ἄξιος,
3421 5081 3449 5132 6
3479 5079 3534 5132 δὲ
3587 5077 3664 5149 μὴ
3696 5078 3868 5132 ἀκού-

2285 5197 2404 5245 σας,
2431 5180 2570 5232 ἔστω
2608 5195 2688 5230 σοι
2719 5178 2791 5239 ώς
2815 5177 2841 5227 6
2871 5176 3082 5238 ἐθνικὸς
3109 5174 3203 5227 καὶ
3241 5177 3268 5227 6
3291 5172 3528 5243 τελώνης
3556 5215 3569 5236 ,
3612 5173 3866 5224 τουτέστι

2288 5272 2596 5341 βδελυκτὸς,
2628 5271 2723 5323 καὶ
2775 5271 2874 5321 οὐκ
2933 5268 3082 5333 ἀξιος
3108 5267 3388 5321 καλεῖσθαι
3445 5266 3690 5334 ἀδελφός.
3728 5261 3865 5319 Εἶτα

2286 5365 2475 5436 ὥσπερ
2515 5365 2757 5426 εἰπόντος
2784 5365 2926 5426 τινὸς
2945 5403 2958 5427 ,
2990 5364 3072 5416 ὃτι
3105 5361 3307 5425 Ἔστω,
3335 5360 3531 5428 Κύριε,
3561 5359 3734 5413 ταῦτα
3766 5358 3866 5427 μέν

2286 5457 2466 5519 καλῶς
2499 5457 2712 5523 διεῖλες,
2744 5457 2838 5509 ἐὰν
2863 5456 2918 5508 δὲ
2957 5454 3214 5517 πολλάκις
3246 5452 3576 5524 συγγνώμης
3608 5454 3864 5516 ἀξιωθεὶς

2285 5548 2443 5601 πάλιν
2475 5548 2706 5619 βλάπτῃ,
2760 5547 2809 5599 τί
2840 5549 3088 5618 ποιητέον
3118 5546 3305 5615 αύτῷς
3347 5546 3510 5615 φησίν
3533 5560 3544 5572 ·
3585 5547 3647 5598 Ei
3696 5563 3837 5614 μετα

2285 5642 2392 5692 νοεῖ
2421 5640 2602 5706 πάλιν,
2628 5641 2763 5708 άφες
2784 5637 2952 5708 αύτῷ.
2988 5639 3094 5691 Καὶ
3123 5636 3284 5691 πάλιν
3304 5655 3317 5668 ·
3362 5637 3480 5692 Κᾶν
3509 5637 3740 5700 ἑπτάκις
3768 5637 3864 5706 τῆς

679 5753 756 5834 (ᾳ)
798 5752 926 5808 Item
973 5756 1172 5834 omittit
1207 5774 1220 5810 :
1251 5759 1319 5834 At
1366 5759 1595 5830 plerique
1644 5761 2012 5820 addubilantes
2050 5775 2312 5834 qum-um,
2356 5783 2477 5820 num
2559 5781 2757 5822 necesse
2798 5767 2862 5819 sit
2889 5764 3122 5819 eveniant
3149 5760 3421 5829 scandala,
3491 5778 3606 5832 qua:
3665 5764 3862 5830 pra-di-

608 5825 861 5879 rationem
889 5840 1102 5893 prorsus
1132 5829 1436 5895 impediunt.
