4100 6334
258 412 374 480 985

1051 409 1502 473 ENARRATIO
1534 408 1614 471 ΙΝ
1646 404 2159 471 EVANGELIUM
2209 408 2451 472 LUCAE.
2488 431 2557 444 -·
2594 407 2755 469 CAP.
2781 404 2977 468 XVII.

3468 398 3573 465 986
3586 428 3595 437 ε

260 525 479 598 ἡμέρας
511 524 837 598 ἐπιστρέψῃ,
876 522 1013 594 ἄφες
1068 524 1243 595 αὐτῷ.
1280 526 1355 579 Τὸ
1400 526 1458 579 δὲ
1501 525 1737 587 ἑπτάκις
1774 524 1858 577 ὲν·

1970 523 2092 580 loco
2128 539 2228 594 pro
2259 523 2467 593 sacpius
2499 522 2737 593 positum
2769 529 2852 577 est
2879 538 2895 588 ;
2920 518 3065 579 sicut
3086 524 3140 575 ct
3173 532 3296 574 cum
3329 516 3567 576 dicitur:

261 617 442 674 ταῦθα
470 618 591 673 ἀντὶ
628 616 746 683 τοῦ,
783 611 1047 682 πολλάκις
1104 619 1304 683 κεῖται,
1366 617 1564 688 ὥσπερ
1629 616 1726 669 καὶ
1775 614 1859 676 τὸ,

264 711 395 764 Ὀτι
428 713 614 780 στεῖρα
645 709 830 763 ἔτεκεν
857 708 1015 763 ἑπτά.
1056 708 1282 773 Ὁσάκις
1312 707 1406 763 οὖν
1438 710 1710 779 μετανοεῖ,
1744 723 1865 760 τοσ-

266 798 505 862 αυτάκις
549 798 699 869 αύτῷ
757 799 979 865 ἀφιέναι
1011 800 1113 853 δεῖ.
1147 799 1240 871 Μὴ
1272 800 1381 871 γὰρ
1419 787 1483 871 δή
1544 800 1735 870 νόμιζε
1775 800 1860 852 ὅτι

264 890 509 960 ἀριθμὸν
538 889 756 961 τίθησιν
794 893 821 944 ὁ
864 891 1072 963 Κύριος
1103 890 1203 961 τῆς
1263 892 1694 962 συγχωρήσεως,
1748 888 1863 942 ἀλλ’

259 984 407 1053 ὅπερ
430 974 601 1047 εἷπον,
630 982 690 1036 τὸ
715 983 965 1046 ἑπτάκις,
992 983 1113 1037 άντὶ
1137 983 1253 1046 τοῦ,
1288 983 1574 1046 πολλάκις,
1607 982 1701 1034 καὶ
1731 985 1867 1037 ἀνα-

265 1072 513 1144 ρίθμητα
553 1074 686 1140 νόει,
717 1076 910 1145 ὥσπερ
942 1075 1036 1127 καὶ
1074 1062 1143 1127 ἑν
1174 1075 1239 1145 τῇ
1274 1073 1496 1145 συνήθει
1551 1072 1743 1144 ὁμιλίᾳ
1773 1072 1865 1125 λέ-

264 1181 465 1234 γομεν,
506 1166 831 1237 μυρίανδρος
857 1167 1033 1235 πόλις,
1066 1168 1162 1237 οὐχ
1192 1168 1277 1220 ὅτι
1306 1167 1534 1237 μυρίους
1567 1165 1703 1235 ἔχει,
1738 1165 1869 1227 ίσως

260 1257 378 1328 γὰρ
412 1259 507 1312 καὶ
535 1258 777 1322 πλείους,
807 1257 924 1313 ἀλλ’
952 1260 1073 1312 άντὶ
1099 1260 1218 1324 τοῦ,
1260 1259 1623 1329 πολύανδρος,
1669 1258 1865 1322 εἰπεῖν,

268 1349 847 1421 μυρίανδρος,φαμέν.
881 1350 1006 1404 Ὀτι
1050 1350 1105 1404 δὲ
1147 1350 1310 1405 τοῦτο
1355 1350 1526 1418 λέγει,
1562 1348 1721 1419 δῆλον
1761 1349 1870 1403 ἀπὸ

264 1440 367 1493 τοῦ
396 1442 703 1497 Ματθαίου.
748 1442 898 1496 Ἐκεῖ
921 1443 1031 1515 γὰρ
1064 1442 1142 1516 τῷ
1180 1442 1371 1515 Πέτρῳ
1417 1442 1626 1496 εἰπόντι
1651 1457 1664 1471 ·
1695 1436 1865 1513 Ἀρα,

267 1533 468 1602 Κύριε,
528 1534 634 1599 ἕως
691 1534 921 1600 ἑπτάκις
982 1536 1328 1607 συγχωρήσω
1382 1534 1569 1605 αύτῷ;
1622 1530 1792 1587 Εἶπεν
1840 1536 1868 1587 ὁ

270 1626 479 1698 Κύριος
502 1644 516 1659 ο
544 1629 703 1700 Οὐχὶ,
731 1629 847 1683 ἀλλ’
874 1629 1341 1699 ἑϐδομηκοντάκις
1364 1628 1527 1694 ἑπτὰ,
1557 1627 1645 1683 διὰ
1675 1627 1868 1680 τούτου

264 1718 330 1770 τὸ
386 1719 756 1792 ἀναρίθμητον
791 1721 1095 1789 ύποδηλῶν.

351 1830 370 1862 r
399 1811 512 1864 Καὶ
580 1809 737 1867 εἷπον
792 1816 841 1867 oi
911 1813 1201 1867 ἀπόστολοι
1228 1813 1306 1884 τῷ
1335 1811 1527 1884 Κυρίῳ
1567 1830 1581 1843 ο
1624 1812 1867 1882 Πρόσθες

264 1902 405 1971 ἡμῖν
457 1902 659 1957 πίστιν.
714 1898 850 1957 Εἶπε
884 1906 940 1959 δὲ
1004 1906 1031 1959 ό
1084 1878 1323 1976 Κυρίος’
1352 1878 1638 1974 Εί-είχετε
1680 1878 1869 1959 πίστιν
1902 1878 1944 1937 Β

264 1992 345 2056 ὡς
404 1995 603 2047 κόκκον
685 1995 998 2063 σῖνάπεως,
1046 1997 1265 2065 ἐλέγετε
1328 1995 1394 2055 ἂν
1445 1998 1512 2066 τῇ
1581 1994 1869 2066 συκαμίνῳ

263 2090 483 2163 ταύτῃ*
536 2092 952 2165 Ἐκριζώθητι,
1008 2094 1104 2147 καὶ
1171 2093 1468 2164 φυτεύθητι
1534 2095 1591 2145 ἑν
1650 2094 1716 2163 τῇ
1772 2091 1869 2145 θα-

264 2182 467 2255 λάσσῃ,
521 2186 616 2238 καὶ
681 2187 998 2257 ὑπήκουσεν
1046 2187 1112 2240 ἂν
1171 2187 1321 2257 ύμῖν.
1387 2186 1483 2248 Τίς
1534 2185 1591 2238 δὲ
1618 2184 1677 2255 ἑξ
1710 2184 1866 2254 ὑμῶν

261 2274 453 2330 δοῦλον
483 2276 623 2347 ἔχων
679 2279 1088 2352 ἀροτριῶνταῆ
1140 2279 1525 2348 ποιμαίνοντα,
1580 2276 1641 2339 ὃς
1687 2276 1865 2329 εἰσελ-

265 2368 417 2424 θόντι
452 2371 603 2440 αὑτῷ
652 2372 716 2425 ἑκ
766 2371 857 2425 τοῦ
890 2371 1066 2439 ἀγροῦ
1099 2374 1217 2442 ὲρεῖ
1259 2388 1274 2403 ·
1309 2371 1529 2433 Εὐθέως
1576 2368 1867 2439 παρελθὼν

263 2458 563 2525 ἀνάπεσαι,
617 2461 732 2515 ἀλλ’
775 2463 897 2531 οὐχὶ
927 2464 1045 2532 ἐρεῖ
1070 2460 1220 2531 αύτῷ
1254 2476 1267 2492 ·
1316 2459 1643 2529 Ἑτοίμασον
1671 2459 1724 2510 τί
1754 2458 1866 2511 δει-

266 2552 484 2623 πνήσω,
515 2555 610 2606 καὶ
648 2553 1099 2624 περιζωσάμενος
1142 2554 1383 2609 διακόνει
1420 2573 1532 2625 μοι,
1570 2555 1674 2618 ἕως
1706 2554 1867 2624 φάγω

274 2645 369 2697 καὶ
410 2646 541 2709 πίω,
575 2645 671 2699 καὶ
706 2646 844 2716 μετὰ
872 2645 1048 2699 ταῦτα
1110 2648 1350 2715 φάγεσαι
1393 2648 1485 2700 καὶ
1544 2646 1731 2699 πίεσαι
1763 2646 1864 2711 σύ;

275 2735 375 2806 Μὴ
404 2738 567 2807 χάριν
605 2737 822 2808 ἔχειτῷ
849 2738 1023 2808 δούλῳ
1054 2740 1268 2809 ἐκείνῳ,
1300 2741 1381 2793 ὅτι
1404 2739 1630 2809 ἐποίησε
1654 2740 1721 2793 τὰ
1751 2739 1865 2792 δια-

262 2829 537 2899 ταχθέντα
574 2829 755 2900 αύτῷ;
818 2830 893 2884 Οὺ
926 2830 1091 2884 δοκῶ.
1143 2830 1303 2885 Οὕτω
1368 2832 1464 2883 καὶ
1505 2832 1690 2901 ὑμεῖς,
1732 2831 1864 2884 ὅταν

266 2922 538 2990 ποιήσητε
570 2922 752 2974 πάντα
791 2920 861 2974 τὰ
894 2921 1256 2991 διαταχθέντα
1313 2922 1462 2991 ὑμῖν,
1493 2921 1684 2991 λέγετε
1710 2961 1725 2984 ,
1781 2922 1865 2975 ὅτι

277 3012 513 3082 Ἀχρεῖοι
541 3011 696 3065 δοῦλο
761 3014 950 3082 ἐσμεν,
981 3012 1009 3065 ὃ
1035 3012 1340 3083 ὠφείλομεν
1359 3016 1608 3083 ποιῆσαι,
1636 3013 1867 3082 πεποιή-

268 3120 470 3173 καμεν.
530 3122 549 3156 ι
606 3105 671 3157 Oi
711 3104 1003 3157 ἀπόστολοι
1040 3105 1328 3157 ἐπίστευον
1384 3105 1485 3175 μὲν
1535 3104 1613 3174 τῷ
1648 3105 1862 3174 Κυρίῳ,

1970 616 2188 672 Sterilis
2216 617 2428 687 peperit
2464 626 2696 685 septem.
2733 614 2958 681 Quoties
2991 612 3157 683 igitur
3183 611 3564 682 ptenitentiam

1970 709 2102 782 agit,
2135 709 2296 764 toties
2354 709 2634 764 remittere
2681 714 2919 776 oportet.
2973 703 3093 760 Non
3146 704 3295 758 enim
3351 703 3564 774 cogites

1969 805 2112 873 quod
2154 802 2416 857 Dominus
2452 808 2617 870 ponat
2666 814 2954 854 numerum
3018 795 3362 851 remissionis
3406 833 3421 855 .
3474 794 3569 849 sed

1971 909 2066 965 per
2097 894 2300 963 septies
2320 893 2561 963 intellige
2596 892 2819 960 saepius,
2846 900 2901 946 et
2933 890 3050 944 sine
3067 903 3299 944 numero
3334 906 3347 942 :
3376 902 3571 957 quem-

1971 988 2270 1043 admodum
2308 995 2362 1042 et
2422 987 2476 1039 in
2519 984 2777 1039 familiari
2831 983 3105 1052 colloquio
3166 980 3405 1037 dicimus
3475 994 3572 1035 ur-

1972 1084 2091 1138 bem
2126 1082 2313 1137 decem
2351 1078 2603 1144 millium,
2636 1093 2743 1132 non
2776 1074 2921 1145 quod
2958 1074 3147 1129 decem
3171 1072 3341 1126 millia
3372 1079 3431 1125 et
3454 1084 3560 1125 non

1972 1176 2158 1247 plures
2196 1174 2343 1229 viros
2374 1172 2574 1227 habeat
2611 1188 2626 1227 :
2681 1184 2805 1225 nam
2837 1167 3087 1223 fortassis
3124 1166 3305 1236 plures
3357 1162 3521 1218 habet
3554 1181 3569 1218 :

1972 1268 2068 1324 sed
2094 1267 2234 1322 idem
2268 1264 2451 1319 dicere
2514 1263 2766 1319 volumus
2808 1275 2871 1316 ac
2912 1260 2955 1315 si
3014 1258 3321 1315 diceremus
3372 1255 3575 1310 multo-

1974 1375 2094 1413 rum
2125 1359 2390 1413 virorum.
2422 1354 2491 1410 Et
2541 1356 2683 1425 quod
2727 1354 2832 1409 hoc
2879 1352 3030 1406 dicat
3096 1349 3451 1405 manifestum
3492 1357 3576 1402 est

1974 1468 2041 1507 ex
2065 1451 2338 1506 Matthaeo.
2371 1449 2491 1505 illic
2518 1447 2675 1503 enim
2705 1461 2831 1502 cum
2868 1445 3098 1500 dixisset
3142 1442 3372 1498 Petrus:
3420 1440 3571 1494 Nun-

1973 1544 2124 1615 quid,
2176 1540 2426 1606 Domine,
2467 1554 2641 1610 usqne
2689 1538 2894 1608 septies
2942 1535 3218 1591 remittam
3253 1534 3302 1588 ei
3326 1533 3408 1586 "1
3457 1531 3567 1585 Do-

1974 1635 2157 1690 minus
2188 1633 2364 1688 dixit:
2400 1631 2542 1697 Non,
2607 1630 2700 1687 sed
2732 1628 3040 1699 septuagies
3096 1626 3319 1696 septies,
3372 1635 3425 1679 et
3480 1639 3578 1694 per

1974 1728 2077 1783 hoc
2112 1723 2530 1780 innumerabilia
2566 1722 2837 1793 designat.

2046 1817 2210 1873 Vsus.
2269 1817 2426 1872 5-l0.
2471 1835 2491 1869 ι
2554 1815 2625 1871 Et
2673 1814 2931 1868 dixerunt
2992 1809 3224 1880 apostoli
3279 1806 3565 1863 Domino:

1972 1911 2197 1984 Adauge
2224 1910 2381 1965 nobis
2408 1908 2590 1963 ﬁdem.
2627 1908 2775 1962 Dixit
2810 1916 2993 1963 autem
3020 1903 3283 1958 Dominus
3312 1914 3327 1953 :
3366 1900 3424 1955 Si
3475 1900 3576 1954 ha-

1973 2004 2177 2060 beretis
2212 2004 2370 2058 fidem
2404 2002 2546 2057 sicut
2597 2015 2825 2070 granum
2853 1998 3083 2068 sinapis,
3121 1994 3401 2050 dixissetis
3452 1993 3577 2047 huic

1972 2097 2152 2153 arbori
2216 2095 2534 2167 sycamino,
2588 2091 2884 2146 Eradicare
2933 2101 2987 2145 et
3039 2087 3442 2158 transplantare
3506 2086 3559 2138 in

1973 2202 2123 2242 mare
2149 2225 2164 2252 ,
2193 2194 2247 2242 et
2272 2184 2549 2241 obedisset
2580 2184 2755 2239 vobis.
2789 2181 2924 2248 Quis
2953 2189 3133 2245 autem
3165 2189 3411 2233 vestrum
3472 2177 3573 2230 Ita-

1972 2278 2105 2334 bens
2137 2294 2354 2334 servum
2387 2284 2632 2330 arantem
2671 2285 2763 2328 aut
2810 2258 3153 2341 pascentem,
3183 2268 3274 2337 qui
3328 2281 3575 2339 regresso

1972 2371 2043 2427 ab
2074 2386 2206 2441 agro
2240 2370 2424 2424 dicat:
2466 2366 2660 2423 Statim
2700 2365 2869 2421 transi
2899 2374 2954 2422 et
3008 2364 3271 2419 accumbe
3306 2379 3320 2427 ;
3356 2376 3421 2415 ac
3465 2375 3573 2413 non

1969 2463 2155 2535 potius
2186 2463 2318 2518 dicit
2343 2462 2417 2516 illi
2459 2477 2473 2515 :
2500 2460 2638 2515 Para
2673 2460 2817 2530 quod
2843 2472 3077 2523 ccenem,
3109 2466 3164 2510 et
3202 2453 3473 2526 prmcinge
3500 2461 3575 2517 te,

1973 2570 2037 2610 ac
2075 2554 2324 2610 ministra
2352 2553 2484 2608 mihi
2514 2553 2688 2607 donec
2719 2552 2885 2605 edcro
2906 2560 2961 2604 et
2987 2548 3194 2621 hibero,
3225 2556 3280 2602 et
3307 2556 3427 2615 post
3460 2545 3577 2597 haec

1972 2649 2120 2704 edito
2161 2646 2406 2703 etbihito
2438 2648 2535 2701 tn?
2570 2644 2707 2699 Num
2743 2644 2980 2715 gratiam
3038 2641 3203 2697 habet
3242 2654 3421 2715 [servo
3475 2635 3575 2698 illi,

1972 2743 2100 2811 quia
2135 2740 2265 2796 fecit
2299 2740 2708 2809 quaeintperata
2748 2737 3000 2793 fuerant?
3037 2734 3153 2790 Non
3185 2719 3336 2805 p’nto.
3392 2729 3485 2784 Sic
3523 2738 3578 2781 et

1973 2850 2069 2888 vos
2096 2848 2221 2887 cum
2274 2831 2513 2886 feceritis
2562 2831 2746 2885 omnia
2779 2845 2900 2899 qua:
2933 2838 3203 2899 praecepta
3235 2835 3365 2898 sunt
3398 2820 3577 2883 vobis,

1971 2927 2135 2982 dicite
2169 2941 2183 2980 :
2215 2923 2371 2979 Servi
2414 2924 2632 2978 inutiles
2686 2940 2878 2999 sumus
2910 2938 2924 2977 :
2958 2922 3103 2994 quod
3159 2918 3451 2975 debuimus
3508 2913 3580 2967 fa-

1970 3034 2114 3083 cere,
2141 3018 2392 3073 fecimus.
2426 3035 2443 3069 ι
2467 3015 3024 3084 Apastolicredebant
3052 3013 3273 3082 quidem
3296 3008 3529 3062 Domino
3552 3047 3566 3071 ,

1973 3127 2164 3166 verum
2200 3122 2379 3164 tamen
2409 3124 2531 3163 cum
2555 3108 2836 3162 venissent.
2853 3108 2904 3161 in
2927 3103 3320 3160 conscientiam
3343 3099 3577 3154 inﬁrmi-

267 3197 412 3267 πλὴν
434 3197 514 3261 είς
539 3197 893 3268 συναίσθησιν
914 3199 1013 3267 τῆς
1046 3196 1334 3259 ἀσθενείας
1373 3196 1553 3250 αὐτῶν
1591 3194 1858 3261 ἐλθόντες,

1976 3204 2103 3259 tatis
2132 3218 2265 3268 suae,
2320 3211 2378 3257 et
2406 3201 2752 3257 audivissent
2787 3199 3075 3254 Dominum
3114 3198 3179 3251 de
3208 3195 3424 3265 mﬂ'leS
3451 3193 3578 3261 qui-

261 3291 361 3344 καὶ
415 3289 751 3353 ἀκούσαντες
810 3287 905 3342 τοῦ
950 3289 1158 3365 Κυρίρυ
1204 3289 1334 3359 περὶ
1396 3288 1650 3359 μεγάλων
1696 3287 1861 3341 τινῶν

262 3383 513 3447 εἰπόντος
542 3383 749 3449 αὐτοῖς,
792 3383 889 3435 καὶ
920 3385 1054 3453 περῖι
1074 3381 1169 3435 τοῦ
1208 3381 1459 3435 κινδύνου
1488 3380 1583 3435 τοῦ
1611 3382 1720 3436 ἀπὸ
1752 3380 1862 3435 τῶν

265 3475 610 3541 σκανδάλων,
646 3475 861 3528 δέονται
912 3474 988 3535 ὡς
1027 3473 1094 3528 ἂν
1141 3474 1417 3545 πλεονάσῃ
1455 3475 1639 3538 αὐτοῖς
1693 3475 1726 3543 ή
1761 3473 1861 3544 τῆς

262 3568 505 3629 πίστεως
533 3566 786 3637 δύναμις,
819 3566 869 3620 δι
926 3558 995 3637 ἦς
1038 3565 1361 3636 δυνήσονται
1409 3564 1604 3631 ταῦτα,
1648 3567 1682 3619 ἃ
1718 3560 1862 3630 εἶπε,

261 3660 639 3731 κατορθῶσαι,
694 3659 763 3713 τὰ
835 3659 969 3731 περὶ
1019 3657 1415 3728 ἀκτημοσύνης
1472 3657 1637 3727 φημί.
1699 3658 1865 3711 Οὐδὲν

259 3751 372 3821 γάρ
440 3749 585 3803 οὕτω
632 3749 893 3819 κατορθοῖ
930 3750 1343 3821 ἀκτημοσύνην,
1373 3752 1448 3813 ὡς
1479 3751 1541 3803 τὸ
1575 3749 1866 3805 πιστεῦσαι

261 3845 359 3899 καὶ
396 3843 671 3917 θαρρῆσαι
719 3843 840 3913 Θεῷ
885 3858 900 3873 ο
939 3841 1130 3913 ὥσπερ
1163 3843 1319 3895 οὐδὲν
1368 3840 1514 3895 οὕτω
1571 3844 1716 3896 ποιεῖ
1768 3842 1866 3912 θη-

261 3937 569 4008 σαυρίζειν,
602 3939 678 4000 ὡς
706 3934 769 3989 τὸ
795 3933 872 4004 μὴ
902 3936 1206 3998 πιστεύειν,
1243 3935 1325 3987 ὅτι
1385 3934 1561 4004 μέγας
1601 3937 1804 4005 ταμίας
1837 3937 1865 3989 ὁ

257 4029 418 4097 Θεὸς,
456 4030 550 4083 καὶ
576 4031 807 4100 ταμεῖον
845 4029 1123 4083 ἀκένωτον
1158 4026 1491 4098 ήάγαθότης
1522 4028 1709 4081 αὑτοῦ.
1741 4027 1865 4080 Ἔτι

257 4141 325 4177 τε
359 4125 455 4177 καλ.
494 4123 631 4192 πρὸς
664 4123 735 4175 τὰ
775 4122 1052 4177 σκάνδαλα
1101 4120 1191 4175 διὰ
1225 4120 1330 4190 τῆς
1362 4121 1604 4185 πίστεως
1649 4121 1865 4185 ἕξουσιν

260 4216 608 4283 ἀντιστῆναι,
642 4215 724 4268 διὸ
757 4214 1195 4288 προσερχόμενοί
1232 4231 1366 4283 φασι
1392 4230 1406 4244 ο
1442 4214 1687 4285 Πρόσθες
1724 4214 1860 4282 ἡμῖν

263 4309 474 4375 πίστιν,
525 4308 899 4377 τελειοτέρους
945 4306 1227 4372 ἀνάδειξον
1269 4309 1418 4378 ἡμᾶς
1466 4308 1525 4360 ἐν
1558 4310 1624 4379 τῇ
1682 4308 1863 4360 πίστει

258 4403 359 4457 καὶ
415 4402 817 4473 βεϐαιοτέρους.
864 4404 924 4456 '0
956 4402 1013 4457 δὲ
1064 4401 1275 4473 Κύριος
1334 4400 1597 4455 δεικνύων
1646 4402 1855 4467 αὐτοῖς,

257 4496 345 4550 ὅτι
376 4495 555 4559 καλῶς
589 4494 825 4557 αἰτοῦσι,
871 4495 966 4547 καὶ
1012 4495 1094 4548 ὅτι
1132 4492 1341 4564 ταύτην
1386 4492 1485 4564 τὴν
1514 4492 1746 4564 γνώμην
1774 4493 1859 4545 δεῖ

257 4589 461 4652 αὐτοὺς
500 4587 646 4658 ἔχειν
688 4586 915 4658 βεόαίαν
957 4586 1217 4658 περὶτῆς
1255 4587 1497 4649 πίστεως
1536 4586 1612 4650 ὡς
1649 4586 1865 4657 μεγάλα

258 4680 611 4751 δυναμένης,
644 4679 831 4748 φησὶν,
862 4680 964 4746 ὅτι,
994 4678 1059 4732 Ei
1094 4678 1271 4750 εἴχετε
1297 4680 1501 4745 πίστιν,
1530 4679 1627 4733 καὶ
1658 4679 1864 4749 ταύτην

260 4772 329 4825 ἃν
369 4773 468 4842 τὴν
519 4772 821 4841 συκάμινον
857 4770 1279 4842 μετεφυτεύετε.
1328 4770 1433 4824 Δύο
1467 4770 1525 4823 δὲ
1580 4772 1639 4824 ὲν
1673 4771 1865 4842 ταύτῷ

256 4866 329 4917 τὰ
362 4862 599 4935 μεγάλα,
629 4866 690 4917 τό
712 4880 772 4917 τε
808 4864 1248 4933 μετακινηθῆναι
1277 4863 1340 4916 τὸ
1382 4866 1529 4917 κατὰ
1561 4864 1665 4933 γῆς
1709 4865 1864 4935 ἑρῤι-

259 4955 531 5025 ζωμένον,
570 4954 665 5009 καὶ
716 4955 778 5006 τὸ
828 4956 886 5007 έν
932 4957 1000 5026 τῇ
1056 4954 1304 5025 θαλάσσῃ
1356 4955 1857 5027 μεταφυτευθῆναι·

260 5051 321 5101 ἑν
353 5047 505 5101 ὕδατι
534 5048 643 5115 γάρ
674 5048 724 5101 τί
758 5046 825 5101 ἂν
850 5046 1183 5117 φυτευθείης
1216 5048 1387 5118 Δῆλον
1430 5047 1489 5101 δὲ
1523 5048 1606 5102 ὅτι
1647 5048 1735 5101 διὰ
1764 5048 1857 5102 τοῦ

259 5140 437 5194 ταῦτα
484 5141 659 5193 εἰπεῖν
684 5156 699 5171 ο
735 5140 836 5211 τὴν
878 5140 981 5211 τῆς
1031 5140 1269 5203 πίστεως
1322 5140 1565 5194 δείκνυσι
1603 5139 1855 5211 δύναμιν.

257 5235 416 5305 Τάχα
439 5234 484 5287 δ’
515 5235 580 5289 ἄν
600 5251 685 5298 τις
706 5234 1029 5306 άλληγορῶν
1058 5235 1158 5303 τὴν
1182 5235 1506 5304 συκάμινον,
1536 5233 1679 5286 εἴποι
1719 5231 1859 5289 εἶναι

257 5325 354 5379 τὸν
391 5326 657 5394 διάσολον,
703 5326 779 5390 ώς
814 5326 909 5380 τοῦ
977 5327 1201 5382 αἰωνίου
1254 5326 1539 5397 σκώληκος
1598 5327 1861 5397 πρόξενον

260 5421 419 5489 ἡμῖν,
450 5421 546 5472 καὶ
587 5421 791 5491 τροφέα
826 5421 1114 5492 γινόμενον
1138 5420 1227 5473 διὰ
1266 5421 1377 5476 τῶν
1412 5420 1472 5488 ἑξ
1508 5420 1677 5474 αὐτοῦ
1728 5439 1861 5490 φυο-

260 5511 441 5583 μένων
472 5509 773 5582 λογισμῶν,
804 5512 905 5581 τῆς
936 5512 1044 5584 γὰρ
1070 5513 1378 5583 συκαμίνου
1402 5514 1468 5567 τὰ
1502 5513 1677 5583 φύλλα
1710 5514 1858 5567 σκώ-

256 5602 435 5674 ληκας
460 5601 745 5673 τρέφουσι,
774 5603 847 5656 δι’
878 5600 953 5657 ὧν
986 5604 1053 5658 τὰ
1085 5606 1289 5677 σηρικὰ
1340 5606 1558 5678 νήματα
1586 5607 1854 5674 γίνονται.

258 5697 483 5767 Ταύτην
511 5694 605 5751 οὖν
635 5698 735 5769 τὴν
786 5703 1089 5770 συκάμινον
1129 5703 1162 5757 ft
1211 5701 1397 5768 πίστις
1439 5702 1667 5759 δύναται
1698 5705 1853 5775 ἐκρι-

334 5882 379 5913 ⁸³
412 5880 604 5941 Matth.
637 5901 792 5952 sttit,
840 5884 923 5945 21,
958 5889 1047 5941 Si.

1972 3296 2199 3352 busdam
2257 3296 2360 3349 sibi
2388 3293 2660 3348 dicentem
2687 3301 2740 3347 et
2769 3294 2834 3347 de
2857 3290 3100 3361 periculo
3122 3290 3190 3342 ab
3212 3286 3578 3352 offendicnlis,

1970 3397 2263 3461 precantur
2304 3396 2361 3442 ut
2403 3396 2671 3458 augeatur
2698 3385 2752 3439 in
2784 3384 2862 3441 eis
2893 3384 3016 3439 fidei
3056 3384 3251 3445 virtus,
3286 3396 3571 3452 perquam

1968 3482 2182 3553 possint
2224 3480 2339 3534 base
2390 3494 2510 3549 qua:
2563 3478 2696 3533 dicit
2745 3477 3057 3548 perfici,de
3105 3482 3427 3545 paupertate
3490 3473 3573 3525 vi-

1974 3573 2191 3628 delicet.
2244 3569 2394 3625 Nihil
2435 3569 2579 3624 enim
2634 3568 2770 3622 adeo
2803 3566 2869 3621 ad
2909 3575 3289 3635 paupertatem
3337 3564 3405 3619 de
3467 3580 3575 3634 qua

1970 3667 2234 3738 loquitur,
2276 3664 2671 3735 perficiendam
2710 3662 2991 3727 conducit,
3049 3672 3212 3728 atque
3245 3660 3471 3713 credere
3521 3669 3578 3711 et

1981 3756 2258 3814 confidere
2285 3754 2437 3812 Deo:
2473 3755 2934 3826 quemadmodum
2992 3752 3127 3807 nihil
3165 3752 3237 3805 ita
3285 3750 3418 3806 facit
3462 3751 3579 3806 the-

1969 3863 2165 3905 sauros
2195 3860 2486 3916 reponere,
2523 3856 2581 3899 ut
2644 3859 2750 3900 non
2785 3844 3015 3899 credere
3049 3845 3192 3914 quod
3247 3858 3476 3913 magnus
3506 3841 3577 3895 sit

1972 3940 2345 3995 thesaurarins
2378 3938 2543 4003 Deus,
2600 3944 2656 3991 et
2714 3936 3103 3991 inexhaustum
3132 3933 3572 4004 promptuariunt

1970 4031 2186 4087 bonitas
2208 4032 2349 4101 ejus.
2396 4028 2623 4099 Insuper
2653 4040 2714 4084 ut
2778 4038 2832 4084 et
2873 4027 3214 4083 oli'cndicnlis
3276 4042 3373 4097 per
3414 4025 3573 4079 ltdcm

1969 4122 2238 4178 obsistere
2280 4120 2515 4193 possint,
2579 4121 2702 4175 ideo
2753 4120 3082 4174 accedentes
3126 4119 3317 4173 dicunt
3362 4138 3375 4171 :
3424 4118 3576 4188 Auge

1970 4215 2129 4270 nobis
2162 4214 2347 4280 ﬁdem,
2400 4212 2487 4269 fac
2533 4228 2635 4269 nos
2675 4215 3031 4282 perfectiores
3078 4221 3134 4267 et
3192 4212 3466 4266 firmiores
3520 4210 3575 4262 in

1972 4307 2096 4363 fide.
2134 4307 2398 4362 Dominus
2431 4317 2614 4362 autem
2669 4307 2968 4361 ostendens
3011 4306 3091 4361 eis
3122 4303 3265 4373 quod
3301 4303 3441 4357 bene
3466 4316 3564 4369 pe-

1974 4410 2109 4465 tant,
2148 4408 2204 4454 et
2234 4401 2379 4470 quod
2409 4401 2550 4455 hanc
2580 4409 2816 4454 mentem
2845 4397 3076 4452 firmiter
3105 4397 3307 4452 habere
3338 4397 3575 4461 debeant

1969 4494 2035 4549 de
2056 4494 2159 4548 [ide
2191 4503 2249 4547 ut
2284 4493 2512 4547 multum
2538 4492 2770 4557 efﬁcaci,
2791 4492 2921 4547 dicit
2949 4510 2961 4546 :
2993 4492 3048 4547 Si
3079 4490 3356 4545 haberetis
3386 4489 3572 4553 fidem,

1973 4589 2131 4641 istam
2169 4585 2516 4657 sycatninum
2562 4585 3102 4656 transplantassetis.
3142 4583 3259 4638 Duo
3301 4590 3481 4635 autem
3513 4581 3569 4635 in

1968 4680 2073 4735 hoc
2105 4694 2302 4749 magna
2355 4686 2505 4741 sunt,
2541 4693 2741 4748 nempe
2790 4680 2847 4733 in
2906 4680 3073 4732 alium
3128 4678 3307 4732 locum
3364 4675 3572 4730 moveri

1970 4774 2272 4849 radicatam
2326 4773 2380 4827 in
2411 4783 2581 4839 terra,
2618 4784 2673 4828 et
2723 4772 2957 4843 piantari
3012 4772 3065 4826 in
3121 4771 3281 4826 mari.
3321 4771 3378 4824 ln
3432 4785 3571 4840 aqua

1967 4863 2113 4921 enim
2136 4850 2408 4933 'quidnam
2438 4861 2756 4933 plantatur?
2785 4862 3133 4919 Manifestum
3172 4872 3357 4917 autem
3393 4863 3559 4929 quod,

1972 4963 2100 5016 dum
2136 4962 2251 5015 litec
2291 4960 2447 5028 dicit,
2501 4960 2624 5015 fidei
2660 4969 2932 5015 monstrat
2981 4961 3263 5014 virtutem.
3297 4957 3573 5011 Fortassis

1971 5062 2153 5107 autem
2188 5068 2283 5121 per
2315 5052 2630 5123 allegoriam
2666 5054 2789 5124 quis
2824 5054 3170 5124 sycantinum
3200 5052 3403 5106 dixerit
3448 5064 3571 5104 esse

1968 5145 2269 5209 diabolum,
2312 5146 2455 5214 quod
2492 5145 2651 5200 nobis
2701 5157 2892 5200 auctor
2912 5155 2969 5200 et
2992 5144 3244 5199 alumnus
3271 5144 3339 5196 sit
3370 5140 3571 5194 vermis

1970 5237 2185 5301 aeterni,
2220 5244 2446 5307 propter
2476 5237 2838 5306 cogitationes
2862 5253 3002 5306 quas
3033 5236 3120 5291 ille
3144 5240 3389 5304 generat.
3420 5229 3568 5285 Folia

1971 5330 2117 5384 enim
2149 5329 2421 5398 sycamini
2460 5342 2671 5383 vermes
2697 5339 2952 5398 pascunt,
3004 5330 3147 5383 unde
3183 5331 3315 5380 linnt
3363 5324 3561 5378 serica.

1970 5422 2121 5476 lianc
2152 5423 2315 5491 igitur
2352 5424 2695 5492 sycaminum
2723 5424 2855 5479 fides
2897 5423 3178 5477 eradicare
3222 5418 3385 5492 425
3424 5416 3568 5470 valet:

1966 5530 2030 5569 cx
2063 5513 2230 5569 corde
2286 5516 2545 5579 humano,
2578 5525 2633 5570 et
2663 5516 2717 5569 in
2774 5531 2924 5569 mare
2967 5515 3256 5585 projicere.
3299 5513 3399 5564 lioc
3459 5518 3563 5571 est,

1965 5610 2018 5663 in
2063 5608 2319 5679 abyssum
2347 5611 2597 5679 perdere.
2633 5611 2697 5664 Et
2721 5611 2849 5681 quia
2876 5611 2992 5664 inec
3019 5610 3151 5663 dicit
3184 5606 3251 5662 de
3281 5607 3402 5663 fide,
3434 5603 3560 5655 sub-

1961 5700 2042 5755 dit
2064 5696 2376 5755 doctrinam
2405 5700 2564 5756 aliam
2593 5702 2767 5773 magis
2785 5701 3172 5758 necessariam.
3202 5698 3387 5767 Qualis
3406 5691 3562 5750 [neci
