4100 6334
582 357 688 422 98.1

1476 355 2056 429 'IllEOPBYLACTl
2090 359 2503 419 BULGARLE
2538 358 2891 420 ARCHIEP.

3724 356 3827 421 988

588 471 701 529 Non
733 471 1151 546 superbiendum
1181 484 1301 526 esse
1327 471 1381 525 in
1411 471 1568 526 bonis
1588 471 1860 543 operibus.
1886 470 2154 539 Quoniam

2266 474 2432 539 ζῶσαι
2461 476 2567 528 ἀπὸ
2592 476 2820 545 καρδίας
2850 474 3222 546 ἀνθρωπίνης,
3251 474 3343 528 καὶ
3375 474 3457 537 είς
3494 472 3596 545 τὴν
3627 472 3829 527 θάλασ-

584 566 729 621 enim
763 566 893 621 ﬁdes
930 562 1092 617 multa
1116 563 1364 632 corrigit,
1395 572 1447 618 et
1482 561 1609 617 facit
1646 560 1871 633 implere
1893 566 2146 620 mandata

584 656 811 722 eumqui
848 654 988 708 illam
1023 652 1209 720 habet,
1240 668 1361 709 cum
1385 668 1449 708 eo
1478 656 1621 723 quod
1660 652 1888 708 adornat
1916 655 2149 709 miracu-

584 745 756 799 lorum
787 746 1060 812 operibus.
1090 742 1283 799 Verum
1306 746 1431 813 quia
1463 745 1753 801 verisimile
1773 746 2147 802 estbominem

582 851 643 889 ex
682 835 765 888 bis
796 836 846 889 in
878 837 1180 904 superbiam
1214 838 1469 903 incidere,
1507 837 1678 891 munit
1726 838 2000 908 apostolos
2031 838 2102 892 ita
2126 875 2143 903 ,

584 936 633 977 ut
671 942 775 979 non
813 928 1140 981 extollantur
1181 927 1233 982 in
1268 929 1425 983 bonis
1471 931 1745 999 operibus,
1791 928 2151 999 pulcherrimo

581 1018 847 1085 exemplo.
899 1016 1029 1083 Quis
1075 1020 1218 1073 enim
1249 1031 1512 1087 vestrum,
1545 1020 1735 1091 inquit,
1788 1026 2003 1075 servum
2050 1018 2151 1073 ba-

582 1108 739 1171 bcus,
781 1119 833 1162 et
860 1118 1071 1164 caetera.
1111 1111 1443 1166 Monstratur
1466 1115 1609 1167 enim
1660 1128 1757 1182 per
1791 1112 1934 1166 hanc
1988 1125 2147 1180 para-

582 1200 756 1253 bolam
786 1202 929 1269 quod
960 1217 1064 1255 non
1112 1212 1323 1271 oportet
1364 1202 1546 1257 extolli
1604 1204 1659 1258 iu
1708 1204 1849 1258 bono
1886 1202 2140 1273 quopiam

584 1306 768 1359 opere,
797 1292 903 1346 imo
936 1308 1110 1361 neque
1162 1295 1213 1347 in
1242 1294 1481 1350 omnium
1531 1295 1909 1350 mandatorum
1959 1294 2151 1364 imple-

589 1386 754 1439 tione.
784 1386 949 1439 Servo
977 1386 1121 1438 enim
1140 1389 1435 1444 necessitas
1465 1388 1803 1443 incumbitut
1825 1387 1983 1442 faciat
2004 1402 2157 1441 man-

586 1480 707 1531 data
741 1477 967 1540 domini,
994 1493 1169 1547 neque
1214 1488 1272 1533 ut
1319 1481 1514 1534 bonum
1549 1495 1684 1549 opus
1746 1480 1847 1535 sibi
1884 1479 2012 1534 illud
2062 1493 2154 1533 as-

585 1566 795 1619 cribere
822 1566 999 1621 debet.
1035 1567 1241 1638 Quippe
1272 1572 1315 1623 si
1342 1586 1445 1624 non
1474 1572 1806 1639 operabitur,
1854 1570 2046 1639 dignus
2074 1576 2157 1624 est

586 1655 771 1710 multis
803 1658 974 1728 plagis
1004 1679 1015 1713 :
1058 1676 1179 1715 cum
1221 1670 1399 1715 autem
1430 1674 1688 1731 operatus
1718 1662 1901 1729 fuerit,
1930 1670 2152 1717 conten-

589 1760 675 1803 tus
704 1752 773 1825 sit
798 1757 939 1820 quod
981 1756 1174 1821 plagas
1214 1755 1486 1825 eti‘ugerit.
1538 1755 1771 1810 Proinde
1804 1770 1912 1809 non
1944 1762 2158 1825 oportet

586 1842 654 1896 de
692 1843 790 1896 boc
815 1845 1044 1909 pretium
1081 1845 1159 1917 vel
1220 1847 1482 1900 honorem
1535 1848 1846 1902 necessario
1889 1859 2155 1916 quaerere.
2190 1839 2231 1895 Β

585 1932 951 1989 Liberalitatis
1014 1938 1155 1990 enim
1218 1938 1420 1992 domini
1477 1938 1641 1993 fuerit
1674 1938 1805 1993 dare
1872 1938 1997 2008 ipsi,
2049 1939 2158 1993 imo

586 2024 769 2093 largiri
801 2027 1096 2094 quidpiam.
1135 2027 1301 2096 Igitur
1328 2038 1383 2083 et
1414 2028 1505 2095 qui
1549 2030 1716 2084 servit
1766 2027 1900 2092 Deo,
1941 2030 2156 2083 etiamsi

586 2118 839 2171 mandata
904 2120 1173 2185 perliciat,
1210 2136 1317 2173 non
1382 2120 1539 2174 debet
1581 2118 1799 2175 ειίοΙΙί..
1839 2118 1987 2174 Nihil
2013 2121 2154 2174 enim

586 2224 837 2279 magnum
876 2210 1023 2275 fecit,
1053 2213 1146 2266 sed
1188 2227 1266 2265 va:
1313 2214 1419 2265 erit
1450 2213 1498 2265 ei
1557 2213 1659 2266 nlsi
1710 2212 1948 2279 fecerit;
2011 2213 2159 2266 sicut

586 2299 875 2366 Aposmlus
903 2301 1029 2354 dicit
1058 2319 1070 2354 :
1110 2320 1129 2352 ι
1164 2300 1255 2354 Va
1281 2302 1411 2355 mihi
1431 2302 1532 2357 nisi
1556 2304 1999 2373 evangelizavero
2020 2303 2086 2355 “.
2137 2320 2155 2354 ι

585 2387 817 2444 Proinde
843 2392 888 2445 si
915 2394 1051 2446 dona
1088 2392 1251 2447 fuerit
1279 2404 1584 2455 assecutus.
1618 2409 1722 2447 non
1753 2394 1914 2448 debet
1952 2393 2004 2447 in
2052 2393 2160 2447 illis

586 2484 885 2550 Superbire,
923 2493 975 2537 et
1010 2487 1074 2537 de
1116 2486 1195 2538 eis
1221 2484 1525 2551 sejactare.
1557 2484 1827 2539 Beneﬁcia
1859 2486 2003 2540 enim
2035 2491 2162 2539 sunt

588 2590 682 2644 per
710 2576 1142 2630 misericordiam
1191 2576 1285 2631 Dei
1314 2578 1386 2630 illi
1422 2592 1701 2643 concessa,
1753 2592 1862 2631 non
1894 2579 2035 2645 quod
2070 2579 2163 2631 de-

588 2668 707 2722 beat
740 2671 788 2722 ei
817 2670 1017 2738 aliquid
1053 2671 1343 2724 Dominus:
1371 2670 1479 2724 imo
1536 2684 1724 2724 servus
1759 2668 1921 2723 debet
1946 2669 2163 2723 domino

590 2775 689 2813 suo
715 2772 772 2813 ut
794 2761 1153 2815 faciatomnia
1190 2761 1307 2829 ejus
1350 2761 1625 2814 mandata.
1659 2758 1715 2813 Si
1747 2770 1927 2813 autem
1956 2768 2009 2812 et
2040 2774 2161 2813 eum

591 2851 771 2905 omnia
797 2852 1045 2904 mandata
1096 2851 1409 2917 fecerimus,
1444 2865 1695 2919 magnum
1731 2848 1988 2918 quiddam
2037 2859 2164 2905 tunc

590 2942 789 2995 sentire
805 2956 911 2995 non
946 2942 1227 3006 debemus,
1260 2942 1409 3010 quid,
1452 2941 1908 2994 cumvmaximarn
1939 2950 2149 3008 partem

591 3033 962 3085 mandatorum
983 3032 1071 3086 Dei
1091 3048 1198 3086 non
1217 3030 1550 3100 perlicimus,
1568 3029 1799 3099 amplius
1812 3028 2125 3083 extollimur
2140 3028 2165 3080 ?

594 3123 825 3178 Adverte
854 3136 1035 3178 autem
1066 3126 1207 3193 quod
1238 3124 1291 3178 in
1320 3124 1462 3178 dicta
1504 3122 1758 3193 parabola
1788 3121 2023 3191 primum
2064 3136 2165 3192 po-

590 3217 699 3272 suit
731 3227 998 3279 arantem,
1025 3224 1080 3270 et
1099 3214 1337 3269 subdidit
1357 3225 1544 3284 postea
1569 3220 1901 3283 pascentem.
1922 3211 2167 3266 Primum

588 3308 735 3361 enim
760 3316 976 3377 oportet
1022 3322 1142 3362 esse
1177 3314 1472 3373 aratorem,
1519 3305 1713 3359 deinde
1749 3313 1804 3359 et
1836 3300 2168 3371 pastoralem

592 3414 776 3452 curam
799 3412 1095 3453 assumere.
1121 3395 1255 3450 Nam
1295 3396 1385 3466 qui
1418 3410 1637 3450 carnem
1678 3408 1830 3449 suam
1871 3393 2010 3447 bene
2047 3406 2171 3445 ara-

594 3493 732 3545 verit
758 3491 910 3559 quasi
961 3498 1162 3545 terram
1222 3488 1538 3559 quamdam,
1590 3487 1786 3555 dignus
1843 3486 1951 3540 erit
1996 3485 2165 3541 etiam

600 3583 829 3637 aliorum
864 3592 1045 3653 pastor
1072 3581 1223 3637 'lieri.
1254 3579 1356 3649 Qui
1398 3581 1541 3635 enim
1583 3594 1693 3635 suae
1747 3578 1933 3634 domui
1988 3578 2169 3633 nescit

595 3688 827 3741 praeesse
862 3685 918 3727 ut
943 3681 1176 3741 oportet,
1199 3674 1471 3742 quomodo
1492 3672 1747 3727 Ecclesiae
1767 3686 1955 3726 curam
1982 3670 2166 3742 geret?

592 3766 700 3817 Ara
728 3764 889 3834 igitur
908 3763 1058 3832 prius
1092 3764 1344 3831 teipsum,
1367 3771 1421 3815 et
1447 3772 1569 3815 tunc
1591 3775 1786 3830 pasces
1810 3760 1944 3813 alios
1974 3798 1988 3823 ,
2024 3760 2166 3814 sicut

606 3865 659 3910 et
700 3854 962 3910 Jeremias
997 3855 1127 3909 dicit
1160 3872 1172 3907 :
1211 3853 1418 3909 Novate
1484 3854 1637 3907 vobis
1682 3852 1921 3918 novalia,
1972 3850 2168 3907 deinde

592 3945 809 4000 subdit:
844 3944 1152 4000 llluminate
1184 3959 1276 3999 vos
1305 3945 1503 3998 lumine
1526 3944 1763 3999 scientia:
1786 3961 1799 3997 :
1819 3942 1961 4012 quod
1986 3950 2166 4013 pasto-

587 4052 710 4093 rum
743 4038 1070 4107 praecipuum
1103 4050 1299 4091 munus
1328 4028 1510 4091 fuerit.

2256 582 2355 619 σαν
2393 565 2595 637 βαλεῖν,
2642 562 2947 631 τουτέστιν,
2989 567 3069 631 είς
3126 565 3225 638 τὴν
3252 566 3489 622 ἀδυσσον
3522 563 3819 619 άπολύσαι.

2265 655 2418 709 Ἐπεὶ
2442 656 2498 710 δέ
2524 656 2698 710 ταῦτα
2726 652 2847 710 εἶπε
2877 656 3007 725 περὶ
3034 654 3137 725 τῆς
3161 654 3423 719 πίστεως,
3452 653 3711 724 ἐπιφέρει
3732 653 3824 706 καὶ

2255 744 2695 821 ἀναγκαιοτάτην
2742 750 2934 821 ἑτέραν
2969 748 3345 813 διδασκαλίαν,
3377 749 3538 802 ποίαν
3592 745 3824 813 ταύτην;

2255 842 2368 912 Τὴν
2398 844 2525 912 περὶ
2557 843 2651 895 τοῦ
2692 843 2767 913 μὴ
2790 844 2903 897 δεῖν
2945 842 3372 913 μεγαλοφρονεῖν
3420 842 3517 894 ἐπὶ
3544 838 3828 910 κατορθῶ-

2259 951 2391 1005 μασι
2419 951 2432 964 ·
2473 934 2659 1004 ἐπειδὴ
2689 934 2799 1005 γάρ
2819 937 2852 1004 ἡ
2883 934 3069 996 πίστις
3092 932 3263 986 πολλά
3292 933 3568 1003 κατορθοῖ,
3599 934 3695 986 καὶ
3724 930 3831 985 τῶν

2258 1027 2486 1080 ἐντολῶν
2512 1028 2805 1097 πληρωτὴν
2830 1028 2975 1079 ποιεῖ
2995 1026 3087 1079 τὸν
3117 1023 3321 1095 ταύτην
3354 1023 3545 1093 ἔχοντα
3571 1023 3711 1092 μετὰ
3737 1020 3829 1075 τοῦ

2259 1122 2354 1173 καὶ
2382 1118 2851 1190 θαυματουργίαις
2879 1118 3255 1188 κατακοσμεῖν
3292 1115 3476 1178 αὐτὸν,
3517 1117 3581 1168 ἐκ
3628 1114 3833 1166 τούτων

2260 1213 2317 1266 δὲ
2351 1212 2496 1275 είκὸς
2520 1212 2613 1264 τὸν
2641 1211 2929 1282 ἄνθρωπον
2954 1212 3033 1273 είς
3061 1208 3547 1279 μεγαλοφροσύνην
3581 1207 3836 1258 ἐκπεσεῖν

2261 1302 2540 1366 πολλάκις,
2576 1300 2941 1369 άσφαλίξεται
2981 1301 3108 1362 τοὺς
3165 1299 3523 1364 ἀποστόλους,
3570 1297 3714 1349 ὥστε
3762 1295 3836 1365 μὴ

2262 1395 2589 1466 ἐπαίρεσθαι
2621 1394 2713 1447 ἐπὶ
2738 1392 3157 1464 κατορθώμασι,
3203 1390 3269 1444 δι’
3294 1390 3697 1457 ὑποδείγματος
3744 1404 3840 1456 χαι

2266 1486 2567 1557 ριεστάτου.
2597 1486 2694 1549 Τίς
2722 1486 2854 1555 γάρ,
2900 1485 3100 1554 φησὶν,
3136 1482 3292 1554 ὑμῶν
3323 1481 3510 1536 δοῦλον
3545 1481 3710 1550 ἔχων,
3749 1478 3841 1531 καὶ

2260 1579 2328 1631 τὰ
2372 1577 2520 1647 ἐξῆς.
2569 1578 2936 1630 Ἐνδείκνυται
2987 1576 3097 1646 γάρ
3129 1576 3217 1631 διὰ
3256 1574 3462 1642 ταύτης
3504 1572 3604 1641 τῆς
3664 1587 3844 1640 παρα·

2264 1669 2447 1737 ϐολῆς,
2488 1670 2569 1722 ὅτι
2604 1668 2665 1721 οὐ
2695 1669 2776 1722 δεῖ
2806 1666 3130 1737 ἐπαίρεσθαι
3173 1667 3262 1720 ἐπί
3290 1683 3397 1719 τινι
3425 1661 3838 1732 κατορθώματι,

2268 1760 2469 1833 μᾶλλον
2500 1759 2554 1813 δὲ
2584 1758 2705 1813 οὐδὲ
2738 1759 2830 1812 ἐπὶ
2862 1761 2930 1829 τῇ
2990 1758 3180 1811 πασῶν
3201 1757 3312 1811 τῶν
3358 1754 3591 1809 ἐντολῶν
3639 1752 3844 1820 ἐκπλη-

2262 1852 2450 1922 ρώσει.
2484 1850 2667 1919 Δούλιρ
2692 1850 2801 1919 γάρ
2828 1848 3039 1919 ἀνάγκη
3068 1848 3365 1908 ἐπίκειται,
3391 1846 3451 1897 τὸ
3470 1841 3717 1912 πληροῦν
3744 1841 3841 1902 τὰς

2260 1942 2480 2005 ἐντολάς
2510 1941 2604 1996 τοῦ
2635 1941 2866 2012 Κυρίου,
2892 1941 2951 1994 οὐ
2984 1940 3089 2011 μὴν
3126 1940 3202 2003 ὼς
3231 1936 3566 2007 κατόρθωμα
3604 1933 3845 2003 ἐπιγρά-

2260 2037 2456 2105 φεσθαι
2492 2034 2672 2105 ἐαυτῷ
2693 2034 2853 2088 τοῦτυ
2876 2034 3104 2102 ὀφείλει.
3155 2034 3215 2086 El
3250 2035 3360 2102 γὰρ
3401 2031 3475 2101 μὴ
3510 2027 3842 2098 ἐργάσηται,

2260 2128 2488 2198 πληγῶν
2520 2126 2803 2192 ἀξιωτέος,
2830 2127 2951 2179 ἐπεὶ⁵
2986 2126 3041 2178 δέ
3074 2125 3393 2193 εἰργάσατο,
3432 2120 3713 2193 ἀρκείσθω
3763 2119 3848 2171 ὅτι

2260 2222 2361 2284 τὰς
2410 2220 2625 2291 πληγὰς
2674 2220 2959 2288 ἐξέφυγεν,
3014 2219 3074 2270 οὐ
3114 2217 3220 2287 μὴν
3278 2215 3483 2283 ὀφείλει
3540 2215 3635 2265 ἐπὶ
3671 2212 3847 2282 τούτῳ

2261 2306 2428 2377 τιμὴν
2467 2307 2649 2375 ζητεῖν
2702 2306 3038 2373 ἀναγκαίως.
3089 2306 3200 2373 Τῆς
3232 2304 3339 2374 γάρ
3408 2302 3503 2356 τοῦ
3578 2302 3847 2354 δεσπότου

2264 2399 2578 2468 φιλοτιμίας
2608 2399 2725 2451 ἐστὶ
2750 2398 2810 2451 τὸ
2843 2398 3023 2451 δοῦναι
3065 2398 3237 2465 αὐτῷ,
3280 2396 3479 2466 μᾶλλον
3516 2395 3573 2448 δέ
3609 2395 3848 2465 χαρίσαο

2266 2486 2389 2539 σθαί
2428 2504 2501 2540 τι.
2528 2485 2740 2539 Οὐκοῦν
2764 2487 2858 2539 καὶ⁵
2889 2486 2966 2556 τῷ
3001 2485 3121 2554 Θεῷ
3150 2483 3438 2546 δουλεύων,
3476 2484 3586 2536 εῖτε
3618 2484 3720 2545 τὰς
3754 2483 3845 2533 ὲν-

2263 2578 2424 2640 τολάς
2479 2578 2760 2649 κατορθοῖ,
2820 2578 2922 2631 οὐκ
2980 2578 3189 2647 ὀφείλει
3264 2574 3614 2646 ἐπαίρεσθαι.
3676 2573 3850 2628 Οὐδὲν

2266 2669 2375 2739 γὰρ
2408 2669 2552 2738 μέγα
2611 2668 2869 2738 ἐποίησεν
2902 2684 2917 2700 °
2960 2669 3079 2723 ἀλλ’
3135 2668 3258 2720 οὐαὶ
3314 2662 3383 2737 ἦν
3443 2666 3616 2734 αὐτῷ,
3669 2665 3720 2717 εί
3769 2662 3848 2734 μὴ

2266 2761 2539 2830 ἐποίησεν,
2574 2761 2648 2823 ὡς
2678 2764 2706 2814 ό
2747 2753 3092 2822 ’Δπόστολός¹
3117 2776 3307 2829 φησιν,
3350 2777 3368 2809 ι
3407 2757 3543 2811 Οὐαί
3577 2774 3690 2827 μοι,
3751 2757 3849 2808 ἐὰν

2271 2854 2345 2921 μὴ
2369 2852 2833 2923 εὐαγγελίζωμαι.
2863 2872 2881 2905 ι
2922 2851 3049 2905 Οὖτ⁹
3072 2846 3139 2904 αὖ
3165 2852 3212 2903 εί
3241 2850 3600 2920 χαρισμάτων
3631 2849 3847 2919 ἔτυχεν,

2265 2942 2471 3011 ὀφείλει
2508 2942 2599 2994 ἐπὶ
2634 2940 2847 3003 τούτοις
2883 2938 3333 3010 μεγαλοφρονεῖψ
3380 2939 3703 3010 χαρίσματα
3736 2940 3850 3010 γάρ

2269 3031 2377 3083 εισι
2410 3029 2497 3082 διὰ
2539 3029 2688 3083 ἔλεον
2723 3030 2861 3083 Θεοῦ
2897 3029 3230 3100 χαρισθέντα
3302 3029 3477 3099 αὐτῷ,
3534 3029 3659 3101 οὐχὶ
3712 3029 3852 3082 διότι

2270 3116 2564 3189 ἐχρεώστει
2596 3119 2746 3190 αὑτῷ
2776 3122 2805 3172 ό
2846 3119 3133 3189 δεσπότης.
3182 3119 3402 3174 Μᾶλλον
3442 3119 3552 3193 γάρ
3587 3123 3617 3173 ὁ
3666 3119 3856 3185 δοῦλος

2271 3214 2539 3282 χρεωστεῖ
2566 3210 2642 3281 τῷ
2673 3211 2909 3281 δεσπότῃ
2941 3210 3131 3278 αὑτοῦ,
3189 3211 3251 3264 τὺ
3290 3213 3467 3265 ποιεῖν
3516 3212 3699 3275 πάσας
3752 3212 3858 3275 τὰς

2272 3301 2495 3364 ἐντολάς
2525 3300 2713 3354 αὐτοῦ.
2747 3301 2811 3354 El.
2855 3300 2911 3354 δὲ
2947 3301 3041 3355 καὶ
3080 3302 3208 3355 ὅταν
3250 3302 3430 3366 πάσας
3477 3302 3577 3367 τὰς
3630 3302 3857 3367 ἐντολάς

2272 3394 2617 3464 ποιήσωμεν,
2658 3392 2779 3446 οὐδὲ
2810 3394 2932 3447 τότε
2957 3393 3247 3463 ὀφείλομεν
3275 3394 3488 3449 οίεσθαί
3515 3412 3568 3449 τι
3602 3396 3769 3466 μέγα,
3795 3395 3856 3449 τί

2269 3485 2563 3556 γενόμεθα,
2597 3485 2730 3538 ὅταν
2760 3485 2897 3555 μηδέ
2925 3485 2985 3539 τὺ
3011 3485 3305 3541 πολλοστὸν
3334 3486 3501 3558 μέρος
3530 3551 3535 3555 Α
3559 3486 3671 3541 τῶν
3707 3488 3859 3541 ἐντο-

2271 3576 2381 3631 λῶν
2403 3575 2497 3629 τοῦ
2536 3575 2673 3630 Θεοῦ
2705 3577 3102 3647 κατορθοῦντες
3130 3577 3214 3631 ιιι
3263 3578 3642 3649 ἐπαιρόμεθα;
3706 3579 3860 3633 Ἐπί-

2274 3680 2473 3733 στησον
2497 3662 2554 3716 δὲ
2605 3664 2662 3716 ἐν
2696 3660 2773 3733 τῷ
2807 3662 2911 3732 τῆς
2950 3663 3271 3737 παραϐολῆς
3300 3666 3471 3737 ῥητῷ,
3519 3666 3604 3721 ὅτι
3634 3667 3858 3739 πρῶτον

2273 3754 2427 3820 ἔταξε
2466 3754 2550 3818 τὸ,
2608 3753 2973 3825 ἀροτριῶντα,
3016 3752 3136 3809 sica
3192 3757 3441 3827 ἐπήγαγε
3480 3758 3563 3823 τὸ,
3623 3758 3856 3829 ποιμαί-

2274 3863 2456 3901 νοντα.
2487 3846 2713 3918 ῐῐρῶτον
2746 3847 2845 3915 μὲν
2873 3849 2982 3919 γὰρ
3006 3848 3087 3902 δεῖ
3122 3851 3325 3920 ἀρότην
3356 3847 3497 3905 εἷναί
3546 3870 3691 3915 τινα,
3734 3848 3857 3905 εἶτα

2275 3938 2371 3991 καὶ
2406 3936 2772 4007 ποιμαντικὴν
2799 3937 3233 4009 ἐγχειρισθῆναι.
3277 3942 3337 3995 Ὀ
3367 3942 3478 4014 γὰρ
3506 3943 3606 4013 τὴν
3656 3942 3856 3997 ἐαυτοῦ

2279 4030 2459 4099 σάρκα
2490 4027 2668 4090 καλῶς
2698 4027 3041 4101 ἀροτριώσας
3068 4025 3179 4084 οἷόν
3216 4048 3339 4086 τινα
3368 4033 3493 4102 γῆν,
3520 4028 3677 4097 οὗτος
3707 4034 3858 4098 aliis;

590 4133 708 4185 ἐστι
737 4133 832 4185 καὶ
865 4132 1070 4203 ποιμὴν
1101 4132 1303 4202 ἐτέρων
1332 4131 1608 4201 γενέσθαι.
1644 4132 1741 4195 ’ος
1762 4129 1872 4200 γάρ
1900 4127 1995 4183 τοῦ
2062 4126 2194 4182 ίδίου
2233 4129 2385 4181 οῐκου
2414 4126 2514 4179 οὐκ
2573 4120 2737 4190 οἶδεν,
2772 4127 2848 4190 ὡς
2875 4126 2975 4194 δεῖ,
3009 4128 3331 4200 προστῆναι,
3365 4130 3484 4193 πῶς
3525 4130 3858 4203 Ἐκκλησίας

592 4223 1015 4293 ἐπιμελήσεταις
1052 4224 1281 4292 ’Δροσον
1310 4220 1403 4277 οὖν
1444 4224 1709 4294 πρότερον
1754 4224 2001 4288 σεαυτὸν,
2056 4220 2150 4273 καὶ
2189 4219 2309 4272 τότε
2345 4220 2628 4287 ποιμανεῖς
2669 4219 2911 4290 ἐτέρους,
2982 4219 3125 4274 καθά
3187 4222 3281 4274 καὶ
3339 4221 3611 4293 Ἱερεμίας
3671 4223 3850 4293 φησί·

592 4313 849 4368 Νεώσατε
882 4314 1090 4377 ἑαυτοῖς
1120 4310 1395 4383 νεώματα,
1426 4309 1545 4367 εἶτα
1618 4316 1678 4368 τό
1699 4332 1713 4348 ·
1741 4314 2018 4372 Φωτίσατε
2070 4312 2281 4374 ἐαυτοῖς
2315 4309 2431 4375 φῶς
2493 4309 2773 4377 ννὼσεως,
2817 4311 2847 4364 δ
2904 4311 3054 4383 δηλοῖ
3076 4314 3175 4384 τῆς
3206 4315 3575 4385 ποιμαντικῆς
3628 4317 3691 4369 τὸ
3755 4333 3857 4370 xu-

593 4411 861 4483 ριὼτατον
898 4410 1084 4480 μέρος.

662 4505 821 4559 Vsus.
859 4504 1043 4558 iul—l9.
1087 4521 1106 4555 ι
1154 4502 1219 4557 Ει
1241 4501 1442 4558 factum
1465 4512 1550 4559 est
1578 4504 1703 4559 dum
1755 4505 1860 4561 iret
1898 4504 2161 4559 llieroso-

2358 4512 2376 4545 ι
2410 4496 2519 4548 Καὶ
2545 4494 2763 4564 ἐγένετο
2793 4498 2851 4549 ἐν
2878 4495 2957 4566 τῷ
2981 4496 3310 4566 πορεύεσθαι
3340 4495 3505 4549 αὐτὸν
3531 4496 3610 4560 είς
3655 4496 3857 4569 Ἰερου-

590 4593 813 4663 lymam.
849 4603 903 4648 et
934 4594 1045 4661 ipse
1086 4592 1351 4647 transibat
1378 4607 1472 4661 per
1506 4593 1735 4648 mediam
1760 4593 2067 4649 Samariam
2110 4599 2165 4644 et

591 4682 885 4736 Gaiilacam.
929 4681 1139 4734 Etcum
1166 4682 1534 4749 ingrederetur
1554 4685 1836 4750 quamdam
1861 4684 2162 4745 civitatem,

593 4780 953 4827 occurrerunt
975 4772 1023 4826 ei
1056 4773 1237 4827 decem
1265 4772 1364 4825 viri
1392 4773 1615 4842 lcprosi,
1636 4775 1725 4841 qui
1757 4782 2021 4829 steterunt
2049 4786 2166 4841 pro-

590 4866 697 4928 cul,
758 4865 1071 4933 intentaque
1123 4880 1255 4919 voce
1291 4866 1545 4921 dixerunt
1592 4881 1603 4916 :
1656 4863 1781 4919 Jesu
1840 4876 2161 4936 prazceptor,

592 4955 854 5008 miserere
880 4954 1072 5008 nostri.
1113 4954 1255 5020 Quos
1290 4966 1344 5007 ut
1374 4956 1525 5022 vidit,
1561 4955 1698 5011 dixit
1740 4956 1845 5011 illis
1878 4971 1893 5009 :
1932 4957 2029 5023 Ite,
2076 4973 2166 5011 os-

594 5045 793 5099 tendite
830 5060 925 5098 vos
979 5046 1375 5100 sacerdotibus.
1434 5045 1496 5100 Et
1541 5045 1745 5102 factum
1793 5056 1875 5102 est
1926 5057 1982 5100 ut
2026 5050 2168 5103 inter

595 5136 831 5189 eundum
857 5137 1098 5191 mundati
1137 5140 1263 5193 sint.
1294 5138 1445 5192 Unus
1480 5150 1653 5195 autem
1692 5156 1756 5195 ex
1800 5141 1906 5195 illis
1945 5149 2003 5194 ut
2033 5141 2169 5194 vidit

598 5230 740 5298 quod
777 5235 1065 5287 mundatus
1095 5241 1265 5296 esset,
1295 5247 1574 5303 regressus
1602 5243 1704 5300 est,
1733 5250 1857 5287 cum
1903 5249 2033 5288 voce
2056 5250 2170 5287 ma-

594 5336 695 5389 gna
730 5321 1036 5390 gloriﬁcans
1070 5325 1258 5389 Deum,
1307 5334 1362 5377 et
1410 5327 1640 5396 procidit
1672 5328 1725 5381 in
1759 5326 1924 5398 426
1976 5326 2168 5380 facient

594 5409 666 5463 ad
692 5411 857 5478 pedes
887 5412 1023 5480 ejus,
1053 5416 1252 5481 gratias
1280 5430 1445 5485 agens
1483 5417 1533 5472 ei
1572 5437 1585 5472 :
1618 5428 1671 5472 et
1704 5419 1792 5473 hic
1823 5428 1941 5472 erat
1965 5418 2158 5471 Sama-

595 5502 824 5558 ritanus.
858 5502 1206 5573 Respondeus
1244 5518 1424 5563 autem
1460 5507 1618 5565 Jesus
1648 5509 1818 5567 dicit:
1854 5508 2045 5565 Nonne
2071 5510 2167 5565 de-

596 5611 710 5648 ecm
737 5597 978 5650 mundali
1011 5610 1135 5650 sunt
1162 5599 1182 5651 ἲ
1221 5615 1409 5657 novem
1437 5611 1612 5659 autem
1649 5602 1724 5658 illi
1749 5602 1877 5659 ubi?
1905 5600 2020 5658 Non
2042 5612 2167 5657 sunt

670 5768 759 5823 ³⁵1
798 5774 901 5827 ('or
937 5790 1009 5842 rx,
1056 5776 1134 5829 i6.

2272 4584 2475 4655 σαλὴμ,
2504 4585 2597 4637 καὶ
2632 4585 2794 4649 αὐτὸς
2818 4585 3072 4655 διήρχετο
3095 4584 3184 4637 διὰ
3214 4585 3381 4655 μέσου
3406 4584 3724 4655 Σαμαρείας
3762 4589 3857 4641 καὶ

2272 4678 2583 4741 Γαλιλαίας.
2625 4679 2737 4732 Καὶ
2775 4678 3164 4748 εἰσερχομένου
3195 4679 3360 4731 αὐτοῦ
3390 4679 3471 4743 είς
3500 4696 3625 4732 τινα
3675 4680 3855 4745 πόλιν,

2271 4772 2601 4842 ἀπήντησαν
2647 4770 2795 4840 αὐτῷ
2844 4770 2974 4823 δέκα
3017 4769 3208 4839 λεπροὶ
3254 4770 3468 4841 ἄνδρες,
3500 4772 3561 4831 ,οἳ
3616 4772 3857 4840 ἔστησαν

2271 4863 2580 4934 πόρρωθεν,
2617 4864 2711 4916 καὶ
2736 4863 2891 4916 αὐτοὶ
2915 4857 3057 4934 ἦραν
3090 4862 3296 4933 φωνὴν,
3322 4864 3578 4932 λέγοντες
3612 4882 3627 4896 ·
3679 4863 3855 4935 Ἰησοῦ

2272 4956 2558 5022 ἐπιστάτα,
2586 4956 2811 5024 ἐλέησον
2843 4958 3011 5027 ἡμᾶς.
3036 4958 3147 5010 Καὶ
3181 4956 3305 5010 ἰδὼν
3329 4954 3483 5011 εἶπεν
3512 4958 3724 5021 αὐτοῖς’
3752 4960 3858 5013 Πο-

2272 5047 2560 5117 ρευθέντες
2599 5049 2909 5115 ἐπιδείξατε
2934 5050 3166 5114 ἑαυτοὺς
3193 5052 3306 5113 τοῖς
3339 5052 3563 5120 ἱερεῦσι.
3600 5052 3715 5107 Καὶ
3737 5052 3860 5120 ἐγέ-

2268 5156 2390 5191 νετο
2413 5140 2471 5191 ἐν
2515 5140 2594 5213 τῷ
2636 5141 2870 5208 ὑπάγειν
2897 5142 3115 5209 αὐτοὺς,
3148 5141 3615 5214 ἐκαθαρίσθησαν.
3653 5138 3747 5209 Εἷς
3797 5146 3857 5199 δὲ

2271 5231 2329 5295 ἐξ
2362 5233 2539 5286 αὐτῶν
2594 5232 2719 5286 ίδὼν
2766 5234 2845 5287 ὅτι
2900 5234 3047 5305 ίάθη,
3090 5234 3423 5304 ὑπέστρεψε,
3468 5238 3607 5306 μετά
3666 5238 3855 5306 φωνῆς

2278 5326 2521 5397 μεγάλης
2546 5324 2783 5390 δοξάζων
2809 5328 2901 5381 τὸν
2934 5329 3087 5393 Θεὸν,
3124 5328 3219 5381 καὶ
3247 5328 3444 5381 ἔπεσεν
3506 5329 3601 5383 ἐπὶ
3638 5332 3855 5401 πρόσω-

2273 5433 2374 5470 πον
2402 5420 2550 5488 παρὰ
2578 5421 2705 5482 τοὺς
2732 5422 2896 5484 πόδας
2927 5422 3118 5485 αὑτοῦ,
3145 5422 3486 5493 εὐχαριστῶν
3545 5421 3719 5493 αὐτῷ·
3761 5422 3853 5475 καὶ

2268 5510 2430 5572 αὐτὸς
2495 5508 2563 5580 ἦν
2621 5512 2993 5583 Σαμαρείτης.
3062 5512 3410 5585 Ἀποκριθεὶς
3456 5512 3513 5567 δέ
3572 5515 3600 5567 ὁ
3644 5512 3853 5584 Ἰησοῦς

2271 5599 2424 5657 εἶπεν
2455 5619 2467 5632 ·
2493 5602 2636 5674 Οὺχῖ
2652 5606 2699 5657 oi
2730 5604 2857 5659 δέκα
2878 5605 3352 5679 ἐκαθαρίσθησανς
3373 5606 3496 5661 οῑδὲ
3523 5607 3683 5662 ἐννέα
3713 5605 3850 5674 ποῦ,
